|j|☆yourwelcomethank
|j|☆Glidinganteater
|t:|1621719780
|gametype|singles
|player|p1|yourwelcomethank|hiker-gen4|1413
|player|p2|Glidinganteater|palmer|1463
|teamsize|p1|6
|teamsize|p2|6
|gen|8
|tier|[Gen 8] RU
|rated|
|rule|Sleep Clause Mod: Limit one foe put to sleep
|rule|Species Clause: Limit one of each Pokémon
|rule|OHKO Clause: OHKO moves are banned
|rule|Evasion Moves Clause: Evasion moves are banned
|rule|Endless Battle Clause: Forcing endless battles is banned
|rule|HP Percentage Mod: HP is shown in percentages
|rule|Dynamax Clause: You cannot dynamax
|clearpoke
|poke|p1|Gigalith, F|
|poke|p1|Lycanroc, F|
|poke|p1|Talonflame, F|
|poke|p1|Sylveon, M|
|poke|p1|Flygon, M|
|poke|p1|Doublade, F|
|poke|p2|Noivern, M|
|poke|p2|Seismitoad, M|
|poke|p2|Dhelmise|
|poke|p2|Diancie|
|poke|p2|Ditto|
|poke|p2|Raikou|
|teampreview
|
|t:|1621719800
|start
|switch|p1a: Gigalith|Gigalith, F|100/100
|switch|p2a: Seismitoad|Seismitoad, M|100/100
|-weather|Sandstorm|[from] ability: Sand Stream|[of] p1a: Gigalith
|turn|1
|
|t:|1621719803
|move|p2a: Seismitoad|Knock Off|p1a: Gigalith
|-damage|p1a: Gigalith|86/100
|-enditem|p1a: Gigalith|Smooth Rock|[from] move: Knock Off|[of] p2a: Seismitoad
|move|p1a: Gigalith|Stealth Rock|p2a: Seismitoad
|-sidestart|p2: Glidinganteater|move: Stealth Rock
|
|-weather|Sandstorm|[upkeep]
|upkeep
|turn|2
|
|t:|1621719825
|switch|p1a: Doublade|Doublade, F|100/100
|move|p2a: Seismitoad|Stealth Rock|p1a: Doublade
|-sidestart|p1: yourwelcomethank|move: Stealth Rock
|
|-weather|Sandstorm|[upkeep]
|upkeep
|turn|3
|
|t:|1621719827
|move|p2a: Seismitoad|Knock Off|p1a: Doublade
|-supereffective|p1a: Doublade
|-damage|p1a: Doublade|80/100
|-enditem|p1a: Doublade|Eviolite|[from] move: Knock Off|[of] p2a: Seismitoad
|move|p1a: Doublade|Toxic|p2a: Seismitoad
|-status|p2a: Seismitoad|tox
|
|-weather|Sandstorm|[upkeep]
|-damage|p2a: Seismitoad|94/100 tox|[from] psn
|upkeep
|turn|4
|
|t:|1621719836
|switch|p2a: Noivern|Noivern, M|100/100
|switch|p1a: Flygon|Flygon, M|100/100
|-damage|p1a: Flygon|94/100|[from] Stealth Rock
|
|-weather|Sandstorm|[upkeep]
|-damage|p2a: Noivern|94/100|[from] Sandstorm
|-heal|p1a: Flygon|100/100|[from] item: Leftovers
|upkeep
|turn|5
|
|t:|1621719844
|switch|p1a: Gigalith|Gigalith, F|86/100
|-damage|p1a: Gigalith|73/100|[from] Stealth Rock
|move|p2a: Noivern|U-turn|p1a: Gigalith
|-damage|p1a: Gigalith|66/100
|
|t:|1621719849
|switch|p2a: Dhelmise|Dhelmise|100/100|[from]move: U-turn
|
|-weather|Sandstorm|[upkeep]
|-damage|p2a: Dhelmise|94/100|[from] Sandstorm
|upkeep
|turn|6
|
|t:|1621719878
|switch|p2a: Noivern|Noivern, M|94/100
|switch|p1a: Doublade|Doublade, F|80/100
|-damage|p1a: Doublade|74/100|[from] Stealth Rock
|
|-weather|Sandstorm|[upkeep]
|-damage|p2a: Noivern|88/100|[from] Sandstorm
|upkeep
|turn|7
|
|t:|1621719887
|move|p2a: Noivern|Flamethrower|p1a: Doublade
|-supereffective|p1a: Doublade
|-damage|p1a: Doublade|0 fnt
|faint|p1a: Doublade
|
|-weather|Sandstorm|[upkeep]
|-damage|p2a: Noivern|82/100|[from] Sandstorm
|upkeep
|
|t:|1621719892
|switch|p1a: Lycanroc|Lycanroc, F|100/100
|-damage|p1a: Lycanroc|88/100|[from] Stealth Rock
|turn|8
|
|t:|1621719900
|switch|p2a: Seismitoad|Seismitoad, M|94/100 tox
|-damage|p2a: Seismitoad|88/100 tox|[from] Stealth Rock
|move|p1a: Lycanroc|Close Combat|p2a: Seismitoad
|-damage|p2a: Seismitoad|51/100 tox
|-unboost|p1a: Lycanroc|def|1
|-unboost|p1a: Lycanroc|spd|1
|-damage|p1a: Lycanroc|78/100|[from] item: Life Orb
|
|-weather|none
|-heal|p2a: Seismitoad|57/100 tox|[from] item: Leftovers
|-damage|p2a: Seismitoad|51/100 tox|[from] psn
|upkeep
|turn|9
|
|t:|1621719913
|switch|p1a: Talonflame|Talonflame, F|100/100
|move|p2a: Seismitoad|Toxic|p1a: Talonflame
|-status|p1a: Talonflame|tox
|
|-heal|p2a: Seismitoad|57/100 tox|[from] item: Leftovers
|-damage|p1a: Talonflame|95/100 tox|[from] psn
|-damage|p2a: Seismitoad|45/100 tox|[from] psn
|upkeep
|turn|10
|
|t:|1621719921
|switch|p2a: Diancie|Diancie|100/100
|-damage|p2a: Diancie|88/100|[from] Stealth Rock
|move|p1a: Talonflame|U-turn|p2a: Diancie
|-resisted|p2a: Diancie
|-damage|p2a: Diancie|83/100
|
|t:|1621719925
|switch|p1a: Lycanroc|Lycanroc, F|78/100|[from]move: U-turn
|-damage|p1a: Lycanroc|66/100|[from] Stealth Rock
|
|-heal|p2a: Diancie|89/100|[from] item: Leftovers
|upkeep
|turn|11
|
|t:|1621719936
|switch|p2a: Seismitoad|Seismitoad, M|45/100 tox
|-damage|p2a: Seismitoad|39/100 tox|[from] Stealth Rock
|move|p1a: Lycanroc|Stone Edge|p2a: Seismitoad
|-resisted|p2a: Seismitoad
|-damage|p2a: Seismitoad|14/100 tox
|-damage|p1a: Lycanroc|56/100|[from] item: Life Orb
|
|-heal|p2a: Seismitoad|20/100 tox|[from] item: Leftovers
|-damage|p2a: Seismitoad|14/100 tox|[from] psn
|upkeep
|turn|12
|j| VittorADS
|
|t:|1621719959
|move|p1a: Lycanroc|Crunch|p2a: Seismitoad
|-damage|p2a: Seismitoad|0 fnt
|faint|p2a: Seismitoad
|-damage|p1a: Lycanroc|46/100|[from] item: Life Orb
|
|upkeep
|
|t:|1621719965
|switch|p2a: Dhelmise|Dhelmise|94/100
|turn|13
|l| VittorADS
|
|t:|1621719970
|move|p1a: Lycanroc|Crunch|p2a: Dhelmise
|-supereffective|p2a: Dhelmise
|-damage|p2a: Dhelmise|16/100
|-damage|p1a: Lycanroc|36/100|[from] item: Life Orb
|move|p2a: Dhelmise|Rapid Spin|p1a: Lycanroc
|-resisted|p1a: Lycanroc
|-damage|p1a: Lycanroc|21/100
|-boost|p2a: Dhelmise|spe|1
|-sideend|p2: Glidinganteater|Stealth Rock|[from] move: Rapid Spin|[of] p2a: Dhelmise
|
|upkeep
|turn|14
|
|t:|1621719994
|move|p1a: Lycanroc|Stone Edge|p2a: Dhelmise
|-damage|p2a: Dhelmise|0 fnt
|faint|p2a: Dhelmise
|-damage|p1a: Lycanroc|11/100|[from] item: Life Orb
|
|upkeep
|
|t:|1621719997
|switch|p2a: Noivern|Noivern, M|82/100
|turn|15
|
|t:|1621720024
|switch|p1a: Talonflame|Talonflame, F|95/100 tox
|move|p2a: Noivern|Flamethrower|p1a: Talonflame
|-resisted|p1a: Talonflame
|-damage|p1a: Talonflame|77/100 tox
|
|-damage|p1a: Talonflame|71/100 tox|[from] psn
|upkeep
|turn|16
|
|t:|1621720031
|switch|p1a: Sylveon|Sylveon, M|100/100
|-damage|p1a: Sylveon|88/100|[from] Stealth Rock
|move|p2a: Noivern|U-turn|p1a: Sylveon
|-resisted|p1a: Sylveon
|-damage|p1a: Sylveon|83/100
|
|t:|1621720036
|switch|p2a: Diancie|Diancie|89/100|[from]move: U-turn
|
|-heal|p1a: Sylveon|90/100|[from] item: Leftovers
|-heal|p2a: Diancie|95/100|[from] item: Leftovers
|upkeep
|turn|17
|
|t:|1621720047
|switch|p1a: Flygon|Flygon, M|100/100
|-damage|p1a: Flygon|94/100|[from] Stealth Rock
|move|p2a: Diancie|Diamond Storm|p1a: Flygon
|-resisted|p1a: Flygon
|-damage|p1a: Flygon|76/100
|
|-heal|p1a: Flygon|82/100|[from] item: Leftovers
|-heal|p2a: Diancie|100/100|[from] item: Leftovers
|upkeep
|turn|18
|
|t:|1621720053
|switch|p2a: Ditto|Ditto, shiny|100/100
|-transform|p2a: Ditto|p1a: Flygon|[from] ability: Imposter
|move|p1a: Flygon|Toxic|p2a: Ditto
|-status|p2a: Ditto|tox
|
|-heal|p1a: Flygon|88/100|[from] item: Leftovers
|-damage|p2a: Ditto|94/100 tox|[from] psn
|upkeep
|turn|19
|
|t:|1621720066
|switch|p2a: Raikou|Raikou|100/100
|-ability|p2a: Raikou|Pressure
|switch|p1a: Talonflame|Talonflame, F|71/100 tox
|
|-damage|p1a: Talonflame|65/100 tox|[from] psn
|upkeep
|turn|20
|
|t:|1621720074
|switch|p1a: Flygon|Flygon, M|88/100
|-damage|p1a: Flygon|82/100|[from] Stealth Rock
|move|p2a: Raikou|Scald|p1a: Flygon
|-damage|p1a: Flygon|56/100
|-status|p1a: Flygon|brn
|
|-heal|p1a: Flygon|62/100 brn|[from] item: Leftovers
|-damage|p1a: Flygon|56/100 brn|[from] brn
|upkeep
|turn|21
|
|t:|1621720083
|switch|p2a: Noivern|Noivern, M|82/100
|move|p1a: Flygon|Defog|p2a: Noivern
|-unboost|p2a: Noivern|evasion|1
|-sideend|p1: yourwelcomethank|Stealth Rock|[from] move: Defog|[of] p1a: Flygon
|
|-heal|p1a: Flygon|62/100 brn|[from] item: Leftovers
|-damage|p1a: Flygon|56/100 brn|[from] brn
|upkeep
|turn|22
|
|t:|1621720092
|switch|p1a: Gigalith|Gigalith, F|66/100
|-weather|Sandstorm|[from] ability: Sand Stream|[of] p1a: Gigalith
|move|p2a: Noivern|U-turn|p1a: Gigalith
|-crit|p1a: Gigalith
|-damage|p1a: Gigalith|53/100
|
|t:|1621720100
|switch|p2a: Ditto|Ditto, shiny|94/100 tox|[from]move: U-turn
|-transform|p2a: Ditto|p1a: Gigalith|[from] ability: Imposter
|
|-weather|Sandstorm|[upkeep]
|-damage|p2a: Ditto|88/100 tox|[from] psn
|upkeep
|turn|23
|
|t:|1621720169
|switch|p1a: Flygon|Flygon, M|56/100 brn
|move|p2a: Ditto|Superpower|p1a: Flygon
|-damage|p1a: Flygon|15/100 brn
|-unboost|p2a: Ditto|atk|1
|-unboost|p2a: Ditto|def|1
|
|-weather|Sandstorm|[upkeep]
|-heal|p1a: Flygon|21/100 brn|[from] item: Leftovers
|-damage|p2a: Ditto|76/100 tox|[from] psn
|-damage|p1a: Flygon|15/100 brn|[from] brn
|upkeep
|turn|24
|
|t:|1621720185
|switch|p2a: Diancie|Diancie|100/100
|move|p1a: Flygon|Roost|p1a: Flygon
|-heal|p1a: Flygon|65/100 brn
|-singleturn|p1a: Flygon|move: Roost
|
|-weather|Sandstorm|[upkeep]
|-heal|p1a: Flygon|71/100 brn|[from] item: Leftovers
|-damage|p1a: Flygon|65/100 brn|[from] brn
|upkeep
|turn|25
|
|t:|1621720189
|move|p1a: Flygon|Toxic|p2a: Diancie
|-status|p2a: Diancie|tox
|move|p2a: Diancie|Diamond Storm|p1a: Flygon
|-resisted|p1a: Flygon
|-damage|p1a: Flygon|45/100 brn
|-boost|p2a: Diancie|def|2
|
|-weather|Sandstorm|[upkeep]
|-heal|p1a: Flygon|51/100 brn|[from] item: Leftovers
|-damage|p2a: Diancie|94/100 tox|[from] psn
|-damage|p1a: Flygon|45/100 brn|[from] brn
|upkeep
|turn|26
|
|t:|1621720194
|move|p1a: Flygon|Roost|p1a: Flygon
|-heal|p1a: Flygon|95/100 brn
|-singleturn|p1a: Flygon|move: Roost
|move|p2a: Diancie|Heal Bell|p2a: Diancie
|-activate|p2a: Diancie|move: Heal Bell
|-curestatus|p2a: Diancie|tox|[msg]
|-curestatus|p2: Ditto|tox|[msg]
|
|-weather|none
|-heal|p1a: Flygon|100/100 brn|[from] item: Leftovers
|-heal|p2a: Diancie|100/100|[from] item: Leftovers
|-damage|p1a: Flygon|94/100 brn|[from] brn
|upkeep
|turn|27
|
|t:|1621720198
|move|p1a: Flygon|Toxic|p2a: Diancie
|-status|p2a: Diancie|tox
|move|p2a: Diancie|Diamond Storm|p1a: Flygon
|-resisted|p1a: Flygon
|-crit|p1a: Flygon
|-damage|p1a: Flygon|63/100 brn
|-boost|p2a: Diancie|def|2
|
|-heal|p1a: Flygon|69/100 brn|[from] item: Leftovers
|-damage|p2a: Diancie|94/100 tox|[from] psn
|-damage|p1a: Flygon|63/100 brn|[from] brn
|upkeep
|turn|28
|
|t:|1621720208
|move|p1a: Flygon|Roost|p1a: Flygon
|-heal|p1a: Flygon|100/100 brn
|-singleturn|p1a: Flygon|move: Roost
|move|p2a: Diancie|Heal Bell|p2a: Diancie
|-activate|p2a: Diancie|move: Heal Bell
|-curestatus|p2a: Diancie|tox|[msg]
|
|-heal|p2a: Diancie|100/100|[from] item: Leftovers
|-damage|p1a: Flygon|94/100 brn|[from] brn
|upkeep
|turn|29
|
|t:|1621720210
|move|p1a: Flygon|Toxic|p2a: Diancie|[miss]
|-miss|p1a: Flygon|p2a: Diancie
|move|p2a: Diancie|Body Press|p1a: Flygon
|-damage|p1a: Flygon|5/100 brn
|
|-heal|p1a: Flygon|11/100 brn|[from] item: Leftovers
|-damage|p1a: Flygon|5/100 brn|[from] brn
|upkeep
|turn|30
|
|t:|1621720222
|switch|p1a: Sylveon|Sylveon, M|90/100
|move|p2a: Diancie|Body Press|p1a: Sylveon
|-resisted|p1a: Sylveon
|-damage|p1a: Sylveon|59/100
|
|-heal|p1a: Sylveon|65/100|[from] item: Leftovers
|upkeep
|turn|31
|
|t:|1621720235
|move|p1a: Sylveon|Wish|p1a: Sylveon
|move|p2a: Diancie|Diamond Storm|p1a: Sylveon
|-damage|p1a: Sylveon|38/100
|
|-heal|p1a: Sylveon|44/100|[from] item: Leftovers
|upkeep
|turn|32
|
|t:|1621720251
|move|p1a: Sylveon|Heal Bell|p1a: Sylveon
|-activate|p1a: Sylveon|move: Heal Bell
|-curestatus|p1: Talonflame|tox|[msg]
|-curestatus|p1: Flygon|brn|[msg]
|move|p2a: Diancie|Diamond Storm|p1a: Sylveon
|-damage|p1a: Sylveon|15/100
|
|-heal|p1a: Sylveon|65/100|[from] move: Wish|[wisher] Sylveon
|-heal|p1a: Sylveon|71/100|[from] item: Leftovers
|upkeep
|turn|33
|
|t:|1621720261
|move|p1a: Sylveon|Wish|p1a: Sylveon
|move|p2a: Diancie|Toxic|p1a: Sylveon
|-status|p1a: Sylveon|tox
|
|-heal|p1a: Sylveon|77/100 tox|[from] item: Leftovers
|-damage|p1a: Sylveon|71/100 tox|[from] psn
|upkeep
|turn|34
|
|t:|1621720269
|move|p1a: Sylveon|Hyper Voice|p2a: Diancie
|-damage|p2a: Diancie|75/100
|move|p2a: Diancie|Diamond Storm|p1a: Sylveon
|-damage|p1a: Sylveon|44/100 tox
|
|-heal|p1a: Sylveon|94/100 tox|[from] move: Wish|[wisher] Sylveon
|-heal|p1a: Sylveon|99/100 tox|[from] item: Leftovers
|-heal|p2a: Diancie|82/100|[from] item: Leftovers
|-damage|p1a: Sylveon|88/100 tox|[from] psn
|upkeep
|turn|35
|
|t:|1621720295
|move|p1a: Sylveon|Heal Bell|p1a: Sylveon
|-activate|p1a: Sylveon|move: Heal Bell
|-curestatus|p1a: Sylveon|tox|[msg]
|move|p2a: Diancie|Diamond Storm|p1a: Sylveon
|-damage|p1a: Sylveon|62/100
|
|-heal|p1a: Sylveon|68/100|[from] item: Leftovers
|-heal|p2a: Diancie|88/100|[from] item: Leftovers
|upkeep
|turn|36
|c|☆Glidinganteater|I wish diamond storm had more pp
|
|t:|1621720305
|move|p1a: Sylveon|Hyper Voice|p2a: Diancie
|-damage|p2a: Diancie|61/100
|move|p2a: Diancie|Toxic|p1a: Sylveon
|-status|p1a: Sylveon|tox
|
|-heal|p1a: Sylveon|74/100 tox|[from] item: Leftovers
|-heal|p2a: Diancie|67/100|[from] item: Leftovers
|-damage|p1a: Sylveon|68/100 tox|[from] psn
|upkeep
|turn|37
|c|☆yourwelcomethank|you could run gastro on that team with knock off dhelmise
|
|t:|1621720335
|move|p1a: Sylveon|Wish|p1a: Sylveon
|move|p2a: Diancie|Body Press|p1a: Sylveon
|-resisted|p1a: Sylveon
|-damage|p1a: Sylveon|33/100 tox
|
|-heal|p1a: Sylveon|40/100 tox|[from] item: Leftovers
|-heal|p2a: Diancie|74/100|[from] item: Leftovers
|-damage|p1a: Sylveon|27/100 tox|[from] psn
|upkeep
|turn|38
|c|☆Glidinganteater|But then I wouldn’t be able to fit rocks on cuz I think heal bell is probably better for diance
|
|t:|1621720384
|move|p1a: Sylveon|Protect|p1a: Sylveon
|-singleturn|p1a: Sylveon|Protect
|move|p2a: Diancie|Body Press|p1a: Sylveon
|-activate|p1a: Sylveon|move: Protect
|
|-heal|p1a: Sylveon|77/100 tox|[from] move: Wish|[wisher] Sylveon
|-heal|p1a: Sylveon|83/100 tox|[from] item: Leftovers
|-heal|p2a: Diancie|80/100|[from] item: Leftovers
|-damage|p1a: Sylveon|65/100 tox|[from] psn
|upkeep
|turn|39
|c|☆yourwelcomethank|you can go no toxic
|c|☆yourwelcomethank|since you have raikou for toge
|c|☆Glidinganteater|O yea true
|c|☆yourwelcomethank|just a suggestion
|
|t:|1621720414
|switch|p1a: Talonflame|Talonflame, F|65/100
|move|p2a: Diancie|Body Press|p1a: Talonflame
|-resisted|p1a: Talonflame
|-damage|p1a: Talonflame|28/100
|-status|p2a: Diancie|brn|[from] ability: Flame Body|[of] p1a: Talonflame
|
|-heal|p2a: Diancie|86/100 brn|[from] item: Leftovers
|-damage|p2a: Diancie|80/100 brn|[from] brn
|upkeep
|turn|40
|c|☆Glidinganteater|It would probably be better cuz of recover
|c|☆yourwelcomethank|yes
|
|t:|1621720432
|move|p1a: Talonflame|Roost|p1a: Talonflame
|-heal|p1a: Talonflame|78/100
|-singleturn|p1a: Talonflame|move: Roost
|move|p2a: Diancie|Heal Bell|p2a: Diancie
|-activate|p2a: Diancie|move: Heal Bell
|-curestatus|p2a: Diancie|brn|[msg]
|
|-heal|p2a: Diancie|86/100|[from] item: Leftovers
|upkeep
|turn|41
|
|t:|1621720455
|move|p1a: Talonflame|U-turn|p2a: Diancie
|-resisted|p2a: Diancie
|-damage|p2a: Diancie|84/100
|
|t:|1621720456
|switch|p1a: Lycanroc|Lycanroc, F|11/100|[from]move: U-turn
|move|p2a: Diancie|Diamond Storm|p1a: Lycanroc
|-damage|p1a: Lycanroc|0 fnt
|faint|p1a: Lycanroc
|
|-heal|p2a: Diancie|91/100|[from] item: Leftovers
|upkeep
|
|t:|1621720466
|switch|p1a: Talonflame|Talonflame, F|78/100
|turn|42
|
|t:|1621720468
|move|p1a: Talonflame|Will-O-Wisp|p2a: Diancie
|-status|p2a: Diancie|brn
|move|p2a: Diancie|Toxic|p1a: Talonflame
|-status|p1a: Talonflame|tox
|
|-heal|p2a: Diancie|97/100 brn|[from] item: Leftovers
|-damage|p1a: Talonflame|72/100 tox|[from] psn
|-damage|p2a: Diancie|91/100 brn|[from] brn
|upkeep
|turn|43
|c|☆yourwelcomethank|now its time to wall diancie with flying types
|
|t:|1621720480
|move|p1a: Talonflame|U-turn|p2a: Diancie
|-resisted|p2a: Diancie
|-damage|p2a: Diancie|89/100 brn
|
|t:|1621720482
|switch|p1a: Sylveon|Sylveon, M|65/100 tox|[from]move: U-turn
|move|p2a: Diancie|Body Press|p1a: Sylveon
|-resisted|p1a: Sylveon
|-damage|p1a: Sylveon|49/100 tox
|
|-heal|p1a: Sylveon|55/100 tox|[from] item: Leftovers
|-heal|p2a: Diancie|95/100 brn|[from] item: Leftovers
|-damage|p1a: Sylveon|49/100 tox|[from] psn
|-damage|p2a: Diancie|89/100 brn|[from] brn
|upkeep
|turn|44
|c|☆Glidinganteater|Lol
|
|t:|1621720494
|move|p1a: Sylveon|Heal Bell|p1a: Sylveon
|-activate|p1a: Sylveon|move: Heal Bell
|-curestatus|p1a: Sylveon|tox|[msg]
|-curestatus|p1: Talonflame|tox|[msg]
|move|p2a: Diancie|Heal Bell|p2a: Diancie
|-activate|p2a: Diancie|move: Heal Bell
|-curestatus|p2a: Diancie|brn|[msg]
|
|-heal|p1a: Sylveon|55/100|[from] item: Leftovers
|-heal|p2a: Diancie|95/100|[from] item: Leftovers
|upkeep
|turn|45
|
|t:|1621720501
|move|p1a: Sylveon|Protect|p1a: Sylveon
|-singleturn|p1a: Sylveon|Protect
|move|p2a: Diancie|Body Press|p1a: Sylveon
|-activate|p1a: Sylveon|move: Protect
|
|-heal|p1a: Sylveon|61/100|[from] item: Leftovers
|-heal|p2a: Diancie|100/100|[from] item: Leftovers
|upkeep
|turn|46
|
|t:|1621720510
|move|p1a: Sylveon|Wish|p1a: Sylveon
|move|p2a: Diancie|Body Press|p1a: Sylveon
|-resisted|p1a: Sylveon
|-damage|p1a: Sylveon|28/100
|
|-heal|p1a: Sylveon|34/100|[from] item: Leftovers
|upkeep
|turn|47
|
|t:|1621720518
|move|p1a: Sylveon|Protect|p1a: Sylveon
|-singleturn|p1a: Sylveon|Protect
|move|p2a: Diancie|Toxic|p1a: Sylveon
|-activate|p1a: Sylveon|move: Protect
|
|-heal|p1a: Sylveon|84/100|[from] move: Wish|[wisher] Sylveon
|-heal|p1a: Sylveon|90/100|[from] item: Leftovers
|upkeep
|turn|48
|j| MeMeBigBooi
|inactive|Battle timer is ON: inactive players will automatically lose when time's up. (requested by Glidinganteater)
|
|t:|1621720557
|switch|p1a: Talonflame|Talonflame, F|72/100
|move|p2a: Diancie|Toxic|p1a: Talonflame
|-status|p1a: Talonflame|tox
|
|-damage|p1a: Talonflame|66/100 tox|[from] psn
|upkeep
|turn|49
|inactiveoff|Battle timer is now OFF.
|
|t:|1621720582
|move|p1a: Talonflame|Will-O-Wisp|p2a: Diancie
|-status|p2a: Diancie|brn
|move|p2a: Diancie|Body Press|p1a: Talonflame
|-resisted|p1a: Talonflame
|-damage|p1a: Talonflame|47/100 tox
|
|-damage|p1a: Talonflame|35/100 tox|[from] psn
|-damage|p2a: Diancie|94/100 brn|[from] brn
|upkeep
|turn|50
|l| MeMeBigBooi
|
|t:|1621720600
|move|p1a: Talonflame|U-turn|p2a: Diancie
|-resisted|p2a: Diancie
|-damage|p2a: Diancie|92/100 brn
|
|t:|1621720606
|switch|p1a: Sylveon|Sylveon, M|90/100|[from]move: U-turn
|move|p2a: Diancie|Toxic|p1a: Sylveon
|-status|p1a: Sylveon|tox
|
|-heal|p1a: Sylveon|96/100 tox|[from] item: Leftovers
|-heal|p2a: Diancie|99/100 brn|[from] item: Leftovers
|-damage|p1a: Sylveon|90/100 tox|[from] psn
|-damage|p2a: Diancie|92/100 brn|[from] brn
|upkeep
|turn|51
|
|t:|1621720617
|move|p1a: Sylveon|Heal Bell|p1a: Sylveon
|-activate|p1a: Sylveon|move: Heal Bell
|-curestatus|p1a: Sylveon|tox|[msg]
|-curestatus|p1: Talonflame|tox|[msg]
|move|p2a: Diancie|Heal Bell|p2a: Diancie
|-activate|p2a: Diancie|move: Heal Bell
|-curestatus|p2a: Diancie|brn|[msg]
|
|-heal|p1a: Sylveon|96/100|[from] item: Leftovers
|-heal|p2a: Diancie|99/100|[from] item: Leftovers
|upkeep
|turn|52
|
|t:|1621720631
|move|p1a: Sylveon|Protect|p1a: Sylveon
|-singleturn|p1a: Sylveon|Protect
|move|p2a: Diancie|Toxic|p1a: Sylveon
|-activate|p1a: Sylveon|move: Protect
|
|-heal|p1a: Sylveon|100/100|[from] item: Leftovers
|-heal|p2a: Diancie|100/100|[from] item: Leftovers
|upkeep
|turn|53
|
|t:|1621720637
|switch|p1a: Talonflame|Talonflame, F|35/100
|move|p2a: Diancie|Toxic|p1a: Talonflame
|-status|p1a: Talonflame|tox
|
|-damage|p1a: Talonflame|29/100 tox|[from] psn
|upkeep
|turn|54
|
|t:|1621720642
|move|p1a: Talonflame|Will-O-Wisp|p2a: Diancie
|-status|p2a: Diancie|brn
|move|p2a: Diancie|Body Press|p1a: Talonflame
|-resisted|p1a: Talonflame
|-damage|p1a: Talonflame|8/100 tox
|
|-damage|p1a: Talonflame|0 fnt|[from] psn
|faint|p1a: Talonflame
|-damage|p2a: Diancie|94/100 brn|[from] brn
|upkeep
|c|☆yourwelcomethank|oops
|
|t:|1621720652
|switch|p1a: Sylveon|Sylveon, M|100/100
|turn|55
|c|☆Glidinganteater|Oof
|
|t:|1621720668
|move|p1a: Sylveon|Hyper Voice|p2a: Diancie
|-damage|p2a: Diancie|68/100 brn
|move|p2a: Diancie|Toxic|p1a: Sylveon
|-status|p1a: Sylveon|tox
|
|-heal|p2a: Diancie|75/100 brn|[from] item: Leftovers
|-damage|p1a: Sylveon|94/100 tox|[from] psn
|-damage|p2a: Diancie|68/100 brn|[from] brn
|upkeep
|turn|56
|
|t:|1621720687
|move|p1a: Sylveon|Hyper Voice|p2a: Diancie
|-damage|p2a: Diancie|44/100 brn
|move|p2a: Diancie|Heal Bell|p2a: Diancie
|-activate|p2a: Diancie|move: Heal Bell
|-curestatus|p2a: Diancie|brn|[msg]
|
|-heal|p1a: Sylveon|100/100 tox|[from] item: Leftovers
|-heal|p2a: Diancie|50/100|[from] item: Leftovers
|-damage|p1a: Sylveon|88/100 tox|[from] psn
|upkeep
|turn|57
|
|t:|1621720692
|move|p1a: Sylveon|Wish|p1a: Sylveon
|move|p2a: Diancie|Body Press|p1a: Sylveon
|-resisted|p1a: Sylveon
|-damage|p1a: Sylveon|55/100 tox
|
|-heal|p1a: Sylveon|61/100 tox|[from] item: Leftovers
|-heal|p2a: Diancie|56/100|[from] item: Leftovers
|-damage|p1a: Sylveon|42/100 tox|[from] psn
|upkeep
|turn|58
|
|t:|1621720700
|move|p1a: Sylveon|Heal Bell|p1a: Sylveon
|-activate|p1a: Sylveon|move: Heal Bell
|-curestatus|p1a: Sylveon|tox|[msg]
|move|p2a: Diancie|Toxic|p1a: Sylveon
|-status|p1a: Sylveon|tox
|
|-heal|p1a: Sylveon|92/100 tox|[from] move: Wish|[wisher] Sylveon
|-heal|p1a: Sylveon|98/100 tox|[from] item: Leftovers
|-heal|p2a: Diancie|62/100|[from] item: Leftovers
|-damage|p1a: Sylveon|92/100 tox|[from] psn
|upkeep
|turn|59
|
|t:|1621720710
|move|p1a: Sylveon|Wish|p1a: Sylveon
|move|p2a: Diancie|Body Press|p1a: Sylveon
|-resisted|p1a: Sylveon
|-damage|p1a: Sylveon|63/100 tox
|
|-heal|p1a: Sylveon|69/100 tox|[from] item: Leftovers
|-heal|p2a: Diancie|69/100|[from] item: Leftovers
|-damage|p1a: Sylveon|57/100 tox|[from] psn
|upkeep
|turn|60
|
|t:|1621720719
|move|p1a: Sylveon|Heal Bell|p1a: Sylveon
|-activate|p1a: Sylveon|move: Heal Bell
|-curestatus|p1a: Sylveon|tox|[msg]
|move|p2a: Diancie|Toxic|p1a: Sylveon
|-status|p1a: Sylveon|tox
|
|-heal|p1a: Sylveon|100/100 tox|[from] move: Wish|[wisher] Sylveon
|-heal|p2a: Diancie|75/100|[from] item: Leftovers
|-damage|p1a: Sylveon|94/100 tox|[from] psn
|upkeep
|turn|61
|
|t:|1621720726
|move|p1a: Sylveon|Wish|p1a: Sylveon
|move|p2a: Diancie|Toxic|p1a: Sylveon
|-fail|p1a: Sylveon|tox
|
|-heal|p1a: Sylveon|100/100 tox|[from] item: Leftovers
|-heal|p2a: Diancie|81/100|[from] item: Leftovers
|-damage|p1a: Sylveon|88/100 tox|[from] psn
|upkeep
|turn|62
|
|t:|1621720742
|move|p1a: Sylveon|Hyper Voice|p2a: Diancie
|-damage|p2a: Diancie|56/100
|move|p2a: Diancie|Body Press|p1a: Sylveon
|-resisted|p1a: Sylveon
|-damage|p1a: Sylveon|56/100 tox
|
|-heal|p1a: Sylveon|100/100 tox|[from] move: Wish|[wisher] Sylveon
|-heal|p2a: Diancie|63/100|[from] item: Leftovers
|-damage|p1a: Sylveon|82/100 tox|[from] psn
|upkeep
|turn|63
|
|t:|1621720750
|move|p1a: Sylveon|Heal Bell|p1a: Sylveon
|-activate|p1a: Sylveon|move: Heal Bell
|-curestatus|p1a: Sylveon|tox|[msg]
|move|p2a: Diancie|Body Press|p1a: Sylveon
|-resisted|p1a: Sylveon
|-damage|p1a: Sylveon|49/100
|
|-heal|p1a: Sylveon|56/100|[from] item: Leftovers
|-heal|p2a: Diancie|69/100|[from] item: Leftovers
|upkeep
|turn|64
|
|t:|1621720762
|switch|p1a: Gigalith|Gigalith, F|53/100
|-weather|Sandstorm|[from] ability: Sand Stream|[of] p1a: Gigalith
|move|p2a: Diancie|Toxic|p1a: Gigalith
|-status|p1a: Gigalith|tox
|
|-weather|Sandstorm|[upkeep]
|-heal|p2a: Diancie|75/100|[from] item: Leftovers
|-damage|p1a: Gigalith|47/100 tox|[from] psn
|upkeep
|turn|65
|
|t:|1621720769
|switch|p1a: Flygon|Flygon, M|5/100
|move|p2a: Diancie|Body Press|p1a: Flygon
|-damage|p1a: Flygon|0 fnt
|faint|p1a: Flygon
|
|-weather|Sandstorm|[upkeep]
|-heal|p2a: Diancie|81/100|[from] item: Leftovers
|upkeep
|
|t:|1621720781
|switch|p1a: Gigalith|Gigalith, F|47/100 tox
|turn|66
|
|t:|1621720785
|switch|p1a: Sylveon|Sylveon, M|56/100
|move|p2a: Diancie|Body Press|p1a: Sylveon
|-resisted|p1a: Sylveon
|-damage|p1a: Sylveon|22/100
|
|-weather|Sandstorm|[upkeep]
|-damage|p1a: Sylveon|15/100|[from] Sandstorm
|-heal|p1a: Sylveon|22/100|[from] item: Leftovers
|-heal|p2a: Diancie|88/100|[from] item: Leftovers
|upkeep
|turn|67
|
|t:|1621720808
|move|p1a: Sylveon|Wish|p1a: Sylveon
|move|p2a: Diancie|Toxic|p1a: Sylveon
|-status|p1a: Sylveon|tox
|
|-weather|Sandstorm|[upkeep]
|-damage|p1a: Sylveon|15/100 tox|[from] Sandstorm
|-heal|p1a: Sylveon|22/100 tox|[from] item: Leftovers
|-heal|p2a: Diancie|94/100|[from] item: Leftovers
|-damage|p1a: Sylveon|15/100 tox|[from] psn
|upkeep
|turn|68
|c|☆Glidinganteater|This sucks
|
|t:|1621720841
|move|p1a: Sylveon|Protect|p1a: Sylveon
|-singleturn|p1a: Sylveon|Protect
|move|p2a: Diancie|Heal Bell||[still]
|-activate|p2a: Diancie|move: Heal Bell
|-fail|p2a: Diancie
|
|-weather|none
|-heal|p1a: Sylveon|65/100 tox|[from] move: Wish|[wisher] Sylveon
|-heal|p1a: Sylveon|72/100 tox|[from] item: Leftovers
|-heal|p2a: Diancie|99/100|[from] item: Leftovers
|-damage|p1a: Sylveon|59/100 tox|[from] psn
|upkeep
|turn|69
|
|t:|1621720850
|move|p1a: Sylveon|Heal Bell|p1a: Sylveon
|-activate|p1a: Sylveon|move: Heal Bell
|-curestatus|p1a: Sylveon|tox|[msg]
|-curestatus|p1: Gigalith|tox|[msg]
|move|p2a: Diancie|Heal Bell||[still]
|-activate|p2a: Diancie|move: Heal Bell
|-fail|p2a: Diancie
|
|-heal|p1a: Sylveon|65/100|[from] item: Leftovers
|-heal|p2a: Diancie|100/100|[from] item: Leftovers
|upkeep
|turn|70
|
|t:|1621720868
|switch|p1a: Gigalith|Gigalith, F|47/100
|-weather|Sandstorm|[from] ability: Sand Stream|[of] p1a: Gigalith
|switch|p2a: Ditto|Ditto, shiny|76/100
|-transform|p2a: Ditto|p1a: Gigalith|[from] ability: Imposter
|
|-weather|Sandstorm|[upkeep]
|upkeep
|turn|71
|
|t:|1621720883
|switch|p1a: Sylveon|Sylveon, M|65/100
|move|p2a: Ditto|Superpower|p1a: Sylveon
|-resisted|p1a: Sylveon
|-damage|p1a: Sylveon|52/100
|-unboost|p2a: Ditto|atk|1
|-unboost|p2a: Ditto|def|1
|
|-weather|Sandstorm|[upkeep]
|-damage|p1a: Sylveon|46/100|[from] Sandstorm
|-heal|p1a: Sylveon|52/100|[from] item: Leftovers
|upkeep
|turn|72
|
|t:|1621720896
|switch|p2a: Raikou|Raikou|100/100
|-ability|p2a: Raikou|Pressure
|move|p1a: Sylveon|Wish|p1a: Sylveon
|
|-weather|Sandstorm|[upkeep]
|-damage|p2a: Raikou|94/100|[from] Sandstorm
|-damage|p1a: Sylveon|46/100|[from] Sandstorm
|-heal|p1a: Sylveon|52/100|[from] item: Leftovers
|upkeep
|turn|73
|
|t:|1621720918
|move|p2a: Raikou|Toxic|p1a: Sylveon
|-status|p1a: Sylveon|tox
|move|p1a: Sylveon|Hyper Voice|p2a: Raikou
|-damage|p2a: Raikou|48/100
|
|-weather|Sandstorm|[upkeep]
|-damage|p2a: Raikou|42/100|[from] Sandstorm
|-damage|p1a: Sylveon|46/100 tox|[from] Sandstorm
|-heal|p1a: Sylveon|96/100 tox|[from] move: Wish|[wisher] Sylveon
|-heal|p1a: Sylveon|100/100 tox|[from] item: Leftovers
|-damage|p1a: Sylveon|94/100 tox|[from] psn
|upkeep
|turn|74
|
|t:|1621720926
|move|p2a: Raikou|Volt Switch|p1a: Sylveon
|-damage|p1a: Sylveon|71/100 tox
|
|t:|1621720929
|switch|p2a: Diancie|Diancie|100/100|[from]move: Volt Switch
|move|p1a: Sylveon|Hyper Voice|p2a: Diancie
|-damage|p2a: Diancie|84/100
|
|-weather|none
|-heal|p1a: Sylveon|77/100 tox|[from] item: Leftovers
|-heal|p2a: Diancie|90/100|[from] item: Leftovers
|-damage|p1a: Sylveon|65/100 tox|[from] psn
|upkeep
|turn|75
|
|t:|1621720936
|switch|p1a: Gigalith|Gigalith, F|47/100
|-weather|Sandstorm|[from] ability: Sand Stream|[of] p1a: Gigalith
|switch|p2a: Ditto|Ditto, shiny|76/100
|-transform|p2a: Ditto|p1a: Gigalith|[from] ability: Imposter
|
|-weather|Sandstorm|[upkeep]
|upkeep
|turn|76
|
|t:|1621720948
|switch|p1a: Sylveon|Sylveon, M|65/100 tox
|move|p2a: Ditto|Superpower|p1a: Sylveon
|-resisted|p1a: Sylveon
|-damage|p1a: Sylveon|49/100 tox
|-unboost|p2a: Ditto|atk|1
|-unboost|p2a: Ditto|def|1
|
|-weather|Sandstorm|[upkeep]
|-damage|p1a: Sylveon|43/100 tox|[from] Sandstorm
|-heal|p1a: Sylveon|49/100 tox|[from] item: Leftovers
|-damage|p1a: Sylveon|43/100 tox|[from] psn
|upkeep
|turn|77
|
|t:|1621720967
|switch|p1a: Gigalith|Gigalith, F|47/100
|switch|p2a: Diancie|Diancie|90/100
|
|-weather|Sandstorm|[upkeep]
|-heal|p2a: Diancie|96/100|[from] item: Leftovers
|upkeep
|turn|78
|
|t:|1621720981
|switch|p2a: Ditto|Ditto, shiny|76/100
|-transform|p2a: Ditto|p1a: Gigalith|[from] ability: Imposter
|move|p1a: Gigalith|Stealth Rock|p2a: Ditto
|-sidestart|p2: Glidinganteater|move: Stealth Rock
|
|-weather|Sandstorm|[upkeep]
|upkeep
|turn|79
|
|t:|1621720995
|switch|p1a: Sylveon|Sylveon, M|43/100 tox
|move|p2a: Ditto|Superpower|p1a: Sylveon
|-resisted|p1a: Sylveon
|-damage|p1a: Sylveon|28/100 tox
|-unboost|p2a: Ditto|atk|1
|-unboost|p2a: Ditto|def|1
|
|-weather|none
|-heal|p1a: Sylveon|34/100 tox|[from] item: Leftovers
|-damage|p1a: Sylveon|28/100 tox|[from] psn
|upkeep
|turn|80
|
|t:|1621721004
|switch|p2a: Raikou|Raikou|42/100
|-ability|p2a: Raikou|Pressure
|move|p1a: Sylveon|Wish|p1a: Sylveon
|
|-heal|p1a: Sylveon|34/100 tox|[from] item: Leftovers
|-damage|p1a: Sylveon|22/100 tox|[from] psn
|upkeep
|turn|81
|
|t:|1621721015
|switch|p1a: Gigalith|Gigalith, F|47/100
|-weather|Sandstorm|[from] ability: Sand Stream|[of] p1a: Gigalith
|move|p2a: Raikou|Scald|p1a: Gigalith
|-supereffective|p1a: Gigalith
|-damage|p1a: Gigalith|18/100
|
|-weather|Sandstorm|[upkeep]
|-damage|p2a: Raikou|36/100|[from] Sandstorm
|-heal|p1a: Gigalith|71/100|[from] move: Wish|[wisher] Sylveon
|upkeep
|turn|82
|
|t:|1621721036
|move|p2a: Raikou|Volt Switch|p1a: Gigalith
|-damage|p1a: Gigalith|53/100
|
|t:|1621721040
|switch|p2a: Diancie|Diancie|96/100|[from]move: Volt Switch
|-damage|p2a: Diancie|84/100|[from] Stealth Rock
|move|p1a: Gigalith|Rest|p1a: Gigalith
|-status|p1a: Gigalith|slp|[from] move: Rest
|-heal|p1a: Gigalith|100/100 slp|[silent]
|
|-weather|Sandstorm|[upkeep]
|-heal|p2a: Diancie|90/100|[from] item: Leftovers
|upkeep
|turn|83
|
|t:|1621721047
|switch|p2a: Ditto|Ditto, shiny|76/100
|-damage|p2a: Ditto|64/100|[from] Stealth Rock
|-transform|p2a: Ditto|p1a: Gigalith|[from] ability: Imposter
|cant|p1a: Gigalith|slp
|
|-weather|Sandstorm|[upkeep]
|upkeep
|turn|84
|
|t:|1621721069
|move|p2a: Ditto|Superpower|p1a: Gigalith
|-supereffective|p1a: Gigalith
|-damage|p1a: Gigalith|52/100 slp
|-unboost|p2a: Ditto|atk|1
|-unboost|p2a: Ditto|def|1
|cant|p1a: Gigalith|slp
|
|-weather|Sandstorm|[upkeep]
|upkeep
|turn|85
|
|t:|1621721077
|switch|p2a: Noivern|Noivern, M|82/100
|-curestatus|p1a: Gigalith|slp|[msg]
|move|p1a: Gigalith|Rest|p1a: Gigalith
|-status|p1a: Gigalith|slp|[from] move: Rest
|-heal|p1a: Gigalith|100/100 slp|[silent]
|
|-weather|none
|upkeep
|turn|86
|
|t:|1621721088
|switch|p1a: Sylveon|Sylveon, M|22/100 tox
|move|p2a: Noivern|Draco Meteor|p1a: Sylveon
|-immune|p1a: Sylveon
|
|-heal|p1a: Sylveon|28/100 tox|[from] item: Leftovers
|-damage|p1a: Sylveon|22/100 tox|[from] psn
|upkeep
|turn|87
|
|t:|1621721093
|move|p2a: Noivern|Flamethrower|p1a: Sylveon
|-damage|p1a: Sylveon|3/100 tox
|move|p1a: Sylveon|Wish|p1a: Sylveon
|
|-heal|p1a: Sylveon|9/100 tox|[from] item: Leftovers
|-damage|p1a: Sylveon|0 fnt|[from] psn
|faint|p1a: Sylveon
|upkeep
|
|t:|1621721097
|switch|p1a: Gigalith|Gigalith, F|100/100 slp
|-weather|Sandstorm|[from] ability: Sand Stream|[of] p1a: Gigalith
|turn|88
|
|t:|1621721105
|move|p2a: Noivern|Draco Meteor|p1a: Gigalith
|-damage|p1a: Gigalith|72/100 slp
|-unboost|p2a: Noivern|spa|2
|cant|p1a: Gigalith|slp
|
|-weather|Sandstorm|[upkeep]
|-damage|p2a: Noivern|76/100|[from] Sandstorm
|-heal|p1a: Gigalith|100/100 slp|[from] move: Wish|[wisher] Sylveon
|upkeep
|turn|89
|c|☆Glidinganteater|I did not expect things to go this stally when this started
|
|t:|1621721144
|move|p2a: Noivern|U-turn|p1a: Gigalith
|-damage|p1a: Gigalith|93/100 slp
|
|t:|1621721154
|switch|p2a: Ditto|Ditto, shiny|64/100|[from]move: U-turn
|-damage|p2a: Ditto|52/100|[from] Stealth Rock
|-transform|p2a: Ditto|p1a: Gigalith|[from] ability: Imposter
|cant|p1a: Gigalith|slp
|
|-weather|Sandstorm|[upkeep]
|upkeep
|turn|90
|j| Ooo333
|
|t:|1621721186
|move|p2a: Ditto|Rest|p2a: Ditto
|-status|p2a: Ditto|slp|[from] move: Rest
|-heal|p2a: Ditto|100/100 slp|[silent]
|-curestatus|p1a: Gigalith|slp|[msg]
|move|p1a: Gigalith|Rest|p1a: Gigalith
|-status|p1a: Gigalith|slp|[from] move: Rest
|-heal|p1a: Gigalith|100/100 slp|[silent]
|
|-weather|Sandstorm|[upkeep]
|upkeep
|turn|91
|c| Ooo333|turn 69 nice
|
|t:|1621721197
|cant|p2a: Ditto|slp
|cant|p1a: Gigalith|slp
|
|-weather|Sandstorm|[upkeep]
|upkeep
|turn|92
|
|t:|1621721218
|cant|p2a: Ditto|slp
|cant|p1a: Gigalith|slp
|
|-weather|none
|upkeep
|turn|93
|
|t:|1621721229
|-curestatus|p2a: Ditto|slp|[msg]
|move|p2a: Ditto|Rest|p2a: Ditto
|-fail|p2a: Ditto|heal
|-curestatus|p1a: Gigalith|slp|[msg]
|move|p1a: Gigalith|Rock Slide|p2a: Ditto|[miss]
|-miss|p1a: Gigalith|p2a: Ditto
|
|upkeep
|turn|94
|
|t:|1621721238
|switch|p2a: Diancie|Diancie|90/100
|-damage|p2a: Diancie|77/100|[from] Stealth Rock
|move|p1a: Gigalith|Stealth Rock||[still]
|-fail|p1a: Gigalith
|
|-heal|p2a: Diancie|84/100|[from] item: Leftovers
|upkeep
|turn|95
|
|t:|1621721245
|move|p2a: Diancie|Toxic|p1a: Gigalith
|-status|p1a: Gigalith|tox
|move|p1a: Gigalith|Rock Slide|p2a: Diancie|[miss]
|-miss|p1a: Gigalith|p2a: Diancie
|
|-heal|p2a: Diancie|90/100|[from] item: Leftovers
|-damage|p1a: Gigalith|94/100 tox|[from] psn
|upkeep
|turn|96
|
|t:|1621721298
|switch|p2a: Ditto|Ditto, shiny|100/100
|-damage|p2a: Ditto|88/100|[from] Stealth Rock
|-transform|p2a: Ditto|p1a: Gigalith|[from] ability: Imposter
|-weather|Sandstorm|[from] ability: Sand Stream|[of] p2a: Ditto
|move|p1a: Gigalith|Rock Slide|p2a: Ditto|[miss]
|-miss|p1a: Gigalith|p2a: Ditto
|
|-weather|Sandstorm|[upkeep]
|-damage|p1a: Gigalith|82/100 tox|[from] psn
|upkeep
|turn|97
|
|t:|1621721310
|move|p2a: Ditto|Rock Slide|p1a: Gigalith
|-damage|p1a: Gigalith|56/100 tox
|move|p1a: Gigalith|Rest|p1a: Gigalith
|-status|p1a: Gigalith|slp|[from] move: Rest
|-heal|p1a: Gigalith|100/100 slp|[silent]
|
|-weather|Sandstorm|[upkeep]
|upkeep
|turn|98
|c|☆Glidinganteater|O no I set sand again...
|
|t:|1621721337
|switch|p2a: Noivern|Noivern, M|76/100
|cant|p1a: Gigalith|slp
|
|-weather|Sandstorm|[upkeep]
|-damage|p2a: Noivern|70/100|[from] Sandstorm
|upkeep
|turn|99
|c|☆yourwelcomethank|you do kind of need to
|c|☆Glidinganteater|Yeah
|
|t:|1621721368
|move|p2a: Noivern|Roost|p2a: Noivern
|-heal|p2a: Noivern|100/100
|-singleturn|p2a: Noivern|move: Roost
|cant|p1a: Gigalith|slp
|
|-weather|Sandstorm|[upkeep]
|-damage|p2a: Noivern|94/100|[from] Sandstorm
|upkeep
|turn|100
|c| Ooo333|you guys are still awake?
|
|t:|1621721387
|move|p2a: Noivern|U-turn|p1a: Gigalith
|-damage|p1a: Gigalith|93/100 slp
|
|t:|1621721399
|switch|p2a: Diancie|Diancie|90/100|[from]move: U-turn
|-damage|p2a: Diancie|77/100|[from] Stealth Rock
|-curestatus|p1a: Gigalith|slp|[msg]
|move|p1a: Gigalith|Rock Slide|p2a: Diancie
|-damage|p2a: Diancie|51/100
|
|-weather|none
|-heal|p2a: Diancie|58/100|[from] item: Leftovers
|upkeep
|turn|101
|
|t:|1621721416
|move|p2a: Diancie|Toxic|p1a: Gigalith
|-status|p1a: Gigalith|tox
|move|p1a: Gigalith|Stealth Rock||[still]
|-fail|p1a: Gigalith
|
|-heal|p2a: Diancie|64/100|[from] item: Leftovers
|-damage|p1a: Gigalith|87/100 tox|[from] psn
|upkeep
|turn|102
|c|☆Glidinganteater|Sacking dhelmise was a mistake
|c|☆yourwelcomethank|i agree
|
|t:|1621721437
|-activate|p2a: Diancie|move: Struggle
|move|p2a: Diancie|Struggle|p1a: Gigalith
|-damage|p1a: Gigalith|79/100 tox
|-damage|p2a: Diancie|39/100|[from] recoil
|move|p1a: Gigalith|Stealth Rock||[still]
|-fail|p1a: Gigalith
|
|-heal|p2a: Diancie|45/100|[from] item: Leftovers
|-damage|p1a: Gigalith|67/100 tox|[from] psn
|upkeep
|turn|103
|
|t:|1621721448
|-activate|p2a: Diancie|move: Struggle
|move|p2a: Diancie|Struggle|p1a: Gigalith
|-damage|p1a: Gigalith|58/100 tox
|-damage|p2a: Diancie|20/100|[from] recoil
|move|p1a: Gigalith|Rest|p1a: Gigalith
|-status|p1a: Gigalith|slp|[from] move: Rest
|-heal|p1a: Gigalith|100/100 slp|[silent]
|
|-heal|p2a: Diancie|26/100|[from] item: Leftovers
|upkeep
|turn|104
|
|t:|1621721480
|switch|p2a: Raikou|Raikou|36/100
|-ability|p2a: Raikou|Pressure
|cant|p1a: Gigalith|slp
|
|upkeep
|turn|105
|
|t:|1621721488
|move|p2a: Raikou|Scald|p1a: Gigalith
|-supereffective|p1a: Gigalith
|-damage|p1a: Gigalith|60/100 slp
|cant|p1a: Gigalith|slp
|
|upkeep
|turn|106
|
|t:|1621721499
|move|p2a: Raikou|Scald|p1a: Gigalith
|-supereffective|p1a: Gigalith
|-damage|p1a: Gigalith|25/100 slp
|-curestatus|p1a: Gigalith|slp|[msg]
|move|p1a: Gigalith|Stealth Rock||[still]
|-fail|p1a: Gigalith
|
|upkeep
|turn|107
|c| Ooo333|Imagine that toxic missed
|
|t:|1621721506
|move|p2a: Raikou|Scald|p1a: Gigalith
|-supereffective|p1a: Gigalith
|-damage|p1a: Gigalith|0 fnt
|faint|p1a: Gigalith
|
|win|Glidinganteater
|raw|yourwelcomethank's rating: 1413 &rarr; <strong>1396</strong><br />(-17 for losing)
|raw|Glidinganteater's rating: 1463 &rarr; <strong>1480</strong><br />(+17 for winning)
|c|☆Glidinganteater|Gg
|c|☆yourwelcomethank|gg
|c|☆Glidinganteater|What toxic?
|c| Ooo333|Finally i can go to sleep
