|j|☆big bad alolem
|j|☆wuigamerbr
|t:|1605653799
|player|p1|big bad alolem|hiker-gen4|1551
|player|p2|wuigamerbr|skyla|1333
|teamsize|p1|6
|teamsize|p2|6
|gametype|singles
|gen|8
|tier|[Gen 8] RU
|rated|
|clearpoke
|poke|p1|Tangrowth, M|
|poke|p1|Suicune|
|poke|p1|Crobat, F|
|poke|p1|Metagross|
|poke|p1|Ditto|
|poke|p1|Diancie|
|poke|p2|Scolipede, F|
|poke|p2|Bronzong|
|poke|p2|Kyurem|
|poke|p2|Gardevoir, F|
|poke|p2|Tangrowth, F|
|poke|p2|Obstagoon, F|
|rule|Sleep Clause Mod: Limit one foe put to sleep
|rule|Species Clause: Limit one of each Pokémon
|rule|OHKO Clause: OHKO moves are banned
|rule|Evasion Moves Clause: Evasion moves are banned
|rule|Endless Battle Clause: Forcing endless battles is banned
|rule|HP Percentage Mod: HP is shown in percentages
|rule|Dynamax Clause: You cannot dynamax
|teampreview
|j| Everybo-D
|
|t:|1605653817
|start
|switch|p1a: Diancie|Diancie|100/100
|switch|p2a: Obstagoon|Obstagoon, F|100/100
|turn|1
|
|t:|1605653821
|move|p2a: Obstagoon|Knock Off|p1a: Diancie
|-resisted|p1a: Diancie
|-damage|p1a: Diancie|84/100
|-enditem|p1a: Diancie|Leftovers|[from] move: Knock Off|[of] p2a: Obstagoon
|move|p1a: Diancie|Moonblast|p2a: Obstagoon
|-supereffective|p2a: Obstagoon
|-damage|p2a: Obstagoon|17/100
|
|-status|p2a: Obstagoon|brn|[from] item: Flame Orb
|upkeep
|turn|2
|
|t:|1605653829
|switch|p2a: Bronzong|Bronzong, shiny|100/100
|move|p1a: Diancie|Stealth Rock|p2a: Bronzong
|-sidestart|p2: wuigamerbr|move: Stealth Rock
|
|upkeep
|turn|3
|
|t:|1605653834
|switch|p1a: Suicune|Suicune|100/100
|-ability|p1a: Suicune|Pressure
|move|p2a: Bronzong|Stealth Rock|p1a: Suicune
|-sidestart|p1: big bad alolem|move: Stealth Rock
|
|upkeep
|turn|4
|
|t:|1605653839
|move|p1a: Suicune|Substitute|p1a: Suicune
|-start|p1a: Suicune|Substitute
|-damage|p1a: Suicune|75/100
|move|p2a: Bronzong|Toxic||[still]
|-fail|p2a: Bronzong
|
|-heal|p1a: Suicune|82/100|[from] item: Leftovers
|upkeep
|turn|5
|
|t:|1605653844
|switch|p2a: Kyurem|Kyurem, shiny|100/100
|-damage|p2a: Kyurem|76/100|[from] Stealth Rock
|-ability|p2a: Kyurem|Pressure
|move|p1a: Suicune|Calm Mind|p1a: Suicune
|-boost|p1a: Suicune|spa|1
|-boost|p1a: Suicune|spd|1
|
|-heal|p1a: Suicune|88/100|[from] item: Leftovers
|upkeep
|turn|6
|
|t:|1605653847
|move|p2a: Kyurem|Freeze-Dry|p1a: Suicune
|-supereffective|p1a: Suicune
|-end|p1a: Suicune|Substitute
|move|p1a: Suicune|Calm Mind|p1a: Suicune
|-boost|p1a: Suicune|spa|1
|-boost|p1a: Suicune|spd|1
|
|-heal|p1a: Suicune|94/100|[from] item: Leftovers
|upkeep
|turn|7
|
|t:|1605653849
|move|p2a: Kyurem|Freeze-Dry|p1a: Suicune
|-supereffective|p1a: Suicune
|-damage|p1a: Suicune|53/100
|move|p1a: Suicune|Scald|p2a: Kyurem
|-resisted|p2a: Kyurem
|-damage|p2a: Kyurem|52/100
|
|-heal|p1a: Suicune|60/100|[from] item: Leftovers
|upkeep
|turn|8
|
|t:|1605653852
|move|p1a: Suicune|Protect|p1a: Suicune
|-singleturn|p1a: Suicune|Protect
|move|p2a: Kyurem|Freeze-Dry|p1a: Suicune
|-activate|p1a: Suicune|move: Protect
|
|-heal|p1a: Suicune|66/100|[from] item: Leftovers
|upkeep
|turn|9
|
|t:|1605653864
|switch|p1a: Metagross|Metagross|100/100
|-damage|p1a: Metagross|95/100|[from] Stealth Rock
|move|p2a: Kyurem|Freeze-Dry|p1a: Metagross
|-resisted|p1a: Metagross
|-damage|p1a: Metagross|60/100
|-status|p1a: Metagross|frz
|
|upkeep
|turn|10
|
|t:|1605653873
|switch|p2a: Scolipede|Scolipede, F, shiny|100/100
|-damage|p2a: Scolipede|76/100|[from] Stealth Rock
|cant|p1a: Metagross|frz
|
|upkeep
|turn|11
|
|t:|1605653877
|switch|p1a: Crobat|Crobat, F|100/100
|move|p2a: Scolipede|Swords Dance|p2a: Scolipede
|-boost|p2a: Scolipede|atk|2
|
|-ability|p2a: Scolipede|Speed Boost|boost
|-boost|p2a: Scolipede|spe|1
|upkeep
|turn|12
|
|t:|1605653879
|move|p2a: Scolipede|Aqua Tail|p1a: Crobat
|-damage|p1a: Crobat|7/100
|-damage|p2a: Scolipede|66/100|[from] item: Life Orb
|move|p1a: Crobat|Brave Bird|p2a: Scolipede
|-supereffective|p2a: Scolipede
|-damage|p2a: Scolipede|0 fnt
|-damage|p1a: Crobat|0 fnt|[from] Recoil
|faint|p2a: Scolipede
|faint|p1a: Crobat
|
|upkeep
|
|t:|1605653895
|switch|p1a: Ditto|Ditto|100/100
|switch|p2a: Obstagoon|Obstagoon, F|17/100 brn
|-damage|p2a: Obstagoon|5/100 brn|[from] Stealth Rock
|-damage|p1a: Ditto|88/100|[from] Stealth Rock
|-transform|p1a: Ditto|p2a: Obstagoon|[from] ability: Imposter
|turn|13
|
|t:|1605653904
|move|p1a: Ditto|Knock Off|p2a: Obstagoon
|-resisted|p2a: Obstagoon
|-damage|p2a: Obstagoon|0 fnt
|-enditem|p2a: Obstagoon|Flame Orb|[from] move: Knock Off|[of] p1a: Ditto
|faint|p2a: Obstagoon
|
|upkeep
|j| BuckWheatav
|
|t:|1605653913
|switch|p2a: Tangrowth|Tangrowth, F|100/100
|-damage|p2a: Tangrowth|88/100|[from] Stealth Rock
|turn|14
|
|t:|1605653918
|switch|p1a: Tangrowth|Tangrowth, M|100/100
|-damage|p1a: Tangrowth|88/100|[from] Stealth Rock
|move|p2a: Tangrowth|Focus Blast|p1a: Tangrowth|[miss]
|-miss|p2a: Tangrowth|p1a: Tangrowth
|
|upkeep
|turn|15
|
|t:|1605653922
|move|p1a: Tangrowth|Sludge Bomb|p2a: Tangrowth
|-supereffective|p2a: Tangrowth
|-damage|p2a: Tangrowth|26/100
|move|p2a: Tangrowth|Knock Off|p1a: Tangrowth
|-damage|p1a: Tangrowth|76/100
|-damage|p2a: Tangrowth|10/100|[from] item: Rocky Helmet|[of] p1a: Tangrowth
|-enditem|p1a: Tangrowth|Rocky Helmet|[from] move: Knock Off|[of] p2a: Tangrowth
|
|upkeep
|turn|16
|
|t:|1605653932
|switch|p2a: Bronzong|Bronzong, shiny|100/100
|-damage|p2a: Bronzong|94/100|[from] Stealth Rock
|move|p1a: Tangrowth|Sludge Bomb|p2a: Bronzong
|-immune|p2a: Bronzong
|
|-heal|p2a: Bronzong|100/100|[from] item: Leftovers
|upkeep
|turn|17
|
|t:|1605653936
|move|p1a: Tangrowth|Knock Off|p2a: Bronzong
|-supereffective|p2a: Bronzong
|-damage|p2a: Bronzong|64/100
|-enditem|p2a: Bronzong|Leftovers|[from] move: Knock Off|[of] p1a: Tangrowth
|move|p2a: Bronzong|Toxic|p1a: Tangrowth|[miss]
|-miss|p2a: Bronzong|p1a: Tangrowth
|
|upkeep
|turn|18
|
|t:|1605653951
|move|p1a: Tangrowth|Knock Off|p2a: Bronzong
|-supereffective|p2a: Bronzong
|-damage|p2a: Bronzong|37/100
|move|p2a: Bronzong|Toxic|p1a: Tangrowth
|-status|p1a: Tangrowth|tox
|
|-damage|p1a: Tangrowth|70/100 tox|[from] psn
|upkeep
|turn|19
|
|t:|1605653956
|switch|p1a: Ditto|Ditto|88/100
|-damage|p1a: Ditto|76/100|[from] Stealth Rock
|-transform|p1a: Ditto|p2a: Bronzong|[from] ability: Imposter
|move|p2a: Bronzong|Gyro Ball|p1a: Ditto
|-resisted|p1a: Ditto
|-damage|p1a: Ditto|69/100
|
|upkeep
|turn|20
|
|t:|1605653970
|switch|p1a: Suicune|Suicune|66/100
|-damage|p1a: Suicune|53/100|[from] Stealth Rock
|-ability|p1a: Suicune|Pressure
|move|p2a: Bronzong|Earthquake|p1a: Suicune
|-damage|p1a: Suicune|39/100
|
|-heal|p1a: Suicune|45/100|[from] item: Leftovers
|upkeep
|turn|21
|
|t:|1605653973
|move|p1a: Suicune|Substitute|p1a: Suicune
|-start|p1a: Suicune|Substitute
|-damage|p1a: Suicune|20/100
|move|p2a: Bronzong|Toxic||[still]
|-fail|p2a: Bronzong
|
|-heal|p1a: Suicune|26/100|[from] item: Leftovers
|upkeep
|turn|22
|
|t:|1605653978
|switch|p2a: Gardevoir|Gardevoir, F, shiny|100/100
|-damage|p2a: Gardevoir|88/100|[from] Stealth Rock
|-ability|p2a: Gardevoir|Pressure|[from] ability: Trace|[of] p1a: Suicune
|-ability|p2a: Gardevoir|Pressure
|move|p1a: Suicune|Calm Mind|p1a: Suicune
|-boost|p1a: Suicune|spa|1
|-boost|p1a: Suicune|spd|1
|
|-heal|p1a: Suicune|32/100|[from] item: Leftovers
|upkeep
|turn|23
|
|t:|1605653982
|move|p1a: Suicune|Protect|p1a: Suicune
|-singleturn|p1a: Suicune|Protect
|move|p2a: Gardevoir|Psyshock|p1a: Suicune
|-activate|p1a: Suicune|move: Protect
|
|-heal|p1a: Suicune|38/100|[from] item: Leftovers
|upkeep
|turn|24
|
|t:|1605653986
|move|p2a: Gardevoir|Psyshock|p1a: Suicune
|-end|p1a: Suicune|Substitute
|move|p1a: Suicune|Scald|p2a: Gardevoir
|-damage|p2a: Gardevoir|48/100
|
|-heal|p1a: Suicune|45/100|[from] item: Leftovers
|upkeep
|turn|25
|
|t:|1605653990
|move|p1a: Suicune|Protect|p1a: Suicune
|-singleturn|p1a: Suicune|Protect
|move|p2a: Gardevoir|Psyshock|p1a: Suicune
|-activate|p1a: Suicune|move: Protect
|
|-heal|p1a: Suicune|51/100|[from] item: Leftovers
|upkeep
|turn|26
|
|t:|1605653993
|move|p2a: Gardevoir|Psyshock|p1a: Suicune
|-damage|p1a: Suicune|18/100
|move|p1a: Suicune|Scald|p2a: Gardevoir
|-damage|p2a: Gardevoir|8/100
|-status|p2a: Gardevoir|brn
|
|-heal|p1a: Suicune|24/100|[from] item: Leftovers
|-damage|p2a: Gardevoir|2/100 brn|[from] brn
|upkeep
|turn|27
|
|t:|1605653996
|move|p1a: Suicune|Protect|p1a: Suicune
|-singleturn|p1a: Suicune|Protect
|move|p2a: Gardevoir|Psyshock|p1a: Suicune
|-activate|p1a: Suicune|move: Protect
|
|-heal|p1a: Suicune|30/100|[from] item: Leftovers
|-damage|p2a: Gardevoir|0 fnt|[from] brn
|faint|p2a: Gardevoir
|upkeep
|
|t:|1605653999
|switch|p2a: Kyurem|Kyurem, shiny|52/100
|-damage|p2a: Kyurem|28/100|[from] Stealth Rock
|-ability|p2a: Kyurem|Pressure
|turn|28
|
|t:|1605654010
|switch|p1a: Metagross|Metagross|60/100 frz
|-damage|p1a: Metagross|54/100 frz|[from] Stealth Rock
|move|p2a: Kyurem|Freeze-Dry|p1a: Metagross
|-resisted|p1a: Metagross
|-damage|p1a: Metagross|21/100 frz
|
|upkeep
|turn|29
|
|t:|1605654014
|cant|p1a: Metagross|frz
|move|p2a: Kyurem|Freeze-Dry|p1a: Metagross
|-resisted|p1a: Metagross
|-damage|p1a: Metagross|0 fnt
|faint|p1a: Metagross
|
|upkeep
|
|t:|1605654017
|switch|p1a: Ditto|Ditto|69/100
|-damage|p1a: Ditto|57/100|[from] Stealth Rock
|-transform|p1a: Ditto|p2a: Kyurem|[from] ability: Imposter
|-ability|p1a: Ditto|Pressure
|turn|30
|
|t:|1605654023
|switch|p2a: Bronzong|Bronzong, shiny|37/100
|-damage|p2a: Bronzong|30/100|[from] Stealth Rock
|move|p1a: Ditto|Ice Beam|p2a: Bronzong
|-resisted|p2a: Bronzong
|-damage|p2a: Bronzong|14/100
|
|upkeep
|turn|31
|-message|wuigamerbr forfeited.
|
|win|big bad alolem
|l|☆wuigamerbr
|c|☆big bad alolem|gg
