|html|<div class="broadcast-blue"><strong>[Gen 8] RU is currently suspecting Obstagoon! For information on how to participate check out the <a href="https://www.smogon.com/forums/threads/ru-stage-11-rock-and-roll-all-nite-obstagoon-suspect-test.3700302/">suspect thread</a>.</strong></div>
|j|‽1vltpb XV hoes
|j|☆pattek
|inactive|Battle timer is ON: inactive players will automatically lose when time's up.
|t:|1649959677
|gametype|singles
|player|p1|1vltpb XV hoes|lucas|
|player|p2|pattek|lucas|
|teamsize|p1|6
|teamsize|p2|6
|gen|8
|tier|[Gen 8] RU
|rated|Tournament battle
|rule|Sleep Clause Mod: Limit one foe put to sleep
|rule|Species Clause: Limit one of each Pokémon
|rule|OHKO Clause: OHKO moves are banned
|rule|Evasion Moves Clause: Evasion moves are banned
|rule|Endless Battle Clause: Forcing endless battles is banned
|rule|HP Percentage Mod: HP is shown in percentages
|rule|Dynamax Clause: You cannot dynamax
|clearpoke
|poke|p1|Quagsire, M|
|poke|p1|Metagross|
|poke|p1|Weezing-Galar, F|
|poke|p1|Umbreon, M|
|poke|p1|Bewear, F|
|poke|p1|Nidoqueen, F|
|poke|p2|Chandelure, F|
|poke|p2|Vileplume, M|
|poke|p2|Diancie|
|poke|p2|Sneasel, F|
|poke|p2|Steelix, M|
|poke|p2|Mantine, F|
|teampreview
|j| BB-8-NU
|j| durarararara
|c|☆pattek|farts
|j| pradyt
|j| darklight1999
|j| gg i guess lmao
|j| Alita Kazami
|j| Meister Siegfried
|j| kemoshark
|
|t:|1649959700
|start
|switch|p1a: Weezing|Weezing-Galar, F|100/100
|switch|p2a: Sneasel|Sneasel, F|100/100
|turn|1
|j| Muhammad120
|j| bubba1204
|
|t:|1649959708
|switch|p2a: Chandelure|Chandelure, F|100/100
|move|p1a: Weezing|Strange Steam|p2a: Chandelure
|-resisted|p2a: Chandelure
|-damage|p2a: Chandelure|81/100
|
|upkeep
|turn|2
|j| Axrtix
|j| Memelover69420
|
|t:|1649959720
|switch|p1a: Nidoqueen|Nidoqueen, F|100/100
|move|p2a: Chandelure|Trick|p1a: Nidoqueen
|-activate|p2a: Chandelure|move: Trick|[of] p1a: Nidoqueen
|-item|p1a: Nidoqueen|Choice Scarf|[from] move: Trick
|-item|p2a: Chandelure|Black Sludge|[from] move: Trick
|
|-damage|p2a: Chandelure|68/100|[from] item: Black Sludge
|upkeep
|turn|3
|
|t:|1649959723
|switch|p2a: Mantine|Mantine, F|100/100
|switch|p1a: Umbreon|Umbreon, M|100/100
|
|upkeep
|turn|4
|
|t:|1649959742
|switch|p2a: Steelix|Steelix, M|100/100
|switch|p1a: Metagross|Metagross|100/100
|
|upkeep
|turn|5
|
|t:|1649959748
|switch|p1a: Weezing|Weezing-Galar, F|100/100
|move|p2a: Steelix|Stealth Rock|p1a: Weezing
|-sidestart|p1: 1vltpb XV hoes|move: Stealth Rock
|
|upkeep
|turn|6
|
|t:|1649959753
|move|p1a: Weezing|Defog|p2a: Steelix
|-unboost|p2a: Steelix|evasion|1
|-sideend|p1: 1vltpb XV hoes|Stealth Rock|[from] move: Defog|[of] p1a: Weezing
|move|p2a: Steelix|Heavy Slam|p1a: Weezing
|-supereffective|p1a: Weezing
|-damage|p1a: Weezing|51/100
|
|-heal|p1a: Weezing|57/100|[from] item: Black Sludge
|upkeep
|turn|7
|j|+heroictobias
|
|t:|1649959757
|switch|p2a: Vileplume|Vileplume, M|100/100
|move|p1a: Weezing|Pain Split|p2a: Vileplume
|-sethp|p2a: Vileplume|77/100|[from] move: Pain Split|[silent]
|-sethp|p1a: Weezing|82/100|[from] move: Pain Split
|
|-heal|p1a: Weezing|88/100|[from] item: Black Sludge
|upkeep
|turn|8
|j| soaring mind
|
|t:|1649959764
|switch|p1a: Nidoqueen|Nidoqueen, F|100/100
|move|p2a: Vileplume|Leech Seed|p1a: Nidoqueen
|-start|p1a: Nidoqueen|move: Leech Seed
|
|-damage|p1a: Nidoqueen|88/100|[from] Leech Seed|[of] p2a: Vileplume
|-heal|p2a: Vileplume|91/100|[silent]
|upkeep
|turn|9
|j|%PA
|
|t:|1649959767
|move|p1a: Nidoqueen|Stealth Rock|p2a: Vileplume
|-sidestart|p2: pattek|move: Stealth Rock
|move|p2a: Vileplume|Giga Drain|p1a: Nidoqueen
|-damage|p1a: Nidoqueen|67/100
|-heal|p2a: Vileplume|100/100|[from] drain|[of] p1a: Nidoqueen
|
|-damage|p1a: Nidoqueen|55/100|[from] Leech Seed|[of] p2a: Vileplume
|upkeep
|turn|10
|
|t:|1649959770
|switch|p1a: Metagross|Metagross|100/100
|move|p2a: Vileplume|Leech Seed|p1a: Metagross
|-start|p1a: Metagross|move: Leech Seed
|
|-damage|p1a: Metagross|88/100|[from] Leech Seed|[of] p2a: Vileplume
|upkeep
|turn|11
|j| Potatochan789
|j| smallemon
|j| crow crumbs
|
|t:|1649959777
|switch|p1a: Umbreon|Umbreon, M|100/100
|move|p2a: Vileplume|Giga Drain|p1a: Umbreon
|-damage|p1a: Umbreon|86/100
|
|-heal|p1a: Umbreon|92/100|[from] item: Leftovers
|upkeep
|turn|12
|
|t:|1649959780
|switch|p2a: Mantine|Mantine, F|100/100
|move|p1a: Umbreon|Wish|p1a: Umbreon
|
|-heal|p1a: Umbreon|98/100|[from] item: Leftovers
|upkeep
|turn|13
|j| ban drizzle lol
|j| azul - maril
|j| Glamanchar
|
|t:|1649959793
|switch|p1a: Metagross|Metagross|88/100
|move|p2a: Mantine|Defog|p1a: Metagross
|-fail|p1a: Metagross|unboost|[from] ability: Clear Body|[of] p1a: Metagross
|-sideend|p2: pattek|Stealth Rock|[from] move: Defog|[of] p2a: Mantine
|
|-heal|p1a: Metagross|100/100|[from] move: Wish|[wisher] Umbreon
|upkeep
|turn|14
|
|t:|1649959801
|switch|p1a: Umbreon|Umbreon, M|98/100
|switch|p2a: Steelix|Steelix, M|100/100
|
|-heal|p1a: Umbreon|100/100|[from] item: Leftovers
|upkeep
|turn|15
|j|✩EternalSnowman
|j| JogatinandoC
|l| Muhammad120
|j| blitty boy
|
|t:|1649959805
|move|p1a: Umbreon|Foul Play|p2a: Steelix
|-damage|p2a: Steelix|87/100
|move|p2a: Steelix|Stealth Rock|p1a: Umbreon
|-sidestart|p1: 1vltpb XV hoes|move: Stealth Rock
|
|-heal|p2a: Steelix|93/100|[from] item: Leftovers
|upkeep
|turn|16
|j| Nael_prof
|
|t:|1649959811
|move|p1a: Umbreon|Wish|p1a: Umbreon
|move|p2a: Steelix|Heavy Slam|p1a: Umbreon
|-damage|p1a: Umbreon|71/100
|
|-heal|p1a: Umbreon|77/100|[from] item: Leftovers
|-heal|p2a: Steelix|99/100|[from] item: Leftovers
|upkeep
|turn|17
|l| JogatinandoC
|
|t:|1649959816
|move|p1a: Umbreon|Protect|p1a: Umbreon
|-singleturn|p1a: Umbreon|Protect
|move|p2a: Steelix|Earthquake|p1a: Umbreon
|-activate|p1a: Umbreon|move: Protect
|
|-heal|p1a: Umbreon|100/100|[from] move: Wish|[wisher] Umbreon
|-heal|p2a: Steelix|100/100|[from] item: Leftovers
|upkeep
|turn|18
|
|t:|1649959820
|switch|p1a: Quagsire|Quagsire, M|100/100
|-damage|p1a: Quagsire|94/100|[from] Stealth Rock
|move|p2a: Steelix|Toxic|p1a: Quagsire
|-status|p1a: Quagsire|tox
|
|-heal|p1a: Quagsire|100/100 tox|[from] item: Leftovers
|-damage|p1a: Quagsire|94/100 tox|[from] psn
|upkeep
|turn|19
|
|t:|1649959825
|switch|p1a: Weezing|Weezing-Galar, F|88/100
|-damage|p1a: Weezing|76/100|[from] Stealth Rock
|switch|p2a: Vileplume|Vileplume, M|100/100
|
|-heal|p1a: Weezing|82/100|[from] item: Black Sludge
|upkeep
|turn|20
|
|t:|1649959827
|move|p1a: Weezing|Defog|p2a: Vileplume
|-unboost|p2a: Vileplume|evasion|1
|-sideend|p1: 1vltpb XV hoes|Stealth Rock|[from] move: Defog|[of] p1a: Weezing
|move|p2a: Vileplume|Sludge Bomb|p1a: Weezing
|-damage|p1a: Weezing|36/100
|
|-heal|p1a: Weezing|42/100|[from] item: Black Sludge
|upkeep
|turn|21
|j|@J0rdy004 ♫
|
|t:|1649959840
|switch|p1a: Umbreon|Umbreon, M|100/100
|move|p2a: Vileplume|Sludge Bomb|p1a: Umbreon
|-damage|p1a: Umbreon|83/100
|
|-heal|p1a: Umbreon|90/100|[from] item: Leftovers
|upkeep
|turn|22
|
|t:|1649959842
|switch|p2a: Steelix|Steelix, M|100/100
|move|p1a: Umbreon|Wish|p1a: Umbreon
|
|-heal|p1a: Umbreon|96/100|[from] item: Leftovers
|upkeep
|turn|23
|
|t:|1649959847
|switch|p1a: Nidoqueen|Nidoqueen, F|55/100
|move|p2a: Steelix|Earthquake|p1a: Nidoqueen
|-supereffective|p1a: Nidoqueen
|-damage|p1a: Nidoqueen|0 fnt
|faint|p1a: Nidoqueen
|
|upkeep
|-message|1vltpb XV hoes forfeited.
|
|win|pattek
|n|‽1vltpb XV hoes|1vltpbxvhoes
|n|☆pattek|pattek
|n| BB-8-NU|bb8nu
|n| durarararara|durarararara
|n| pradyt|pradyt
|n| darklight1999|darklight1999
|n| gg i guess lmao|ggiguesslmao
|n| Alita Kazami|alitakazami
|n| Meister Siegfried|meistersiegfried
|n| kemoshark|kemoshark
|n| bubba1204|bubba1204
|n| Axrtix|axrtix
|n| Memelover69420|memelover69420
|n|+heroictobias|heroictobias
|n| soaring mind|soaringmind
|n|+PA|pa
|n| Potatochan789|potatochan789
|n| smallemon|smallemon
|n| crow crumbs|crowcrumbs
|n| ban drizzle lol|bandrizzlelol
|n| azul - maril|azulmaril
|n| Glamanchar|glamanchar
|n| EternalSnowman|eternalsnowman
|n| blitty boy|blittyboy
|n| Nael_prof|naelprof
|n|%J0rdy004 ♫|j0rdy004
|l|‽1vltpb XV hoes
|l| BB-8-NU
|c| Memelover69420|yea I see why the other battle took 500 turns
|l|☆pattek
|l| smallemon
|l| EternalSnowman
|l| soaring mind
|l| Alita Kazami
|j| yeIan
|l| Meister Siegfried
|l| Potatochan789
|l| darklight1999
|l| Memelover69420
|j| soaring mind
|l| soaring mind
|l| ban drizzle lol
|l| kemoshark
|l| crow crumbs
|l| bubba1204
|l| Nael_prof
|l| durarararara
