|j|☆Loidl
|j|☆ChickenNuggetScoon
|t:|1621185315
|gametype|singles
|player|p1|Loidl|ethan|1226
|player|p2|ChickenNuggetScoon|hoopster|1402
|teamsize|p1|6
|teamsize|p2|6
|gen|8
|tier|[Gen 8] RU
|rated|
|rule|Sleep Clause Mod: Limit one foe put to sleep
|rule|Species Clause: Limit one of each Pokémon
|rule|OHKO Clause: OHKO moves are banned
|rule|Evasion Moves Clause: Evasion moves are banned
|rule|Endless Battle Clause: Forcing endless battles is banned
|rule|HP Percentage Mod: HP is shown in percentages
|rule|Dynamax Clause: You cannot dynamax
|clearpoke
|poke|p1|Toxicroak, M|
|poke|p1|Zarude-Dada|
|poke|p1|Noivern, F|
|poke|p1|Steelix, F|
|poke|p1|Milotic, F|
|poke|p1|Incineroar, F|
|poke|p2|Ferroseed, F|
|poke|p2|Mudsdale, F|
|poke|p2|Sableye, M|
|poke|p2|Snorlax, F|
|poke|p2|Suicune|
|poke|p2|Hitmonlee, M|
|teampreview
|
|t:|1621185331
|start
|switch|p1a: Incineroar|Incineroar, F|100/100
|switch|p2a: Sableye|Sableye, M|100/100
|-ability|p1a: Incineroar|Intimidate|boost
|-unboost|p2a: Sableye|atk|1
|turn|1
|inactive|Battle timer is ON: inactive players will automatically lose when time's up. (requested by ChickenNuggetScoon)
|
|t:|1621185341
|move|p1a: Incineroar|Toxic|p2a: Sableye
|-status|p2a: Sableye|tox
|move|p2a: Sableye|Knock Off|p1a: Incineroar
|-resisted|p1a: Incineroar
|-damage|p1a: Incineroar|92/100
|-enditem|p1a: Incineroar|Heavy-Duty Boots|[from] move: Knock Off|[of] p2a: Sableye
|
|-damage|p2a: Sableye|94/100 tox|[from] psn
|upkeep
|turn|2
|
|t:|1621185352
|switch|p2a: Snorlax|Snorlax, F|100/100
|move|p1a: Incineroar|Knock Off|p2a: Snorlax
|-damage|p2a: Snorlax|64/100
|-enditem|p2a: Snorlax|Leftovers|[from] move: Knock Off|[of] p1a: Incineroar
|
|upkeep
|turn|3
|
|t:|1621185358
|move|p1a: Incineroar|U-turn|p2a: Snorlax
|-damage|p2a: Snorlax|48/100
|
|t:|1621185361
|switch|p1a: Milotic|Milotic, F|100/100|[from]move: U-turn
|move|p2a: Snorlax|Body Slam|p1a: Milotic
|-damage|p1a: Milotic|77/100
|-status|p1a: Milotic|par
|
|-heal|p1a: Milotic|83/100 par|[from] item: Leftovers
|upkeep
|turn|4
|
|t:|1621185370
|switch|p2a: Ferroseed|Ferroseed, F|100/100
|move|p1a: Milotic|Toxic|p2a: Ferroseed
|-immune|p2a: Ferroseed
|
|-heal|p1a: Milotic|90/100 par|[from] item: Leftovers
|upkeep
|turn|5
|
|t:|1621185373
|switch|p1a: Incineroar|Incineroar, F|92/100
|-ability|p1a: Incineroar|Intimidate|boost
|-unboost|p2a: Ferroseed|atk|1
|move|p2a: Ferroseed|Stealth Rock|p1a: Incineroar
|-sidestart|p1: Loidl|move: Stealth Rock
|
|upkeep
|turn|6
|
|t:|1621185383
|switch|p2a: Snorlax|Snorlax, F|48/100
|move|p1a: Incineroar|Overheat|p2a: Snorlax
|-damage|p2a: Snorlax|40/100
|-unboost|p1a: Incineroar|spa|2
|
|upkeep
|turn|7
|
|t:|1621185386
|move|p1a: Incineroar|U-turn|p2a: Snorlax
|-damage|p2a: Snorlax|23/100
|
|t:|1621185389
|switch|p1a: Milotic|Milotic, F|90/100 par|[from]move: U-turn
|-damage|p1a: Milotic|77/100 par|[from] Stealth Rock
|move|p2a: Snorlax|Rest|p2a: Snorlax
|-status|p2a: Snorlax|slp|[from] move: Rest
|-heal|p2a: Snorlax|100/100 slp|[silent]
|
|-heal|p1a: Milotic|83/100 par|[from] item: Leftovers
|upkeep
|turn|8
|
|t:|1621185399
|switch|p2a: Ferroseed|Ferroseed, F|100/100
|move|p1a: Milotic|Scald|p2a: Ferroseed
|-resisted|p2a: Ferroseed
|-damage|p2a: Ferroseed|89/100
|
|-heal|p1a: Milotic|89/100 par|[from] item: Leftovers
|upkeep
|turn|9
|
|t:|1621185410
|switch|p1a: Incineroar|Incineroar, F|92/100
|-damage|p1a: Incineroar|67/100|[from] Stealth Rock
|-ability|p1a: Incineroar|Intimidate|boost
|-unboost|p2a: Ferroseed|atk|1
|move|p2a: Ferroseed|Spikes|p1a: Incineroar
|-sidestart|p1: Loidl|Spikes
|
|upkeep
|turn|10
|
|t:|1621185415
|switch|p2a: Snorlax|Snorlax, F|100/100 slp
|move|p1a: Incineroar|Overheat|p2a: Snorlax
|-damage|p2a: Snorlax|92/100 slp
|-unboost|p1a: Incineroar|spa|2
|
|upkeep
|turn|11
|
|t:|1621185421
|move|p1a: Incineroar|U-turn|p2a: Snorlax
|-damage|p2a: Snorlax|74/100 slp
|
|t:|1621185424
|switch|p1a: Noivern|Noivern, F|100/100|[from]move: U-turn
|cant|p2a: Snorlax|slp
|move|p2a: Snorlax|Sleep Talk|p2a: Snorlax
|move|p2a: Snorlax|Body Slam|p1a: Noivern|[from]move: Sleep Talk
|-damage|p1a: Noivern|63/100
|
|upkeep
|turn|12
|
|t:|1621185427
|move|p1a: Noivern|Defog|p2a: Snorlax
|-unboost|p2a: Snorlax|evasion|1
|-sideend|p1: Loidl|Spikes|[from] move: Defog|[of] p1a: Noivern
|-sideend|p1: Loidl|Stealth Rock|[from] move: Defog|[of] p1a: Noivern
|cant|p2a: Snorlax|slp
|move|p2a: Snorlax|Sleep Talk|p2a: Snorlax
|move|p2a: Snorlax|Rest||[from]move: Sleep Talk|[still]
|-fail|p2a: Snorlax
|
|upkeep
|turn|13
|
|t:|1621185437
|move|p1a: Noivern|U-turn|p2a: Snorlax
|-damage|p2a: Snorlax|63/100 slp
|
|t:|1621185439
|switch|p1a: Milotic|Milotic, F|89/100 par|[from]move: U-turn
|-curestatus|p2a: Snorlax|slp|[msg]
|move|p2a: Snorlax|Body Slam|p1a: Milotic
|-damage|p1a: Milotic|74/100 par
|
|-heal|p1a: Milotic|80/100 par|[from] item: Leftovers
|upkeep
|turn|14
|
|t:|1621185444
|switch|p2a: Ferroseed|Ferroseed, F|89/100
|move|p1a: Milotic|Scald|p2a: Ferroseed
|-resisted|p2a: Ferroseed
|-damage|p2a: Ferroseed|77/100
|
|-heal|p1a: Milotic|86/100 par|[from] item: Leftovers
|upkeep
|turn|15
|
|t:|1621185450
|switch|p1a: Noivern|Noivern, F|63/100
|move|p2a: Ferroseed|Stealth Rock|p1a: Noivern
|-sidestart|p1: Loidl|move: Stealth Rock
|
|upkeep
|turn|16
|
|t:|1621185457
|switch|p2a: Suicune|Suicune|100/100
|-ability|p2a: Suicune|Pressure
|move|p1a: Noivern|Defog|p2a: Suicune
|-unboost|p2a: Suicune|evasion|1
|-sideend|p1: Loidl|Stealth Rock|[from] move: Defog|[of] p1a: Noivern
|
|upkeep
|turn|17
|
|t:|1621185459
|switch|p1a: Toxicroak|Toxicroak, M|100/100
|move|p2a: Suicune|Calm Mind|p2a: Suicune
|-boost|p2a: Suicune|spa|1
|-boost|p2a: Suicune|spd|1
|
|upkeep
|turn|18
|
|t:|1621185469
|switch|p2a: Sableye|Sableye, M|94/100 tox
|move|p1a: Toxicroak|Nasty Plot|p1a: Toxicroak
|-boost|p1a: Toxicroak|spa|2
|
|-heal|p2a: Sableye|100/100 tox|[from] item: Leftovers
|-damage|p2a: Sableye|94/100 tox|[from] psn
|upkeep
|turn|19
|
|t:|1621185472
|switch|p1a: Incineroar|Incineroar, F|67/100
|-ability|p1a: Incineroar|Intimidate|boost
|-unboost|p2a: Sableye|atk|1
|move|p2a: Sableye|Encore|p1a: Incineroar
|-hint|Since gen 7, Dark is immune to Prankster moves.
|-immune|p1a: Incineroar
|
|-heal|p2a: Sableye|100/100 tox|[from] item: Leftovers
|-damage|p2a: Sableye|88/100 tox|[from] psn
|upkeep
|turn|20
|
|t:|1621185480
|switch|p2a: Snorlax|Snorlax, F|63/100
|move|p1a: Incineroar|Knock Off|p2a: Snorlax
|-damage|p2a: Snorlax|40/100
|
|upkeep
|turn|21
|
|t:|1621185488
|move|p1a: Incineroar|U-turn|p2a: Snorlax
|-damage|p2a: Snorlax|22/100
|
|t:|1621185492
|switch|p1a: Milotic|Milotic, F|86/100 par|[from]move: U-turn
|move|p2a: Snorlax|Rest|p2a: Snorlax
|-status|p2a: Snorlax|slp|[from] move: Rest
|-heal|p2a: Snorlax|100/100 slp|[silent]
|
|-heal|p1a: Milotic|92/100 par|[from] item: Leftovers
|upkeep
|turn|22
|
|t:|1621185496
|switch|p2a: Ferroseed|Ferroseed, F|77/100
|cant|p1a: Milotic|par
|
|-heal|p1a: Milotic|98/100 par|[from] item: Leftovers
|upkeep
|turn|23
|
|t:|1621185502
|switch|p1a: Noivern|Noivern, F|63/100
|move|p2a: Ferroseed|Leech Seed|p1a: Noivern|[miss]
|-miss|p2a: Ferroseed|p1a: Noivern
|
|upkeep
|turn|24
|
|t:|1621185507
|switch|p2a: Snorlax|Snorlax, F|100/100 slp
|move|p1a: Noivern|Flamethrower|p2a: Snorlax
|-damage|p2a: Snorlax|95/100 slp
|
|upkeep
|turn|25
|
|t:|1621185511
|switch|p1a: Milotic|Milotic, F|98/100 par
|cant|p2a: Snorlax|slp
|move|p2a: Snorlax|Sleep Talk|p2a: Snorlax
|move|p2a: Snorlax|Body Slam|p1a: Milotic|[from]move: Sleep Talk
|-damage|p1a: Milotic|83/100 par
|
|-heal|p1a: Milotic|89/100 par|[from] item: Leftovers
|upkeep
|turn|26
|
|t:|1621185516
|move|p1a: Milotic|Scald|p2a: Snorlax
|-damage|p2a: Snorlax|83/100 slp
|cant|p2a: Snorlax|slp
|move|p2a: Snorlax|Sleep Talk|p2a: Snorlax
|move|p2a: Snorlax|Body Slam|p1a: Milotic|[from]move: Sleep Talk
|-damage|p1a: Milotic|74/100 par
|
|-heal|p1a: Milotic|80/100 par|[from] item: Leftovers
|upkeep
|turn|27
|
|t:|1621185527
|cant|p1a: Milotic|par
|-curestatus|p2a: Snorlax|slp|[msg]
|move|p2a: Snorlax|Body Slam|p1a: Milotic
|-damage|p1a: Milotic|65/100 par
|
|-heal|p1a: Milotic|71/100 par|[from] item: Leftovers
|upkeep
|turn|28
|
|t:|1621185530
|switch|p2a: Ferroseed|Ferroseed, F|77/100
|cant|p1a: Milotic|par
|
|-heal|p1a: Milotic|78/100 par|[from] item: Leftovers
|upkeep
|turn|29
|
|t:|1621185532
|switch|p1a: Noivern|Noivern, F|63/100
|move|p2a: Ferroseed|Leech Seed|p1a: Noivern
|-start|p1a: Noivern|move: Leech Seed
|
|-damage|p1a: Noivern|51/100|[from] Leech Seed|[of] p2a: Ferroseed
|-heal|p2a: Ferroseed|93/100|[silent]
|upkeep
|turn|30
|
|t:|1621185537
|switch|p2a: Snorlax|Snorlax, F|83/100
|move|p1a: Noivern|Flamethrower|p2a: Snorlax
|-damage|p2a: Snorlax|77/100
|
|-damage|p1a: Noivern|39/100|[from] Leech Seed|[of] p2a: Snorlax
|-heal|p2a: Snorlax|86/100|[silent]
|upkeep
|turn|31
|
|t:|1621185541
|switch|p1a: Milotic|Milotic, F|78/100 par
|move|p2a: Snorlax|Body Slam|p1a: Milotic
|-damage|p1a: Milotic|63/100 par
|
|-heal|p1a: Milotic|69/100 par|[from] item: Leftovers
|upkeep
|turn|32
|
|t:|1621185543
|switch|p2a: Ferroseed|Ferroseed, F|93/100
|move|p1a: Milotic|Toxic|p2a: Ferroseed
|-immune|p2a: Ferroseed
|
|-heal|p1a: Milotic|75/100 par|[from] item: Leftovers
|upkeep
|turn|33
|
|t:|1621185546
|switch|p1a: Noivern|Noivern, F|39/100
|move|p2a: Ferroseed|Leech Seed|p1a: Noivern
|-start|p1a: Noivern|move: Leech Seed
|
|-damage|p1a: Noivern|26/100|[from] Leech Seed|[of] p2a: Ferroseed
|-heal|p2a: Ferroseed|100/100|[silent]
|upkeep
|turn|34
|
|t:|1621185549
|switch|p2a: Snorlax|Snorlax, F|86/100
|move|p1a: Noivern|U-turn|p2a: Snorlax
|-crit|p2a: Snorlax
|-damage|p2a: Snorlax|72/100
|
|t:|1621185553
|switch|p1a: Milotic|Milotic, F|75/100 par|[from]move: U-turn
|
|-heal|p1a: Milotic|81/100 par|[from] item: Leftovers
|upkeep
|turn|35
|
|t:|1621185558
|switch|p2a: Ferroseed|Ferroseed, F|100/100
|cant|p1a: Milotic|par
|
|-heal|p1a: Milotic|87/100 par|[from] item: Leftovers
|upkeep
|turn|36
|
|t:|1621185569
|switch|p1a: Zarude|Zarude-Dada|100/100
|move|p2a: Ferroseed|Leech Seed|p1a: Zarude
|-immune|p1a: Zarude
|
|upkeep
|turn|37
|
|t:|1621185574
|switch|p1a: Noivern|Noivern, F|26/100
|move|p2a: Ferroseed|Stealth Rock|p1a: Noivern
|-sidestart|p1: Loidl|move: Stealth Rock
|
|upkeep
|turn|38
|
|t:|1621185577
|switch|p2a: Snorlax|Snorlax, F|72/100
|move|p1a: Noivern|Defog|p2a: Snorlax
|-unboost|p2a: Snorlax|evasion|1
|-sideend|p1: Loidl|Stealth Rock|[from] move: Defog|[of] p1a: Noivern
|
|upkeep
|turn|39
|
|t:|1621185583
|move|p1a: Noivern|U-turn|p2a: Snorlax
|-damage|p2a: Snorlax|62/100
|
|t:|1621185586
|switch|p1a: Milotic|Milotic, F|87/100 par|[from]move: U-turn
|move|p2a: Snorlax|Body Slam|p1a: Milotic
|-damage|p1a: Milotic|73/100 par
|
|-heal|p1a: Milotic|79/100 par|[from] item: Leftovers
|upkeep
|turn|40
|
|t:|1621185590
|switch|p2a: Ferroseed|Ferroseed, F|100/100
|cant|p1a: Milotic|par
|
|-heal|p1a: Milotic|85/100 par|[from] item: Leftovers
|upkeep
|turn|41
|
|t:|1621185595
|switch|p1a: Noivern|Noivern, F|26/100
|move|p2a: Ferroseed|Stealth Rock|p1a: Noivern
|-sidestart|p1: Loidl|move: Stealth Rock
|
|upkeep
|turn|42
|
|t:|1621185597
|move|p1a: Noivern|Defog|p2a: Ferroseed
|-unboost|p2a: Ferroseed|evasion|1
|-sideend|p1: Loidl|Stealth Rock|[from] move: Defog|[of] p1a: Noivern
|move|p2a: Ferroseed|Leech Seed|p1a: Noivern
|-start|p1a: Noivern|move: Leech Seed
|
|-damage|p1a: Noivern|14/100|[from] Leech Seed|[of] p2a: Ferroseed
|upkeep
|turn|43
|
|t:|1621185603
|switch|p1a: Incineroar|Incineroar, F|67/100
|-ability|p1a: Incineroar|Intimidate|boost
|-unboost|p2a: Ferroseed|atk|1
|switch|p2a: Snorlax|Snorlax, F|62/100
|
|upkeep
|turn|44
|
|t:|1621185607
|move|p1a: Incineroar|U-turn|p2a: Snorlax
|-damage|p2a: Snorlax|46/100
|
|t:|1621185610
|switch|p1a: Milotic|Milotic, F|85/100 par|[from]move: U-turn
|move|p2a: Snorlax|Rest|p2a: Snorlax
|-status|p2a: Snorlax|slp|[from] move: Rest
|-heal|p2a: Snorlax|100/100 slp|[silent]
|
|-heal|p1a: Milotic|91/100 par|[from] item: Leftovers
|upkeep
|turn|45
|
|t:|1621185615
|switch|p1a: Noivern|Noivern, F|14/100
|switch|p2a: Ferroseed|Ferroseed, F|100/100
|
|upkeep
|turn|46
|
|t:|1621185617
|switch|p2a: Snorlax|Snorlax, F|100/100 slp
|move|p1a: Noivern|Flamethrower|p2a: Snorlax
|-damage|p2a: Snorlax|94/100 slp
|
|upkeep
|turn|47
|
|t:|1621185623
|switch|p1a: Zarude|Zarude-Dada|100/100
|cant|p2a: Snorlax|slp
|move|p2a: Snorlax|Sleep Talk|p2a: Snorlax
|move|p2a: Snorlax|Rest||[from]move: Sleep Talk|[still]
|-fail|p2a: Snorlax
|
|upkeep
|turn|48
|
|t:|1621185627
|switch|p2a: Ferroseed|Ferroseed, F|100/100
|move|p1a: Zarude|Close Combat|p2a: Ferroseed
|-supereffective|p2a: Ferroseed
|-crit|p2a: Ferroseed
|-damage|p2a: Ferroseed|33/100
|-unboost|p1a: Zarude|def|1
|-unboost|p1a: Zarude|spd|1
|-damage|p1a: Zarude|88/100|[from] ability: Iron Barbs|[of] p2a: Ferroseed
|
|upkeep
|turn|49
|
|t:|1621185631
|switch|p2a: Mudsdale|Mudsdale, F|100/100
|move|p1a: Zarude|Close Combat|p2a: Mudsdale
|-damage|p2a: Mudsdale|76/100
|-unboost|p1a: Zarude|def|1
|-unboost|p1a: Zarude|spd|1
|-ability|p2a: Mudsdale|Stamina|boost
|-boost|p2a: Mudsdale|def|1
|
|-heal|p2a: Mudsdale|82/100|[from] item: Leftovers
|upkeep
|turn|50
|
|t:|1621185636
|switch|p1a: Milotic|Milotic, F|91/100 par
|move|p2a: Mudsdale|Rest|p2a: Mudsdale
|-status|p2a: Mudsdale|slp|[from] move: Rest
|-heal|p2a: Mudsdale|100/100 slp|[silent]
|
|-heal|p1a: Milotic|97/100 par|[from] item: Leftovers
|upkeep
|turn|51
|
|t:|1621185639
|switch|p2a: Ferroseed|Ferroseed, F|33/100
|move|p1a: Milotic|Scald|p2a: Ferroseed
|-resisted|p2a: Ferroseed
|-damage|p2a: Ferroseed|21/100
|
|-heal|p1a: Milotic|100/100 par|[from] item: Leftovers
|upkeep
|turn|52
|
|t:|1621185649
|switch|p1a: Zarude|Zarude-Dada|88/100
|move|p2a: Ferroseed|Stealth Rock|p1a: Zarude
|-sidestart|p1: Loidl|move: Stealth Rock
|
|upkeep
|turn|53
|
|t:|1621185662
|move|p1a: Zarude|Close Combat|p2a: Ferroseed
|-supereffective|p2a: Ferroseed
|-damage|p2a: Ferroseed|0 fnt
|-unboost|p1a: Zarude|def|1
|-unboost|p1a: Zarude|spd|1
|-damage|p1a: Zarude|76/100|[from] ability: Iron Barbs|[of] p2a: Ferroseed
|faint|p2a: Ferroseed
|
|upkeep
|
|t:|1621185668
|switch|p2a: Mudsdale|Mudsdale, F|100/100 slp
|turn|54
|
|t:|1621185672
|switch|p1a: Noivern|Noivern, F|14/100
|cant|p2a: Mudsdale|slp
|move|p2a: Mudsdale|Sleep Talk|p2a: Mudsdale
|move|p2a: Mudsdale|Body Press|p1a: Noivern|[from]move: Sleep Talk
|-resisted|p1a: Noivern
|-damage|p1a: Noivern|1/100
|
|upkeep
|turn|55
|
|t:|1621185677
|move|p1a: Noivern|Defog|p2a: Mudsdale
|-unboost|p2a: Mudsdale|evasion|1
|-sideend|p1: Loidl|Stealth Rock|[from] move: Defog|[of] p1a: Noivern
|cant|p2a: Mudsdale|slp
|move|p2a: Mudsdale|Sleep Talk|p2a: Mudsdale
|move|p2a: Mudsdale|Rest||[from]move: Sleep Talk|[still]
|-fail|p2a: Mudsdale
|
|upkeep
|turn|56
|
|t:|1621185686
|move|p1a: Noivern|Draco Meteor|p2a: Mudsdale
|-damage|p2a: Mudsdale|47/100 slp
|-unboost|p1a: Noivern|spa|2
|-ability|p2a: Mudsdale|Stamina|boost
|-boost|p2a: Mudsdale|def|1
|-curestatus|p2a: Mudsdale|slp|[msg]
|move|p2a: Mudsdale|Body Press|p1a: Noivern
|-resisted|p1a: Noivern
|-damage|p1a: Noivern|0 fnt
|faint|p1a: Noivern
|
|-heal|p2a: Mudsdale|53/100|[from] item: Leftovers
|upkeep
|
|t:|1621185694
|switch|p1a: Milotic|Milotic, F|100/100 par
|turn|57
|
|t:|1621185698
|move|p2a: Mudsdale|Rest|p2a: Mudsdale
|-status|p2a: Mudsdale|slp|[from] move: Rest
|-heal|p2a: Mudsdale|100/100 slp|[silent]
|cant|p1a: Milotic|par
|
|upkeep
|turn|58
|
|t:|1621185708
|switch|p2a: Hitmonlee|Hitmonlee, M|100/100
|move|p1a: Milotic|Scald|p2a: Hitmonlee
|-damage|p2a: Hitmonlee|63/100
|
|upkeep
|turn|59
|
|t:|1621185711
|move|p2a: Hitmonlee|High Jump Kick|p1a: Milotic|[miss]
|-miss|p2a: Hitmonlee|p1a: Milotic
|-damage|p2a: Hitmonlee|13/100|[from] highjumpkick
|move|p1a: Milotic|Scald|p2a: Hitmonlee
|-damage|p2a: Hitmonlee|0 fnt
|faint|p2a: Hitmonlee
|
|upkeep
|
|t:|1621185718
|switch|p2a: Suicune|Suicune|100/100
|-ability|p2a: Suicune|Pressure
|turn|60
|
|t:|1621185724
|switch|p1a: Toxicroak|Toxicroak, M|100/100
|move|p2a: Suicune|Calm Mind|p2a: Suicune
|-boost|p2a: Suicune|spa|1
|-boost|p2a: Suicune|spd|1
|
|upkeep
|turn|61
|
|t:|1621185727
|move|p1a: Toxicroak|Nasty Plot|p1a: Toxicroak
|-boost|p1a: Toxicroak|spa|2
|move|p2a: Suicune|Scald|p1a: Toxicroak
|-immune|p1a: Toxicroak|[from] ability: Dry Skin
|
|upkeep
|turn|62
|
|t:|1621185734
|switch|p2a: Snorlax|Snorlax, F|94/100 slp
|move|p1a: Toxicroak|Sludge Wave|p2a: Snorlax
|-crit|p2a: Snorlax
|-damage|p2a: Snorlax|31/100 slp
|-damage|p1a: Toxicroak|91/100|[from] item: Life Orb
|
|upkeep
|turn|63
|
|t:|1621185738
|move|p1a: Toxicroak|Vacuum Wave|p2a: Snorlax
|-supereffective|p2a: Snorlax
|-damage|p2a: Snorlax|0 fnt
|faint|p2a: Snorlax
|-damage|p1a: Toxicroak|81/100|[from] item: Life Orb
|
|upkeep
|
|t:|1621185741
|switch|p2a: Suicune|Suicune|100/100
|-ability|p2a: Suicune|Pressure
|turn|64
|
|t:|1621185745
|move|p1a: Toxicroak|Sludge Wave|p2a: Suicune
|-damage|p2a: Suicune|26/100
|-damage|p1a: Toxicroak|71/100|[from] item: Life Orb
|move|p2a: Suicune|Calm Mind|p2a: Suicune
|-boost|p2a: Suicune|spa|1
|-boost|p2a: Suicune|spd|1
|
|-heal|p2a: Suicune|32/100|[from] item: Leftovers
|upkeep
|turn|65
|
|t:|1621185752
|move|p1a: Toxicroak|Sludge Wave|p2a: Suicune
|-damage|p2a: Suicune|0 fnt
|faint|p2a: Suicune
|-damage|p1a: Toxicroak|61/100|[from] item: Life Orb
|
|upkeep
|c|☆ChickenNuggetScoon|fkj you
|c|☆Loidl|?
|-message|ChickenNuggetScoon forfeited.
|
|win|Loidl
|l|☆ChickenNuggetScoon
|raw|Loidl's rating: 1226 &rarr; <strong>1263</strong><br />(+37 for winning)
|raw|ChickenNuggetScoon's rating: 1402 &rarr; <strong>1373</strong><br />(-29 for losing)
