|raw|<div class="broadcast-blue"><strong>This battle is required to be public due to a player having a name starting with 'rult70'.</div>
|j|☆Rult70B evidith
|j|☆RULT70E Elfu
|t:|1626897253
|gametype|singles
|player|p1|Rult70B evidith|lass-gen4dp|1444
|player|p2|RULT70E Elfu|cyclist|1353
|teamsize|p1|6
|teamsize|p2|6
|gen|8
|tier|[Gen 8] RU
|rated|
|rule|Sleep Clause Mod: Limit one foe put to sleep
|rule|Species Clause: Limit one of each Pokémon
|rule|OHKO Clause: OHKO moves are banned
|rule|Evasion Moves Clause: Evasion moves are banned
|rule|Endless Battle Clause: Forcing endless battles is banned
|rule|HP Percentage Mod: HP is shown in percentages
|rule|Dynamax Clause: You cannot dynamax
|clearpoke
|poke|p1|Indeedee, M|
|poke|p1|Mienshao, M|
|poke|p1|Whimsicott, M|
|poke|p1|Marowak-Alola, F|
|poke|p1|Starmie|
|poke|p1|Escavalier, M|
|poke|p2|Politoed, M|
|poke|p2|Barraskewda, F|
|poke|p2|Seismitoad, M|
|poke|p2|Heliolisk, F|
|poke|p2|Klefki, F|
|poke|p2|Tornadus, M|
|teampreview
|c|☆Rult70B evidith|sigh
|
|t:|1626897280
|start
|switch|p1a: Indeedee|Indeedee, M|100/100
|switch|p2a: Heliolisk|Heliolisk, F|100/100
|-fieldstart|move: Psychic Terrain|[from] ability: Psychic Surge|[of] p1a: Indeedee
|turn|1
|
|t:|1626897294
|move|p2a: Heliolisk|Volt Switch|p1a: Indeedee
|-damage|p1a: Indeedee|45/100
|-damage|p2a: Heliolisk|91/100|[from] item: Life Orb
|
|t:|1626897300
|switch|p2a: Klefki|Klefki, F|100/100|[from]move: Volt Switch
|move|p1a: Indeedee|Expanding Force|p2a: Klefki
|-resisted|p2a: Klefki
|-damage|p2a: Klefki|37/100
|-enditem|p2a: Klefki|Eject Button
|j| RULT70M Art
|
|t:|1626897311
|switch|p2a: Heliolisk|Heliolisk, F|91/100
|
|upkeep
|turn|2
|
|t:|1626897328
|switch|p1a: Marowak|Marowak-Alola, F|100/100
|move|p2a: Heliolisk|Volt Switch|p1a: Marowak
|-ability|p1a: Marowak|Lightning Rod|boost
|-boost|p1a: Marowak|spa|1
|
|upkeep
|turn|3
|j|+Feliburn
|
|t:|1626897345
|switch|p2a: Politoed|Politoed, M|100/100
|-weather|RainDance|[from] ability: Drizzle|[of] p2a: Politoed
|move|p1a: Marowak|Stealth Rock|p2a: Politoed
|-sidestart|p2: RULT70E Elfu|move: Stealth Rock
|
|-weather|RainDance|[upkeep]
|upkeep
|turn|4
|l| RULT70M Art
|
|t:|1626897355
|switch|p1a: Starmie|Starmie|100/100
|move|p2a: Politoed|Scald|p1a: Starmie
|-resisted|p1a: Starmie
|-damage|p1a: Starmie|76/100
|
|-weather|RainDance|[upkeep]
|upkeep
|turn|5
|
|t:|1626897366
|switch|p2a: Seismitoad|Seismitoad, M|100/100
|-damage|p2a: Seismitoad|95/100|[from] Stealth Rock
|move|p1a: Starmie|Toxic|p2a: Seismitoad
|-status|p2a: Seismitoad|tox
|
|-weather|RainDance|[upkeep]
|-damage|p2a: Seismitoad|89/100 tox|[from] psn
|-fieldend|move: Psychic Terrain
|upkeep
|turn|6
|
|t:|1626897384
|move|p2a: Seismitoad|Weather Ball|p1a: Starmie
|-resisted|p1a: Starmie
|-damage|p1a: Starmie|18/100
|move|p1a: Starmie|Recover|p1a: Starmie
|-heal|p1a: Starmie|68/100
|
|-weather|RainDance|[upkeep]
|-damage|p2a: Seismitoad|77/100 tox|[from] psn
|upkeep
|turn|7
|
|t:|1626897398
|move|p2a: Seismitoad|Weather Ball|p1a: Starmie
|-resisted|p1a: Starmie
|-damage|p1a: Starmie|6/100
|move|p1a: Starmie|Recover|p1a: Starmie
|-heal|p1a: Starmie|56/100
|
|-weather|RainDance|[upkeep]
|-damage|p2a: Seismitoad|59/100 tox|[from] psn
|upkeep
|turn|8
|
|t:|1626897415
|move|p2a: Seismitoad|Weather Ball|p1a: Starmie
|-resisted|p1a: Starmie
|-damage|p1a: Starmie|0 fnt
|faint|p1a: Starmie
|
|-weather|RainDance|[upkeep]
|-damage|p2a: Seismitoad|35/100 tox|[from] psn
|upkeep
|
|t:|1626897433
|switch|p1a: Whimsicott|Whimsicott, M|100/100
|turn|9
|
|t:|1626897445
|move|p2a: Seismitoad|Weather Ball|p1a: Whimsicott
|-resisted|p1a: Whimsicott
|-damage|p1a: Whimsicott|23/100
|move|p1a: Whimsicott|Moonblast|p2a: Seismitoad
|-damage|p2a: Seismitoad|0 fnt
|faint|p2a: Seismitoad
|
|-weather|RainDance|[upkeep]
|upkeep
|
|t:|1626897454
|switch|p2a: Barraskewda|Barraskewda, F|100/100
|-damage|p2a: Barraskewda|88/100|[from] Stealth Rock
|turn|10
|
|t:|1626897463
|move|p2a: Barraskewda|Aqua Jet|p1a: Whimsicott
|-resisted|p1a: Whimsicott
|-damage|p1a: Whimsicott|0 fnt
|faint|p1a: Whimsicott
|
|-weather|none
|upkeep
|
|t:|1626897474
|switch|p1a: Indeedee|Indeedee, M|45/100
|-fieldstart|move: Psychic Terrain|[from] ability: Psychic Surge|[of] p1a: Indeedee
|turn|11
|
|t:|1626897494
|switch|p2a: Klefki|Klefki, F|37/100
|-damage|p2a: Klefki|31/100|[from] Stealth Rock
|move|p1a: Indeedee|Expanding Force|p2a: Klefki
|-resisted|p2a: Klefki
|-damage|p2a: Klefki|0 fnt
|faint|p2a: Klefki
|
|upkeep
|
|t:|1626897554
|switch|p2a: Tornadus|Tornadus, M|100/100
|turn|12
|
|t:|1626897581
|move|p2a: Tornadus|Knock Off|p1a: Indeedee
|-supereffective|p1a: Indeedee
|-damage|p1a: Indeedee|0 fnt
|-enditem|p1a: Indeedee|Choice Specs|[from] move: Knock Off|[of] p2a: Tornadus
|faint|p1a: Indeedee
|
|upkeep
|-message|Rult70B evidith forfeited.
|
|win|RULT70E Elfu
|l|☆Rult70B evidith
|raw|Rult70B evidith's rating: 1453 &rarr; <strong>1427</strong><br />(-26 for losing)
|raw|RULT70E Elfu's rating: 1353 &rarr; <strong>1379</strong><br />(+26 for winning)
|l|☆RULT70E Elfu
