|j|☆blueberry girl
|j|☆Glidinganteater
|t:|1623602765
|gametype|singles
|player|p1|blueberry girl|aromalady|1396
|player|p2|Glidinganteater|palmer|1552
|teamsize|p1|6
|teamsize|p2|6
|gen|8
|tier|[Gen 8] RU
|rated|
|rule|Sleep Clause Mod: Limit one foe put to sleep
|rule|Species Clause: Limit one of each Pokémon
|rule|OHKO Clause: OHKO moves are banned
|rule|Evasion Moves Clause: Evasion moves are banned
|rule|Endless Battle Clause: Forcing endless battles is banned
|rule|HP Percentage Mod: HP is shown in percentages
|rule|Dynamax Clause: You cannot dynamax
|clearpoke
|poke|p1|Accelgor, F|
|poke|p1|Polteageist|
|poke|p1|Mienshao, F|
|poke|p1|Golisopod, F|
|poke|p1|Weezing-Galar, F|
|poke|p1|Toxtricity, M|
|poke|p2|Cresselia, F|
|poke|p2|Diancie|
|poke|p2|Cobalion|
|poke|p2|Gastrodon-East, M|
|poke|p2|Golisopod, M|
|poke|p2|Dhelmise|
|teampreview
|
|t:|1623602785
|start
|switch|p1a: Accelgor|Accelgor, F|100/100
|switch|p2a: Dhelmise|Dhelmise|100/100
|turn|1
|
|t:|1623602790
|move|p1a: Accelgor|Spikes|p2a: Dhelmise
|-sidestart|p2: Glidinganteater|Spikes
|move|p2a: Dhelmise|Poltergeist|p1a: Accelgor
|-activate|p1a: Accelgor|move: Poltergeist|Focus Sash
|-enditem|p1a: Accelgor|Focus Sash
|-damage|p1a: Accelgor|1/100
|
|upkeep
|turn|2
|
|t:|1623602794
|move|p1a: Accelgor|Encore|p2a: Dhelmise
|-start|p2a: Dhelmise|Encore
|move|p2a: Dhelmise|Poltergeist||[still]
|-fail|p2a: Dhelmise
|
|upkeep
|turn|3
|
|t:|1623602806
|switch|p2a: Golisopod|Golisopod, M|100/100
|move|p1a: Accelgor|Spikes|p2a: Golisopod
|-sidestart|p2: Glidinganteater|Spikes
|
|upkeep
|turn|4
|
|t:|1623602811
|switch|p1a: Weezing|Weezing-Galar, F|100/100
|-ability|p1a: Weezing|Neutralizing Gas
|move|p2a: Golisopod|First Impression|p1a: Weezing
|-resisted|p1a: Weezing
|-damage|p1a: Weezing|93/100
|-damage|p2a: Golisopod|84/100|[from] item: Rocky Helmet|[of] p1a: Weezing
|
|upkeep
|turn|5
|
|t:|1623602826
|-end|p1a: Weezing|ability: Neutralizing Gas
|switch|p1a: Toxtricity|Toxtricity, M|100/100
|switch|p2a: Gastrodon|Gastrodon-East, M|100/100
|-damage|p2a: Gastrodon|84/100|[from] Spikes
|
|-heal|p2a: Gastrodon|90/100|[from] item: Leftovers
|upkeep
|turn|6
|
|t:|1623602850
|switch|p1a: Golisopod|Golisopod, F|100/100
|move|p2a: Gastrodon|Earth Power|p1a: Golisopod
|-resisted|p1a: Golisopod
|-damage|p1a: Golisopod|87/100
|
|-heal|p2a: Gastrodon|96/100|[from] item: Leftovers
|upkeep
|turn|7
|
|t:|1623602857
|move|p1a: Golisopod|Knock Off|p2a: Gastrodon
|-damage|p2a: Gastrodon|69/100
|-enditem|p2a: Gastrodon|Leftovers|[from] move: Knock Off|[of] p1a: Golisopod
|move|p2a: Gastrodon|Toxic|p1a: Golisopod
|-status|p1a: Golisopod|tox
|
|-damage|p1a: Golisopod|80/100 tox|[from] psn
|upkeep
|turn|8
|
|t:|1623602862
|switch|p1a: Accelgor|Accelgor, F|1/100
|move|p2a: Gastrodon|Recover|p2a: Gastrodon
|-heal|p2a: Gastrodon|100/100
|
|upkeep
|turn|9
|
|t:|1623602898
|switch|p2a: Golisopod|Golisopod, M|84/100
|move|p1a: Accelgor|Encore||[still]
|-fail|p1a: Accelgor
|
|upkeep
|turn|10
|
|t:|1623602906
|switch|p1a: Weezing|Weezing-Galar, F|93/100
|-ability|p1a: Weezing|Neutralizing Gas
|move|p2a: Golisopod|Knock Off|p1a: Weezing
|-resisted|p1a: Weezing
|-damage|p1a: Weezing|80/100
|-damage|p2a: Golisopod|68/100|[from] item: Rocky Helmet|[of] p1a: Weezing
|-enditem|p1a: Weezing|Rocky Helmet|[from] move: Knock Off|[of] p2a: Golisopod
|
|upkeep
|turn|11
|
|t:|1623602916
|switch|p2a: Gastrodon|Gastrodon-East, M|100/100
|-damage|p2a: Gastrodon|84/100|[from] Spikes
|move|p1a: Weezing|Sludge Bomb|p2a: Gastrodon
|-resisted|p2a: Gastrodon
|-damage|p2a: Gastrodon|72/100
|
|upkeep
|turn|12
|
|t:|1623602929
|-end|p1a: Weezing|ability: Neutralizing Gas
|switch|p1a: Accelgor|Accelgor, F|1/100
|move|p2a: Gastrodon|Recover|p2a: Gastrodon
|-heal|p2a: Gastrodon|100/100
|
|upkeep
|turn|13
|
|t:|1623602934
|move|p1a: Accelgor|Spikes|p2a: Gastrodon
|-sidestart|p2: Glidinganteater|Spikes
|move|p2a: Gastrodon|Earth Power|p1a: Accelgor
|-resisted|p1a: Accelgor
|-damage|p1a: Accelgor|0 fnt
|faint|p1a: Accelgor
|
|upkeep
|
|t:|1623602941
|switch|p1a: Polteageist|Polteageist|100/100
|turn|14
|
|t:|1623602948
|move|p1a: Polteageist|Shell Smash|p1a: Polteageist
|-unboost|p1a: Polteageist|def|1
|-unboost|p1a: Polteageist|spd|1
|-boost|p1a: Polteageist|atk|2
|-boost|p1a: Polteageist|spa|2
|-boost|p1a: Polteageist|spe|2
|move|p2a: Gastrodon|Toxic|p1a: Polteageist
|-status|p1a: Polteageist|tox
|
|-damage|p1a: Polteageist|94/100 tox|[from] psn
|upkeep
|turn|15
|inactive|Battle timer is ON: inactive players will automatically lose when time's up. (requested by blueberry girl)
|
|t:|1623602988
|switch|p2a: Dhelmise|Dhelmise|100/100
|move|p1a: Polteageist|Giga Drain|p2a: Dhelmise
|-resisted|p2a: Dhelmise
|-crit|p2a: Dhelmise
|-damage|p2a: Dhelmise|56/100
|-heal|p1a: Polteageist|100/100 tox|[from] drain|[of] p2a: Dhelmise
|
|-damage|p1a: Polteageist|88/100 tox|[from] psn
|upkeep
|turn|16
|
|t:|1623603005
|move|p1a: Polteageist|Stored Power|p2a: Dhelmise
|-damage|p2a: Dhelmise|0 fnt
|faint|p2a: Dhelmise
|
|-damage|p1a: Polteageist|70/100 tox|[from] psn
|upkeep
|
|t:|1623603015
|switch|p2a: Golisopod|Golisopod, M|68/100
|turn|17
|
|t:|1623603026
|switch|p1a: Weezing|Weezing-Galar, F|80/100
|-ability|p1a: Weezing|Neutralizing Gas
|move|p2a: Golisopod|First Impression|p1a: Weezing
|-resisted|p1a: Weezing
|-damage|p1a: Weezing|72/100
|
|upkeep
|turn|18
|
|t:|1623603042
|move|p1a: Weezing|Sludge Bomb|p2a: Golisopod
|-damage|p2a: Golisopod|36/100
|move|p2a: Golisopod|Liquidation|p1a: Weezing
|-damage|p1a: Weezing|40/100
|
|upkeep
|turn|19
|
|t:|1623603059
|switch|p2a: Gastrodon|Gastrodon-East, M|100/100
|-damage|p2a: Gastrodon|76/100|[from] Spikes
|move|p1a: Weezing|Sludge Bomb|p2a: Gastrodon
|-resisted|p2a: Gastrodon
|-damage|p2a: Gastrodon|64/100
|
|upkeep
|turn|20
|
|t:|1623603071
|-end|p1a: Weezing|ability: Neutralizing Gas
|switch|p1a: Polteageist|Polteageist|70/100 tox
|move|p2a: Gastrodon|Recover|p2a: Gastrodon
|-heal|p2a: Gastrodon|100/100
|
|-damage|p1a: Polteageist|64/100 tox|[from] psn
|upkeep
|turn|21
|
|t:|1623603076
|switch|p2a: Cobalion|Cobalion|100/100
|-damage|p2a: Cobalion|76/100|[from] Spikes
|move|p1a: Polteageist|Giga Drain|p2a: Cobalion
|-resisted|p2a: Cobalion
|-damage|p2a: Cobalion|59/100
|-heal|p1a: Polteageist|74/100 tox|[from] drain|[of] p2a: Cobalion
|
|-damage|p1a: Polteageist|62/100 tox|[from] psn
|upkeep
|turn|22
|
|t:|1623603096
|switch|p1a: Golisopod|Golisopod, F|80/100 tox
|move|p2a: Cobalion|Iron Head|p1a: Golisopod
|-resisted|p1a: Golisopod
|-damage|p1a: Golisopod|69/100 tox
|
|-damage|p1a: Golisopod|62/100 tox|[from] psn
|upkeep
|turn|23
|
|t:|1623603125
|move|p1a: Golisopod|Aqua Jet|p2a: Cobalion
|-damage|p2a: Cobalion|40/100
|-damage|p1a: Golisopod|46/100 tox|[from] item: Rocky Helmet|[of] p2a: Cobalion
|-activate|p1a: Golisopod|ability: Emergency Exit
|
|t:|1623603136
|switch|p1a: Weezing|Weezing-Galar, F|40/100
|-ability|p1a: Weezing|Neutralizing Gas
|move|p2a: Cobalion|Volt Switch|p1a: Weezing
|-damage|p1a: Weezing|20/100
|
|t:|1623603147
|switch|p2a: Cresselia|Cresselia, F, shiny|100/100|[from]move: Volt Switch
|-damage|p2a: Cresselia|75/100|[from] Spikes
|
|-heal|p2a: Cresselia|82/100|[from] item: Leftovers
|upkeep
|turn|24
|
|t:|1623603159
|move|p2a: Cresselia|Substitute|p2a: Cresselia
|-start|p2a: Cresselia|Substitute
|-damage|p2a: Cresselia|57/100
|move|p1a: Weezing|Memento||[still]
|-fail|p1a: Weezing
|
|-heal|p2a: Cresselia|63/100|[from] item: Leftovers
|upkeep
|turn|25
|
|t:|1623603165
|-end|p1a: Weezing|ability: Neutralizing Gas
|switch|p1a: Golisopod|Golisopod, F|46/100 tox
|move|p2a: Cresselia|Calm Mind|p2a: Cresselia
|-boost|p2a: Cresselia|spa|1
|-boost|p2a: Cresselia|spd|1
|
|-heal|p2a: Cresselia|69/100|[from] item: Leftovers
|-damage|p1a: Golisopod|39/100 tox|[from] psn
|upkeep
|turn|26
|inactive|Glidinganteater has 120 seconds left.
|
|t:|1623603190
|move|p1a: Golisopod|First Impression|p2a: Cresselia
|-supereffective|p2a: Cresselia
|-end|p2a: Cresselia|Substitute
|move|p2a: Cresselia|Substitute|p2a: Cresselia
|-start|p2a: Cresselia|Substitute
|-damage|p2a: Cresselia|44/100
|
|-heal|p2a: Cresselia|50/100|[from] item: Leftovers
|-damage|p1a: Golisopod|27/100 tox|[from] psn
|upkeep
|turn|27
|inactive|Glidinganteater has 120 seconds left.
|
|t:|1623603205
|move|p2a: Cresselia|Moonblast|p1a: Golisopod
|-damage|p1a: Golisopod|0 fnt
|faint|p1a: Golisopod
|
|-heal|p2a: Cresselia|56/100|[from] item: Leftovers
|upkeep
|
|t:|1623603207
|switch|p1a: Mienshao|Mienshao, F|100/100
|turn|28
|
|t:|1623603213
|move|p1a: Mienshao|U-turn|p2a: Cresselia
|-supereffective|p2a: Cresselia
|-crit|p2a: Cresselia
|-end|p2a: Cresselia|Substitute
|
|t:|1623603217
|switch|p1a: Weezing|Weezing-Galar, F|20/100|[from]move: U-turn
|-ability|p1a: Weezing|Neutralizing Gas
|move|p2a: Cresselia|Moonblast|p1a: Weezing
|-resisted|p1a: Weezing
|-damage|p1a: Weezing|1/100
|-unboost|p1a: Weezing|spa|1
|
|-heal|p2a: Cresselia|63/100|[from] item: Leftovers
|upkeep
|turn|29
|
|t:|1623603224
|-end|p1a: Weezing|ability: Neutralizing Gas
|switch|p1a: Toxtricity|Toxtricity, M|100/100
|move|p2a: Cresselia|Substitute|p2a: Cresselia
|-start|p2a: Cresselia|Substitute
|-damage|p2a: Cresselia|38/100
|
|-heal|p2a: Cresselia|44/100|[from] item: Leftovers
|upkeep
|turn|30
|
|t:|1623603229
|move|p2a: Cresselia|Calm Mind|p2a: Cresselia
|-boost|p2a: Cresselia|spa|1
|-boost|p2a: Cresselia|spd|1
|move|p1a: Toxtricity|Volt Switch|p2a: Cresselia
|-activate|p2a: Cresselia|move: Substitute|[damage]
|
|t:|1623603240
|switch|p1a: Weezing|Weezing-Galar, F|1/100|[from]move: Volt Switch
|-ability|p1a: Weezing|Neutralizing Gas
|
|-heal|p2a: Cresselia|50/100|[from] item: Leftovers
|upkeep
|turn|31
|
|t:|1623603252
|move|p2a: Cresselia|Stored Power|p1a: Weezing
|-supereffective|p1a: Weezing
|-damage|p1a: Weezing|0 fnt
|faint|p1a: Weezing
|-end|p1a: Weezing|ability: Neutralizing Gas
|
|-heal|p2a: Cresselia|56/100|[from] item: Leftovers
|upkeep
|
|t:|1623603257
|switch|p1a: Toxtricity|Toxtricity, M|100/100
|turn|32
|
|t:|1623603259
|move|p2a: Cresselia|Stored Power|p1a: Toxtricity
|-supereffective|p1a: Toxtricity
|-damage|p1a: Toxtricity|0 fnt
|faint|p1a: Toxtricity
|
|-heal|p2a: Cresselia|62/100|[from] item: Leftovers
|upkeep
|
|t:|1623603264
|switch|p1a: Mienshao|Mienshao, F|100/100
|turn|33
|
|t:|1623603270
|move|p1a: Mienshao|U-turn|p2a: Cresselia
|-supereffective|p2a: Cresselia
|-end|p2a: Cresselia|Substitute
|
|t:|1623603271
|switch|p1a: Polteageist|Polteageist|62/100 tox|[from]move: U-turn
|move|p2a: Cresselia|Stored Power|p1a: Polteageist
|-damage|p1a: Polteageist|1/100 tox
|
|-heal|p2a: Cresselia|69/100|[from] item: Leftovers
|-damage|p1a: Polteageist|0 fnt|[from] psn
|faint|p1a: Polteageist
|upkeep
|
|t:|1623603274
|switch|p1a: Mienshao|Mienshao, F|100/100
|turn|34
|
|t:|1623603281
|move|p1a: Mienshao|Knock Off|p2a: Cresselia
|-supereffective|p2a: Cresselia
|-damage|p2a: Cresselia|33/100
|-enditem|p2a: Cresselia|Leftovers|[from] move: Knock Off|[of] p1a: Mienshao
|move|p2a: Cresselia|Stored Power|p1a: Mienshao
|-supereffective|p1a: Mienshao
|-damage|p1a: Mienshao|0 fnt
|faint|p1a: Mienshao
|
|win|Glidinganteater
|raw|blueberry girl's rating: 1396 &rarr; <strong>1384</strong><br />(-12 for losing)
|raw|Glidinganteater's rating: 1552 &rarr; <strong>1564</strong><br />(+12 for winning)
|l|☆blueberry girl
|c|☆Glidinganteater|Gg
