|j|☆maniac cop
|j|☆eifo
|t:|1668284230
|gametype|singles
|player|p1|maniac cop|policeman|1403
|player|p2|eifo|#ssdivmambas|1542
|teamsize|p1|6
|teamsize|p2|6
|gen|8
|tier|[Gen 8] RU
|rated|
|rule|Sleep Clause Mod: Limit one foe put to sleep
|rule|Species Clause: Limit one of each Pokémon
|rule|OHKO Clause: OHKO moves are banned
|rule|Evasion Items Clause: Evasion items are banned
|rule|Evasion Moves Clause: Evasion moves are banned
|rule|Endless Battle Clause: Forcing endless battles is banned
|rule|HP Percentage Mod: HP is shown in percentages
|rule|Dynamax Clause: You cannot dynamax
|clearpoke
|poke|p1|Metagross|
|poke|p1|Chandelure, F|
|poke|p1|Umbreon, F|
|poke|p1|Weezing-Galar, F|
|poke|p1|Seismitoad, M|
|poke|p1|Grimmsnarl, M|
|poke|p2|Flygon, F|
|poke|p2|Vileplume, F|
|poke|p2|Registeel|
|poke|p2|Raikou|
|poke|p2|Suicune|
|poke|p2|Gardevoir, F|
|teampreview
|inactive|Battle timer is ON: inactive players will automatically lose when time's up. (requested by maniac cop)
|inactive|eifo has 120 seconds left.
|
|t:|1668284274
|start
|switch|p1a: Seismitoad|Seismitoad, M|100/100
|switch|p2a: Registeel|Registeel|100/100
|turn|1
|
|t:|1668284280
|move|p1a: Seismitoad|Earthquake|p2a: Registeel
|-supereffective|p2a: Registeel
|-damage|p2a: Registeel|21/100
|move|p2a: Registeel|Toxic|p1a: Seismitoad
|-status|p1a: Seismitoad|tox
|
|-heal|p2a: Registeel|27/100|[from] item: Leftovers
|-damage|p1a: Seismitoad|95/100 tox|[from] psn
|upkeep
|turn|2
|
|t:|1668284293
|move|p2a: Registeel|Protect|p2a: Registeel
|-singleturn|p2a: Registeel|Protect
|move|p1a: Seismitoad|Knock Off|p2a: Registeel
|-activate|p2a: Registeel|move: Protect
|
|-heal|p2a: Registeel|33/100|[from] item: Leftovers
|-damage|p1a: Seismitoad|83/100 tox|[from] psn
|upkeep
|turn|3
|
|t:|1668284305
|switch|p2a: Vileplume|Vileplume, F|100/100
|move|p1a: Seismitoad|Earthquake|p2a: Vileplume
|-damage|p2a: Vileplume|65/100
|
|-damage|p1a: Seismitoad|65/100 tox|[from] psn
|upkeep
|turn|4
|
|t:|1668284314
|switch|p1a: Metagross|Metagross|100/100
|move|p2a: Vileplume|Sludge Bomb|p1a: Metagross
|-immune|p1a: Metagross
|
|upkeep
|turn|5
|
|t:|1668284320
|move|p1a: Metagross|Trick|p2a: Vileplume
|-activate|p1a: Metagross|move: Trick|[of] p2a: Vileplume
|-item|p2a: Vileplume|Choice Scarf|[from] move: Trick
|-item|p1a: Metagross|Heavy-Duty Boots|[from] move: Trick
|move|p2a: Vileplume|Strength Sap|p1a: Metagross
|-fail|p1a: Metagross|unboost|[from] ability: Clear Body|[of] p1a: Metagross
|-heal|p2a: Vileplume|100/100
|
|upkeep
|turn|6
|
|t:|1668284336
|switch|p2a: Suicune|Suicune|100/100
|-ability|p2a: Suicune|Pressure
|move|p1a: Metagross|Trick|p2a: Suicune
|-activate|p1a: Metagross|move: Trick|[of] p2a: Suicune
|-item|p2a: Suicune|Heavy-Duty Boots|[from] move: Trick
|-item|p1a: Metagross|Leftovers|[from] move: Trick
|
|upkeep
|turn|7
|
|t:|1668284356
|switch|p2a: Flygon|Flygon, F|100/100
|switch|p1a: Umbreon|Umbreon, F|100/100
|
|upkeep
|turn|8
|
|t:|1668284368
|move|p2a: Flygon|U-turn|p1a: Umbreon
|-supereffective|p1a: Umbreon
|-damage|p1a: Umbreon|76/100
|
|t:|1668284372
|switch|p2a: Registeel|Registeel|33/100|[from]move: U-turn
|move|p1a: Umbreon|Heal Bell|p1a: Umbreon
|-activate|p1a: Umbreon|move: Heal Bell
|-curestatus|p1: Seismitoad|tox|[msg]
|
|-heal|p1a: Umbreon|82/100|[from] item: Leftovers
|-heal|p2a: Registeel|40/100|[from] item: Leftovers
|upkeep
|turn|9
|j| Fog of Mud
|
|t:|1668284387
|switch|p1a: Chandelure|Chandelure, F|100/100
|move|p2a: Registeel|Stealth Rock|p1a: Chandelure
|-sidestart|p1: maniac cop|move: Stealth Rock
|
|-heal|p2a: Registeel|46/100|[from] item: Leftovers
|upkeep
|turn|10
|
|t:|1668284403
|move|p2a: Registeel|Protect|p2a: Registeel
|-singleturn|p2a: Registeel|Protect
|move|p1a: Chandelure|Trick|p2a: Registeel
|-activate|p2a: Registeel|move: Protect
|
|-heal|p2a: Registeel|52/100|[from] item: Leftovers
|upkeep
|turn|11
|inactive|eifo has 120 seconds left.
|inactive|eifo has 90 seconds left.
|
|t:|1668284472
|switch|p2a: Flygon|Flygon, F|100/100
|move|p1a: Chandelure|Trick|p2a: Flygon
|-activate|p1a: Chandelure|move: Trick|[of] p2a: Flygon
|-item|p2a: Flygon|Choice Scarf|[from] move: Trick
|-item|p1a: Chandelure|Rocky Helmet|[from] move: Trick
|
|upkeep
|turn|12
|
|t:|1668284481
|switch|p1a: Weezing|Weezing-Galar, F|100/100
|-damage|p1a: Weezing|88/100|[from] Stealth Rock
|move|p2a: Flygon|U-turn|p1a: Weezing
|-resisted|p1a: Weezing
|-damage|p1a: Weezing|86/100
|-damage|p2a: Flygon|84/100|[from] item: Rocky Helmet|[of] p1a: Weezing
|
|t:|1668284498
|switch|p2a: Gardevoir|Gardevoir, F|100/100|[from]move: U-turn
|-ability|p2a: Gardevoir|Levitate|[from] ability: Trace|[of] p1a: Weezing
|
|upkeep
|turn|13
|
|t:|1668284508
|switch|p1a: Metagross|Metagross|100/100
|-damage|p1a: Metagross|95/100|[from] Stealth Rock
|move|p2a: Gardevoir|Moonblast|p1a: Metagross
|-resisted|p1a: Metagross
|-damage|p1a: Metagross|65/100
|
|-heal|p1a: Metagross|71/100|[from] item: Leftovers
|upkeep
|turn|14
|
|t:|1668284519
|switch|p2a: Vileplume|Vileplume, F|100/100
|move|p1a: Metagross|Earthquake|p2a: Vileplume
|-damage|p2a: Vileplume|72/100
|
|-heal|p1a: Metagross|77/100|[from] item: Leftovers
|upkeep
|turn|15
|
|t:|1668284530
|move|p1a: Metagross|Earthquake|p2a: Vileplume
|-damage|p2a: Vileplume|43/100
|move|p2a: Vileplume|Grass Knot|p1a: Metagross
|-resisted|p1a: Metagross
|-damage|p1a: Metagross|47/100
|
|-heal|p1a: Metagross|53/100|[from] item: Leftovers
|upkeep
|turn|16
|
|t:|1668284538
|switch|p2a: Suicune|Suicune|100/100
|-ability|p2a: Suicune|Pressure
|move|p1a: Metagross|Earthquake|p2a: Suicune
|-damage|p2a: Suicune|73/100
|
|-heal|p1a: Metagross|59/100|[from] item: Leftovers
|upkeep
|turn|17
|inactive|eifo has 90 seconds left.
|
|t:|1668284565
|switch|p2a: Flygon|Flygon, F|84/100
|switch|p1a: Seismitoad|Seismitoad, M|65/100
|-damage|p1a: Seismitoad|59/100|[from] Stealth Rock
|
|upkeep
|turn|18
|
|t:|1668284574
|move|p2a: Flygon|U-turn|p1a: Seismitoad
|-damage|p1a: Seismitoad|39/100
|
|t:|1668284579
|switch|p2a: Gardevoir|Gardevoir, F|100/100|[from]move: U-turn
|-ability|p2a: Gardevoir|Water Absorb|[from] ability: Trace|[of] p1a: Seismitoad
|move|p1a: Seismitoad|Stealth Rock|p2a: Gardevoir
|-sidestart|p2: eifo|move: Stealth Rock
|
|upkeep
|turn|19
|
|t:|1668284591
|switch|p1a: Umbreon|Umbreon, F|82/100
|-damage|p1a: Umbreon|69/100|[from] Stealth Rock
|move|p2a: Gardevoir|Moonblast|p1a: Umbreon
|-supereffective|p1a: Umbreon
|-damage|p1a: Umbreon|23/100
|-unboost|p1a: Umbreon|spa|1
|
|-heal|p1a: Umbreon|29/100|[from] item: Leftovers
|upkeep
|turn|20
|inactive|eifo has 90 seconds left.
|
|t:|1668284609
|move|p1a: Umbreon|Protect|p1a: Umbreon
|-singleturn|p1a: Umbreon|Protect
|move|p2a: Gardevoir|Moonblast|p1a: Umbreon
|-activate|p1a: Umbreon|move: Protect
|
|-heal|p1a: Umbreon|35/100|[from] item: Leftovers
|upkeep
|turn|21
|
|t:|1668284619
|switch|p1a: Metagross|Metagross|59/100
|-damage|p1a: Metagross|53/100|[from] Stealth Rock
|move|p2a: Gardevoir|Moonblast|p1a: Metagross
|-resisted|p1a: Metagross
|-damage|p1a: Metagross|24/100
|
|-heal|p1a: Metagross|30/100|[from] item: Leftovers
|upkeep
|turn|22
|inactive|eifo has 90 seconds left.
|
|t:|1668284662
|switch|p2a: Flygon|Flygon, F|84/100
|-damage|p2a: Flygon|78/100|[from] Stealth Rock
|move|p1a: Metagross|Earthquake|p2a: Flygon
|-immune|p2a: Flygon|[from] ability: Levitate
|
|-heal|p1a: Metagross|36/100|[from] item: Leftovers
|upkeep
|turn|23
|
|t:|1668284673
|switch|p1a: Weezing|Weezing-Galar, F|86/100
|-damage|p1a: Weezing|73/100|[from] Stealth Rock
|move|p2a: Flygon|U-turn|p1a: Weezing
|-resisted|p1a: Weezing
|-damage|p1a: Weezing|71/100
|-damage|p2a: Flygon|61/100|[from] item: Rocky Helmet|[of] p1a: Weezing
|inactive|eifo has 60 seconds left.
|
|t:|1668284701
|switch|p2a: Raikou|Raikou|100/100|[from]move: U-turn
|-damage|p2a: Raikou|88/100|[from] Stealth Rock
|
|-heal|p2a: Raikou|94/100|[from] item: Leftovers
|upkeep
|turn|24
|
|t:|1668284713
|switch|p1a: Grimmsnarl|Grimmsnarl, M|100/100
|-damage|p1a: Grimmsnarl|88/100|[from] Stealth Rock
|-item|p2a: Raikou|Leftovers|[from] ability: Frisk|[of] p1a: Grimmsnarl|[identify]
|move|p2a: Raikou|Calm Mind|p2a: Raikou
|-boost|p2a: Raikou|spa|1
|-boost|p2a: Raikou|spd|1
|
|-heal|p2a: Raikou|100/100|[from] item: Leftovers
|upkeep
|turn|25
|
|t:|1668284725
|move|p1a: Grimmsnarl|Sucker Punch|p2a: Raikou
|-crit|p2a: Raikou
|-damage|p2a: Raikou|0 fnt
|faint|p2a: Raikou
|
|upkeep
|c|☆eifo|jesus
|c|☆maniac cop|sorry
|inactive|eifo has 60 seconds left.
|c|☆eifo|i am too
|
|t:|1668284763
|switch|p2a: Gardevoir|Gardevoir, F|100/100
|-damage|p2a: Gardevoir|88/100|[from] Stealth Rock
|-ability|p2a: Gardevoir|Frisk|[from] ability: Trace|[of] p1a: Grimmsnarl
|-item|p1a: Grimmsnarl|Choice Band|[from] ability: Frisk|[of] p2a: Gardevoir|[identify]
|turn|26
|
|t:|1668284779
|switch|p1a: Metagross|Metagross|36/100
|-damage|p1a: Metagross|30/100|[from] Stealth Rock
|move|p2a: Gardevoir|Trick|p1a: Metagross
|-activate|p2a: Gardevoir|move: Trick|[of] p1a: Metagross
|-item|p1a: Metagross|Choice Scarf|[from] move: Trick
|-item|p2a: Gardevoir|Leftovers|[from] move: Trick
|
|-heal|p2a: Gardevoir|94/100|[from] item: Leftovers
|upkeep
|turn|27
|
|t:|1668284799
|switch|p2a: Suicune|Suicune|73/100
|-ability|p2a: Suicune|Pressure
|move|p1a: Metagross|Earthquake|p2a: Suicune
|-damage|p2a: Suicune|49/100
|
|upkeep
|turn|28
|
|t:|1668284807
|switch|p2a: Flygon|Flygon, F|61/100
|-damage|p2a: Flygon|55/100|[from] Stealth Rock
|move|p1a: Metagross|Earthquake|p2a: Flygon
|-immune|p2a: Flygon|[from] ability: Levitate
|
|upkeep
|turn|29
|
|t:|1668284816
|switch|p1a: Weezing|Weezing-Galar, F|71/100
|-damage|p1a: Weezing|58/100|[from] Stealth Rock
|move|p2a: Flygon|U-turn|p1a: Weezing
|-resisted|p1a: Weezing
|-damage|p1a: Weezing|56/100
|-damage|p2a: Flygon|39/100|[from] item: Rocky Helmet|[of] p1a: Weezing
|inactive|eifo has 60 seconds left.
|
|t:|1668284821
|switch|p2a: Gardevoir|Gardevoir, F|94/100|[from]move: U-turn
|-damage|p2a: Gardevoir|82/100|[from] Stealth Rock
|-ability|p2a: Gardevoir|Levitate|[from] ability: Trace|[of] p1a: Weezing
|
|-heal|p2a: Gardevoir|88/100|[from] item: Leftovers
|upkeep
|turn|30
|
|t:|1668284832
|move|p2a: Gardevoir|Psychic|p1a: Weezing
|-supereffective|p1a: Weezing
|-damage|p1a: Weezing|0 fnt
|faint|p1a: Weezing
|
|-heal|p2a: Gardevoir|94/100|[from] item: Leftovers
|upkeep
|
|t:|1668284842
|switch|p1a: Chandelure|Chandelure, F|100/100
|-damage|p1a: Chandelure|76/100|[from] Stealth Rock
|turn|31
|
|t:|1668284862
|switch|p2a: Vileplume|Vileplume, F|43/100
|-damage|p2a: Vileplume|31/100|[from] Stealth Rock
|move|p1a: Chandelure|Shadow Ball|p2a: Vileplume
|-damage|p2a: Vileplume|0 fnt
|faint|p2a: Vileplume
|
|upkeep
|
|t:|1668284864
|switch|p2a: Flygon|Flygon, F|39/100
|-damage|p2a: Flygon|33/100|[from] Stealth Rock
|turn|32
|
|t:|1668284877
|switch|p1a: Umbreon|Umbreon, F|35/100
|-damage|p1a: Umbreon|23/100|[from] Stealth Rock
|move|p2a: Flygon|Earthquake|p1a: Umbreon
|-damage|p1a: Umbreon|0 fnt
|faint|p1a: Umbreon
|
|upkeep
|
|t:|1668284886
|switch|p1a: Grimmsnarl|Grimmsnarl, M|88/100
|-damage|p1a: Grimmsnarl|76/100|[from] Stealth Rock
|-item|p2a: Flygon|Choice Scarf|[from] ability: Frisk|[of] p1a: Grimmsnarl|[identify]
|turn|33
|inactive|eifo has 90 seconds left.
|inactive|eifo has 60 seconds left.
|
|t:|1668284939
|switch|p2a: Suicune|Suicune|49/100
|-ability|p2a: Suicune|Pressure
|move|p1a: Grimmsnarl|Darkest Lariat|p2a: Suicune
|-damage|p2a: Suicune|0 fnt
|faint|p2a: Suicune
|
|upkeep
|
|t:|1668284943
|switch|p2a: Gardevoir|Gardevoir, F|94/100
|-damage|p2a: Gardevoir|82/100|[from] Stealth Rock
|-ability|p2a: Gardevoir|Frisk|[from] ability: Trace|[of] p1a: Grimmsnarl
|-item|p1a: Grimmsnarl|Choice Band|[from] ability: Frisk|[of] p2a: Gardevoir|[identify]
|turn|34
|
|t:|1668284955
|switch|p1a: Seismitoad|Seismitoad, M|39/100
|-damage|p1a: Seismitoad|33/100|[from] Stealth Rock
|move|p2a: Gardevoir|Moonblast|p1a: Seismitoad
|-damage|p1a: Seismitoad|0 fnt
|faint|p1a: Seismitoad
|
|-heal|p2a: Gardevoir|88/100|[from] item: Leftovers
|upkeep
|
|t:|1668284966
|switch|p1a: Chandelure|Chandelure, F|76/100
|-damage|p1a: Chandelure|51/100|[from] Stealth Rock
|turn|35
|inactive|eifo has 60 seconds left.
|
|t:|1668284985
|move|p1a: Chandelure|Shadow Ball|p2a: Gardevoir
|-supereffective|p2a: Gardevoir
|-damage|p2a: Gardevoir|0 fnt
|faint|p2a: Gardevoir
|
|upkeep
|inactive|eifo has 60 seconds left.
|c|☆eifo|why would u even risk that
|
|t:|1668284993
|switch|p2a: Flygon|Flygon, F|33/100
|-damage|p2a: Flygon|27/100|[from] Stealth Rock
|turn|36
|c|☆eifo|the tie
|c|☆maniac cop|I'm scarfed
|c|☆eifo|no
|c|☆eifo|u are helmet
|
|t:|1668285016
|switch|p1a: Metagross|Metagross|30/100
|-damage|p1a: Metagross|24/100|[from] Stealth Rock
|move|p2a: Flygon|Earthquake|p1a: Metagross
|-supereffective|p1a: Metagross
|-damage|p1a: Metagross|0 fnt
|faint|p1a: Metagross
|
|upkeep
|c|☆maniac cop|oh yeh lol
|
|t:|1668285027
|switch|p1a: Grimmsnarl|Grimmsnarl, M|76/100
|-damage|p1a: Grimmsnarl|63/100|[from] Stealth Rock
|-item|p2a: Flygon|Choice Scarf|[from] ability: Frisk|[of] p1a: Grimmsnarl|[identify]
|turn|37
|
|t:|1668285050
|switch|p2a: Registeel|Registeel|52/100
|-damage|p2a: Registeel|46/100|[from] Stealth Rock
|move|p1a: Grimmsnarl|Darkest Lariat|p2a: Registeel
|-damage|p2a: Registeel|1/100
|
|-heal|p2a: Registeel|7/100|[from] item: Leftovers
|upkeep
|turn|38
|-message|eifo forfeited.
|
|win|maniac cop
|raw|maniac cop's rating: 1403 &rarr; <strong>1431</strong><br />(+28 for winning)
|raw|eifo's rating: 1542 &rarr; <strong>1514</strong><br />(-28 for losing)
|l|☆eifo
|l|☆maniac cop
