|j|☆crecerelle
|j|☆MXF
|t:|1658091093
|gametype|singles
|player|p1|crecerelle|aaron|
|player|p2|MXF|gambler|
|teamsize|p1|6
|teamsize|p2|6
|gen|8
|tier|[Gen 8] RU
|rule|Sleep Clause Mod: Limit one foe put to sleep
|rule|Species Clause: Limit one of each Pokémon
|rule|OHKO Clause: OHKO moves are banned
|rule|Evasion Moves Clause: Evasion moves are banned
|rule|Endless Battle Clause: Forcing endless battles is banned
|rule|HP Percentage Mod: HP is shown in percentages
|rule|Dynamax Clause: You cannot dynamax
|clearpoke
|poke|p1|Regidrago|
|poke|p1|Nidoqueen, F|
|poke|p1|Bewear, M|
|poke|p1|Milotic, F|
|poke|p1|Incineroar, F|
|poke|p1|Togekiss, F|
|poke|p2|Metagross|
|poke|p2|Crobat, M|
|poke|p2|Golisopod, F|
|poke|p2|Umbreon, M|
|poke|p2|Raikou|
|poke|p2|Sirfetch’d, F|
|teampreview
|c|☆MXF|on joue après leur game
|c|☆crecerelle|Ca marche
|l|☆crecerelle
|player|p1|
|j|☆crecerelle
|player|p1|crecerelle|aaron
|c|☆MXF|go ?
|c|☆crecerelle|Allez
|j| AastadorDL
|c| AastadorDL|crecelle
|c| AastadorDL|:messi7
|c| AastadorDL|gl
|c|☆crecerelle|Gl
|l|☆crecerelle
|player|p1|
|j| Just-Silverr
|c|☆MXF|gl hf
|j|☆crecerelle
|player|p1|crecerelle|aaron
|
|t:|1658091735
|start
|switch|p1a: Jolie Madame|Nidoqueen, F|100/100
|switch|p2a: Golisopod|Golisopod, F|100/100
|turn|1
|
|t:|1658091751
|move|p1a: Jolie Madame|Sludge Wave|p2a: Golisopod
|-damage|p2a: Golisopod|41/100
|move|p2a: Golisopod|Knock Off|p1a: Jolie Madame
|-damage|p1a: Jolie Madame|59/100
|-enditem|p1a: Jolie Madame|Life Orb|[from] move: Knock Off|[of] p2a: Golisopod
|
|upkeep
|turn|2
|c|☆crecerelle|J'oublie a chaque fois
|c|☆crecerelle|Cette mecanique de con
|
|t:|1658091793
|switch|p1a: Bella CiaEau|Milotic, F|100/100
|move|p2a: Golisopod|Liquidation|p1a: Bella CiaEau
|-resisted|p1a: Bella CiaEau
|-damage|p1a: Bella CiaEau|84/100
|-damage|p2a: Golisopod|24/100|[from] item: Rocky Helmet|[of] p1a: Bella CiaEau
|
|upkeep
|turn|3
|
|t:|1658091802
|move|p1a: Bella CiaEau|Flip Turn|p2a: Golisopod
|-resisted|p2a: Golisopod
|-damage|p2a: Golisopod|20/100
|
|t:|1658091809
|switch|p1a: FlinchLaCon2TaMere|Togekiss, F|100/100|[from]move: Flip Turn
|move|p2a: Golisopod|Spikes|p1a: FlinchLaCon2TaMere
|-sidestart|p1: crecerelle|Spikes
|
|upkeep
|turn|4
|
|t:|1658091835
|switch|p2a: Raikou|Raikou|100/100
|move|p1a: FlinchLaCon2TaMere|Dazzling Gleam|p2a: Raikou
|-damage|p2a: Raikou|55/100
|
|upkeep
|turn|5
|
|t:|1658091851
|switch|p2a: Umbreon|Umbreon, M|100/100
|move|p1a: FlinchLaCon2TaMere|Dazzling Gleam|p2a: Umbreon
|-supereffective|p2a: Umbreon
|-damage|p2a: Umbreon|62/100
|
|upkeep
|turn|6
|
|t:|1658091857
|move|p1a: FlinchLaCon2TaMere|Dazzling Gleam|p2a: Umbreon
|-supereffective|p2a: Umbreon
|-damage|p2a: Umbreon|22/100
|move|p2a: Umbreon|Wish|p2a: Umbreon
|
|upkeep
|turn|7
|
|t:|1658091864
|switch|p1a: DorsAvecToi|Bewear, M|100/100
|-damage|p1a: DorsAvecToi|88/100|[from] Spikes
|move|p2a: Umbreon|Protect||[still]
|-fail|p2a: Umbreon
|
|-heal|p2a: Umbreon|72/100|[from] move: Wish|[wisher] Umbreon
|upkeep
|turn|8
|
|t:|1658091874
|switch|p2a: Golisopod|Golisopod, F|20/100
|move|p1a: DorsAvecToi|Close Combat|p2a: Golisopod
|-resisted|p2a: Golisopod
|-damage|p2a: Golisopod|0 fnt
|-unboost|p1a: DorsAvecToi|def|1
|-unboost|p1a: DorsAvecToi|spd|1
|faint|p2a: Golisopod
|
|upkeep
|
|t:|1658091876
|switch|p2a: Crobat|Crobat, M|100/100
|turn|9
|
|t:|1658091884
|switch|p1a: Bella CiaEau|Milotic, F|84/100
|-damage|p1a: Bella CiaEau|71/100|[from] Spikes
|move|p2a: Crobat|U-turn|p1a: Bella CiaEau
|-damage|p1a: Bella CiaEau|58/100
|-damage|p2a: Crobat|84/100|[from] item: Rocky Helmet|[of] p1a: Bella CiaEau
|
|t:|1658091891
|switch|p2a: Sirfetch’d|Sirfetch’d, F|100/100|[from]move: U-turn
|
|upkeep
|turn|10
|
|t:|1658091905
|switch|p1a: FlinchLaCon2TaMere|Togekiss, F|100/100
|move|p2a: Sirfetch’d|Brave Bird|p1a: FlinchLaCon2TaMere
|-damage|p1a: FlinchLaCon2TaMere|28/100
|-damage|p2a: Sirfetch’d|73/100|[from] Recoil
|
|upkeep
|turn|11
|
|t:|1658091915
|switch|p2a: Metagross|Metagross|100/100
|move|p1a: FlinchLaCon2TaMere|Dazzling Gleam|p2a: Metagross
|-resisted|p2a: Metagross
|-damage|p2a: Metagross|82/100
|
|-heal|p2a: Metagross|88/100|[from] item: Leftovers
|upkeep
|turn|12
|
|t:|1658091926
|switch|p1a: Lambert|Incineroar, F|100/100
|-ability|p1a: Lambert|Intimidate|boost
|-fail|p2a: Metagross|unboost|[from] ability: Clear Body|[of] p2a: Metagross
|move|p2a: Metagross|Stealth Rock|p1a: Lambert
|-sidestart|p1: crecerelle|move: Stealth Rock
|
|-heal|p2a: Metagross|94/100|[from] item: Leftovers
|upkeep
|turn|13
|
|t:|1658091935
|switch|p2a: Umbreon|Umbreon, M|72/100
|move|p1a: Lambert|Knock Off|p2a: Umbreon
|-resisted|p2a: Umbreon
|-damage|p2a: Umbreon|57/100
|-enditem|p2a: Umbreon|Heavy-Duty Boots|[from] move: Knock Off|[of] p1a: Lambert
|
|upkeep
|turn|14
|
|t:|1658091941
|switch|p1a: Jolie Madame|Nidoqueen, F|59/100
|-damage|p1a: Jolie Madame|47/100|[from] Spikes
|-damage|p1a: Jolie Madame|40/100|[from] Stealth Rock
|move|p2a: Umbreon|Wish|p2a: Umbreon
|
|upkeep
|turn|15
|
|t:|1658091959
|move|p1a: Jolie Madame|Stealth Rock|p2a: Umbreon
|-sidestart|p2: MXF|move: Stealth Rock
|move|p2a: Umbreon|Foul Play|p1a: Jolie Madame
|-damage|p1a: Jolie Madame|11/100
|
|-heal|p2a: Umbreon|100/100|[from] move: Wish|[wisher] Umbreon
|upkeep
|turn|16
|
|t:|1658091976
|switch|p1a: Bella CiaEau|Milotic, F|58/100
|-damage|p1a: Bella CiaEau|45/100|[from] Spikes
|-damage|p1a: Bella CiaEau|33/100|[from] Stealth Rock
|move|p2a: Umbreon|Wish|p2a: Umbreon
|
|upkeep
|turn|17
|
|t:|1658091985
|switch|p2a: Raikou|Raikou|55/100
|move|p1a: Bella CiaEau|Recover|p1a: Bella CiaEau
|-heal|p1a: Bella CiaEau|83/100
|
|-heal|p2a: Raikou|100/100|[from] move: Wish|[wisher] Umbreon
|upkeep
|turn|18
|
|t:|1658091995
|switch|p1a: Jolie Madame|Nidoqueen, F|11/100
|-damage|p1a: Jolie Madame|0 fnt|[from] Spikes
|faint|p1a: Jolie Madame
|move|p2a: Raikou|Thunderbolt|p1: Jolie Madame|[notarget]
|-fail|p2a: Raikou
|
|upkeep
|
|t:|1658092018
|switch|p1a: Lambert|Incineroar, F|100/100
|-ability|p1a: Lambert|Intimidate|boost
|-fail|p2a: Raikou|unboost|Attack|[from] ability: Inner Focus|[of] p2a: Raikou
|turn|19
|
|t:|1658092045
|move|p2a: Raikou|Volt Switch|p1a: Lambert
|-damage|p1a: Lambert|77/100
|
|t:|1658092051
|switch|p2a: Umbreon|Umbreon, M|100/100|[from]move: Volt Switch
|-damage|p2a: Umbreon|88/100|[from] Stealth Rock
|move|p1a: Lambert|Parting Shot|p2a: Umbreon
|-unboost|p2a: Umbreon|atk|1
|-unboost|p2a: Umbreon|spa|1
|
|t:|1658092055
|switch|p1a: DorsAvecToi|Bewear, M|88/100|[from]move: Parting Shot
|-damage|p1a: DorsAvecToi|76/100|[from] Spikes
|-damage|p1a: DorsAvecToi|70/100|[from] Stealth Rock
|
|upkeep
|turn|20
|
|t:|1658092085
|move|p2a: Umbreon|Protect|p2a: Umbreon
|-singleturn|p2a: Umbreon|Protect
|move|p1a: DorsAvecToi|Double-Edge|p2a: Umbreon
|-activate|p2a: Umbreon|move: Protect
|
|upkeep
|turn|21
|
|t:|1658092089
|switch|p2a: Metagross|Metagross|94/100
|-damage|p2a: Metagross|88/100|[from] Stealth Rock
|move|p1a: DorsAvecToi|Double-Edge|p2a: Metagross
|-resisted|p2a: Metagross
|-crit|p2a: Metagross
|-damage|p2a: Metagross|41/100
|-damage|p1a: DorsAvecToi|55/100|[from] Recoil
|
|-heal|p2a: Metagross|47/100|[from] item: Leftovers
|upkeep
|turn|22
|
|t:|1658092112
|switch|p1a: Bella CiaEau|Milotic, F|83/100
|-damage|p1a: Bella CiaEau|70/100|[from] Spikes
|-damage|p1a: Bella CiaEau|58/100|[from] Stealth Rock
|move|p2a: Metagross|Toxic|p1a: Bella CiaEau
|-status|p1a: Bella CiaEau|tox
|
|-heal|p2a: Metagross|53/100|[from] item: Leftovers
|-damage|p1a: Bella CiaEau|52/100 tox|[from] psn
|upkeep
|turn|23
|
|t:|1658092127
|move|p1a: Bella CiaEau|Flip Turn|p2a: Metagross
|-damage|p2a: Metagross|45/100
|l|☆crecerelle
|player|p1|
|j|☆crecerelle
|player|p1|crecerelle|aaron
|
|t:|1658092222
|switch|p1a: Lambert|Incineroar, F|77/100|[from]move: Flip Turn
|-ability|p1a: Lambert|Intimidate|boost
|-fail|p2a: Metagross|unboost|[from] ability: Clear Body|[of] p2a: Metagross
|move|p2a: Metagross|Earthquake|p1a: Lambert
|-supereffective|p1a: Lambert
|-damage|p1a: Lambert|15/100
|
|-heal|p2a: Metagross|51/100|[from] item: Leftovers
|upkeep
|turn|24
|
|t:|1658092258
|switch|p2a: Umbreon|Umbreon, M|88/100
|-damage|p2a: Umbreon|76/100|[from] Stealth Rock
|move|p1a: Lambert|Knock Off|p2a: Umbreon
|-resisted|p2a: Umbreon
|-damage|p2a: Umbreon|66/100
|
|upkeep
|turn|25
|
|t:|1658092268
|move|p2a: Umbreon|Wish|p2a: Umbreon
|move|p1a: Lambert|Toxic|p2a: Umbreon
|-status|p2a: Umbreon|tox
|-activate|p2a: Umbreon|ability: Synchronize
|-status|p1a: Lambert|tox
|
|-damage|p2a: Umbreon|60/100 tox|[from] psn
|-damage|p1a: Lambert|9/100 tox|[from] psn
|upkeep
|turn|26
|
|t:|1658092278
|switch|p1a: DorsAvecToi|Bewear, M|55/100
|-damage|p1a: DorsAvecToi|43/100|[from] Spikes
|-damage|p1a: DorsAvecToi|37/100|[from] Stealth Rock
|move|p2a: Umbreon|Foul Play|p1a: DorsAvecToi
|-resisted|p1a: DorsAvecToi
|-damage|p1a: DorsAvecToi|24/100
|
|-heal|p2a: Umbreon|100/100 tox|[from] move: Wish|[wisher] Umbreon
|-damage|p2a: Umbreon|88/100 tox|[from] psn
|upkeep
|turn|27
|
|t:|1658092291
|move|p2a: Umbreon|Protect|p2a: Umbreon
|-singleturn|p2a: Umbreon|Protect
|move|p1a: DorsAvecToi|Drain Punch|p2a: Umbreon
|-activate|p2a: Umbreon|move: Protect
|
|-damage|p2a: Umbreon|70/100 tox|[from] psn
|upkeep
|turn|28
|
|t:|1658092299
|switch|p1a: FlinchLaCon2TaMere|Togekiss, F|28/100
|-damage|p1a: FlinchLaCon2TaMere|3/100|[from] Stealth Rock
|switch|p2a: Crobat|Crobat, M|84/100
|
|upkeep
|turn|29
|
|t:|1658092307
|move|p1a: FlinchLaCon2TaMere|Air Slash|p2a: Crobat
|-damage|p2a: Crobat|35/100
|move|p2a: Crobat|Brave Bird|p1a: FlinchLaCon2TaMere
|-damage|p1a: FlinchLaCon2TaMere|0 fnt
|faint|p1a: FlinchLaCon2TaMere
|-damage|p2a: Crobat|34/100|[from] Recoil
|
|upkeep
|c|☆crecerelle|Pire togekiss du monde xd
|c|☆MXF|Bon togekiss
|j| SpeedyBlu
|
|t:|1658092343
|switch|p1a: Croc Mou|Regidrago|100/100
|-damage|p1a: Croc Mou|88/100|[from] Spikes
|-damage|p1a: Croc Mou|76/100|[from] Stealth Rock
|turn|30
|c| AastadorDL|ratio
|
|t:|1658092348
|move|p2a: Crobat|Brave Bird|p1a: Croc Mou
|-damage|p1a: Croc Mou|21/100
|-damage|p2a: Crobat|2/100|[from] Recoil
|move|p1a: Croc Mou|Dragon Dance|p1a: Croc Mou
|-boost|p1a: Croc Mou|atk|1
|-boost|p1a: Croc Mou|spe|1
|
|-heal|p1a: Croc Mou|27/100|[from] item: Leftovers
|upkeep
|turn|31
|
|t:|1658092357
|move|p2a: Crobat|Brave Bird|p1a: Croc Mou
|-damage|p1a: Croc Mou|0 fnt
|faint|p1a: Croc Mou
|-damage|p2a: Crobat|0 fnt|[from] Recoil
|faint|p2a: Crobat
|
|upkeep
|
|t:|1658092372
|switch|p2a: Raikou|Raikou|100/100
|switch|p1a: Lambert|Incineroar, F|9/100 tox
|-ability|p1a: Lambert|Intimidate|boost
|-fail|p2a: Raikou|unboost|Attack|[from] ability: Inner Focus|[of] p2a: Raikou
|turn|32
|
|t:|1658092378
|move|p2a: Raikou|Thunderbolt|p1a: Lambert
|-damage|p1a: Lambert|0 fnt
|faint|p1a: Lambert
|
|upkeep
|
|t:|1658092385
|switch|p1a: DorsAvecToi|Bewear, M|24/100
|-damage|p1a: DorsAvecToi|12/100|[from] Spikes
|-damage|p1a: DorsAvecToi|6/100|[from] Stealth Rock
|turn|33
|
|t:|1658092391
|move|p2a: Raikou|Thunderbolt|p1a: DorsAvecToi
|-damage|p1a: DorsAvecToi|0 fnt
|faint|p1a: DorsAvecToi
|
|upkeep
|c|☆crecerelle|Gg
|
|t:|1658092397
|switch|p1a: Bella CiaEau|Milotic, F|52/100 tox
|-damage|p1a: Bella CiaEau|39/100 tox|[from] Spikes
|-damage|p1a: Bella CiaEau|27/100 tox|[from] Stealth Rock
|turn|34
|c|☆MXF|gg
|
|t:|1658092400
|move|p2a: Raikou|Thunderbolt|p1a: Bella CiaEau
|-supereffective|p1a: Bella CiaEau
|-damage|p1a: Bella CiaEau|0 fnt
|faint|p1a: Bella CiaEau
|
|win|MXF
