|j|☆Madinina
|j|☆a rabbit
|t:|1602348931
|player|p1|Madinina|archie-gen3|
|player|p2|a rabbit|266|
|teamsize|p1|6
|teamsize|p2|6
|gametype|singles
|gen|8
|tier|[Gen 8] RU
|clearpoke
|poke|p1|Magneton|
|poke|p1|Charizard, M|
|poke|p1|Gastrodon, F|
|poke|p1|Bronzong|
|poke|p1|Comfey, M|
|poke|p1|Braviary, M|
|poke|p2|Golurk|
|poke|p2|Dragalge, M|
|poke|p2|Xatu, F|
|poke|p2|Bronzong|
|poke|p2|Passimian, F|
|poke|p2|Golisopod, M|
|rule|Sleep Clause Mod: Limit one foe put to sleep
|rule|Species Clause: Limit one of each Pokémon
|rule|OHKO Clause: OHKO moves are banned
|rule|Evasion Moves Clause: Evasion moves are banned
|rule|Endless Battle Clause: Forcing endless battles is banned
|rule|HP Percentage Mod: HP is shown in percentages
|rule|Dynamax Clause: You cannot dynamax
|teampreview
|c|☆a rabbit|glhf
|c|☆Madinina|u2
|j| prajpran
|c| prajpran|u2
|
|t:|1602348991
|start
|switch|p1a: Braviary|Braviary, M|100/100
|switch|p2a: Dragalge|Dragalge, M|100/100
|turn|1
|j| lulu qlf
|inactive|Battle timer is ON: inactive players will automatically lose when time's up. (requested by a rabbit)
|inactive|Madinina has 270 seconds left.
|inactive|Madinina has 240 seconds left.
|c|☆Madinina|sry
|
|t:|1602349121
|move|p1a: Braviary|U-turn|p2a: Dragalge
|-resisted|p2a: Dragalge
|-damage|p2a: Dragalge|87/100
|
|t:|1602349125
|switch|p1a: Gastrodon|Gastrodon, F|100/100|[from]move: U-turn
|move|p2a: Dragalge|Sludge Bomb|p1a: Gastrodon
|-resisted|p1a: Gastrodon
|-damage|p1a: Gastrodon|81/100
|
|-heal|p2a: Dragalge|93/100|[from] item: Black Sludge
|-heal|p1a: Gastrodon|87/100|[from] item: Leftovers
|upkeep
|turn|2
|
|t:|1602349138
|switch|p2a: Xatu|Xatu, F|100/100
|switch|p1a: Bronzong|Bronzong|100/100
|
|upkeep
|turn|3
|
|t:|1602349150
|move|p2a: Xatu|Heat Wave|p1a: Bronzong
|-supereffective|p1a: Bronzong
|-damage|p1a: Bronzong|85/100
|move|p1a: Bronzong|Trick|p2a: Xatu
|-activate|p1a: Bronzong|move: Trick|[of] p2a: Xatu
|-item|p2a: Xatu|Lagging Tail|[from] move: Trick
|-enditem|p1a: Bronzong|Lagging Tail|[silent]|[from] move: Trick
|
|upkeep
|turn|4
|inactive|Madinina has 270 seconds left.
|
|t:|1602349181
|switch|p1a: Charizard|Charizard, M|100/100
|move|p2a: Xatu|Teleport|p2a: Xatu
|
|t:|1602349185
|switch|p2a: Dragalge|Dragalge, M|93/100|[from]move: Teleport
|
|-heal|p2a: Dragalge|99/100|[from] item: Black Sludge
|upkeep
|turn|5
|inactive|Madinina has 270 seconds left.
|
|t:|1602349220
|switch|p1a: Bronzong|Bronzong|85/100
|move|p2a: Dragalge|Toxic Spikes|p1a: Bronzong
|-sidestart|p1: Madinina|move: Toxic Spikes
|
|-heal|p2a: Dragalge|100/100|[from] item: Black Sludge
|upkeep
|turn|6
|
|t:|1602349231
|move|p2a: Dragalge|Flip Turn|p1a: Bronzong
|-damage|p1a: Bronzong|77/100
|
|t:|1602349234
|switch|p2a: Xatu|Xatu, F|100/100|[from]move: Flip Turn
|move|p1a: Bronzong|Heavy Slam|p2a: Xatu
|-damage|p2a: Xatu|65/100
|
|upkeep
|turn|7
|
|t:|1602349244
|move|p1a: Bronzong|Heavy Slam|p2a: Xatu
|-damage|p2a: Xatu|30/100
|move|p2a: Xatu|Roost|p2a: Xatu
|-heal|p2a: Xatu|80/100
|-singleturn|p2a: Xatu|move: Roost
|
|upkeep
|turn|8
|
|t:|1602349250
|move|p1a: Bronzong|Heavy Slam|p2a: Xatu
|-damage|p2a: Xatu|44/100
|move|p2a: Xatu|Roost|p2a: Xatu
|-heal|p2a: Xatu|94/100
|-singleturn|p2a: Xatu|move: Roost
|
|upkeep
|turn|9
|inactive|Madinina has 270 seconds left.
|
|t:|1602349263
|move|p1a: Bronzong|Heavy Slam|p2a: Xatu
|-damage|p2a: Xatu|58/100
|move|p2a: Xatu|Teleport|p2a: Xatu
|
|t:|1602349266
|switch|p2a: Golurk|Golurk|100/100|[from]move: Teleport
|
|upkeep
|turn|10
|
|t:|1602349275
|move|p1a: Bronzong|Protect|p1a: Bronzong
|-singleturn|p1a: Bronzong|Protect
|move|p2a: Golurk|Shadow Punch|p1a: Bronzong
|-activate|p1a: Bronzong|move: Protect
|
|upkeep
|turn|11
|
|t:|1602349283
|switch|p1a: Braviary|Braviary, M|100/100
|move|p2a: Golurk|Shadow Punch|p1a: Braviary
|-immune|p1a: Braviary
|
|upkeep
|turn|12
|
|t:|1602349291
|switch|p2a: Bronzong|Bronzong|100/100
|move|p1a: Braviary|Brave Bird|p2a: Bronzong
|-resisted|p2a: Bronzong
|-damage|p2a: Bronzong|73/100
|-damage|p1a: Braviary|91/100|[from] Recoil
|
|-heal|p2a: Bronzong|79/100|[from] item: Leftovers
|upkeep
|turn|13
|
|t:|1602349302
|switch|p1a: Magneton|Magneton|100/100
|move|p2a: Bronzong|Psychic|p1a: Magneton
|-resisted|p1a: Magneton
|-damage|p1a: Magneton|83/100
|
|-heal|p2a: Bronzong|85/100|[from] item: Leftovers
|upkeep
|turn|14
|
|t:|1602349311
|move|p1a: Magneton|Magnet Rise|p1a: Magneton
|-start|p1a: Magneton|Magnet Rise
|move|p2a: Bronzong|Calm Mind|p2a: Bronzong
|-boost|p2a: Bronzong|spa|1
|-boost|p2a: Bronzong|spd|1
|
|-heal|p2a: Bronzong|92/100|[from] item: Leftovers
|upkeep
|turn|15
|
|t:|1602349315
|move|p1a: Magneton|Thunderbolt|p2a: Bronzong
|-damage|p2a: Bronzong|74/100
|move|p2a: Bronzong|Shadow Ball|p1a: Magneton
|-damage|p1a: Magneton|54/100
|
|-heal|p2a: Bronzong|80/100|[from] item: Leftovers
|upkeep
|turn|16
|inactive|Madinina has 270 seconds left.
|
|t:|1602349346
|move|p1a: Magneton|Volt Switch|p2a: Bronzong
|-damage|p2a: Bronzong|66/100
|inactive|Madinina has 270 seconds left.
|
|t:|1602349351
|switch|p1a: Charizard|Charizard, M|100/100|[from]move: Volt Switch
|move|p2a: Bronzong|Shadow Ball|p1a: Charizard
|-damage|p1a: Charizard|69/100
|
|-heal|p2a: Bronzong|72/100|[from] item: Leftovers
|upkeep
|turn|17
|inactive|Madinina has 270 seconds left.
|
|t:|1602349368
|move|p1a: Charizard|Defog|p2a: Bronzong
|-unboost|p2a: Bronzong|evasion|1
|-sideend|p1: Madinina|Toxic Spikes|[from] move: Defog|[of] p1a: Charizard
|move|p2a: Bronzong|Psychic|p1a: Charizard
|-damage|p1a: Charizard|16/100
|
|-heal|p2a: Bronzong|78/100|[from] item: Leftovers
|upkeep
|turn|18
|inactive|Madinina has 270 seconds left.
|
|t:|1602349378
|switch|p1a: Gastrodon|Gastrodon, F|87/100
|move|p2a: Bronzong|Psychic|p1a: Gastrodon
|-damage|p1a: Gastrodon|50/100
|
|-heal|p1a: Gastrodon|56/100|[from] item: Leftovers
|-heal|p2a: Bronzong|84/100|[from] item: Leftovers
|upkeep
|turn|19
|inactive|Madinina has 270 seconds left.
|
|t:|1602349400
|switch|p1a: Bronzong|Bronzong|77/100
|switch|p2a: Golisopod|Golisopod, M|100/100
|
|upkeep
|turn|20
|
|t:|1602349427
|switch|p2a: Xatu|Xatu, F|58/100
|move|p1a: Bronzong|Stealth Rock|p2a: Xatu
|move|p2a: Xatu|Stealth Rock|p1a: Bronzong|[from]Magic Bounce
|-sidestart|p1: Madinina|move: Stealth Rock
|
|upkeep
|turn|21
|
|t:|1602349435
|move|p1a: Bronzong|Heavy Slam|p2a: Xatu
|-damage|p2a: Xatu|25/100
|move|p2a: Xatu|Roost|p2a: Xatu
|-heal|p2a: Xatu|75/100
|-singleturn|p2a: Xatu|move: Roost
|
|upkeep
|turn|22
|
|t:|1602349440
|move|p1a: Bronzong|Heavy Slam|p2a: Xatu
|-damage|p2a: Xatu|40/100
|move|p2a: Xatu|Roost|p2a: Xatu
|-heal|p2a: Xatu|90/100
|-singleturn|p2a: Xatu|move: Roost
|
|upkeep
|turn|23
|
|t:|1602349447
|move|p1a: Bronzong|Heavy Slam|p2a: Xatu
|-damage|p2a: Xatu|54/100
|move|p2a: Xatu|Roost|p2a: Xatu
|-heal|p2a: Xatu|100/100
|-singleturn|p2a: Xatu|move: Roost
|
|upkeep
|turn|24
|inactive|Madinina has 270 seconds left.
|
|t:|1602349454
|move|p1a: Bronzong|Heavy Slam|p2a: Xatu
|-damage|p2a: Xatu|62/100
|move|p2a: Xatu|Teleport|p2a: Xatu
|
|t:|1602349458
|switch|p2a: Golurk|Golurk|100/100|[from]move: Teleport
|
|upkeep
|turn|25
|
|t:|1602349465
|move|p1a: Bronzong|Protect|p1a: Bronzong
|-singleturn|p1a: Bronzong|Protect
|move|p2a: Golurk|Shadow Punch|p1a: Bronzong
|-activate|p1a: Bronzong|move: Protect
|
|upkeep
|turn|26
|
|t:|1602349472
|switch|p1a: Braviary|Braviary, M|91/100
|-damage|p1a: Braviary|66/100|[from] Stealth Rock
|move|p2a: Golurk|Shadow Punch|p1a: Braviary
|-immune|p1a: Braviary
|
|upkeep
|turn|27
|
|t:|1602349491
|move|p1a: Braviary|Brave Bird|p2a: Golurk
|-damage|p2a: Golurk|27/100
|-damage|p1a: Braviary|44/100|[from] Recoil
|move|p2a: Golurk|Shadow Punch|p1a: Braviary
|-immune|p1a: Braviary
|
|upkeep
|turn|28
|
|t:|1602349498
|switch|p1a: Magneton|Magneton|54/100
|-damage|p1a: Magneton|48/100|[from] Stealth Rock
|switch|p2a: Bronzong|Bronzong|84/100
|
|-heal|p2a: Bronzong|90/100|[from] item: Leftovers
|upkeep
|turn|29
|
|t:|1602349508
|move|p1a: Magneton|Thunderbolt|p2a: Bronzong
|-damage|p2a: Bronzong|59/100
|move|p2a: Bronzong|Calm Mind|p2a: Bronzong
|-boost|p2a: Bronzong|spa|1
|-boost|p2a: Bronzong|spd|1
|
|-heal|p2a: Bronzong|66/100|[from] item: Leftovers
|upkeep
|turn|30
|
|t:|1602349520
|move|p1a: Magneton|Thunderbolt|p2a: Bronzong
|-damage|p2a: Bronzong|47/100
|move|p2a: Bronzong|Psychic|p1a: Magneton
|-resisted|p1a: Magneton
|-damage|p1a: Magneton|23/100
|
|-heal|p2a: Bronzong|53/100|[from] item: Leftovers
|upkeep
|turn|31
|
|t:|1602349544
|move|p1a: Magneton|Volt Switch|p2a: Bronzong
|-damage|p2a: Bronzong|36/100
|inactive|Madinina has 270 seconds left.
|
|t:|1602349569
|switch|p1a: Bronzong|Bronzong|77/100|[from]move: Volt Switch
|-damage|p1a: Bronzong|70/100|[from] Stealth Rock
|move|p2a: Bronzong|Psychic|p1a: Bronzong
|-resisted|p1a: Bronzong
|-damage|p1a: Bronzong|64/100
|
|-heal|p2a: Bronzong|43/100|[from] item: Leftovers
|upkeep
|turn|32
|
|t:|1602349587
|switch|p2a: Xatu|Xatu, F|62/100
|move|p1a: Bronzong|Trick|p2a: Xatu
|-activate|p1a: Bronzong|move: Trick|[of] p2a: Xatu
|-enditem|p2a: Xatu|Lagging Tail|[silent]|[from] move: Trick
|-item|p1a: Bronzong|Lagging Tail|[from] move: Trick
|
|upkeep
|turn|33
|inactive|Madinina has 270 seconds left.
|
|t:|1602349609
|switch|p1a: Charizard|Charizard, M|16/100
|move|p2a: Xatu|Roost|p2a: Xatu
|-heal|p2a: Xatu|100/100
|-singleturn|p2a: Xatu|move: Roost
|
|upkeep
|turn|34
|
|t:|1602349616
|move|p1a: Charizard|Flamethrower|p2a: Xatu
|-damage|p2a: Xatu|17/100
|move|p2a: Xatu|Teleport|p2a: Xatu
|
|t:|1602349620
|switch|p2a: Passimian|Passimian, F|100/100|[from]move: Teleport
|
|upkeep
|turn|35
|
|t:|1602349636
|switch|p1a: Comfey|Comfey, M|100/100
|-damage|p1a: Comfey|88/100|[from] Stealth Rock
|move|p2a: Passimian|U-turn|p1a: Comfey
|-resisted|p1a: Comfey
|-damage|p1a: Comfey|73/100
|
|t:|1602349640
|switch|p2a: Dragalge|Dragalge, M|100/100|[from]move: U-turn
|
|-heal|p1a: Comfey|79/100|[from] item: Leftovers
|upkeep
|turn|36
|inactive|Madinina has 270 seconds left.
|
|t:|1602349675
|switch|p1a: Bronzong|Bronzong|64/100
|-damage|p1a: Bronzong|58/100|[from] Stealth Rock
|move|p2a: Dragalge|Toxic Spikes|p1a: Bronzong
|-sidestart|p1: Madinina|move: Toxic Spikes
|
|upkeep
|turn|37
|inactive|Madinina has 240 seconds left.
|
|t:|1602349707
|move|p2a: Dragalge|Flip Turn|p1a: Bronzong
|-damage|p1a: Bronzong|49/100
|
|t:|1602349710
|switch|p2a: Xatu|Xatu, F|17/100|[from]move: Flip Turn
|move|p1a: Bronzong|Trick|p2a: Xatu
|-activate|p1a: Bronzong|move: Trick|[of] p2a: Xatu
|-item|p2a: Xatu|Lagging Tail|[from] move: Trick
|-enditem|p1a: Bronzong|Lagging Tail|[silent]|[from] move: Trick
|
|upkeep
|turn|38
|
|t:|1602349721
|switch|p2a: Golurk|Golurk|27/100
|move|p1a: Bronzong|Stealth Rock|p2a: Golurk
|-sidestart|p2: a rabbit|move: Stealth Rock
|
|upkeep
|turn|39
|
|t:|1602349735
|move|p1a: Bronzong|Protect|p1a: Bronzong
|-singleturn|p1a: Bronzong|Protect
|move|p2a: Golurk|Shadow Punch|p1a: Bronzong
|-activate|p1a: Bronzong|move: Protect
|
|upkeep
|turn|40
|inactive|Madinina has 240 seconds left.
|
|t:|1602349762
|switch|p1a: Braviary|Braviary, M|44/100
|-damage|p1a: Braviary|19/100|[from] Stealth Rock
|move|p2a: Golurk|Shadow Punch|p1a: Braviary
|-immune|p1a: Braviary
|
|upkeep
|turn|41
|inactive|Madinina has 240 seconds left.
|
|t:|1602349794
|switch|p2a: Xatu|Xatu, F|17/100
|-damage|p2a: Xatu|0 fnt|[from] Stealth Rock
|faint|p2a: Xatu
|move|p1a: Braviary|Brave Bird|p2: Xatu|[notarget]
|-fail|p1a: Braviary
|
|upkeep
|
|t:|1602349798
|switch|p2a: Golisopod|Golisopod, M|100/100
|turn|42
|inactive|Madinina has 210 seconds left.
|
|t:|1602349824
|switch|p1a: Bronzong|Bronzong|49/100
|-damage|p1a: Bronzong|43/100|[from] Stealth Rock
|move|p2a: Golisopod|First Impression|p1a: Bronzong
|-damage|p1a: Bronzong|0 fnt
|faint|p1a: Bronzong
|
|upkeep
|
|t:|1602349837
|switch|p1a: Magneton|Magneton|23/100
|-damage|p1a: Magneton|17/100|[from] Stealth Rock
|turn|43
|
|t:|1602349850
|switch|p2a: Dragalge|Dragalge, M|100/100
|-damage|p2a: Dragalge|88/100|[from] Stealth Rock
|move|p1a: Magneton|Volt Switch|p2a: Dragalge
|-resisted|p2a: Dragalge
|-damage|p2a: Dragalge|75/100
|
|t:|1602349870
|switch|p1a: Charizard|Charizard, M|16/100|[from]move: Volt Switch
|
|-heal|p2a: Dragalge|81/100|[from] item: Black Sludge
|upkeep
|turn|44
|inactive|Madinina has 180 seconds left.
|
|t:|1602349893
|move|p1a: Charizard|Defog|p2a: Dragalge
|-unboost|p2a: Dragalge|evasion|1
|-sideend|p2: a rabbit|Stealth Rock|[from] move: Defog|[of] p1a: Charizard
|-sideend|p1: Madinina|Toxic Spikes|[from] move: Defog|[of] p1a: Charizard
|-sideend|p1: Madinina|Stealth Rock|[from] move: Defog|[of] p1a: Charizard
|move|p2a: Dragalge|Sludge Bomb|p1a: Charizard
|-damage|p1a: Charizard|0 fnt
|faint|p1a: Charizard
|
|-heal|p2a: Dragalge|87/100|[from] item: Black Sludge
|upkeep
|inactive|Madinina has 180 seconds left.
|
|t:|1602349916
|switch|p1a: Braviary|Braviary, M|19/100
|turn|45
|
|t:|1602349938
|switch|p2a: Bronzong|Bronzong|43/100
|move|p1a: Braviary|Brave Bird|p2a: Bronzong
|-resisted|p2a: Bronzong
|-damage|p2a: Bronzong|14/100
|-damage|p1a: Braviary|9/100|[from] Recoil
|
|-heal|p2a: Bronzong|20/100|[from] item: Leftovers
|upkeep
|turn|46
|inactive|Madinina has 150 seconds left.
|
|t:|1602349963
|move|p1a: Braviary|Brave Bird|p2a: Bronzong
|-resisted|p2a: Bronzong
|-damage|p2a: Bronzong|0 fnt
|-damage|p1a: Braviary|3/100|[from] Recoil
|faint|p2a: Bronzong
|
|upkeep
|
|t:|1602349970
|switch|p2a: Golisopod|Golisopod, M|100/100
|turn|47
|inactive|Madinina has 150 seconds left.
|inactive|Madinina has 120 seconds left.
|inactive|Madinina has 90 seconds left.
|inactive|Madinina has 60 seconds left.
|
|t:|1602350071
|switch|p1a: Magneton|Magneton|17/100
|move|p2a: Golisopod|First Impression|p1a: Magneton
|-resisted|p1a: Magneton
|-damage|p1a: Magneton|0 fnt
|faint|p1a: Magneton
|
|upkeep
|inactive|Madinina has 60 seconds left.
|
|t:|1602350078
|switch|p1a: Gastrodon|Gastrodon, F|56/100
|turn|48
|
|t:|1602350085
|move|p2a: Golisopod|Spikes|p1a: Gastrodon
|-sidestart|p1: Madinina|Spikes
|move|p1a: Gastrodon|Recover|p1a: Gastrodon
|-heal|p1a: Gastrodon|100/100
|
|upkeep
|turn|49
|
|t:|1602350091
|move|p2a: Golisopod|Knock Off|p1a: Gastrodon
|-damage|p1a: Gastrodon|76/100
|-enditem|p1a: Gastrodon|Leftovers|[from] move: Knock Off|[of] p2a: Golisopod
|move|p1a: Gastrodon|Scald|p2a: Golisopod
|-resisted|p2a: Golisopod
|-damage|p2a: Golisopod|84/100
|
|upkeep
|turn|50
|
|t:|1602350095
|move|p2a: Golisopod|Spikes|p1a: Gastrodon
|-sidestart|p1: Madinina|Spikes
|move|p1a: Gastrodon|Scald|p2a: Golisopod
|-resisted|p2a: Golisopod
|-damage|p2a: Golisopod|67/100
|-status|p2a: Golisopod|brn
|
|-damage|p2a: Golisopod|61/100 brn|[from] brn
|upkeep
|turn|51
|inactive|Madinina has 90 seconds left.
|
|t:|1602350102
|move|p2a: Golisopod|Spikes|p1a: Gastrodon
|-sidestart|p1: Madinina|Spikes
|move|p1a: Gastrodon|Recover|p1a: Gastrodon
|-heal|p1a: Gastrodon|100/100
|
|-damage|p2a: Golisopod|54/100 brn|[from] brn
|upkeep
|turn|52
|
|t:|1602350112
|move|p2a: Golisopod|Knock Off|p1a: Gastrodon
|-damage|p1a: Gastrodon|91/100
|move|p1a: Gastrodon|Recover|p1a: Gastrodon
|-heal|p1a: Gastrodon|100/100
|
|-damage|p2a: Golisopod|48/100 brn|[from] brn
|-activate|p2a: Golisopod|ability: Emergency Exit
|upkeep
|
|t:|1602350117
|switch|p2a: Golurk|Golurk|27/100
|turn|53
|
|t:|1602350122
|switch|p1a: Braviary|Braviary, M|3/100
|move|p2a: Golurk|Earthquake|p1a: Braviary
|-immune|p1a: Braviary
|
|upkeep
|turn|54
|inactive|Madinina has 90 seconds left.
|
|t:|1602350150
|switch|p2a: Golisopod|Golisopod, M|48/100 brn
|move|p1a: Braviary|Thrash|p2a: Golisopod
|-damage|p2a: Golisopod|0 fnt
|faint|p2a: Golisopod
|
|upkeep
|
|t:|1602350159
|switch|p2a: Golurk|Golurk|27/100
|turn|55
|
|t:|1602350163
|move|p1a: Braviary|Thrash|p2a: Golurk|[from]lockedmove
|-immune|p2a: Golurk
|-start|p1a: Braviary|confusion|[fatigue]
|move|p2a: Golurk|Close Combat|p1a: Braviary
|-damage|p1a: Braviary|0 fnt
|-unboost|p2a: Golurk|def|1
|-unboost|p2a: Golurk|spd|1
|faint|p1a: Braviary
|
|upkeep
|inactive|Madinina has 90 seconds left.
|inactive|Madinina has 60 seconds left.
|inactive|Madinina has 30 seconds left.
|
|t:|1602350251
|switch|p1a: Comfey|Comfey, M|79/100
|-damage|p1a: Comfey|55/100|[from] Spikes
|turn|56
|inactive|Madinina has 30 seconds left.
|
|t:|1602350260
|switch|p2a: Dragalge|Dragalge, M|87/100
|move|p1a: Comfey|Calm Mind|p1a: Comfey
|-boost|p1a: Comfey|spa|1
|-boost|p1a: Comfey|spd|1
|
|-heal|p1a: Comfey|61/100|[from] item: Leftovers
|-heal|p2a: Dragalge|93/100|[from] item: Black Sludge
|upkeep
|turn|57
|inactive|Madinina has 30 seconds left.
|
|t:|1602350272
|move|p1a: Comfey|Draining Kiss|p2a: Dragalge
|-damage|p2a: Dragalge|64/100
|-heal|p1a: Comfey|87/100|[from] drain|[of] p2a: Dragalge
|move|p2a: Dragalge|Sludge Bomb|p1a: Comfey
|-supereffective|p1a: Comfey
|-damage|p1a: Comfey|19/100
|-status|p1a: Comfey|psn
|
|-heal|p1a: Comfey|25/100 psn|[from] item: Leftovers
|-heal|p2a: Dragalge|70/100|[from] item: Black Sludge
|-damage|p1a: Comfey|13/100 psn|[from] psn
|upkeep
|turn|58
|
|t:|1602350289
|move|p1a: Comfey|Stored Power|p2a: Dragalge
|-supereffective|p2a: Dragalge
|-damage|p2a: Dragalge|29/100
|move|p2a: Dragalge|Sludge Bomb|p1a: Comfey
|-supereffective|p1a: Comfey
|-damage|p1a: Comfey|0 fnt
|faint|p1a: Comfey
|
|-heal|p2a: Dragalge|35/100|[from] item: Black Sludge
|upkeep
|
|t:|1602350294
|switch|p1a: Gastrodon|Gastrodon, F|100/100
|-damage|p1a: Gastrodon|76/100|[from] Spikes
|turn|59
|
|t:|1602350299
|move|p2a: Dragalge|Draco Meteor|p1a: Gastrodon
|-damage|p1a: Gastrodon|20/100
|-unboost|p2a: Dragalge|spa|2
|move|p1a: Gastrodon|Recover|p1a: Gastrodon
|-heal|p1a: Gastrodon|70/100
|
|-heal|p2a: Dragalge|41/100|[from] item: Black Sludge
|upkeep
|turn|60
|
|t:|1602350314
|move|p2a: Dragalge|Sludge Bomb|p1a: Gastrodon
|-resisted|p1a: Gastrodon
|-damage|p1a: Gastrodon|60/100
|move|p1a: Gastrodon|Scald|p2a: Dragalge
|-resisted|p2a: Dragalge
|-damage|p2a: Dragalge|31/100
|-status|p2a: Dragalge|brn
|
|-heal|p2a: Dragalge|37/100 brn|[from] item: Black Sludge
|-damage|p2a: Dragalge|31/100 brn|[from] brn
|upkeep
|turn|61
|
|t:|1602350319
|move|p2a: Dragalge|Sludge Bomb|p1a: Gastrodon
|-resisted|p1a: Gastrodon
|-damage|p1a: Gastrodon|50/100
|-status|p1a: Gastrodon|psn
|move|p1a: Gastrodon|Recover|p1a: Gastrodon
|-heal|p1a: Gastrodon|99/100 psn
|
|-heal|p2a: Dragalge|37/100 brn|[from] item: Black Sludge
|-damage|p2a: Dragalge|31/100 brn|[from] brn
|-damage|p1a: Gastrodon|88/100 psn|[from] psn
|upkeep
|turn|62
|
|t:|1602350321
|move|p2a: Dragalge|Sludge Bomb|p1a: Gastrodon
|-resisted|p1a: Gastrodon
|-damage|p1a: Gastrodon|78/100 psn
|move|p1a: Gastrodon|Earth Power|p2a: Dragalge
|-supereffective|p2a: Dragalge
|-damage|p2a: Dragalge|0 fnt
|faint|p2a: Dragalge
|
|-damage|p1a: Gastrodon|66/100 psn|[from] psn
|upkeep
|
|t:|1602350325
|switch|p2a: Golurk|Golurk|27/100
|turn|63
|
|t:|1602350328
|move|p2a: Golurk|Earthquake|p1a: Gastrodon
|-damage|p1a: Gastrodon|9/100 psn
|move|p1a: Gastrodon|Scald|p2a: Golurk
|-supereffective|p2a: Golurk
|-damage|p2a: Golurk|0 fnt
|faint|p2a: Golurk
|
|-damage|p1a: Gastrodon|0 fnt|[from] psn
|faint|p1a: Gastrodon
|
|win|a rabbit
|upkeep
|c|☆a rabbit|gg
|c|☆Madinina|gg
