|j|☆polar_geass
|j|☆Judas_crypt
|t:|1613455045
|player|p1|polar_geass|skyla|1361
|player|p2|Judas_crypt|265|1315
|teamsize|p1|6
|teamsize|p2|6
|gametype|singles
|gen|8
|tier|[Gen 8] RU
|rated|
|clearpoke
|poke|p1|Seismitoad, M|
|poke|p1|Politoed, M|
|poke|p1|Tornadus, M|
|poke|p1|Toxicroak, M|
|poke|p1|Kingdra, M|
|poke|p1|Bronzong|
|poke|p2|Volcanion|
|poke|p2|Metagross|
|poke|p2|Vanilluxe, M|
|poke|p2|Slurpuff, M|
|poke|p2|Incineroar, F|
|poke|p2|Crobat, M|
|rule|Sleep Clause Mod: Limit one foe put to sleep
|rule|Species Clause: Limit one of each Pokémon
|rule|OHKO Clause: OHKO moves are banned
|rule|Evasion Moves Clause: Evasion moves are banned
|rule|Endless Battle Clause: Forcing endless battles is banned
|rule|HP Percentage Mod: HP is shown in percentages
|rule|Dynamax Clause: You cannot dynamax
|teampreview
|
|t:|1613455060
|start
|switch|p1a: Politoed|Politoed, M|100/100
|switch|p2a: Vanilluxe|Vanilluxe, M|100/100
|-weather|Hail|[from] ability: Snow Warning|[of] p2a: Vanilluxe
|-weather|RainDance|[from] ability: Drizzle|[of] p1a: Politoed
|turn|1
|
|t:|1613455071
|switch|p1a: Bronzong|Bronzong|100/100
|move|p2a: Vanilluxe|Freeze-Dry|p1a: Bronzong
|-resisted|p1a: Bronzong
|-damage|p1a: Bronzong|88/100
|
|-weather|RainDance|[upkeep]
|upkeep
|turn|2
|
|t:|1613455085
|switch|p2a: Incineroar|Incineroar, F|100/100
|-ability|p2a: Incineroar|Intimidate|boost
|-unboost|p1a: Bronzong|atk|1
|move|p1a: Bronzong|Stealth Rock|p2a: Incineroar
|-sidestart|p2: Judas_crypt|move: Stealth Rock
|
|-weather|RainDance|[upkeep]
|upkeep
|turn|3
|
|t:|1613455095
|move|p2a: Incineroar|Knock Off|p1a: Bronzong
|-supereffective|p1a: Bronzong
|-enditem|p1a: Bronzong|Colbur Berry|[eat]
|-enditem|p1a: Bronzong|Colbur Berry|[weaken]
|-damage|p1a: Bronzong|47/100
|move|p1a: Bronzong|Toxic|p2a: Incineroar|[miss]
|-miss|p1a: Bronzong|p2a: Incineroar
|
|-weather|RainDance|[upkeep]
|upkeep
|turn|4
|
|t:|1613455108
|switch|p1a: Seismitoad|Seismitoad, M|100/100
|move|p2a: Incineroar|Parting Shot|p1a: Seismitoad
|-unboost|p1a: Seismitoad|atk|1
|-unboost|p1a: Seismitoad|spa|1
|
|t:|1613455129
|switch|p2a: Vanilluxe|Vanilluxe, M|100/100|[from]move: Parting Shot
|-damage|p2a: Vanilluxe|76/100|[from] Stealth Rock
|-weather|Hail|[from] ability: Snow Warning|[of] p2a: Vanilluxe
|
|-weather|Hail|[upkeep]
|-damage|p1a: Seismitoad|95/100|[from] Hail
|upkeep
|turn|5
|
|t:|1613455142
|switch|p1a: Bronzong|Bronzong|47/100
|move|p2a: Vanilluxe|Freeze-Dry|p1a: Bronzong
|-resisted|p1a: Bronzong
|-damage|p1a: Bronzong|35/100
|
|-weather|Hail|[upkeep]
|-damage|p1a: Bronzong|29/100|[from] Hail
|upkeep
|turn|6
|
|t:|1613455152
|switch|p1a: Politoed|Politoed, M|100/100
|-weather|RainDance|[from] ability: Drizzle|[of] p1a: Politoed
|move|p2a: Vanilluxe|Aurora Veil||[still]
|-fail|p2a: Vanilluxe
|
|-weather|RainDance|[upkeep]
|upkeep
|turn|7
|
|t:|1613455167
|switch|p2a: Crobat|Crobat, M|100/100
|switch|p1a: Seismitoad|Seismitoad, M|95/100
|
|-weather|RainDance|[upkeep]
|upkeep
|turn|8
|
|t:|1613455177
|move|p1a: Seismitoad|Liquidation|p2a: Crobat
|-damage|p2a: Crobat|0 fnt
|-damage|p1a: Seismitoad|85/100|[from] item: Life Orb
|faint|p2a: Crobat
|
|-weather|RainDance|[upkeep]
|upkeep
|
|t:|1613455209
|switch|p2a: Vanilluxe|Vanilluxe, M|76/100
|-damage|p2a: Vanilluxe|51/100|[from] Stealth Rock
|-weather|Hail|[from] ability: Snow Warning|[of] p2a: Vanilluxe
|turn|9
|
|t:|1613455220
|switch|p1a: Politoed|Politoed, M|100/100
|-weather|RainDance|[from] ability: Drizzle|[of] p1a: Politoed
|move|p2a: Vanilluxe|Blizzard|p1a: Politoed
|-resisted|p1a: Politoed
|-damage|p1a: Politoed|73/100
|
|-weather|RainDance|[upkeep]
|upkeep
|turn|10
|
|t:|1613455236
|switch|p1a: Toxicroak|Toxicroak, M|100/100
|move|p2a: Vanilluxe|Blizzard|p1a: Toxicroak
|-damage|p1a: Toxicroak|9/100
|
|-weather|RainDance|[upkeep]
|-heal|p1a: Toxicroak|22/100|[from] ability: Dry Skin
|upkeep
|turn|11
|
|t:|1613455273
|switch|p2a: Volcanion|Volcanion|100/100
|-damage|p2a: Volcanion|76/100|[from] Stealth Rock
|move|p1a: Toxicroak|Swords Dance|p1a: Toxicroak
|-boost|p1a: Toxicroak|atk|2
|
|-weather|RainDance|[upkeep]
|-heal|p1a: Toxicroak|34/100|[from] ability: Dry Skin
|upkeep
|turn|12
|
|t:|1613455288
|move|p1a: Toxicroak|Sucker Punch|p2a: Volcanion
|-damage|p2a: Volcanion|34/100
|-damage|p1a: Toxicroak|24/100|[from] item: Life Orb
|move|p2a: Volcanion|Sludge Wave|p1a: Toxicroak
|-resisted|p1a: Toxicroak
|-damage|p1a: Toxicroak|0 fnt
|faint|p1a: Toxicroak
|
|-weather|RainDance|[upkeep]
|upkeep
|
|t:|1613455307
|switch|p1a: Seismitoad|Seismitoad, M|85/100
|turn|13
|
|t:|1613455325
|move|p1a: Seismitoad|Earthquake|p2a: Volcanion
|-supereffective|p2a: Volcanion
|-crit|p2a: Volcanion
|-damage|p2a: Volcanion|0 fnt
|-damage|p1a: Seismitoad|75/100|[from] item: Life Orb
|faint|p2a: Volcanion
|
|-weather|RainDance|[upkeep]
|upkeep
|
|t:|1613455337
|switch|p2a: Metagross|Metagross, shiny|100/100
|-damage|p2a: Metagross|94/100|[from] Stealth Rock
|turn|14
|
|t:|1613455343
|move|p1a: Seismitoad|Liquidation|p2a: Metagross
|-damage|p2a: Metagross|29/100
|-damage|p1a: Seismitoad|65/100|[from] item: Life Orb
|move|p2a: Metagross|Rock Polish|p2a: Metagross
|-boost|p2a: Metagross|spe|2
|
|-weather|RainDance|[upkeep]
|upkeep
|turn|15
|
|t:|1613455356
|move|p1a: Seismitoad|Liquidation|p2a: Metagross
|-crit|p2a: Metagross
|-damage|p2a: Metagross|0 fnt
|-damage|p1a: Seismitoad|55/100|[from] item: Life Orb
|faint|p2a: Metagross
|
|-weather|RainDance|[upkeep]
|upkeep
|l|☆Judas_crypt
|player|p2|
|j|☆Judas_crypt
|player|p2|Judas_crypt|265
|
|t:|1613455400
|switch|p2a: Vanilluxe|Vanilluxe, M|51/100
|-damage|p2a: Vanilluxe|26/100|[from] Stealth Rock
|-weather|Hail|[from] ability: Snow Warning|[of] p2a: Vanilluxe
|turn|16
|
|t:|1613455406
|switch|p1a: Politoed|Politoed, M|73/100
|-weather|RainDance|[from] ability: Drizzle|[of] p1a: Politoed
|move|p2a: Vanilluxe|Freeze-Dry|p1a: Politoed
|-supereffective|p1a: Politoed
|-damage|p1a: Politoed|13/100
|
|-weather|RainDance|[upkeep]
|upkeep
|turn|17
|
|t:|1613455421
|switch|p1a: Bronzong|Bronzong|29/100
|move|p2a: Vanilluxe|Blizzard|p1a: Bronzong
|-resisted|p1a: Bronzong
|-damage|p1a: Bronzong|9/100
|
|-weather|RainDance|[upkeep]
|upkeep
|turn|18
|
|t:|1613455431
|move|p2a: Vanilluxe|Freeze-Dry|p1a: Bronzong
|-resisted|p1a: Bronzong
|-damage|p1a: Bronzong|0 fnt
|faint|p1a: Bronzong
|
|-weather|RainDance|[upkeep]
|upkeep
|
|t:|1613455436
|switch|p1a: Kingdra|Kingdra, M|100/100
|turn|19
|
|t:|1613455458
|move|p1a: Kingdra|Surf|p2a: Vanilluxe
|-damage|p2a: Vanilluxe|0 fnt
|faint|p2a: Vanilluxe
|
|-weather|RainDance|[upkeep]
|upkeep
|
|t:|1613455474
|switch|p2a: Incineroar|Incineroar, F|100/100
|-ability|p2a: Incineroar|Intimidate|boost
|-unboost|p1a: Kingdra|atk|1
|turn|20
|
|t:|1613455482
|move|p1a: Kingdra|Surf|p2a: Incineroar
|-supereffective|p2a: Incineroar
|-damage|p2a: Incineroar|0 fnt
|faint|p2a: Incineroar
|
|-weather|RainDance|[upkeep]
|upkeep
|
|t:|1613455488
|switch|p2a: Slurpuff|Slurpuff, M, shiny|100/100
|-damage|p2a: Slurpuff|88/100|[from] Stealth Rock
|turn|21
|
|t:|1613455494
|move|p1a: Kingdra|Surf|p2a: Slurpuff
|-damage|p2a: Slurpuff|0 fnt
|faint|p2a: Slurpuff
|
|win|polar_geass
