|j|☆hjkhj ㋛
|j|☆PULT4v4 Elfu
|inactive|Battle timer is ON: inactive players will automatically lose when time's up.
|t:|1662755855
|gametype|singles
|player|p1|hjkhj ㋛|169|
|player|p2|PULT4v4 Elfu|cyclist|
|teamsize|p1|6
|teamsize|p2|6
|gen|8
|tier|[Gen 8] RU
|rated|Tournament battle
|rule|Sleep Clause Mod: Limit one foe put to sleep
|rule|Species Clause: Limit one of each Pokémon
|rule|OHKO Clause: OHKO moves are banned
|rule|Evasion Items Clause: Evasion items are banned
|rule|Evasion Moves Clause: Evasion moves are banned
|rule|Endless Battle Clause: Forcing endless battles is banned
|rule|HP Percentage Mod: HP is shown in percentages
|rule|Dynamax Clause: You cannot dynamax
|clearpoke
|poke|p1|Weezing-Galar, F|
|poke|p1|Crobat, M|
|poke|p1|Steelix, M|
|poke|p1|Milotic, F|
|poke|p1|Audino, M|
|poke|p1|Xatu, M|
|poke|p2|Froslass, F|
|poke|p2|Mimikyu, M|
|poke|p2|Cloyster, M|
|poke|p2|Toxtricity, M|
|poke|p2|Stakataka|
|poke|p2|Sharpedo, M|
|teampreview
|j|*Lady Monita
|j| BB-8-NU
|inactive|hjkhj ㋛ also wants the timer to be on.
|j| joey milktank
|j| Aftx
|j| EpicBoost
|j| durarararara
|c|☆PULT4v4 Elfu|was wondering why the games were so long
|j| Shuckle15
|c|☆hjkhj ㋛|kek ye
|j| Noodle_G
|j| SodaCasual
|c|☆PULT4v4 Elfu|and than i saw your pseudo (jk)
|c|☆hjkhj ㋛|ended up in a stall mirror vs failbor
|inactive|hjkhj ㋛ has 120 seconds left.
|inactive|PULT4v4 Elfu has 120 seconds left.
|c|☆PULT4v4 Elfu|hf bro
|j| jamieon
|c|☆PULT4v4 Elfu|LOL
|c|☆hjkhj ㋛|u2
|l| EpicBoost
|inactive|PULT4v4 Elfu has 90 seconds left.
|
|t:|1662755917
|start
|switch|p1a: Steelix|Steelix, M|100/100
|switch|p2a: Froslass|Froslass, F|100/100
|turn|1
|j| regenerates
|
|t:|1662755932
|move|p2a: Froslass|Taunt|p1a: Steelix
|-start|p1a: Steelix|move: Taunt
|move|p1a: Steelix|Heavy Slam|p2a: Froslass
|-supereffective|p2a: Froslass
|-enditem|p2a: Froslass|Focus Sash
|-damage|p2a: Froslass|1/100
|
|upkeep
|turn|2
|
|t:|1662755945
|switch|p1a: Xatu|Xatu, M|100/100
|move|p2a: Froslass|Icy Wind|p1a: Xatu
|-supereffective|p1a: Xatu
|-damage|p1a: Xatu|46/100
|-unboost|p1a: Xatu|spe|1
|
|upkeep
|turn|3
|
|t:|1662755958
|switch|p1a: Audino|Audino, M|100/100
|move|p2a: Froslass|Spikes|p1a: Audino
|-sidestart|p1: hjkhj ㋛|Spikes
|
|upkeep
|turn|4
|
|t:|1662755968
|switch|p1a: Xatu|Xatu, M|46/100
|move|p2a: Froslass|Taunt|p1a: Xatu
|move|p1a: Xatu|Taunt|p2a: Froslass|[from]ability: Magic Bounce
|-start|p2a: Froslass|move: Taunt
|
|upkeep
|turn|5
|
|t:|1662755974
|switch|p1a: Steelix|Steelix, M|100/100
|-damage|p1a: Steelix|88/100|[from] Spikes
|move|p2a: Froslass|Icy Wind|p1a: Steelix
|-damage|p1a: Steelix|70/100
|-unboost|p1a: Steelix|spe|1
|
|-heal|p1a: Steelix|76/100|[from] item: Leftovers
|upkeep
|turn|6
|j| Unviabriel
|
|t:|1662755984
|move|p2a: Froslass|Icy Wind|p1a: Steelix
|-damage|p1a: Steelix|55/100
|-unboost|p1a: Steelix|spe|1
|move|p1a: Steelix|Stealth Rock|p2a: Froslass
|-sidestart|p2: PULT4v4 Elfu|move: Stealth Rock
|
|-heal|p1a: Steelix|62/100|[from] item: Leftovers
|upkeep
|turn|7
|
|t:|1662755989
|move|p2a: Froslass|Icy Wind|p1a: Steelix
|-damage|p1a: Steelix|44/100
|-unboost|p1a: Steelix|spe|1
|move|p1a: Steelix|Heavy Slam|p2a: Froslass
|-supereffective|p2a: Froslass
|-damage|p2a: Froslass|0 fnt
|-start|p1a: Steelix|Disable|Heavy Slam|[from] ability: Cursed Body|[of] p2a: Froslass
|faint|p2a: Froslass
|
|-heal|p1a: Steelix|50/100|[from] item: Leftovers
|upkeep
|j|^Failbor21
|inactive|PULT4v4 Elfu has 120 seconds left.
|
|t:|1662756023
|switch|p2a: Cloyster|Cloyster, M|100/100
|turn|8
|j| Real GLaDOS
|
|t:|1662756030
|move|p2a: Cloyster|Shell Smash|p2a: Cloyster
|-unboost|p2a: Cloyster|def|1
|-unboost|p2a: Cloyster|spd|1
|-boost|p2a: Cloyster|atk|2
|-boost|p2a: Cloyster|spa|2
|-boost|p2a: Cloyster|spe|2
|move|p1a: Steelix|Toxic|p2a: Cloyster
|-status|p2a: Cloyster|tox
|
|-heal|p1a: Steelix|56/100|[from] item: Leftovers
|-damage|p2a: Cloyster|94/100 tox|[from] psn
|upkeep
|turn|9
|j| Lkapkd
|c| Real GLaDOS|Lets go EIFU
|inactive|PULT4v4 Elfu has 120 seconds left.
|c|☆PULT4v4 Elfu|....
|c|☆PULT4v4 Elfu|its an L
|inactive|hjkhj ㋛ has 120 seconds left.
|
|t:|1662756070
|switch|p1a: Weezing|Weezing-Galar, F|100/100
|-ability|p1a: Weezing|Neutralizing Gas
|-damage|p1a: Weezing|88/100|[from] Spikes
|move|p2a: Cloyster|Icicle Spear|p1a: Weezing
|-damage|p1a: Weezing|74/100
|-damage|p1a: Weezing|60/100
|-damage|p1a: Weezing|47/100
|-hitcount|p1a: Weezing|3
|
|-damage|p2a: Cloyster|82/100 tox|[from] psn
|upkeep
|turn|10
|j| pult4v4 pix
|
|t:|1662756084
|move|p2a: Cloyster|Icicle Spear|p1a: Weezing
|-damage|p1a: Weezing|34/100
|-damage|p1a: Weezing|21/100
|-hitcount|p1a: Weezing|2
|move|p1a: Weezing|Strange Steam|p2a: Cloyster
|-damage|p2a: Cloyster|0 fnt
|faint|p2a: Cloyster
|
|upkeep
|l| pult4v4 pix
|c|☆hjkhj ㋛|sry
|c|☆hjkhj ㋛|that sucks
|j| 901rep
|c|☆PULT4v4 Elfu|yeah haha
|c|☆PULT4v4 Elfu|happens
|inactive|PULT4v4 Elfu has 90 seconds left.
|c| Shuckle15|hjkhj is so lucky and bad
|c|☆PULT4v4 Elfu|nah this guy is the future
|
|t:|1662756123
|switch|p2a: Toxtricity|Toxtricity, M|100/100
|-damage|p2a: Toxtricity|88/100|[from] Stealth Rock
|turn|11
|
|t:|1662756130
|move|p2a: Toxtricity|Boomburst|p1a: Weezing
|-damage|p1a: Weezing|0 fnt
|faint|p1a: Weezing
|-end|p1a: Weezing|ability: Neutralizing Gas
|-enditem|p2a: Toxtricity|Throat Spray
|-boost|p2a: Toxtricity|spa|1|[from] item: Throat Spray
|
|upkeep
|j| The Illusion Maker
|l| The Illusion Maker
|inactive|hjkhj ㋛ has 120 seconds left.
|
|t:|1662756163
|switch|p1a: Xatu|Xatu, M|46/100
|turn|12
|inactive|PULT4v4 Elfu has 90 seconds left.
|j| breachingtrout
|
|t:|1662756194
|switch|p2a: Sharpedo|Sharpedo, M|100/100
|-damage|p2a: Sharpedo|88/100|[from] Stealth Rock
|move|p1a: Xatu|Psychic|p2a: Sharpedo
|-immune|p2a: Sharpedo
|
|upkeep
|turn|13
|
|t:|1662756208
|switch|p1a: Audino|Audino, M|100/100
|move|p2a: Sharpedo|Crunch|p1a: Audino
|-damage|p1a: Audino|50/100
|-damage|p2a: Sharpedo|78/100|[from] item: Life Orb
|
|-ability|p2a: Sharpedo|Speed Boost|boost
|-boost|p2a: Sharpedo|spe|1
|upkeep
|turn|14
|j| nabome
|
|t:|1662756225
|switch|p1a: Milotic|Milotic, F|100/100
|move|p2a: Sharpedo|Crunch|p1a: Milotic
|-damage|p1a: Milotic|53/100
|-damage|p2a: Sharpedo|68/100|[from] item: Life Orb
|
|-ability|p2a: Sharpedo|Speed Boost|boost
|-boost|p2a: Sharpedo|spe|1
|upkeep
|turn|15
|inactive|PULT4v4 Elfu has 60 seconds left.
|
|t:|1662756260
|move|p2a: Sharpedo|Crunch|p1a: Milotic
|-damage|p1a: Milotic|12/100
|-damage|p2a: Sharpedo|58/100|[from] item: Life Orb
|move|p1a: Milotic|Recover|p1a: Milotic
|-heal|p1a: Milotic|62/100
|
|-ability|p2a: Sharpedo|Speed Boost|boost
|-boost|p2a: Sharpedo|spe|1
|upkeep
|turn|16
|
|t:|1662756265
|switch|p2a: Toxtricity|Toxtricity, M|88/100
|-damage|p2a: Toxtricity|76/100|[from] Stealth Rock
|move|p1a: Milotic|Recover|p1a: Milotic
|-heal|p1a: Milotic|100/100
|
|upkeep
|turn|17
|inactive|PULT4v4 Elfu has 60 seconds left.
|
|t:|1662756275
|switch|p1a: Audino|Audino, M|83/100
|move|p2a: Toxtricity|Boomburst|p1a: Audino
|-damage|p1a: Audino|40/100
|
|upkeep
|turn|18
|inactive|PULT4v4 Elfu has 60 seconds left.
|
|t:|1662756287
|move|p1a: Audino|Protect|p1a: Audino
|-singleturn|p1a: Audino|Protect
|move|p2a: Toxtricity|Boomburst|p1a: Audino
|-activate|p1a: Audino|move: Protect
|
|upkeep
|turn|19
|
|t:|1662756298
|move|p2a: Toxtricity|Boomburst|p1a: Audino
|-damage|p1a: Audino|0 fnt
|faint|p1a: Audino
|
|upkeep
|j| thatonehonduran
|
|t:|1662756301
|switch|p1a: Steelix|Steelix, M|56/100
|-damage|p1a: Steelix|44/100|[from] Spikes
|turn|20
|j| Arcanine1929
|
|t:|1662756319
|move|p2a: Toxtricity|Boomburst|p1a: Steelix
|-resisted|p1a: Steelix
|-damage|p1a: Steelix|17/100
|move|p1a: Steelix|Earthquake|p2a: Toxtricity
|-supereffective|p2a: Toxtricity
|-damage|p2a: Toxtricity|0 fnt
|faint|p2a: Toxtricity
|
|-heal|p1a: Steelix|23/100|[from] item: Leftovers
|upkeep
|l| Lkapkd
|inactive|PULT4v4 Elfu has 60 seconds left.
|c| regenerates|really?
|
|t:|1662756337
|switch|p2a: Sharpedo|Sharpedo, M|58/100
|-damage|p2a: Sharpedo|46/100|[from] Stealth Rock
|turn|21
|l| Arcanine1929
|
|t:|1662756342
|move|p2a: Sharpedo|Crunch|p1a: Steelix
|-damage|p1a: Steelix|0 fnt
|faint|p1a: Steelix
|-damage|p2a: Sharpedo|36/100|[from] item: Life Orb
|
|-ability|p2a: Sharpedo|Speed Boost|boost
|-boost|p2a: Sharpedo|spe|1
|upkeep
|inactive|hjkhj ㋛ has 120 seconds left.
|
|t:|1662756374
|switch|p1a: Milotic|Milotic, F|100/100
|turn|22
|
|t:|1662756383
|move|p2a: Sharpedo|Crunch|p1a: Milotic
|-damage|p1a: Milotic|59/100
|-damage|p2a: Sharpedo|26/100|[from] item: Life Orb
|move|p1a: Milotic|Recover|p1a: Milotic
|-heal|p1a: Milotic|100/100
|
|-ability|p2a: Sharpedo|Speed Boost|boost
|-boost|p2a: Sharpedo|spe|1
|upkeep
|turn|23
|
|t:|1662756388
|move|p2a: Sharpedo|Crunch|p1a: Milotic
|-damage|p1a: Milotic|57/100
|-damage|p2a: Sharpedo|16/100|[from] item: Life Orb
|move|p1a: Milotic|Recover|p1a: Milotic
|-heal|p1a: Milotic|100/100
|
|-ability|p2a: Sharpedo|Speed Boost|boost
|-boost|p2a: Sharpedo|spe|1
|upkeep
|turn|24
|
|t:|1662756395
|switch|p1a: Xatu|Xatu, M|46/100
|move|p2a: Sharpedo|Crunch|p1a: Xatu
|-supereffective|p1a: Xatu
|-damage|p1a: Xatu|0 fnt
|-damage|p2a: Sharpedo|0 fnt|[from] item: Rocky Helmet|[of] p1a: Xatu
|faint|p1a: Xatu
|faint|p2a: Sharpedo
|
|upkeep
|
|t:|1662756409
|switch|p1a: Milotic|Milotic, F|100/100
|switch|p2a: Mimikyu|Mimikyu, M|100/100
|-damage|p2a: Mimikyu|88/100|[from] Stealth Rock
|turn|25
|j| FirebugsCrusade
|c|☆PULT4v4 Elfu|plz no burn first turn
|l| FirebugsCrusade
|
|t:|1662756421
|switch|p1a: Crobat|Crobat, M|100/100
|move|p2a: Mimikyu|Swords Dance|p2a: Mimikyu
|-boost|p2a: Mimikyu|atk|2
|
|upkeep
|turn|26
|l| thatonehonduran
|inactive|PULT4v4 Elfu has 90 seconds left.
|
|t:|1662756461
|move|p1a: Crobat|Haze|p1a: Crobat
|-clearallboost
|move|p2a: Mimikyu|Swords Dance|p2a: Mimikyu
|-boost|p2a: Mimikyu|atk|2
|
|upkeep
|turn|27
|j|+mushamu
|j| Lkapkd
|inactive|hjkhj ㋛ has 120 seconds left.
|
|t:|1662756492
|switch|p2a: Stakataka|Stakataka|100/100
|-damage|p2a: Stakataka|94/100|[from] Stealth Rock
|move|p1a: Crobat|Haze|p1a: Crobat
|-clearallboost
|
|upkeep
|turn|28
|
|t:|1662756512
|switch|p1a: Milotic|Milotic, F|100/100
|move|p2a: Stakataka|Stone Edge|p1a: Milotic
|-damage|p1a: Milotic|37/100
|-damage|p2a: Stakataka|85/100|[from] item: Life Orb
|
|upkeep
|turn|29
|
|t:|1662756521
|move|p1a: Milotic|Recover|p1a: Milotic
|-heal|p1a: Milotic|87/100
|move|p2a: Stakataka|Stone Edge|p1a: Milotic
|-damage|p1a: Milotic|28/100
|-damage|p2a: Stakataka|75/100|[from] item: Life Orb
|
|upkeep
|turn|30
|
|t:|1662756528
|move|p1a: Milotic|Recover|p1a: Milotic
|-heal|p1a: Milotic|79/100
|move|p2a: Stakataka|Stone Edge|p1a: Milotic|[miss]
|-miss|p2a: Stakataka|p1a: Milotic
|
|upkeep
|turn|31
|l| breachingtrout
|
|t:|1662756538
|move|p1a: Milotic|Scald|p2a: Stakataka
|-supereffective|p2a: Stakataka
|-damage|p2a: Stakataka|13/100
|move|p2a: Stakataka|Stone Edge|p1a: Milotic
|-damage|p1a: Milotic|21/100
|-damage|p2a: Stakataka|4/100|[from] item: Life Orb
|
|upkeep
|turn|32
|inactive|PULT4v4 Elfu has 90 seconds left.
|
|t:|1662756549
|move|p1a: Milotic|Scald|p2a: Stakataka
|-supereffective|p2a: Stakataka
|-damage|p2a: Stakataka|0 fnt
|faint|p2a: Stakataka
|
|upkeep
|
|t:|1662756552
|switch|p2a: Mimikyu|Mimikyu, M|88/100
|-damage|p2a: Mimikyu|76/100|[from] Stealth Rock
|turn|33
|inactive|PULT4v4 Elfu has 90 seconds left.
|
|t:|1662756567
|move|p2a: Mimikyu|Play Rough|p1a: Milotic
|-crit|p1a: Milotic
|-damage|p1a: Milotic|0 fnt
|faint|p1a: Milotic
|-damage|p2a: Mimikyu|66/100|[from] item: Life Orb
|
|upkeep
|
|t:|1662756568
|switch|p1a: Crobat|Crobat, M|100/100
|turn|34
|
|t:|1662756574
|move|p1a: Crobat|Brave Bird|p2a: Mimikyu
|-activate|p2a: Mimikyu|ability: Disguise
|-damage|p2a: Mimikyu|66/100
|detailschange|p2a: Mimikyu|Mimikyu-Busted, M
|-damage|p2a: Mimikyu|53/100|[from] pokemon: Mimikyu-Busted
|move|p2a: Mimikyu|Swords Dance|p2a: Mimikyu
|-boost|p2a: Mimikyu|atk|2
|
|upkeep
|turn|35
|
|t:|1662756579
|move|p2a: Mimikyu|Shadow Sneak|p1a: Crobat
|-damage|p1a: Crobat|54/100
|-damage|p2a: Mimikyu|44/100|[from] item: Life Orb
|move|p1a: Crobat|Haze|p1a: Crobat
|-clearallboost
|
|upkeep
|turn|36
|
|t:|1662756583
|move|p1a: Crobat|Roost|p1a: Crobat
|-heal|p1a: Crobat|100/100
|-singleturn|p1a: Crobat|move: Roost
|move|p2a: Mimikyu|Shadow Claw|p1a: Crobat
|-damage|p1a: Crobat|62/100
|-damage|p2a: Mimikyu|34/100|[from] item: Life Orb
|
|upkeep
|turn|37
|
|t:|1662756587
|move|p1a: Crobat|Roost|p1a: Crobat
|-heal|p1a: Crobat|100/100
|-singleturn|p1a: Crobat|move: Roost
|move|p2a: Mimikyu|Shadow Claw|p1a: Crobat
|-damage|p1a: Crobat|64/100
|-damage|p2a: Mimikyu|24/100|[from] item: Life Orb
|
|upkeep
|turn|38
|
|t:|1662756590
|move|p1a: Crobat|Roost|p1a: Crobat
|-heal|p1a: Crobat|100/100
|-singleturn|p1a: Crobat|move: Roost
|move|p2a: Mimikyu|Shadow Claw|p1a: Crobat
|-damage|p1a: Crobat|60/100
|-damage|p2a: Mimikyu|14/100|[from] item: Life Orb
|
|upkeep
|turn|39
|
|t:|1662756592
|move|p1a: Crobat|Brave Bird|p2a: Mimikyu
|-damage|p2a: Mimikyu|0 fnt
|faint|p2a: Mimikyu
|-damage|p1a: Crobat|57/100|[from] Recoil
|
|win|hjkhj ㋛
|n|☆hjkhj ㋛|hjkhj
|n|☆PULT4v4 Elfu|pult4v4elfu
|n|*Lady Monita|ladymonita
|n| BB-8-NU|bb8nu
|n| joey milktank|joeymilktank
|n| Aftx|aftx
|n| durarararara|durarararara
|n| Shuckle15|shuckle15
|n| Noodle_G|noodleg
|n| SodaCasual|sodacasual
|n| jamieon|jamieon
|n| regenerates|regenerates
|n| Unviabriel|unviabriel
|n| Failbor21|failbor21
|n| Real GLaDOS|realglados
|n| 901rep|901rep
|n| nabome|nabome
|n|+mushamu|mushamu
|n| Lkapkd|lkapkd
|l|*Lady Monita
|l| BB-8-NU
|c|☆PULT4v4 Elfu|gg bro
|c|☆hjkhj ㋛|gg
|l| joey milktank
|l| Noodle_G
|l| Shuckle15
|j| EpicBoost
|l| 901rep
|l| regenerates
|l| EpicBoost
|l| Lkapkd
|l| Unviabriel
|l| durarararara
|l| Aftx
|l|☆PULT4v4 Elfu
|l| jamieon
