|inactive|Battle timer is ON: inactive players will automatically lose when time's up.
|t:|1667191384
|gametype|singles
|player|p1|Indulge in dreams|#wcorichina|
|player|p2|btboy|spenser-gen3|
|teamsize|p1|6
|teamsize|p2|6
|gen|8
|tier|[Gen 8] RU
|rule|Sleep Clause Mod: Limit one foe put to sleep
|rule|Species Clause: Limit one of each Pokémon
|rule|OHKO Clause: OHKO moves are banned
|rule|Evasion Items Clause: Evasion items are banned
|rule|Evasion Moves Clause: Evasion moves are banned
|rule|Endless Battle Clause: Forcing endless battles is banned
|rule|HP Percentage Mod: HP is shown in percentages
|rule|Dynamax Clause: You cannot dynamax
|clearpoke
|poke|p1|Rotom-Mow|
|poke|p1|Marowak-Alola, M|
|poke|p1|Gardevoir, F|
|poke|p1|Milotic, F|
|poke|p1|Registeel|
|poke|p1|Crobat, F|
|poke|p2|Golisopod, M|
|poke|p2|Bewear, F|
|poke|p2|Reuniclus, F|
|poke|p2|Steelix, M|
|poke|p2|Crobat, M|
|poke|p2|Milotic, M|
|teampreview
|c|☆btboy|glhf
|c|☆Indulge in dreams|u2
|inactive|btboy has 270 seconds left.
|
|t:|1667191437
|start
|switch|p1a: Milotic|Milotic, F|100/100
|switch|p2a: Milotic|Milotic, M|100/100
|turn|1
|
|t:|1667191452
|move|p2a: Milotic|Toxic|p1a: Milotic
|-status|p1a: Milotic|tox
|move|p1a: Milotic|Toxic|p2a: Milotic
|-status|p2a: Milotic|tox
|
|-damage|p1a: Milotic|94/100 tox|[from] psn
|-damage|p2a: Milotic|94/100 tox|[from] psn
|upkeep
|turn|2
|
|t:|1667191464
|switch|p2a: Reuniclus|Reuniclus, F|100/100
|move|p1a: Milotic|Flip Turn|p2a: Reuniclus
|-damage|p2a: Reuniclus|89/100
|
|t:|1667191468
|switch|p1a: Marowak|Marowak-Alola, M|100/100|[from]move: Flip Turn
|
|upkeep
|turn|3
|
|t:|1667191472
|switch|p2a: Milotic|Milotic, M|94/100 tox
|move|p1a: Marowak|Substitute|p1a: Marowak
|-start|p1a: Marowak|Substitute
|-damage|p1a: Marowak|76/100
|
|-damage|p2a: Milotic|88/100 tox|[from] psn
|upkeep
|turn|4
|
|t:|1667191476
|move|p2a: Milotic|Scald|p1a: Marowak
|-supereffective|p1a: Marowak
|-end|p1a: Marowak|Substitute
|move|p1a: Marowak|Poltergeist|p2a: Milotic
|-activate|p2a: Milotic|move: Poltergeist|Heavy-Duty Boots
|-damage|p2a: Milotic|41/100 tox
|
|-damage|p2a: Milotic|29/100 tox|[from] psn
|upkeep
|turn|5
|
|t:|1667191482
|switch|p1a: Rotom|Rotom-Mow|100/100
|move|p2a: Milotic|Recover|p2a: Milotic
|-heal|p2a: Milotic|79/100 tox
|
|-damage|p2a: Milotic|61/100 tox|[from] psn
|upkeep
|turn|6
|
|t:|1667191489
|switch|p2a: Steelix|Steelix, M|100/100
|move|p1a: Rotom|Nasty Plot|p1a: Rotom
|-boost|p1a: Rotom|spa|2
|
|upkeep
|turn|7
|
|t:|1667191511
|move|p1a: Rotom|Leaf Storm|p2a: Steelix
|-damage|p2a: Steelix|6/100
|-unboost|p1a: Rotom|spa|2
|move|p2a: Steelix|Toxic|p1a: Rotom
|-status|p1a: Rotom|tox
|
|-heal|p2a: Steelix|12/100|[from] item: Leftovers
|-damage|p1a: Rotom|94/100 tox|[from] psn
|upkeep
|turn|8
|
|t:|1667191520
|switch|p2a: Reuniclus|Reuniclus, F|100/100
|move|p1a: Rotom|Thunderbolt|p2a: Reuniclus
|-damage|p2a: Reuniclus|85/100
|
|-heal|p1a: Rotom|100/100 tox|[from] item: Leftovers
|-damage|p1a: Rotom|88/100 tox|[from] psn
|upkeep
|turn|9
|
|t:|1667191528
|switch|p1a: Gardevoir|Gardevoir, F|100/100
|-ability|p1a: Gardevoir|Regenerator|[from] ability: Trace|[of] p2a: Reuniclus
|move|p2a: Reuniclus|Future Sight|p1a: Gardevoir
|-start|p2a: Reuniclus|move: Future Sight
|
|upkeep
|turn|10
|
|t:|1667191533
|move|p1a: Gardevoir|Trick|p2a: Reuniclus
|-activate|p1a: Gardevoir|move: Trick|[of] p2a: Reuniclus
|-item|p2a: Reuniclus|Choice Scarf|[from] move: Trick
|-item|p1a: Gardevoir|Assault Vest|[from] move: Trick
|move|p2a: Reuniclus|Shadow Ball|p1a: Gardevoir
|-supereffective|p1a: Gardevoir
|-damage|p1a: Gardevoir|64/100
|
|upkeep
|turn|11
|
|t:|1667191548
|move|p1a: Gardevoir|Psychic|p2a: Reuniclus
|-resisted|p2a: Reuniclus
|-damage|p2a: Reuniclus|67/100
|move|p2a: Reuniclus|Shadow Ball|p1a: Gardevoir
|-supereffective|p1a: Gardevoir
|-damage|p1a: Gardevoir|28/100
|
|-end|p1a: Gardevoir|move: Future Sight
|-resisted|p1a: Gardevoir
|-damage|p1a: Gardevoir|7/100
|upkeep
|turn|12
|
|t:|1667191559
|switch|p1a: Registeel|Registeel|100/100
|move|p2a: Reuniclus|Shadow Ball|p1a: Registeel
|-damage|p1a: Registeel|87/100
|
|-heal|p1a: Registeel|93/100|[from] item: Leftovers
|upkeep
|turn|13
|
|t:|1667191565
|switch|p2a: Golisopod|Golisopod, M|100/100
|move|p1a: Registeel|Stealth Rock|p2a: Golisopod
|-sidestart|p2: btboy|move: Stealth Rock
|
|-heal|p1a: Registeel|99/100|[from] item: Leftovers
|upkeep
|turn|14
|
|t:|1667191571
|switch|p1a: Milotic|Milotic, F|94/100 tox
|move|p2a: Golisopod|Spikes|p1a: Milotic
|-sidestart|p1: Indulge in dreams|Spikes
|
|-damage|p1a: Milotic|88/100 tox|[from] psn
|upkeep
|turn|15
|
|t:|1667191585
|switch|p2a: Reuniclus|Reuniclus, F|100/100
|-damage|p2a: Reuniclus|88/100|[from] Stealth Rock
|move|p1a: Milotic|Flip Turn|p2a: Reuniclus
|-damage|p2a: Reuniclus|76/100
|
|t:|1667191606
|switch|p1a: Marowak|Marowak-Alola, M|76/100|[from]move: Flip Turn
|-damage|p1a: Marowak|63/100|[from] Spikes
|
|upkeep
|turn|16
|
|t:|1667191613
|switch|p2a: Milotic|Milotic, M|61/100 tox
|move|p1a: Marowak|Poltergeist|p2a: Milotic
|-activate|p2a: Milotic|move: Poltergeist|Heavy-Duty Boots
|-crit|p2a: Milotic
|-damage|p2a: Milotic|0 fnt
|faint|p2a: Milotic
|
|upkeep
|
|t:|1667191636
|switch|p2a: Bewear|Bewear, F|100/100
|-damage|p2a: Bewear|94/100|[from] Stealth Rock
|turn|17
|
|t:|1667191651
|switch|p1a: Milotic|Milotic, F|88/100 tox
|move|p2a: Bewear|Darkest Lariat|p1a: Milotic
|-damage|p1a: Milotic|74/100 tox
|
|-damage|p1a: Milotic|68/100 tox|[from] psn
|upkeep
|turn|18
|
|t:|1667191658
|move|p2a: Bewear|Swords Dance|p2a: Bewear
|-boost|p2a: Bewear|atk|2
|move|p1a: Milotic|Scald|p2a: Bewear
|-damage|p2a: Bewear|58/100
|
|-damage|p1a: Milotic|55/100 tox|[from] psn
|upkeep
|turn|19
|
|t:|1667191667
|move|p2a: Bewear|Drain Punch|p1a: Milotic
|-crit|p1a: Milotic
|-damage|p1a: Milotic|0 fnt
|-heal|p2a: Bewear|87/100|[from] drain|[of] p1a: Milotic
|faint|p1a: Milotic
|
|upkeep
|
|t:|1667191670
|switch|p1a: Gardevoir|Gardevoir, F|40/100
|-damage|p1a: Gardevoir|28/100|[from] Spikes
|-ability|p1a: Gardevoir|Fluffy|[from] ability: Trace|[of] p2a: Bewear
|turn|20
|
|t:|1667191690
|switch|p2a: Reuniclus|Reuniclus, F|100/100
|-damage|p2a: Reuniclus|88/100|[from] Stealth Rock
|move|p1a: Gardevoir|Moonblast|p2a: Reuniclus
|-damage|p2a: Reuniclus|50/100
|-unboost|p2a: Reuniclus|spa|1
|
|upkeep
|turn|21
|
|t:|1667191703
|switch|p1a: Registeel|Registeel|99/100
|-damage|p1a: Registeel|87/100|[from] Spikes
|move|p2a: Reuniclus|Shadow Ball|p1a: Registeel
|-damage|p1a: Registeel|79/100
|
|-heal|p1a: Registeel|85/100|[from] item: Leftovers
|upkeep
|turn|22
|
|t:|1667191710
|switch|p2a: Golisopod|Golisopod, M|100/100
|switch|p1a: Gardevoir|Gardevoir, F|28/100
|-damage|p1a: Gardevoir|15/100|[from] Spikes
|-ability|p1a: Gardevoir|Emergency Exit|[from] ability: Trace|[of] p2a: Golisopod
|
|upkeep
|turn|23
|
|t:|1667191722
|switch|p1a: Crobat|Crobat, F|100/100
|move|p2a: Golisopod|Spikes|p1a: Crobat
|-sidestart|p1: Indulge in dreams|Spikes
|
|upkeep
|turn|24
|
|t:|1667191743
|switch|p2a: Reuniclus|Reuniclus, F|84/100
|-damage|p2a: Reuniclus|71/100|[from] Stealth Rock
|move|p1a: Crobat|Brave Bird|p2a: Reuniclus
|-damage|p2a: Reuniclus|32/100
|-damage|p1a: Crobat|86/100|[from] Recoil
|
|upkeep
|turn|25
|
|t:|1667191749
|switch|p2a: Crobat|Crobat, M|100/100
|move|p1a: Crobat|Brave Bird|p2a: Crobat
|-damage|p2a: Crobat|57/100
|-damage|p1a: Crobat|71/100|[from] Recoil
|
|upkeep
|turn|26
|
|t:|1667191753
|move|p2a: Crobat|Roost|p2a: Crobat
|-heal|p2a: Crobat|100/100
|-singleturn|p2a: Crobat|move: Roost
|move|p1a: Crobat|Roost|p1a: Crobat
|-heal|p1a: Crobat|100/100
|-singleturn|p1a: Crobat|move: Roost
|
|upkeep
|turn|27
|
|t:|1667191756
|move|p2a: Crobat|Brave Bird|p1a: Crobat
|-damage|p1a: Crobat|64/100
|-damage|p2a: Crobat|88/100|[from] Recoil
|move|p1a: Crobat|Defog|p2a: Crobat
|-unboost|p2a: Crobat|evasion|1
|-sideend|p2: btboy|Stealth Rock|[from] move: Defog|[of] p1a: Crobat
|-sideend|p1: Indulge in dreams|Spikes|[from] move: Defog|[of] p1a: Crobat
|
|upkeep
|turn|28
|
|t:|1667191762
|move|p2a: Crobat|Brave Bird|p1a: Crobat
|-damage|p1a: Crobat|22/100
|-damage|p2a: Crobat|74/100|[from] Recoil
|move|p1a: Crobat|U-turn|p2a: Crobat
|-resisted|p2a: Crobat
|-damage|p2a: Crobat|70/100
|
|t:|1667191772
|switch|p1a: Registeel|Registeel|85/100|[from]move: U-turn
|
|-heal|p1a: Registeel|91/100|[from] item: Leftovers
|upkeep
|turn|29
|
|t:|1667191779
|move|p2a: Crobat|U-turn|p1a: Registeel
|-resisted|p1a: Registeel
|-damage|p1a: Registeel|86/100
|
|t:|1667191785
|switch|p2a: Golisopod|Golisopod, M|100/100|[from]move: U-turn
|move|p1a: Registeel|Stealth Rock|p2a: Golisopod
|-sidestart|p2: btboy|move: Stealth Rock
|
|-heal|p1a: Registeel|92/100|[from] item: Leftovers
|upkeep
|turn|30
|
|t:|1667191794
|switch|p1a: Rotom|Rotom-Mow|88/100 tox
|move|p2a: Golisopod|Knock Off|p1a: Rotom
|-damage|p1a: Rotom|50/100 tox
|-enditem|p1a: Rotom|Leftovers|[from] move: Knock Off|[of] p2a: Golisopod
|
|-damage|p1a: Rotom|44/100 tox|[from] psn
|upkeep
|turn|31
|
|t:|1667191804
|move|p1a: Rotom|Leaf Storm|p2a: Golisopod
|-damage|p2a: Golisopod|47/100
|-unboost|p1a: Rotom|spa|2
|-activate|p2a: Golisopod|ability: Emergency Exit
|
|t:|1667191811
|switch|p2a: Crobat|Crobat, M|70/100
|
|-damage|p1a: Rotom|32/100 tox|[from] psn
|upkeep
|turn|32
|
|t:|1667191817
|move|p2a: Crobat|U-turn|p1a: Rotom
|-supereffective|p1a: Rotom
|-damage|p1a: Rotom|0 fnt
|faint|p1a: Rotom
|
|t:|1667191824
|switch|p2a: Bewear|Bewear, F|87/100|[from]move: U-turn
|-damage|p2a: Bewear|81/100|[from] Stealth Rock
|
|upkeep
|
|t:|1667191833
|switch|p1a: Gardevoir|Gardevoir, F|15/100
|-ability|p1a: Gardevoir|Fluffy|[from] ability: Trace|[of] p2a: Bewear
|turn|33
|
|t:|1667191840
|switch|p2a: Reuniclus|Reuniclus, F|65/100
|-damage|p2a: Reuniclus|53/100|[from] Stealth Rock
|move|p1a: Gardevoir|Moonblast|p2a: Reuniclus
|-damage|p2a: Reuniclus|20/100
|
|upkeep
|turn|34
|
|t:|1667191847
|move|p1a: Gardevoir|Moonblast|p2a: Reuniclus
|-damage|p2a: Reuniclus|0 fnt
|faint|p2a: Reuniclus
|
|upkeep
|
|t:|1667191849
|switch|p2a: Crobat|Crobat, M|70/100
|turn|35
|
|t:|1667191854
|switch|p1a: Crobat|Crobat, F|22/100
|move|p2a: Crobat|U-turn|p1a: Crobat
|-resisted|p1a: Crobat
|-damage|p1a: Crobat|18/100
|
|t:|1667191859
|switch|p2a: Steelix|Steelix, M|12/100|[from]move: U-turn
|-damage|p2a: Steelix|9/100|[from] Stealth Rock
|
|-heal|p2a: Steelix|15/100|[from] item: Leftovers
|upkeep
|turn|36
|
|t:|1667191868
|move|p1a: Crobat|Roost|p1a: Crobat
|-heal|p1a: Crobat|68/100
|-singleturn|p1a: Crobat|move: Roost
|move|p2a: Steelix|Stealth Rock|p1a: Crobat
|-sidestart|p1: Indulge in dreams|move: Stealth Rock
|
|-heal|p2a: Steelix|21/100|[from] item: Leftovers
|upkeep
|turn|37
|
|t:|1667191874
|move|p1a: Crobat|Defog|p2a: Steelix
|-unboost|p2a: Steelix|evasion|1
|-sideend|p2: btboy|Stealth Rock|[from] move: Defog|[of] p1a: Crobat
|-sideend|p1: Indulge in dreams|Stealth Rock|[from] move: Defog|[of] p1a: Crobat
|move|p2a: Steelix|Heavy Slam|p1a: Crobat
|-damage|p1a: Crobat|32/100
|
|-heal|p2a: Steelix|27/100|[from] item: Leftovers
|upkeep
|turn|38
|
|t:|1667191878
|move|p1a: Crobat|U-turn|p2a: Steelix
|-resisted|p2a: Steelix
|-damage|p2a: Steelix|24/100
|
|t:|1667191880
|switch|p1a: Marowak|Marowak-Alola, M|63/100|[from]move: U-turn
|move|p2a: Steelix|Earthquake|p1a: Marowak
|-supereffective|p1a: Marowak
|-damage|p1a: Marowak|0 fnt
|faint|p1a: Marowak
|
|-heal|p2a: Steelix|30/100|[from] item: Leftovers
|upkeep
|
|t:|1667191889
|switch|p1a: Gardevoir|Gardevoir, F|15/100
|-ability|p1a: Gardevoir|Sturdy|[from] ability: Trace|[of] p2a: Steelix
|turn|39
|
|t:|1667191898
|switch|p2a: Golisopod|Golisopod, M|47/100
|move|p1a: Gardevoir|Grass Knot|p2a: Golisopod
|-damage|p2a: Golisopod|11/100
|
|upkeep
|turn|40
|
|t:|1667191904
|switch|p1a: Crobat|Crobat, F|32/100
|move|p2a: Golisopod|Spikes|p1a: Crobat
|-sidestart|p1: Indulge in dreams|Spikes
|
|upkeep
|turn|41
|
|t:|1667191911
|move|p1a: Crobat|Brave Bird|p2a: Golisopod
|-supereffective|p2a: Golisopod
|-damage|p2a: Golisopod|0 fnt
|faint|p2a: Golisopod
|-damage|p1a: Crobat|29/100|[from] Recoil
|
|upkeep
|
|t:|1667191923
|switch|p2a: Steelix|Steelix, M|30/100
|turn|42
|
|t:|1667191930
|move|p1a: Crobat|Roost|p1a: Crobat
|-heal|p1a: Crobat|79/100
|-singleturn|p1a: Crobat|move: Roost
|move|p2a: Steelix|Earthquake|p1a: Crobat
|-supereffective|p1a: Crobat
|-damage|p1a: Crobat|13/100
|
|-heal|p2a: Steelix|36/100|[from] item: Leftovers
|upkeep
|turn|43
|
|t:|1667191935
|move|p1a: Crobat|Roost|p1a: Crobat
|-heal|p1a: Crobat|63/100
|-singleturn|p1a: Crobat|move: Roost
|move|p2a: Steelix|Earthquake|p1a: Crobat
|-supereffective|p1a: Crobat
|-damage|p1a: Crobat|2/100
|
|-heal|p2a: Steelix|42/100|[from] item: Leftovers
|upkeep
|turn|44
|
|t:|1667191938
|move|p1a: Crobat|Roost|p1a: Crobat
|-heal|p1a: Crobat|52/100
|-singleturn|p1a: Crobat|move: Roost
|move|p2a: Steelix|Earthquake|p1a: Crobat
|-supereffective|p1a: Crobat
|-damage|p1a: Crobat|0 fnt
|faint|p1a: Crobat
|
|-heal|p2a: Steelix|49/100|[from] item: Leftovers
|upkeep
|c|☆Indulge in dreams|gg
|-message|Indulge in dreams forfeited.
|
|win|btboy
|c|☆btboy|gg
