|inactive|Battle timer is ON: inactive players will automatically lose when time's up.
|t:|1606247977
|player|p1|a rabbit|266|
|player|p2|NINA SARAFINA|parasollady|
|teamsize|p1|6
|teamsize|p2|6
|gametype|singles
|gen|8
|tier|[Gen 8] RU
|clearpoke
|poke|p1|Klefki, F|
|poke|p1|Noivern, M|
|poke|p1|Zarude|
|poke|p1|Xurkitree|
|poke|p1|Palossand, M|
|poke|p1|Slowking, F|
|poke|p2|Doublade, F|
|poke|p2|Zarude|
|poke|p2|Slowking, M|
|poke|p2|Noivern, F|
|poke|p2|Diancie|
|poke|p2|Terrakion|
|rule|Sleep Clause Mod: Limit one foe put to sleep
|rule|Species Clause: Limit one of each Pokémon
|rule|OHKO Clause: OHKO moves are banned
|rule|Evasion Moves Clause: Evasion moves are banned
|rule|Endless Battle Clause: Forcing endless battles is banned
|rule|HP Percentage Mod: HP is shown in percentages
|rule|Dynamax Clause: You cannot dynamax
|teampreview
|c|☆NINA SARAFINA|hf
|c|☆a rabbit|glhf
|inactive|a rabbit has 270 seconds left.
|inactive|NINA SARAFINA has 270 seconds left.
|
|t:|1606248037
|start
|switch|p1a: Klefki|Klefki, F|100/100
|switch|p2a: Diancie|Diancie|100/100
|turn|1
|
|t:|1606248047
|move|p1a: Klefki|Toxic|p2a: Diancie
|-status|p2a: Diancie|tox
|move|p2a: Diancie|Stealth Rock|p1a: Klefki
|-sidestart|p1: a rabbit|move: Stealth Rock
|
|-damage|p2a: Diancie|94/100 tox|[from] psn
|upkeep
|turn|2
|
|t:|1606248056
|switch|p2a: Doublade|Doublade, F|100/100
|move|p1a: Klefki|Spikes|p2a: Doublade
|-sidestart|p2: NINA SARAFINA|Spikes
|
|upkeep
|turn|3
|inactive|NINA SARAFINA has 270 seconds left.
|
|t:|1606248089
|switch|p1a: Noivern|Noivern, M|100/100
|switch|p2a: Slowking|Slowking, M|100/100
|
|upkeep
|turn|4
|
|t:|1606248099
|switch|p1a: Zarude|Zarude|100/100
|move|p2a: Slowking|Future Sight|p1a: Zarude
|-start|p2a: Slowking|move: Future Sight
|
|upkeep
|turn|5
|
|t:|1606248114
|switch|p2a: Noivern|Noivern, F|100/100
|move|p1a: Zarude|Darkest Lariat|p2a: Noivern
|-damage|p2a: Noivern|44/100
|
|upkeep
|turn|6
|inactive|NINA SARAFINA has 270 seconds left.
|
|t:|1606248137
|switch|p1a: Slowking|Slowking, F|100/100
|move|p2a: Noivern|U-turn|p1a: Slowking
|-supereffective|p1a: Slowking
|-damage|p1a: Slowking|82/100
|
|t:|1606248146
|switch|p2a: Zarude|Zarude|100/100|[from]move: U-turn
|-damage|p2a: Zarude|88/100|[from] Spikes
|
|-end|p1a: Slowking|move: Future Sight
|-resisted|p1a: Slowking
|-damage|p1a: Slowking|69/100
|-heal|p2a: Zarude|94/100|[from] item: Leftovers
|upkeep
|turn|7
|c|+Pohjis|big game
|inactive|NINA SARAFINA has 270 seconds left.
|
|t:|1606248181
|switch|p1a: Noivern|Noivern, M|100/100
|move|p2a: Zarude|Darkest Lariat|p1a: Noivern
|-damage|p1a: Noivern|55/100
|
|-heal|p2a: Zarude|99/100|[from] item: Leftovers
|upkeep
|turn|8
|
|t:|1606248195
|switch|p2a: Slowking|Slowking, M|100/100
|move|p1a: Noivern|Roost|p1a: Noivern
|-heal|p1a: Noivern|100/100
|-singleturn|p1a: Noivern|move: Roost
|
|upkeep
|turn|9
|
|t:|1606248200
|switch|p1a: Zarude|Zarude|100/100
|move|p2a: Slowking|Scald|p1a: Zarude
|-resisted|p1a: Zarude
|-damage|p1a: Zarude|87/100
|
|upkeep
|turn|10
|inactive|NINA SARAFINA has 240 seconds left.
|inactive|NINA SARAFINA has 210 seconds left.
|inactive|NINA SARAFINA has 180 seconds left.
|
|t:|1606248295
|move|p1a: Zarude|Close Combat|p2a: Slowking
|-resisted|p2a: Slowking
|-damage|p2a: Slowking|85/100
|-unboost|p1a: Zarude|def|1
|-unboost|p1a: Zarude|spd|1
|move|p2a: Slowking|Teleport|p2a: Slowking
|
|t:|1606248306
|switch|p2a: Noivern|Noivern, F|44/100|[from]move: Teleport
|
|upkeep
|turn|11
|
|t:|1606248311
|switch|p1a: Klefki|Klefki, F|100/100
|-damage|p1a: Klefki|95/100|[from] Stealth Rock
|move|p2a: Noivern|Roost|p2a: Noivern
|-heal|p2a: Noivern|94/100
|-singleturn|p2a: Noivern|move: Roost
|
|-heal|p1a: Klefki|100/100|[from] item: Leftovers
|upkeep
|turn|12
|inactive|NINA SARAFINA has 180 seconds left.
|
|t:|1606248332
|switch|p2a: Doublade|Doublade, F|100/100
|-damage|p2a: Doublade|88/100|[from] Spikes
|move|p1a: Klefki|Thunder Wave|p2a: Doublade
|-status|p2a: Doublade|par
|
|upkeep
|turn|13
|inactive|NINA SARAFINA has 150 seconds left.
|
|t:|1606248373
|switch|p1a: Noivern|Noivern, M|100/100
|move|p2a: Doublade|Iron Head|p1a: Noivern
|-damage|p1a: Noivern|57/100
|
|upkeep
|turn|14
|
|t:|1606248392
|switch|p2a: Slowking|Slowking, M|100/100
|move|p1a: Noivern|Roost|p1a: Noivern
|-heal|p1a: Noivern|100/100
|-singleturn|p1a: Noivern|move: Roost
|
|upkeep
|turn|15
|
|t:|1606248408
|switch|p1a: Slowking|Slowking, F|100/100
|move|p2a: Slowking|Teleport|p2a: Slowking
|
|t:|1606248413
|switch|p2a: Zarude|Zarude|99/100|[from]move: Teleport
|-damage|p2a: Zarude|88/100|[from] Spikes
|
|-heal|p2a: Zarude|94/100|[from] item: Leftovers
|upkeep
|turn|16
|
|t:|1606248436
|switch|p1a: Noivern|Noivern, M|100/100
|move|p2a: Zarude|Darkest Lariat|p1a: Noivern
|-damage|p1a: Noivern|60/100
|
|-heal|p2a: Zarude|99/100|[from] item: Leftovers
|upkeep
|turn|17
|
|t:|1606248442
|switch|p2a: Slowking|Slowking, M|100/100
|move|p1a: Noivern|Roost|p1a: Noivern
|-heal|p1a: Noivern|100/100
|-singleturn|p1a: Noivern|move: Roost
|
|upkeep
|turn|18
|
|t:|1606248450
|move|p1a: Noivern|Flamethrower|p2a: Slowking
|-resisted|p2a: Slowking
|-damage|p2a: Slowking|94/100
|move|p2a: Slowking|Teleport|p2a: Slowking
|inactive|NINA SARAFINA has 120 seconds left.
|
|t:|1606248481
|switch|p2a: Noivern|Noivern, F|94/100|[from]move: Teleport
|
|upkeep
|turn|19
|
|t:|1606248489
|switch|p2a: Slowking|Slowking, M|100/100
|switch|p1a: Klefki|Klefki, F|100/100
|-damage|p1a: Klefki|95/100|[from] Stealth Rock
|
|-heal|p1a: Klefki|100/100|[from] item: Leftovers
|upkeep
|turn|20
|inactive|NINA SARAFINA has 120 seconds left.
|
|t:|1606248518
|move|p1a: Klefki|Toxic|p2a: Slowking
|-status|p2a: Slowking|tox
|move|p2a: Slowking|Scald|p1a: Klefki
|-damage|p1a: Klefki|76/100
|
|-heal|p1a: Klefki|82/100|[from] item: Leftovers
|-damage|p2a: Slowking|94/100 tox|[from] psn
|upkeep
|turn|21
|
|t:|1606248527
|move|p1a: Klefki|Spikes|p2a: Slowking
|-sidestart|p2: NINA SARAFINA|Spikes
|move|p2a: Slowking|Scald|p1a: Klefki
|-damage|p1a: Klefki|57/100
|-status|p1a: Klefki|brn
|
|-heal|p1a: Klefki|63/100 brn|[from] item: Leftovers
|-damage|p1a: Klefki|57/100 brn|[from] brn
|-damage|p2a: Slowking|82/100 tox|[from] psn
|upkeep
|turn|22
|
|t:|1606248546
|switch|p1a: Slowking|Slowking, F|100/100
|move|p2a: Slowking|Teleport|p2a: Slowking
|inactive|NINA SARAFINA has 120 seconds left.
|inactive|NINA SARAFINA has 90 seconds left.
|
|t:|1606248603
|switch|p2a: Zarude|Zarude|99/100|[from]move: Teleport
|-damage|p2a: Zarude|83/100|[from] Spikes
|
|-heal|p2a: Zarude|89/100|[from] item: Leftovers
|upkeep
|turn|23
|
|t:|1606248621
|switch|p2a: Diancie|Diancie|94/100 tox
|-damage|p2a: Diancie|78/100 tox|[from] Spikes
|switch|p1a: Noivern|Noivern, M|100/100
|
|-heal|p2a: Diancie|84/100 tox|[from] item: Leftovers
|-damage|p2a: Diancie|78/100 tox|[from] psn
|upkeep
|turn|24
|
|t:|1606248635
|switch|p1a: Slowking|Slowking, F|100/100
|move|p2a: Diancie|Toxic|p1a: Slowking
|-status|p1a: Slowking|tox
|
|-heal|p2a: Diancie|84/100 tox|[from] item: Leftovers
|-damage|p2a: Diancie|72/100 tox|[from] psn
|-damage|p1a: Slowking|94/100 tox|[from] psn
|upkeep
|turn|25
|inactive|NINA SARAFINA has 60 seconds left.
|
|t:|1606248661
|switch|p2a: Noivern|Noivern, F|94/100
|move|p1a: Slowking|Teleport|p1a: Slowking
|
|t:|1606248666
|switch|p1a: Xurkitree|Xurkitree|100/100|[from]move: Teleport
|-damage|p1a: Xurkitree|88/100|[from] Stealth Rock
|
|upkeep
|turn|26
|inactive|NINA SARAFINA has 60 seconds left.
|inactive|NINA SARAFINA has 30 seconds left.
|
|t:|1606248713
|move|p1a: Xurkitree|Volt Switch|p2a: Noivern
|-damage|p2a: Noivern|34/100
|
|t:|1606248716
|switch|p1a: Slowking|Slowking, F|100/100 tox|[from]move: Volt Switch
|move|p2a: Noivern|Draco Meteor|p1a: Slowking
|-damage|p1a: Slowking|63/100 tox
|-unboost|p2a: Noivern|spa|2
|
|-damage|p1a: Slowking|57/100 tox|[from] psn
|upkeep
|turn|27
|
|t:|1606248723
|move|p2a: Noivern|Roost|p2a: Noivern
|-heal|p2a: Noivern|84/100
|-singleturn|p2a: Noivern|move: Roost
|move|p1a: Slowking|Teleport|p1a: Slowking
|
|t:|1606248726
|switch|p1a: Xurkitree|Xurkitree|88/100|[from]move: Teleport
|-damage|p1a: Xurkitree|76/100|[from] Stealth Rock
|
|upkeep
|turn|28
|inactive|NINA SARAFINA has 30 seconds left.
|
|t:|1606248752
|switch|p2a: Zarude|Zarude|89/100
|-damage|p2a: Zarude|73/100|[from] Spikes
|move|p1a: Xurkitree|Dazzling Gleam|p2a: Zarude
|-supereffective|p2a: Zarude
|-damage|p2a: Zarude|4/100
|
|-heal|p2a: Zarude|10/100|[from] item: Leftovers
|upkeep
|turn|29
|inactive|NINA SARAFINA has 30 seconds left.
|
|t:|1606248768
|switch|p2a: Slowking|Slowking, M|100/100 tox
|move|p1a: Xurkitree|Dazzling Gleam|p2a: Slowking
|-damage|p2a: Slowking|75/100 tox
|
|-damage|p2a: Slowking|69/100 tox|[from] psn
|upkeep
|turn|30
|inactive|NINA SARAFINA has 30 seconds left.
|
|t:|1606248781
|switch|p1a: Zarude|Zarude|87/100
|move|p2a: Slowking|Teleport|p2a: Slowking
|inactive|NINA SARAFINA has 30 seconds left.
|
|t:|1606248789
|switch|p2a: Noivern|Noivern, F|84/100|[from]move: Teleport
|
|upkeep
|turn|31
|
|t:|1606248801
|switch|p1a: Slowking|Slowking, F|90/100 tox
|move|p2a: Noivern|U-turn|p1a: Slowking
|-supereffective|p1a: Slowking
|-damage|p1a: Slowking|71/100 tox
|inactive|NINA SARAFINA has 30 seconds left.
|inactive|NINA SARAFINA has 20 seconds left.
|inactive|NINA SARAFINA has 15 seconds left.
|
|t:|1606248832
|switch|p2a: Terrakion|Terrakion|100/100|[from]move: U-turn
|-damage|p2a: Terrakion|84/100|[from] Spikes
|
|-damage|p1a: Slowking|65/100 tox|[from] psn
|upkeep
|turn|32
|inactive|NINA SARAFINA has 25 seconds left this turn.
|
|t:|1606248836
|switch|p1a: Palossand|Palossand, M|100/100
|-damage|p1a: Palossand|94/100|[from] Stealth Rock
|move|p2a: Terrakion|Swords Dance|p2a: Terrakion
|-boost|p2a: Terrakion|atk|2
|
|upkeep
|turn|33
|inactive|NINA SARAFINA has 30 seconds left.
|
|t:|1606248850
|move|p2a: Terrakion|Swords Dance|p2a: Terrakion
|-boost|p2a: Terrakion|atk|2
|move|p1a: Palossand|Scorching Sands|p2a: Terrakion
|-supereffective|p2a: Terrakion
|-damage|p2a: Terrakion|32/100
|-status|p2a: Terrakion|brn
|
|-damage|p2a: Terrakion|26/100 brn|[from] brn
|upkeep
|turn|34
|inactive|NINA SARAFINA has 30 seconds left.
|
|t:|1606248859
|move|p2a: Terrakion|Earthquake|p1a: Palossand
|-damage|p1a: Palossand|53/100
|-damage|p2a: Terrakion|16/100 brn|[from] item: Life Orb
|move|p1a: Palossand|Stealth Rock|p2a: Terrakion
|-sidestart|p2: NINA SARAFINA|move: Stealth Rock
|
|-damage|p2a: Terrakion|10/100 brn|[from] brn
|upkeep
|turn|35
|
|t:|1606248863
|move|p2a: Terrakion|Earthquake|p1a: Palossand
|-damage|p1a: Palossand|14/100
|-damage|p2a: Terrakion|0 fnt|[from] item: Life Orb
|faint|p2a: Terrakion
|move|p1a: Palossand|Shore Up|p1a: Palossand
|-heal|p1a: Palossand|64/100
|
|upkeep
|inactive|NINA SARAFINA has 30 seconds left.
|
|t:|1606248882
|switch|p2a: Slowking|Slowking, M|100/100 tox
|turn|36
|c|+H.M.N.I.P|Next game
|
|t:|1606248890
|switch|p1a: Slowking|Slowking, F|98/100 tox
|move|p2a: Slowking|Scald|p1a: Slowking
|-resisted|p1a: Slowking
|-damage|p1a: Slowking|88/100 tox
|
|-damage|p2a: Slowking|94/100 tox|[from] psn
|-damage|p1a: Slowking|82/100 tox|[from] psn
|upkeep
|turn|37
|inactive|NINA SARAFINA has 30 seconds left.
|
|t:|1606248908
|move|p2a: Slowking|Scald|p1a: Slowking
|-resisted|p1a: Slowking
|-damage|p1a: Slowking|73/100 tox
|move|p1a: Slowking|Teleport|p1a: Slowking
|
|t:|1606248912
|switch|p1a: Xurkitree|Xurkitree|76/100|[from]move: Teleport
|-damage|p1a: Xurkitree|63/100|[from] Stealth Rock
|
|-damage|p2a: Slowking|82/100 tox|[from] psn
|upkeep
|turn|38
|
|t:|1606248929
|switch|p2a: Zarude|Zarude|10/100
|-damage|p2a: Zarude|0 fnt|[from] Stealth Rock
|faint|p2a: Zarude
|move|p1a: Xurkitree|Thunderbolt|p2: Zarude|[notarget]
|-fail|p1a: Xurkitree
|
|upkeep
|inactive|NINA SARAFINA has 30 seconds left.
|
|t:|1606248948
|switch|p2a: Noivern|Noivern, F|84/100
|turn|39
|
|t:|1606248952
|switch|p1a: Slowking|Slowking, F|100/100 tox
|move|p2a: Noivern|Draco Meteor|p1a: Slowking
|-damage|p1a: Slowking|63/100 tox
|-unboost|p2a: Noivern|spa|2
|
|-damage|p1a: Slowking|57/100 tox|[from] psn
|upkeep
|turn|40
|
|t:|1606248957
|move|p2a: Noivern|U-turn|p1a: Slowking
|-supereffective|p1a: Slowking
|-damage|p1a: Slowking|39/100 tox
|
|t:|1606248960
|switch|p2a: Slowking|Slowking, M|100/100 tox|[from]move: U-turn
|move|p1a: Slowking|Teleport|p1a: Slowking
|
|t:|1606248964
|switch|p1a: Zarude|Zarude|87/100|[from]move: Teleport
|
|-damage|p2a: Slowking|94/100 tox|[from] psn
|upkeep
|turn|41
|
|t:|1606248970
|move|p1a: Zarude|Darkest Lariat|p2a: Slowking
|-supereffective|p2a: Slowking
|-damage|p2a: Slowking|27/100 tox
|move|p2a: Slowking|Teleport|p2a: Slowking
|
|t:|1606248974
|switch|p2a: Noivern|Noivern, F|84/100|[from]move: Teleport
|
|upkeep
|turn|42
|
|t:|1606248983
|switch|p1a: Klefki|Klefki, F|57/100 brn
|-damage|p1a: Klefki|51/100 brn|[from] Stealth Rock
|move|p2a: Noivern|U-turn|p1a: Klefki
|-resisted|p1a: Klefki
|-damage|p1a: Klefki|48/100 brn
|
|t:|1606248996
|switch|p2a: Slowking|Slowking, M|60/100 tox|[from]move: U-turn
|
|-heal|p1a: Klefki|54/100 brn|[from] item: Leftovers
|-damage|p1a: Klefki|48/100 brn|[from] brn
|-damage|p2a: Slowking|54/100 tox|[from] psn
|upkeep
|turn|43
|
|t:|1606249002
|switch|p1a: Zarude|Zarude|87/100
|move|p2a: Slowking|Teleport|p2a: Slowking
|
|t:|1606249006
|switch|p2a: Noivern|Noivern, F|84/100|[from]move: Teleport
|
|upkeep
|turn|44
|
|t:|1606249013
|switch|p1a: Slowking|Slowking, F|72/100 tox
|move|p2a: Noivern|U-turn|p1a: Slowking
|-supereffective|p1a: Slowking
|-damage|p1a: Slowking|55/100 tox
|
|t:|1606249020
|switch|p2a: Slowking|Slowking, M|87/100 tox|[from]move: U-turn
|
|-damage|p2a: Slowking|81/100 tox|[from] psn
|-damage|p1a: Slowking|49/100 tox|[from] psn
|upkeep
|turn|45
|
|t:|1606249024
|move|p2a: Slowking|Teleport|p2a: Slowking
|
|t:|1606249029
|switch|p2a: Noivern|Noivern, F|84/100|[from]move: Teleport
|move|p1a: Slowking|Teleport|p1a: Slowking
|
|t:|1606249034
|switch|p1a: Xurkitree|Xurkitree|63/100|[from]move: Teleport
|-damage|p1a: Xurkitree|51/100|[from] Stealth Rock
|
|upkeep
|turn|46
|inactive|NINA SARAFINA has 120 seconds left.
|
|t:|1606249050
|switch|p2a: Doublade|Doublade, F|88/100 par
|-damage|p2a: Doublade|71/100 par|[from] Spikes
|-damage|p2a: Doublade|65/100 par|[from] Stealth Rock
|move|p1a: Xurkitree|Volt Switch|p2a: Doublade
|-damage|p2a: Doublade|3/100 par
|
|t:|1606249057
|switch|p1a: Zarude|Zarude|87/100|[from]move: Volt Switch
|
|upkeep
|turn|47
|inactive|NINA SARAFINA has 120 seconds left.
|
|t:|1606249068
|move|p2a: Doublade|Shadow Sneak|p1a: Zarude
|-resisted|p1a: Zarude
|-damage|p1a: Zarude|78/100
|move|p1a: Zarude|Darkest Lariat|p2a: Doublade
|-supereffective|p2a: Doublade
|-damage|p2a: Doublade|0 fnt
|faint|p2a: Doublade
|
|upkeep
|
|t:|1606249077
|switch|p2a: Noivern|Noivern, F|84/100
|turn|48
|
|t:|1606249087
|switch|p1a: Slowking|Slowking, F|82/100 tox
|move|p2a: Noivern|U-turn|p1a: Slowking
|-supereffective|p1a: Slowking
|-damage|p1a: Slowking|63/100 tox
|
|t:|1606249092
|switch|p2a: Slowking|Slowking, M|100/100 tox|[from]move: U-turn
|
|-damage|p2a: Slowking|94/100 tox|[from] psn
|-damage|p1a: Slowking|57/100 tox|[from] psn
|upkeep
|turn|49
|
|t:|1606249103
|move|p2a: Slowking|Future Sight|p1a: Slowking
|-start|p2a: Slowking|move: Future Sight
|move|p1a: Slowking|Teleport|p1a: Slowking
|
|t:|1606249105
|switch|p1a: Zarude|Zarude|78/100|[from]move: Teleport
|
|-damage|p2a: Slowking|82/100 tox|[from] psn
|upkeep
|turn|50
|
|t:|1606249111
|move|p1a: Zarude|Darkest Lariat|p2a: Slowking
|-supereffective|p2a: Slowking
|-damage|p2a: Slowking|9/100 tox
|move|p2a: Slowking|Teleport|p2a: Slowking
|
|t:|1606249115
|switch|p2a: Noivern|Noivern, F|84/100|[from]move: Teleport
|
|upkeep
|turn|51
|
|t:|1606249129
|switch|p1a: Slowking|Slowking, F|91/100 tox
|move|p2a: Noivern|Draco Meteor|p1a: Slowking
|-damage|p1a: Slowking|49/100 tox
|-unboost|p2a: Noivern|spa|2
|
|-end|p1a: Slowking|move: Future Sight
|-resisted|p1a: Slowking
|-damage|p1a: Slowking|35/100 tox
|-damage|p1a: Slowking|29/100 tox|[from] psn
|upkeep
|turn|52
|
|t:|1606249139
|move|p2a: Noivern|U-turn|p1a: Slowking
|-supereffective|p1a: Slowking
|-damage|p1a: Slowking|10/100 tox
|
|t:|1606249141
|switch|p2a: Slowking|Slowking, M|42/100 tox|[from]move: U-turn
|move|p1a: Slowking|Teleport|p1a: Slowking
|
|t:|1606249145
|switch|p1a: Xurkitree|Xurkitree|51/100|[from]move: Teleport
|-damage|p1a: Xurkitree|39/100|[from] Stealth Rock
|
|-damage|p2a: Slowking|36/100 tox|[from] psn
|upkeep
|turn|53
|inactive|NINA SARAFINA has 180 seconds left.
|
|t:|1606249168
|move|p1a: Xurkitree|Thunderbolt|p2a: Slowking
|-supereffective|p2a: Slowking
|-damage|p2a: Slowking|0 fnt
|faint|p2a: Slowking
|-ability|p1a: Xurkitree|Beast Boost|boost
|-boost|p1a: Xurkitree|spa|1
|
|upkeep
|c|☆NINA SARAFINA|gg
|-message|NINA SARAFINA forfeited.
|
|win|a rabbit
|c|☆a rabbit|gg
