|inactive|Battle timer is ON: inactive players will automatically lose when time's up.
|t:|1664747503
|gametype|singles
|player|p1|hjkhj ㋛|101|
|player|p2|daniYSB|#scl2machines|
|teamsize|p1|6
|teamsize|p2|6
|gen|8
|tier|[Gen 8] RU
|rule|Sleep Clause Mod: Limit one foe put to sleep
|rule|Species Clause: Limit one of each Pokémon
|rule|OHKO Clause: OHKO moves are banned
|rule|Evasion Items Clause: Evasion items are banned
|rule|Evasion Moves Clause: Evasion moves are banned
|rule|Endless Battle Clause: Forcing endless battles is banned
|rule|HP Percentage Mod: HP is shown in percentages
|rule|Dynamax Clause: You cannot dynamax
|clearpoke
|poke|p1|Weezing-Galar, F|
|poke|p1|Crobat, M|
|poke|p1|Steelix, M|
|poke|p1|Audino, F|
|poke|p1|Quagsire, M|
|poke|p1|Scyther, M|
|poke|p2|Raikou|
|poke|p2|Rotom-Mow|
|poke|p2|Crobat, F|
|poke|p2|Steelix, M|
|poke|p2|Milotic, F|
|poke|p2|Pangoro, F|
|teampreview
|inactive|hjkhj ㋛ also wants the timer to be on.
|c|☆daniYSB|hf
|c|☆hjkhj ㋛|u2
|inactive|daniYSB has 270 seconds left.
|inactive|daniYSB has 240 seconds left.
|
|t:|1664747575
|start
|switch|p1a: Audino|Audino, F|100/100
|switch|p2a: RaikougZa|Raikou, shiny|100/100
|turn|1
|
|t:|1664747578
|move|p2a: RaikougZa|Volt Switch|p1a: Audino
|-damage|p1a: Audino|79/100
|
|t:|1664747581
|switch|p2a: daniYSBat|Crobat, F|100/100|[from]move: Volt Switch
|move|p1a: Audino|Knock Off|p2a: daniYSBat
|-crit|p2a: daniYSBat
|-damage|p2a: daniYSBat|77/100
|-enditem|p2a: daniYSBat|Heavy-Duty Boots|[from] move: Knock Off|[of] p1a: Audino
|
|upkeep
|turn|2
|
|t:|1664747588
|switch|p1a: Steelix|Steelix, M|100/100
|move|p2a: daniYSBat|Roost|p2a: daniYSBat
|-heal|p2a: daniYSBat|100/100
|-singleturn|p2a: daniYSBat|move: Roost
|
|upkeep
|turn|3
|
|t:|1664747592
|move|p2a: daniYSBat|U-turn|p1a: Steelix
|-resisted|p1a: Steelix
|-damage|p1a: Steelix|96/100
|
|t:|1664747595
|switch|p2a: Milokith|Milotic, F|100/100|[from]move: U-turn
|move|p1a: Steelix|Stealth Rock|p2a: Milokith
|-sidestart|p2: daniYSB|move: Stealth Rock
|
|-heal|p1a: Steelix|100/100|[from] item: Leftovers
|upkeep
|turn|4
|
|t:|1664747601
|move|p2a: Milokith|Scald|p1a: Steelix
|-supereffective|p1a: Steelix
|-damage|p1a: Steelix|48/100
|-status|p1a: Steelix|brn
|move|p1a: Steelix|Toxic|p2a: Milokith
|-status|p2a: Milokith|tox
|
|-heal|p1a: Steelix|54/100 brn|[from] item: Leftovers
|-damage|p2a: Milokith|94/100 tox|[from] psn
|-damage|p1a: Steelix|48/100 brn|[from] brn
|upkeep
|turn|5
|
|t:|1664747608
|switch|p2a: EVIL Z0mOGoro|Pangoro, F, shiny|100/100
|-damage|p2a: EVIL Z0mOGoro|94/100|[from] Stealth Rock
|switch|p1a: Audino|Audino, F|100/100
|
|upkeep
|turn|6
|
|t:|1664747614
|switch|p2a: Rotom-Mowkings|Rotom-Mow, shiny|100/100
|-damage|p2a: Rotom-Mowkings|88/100|[from] Stealth Rock
|switch|p1a: Weezing|Weezing-Galar, F|100/100
|-ability|p1a: Weezing|Neutralizing Gas
|
|upkeep
|turn|7
|
|t:|1664747640
|-end|p1a: Weezing|ability: Neutralizing Gas
|switch|p1a: Audino|Audino, F|100/100
|move|p2a: Rotom-Mowkings|Volt Switch|p1a: Audino
|-damage|p1a: Audino|78/100
|
|t:|1664747643
|switch|p2a: Steelix-ray|Steelix, M, shiny|100/100|[from]move: Volt Switch
|-damage|p2a: Steelix-ray|97/100|[from] Stealth Rock
|
|-heal|p2a: Steelix-ray|100/100|[from] item: Leftovers
|upkeep
|turn|8
|
|t:|1664747651
|switch|p2a: daniYSBat|Crobat, F|100/100
|-damage|p2a: daniYSBat|76/100|[from] Stealth Rock
|move|p1a: Audino|Knock Off|p2a: daniYSBat
|-damage|p2a: daniYSBat|66/100
|
|upkeep
|turn|9
|
|t:|1664747654
|move|p2a: daniYSBat|Defog|p1a: Audino
|-unboost|p1a: Audino|evasion|1
|-sideend|p2: daniYSB|Stealth Rock|[from] move: Defog|[of] p2a: daniYSBat
|move|p1a: Audino|Heal Bell|p1a: Audino
|-activate|p1a: Audino|move: Heal Bell
|-curestatus|p1: Steelix|brn|[msg]
|
|upkeep
|turn|10
|
|t:|1664747659
|move|p2a: daniYSBat|Roost|p2a: daniYSBat
|-heal|p2a: daniYSBat|100/100
|-singleturn|p2a: daniYSBat|move: Roost
|move|p1a: Audino|Wish|p1a: Audino
|
|upkeep
|turn|11
|
|t:|1664747662
|switch|p1a: Steelix|Steelix, M|48/100
|move|p2a: daniYSBat|U-turn|p1a: Steelix
|-resisted|p1a: Steelix
|-damage|p1a: Steelix|44/100
|
|t:|1664747667
|switch|p2a: Steelix-ray|Steelix, M, shiny|100/100|[from]move: U-turn
|
|-heal|p1a: Steelix|100/100|[from] move: Wish|[wisher] Audino
|upkeep
|turn|12
|
|t:|1664747675
|move|p2a: Steelix-ray|Earthquake|p1a: Steelix
|-supereffective|p1a: Steelix
|-damage|p1a: Steelix|68/100
|move|p1a: Steelix|Stealth Rock|p2a: Steelix-ray
|-sidestart|p2: daniYSB|move: Stealth Rock
|
|-heal|p1a: Steelix|74/100|[from] item: Leftovers
|upkeep
|turn|13
|
|t:|1664747678
|switch|p1a: Audino|Audino, F|100/100
|move|p2a: Steelix-ray|Stealth Rock|p1a: Audino
|-sidestart|p1: hjkhj ㋛|move: Stealth Rock
|
|upkeep
|turn|14
|
|t:|1664747682
|switch|p2a: daniYSBat|Crobat, F|100/100
|-damage|p2a: daniYSBat|76/100|[from] Stealth Rock
|move|p1a: Audino|Knock Off|p2a: daniYSBat
|-crit|p2a: daniYSBat
|-damage|p2a: daniYSBat|60/100
|
|upkeep
|turn|15
|
|t:|1664747686
|move|p2a: daniYSBat|Roost|p2a: daniYSBat
|-heal|p2a: daniYSBat|100/100
|-singleturn|p2a: daniYSBat|move: Roost
|move|p1a: Audino|Wish|p1a: Audino
|
|upkeep
|turn|16
|
|t:|1664747691
|move|p2a: daniYSBat|Brave Bird|p1a: Audino
|-damage|p1a: Audino|68/100
|-damage|p2a: daniYSBat|89/100|[from] Recoil
|move|p1a: Audino|Knock Off|p2a: daniYSBat
|-crit|p2a: daniYSBat
|-damage|p2a: daniYSBat|72/100
|
|-heal|p1a: Audino|100/100|[from] move: Wish|[wisher] Audino
|upkeep
|turn|17
|
|t:|1664747694
|move|p2a: daniYSBat|Roost|p2a: daniYSBat
|-heal|p2a: daniYSBat|100/100
|-singleturn|p2a: daniYSBat|move: Roost
|move|p1a: Audino|Wish|p1a: Audino
|
|upkeep
|turn|18
|
|t:|1664747697
|switch|p1a: Steelix|Steelix, M|74/100
|-damage|p1a: Steelix|71/100|[from] Stealth Rock
|move|p2a: daniYSBat|Brave Bird|p1a: Steelix
|-resisted|p1a: Steelix
|-damage|p1a: Steelix|61/100
|-damage|p2a: daniYSBat|97/100|[from] Recoil
|
|-heal|p1a: Steelix|100/100|[from] move: Wish|[wisher] Audino
|upkeep
|turn|19
|
|t:|1664747699
|move|p2a: daniYSBat|U-turn|p1a: Steelix
|-resisted|p1a: Steelix
|-damage|p1a: Steelix|97/100
|
|t:|1664747701
|switch|p2a: Milokith|Milotic, F|94/100 tox|[from]move: U-turn
|-damage|p2a: Milokith|82/100 tox|[from] Stealth Rock
|move|p1a: Steelix|Heavy Slam|p2a: Milokith
|-resisted|p2a: Milokith
|-crit|p2a: Milokith
|-damage|p2a: Milokith|74/100 tox
|
|-heal|p2a: Milokith|80/100 tox|[from] item: Leftovers
|-heal|p1a: Steelix|100/100|[from] item: Leftovers
|-damage|p2a: Milokith|74/100 tox|[from] psn
|upkeep
|turn|20
|
|t:|1664747706
|switch|p2a: EVIL Z0mOGoro|Pangoro, F, shiny|94/100
|-damage|p2a: EVIL Z0mOGoro|88/100|[from] Stealth Rock
|switch|p1a: Audino|Audino, F|100/100
|
|upkeep
|turn|21
|
|t:|1664747709
|move|p1a: Audino|Protect|p1a: Audino
|-singleturn|p1a: Audino|Protect
|move|p2a: EVIL Z0mOGoro|Knock Off|p1a: Audino
|-activate|p1a: Audino|move: Protect
|
|upkeep
|turn|22
|
|t:|1664747716
|switch|p1a: Weezing|Weezing-Galar, F|100/100
|-ability|p1a: Weezing|Neutralizing Gas
|-damage|p1a: Weezing|88/100|[from] Stealth Rock
|move|p2a: EVIL Z0mOGoro|Knock Off|p1a: Weezing
|-resisted|p1a: Weezing
|-damage|p1a: Weezing|62/100
|-damage|p2a: EVIL Z0mOGoro|72/100|[from] item: Rocky Helmet|[of] p1a: Weezing
|-enditem|p1a: Weezing|Rocky Helmet|[from] move: Knock Off|[of] p2a: EVIL Z0mOGoro
|-damage|p2a: EVIL Z0mOGoro|62/100|[from] item: Life Orb
|
|upkeep
|turn|23
|
|t:|1664747720
|switch|p2a: RaikougZa|Raikou, shiny|100/100
|move|p1a: Weezing|Strange Steam|p2a: RaikougZa
|-damage|p2a: RaikougZa|72/100
|
|upkeep
|turn|24
|
|t:|1664747727
|-end|p1a: Weezing|ability: Neutralizing Gas
|switch|p1a: Audino|Audino, F|100/100
|move|p2a: RaikougZa|Volt Switch|p1a: Audino
|-damage|p1a: Audino|77/100
|
|t:|1664747729
|switch|p2a: EVIL Z0mOGoro|Pangoro, F, shiny|62/100|[from]move: Volt Switch
|-damage|p2a: EVIL Z0mOGoro|56/100|[from] Stealth Rock
|
|upkeep
|turn|25
|
|t:|1664747743
|switch|p1a: Weezing|Weezing-Galar, F|62/100
|-ability|p1a: Weezing|Neutralizing Gas
|-damage|p1a: Weezing|50/100|[from] Stealth Rock
|move|p2a: EVIL Z0mOGoro|Knock Off|p1a: Weezing
|-resisted|p1a: Weezing
|-damage|p1a: Weezing|34/100
|-damage|p2a: EVIL Z0mOGoro|46/100|[from] item: Life Orb
|
|upkeep
|turn|26
|
|t:|1664747760
|move|p2a: EVIL Z0mOGoro|Bullet Punch|p1a: Weezing
|-supereffective|p1a: Weezing
|-damage|p1a: Weezing|6/100
|-damage|p2a: EVIL Z0mOGoro|36/100|[from] item: Life Orb
|move|p1a: Weezing|Strange Steam|p2a: EVIL Z0mOGoro
|-supereffective|p2a: EVIL Z0mOGoro
|-crit|p2a: EVIL Z0mOGoro
|-damage|p2a: EVIL Z0mOGoro|0 fnt
|faint|p2a: EVIL Z0mOGoro
|
|upkeep
|
|t:|1664747765
|switch|p2a: daniYSBat|Crobat, F|97/100
|-damage|p2a: daniYSBat|72/100|[from] Stealth Rock
|turn|27
|
|t:|1664747767
|-end|p1a: Weezing|ability: Neutralizing Gas
|switch|p1a: Steelix|Steelix, M|100/100
|-damage|p1a: Steelix|97/100|[from] Stealth Rock
|move|p2a: daniYSBat|U-turn|p1a: Steelix
|-resisted|p1a: Steelix
|-damage|p1a: Steelix|94/100
|
|t:|1664747771
|switch|p2a: Milokith|Milotic, F|74/100 tox|[from]move: U-turn
|-damage|p2a: Milokith|62/100 tox|[from] Stealth Rock
|
|-heal|p2a: Milokith|68/100 tox|[from] item: Leftovers
|-heal|p1a: Steelix|99/100|[from] item: Leftovers
|-damage|p2a: Milokith|62/100 tox|[from] psn
|upkeep
|turn|28
|
|t:|1664747777
|switch|p1a: Audino|Audino, F|100/100
|move|p2a: Milokith|Recover|p2a: Milokith
|-heal|p2a: Milokith|100/100 tox
|
|-damage|p2a: Milokith|88/100 tox|[from] psn
|upkeep
|turn|29
|
|t:|1664747779
|switch|p2a: daniYSBat|Crobat, F|72/100
|-damage|p2a: daniYSBat|47/100|[from] Stealth Rock
|move|p1a: Audino|Knock Off|p2a: daniYSBat
|-damage|p2a: daniYSBat|37/100
|
|upkeep
|turn|30
|
|t:|1664747781
|move|p2a: daniYSBat|Roost|p2a: daniYSBat
|-heal|p2a: daniYSBat|88/100
|-singleturn|p2a: daniYSBat|move: Roost
|move|p1a: Audino|Wish|p1a: Audino
|
|upkeep
|turn|31
|
|t:|1664747785
|switch|p1a: Steelix|Steelix, M|99/100
|-damage|p1a: Steelix|97/100|[from] Stealth Rock
|move|p2a: daniYSBat|U-turn|p1a: Steelix
|-resisted|p1a: Steelix
|-damage|p1a: Steelix|93/100
|
|t:|1664747788
|switch|p2a: Steelix-ray|Steelix, M, shiny|100/100|[from]move: U-turn
|-damage|p2a: Steelix-ray|97/100|[from] Stealth Rock
|
|-heal|p1a: Steelix|100/100|[from] move: Wish|[wisher] Audino
|-heal|p2a: Steelix-ray|100/100|[from] item: Leftovers
|upkeep
|turn|32
|
|t:|1664747792
|switch|p1a: Audino|Audino, F|100/100
|move|p2a: Steelix-ray|Earthquake|p1a: Audino
|-damage|p1a: Audino|74/100
|
|upkeep
|turn|33
|
|t:|1664747797
|switch|p2a: daniYSBat|Crobat, F|88/100
|-damage|p2a: daniYSBat|63/100|[from] Stealth Rock
|move|p1a: Audino|Knock Off|p2a: daniYSBat
|-damage|p2a: daniYSBat|52/100
|
|upkeep
|turn|34
|
|t:|1664747800
|move|p2a: daniYSBat|Roost|p2a: daniYSBat
|-heal|p2a: daniYSBat|100/100
|-singleturn|p2a: daniYSBat|move: Roost
|move|p1a: Audino|Wish|p1a: Audino
|
|upkeep
|turn|35
|
|t:|1664747805
|move|p2a: daniYSBat|Brave Bird|p1a: Audino
|-damage|p1a: Audino|41/100
|-damage|p2a: daniYSBat|89/100|[from] Recoil
|move|p1a: Audino|Knock Off|p2a: daniYSBat
|-damage|p2a: daniYSBat|78/100
|
|-heal|p1a: Audino|91/100|[from] move: Wish|[wisher] Audino
|upkeep
|turn|36
|
|t:|1664747809
|move|p2a: daniYSBat|Brave Bird|p1a: Audino
|-damage|p1a: Audino|56/100
|-damage|p2a: daniYSBat|65/100|[from] Recoil
|move|p1a: Audino|Wish|p1a: Audino
|
|upkeep
|turn|37
|
|t:|1664747817
|move|p2a: daniYSBat|Brave Bird|p1a: Audino
|-damage|p1a: Audino|21/100
|-damage|p2a: daniYSBat|53/100|[from] Recoil
|move|p1a: Audino|Knock Off|p2a: daniYSBat
|-damage|p2a: daniYSBat|42/100
|
|-heal|p1a: Audino|71/100|[from] move: Wish|[wisher] Audino
|upkeep
|turn|38
|
|t:|1664747822
|switch|p1a: Steelix|Steelix, M|100/100
|-damage|p1a: Steelix|97/100|[from] Stealth Rock
|move|p2a: daniYSBat|Roost|p2a: daniYSBat
|-heal|p2a: daniYSBat|92/100
|-singleturn|p2a: daniYSBat|move: Roost
|
|-heal|p1a: Steelix|100/100|[from] item: Leftovers
|upkeep
|turn|39
|
|t:|1664747825
|move|p2a: daniYSBat|U-turn|p1a: Steelix
|-resisted|p1a: Steelix
|-damage|p1a: Steelix|97/100
|
|t:|1664747827
|switch|p2a: Milokith|Milotic, F|88/100 tox|[from]move: U-turn
|-damage|p2a: Milokith|76/100 tox|[from] Stealth Rock
|move|p1a: Steelix|Earthquake|p2a: Milokith
|-damage|p2a: Milokith|60/100 tox
|
|-heal|p2a: Milokith|66/100 tox|[from] item: Leftovers
|-heal|p1a: Steelix|100/100|[from] item: Leftovers
|-damage|p2a: Milokith|60/100 tox|[from] psn
|upkeep
|turn|40
|
|t:|1664747831
|switch|p2a: Rotom-Mowkings|Rotom-Mow, shiny|88/100
|-damage|p2a: Rotom-Mowkings|76/100|[from] Stealth Rock
|switch|p1a: Audino|Audino, F|100/100
|
|upkeep
|turn|41
|
|t:|1664747834
|move|p1a: Audino|Protect|p1a: Audino
|-singleturn|p1a: Audino|Protect
|move|p2a: Rotom-Mowkings|Nasty Plot|p2a: Rotom-Mowkings
|-boost|p2a: Rotom-Mowkings|spa|2
|
|upkeep
|turn|42
|
|t:|1664747844
|move|p2a: Rotom-Mowkings|Pain Split|p1a: Audino
|-sethp|p1a: Audino|73/100|[from] move: Pain Split|[silent]
|-sethp|p2a: Rotom-Mowkings|100/100|[from] move: Pain Split
|move|p1a: Audino|Wish|p1a: Audino
|
|upkeep
|turn|43
|
|t:|1664747852
|switch|p1a: Quagsire|Quagsire, M|100/100
|move|p2a: Rotom-Mowkings|Nasty Plot|p2a: Rotom-Mowkings
|-boost|p2a: Rotom-Mowkings|spa|2
|
|upkeep
|turn|44
|
|t:|1664747857
|move|p2a: Rotom-Mowkings|Leaf Storm|p1a: Quagsire
|-supereffective|p1a: Quagsire
|-damage|p1a: Quagsire|0 fnt
|-unboost|p2a: Rotom-Mowkings|spa|2
|faint|p1a: Quagsire
|
|upkeep
|
|t:|1664747860
|switch|p1a: Scyther|Scyther, M|100/100
|turn|45
|
|t:|1664747879
|move|p1a: Scyther|U-turn|p2a: Rotom-Mowkings
|-supereffective|p2a: Rotom-Mowkings
|-damage|p2a: Rotom-Mowkings|26/100
|
|t:|1664747882
|switch|p1a: Weezing|Weezing-Galar, F|6/100|[from]move: U-turn
|-ability|p1a: Weezing|Neutralizing Gas
|-damage|p1a: Weezing|0 fnt|[from] Stealth Rock
|faint|p1a: Weezing
|-end|p1a: Weezing|ability: Neutralizing Gas
|move|p2a: Rotom-Mowkings|Pain Split|p1: Weezing|[notarget]
|-fail|p2a: Rotom-Mowkings
|
|upkeep
|
|t:|1664747884
|switch|p1a: Scyther|Scyther, M|100/100
|turn|46
|
|t:|1664747886
|switch|p2a: Steelix-ray|Steelix, M, shiny|100/100
|-damage|p2a: Steelix-ray|97/100|[from] Stealth Rock
|move|p1a: Scyther|U-turn|p2a: Steelix-ray
|-resisted|p2a: Steelix-ray
|-damage|p2a: Steelix-ray|91/100
|
|t:|1664747890
|switch|p1a: Audino|Audino, F|100/100|[from]move: U-turn
|
|-heal|p2a: Steelix-ray|97/100|[from] item: Leftovers
|upkeep
|turn|47
|
|t:|1664747894
|switch|p2a: daniYSBat|Crobat, F|92/100
|-damage|p2a: daniYSBat|68/100|[from] Stealth Rock
|move|p1a: Audino|Knock Off|p2a: daniYSBat
|-damage|p2a: daniYSBat|57/100
|
|upkeep
|turn|48
|
|t:|1664747897
|switch|p1a: Steelix|Steelix, M|100/100
|-damage|p1a: Steelix|97/100|[from] Stealth Rock
|move|p2a: daniYSBat|Roost|p2a: daniYSBat
|-heal|p2a: daniYSBat|100/100
|-singleturn|p2a: daniYSBat|move: Roost
|
|-heal|p1a: Steelix|100/100|[from] item: Leftovers
|upkeep
|turn|49
|
|t:|1664747899
|move|p2a: daniYSBat|U-turn|p1a: Steelix
|-resisted|p1a: Steelix
|-crit|p1a: Steelix
|-damage|p1a: Steelix|95/100
|
|t:|1664747902
|switch|p2a: Milokith|Milotic, F|60/100 tox|[from]move: U-turn
|-damage|p2a: Milokith|48/100 tox|[from] Stealth Rock
|move|p1a: Steelix|Heavy Slam|p2a: Milokith
|-resisted|p2a: Milokith
|-damage|p2a: Milokith|43/100 tox
|
|-heal|p2a: Milokith|49/100 tox|[from] item: Leftovers
|-heal|p1a: Steelix|100/100|[from] item: Leftovers
|-damage|p2a: Milokith|43/100 tox|[from] psn
|upkeep
|turn|50
|
|t:|1664747906
|switch|p1a: Scyther|Scyther, M|100/100
|move|p2a: Milokith|Recover|p2a: Milokith
|-heal|p2a: Milokith|93/100 tox
|
|-heal|p2a: Milokith|99/100 tox|[from] item: Leftovers
|-damage|p2a: Milokith|87/100 tox|[from] psn
|upkeep
|turn|51
|
|t:|1664747911
|move|p1a: Scyther|Knock Off|p2a: Milokith
|-damage|p2a: Milokith|73/100 tox
|-enditem|p2a: Milokith|Leftovers|[from] move: Knock Off|[of] p1a: Scyther
|move|p2a: Milokith|Ice Beam|p1a: Scyther
|-supereffective|p1a: Scyther
|-damage|p1a: Scyther|52/100
|
|-damage|p2a: Milokith|55/100 tox|[from] psn
|upkeep
|turn|52
|
|t:|1664747916
|move|p1a: Scyther|Roost|p1a: Scyther
|-heal|p1a: Scyther|100/100
|-singleturn|p1a: Scyther|move: Roost
|move|p2a: Milokith|Recover|p2a: Milokith
|-heal|p2a: Milokith|100/100 tox
|
|-damage|p2a: Milokith|76/100 tox|[from] psn
|upkeep
|turn|53
|
|t:|1664747918
|switch|p2a: Steelix-ray|Steelix, M, shiny|97/100
|-damage|p2a: Steelix-ray|94/100|[from] Stealth Rock
|move|p1a: Scyther|U-turn|p2a: Steelix-ray
|-resisted|p2a: Steelix-ray
|-damage|p2a: Steelix-ray|86/100
|
|t:|1664747920
|switch|p1a: Audino|Audino, F|100/100|[from]move: U-turn
|
|-heal|p2a: Steelix-ray|93/100|[from] item: Leftovers
|upkeep
|turn|54
|inactive|daniYSB has 270 seconds left.
|
|t:|1664747963
|switch|p2a: daniYSBat|Crobat, F|100/100
|-damage|p2a: daniYSBat|76/100|[from] Stealth Rock
|move|p1a: Audino|Knock Off|p2a: daniYSBat
|-damage|p2a: daniYSBat|65/100
|
|upkeep
|turn|55
|
|t:|1664747968
|move|p2a: daniYSBat|Defog|p1a: Audino
|-unboost|p1a: Audino|evasion|1
|-sideend|p1: hjkhj ㋛|Stealth Rock|[from] move: Defog|[of] p2a: daniYSBat
|-sideend|p2: daniYSB|Stealth Rock|[from] move: Defog|[of] p2a: daniYSBat
|move|p1a: Audino|Knock Off|p2a: daniYSBat
|-damage|p2a: daniYSBat|55/100
|
|upkeep
|turn|56
|
|t:|1664747971
|switch|p1a: Steelix|Steelix, M|100/100
|move|p2a: daniYSBat|U-turn|p1a: Steelix
|-resisted|p1a: Steelix
|-damage|p1a: Steelix|97/100
|
|t:|1664747973
|switch|p2a: Rotom-Mowkings|Rotom-Mow, shiny|26/100|[from]move: U-turn
|
|-heal|p1a: Steelix|100/100|[from] item: Leftovers
|upkeep
|turn|57
|
|t:|1664747982
|switch|p2a: Milokith|Milotic, F|76/100 tox
|move|p1a: Steelix|Toxic|p2a: Milokith
|-fail|p2a: Milokith|tox
|
|-damage|p2a: Milokith|70/100 tox|[from] psn
|upkeep
|turn|58
|
|t:|1664747985
|move|p2a: Milokith|Scald|p1a: Steelix
|-supereffective|p1a: Steelix
|-damage|p1a: Steelix|51/100
|move|p1a: Steelix|Stealth Rock|p2a: Milokith
|-sidestart|p2: daniYSB|move: Stealth Rock
|
|-heal|p1a: Steelix|57/100|[from] item: Leftovers
|-damage|p2a: Milokith|58/100 tox|[from] psn
|upkeep
|turn|59
|
|t:|1664747994
|switch|p2a: Rotom-Mowkings|Rotom-Mow, shiny|26/100
|-damage|p2a: Rotom-Mowkings|13/100|[from] Stealth Rock
|switch|p1a: Scyther|Scyther, M|100/100
|
|upkeep
|turn|60
|
|t:|1664747998
|switch|p2a: Steelix-ray|Steelix, M, shiny|93/100
|-damage|p2a: Steelix-ray|89/100|[from] Stealth Rock
|move|p1a: Scyther|Knock Off|p2a: Steelix-ray
|-damage|p2a: Steelix-ray|77/100
|-enditem|p2a: Steelix-ray|Leftovers|[from] move: Knock Off|[of] p1a: Scyther
|
|upkeep
|turn|61
|
|t:|1664748003
|move|p1a: Scyther|U-turn|p2a: Steelix-ray
|-resisted|p2a: Steelix-ray
|-damage|p2a: Steelix-ray|70/100
|
|t:|1664748005
|switch|p1a: Audino|Audino, F|100/100|[from]move: U-turn
|move|p2a: Steelix-ray|Stealth Rock|p1a: Audino
|-sidestart|p1: hjkhj ㋛|move: Stealth Rock
|
|upkeep
|turn|62
|
|t:|1664748010
|move|p1a: Audino|Wish|p1a: Audino
|move|p2a: Steelix-ray|Toxic|p1a: Audino
|-status|p1a: Audino|tox
|
|-damage|p1a: Audino|94/100 tox|[from] psn
|upkeep
|turn|63
|
|t:|1664748014
|switch|p1a: Steelix|Steelix, M|57/100
|-damage|p1a: Steelix|54/100|[from] Stealth Rock
|move|p2a: Steelix-ray|Earthquake|p1a: Steelix
|-supereffective|p1a: Steelix
|-damage|p1a: Steelix|20/100
|
|-heal|p1a: Steelix|78/100|[from] move: Wish|[wisher] Audino
|-heal|p1a: Steelix|84/100|[from] item: Leftovers
|upkeep
|turn|64
|
|t:|1664748019
|move|p2a: Steelix-ray|Earthquake|p1a: Steelix
|-supereffective|p1a: Steelix
|-damage|p1a: Steelix|53/100
|move|p1a: Steelix|Earthquake|p2a: Steelix-ray
|-supereffective|p2a: Steelix-ray
|-damage|p2a: Steelix-ray|39/100
|
|-heal|p1a: Steelix|59/100|[from] item: Leftovers
|upkeep
|turn|65
|
|t:|1664748024
|switch|p2a: Milokith|Milotic, F|58/100 tox
|-damage|p2a: Milokith|45/100 tox|[from] Stealth Rock
|move|p1a: Steelix|Earthquake|p2a: Milokith
|-damage|p2a: Milokith|28/100 tox
|
|-heal|p1a: Steelix|66/100|[from] item: Leftovers
|-damage|p2a: Milokith|22/100 tox|[from] psn
|upkeep
|turn|66
|
|t:|1664748026
|switch|p1a: Audino|Audino, F|100/100 tox
|move|p2a: Milokith|Recover|p2a: Milokith
|-heal|p2a: Milokith|72/100 tox
|
|-damage|p2a: Milokith|60/100 tox|[from] psn
|-damage|p1a: Audino|94/100 tox|[from] psn
|upkeep
|turn|67
|
|t:|1664748029
|move|p2a: Milokith|Recover|p2a: Milokith
|-heal|p2a: Milokith|100/100 tox
|move|p1a: Audino|Heal Bell|p1a: Audino
|-activate|p1a: Audino|move: Heal Bell
|-curestatus|p1a: Audino|tox|[msg]
|
|-damage|p2a: Milokith|82/100 tox|[from] psn
|upkeep
|turn|68
|
|t:|1664748032
|switch|p2a: daniYSBat|Crobat, F|55/100
|-damage|p2a: daniYSBat|31/100|[from] Stealth Rock
|move|p1a: Audino|Wish|p1a: Audino
|
|upkeep
|turn|69
|
|t:|1664748036
|switch|p1a: Steelix|Steelix, M|66/100
|-damage|p1a: Steelix|63/100|[from] Stealth Rock
|move|p2a: daniYSBat|Roost|p2a: daniYSBat
|-heal|p2a: daniYSBat|81/100
|-singleturn|p2a: daniYSBat|move: Roost
|
|-heal|p1a: Steelix|100/100|[from] move: Wish|[wisher] Audino
|upkeep
|turn|70
|
|t:|1664748043
|move|p2a: daniYSBat|U-turn|p1a: Steelix
|-resisted|p1a: Steelix
|-damage|p1a: Steelix|96/100
|
|t:|1664748045
|switch|p2a: Milokith|Milotic, F|82/100 tox|[from]move: U-turn
|-damage|p2a: Milokith|70/100 tox|[from] Stealth Rock
|move|p1a: Steelix|Earthquake|p2a: Milokith
|-damage|p2a: Milokith|54/100 tox
|
|-heal|p1a: Steelix|100/100|[from] item: Leftovers
|-damage|p2a: Milokith|48/100 tox|[from] psn
|upkeep
|turn|71
|
|t:|1664748048
|switch|p1a: Scyther|Scyther, M|100/100
|move|p2a: Milokith|Recover|p2a: Milokith
|-heal|p2a: Milokith|98/100 tox
|
|-damage|p2a: Milokith|86/100 tox|[from] psn
|upkeep
|turn|72
|
|t:|1664748053
|switch|p2a: daniYSBat|Crobat, F|81/100
|-damage|p2a: daniYSBat|56/100|[from] Stealth Rock
|move|p1a: Scyther|U-turn|p2a: daniYSBat
|-resisted|p2a: daniYSBat
|-damage|p2a: daniYSBat|49/100
|
|t:|1664748055
|switch|p1a: Steelix|Steelix, M|100/100|[from]move: U-turn
|-damage|p1a: Steelix|97/100|[from] Stealth Rock
|
|-heal|p1a: Steelix|100/100|[from] item: Leftovers
|upkeep
|turn|73
|
|t:|1664748058
|move|p2a: daniYSBat|U-turn|p1a: Steelix
|-resisted|p1a: Steelix
|-damage|p1a: Steelix|97/100
|
|t:|1664748060
|switch|p2a: Milokith|Milotic, F|86/100 tox|[from]move: U-turn
|-damage|p2a: Milokith|74/100 tox|[from] Stealth Rock
|move|p1a: Steelix|Heavy Slam|p2a: Milokith
|-resisted|p2a: Milokith
|-damage|p2a: Milokith|69/100 tox
|
|-heal|p1a: Steelix|100/100|[from] item: Leftovers
|-damage|p2a: Milokith|63/100 tox|[from] psn
|upkeep
|turn|74
|
|t:|1664748065
|switch|p1a: Scyther|Scyther, M|100/100
|move|p2a: Milokith|Recover|p2a: Milokith
|-heal|p2a: Milokith|100/100 tox
|
|-damage|p2a: Milokith|88/100 tox|[from] psn
|upkeep
|turn|75
|
|t:|1664748068
|move|p1a: Scyther|Dual Wingbeat|p2a: Milokith
|-damage|p2a: Milokith|75/100 tox
|-damage|p2a: Milokith|63/100 tox
|-hitcount|p2a: Milokith|2
|move|p2a: Milokith|Scald|p1a: Scyther
|-damage|p1a: Scyther|71/100
|
|-damage|p2a: Milokith|45/100 tox|[from] psn
|upkeep
|turn|76
|
|t:|1664748076
|move|p1a: Scyther|Roost|p1a: Scyther
|-heal|p1a: Scyther|100/100
|-singleturn|p1a: Scyther|move: Roost
|move|p2a: Milokith|Recover|p2a: Milokith
|-heal|p2a: Milokith|95/100 tox
|
|-damage|p2a: Milokith|70/100 tox|[from] psn
|upkeep
|turn|77
|
|t:|1664748079
|switch|p2a: Steelix-ray|Steelix, M, shiny|39/100
|-damage|p2a: Steelix-ray|36/100|[from] Stealth Rock
|move|p1a: Scyther|U-turn|p2a: Steelix-ray
|-resisted|p2a: Steelix-ray
|-damage|p2a: Steelix-ray|30/100
|
|t:|1664748081
|switch|p1a: Steelix|Steelix, M|100/100|[from]move: U-turn
|-damage|p1a: Steelix|97/100|[from] Stealth Rock
|
|-heal|p1a: Steelix|100/100|[from] item: Leftovers
|upkeep
|turn|78
|
|t:|1664748085
|switch|p2a: Milokith|Milotic, F|70/100 tox
|-damage|p2a: Milokith|58/100 tox|[from] Stealth Rock
|move|p1a: Steelix|Earthquake|p2a: Milokith
|-damage|p2a: Milokith|42/100 tox
|
|-damage|p2a: Milokith|36/100 tox|[from] psn
|upkeep
|turn|79
|
|t:|1664748087
|switch|p1a: Scyther|Scyther, M|100/100
|move|p2a: Milokith|Recover|p2a: Milokith
|-heal|p2a: Milokith|86/100 tox
|
|-damage|p2a: Milokith|74/100 tox|[from] psn
|upkeep
|turn|80
|
|t:|1664748091
|move|p1a: Scyther|U-turn|p2a: Milokith
|-damage|p2a: Milokith|59/100 tox
|
|t:|1664748093
|switch|p1a: Audino|Audino, F|100/100|[from]move: U-turn
|move|p2a: Milokith|Scald|p1a: Audino
|-damage|p1a: Audino|81/100
|
|-damage|p2a: Milokith|41/100 tox|[from] psn
|upkeep
|turn|81
|
|t:|1664748097
|switch|p1a: Scyther|Scyther, M|100/100
|move|p2a: Milokith|Recover|p2a: Milokith
|-heal|p2a: Milokith|91/100 tox
|
|-damage|p2a: Milokith|66/100 tox|[from] psn
|upkeep
|turn|82
|
|t:|1664748100
|switch|p2a: Steelix-ray|Steelix, M, shiny|30/100
|-damage|p2a: Steelix-ray|27/100|[from] Stealth Rock
|move|p1a: Scyther|U-turn|p2a: Steelix-ray
|-resisted|p2a: Steelix-ray
|-damage|p2a: Steelix-ray|20/100
|
|t:|1664748102
|switch|p1a: Steelix|Steelix, M|100/100|[from]move: U-turn
|-damage|p1a: Steelix|97/100|[from] Stealth Rock
|
|-heal|p1a: Steelix|100/100|[from] item: Leftovers
|upkeep
|turn|83
|
|t:|1664748106
|switch|p2a: Milokith|Milotic, F|66/100 tox
|-damage|p2a: Milokith|54/100 tox|[from] Stealth Rock
|move|p1a: Steelix|Earthquake|p2a: Milokith
|-damage|p2a: Milokith|38/100 tox
|
|-damage|p2a: Milokith|32/100 tox|[from] psn
|upkeep
|turn|84
|
|t:|1664748111
|switch|p2a: daniYSBat|Crobat, F|49/100
|-damage|p2a: daniYSBat|24/100|[from] Stealth Rock
|switch|p1a: Scyther|Scyther, M|100/100
|
|upkeep
|turn|85
|
|t:|1664748117
|switch|p1a: Steelix|Steelix, M|100/100
|-damage|p1a: Steelix|97/100|[from] Stealth Rock
|move|p2a: daniYSBat|Roost|p2a: daniYSBat
|-heal|p2a: daniYSBat|74/100
|-singleturn|p2a: daniYSBat|move: Roost
|
|-heal|p1a: Steelix|100/100|[from] item: Leftovers
|upkeep
|turn|86
|
|t:|1664748128
|move|p2a: daniYSBat|Defog|p1a: Steelix
|-unboost|p1a: Steelix|evasion|1
|-sideend|p1: hjkhj ㋛|Stealth Rock|[from] move: Defog|[of] p2a: daniYSBat
|-sideend|p2: daniYSB|Stealth Rock|[from] move: Defog|[of] p2a: daniYSBat
|move|p1a: Steelix|Heavy Slam|p2a: daniYSBat
|-damage|p2a: daniYSBat|39/100
|
|upkeep
|turn|87
|
|t:|1664748135
|move|p2a: daniYSBat|U-turn|p1a: Steelix
|-resisted|p1a: Steelix
|-damage|p1a: Steelix|96/100
|
|t:|1664748137
|switch|p2a: Rotom-Mowkings|Rotom-Mow, shiny|13/100|[from]move: U-turn
|move|p1a: Steelix|Stealth Rock|p2a: Rotom-Mowkings
|-sidestart|p2: daniYSB|move: Stealth Rock
|
|-heal|p1a: Steelix|100/100|[from] item: Leftovers
|upkeep
|turn|88
|
|t:|1664748140
|move|p2a: Rotom-Mowkings|Pain Split|p1a: Steelix
|-sethp|p1a: Steelix|55/100|[from] move: Pain Split|[silent]
|-sethp|p2a: Rotom-Mowkings|80/100|[from] move: Pain Split
|move|p1a: Steelix|Toxic|p2a: Rotom-Mowkings|[miss]
|-miss|p1a: Steelix|p2a: Rotom-Mowkings
|
|-heal|p1a: Steelix|61/100|[from] item: Leftovers
|upkeep
|turn|89
|
|t:|1664748145
|switch|p2a: Milokith|Milotic, F|32/100 tox
|-damage|p2a: Milokith|19/100 tox|[from] Stealth Rock
|move|p1a: Steelix|Toxic|p2a: Milokith
|-fail|p2a: Milokith|tox
|
|-heal|p1a: Steelix|67/100|[from] item: Leftovers
|-damage|p2a: Milokith|13/100 tox|[from] psn
|upkeep
|turn|90
|
|t:|1664748149
|switch|p1a: Scyther|Scyther, M|100/100
|move|p2a: Milokith|Recover|p2a: Milokith
|-heal|p2a: Milokith|63/100 tox
|
|-damage|p2a: Milokith|51/100 tox|[from] psn
|upkeep
|turn|91
|
|t:|1664748157
|move|p1a: Scyther|U-turn|p2a: Milokith
|-damage|p2a: Milokith|37/100 tox
|
|t:|1664748159
|switch|p1a: Audino|Audino, F|100/100|[from]move: U-turn
|move|p2a: Milokith|Recover|p2a: Milokith
|-heal|p2a: Milokith|87/100 tox
|
|-damage|p2a: Milokith|68/100 tox|[from] psn
|upkeep
|turn|92
|
|t:|1664748164
|switch|p2a: daniYSBat|Crobat, F|39/100
|-damage|p2a: daniYSBat|14/100|[from] Stealth Rock
|switch|p1a: Scyther|Scyther, M|100/100
|
|upkeep
|turn|93
|
|t:|1664748167
|switch|p1a: Steelix|Steelix, M|67/100
|move|p2a: daniYSBat|Roost|p2a: daniYSBat
|-heal|p2a: daniYSBat|64/100
|-singleturn|p2a: daniYSBat|move: Roost
|
|-heal|p1a: Steelix|74/100|[from] item: Leftovers
|upkeep
|turn|94
|
|t:|1664748173
|move|p2a: daniYSBat|Defog|p1a: Steelix
|-unboost|p1a: Steelix|evasion|1
|-sideend|p2: daniYSB|Stealth Rock|[from] move: Defog|[of] p2a: daniYSBat
|move|p1a: Steelix|Heavy Slam|p2a: daniYSBat
|-damage|p2a: daniYSBat|27/100
|
|-heal|p1a: Steelix|80/100|[from] item: Leftovers
|upkeep
|turn|95
|
|t:|1664748176
|move|p2a: daniYSBat|Roost|p2a: daniYSBat
|-heal|p2a: daniYSBat|77/100
|-singleturn|p2a: daniYSBat|move: Roost
|move|p1a: Steelix|Earthquake|p2a: daniYSBat
|-supereffective|p2a: daniYSBat
|-damage|p2a: daniYSBat|14/100
|
|-heal|p1a: Steelix|86/100|[from] item: Leftovers
|upkeep
|turn|96
|
|t:|1664748185
|switch|p2a: Rotom-Mowkings|Rotom-Mow, shiny|80/100
|move|p1a: Steelix|Stealth Rock|p2a: Rotom-Mowkings
|-sidestart|p2: daniYSB|move: Stealth Rock
|
|-heal|p1a: Steelix|92/100|[from] item: Leftovers
|upkeep
|turn|97
|
|t:|1664748187
|move|p2a: Rotom-Mowkings|Nasty Plot|p2a: Rotom-Mowkings
|-boost|p2a: Rotom-Mowkings|spa|2
|move|p1a: Steelix|Toxic|p2a: Rotom-Mowkings
|-status|p2a: Rotom-Mowkings|tox
|
|-heal|p1a: Steelix|99/100|[from] item: Leftovers
|-damage|p2a: Rotom-Mowkings|74/100 tox|[from] psn
|upkeep
|turn|98
|
|t:|1664748199
|switch|p1a: Crobat|Crobat, M|100/100
|move|p2a: Rotom-Mowkings|Nasty Plot|p2a: Rotom-Mowkings
|-boost|p2a: Rotom-Mowkings|spa|2
|
|-damage|p2a: Rotom-Mowkings|61/100 tox|[from] psn
|upkeep
|turn|99
|
|t:|1664748208
|move|p1a: Crobat|Haze|p1a: Crobat
|-clearallboost
|move|p2a: Rotom-Mowkings|Volt Switch|p1a: Crobat
|-supereffective|p1a: Crobat
|-damage|p1a: Crobat|36/100
|
|t:|1664748210
|switch|p2a: RaikougZa|Raikou, shiny|72/100|[from]move: Volt Switch
|
|upkeep
|turn|100
|
|t:|1664748217
|move|p1a: Crobat|Roost|p1a: Crobat
|-heal|p1a: Crobat|86/100
|-singleturn|p1a: Crobat|move: Roost
|move|p2a: RaikougZa|Extrasensory|p1a: Crobat
|-supereffective|p1a: Crobat
|-damage|p1a: Crobat|31/100
|
|upkeep
|turn|101
|
|t:|1664748220
|switch|p1a: Audino|Audino, F|100/100
|move|p2a: RaikougZa|Scald|p1a: Audino
|-damage|p1a: Audino|82/100
|
|upkeep
|turn|102
|
|t:|1664748223
|move|p2a: RaikougZa|Volt Switch|p1a: Audino
|-damage|p1a: Audino|61/100
|
|t:|1664748225
|switch|p2a: Milokith|Milotic, F|68/100 tox|[from]move: Volt Switch
|-damage|p2a: Milokith|56/100 tox|[from] Stealth Rock
|move|p1a: Audino|Knock Off|p2a: Milokith
|-damage|p2a: Milokith|50/100 tox
|
|-damage|p2a: Milokith|44/100 tox|[from] psn
|upkeep
|turn|103
|
|t:|1664748228
|move|p2a: Milokith|Recover|p2a: Milokith
|-heal|p2a: Milokith|94/100 tox
|move|p1a: Audino|Wish|p1a: Audino
|
|-damage|p2a: Milokith|82/100 tox|[from] psn
|upkeep
|turn|104
|
|t:|1664748234
|switch|p2a: Steelix-ray|Steelix, M, shiny|20/100
|-damage|p2a: Steelix-ray|17/100|[from] Stealth Rock
|move|p1a: Audino|Protect||[still]
|-fail|p1a: Audino
|
|-heal|p1a: Audino|100/100|[from] move: Wish|[wisher] Audino
|upkeep
|turn|105
|
|t:|1664748239
|switch|p1a: Steelix|Steelix, M|99/100
|move|p2a: Steelix-ray|Stealth Rock|p1a: Steelix
|-sidestart|p1: hjkhj ㋛|move: Stealth Rock
|
|-heal|p1a: Steelix|100/100|[from] item: Leftovers
|upkeep
|turn|106
|
|t:|1664748242
|switch|p2a: Milokith|Milotic, F|82/100 tox
|-damage|p2a: Milokith|70/100 tox|[from] Stealth Rock
|move|p1a: Steelix|Earthquake|p2a: Milokith
|-damage|p2a: Milokith|54/100 tox
|
|-damage|p2a: Milokith|48/100 tox|[from] psn
|upkeep
|turn|107
|
|t:|1664748247
|switch|p1a: Scyther|Scyther, M|100/100
|move|p2a: Milokith|Recover|p2a: Milokith
|-heal|p2a: Milokith|98/100 tox
|
|-damage|p2a: Milokith|86/100 tox|[from] psn
|upkeep
|turn|108
|
|t:|1664748250
|move|p1a: Scyther|U-turn|p2a: Milokith
|-damage|p2a: Milokith|70/100 tox
|
|t:|1664748252
|switch|p1a: Audino|Audino, F|100/100|[from]move: U-turn
|move|p2a: Milokith|Scald|p1a: Audino
|-damage|p1a: Audino|80/100
|-status|p1a: Audino|brn
|
|-damage|p2a: Milokith|52/100 tox|[from] psn
|-damage|p1a: Audino|74/100 brn|[from] brn
|upkeep
|turn|109
|
|t:|1664748255
|switch|p2a: RaikougZa|Raikou, shiny|72/100
|move|p1a: Audino|Heal Bell|p1a: Audino
|-activate|p1a: Audino|move: Heal Bell
|-curestatus|p1a: Audino|brn|[msg]
|
|upkeep
|turn|110
|
|t:|1664748258
|move|p2a: RaikougZa|Volt Switch|p1a: Audino
|-damage|p1a: Audino|53/100
|
|t:|1664748260
|switch|p2a: Steelix-ray|Steelix, M, shiny|17/100|[from]move: Volt Switch
|-damage|p2a: Steelix-ray|13/100|[from] Stealth Rock
|move|p1a: Audino|Knock Off|p2a: Steelix-ray
|-damage|p2a: Steelix-ray|8/100
|
|upkeep
|turn|111
|
|t:|1664748266
|switch|p1a: Steelix|Steelix, M|100/100
|-damage|p1a: Steelix|97/100|[from] Stealth Rock
|move|p2a: Steelix-ray|Toxic|p1a: Steelix
|-immune|p1a: Steelix
|
|-heal|p1a: Steelix|100/100|[from] item: Leftovers
|upkeep
|turn|112
|
|t:|1664748269
|switch|p2a: Milokith|Milotic, F|52/100 tox
|-damage|p2a: Milokith|40/100 tox|[from] Stealth Rock
|move|p1a: Steelix|Earthquake|p2a: Milokith
|-damage|p2a: Milokith|24/100 tox
|
|-damage|p2a: Milokith|18/100 tox|[from] psn
|upkeep
|turn|113
|
|t:|1664748272
|switch|p1a: Scyther|Scyther, M|100/100
|move|p2a: Milokith|Recover|p2a: Milokith
|-heal|p2a: Milokith|68/100 tox
|
|-damage|p2a: Milokith|56/100 tox|[from] psn
|upkeep
|turn|114
|
|t:|1664748275
|switch|p2a: Steelix-ray|Steelix, M, shiny|8/100
|-damage|p2a: Steelix-ray|5/100|[from] Stealth Rock
|move|p1a: Scyther|U-turn|p2a: Steelix-ray
|-resisted|p2a: Steelix-ray
|-damage|p2a: Steelix-ray|0 fnt
|faint|p2a: Steelix-ray
|
|t:|1664748277
|switch|p1a: Audino|Audino, F|86/100|[from]move: U-turn
|
|upkeep
|
|t:|1664748283
|switch|p2a: Rotom-Mowkings|Rotom-Mow, shiny|61/100 tox
|-damage|p2a: Rotom-Mowkings|49/100 tox|[from] Stealth Rock
|turn|115
|
|t:|1664748294
|switch|p1a: Crobat|Crobat, M|31/100
|move|p2a: Rotom-Mowkings|Pain Split|p1a: Crobat
|-sethp|p1a: Crobat|31/100|[from] move: Pain Split|[silent]
|-sethp|p2a: Rotom-Mowkings|48/100 tox|[from] move: Pain Split
|
|-damage|p2a: Rotom-Mowkings|42/100 tox|[from] psn
|upkeep
|turn|116
|
|t:|1664748298
|switch|p2a: RaikougZa|Raikou, shiny|72/100
|move|p1a: Crobat|Brave Bird|p2a: RaikougZa
|-resisted|p2a: RaikougZa
|-damage|p2a: RaikougZa|45/100
|-damage|p1a: Crobat|23/100|[from] Recoil
|
|upkeep
|turn|117
|
|t:|1664748303
|switch|p1a: Audino|Audino, F|100/100
|move|p2a: RaikougZa|Volt Switch|p1a: Audino
|-damage|p1a: Audino|78/100
|
|t:|1664748306
|switch|p2a: Rotom-Mowkings|Rotom-Mow, shiny|42/100 tox|[from]move: Volt Switch
|-damage|p2a: Rotom-Mowkings|29/100 tox|[from] Stealth Rock
|
|-damage|p2a: Rotom-Mowkings|23/100 tox|[from] psn
|upkeep
|turn|118
|
|t:|1664748309
|move|p1a: Audino|Protect|p1a: Audino
|-singleturn|p1a: Audino|Protect
|move|p2a: Rotom-Mowkings|Nasty Plot|p2a: Rotom-Mowkings
|-boost|p2a: Rotom-Mowkings|spa|2
|
|-damage|p2a: Rotom-Mowkings|10/100 tox|[from] psn
|upkeep
|turn|119
|
|t:|1664748317
|switch|p1a: Crobat|Crobat, M|23/100
|move|p2a: Rotom-Mowkings|Pain Split|p1a: Crobat
|-sethp|p1a: Crobat|15/100|[from] move: Pain Split|[silent]
|-sethp|p2a: Rotom-Mowkings|23/100 tox|[from] move: Pain Split
|
|-damage|p2a: Rotom-Mowkings|4/100 tox|[from] psn
|upkeep
|turn|120
|c|☆daniYSB|gg
|c|☆hjkhj ㋛|gg
|-message|daniYSB forfeited.
|
|win|hjkhj ㋛
