|inactive|Battle timer is ON: inactive players will automatically lose when time's up.
|t:|1666452694
|gametype|singles
|player|p1|btboy|spenser-gen3|
|player|p2|Nael222|265|
|teamsize|p1|6
|teamsize|p2|6
|gen|8
|tier|[Gen 8] RU
|rule|Sleep Clause Mod: Limit one foe put to sleep
|rule|Species Clause: Limit one of each Pokémon
|rule|OHKO Clause: OHKO moves are banned
|rule|Evasion Items Clause: Evasion items are banned
|rule|Evasion Moves Clause: Evasion moves are banned
|rule|Endless Battle Clause: Forcing endless battles is banned
|rule|HP Percentage Mod: HP is shown in percentages
|rule|Dynamax Clause: You cannot dynamax
|clearpoke
|poke|p1|Noivern, M|
|poke|p1|Lucario, M|
|poke|p1|Grimmsnarl, M|
|poke|p1|Rhyperior, F|
|poke|p1|Roserade, M|
|poke|p1|Metagross|
|poke|p2|Chandelure, F|
|poke|p2|Steelix, F|
|poke|p2|Rotom-Mow|
|poke|p2|Togekiss, F|
|poke|p2|Reuniclus, F|
|poke|p2|Milotic, M|
|teampreview
|c|☆Nael222|hf
|c|☆btboy|glhf
|
|t:|1666452717
|start
|switch|p1a: Noivern|Noivern, M|100/100
|switch|p2a: Chandelure|Chandelure, F|100/100
|turn|1
|
|t:|1666452731
|switch|p2a: Milotic|Milotic, M|100/100
|move|p1a: Noivern|U-turn|p2a: Milotic
|-damage|p2a: Milotic|92/100
|
|t:|1666452736
|switch|p1a: Roserade|Roserade, M|100/100|[from]move: U-turn
|
|upkeep
|turn|2
|
|t:|1666452746
|switch|p2a: Rotom|Rotom-Mow|100/100
|move|p1a: Roserade|Spikes|p2a: Rotom
|-sidestart|p2: Nael222|Spikes
|
|upkeep
|turn|3
|c|+kamisama_no49|rooting for the boy on this one
|
|t:|1666452757
|move|p2a: Rotom|Trick|p1a: Roserade
|-activate|p2a: Rotom|move: Trick|[of] p1a: Roserade
|-item|p1a: Roserade|Choice Scarf|[from] move: Trick
|-item|p2a: Rotom|Heavy-Duty Boots|[from] move: Trick
|move|p1a: Roserade|Sludge Bomb|p2a: Rotom
|-supereffective|p2a: Rotom
|-damage|p2a: Rotom|0 fnt
|faint|p2a: Rotom
|
|upkeep
|
|t:|1666452768
|switch|p2a: Chandelure|Chandelure, F|100/100
|turn|4
|
|t:|1666452777
|switch|p1a: Grimmsnarl|Grimmsnarl, M|100/100
|-item|p2a: Chandelure|Heavy-Duty Boots|[from] ability: Frisk|[of] p1a: Grimmsnarl|[identify]
|move|p2a: Chandelure|Toxic|p1a: Grimmsnarl
|-status|p1a: Grimmsnarl|tox
|
|-damage|p1a: Grimmsnarl|94/100 tox|[from] psn
|upkeep
|turn|5
|
|t:|1666452790
|switch|p2a: Milotic|Milotic, M|92/100
|switch|p1a: Rhyperior|Rhyperior, F|100/100
|
|upkeep
|turn|6
|
|t:|1666452795
|switch|p1a: Roserade|Roserade, M|100/100
|move|p2a: Milotic|Flip Turn|p1a: Roserade
|-resisted|p1a: Roserade
|-damage|p1a: Roserade|89/100
|
|t:|1666452808
|switch|p2a: Togekiss|Togekiss, F|100/100|[from]move: Flip Turn
|
|upkeep
|turn|7
|
|t:|1666452818
|switch|p1a: Rhyperior|Rhyperior, F|100/100
|move|p2a: Togekiss|Flamethrower|p1a: Rhyperior
|-resisted|p1a: Rhyperior
|-damage|p1a: Rhyperior|84/100
|
|-heal|p1a: Rhyperior|90/100|[from] item: Leftovers
|upkeep
|turn|8
|
|t:|1666452823
|switch|p2a: Milotic|Milotic, M|92/100
|move|p1a: Rhyperior|Stealth Rock|p2a: Milotic
|-sidestart|p2: Nael222|move: Stealth Rock
|
|-heal|p1a: Rhyperior|96/100|[from] item: Leftovers
|upkeep
|turn|9
|
|t:|1666452829
|switch|p1a: Roserade|Roserade, M|89/100
|move|p2a: Milotic|Ice Beam|p1a: Roserade
|-supereffective|p1a: Roserade
|-damage|p1a: Roserade|38/100
|
|upkeep
|turn|10
|
|t:|1666452835
|switch|p2a: Chandelure|Chandelure, F|100/100
|move|p1a: Roserade|Leaf Storm|p2a: Chandelure
|-resisted|p2a: Chandelure
|-damage|p2a: Chandelure|55/100
|-unboost|p1a: Roserade|spa|2
|
|upkeep
|turn|11
|
|t:|1666452852
|switch|p1a: Grimmsnarl|Grimmsnarl, M|94/100 tox
|-item|p2a: Chandelure|Heavy-Duty Boots|[from] ability: Frisk|[of] p1a: Grimmsnarl|[identify]
|move|p2a: Chandelure|Toxic|p1a: Grimmsnarl
|-fail|p1a: Grimmsnarl|tox
|
|-damage|p1a: Grimmsnarl|88/100 tox|[from] psn
|upkeep
|turn|12
|
|t:|1666452858
|switch|p2a: Milotic|Milotic, M|92/100
|move|p1a: Grimmsnarl|Play Rough|p2a: Milotic
|-damage|p2a: Milotic|51/100
|
|-damage|p1a: Grimmsnarl|76/100 tox|[from] psn
|upkeep
|turn|13
|
|t:|1666452868
|switch|p1a: Roserade|Roserade, M|38/100
|move|p2a: Milotic|Ice Beam|p1a: Roserade
|-supereffective|p1a: Roserade
|-damage|p1a: Roserade|0 fnt
|faint|p1a: Roserade
|
|upkeep
|
|t:|1666452881
|switch|p1a: Lucario|Lucario, M|100/100
|turn|14
|
|t:|1666452889
|move|p1a: Lucario|Swords Dance|p1a: Lucario
|-boost|p1a: Lucario|atk|2
|move|p2a: Milotic|Flip Turn|p1a: Lucario
|-damage|p1a: Lucario|81/100
|
|t:|1666452892
|switch|p2a: Reuniclus|Reuniclus, F|100/100|[from]move: Flip Turn
|
|upkeep
|turn|15
|
|t:|1666452896
|move|p1a: Lucario|Meteor Mash|p2a: Reuniclus
|-damage|p2a: Reuniclus|28/100
|-damage|p1a: Lucario|71/100|[from] item: Life Orb
|move|p2a: Reuniclus|Focus Blast|p1a: Lucario
|-supereffective|p1a: Lucario
|-damage|p1a: Lucario|0 fnt
|faint|p1a: Lucario
|
|upkeep
|
|t:|1666452918
|switch|p1a: Grimmsnarl|Grimmsnarl, M|76/100 tox
|-item|p2a: Reuniclus|Colbur Berry|[from] ability: Frisk|[of] p1a: Grimmsnarl|[identify]
|turn|16
|
|t:|1666452922
|move|p1a: Grimmsnarl|Play Rough|p2a: Reuniclus
|-damage|p2a: Reuniclus|0 fnt
|faint|p2a: Reuniclus
|
|-damage|p1a: Grimmsnarl|70/100 tox|[from] psn
|upkeep
|
|t:|1666452926
|switch|p2a: Milotic|Milotic, M|51/100
|turn|17
|
|t:|1666452936
|switch|p1a: Noivern|Noivern, M|100/100
|move|p2a: Milotic|Recover|p2a: Milotic
|-heal|p2a: Milotic|100/100
|
|upkeep
|turn|18
|
|t:|1666452941
|move|p1a: Noivern|U-turn|p2a: Milotic
|-damage|p2a: Milotic|92/100
|
|t:|1666452943
|switch|p1a: Metagross|Metagross|100/100|[from]move: U-turn
|move|p2a: Milotic|Ice Beam|p1a: Metagross
|-resisted|p1a: Metagross
|-damage|p1a: Metagross|87/100
|
|upkeep
|turn|19
|
|t:|1666452946
|move|p1a: Metagross|Trick|p2a: Milotic
|-activate|p1a: Metagross|move: Trick|[of] p2a: Milotic
|-item|p2a: Milotic|Choice Scarf|[from] move: Trick
|-item|p1a: Metagross|Heavy-Duty Boots|[from] move: Trick
|move|p2a: Milotic|Scald|p1a: Metagross
|-damage|p1a: Metagross|54/100
|
|upkeep
|turn|20
|
|t:|1666452952
|switch|p1a: Noivern|Noivern, M|100/100
|move|p2a: Milotic|Scald|p1a: Noivern
|-resisted|p1a: Noivern
|-damage|p1a: Noivern|83/100
|-status|p1a: Noivern|brn
|
|-damage|p1a: Noivern|77/100 brn|[from] brn
|upkeep
|turn|21
|
|t:|1666452960
|move|p1a: Noivern|Flamethrower|p2a: Milotic
|-resisted|p2a: Milotic
|-damage|p2a: Milotic|83/100
|move|p2a: Milotic|Scald|p1a: Noivern
|-resisted|p1a: Noivern
|-damage|p1a: Noivern|60/100 brn
|
|-damage|p1a: Noivern|54/100 brn|[from] brn
|upkeep
|turn|22
|
|t:|1666452965
|switch|p2a: Togekiss|Togekiss, F|100/100
|move|p1a: Noivern|Draco Meteor|p2a: Togekiss
|-immune|p2a: Togekiss
|
|-damage|p1a: Noivern|48/100 brn|[from] brn
|upkeep
|turn|23
|
|t:|1666452970
|move|p1a: Noivern|U-turn|p2a: Togekiss
|-resisted|p2a: Togekiss
|-damage|p2a: Togekiss|99/100
|
|t:|1666452972
|switch|p1a: Rhyperior|Rhyperior, F|96/100|[from]move: U-turn
|move|p2a: Togekiss|Air Slash|p1a: Rhyperior
|-resisted|p1a: Rhyperior
|-damage|p1a: Rhyperior|78/100
|
|-heal|p1a: Rhyperior|84/100|[from] item: Leftovers
|upkeep
|turn|24
|
|t:|1666452985
|switch|p2a: Steelix|Steelix, F|100/100
|-damage|p2a: Steelix|88/100|[from] Spikes
|-damage|p2a: Steelix|85/100|[from] Stealth Rock
|move|p1a: Rhyperior|Stone Edge|p2a: Steelix
|-resisted|p2a: Steelix
|-damage|p2a: Steelix|79/100
|
|-heal|p1a: Rhyperior|90/100|[from] item: Leftovers
|-heal|p2a: Steelix|85/100|[from] item: Leftovers
|upkeep
|turn|25
|
|t:|1666452994
|move|p1a: Rhyperior|Earthquake|p2a: Steelix
|-supereffective|p2a: Steelix
|-damage|p2a: Steelix|29/100
|move|p2a: Steelix|Earthquake|p1a: Rhyperior
|-supereffective|p1a: Rhyperior
|-damage|p1a: Rhyperior|61/100
|
|-heal|p1a: Rhyperior|67/100|[from] item: Leftovers
|-heal|p2a: Steelix|35/100|[from] item: Leftovers
|upkeep
|turn|26
|
|t:|1666453002
|switch|p2a: Milotic|Milotic, M|83/100
|-damage|p2a: Milotic|70/100|[from] Spikes
|-damage|p2a: Milotic|58/100|[from] Stealth Rock
|move|p1a: Rhyperior|Earthquake|p2a: Milotic
|-damage|p2a: Milotic|16/100
|
|-heal|p1a: Rhyperior|73/100|[from] item: Leftovers
|upkeep
|turn|27
|
|t:|1666453014
|switch|p1a: Grimmsnarl|Grimmsnarl, M|70/100 tox
|-item|p2a: Milotic|Choice Scarf|[from] ability: Frisk|[of] p1a: Grimmsnarl|[identify]
|move|p2a: Milotic|Recover|p2a: Milotic
|-heal|p2a: Milotic|66/100
|
|-damage|p1a: Grimmsnarl|63/100 tox|[from] psn
|upkeep
|turn|28
|
|t:|1666453018
|switch|p1a: Metagross|Metagross|54/100
|move|p2a: Milotic|Recover|p2a: Milotic
|-heal|p2a: Milotic|100/100
|
|upkeep
|turn|29
|
|t:|1666453030
|switch|p2a: Steelix|Steelix, F|35/100
|-damage|p2a: Steelix|23/100|[from] Spikes
|-damage|p2a: Steelix|20/100|[from] Stealth Rock
|move|p1a: Metagross|Meteor Mash|p2a: Steelix
|-resisted|p2a: Steelix
|-damage|p2a: Steelix|7/100
|
|-heal|p2a: Steelix|13/100|[from] item: Leftovers
|upkeep
|turn|30
|
|t:|1666453034
|move|p1a: Metagross|Earthquake|p2a: Steelix
|-supereffective|p2a: Steelix
|-damage|p2a: Steelix|0 fnt
|faint|p2a: Steelix
|
|upkeep
|
|t:|1666453038
|switch|p2a: Chandelure|Chandelure, F|55/100
|turn|31
|
|t:|1666453043
|switch|p1a: Grimmsnarl|Grimmsnarl, M|63/100 tox
|-item|p2a: Chandelure|Heavy-Duty Boots|[from] ability: Frisk|[of] p1a: Grimmsnarl|[identify]
|move|p2a: Chandelure|Hex|p1a: Grimmsnarl
|-resisted|p1a: Grimmsnarl
|-damage|p1a: Grimmsnarl|37/100 tox
|
|-damage|p1a: Grimmsnarl|31/100 tox|[from] psn
|upkeep
|turn|32
|
|t:|1666453051
|switch|p2a: Milotic|Milotic, M|100/100
|-damage|p2a: Milotic|88/100|[from] Spikes
|-damage|p2a: Milotic|76/100|[from] Stealth Rock
|move|p1a: Grimmsnarl|Sucker Punch||[still]
|-fail|p1a: Grimmsnarl
|
|-damage|p1a: Grimmsnarl|19/100 tox|[from] psn
|upkeep
|turn|33
|
|t:|1666453065
|switch|p2a: Chandelure|Chandelure, F|55/100
|move|p1a: Grimmsnarl|Sucker Punch||[still]
|-fail|p1a: Grimmsnarl
|
|-damage|p1a: Grimmsnarl|0 fnt|[from] psn
|faint|p1a: Grimmsnarl
|upkeep
|
|t:|1666453069
|switch|p1a: Noivern|Noivern, M|48/100 brn
|turn|34
|
|t:|1666453074
|switch|p2a: Togekiss|Togekiss, F|99/100
|move|p1a: Noivern|Draco Meteor|p2a: Togekiss
|-immune|p2a: Togekiss
|
|-damage|p1a: Noivern|42/100 brn|[from] brn
|upkeep
|turn|35
|
|t:|1666453081
|switch|p1a: Rhyperior|Rhyperior, F|73/100
|move|p2a: Togekiss|Air Slash|p1a: Rhyperior
|-resisted|p1a: Rhyperior
|-damage|p1a: Rhyperior|52/100
|
|-heal|p1a: Rhyperior|58/100|[from] item: Leftovers
|upkeep
|turn|36
|c|+ayevon|btbitch
|
|t:|1666453091
|switch|p2a: Milotic|Milotic, M|76/100
|-damage|p2a: Milotic|63/100|[from] Spikes
|-damage|p2a: Milotic|51/100|[from] Stealth Rock
|move|p1a: Rhyperior|Stone Edge|p2a: Milotic
|-damage|p2a: Milotic|8/100
|
|-heal|p1a: Rhyperior|64/100|[from] item: Leftovers
|upkeep
|turn|37
|
|t:|1666453101
|switch|p1a: Metagross|Metagross|54/100
|move|p2a: Milotic|Recover|p2a: Milotic
|-heal|p2a: Milotic|58/100
|
|upkeep
|turn|38
|
|t:|1666453103
|move|p2a: Milotic|Recover|p2a: Milotic
|-heal|p2a: Milotic|100/100
|move|p1a: Metagross|Thunder Punch|p2a: Milotic
|-supereffective|p2a: Milotic
|-damage|p2a: Milotic|61/100
|
|upkeep
|turn|39
|
|t:|1666453118
|move|p2a: Milotic|Recover|p2a: Milotic
|-heal|p2a: Milotic|100/100
|move|p1a: Metagross|Earthquake|p2a: Milotic
|-damage|p2a: Milotic|72/100
|
|upkeep
|turn|40
|
|t:|1666453129
|switch|p2a: Togekiss|Togekiss, F|99/100
|move|p1a: Metagross|Earthquake|p2a: Togekiss
|-immune|p2a: Togekiss
|
|upkeep
|turn|41
|c|+ayevon|.
|inactive|Nael222 has 270 seconds left.
|
|t:|1666453175
|switch|p1a: Rhyperior|Rhyperior, F|64/100
|move|p2a: Togekiss|Flamethrower|p1a: Rhyperior
|-resisted|p1a: Rhyperior
|-damage|p1a: Rhyperior|49/100
|
|-heal|p1a: Rhyperior|55/100|[from] item: Leftovers
|upkeep
|turn|42
|
|t:|1666453183
|move|p2a: Togekiss|Air Slash|p1a: Rhyperior|[miss]
|-miss|p2a: Togekiss|p1a: Rhyperior
|move|p1a: Rhyperior|Stone Edge|p2a: Togekiss|[miss]
|-miss|p1a: Rhyperior|p2a: Togekiss
|
|-heal|p1a: Rhyperior|61/100|[from] item: Leftovers
|upkeep
|turn|43
|
|t:|1666453187
|move|p2a: Togekiss|Air Slash|p1a: Rhyperior
|-resisted|p1a: Rhyperior
|-damage|p1a: Rhyperior|42/100
|move|p1a: Rhyperior|Stone Edge|p2a: Togekiss
|-supereffective|p2a: Togekiss
|-damage|p2a: Togekiss|5/100
|
|-heal|p1a: Rhyperior|48/100|[from] item: Leftovers
|upkeep
|turn|44
|
|t:|1666453198
|move|p2a: Togekiss|Air Slash|p1a: Rhyperior
|-resisted|p1a: Rhyperior
|-damage|p1a: Rhyperior|30/100
|cant|p1a: Rhyperior|flinch
|
|-heal|p1a: Rhyperior|36/100|[from] item: Leftovers
|upkeep
|turn|45
|
|t:|1666453209
|move|p2a: Togekiss|Air Slash|p1a: Rhyperior
|-resisted|p1a: Rhyperior
|-damage|p1a: Rhyperior|18/100
|cant|p1a: Rhyperior|flinch
|
|-heal|p1a: Rhyperior|24/100|[from] item: Leftovers
|upkeep
|turn|46
|
|t:|1666453231
|move|p2a: Togekiss|Air Slash|p1a: Rhyperior
|-resisted|p1a: Rhyperior
|-damage|p1a: Rhyperior|4/100
|move|p1a: Rhyperior|Stone Edge|p2a: Togekiss|[miss]
|-miss|p1a: Rhyperior|p2a: Togekiss
|
|-heal|p1a: Rhyperior|10/100|[from] item: Leftovers
|upkeep
|turn|47
|
|t:|1666453241
|move|p2a: Togekiss|Flamethrower|p1a: Rhyperior
|-resisted|p1a: Rhyperior
|-damage|p1a: Rhyperior|0 fnt
|faint|p1a: Rhyperior
|
|upkeep
|
|t:|1666453244
|switch|p1a: Noivern|Noivern, M|42/100 brn
|turn|48
|
|t:|1666453251
|switch|p2a: Chandelure|Chandelure, F|55/100
|move|p1a: Noivern|Flamethrower|p2a: Chandelure
|-start|p2a: Chandelure|ability: Flash Fire
|
|-damage|p1a: Noivern|36/100 brn|[from] brn
|upkeep
|turn|49
|
|t:|1666453271
|-end|p2a: Chandelure|ability: Flash Fire|[silent]
|switch|p2a: Milotic|Milotic, M|72/100
|-damage|p2a: Milotic|60/100|[from] Spikes
|-damage|p2a: Milotic|47/100|[from] Stealth Rock
|move|p1a: Noivern|Draco Meteor|p2a: Milotic
|-damage|p2a: Milotic|4/100
|-unboost|p1a: Noivern|spa|2
|
|-damage|p1a: Noivern|29/100 brn|[from] brn
|upkeep
|turn|50
|inactive|btboy has 270 seconds left.
|inactive|Nael222 has 270 seconds left.
|inactive|btboy has 240 seconds left.
|
|t:|1666453348
|move|p1a: Noivern|U-turn|p2a: Milotic
|-damage|p2a: Milotic|0 fnt
|faint|p2a: Milotic
|
|t:|1666453353
|switch|p1a: Metagross|Metagross|54/100|[from]move: U-turn
|
|upkeep
|inactive|Nael222 has 240 seconds left.
|
|t:|1666453373
|switch|p2a: Chandelure|Chandelure, F|55/100
|turn|51
|
|t:|1666453378
|move|p2a: Chandelure|Flamethrower|p1a: Metagross
|-supereffective|p1a: Metagross
|-damage|p1a: Metagross|0 fnt
|faint|p1a: Metagross
|
|upkeep
|
|t:|1666453381
|switch|p1a: Noivern|Noivern, M|29/100 brn
|turn|52
|
|t:|1666453384
|switch|p2a: Togekiss|Togekiss, F|5/100
|move|p1a: Noivern|Draco Meteor|p2a: Togekiss
|-immune|p2a: Togekiss
|
|-damage|p1a: Noivern|23/100 brn|[from] brn
|upkeep
|turn|53
|
|t:|1666453390
|switch|p2a: Chandelure|Chandelure, F|55/100
|move|p1a: Noivern|Flamethrower|p2a: Chandelure
|-start|p2a: Chandelure|ability: Flash Fire
|
|-damage|p1a: Noivern|17/100 brn|[from] brn
|upkeep
|turn|54
|inactive|Nael222 has 270 seconds left.
|
|t:|1666453403
|-end|p2a: Chandelure|ability: Flash Fire|[silent]
|switch|p2a: Togekiss|Togekiss, F|5/100
|move|p1a: Noivern|Draco Meteor|p2a: Togekiss
|-immune|p2a: Togekiss
|
|-damage|p1a: Noivern|11/100 brn|[from] brn
|upkeep
|turn|55
|
|t:|1666453408
|move|p1a: Noivern|Roost|p1a: Noivern
|-heal|p1a: Noivern|61/100 brn
|-singleturn|p1a: Noivern|move: Roost
|move|p2a: Togekiss|Air Slash|p1a: Noivern
|-damage|p1a: Noivern|17/100 brn
|
|-damage|p1a: Noivern|10/100 brn|[from] brn
|upkeep
|turn|56
|
|t:|1666453418
|switch|p2a: Chandelure|Chandelure, F|55/100
|move|p1a: Noivern|Roost|p1a: Noivern
|-heal|p1a: Noivern|61/100 brn
|-singleturn|p1a: Noivern|move: Roost
|
|-damage|p1a: Noivern|55/100 brn|[from] brn
|upkeep
|turn|57
|
|t:|1666453423
|switch|p2a: Togekiss|Togekiss, F|5/100
|move|p1a: Noivern|Draco Meteor|p2a: Togekiss
|-immune|p2a: Togekiss
|
|-damage|p1a: Noivern|48/100 brn|[from] brn
|upkeep
|turn|58
|
|t:|1666453428
|move|p1a: Noivern|Flamethrower|p2a: Togekiss
|-damage|p2a: Togekiss|0 fnt
|faint|p2a: Togekiss
|
|-damage|p1a: Noivern|42/100 brn|[from] brn
|upkeep
|
|t:|1666453431
|switch|p2a: Chandelure|Chandelure, F|55/100
|turn|59
|
|t:|1666453435
|move|p1a: Noivern|Draco Meteor|p2a: Chandelure
|-damage|p2a: Chandelure|0 fnt
|-unboost|p1a: Noivern|spa|2
|faint|p2a: Chandelure
|
|win|btboy
|c|☆btboy|ggs
|c|☆Nael222|gg
