|inactive|Battle timer is ON: inactive players will automatically lose when time's up.
|t:|1667409060
|gametype|singles
|player|p1|Ninja|#scl2shoguns|
|player|p2|eifo|#ssdivmambas|
|teamsize|p1|6
|teamsize|p2|6
|gen|8
|tier|[Gen 8] RU
|rule|Sleep Clause Mod: Limit one foe put to sleep
|rule|Species Clause: Limit one of each Pokémon
|rule|OHKO Clause: OHKO moves are banned
|rule|Evasion Items Clause: Evasion items are banned
|rule|Evasion Moves Clause: Evasion moves are banned
|rule|Endless Battle Clause: Forcing endless battles is banned
|rule|HP Percentage Mod: HP is shown in percentages
|rule|Dynamax Clause: You cannot dynamax
|clearpoke
|poke|p1|Rhyperior, F|
|poke|p1|Klefki, F|
|poke|p1|Tentacruel, F|
|poke|p1|Pangoro, F|
|poke|p1|Noivern, M|
|poke|p1|Heliolisk, M|
|poke|p2|Crobat, M|
|poke|p2|Flygon, M|
|poke|p2|Registeel|
|poke|p2|Rotom-Mow|
|poke|p2|Guzzlord|
|poke|p2|Sigilyph, F|
|teampreview
|c|☆Ninja|hf
|c|☆eifo|u2
|inactive|Ninja has 270 seconds left.
|inactive|eifo has 270 seconds left.
|inactive|Ninja has 240 seconds left.
|
|t:|1667409129
|start
|switch|p1a: Klefki|Klefki, F|100/100
|switch|p2a: Sigilyph|Sigilyph, F|100/100
|turn|1
|
|t:|1667409153
|switch|p2a: Rotom|Rotom-Mow|100/100
|move|p1a: Klefki|Thunder Wave|p2a: Rotom
|-immune|p2a: Rotom
|
|upkeep
|turn|2
|
|t:|1667409162
|move|p1a: Klefki|Spikes|p2a: Rotom
|-sidestart|p2: eifo|Spikes
|move|p2a: Rotom|Trick|p1a: Klefki
|-activate|p2a: Rotom|move: Trick|[of] p1a: Klefki
|-item|p1a: Klefki|Choice Scarf|[from] move: Trick
|-item|p2a: Rotom|Rocky Helmet|[from] move: Trick
|
|upkeep
|turn|3
|
|t:|1667409189
|switch|p1a: Noivern|Noivern, M|100/100
|-item|p2a: Rotom|Rocky Helmet|[from] ability: Frisk|[of] p1a: Noivern|[identify]
|move|p2a: Rotom|Volt Switch|p1a: Noivern
|-damage|p1a: Noivern|62/100
|inactive|eifo has 270 seconds left.
|inactive|eifo has 240 seconds left.
|
|t:|1667409263
|switch|p2a: Crobat|Crobat, M|100/100|[from]move: Volt Switch
|
|upkeep
|turn|4
|inactive|eifo has 210 seconds left.
|
|t:|1667409289
|switch|p1a: Rhyperior|Rhyperior, F|100/100
|move|p2a: Crobat|Defog|p1a: Rhyperior
|-unboost|p1a: Rhyperior|evasion|1
|-sideend|p2: eifo|Spikes|[from] move: Defog|[of] p2a: Crobat
|
|upkeep
|turn|5
|
|t:|1667409291
|move|p2a: Crobat|U-turn|p1a: Rhyperior
|-damage|p1a: Rhyperior|89/100
|
|t:|1667409296
|switch|p2a: Rotom|Rotom-Mow|100/100|[from]move: U-turn
|move|p1a: Rhyperior|Ice Punch|p2a: Rotom
|-supereffective|p2a: Rotom
|-damage|p2a: Rotom|40/100
|-damage|p1a: Rhyperior|72/100|[from] item: Rocky Helmet|[of] p2a: Rotom
|
|-heal|p1a: Rhyperior|79/100|[from] item: Leftovers
|upkeep
|turn|6
|
|t:|1667409311
|switch|p1a: Noivern|Noivern, M|62/100
|-item|p2a: Rotom|Rocky Helmet|[from] ability: Frisk|[of] p1a: Noivern|[identify]
|move|p2a: Rotom|Volt Switch|p1a: Noivern
|-damage|p1a: Noivern|19/100
|
|t:|1667409320
|switch|p2a: Sigilyph|Sigilyph, F|100/100|[from]move: Volt Switch
|
|upkeep
|turn|7
|
|t:|1667409326
|switch|p1a: Klefki|Klefki, F|100/100
|move|p2a: Sigilyph|Air Slash|p1a: Klefki
|-resisted|p1a: Klefki
|-damage|p1a: Klefki|75/100
|
|upkeep
|turn|8
|
|t:|1667409332
|switch|p2a: Registeel|Registeel|100/100
|move|p1a: Klefki|Spikes|p2a: Registeel
|-sidestart|p2: eifo|Spikes
|
|upkeep
|turn|9
|
|t:|1667409335
|switch|p1a: Pangoro|Pangoro, F|100/100
|move|p2a: Registeel|Body Press|p1a: Pangoro
|-supereffective|p1a: Pangoro
|-damage|p1a: Pangoro|18/100
|
|upkeep
|turn|10
|inactive|eifo has 240 seconds left.
|inactive|eifo has 210 seconds left.
|inactive|eifo has 180 seconds left.
|inactive|eifo has 150 seconds left.
|
|t:|1667409461
|switch|p2a: Guzzlord|Guzzlord|100/100
|-damage|p2a: Guzzlord|88/100|[from] Spikes
|move|p1a: Pangoro|Knock Off|p2a: Guzzlord
|-resisted|p2a: Guzzlord
|-damage|p2a: Guzzlord|51/100
|-enditem|p2a: Guzzlord|Leftovers|[from] move: Knock Off|[of] p1a: Pangoro
|
|upkeep
|turn|11
|
|t:|1667409469
|switch|p1a: Klefki|Klefki, F|75/100
|move|p2a: Guzzlord|Dragon Tail|p1a: Klefki
|-immune|p1a: Klefki
|
|upkeep
|turn|12
|
|t:|1667409478
|switch|p1a: Tentacruel|Tentacruel, F|100/100
|switch|p2a: Rotom|Rotom-Mow|40/100
|
|upkeep
|turn|13
|
|t:|1667409492
|move|p1a: Tentacruel|Ice Beam|p2a: Rotom
|-supereffective|p2a: Rotom
|-damage|p2a: Rotom|0 fnt
|faint|p2a: Rotom
|
|upkeep
|
|t:|1667409503
|switch|p2a: Registeel|Registeel|100/100
|-damage|p2a: Registeel|88/100|[from] Spikes
|turn|14
|
|t:|1667409509
|move|p1a: Tentacruel|Knock Off|p2a: Registeel
|-damage|p2a: Registeel|80/100
|-enditem|p2a: Registeel|Leftovers|[from] move: Knock Off|[of] p1a: Tentacruel
|move|p2a: Registeel|Thunder Wave|p1a: Tentacruel
|-status|p1a: Tentacruel|par
|
|upkeep
|turn|15
|inactive|eifo has 150 seconds left.
|
|t:|1667409532
|move|p1a: Tentacruel|Scald|p2a: Registeel
|-damage|p2a: Registeel|65/100
|move|p2a: Registeel|Body Press|p1a: Tentacruel
|-resisted|p1a: Tentacruel
|-damage|p1a: Tentacruel|82/100 par
|
|-heal|p1a: Tentacruel|88/100 par|[from] item: Black Sludge
|upkeep
|turn|16
|
|t:|1667409549
|switch|p2a: Sigilyph|Sigilyph, F|100/100
|cant|p1a: Tentacruel|par
|
|-heal|p1a: Tentacruel|94/100 par|[from] item: Black Sludge
|upkeep
|turn|17
|
|t:|1667409564
|switch|p1a: Klefki|Klefki, F|75/100
|move|p2a: Sigilyph|Air Slash|p1a: Klefki|[miss]
|-miss|p2a: Sigilyph|p1a: Klefki
|
|upkeep
|turn|18
|
|t:|1667409578
|switch|p2a: Flygon|Flygon, M|100/100
|move|p1a: Klefki|Thunder Wave|p2a: Flygon
|-immune|p2a: Flygon
|
|upkeep
|turn|19
|
|t:|1667409586
|switch|p1a: Rhyperior|Rhyperior, F|79/100
|move|p2a: Flygon|Dragon Dance|p2a: Flygon
|-boost|p2a: Flygon|atk|1
|-boost|p2a: Flygon|spe|1
|
|-heal|p1a: Rhyperior|85/100|[from] item: Leftovers
|upkeep
|turn|20
|
|t:|1667409605
|switch|p2a: Registeel|Registeel|65/100
|-damage|p2a: Registeel|52/100|[from] Spikes
|move|p1a: Rhyperior|Ice Punch|p2a: Registeel
|-resisted|p2a: Registeel
|-damage|p2a: Registeel|46/100
|
|-heal|p1a: Rhyperior|91/100|[from] item: Leftovers
|upkeep
|turn|21
|
|t:|1667409614
|move|p1a: Rhyperior|Earthquake|p2a: Registeel
|-supereffective|p2a: Registeel
|-damage|p2a: Registeel|0 fnt
|faint|p2a: Registeel
|
|-heal|p1a: Rhyperior|97/100|[from] item: Leftovers
|upkeep
|
|t:|1667409619
|switch|p2a: Sigilyph|Sigilyph, F|100/100
|turn|22
|
|t:|1667409623
|switch|p1a: Klefki|Klefki, F|75/100
|move|p2a: Sigilyph|Heat Wave|p1a: Klefki
|-supereffective|p1a: Klefki
|-damage|p1a: Klefki|0 fnt
|faint|p1a: Klefki
|
|upkeep
|
|t:|1667409634
|switch|p1a: Heliolisk|Heliolisk, M|100/100
|turn|23
|inactive|eifo has 150 seconds left.
|inactive|eifo has 120 seconds left.
|
|t:|1667409694
|switch|p2a: Flygon|Flygon, M|100/100
|move|p1a: Heliolisk|Glare|p2a: Flygon
|-status|p2a: Flygon|par
|
|upkeep
|turn|24
|
|t:|1667409702
|move|p1a: Heliolisk|U-turn|p2a: Flygon
|-damage|p2a: Flygon|88/100 par
|
|t:|1667409710
|switch|p1a: Rhyperior|Rhyperior, F|97/100|[from]move: U-turn
|move|p2a: Flygon|Dragon Claw|p1a: Rhyperior
|-damage|p1a: Rhyperior|70/100
|
|-heal|p1a: Rhyperior|76/100|[from] item: Leftovers
|upkeep
|turn|25
|
|t:|1667409715
|switch|p2a: Sigilyph|Sigilyph, F|100/100
|move|p1a: Rhyperior|Ice Punch|p2a: Sigilyph
|-supereffective|p2a: Sigilyph
|-damage|p2a: Sigilyph|37/100
|
|-heal|p1a: Rhyperior|82/100|[from] item: Leftovers
|upkeep
|turn|26
|
|t:|1667409729
|switch|p1a: Noivern|Noivern, M|19/100
|-item|p2a: Sigilyph|Life Orb|[from] ability: Frisk|[of] p1a: Noivern|[identify]
|move|p2a: Sigilyph|Roost|p2a: Sigilyph
|-heal|p2a: Sigilyph|88/100
|-singleturn|p2a: Sigilyph|move: Roost
|
|upkeep
|turn|27
|
|t:|1667409739
|move|p1a: Noivern|Roost|p1a: Noivern
|-heal|p1a: Noivern|69/100
|-singleturn|p1a: Noivern|move: Roost
|move|p2a: Sigilyph|Air Slash|p1a: Noivern
|-damage|p1a: Noivern|12/100
|
|upkeep
|turn|28
|inactive|eifo has 150 seconds left.
|
|t:|1667409760
|move|p1a: Noivern|Roost|p1a: Noivern
|-heal|p1a: Noivern|62/100
|-singleturn|p1a: Noivern|move: Roost
|move|p2a: Sigilyph|Air Slash|p1a: Noivern
|-damage|p1a: Noivern|8/100
|
|upkeep
|turn|29
|
|t:|1667409766
|move|p1a: Noivern|Draco Meteor|p2a: Sigilyph
|-damage|p2a: Sigilyph|2/100
|-unboost|p1a: Noivern|spa|2
|move|p2a: Sigilyph|Air Slash|p1a: Noivern
|-damage|p1a: Noivern|0 fnt
|faint|p1a: Noivern
|
|upkeep
|
|t:|1667409770
|switch|p1a: Heliolisk|Heliolisk, M|100/100
|turn|30
|inactive|eifo has 150 seconds left.
|
|t:|1667409787
|switch|p2a: Flygon|Flygon, M|88/100 par
|move|p1a: Heliolisk|U-turn|p2a: Flygon
|-damage|p2a: Flygon|76/100 par
|
|t:|1667409813
|switch|p1a: Pangoro|Pangoro, F|18/100|[from]move: U-turn
|
|upkeep
|turn|31
|
|t:|1667409817
|switch|p2a: Crobat|Crobat, M|100/100
|move|p1a: Pangoro|Knock Off|p2a: Crobat
|-damage|p2a: Crobat|7/100
|-enditem|p2a: Crobat|Heavy-Duty Boots|[from] move: Knock Off|[of] p1a: Pangoro
|
|upkeep
|turn|32
|
|t:|1667409821
|move|p2a: Crobat|U-turn|p1a: Pangoro
|-damage|p1a: Pangoro|0 fnt
|faint|p1a: Pangoro
|
|t:|1667409829
|switch|p2a: Flygon|Flygon, M|76/100 par|[from]move: U-turn
|
|upkeep
|
|t:|1667409833
|switch|p1a: Rhyperior|Rhyperior, F|82/100
|turn|33
|
|t:|1667409860
|switch|p2a: Crobat|Crobat, M|7/100
|move|p1a: Rhyperior|Ice Punch|p2a: Crobat
|-supereffective|p2a: Crobat
|-damage|p2a: Crobat|0 fnt
|faint|p2a: Crobat
|
|-heal|p1a: Rhyperior|89/100|[from] item: Leftovers
|upkeep
|
|t:|1667409863
|switch|p2a: Sigilyph|Sigilyph, F|2/100
|turn|34
|
|t:|1667409866
|switch|p1a: Heliolisk|Heliolisk, M|100/100
|move|p2a: Sigilyph|Energy Ball|p1a: Heliolisk
|-damage|p1a: Heliolisk|56/100
|
|upkeep
|turn|35
|inactive|eifo has 150 seconds left.
|
|t:|1667409898
|switch|p2a: Flygon|Flygon, M|76/100 par
|move|p1a: Heliolisk|U-turn|p2a: Flygon
|-damage|p2a: Flygon|64/100 par
|
|t:|1667409900
|switch|p1a: Rhyperior|Rhyperior, F|89/100|[from]move: U-turn
|
|-heal|p1a: Rhyperior|95/100|[from] item: Leftovers
|upkeep
|turn|36
|
|t:|1667409908
|move|p2a: Flygon|Earthquake|p1a: Rhyperior
|-supereffective|p1a: Rhyperior
|-damage|p1a: Rhyperior|44/100
|move|p1a: Rhyperior|Ice Punch|p2a: Flygon
|-supereffective|p2a: Flygon
|-damage|p2a: Flygon|0 fnt
|faint|p2a: Flygon
|
|-heal|p1a: Rhyperior|51/100|[from] item: Leftovers
|upkeep
|
|t:|1667409910
|switch|p2a: Guzzlord|Guzzlord|51/100
|-damage|p2a: Guzzlord|38/100|[from] Spikes
|turn|37
|
|t:|1667409916
|move|p1a: Rhyperior|Ice Punch|p2a: Guzzlord
|-supereffective|p2a: Guzzlord
|-damage|p2a: Guzzlord|0 fnt
|faint|p2a: Guzzlord
|
|-heal|p1a: Rhyperior|57/100|[from] item: Leftovers
|upkeep
|c|☆eifo|gg
|c|☆Ninja|gg
|-message|eifo forfeited.
|
|win|Ninja
