|inactive|Battle timer is ON: inactive players will automatically lose when time's up.
|t:|1668005876
|gametype|singles
|player|p1|Luna's Bann3d Now|#capplviiisaharajas|
|player|p2|guille14|gambler|
|teamsize|p1|6
|teamsize|p2|6
|gen|8
|tier|[Gen 8] RU
|rule|Sleep Clause Mod: Limit one foe put to sleep
|rule|Species Clause: Limit one of each Pokémon
|rule|OHKO Clause: OHKO moves are banned
|rule|Evasion Items Clause: Evasion items are banned
|rule|Evasion Moves Clause: Evasion moves are banned
|rule|Endless Battle Clause: Forcing endless battles is banned
|rule|HP Percentage Mod: HP is shown in percentages
|rule|Dynamax Clause: You cannot dynamax
|clearpoke
|poke|p1|Copperajah, M|
|poke|p1|Flygon, M|
|poke|p1|Golisopod, F|
|poke|p1|Heliolisk, F|
|poke|p1|Reuniclus, F|
|poke|p1|Weezing-Galar, M|
|poke|p2|Roserade, F|
|poke|p2|Sandslash, F|
|poke|p2|Gigalith, M|
|poke|p2|Mantine, F|
|poke|p2|Metagross|
|poke|p2|Aromatisse, M|
|teampreview
|c|☆guille14|hf
|inactive|guille14 has 270 seconds left.
|inactive|guille14 has 240 seconds left.
|
|t:|1668005957
|start
|switch|p1a: Weezing|Weezing-Galar, M|100/100
|switch|p2a: Gigalith|Gigalith, M|100/100
|-weather|Sandstorm|[from] ability: Sand Stream|[of] p2a: Gigalith
|turn|1
|
|t:|1668005961
|move|p1a: Weezing|Will-O-Wisp|p2a: Gigalith
|-status|p2a: Gigalith|brn
|move|p2a: Gigalith|Stealth Rock|p1a: Weezing
|-sidestart|p1: Luna's Bann3d Now|move: Stealth Rock
|
|-weather|Sandstorm|[upkeep]
|-damage|p1a: Weezing|94/100|[from] Sandstorm
|-damage|p2a: Gigalith|94/100 brn|[from] brn
|upkeep
|turn|2
|
|t:|1668005965
|switch|p2a: Roserade|Roserade, F|100/100
|move|p1a: Weezing|Defog|p2a: Roserade
|-unboost|p2a: Roserade|evasion|1
|-sideend|p1: Luna's Bann3d Now|Stealth Rock|[from] move: Defog|[of] p1a: Weezing
|
|-weather|Sandstorm|[upkeep]
|-damage|p2a: Roserade|94/100|[from] Sandstorm
|-damage|p1a: Weezing|88/100|[from] Sandstorm
|upkeep
|turn|3
|
|t:|1668005973
|switch|p2a: Sandslash|Sandslash, F|100/100
|switch|p1a: Reuniclus|Reuniclus, F|100/100
|
|-weather|Sandstorm|[upkeep]
|-damage|p1a: Reuniclus|94/100|[from] Sandstorm
|upkeep
|turn|4
|
|t:|1668005977
|switch|p1a: Weezing|Weezing-Galar, M|88/100
|move|p2a: Sandslash|Swords Dance|p2a: Sandslash
|-boost|p2a: Sandslash|atk|2
|
|-weather|Sandstorm|[upkeep]
|-damage|p1a: Weezing|82/100|[from] Sandstorm
|upkeep
|turn|5
|
|t:|1668005988
|switch|p2a: Gigalith|Gigalith, M|94/100 brn
|move|p1a: Weezing|Will-O-Wisp|p2a: Gigalith
|-fail|p2a: Gigalith|brn
|
|-weather|Sandstorm|[upkeep]
|-damage|p1a: Weezing|76/100|[from] Sandstorm
|-damage|p2a: Gigalith|88/100 brn|[from] brn
|upkeep
|turn|6
|
|t:|1668005998
|switch|p1a: Flygon|Flygon, M|100/100
|move|p2a: Gigalith|Stealth Rock|p1a: Flygon
|-sidestart|p1: Luna's Bann3d Now|move: Stealth Rock
|
|-weather|Sandstorm|[upkeep]
|-damage|p2a: Gigalith|82/100 brn|[from] brn
|upkeep
|turn|7
|
|t:|1668006005
|move|p1a: Flygon|Earthquake|p2a: Gigalith
|-supereffective|p2a: Gigalith
|-damage|p2a: Gigalith|11/100 brn
|move|p2a: Gigalith|Toxic|p1a: Flygon
|-status|p1a: Flygon|tox
|
|-weather|Sandstorm|[upkeep]
|-damage|p1a: Flygon|95/100 tox|[from] psn
|-damage|p2a: Gigalith|5/100 brn|[from] brn
|upkeep
|turn|8
|
|t:|1668006011
|switch|p2a: Aromatisse|Aromatisse, M|100/100
|move|p1a: Flygon|Stone Edge|p2a: Aromatisse
|-damage|p2a: Aromatisse|76/100
|
|-weather|none
|-heal|p2a: Aromatisse|82/100|[from] item: Leftovers
|-damage|p1a: Flygon|83/100 tox|[from] psn
|upkeep
|turn|9
|
|t:|1668006019
|switch|p1a: Copperajah|Copperajah, M|100/100
|-damage|p1a: Copperajah|94/100|[from] Stealth Rock
|switch|p2a: Mantine|Mantine, F|100/100
|
|-heal|p1a: Copperajah|100/100|[from] item: Leftovers
|upkeep
|turn|10
|
|t:|1668006040
|switch|p1a: Heliolisk|Heliolisk, F|100/100
|move|p2a: Mantine|Toxic|p1a: Heliolisk
|-status|p1a: Heliolisk|tox
|
|-damage|p1a: Heliolisk|94/100 tox|[from] psn
|upkeep
|turn|11
|
|t:|1668006047
|switch|p2a: Aromatisse|Aromatisse, M|82/100
|move|p1a: Heliolisk|U-turn|p2a: Aromatisse
|-resisted|p2a: Aromatisse
|-damage|p2a: Aromatisse|79/100
|
|t:|1668006051
|switch|p1a: Copperajah|Copperajah, M|100/100|[from]move: U-turn
|-damage|p1a: Copperajah|94/100|[from] Stealth Rock
|
|-heal|p1a: Copperajah|100/100|[from] item: Leftovers
|-heal|p2a: Aromatisse|85/100|[from] item: Leftovers
|upkeep
|turn|12
|
|t:|1668006071
|switch|p2a: Metagross|Metagross|100/100
|move|p1a: Copperajah|Stealth Rock|p2a: Metagross
|-sidestart|p2: guille14|move: Stealth Rock
|
|upkeep
|turn|13
|
|t:|1668006078
|switch|p1a: Golisopod|Golisopod, F|100/100
|move|p2a: Metagross|Cosmic Power|p2a: Metagross
|-boost|p2a: Metagross|def|1
|-boost|p2a: Metagross|spd|1
|
|upkeep
|turn|14
|
|t:|1668006085
|move|p2a: Metagross|Cosmic Power|p2a: Metagross
|-boost|p2a: Metagross|def|1
|-boost|p2a: Metagross|spd|1
|move|p1a: Golisopod|Liquidation|p2a: Metagross
|-damage|p2a: Metagross|86/100
|
|-heal|p2a: Metagross|93/100|[from] item: Leftovers
|upkeep
|turn|15
|
|t:|1668006088
|move|p2a: Metagross|Cosmic Power|p2a: Metagross
|-boost|p2a: Metagross|def|1
|-boost|p2a: Metagross|spd|1
|move|p1a: Golisopod|Liquidation|p2a: Metagross
|-damage|p2a: Metagross|79/100
|
|-heal|p2a: Metagross|85/100|[from] item: Leftovers
|upkeep
|turn|16
|
|t:|1668006092
|move|p2a: Metagross|Cosmic Power|p2a: Metagross
|-boost|p2a: Metagross|def|1
|-boost|p2a: Metagross|spd|1
|move|p1a: Golisopod|Liquidation|p2a: Metagross
|-damage|p2a: Metagross|74/100
|
|-heal|p2a: Metagross|80/100|[from] item: Leftovers
|upkeep
|turn|17
|
|t:|1668006094
|move|p2a: Metagross|Cosmic Power|p2a: Metagross
|-boost|p2a: Metagross|def|1
|-boost|p2a: Metagross|spd|1
|move|p1a: Golisopod|Liquidation|p2a: Metagross
|-damage|p2a: Metagross|71/100
|
|-heal|p2a: Metagross|77/100|[from] item: Leftovers
|upkeep
|turn|18
|
|t:|1668006097
|move|p2a: Metagross|Meteor Mash|p1a: Golisopod
|-resisted|p1a: Golisopod
|-damage|p1a: Golisopod|83/100
|-boost|p2a: Metagross|atk|1
|move|p1a: Golisopod|Liquidation|p2a: Metagross
|-damage|p2a: Metagross|68/100
|
|-heal|p2a: Metagross|74/100|[from] item: Leftovers
|upkeep
|turn|19
|
|t:|1668006102
|move|p2a: Metagross|Meteor Mash|p1a: Golisopod
|-resisted|p1a: Golisopod
|-damage|p1a: Golisopod|58/100
|move|p1a: Golisopod|Leech Life|p2a: Metagross
|-damage|p2a: Metagross|65/100
|-heal|p1a: Golisopod|63/100|[from] drain|[of] p2a: Metagross
|
|-heal|p2a: Metagross|71/100|[from] item: Leftovers
|upkeep
|turn|20
|
|t:|1668006107
|move|p2a: Metagross|Meteor Mash|p1a: Golisopod
|-resisted|p1a: Golisopod
|-damage|p1a: Golisopod|38/100
|-activate|p1a: Golisopod|ability: Emergency Exit
|
|t:|1668006112
|switch|p1a: Weezing|Weezing-Galar, M|76/100
|-damage|p1a: Weezing|64/100|[from] Stealth Rock
|
|-heal|p2a: Metagross|77/100|[from] item: Leftovers
|upkeep
|turn|21
|
|t:|1668006115
|move|p2a: Metagross|Meteor Mash|p1a: Weezing
|-supereffective|p1a: Weezing
|-damage|p1a: Weezing|0 fnt
|-damage|p2a: Metagross|61/100|[from] item: Rocky Helmet|[of] p1a: Weezing
|faint|p1a: Weezing
|
|-heal|p2a: Metagross|67/100|[from] item: Leftovers
|upkeep
|-message|Luna's Bann3d Now forfeited.
|
|win|guille14
|c|☆guille14|gg
|player|p1|Luna's Bann3d Now|#capplviiisaharajas
|player|p1|
