|inactive|Battle timer is ON: inactive players will automatically lose when time's up.
|t:|1607887513
|player|p1|Silvally-Gold|teacher-gen2|
|player|p2|dhehehdh|preschoolerf|
|teamsize|p1|6
|teamsize|p2|6
|gametype|singles
|gen|8
|tier|[Gen 8] RU
|clearpoke
|poke|p1|Xurkitree|
|poke|p1|Diggersby, M|
|poke|p1|Diancie|
|poke|p1|Slowking, M|
|poke|p1|Crobat, M|
|poke|p1|Zarude|
|poke|p2|Regidrago|
|poke|p2|Togekiss, M|
|poke|p2|Snorlax, M|
|poke|p2|Steelix, M|
|poke|p2|Slowking, M|
|poke|p2|Zarude|
|rule|Sleep Clause Mod: Limit one foe put to sleep
|rule|Species Clause: Limit one of each Pokémon
|rule|OHKO Clause: OHKO moves are banned
|rule|Evasion Moves Clause: Evasion moves are banned
|rule|Endless Battle Clause: Forcing endless battles is banned
|rule|HP Percentage Mod: HP is shown in percentages
|rule|Dynamax Clause: You cannot dynamax
|teampreview
|c|+Raahel|VAMOS RYLON
|c|+GW|gl both '-'
|c|☆dhehehdh|hf
|inactive|Silvally-Gold has 270 seconds left.
|inactive|dhehehdh has 270 seconds left.
|c|☆Silvally-Gold|hf
|inactive|Silvally-Gold has 240 seconds left.
|
|t:|1607887595
|start
|switch|p1a: Slowking|Slowking, M|100/100
|switch|p2a: Slowking|Slowking, M|100/100
|turn|1
|
|t:|1607887600
|move|p2a: Slowking|Future Sight|p1a: Slowking
|-start|p2a: Slowking|move: Future Sight
|move|p1a: Slowking|Future Sight|p2a: Slowking
|-start|p1a: Slowking|move: Future Sight
|
|upkeep
|turn|2
|
|t:|1607887604
|move|p2a: Slowking|Scald|p1a: Slowking
|-resisted|p1a: Slowking
|-damage|p1a: Slowking|90/100
|move|p1a: Slowking|Scald|p2a: Slowking
|-resisted|p2a: Slowking
|-damage|p2a: Slowking|90/100
|
|upkeep
|turn|3
|
|t:|1607887617
|move|p1a: Slowking|Scald|p2a: Slowking
|-resisted|p2a: Slowking
|-damage|p2a: Slowking|79/100
|move|p2a: Slowking|Teleport|p2a: Slowking
|
|t:|1607887621
|switch|p2a: Zarude|Zarude|100/100|[from]move: Teleport
|
|-end|p2a: Zarude|move: Future Sight
|-immune|p2a: Zarude
|-end|p1a: Slowking|move: Future Sight
|-resisted|p1a: Slowking
|-damage|p1a: Slowking|74/100
|upkeep
|turn|4
|c|+HaxxSel|VAMOS RYLON
|
|t:|1607887637
|switch|p1a: Crobat|Crobat, M|100/100
|move|p2a: Zarude|Darkest Lariat|p1a: Crobat
|-damage|p1a: Crobat|52/100
|
|upkeep
|turn|5
|
|t:|1607887643
|switch|p2a: Steelix|Steelix, M|100/100
|move|p1a: Crobat|Roost|p1a: Crobat
|-heal|p1a: Crobat|100/100
|-singleturn|p1a: Crobat|move: Roost
|
|upkeep
|turn|6
|
|t:|1607887646
|move|p1a: Crobat|U-turn|p2a: Steelix
|-resisted|p2a: Steelix
|-damage|p2a: Steelix|97/100
|
|t:|1607887649
|switch|p1a: Slowking|Slowking, M|100/100|[from]move: U-turn
|move|p2a: Steelix|Stealth Rock|p1a: Slowking
|-sidestart|p1: Silvally-Gold|move: Stealth Rock
|
|-heal|p2a: Steelix|100/100|[from] item: Leftovers
|upkeep
|turn|7
|
|t:|1607887657
|switch|p2a: Zarude|Zarude|100/100
|move|p1a: Slowking|Scald|p2a: Zarude
|-resisted|p2a: Zarude
|-damage|p2a: Zarude|86/100
|-status|p2a: Zarude|brn
|
|-damage|p2a: Zarude|80/100 brn|[from] brn
|upkeep
|turn|8
|
|t:|1607887665
|move|p2a: Zarude|Jungle Healing|p2a: Zarude
|-heal|p2a: Zarude|100/100 brn
|-curestatus|p2a: Zarude|brn|[msg]
|move|p1a: Slowking|Teleport|p1a: Slowking
|
|t:|1607887671
|switch|p1a: Crobat|Crobat, M|100/100|[from]move: Teleport
|
|upkeep
|turn|9
|
|t:|1607887675
|switch|p2a: Steelix|Steelix, M|100/100
|move|p1a: Crobat|Defog|p2a: Steelix
|-unboost|p2a: Steelix|evasion|1
|-sideend|p1: Silvally-Gold|Stealth Rock|[from] move: Defog|[of] p1a: Crobat
|
|upkeep
|turn|10
|
|t:|1607887680
|move|p1a: Crobat|U-turn|p2a: Steelix
|-resisted|p2a: Steelix
|-damage|p2a: Steelix|97/100
|
|t:|1607887682
|switch|p1a: Slowking|Slowking, M|100/100|[from]move: U-turn
|move|p2a: Steelix|Stealth Rock|p1a: Slowking
|-sidestart|p1: Silvally-Gold|move: Stealth Rock
|
|-heal|p2a: Steelix|100/100|[from] item: Leftovers
|upkeep
|turn|11
|
|t:|1607887690
|move|p2a: Steelix|Toxic|p1a: Slowking|[miss]
|-miss|p2a: Steelix|p1a: Slowking
|move|p1a: Slowking|Future Sight|p2a: Steelix
|-start|p1a: Slowking|move: Future Sight
|
|upkeep
|turn|12
|
|t:|1607887696
|switch|p2a: Zarude|Zarude|100/100
|move|p1a: Slowking|Scald|p2a: Zarude
|-resisted|p2a: Zarude
|-damage|p2a: Zarude|88/100
|
|upkeep
|turn|13
|
|t:|1607887704
|switch|p1a: Crobat|Crobat, M|100/100
|move|p2a: Zarude|Darkest Lariat|p1a: Crobat
|-damage|p1a: Crobat|55/100
|
|-end|p2a: Zarude|move: Future Sight
|-immune|p2a: Zarude
|upkeep
|turn|14
|
|t:|1607887709
|switch|p2a: Steelix|Steelix, M|100/100
|move|p1a: Crobat|Roost|p1a: Crobat
|-heal|p1a: Crobat|100/100
|-singleturn|p1a: Crobat|move: Roost
|
|upkeep
|turn|15
|
|t:|1607887719
|move|p1a: Crobat|U-turn|p2a: Steelix
|-resisted|p2a: Steelix
|-damage|p2a: Steelix|97/100
|
|t:|1607887721
|switch|p1a: Slowking|Slowking, M|100/100|[from]move: U-turn
|move|p2a: Steelix|Head Smash|p1a: Slowking|[miss]
|-miss|p2a: Steelix|p1a: Slowking
|
|-heal|p2a: Steelix|100/100|[from] item: Leftovers
|upkeep
|turn|16
|
|t:|1607887728
|switch|p2a: Snorlax|Snorlax, M|100/100
|move|p1a: Slowking|Scald|p2a: Snorlax
|-damage|p2a: Snorlax|89/100
|
|-heal|p2a: Snorlax|95/100|[from] item: Leftovers
|upkeep
|turn|17
|
|t:|1607887738
|move|p2a: Snorlax|Curse|p2a: Snorlax
|-unboost|p2a: Snorlax|spe|1
|-boost|p2a: Snorlax|atk|1
|-boost|p2a: Snorlax|def|1
|move|p1a: Slowking|Future Sight|p2a: Snorlax
|-start|p1a: Slowking|move: Future Sight
|
|-heal|p2a: Snorlax|100/100|[from] item: Leftovers
|upkeep
|turn|18
|
|t:|1607887741
|move|p2a: Snorlax|Body Slam|p1a: Slowking
|-damage|p1a: Slowking|68/100
|-status|p1a: Slowking|par
|move|p1a: Slowking|Teleport|p1a: Slowking
|
|t:|1607887746
|switch|p1a: Zarude|Zarude|100/100|[from]move: Teleport
|
|upkeep
|turn|19
|
|t:|1607887761
|switch|p2a: Togekiss|Togekiss, M|100/100
|move|p1a: Zarude|Bulk Up|p1a: Zarude
|-boost|p1a: Zarude|atk|1
|-boost|p1a: Zarude|def|1
|
|-end|p2a: Togekiss|move: Future Sight
|-damage|p2a: Togekiss|67/100
|upkeep
|turn|20
|
|t:|1607887769
|switch|p1a: Diancie|Diancie|100/100
|-damage|p1a: Diancie|88/100|[from] Stealth Rock
|move|p2a: Togekiss|Roost|p2a: Togekiss
|-heal|p2a: Togekiss|100/100
|-singleturn|p2a: Togekiss|move: Roost
|
|-heal|p1a: Diancie|94/100|[from] item: Leftovers
|upkeep
|turn|21
|
|t:|1607887774
|switch|p2a: Steelix|Steelix, M|100/100
|move|p1a: Diancie|Stealth Rock|p2a: Steelix
|-sidestart|p2: dhehehdh|move: Stealth Rock
|
|-heal|p1a: Diancie|99/100|[from] item: Leftovers
|upkeep
|turn|22
|
|t:|1607887778
|switch|p1a: Slowking|Slowking, M|100/100 par
|move|p2a: Steelix|Toxic||[still]
|-fail|p2a: Steelix
|
|upkeep
|turn|23
|
|t:|1607887784
|switch|p2a: Slowking|Slowking, M|100/100
|move|p1a: Slowking|Teleport|p1a: Slowking
|
|t:|1607887789
|switch|p1a: Zarude|Zarude|100/100|[from]move: Teleport
|
|upkeep
|turn|24
|
|t:|1607887795
|switch|p2a: Togekiss|Togekiss, M|100/100
|move|p1a: Zarude|Power Whip|p2a: Togekiss
|-resisted|p2a: Togekiss
|-damage|p2a: Togekiss|76/100
|
|upkeep
|turn|25
|
|t:|1607887802
|switch|p1a: Diancie|Diancie|99/100
|-damage|p1a: Diancie|88/100|[from] Stealth Rock
|move|p2a: Togekiss|Air Slash|p1a: Diancie
|-resisted|p1a: Diancie
|-damage|p1a: Diancie|79/100
|
|-heal|p1a: Diancie|85/100|[from] item: Leftovers
|upkeep
|turn|26
|
|t:|1607887808
|switch|p2a: Steelix|Steelix, M|100/100
|-damage|p2a: Steelix|97/100|[from] Stealth Rock
|move|p1a: Diancie|Body Press|p2a: Steelix
|-supereffective|p2a: Steelix
|-damage|p2a: Steelix|72/100
|
|-heal|p1a: Diancie|91/100|[from] item: Leftovers
|-heal|p2a: Steelix|78/100|[from] item: Leftovers
|upkeep
|turn|27
|
|t:|1607887815
|switch|p1a: Slowking|Slowking, M|100/100 par
|move|p2a: Steelix|Earthquake|p1a: Slowking
|-damage|p1a: Slowking|77/100 par
|
|-heal|p2a: Steelix|84/100|[from] item: Leftovers
|upkeep
|turn|28
|
|t:|1607887820
|switch|p2a: Slowking|Slowking, M|100/100
|move|p1a: Slowking|Teleport|p1a: Slowking
|
|t:|1607887826
|switch|p1a: Zarude|Zarude|100/100|[from]move: Teleport
|
|upkeep
|turn|29
|
|t:|1607887832
|switch|p2a: Togekiss|Togekiss, M|76/100
|move|p1a: Zarude|Power Whip|p2a: Togekiss
|-resisted|p2a: Togekiss
|-damage|p2a: Togekiss|52/100
|
|upkeep
|turn|30
|
|t:|1607887841
|switch|p1a: Xurkitree|Xurkitree|100/100
|-damage|p1a: Xurkitree|88/100|[from] Stealth Rock
|move|p2a: Togekiss|Roost|p2a: Togekiss
|-heal|p2a: Togekiss|100/100
|-singleturn|p2a: Togekiss|move: Roost
|
|upkeep
|turn|31
|
|t:|1607887848
|switch|p2a: Snorlax|Snorlax, M|100/100
|-damage|p2a: Snorlax|88/100|[from] Stealth Rock
|move|p1a: Xurkitree|Volt Switch|p2a: Snorlax
|-damage|p2a: Snorlax|66/100
|
|t:|1607887854
|switch|p1a: Diggersby|Diggersby, M|100/100|[from]move: Volt Switch
|-damage|p1a: Diggersby|94/100|[from] Stealth Rock
|
|-heal|p2a: Snorlax|72/100|[from] item: Leftovers
|upkeep
|turn|32
|
|t:|1607887861
|switch|p2a: Slowking|Slowking, M|100/100
|move|p1a: Diggersby|Body Slam|p2a: Slowking
|-damage|p2a: Slowking|51/100
|-status|p2a: Slowking|par
|-damage|p1a: Diggersby|84/100|[from] item: Life Orb
|
|upkeep
|turn|33
|
|t:|1607887872
|switch|p2a: Zarude|Zarude|88/100
|move|p1a: Diggersby|Earthquake|p2a: Zarude
|-resisted|p2a: Zarude
|-damage|p2a: Zarude|44/100
|-damage|p1a: Diggersby|74/100|[from] item: Life Orb
|
|upkeep
|turn|34
|inactive|Silvally-Gold has 270 seconds left.
|
|t:|1607887920
|switch|p1a: Crobat|Crobat, M|100/100
|move|p2a: Zarude|Darkest Lariat|p1a: Crobat
|-damage|p1a: Crobat|54/100
|
|upkeep
|turn|35
|
|t:|1607887927
|switch|p2a: Slowking|Slowking, M|84/100 par
|move|p1a: Crobat|Roost|p1a: Crobat
|-heal|p1a: Crobat|100/100
|-singleturn|p1a: Crobat|move: Roost
|
|upkeep
|turn|36
|
|t:|1607887933
|move|p1a: Crobat|U-turn|p2a: Slowking
|-supereffective|p2a: Slowking
|-damage|p2a: Slowking|64/100 par
|
|t:|1607887938
|switch|p1a: Zarude|Zarude|100/100|[from]move: U-turn
|move|p2a: Slowking|Future Sight|p1a: Zarude
|-start|p2a: Slowking|move: Future Sight
|
|upkeep
|turn|37
|inactive|Silvally-Gold has 270 seconds left.
|
|t:|1607887956
|switch|p1a: Slowking|Slowking, M|100/100 par
|switch|p2a: Togekiss|Togekiss, M|100/100
|
|upkeep
|turn|38
|
|t:|1607887962
|move|p2a: Togekiss|Air Slash|p1a: Slowking
|-damage|p1a: Slowking|76/100 par
|cant|p1a: Slowking|par
|
|-end|p1a: Slowking|move: Future Sight
|-resisted|p1a: Slowking
|-damage|p1a: Slowking|60/100 par
|upkeep
|turn|39
|
|t:|1607887967
|switch|p1a: Diancie|Diancie|91/100
|-damage|p1a: Diancie|79/100|[from] Stealth Rock
|move|p2a: Togekiss|Air Slash|p1a: Diancie
|-resisted|p1a: Diancie
|-damage|p1a: Diancie|69/100
|
|-heal|p1a: Diancie|75/100|[from] item: Leftovers
|upkeep
|turn|40
|
|t:|1607887974
|move|p2a: Togekiss|Air Slash|p1a: Diancie
|-resisted|p1a: Diancie
|-damage|p1a: Diancie|66/100
|cant|p1a: Diancie|flinch
|
|-heal|p1a: Diancie|72/100|[from] item: Leftovers
|upkeep
|turn|41
|
|t:|1607887978
|switch|p2a: Slowking|Slowking, M|98/100 par
|move|p1a: Diancie|Moonblast|p2a: Slowking
|-damage|p2a: Slowking|71/100 par
|-unboost|p2a: Slowking|spa|1
|
|-heal|p1a: Diancie|78/100|[from] item: Leftovers
|upkeep
|turn|42
|
|t:|1607887987
|switch|p1a: Slowking|Slowking, M|93/100 par
|cant|p2a: Slowking|par
|
|upkeep
|turn|43
|
|t:|1607887993
|cant|p2a: Slowking|par
|move|p1a: Slowking|Future Sight|p2a: Slowking
|-start|p1a: Slowking|move: Future Sight
|
|upkeep
|turn|44
|
|t:|1607887996
|move|p2a: Slowking|Future Sight|p1a: Slowking
|-start|p2a: Slowking|move: Future Sight
|move|p1a: Slowking|Teleport|p1a: Slowking
|
|t:|1607887999
|switch|p1a: Zarude|Zarude|100/100|[from]move: Teleport
|
|upkeep
|turn|45
|
|t:|1607888006
|switch|p2a: Togekiss|Togekiss, M|100/100
|move|p1a: Zarude|Darkest Lariat|p2a: Togekiss
|-resisted|p2a: Togekiss
|-damage|p2a: Togekiss|84/100
|
|-end|p2a: Togekiss|move: Future Sight
|-damage|p2a: Togekiss|53/100
|upkeep
|turn|46
|
|t:|1607888016
|switch|p1a: Slowking|Slowking, M|100/100 par
|move|p2a: Togekiss|Air Slash|p1a: Slowking
|-damage|p1a: Slowking|75/100 par
|
|-end|p1a: Slowking|move: Future Sight
|-resisted|p1a: Slowking
|-damage|p1a: Slowking|57/100 par
|upkeep
|turn|47
|
|t:|1607888022
|switch|p1a: Diancie|Diancie|78/100
|-damage|p1a: Diancie|66/100|[from] Stealth Rock
|move|p2a: Togekiss|Roost|p2a: Togekiss
|-heal|p2a: Togekiss|100/100
|-singleturn|p2a: Togekiss|move: Roost
|
|-heal|p1a: Diancie|71/100|[from] item: Leftovers
|upkeep
|turn|48
|
|t:|1607888028
|switch|p2a: Slowking|Slowking, M|100/100 par
|move|p1a: Diancie|Diamond Storm|p2a: Slowking
|-damage|p2a: Slowking|77/100 par
|-boost|p1a: Diancie|def|2
|
|-heal|p1a: Diancie|77/100|[from] item: Leftovers
|upkeep
|turn|49
|
|t:|1607888036
|switch|p1a: Zarude|Zarude|100/100
|move|p2a: Slowking|Future Sight|p1a: Zarude
|-start|p2a: Slowking|move: Future Sight
|
|upkeep
|turn|50
|
|t:|1607888045
|switch|p1a: Slowking|Slowking, M|91/100 par
|switch|p2a: Togekiss|Togekiss, M|100/100
|
|upkeep
|turn|51
|
|t:|1607888057
|switch|p2a: Zarude|Zarude|44/100
|move|p1a: Slowking|Teleport|p1a: Slowking
|
|t:|1607888062
|switch|p1a: Zarude|Zarude|100/100|[from]move: Teleport
|
|-end|p1a: Zarude|move: Future Sight
|-immune|p1a: Zarude
|upkeep
|turn|52
|
|t:|1607888067
|switch|p1a: Crobat|Crobat, M|100/100
|move|p2a: Zarude|Jungle Healing|p2a: Zarude
|-heal|p2a: Zarude|69/100
|
|upkeep
|turn|53
|
|t:|1607888073
|switch|p2a: Togekiss|Togekiss, M|100/100
|move|p1a: Crobat|U-turn|p2a: Togekiss
|-resisted|p2a: Togekiss
|-damage|p2a: Togekiss|97/100
|
|t:|1607888077
|switch|p1a: Xurkitree|Xurkitree|88/100|[from]move: U-turn
|-damage|p1a: Xurkitree|76/100|[from] Stealth Rock
|
|upkeep
|turn|54
|
|t:|1607888085
|switch|p2a: Steelix|Steelix, M|84/100
|-damage|p2a: Steelix|81/100|[from] Stealth Rock
|move|p1a: Xurkitree|Volt Switch|p2a: Steelix
|-immune|p2a: Steelix
|
|-heal|p2a: Steelix|88/100|[from] item: Leftovers
|upkeep
|turn|55
|
|t:|1607888092
|switch|p1a: Slowking|Slowking, M|100/100 par
|move|p2a: Steelix|Earthquake|p1a: Slowking
|-damage|p1a: Slowking|79/100 par
|
|-heal|p2a: Steelix|94/100|[from] item: Leftovers
|upkeep
|turn|56
|
|t:|1607888099
|switch|p2a: Slowking|Slowking, M|100/100 par
|move|p1a: Slowking|Scald|p2a: Slowking
|-resisted|p2a: Slowking
|-damage|p2a: Slowking|90/100 par
|
|upkeep
|turn|57
|
|t:|1607888106
|move|p2a: Slowking|Future Sight|p1a: Slowking
|-start|p2a: Slowking|move: Future Sight
|cant|p1a: Slowking|par
|
|upkeep
|turn|58
|
|t:|1607888109
|move|p1a: Slowking|Future Sight|p2a: Slowking
|-start|p1a: Slowking|move: Future Sight
|move|p2a: Slowking|Teleport|p2a: Slowking
|
|t:|1607888112
|switch|p2a: Snorlax|Snorlax, M|72/100|[from]move: Teleport
|-damage|p2a: Snorlax|60/100|[from] Stealth Rock
|
|-heal|p2a: Snorlax|66/100|[from] item: Leftovers
|upkeep
|turn|59
|
|t:|1607888119
|move|p2a: Snorlax|Curse|p2a: Snorlax
|-unboost|p2a: Snorlax|spe|1
|-boost|p2a: Snorlax|atk|1
|-boost|p2a: Snorlax|def|1
|move|p1a: Slowking|Teleport|p1a: Slowking
|
|t:|1607888124
|switch|p1a: Zarude|Zarude|100/100|[from]move: Teleport
|
|-end|p1a: Zarude|move: Future Sight
|-immune|p1a: Zarude
|-heal|p2a: Snorlax|72/100|[from] item: Leftovers
|upkeep
|turn|60
|
|t:|1607888128
|move|p1a: Zarude|Bulk Up|p1a: Zarude
|-boost|p1a: Zarude|atk|1
|-boost|p1a: Zarude|def|1
|move|p2a: Snorlax|Body Slam|p1a: Zarude
|-damage|p1a: Zarude|70/100
|-status|p1a: Zarude|par
|
|-end|p2a: Snorlax|move: Future Sight
|-damage|p2a: Snorlax|53/100
|-heal|p2a: Snorlax|59/100|[from] item: Leftovers
|upkeep
|turn|61
|
|t:|1607888137
|switch|p2a: Togekiss|Togekiss, M|97/100
|cant|p1a: Zarude|par
|
|upkeep
|turn|62
|
|t:|1607888145
|switch|p1a: Diancie|Diancie|77/100
|-damage|p1a: Diancie|65/100|[from] Stealth Rock
|move|p2a: Togekiss|Air Slash|p1a: Diancie
|-resisted|p1a: Diancie
|-damage|p1a: Diancie|56/100
|
|-heal|p1a: Diancie|62/100|[from] item: Leftovers
|upkeep
|turn|63
|
|t:|1607888154
|move|p2a: Togekiss|Air Slash|p1a: Diancie
|-resisted|p1a: Diancie
|-damage|p1a: Diancie|53/100
|cant|p1a: Diancie|flinch
|
|-heal|p1a: Diancie|59/100|[from] item: Leftovers
|upkeep
|turn|64
|
|t:|1607888160
|switch|p2a: Slowking|Slowking, M|100/100 par
|move|p1a: Diancie|Diamond Storm|p2a: Slowking
|-damage|p2a: Slowking|74/100 par
|
|-heal|p1a: Diancie|65/100|[from] item: Leftovers
|upkeep
|turn|65
|
|t:|1607888169
|switch|p1a: Zarude|Zarude|70/100 par
|move|p2a: Slowking|Future Sight|p1a: Zarude
|-start|p2a: Slowking|move: Future Sight
|
|upkeep
|turn|66
|
|t:|1607888174
|switch|p2a: Togekiss|Togekiss, M|97/100
|move|p1a: Zarude|Jungle Healing|p1a: Zarude
|-heal|p1a: Zarude|95/100 par
|-curestatus|p1a: Zarude|par|[msg]
|
|upkeep
|turn|67
|
|t:|1607888181
|switch|p1a: Slowking|Slowking, M|100/100 par
|move|p2a: Togekiss|Air Slash|p1a: Slowking|[miss]
|-miss|p2a: Togekiss|p1a: Slowking
|
|-end|p1a: Slowking|move: Future Sight
|-resisted|p1a: Slowking
|-damage|p1a: Slowking|84/100 par
|upkeep
|turn|68
|
|t:|1607888187
|switch|p2a: Zarude|Zarude|69/100
|move|p1a: Slowking|Teleport|p1a: Slowking
|
|t:|1607888190
|switch|p1a: Crobat|Crobat, M|100/100|[from]move: Teleport
|
|upkeep
|turn|69
|
|t:|1607888194
|switch|p2a: Steelix|Steelix, M|94/100
|-damage|p2a: Steelix|91/100|[from] Stealth Rock
|move|p1a: Crobat|U-turn|p2a: Steelix
|-resisted|p2a: Steelix
|-damage|p2a: Steelix|87/100
|
|t:|1607888201
|switch|p1a: Diggersby|Diggersby, M|74/100|[from]move: U-turn
|-damage|p1a: Diggersby|68/100|[from] Stealth Rock
|
|-heal|p2a: Steelix|93/100|[from] item: Leftovers
|upkeep
|turn|70
|inactive|dhehehdh has 270 seconds left.
|
|t:|1607888244
|move|p1a: Diggersby|Earthquake|p2a: Steelix
|-supereffective|p2a: Steelix
|-damage|p2a: Steelix|10/100
|-damage|p1a: Diggersby|58/100|[from] item: Life Orb
|move|p2a: Steelix|Earthquake|p1a: Diggersby
|-damage|p1a: Diggersby|15/100
|
|-heal|p2a: Steelix|16/100|[from] item: Leftovers
|upkeep
|turn|71
|
|t:|1607888257
|switch|p2a: Slowking|Slowking, M|100/100 par
|move|p1a: Diggersby|Body Slam|p2a: Slowking
|-damage|p2a: Slowking|44/100 par
|-damage|p1a: Diggersby|5/100|[from] item: Life Orb
|
|upkeep
|turn|72
|inactive|dhehehdh has 270 seconds left.
|inactive|dhehehdh has 240 seconds left.
|inactive|dhehehdh has 210 seconds left.
|
|t:|1607888350
|switch|p1a: Zarude|Zarude|95/100
|switch|p2a: Regidrago|Regidrago|100/100
|-damage|p2a: Regidrago|88/100|[from] Stealth Rock
|
|upkeep
|turn|73
|inactive|dhehehdh has 180 seconds left.
|
|t:|1607888367
|switch|p1a: Diancie|Diancie|65/100
|-damage|p1a: Diancie|53/100|[from] Stealth Rock
|move|p2a: Regidrago|Dragon Energy|p1a: Diancie
|-immune|p1a: Diancie
|
|-heal|p1a: Diancie|59/100|[from] item: Leftovers
|upkeep
|turn|74
|
|t:|1607888373
|switch|p2a: Slowking|Slowking, M|77/100 par
|move|p1a: Diancie|Moonblast|p2a: Slowking
|-damage|p2a: Slowking|50/100 par
|-unboost|p2a: Slowking|spa|1
|
|-heal|p1a: Diancie|65/100|[from] item: Leftovers
|upkeep
|turn|75
|
|t:|1607888377
|move|p1a: Diancie|Moonblast|p2a: Slowking
|-damage|p2a: Slowking|23/100 par
|-unboost|p2a: Slowking|spa|1
|cant|p2a: Slowking|par
|
|-heal|p1a: Diancie|71/100|[from] item: Leftovers
|upkeep
|turn|76
|
|t:|1607888384
|switch|p2a: Togekiss|Togekiss, M|97/100
|move|p1a: Diancie|Moonblast|p2a: Togekiss
|-damage|p2a: Togekiss|69/100
|
|-heal|p1a: Diancie|77/100|[from] item: Leftovers
|upkeep
|turn|77
|inactive|dhehehdh has 210 seconds left.
|
|t:|1607888390
|move|p2a: Togekiss|Roost|p2a: Togekiss
|-heal|p2a: Togekiss|100/100
|-singleturn|p2a: Togekiss|move: Roost
|move|p1a: Diancie|Moonblast|p2a: Togekiss
|-damage|p2a: Togekiss|74/100
|
|-heal|p1a: Diancie|83/100|[from] item: Leftovers
|upkeep
|turn|78
|
|t:|1607888398
|move|p2a: Togekiss|Roost|p2a: Togekiss
|-heal|p2a: Togekiss|100/100
|-singleturn|p2a: Togekiss|move: Roost
|move|p1a: Diancie|Moonblast|p2a: Togekiss
|-damage|p2a: Togekiss|75/100
|-unboost|p2a: Togekiss|spa|1
|
|-heal|p1a: Diancie|89/100|[from] item: Leftovers
|upkeep
|turn|79
|
|t:|1607888407
|switch|p2a: Slowking|Slowking, M|56/100 par
|move|p1a: Diancie|Moonblast|p2a: Slowking
|-crit|p2a: Slowking
|-damage|p2a: Slowking|14/100 par
|
|-heal|p1a: Diancie|95/100|[from] item: Leftovers
|upkeep
|turn|80
|
|t:|1607888414
|switch|p2a: Togekiss|Togekiss, M|75/100
|move|p1a: Diancie|Moonblast|p2a: Togekiss
|-damage|p2a: Togekiss|50/100
|
|-heal|p1a: Diancie|100/100|[from] item: Leftovers
|upkeep
|turn|81
|
|t:|1607888421
|move|p2a: Togekiss|Roost|p2a: Togekiss
|-heal|p2a: Togekiss|100/100
|-singleturn|p2a: Togekiss|move: Roost
|move|p1a: Diancie|Moonblast|p2a: Togekiss
|-damage|p2a: Togekiss|75/100
|
|upkeep
|turn|82
|
|t:|1607888429
|move|p2a: Togekiss|Heal Bell|p2a: Togekiss
|-activate|p2a: Togekiss|move: Heal Bell
|-curestatus|p2: Slowking|par|[msg]
|move|p1a: Diancie|Moonblast|p2a: Togekiss
|-crit|p2a: Togekiss
|-damage|p2a: Togekiss|32/100
|
|upkeep
|turn|83
|
|t:|1607888436
|move|p2a: Togekiss|Roost|p2a: Togekiss
|-heal|p2a: Togekiss|82/100
|-singleturn|p2a: Togekiss|move: Roost
|move|p1a: Diancie|Moonblast|p2a: Togekiss
|-crit|p2a: Togekiss
|-damage|p2a: Togekiss|39/100
|
|upkeep
|turn|84
|
|t:|1607888455
|switch|p2a: Snorlax|Snorlax, M|59/100
|-damage|p2a: Snorlax|46/100|[from] Stealth Rock
|move|p1a: Diancie|Moonblast|p2a: Snorlax
|-damage|p2a: Snorlax|31/100
|-unboost|p2a: Snorlax|spa|1
|
|-heal|p2a: Snorlax|38/100|[from] item: Leftovers
|upkeep
|turn|85
|
|t:|1607888464
|switch|p2a: Slowking|Slowking, M|47/100
|move|p1a: Diancie|Body Press|p2a: Slowking
|-resisted|p2a: Slowking
|-damage|p2a: Slowking|38/100
|
|upkeep
|turn|86
|
|t:|1607888479
|switch|p1a: Zarude|Zarude|95/100
|move|p2a: Slowking|Scald|p1a: Zarude
|-resisted|p1a: Zarude
|-damage|p1a: Zarude|80/100
|
|upkeep
|turn|87
|c|☆dhehehdh|miss
|c|☆dhehehdh|click
|c|☆dhehehdh|...
|inactive|dhehehdh has 240 seconds left.
|
|t:|1607888504
|switch|p2a: Regidrago|Regidrago|88/100
|-damage|p2a: Regidrago|76/100|[from] Stealth Rock
|move|p1a: Zarude|Power Whip|p2a: Regidrago|[miss]
|-miss|p1a: Zarude|p2a: Regidrago
|
|upkeep
|turn|88
|
|t:|1607888511
|switch|p1a: Diancie|Diancie|100/100
|-damage|p1a: Diancie|88/100|[from] Stealth Rock
|move|p2a: Regidrago|Dragon Energy|p1a: Diancie
|-immune|p1a: Diancie
|
|-heal|p1a: Diancie|94/100|[from] item: Leftovers
|upkeep
|turn|89
|
|t:|1607888519
|switch|p2a: Slowking|Slowking, M|71/100
|move|p1a: Diancie|Diamond Storm|p2a: Slowking
|-damage|p2a: Slowking|47/100
|
|-heal|p1a: Diancie|99/100|[from] item: Leftovers
|upkeep
|turn|90
|inactive|Silvally-Gold has 270 seconds left.
|
|t:|1607888529
|move|p1a: Diancie|Moonblast|p2a: Slowking
|-damage|p2a: Slowking|20/100
|-unboost|p2a: Slowking|spa|1
|move|p2a: Slowking|Slack Off|p2a: Slowking
|-heal|p2a: Slowking|70/100
|
|-heal|p1a: Diancie|100/100|[from] item: Leftovers
|upkeep
|turn|91
|inactive|Silvally-Gold has 270 seconds left.
|inactive|dhehehdh has 240 seconds left.
|
|t:|1607888538
|switch|p1a: Zarude|Zarude|80/100
|move|p2a: Slowking|Slack Off|p2a: Slowking
|-heal|p2a: Slowking|100/100
|
|upkeep
|turn|92
|inactive|Silvally-Gold has 270 seconds left.
|
|t:|1607888544
|move|p1a: Zarude|Darkest Lariat|p2a: Slowking
|-supereffective|p2a: Slowking
|-damage|p2a: Slowking|38/100
|move|p2a: Slowking|Teleport|p2a: Slowking
|
|t:|1607888546
|switch|p2a: Togekiss|Togekiss, M|39/100|[from]move: Teleport
|
|upkeep
|turn|93
|inactive|Silvally-Gold has 270 seconds left.
|
|t:|1607888558
|switch|p1a: Diancie|Diancie|100/100
|-damage|p1a: Diancie|88/100|[from] Stealth Rock
|move|p2a: Togekiss|Roost|p2a: Togekiss
|-heal|p2a: Togekiss|89/100
|-singleturn|p2a: Togekiss|move: Roost
|
|-heal|p1a: Diancie|94/100|[from] item: Leftovers
|upkeep
|turn|94
|inactive|Silvally-Gold has 270 seconds left.
|
|t:|1607888563
|switch|p2a: Slowking|Slowking, M|71/100
|move|p1a: Diancie|Moonblast|p2a: Slowking
|-damage|p2a: Slowking|42/100
|
|-heal|p1a: Diancie|99/100|[from] item: Leftovers
|upkeep
|turn|95
|inactive|Silvally-Gold has 270 seconds left.
|
|t:|1607888573
|switch|p1a: Zarude|Zarude|80/100
|move|p2a: Slowking|Slack Off|p2a: Slowking
|-heal|p2a: Slowking|92/100
|
|upkeep
|turn|96
|inactive|Silvally-Gold has 270 seconds left.
|
|t:|1607888580
|switch|p2a: Togekiss|Togekiss, M|89/100
|move|p1a: Zarude|Power Whip|p2a: Togekiss
|-resisted|p2a: Togekiss
|-damage|p2a: Togekiss|62/100
|
|upkeep
|turn|97
|inactive|Silvally-Gold has 270 seconds left.
|
|t:|1607888587
|switch|p1a: Diancie|Diancie|99/100
|-damage|p1a: Diancie|88/100|[from] Stealth Rock
|switch|p2a: Zarude|Zarude|69/100
|
|-heal|p1a: Diancie|94/100|[from] item: Leftovers
|upkeep
|turn|98
|inactive|Silvally-Gold has 270 seconds left.
|
|t:|1607888595
|switch|p2a: Slowking|Slowking, M|100/100
|switch|p1a: Crobat|Crobat, M|100/100
|
|upkeep
|turn|99
|
|t:|1607888607
|move|p1a: Crobat|U-turn|p2a: Slowking
|-supereffective|p2a: Slowking
|-damage|p2a: Slowking|80/100
|c|+Dlanyer|who is rylon ?
|
|t:|1607888610
|switch|p1a: Zarude|Zarude|80/100|[from]move: U-turn
|move|p2a: Slowking|Future Sight|p1a: Zarude
|-start|p2a: Slowking|move: Future Sight
|
|upkeep
|turn|100
|
|t:|1607888620
|switch|p2a: Togekiss|Togekiss, M|62/100
|move|p1a: Zarude|Bulk Up|p1a: Zarude
|-boost|p1a: Zarude|atk|1
|-boost|p1a: Zarude|def|1
|
|upkeep
|turn|101
|
|t:|1607888627
|switch|p1a: Slowking|Slowking, M|100/100 par
|move|p2a: Togekiss|Roost|p2a: Togekiss
|-heal|p2a: Togekiss|100/100
|-singleturn|p2a: Togekiss|move: Roost
|
|-end|p1a: Slowking|move: Future Sight
|-resisted|p1a: Slowking
|-damage|p1a: Slowking|84/100 par
|upkeep
|turn|102
|
|t:|1607888635
|move|p2a: Togekiss|Air Slash|p1a: Slowking
|-damage|p1a: Slowking|58/100 par
|cant|p1a: Slowking|flinch
|
|upkeep
|turn|103
|
|t:|1607888642
|switch|p2a: Slowking|Slowking, M|100/100
|switch|p1a: Diancie|Diancie|94/100
|-damage|p1a: Diancie|82/100|[from] Stealth Rock
|
|-heal|p1a: Diancie|88/100|[from] item: Leftovers
|upkeep
|turn|104
|
|t:|1607888647
|switch|p1a: Zarude|Zarude|80/100
|move|p2a: Slowking|Teleport|p2a: Slowking
|
|t:|1607888648
|switch|p2a: Togekiss|Togekiss, M|100/100|[from]move: Teleport
|
|upkeep
|turn|105
|
|t:|1607888655
|switch|p1a: Slowking|Slowking, M|92/100 par
|move|p2a: Togekiss|Defog|p1a: Slowking
|-unboost|p1a: Slowking|evasion|1
|-sideend|p1: Silvally-Gold|Stealth Rock|[from] move: Defog|[of] p2a: Togekiss
|-sideend|p2: dhehehdh|Stealth Rock|[from] move: Defog|[of] p2a: Togekiss
|
|upkeep
|turn|106
|
|t:|1607888661
|switch|p2a: Slowking|Slowking, M|100/100
|switch|p1a: Diancie|Diancie|88/100
|
|-heal|p1a: Diancie|94/100|[from] item: Leftovers
|upkeep
|turn|107
|
|t:|1607888665
|switch|p1a: Zarude|Zarude|80/100
|move|p2a: Slowking|Scald|p1a: Zarude
|-resisted|p1a: Zarude
|-damage|p1a: Zarude|65/100
|
|upkeep
|turn|108
|
|t:|1607888674
|move|p1a: Zarude|Bulk Up|p1a: Zarude
|-boost|p1a: Zarude|atk|1
|-boost|p1a: Zarude|def|1
|move|p2a: Slowking|Teleport|p2a: Slowking
|
|t:|1607888677
|switch|p2a: Steelix|Steelix, M|16/100|[from]move: Teleport
|
|-heal|p2a: Steelix|22/100|[from] item: Leftovers
|upkeep
|turn|109
|
|t:|1607888682
|switch|p2a: Togekiss|Togekiss, M|100/100
|move|p1a: Zarude|Darkest Lariat|p2a: Togekiss
|-resisted|p2a: Togekiss
|-damage|p2a: Togekiss|75/100
|
|upkeep
|turn|110
|
|t:|1607888689
|switch|p1a: Diancie|Diancie|94/100
|switch|p2a: Steelix|Steelix, M|22/100
|
|-heal|p1a: Diancie|99/100|[from] item: Leftovers
|-heal|p2a: Steelix|28/100|[from] item: Leftovers
|upkeep
|turn|111
|
|t:|1607888715
|switch|p1a: Zarude|Zarude|65/100
|switch|p2a: Slowking|Slowking, M|100/100
|
|upkeep
|turn|112
|inactive|Silvally-Gold has 270 seconds left.
|
|t:|1607888730
|move|p1a: Zarude|Power Whip|p2a: Slowking
|-supereffective|p2a: Slowking
|-damage|p2a: Slowking|9/100
|move|p2a: Slowking|Teleport|p2a: Slowking
|
|t:|1607888733
|switch|p2a: Steelix|Steelix, M|28/100|[from]move: Teleport
|
|-heal|p2a: Steelix|34/100|[from] item: Leftovers
|upkeep
|turn|113
|inactive|Silvally-Gold has 270 seconds left.
|
|t:|1607888741
|switch|p2a: Togekiss|Togekiss, M|75/100
|move|p1a: Zarude|Power Whip|p2a: Togekiss|[miss]
|-miss|p1a: Zarude|p2a: Togekiss
|
|upkeep
|turn|114
|
|t:|1607888745
|switch|p1a: Xurkitree|Xurkitree|76/100
|move|p2a: Togekiss|Air Slash|p1a: Xurkitree
|-resisted|p1a: Xurkitree
|-damage|p1a: Xurkitree|52/100
|
|upkeep
|turn|115
|inactive|Silvally-Gold has 270 seconds left.
|
|t:|1607888756
|switch|p2a: Zarude|Zarude|69/100
|move|p1a: Xurkitree|Energy Ball|p2a: Zarude
|-resisted|p2a: Zarude
|-damage|p2a: Zarude|48/100
|-unboost|p2a: Zarude|spd|1
|
|upkeep
|turn|116
|inactive|Silvally-Gold has 270 seconds left.
|
|t:|1607888772
|switch|p1a: Zarude|Zarude|65/100
|move|p2a: Zarude|Darkest Lariat|p1a: Zarude
|-resisted|p1a: Zarude
|-damage|p1a: Zarude|45/100
|
|upkeep
|turn|117
|
|t:|1607888778
|move|p2a: Zarude|Jungle Healing|p2a: Zarude
|-heal|p2a: Zarude|73/100
|move|p1a: Zarude|Jungle Healing|p1a: Zarude
|-heal|p1a: Zarude|70/100
|
|upkeep
|turn|118
|
|t:|1607888785
|switch|p2a: Togekiss|Togekiss, M|75/100
|switch|p1a: Crobat|Crobat, M|100/100
|
|upkeep
|turn|119
|
|t:|1607888805
|move|p1a: Crobat|U-turn|p2a: Togekiss
|-resisted|p2a: Togekiss
|-damage|p2a: Togekiss|72/100
|
|t:|1607888809
|switch|p1a: Diancie|Diancie|99/100|[from]move: U-turn
|move|p2a: Togekiss|Air Slash|p1a: Diancie
|-resisted|p1a: Diancie
|-damage|p1a: Diancie|90/100
|
|-heal|p1a: Diancie|96/100|[from] item: Leftovers
|upkeep
|turn|120
|
|t:|1607888814
|switch|p2a: Steelix|Steelix, M|34/100
|move|p1a: Diancie|Moonblast|p2a: Steelix
|-resisted|p2a: Steelix
|-damage|p2a: Steelix|18/100
|-unboost|p2a: Steelix|spa|1
|
|-heal|p1a: Diancie|100/100|[from] item: Leftovers
|-heal|p2a: Steelix|25/100|[from] item: Leftovers
|upkeep
|turn|121
|
|t:|1607888829
|switch|p2a: Slowking|Slowking, M|42/100
|move|p1a: Diancie|Body Press|p2a: Slowking
|-resisted|p2a: Slowking
|-damage|p2a: Slowking|33/100
|
|upkeep
|turn|122
|
|t:|1607888834
|switch|p1a: Zarude|Zarude|70/100
|move|p2a: Slowking|Scald|p1a: Zarude
|-resisted|p1a: Zarude
|-damage|p1a: Zarude|56/100
|
|upkeep
|turn|123
|
|t:|1607888843
|switch|p2a: Togekiss|Togekiss, M|72/100
|move|p1a: Zarude|Power Whip|p2a: Togekiss
|-resisted|p2a: Togekiss
|-damage|p2a: Togekiss|47/100
|
|upkeep
|turn|124
|
|t:|1607888849
|switch|p1a: Xurkitree|Xurkitree|52/100
|switch|p2a: Slowking|Slowking, M|66/100
|
|upkeep
|turn|125
|
|t:|1607888857
|switch|p2a: Steelix|Steelix, M|25/100
|move|p1a: Xurkitree|Volt Switch|p2a: Steelix
|-immune|p2a: Steelix
|
|-heal|p2a: Steelix|31/100|[from] item: Leftovers
|upkeep
|turn|126
|
|t:|1607888862
|switch|p1a: Zarude|Zarude|56/100
|move|p2a: Steelix|Stealth Rock|p1a: Zarude
|-sidestart|p1: Silvally-Gold|move: Stealth Rock
|
|-heal|p2a: Steelix|37/100|[from] item: Leftovers
|upkeep
|turn|127
|
|t:|1607888868
|switch|p2a: Regidrago|Regidrago|76/100
|move|p1a: Zarude|Power Whip|p2a: Regidrago
|-resisted|p2a: Regidrago
|-damage|p2a: Regidrago|42/100
|
|upkeep
|turn|128
|
|t:|1607888873
|switch|p2a: Steelix|Steelix, M|37/100
|switch|p1a: Diancie|Diancie|100/100
|-damage|p1a: Diancie|88/100|[from] Stealth Rock
|
|-heal|p1a: Diancie|94/100|[from] item: Leftovers
|-heal|p2a: Steelix|43/100|[from] item: Leftovers
|upkeep
|turn|129
|
|t:|1607888877
|switch|p1a: Zarude|Zarude|56/100
|move|p2a: Steelix|Earthquake|p1a: Zarude
|-resisted|p1a: Zarude
|-crit|p1a: Zarude
|-damage|p1a: Zarude|35/100
|
|-heal|p2a: Steelix|49/100|[from] item: Leftovers
|upkeep
|turn|130
|
|t:|1607888882
|move|p1a: Zarude|Jungle Healing|p1a: Zarude
|-heal|p1a: Zarude|60/100
|move|p2a: Steelix|Head Smash|p1a: Zarude
|-damage|p1a: Zarude|32/100
|
|-heal|p2a: Steelix|56/100|[from] item: Leftovers
|upkeep
|turn|131
|
|t:|1607888892
|switch|p2a: Togekiss|Togekiss, M|47/100
|move|p1a: Zarude|Jungle Healing|p1a: Zarude
|-heal|p1a: Zarude|57/100
|
|upkeep
|turn|132
|
|t:|1607888895
|switch|p1a: Diancie|Diancie|94/100
|-damage|p1a: Diancie|82/100|[from] Stealth Rock
|switch|p2a: Steelix|Steelix, M|56/100
|
|-heal|p1a: Diancie|88/100|[from] item: Leftovers
|-heal|p2a: Steelix|62/100|[from] item: Leftovers
|upkeep
|turn|133
|
|t:|1607888902
|switch|p1a: Slowking|Slowking, M|100/100 par
|move|p2a: Steelix|Earthquake|p1a: Slowking
|-damage|p1a: Slowking|77/100 par
|
|-heal|p2a: Steelix|68/100|[from] item: Leftovers
|upkeep
|turn|134
|
|t:|1607888909
|switch|p2a: Snorlax|Snorlax, M|38/100
|move|p1a: Slowking|Teleport|p1a: Slowking
|
|t:|1607888916
|switch|p1a: Diancie|Diancie|88/100|[from]move: Teleport
|-damage|p1a: Diancie|76/100|[from] Stealth Rock
|
|-heal|p1a: Diancie|82/100|[from] item: Leftovers
|-heal|p2a: Snorlax|44/100|[from] item: Leftovers
|upkeep
|turn|135
|
|t:|1607888922
|switch|p2a: Slowking|Slowking, M|99/100
|move|p1a: Diancie|Body Press|p2a: Slowking
|-resisted|p2a: Slowking
|-damage|p2a: Slowking|91/100
|
|-heal|p1a: Diancie|88/100|[from] item: Leftovers
|upkeep
|turn|136
|
|t:|1607888927
|switch|p1a: Slowking|Slowking, M|100/100 par
|move|p2a: Slowking|Teleport|p2a: Slowking
|
|t:|1607888930
|switch|p2a: Zarude|Zarude|73/100|[from]move: Teleport
|
|upkeep
|turn|137
|
|t:|1607888943
|switch|p1a: Crobat|Crobat, M|100/100
|move|p2a: Zarude|Bulk Up|p2a: Zarude
|-boost|p2a: Zarude|atk|1
|-boost|p2a: Zarude|def|1
|
|upkeep
|turn|138
|
|t:|1607888950
|move|p1a: Crobat|U-turn|p2a: Zarude
|-supereffective|p2a: Zarude
|-damage|p2a: Zarude|34/100
|
|t:|1607888957
|switch|p1a: Zarude|Zarude|57/100|[from]move: U-turn
|move|p2a: Zarude|Darkest Lariat|p1a: Zarude
|-resisted|p1a: Zarude
|-damage|p1a: Zarude|27/100
|
|upkeep
|turn|139
|
|t:|1607888960
|switch|p1a: Crobat|Crobat, M|100/100
|move|p2a: Zarude|Darkest Lariat|p1a: Crobat
|-damage|p1a: Crobat|31/100
|
|upkeep
|turn|140
|
|t:|1607888965
|switch|p2a: Steelix|Steelix, M|68/100
|move|p1a: Crobat|Roost|p1a: Crobat
|-heal|p1a: Crobat|81/100
|-singleturn|p1a: Crobat|move: Roost
|
|-heal|p2a: Steelix|74/100|[from] item: Leftovers
|upkeep
|turn|141
|
|t:|1607888968
|move|p1a: Crobat|U-turn|p2a: Steelix
|-resisted|p2a: Steelix
|-damage|p2a: Steelix|71/100
|
|t:|1607888970
|switch|p1a: Slowking|Slowking, M|100/100 par|[from]move: U-turn
|move|p2a: Steelix|Head Smash|p1a: Slowking
|-damage|p1a: Slowking|80/100 par
|
|-heal|p2a: Steelix|77/100|[from] item: Leftovers
|upkeep
|turn|142
|
|t:|1607888976
|switch|p2a: Togekiss|Togekiss, M|47/100
|cant|p1a: Slowking|par
|
|upkeep
|turn|143
|
|t:|1607888982
|switch|p2a: Steelix|Steelix, M|77/100
|move|p1a: Slowking|Teleport|p1a: Slowking
|
|t:|1607888992
|switch|p1a: Crobat|Crobat, M|81/100|[from]move: Teleport
|
|-heal|p2a: Steelix|83/100|[from] item: Leftovers
|upkeep
|turn|144
|
|t:|1607888996
|move|p1a: Crobat|U-turn|p2a: Steelix
|-resisted|p2a: Steelix
|-damage|p2a: Steelix|80/100
|
|t:|1607888999
|switch|p1a: Slowking|Slowking, M|100/100 par|[from]move: U-turn
|move|p2a: Steelix|Earthquake|p1a: Slowking
|-damage|p1a: Slowking|78/100 par
|
|-heal|p2a: Steelix|86/100|[from] item: Leftovers
|upkeep
|turn|145
|inactive|dhehehdh has 270 seconds left.
|inactive|dhehehdh disconnected and has 300 seconds to reconnect!
|player|p2|
|inactive|dhehehdh reconnected and has 265 seconds left.
|player|p2|dhehehdh|preschoolerf
|c|☆dhehehdh|test
|
|t:|1607889073
|switch|p2a: Slowking|Slowking, M|100/100
|move|p1a: Slowking|Teleport|p1a: Slowking
|
|t:|1607889098
|switch|p1a: Zarude|Zarude|27/100|[from]move: Teleport
|
|upkeep
|turn|146
|
|t:|1607889102
|move|p1a: Zarude|Jungle Healing|p1a: Zarude
|-heal|p1a: Zarude|52/100
|move|p2a: Slowking|Teleport|p2a: Slowking
|
|t:|1607889111
|switch|p2a: Zarude|Zarude|34/100|[from]move: Teleport
|
|upkeep
|turn|147
|
|t:|1607889116
|switch|p1a: Crobat|Crobat, M|81/100
|move|p2a: Zarude|Jungle Healing|p2a: Zarude
|-heal|p2a: Zarude|59/100
|
|upkeep
|turn|148
|
|t:|1607889121
|switch|p2a: Steelix|Steelix, M|86/100
|move|p1a: Crobat|Defog|p2a: Steelix
|-unboost|p2a: Steelix|evasion|1
|-sideend|p1: Silvally-Gold|Stealth Rock|[from] move: Defog|[of] p1a: Crobat
|
|-heal|p2a: Steelix|92/100|[from] item: Leftovers
|upkeep
|turn|149
|
|t:|1607889123
|move|p1a: Crobat|U-turn|p2a: Steelix
|-resisted|p2a: Steelix
|-damage|p2a: Steelix|89/100
|
|t:|1607889127
|switch|p1a: Slowking|Slowking, M|100/100 par|[from]move: U-turn
|move|p2a: Steelix|Stealth Rock|p1a: Slowking
|-sidestart|p1: Silvally-Gold|move: Stealth Rock
|
|-heal|p2a: Steelix|95/100|[from] item: Leftovers
|upkeep
|turn|150
|
|t:|1607889134
|switch|p2a: Zarude|Zarude|59/100
|switch|p1a: Crobat|Crobat, M|81/100
|
|upkeep
|turn|151
|
|t:|1607889143
|switch|p2a: Steelix|Steelix, M|95/100
|move|p1a: Crobat|U-turn|p2a: Steelix
|-resisted|p2a: Steelix
|-damage|p2a: Steelix|91/100
|
|t:|1607889146
|switch|p1a: Slowking|Slowking, M|100/100 par|[from]move: U-turn
|
|-heal|p2a: Steelix|98/100|[from] item: Leftovers
|upkeep
|turn|152
|
|t:|1607889150
|switch|p2a: Zarude|Zarude|59/100
|cant|p1a: Slowking|par
|
|upkeep
|turn|153
|
|t:|1607889155
|switch|p1a: Crobat|Crobat, M|81/100
|move|p2a: Zarude|Jungle Healing|p2a: Zarude
|-heal|p2a: Zarude|85/100
|
|upkeep
|turn|154
|
|t:|1607889160
|switch|p2a: Steelix|Steelix, M|98/100
|move|p1a: Crobat|Defog|p2a: Steelix
|-unboost|p2a: Steelix|evasion|1
|-sideend|p1: Silvally-Gold|Stealth Rock|[from] move: Defog|[of] p1a: Crobat
|
|-heal|p2a: Steelix|100/100|[from] item: Leftovers
|upkeep
|turn|155
|
|t:|1607889163
|move|p1a: Crobat|U-turn|p2a: Steelix
|-resisted|p2a: Steelix
|-damage|p2a: Steelix|97/100
|
|t:|1607889173
|switch|p1a: Diggersby|Diggersby, M|5/100|[from]move: U-turn
|move|p2a: Steelix|Stealth Rock|p1a: Diggersby
|-sidestart|p1: Silvally-Gold|move: Stealth Rock
|
|-heal|p2a: Steelix|100/100|[from] item: Leftovers
|upkeep
|turn|156
|
|t:|1607889182
|switch|p1a: Diancie|Diancie|88/100
|-damage|p1a: Diancie|75/100|[from] Stealth Rock
|switch|p2a: Slowking|Slowking, M|100/100
|
|-heal|p1a: Diancie|81/100|[from] item: Leftovers
|upkeep
|turn|157
|
|t:|1607889191
|switch|p1a: Zarude|Zarude|52/100
|move|p2a: Slowking|Scald|p1a: Zarude
|-resisted|p1a: Zarude
|-damage|p1a: Zarude|39/100
|-status|p1a: Zarude|brn
|
|-damage|p1a: Zarude|33/100 brn|[from] brn
|upkeep
|turn|158
|
|t:|1607889194
|move|p1a: Zarude|Jungle Healing|p1a: Zarude
|-heal|p1a: Zarude|58/100 brn
|-curestatus|p1a: Zarude|brn|[msg]
|move|p2a: Slowking|Teleport|p2a: Slowking
|
|t:|1607889207
|switch|p2a: Togekiss|Togekiss, M|47/100|[from]move: Teleport
|
|upkeep
|turn|159
|
|t:|1607889214
|switch|p1a: Diancie|Diancie|81/100
|-damage|p1a: Diancie|69/100|[from] Stealth Rock
|switch|p2a: Slowking|Slowking, M|100/100
|
|-heal|p1a: Diancie|75/100|[from] item: Leftovers
|upkeep
|turn|160
|
|t:|1607889221
|switch|p1a: Zarude|Zarude|58/100
|move|p2a: Slowking|Scald|p1a: Zarude
|-resisted|p1a: Zarude
|-damage|p1a: Zarude|43/100
|
|upkeep
|turn|161
|
|t:|1607889226
|move|p1a: Zarude|Jungle Healing|p1a: Zarude
|-heal|p1a: Zarude|68/100
|move|p2a: Slowking|Teleport|p2a: Slowking
|
|t:|1607889229
|switch|p2a: Togekiss|Togekiss, M|47/100|[from]move: Teleport
|
|upkeep
|turn|162
|
|t:|1607889231
|switch|p1a: Diancie|Diancie|75/100
|-damage|p1a: Diancie|63/100|[from] Stealth Rock
|switch|p2a: Slowking|Slowking, M|100/100
|
|-heal|p1a: Diancie|69/100|[from] item: Leftovers
|upkeep
|turn|163
|
|t:|1607889238
|switch|p1a: Slowking|Slowking, M|100/100 par
|switch|p2a: Togekiss|Togekiss, M|47/100
|
|upkeep
|turn|164
|
|t:|1607889243
|switch|p2a: Snorlax|Snorlax, M|44/100
|move|p1a: Slowking|Teleport|p1a: Slowking
|
|t:|1607889249
|switch|p1a: Zarude|Zarude|68/100|[from]move: Teleport
|
|-heal|p2a: Snorlax|50/100|[from] item: Leftovers
|upkeep
|turn|165
|inactive|dhehehdh has 270 seconds left.
|inactive|Silvally-Gold has 270 seconds left.
|
|t:|1607889300
|switch|p2a: Togekiss|Togekiss, M|47/100
|move|p1a: Zarude|Power Whip|p2a: Togekiss
|-resisted|p2a: Togekiss
|-damage|p2a: Togekiss|23/100
|
|upkeep
|turn|166
|inactive|dhehehdh has 270 seconds left.
|
|t:|1607889309
|switch|p2a: Zarude|Zarude|85/100
|move|p1a: Zarude|Power Whip|p2a: Zarude
|-resisted|p2a: Zarude
|-damage|p2a: Zarude|59/100
|
|upkeep
|turn|167
|
|t:|1607889322
|switch|p1a: Crobat|Crobat, M|81/100
|switch|p2a: Regidrago|Regidrago|42/100
|
|upkeep
|turn|168
|
|t:|1607889332
|switch|p2a: Slowking|Slowking, M|100/100
|switch|p1a: Diancie|Diancie|69/100
|-damage|p1a: Diancie|57/100|[from] Stealth Rock
|
|-heal|p1a: Diancie|63/100|[from] item: Leftovers
|upkeep
|turn|169
|
|t:|1607889337
|switch|p1a: Zarude|Zarude|68/100
|move|p2a: Slowking|Teleport|p2a: Slowking
|
|t:|1607889340
|switch|p2a: Regidrago|Regidrago|42/100|[from]move: Teleport
|
|upkeep
|turn|170
|
|t:|1607889349
|switch|p2a: Slowking|Slowking, M|100/100
|switch|p1a: Diancie|Diancie|63/100
|-damage|p1a: Diancie|50/100|[from] Stealth Rock
|
|-heal|p1a: Diancie|56/100|[from] item: Leftovers
|upkeep
|turn|171
|
|t:|1607889356
|switch|p1a: Zarude|Zarude|68/100
|move|p2a: Slowking|Scald|p1a: Zarude
|-resisted|p1a: Zarude
|-damage|p1a: Zarude|54/100
|
|upkeep
|turn|172
|
|t:|1607889364
|move|p1a: Zarude|Darkest Lariat|p2a: Slowking
|-supereffective|p2a: Slowking
|-damage|p2a: Slowking|42/100
|move|p2a: Slowking|Teleport|p2a: Slowking
|
|t:|1607889366
|switch|p2a: Regidrago|Regidrago|42/100|[from]move: Teleport
|
|upkeep
|turn|173
|
|t:|1607889372
|switch|p1a: Diancie|Diancie|56/100
|-damage|p1a: Diancie|44/100|[from] Stealth Rock
|move|p2a: Regidrago|Draco Meteor|p1a: Diancie
|-immune|p1a: Diancie
|
|-heal|p1a: Diancie|50/100|[from] item: Leftovers
|upkeep
|turn|174
|
|t:|1607889381
|switch|p2a: Steelix|Steelix, M|100/100
|move|p1a: Diancie|Moonblast|p2a: Steelix
|-resisted|p2a: Steelix
|-damage|p2a: Steelix|84/100
|
|-heal|p1a: Diancie|56/100|[from] item: Leftovers
|-heal|p2a: Steelix|90/100|[from] item: Leftovers
|upkeep
|turn|175
|
|t:|1607889396
|switch|p1a: Zarude|Zarude|54/100
|move|p2a: Steelix|Earthquake|p1a: Zarude
|-resisted|p1a: Zarude
|-damage|p1a: Zarude|39/100
|
|-heal|p2a: Steelix|97/100|[from] item: Leftovers
|upkeep
|turn|176
|
|t:|1607889404
|move|p1a: Zarude|Bulk Up|p1a: Zarude
|-boost|p1a: Zarude|atk|1
|-boost|p1a: Zarude|def|1
|move|p2a: Steelix|Toxic|p1a: Zarude
|-status|p1a: Zarude|tox
|
|-heal|p2a: Steelix|100/100|[from] item: Leftovers
|-damage|p1a: Zarude|33/100 tox|[from] psn
|upkeep
|turn|177
|
|t:|1607889409
|move|p1a: Zarude|Jungle Healing|p1a: Zarude
|-heal|p1a: Zarude|58/100 tox
|-curestatus|p1a: Zarude|tox|[msg]
|move|p2a: Steelix|Toxic|p1a: Zarude
|-status|p1a: Zarude|tox
|
|-damage|p1a: Zarude|52/100 tox|[from] psn
|upkeep
|turn|178
|
|t:|1607889415
|move|p1a: Zarude|Jungle Healing|p1a: Zarude
|-heal|p1a: Zarude|77/100 tox
|-curestatus|p1a: Zarude|tox|[msg]
|move|p2a: Steelix|Head Smash|p1a: Zarude
|-damage|p1a: Zarude|57/100
|
|upkeep
|turn|179
|inactive|Silvally-Gold has 240 seconds left.
|
|t:|1607889422
|move|p1a: Zarude|Power Whip|p2a: Steelix
|-damage|p2a: Steelix|62/100
|move|p2a: Steelix|Toxic|p1a: Zarude
|-status|p1a: Zarude|tox
|
|-heal|p2a: Steelix|68/100|[from] item: Leftovers
|-damage|p1a: Zarude|51/100 tox|[from] psn
|upkeep
|turn|180
|inactive|Silvally-Gold has 240 seconds left.
|
|t:|1607889432
|switch|p2a: Regidrago|Regidrago|42/100
|move|p1a: Zarude|Darkest Lariat|p2a: Regidrago
|-damage|p2a: Regidrago|0 fnt
|faint|p2a: Regidrago
|
|-damage|p1a: Zarude|39/100 tox|[from] psn
|upkeep
|
|t:|1607889434
|switch|p2a: Zarude|Zarude|59/100
|turn|181
|inactive|Silvally-Gold has 240 seconds left.
|c|+Bouff|finally something is dead
|
|t:|1607889450
|move|p2a: Zarude|Jungle Healing|p2a: Zarude
|-heal|p2a: Zarude|84/100
|move|p1a: Zarude|Jungle Healing|p1a: Zarude
|-heal|p1a: Zarude|64/100 tox
|-curestatus|p1a: Zarude|tox|[msg]
|
|upkeep
|turn|182
|
|t:|1607889452
|switch|p1a: Crobat|Crobat, M|81/100
|move|p2a: Zarude|Bulk Up|p2a: Zarude
|-boost|p2a: Zarude|atk|1
|-boost|p2a: Zarude|def|1
|
|upkeep
|turn|183
|c|+mac3|oh you dont win by killing one mon?
|inactive|dhehehdh has 240 seconds left.
|
|t:|1607889465
|move|p1a: Crobat|U-turn|p2a: Zarude
|-supereffective|p2a: Zarude
|-damage|p2a: Zarude|44/100
|inactive|Silvally-Gold has 240 seconds left.
|
|t:|1607889472
|switch|p1a: Diggersby|Diggersby, M|5/100|[from]move: U-turn
|-damage|p1a: Diggersby|0 fnt|[from] Stealth Rock
|faint|p1a: Diggersby
|move|p2a: Zarude|Bulk Up|p2a: Zarude
|-boost|p2a: Zarude|atk|1
|-boost|p2a: Zarude|def|1
|
|upkeep
|
|t:|1607889475
|switch|p1a: Xurkitree|Xurkitree|52/100
|-damage|p1a: Xurkitree|39/100|[from] Stealth Rock
|turn|184
|
|t:|1607889477
|switch|p2a: Steelix|Steelix, M|68/100
|move|p1a: Xurkitree|Dazzling Gleam|p2a: Steelix
|-resisted|p2a: Steelix
|-damage|p2a: Steelix|50/100
|
|-heal|p2a: Steelix|56/100|[from] item: Leftovers
|upkeep
|turn|185
|inactive|dhehehdh has 240 seconds left.
|
|t:|1607889488
|switch|p1a: Slowking|Slowking, M|100/100 par
|switch|p2a: Slowking|Slowking, M|75/100
|
|upkeep
|turn|186
|inactive|Silvally-Gold has 240 seconds left.
|
|t:|1607889499
|move|p2a: Slowking|Teleport|p2a: Slowking
|
|t:|1607889500
|switch|p2a: Togekiss|Togekiss, M|23/100|[from]move: Teleport
|move|p1a: Slowking|Teleport|p1a: Slowking
|inactive|Silvally-Gold has 240 seconds left.
|
|t:|1607889527
|switch|p1a: Zarude|Zarude|64/100|[from]move: Teleport
|
|upkeep
|turn|187
|
|t:|1607889532
|switch|p2a: Steelix|Steelix, M|56/100
|move|p1a: Zarude|Power Whip|p2a: Steelix
|-damage|p2a: Steelix|29/100
|
|-heal|p2a: Steelix|36/100|[from] item: Leftovers
|upkeep
|turn|188
|
|t:|1607889538
|move|p1a: Zarude|Bulk Up|p1a: Zarude
|-boost|p1a: Zarude|atk|1
|-boost|p1a: Zarude|def|1
|move|p2a: Steelix|Toxic|p1a: Zarude
|-status|p1a: Zarude|tox
|
|-heal|p2a: Steelix|42/100|[from] item: Leftovers
|-damage|p1a: Zarude|58/100 tox|[from] psn
|upkeep
|turn|189
|
|t:|1607889544
|move|p1a: Zarude|Bulk Up|p1a: Zarude
|-boost|p1a: Zarude|atk|1
|-boost|p1a: Zarude|def|1
|move|p2a: Steelix|Toxic|p1a: Zarude
|-fail|p1a: Zarude|tox
|
|-heal|p2a: Steelix|48/100|[from] item: Leftovers
|-damage|p1a: Zarude|46/100 tox|[from] psn
|upkeep
|turn|190
|
|t:|1607889549
|move|p1a: Zarude|Jungle Healing|p1a: Zarude
|-heal|p1a: Zarude|71/100 tox
|-curestatus|p1a: Zarude|tox|[msg]
|move|p2a: Steelix|Toxic|p1a: Zarude
|-status|p1a: Zarude|tox
|
|-heal|p2a: Steelix|54/100|[from] item: Leftovers
|-damage|p1a: Zarude|65/100 tox|[from] psn
|upkeep
|turn|191
|
|t:|1607889558
|move|p1a: Zarude|Power Whip|p2a: Steelix|[miss]
|-miss|p1a: Zarude|p2a: Steelix
|move|p2a: Steelix|Toxic|p1a: Zarude
|-fail|p1a: Zarude|tox
|
|-heal|p2a: Steelix|60/100|[from] item: Leftovers
|-damage|p1a: Zarude|53/100 tox|[from] psn
|upkeep
|turn|192
|
|t:|1607889563
|move|p1a: Zarude|Jungle Healing|p1a: Zarude
|-heal|p1a: Zarude|79/100 tox
|-curestatus|p1a: Zarude|tox|[msg]
|move|p2a: Steelix|Toxic|p1a: Zarude
|-status|p1a: Zarude|tox
|
|-heal|p2a: Steelix|67/100|[from] item: Leftovers
|-damage|p1a: Zarude|73/100 tox|[from] psn
|upkeep
|turn|193
|
|t:|1607889568
|move|p1a: Zarude|Darkest Lariat|p2a: Steelix
|-damage|p2a: Steelix|26/100
|move|p2a: Steelix|Toxic|p1a: Zarude|[miss]
|-miss|p2a: Steelix|p1a: Zarude
|
|-heal|p2a: Steelix|32/100|[from] item: Leftovers
|-damage|p1a: Zarude|61/100 tox|[from] psn
|upkeep
|turn|194
|inactive|dhehehdh has 240 seconds left.
|inactive|Silvally-Gold has 210 seconds left.
|
|t:|1607889589
|move|p1a: Zarude|Darkest Lariat|p2a: Steelix
|-damage|p2a: Steelix|0 fnt
|faint|p2a: Steelix
|
|-damage|p1a: Zarude|43/100 tox|[from] psn
|upkeep
|
|t:|1607889596
|switch|p2a: Togekiss|Togekiss, M|23/100
|turn|195
|inactive|Silvally-Gold has 210 seconds left.
|
|t:|1607889608
|move|p1a: Zarude|Darkest Lariat|p2a: Togekiss
|-resisted|p2a: Togekiss
|-damage|p2a: Togekiss|0 fnt
|faint|p2a: Togekiss
|
|-damage|p1a: Zarude|19/100 tox|[from] psn
|upkeep
|
|t:|1607889610
|switch|p2a: Zarude|Zarude|44/100
|turn|196
|inactive|Silvally-Gold has 210 seconds left.
|
|t:|1607889626
|switch|p1a: Crobat|Crobat, M|81/100
|move|p2a: Zarude|Darkest Lariat|p1a: Crobat
|-damage|p1a: Crobat|39/100
|
|upkeep
|turn|197
|
|t:|1607889635
|switch|p2a: Slowking|Slowking, M|100/100
|move|p1a: Crobat|Roost|p1a: Crobat
|-heal|p1a: Crobat|89/100
|-singleturn|p1a: Crobat|move: Roost
|
|upkeep
|turn|198
|
|t:|1607889643
|move|p1a: Crobat|Defog|p2a: Slowking
|-unboost|p2a: Slowking|evasion|1
|-sideend|p1: Silvally-Gold|Stealth Rock|[from] move: Defog|[of] p1a: Crobat
|move|p2a: Slowking|Teleport|p2a: Slowking
|
|t:|1607889645
|switch|p2a: Snorlax|Snorlax, M|50/100|[from]move: Teleport
|
|-heal|p2a: Snorlax|56/100|[from] item: Leftovers
|upkeep
|turn|199
|inactive|dhehehdh has 210 seconds left.
|
|t:|1607889669
|move|p1a: Crobat|U-turn|p2a: Snorlax
|-damage|p2a: Snorlax|43/100
|
|t:|1607889672
|switch|p1a: Diancie|Diancie|56/100|[from]move: U-turn
|move|p2a: Snorlax|Curse|p2a: Snorlax
|-unboost|p2a: Snorlax|spe|1
|-boost|p2a: Snorlax|atk|1
|-boost|p2a: Snorlax|def|1
|
|-heal|p1a: Diancie|62/100|[from] item: Leftovers
|-heal|p2a: Snorlax|49/100|[from] item: Leftovers
|upkeep
|turn|200
|inactive|dhehehdh has 180 seconds left.
|
|t:|1607889725
|move|p1a: Diancie|Diamond Storm|p2a: Snorlax
|-damage|p2a: Snorlax|26/100
|move|p2a: Snorlax|Earthquake|p1a: Diancie
|-supereffective|p1a: Diancie
|-damage|p1a: Diancie|0 fnt
|faint|p1a: Diancie
|
|-heal|p2a: Snorlax|32/100|[from] item: Leftovers
|upkeep
|
|t:|1607889732
|switch|p1a: Xurkitree|Xurkitree|39/100
|turn|201
|
|t:|1607889747
|move|p1a: Xurkitree|Thunderbolt|p2a: Snorlax
|-damage|p2a: Snorlax|5/100
|move|p2a: Snorlax|Rest|p2a: Snorlax
|-status|p2a: Snorlax|slp|[from] move: Rest
|-heal|p2a: Snorlax|100/100 slp|[silent]
|
|upkeep
|turn|202
|
|t:|1607889752
|switch|p1a: Zarude|Zarude|19/100 tox
|cant|p2a: Snorlax|slp
|
|-damage|p1a: Zarude|13/100 tox|[from] psn
|upkeep
|turn|203
|
|t:|1607889756
|move|p1a: Zarude|Jungle Healing|p1a: Zarude
|-heal|p1a: Zarude|38/100 tox
|-curestatus|p1a: Zarude|tox|[msg]
|cant|p2a: Snorlax|slp
|
|upkeep
|turn|204
|
|t:|1607889758
|move|p1a: Zarude|Bulk Up|p1a: Zarude
|-boost|p1a: Zarude|atk|1
|-boost|p1a: Zarude|def|1
|-curestatus|p2a: Snorlax|slp|[msg]
|move|p2a: Snorlax|Body Slam|p1a: Zarude
|-damage|p1a: Zarude|8/100
|
|upkeep
|turn|205
|
|t:|1607889766
|move|p1a: Zarude|Jungle Healing|p1a: Zarude
|-heal|p1a: Zarude|33/100
|move|p2a: Snorlax|Body Slam|p1a: Zarude
|-damage|p1a: Zarude|1/100
|
|upkeep
|turn|206
|inactive|Silvally-Gold has 180 seconds left.
|
|t:|1607889800
|move|p1a: Zarude|Darkest Lariat|p2a: Snorlax
|-damage|p2a: Snorlax|45/100
|move|p2a: Snorlax|Body Slam|p1a: Zarude
|-damage|p1a: Zarude|0 fnt
|faint|p1a: Zarude
|
|-heal|p2a: Snorlax|51/100|[from] item: Leftovers
|upkeep
|
|t:|1607889805
|switch|p1a: Xurkitree|Xurkitree|39/100
|turn|207
|
|t:|1607889812
|move|p1a: Xurkitree|Volt Switch|p2a: Snorlax
|-crit|p2a: Snorlax
|-damage|p2a: Snorlax|19/100
|
|t:|1607889815
|switch|p1a: Crobat|Crobat, M|89/100|[from]move: Volt Switch
|move|p2a: Snorlax|Rest|p2a: Snorlax
|-status|p2a: Snorlax|slp|[from] move: Rest
|-heal|p2a: Snorlax|100/100 slp|[silent]
|
|upkeep
|turn|208
|
|t:|1607889822
|move|p1a: Crobat|Brave Bird|p2a: Snorlax
|-damage|p2a: Snorlax|78/100 slp
|-damage|p1a: Crobat|78/100|[from] Recoil
|cant|p2a: Snorlax|slp
|
|-heal|p2a: Snorlax|84/100 slp|[from] item: Leftovers
|upkeep
|turn|209
|
|t:|1607889824
|move|p1a: Crobat|Brave Bird|p2a: Snorlax
|-damage|p2a: Snorlax|63/100 slp
|-damage|p1a: Crobat|68/100|[from] Recoil
|cant|p2a: Snorlax|slp
|
|-heal|p2a: Snorlax|69/100 slp|[from] item: Leftovers
|upkeep
|turn|210
|
|t:|1607889827
|move|p1a: Crobat|Brave Bird|p2a: Snorlax
|-damage|p2a: Snorlax|44/100 slp
|-damage|p1a: Crobat|57/100|[from] Recoil
|-curestatus|p2a: Snorlax|slp|[msg]
|move|p2a: Snorlax|Curse|p2a: Snorlax
|-unboost|p2a: Snorlax|spe|1
|-boost|p2a: Snorlax|atk|1
|-boost|p2a: Snorlax|def|1
|
|-heal|p2a: Snorlax|50/100|[from] item: Leftovers
|upkeep
|turn|211
|
|t:|1607889834
|move|p1a: Crobat|Brave Bird|p2a: Snorlax
|-damage|p2a: Snorlax|33/100
|-damage|p1a: Crobat|48/100|[from] Recoil
|move|p2a: Snorlax|Rest|p2a: Snorlax
|-status|p2a: Snorlax|slp|[from] move: Rest
|-heal|p2a: Snorlax|100/100 slp|[silent]
|
|upkeep
|turn|212
|
|t:|1607889838
|move|p1a: Crobat|Brave Bird|p2a: Snorlax
|-damage|p2a: Snorlax|84/100 slp
|-damage|p1a: Crobat|41/100|[from] Recoil
|cant|p2a: Snorlax|slp
|
|-heal|p2a: Snorlax|91/100 slp|[from] item: Leftovers
|upkeep
|turn|213
|
|t:|1607889840
|move|p1a: Crobat|Brave Bird|p2a: Snorlax
|-damage|p2a: Snorlax|73/100 slp
|-damage|p1a: Crobat|33/100|[from] Recoil
|cant|p2a: Snorlax|slp
|
|-heal|p2a: Snorlax|80/100 slp|[from] item: Leftovers
|upkeep
|turn|214
|
|t:|1607889841
|move|p1a: Crobat|Brave Bird|p2a: Snorlax
|-damage|p2a: Snorlax|63/100 slp
|-damage|p1a: Crobat|25/100|[from] Recoil
|-curestatus|p2a: Snorlax|slp|[msg]
|move|p2a: Snorlax|Body Slam|p1a: Crobat
|-damage|p1a: Crobat|0 fnt
|faint|p1a: Crobat
|
|-heal|p2a: Snorlax|69/100|[from] item: Leftovers
|upkeep
|
|t:|1607889849
|switch|p1a: Xurkitree|Xurkitree|39/100
|turn|215
|
|t:|1607889851
|move|p1a: Xurkitree|Volt Switch|p2a: Snorlax
|-damage|p2a: Snorlax|50/100
|
|t:|1607889855
|switch|p1a: Slowking|Slowking, M|100/100 par|[from]move: Volt Switch
|move|p2a: Snorlax|Body Slam|p1a: Slowking
|-damage|p1a: Slowking|51/100 par
|
|-heal|p2a: Snorlax|56/100|[from] item: Leftovers
|upkeep
|turn|216
|
|t:|1607889858
|move|p2a: Snorlax|Body Slam|p1a: Slowking
|-damage|p1a: Slowking|4/100 par
|cant|p1a: Slowking|par
|
|-heal|p2a: Snorlax|62/100|[from] item: Leftovers
|upkeep
|turn|217
|
|t:|1607889862
|move|p2a: Snorlax|Body Slam|p1a: Slowking
|-damage|p1a: Slowking|0 fnt
|faint|p1a: Slowking
|
|-heal|p2a: Snorlax|68/100|[from] item: Leftovers
|upkeep
|
|t:|1607889864
|switch|p1a: Xurkitree|Xurkitree|39/100
|turn|218
|c|☆Silvally-Gold|ggs
|
|t:|1607889868
|move|p1a: Xurkitree|Thunderbolt|p2a: Snorlax
|-damage|p2a: Snorlax|42/100
|move|p2a: Snorlax|Body Slam|p1a: Xurkitree
|-damage|p1a: Xurkitree|0 fnt
|faint|p1a: Xurkitree
|
|win|dhehehdh
