|inactive|Battle timer is ON: inactive players will automatically lose when time's up.
|t:|1659296471
|gametype|singles
|player|p1|Expulso|#smpl2022wailordoftherings|
|player|p2|pop smoke|lyra|
|teamsize|p1|6
|teamsize|p2|6
|gen|8
|tier|[Gen 8] RU
|rule|Sleep Clause Mod: Limit one foe put to sleep
|rule|Species Clause: Limit one of each Pokémon
|rule|OHKO Clause: OHKO moves are banned
|rule|Evasion Moves Clause: Evasion moves are banned
|rule|Endless Battle Clause: Forcing endless battles is banned
|rule|HP Percentage Mod: HP is shown in percentages
|rule|Dynamax Clause: You cannot dynamax
|clearpoke
|poke|p1|Crobat, F|
|poke|p1|Heliolisk, F|
|poke|p1|Escavalier, F|
|poke|p1|Nidoqueen, F|
|poke|p1|Vaporeon, M|
|poke|p1|Archeops, M|
|poke|p2|Suicune|
|poke|p2|Togekiss, M|
|poke|p2|Registeel|
|poke|p2|Dhelmise|
|poke|p2|Flygon, M|
|poke|p2|Pangoro, M|
|teampreview
|inactive|pop smoke also wants the timer to be on.
|c|☆Expulso|Hf
|c|☆pop smoke|hf
|raw|<div class="broadcast-red"><strong>Moderated chat was set to ☆!</strong><br />Only users of rank ☆ and higher can talk.</div>
|inactive|pop smoke has 270 seconds left.
|inactive|pop smoke has 240 seconds left.
|
|t:|1659296537
|start
|switch|p1a: Escavalier|Escavalier, F|100/100
|switch|p2a: Flygon|Flygon, M|100/100
|turn|1
|inactive|pop smoke has 270 seconds left.
|
|t:|1659296582
|move|p2a: Flygon|U-turn|p1a: Escavalier
|-resisted|p1a: Escavalier
|-damage|p1a: Escavalier|92/100
|
|t:|1659296601
|switch|p2a: Registeel|Registeel|100/100|[from]move: U-turn
|move|p1a: Escavalier|Iron Head|p2a: Registeel
|-resisted|p2a: Registeel
|-damage|p2a: Registeel|90/100
|
|-heal|p2a: Registeel|96/100|[from] item: Leftovers
|-heal|p1a: Escavalier|98/100|[from] item: Leftovers
|upkeep
|turn|2
|
|t:|1659296611
|move|p2a: Registeel|Stealth Rock|p1a: Escavalier
|-sidestart|p1: Expulso|move: Stealth Rock
|move|p1a: Escavalier|Knock Off|p2a: Registeel
|-damage|p2a: Registeel|79/100
|-enditem|p2a: Registeel|Leftovers|[from] move: Knock Off|[of] p1a: Escavalier
|
|-heal|p1a: Escavalier|100/100|[from] item: Leftovers
|upkeep
|turn|3
|inactive|pop smoke has 240 seconds left.
|
|t:|1659296629
|move|p2a: Registeel|Body Press|p1a: Escavalier
|-damage|p1a: Escavalier|67/100
|move|p1a: Escavalier|Megahorn|p2a: Registeel
|-resisted|p2a: Registeel
|-damage|p2a: Registeel|64/100
|
|-heal|p1a: Escavalier|73/100|[from] item: Leftovers
|upkeep
|turn|4
|
|t:|1659296642
|switch|p1a: Crobat|Crobat, F|100/100
|move|p2a: Registeel|Heavy Slam|p1a: Crobat
|-crit|p1a: Crobat
|-damage|p1a: Crobat|76/100
|
|upkeep
|turn|5
|inactive|pop smoke has 240 seconds left.
|
|t:|1659296676
|switch|p2a: Togekiss|Togekiss, M|100/100
|move|p1a: Crobat|U-turn|p2a: Togekiss
|-resisted|p2a: Togekiss
|-damage|p2a: Togekiss|97/100
|
|t:|1659296684
|switch|p1a: oppa stoppa|Archeops, M|100/100|[from]move: U-turn
|
|upkeep
|turn|6
|
|t:|1659296694
|switch|p2a: Flygon|Flygon, M|100/100
|move|p1a: oppa stoppa|Knock Off|p2a: Flygon
|-damage|p2a: Flygon|54/100
|-enditem|p2a: Flygon|Choice Scarf|[from] move: Knock Off|[of] p1a: oppa stoppa
|
|upkeep
|turn|7
|inactive|pop smoke has 210 seconds left.
|
|t:|1659296725
|move|p1a: oppa stoppa|U-turn|p2a: Flygon
|-damage|p2a: Flygon|17/100
|
|t:|1659296738
|switch|p1a: Crobat|Crobat, F|76/100|[from]move: U-turn
|move|p2a: Flygon|U-turn|p1a: Crobat
|-resisted|p1a: Crobat
|-damage|p1a: Crobat|70/100
|inactive|pop smoke has 210 seconds left.
|inactive|pop smoke has 180 seconds left.
|
|t:|1659296795
|switch|p2a: Dhelmise|Dhelmise|100/100|[from]move: U-turn
|
|upkeep
|turn|8
|inactive|Expulso has 270 seconds left.
|
|t:|1659296828
|move|p1a: Crobat|U-turn|p2a: Dhelmise
|-damage|p2a: Dhelmise|86/100
|
|t:|1659296831
|switch|p1a: Nidoqueen|Nidoqueen, F|100/100|[from]move: U-turn
|-damage|p1a: Nidoqueen|94/100|[from] Stealth Rock
|move|p2a: Dhelmise|Poltergeist|p1a: Nidoqueen
|-activate|p1a: Nidoqueen|move: Poltergeist|Black Sludge
|-damage|p1a: Nidoqueen|35/100
|
|-heal|p1a: Nidoqueen|41/100|[from] item: Black Sludge
|upkeep
|turn|9
|inactive|Expulso has 270 seconds left.
|inactive|pop smoke has 180 seconds left.
|
|t:|1659296850
|move|p1a: Nidoqueen|Ice Beam|p2a: Dhelmise
|-supereffective|p2a: Dhelmise
|-damage|p2a: Dhelmise|33/100
|move|p2a: Dhelmise|Poltergeist|p1a: Nidoqueen
|-activate|p1a: Nidoqueen|move: Poltergeist|Black Sludge
|-damage|p1a: Nidoqueen|0 fnt
|faint|p1a: Nidoqueen
|
|upkeep
|inactive|Expulso has 240 seconds left.
|
|t:|1659296886
|switch|p1a: Crobat|Crobat, F|70/100
|turn|10
|inactive|pop smoke has 180 seconds left.
|
|t:|1659296899
|switch|p2a: Togekiss|Togekiss, M|97/100
|move|p1a: Crobat|Brave Bird|p2a: Togekiss
|-damage|p2a: Togekiss|59/100
|-damage|p1a: Crobat|58/100|[from] Recoil
|
|upkeep
|turn|11
|inactive|Expulso has 240 seconds left.
|
|t:|1659296933
|switch|p1a: oppa stoppa|Archeops, M|100/100
|move|p2a: Togekiss|Roost|p2a: Togekiss
|-heal|p2a: Togekiss|100/100
|-singleturn|p2a: Togekiss|move: Roost
|
|upkeep
|turn|12
|
|t:|1659296950
|switch|p2a: Registeel|Registeel|64/100
|move|p1a: oppa stoppa|U-turn|p2a: Registeel
|-resisted|p2a: Registeel
|-damage|p2a: Registeel|57/100
|inactive|Expulso has 210 seconds left.
|inactive|Expulso has 180 seconds left.
|
|t:|1659297003
|switch|p1a: Vaporeon|Vaporeon, M|100/100|[from]move: U-turn
|-damage|p1a: Vaporeon|88/100|[from] Stealth Rock
|
|-heal|p1a: Vaporeon|94/100|[from] item: Leftovers
|upkeep
|turn|13
|inactive|Expulso has 180 seconds left.
|
|t:|1659297015
|move|p1a: Vaporeon|Wish|p1a: Vaporeon
|move|p2a: Registeel|Toxic|p1a: Vaporeon
|-status|p1a: Vaporeon|tox
|
|-heal|p1a: Vaporeon|100/100 tox|[from] item: Leftovers
|-damage|p1a: Vaporeon|94/100 tox|[from] psn
|upkeep
|turn|14
|inactive|Expulso has 180 seconds left.
|
|t:|1659297026
|switch|p1a: Crobat|Crobat, F|58/100
|switch|p2a: Togekiss|Togekiss, M|100/100
|
|-heal|p1a: Crobat|100/100|[from] move: Wish|[wisher] Vaporeon
|upkeep
|turn|15
|inactive|Expulso has 180 seconds left.
|
|t:|1659297033
|move|p1a: Crobat|Defog|p2a: Togekiss
|-unboost|p2a: Togekiss|evasion|1
|-sideend|p1: Expulso|Stealth Rock|[from] move: Defog|[of] p1a: Crobat
|move|p2a: Togekiss|Air Slash|p1a: Crobat
|-damage|p1a: Crobat|67/100
|
|upkeep
|turn|16
|
|t:|1659297040
|move|p1a: Crobat|U-turn|p2a: Togekiss
|-resisted|p2a: Togekiss
|-damage|p2a: Togekiss|97/100
|
|t:|1659297041
|switch|p1a: oppa stoppa|Archeops, M|100/100|[from]move: U-turn
|move|p2a: Togekiss|Air Slash|p1a: oppa stoppa
|-resisted|p1a: oppa stoppa
|-damage|p1a: oppa stoppa|74/100
|
|upkeep
|turn|17
|inactive|pop smoke has 210 seconds left.
|
|t:|1659297083
|switch|p2a: Registeel|Registeel|57/100
|move|p1a: oppa stoppa|Stone Edge|p2a: Registeel|[miss]
|-miss|p1a: oppa stoppa|p2a: Registeel
|
|upkeep
|turn|18
|
|t:|1659297091
|move|p1a: oppa stoppa|U-turn|p2a: Registeel
|-resisted|p2a: Registeel
|-damage|p2a: Registeel|50/100
|
|t:|1659297095
|switch|p1a: Crobat|Crobat, F|67/100|[from]move: U-turn
|move|p2a: Registeel|Stealth Rock|p1a: Crobat
|-sidestart|p1: Expulso|move: Stealth Rock
|
|upkeep
|turn|19
|inactive|Expulso has 210 seconds left.
|
|t:|1659297116
|switch|p2a: Suicune|Suicune|100/100
|-ability|p2a: Suicune|Pressure
|move|p1a: Crobat|Roost|p1a: Crobat
|-heal|p1a: Crobat|100/100
|-singleturn|p1a: Crobat|move: Roost
|
|upkeep
|turn|20
|inactive|Expulso has 210 seconds left.
|
|t:|1659297127
|move|p1a: Crobat|U-turn|p2a: Suicune
|-damage|p2a: Suicune|90/100
|
|t:|1659297131
|switch|p1a: Vaporeon|Vaporeon, M|94/100 tox|[from]move: U-turn
|-damage|p1a: Vaporeon|82/100 tox|[from] Stealth Rock
|move|p2a: Suicune|Scald|p1a: Vaporeon
|-heal|p1a: Vaporeon|100/100 tox|[from] ability: Water Absorb|[of] p2a: Suicune
|
|-heal|p2a: Suicune|96/100|[from] item: Leftovers
|-damage|p1a: Vaporeon|94/100 tox|[from] psn
|upkeep
|turn|21
|inactive|Expulso has 210 seconds left.
|
|t:|1659297157
|switch|p2a: Dhelmise|Dhelmise|33/100
|move|p1a: Vaporeon|Wish|p1a: Vaporeon
|
|-heal|p1a: Vaporeon|100/100 tox|[from] item: Leftovers
|-damage|p1a: Vaporeon|88/100 tox|[from] psn
|upkeep
|turn|22
|
|t:|1659297163
|switch|p1a: Escavalier|Escavalier, F|73/100
|-damage|p1a: Escavalier|61/100|[from] Stealth Rock
|move|p2a: Dhelmise|Synthesis|p2a: Dhelmise
|-heal|p2a: Dhelmise|83/100
|
|-heal|p1a: Escavalier|100/100|[from] move: Wish|[wisher] Vaporeon
|upkeep
|turn|23
|inactive|Expulso has 210 seconds left.
|inactive|pop smoke has 210 seconds left.
|inactive|Expulso disconnected and has 300 seconds to reconnect!
|player|p1|
|
|t:|1659297195
|switch|p2a: Registeel|Registeel|50/100
|move|p1a: Escavalier|Megahorn|p2a: Registeel
|-resisted|p2a: Registeel
|-damage|p2a: Registeel|36/100
|
|upkeep
|turn|24
|inactive|Expulso reconnected and has 210 seconds left.
|player|p1|Expulso|#smpl2022wailordoftherings
|
|t:|1659297203
|switch|p1a: Crobat|Crobat, F|100/100
|move|p2a: Registeel|Body Press|p1a: Crobat
|-resisted|p1a: Crobat
|-damage|p1a: Crobat|92/100
|
|upkeep
|turn|25
|inactive|Expulso has 210 seconds left.
|
|t:|1659297211
|switch|p2a: Togekiss|Togekiss, M|97/100
|move|p1a: Crobat|Defog|p2a: Togekiss
|-unboost|p2a: Togekiss|evasion|1
|-sideend|p1: Expulso|Stealth Rock|[from] move: Defog|[of] p1a: Crobat
|
|upkeep
|turn|26
|inactive|Expulso has 210 seconds left.
|
|t:|1659297223
|move|p1a: Crobat|U-turn|p2a: Togekiss
|-resisted|p2a: Togekiss
|-damage|p2a: Togekiss|94/100
|
|t:|1659297226
|switch|p1a: oppa stoppa|Archeops, M|74/100|[from]move: U-turn
|move|p2a: Togekiss|Air Slash|p1a: oppa stoppa
|-resisted|p1a: oppa stoppa
|-damage|p1a: oppa stoppa|49/100
|
|upkeep
|turn|27
|inactive|pop smoke has 210 seconds left.
|
|t:|1659297241
|switch|p2a: Pangoro|Pangoro, M|100/100
|move|p1a: oppa stoppa|Roost|p1a: oppa stoppa
|-heal|p1a: oppa stoppa|99/100
|-singleturn|p1a: oppa stoppa|move: Roost
|
|upkeep
|turn|28
|inactive|pop smoke has 210 seconds left.
|
|t:|1659297249
|move|p1a: oppa stoppa|U-turn|p2a: Pangoro
|-damage|p2a: Pangoro|70/100
|
|t:|1659297257
|switch|p1a: Vaporeon|Vaporeon, M|88/100 tox|[from]move: U-turn
|move|p2a: Pangoro|Swords Dance|p2a: Pangoro
|-boost|p2a: Pangoro|atk|2
|
|-heal|p1a: Vaporeon|94/100 tox|[from] item: Leftovers
|-damage|p1a: Vaporeon|88/100 tox|[from] psn
|upkeep
|turn|29
|
|t:|1659297267
|move|p2a: Pangoro|Knock Off|p1a: Vaporeon
|-damage|p1a: Vaporeon|9/100 tox
|-enditem|p1a: Vaporeon|Leftovers|[from] move: Knock Off|[of] p2a: Pangoro
|move|p1a: Vaporeon|Scald|p2a: Pangoro
|-damage|p2a: Pangoro|28/100
|-status|p2a: Pangoro|brn
|
|-damage|p1a: Vaporeon|0 fnt|[from] psn
|faint|p1a: Vaporeon
|-damage|p2a: Pangoro|22/100 brn|[from] brn
|upkeep
|
|t:|1659297290
|switch|p1a: oppa stoppa|Archeops, M|99/100
|turn|30
|
|t:|1659297308
|move|p2a: Pangoro|Bullet Punch|p1a: oppa stoppa
|-supereffective|p1a: oppa stoppa
|-damage|p1a: oppa stoppa|40/100
|move|p1a: oppa stoppa|U-turn|p2a: Pangoro
|-damage|p2a: Pangoro|7/100 brn
|
|t:|1659297318
|switch|p1a: Crobat|Crobat, F|92/100|[from]move: U-turn
|
|-damage|p2a: Pangoro|1/100 brn|[from] brn
|upkeep
|turn|31
|inactive|pop smoke has 210 seconds left.
|c|☆Expulso|Test
|
|t:|1659297365
|move|p2a: Pangoro|Bullet Punch|p1a: Crobat
|-damage|p1a: Crobat|75/100
|move|p1a: Crobat|U-turn|p2a: Pangoro
|-damage|p2a: Pangoro|0 fnt
|faint|p2a: Pangoro
|inactive|Expulso disconnected and has 300 seconds to reconnect!
|player|p1|
|inactive|Expulso reconnected and has 235 seconds left.
|player|p1|Expulso|#smpl2022wailordoftherings
|
|t:|1659297384
|switch|p1a: Escavalier|Escavalier, F|100/100|[from]move: U-turn
|
|upkeep
|inactive|pop smoke has 180 seconds left.
|inactive|pop smoke has 150 seconds left.
|
|t:|1659297436
|switch|p2a: Togekiss|Togekiss, M|94/100
|turn|32
|inactive|Expulso has 240 seconds left.
|inactive|pop smoke has 150 seconds left.
|inactive|Expulso disconnected and has 290 seconds to reconnect!
|player|p1|
|inactive|Expulso has 270 seconds to reconnect!
|inactive|Expulso reconnected and has 235 seconds left.
|player|p1|Expulso|#smpl2022wailordoftherings
|c|☆Expulso|Sry
|
|t:|1659297496
|move|p2a: Togekiss|Air Slash|p1a: Escavalier
|-damage|p1a: Escavalier|72/100
|cant|p1a: Escavalier|flinch
|
|-heal|p1a: Escavalier|78/100|[from] item: Leftovers
|upkeep
|turn|33
|
|t:|1659297500
|switch|p1a: oppa stoppa|Archeops, M|40/100
|move|p2a: Togekiss|Air Slash|p1a: oppa stoppa
|-resisted|p1a: oppa stoppa
|-damage|p1a: oppa stoppa|14/100
|
|upkeep
|turn|34
|
|t:|1659297514
|switch|p2a: Suicune|Suicune|96/100
|-ability|p2a: Suicune|Pressure
|move|p1a: oppa stoppa|Roost|p1a: oppa stoppa
|-heal|p1a: oppa stoppa|64/100
|-singleturn|p1a: oppa stoppa|move: Roost
|
|-heal|p2a: Suicune|100/100|[from] item: Leftovers
|upkeep
|turn|35
|inactive|Expulso has 240 seconds left.
|
|t:|1659297536
|move|p1a: oppa stoppa|U-turn|p2a: Suicune
|-damage|p2a: Suicune|82/100
|
|t:|1659297538
|switch|p1a: Escavalier|Escavalier, F|78/100|[from]move: U-turn
|move|p2a: Suicune|Ice Beam|p1a: Escavalier
|-resisted|p1a: Escavalier
|-damage|p1a: Escavalier|68/100
|
|-heal|p2a: Suicune|88/100|[from] item: Leftovers
|-heal|p1a: Escavalier|74/100|[from] item: Leftovers
|upkeep
|turn|36
|inactive|Expulso has 240 seconds left.
|inactive|pop smoke has 150 seconds left.
|
|t:|1659297560
|move|p2a: Suicune|Scald|p1a: Escavalier
|-damage|p1a: Escavalier|50/100
|move|p1a: Escavalier|Knock Off|p2a: Suicune
|-damage|p2a: Suicune|64/100
|-enditem|p2a: Suicune|Leftovers|[from] move: Knock Off|[of] p1a: Escavalier
|
|-heal|p1a: Escavalier|56/100|[from] item: Leftovers
|upkeep
|turn|37
|inactive|pop smoke has 150 seconds left.
|
|t:|1659297577
|switch|p1a: Heliolisk|Heliolisk, F|100/100
|move|p2a: Suicune|Scald|p1a: Heliolisk
|-immune|p1a: Heliolisk|[from] ability: Dry Skin
|
|upkeep
|turn|38
|inactive|pop smoke has 150 seconds left.
|
|t:|1659297595
|switch|p2a: Flygon|Flygon, M|17/100
|move|p1a: Heliolisk|U-turn|p2a: Flygon
|-damage|p2a: Flygon|5/100
|
|t:|1659297613
|switch|p1a: oppa stoppa|Archeops, M|64/100|[from]move: U-turn
|
|upkeep
|turn|39
|inactive|pop smoke has 150 seconds left.
|inactive|pop smoke has 120 seconds left.
|
|t:|1659297663
|switch|p2a: Togekiss|Togekiss, M|94/100
|move|p1a: oppa stoppa|U-turn|p2a: Togekiss
|-resisted|p2a: Togekiss
|-damage|p2a: Togekiss|88/100
|
|t:|1659297667
|switch|p1a: Heliolisk|Heliolisk, F|100/100|[from]move: U-turn
|
|upkeep
|turn|40
|
|t:|1659297683
|move|p1a: Heliolisk|U-turn|p2a: Togekiss
|-resisted|p2a: Togekiss
|-damage|p2a: Togekiss|86/100
|
|t:|1659297685
|switch|p1a: oppa stoppa|Archeops, M|64/100|[from]move: U-turn
|move|p2a: Togekiss|Air Slash|p1a: oppa stoppa
|-resisted|p1a: oppa stoppa
|-damage|p1a: oppa stoppa|39/100
|
|upkeep
|turn|41
|inactive|pop smoke has 120 seconds left.
|inactive|pop smoke has 90 seconds left.
|
|t:|1659297756
|switch|p2a: Dhelmise|Dhelmise|83/100
|move|p1a: oppa stoppa|Roost|p1a: oppa stoppa
|-heal|p1a: oppa stoppa|89/100
|-singleturn|p1a: oppa stoppa|move: Roost
|
|upkeep
|turn|42
|inactive|Expulso has 210 seconds left.
|inactive|Expulso disconnected and has 260 seconds to reconnect!
|player|p1|
|inactive|Expulso reconnected and has 190 seconds left.
|player|p1|Expulso|#smpl2022wailordoftherings
|
|t:|1659297821
|move|p1a: oppa stoppa|Knock Off|p2a: Dhelmise
|-supereffective|p2a: Dhelmise
|-damage|p2a: Dhelmise|5/100
|-enditem|p2a: Dhelmise|Heavy-Duty Boots|[from] move: Knock Off|[of] p1a: oppa stoppa
|move|p2a: Dhelmise|Poltergeist|p1a: oppa stoppa
|-activate|p1a: oppa stoppa|move: Poltergeist|Heavy-Duty Boots
|-damage|p1a: oppa stoppa|0 fnt
|faint|p1a: oppa stoppa
|
|upkeep
|inactive|Expulso has 180 seconds left.
|
|t:|1659297837
|switch|p1a: Heliolisk|Heliolisk, F|100/100
|turn|43
|inactive|Expulso has 180 seconds left.
|inactive|pop smoke has 90 seconds left.
|
|t:|1659297848
|switch|p2a: Flygon|Flygon, M|5/100
|move|p1a: Heliolisk|Surf|p2a: Flygon
|-damage|p2a: Flygon|0 fnt
|faint|p2a: Flygon
|
|upkeep
|
|t:|1659297850
|switch|p2a: Registeel|Registeel|36/100
|turn|44
|inactive|Expulso has 180 seconds left.
|inactive|Expulso has 150 seconds left.
|inactive|Expulso disconnected and has 250 seconds to reconnect!
|player|p1|
|inactive|Expulso has 240 seconds to reconnect!
|inactive|Expulso reconnected and has 150 seconds left.
|player|p1|Expulso|#smpl2022wailordoftherings
|
|t:|1659297947
|move|p1a: Heliolisk|U-turn|p2a: Registeel
|-resisted|p2a: Registeel
|-damage|p2a: Registeel|33/100
|
|t:|1659297950
|switch|p1a: Crobat|Crobat, F|75/100|[from]move: U-turn
|move|p2a: Registeel|Body Press|p1a: Crobat
|-resisted|p1a: Crobat
|-damage|p1a: Crobat|66/100
|
|upkeep
|turn|45
|inactive|Expulso has 120 seconds left.
|inactive|pop smoke has 90 seconds left.
|inactive|pop smoke has 60 seconds left.
|
|t:|1659298017
|move|p1a: Crobat|Brave Bird|p2a: Registeel
|-resisted|p2a: Registeel
|-damage|p2a: Registeel|24/100
|-damage|p1a: Crobat|63/100|[from] Recoil
|move|p2a: Registeel|Stealth Rock|p1a: Crobat
|-sidestart|p1: Expulso|move: Stealth Rock
|
|upkeep
|turn|46
|inactive|Expulso has 120 seconds left.
|inactive|Expulso has 90 seconds left.
|
|t:|1659298071
|switch|p2a: Togekiss|Togekiss, M|86/100
|move|p1a: Crobat|Brave Bird|p2a: Togekiss
|-damage|p2a: Togekiss|49/100
|-damage|p1a: Crobat|50/100|[from] Recoil
|
|upkeep
|turn|47
|
|t:|1659298088
|move|p1a: Crobat|U-turn|p2a: Togekiss
|-resisted|p2a: Togekiss
|-damage|p2a: Togekiss|46/100
|
|t:|1659298092
|switch|p1a: Heliolisk|Heliolisk, F|100/100|[from]move: U-turn
|move|p2a: Togekiss|Air Slash|p1a: Heliolisk
|-resisted|p1a: Heliolisk
|-damage|p1a: Heliolisk|79/100
|
|upkeep
|turn|48
|
|t:|1659298108
|switch|p2a: Dhelmise|Dhelmise|5/100
|move|p1a: Heliolisk|Thunderbolt|p2a: Dhelmise
|-resisted|p2a: Dhelmise
|-damage|p2a: Dhelmise|0 fnt
|faint|p2a: Dhelmise
|
|upkeep
|inactive|pop smoke has 60 seconds left.
|
|t:|1659298147
|switch|p2a: Suicune|Suicune|64/100
|-ability|p2a: Suicune|Pressure
|turn|49
|inactive|Expulso has 90 seconds left.
|
|t:|1659298153
|move|p1a: Heliolisk|Thunderbolt|p2a: Suicune
|-supereffective|p2a: Suicune
|-damage|p2a: Suicune|0 fnt
|faint|p2a: Suicune
|
|upkeep
|c|☆pop smoke|gg
|c|☆Expulso|gg
|-message|pop smoke forfeited.
|
|win|Expulso
