|inactive|Battle timer is ON: inactive players will automatically lose when time's up.
|t:|1660403413
|gametype|singles
|player|p1|jonfilch|#ndpl2crying|
|player|p2|pinkdragontamer|#wcop2022ussouth|
|teamsize|p1|6
|teamsize|p2|6
|gen|8
|tier|[Gen 8] RU
|rule|Sleep Clause Mod: Limit one foe put to sleep
|rule|Species Clause: Limit one of each Pokémon
|rule|OHKO Clause: OHKO moves are banned
|rule|Evasion Moves Clause: Evasion moves are banned
|rule|Endless Battle Clause: Forcing endless battles is banned
|rule|HP Percentage Mod: HP is shown in percentages
|rule|Dynamax Clause: You cannot dynamax
|clearpoke
|poke|p1|Golurk|
|poke|p1|Heliolisk, F|
|poke|p1|Milotic, M|
|poke|p1|Crobat, F|
|poke|p1|Steelix, F|
|poke|p1|Heracross, M|
|poke|p2|Xurkitree|
|poke|p2|Flygon, F|
|poke|p2|Registeel|
|poke|p2|Crobat, F|
|poke|p2|Passimian, F|
|poke|p2|Dhelmise|
|teampreview
|inactive|jonfilch also wants the timer to be on.
|c|☆pinkdragontamer|hf
|c|☆jonfilch|gl hf
|c|+avarice|gasp
|inactive|jonfilch has 270 seconds left.
|inactive|jonfilch has 240 seconds left.
|
|t:|1660403477
|start
|switch|p1a: Milotic|Milotic, M|100/100
|switch|p2a: Xurkitree|Xurkitree|100/100
|turn|1
|
|t:|1660403490
|move|p2a: Xurkitree|Energy Ball|p1a: Milotic
|-supereffective|p1a: Milotic
|-damage|p1a: Milotic|11/100
|move|p1a: Milotic|Flip Turn|p2a: Xurkitree
|-damage|p2a: Xurkitree|83/100
|
|t:|1660403505
|switch|p1a: Crobat|Crobat, F|100/100|[from]move: Flip Turn
|
|upkeep
|turn|2
|
|t:|1660403514
|switch|p2a: Crobat|Crobat, F|100/100
|move|p1a: Crobat|U-turn|p2a: Crobat
|-resisted|p2a: Crobat
|-damage|p2a: Crobat|95/100
|c|+imjustgray|sorry jon i hope u lose
|
|t:|1660403538
|switch|p1a: Golurk|Golurk|100/100|[from]move: U-turn
|
|upkeep
|turn|3
|c|☆jonfilch|i just want to go back to bed bro
|
|t:|1660403547
|move|p2a: Crobat|U-turn|p1a: Golurk
|-resisted|p1a: Golurk
|-damage|p1a: Golurk|90/100
|
|t:|1660403550
|switch|p2a: Passimian|Passimian, F|100/100|[from]move: U-turn
|move|p1a: Golurk|Poltergeist|p2a: Passimian
|-activate|p2a: Passimian|move: Poltergeist|Choice Scarf
|-damage|p2a: Passimian|4/100
|
|upkeep
|turn|4
|c|+imjustgray|damn.
|c|+imjustgray|this is RUWCOP
|c|+imjustgray|gotta be more motivated than that
|inactive|jonfilch has 270 seconds left.
|
|t:|1660403582
|switch|p1a: Heracross|Heracross, M|100/100
|move|p2a: Passimian|Knock Off|p1a: Heracross
|-resisted|p1a: Heracross
|-damage|p1a: Heracross|76/100
|-enditem|p1a: Heracross|Heavy-Duty Boots|[from] move: Knock Off|[of] p2a: Passimian
|
|upkeep
|turn|5
|inactive|jonfilch has 270 seconds left.
|
|t:|1660403604
|switch|p2a: Crobat|Crobat, F|95/100
|move|p1a: Heracross|Knock Off|p2a: Crobat
|-damage|p2a: Crobat|59/100
|-enditem|p2a: Crobat|Heavy-Duty Boots|[from] move: Knock Off|[of] p1a: Heracross
|
|upkeep
|turn|6
|c|+ahmber ❤|whas this for
|inactive|jonfilch has 270 seconds left.
|c|+Luck O the Irish|yo jon
|
|t:|1660403616
|switch|p1a: Steelix|Steelix, F|100/100
|move|p2a: Crobat|U-turn|p1a: Steelix
|-resisted|p1a: Steelix
|-damage|p1a: Steelix|96/100
|c|+Luck O the Irish|when u wanna play for zupl
|c|+imjustgray|i literally
|c|+imjustgray|just said
|c|+imjustgray|what it was for
|c|☆jonfilch|are you -4
|c|+Luck O the Irish|yea
|
|t:|1660403635
|switch|p2a: Dhelmise|Dhelmise|100/100|[from]move: U-turn
|
|-heal|p1a: Steelix|100/100|[from] item: Leftovers
|upkeep
|turn|7
|c|☆jonfilch|8am tomorrow?
|
|t:|1660403640
|move|p2a: Dhelmise|Power Whip|p1a: Steelix
|-damage|p1a: Steelix|66/100
|move|p1a: Steelix|Toxic|p2a: Dhelmise
|-status|p2a: Dhelmise|tox
|-enditem|p2a: Dhelmise|Lum Berry|[eat]
|-curestatus|p2a: Dhelmise|tox|[msg]
|
|-heal|p1a: Steelix|72/100|[from] item: Leftovers
|upkeep
|turn|8
|c|+Luck O the Irish|uhhhh can u do later
|
|t:|1660403656
|move|p2a: Dhelmise|Power Whip|p1a: Steelix
|-damage|p1a: Steelix|38/100
|move|p1a: Steelix|Toxic|p2a: Dhelmise
|-status|p2a: Dhelmise|tox
|
|-heal|p1a: Steelix|44/100|[from] item: Leftovers
|-damage|p2a: Dhelmise|94/100 tox|[from] psn
|upkeep
|turn|9
|c|☆jonfilch|how much later
|c|+Luck O the Irish|even like 9-10am would be preferable
|inactive|jonfilch has 270 seconds left.
|
|t:|1660403687
|switch|p1a: Crobat|Crobat, F|100/100
|move|p2a: Dhelmise|Power Whip|p1a: Crobat|[miss]
|-miss|p2a: Dhelmise|p1a: Crobat
|
|-damage|p2a: Dhelmise|82/100 tox|[from] psn
|upkeep
|turn|10
|
|t:|1660403701
|switch|p2a: Registeel|Registeel|100/100
|move|p1a: Crobat|U-turn|p2a: Registeel
|-resisted|p2a: Registeel
|-damage|p2a: Registeel|94/100
|c|☆jonfilch|9 or 10 is fine
|inactive|jonfilch has 240 seconds left.
|
|t:|1660403730
|switch|p1a: Steelix|Steelix, F|44/100|[from]move: U-turn
|
|-heal|p2a: Registeel|99/100|[from] item: Leftovers
|-heal|p1a: Steelix|50/100|[from] item: Leftovers
|upkeep
|turn|11
|
|t:|1660403737
|move|p2a: Registeel|Stealth Rock|p1a: Steelix
|-sidestart|p1: jonfilch|move: Stealth Rock
|move|p1a: Steelix|Stealth Rock|p2a: Registeel
|-sidestart|p2: pinkdragontamer|move: Stealth Rock
|
|-heal|p2a: Registeel|100/100|[from] item: Leftovers
|-heal|p1a: Steelix|57/100|[from] item: Leftovers
|upkeep
|turn|12
|c|+Luck O the Irish|lets do 10 then
|inactive|jonfilch has 240 seconds left.
|
|t:|1660403766
|move|p2a: Registeel|Seismic Toss|p1a: Steelix
|-damage|p1a: Steelix|28/100
|move|p1a: Steelix|Earthquake|p2a: Registeel
|-supereffective|p2a: Registeel
|-damage|p2a: Registeel|63/100
|
|-heal|p2a: Registeel|69/100|[from] item: Leftovers
|-heal|p1a: Steelix|35/100|[from] item: Leftovers
|upkeep
|turn|13
|inactive|jonfilch has 240 seconds left.
|
|t:|1660403786
|switch|p1a: Heracross|Heracross, M|76/100
|-damage|p1a: Heracross|64/100|[from] Stealth Rock
|move|p2a: Registeel|Seismic Toss|p1a: Heracross
|-damage|p1a: Heracross|31/100
|
|-heal|p2a: Registeel|75/100|[from] item: Leftovers
|upkeep
|turn|14
|
|t:|1660403804
|switch|p2a: Crobat|Crobat, F|59/100
|-damage|p2a: Crobat|34/100|[from] Stealth Rock
|move|p1a: Heracross|Close Combat|p2a: Crobat
|-resisted|p2a: Crobat
|-damage|p2a: Crobat|18/100
|-unboost|p1a: Heracross|def|1
|-unboost|p1a: Heracross|spd|1
|
|upkeep
|turn|15
|inactive|jonfilch has 240 seconds left.
|
|t:|1660403834
|switch|p1a: Heliolisk|Heliolisk, F|100/100
|move|p2a: Crobat|Roost|p2a: Crobat
|-heal|p2a: Crobat|68/100
|-singleturn|p2a: Crobat|move: Roost
|
|upkeep
|turn|16
|
|t:|1660403850
|move|p2a: Crobat|U-turn|p1a: Heliolisk
|-damage|p1a: Heliolisk|67/100
|
|t:|1660403853
|switch|p2a: Registeel|Registeel|75/100|[from]move: U-turn
|-damage|p2a: Registeel|69/100|[from] Stealth Rock
|move|p1a: Heliolisk|U-turn|p2a: Registeel
|-resisted|p2a: Registeel
|-damage|p2a: Registeel|66/100
|
|t:|1660403863
|switch|p1a: Heracross|Heracross, M|31/100|[from]move: U-turn
|-damage|p1a: Heracross|18/100|[from] Stealth Rock
|
|-heal|p2a: Registeel|72/100|[from] item: Leftovers
|upkeep
|turn|17
|
|t:|1660403871
|switch|p2a: Crobat|Crobat, F|68/100
|-damage|p2a: Crobat|43/100|[from] Stealth Rock
|move|p1a: Heracross|Close Combat|p2a: Crobat
|-resisted|p2a: Crobat
|-damage|p2a: Crobat|27/100
|-unboost|p1a: Heracross|def|1
|-unboost|p1a: Heracross|spd|1
|
|upkeep
|turn|18
|
|t:|1660403881
|switch|p1a: Crobat|Crobat, F|100/100
|move|p2a: Crobat|Roost|p2a: Crobat
|-heal|p2a: Crobat|77/100
|-singleturn|p2a: Crobat|move: Roost
|
|upkeep
|turn|19
|
|t:|1660403895
|move|p2a: Crobat|Brave Bird|p1a: Crobat
|-damage|p1a: Crobat|51/100
|-damage|p2a: Crobat|63/100|[from] Recoil
|move|p1a: Crobat|Brave Bird|p2a: Crobat
|-damage|p2a: Crobat|7/100
|-damage|p1a: Crobat|30/100|[from] Recoil
|
|upkeep
|turn|20
|
|t:|1660403908
|move|p1a: Crobat|Brave Bird|p2a: Crobat
|-damage|p2a: Crobat|0 fnt
|faint|p2a: Crobat
|-damage|p1a: Crobat|27/100|[from] Recoil
|
|upkeep
|
|t:|1660403913
|switch|p2a: Xurkitree|Xurkitree|83/100
|-damage|p2a: Xurkitree|71/100|[from] Stealth Rock
|turn|21
|
|t:|1660403931
|move|p1a: Crobat|U-turn|p2a: Xurkitree
|-crit|p2a: Xurkitree
|-damage|p2a: Xurkitree|31/100
|
|t:|1660403933
|switch|p1a: Milotic|Milotic, M|11/100|[from]move: U-turn
|-damage|p1a: Milotic|0 fnt|[from] Stealth Rock
|faint|p1a: Milotic
|move|p2a: Xurkitree|Energy Ball|p1: Milotic|[notarget]
|-fail|p2a: Xurkitree
|
|upkeep
|
|t:|1660403940
|switch|p1a: Crobat|Crobat, F|27/100
|turn|22
|inactive|jonfilch has 240 seconds left.
|inactive|jonfilch has 210 seconds left.
|
|t:|1660404015
|move|p1a: Crobat|U-turn|p2a: Xurkitree
|-damage|p2a: Xurkitree|3/100
|
|t:|1660404028
|switch|p1a: Heliolisk|Heliolisk, F|67/100|[from]move: U-turn
|move|p2a: Xurkitree|Energy Ball|p1a: Heliolisk
|-damage|p1a: Heliolisk|0 fnt
|faint|p1a: Heliolisk
|-ability|p2a: Xurkitree|Beast Boost|boost
|-boost|p2a: Xurkitree|spa|1
|
|upkeep
|
|t:|1660404029
|switch|p1a: Crobat|Crobat, F|27/100
|turn|23
|
|t:|1660404031
|switch|p2a: Registeel|Registeel|72/100
|-damage|p2a: Registeel|66/100|[from] Stealth Rock
|move|p1a: Crobat|Brave Bird|p2a: Registeel
|-resisted|p2a: Registeel
|-damage|p2a: Registeel|49/100
|-damage|p1a: Crobat|20/100|[from] Recoil
|
|-heal|p2a: Registeel|55/100|[from] item: Leftovers
|upkeep
|turn|24
|inactive|jonfilch has 210 seconds left.
|
|t:|1660404046
|move|p1a: Crobat|Roost|p1a: Crobat
|-heal|p1a: Crobat|71/100
|-singleturn|p1a: Crobat|move: Roost
|move|p2a: Registeel|Seismic Toss|p1a: Crobat
|-damage|p1a: Crobat|38/100
|
|-heal|p2a: Registeel|61/100|[from] item: Leftovers
|upkeep
|turn|25
|inactive|jonfilch has 210 seconds left.
|
|t:|1660404051
|move|p1a: Crobat|Roost|p1a: Crobat
|-heal|p1a: Crobat|89/100
|-singleturn|p1a: Crobat|move: Roost
|move|p2a: Registeel|Seismic Toss|p1a: Crobat
|-damage|p1a: Crobat|56/100
|
|-heal|p2a: Registeel|67/100|[from] item: Leftovers
|upkeep
|turn|26
|
|t:|1660404058
|move|p1a: Crobat|U-turn|p2a: Registeel
|-resisted|p2a: Registeel
|-damage|p2a: Registeel|61/100
|
|t:|1660404060
|switch|p1a: Golurk|Golurk|90/100|[from]move: U-turn
|-damage|p1a: Golurk|84/100|[from] Stealth Rock
|move|p2a: Registeel|Seismic Toss|p1a: Golurk
|-immune|p1a: Golurk
|
|-heal|p2a: Registeel|67/100|[from] item: Leftovers
|upkeep
|turn|27
|inactive|jonfilch has 210 seconds left.
|
|t:|1660404100
|move|p2a: Registeel|Protect|p2a: Registeel
|-singleturn|p2a: Registeel|Protect
|move|p1a: Golurk|Earthquake|p2a: Registeel
|-activate|p2a: Registeel|move: Protect
|
|-heal|p2a: Registeel|73/100|[from] item: Leftovers
|upkeep
|turn|28
|
|t:|1660404108
|switch|p1a: Crobat|Crobat, F|56/100
|switch|p2a: Flygon|Flygon, F|100/100
|-damage|p2a: Flygon|95/100|[from] Stealth Rock
|
|upkeep
|turn|29
|
|t:|1660404126
|switch|p2a: Registeel|Registeel|73/100
|-damage|p2a: Registeel|67/100|[from] Stealth Rock
|move|p1a: Crobat|Brave Bird|p2a: Registeel
|-resisted|p2a: Registeel
|-damage|p2a: Registeel|50/100
|-damage|p1a: Crobat|50/100|[from] Recoil
|
|-heal|p2a: Registeel|56/100|[from] item: Leftovers
|upkeep
|turn|30
|
|t:|1660404133
|move|p1a: Crobat|Roost|p1a: Crobat
|-heal|p1a: Crobat|99/100
|-singleturn|p1a: Crobat|move: Roost
|move|p2a: Registeel|Seismic Toss|p1a: Crobat
|-damage|p1a: Crobat|68/100
|
|-heal|p2a: Registeel|62/100|[from] item: Leftovers
|upkeep
|turn|31
|
|t:|1660404137
|move|p1a: Crobat|Roost|p1a: Crobat
|-heal|p1a: Crobat|100/100
|-singleturn|p1a: Crobat|move: Roost
|move|p2a: Registeel|Seismic Toss|p1a: Crobat
|-damage|p1a: Crobat|68/100
|
|-heal|p2a: Registeel|68/100|[from] item: Leftovers
|upkeep
|turn|32
|
|t:|1660404140
|move|p1a: Crobat|U-turn|p2a: Registeel
|-resisted|p2a: Registeel
|-damage|p2a: Registeel|62/100
|
|t:|1660404142
|switch|p1a: Golurk|Golurk|84/100|[from]move: U-turn
|-damage|p1a: Golurk|78/100|[from] Stealth Rock
|move|p2a: Registeel|Toxic|p1a: Golurk
|-status|p1a: Golurk|tox
|
|-heal|p2a: Registeel|68/100|[from] item: Leftovers
|-damage|p1a: Golurk|72/100 tox|[from] psn
|upkeep
|turn|33
|
|t:|1660404161
|move|p2a: Registeel|Protect|p2a: Registeel
|-singleturn|p2a: Registeel|Protect
|move|p1a: Golurk|Poltergeist|p2a: Registeel
|-activate|p2a: Registeel|move: Protect
|
|-heal|p2a: Registeel|74/100|[from] item: Leftovers
|-damage|p1a: Golurk|60/100 tox|[from] psn
|upkeep
|turn|34
|
|t:|1660404166
|switch|p2a: Dhelmise|Dhelmise|82/100 tox
|-damage|p2a: Dhelmise|70/100 tox|[from] Stealth Rock
|move|p1a: Golurk|Poltergeist||[still]
|-fail|p1a: Golurk
|
|-damage|p1a: Golurk|42/100 tox|[from] psn
|-damage|p2a: Dhelmise|64/100 tox|[from] psn
|upkeep
|turn|35
|inactive|jonfilch has 240 seconds left.
|
|t:|1660404187
|switch|p1a: Steelix|Steelix, F|35/100
|-damage|p1a: Steelix|32/100|[from] Stealth Rock
|move|p2a: Dhelmise|Rapid Spin|p1a: Steelix
|-resisted|p1a: Steelix
|-damage|p1a: Steelix|27/100
|-boost|p2a: Dhelmise|spe|1
|-sideend|p2: pinkdragontamer|Stealth Rock|[from] move: Rapid Spin|[of] p2a: Dhelmise
|
|-heal|p1a: Steelix|33/100|[from] item: Leftovers
|-damage|p2a: Dhelmise|52/100 tox|[from] psn
|upkeep
|turn|36
|
|t:|1660404192
|move|p2a: Dhelmise|Power Whip|p1a: Steelix|[miss]
|-miss|p2a: Dhelmise|p1a: Steelix
|move|p1a: Steelix|Stealth Rock|p2a: Dhelmise
|-sidestart|p2: pinkdragontamer|move: Stealth Rock
|
|-heal|p1a: Steelix|39/100|[from] item: Leftovers
|-damage|p2a: Dhelmise|33/100 tox|[from] psn
|upkeep
|turn|37
|inactive|jonfilch has 240 seconds left.
|
|t:|1660404206
|move|p2a: Dhelmise|Poltergeist|p1a: Steelix
|-activate|p1a: Steelix|move: Poltergeist|Leftovers
|-damage|p1a: Steelix|7/100
|move|p1a: Steelix|Stealth Rock||[still]
|-fail|p1a: Steelix
|
|-heal|p1a: Steelix|13/100|[from] item: Leftovers
|-damage|p2a: Dhelmise|9/100 tox|[from] psn
|upkeep
|turn|38
|
|t:|1660404213
|move|p2a: Dhelmise|Poltergeist|p1a: Steelix
|-activate|p1a: Steelix|move: Poltergeist|Leftovers
|-damage|p1a: Steelix|0 fnt
|faint|p1a: Steelix
|
|-damage|p2a: Dhelmise|0 fnt|[from] psn
|faint|p2a: Dhelmise
|upkeep
|
|t:|1660404220
|switch|p2a: Registeel|Registeel|74/100
|switch|p1a: Crobat|Crobat, F|68/100
|-damage|p2a: Registeel|68/100|[from] Stealth Rock
|turn|39
|
|t:|1660404239
|move|p1a: Crobat|U-turn|p2a: Registeel
|-resisted|p2a: Registeel
|-damage|p2a: Registeel|62/100
|
|t:|1660404240
|switch|p1a: Golurk|Golurk|42/100 tox|[from]move: U-turn
|-damage|p1a: Golurk|36/100 tox|[from] Stealth Rock
|move|p2a: Registeel|Seismic Toss|p1a: Golurk
|-immune|p1a: Golurk
|
|-heal|p2a: Registeel|68/100|[from] item: Leftovers
|-damage|p1a: Golurk|30/100 tox|[from] psn
|upkeep
|turn|40
|
|t:|1660404244
|move|p2a: Registeel|Protect|p2a: Registeel
|-singleturn|p2a: Registeel|Protect
|move|p1a: Golurk|Poltergeist|p2a: Registeel
|-activate|p2a: Registeel|move: Protect
|
|-heal|p2a: Registeel|74/100|[from] item: Leftovers
|-damage|p1a: Golurk|18/100 tox|[from] psn
|upkeep
|turn|41
|
|t:|1660404250
|switch|p1a: Crobat|Crobat, F|68/100
|switch|p2a: Xurkitree|Xurkitree|3/100
|-damage|p2a: Xurkitree|0 fnt|[from] Stealth Rock
|faint|p2a: Xurkitree
|
|upkeep
|
|t:|1660404253
|switch|p2a: Registeel|Registeel|74/100
|-damage|p2a: Registeel|68/100|[from] Stealth Rock
|turn|42
|
|t:|1660404258
|move|p1a: Crobat|Brave Bird|p2a: Registeel
|-resisted|p2a: Registeel
|-damage|p2a: Registeel|52/100
|-damage|p1a: Crobat|62/100|[from] Recoil
|move|p2a: Registeel|Seismic Toss|p1a: Crobat
|-damage|p1a: Crobat|30/100
|
|-heal|p2a: Registeel|58/100|[from] item: Leftovers
|upkeep
|turn|43
|
|t:|1660404264
|move|p1a: Crobat|Roost|p1a: Crobat
|-heal|p1a: Crobat|80/100
|-singleturn|p1a: Crobat|move: Roost
|move|p2a: Registeel|Seismic Toss|p1a: Crobat
|-damage|p1a: Crobat|48/100
|
|-heal|p2a: Registeel|64/100|[from] item: Leftovers
|upkeep
|turn|44
|
|t:|1660404268
|move|p1a: Crobat|Roost|p1a: Crobat
|-heal|p1a: Crobat|98/100
|-singleturn|p1a: Crobat|move: Roost
|move|p2a: Registeel|Seismic Toss|p1a: Crobat
|-damage|p1a: Crobat|66/100
|
|-heal|p2a: Registeel|70/100|[from] item: Leftovers
|upkeep
|turn|45
|inactive|jonfilch has 270 seconds left.
|
|t:|1660404313
|move|p1a: Crobat|U-turn|p2a: Registeel
|-resisted|p2a: Registeel
|-damage|p2a: Registeel|63/100
|
|t:|1660404314
|switch|p1a: Golurk|Golurk|18/100 tox|[from]move: U-turn
|-damage|p1a: Golurk|12/100 tox|[from] Stealth Rock
|move|p2a: Registeel|Seismic Toss|p1a: Golurk
|-immune|p1a: Golurk
|
|-heal|p2a: Registeel|69/100|[from] item: Leftovers
|-damage|p1a: Golurk|6/100 tox|[from] psn
|upkeep
|turn|46
|inactive|jonfilch has 270 seconds left.
|
|t:|1660404329
|move|p2a: Registeel|Protect|p2a: Registeel
|-singleturn|p2a: Registeel|Protect
|move|p1a: Golurk|Poltergeist|p2a: Registeel
|-activate|p2a: Registeel|move: Protect
|
|-heal|p2a: Registeel|75/100|[from] item: Leftovers
|-damage|p1a: Golurk|0 fnt|[from] psn
|faint|p1a: Golurk
|upkeep
|
|t:|1660404331
|switch|p1a: Heracross|Heracross, M|18/100
|-damage|p1a: Heracross|6/100|[from] Stealth Rock
|turn|47
|inactive|jonfilch has 270 seconds left.
|
|t:|1660404343
|switch|p2a: Passimian|Passimian, F|4/100
|-damage|p2a: Passimian|0 fnt|[from] Stealth Rock
|faint|p2a: Passimian
|move|p1a: Heracross|Knock Off|p2: Passimian|[notarget]
|-fail|p1a: Heracross
|
|upkeep
|
|t:|1660404346
|switch|p2a: Flygon|Flygon, F|95/100
|-damage|p2a: Flygon|89/100|[from] Stealth Rock
|turn|48
|
|t:|1660404349
|switch|p1a: Crobat|Crobat, F|66/100
|move|p2a: Flygon|Outrage|p1a: Crobat
|-damage|p1a: Crobat|0 fnt
|faint|p1a: Crobat
|
|upkeep
|c|☆jonfilch|Gg
|
|t:|1660404357
|switch|p1a: Heracross|Heracross, M|6/100
|-damage|p1a: Heracross|0 fnt|[from] Stealth Rock
|faint|p1a: Heracross
|
|win|pinkdragontamer
|c|☆pinkdragontamer|gg
