|inactive|Battle timer is ON: inactive players will automatically lose when time's up.
|t:|1668028054
|gametype|singles
|player|p1|Scavet|ruinmaniac-gen3|
|player|p2|btboy|spenser-gen3|
|teamsize|p1|6
|teamsize|p2|6
|gen|8
|tier|[Gen 8] RU
|rule|Sleep Clause Mod: Limit one foe put to sleep
|rule|Species Clause: Limit one of each Pokémon
|rule|OHKO Clause: OHKO moves are banned
|rule|Evasion Items Clause: Evasion items are banned
|rule|Evasion Moves Clause: Evasion moves are banned
|rule|Endless Battle Clause: Forcing endless battles is banned
|rule|HP Percentage Mod: HP is shown in percentages
|rule|Dynamax Clause: You cannot dynamax
|clearpoke
|poke|p1|Gardevoir, F|
|poke|p1|Doublade, F|
|poke|p1|Umbreon, F|
|poke|p1|Weezing-Galar, F|
|poke|p1|Reuniclus, F|
|poke|p1|Seismitoad, F|
|poke|p2|Raikou|
|poke|p2|Metagross|
|poke|p2|Weezing-Galar, F|
|poke|p2|Snorlax, F|
|poke|p2|Seismitoad, F|
|poke|p2|Crobat, M|
|teampreview
|c|☆btboy|glhf
|c|☆Scavet|hf !
|inactive|Scavet has 270 seconds left.
|inactive|btboy has 270 seconds left.
|inactive|Scavet has 240 seconds left.
|inactive|btboy has 240 seconds left.
|inactive|Scavet has 210 seconds left.
|inactive|btboy has 210 seconds left.
|inactive|Scavet has 180 seconds left.
|inactive|btboy has 180 seconds left.
|
|t:|1668028208
|start
|switch|p1a: Seismitoad|Seismitoad, F|100/100
|switch|p2a: Seismitoad|Seismitoad, F|100/100
|turn|1
|inactive|Scavet has 210 seconds left.
|inactive|Scavet has 180 seconds left.
|
|t:|1668028254
|switch|p1a: Reuniclus|Reuniclus, F|100/100
|move|p2a: Seismitoad|Power Whip|p1a: Reuniclus
|-damage|p1a: Reuniclus|78/100
|
|upkeep
|turn|2
|inactive|Scavet has 180 seconds left.
|
|t:|1668028269
|switch|p2a: Metagross|Metagross|100/100
|move|p1a: Reuniclus|Recover|p1a: Reuniclus
|-heal|p1a: Reuniclus|100/100
|
|upkeep
|turn|3
|inactive|Scavet has 180 seconds left.
|inactive|btboy has 240 seconds left.
|inactive|Scavet has 150 seconds left.
|
|t:|1668028322
|switch|p1a: Seismitoad|Seismitoad, F|100/100
|move|p2a: Metagross|Meteor Mash|p1a: Seismitoad
|-resisted|p1a: Seismitoad
|-damage|p1a: Seismitoad|61/100
|
|-heal|p1a: Seismitoad|67/100|[from] item: Leftovers
|upkeep
|turn|4
|
|t:|1668028336
|switch|p2a: Weezing|Weezing-Galar, F|100/100
|move|p1a: Seismitoad|Knock Off|p2a: Weezing
|-resisted|p2a: Weezing
|-damage|p2a: Weezing|93/100
|-damage|p1a: Seismitoad|50/100|[from] item: Rocky Helmet|[of] p2a: Weezing
|-enditem|p2a: Weezing|Rocky Helmet|[from] move: Knock Off|[of] p1a: Seismitoad
|
|-heal|p1a: Seismitoad|56/100|[from] item: Leftovers
|upkeep
|turn|5
|inactive|btboy has 240 seconds left.
|inactive|Scavet has 120 seconds left.
|
|t:|1668028369
|switch|p1a: Reuniclus|Reuniclus, F|100/100
|move|p2a: Weezing|Strange Steam|p1a: Reuniclus
|-damage|p1a: Reuniclus|74/100
|
|upkeep
|turn|6
|inactive|Scavet has 120 seconds left.
|
|t:|1668028388
|switch|p2a: Metagross|Metagross|100/100
|move|p1a: Reuniclus|Focus Blast|p2a: Metagross|[miss]
|-miss|p1a: Reuniclus|p2a: Metagross
|
|upkeep
|turn|7
|
|t:|1668028416
|move|p2a: Metagross|Meteor Mash|p1a: Reuniclus
|-damage|p1a: Reuniclus|21/100
|move|p1a: Reuniclus|Recover|p1a: Reuniclus
|-heal|p1a: Reuniclus|71/100
|
|upkeep
|turn|8
|
|t:|1668028422
|switch|p1a: Doublade|Doublade, F|100/100
|move|p2a: Metagross|Meteor Mash|p1a: Doublade
|-resisted|p1a: Doublade
|-damage|p1a: Doublade|81/100
|
|upkeep
|turn|9
|inactive|Scavet has 90 seconds left.
|
|t:|1668028458
|switch|p2a: Seismitoad|Seismitoad, F|100/100
|move|p1a: Doublade|Shadow Claw|p2a: Seismitoad
|-crit|p2a: Seismitoad
|-damage|p2a: Seismitoad|50/100
|
|-heal|p2a: Seismitoad|56/100|[from] item: Leftovers
|upkeep
|turn|10
|
|t:|1668028469
|switch|p1a: Reuniclus|Reuniclus, F|71/100
|move|p2a: Seismitoad|Knock Off|p1a: Reuniclus
|-supereffective|p1a: Reuniclus
|-enditem|p1a: Reuniclus|Colbur Berry|[eat]
|-enditem|p1a: Reuniclus|Colbur Berry|[weaken]
|-damage|p1a: Reuniclus|52/100
|
|-heal|p2a: Seismitoad|62/100|[from] item: Leftovers
|upkeep
|turn|11
|
|t:|1668028477
|move|p2a: Seismitoad|Stealth Rock|p1a: Reuniclus
|-sidestart|p1: Scavet|move: Stealth Rock
|move|p1a: Reuniclus|Recover|p1a: Reuniclus
|-heal|p1a: Reuniclus|100/100
|
|-heal|p2a: Seismitoad|68/100|[from] item: Leftovers
|upkeep
|turn|12
|inactive|Scavet has 60 seconds left.
|
|t:|1668028534
|switch|p2a: Metagross|Metagross|100/100
|switch|p1a: Doublade|Doublade, F|81/100
|-damage|p1a: Doublade|75/100|[from] Stealth Rock
|
|upkeep
|turn|13
|inactive|btboy has 240 seconds left.
|
|t:|1668028555
|move|p2a: Metagross|Earthquake|p1a: Doublade
|-supereffective|p1a: Doublade
|-damage|p1a: Doublade|8/100
|move|p1a: Doublade|Shadow Claw|p2a: Metagross
|-supereffective|p2a: Metagross
|-damage|p2a: Metagross|33/100
|
|upkeep
|turn|14
|inactive|btboy has 240 seconds left.
|
|t:|1668028566
|switch|p2a: Weezing|Weezing-Galar, F|93/100
|move|p1a: Doublade|Shadow Sneak|p2a: Weezing
|-damage|p2a: Weezing|79/100
|
|upkeep
|turn|15
|
|t:|1668028582
|switch|p1a: Reuniclus|Reuniclus, F|100/100
|move|p2a: Weezing|Strange Steam|p1a: Reuniclus|[miss]
|-miss|p2a: Weezing|p1a: Reuniclus
|
|upkeep
|turn|16
|inactive|Scavet has 30 seconds left.
|inactive|btboy has 240 seconds left.
|
|t:|1668028609
|switch|p2a: Metagross|Metagross|33/100
|move|p1a: Reuniclus|Calm Mind|p1a: Reuniclus
|-boost|p1a: Reuniclus|spa|1
|-boost|p1a: Reuniclus|spd|1
|
|upkeep
|turn|17
|inactive|Scavet has 30 seconds left.
|
|t:|1668028623
|move|p2a: Metagross|Trick|p1a: Reuniclus
|-activate|p2a: Metagross|move: Trick|[of] p1a: Reuniclus
|-item|p1a: Reuniclus|Choice Band|[from] move: Trick
|-enditem|p2a: Metagross|Choice Band|[silent]|[from] move: Trick
|move|p1a: Reuniclus|Focus Blast|p2a: Metagross|[miss]
|-miss|p1a: Reuniclus|p2a: Metagross
|
|upkeep
|turn|18
|inactive|Scavet has 30 seconds left.
|c|☆btboy|mb
|inactive|Scavet has 20 seconds left.
|inactive|btboy has 240 seconds left.
|inactive|Scavet has 15 seconds left.
|inactive|Scavet has 10 seconds left.
|
|t:|1668028651
|switch|p2a: Crobat|Crobat, M|100/100
|switch|p1a: Gardevoir|Gardevoir, F|100/100
|-damage|p1a: Gardevoir|88/100|[from] Stealth Rock
|-ability|p1a: Gardevoir|Inner Focus|[from] ability: Trace|[of] p2a: Crobat
|
|upkeep
|turn|19
|inactive|Scavet has 20 seconds left this turn.
|inactive|Scavet has 15 seconds left.
|inactive|btboy has 240 seconds left.
|inactive|btboy has 210 seconds left.
|inactive|btboy has 180 seconds left.
|
|t:|1668028720
|switch|p2a: Metagross|Metagross|33/100
|move|p1a: Gardevoir|Trick|p2a: Metagross
|-activate|p1a: Gardevoir|move: Trick|[of] p2a: Metagross
|-item|p2a: Metagross|Choice Scarf|[from] move: Trick
|-enditem|p1a: Gardevoir|Choice Scarf|[silent]|[from] move: Trick
|
|upkeep
|turn|20
|inactive|Scavet has 25 seconds left this turn.
|inactive|Scavet has 20 seconds left.
|inactive|Scavet has 15 seconds left.
|inactive|btboy has 180 seconds left.
|inactive|Scavet has 10 seconds left.
|
|t:|1668028736
|switch|p1a: Reuniclus|Reuniclus, F|100/100
|move|p2a: Metagross|Meteor Mash|p1a: Reuniclus
|-damage|p1a: Reuniclus|65/100
|
|upkeep
|turn|21
|inactive|Scavet has 20 seconds left this turn.
|inactive|Scavet has 15 seconds left.
|inactive|Scavet has 10 seconds left.
|inactive|btboy has 180 seconds left.
|inactive|Scavet has 5 seconds left.
|
|t:|1668028752
|move|p2a: Metagross|Meteor Mash|p1a: Reuniclus
|-damage|p1a: Reuniclus|29/100
|move|p1a: Reuniclus|Psyshock|p2a: Metagross
|-resisted|p2a: Metagross
|-damage|p2a: Metagross|26/100
|
|upkeep
|turn|22
|inactive|Scavet has 15 seconds left this turn.
|inactive|Scavet has 10 seconds left.
|
|t:|1668028762
|move|p2a: Metagross|Meteor Mash|p1a: Reuniclus
|-damage|p1a: Reuniclus|0 fnt
|faint|p1a: Reuniclus
|
|upkeep
|inactive|Scavet has 15 seconds left this turn.
|inactive|Scavet has 10 seconds left.
|
|t:|1668028768
|switch|p1a: Doublade|Doublade, F|8/100
|-damage|p1a: Doublade|2/100|[from] Stealth Rock
|turn|23
|inactive|Scavet has 20 seconds left this turn.
|inactive|Scavet has 15 seconds left.
|inactive|Scavet has 10 seconds left.
|
|t:|1668028778
|switch|p2a: Weezing|Weezing-Galar, F|79/100
|move|p1a: Doublade|Shadow Claw|p2a: Weezing
|-crit|p2a: Weezing
|-damage|p2a: Weezing|44/100
|
|upkeep
|turn|24
|inactive|Scavet has 20 seconds left this turn.
|inactive|Scavet has 15 seconds left.
|
|t:|1668028784
|move|p1a: Doublade|Shadow Sneak|p2a: Weezing
|-damage|p2a: Weezing|29/100
|move|p2a: Weezing|Strange Steam|p1a: Doublade
|-resisted|p1a: Doublade
|-damage|p1a: Doublade|0 fnt
|faint|p1a: Doublade
|
|upkeep
|inactive|Scavet has 20 seconds left this turn.
|inactive|Scavet has 15 seconds left.
|
|t:|1668028793
|switch|p1a: Gardevoir|Gardevoir, F|88/100
|-damage|p1a: Gardevoir|76/100|[from] Stealth Rock
|-ability|p1a: Gardevoir|Levitate|[from] ability: Trace|[of] p2a: Weezing
|turn|25
|inactive|Scavet has 25 seconds left this turn.
|inactive|Scavet has 20 seconds left.
|inactive|Scavet has 15 seconds left.
|inactive|btboy has 210 seconds left.
|inactive|Scavet has 10 seconds left.
|inactive|Scavet has 5 seconds left.
|
|t:|1668028821
|switch|p2a: Metagross|Metagross|26/100
|move|p1a: Gardevoir|Moonblast|p2a: Metagross
|-resisted|p2a: Metagross
|-damage|p2a: Metagross|0 fnt
|faint|p2a: Metagross
|
|upkeep
|inactive|Scavet has 10 seconds left this turn.
|
|t:|1668028839
|switch|p2a: Raikou|Raikou|100/100
|turn|26
|inactive|Scavet has 20 seconds left this turn.
|inactive|Scavet has 15 seconds left.
|
|t:|1668028845
|switch|p1a: Umbreon|Umbreon, F|100/100
|-damage|p1a: Umbreon|88/100|[from] Stealth Rock
|move|p2a: Raikou|Extrasensory|p1a: Umbreon
|-immune|p1a: Umbreon
|
|-heal|p1a: Umbreon|94/100|[from] item: Leftovers
|upkeep
|turn|27
|inactive|Scavet has 25 seconds left this turn.
|inactive|Scavet has 20 seconds left.
|inactive|Scavet has 15 seconds left.
|inactive|Scavet has 10 seconds left.
|
|t:|1668028861
|move|p2a: Raikou|Volt Switch|p1a: Umbreon
|-damage|p1a: Umbreon|76/100
|inactive|Scavet has 15 seconds left this turn.
|
|t:|1668028866
|switch|p2a: Weezing|Weezing-Galar, F|29/100|[from]move: Volt Switch
|move|p1a: Umbreon|Wish|p1a: Umbreon
|
|-heal|p1a: Umbreon|82/100|[from] item: Leftovers
|upkeep
|turn|28
|inactive|Scavet has 25 seconds left this turn.
|inactive|Scavet has 20 seconds left.
|inactive|btboy has 210 seconds left.
|
|t:|1668028874
|switch|p1a: Gardevoir|Gardevoir, F|76/100
|-damage|p1a: Gardevoir|64/100|[from] Stealth Rock
|-ability|p1a: Gardevoir|Levitate|[from] ability: Trace|[of] p2a: Weezing
|move|p2a: Weezing|Strange Steam|p1a: Gardevoir
|-damage|p1a: Gardevoir|36/100
|
|-heal|p1a: Gardevoir|100/100|[from] move: Wish|[wisher] Umbreon
|upkeep
|turn|29
|inactive|Scavet has 30 seconds left this turn.
|inactive|Scavet has 20 seconds left.
|
|t:|1668028885
|switch|p2a: Snorlax|Snorlax, F|100/100
|move|p1a: Gardevoir|Psychic|p2a: Snorlax
|-damage|p2a: Snorlax|77/100
|
|-heal|p2a: Snorlax|83/100|[from] item: Leftovers
|upkeep
|turn|30
|inactive|Scavet has 30 seconds left this turn.
|inactive|Scavet has 20 seconds left.
|
|t:|1668028899
|move|p1a: Gardevoir|Focus Blast|p2a: Snorlax
|-supereffective|p2a: Snorlax
|-damage|p2a: Snorlax|44/100
|move|p2a: Snorlax|Curse|p2a: Snorlax
|-unboost|p2a: Snorlax|spe|1
|-boost|p2a: Snorlax|atk|1
|-boost|p2a: Snorlax|def|1
|
|-heal|p2a: Snorlax|50/100|[from] item: Leftovers
|upkeep
|turn|31
|inactive|Scavet has 30 seconds left this turn.
|
|t:|1668028906
|move|p1a: Gardevoir|Focus Blast|p2a: Snorlax
|-supereffective|p2a: Snorlax
|-damage|p2a: Snorlax|8/100
|move|p2a: Snorlax|Body Slam|p1a: Gardevoir
|-damage|p1a: Gardevoir|18/100
|
|-heal|p2a: Snorlax|14/100|[from] item: Leftovers
|upkeep
|turn|32
|inactive|Scavet has 30 seconds left.
|inactive|btboy has 240 seconds left.
|
|t:|1668028919
|move|p1a: Gardevoir|Psychic|p2a: Snorlax
|-damage|p2a: Snorlax|0 fnt
|faint|p2a: Snorlax
|
|upkeep
|inactive|Scavet has 30 seconds left this turn.
|
|t:|1668028927
|switch|p2a: Raikou|Raikou|100/100
|turn|33
|inactive|Scavet has 30 seconds left.
|
|t:|1668028939
|switch|p1a: Umbreon|Umbreon, F|82/100
|-damage|p1a: Umbreon|70/100|[from] Stealth Rock
|move|p2a: Raikou|Volt Switch|p1a: Umbreon
|-damage|p1a: Umbreon|53/100
|
|t:|1668028942
|switch|p2a: Crobat|Crobat, M|100/100|[from]move: Volt Switch
|
|-heal|p1a: Umbreon|59/100|[from] item: Leftovers
|upkeep
|turn|34
|
|t:|1668028948
|move|p2a: Crobat|Nasty Plot|p2a: Crobat
|-boost|p2a: Crobat|spa|2
|move|p1a: Umbreon|Moonlight|p1a: Umbreon
|-heal|p1a: Umbreon|100/100
|
|upkeep
|turn|35
|
|t:|1668028958
|move|p2a: Crobat|Nasty Plot|p2a: Crobat
|-boost|p2a: Crobat|spa|2
|move|p1a: Umbreon|Foul Play|p2a: Crobat
|-damage|p2a: Crobat|73/100
|
|upkeep
|turn|36
|inactive|btboy has 270 seconds left.
|
|t:|1668028971
|move|p2a: Crobat|Nasty Plot|p2a: Crobat
|-boost|p2a: Crobat|spa|2
|move|p1a: Umbreon|Foul Play|p2a: Crobat
|-damage|p2a: Crobat|44/100
|
|upkeep
|turn|37
|
|t:|1668028981
|move|p2a: Crobat|Roost|p2a: Crobat
|-heal|p2a: Crobat|94/100
|-singleturn|p2a: Crobat|move: Roost
|move|p1a: Umbreon|Foul Play|p2a: Crobat
|-damage|p2a: Crobat|64/100
|
|upkeep
|turn|38
|
|t:|1668028991
|move|p2a: Crobat|Sludge Bomb|p1a: Umbreon
|-damage|p1a: Umbreon|39/100
|move|p1a: Umbreon|Foul Play|p2a: Crobat
|-damage|p2a: Crobat|37/100
|
|-heal|p1a: Umbreon|45/100|[from] item: Leftovers
|upkeep
|turn|39
|
|t:|1668029005
|switch|p1a: Gardevoir|Gardevoir, F|18/100
|-damage|p1a: Gardevoir|6/100|[from] Stealth Rock
|-ability|p1a: Gardevoir|Inner Focus|[from] ability: Trace|[of] p2a: Crobat
|move|p2a: Crobat|Sludge Bomb|p1a: Gardevoir
|-supereffective|p1a: Gardevoir
|-damage|p1a: Gardevoir|0 fnt
|faint|p1a: Gardevoir
|
|upkeep
|
|t:|1668029011
|switch|p1a: Seismitoad|Seismitoad, F|56/100
|-damage|p1a: Seismitoad|50/100|[from] Stealth Rock
|turn|40
|
|t:|1668029024
|move|p2a: Crobat|Sludge Bomb|p1a: Seismitoad
|-resisted|p1a: Seismitoad
|-damage|p1a: Seismitoad|4/100
|move|p1a: Seismitoad|Scald|p2a: Crobat
|-damage|p2a: Crobat|7/100
|-status|p2a: Crobat|brn
|
|-heal|p1a: Seismitoad|10/100|[from] item: Leftovers
|-damage|p2a: Crobat|1/100 brn|[from] brn
|upkeep
|turn|41
|inactive|btboy has 270 seconds left.
|c|☆btboy|sdef toad
|c|☆Scavet|y
|inactive|btboy has 240 seconds left.
|
|t:|1668029088
|switch|p2a: Seismitoad|Seismitoad, F|68/100
|move|p1a: Seismitoad|Earthquake|p2a: Seismitoad
|-damage|p2a: Seismitoad|36/100
|
|-heal|p2a: Seismitoad|43/100|[from] item: Leftovers
|-heal|p1a: Seismitoad|16/100|[from] item: Leftovers
|upkeep
|turn|42
|
|t:|1668029105
|switch|p1a: Weezing|Weezing-Galar, F|100/100
|-damage|p1a: Weezing|88/100|[from] Stealth Rock
|move|p2a: Seismitoad|Knock Off|p1a: Weezing
|-resisted|p1a: Weezing
|-damage|p1a: Weezing|80/100
|-damage|p2a: Seismitoad|26/100|[from] item: Rocky Helmet|[of] p1a: Weezing
|-enditem|p1a: Weezing|Rocky Helmet|[from] move: Knock Off|[of] p2a: Seismitoad
|
|-heal|p2a: Seismitoad|32/100|[from] item: Leftovers
|upkeep
|turn|43
|inactive|Scavet has 30 seconds left.
|
|t:|1668029139
|switch|p2a: Raikou|Raikou|100/100
|move|p1a: Weezing|Defog|p2a: Raikou
|-unboost|p2a: Raikou|evasion|1
|-sideend|p1: Scavet|Stealth Rock|[from] move: Defog|[of] p1a: Weezing
|
|upkeep
|turn|44
|inactive|Scavet has 30 seconds left.
|
|t:|1668029151
|switch|p1a: Umbreon|Umbreon, F|45/100
|move|p2a: Raikou|Volt Switch|p1a: Umbreon
|-damage|p1a: Umbreon|26/100
|inactive|Scavet has 30 seconds left this turn.
|
|t:|1668029158
|switch|p2a: Weezing|Weezing-Galar, F|29/100|[from]move: Volt Switch
|
|-heal|p1a: Umbreon|32/100|[from] item: Leftovers
|upkeep
|turn|45
|inactive|Scavet has 30 seconds left.
|inactive|Scavet has 20 seconds left.
|
|t:|1668029181
|move|p1a: Umbreon|Moonlight|p1a: Umbreon
|-heal|p1a: Umbreon|82/100
|move|p2a: Weezing|Strange Steam|p1a: Umbreon
|-supereffective|p1a: Umbreon
|-damage|p1a: Umbreon|53/100
|
|-heal|p1a: Umbreon|59/100|[from] item: Leftovers
|upkeep
|turn|46
|inactive|Scavet has 30 seconds left this turn.
|
|t:|1668029190
|switch|p1a: Seismitoad|Seismitoad, F|16/100
|move|p2a: Weezing|Pain Split|p1a: Seismitoad
|-sethp|p1a: Seismitoad|20/100|[from] move: Pain Split|[silent]
|-sethp|p2a: Weezing|24/100|[from] move: Pain Split
|
|-heal|p1a: Seismitoad|26/100|[from] item: Leftovers
|upkeep
|turn|47
|inactive|Scavet has 30 seconds left.
|inactive|Scavet has 20 seconds left.
|inactive|Scavet has 15 seconds left.
|
|t:|1668029213
|switch|p2a: Seismitoad|Seismitoad, F|32/100
|move|p1a: Seismitoad|Scald|p2a: Seismitoad
|-heal|p2a: Seismitoad|57/100|[from] ability: Water Absorb|[of] p1a: Seismitoad
|
|-heal|p2a: Seismitoad|63/100|[from] item: Leftovers
|-heal|p1a: Seismitoad|32/100|[from] item: Leftovers
|upkeep
|turn|48
|inactive|Scavet has 25 seconds left this turn.
|inactive|Scavet has 20 seconds left.
|
|t:|1668029224
|switch|p1a: Weezing|Weezing-Galar, F|80/100
|move|p2a: Seismitoad|Knock Off|p1a: Weezing
|-resisted|p1a: Weezing
|-damage|p1a: Weezing|74/100
|
|-heal|p2a: Seismitoad|69/100|[from] item: Leftovers
|upkeep
|turn|49
|inactive|Scavet has 30 seconds left this turn.
|
|t:|1668029232
|switch|p1a: Seismitoad|Seismitoad, F|32/100
|move|p2a: Seismitoad|Stealth Rock|p1a: Seismitoad
|-sidestart|p1: Scavet|move: Stealth Rock
|
|-heal|p2a: Seismitoad|75/100|[from] item: Leftovers
|-heal|p1a: Seismitoad|38/100|[from] item: Leftovers
|upkeep
|turn|50
|inactive|Scavet has 30 seconds left.
|
|t:|1668029241
|switch|p1a: Weezing|Weezing-Galar, F|74/100
|-damage|p1a: Weezing|61/100|[from] Stealth Rock
|move|p2a: Seismitoad|Power Whip|p1a: Weezing
|-resisted|p1a: Weezing
|-damage|p1a: Weezing|51/100
|
|-heal|p2a: Seismitoad|81/100|[from] item: Leftovers
|upkeep
|turn|51
|
|t:|1668029256
|switch|p2a: Raikou|Raikou|100/100
|move|p1a: Weezing|Defog|p2a: Raikou
|-unboost|p2a: Raikou|evasion|1
|-sideend|p1: Scavet|Stealth Rock|[from] move: Defog|[of] p1a: Weezing
|
|upkeep
|turn|52
|
|t:|1668029264
|switch|p1a: Umbreon|Umbreon, F|59/100
|move|p2a: Raikou|Volt Switch|p1a: Umbreon
|-damage|p1a: Umbreon|42/100
|
|t:|1668029269
|switch|p2a: Weezing|Weezing-Galar, F|24/100|[from]move: Volt Switch
|
|-heal|p1a: Umbreon|48/100|[from] item: Leftovers
|upkeep
|turn|53
|
|t:|1668029282
|move|p1a: Umbreon|Wish|p1a: Umbreon
|move|p2a: Weezing|Strange Steam|p1a: Umbreon
|-supereffective|p1a: Umbreon
|-damage|p1a: Umbreon|19/100
|-start|p1a: Umbreon|confusion
|
|-heal|p1a: Umbreon|25/100|[from] item: Leftovers
|upkeep
|turn|54
|
|t:|1668029306
|switch|p1a: Seismitoad|Seismitoad, F|38/100
|move|p2a: Weezing|Strange Steam|p1a: Seismitoad
|-damage|p1a: Seismitoad|18/100
|
|-heal|p1a: Seismitoad|66/100|[from] move: Wish|[wisher] Umbreon
|-heal|p1a: Seismitoad|72/100|[from] item: Leftovers
|upkeep
|turn|55
|
|t:|1668029324
|switch|p2a: Seismitoad|Seismitoad, F|81/100
|move|p1a: Seismitoad|Scald|p2a: Seismitoad
|-heal|p2a: Seismitoad|100/100|[from] ability: Water Absorb|[of] p1a: Seismitoad
|
|-heal|p1a: Seismitoad|78/100|[from] item: Leftovers
|upkeep
|turn|56
|inactive|Scavet has 30 seconds left.
|
|t:|1668029340
|switch|p1a: Weezing|Weezing-Galar, F|51/100
|move|p2a: Seismitoad|Stealth Rock|p1a: Weezing
|-sidestart|p1: Scavet|move: Stealth Rock
|
|upkeep
|turn|57
|inactive|Scavet has 30 seconds left.
|inactive|Scavet has 20 seconds left.
|
|t:|1668029364
|switch|p2a: Crobat|Crobat, M|1/100 brn
|move|p1a: Weezing|Toxic Spikes|p2a: Crobat
|-sidestart|p2: btboy|move: Toxic Spikes
|
|-damage|p2a: Crobat|0 fnt|[from] brn
|faint|p2a: Crobat
|upkeep
|inactive|Scavet has 25 seconds left this turn.
|
|t:|1668029372
|switch|p2a: Weezing|Weezing-Galar, F|24/100
|turn|58
|inactive|Scavet has 30 seconds left.
|
|t:|1668029379
|move|p2a: Weezing|Pain Split|p1a: Weezing
|-sethp|p1a: Weezing|38/100|[from] move: Pain Split|[silent]
|-sethp|p2a: Weezing|38/100|[from] move: Pain Split
|move|p1a: Weezing|Strange Steam|p2a: Weezing
|-resisted|p2a: Weezing
|-damage|p2a: Weezing|19/100
|
|upkeep
|turn|59
|inactive|Scavet has 30 seconds left.
|
|t:|1668029398
|move|p2a: Weezing|Sludge Bomb|p1a: Weezing
|-damage|p1a: Weezing|3/100
|move|p1a: Weezing|Toxic Spikes|p2a: Weezing
|-sidestart|p2: btboy|move: Toxic Spikes
|
|upkeep
|turn|60
|inactive|Scavet has 30 seconds left.
|inactive|Scavet has 20 seconds left.
|
|t:|1668029414
|move|p2a: Weezing|Strange Steam|p1a: Weezing
|-resisted|p1a: Weezing
|-damage|p1a: Weezing|0 fnt
|faint|p1a: Weezing
|
|upkeep
|inactive|Scavet has 25 seconds left this turn.
|
|t:|1668029418
|switch|p1a: Umbreon|Umbreon, F|25/100
|-damage|p1a: Umbreon|12/100|[from] Stealth Rock
|turn|61
|
|t:|1668029422
|move|p1a: Umbreon|Moonlight|p1a: Umbreon
|-heal|p1a: Umbreon|62/100
|move|p2a: Weezing|Pain Split|p1a: Umbreon
|-sethp|p1a: Umbreon|39/100|[from] move: Pain Split|[silent]
|-sethp|p2a: Weezing|46/100|[from] move: Pain Split
|
|-heal|p1a: Umbreon|45/100|[from] item: Leftovers
|upkeep
|turn|62
|
|t:|1668029434
|move|p1a: Umbreon|Foul Play|p2a: Weezing
|-resisted|p2a: Weezing
|-damage|p2a: Weezing|38/100
|move|p2a: Weezing|Defog|p1a: Umbreon
|-unboost|p1a: Umbreon|evasion|1
|-sideend|p1: Scavet|Stealth Rock|[from] move: Defog|[of] p2a: Weezing
|-sideend|p2: btboy|Toxic Spikes|[from] move: Defog|[of] p2a: Weezing
|
|-heal|p1a: Umbreon|51/100|[from] item: Leftovers
|upkeep
|turn|63
|inactive|Scavet has 30 seconds left.
|
|t:|1668029456
|move|p1a: Umbreon|Moonlight|p1a: Umbreon
|-heal|p1a: Umbreon|100/100
|move|p2a: Weezing|Strange Steam|p1a: Umbreon
|-supereffective|p1a: Umbreon
|-damage|p1a: Umbreon|73/100
|
|-heal|p1a: Umbreon|79/100|[from] item: Leftovers
|upkeep
|turn|64
|
|t:|1668029460
|move|p1a: Umbreon|Wish|p1a: Umbreon
|move|p2a: Weezing|Pain Split|p1a: Umbreon
|-sethp|p1a: Umbreon|56/100|[from] move: Pain Split|[silent]
|-sethp|p2a: Weezing|66/100|[from] move: Pain Split
|
|-heal|p1a: Umbreon|62/100|[from] item: Leftovers
|upkeep
|turn|65
|
|t:|1668029470
|switch|p1a: Seismitoad|Seismitoad, F|78/100
|move|p2a: Weezing|Sludge Bomb|p1a: Seismitoad
|-resisted|p1a: Seismitoad
|-damage|p1a: Seismitoad|68/100
|
|-heal|p1a: Seismitoad|100/100|[from] move: Wish|[wisher] Umbreon
|upkeep
|turn|66
|
|t:|1668029489
|switch|p2a: Seismitoad|Seismitoad, F|100/100
|move|p1a: Seismitoad|Stealth Rock|p2a: Seismitoad
|-sidestart|p2: btboy|move: Stealth Rock
|
|upkeep
|turn|67
|
|t:|1668029495
|switch|p1a: Umbreon|Umbreon, F|62/100
|move|p2a: Seismitoad|Stealth Rock|p1a: Umbreon
|-sidestart|p1: Scavet|move: Stealth Rock
|
|-heal|p1a: Umbreon|68/100|[from] item: Leftovers
|upkeep
|turn|68
|
|t:|1668029505
|move|p2a: Seismitoad|Knock Off|p1a: Umbreon
|-resisted|p1a: Umbreon
|-damage|p1a: Umbreon|58/100
|-enditem|p1a: Umbreon|Leftovers|[from] move: Knock Off|[of] p2a: Seismitoad
|move|p1a: Umbreon|Foul Play|p2a: Seismitoad
|-damage|p2a: Seismitoad|65/100
|
|-heal|p2a: Seismitoad|71/100|[from] item: Leftovers
|upkeep
|turn|69
|
|t:|1668029518
|switch|p2a: Weezing|Weezing-Galar, F|66/100
|-damage|p2a: Weezing|53/100|[from] Stealth Rock
|move|p1a: Umbreon|Moonlight|p1a: Umbreon
|-heal|p1a: Umbreon|100/100
|
|upkeep
|turn|70
|c|☆btboy|i cant believe how hard i tilted not killing that toad after burn
|
|t:|1668029525
|switch|p1a: Seismitoad|Seismitoad, F|100/100
|-damage|p1a: Seismitoad|94/100|[from] Stealth Rock
|move|p2a: Weezing|Pain Split|p1a: Seismitoad
|-sethp|p1a: Seismitoad|69/100|[from] move: Pain Split|[silent]
|-sethp|p2a: Weezing|85/100|[from] move: Pain Split
|
|-heal|p1a: Seismitoad|75/100|[from] item: Leftovers
|upkeep
|turn|71
|inactive|Scavet has 60 seconds left.
|
|t:|1668029535
|switch|p2a: Seismitoad|Seismitoad, F|71/100
|-damage|p2a: Seismitoad|65/100|[from] Stealth Rock
|move|p1a: Seismitoad|Scald|p2a: Seismitoad
|-heal|p2a: Seismitoad|90/100|[from] ability: Water Absorb|[of] p1a: Seismitoad
|
|-heal|p2a: Seismitoad|96/100|[from] item: Leftovers
|-heal|p1a: Seismitoad|81/100|[from] item: Leftovers
|upkeep
|turn|72
|
|t:|1668029540
|switch|p1a: Umbreon|Umbreon, F|100/100
|-damage|p1a: Umbreon|88/100|[from] Stealth Rock
|move|p2a: Seismitoad|Power Whip|p1a: Umbreon
|-damage|p1a: Umbreon|64/100
|
|-heal|p2a: Seismitoad|100/100|[from] item: Leftovers
|upkeep
|turn|73
|
|t:|1668029547
|move|p2a: Seismitoad|Earthquake|p1a: Umbreon
|-damage|p1a: Umbreon|32/100
|move|p1a: Umbreon|Wish|p1a: Umbreon
|
|upkeep
|turn|74
|
|t:|1668029554
|move|p2a: Seismitoad|Earthquake|p1a: Umbreon
|-damage|p1a: Umbreon|0 fnt
|faint|p1a: Umbreon
|
|upkeep
|c|☆Scavet|i choked this too
|
|t:|1668029569
|switch|p1a: Seismitoad|Seismitoad, F|81/100
|-damage|p1a: Seismitoad|75/100|[from] Stealth Rock
|turn|75
|
|t:|1668029579
|move|p2a: Seismitoad|Power Whip|p1a: Seismitoad
|-supereffective|p1a: Seismitoad
|-damage|p1a: Seismitoad|0 fnt
|faint|p1a: Seismitoad
|
|win|btboy
|c|☆btboy|gg
|c|☆Scavet|gg
|player|p1|Scavet|ruinmaniac-gen3
