|inactive|Battle timer is ON: inactive players will automatically lose when time's up.
|t:|1666452069
|gametype|singles
|player|p1|Nael222|265|
|player|p2|btboy|spenser-gen3|
|teamsize|p1|6
|teamsize|p2|6
|gen|8
|tier|[Gen 8] RU
|rule|Sleep Clause Mod: Limit one foe put to sleep
|rule|Species Clause: Limit one of each Pokémon
|rule|OHKO Clause: OHKO moves are banned
|rule|Evasion Items Clause: Evasion items are banned
|rule|Evasion Moves Clause: Evasion moves are banned
|rule|Endless Battle Clause: Forcing endless battles is banned
|rule|HP Percentage Mod: HP is shown in percentages
|rule|Dynamax Clause: You cannot dynamax
|clearpoke
|poke|p1|Rhyperior, F|
|poke|p1|Flygon, F|
|poke|p1|Togekiss, F|
|poke|p1|Metagross|
|poke|p1|Golisopod, M|
|poke|p1|Toxicroak, M|
|poke|p2|Heliolisk, F|
|poke|p2|Chandelure, M|
|poke|p2|Registeel|
|poke|p2|Flygon, F|
|poke|p2|Weezing-Galar, M|
|poke|p2|Milotic, F|
|teampreview
|c|☆btboy|glhf
|c|☆Nael222|hf
|inactive|btboy has 270 seconds left.
|inactive|btboy has 240 seconds left.
|
|t:|1666452134
|start
|switch|p1a: Metagross|Metagross|100/100
|switch|p2a: Chandelure|Chandelure, M|100/100
|turn|1
|
|t:|1666452147
|switch|p1a: Togekiss|Togekiss, F|100/100
|move|p2a: Chandelure|Shadow Ball|p1a: Togekiss
|-damage|p1a: Togekiss|37/100
|
|upkeep
|turn|2
|
|t:|1666452158
|move|p1a: Togekiss|Air Slash|p2a: Chandelure
|-damage|p2a: Chandelure|44/100
|cant|p2a: Chandelure|flinch
|
|upkeep
|turn|3
|
|t:|1666452171
|switch|p1a: Metagross|Metagross|100/100
|switch|p2a: Registeel|Registeel|100/100
|
|upkeep
|turn|4
|
|t:|1666452175
|move|p1a: Metagross|Stealth Rock|p2a: Registeel
|-sidestart|p2: btboy|move: Stealth Rock
|move|p2a: Registeel|Stealth Rock|p1a: Metagross
|-sidestart|p1: Nael222|move: Stealth Rock
|
|upkeep
|turn|5
|
|t:|1666452183
|switch|p2a: Milotic|Milotic, F|100/100
|move|p1a: Metagross|Earthquake|p2a: Milotic
|-damage|p2a: Milotic|71/100
|
|upkeep
|turn|6
|
|t:|1666452211
|switch|p1a: Golisopod|Golisopod, M|100/100
|move|p2a: Milotic|Recover|p2a: Milotic
|-heal|p2a: Milotic|100/100
|
|upkeep
|turn|7
|
|t:|1666452220
|move|p2a: Milotic|Scald|p1a: Golisopod
|-resisted|p1a: Golisopod
|-damage|p1a: Golisopod|85/100
|move|p1a: Golisopod|Knock Off|p2a: Milotic
|-damage|p2a: Milotic|73/100
|-enditem|p2a: Milotic|Heavy-Duty Boots|[from] move: Knock Off|[of] p1a: Golisopod
|
|upkeep
|turn|8
|
|t:|1666452226
|move|p2a: Milotic|Recover|p2a: Milotic
|-heal|p2a: Milotic|100/100
|move|p1a: Golisopod|Spikes|p2a: Milotic
|-sidestart|p2: btboy|Spikes
|
|upkeep
|turn|9
|
|t:|1666452229
|switch|p2a: Weezing|Weezing-Galar, M|100/100
|-damage|p2a: Weezing|88/100|[from] Stealth Rock
|move|p1a: Golisopod|Spikes|p2a: Weezing
|-sidestart|p2: btboy|Spikes
|
|upkeep
|turn|10
|
|t:|1666452240
|move|p2a: Weezing|Defog|p1a: Golisopod
|-unboost|p1a: Golisopod|evasion|1
|-sideend|p1: Nael222|Stealth Rock|[from] move: Defog|[of] p2a: Weezing
|-sideend|p2: btboy|Spikes|[from] move: Defog|[of] p2a: Weezing
|-sideend|p2: btboy|Stealth Rock|[from] move: Defog|[of] p2a: Weezing
|move|p1a: Golisopod|Liquidation|p2a: Weezing
|-damage|p2a: Weezing|58/100
|-unboost|p2a: Weezing|def|1
|-damage|p1a: Golisopod|68/100|[from] item: Rocky Helmet|[of] p2a: Weezing
|
|upkeep
|turn|11
|
|t:|1666452253
|switch|p1a: Togekiss|Togekiss, F|37/100
|move|p2a: Weezing|Will-O-Wisp|p1a: Togekiss
|-status|p1a: Togekiss|brn
|
|-damage|p1a: Togekiss|31/100 brn|[from] brn
|upkeep
|turn|12
|
|t:|1666452263
|switch|p2a: Heliolisk|Heliolisk, F|100/100
|move|p1a: Togekiss|Trick|p2a: Heliolisk
|-activate|p1a: Togekiss|move: Trick|[of] p2a: Heliolisk
|-item|p2a: Heliolisk|Choice Scarf|[from] move: Trick
|-item|p1a: Togekiss|Heavy-Duty Boots|[from] move: Trick
|
|-damage|p1a: Togekiss|25/100 brn|[from] brn
|upkeep
|turn|13
|
|t:|1666452275
|switch|p1a: Flygon|Flygon, F|100/100
|move|p2a: Heliolisk|U-turn|p1a: Flygon
|-damage|p1a: Flygon|89/100
|
|t:|1666452282
|switch|p2a: Weezing|Weezing-Galar, M|58/100|[from]move: U-turn
|
|upkeep
|turn|14
|
|t:|1666452310
|switch|p1a: Metagross|Metagross|100/100
|move|p2a: Weezing|Strange Steam|p1a: Metagross
|-resisted|p1a: Metagross
|-damage|p1a: Metagross|84/100
|
|upkeep
|turn|15
|
|t:|1666452318
|switch|p2a: Chandelure|Chandelure, M|44/100
|move|p1a: Metagross|Stealth Rock|p2a: Chandelure
|-sidestart|p2: btboy|move: Stealth Rock
|
|upkeep
|turn|16
|
|t:|1666452323
|switch|p1a: Golisopod|Golisopod, M|68/100
|move|p2a: Chandelure|Shadow Ball|p1a: Golisopod
|-damage|p1a: Golisopod|0 fnt
|faint|p1a: Golisopod
|
|upkeep
|
|t:|1666452340
|switch|p1a: Flygon|Flygon, F|89/100
|turn|17
|inactive|Nael222 has 270 seconds left.
|inactive|btboy has 270 seconds left.
|
|t:|1666452392
|switch|p2a: Weezing|Weezing-Galar, M|58/100
|-damage|p2a: Weezing|46/100|[from] Stealth Rock
|move|p1a: Flygon|Stone Edge|p2a: Weezing|[miss]
|-miss|p1a: Flygon|p2a: Weezing
|
|upkeep
|turn|18
|
|t:|1666452397
|switch|p1a: Togekiss|Togekiss, F|25/100 brn
|move|p2a: Weezing|Defog|p1a: Togekiss
|-unboost|p1a: Togekiss|evasion|1
|-sideend|p2: btboy|Stealth Rock|[from] move: Defog|[of] p2a: Weezing
|
|-damage|p1a: Togekiss|19/100 brn|[from] brn
|upkeep
|turn|19
|
|t:|1666452404
|switch|p2a: Registeel|Registeel|100/100
|move|p1a: Togekiss|Roost|p1a: Togekiss
|-heal|p1a: Togekiss|69/100 brn
|-singleturn|p1a: Togekiss|move: Roost
|
|-damage|p1a: Togekiss|63/100 brn|[from] brn
|upkeep
|turn|20
|
|t:|1666452410
|switch|p1a: Metagross|Metagross|84/100
|move|p2a: Registeel|Stealth Rock|p1a: Metagross
|-sidestart|p1: Nael222|move: Stealth Rock
|
|upkeep
|turn|21
|
|t:|1666452416
|switch|p2a: Milotic|Milotic, F|100/100
|move|p1a: Metagross|Earthquake|p2a: Milotic
|-damage|p2a: Milotic|73/100
|
|upkeep
|turn|22
|
|t:|1666452422
|move|p1a: Metagross|Stealth Rock|p2a: Milotic
|-sidestart|p2: btboy|move: Stealth Rock
|move|p2a: Milotic|Flip Turn|p1a: Metagross
|-damage|p1a: Metagross|74/100
|
|t:|1666452427
|switch|p2a: Chandelure|Chandelure, M|44/100|[from]move: Flip Turn
|-damage|p2a: Chandelure|19/100|[from] Stealth Rock
|
|upkeep
|turn|23
|
|t:|1666452440
|switch|p1a: Togekiss|Togekiss, F|63/100 brn
|move|p2a: Chandelure|Shadow Ball|p1a: Togekiss
|-damage|p1a: Togekiss|2/100 brn
|
|-damage|p1a: Togekiss|0 fnt|[from] brn
|faint|p1a: Togekiss
|upkeep
|
|t:|1666452443
|switch|p1a: Flygon|Flygon, F|89/100
|-damage|p1a: Flygon|83/100|[from] Stealth Rock
|turn|24
|
|t:|1666452449
|move|p1a: Flygon|Earthquake|p2a: Chandelure
|-supereffective|p2a: Chandelure
|-damage|p2a: Chandelure|0 fnt
|faint|p2a: Chandelure
|
|upkeep
|
|t:|1666452455
|switch|p2a: Weezing|Weezing-Galar, M|46/100
|-damage|p2a: Weezing|34/100|[from] Stealth Rock
|turn|25
|
|t:|1666452459
|switch|p1a: Metagross|Metagross|74/100
|-damage|p1a: Metagross|68/100|[from] Stealth Rock
|move|p2a: Weezing|Pain Split|p1a: Metagross
|-sethp|p1a: Metagross|51/100|[from] move: Pain Split|[silent]
|-sethp|p2a: Weezing|49/100|[from] move: Pain Split
|
|upkeep
|turn|26
|inactive|btboy has 270 seconds left.
|
|t:|1666452492
|switch|p2a: Milotic|Milotic, F|73/100
|-damage|p2a: Milotic|60/100|[from] Stealth Rock
|move|p1a: Metagross|Meteor Mash|p2a: Milotic
|-resisted|p2a: Milotic
|-damage|p2a: Milotic|39/100
|
|upkeep
|turn|27
|
|t:|1666452498
|switch|p1a: Toxicroak|Toxicroak, M|100/100
|-damage|p1a: Toxicroak|94/100|[from] Stealth Rock
|move|p2a: Milotic|Recover|p2a: Milotic
|-heal|p2a: Milotic|89/100
|
|upkeep
|turn|28
|
|t:|1666452510
|move|p1a: Toxicroak|Swords Dance|p1a: Toxicroak
|-boost|p1a: Toxicroak|atk|2
|move|p2a: Milotic|Haze|p2a: Milotic
|-clearallboost
|
|upkeep
|turn|29
|
|t:|1666452518
|move|p1a: Toxicroak|Drain Punch|p2a: Milotic
|-damage|p2a: Milotic|58/100
|-heal|p1a: Toxicroak|100/100|[from] drain|[of] p2a: Milotic
|-damage|p1a: Toxicroak|91/100|[from] item: Life Orb
|move|p2a: Milotic|Haze|p2a: Milotic
|-clearallboost
|
|upkeep
|turn|30
|
|t:|1666452523
|switch|p2a: Flygon|Flygon, F|100/100
|-damage|p2a: Flygon|95/100|[from] Stealth Rock
|move|p1a: Toxicroak|Swords Dance|p1a: Toxicroak
|-boost|p1a: Toxicroak|atk|2
|
|upkeep
|turn|31
|
|t:|1666452528
|move|p1a: Toxicroak|Sucker Punch|p2a: Flygon
|-damage|p2a: Flygon|20/100
|-damage|p1a: Toxicroak|81/100|[from] item: Life Orb
|move|p2a: Flygon|Earthquake|p1a: Toxicroak
|-supereffective|p1a: Toxicroak
|-damage|p1a: Toxicroak|0 fnt
|faint|p1a: Toxicroak
|
|upkeep
|
|t:|1666452533
|switch|p1a: Flygon|Flygon, F|83/100
|-damage|p1a: Flygon|77/100|[from] Stealth Rock
|turn|32
|
|t:|1666452543
|switch|p2a: Registeel|Registeel|100/100
|-damage|p2a: Registeel|94/100|[from] Stealth Rock
|move|p1a: Flygon|Dragon Dance|p1a: Flygon
|-boost|p1a: Flygon|atk|1
|-boost|p1a: Flygon|spe|1
|
|-heal|p2a: Registeel|100/100|[from] item: Leftovers
|upkeep
|turn|33
|
|t:|1666452552
|move|p1a: Flygon|Dragon Dance|p1a: Flygon
|-boost|p1a: Flygon|atk|1
|-boost|p1a: Flygon|spe|1
|move|p2a: Registeel|Body Press|p1a: Flygon
|-damage|p1a: Flygon|40/100
|
|upkeep
|turn|34
|
|t:|1666452559
|move|p1a: Flygon|Earthquake|p2a: Registeel
|-supereffective|p2a: Registeel
|-damage|p2a: Registeel|0 fnt
|faint|p2a: Registeel
|
|upkeep
|inactive|btboy has 270 seconds left.
|
|t:|1666452613
|switch|p2a: Weezing|Weezing-Galar, M|49/100
|-damage|p2a: Weezing|37/100|[from] Stealth Rock
|turn|35
|
|t:|1666452617
|move|p1a: Flygon|Stone Edge|p2a: Weezing
|-damage|p2a: Weezing|0 fnt
|faint|p2a: Weezing
|
|upkeep
|
|t:|1666452623
|switch|p2a: Flygon|Flygon, F|20/100
|-damage|p2a: Flygon|14/100|[from] Stealth Rock
|turn|36
|
|t:|1666452627
|move|p1a: Flygon|Dragon Claw|p2a: Flygon
|-supereffective|p2a: Flygon
|-damage|p2a: Flygon|0 fnt
|faint|p2a: Flygon
|
|upkeep
|
|t:|1666452629
|switch|p2a: Milotic|Milotic, F|58/100
|-damage|p2a: Milotic|46/100|[from] Stealth Rock
|turn|37
|
|t:|1666452633
|move|p1a: Flygon|Earthquake|p2a: Milotic
|-damage|p2a: Milotic|0 fnt
|faint|p2a: Milotic
|
|upkeep
|
|t:|1666452635
|switch|p2a: Heliolisk|Heliolisk, F|100/100
|-damage|p2a: Heliolisk|88/100|[from] Stealth Rock
|turn|38
|
|t:|1666452639
|move|p1a: Flygon|Earthquake|p2a: Heliolisk
|-supereffective|p2a: Heliolisk
|-damage|p2a: Heliolisk|0 fnt
|faint|p2a: Heliolisk
|
|win|Nael222
|c|☆btboy|gg
|c|☆Nael222|gg
