|inactive|Battle timer is ON: inactive players will automatically lose when time's up.
|t:|1651955658
|gametype|singles
|player|p1|a rabbit|#scl1breakers|
|player|p2|guille14|gambler|
|teamsize|p1|6
|teamsize|p2|6
|gen|8
|tier|[Gen 8] RU
|rule|Sleep Clause Mod: Limit one foe put to sleep
|rule|Species Clause: Limit one of each Pokémon
|rule|OHKO Clause: OHKO moves are banned
|rule|Evasion Moves Clause: Evasion moves are banned
|rule|Endless Battle Clause: Forcing endless battles is banned
|rule|HP Percentage Mod: HP is shown in percentages
|rule|Dynamax Clause: You cannot dynamax
|clearpoke
|poke|p1|Suicune|
|poke|p1|Weezing-Galar, F|
|poke|p1|Metagross|
|poke|p1|Umbreon, M|
|poke|p1|Nidoqueen, F|
|poke|p1|Togekiss, F|
|poke|p2|Sylveon, F|
|poke|p2|Scrafty, M|
|poke|p2|Steelix, M|
|poke|p2|Crobat, F|
|poke|p2|Reuniclus, M|
|poke|p2|Milotic, M|
|teampreview
|c|☆a rabbit|glhf
|c|☆guille14|hf
|inactive|a rabbit has 270 seconds left.
|inactive|guille14 has 270 seconds left.
|inactive|a rabbit has 240 seconds left.
|inactive|guille14 has 240 seconds left.
|
|t:|1651955731
|start
|switch|p1a: Suicune|Suicune|100/100
|switch|p2a: Steelix|Steelix, M|100/100
|-ability|p1a: Suicune|Pressure
|turn|1
|
|t:|1651955738
|move|p1a: Suicune|Scald|p2a: Steelix
|-supereffective|p2a: Steelix
|-damage|p2a: Steelix|52/100
|-status|p2a: Steelix|brn
|move|p2a: Steelix|Stealth Rock|p1a: Suicune
|-sidestart|p1: a rabbit|move: Stealth Rock
|
|-heal|p2a: Steelix|59/100 brn|[from] item: Leftovers
|-damage|p2a: Steelix|52/100 brn|[from] brn
|upkeep
|turn|2
|c|+i♥catgirls|open?
|
|t:|1651955757
|switch|p2a: Scrafty|Scrafty, M|100/100
|move|p1a: Suicune|Scald|p2a: Scrafty
|-damage|p2a: Scrafty|82/100
|
|-heal|p2a: Scrafty|88/100|[from] item: Leftovers
|upkeep
|turn|3
|
|t:|1651955763
|switch|p1a: Weezing|Weezing-Galar, F|100/100
|-damage|p1a: Weezing|88/100|[from] Stealth Rock
|move|p2a: Scrafty|Knock Off|p1a: Weezing
|-resisted|p1a: Weezing
|-damage|p1a: Weezing|77/100
|-damage|p2a: Scrafty|72/100|[from] item: Rocky Helmet|[of] p1a: Weezing
|-enditem|p1a: Weezing|Rocky Helmet|[from] move: Knock Off|[of] p2a: Scrafty
|
|-heal|p2a: Scrafty|78/100|[from] item: Leftovers
|upkeep
|turn|4
|
|t:|1651955773
|move|p1a: Weezing|Defog|p2a: Scrafty
|-unboost|p2a: Scrafty|evasion|1
|-sideend|p1: a rabbit|Stealth Rock|[from] move: Defog|[of] p1a: Weezing
|move|p2a: Scrafty|Bulk Up|p2a: Scrafty
|-boost|p2a: Scrafty|atk|1
|-boost|p2a: Scrafty|def|1
|
|-heal|p2a: Scrafty|84/100|[from] item: Leftovers
|upkeep
|turn|5
|
|t:|1651955777
|move|p1a: Weezing|Strange Steam|p2a: Scrafty
|-supereffective|p2a: Scrafty
|-damage|p2a: Scrafty|4/100
|move|p2a: Scrafty|Knock Off|p1a: Weezing
|-resisted|p1a: Weezing
|-damage|p1a: Weezing|68/100
|
|-heal|p2a: Scrafty|10/100|[from] item: Leftovers
|upkeep
|turn|6
|
|t:|1651955787
|switch|p2a: Reuniclus|Reuniclus, M|100/100
|move|p1a: Weezing|Will-O-Wisp|p2a: Reuniclus
|-status|p2a: Reuniclus|brn
|
|upkeep
|turn|7
|
|t:|1651955792
|switch|p1a: Metagross|Metagross, shiny|100/100
|move|p2a: Reuniclus|Psyshock|p1a: Metagross
|-resisted|p1a: Metagross
|-damage|p1a: Metagross|95/100
|
|-heal|p1a: Metagross|100/100|[from] item: Leftovers
|upkeep
|turn|8
|
|t:|1651955798
|switch|p2a: Milotic|Milotic, M|100/100
|move|p1a: Metagross|Cosmic Power|p1a: Metagross
|-boost|p1a: Metagross|def|1
|-boost|p1a: Metagross|spd|1
|
|upkeep
|turn|9
|
|t:|1651955800
|move|p2a: Milotic|Haze|p2a: Milotic
|-clearallboost
|move|p1a: Metagross|Body Press|p2a: Milotic
|-damage|p2a: Milotic|82/100
|
|-heal|p2a: Milotic|88/100|[from] item: Leftovers
|upkeep
|turn|10
|
|t:|1651955808
|move|p2a: Milotic|Toxic|p1a: Metagross
|-immune|p1a: Metagross
|move|p1a: Metagross|Cosmic Power|p1a: Metagross
|-boost|p1a: Metagross|def|1
|-boost|p1a: Metagross|spd|1
|
|-heal|p2a: Milotic|94/100|[from] item: Leftovers
|upkeep
|turn|11
|
|t:|1651955813
|move|p2a: Milotic|Haze|p2a: Milotic
|-clearallboost
|move|p1a: Metagross|Meteor Mash|p2a: Milotic
|-resisted|p2a: Milotic
|-damage|p2a: Milotic|78/100
|
|-heal|p2a: Milotic|84/100|[from] item: Leftovers
|upkeep
|turn|12
|
|t:|1651955818
|switch|p1a: Suicune|Suicune|100/100
|-ability|p1a: Suicune|Pressure
|move|p2a: Milotic|Scald|p1a: Suicune
|-resisted|p1a: Suicune
|-damage|p1a: Suicune|89/100
|
|-heal|p2a: Milotic|90/100|[from] item: Leftovers
|-heal|p1a: Suicune|96/100|[from] item: Leftovers
|upkeep
|turn|13
|
|t:|1651955823
|move|p2a: Milotic|Toxic|p1a: Suicune
|-status|p1a: Suicune|tox
|move|p1a: Suicune|Scald|p2a: Milotic
|-resisted|p2a: Milotic
|-damage|p2a: Milotic|81/100
|
|-heal|p2a: Milotic|87/100|[from] item: Leftovers
|-heal|p1a: Suicune|100/100 tox|[from] item: Leftovers
|-damage|p1a: Suicune|94/100 tox|[from] psn
|upkeep
|turn|14
|
|t:|1651955833
|switch|p2a: Sylveon|Sylveon, F|100/100
|switch|p1a: Umbreon|Umbreon, M|100/100
|
|upkeep
|turn|15
|
|t:|1651955838
|switch|p1a: Nidoqueen|Nidoqueen, F|100/100
|move|p2a: Sylveon|Heal Bell|p2a: Sylveon
|-activate|p2a: Sylveon|move: Heal Bell
|-curestatus|p2: Steelix|brn|[msg]
|-curestatus|p2: Reuniclus|brn|[msg]
|
|upkeep
|turn|16
|
|t:|1651955861
|move|p1a: Nidoqueen|Stealth Rock|p2a: Sylveon
|-sidestart|p2: guille14|move: Stealth Rock
|move|p2a: Sylveon|Wish|p2a: Sylveon
|
|upkeep
|turn|17
|
|t:|1651955874
|switch|p2a: Reuniclus|Reuniclus, M|100/100
|move|p1a: Nidoqueen|Earth Power|p2a: Reuniclus
|-damage|p2a: Reuniclus|72/100
|
|-heal|p2a: Reuniclus|100/100|[from] move: Wish|[wisher] Sylveon
|upkeep
|turn|18
|
|t:|1651955880
|switch|p1a: Metagross|Metagross, shiny|100/100
|move|p2a: Reuniclus|Calm Mind|p2a: Reuniclus
|-boost|p2a: Reuniclus|spa|1
|-boost|p2a: Reuniclus|spd|1
|
|upkeep
|turn|19
|
|t:|1651955889
|move|p1a: Metagross|Cosmic Power|p1a: Metagross
|-boost|p1a: Metagross|def|1
|-boost|p1a: Metagross|spd|1
|move|p2a: Reuniclus|Calm Mind|p2a: Reuniclus
|-boost|p2a: Reuniclus|spa|1
|-boost|p2a: Reuniclus|spd|1
|
|upkeep
|turn|20
|
|t:|1651955894
|switch|p2a: Milotic|Milotic, M|87/100
|-damage|p2a: Milotic|75/100|[from] Stealth Rock
|move|p1a: Metagross|Cosmic Power|p1a: Metagross
|-boost|p1a: Metagross|def|1
|-boost|p1a: Metagross|spd|1
|
|-heal|p2a: Milotic|81/100|[from] item: Leftovers
|upkeep
|turn|21
|
|t:|1651955898
|switch|p1a: Suicune|Suicune|94/100 tox
|-ability|p1a: Suicune|Pressure
|move|p2a: Milotic|Haze|p2a: Milotic
|-clearallboost
|
|-heal|p1a: Suicune|100/100 tox|[from] item: Leftovers
|-heal|p2a: Milotic|87/100|[from] item: Leftovers
|-damage|p1a: Suicune|94/100 tox|[from] psn
|upkeep
|turn|22
|c|+tjay|is this for something
|c|☆a rabbit|fun
|c|+EviGaro|the spectators
|
|t:|1651955916
|switch|p2a: Reuniclus|Reuniclus, M|100/100
|move|p1a: Suicune|Rest|p1a: Suicune
|-status|p1a: Suicune|slp|[from] move: Rest
|-heal|p1a: Suicune|100/100 slp|[silent]
|
|upkeep
|turn|23
|c|+i♥catgirls|why did you not answer me rabbit
|
|t:|1651955929
|switch|p1a: Metagross|Metagross, shiny|100/100
|switch|p2a: Sylveon|Sylveon, F|100/100
|-damage|p2a: Sylveon|88/100|[from] Stealth Rock
|
|-heal|p2a: Sylveon|94/100|[from] item: Leftovers
|upkeep
|turn|24
|
|t:|1651955940
|switch|p2a: Milotic|Milotic, M|87/100
|-damage|p2a: Milotic|74/100|[from] Stealth Rock
|move|p1a: Metagross|Meteor Mash|p2a: Milotic
|-resisted|p2a: Milotic
|-damage|p2a: Milotic|61/100
|-boost|p1a: Metagross|atk|1
|
|-heal|p2a: Milotic|67/100|[from] item: Leftovers
|upkeep
|turn|25
|
|t:|1651955948
|switch|p1a: Umbreon|Umbreon, M|100/100
|move|p2a: Milotic|Recover|p2a: Milotic
|-heal|p2a: Milotic|100/100
|
|upkeep
|turn|26
|
|t:|1651955955
|switch|p2a: Crobat|Crobat, F|100/100
|move|p1a: Umbreon|Wish|p1a: Umbreon
|
|upkeep
|turn|27
|
|t:|1651955959
|switch|p1a: Weezing|Weezing-Galar, F|68/100
|move|p2a: Crobat|Defog|p1a: Weezing
|-unboost|p1a: Weezing|evasion|1
|-sideend|p2: guille14|Stealth Rock|[from] move: Defog|[of] p2a: Crobat
|
|-heal|p1a: Weezing|100/100|[from] move: Wish|[wisher] Umbreon
|upkeep
|turn|28
|
|t:|1651955974
|move|p2a: Crobat|U-turn|p1a: Weezing
|-resisted|p1a: Weezing
|-damage|p1a: Weezing|98/100
|
|t:|1651955990
|switch|p2a: Reuniclus|Reuniclus, M|100/100|[from]move: U-turn
|move|p1a: Weezing|Will-O-Wisp|p2a: Reuniclus
|-status|p2a: Reuniclus|brn
|
|upkeep
|turn|29
|
|t:|1651955998
|switch|p1a: Togekiss|Togekiss, F|100/100
|switch|p2a: Scrafty|Scrafty, M|10/100
|
|-heal|p2a: Scrafty|16/100|[from] item: Leftovers
|upkeep
|turn|30
|
|t:|1651956011
|switch|p2a: Steelix|Steelix, M|52/100
|move|p1a: Togekiss|Flamethrower|p2a: Steelix
|-supereffective|p2a: Steelix
|-damage|p2a: Steelix|3/100
|
|-heal|p2a: Steelix|9/100|[from] item: Leftovers
|upkeep
|turn|31
|
|t:|1651956023
|switch|p2a: Crobat|Crobat, F|100/100
|move|p1a: Togekiss|Flamethrower|p2a: Crobat
|-damage|p2a: Crobat|65/100
|
|upkeep
|turn|32
|
|t:|1651956028
|move|p1a: Togekiss|Flamethrower|p2a: Crobat
|-damage|p2a: Crobat|28/100
|move|p2a: Crobat|U-turn|p1a: Togekiss
|-resisted|p1a: Togekiss
|-damage|p1a: Togekiss|96/100
|
|t:|1651956030
|switch|p2a: Scrafty|Scrafty, M|16/100|[from]move: U-turn
|
|-heal|p2a: Scrafty|22/100|[from] item: Leftovers
|upkeep
|turn|33
|
|t:|1651956034
|switch|p2a: Sylveon|Sylveon, F|94/100
|move|p1a: Togekiss|Flamethrower|p2a: Sylveon
|-damage|p2a: Sylveon|76/100
|
|-heal|p2a: Sylveon|82/100|[from] item: Leftovers
|upkeep
|turn|34
|
|t:|1651956037
|switch|p1a: Nidoqueen|Nidoqueen, F|100/100
|move|p2a: Sylveon|Wish|p2a: Sylveon
|
|-heal|p2a: Sylveon|88/100|[from] item: Leftovers
|upkeep
|turn|35
|
|t:|1651956051
|switch|p2a: Milotic|Milotic, M|100/100
|move|p1a: Nidoqueen|Ice Beam|p2a: Milotic
|-resisted|p2a: Milotic
|-damage|p2a: Milotic|93/100
|
|-heal|p2a: Milotic|100/100|[from] move: Wish|[wisher] Sylveon
|upkeep
|turn|36
|
|t:|1651956056
|switch|p1a: Umbreon|Umbreon, M|100/100
|move|p2a: Milotic|Scald|p1a: Umbreon
|-damage|p1a: Umbreon|87/100
|
|-heal|p1a: Umbreon|93/100|[from] item: Leftovers
|upkeep
|turn|37
|
|t:|1651956063
|switch|p2a: Scrafty|Scrafty, M|22/100
|move|p1a: Umbreon|Foul Play|p2a: Scrafty
|-resisted|p2a: Scrafty
|-damage|p2a: Scrafty|15/100
|
|-heal|p1a: Umbreon|99/100|[from] item: Leftovers
|-heal|p2a: Scrafty|21/100|[from] item: Leftovers
|upkeep
|turn|38
|
|t:|1651956067
|switch|p1a: Weezing|Weezing-Galar, F|98/100
|move|p2a: Scrafty|Rest|p2a: Scrafty
|-status|p2a: Scrafty|slp|[from] move: Rest
|-heal|p2a: Scrafty|100/100 slp|[silent]
|
|upkeep
|turn|39
|
|t:|1651956075
|switch|p1a: Togekiss|Togekiss, F|96/100
|switch|p2a: Crobat|Crobat, F|28/100
|
|upkeep
|turn|40
|
|t:|1651956085
|switch|p2a: Sylveon|Sylveon, F|88/100
|move|p1a: Togekiss|Trick|p2a: Sylveon
|-activate|p1a: Togekiss|move: Trick|[of] p2a: Sylveon
|-item|p2a: Sylveon|Choice Scarf|[from] move: Trick
|-item|p1a: Togekiss|Leftovers|[from] move: Trick
|
|-heal|p1a: Togekiss|100/100|[from] item: Leftovers
|upkeep
|turn|41
|
|t:|1651956092
|move|p1a: Togekiss|Air Slash|p2a: Sylveon
|-damage|p2a: Sylveon|64/100
|cant|p2a: Sylveon|flinch
|
|upkeep
|turn|42
|
|t:|1651956095
|move|p1a: Togekiss|Air Slash|p2a: Sylveon
|-damage|p2a: Sylveon|42/100
|cant|p2a: Sylveon|flinch
|
|upkeep
|turn|43
|
|t:|1651956100
|move|p1a: Togekiss|Air Slash|p2a: Sylveon
|-damage|p2a: Sylveon|20/100
|move|p2a: Sylveon|Wish|p2a: Sylveon
|
|upkeep
|turn|44
|
|t:|1651956117
|switch|p2a: Milotic|Milotic, M|100/100
|move|p1a: Togekiss|Air Slash|p2a: Milotic
|-damage|p2a: Milotic|77/100
|
|-heal|p2a: Milotic|100/100|[from] move: Wish|[wisher] Sylveon
|upkeep
|turn|45
|
|t:|1651956125
|switch|p1a: Umbreon|Umbreon, M|99/100
|switch|p2a: Reuniclus|Reuniclus, M|100/100 brn
|
|-heal|p1a: Umbreon|100/100|[from] item: Leftovers
|upkeep
|turn|46
|
|t:|1651956140
|switch|p2a: Steelix|Steelix, M|9/100
|move|p1a: Umbreon|Foul Play|p2a: Steelix
|-damage|p2a: Steelix|0 fnt
|faint|p2a: Steelix
|
|upkeep
|
|t:|1651956148
|switch|p2a: Reuniclus|Reuniclus, M|100/100 brn
|turn|47
|
|t:|1651956151
|move|p1a: Umbreon|Foul Play|p2a: Reuniclus
|-supereffective|p2a: Reuniclus
|-enditem|p2a: Reuniclus|Colbur Berry|[eat]
|-enditem|p2a: Reuniclus|Colbur Berry|[weaken]
|-damage|p2a: Reuniclus|88/100 brn
|move|p2a: Reuniclus|Calm Mind|p2a: Reuniclus
|-boost|p2a: Reuniclus|spa|1
|-boost|p2a: Reuniclus|spd|1
|
|upkeep
|turn|48
|
|t:|1651956155
|switch|p1a: Metagross|Metagross, shiny|100/100
|move|p2a: Reuniclus|Calm Mind|p2a: Reuniclus
|-boost|p2a: Reuniclus|spa|1
|-boost|p2a: Reuniclus|spd|1
|
|upkeep
|turn|49
|
|t:|1651956159
|move|p1a: Metagross|Cosmic Power|p1a: Metagross
|-boost|p1a: Metagross|def|1
|-boost|p1a: Metagross|spd|1
|move|p2a: Reuniclus|Calm Mind|p2a: Reuniclus
|-boost|p2a: Reuniclus|spa|1
|-boost|p2a: Reuniclus|spd|1
|
|upkeep
|turn|50
|
|t:|1651956163
|move|p1a: Metagross|Cosmic Power|p1a: Metagross
|-boost|p1a: Metagross|def|1
|-boost|p1a: Metagross|spd|1
|move|p2a: Reuniclus|Focus Blast|p1a: Metagross
|-damage|p1a: Metagross|72/100
|
|-heal|p1a: Metagross|78/100|[from] item: Leftovers
|upkeep
|turn|51
|
|t:|1651956169
|move|p1a: Metagross|Cosmic Power|p1a: Metagross
|-boost|p1a: Metagross|def|1
|-boost|p1a: Metagross|spd|1
|move|p2a: Reuniclus|Focus Blast|p1a: Metagross|[miss]
|-miss|p2a: Reuniclus|p1a: Metagross
|
|-heal|p1a: Metagross|84/100|[from] item: Leftovers
|upkeep
|turn|52
|
|t:|1651956174
|switch|p2a: Milotic|Milotic, M|100/100
|move|p1a: Metagross|Body Press|p2a: Milotic
|-damage|p2a: Milotic|53/100
|
|-heal|p2a: Milotic|59/100|[from] item: Leftovers
|-heal|p1a: Metagross|90/100|[from] item: Leftovers
|upkeep
|turn|53
|
|t:|1651956179
|switch|p1a: Nidoqueen|Nidoqueen, F|100/100
|move|p2a: Milotic|Haze|p2a: Milotic
|-clearallboost
|
|-heal|p2a: Milotic|65/100|[from] item: Leftovers
|upkeep
|turn|54
|
|t:|1651956182
|move|p2a: Milotic|Scald|p1a: Nidoqueen
|-supereffective|p1a: Nidoqueen
|-damage|p1a: Nidoqueen|59/100
|-status|p1a: Nidoqueen|brn
|move|p1a: Nidoqueen|Toxic|p2a: Milotic
|-status|p2a: Milotic|tox
|
|-heal|p2a: Milotic|72/100 tox|[from] item: Leftovers
|-heal|p1a: Nidoqueen|66/100 brn|[from] item: Black Sludge
|-damage|p2a: Milotic|65/100 tox|[from] psn
|-damage|p1a: Nidoqueen|59/100 brn|[from] brn
|upkeep
|turn|55
|
|t:|1651956190
|switch|p1a: Umbreon|Umbreon, M|100/100
|move|p2a: Milotic|Recover|p2a: Milotic
|-heal|p2a: Milotic|100/100 tox
|
|-damage|p2a: Milotic|88/100 tox|[from] psn
|upkeep
|turn|56
|
|t:|1651956196
|switch|p2a: Sylveon|Sylveon, F|20/100
|move|p1a: Umbreon|Foul Play|p2a: Sylveon
|-resisted|p2a: Sylveon
|-damage|p2a: Sylveon|13/100
|
|upkeep
|turn|57
|
|t:|1651956202
|switch|p1a: Metagross|Metagross, shiny|90/100
|move|p2a: Sylveon|Heal Bell|p2a: Sylveon
|-activate|p2a: Sylveon|move: Heal Bell
|-curestatus|p2: Scrafty|slp|[msg]
|-curestatus|p2: Milotic|tox|[msg]
|-curestatus|p2: Reuniclus|brn|[msg]
|
|-heal|p1a: Metagross|96/100|[from] item: Leftovers
|upkeep
|turn|58
|
|t:|1651956209
|switch|p2a: Milotic|Milotic, M|88/100
|switch|p1a: Umbreon|Umbreon, M|100/100
|
|-heal|p2a: Milotic|94/100|[from] item: Leftovers
|upkeep
|turn|59
|
|t:|1651956214
|switch|p2a: Scrafty|Scrafty, M|100/100
|move|p1a: Umbreon|Wish|p1a: Umbreon
|
|upkeep
|turn|60
|
|t:|1651956221
|switch|p1a: Togekiss|Togekiss, F|100/100
|switch|p2a: Reuniclus|Reuniclus, M|88/100
|
|upkeep
|turn|61
|
|t:|1651956227
|switch|p2a: Milotic|Milotic, M|94/100
|move|p1a: Togekiss|Air Slash|p2a: Milotic
|-damage|p2a: Milotic|69/100
|
|-heal|p2a: Milotic|75/100|[from] item: Leftovers
|upkeep
|turn|62
|
|t:|1651956231
|switch|p1a: Umbreon|Umbreon, M|100/100
|move|p2a: Milotic|Recover|p2a: Milotic
|-heal|p2a: Milotic|100/100
|
|upkeep
|turn|63
|
|t:|1651956235
|switch|p2a: Scrafty|Scrafty, M|100/100
|move|p1a: Umbreon|Heal Bell|p1a: Umbreon
|-activate|p1a: Umbreon|move: Heal Bell
|-curestatus|p1: Suicune|slp|[msg]
|-curestatus|p1: Nidoqueen|brn|[msg]
|
|upkeep
|turn|64
|
|t:|1651956241
|switch|p1a: Weezing|Weezing-Galar, F|98/100
|move|p2a: Scrafty|Bulk Up|p2a: Scrafty
|-boost|p2a: Scrafty|atk|1
|-boost|p2a: Scrafty|def|1
|
|upkeep
|turn|65
|
|t:|1651956246
|switch|p2a: Crobat|Crobat, F|28/100
|move|p1a: Weezing|Strange Steam|p2a: Crobat
|-resisted|p2a: Crobat
|-damage|p2a: Crobat|9/100
|
|upkeep
|turn|66
|
|t:|1651956249
|move|p2a: Crobat|Roost|p2a: Crobat
|-heal|p2a: Crobat|59/100
|-singleturn|p2a: Crobat|move: Roost
|move|p1a: Weezing|Will-O-Wisp|p2a: Crobat|[miss]
|-miss|p1a: Weezing|p2a: Crobat
|
|upkeep
|turn|67
|
|t:|1651956252
|switch|p2a: Milotic|Milotic, M|100/100
|move|p1a: Weezing|Strange Steam|p2a: Milotic
|-damage|p2a: Milotic|82/100
|
|-heal|p2a: Milotic|88/100|[from] item: Leftovers
|upkeep
|turn|68
|
|t:|1651956258
|switch|p2a: Reuniclus|Reuniclus, M|88/100
|switch|p1a: Suicune|Suicune|100/100
|-ability|p1a: Suicune|Pressure
|
|upkeep
|turn|69
|
|t:|1651956262
|switch|p1a: Metagross|Metagross, shiny|96/100
|move|p2a: Reuniclus|Calm Mind|p2a: Reuniclus
|-boost|p2a: Reuniclus|spa|1
|-boost|p2a: Reuniclus|spd|1
|
|-heal|p1a: Metagross|100/100|[from] item: Leftovers
|upkeep
|turn|70
|inactive|guille14 has 270 seconds left.
|
|t:|1651956294
|move|p1a: Metagross|Cosmic Power|p1a: Metagross
|-boost|p1a: Metagross|def|1
|-boost|p1a: Metagross|spd|1
|move|p2a: Reuniclus|Calm Mind|p2a: Reuniclus
|-boost|p2a: Reuniclus|spa|1
|-boost|p2a: Reuniclus|spd|1
|
|upkeep
|turn|71
|
|t:|1651956297
|switch|p2a: Milotic|Milotic, M|88/100
|move|p1a: Metagross|Meteor Mash|p2a: Milotic
|-resisted|p2a: Milotic
|-damage|p2a: Milotic|73/100
|
|-heal|p2a: Milotic|79/100|[from] item: Leftovers
|upkeep
|turn|72
|
|t:|1651956304
|switch|p1a: Suicune|Suicune|100/100
|-ability|p1a: Suicune|Pressure
|move|p2a: Milotic|Haze|p2a: Milotic
|-clearallboost
|
|-heal|p2a: Milotic|85/100|[from] item: Leftovers
|upkeep
|turn|73
|
|t:|1651956310
|switch|p2a: Scrafty|Scrafty, M|100/100
|move|p1a: Suicune|Calm Mind|p1a: Suicune
|-boost|p1a: Suicune|spa|1
|-boost|p1a: Suicune|spd|1
|
|upkeep
|turn|74
|
|t:|1651956313
|switch|p1a: Weezing|Weezing-Galar, F|98/100
|move|p2a: Scrafty|Knock Off|p1a: Weezing
|-resisted|p1a: Weezing
|-damage|p1a: Weezing|91/100
|
|upkeep
|turn|75
|
|t:|1651956321
|switch|p2a: Reuniclus|Reuniclus, M|88/100
|move|p1a: Weezing|Pain Split|p2a: Reuniclus
|-sethp|p2a: Reuniclus|80/100|[from] move: Pain Split|[silent]
|-sethp|p1a: Weezing|100/100|[from] move: Pain Split
|
|upkeep
|turn|76
|
|t:|1651956332
|switch|p1a: Metagross|Metagross, shiny|100/100
|switch|p2a: Crobat|Crobat, F|59/100
|
|upkeep
|turn|77
|
|t:|1651956338
|move|p2a: Crobat|Roost|p2a: Crobat
|-heal|p2a: Crobat|100/100
|-singleturn|p2a: Crobat|move: Roost
|move|p1a: Metagross|Meteor Mash|p2a: Crobat
|-damage|p2a: Crobat|46/100
|-boost|p1a: Metagross|atk|1
|
|upkeep
|turn|78
|
|t:|1651956343
|move|p2a: Crobat|U-turn|p1a: Metagross
|-damage|p1a: Metagross|87/100
|
|t:|1651956345
|switch|p2a: Milotic|Milotic, M|85/100|[from]move: U-turn
|move|p1a: Metagross|Meteor Mash|p2a: Milotic
|-resisted|p2a: Milotic
|-damage|p2a: Milotic|61/100
|
|-heal|p2a: Milotic|67/100|[from] item: Leftovers
|-heal|p1a: Metagross|93/100|[from] item: Leftovers
|upkeep
|turn|79
|
|t:|1651956348
|switch|p1a: Suicune|Suicune|100/100
|-ability|p1a: Suicune|Pressure
|move|p2a: Milotic|Recover|p2a: Milotic
|-heal|p2a: Milotic|100/100
|
|upkeep
|turn|80
|
|t:|1651956353
|switch|p1a: Umbreon|Umbreon, M|100/100
|move|p2a: Milotic|Toxic|p1a: Umbreon
|-status|p1a: Umbreon|tox
|-activate|p1a: Umbreon|ability: Synchronize
|-status|p2a: Milotic|tox
|
|-damage|p2a: Milotic|94/100 tox|[from] psn
|-damage|p1a: Umbreon|94/100 tox|[from] psn
|upkeep
|turn|81
|
|t:|1651956358
|switch|p2a: Sylveon|Sylveon, F|13/100
|move|p1a: Umbreon|Wish|p1a: Umbreon
|
|-heal|p1a: Umbreon|100/100 tox|[from] item: Leftovers
|-damage|p1a: Umbreon|88/100 tox|[from] psn
|upkeep
|turn|82
|
|t:|1651956360
|switch|p1a: Nidoqueen|Nidoqueen, F|59/100
|move|p2a: Sylveon|Heal Bell|p2a: Sylveon
|-activate|p2a: Sylveon|move: Heal Bell
|-curestatus|p2: Milotic|tox|[msg]
|
|-heal|p1a: Nidoqueen|100/100|[from] move: Wish|[wisher] Umbreon
|upkeep
|turn|83
|
|t:|1651956366
|switch|p2a: Reuniclus|Reuniclus, M|80/100
|move|p1a: Nidoqueen|Stealth Rock|p2a: Reuniclus
|-sidestart|p2: guille14|move: Stealth Rock
|
|upkeep
|turn|84
|
|t:|1651956376
|switch|p1a: Metagross|Metagross, shiny|93/100
|move|p2a: Reuniclus|Calm Mind|p2a: Reuniclus
|-boost|p2a: Reuniclus|spa|1
|-boost|p2a: Reuniclus|spd|1
|
|-heal|p1a: Metagross|99/100|[from] item: Leftovers
|upkeep
|turn|85
|
|t:|1651956384
|move|p1a: Metagross|Cosmic Power|p1a: Metagross
|-boost|p1a: Metagross|def|1
|-boost|p1a: Metagross|spd|1
|move|p2a: Reuniclus|Calm Mind|p2a: Reuniclus
|-boost|p2a: Reuniclus|spa|1
|-boost|p2a: Reuniclus|spd|1
|
|-heal|p1a: Metagross|100/100|[from] item: Leftovers
|upkeep
|turn|86
|
|t:|1651956387
|move|p1a: Metagross|Cosmic Power|p1a: Metagross
|-boost|p1a: Metagross|def|1
|-boost|p1a: Metagross|spd|1
|move|p2a: Reuniclus|Calm Mind|p2a: Reuniclus
|-boost|p2a: Reuniclus|spa|1
|-boost|p2a: Reuniclus|spd|1
|
|upkeep
|turn|87
|
|t:|1651956392
|move|p1a: Metagross|Cosmic Power|p1a: Metagross
|-boost|p1a: Metagross|def|1
|-boost|p1a: Metagross|spd|1
|move|p2a: Reuniclus|Calm Mind|p2a: Reuniclus
|-boost|p2a: Reuniclus|spa|1
|-boost|p2a: Reuniclus|spd|1
|
|upkeep
|turn|88
|
|t:|1651956397
|switch|p2a: Milotic|Milotic, M|94/100
|-damage|p2a: Milotic|82/100|[from] Stealth Rock
|move|p1a: Metagross|Cosmic Power|p1a: Metagross
|-boost|p1a: Metagross|def|1
|-boost|p1a: Metagross|spd|1
|
|-heal|p2a: Milotic|88/100|[from] item: Leftovers
|upkeep
|turn|89
|
|t:|1651956404
|switch|p1a: Umbreon|Umbreon, M|88/100 tox
|move|p2a: Milotic|Haze|p2a: Milotic
|-clearallboost
|
|-heal|p2a: Milotic|94/100|[from] item: Leftovers
|-heal|p1a: Umbreon|94/100 tox|[from] item: Leftovers
|-damage|p1a: Umbreon|88/100 tox|[from] psn
|upkeep
|turn|90
|
|t:|1651956411
|switch|p2a: Crobat|Crobat, F|46/100
|move|p1a: Umbreon|Heal Bell|p1a: Umbreon
|-activate|p1a: Umbreon|move: Heal Bell
|-curestatus|p1a: Umbreon|tox|[msg]
|
|-heal|p1a: Umbreon|94/100|[from] item: Leftovers
|upkeep
|turn|91
|
|t:|1651956414
|move|p2a: Crobat|Roost|p2a: Crobat
|-heal|p2a: Crobat|97/100
|-singleturn|p2a: Crobat|move: Roost
|move|p1a: Umbreon|Foul Play|p2a: Crobat
|-damage|p2a: Crobat|47/100
|
|-heal|p1a: Umbreon|100/100|[from] item: Leftovers
|upkeep
|turn|92
|
|t:|1651956417
|move|p2a: Crobat|Roost|p2a: Crobat
|-heal|p2a: Crobat|97/100
|-singleturn|p2a: Crobat|move: Roost
|move|p1a: Umbreon|Foul Play|p2a: Crobat
|-damage|p2a: Crobat|47/100
|
|upkeep
|turn|93
|
|t:|1651956419
|move|p2a: Crobat|Roost|p2a: Crobat
|-heal|p2a: Crobat|97/100
|-singleturn|p2a: Crobat|move: Roost
|move|p1a: Umbreon|Foul Play|p2a: Crobat
|-damage|p2a: Crobat|51/100
|
|upkeep
|turn|94
|
|t:|1651956427
|switch|p2a: Scrafty|Scrafty, M|100/100
|-damage|p2a: Scrafty|94/100|[from] Stealth Rock
|move|p1a: Umbreon|Foul Play|p2a: Scrafty
|-resisted|p2a: Scrafty
|-damage|p2a: Scrafty|88/100
|
|-heal|p2a: Scrafty|94/100|[from] item: Leftovers
|upkeep
|turn|95
|
|t:|1651956430
|switch|p1a: Weezing|Weezing-Galar, F|100/100
|switch|p2a: Reuniclus|Reuniclus, M|80/100
|
|upkeep
|turn|96
|
|t:|1651956434
|switch|p1a: Metagross|Metagross, shiny|100/100
|switch|p2a: Crobat|Crobat, F|51/100
|
|upkeep
|turn|97
|
|t:|1651956438
|move|p2a: Crobat|U-turn|p1a: Metagross
|-damage|p1a: Metagross|85/100
|
|t:|1651956440
|switch|p2a: Milotic|Milotic, M|94/100|[from]move: U-turn
|-damage|p2a: Milotic|82/100|[from] Stealth Rock
|move|p1a: Metagross|Meteor Mash|p2a: Milotic
|-resisted|p2a: Milotic
|-damage|p2a: Milotic|66/100
|
|-heal|p2a: Milotic|72/100|[from] item: Leftovers
|-heal|p1a: Metagross|91/100|[from] item: Leftovers
|upkeep
|turn|98
|
|t:|1651956446
|switch|p2a: Crobat|Crobat, F|51/100
|switch|p1a: Suicune|Suicune|100/100
|-ability|p1a: Suicune|Pressure
|
|upkeep
|turn|99
|
|t:|1651956452
|move|p2a: Crobat|Roost|p2a: Crobat
|-heal|p2a: Crobat|100/100
|-singleturn|p2a: Crobat|move: Roost
|move|p1a: Suicune|Scald|p2a: Crobat
|-damage|p2a: Crobat|70/100
|
|upkeep
|turn|100
|
|t:|1651956456
|move|p2a: Crobat|U-turn|p1a: Suicune
|-damage|p1a: Suicune|90/100
|
|t:|1651956460
|switch|p2a: Scrafty|Scrafty, M|94/100|[from]move: U-turn
|-damage|p2a: Scrafty|88/100|[from] Stealth Rock
|move|p1a: Suicune|Scald|p2a: Scrafty
|-damage|p2a: Scrafty|72/100
|-status|p2a: Scrafty|brn
|
|-heal|p1a: Suicune|96/100|[from] item: Leftovers
|-heal|p2a: Scrafty|78/100 brn|[from] item: Leftovers
|-damage|p2a: Scrafty|72/100 brn|[from] brn
|upkeep
|turn|101
|
|t:|1651956469
|switch|p1a: Togekiss|Togekiss, F|100/100
|move|p2a: Scrafty|Knock Off|p1a: Togekiss
|-resisted|p1a: Togekiss
|-damage|p1a: Togekiss|92/100
|-enditem|p1a: Togekiss|Leftovers|[from] move: Knock Off|[of] p2a: Scrafty
|
|-heal|p2a: Scrafty|78/100 brn|[from] item: Leftovers
|-damage|p2a: Scrafty|72/100 brn|[from] brn
|upkeep
|turn|102
|
|t:|1651956479
|switch|p2a: Crobat|Crobat, F|70/100
|move|p1a: Togekiss|Air Slash|p2a: Crobat
|-damage|p2a: Crobat|26/100
|
|upkeep
|turn|103
|
|t:|1651956484
|move|p2a: Crobat|Roost|p2a: Crobat
|-heal|p2a: Crobat|76/100
|-singleturn|p2a: Crobat|move: Roost
|move|p1a: Togekiss|Trick|p2a: Crobat
|-activate|p1a: Togekiss|move: Trick|[of] p2a: Crobat
|-enditem|p2a: Crobat|Heavy-Duty Boots|[silent]|[from] move: Trick
|-item|p1a: Togekiss|Heavy-Duty Boots|[from] move: Trick
|
|upkeep
|turn|104
|
|t:|1651956486
|move|p2a: Crobat|Defog|p1a: Togekiss
|-unboost|p1a: Togekiss|evasion|1
|-sideend|p2: guille14|Stealth Rock|[from] move: Defog|[of] p2a: Crobat
|move|p1a: Togekiss|Flamethrower|p2a: Crobat
|-damage|p2a: Crobat|39/100
|
|upkeep
|turn|105
|
|t:|1651956491
|move|p2a: Crobat|Roost|p2a: Crobat
|-heal|p2a: Crobat|89/100
|-singleturn|p2a: Crobat|move: Roost
|move|p1a: Togekiss|Flamethrower|p2a: Crobat
|-damage|p2a: Crobat|55/100
|
|upkeep
|turn|106
|
|t:|1651956497
|move|p2a: Crobat|U-turn|p1a: Togekiss
|-resisted|p1a: Togekiss
|-damage|p1a: Togekiss|88/100
|
|t:|1651956500
|switch|p2a: Milotic|Milotic, M|72/100|[from]move: U-turn
|move|p1a: Togekiss|Roost|p1a: Togekiss
|-heal|p1a: Togekiss|100/100
|-singleturn|p1a: Togekiss|move: Roost
|
|-heal|p2a: Milotic|78/100|[from] item: Leftovers
|upkeep
|turn|107
|inactive|guille14 has 270 seconds left.
|
|t:|1651956548
|move|p1a: Togekiss|Trick|p2a: Milotic
|-activate|p1a: Togekiss|move: Trick|[of] p2a: Milotic
|-item|p2a: Milotic|Heavy-Duty Boots|[from] move: Trick
|-item|p1a: Togekiss|Leftovers|[from] move: Trick
|move|p2a: Milotic|Haze|p2a: Milotic
|-clearallboost
|
|upkeep
|turn|108
|
|t:|1651956556
|switch|p2a: Crobat|Crobat, F|55/100
|move|p1a: Togekiss|Air Slash|p2a: Crobat
|-damage|p2a: Crobat|7/100
|
|upkeep
|turn|109
|
|t:|1651956561
|move|p2a: Crobat|Roost|p2a: Crobat
|-heal|p2a: Crobat|57/100
|-singleturn|p2a: Crobat|move: Roost
|move|p1a: Togekiss|Flamethrower|p2a: Crobat
|-damage|p2a: Crobat|24/100
|-status|p2a: Crobat|brn
|
|-damage|p2a: Crobat|18/100 brn|[from] brn
|upkeep
|turn|110
|
|t:|1651956564
|move|p2a: Crobat|U-turn|p1a: Togekiss
|-resisted|p1a: Togekiss
|-crit|p1a: Togekiss
|-damage|p1a: Togekiss|97/100
|
|t:|1651956569
|switch|p2a: Sylveon|Sylveon, F|13/100|[from]move: U-turn
|move|p1a: Togekiss|Air Slash|p2a: Sylveon
|-damage|p2a: Sylveon|0 fnt
|faint|p2a: Sylveon
|
|-heal|p1a: Togekiss|100/100|[from] item: Leftovers
|upkeep
|
|t:|1651956572
|switch|p2a: Milotic|Milotic, M|78/100
|turn|111
|
|t:|1651956574
|switch|p1a: Umbreon|Umbreon, M|100/100
|move|p2a: Milotic|Recover|p2a: Milotic
|-heal|p2a: Milotic|100/100
|
|upkeep
|turn|112
|
|t:|1651956578
|switch|p2a: Reuniclus|Reuniclus, M|80/100
|switch|p1a: Suicune|Suicune|96/100
|-ability|p1a: Suicune|Pressure
|
|-heal|p1a: Suicune|100/100|[from] item: Leftovers
|upkeep
|turn|113
|
|t:|1651956580
|switch|p1a: Metagross|Metagross, shiny|91/100
|move|p2a: Reuniclus|Calm Mind|p2a: Reuniclus
|-boost|p2a: Reuniclus|spa|1
|-boost|p2a: Reuniclus|spd|1
|
|-heal|p1a: Metagross|97/100|[from] item: Leftovers
|upkeep
|turn|114
|
|t:|1651956583
|move|p1a: Metagross|Cosmic Power|p1a: Metagross
|-boost|p1a: Metagross|def|1
|-boost|p1a: Metagross|spd|1
|move|p2a: Reuniclus|Calm Mind|p2a: Reuniclus
|-boost|p2a: Reuniclus|spa|1
|-boost|p2a: Reuniclus|spd|1
|
|-heal|p1a: Metagross|100/100|[from] item: Leftovers
|upkeep
|turn|115
|
|t:|1651956588
|move|p1a: Metagross|Cosmic Power|p1a: Metagross
|-boost|p1a: Metagross|def|1
|-boost|p1a: Metagross|spd|1
|move|p2a: Reuniclus|Calm Mind|p2a: Reuniclus
|-boost|p2a: Reuniclus|spa|1
|-boost|p2a: Reuniclus|spd|1
|
|upkeep
|turn|116
|
|t:|1651956592
|move|p1a: Metagross|Cosmic Power|p1a: Metagross
|-boost|p1a: Metagross|def|1
|-boost|p1a: Metagross|spd|1
|move|p2a: Reuniclus|Calm Mind|p2a: Reuniclus
|-boost|p2a: Reuniclus|spa|1
|-boost|p2a: Reuniclus|spd|1
|
|upkeep
|turn|117
|
|t:|1651956596
|move|p1a: Metagross|Cosmic Power|p1a: Metagross
|-boost|p1a: Metagross|def|1
|-boost|p1a: Metagross|spd|1
|move|p2a: Reuniclus|Calm Mind|p2a: Reuniclus
|-boost|p2a: Reuniclus|spa|1
|-boost|p2a: Reuniclus|spd|1
|
|upkeep
|turn|118
|
|t:|1651956600
|move|p1a: Metagross|Cosmic Power|p1a: Metagross
|-boost|p1a: Metagross|def|1
|-boost|p1a: Metagross|spd|1
|move|p2a: Reuniclus|Calm Mind|p2a: Reuniclus
|-boost|p2a: Reuniclus|spa|1
|-boost|p2a: Reuniclus|spd|1
|
|upkeep
|turn|119
|
|t:|1651956604
|move|p1a: Metagross|Body Press|p2a: Reuniclus
|-resisted|p2a: Reuniclus
|-damage|p2a: Reuniclus|49/100
|move|p2a: Reuniclus|Focus Blast|p1a: Metagross
|-damage|p1a: Metagross|70/100
|
|-heal|p1a: Metagross|76/100|[from] item: Leftovers
|upkeep
|turn|120
|c|+Astreau|Demon vs demon
|
|t:|1651956609
|move|p1a: Metagross|Body Press|p2a: Reuniclus
|-resisted|p2a: Reuniclus
|-damage|p2a: Reuniclus|23/100
|move|p2a: Reuniclus|Recover|p2a: Reuniclus
|-heal|p2a: Reuniclus|73/100
|
|-heal|p1a: Metagross|82/100|[from] item: Leftovers
|upkeep
|turn|121
|
|t:|1651956613
|move|p1a: Metagross|Cosmic Power|p1a: Metagross
|-boost|p1a: Metagross|def|1
|-boost|p1a: Metagross|spd|1
|move|p2a: Reuniclus|Recover|p2a: Reuniclus
|-heal|p2a: Reuniclus|100/100
|
|-heal|p1a: Metagross|88/100|[from] item: Leftovers
|upkeep
|turn|122
|
|t:|1651956618
|move|p1a: Metagross|Body Press|p2a: Reuniclus
|-resisted|p2a: Reuniclus
|-damage|p2a: Reuniclus|69/100
|move|p2a: Reuniclus|Focus Blast|p1a: Metagross
|-damage|p1a: Metagross|62/100
|
|-heal|p1a: Metagross|68/100|[from] item: Leftovers
|upkeep
|turn|123
|
|t:|1651956623
|move|p1a: Metagross|Body Press|p2a: Reuniclus
|-resisted|p2a: Reuniclus
|-damage|p2a: Reuniclus|35/100
|move|p2a: Reuniclus|Focus Blast|p1a: Metagross
|-damage|p1a: Metagross|43/100
|
|-heal|p1a: Metagross|49/100|[from] item: Leftovers
|upkeep
|turn|124
|
|t:|1651956630
|move|p1a: Metagross|Body Press|p2a: Reuniclus
|-resisted|p2a: Reuniclus
|-damage|p2a: Reuniclus|5/100
|move|p2a: Reuniclus|Recover|p2a: Reuniclus
|-heal|p2a: Reuniclus|55/100
|
|-heal|p1a: Metagross|55/100|[from] item: Leftovers
|upkeep
|turn|125
|
|t:|1651956634
|move|p1a: Metagross|Body Press|p2a: Reuniclus
|-resisted|p2a: Reuniclus
|-damage|p2a: Reuniclus|25/100
|move|p2a: Reuniclus|Recover|p2a: Reuniclus
|-heal|p2a: Reuniclus|75/100
|
|-heal|p1a: Metagross|61/100|[from] item: Leftovers
|upkeep
|turn|126
|
|t:|1651956637
|move|p1a: Metagross|Body Press|p2a: Reuniclus
|-resisted|p2a: Reuniclus
|-damage|p2a: Reuniclus|44/100
|move|p2a: Reuniclus|Recover|p2a: Reuniclus
|-heal|p2a: Reuniclus|94/100
|
|-heal|p1a: Metagross|67/100|[from] item: Leftovers
|upkeep
|turn|127
|
|t:|1651956641
|move|p1a: Metagross|Body Press|p2a: Reuniclus
|-resisted|p2a: Reuniclus
|-damage|p2a: Reuniclus|60/100
|move|p2a: Reuniclus|Recover|p2a: Reuniclus
|-heal|p2a: Reuniclus|100/100
|
|-heal|p1a: Metagross|73/100|[from] item: Leftovers
|upkeep
|turn|128
|
|t:|1651956646
|move|p1a: Metagross|Body Press|p2a: Reuniclus
|-resisted|p2a: Reuniclus
|-damage|p2a: Reuniclus|67/100
|move|p2a: Reuniclus|Calm Mind|p2a: Reuniclus
|-boost|p2a: Reuniclus|spa|0
|-boost|p2a: Reuniclus|spd|0
|
|-heal|p1a: Metagross|79/100|[from] item: Leftovers
|upkeep
|turn|129
|
|t:|1651956650
|move|p1a: Metagross|Meteor Mash|p2a: Reuniclus
|-damage|p2a: Reuniclus|40/100
|move|p2a: Reuniclus|Recover|p2a: Reuniclus
|-heal|p2a: Reuniclus|90/100
|
|-heal|p1a: Metagross|85/100|[from] item: Leftovers
|upkeep
|turn|130
|
|t:|1651956656
|move|p1a: Metagross|Meteor Mash|p2a: Reuniclus
|-damage|p2a: Reuniclus|62/100
|move|p2a: Reuniclus|Recover|p2a: Reuniclus
|-heal|p2a: Reuniclus|100/100
|
|-heal|p1a: Metagross|91/100|[from] item: Leftovers
|upkeep
|turn|131
|
|t:|1651956661
|move|p1a: Metagross|Meteor Mash|p2a: Reuniclus
|-crit|p2a: Reuniclus
|-damage|p2a: Reuniclus|60/100
|move|p2a: Reuniclus|Psyshock|p1a: Metagross
|-resisted|p1a: Metagross
|-damage|p1a: Metagross|85/100
|
|-heal|p1a: Metagross|91/100|[from] item: Leftovers
|upkeep
|turn|132
|
|t:|1651956666
|move|p1a: Metagross|Meteor Mash|p2a: Reuniclus
|-damage|p2a: Reuniclus|30/100
|move|p2a: Reuniclus|Recover|p2a: Reuniclus
|-heal|p2a: Reuniclus|80/100
|
|-heal|p1a: Metagross|97/100|[from] item: Leftovers
|upkeep
|turn|133
|
|t:|1651956671
|move|p1a: Metagross|Rest|p1a: Metagross
|-status|p1a: Metagross|slp|[from] move: Rest
|-heal|p1a: Metagross|100/100 slp|[silent]
|move|p2a: Reuniclus|Recover|p2a: Reuniclus
|-heal|p2a: Reuniclus|100/100
|
|upkeep
|turn|134
|
|t:|1651956678
|cant|p1a: Metagross|slp
|move|p2a: Reuniclus|Psyshock|p1a: Metagross
|-resisted|p1a: Metagross
|-damage|p1a: Metagross|95/100 slp
|
|-heal|p1a: Metagross|100/100 slp|[from] item: Leftovers
|upkeep
|turn|135
|
|t:|1651956682
|cant|p1a: Metagross|slp
|move|p2a: Reuniclus|Focus Blast|p1a: Metagross|[miss]
|-miss|p2a: Reuniclus|p1a: Metagross
|
|upkeep
|turn|136
|
|t:|1651956688
|-curestatus|p1a: Metagross|slp|[msg]
|move|p1a: Metagross|Meteor Mash|p2a: Reuniclus
|-damage|p2a: Reuniclus|74/100
|move|p2a: Reuniclus|Calm Mind|p2a: Reuniclus
|-boost|p2a: Reuniclus|spa|0
|-boost|p2a: Reuniclus|spd|0
|
|upkeep
|turn|137
|
|t:|1651956698
|move|p1a: Metagross|Meteor Mash|p2a: Reuniclus
|-damage|p2a: Reuniclus|47/100
|move|p2a: Reuniclus|Calm Mind|p2a: Reuniclus
|-boost|p2a: Reuniclus|spa|0
|-boost|p2a: Reuniclus|spd|0
|
|upkeep
|turn|138
|
|t:|1651956702
|move|p1a: Metagross|Body Press|p2a: Reuniclus
|-resisted|p2a: Reuniclus
|-damage|p2a: Reuniclus|13/100
|move|p2a: Reuniclus|Recover|p2a: Reuniclus
|-heal|p2a: Reuniclus|63/100
|
|upkeep
|turn|139
|
|t:|1651956709
|move|p1a: Metagross|Meteor Mash|p2a: Reuniclus
|-damage|p2a: Reuniclus|33/100
|move|p2a: Reuniclus|Recover|p2a: Reuniclus
|-heal|p2a: Reuniclus|83/100
|
|upkeep
|turn|140
|
|t:|1651956723
|move|p1a: Metagross|Body Press|p2a: Reuniclus
|-resisted|p2a: Reuniclus
|-damage|p2a: Reuniclus|50/100
|move|p2a: Reuniclus|Focus Blast|p1a: Metagross
|-damage|p1a: Metagross|78/100
|
|-heal|p1a: Metagross|84/100|[from] item: Leftovers
|upkeep
|turn|141
|
|t:|1651956730
|move|p1a: Metagross|Rest|p1a: Metagross
|-status|p1a: Metagross|slp|[from] move: Rest
|-heal|p1a: Metagross|100/100 slp|[silent]
|move|p2a: Reuniclus|Recover|p2a: Reuniclus
|-heal|p2a: Reuniclus|99/100
|
|upkeep
|turn|142
|
|t:|1651956734
|switch|p2a: Milotic|Milotic, M|100/100
|cant|p1a: Metagross|slp
|
|upkeep
|turn|143
|
|t:|1651956738
|switch|p1a: Suicune|Suicune|100/100
|-ability|p1a: Suicune|Pressure
|move|p2a: Milotic|Haze|p2a: Milotic
|-clearallboost
|
|upkeep
|turn|144
|
|t:|1651956748
|switch|p2a: Scrafty|Scrafty, M|72/100 brn
|move|p1a: Suicune|Calm Mind|p1a: Suicune
|-boost|p1a: Suicune|spa|1
|-boost|p1a: Suicune|spd|1
|
|-heal|p2a: Scrafty|78/100 brn|[from] item: Leftovers
|-damage|p2a: Scrafty|72/100 brn|[from] brn
|upkeep
|turn|145
|
|t:|1651956753
|switch|p1a: Weezing|Weezing-Galar, F|100/100
|move|p2a: Scrafty|Knock Off|p1a: Weezing
|-resisted|p1a: Weezing
|-damage|p1a: Weezing|97/100
|
|-heal|p2a: Scrafty|78/100 brn|[from] item: Leftovers
|-damage|p2a: Scrafty|72/100 brn|[from] brn
|upkeep
|turn|146
|
|t:|1651956757
|switch|p2a: Milotic|Milotic, M|100/100
|move|p1a: Weezing|Strange Steam|p2a: Milotic
|-damage|p2a: Milotic|82/100
|
|upkeep
|turn|147
|
|t:|1651956763
|switch|p2a: Scrafty|Scrafty, M|72/100 brn
|switch|p1a: Suicune|Suicune|100/100
|-ability|p1a: Suicune|Pressure
|
|-heal|p2a: Scrafty|78/100 brn|[from] item: Leftovers
|-damage|p2a: Scrafty|72/100 brn|[from] brn
|upkeep
|turn|148
|
|t:|1651956769
|switch|p1a: Nidoqueen|Nidoqueen, F|100/100
|switch|p2a: Milotic|Milotic, M|82/100
|
|upkeep
|turn|149
|
|t:|1651956773
|switch|p2a: Scrafty|Scrafty, M|72/100 brn
|move|p1a: Nidoqueen|Toxic||[still]
|-fail|p1a: Nidoqueen
|
|-activate|p2a: Scrafty|ability: Shed Skin
|-curestatus|p2a: Scrafty|brn|[msg]
|-heal|p2a: Scrafty|78/100|[from] item: Leftovers
|upkeep
|turn|150
|
|t:|1651956776
|move|p1a: Nidoqueen|Stealth Rock|p2a: Scrafty
|-sidestart|p2: guille14|move: Stealth Rock
|move|p2a: Scrafty|Knock Off|p1a: Nidoqueen
|-damage|p1a: Nidoqueen|67/100
|-enditem|p1a: Nidoqueen|Black Sludge|[from] move: Knock Off|[of] p2a: Scrafty
|
|-heal|p2a: Scrafty|84/100|[from] item: Leftovers
|upkeep
|turn|151
|
|t:|1651956782
|switch|p1a: Weezing|Weezing-Galar, F|97/100
|switch|p2a: Crobat|Crobat, F|18/100 brn
|-damage|p2a: Crobat|0 fnt|[from] Stealth Rock
|faint|p2a: Crobat
|
|upkeep
|
|t:|1651956791
|switch|p2a: Reuniclus|Reuniclus, M|99/100
|turn|152
|
|t:|1651956800
|switch|p1a: Metagross|Metagross, shiny|100/100 slp
|move|p2a: Reuniclus|Calm Mind|p2a: Reuniclus
|-boost|p2a: Reuniclus|spa|1
|-boost|p2a: Reuniclus|spd|1
|
|upkeep
|turn|153
|
|t:|1651956807
|switch|p2a: Milotic|Milotic, M|82/100
|cant|p1a: Metagross|slp
|
|upkeep
|turn|154
|
|t:|1651956812
|switch|p2a: Scrafty|Scrafty, M|84/100
|-damage|p2a: Scrafty|78/100|[from] Stealth Rock
|switch|p1a: Umbreon|Umbreon, M|100/100
|
|-heal|p2a: Scrafty|84/100|[from] item: Leftovers
|upkeep
|turn|155
|
|t:|1651956815
|switch|p1a: Weezing|Weezing-Galar, F|97/100
|move|p2a: Scrafty|Bulk Up|p2a: Scrafty
|-boost|p2a: Scrafty|atk|1
|-boost|p2a: Scrafty|def|1
|
|-heal|p2a: Scrafty|90/100|[from] item: Leftovers
|upkeep
|turn|156
|
|t:|1651956823
|switch|p2a: Reuniclus|Reuniclus, M|99/100
|move|p1a: Weezing|Strange Steam|p2a: Reuniclus
|-damage|p2a: Reuniclus|76/100
|-start|p2a: Reuniclus|confusion
|
|upkeep
|turn|157
|
|t:|1651956829
|switch|p1a: Togekiss|Togekiss, F|100/100
|switch|p2a: Milotic|Milotic, M|82/100
|
|upkeep
|turn|158
|
|t:|1651956833
|move|p1a: Togekiss|Air Slash|p2a: Milotic
|-damage|p2a: Milotic|59/100
|cant|p2a: Milotic|flinch
|
|upkeep
|turn|159
|
|t:|1651956836
|move|p1a: Togekiss|Air Slash|p2a: Milotic|[miss]
|-miss|p1a: Togekiss|p2a: Milotic
|move|p2a: Milotic|Recover|p2a: Milotic
|-heal|p2a: Milotic|100/100
|
|upkeep
|turn|160
|
|t:|1651956840
|switch|p1a: Umbreon|Umbreon, M|100/100
|move|p2a: Milotic|Toxic|p1a: Umbreon
|-status|p1a: Umbreon|tox
|-activate|p1a: Umbreon|ability: Synchronize
|-status|p2a: Milotic|tox
|
|-damage|p2a: Milotic|94/100 tox|[from] psn
|-damage|p1a: Umbreon|94/100 tox|[from] psn
|upkeep
|turn|161
|
|t:|1651956844
|switch|p2a: Reuniclus|Reuniclus, M|76/100
|switch|p1a: Suicune|Suicune|100/100
|-ability|p1a: Suicune|Pressure
|
|upkeep
|turn|162
|
|t:|1651956849
|switch|p1a: Metagross|Metagross, shiny|100/100 slp
|switch|p2a: Scrafty|Scrafty, M|90/100
|-damage|p2a: Scrafty|84/100|[from] Stealth Rock
|
|-heal|p2a: Scrafty|90/100|[from] item: Leftovers
|upkeep
|turn|163
|
|t:|1651956853
|switch|p1a: Weezing|Weezing-Galar, F|97/100
|move|p2a: Scrafty|Bulk Up|p2a: Scrafty
|-boost|p2a: Scrafty|atk|1
|-boost|p2a: Scrafty|def|1
|
|-heal|p2a: Scrafty|96/100|[from] item: Leftovers
|upkeep
|turn|164
|
|t:|1651956859
|move|p1a: Weezing|Strange Steam|p2a: Scrafty
|-supereffective|p2a: Scrafty
|-damage|p2a: Scrafty|19/100
|move|p2a: Scrafty|Rest|p2a: Scrafty
|-status|p2a: Scrafty|slp|[from] move: Rest
|-heal|p2a: Scrafty|100/100 slp|[silent]
|
|upkeep
|turn|165
|
|t:|1651956863
|switch|p2a: Reuniclus|Reuniclus, M|76/100
|move|p1a: Weezing|Strange Steam|p2a: Reuniclus
|-damage|p2a: Reuniclus|49/100
|
|upkeep
|turn|166
|
|t:|1651956868
|switch|p1a: Metagross|Metagross, shiny|100/100 slp
|move|p2a: Reuniclus|Recover|p2a: Reuniclus
|-heal|p2a: Reuniclus|99/100
|
|upkeep
|turn|167
|
|t:|1651956873
|switch|p2a: Milotic|Milotic, M|94/100 tox
|-curestatus|p1a: Metagross|slp|[msg]
|move|p1a: Metagross|Cosmic Power|p1a: Metagross
|-boost|p1a: Metagross|def|1
|-boost|p1a: Metagross|spd|1
|
|-damage|p2a: Milotic|88/100 tox|[from] psn
|upkeep
|turn|168
|
|t:|1651956879
|switch|p1a: Suicune|Suicune|100/100
|-ability|p1a: Suicune|Pressure
|move|p2a: Milotic|Haze|p2a: Milotic
|-clearallboost
|
|-damage|p2a: Milotic|76/100 tox|[from] psn
|upkeep
|turn|169
|
|t:|1651956883
|switch|p2a: Scrafty|Scrafty, M|100/100 slp
|-damage|p2a: Scrafty|94/100 slp|[from] Stealth Rock
|move|p1a: Suicune|Calm Mind|p1a: Suicune
|-boost|p1a: Suicune|spa|1
|-boost|p1a: Suicune|spd|1
|
|-activate|p2a: Scrafty|ability: Shed Skin
|-curestatus|p2a: Scrafty|slp|[msg]
|-heal|p2a: Scrafty|100/100|[from] item: Leftovers
|upkeep
|turn|170
|
|t:|1651956887
|switch|p1a: Weezing|Weezing-Galar, F|97/100
|move|p2a: Scrafty|Bulk Up|p2a: Scrafty
|-boost|p2a: Scrafty|atk|1
|-boost|p2a: Scrafty|def|1
|
|upkeep
|turn|171
|
|t:|1651956891
|move|p1a: Weezing|Will-O-Wisp|p2a: Scrafty
|-status|p2a: Scrafty|brn
|move|p2a: Scrafty|Rest|p2a: Scrafty
|-fail|p2a: Scrafty|heal
|
|-damage|p2a: Scrafty|94/100 brn|[from] brn
|upkeep
|turn|172
|
|t:|1651956895
|move|p1a: Weezing|Strange Steam|p2a: Scrafty
|-supereffective|p2a: Scrafty
|-damage|p2a: Scrafty|19/100 brn
|-start|p2a: Scrafty|confusion
|-activate|p2a: Scrafty|confusion
|move|p2a: Scrafty|Rest|p2a: Scrafty
|-status|p2a: Scrafty|slp|[from] move: Rest
|-heal|p2a: Scrafty|100/100 slp|[silent]
|
|upkeep
|turn|173
|
|t:|1651956900
|switch|p1a: Togekiss|Togekiss, F|100/100
|switch|p2a: Reuniclus|Reuniclus, M|99/100
|
|upkeep
|turn|174
|
|t:|1651956904
|move|p1a: Togekiss|Air Slash|p2a: Reuniclus
|-damage|p2a: Reuniclus|66/100
|cant|p2a: Reuniclus|flinch
|
|upkeep
|turn|175
|
|t:|1651956907
|move|p1a: Togekiss|Air Slash|p2a: Reuniclus
|-damage|p2a: Reuniclus|33/100
|cant|p2a: Reuniclus|flinch
|
|upkeep
|turn|176
|
|t:|1651956911
|move|p1a: Togekiss|Air Slash|p2a: Reuniclus
|-damage|p2a: Reuniclus|1/100
|move|p2a: Reuniclus|Recover|p2a: Reuniclus
|-heal|p2a: Reuniclus|51/100
|
|upkeep
|turn|177
|
|t:|1651956920
|switch|p2a: Milotic|Milotic, M|76/100 tox
|move|p1a: Togekiss|Air Slash|p2a: Milotic
|-damage|p2a: Milotic|51/100 tox
|
|-damage|p2a: Milotic|45/100 tox|[from] psn
|upkeep
|turn|178
|
|t:|1651956924
|move|p1a: Togekiss|Air Slash|p2a: Milotic|[miss]
|-miss|p1a: Togekiss|p2a: Milotic
|move|p2a: Milotic|Recover|p2a: Milotic
|-heal|p2a: Milotic|95/100 tox
|
|-damage|p2a: Milotic|83/100 tox|[from] psn
|upkeep
|turn|179
|
|t:|1651956927
|move|p1a: Togekiss|Air Slash|p2a: Milotic
|-damage|p2a: Milotic|57/100 tox
|cant|p2a: Milotic|flinch
|
|-damage|p2a: Milotic|39/100 tox|[from] psn
|upkeep
|turn|180
|
|t:|1651956930
|move|p1a: Togekiss|Air Slash|p2a: Milotic
|-damage|p2a: Milotic|14/100 tox
|cant|p2a: Milotic|flinch
|
|-damage|p2a: Milotic|0 fnt|[from] psn
|faint|p2a: Milotic
|upkeep
|
|t:|1651956933
|switch|p2a: Reuniclus|Reuniclus, M|51/100
|turn|181
|
|t:|1651956936
|move|p1a: Togekiss|Air Slash|p2a: Reuniclus
|-damage|p2a: Reuniclus|21/100
|cant|p2a: Reuniclus|flinch
|
|upkeep
|turn|182
|
|t:|1651956939
|move|p1a: Togekiss|Air Slash|p2a: Reuniclus
|-damage|p2a: Reuniclus|0 fnt
|faint|p2a: Reuniclus
|
|upkeep
|c|☆a rabbit|ggs
|
|t:|1651956943
|switch|p2a: Scrafty|Scrafty, M|100/100 slp
|-damage|p2a: Scrafty|94/100 slp|[from] Stealth Rock
|turn|183
|c|☆guille14|ggs 
|c|☆guille14|gl in the rest
|
|t:|1651956954
|move|p1a: Togekiss|Air Slash|p2a: Scrafty
|-supereffective|p2a: Scrafty
|-damage|p2a: Scrafty|47/100 slp
|cant|p2a: Scrafty|slp
|
|-heal|p2a: Scrafty|53/100 slp|[from] item: Leftovers
|upkeep
|turn|184
|c|☆a rabbit|ty
|
|t:|1651956958
|move|p1a: Togekiss|Air Slash|p2a: Scrafty
|-supereffective|p2a: Scrafty
|-damage|p2a: Scrafty|9/100 slp
|cant|p2a: Scrafty|slp
|
|-activate|p2a: Scrafty|ability: Shed Skin
|-curestatus|p2a: Scrafty|slp|[msg]
|-heal|p2a: Scrafty|15/100|[from] item: Leftovers
|upkeep
|turn|185
|
|t:|1651956961
|move|p1a: Togekiss|Flamethrower|p2a: Scrafty
|-crit|p2a: Scrafty
|-damage|p2a: Scrafty|0 fnt
|faint|p2a: Scrafty
|
|win|a rabbit
