|inactive|Battle timer is ON: inactive players will automatically lose when time's up.
|t:|1661130804
|gametype|singles
|player|p1|hjkhj ㋛|2|
|player|p2|Mrsoup|266|
|teamsize|p1|6
|teamsize|p2|6
|gen|8
|tier|[Gen 8] RU
|rule|Sleep Clause Mod: Limit one foe put to sleep
|rule|Species Clause: Limit one of each Pokémon
|rule|OHKO Clause: OHKO moves are banned
|rule|Evasion Moves Clause: Evasion moves are banned
|rule|Endless Battle Clause: Forcing endless battles is banned
|rule|HP Percentage Mod: HP is shown in percentages
|rule|Dynamax Clause: You cannot dynamax
|clearpoke
|poke|p1|Metagross|
|poke|p1|Crobat, F|
|poke|p1|Umbreon, F|
|poke|p1|Reuniclus, M|
|poke|p1|Milotic, M|
|poke|p1|Palossand, F|
|poke|p2|Toxicroak, F|
|poke|p2|Celebi|
|poke|p2|Registeel|
|poke|p2|Golisopod, F|
|poke|p2|Raikou|
|poke|p2|Flygon, F|
|teampreview
|inactive|hjkhj ㋛ also wants the timer to be on.
|c|☆hjkhj ㋛|gl hf
|inactive|Mrsoup disconnected and has 300 seconds to reconnect!
|player|p2|
|inactive|hjkhj ㋛ has 270 seconds left.
|inactive|Mrsoup reconnected and has 285 seconds left.
|player|p2|Mrsoup|266
|c|☆Mrsoup|Hf
|inactive|Mrsoup has 270 seconds left.
|inactive|Mrsoup has 240 seconds left.
|
|t:|1661130913
|start
|switch|p1a: Reuniclus|Reuniclus, M|100/100
|switch|p2a: Registeel|Registeel|100/100
|turn|1
|inactive|Mrsoup has 270 seconds left.
|
|t:|1661130934
|move|p2a: Registeel|Stealth Rock|p1a: Reuniclus
|-sidestart|p1: hjkhj ㋛|move: Stealth Rock
|move|p1a: Reuniclus|Knock Off|p2a: Registeel
|-damage|p2a: Registeel|93/100
|-enditem|p2a: Registeel|Leftovers|[from] move: Knock Off|[of] p1a: Reuniclus
|
|upkeep
|turn|2
|inactive|Mrsoup has 270 seconds left.
|
|t:|1661130945
|switch|p1a: Crobat|Crobat, F|100/100
|move|p2a: Registeel|Thunder Wave|p1a: Crobat
|-status|p1a: Crobat|par
|
|upkeep
|turn|3
|inactive|Mrsoup has 270 seconds left.
|
|t:|1661130951
|switch|p1a: Palossand|Palossand, F|100/100
|-damage|p1a: Palossand|94/100|[from] Stealth Rock
|move|p2a: Registeel|Seismic Toss|p1a: Palossand
|-immune|p1a: Palossand
|
|upkeep
|turn|4
|inactive|Mrsoup has 270 seconds left.
|inactive|Mrsoup has 240 seconds left.
|
|t:|1661131011
|switch|p2a: Celebi|Celebi|100/100
|move|p1a: Palossand|Stealth Rock|p2a: Celebi
|-sidestart|p2: Mrsoup|move: Stealth Rock
|
|upkeep
|turn|5
|
|t:|1661131024
|switch|p1a: Umbreon|Umbreon, F|100/100
|move|p2a: Celebi|Nasty Plot|p2a: Celebi
|-boost|p2a: Celebi|spa|2
|
|upkeep
|turn|6
|
|t:|1661131032
|move|p2a: Celebi|Aura Sphere|p1a: Umbreon
|-supereffective|p1a: Umbreon
|-damage|p1a: Umbreon|52/100
|move|p1a: Umbreon|Foul Play|p2a: Celebi
|-supereffective|p2a: Celebi
|-damage|p2a: Celebi|52/100
|
|-heal|p2a: Celebi|59/100|[from] item: Leftovers
|upkeep
|turn|7
|inactive|hjkhj ㋛ has 270 seconds left.
|
|t:|1661131065
|switch|p1a: Reuniclus|Reuniclus, M|100/100
|move|p2a: Celebi|Recover|p2a: Celebi
|-heal|p2a: Celebi|100/100
|
|upkeep
|turn|8
|c|+pokemonisfun|lets go theo
|inactive|Mrsoup has 210 seconds left.
|
|t:|1661131101
|move|p2a: Celebi|Nasty Plot|p2a: Celebi
|-boost|p2a: Celebi|spa|2
|move|p1a: Reuniclus|Knock Off|p2a: Celebi
|-supereffective|p2a: Celebi
|-damage|p2a: Celebi|78/100
|-enditem|p2a: Celebi|Leftovers|[from] move: Knock Off|[of] p1a: Reuniclus
|
|upkeep
|turn|9
|
|t:|1661131109
|move|p2a: Celebi|Psychic|p1a: Reuniclus
|-resisted|p1a: Reuniclus
|-crit|p1a: Reuniclus
|-damage|p1a: Reuniclus|26/100
|-unboost|p1a: Reuniclus|spd|1
|move|p1a: Reuniclus|Toxic|p2a: Celebi
|-status|p2a: Celebi|tox
|
|-damage|p2a: Celebi|71/100 tox|[from] psn
|upkeep
|turn|10
|inactive|Mrsoup has 210 seconds left.
|
|t:|1661131121
|switch|p1a: Metagross|Metagross|100/100
|-damage|p1a: Metagross|94/100|[from] Stealth Rock
|move|p2a: Celebi|Psychic|p1a: Metagross
|-resisted|p1a: Metagross
|-damage|p1a: Metagross|71/100
|
|-damage|p2a: Celebi|59/100 tox|[from] psn
|upkeep
|turn|11
|inactive|Mrsoup has 210 seconds left.
|
|t:|1661131136
|-curestatus|p2a: Celebi|tox|[from] ability: Natural Cure
|switch|p2a: Golisopod|Golisopod, F|100/100
|switch|p1a: Reuniclus|Reuniclus, M|59/100
|
|upkeep
|turn|12
|inactive|Mrsoup has 210 seconds left.
|
|t:|1661131148
|switch|p1a: Palossand|Palossand, F|94/100
|-damage|p1a: Palossand|88/100|[from] Stealth Rock
|move|p2a: Golisopod|Liquidation|p1a: Palossand
|-supereffective|p1a: Palossand
|-damage|p1a: Palossand|30/100
|-ability|p1a: Palossand|Water Compaction|boost
|-boost|p1a: Palossand|def|2
|
|upkeep
|turn|13
|inactive|Mrsoup has 210 seconds left.
|
|t:|1661131162
|move|p2a: Golisopod|Liquidation|p1a: Palossand
|-supereffective|p1a: Palossand
|-damage|p1a: Palossand|0 fnt
|faint|p1a: Palossand
|
|upkeep
|
|t:|1661131171
|switch|p1a: Milotic|Milotic, M|100/100
|turn|14
|
|t:|1661131184
|switch|p2a: Toxicroak|Toxicroak, F|100/100
|-damage|p2a: Toxicroak|94/100|[from] Stealth Rock
|move|p1a: Milotic|Toxic|p2a: Toxicroak
|-immune|p2a: Toxicroak
|
|upkeep
|turn|15
|
|t:|1661131192
|switch|p1a: Reuniclus|Reuniclus, M|93/100
|move|p2a: Toxicroak|Swords Dance|p2a: Toxicroak
|-boost|p2a: Toxicroak|atk|2
|
|upkeep
|turn|16
|
|t:|1661131198
|move|p2a: Toxicroak|Gunk Shot|p1a: Reuniclus
|-damage|p1a: Reuniclus|12/100
|move|p1a: Reuniclus|Psychic|p2a: Toxicroak
|-supereffective|p2a: Toxicroak
|-damage|p2a: Toxicroak|0 fnt
|faint|p2a: Toxicroak
|
|upkeep
|inactive|Mrsoup has 210 seconds left.
|inactive|Mrsoup has 180 seconds left.
|inactive|Mrsoup has 150 seconds left.
|
|t:|1661131292
|switch|p2a: Raikou|Raikou|100/100
|-damage|p2a: Raikou|88/100|[from] Stealth Rock
|-ability|p2a: Raikou|Pressure
|turn|17
|
|t:|1661131302
|switch|p1a: Umbreon|Umbreon, F|52/100
|move|p2a: Raikou|Thunderbolt|p1a: Umbreon
|-damage|p1a: Umbreon|29/100
|
|-heal|p2a: Raikou|94/100|[from] item: Leftovers
|upkeep
|turn|18
|inactive|Mrsoup has 120 seconds left.
|
|t:|1661131340
|move|p2a: Raikou|Thunderbolt|p1a: Umbreon
|-damage|p1a: Umbreon|7/100
|move|p1a: Umbreon|Wish|p1a: Umbreon
|
|-heal|p2a: Raikou|100/100|[from] item: Leftovers
|upkeep
|turn|19
|
|t:|1661131344
|switch|p1a: Reuniclus|Reuniclus, M|46/100
|move|p2a: Raikou|Calm Mind|p2a: Raikou
|-boost|p2a: Raikou|spa|1
|-boost|p2a: Raikou|spd|1
|
|-heal|p1a: Reuniclus|92/100|[from] move: Wish|[wisher] Umbreon
|upkeep
|turn|20
|
|t:|1661131358
|switch|p2a: Celebi|Celebi|59/100
|-damage|p2a: Celebi|47/100|[from] Stealth Rock
|move|p1a: Reuniclus|Toxic|p2a: Celebi
|-status|p2a: Celebi|tox
|
|-damage|p2a: Celebi|41/100 tox|[from] psn
|upkeep
|turn|21
|
|t:|1661131363
|switch|p1a: Metagross|Metagross|71/100
|-damage|p1a: Metagross|65/100|[from] Stealth Rock
|move|p2a: Celebi|Recover|p2a: Celebi
|-heal|p2a: Celebi|91/100 tox
|
|-damage|p2a: Celebi|79/100 tox|[from] psn
|upkeep
|turn|22
|
|t:|1661131367
|-curestatus|p2a: Celebi|tox|[from] ability: Natural Cure
|switch|p2a: Flygon|Flygon, F|100/100
|-damage|p2a: Flygon|95/100|[from] Stealth Rock
|move|p1a: Metagross|Meteor Mash|p2a: Flygon
|-damage|p2a: Flygon|44/100
|-damage|p1a: Metagross|48/100|[from] item: Rocky Helmet|[of] p2a: Flygon
|
|upkeep
|turn|23
|
|t:|1661131378
|switch|p1a: Reuniclus|Reuniclus, M|100/100
|move|p2a: Flygon|Roost|p2a: Flygon
|-heal|p2a: Flygon|94/100
|-singleturn|p2a: Flygon|move: Roost
|
|upkeep
|turn|24
|
|t:|1661131382
|move|p2a: Flygon|U-turn|p1a: Reuniclus
|-supereffective|p1a: Reuniclus
|-damage|p1a: Reuniclus|71/100
|inactive|Mrsoup has 150 seconds left.
|
|t:|1661131387
|switch|p2a: Celebi|Celebi|79/100|[from]move: U-turn
|-damage|p2a: Celebi|66/100|[from] Stealth Rock
|move|p1a: Reuniclus|Psychic|p2a: Celebi
|-resisted|p2a: Celebi
|-damage|p2a: Celebi|47/100
|
|upkeep
|turn|25
|
|t:|1661131393
|move|p2a: Celebi|Recover|p2a: Celebi
|-heal|p2a: Celebi|97/100
|move|p1a: Reuniclus|Toxic|p2a: Celebi
|-status|p2a: Celebi|tox
|
|-damage|p2a: Celebi|91/100 tox|[from] psn
|upkeep
|turn|26
|
|t:|1661131402
|move|p2a: Celebi|Psychic|p1a: Reuniclus
|-resisted|p1a: Reuniclus
|-damage|p1a: Reuniclus|56/100
|move|p1a: Reuniclus|Psychic|p2a: Celebi
|-resisted|p2a: Celebi
|-damage|p2a: Celebi|72/100 tox
|
|-damage|p2a: Celebi|59/100 tox|[from] psn
|upkeep
|turn|27
|
|t:|1661131406
|-curestatus|p2a: Celebi|tox|[from] ability: Natural Cure
|switch|p2a: Registeel|Registeel|93/100
|-damage|p2a: Registeel|87/100|[from] Stealth Rock
|move|p1a: Reuniclus|Psychic|p2a: Registeel
|-resisted|p2a: Registeel
|-damage|p2a: Registeel|77/100
|
|upkeep
|turn|28
|
|t:|1661131420
|switch|p1a: Milotic|Milotic, M|100/100
|move|p2a: Registeel|Seismic Toss|p1a: Milotic
|-damage|p1a: Milotic|75/100
|
|upkeep
|turn|29
|
|t:|1661131431
|move|p1a: Milotic|Scald|p2a: Registeel
|-damage|p2a: Registeel|63/100
|move|p2a: Registeel|Thunder Wave|p1a: Milotic
|-status|p1a: Milotic|par
|
|upkeep
|turn|30
|
|t:|1661131439
|switch|p2a: Celebi|Celebi|59/100
|-damage|p2a: Celebi|47/100|[from] Stealth Rock
|switch|p1a: Reuniclus|Reuniclus, M|89/100
|
|upkeep
|turn|31
|inactive|Mrsoup has 180 seconds left.
|
|t:|1661131445
|move|p2a: Celebi|Recover|p2a: Celebi
|-heal|p2a: Celebi|97/100
|move|p1a: Reuniclus|Toxic|p2a: Celebi
|-status|p2a: Celebi|tox
|
|-damage|p2a: Celebi|91/100 tox|[from] psn
|upkeep
|turn|32
|inactive|Mrsoup has 180 seconds left.
|
|t:|1661131466
|-curestatus|p2a: Celebi|tox|[from] ability: Natural Cure
|switch|p2a: Registeel|Registeel|63/100
|-damage|p2a: Registeel|57/100|[from] Stealth Rock
|switch|p1a: Metagross|Metagross|48/100
|-damage|p1a: Metagross|42/100|[from] Stealth Rock
|
|upkeep
|turn|33
|
|t:|1661131473
|switch|p2a: Flygon|Flygon, F|94/100
|-damage|p2a: Flygon|88/100|[from] Stealth Rock
|move|p1a: Metagross|Rest|p1a: Metagross
|-status|p1a: Metagross|slp|[from] move: Rest
|-heal|p1a: Metagross|100/100 slp|[silent]
|-enditem|p1a: Metagross|Chesto Berry|[eat]
|-curestatus|p1a: Metagross|slp|[msg]
|
|upkeep
|turn|34
|inactive|Mrsoup has 180 seconds left.
|
|t:|1661131481
|switch|p1a: Reuniclus|Reuniclus, M|100/100
|move|p2a: Flygon|U-turn|p1a: Reuniclus
|-supereffective|p1a: Reuniclus
|-damage|p1a: Reuniclus|72/100
|inactive|Mrsoup has 180 seconds left.
|
|t:|1661131487
|switch|p2a: Golisopod|Golisopod, F|100/100|[from]move: U-turn
|
|upkeep
|turn|35
|
|t:|1661131496
|switch|p1a: Crobat|Crobat, F|100/100 par
|move|p2a: Golisopod|First Impression|p1a: Crobat
|-resisted|p1a: Crobat
|-damage|p1a: Crobat|86/100 par
|
|upkeep
|turn|36
|
|t:|1661131506
|move|p1a: Crobat|Brave Bird|p2a: Golisopod
|-supereffective|p2a: Golisopod
|-damage|p2a: Golisopod|41/100
|-damage|p1a: Crobat|69/100 par|[from] Recoil
|-activate|p2a: Golisopod|ability: Emergency Exit
|
|t:|1661131510
|switch|p2a: Raikou|Raikou|100/100
|-damage|p2a: Raikou|88/100|[from] Stealth Rock
|-ability|p2a: Raikou|Pressure
|
|-heal|p2a: Raikou|94/100|[from] item: Leftovers
|upkeep
|turn|37
|inactive|Mrsoup has 180 seconds left.
|
|t:|1661131542
|switch|p2a: Golisopod|Golisopod, F|41/100
|switch|p1a: Reuniclus|Reuniclus, M|100/100
|
|upkeep
|turn|38
|
|t:|1661131549
|move|p2a: Golisopod|Leech Life|p1a: Reuniclus
|-supereffective|p1a: Reuniclus
|-damage|p1a: Reuniclus|33/100
|-heal|p2a: Golisopod|84/100|[from] drain|[of] p1a: Reuniclus
|move|p1a: Reuniclus|Psychic|p2a: Golisopod
|-crit|p2a: Golisopod
|-damage|p2a: Golisopod|14/100
|-activate|p2a: Golisopod|ability: Emergency Exit
|inactive|Mrsoup has 150 seconds left.
|inactive|Mrsoup has 120 seconds left.
|inactive|Mrsoup has 90 seconds left.
|
|t:|1661131661
|switch|p2a: Celebi|Celebi|91/100
|-damage|p2a: Celebi|79/100|[from] Stealth Rock
|
|upkeep
|turn|39
|
|t:|1661131664
|move|p2a: Celebi|Nasty Plot|p2a: Celebi
|-boost|p2a: Celebi|spa|2
|move|p1a: Reuniclus|Recover|p1a: Reuniclus
|-heal|p1a: Reuniclus|83/100
|
|upkeep
|turn|40
|
|t:|1661131676
|move|p2a: Celebi|Nasty Plot|p2a: Celebi
|-boost|p2a: Celebi|spa|2
|move|p1a: Reuniclus|Toxic|p2a: Celebi
|-status|p2a: Celebi|tox
|
|-damage|p2a: Celebi|73/100 tox|[from] psn
|upkeep
|turn|41
|
|t:|1661131680
|move|p2a: Celebi|Psychic|p1a: Reuniclus
|-resisted|p1a: Reuniclus
|-damage|p1a: Reuniclus|35/100
|move|p1a: Reuniclus|Recover|p1a: Reuniclus
|-heal|p1a: Reuniclus|85/100
|
|-damage|p2a: Celebi|60/100 tox|[from] psn
|upkeep
|turn|42
|
|t:|1661131686
|move|p2a: Celebi|Recover|p2a: Celebi
|-heal|p2a: Celebi|100/100 tox
|move|p1a: Reuniclus|Psychic|p2a: Celebi
|-resisted|p2a: Celebi
|-damage|p2a: Celebi|81/100 tox
|
|-damage|p2a: Celebi|63/100 tox|[from] psn
|upkeep
|turn|43
|
|t:|1661131695
|-curestatus|p2a: Celebi|tox|[from] ability: Natural Cure
|switch|p2a: Registeel|Registeel|57/100
|-damage|p2a: Registeel|51/100|[from] Stealth Rock
|move|p1a: Reuniclus|Psychic|p2a: Registeel
|-resisted|p2a: Registeel
|-damage|p2a: Registeel|41/100
|
|upkeep
|turn|44
|
|t:|1661131703
|switch|p1a: Milotic|Milotic, M|75/100 par
|move|p2a: Registeel|Seismic Toss|p1a: Milotic
|-damage|p1a: Milotic|50/100 par
|
|upkeep
|turn|45
|
|t:|1661131709
|move|p2a: Registeel|Seismic Toss|p1a: Milotic
|-damage|p1a: Milotic|24/100 par
|move|p1a: Milotic|Recover|p1a: Milotic
|-heal|p1a: Milotic|74/100 par
|
|upkeep
|turn|46
|
|t:|1661131716
|switch|p2a: Celebi|Celebi|63/100
|-damage|p2a: Celebi|50/100|[from] Stealth Rock
|cant|p1a: Milotic|par
|
|upkeep
|turn|47
|inactive|Mrsoup has 120 seconds left.
|
|t:|1661131721
|switch|p1a: Reuniclus|Reuniclus, M|100/100
|move|p2a: Celebi|Recover|p2a: Celebi
|-heal|p2a: Celebi|100/100
|
|upkeep
|turn|48
|
|t:|1661131725
|switch|p2a: Registeel|Registeel|41/100
|-damage|p2a: Registeel|35/100|[from] Stealth Rock
|move|p1a: Reuniclus|Toxic|p2a: Registeel
|-immune|p2a: Registeel
|
|upkeep
|turn|49
|
|t:|1661131732
|switch|p1a: Milotic|Milotic, M|74/100 par
|move|p2a: Registeel|Thunder Wave|p1a: Milotic
|-fail|p1a: Milotic|par
|
|upkeep
|turn|50
|
|t:|1661131736
|switch|p2a: Celebi|Celebi|100/100
|-damage|p2a: Celebi|88/100|[from] Stealth Rock
|move|p1a: Milotic|Toxic|p2a: Celebi
|-status|p2a: Celebi|tox
|
|-damage|p2a: Celebi|82/100 tox|[from] psn
|upkeep
|turn|51
|inactive|Mrsoup has 150 seconds left.
|
|t:|1661131744
|switch|p1a: Metagross|Metagross|100/100
|-damage|p1a: Metagross|94/100|[from] Stealth Rock
|move|p2a: Celebi|Nasty Plot|p2a: Celebi
|-boost|p2a: Celebi|spa|2
|
|-damage|p2a: Celebi|70/100 tox|[from] psn
|upkeep
|turn|52
|
|t:|1661131748
|-curestatus|p2a: Celebi|tox|[from] ability: Natural Cure
|switch|p2a: Flygon|Flygon, F|88/100
|-damage|p2a: Flygon|82/100|[from] Stealth Rock
|switch|p1a: Reuniclus|Reuniclus, M|100/100
|
|upkeep
|turn|53
|
|t:|1661131756
|move|p2a: Flygon|U-turn|p1a: Reuniclus
|-supereffective|p1a: Reuniclus
|-damage|p1a: Reuniclus|75/100
|
|t:|1661131758
|switch|p2a: Celebi|Celebi|70/100|[from]move: U-turn
|-damage|p2a: Celebi|57/100|[from] Stealth Rock
|move|p1a: Reuniclus|Psychic|p2a: Celebi
|-resisted|p2a: Celebi
|-crit|p2a: Celebi
|-damage|p2a: Celebi|31/100
|
|upkeep
|turn|54
|
|t:|1661131766
|move|p2a: Celebi|Recover|p2a: Celebi
|-heal|p2a: Celebi|81/100
|move|p1a: Reuniclus|Toxic|p2a: Celebi
|-status|p2a: Celebi|tox
|
|-damage|p2a: Celebi|75/100 tox|[from] psn
|upkeep
|turn|55
|inactive|Mrsoup has 180 seconds left.
|
|t:|1661131782
|switch|p1a: Metagross|Metagross|94/100
|-damage|p1a: Metagross|88/100|[from] Stealth Rock
|move|p2a: Celebi|Nasty Plot|p2a: Celebi
|-boost|p2a: Celebi|spa|2
|
|-damage|p2a: Celebi|63/100 tox|[from] psn
|upkeep
|turn|56
|
|t:|1661131790
|-curestatus|p2a: Celebi|tox|[from] ability: Natural Cure
|switch|p2a: Flygon|Flygon, F|82/100
|-damage|p2a: Flygon|76/100|[from] Stealth Rock
|switch|p1a: Reuniclus|Reuniclus, M|100/100
|
|upkeep
|turn|57
|inactive|Mrsoup has 180 seconds left.
|
|t:|1661131801
|move|p2a: Flygon|U-turn|p1a: Reuniclus
|-supereffective|p1a: Reuniclus
|-damage|p1a: Reuniclus|73/100
|
|t:|1661131802
|switch|p2a: Celebi|Celebi|63/100|[from]move: U-turn
|-damage|p2a: Celebi|50/100|[from] Stealth Rock
|move|p1a: Reuniclus|Toxic|p2a: Celebi
|-status|p2a: Celebi|tox
|
|-damage|p2a: Celebi|44/100 tox|[from] psn
|upkeep
|turn|58
|
|t:|1661131809
|switch|p1a: Metagross|Metagross|88/100
|-damage|p1a: Metagross|82/100|[from] Stealth Rock
|move|p2a: Celebi|Recover|p2a: Celebi
|-heal|p2a: Celebi|94/100 tox
|
|-damage|p2a: Celebi|82/100 tox|[from] psn
|upkeep
|turn|59
|
|t:|1661131814
|-curestatus|p2a: Celebi|tox|[from] ability: Natural Cure
|switch|p2a: Flygon|Flygon, F|76/100
|-damage|p2a: Flygon|70/100|[from] Stealth Rock
|move|p1a: Metagross|Cosmic Power|p1a: Metagross
|-boost|p1a: Metagross|def|1
|-boost|p1a: Metagross|spd|1
|
|upkeep
|turn|60
|
|t:|1661131823
|switch|p1a: Reuniclus|Reuniclus, M|100/100
|move|p2a: Flygon|Earthquake|p1a: Reuniclus
|-damage|p1a: Reuniclus|71/100
|
|upkeep
|turn|61
|
|t:|1661131828
|move|p2a: Flygon|U-turn|p1a: Reuniclus
|-supereffective|p1a: Reuniclus
|-damage|p1a: Reuniclus|43/100
|inactive|Mrsoup has 210 seconds left.
|
|t:|1661131838
|switch|p2a: Celebi|Celebi|82/100|[from]move: U-turn
|-damage|p2a: Celebi|70/100|[from] Stealth Rock
|move|p1a: Reuniclus|Psychic|p2a: Celebi
|-resisted|p2a: Celebi
|-damage|p2a: Celebi|51/100
|
|upkeep
|turn|62
|inactive|Mrsoup has 210 seconds left.
|
|t:|1661131857
|move|p2a: Celebi|Nasty Plot|p2a: Celebi
|-boost|p2a: Celebi|spa|2
|move|p1a: Reuniclus|Recover|p1a: Reuniclus
|-heal|p1a: Reuniclus|93/100
|
|upkeep
|turn|63
|
|t:|1661131861
|move|p2a: Celebi|Nasty Plot|p2a: Celebi
|-boost|p2a: Celebi|spa|2
|move|p1a: Reuniclus|Toxic|p2a: Celebi
|-status|p2a: Celebi|tox
|
|-damage|p2a: Celebi|45/100 tox|[from] psn
|upkeep
|turn|64
|
|t:|1661131866
|move|p2a: Celebi|Recover|p2a: Celebi
|-heal|p2a: Celebi|95/100 tox
|move|p1a: Reuniclus|Knock Off|p2a: Celebi
|-supereffective|p2a: Celebi
|-damage|p2a: Celebi|79/100 tox
|
|-damage|p2a: Celebi|66/100 tox|[from] psn
|upkeep
|turn|65
|
|t:|1661131872
|move|p2a: Celebi|Psychic|p1a: Reuniclus
|-resisted|p1a: Reuniclus
|-damage|p1a: Reuniclus|48/100
|move|p1a: Reuniclus|Psychic|p2a: Celebi
|-resisted|p2a: Celebi
|-damage|p2a: Celebi|47/100 tox
|
|-damage|p2a: Celebi|28/100 tox|[from] psn
|upkeep
|turn|66
|
|t:|1661131879
|-curestatus|p2a: Celebi|tox|[from] ability: Natural Cure
|switch|p2a: Flygon|Flygon, F|70/100
|-damage|p2a: Flygon|64/100|[from] Stealth Rock
|move|p1a: Reuniclus|Recover|p1a: Reuniclus
|-heal|p1a: Reuniclus|98/100
|
|upkeep
|turn|67
|inactive|Mrsoup has 240 seconds left.
|
|t:|1661131889
|move|p2a: Flygon|U-turn|p1a: Reuniclus
|-supereffective|p1a: Reuniclus
|-damage|p1a: Reuniclus|70/100
|
|t:|1661131891
|switch|p2a: Registeel|Registeel|35/100|[from]move: U-turn
|-damage|p2a: Registeel|29/100|[from] Stealth Rock
|move|p1a: Reuniclus|Toxic|p2a: Registeel
|-immune|p2a: Registeel
|
|upkeep
|turn|68
|
|t:|1661131899
|switch|p1a: Metagross|Metagross|82/100
|-damage|p1a: Metagross|76/100|[from] Stealth Rock
|move|p2a: Registeel|Seismic Toss|p1a: Metagross
|-damage|p1a: Metagross|49/100
|
|upkeep
|turn|69
|
|t:|1661131909
|switch|p2a: Flygon|Flygon, F|64/100
|-damage|p2a: Flygon|58/100|[from] Stealth Rock
|move|p1a: Metagross|Body Press|p2a: Flygon
|-damage|p2a: Flygon|29/100
|-damage|p1a: Metagross|32/100|[from] item: Rocky Helmet|[of] p2a: Flygon
|
|upkeep
|turn|70
|
|t:|1661131919
|switch|p1a: Reuniclus|Reuniclus, M|100/100
|move|p2a: Flygon|Roost|p2a: Flygon
|-heal|p2a: Flygon|79/100
|-singleturn|p2a: Flygon|move: Roost
|
|upkeep
|turn|71
|
|t:|1661131926
|move|p2a: Flygon|U-turn|p1a: Reuniclus
|-supereffective|p1a: Reuniclus
|-damage|p1a: Reuniclus|74/100
|
|t:|1661131928
|switch|p2a: Registeel|Registeel|29/100|[from]move: U-turn
|-damage|p2a: Registeel|23/100|[from] Stealth Rock
|move|p1a: Reuniclus|Psychic|p2a: Registeel
|-resisted|p2a: Registeel
|-damage|p2a: Registeel|13/100
|
|upkeep
|turn|72
|
|t:|1661131936
|switch|p1a: Milotic|Milotic, M|74/100 par
|move|p2a: Registeel|Seismic Toss|p1a: Milotic
|-damage|p1a: Milotic|49/100 par
|
|upkeep
|turn|73
|
|t:|1661131953
|switch|p2a: Celebi|Celebi|28/100
|-damage|p2a: Celebi|16/100|[from] Stealth Rock
|move|p1a: Milotic|Recover|p1a: Milotic
|-heal|p1a: Milotic|99/100 par
|
|upkeep
|turn|74
|
|t:|1661131962
|move|p2a: Celebi|Recover|p2a: Celebi
|-heal|p2a: Celebi|66/100
|move|p1a: Milotic|Toxic|p2a: Celebi
|-status|p2a: Celebi|tox
|
|-damage|p2a: Celebi|60/100 tox|[from] psn
|upkeep
|turn|75
|
|t:|1661131969
|move|p2a: Celebi|Recover|p2a: Celebi
|-heal|p2a: Celebi|100/100 tox
|move|p1a: Milotic|Scald|p2a: Celebi
|-resisted|p2a: Celebi
|-damage|p2a: Celebi|86/100 tox
|
|-damage|p2a: Celebi|74/100 tox|[from] psn
|upkeep
|turn|76
|inactive|Mrsoup has 270 seconds left.
|inactive|Mrsoup has 240 seconds left.
|inactive|Mrsoup disconnected and has 280 seconds to reconnect!
|player|p2|
|inactive|Mrsoup has 270 seconds to reconnect!
|inactive|Mrsoup reconnected and has 225 seconds left.
|player|p2|Mrsoup|266
|inactive|Mrsoup has 210 seconds left.
|
|t:|1661132063
|-curestatus|p2a: Celebi|tox|[from] ability: Natural Cure
|switch|p2a: Registeel|Registeel|13/100
|-damage|p2a: Registeel|7/100|[from] Stealth Rock
|cant|p1a: Milotic|par
|
|upkeep
|turn|77
|
|t:|1661132072
|move|p2a: Registeel|Seismic Toss|p1a: Milotic
|-damage|p1a: Milotic|74/100 par
|move|p1a: Milotic|Toxic|p2a: Registeel
|-immune|p2a: Registeel
|
|upkeep
|turn|78
|inactive|Mrsoup has 210 seconds left.
|
|t:|1661132080
|move|p2a: Registeel|Seismic Toss|p1a: Milotic
|-damage|p1a: Milotic|48/100 par
|move|p1a: Milotic|Recover|p1a: Milotic
|-heal|p1a: Milotic|98/100 par
|
|upkeep
|turn|79
|
|t:|1661132085
|move|p2a: Registeel|Seismic Toss|p1a: Milotic
|-damage|p1a: Milotic|73/100 par
|move|p1a: Milotic|Scald|p2a: Registeel
|-damage|p2a: Registeel|0 fnt
|faint|p2a: Registeel
|
|upkeep
|inactive|Mrsoup has 210 seconds left.
|
|t:|1661132119
|switch|p2a: Raikou|Raikou|94/100
|-damage|p2a: Raikou|82/100|[from] Stealth Rock
|-ability|p2a: Raikou|Pressure
|turn|80
|
|t:|1661132122
|switch|p1a: Reuniclus|Reuniclus, M|100/100
|move|p2a: Raikou|Calm Mind|p2a: Raikou
|-boost|p2a: Raikou|spa|1
|-boost|p2a: Raikou|spd|1
|
|-heal|p2a: Raikou|88/100|[from] item: Leftovers
|upkeep
|turn|81
|
|t:|1661132126
|move|p2a: Raikou|Shadow Ball|p1a: Reuniclus
|-supereffective|p1a: Reuniclus
|-damage|p1a: Reuniclus|34/100
|move|p1a: Reuniclus|Psychic|p2a: Raikou
|-damage|p2a: Raikou|62/100
|
|-heal|p2a: Raikou|68/100|[from] item: Leftovers
|upkeep
|turn|82
|
|t:|1661132131
|switch|p1a: Umbreon|Umbreon, F|7/100
|move|p2a: Raikou|Thunderbolt|p1a: Umbreon
|-damage|p1a: Umbreon|0 fnt
|faint|p1a: Umbreon
|
|-heal|p2a: Raikou|74/100|[from] item: Leftovers
|upkeep
|
|t:|1661132138
|switch|p1a: Reuniclus|Reuniclus, M|67/100
|turn|83
|
|t:|1661132145
|move|p2a: Raikou|Shadow Ball|p1a: Reuniclus
|-supereffective|p1a: Reuniclus
|-damage|p1a: Reuniclus|4/100
|-unboost|p1a: Reuniclus|spd|1
|move|p1a: Reuniclus|Toxic|p2a: Raikou
|-status|p2a: Raikou|tox
|
|-heal|p2a: Raikou|80/100 tox|[from] item: Leftovers
|-damage|p2a: Raikou|74/100 tox|[from] psn
|upkeep
|turn|84
|inactive|Mrsoup has 240 seconds left.
|
|t:|1661132151
|switch|p1a: Metagross|Metagross|32/100
|-damage|p1a: Metagross|26/100|[from] Stealth Rock
|move|p2a: Raikou|Thunderbolt|p1a: Metagross
|-damage|p1a: Metagross|0 fnt
|faint|p1a: Metagross
|
|-heal|p2a: Raikou|80/100 tox|[from] item: Leftovers
|-damage|p2a: Raikou|68/100 tox|[from] psn
|upkeep
|
|t:|1661132153
|switch|p1a: Reuniclus|Reuniclus, M|38/100
|turn|85
|
|t:|1661132164
|switch|p1a: Milotic|Milotic, M|73/100 par
|move|p2a: Raikou|Thunderbolt|p1a: Milotic
|-supereffective|p1a: Milotic
|-damage|p1a: Milotic|0 fnt
|faint|p1a: Milotic
|
|-heal|p2a: Raikou|74/100 tox|[from] item: Leftovers
|-damage|p2a: Raikou|55/100 tox|[from] psn
|upkeep
|
|t:|1661132168
|switch|p1a: Reuniclus|Reuniclus, M|71/100
|turn|86
|
|t:|1661132172
|move|p2a: Raikou|Shadow Ball|p1a: Reuniclus
|-supereffective|p1a: Reuniclus
|-crit|p1a: Reuniclus
|-damage|p1a: Reuniclus|0 fnt
|faint|p1a: Reuniclus
|
|-heal|p2a: Raikou|62/100 tox|[from] item: Leftovers
|-damage|p2a: Raikou|37/100 tox|[from] psn
|upkeep
|c|☆hjkhj ㋛|gg
|
|t:|1661132177
|switch|p1a: Crobat|Crobat, F|69/100 par
|turn|87
|
|t:|1661132181
|move|p2a: Raikou|Thunderbolt|p1a: Crobat
|-supereffective|p1a: Crobat
|-damage|p1a: Crobat|0 fnt
|faint|p1a: Crobat
|
|win|Mrsoup
|c|☆Mrsoup|Gg
