|inactive|Battle timer is ON: inactive players will automatically lose when time's up.
|t:|1665354784
|gametype|singles
|player|p1|btboy|spenser-gen3|
|player|p2|GW|#bltixsnorlaxes|
|teamsize|p1|6
|teamsize|p2|6
|gen|8
|tier|[Gen 8] RU
|rule|Sleep Clause Mod: Limit one foe put to sleep
|rule|Species Clause: Limit one of each Pokémon
|rule|OHKO Clause: OHKO moves are banned
|rule|Evasion Items Clause: Evasion items are banned
|rule|Evasion Moves Clause: Evasion moves are banned
|rule|Endless Battle Clause: Forcing endless battles is banned
|rule|HP Percentage Mod: HP is shown in percentages
|rule|Dynamax Clause: You cannot dynamax
|clearpoke
|poke|p1|Golisopod, M|
|poke|p1|Bewear, F|
|poke|p1|Reuniclus, F|
|poke|p1|Steelix, M|
|poke|p1|Crobat, M|
|poke|p1|Milotic, F|
|poke|p2|Talonflame, F|
|poke|p2|Bronzong|
|poke|p2|Gastrodon, F|
|poke|p2|Bewear, M|
|poke|p2|Raikou|
|poke|p2|Tsareena, F|
|teampreview
|c|☆btboy|glhf
|c|☆GW|u2
|c|+Floss|ptpl?
|c|☆GW|r6 losers ssnl
|c|+Floss|o
|c|+Floss|g1?
|c|☆GW|g1
|inactive|btboy has 270 seconds left.
|inactive|GW has 270 seconds left.
|inactive|btboy has 240 seconds left.
|inactive|GW has 240 seconds left.
|
|t:|1665354862
|start
|switch|p1a: Reuniclus|Reuniclus, F|100/100
|switch|p2a: Tsareena|Tsareena, F|100/100
|turn|1
|c|+EviGaro|WATCH OUT BTBOY SNORLAX HAS A GUN
|inactive|btboy has 270 seconds left.
|c|☆btboy|im an american i am trained for guns
|c|☆btboy|we learn it in school
|c|☆GW|LOL
|inactive|GW has 270 seconds left.
|c|☆btboy|i know how an active shooter drill works EVI
|inactive|btboy has 240 seconds left.
|
|t:|1665354930
|switch|p1a: Bewear|Bewear, F|100/100
|move|p2a: Tsareena|Knock Off|p1a: Bewear
|-resisted|p1a: Bewear
|-damage|p1a: Bewear|91/100
|-enditem|p1a: Bewear|Lum Berry|[from] move: Knock Off|[of] p2a: Tsareena
|
|upkeep
|turn|2
|inactive|GW has 240 seconds left.
|
|t:|1665354971
|switch|p2a: Bewear|Bewear, M|100/100
|switch|p1a: Reuniclus|Reuniclus, F|100/100
|
|upkeep
|turn|3
|inactive|GW has 210 seconds left.
|c|+Its oyster time|goated team by gw
|inactive|GW has 180 seconds left.
|
|t:|1665355022
|switch|p2a: Tsareena|Tsareena, F|100/100
|move|p1a: Reuniclus|Future Sight|p2a: Tsareena
|-start|p1a: Reuniclus|move: Future Sight
|
|upkeep
|turn|4
|inactive|GW has 180 seconds left.
|
|t:|1665355035
|switch|p1a: Bewear|Bewear, F|91/100
|move|p2a: Tsareena|Power Whip|p1a: Bewear
|-damage|p1a: Bewear|62/100
|
|upkeep
|turn|5
|inactive|GW has 180 seconds left.
|
|t:|1665355048
|switch|p2a: Bronzong|Bronzong|100/100
|move|p1a: Bewear|Darkest Lariat|p2a: Bronzong
|-supereffective|p2a: Bronzong
|-damage|p2a: Bronzong|48/100
|
|-end|p2a: Bronzong|move: Future Sight
|-resisted|p2a: Bronzong
|-damage|p2a: Bronzong|39/100
|-heal|p2a: Bronzong|45/100|[from] item: Leftovers
|upkeep
|turn|6
|inactive|btboy has 240 seconds left.
|inactive|GW has 180 seconds left.
|
|t:|1665355065
|switch|p1a: Steelix|Steelix, M|100/100
|switch|p2a: Bewear|Bewear, M|100/100
|
|upkeep
|turn|7
|
|t:|1665355077
|move|p2a: Bewear|Swords Dance|p2a: Bewear
|-boost|p2a: Bewear|atk|2
|move|p1a: Steelix|Toxic|p2a: Bewear|[miss]
|-miss|p1a: Steelix|p2a: Bewear
|
|upkeep
|turn|8
|c|☆GW|a
|
|t:|1665355087
|move|p2a: Bewear|Drain Punch|p1a: Steelix
|-supereffective|p1a: Steelix
|-damage|p1a: Steelix|25/100
|move|p1a: Steelix|Stealth Rock|p2a: Bewear
|-sidestart|p2: GW|move: Stealth Rock
|
|-heal|p1a: Steelix|32/100|[from] item: Leftovers
|upkeep
|turn|9
|inactive|btboy has 240 seconds left.
|
|t:|1665355095
|move|p2a: Bewear|Double-Edge|p1a: Steelix
|-resisted|p1a: Steelix
|-damage|p1a: Steelix|2/100
|-damage|p2a: Bewear|92/100|[from] Recoil
|move|p1a: Steelix|Toxic|p2a: Bewear
|-status|p2a: Bewear|tox
|
|-heal|p1a: Steelix|9/100|[from] item: Leftovers
|-damage|p2a: Bewear|86/100 tox|[from] psn
|upkeep
|turn|10
|
|t:|1665355101
|move|p2a: Bewear|Double-Edge|p1a: Steelix
|-resisted|p1a: Steelix
|-crit|p1a: Steelix
|-damage|p1a: Steelix|0 fnt
|faint|p1a: Steelix
|-damage|p2a: Bewear|83/100 tox|[from] Recoil
|
|-damage|p2a: Bewear|71/100 tox|[from] psn
|upkeep
|
|t:|1665355105
|switch|p1a: Crobat|Crobat, M|100/100
|turn|11
|
|t:|1665355121
|move|p1a: Crobat|Brave Bird|p2a: Bewear
|-supereffective|p2a: Bewear
|-damage|p2a: Bewear|28/100 tox
|-damage|p1a: Crobat|86/100|[from] Recoil
|move|p2a: Bewear|Double-Edge|p1a: Crobat
|-damage|p1a: Crobat|0 fnt
|faint|p1a: Crobat
|-damage|p2a: Bewear|0 fnt|[from] Recoil
|faint|p2a: Bewear
|
|upkeep
|inactive|GW has 180 seconds left.
|
|t:|1665355151
|switch|p1a: Golisopod|Golisopod, M|100/100
|switch|p2a: Talonflame|Talonflame, F|100/100
|turn|12
|inactive|btboy has 270 seconds left.
|
|t:|1665355157
|switch|p1a: Reuniclus|Reuniclus, F|100/100
|move|p2a: Talonflame|Brave Bird|p1a: Reuniclus
|-damage|p1a: Reuniclus|51/100
|-damage|p2a: Talonflame|77/100|[from] Recoil
|
|upkeep
|turn|13
|inactive|GW has 180 seconds left.
|
|t:|1665355168
|move|p2a: Talonflame|Brave Bird|p1a: Reuniclus
|-damage|p1a: Reuniclus|2/100
|-damage|p2a: Talonflame|54/100|[from] Recoil
|move|p1a: Reuniclus|Future Sight|p2a: Talonflame
|-start|p1a: Reuniclus|move: Future Sight
|
|upkeep
|turn|14
|inactive|GW has 180 seconds left.
|
|t:|1665355182
|switch|p1a: Milotic|Milotic, F|100/100
|move|p2a: Talonflame|Roost|p2a: Talonflame
|-heal|p2a: Talonflame|100/100
|-singleturn|p2a: Talonflame|move: Roost
|
|upkeep
|turn|15
|inactive|GW has 180 seconds left.
|
|t:|1665355187
|switch|p2a: Bronzong|Bronzong|45/100
|-damage|p2a: Bronzong|39/100|[from] Stealth Rock
|move|p1a: Milotic|Toxic|p2a: Bronzong
|-immune|p2a: Bronzong
|
|-end|p2a: Bronzong|move: Future Sight
|-resisted|p2a: Bronzong
|-damage|p2a: Bronzong|30/100
|-heal|p2a: Bronzong|36/100|[from] item: Leftovers
|upkeep
|turn|16
|
|t:|1665355197
|switch|p1a: Golisopod|Golisopod, M|100/100
|move|p2a: Bronzong|Stealth Rock|p1a: Golisopod
|-sidestart|p1: btboy|move: Stealth Rock
|
|-heal|p2a: Bronzong|43/100|[from] item: Leftovers
|upkeep
|turn|17
|
|t:|1665355205
|switch|p2a: Gastrodon|Gastrodon, F|100/100
|move|p1a: Golisopod|Knock Off|p2a: Gastrodon
|-damage|p2a: Gastrodon|75/100
|-activate|p2a: Gastrodon|ability: Sticky Hold
|
|upkeep
|turn|18
|
|t:|1665355212
|move|p1a: Golisopod|Liquidation|p2a: Gastrodon
|-damage|p2a: Gastrodon|42/100
|move|p2a: Gastrodon|Toxic|p1a: Golisopod
|-status|p1a: Golisopod|tox
|
|-damage|p1a: Golisopod|94/100 tox|[from] psn
|upkeep
|turn|19
|
|t:|1665355216
|move|p1a: Golisopod|Spikes|p2a: Gastrodon
|-sidestart|p2: GW|Spikes
|move|p2a: Gastrodon|Recover|p2a: Gastrodon
|-heal|p2a: Gastrodon|92/100
|
|-damage|p1a: Golisopod|82/100 tox|[from] psn
|upkeep
|turn|20
|
|t:|1665355220
|switch|p1a: Milotic|Milotic, F|100/100
|move|p2a: Gastrodon|Earth Power|p1a: Milotic
|-damage|p1a: Milotic|80/100
|
|upkeep
|turn|21
|
|t:|1665355233
|switch|p2a: Bronzong|Bronzong|43/100
|-damage|p2a: Bronzong|36/100|[from] Stealth Rock
|move|p1a: Milotic|Toxic|p2a: Bronzong
|-immune|p2a: Bronzong
|
|-heal|p2a: Bronzong|43/100|[from] item: Leftovers
|upkeep
|turn|22
|
|t:|1665355239
|switch|p1a: Reuniclus|Reuniclus, F|35/100
|-damage|p1a: Reuniclus|23/100|[from] Stealth Rock
|move|p2a: Bronzong|Toxic|p1a: Reuniclus
|-status|p1a: Reuniclus|tox
|
|-heal|p2a: Bronzong|49/100|[from] item: Leftovers
|-damage|p1a: Reuniclus|17/100 tox|[from] psn
|upkeep
|turn|23
|
|t:|1665355255
|switch|p2a: Tsareena|Tsareena, F|100/100
|switch|p1a: Golisopod|Golisopod, M|82/100 tox
|
|-damage|p1a: Golisopod|76/100 tox|[from] psn
|upkeep
|turn|24
|
|t:|1665355262
|move|p1a: Golisopod|First Impression||[still]
|cant|p2a: Tsareena|ability: Queenly Majesty|First Impression|[of] p1a: Golisopod
|move|p2a: Tsareena|Power Whip|p1a: Golisopod|[miss]
|-miss|p2a: Tsareena|p1a: Golisopod
|
|-damage|p1a: Golisopod|64/100 tox|[from] psn
|upkeep
|turn|25
|c|☆GW|?
|c|+ayevon|?
|c|☆btboy|i always forget about that shit
|c|☆GW|mb let me change my ability real quick
|c|+Its oyster time|?
|inactive|GW has 210 seconds left.
|c|☆GW|tsareena is not my queen anymore
|c|☆GW|its oyster time is
|
|t:|1665355304
|move|p2a: Tsareena|Rapid Spin|p1a: Golisopod
|-damage|p1a: Golisopod|51/100 tox
|-boost|p2a: Tsareena|spe|1
|-sideend|p2: GW|Spikes|[from] move: Rapid Spin|[of] p2a: Tsareena
|-sideend|p2: GW|Stealth Rock|[from] move: Rapid Spin|[of] p2a: Tsareena
|move|p1a: Golisopod|Knock Off|p2a: Tsareena
|-damage|p2a: Tsareena|56/100
|-enditem|p2a: Tsareena|Heavy-Duty Boots|[from] move: Knock Off|[of] p1a: Golisopod
|
|-damage|p1a: Golisopod|33/100 tox|[from] psn
|upkeep
|-activate|p1a: Golisopod|ability: Emergency Exit
|
|t:|1665355309
|switch|p1a: Bewear|Bewear, F|62/100
|-damage|p1a: Bewear|56/100|[from] Stealth Rock
|turn|26
|c|+Its oyster time|ty gw 
|c|☆GW|np
|
|t:|1665355339
|switch|p2a: Bronzong|Bronzong|49/100
|move|p1a: Bewear|Body Slam|p2a: Bronzong
|-resisted|p2a: Bronzong
|-damage|p2a: Bronzong|28/100
|
|-heal|p2a: Bronzong|34/100|[from] item: Leftovers
|upkeep
|turn|27
|
|t:|1665355350
|switch|p1a: Milotic|Milotic, F|80/100
|move|p2a: Bronzong|Psychic|p1a: Milotic
|-damage|p1a: Milotic|63/100
|
|-heal|p2a: Bronzong|40/100|[from] item: Leftovers
|upkeep
|turn|28
|
|t:|1665355359
|move|p1a: Milotic|Scald|p2a: Bronzong
|-crit|p2a: Bronzong
|-damage|p2a: Bronzong|15/100
|move|p2a: Bronzong|Toxic|p1a: Milotic
|-status|p1a: Milotic|tox
|
|-heal|p2a: Bronzong|21/100|[from] item: Leftovers
|-damage|p1a: Milotic|57/100 tox|[from] psn
|upkeep
|turn|29
|
|t:|1665355364
|move|p1a: Milotic|Recover|p1a: Milotic
|-heal|p1a: Milotic|100/100 tox
|move|p2a: Bronzong|Body Press|p1a: Milotic
|-damage|p1a: Milotic|90/100 tox
|
|-heal|p2a: Bronzong|27/100|[from] item: Leftovers
|-damage|p1a: Milotic|77/100 tox|[from] psn
|upkeep
|turn|30
|
|t:|1665355370
|switch|p1a: Golisopod|Golisopod, M|33/100 tox
|move|p2a: Bronzong|Body Press|p1a: Golisopod
|-resisted|p1a: Golisopod
|-damage|p1a: Golisopod|24/100 tox
|
|-heal|p2a: Bronzong|33/100|[from] item: Leftovers
|-damage|p1a: Golisopod|18/100 tox|[from] psn
|upkeep
|turn|31
|
|t:|1665355379
|switch|p2a: Tsareena|Tsareena, F|56/100
|move|p1a: Golisopod|Spikes|p2a: Tsareena
|-sidestart|p2: GW|Spikes
|
|-damage|p1a: Golisopod|6/100 tox|[from] psn
|upkeep
|turn|32
|
|t:|1665355383
|switch|p1a: Bewear|Bewear, F|56/100
|-damage|p1a: Bewear|50/100|[from] Stealth Rock
|move|p2a: Tsareena|Rapid Spin|p1a: Bewear
|-damage|p1a: Bewear|42/100
|-boost|p2a: Tsareena|spe|1
|-sideend|p2: GW|Spikes|[from] move: Rapid Spin|[of] p2a: Tsareena
|
|upkeep
|turn|33
|inactive|GW has 240 seconds left.
|
|t:|1665355390
|switch|p2a: Talonflame|Talonflame, F|100/100
|move|p1a: Bewear|Body Slam|p2a: Talonflame
|-damage|p2a: Talonflame|37/100
|-status|p1a: Bewear|brn|[from] ability: Flame Body|[of] p2a: Talonflame
|
|-damage|p1a: Bewear|36/100 brn|[from] brn
|upkeep
|turn|34
|
|t:|1665355399
|switch|p1a: Milotic|Milotic, F|77/100 tox
|move|p2a: Talonflame|Brave Bird|p1a: Milotic
|-damage|p1a: Milotic|55/100 tox
|-damage|p2a: Talonflame|27/100|[from] Recoil
|
|-damage|p1a: Milotic|48/100 tox|[from] psn
|upkeep
|turn|35
|
|t:|1665355405
|switch|p2a: Raikou|Raikou|100/100
|move|p1a: Milotic|Scald|p2a: Raikou
|-damage|p2a: Raikou|71/100
|
|-heal|p2a: Raikou|77/100|[from] item: Leftovers
|-damage|p1a: Milotic|36/100 tox|[from] psn
|upkeep
|turn|36
|
|t:|1665355409
|switch|p1a: Reuniclus|Reuniclus, F|50/100 tox
|-damage|p1a: Reuniclus|38/100 tox|[from] Stealth Rock
|move|p2a: Raikou|Thunderbolt|p1a: Reuniclus
|-damage|p1a: Reuniclus|16/100 tox
|
|-heal|p2a: Raikou|84/100|[from] item: Leftovers
|-damage|p1a: Reuniclus|10/100 tox|[from] psn
|upkeep
|turn|37
|
|t:|1665355412
|move|p2a: Raikou|Thunderbolt|p1a: Reuniclus
|-crit|p1a: Reuniclus
|-damage|p1a: Reuniclus|0 fnt
|faint|p1a: Reuniclus
|
|-heal|p2a: Raikou|90/100|[from] item: Leftovers
|upkeep
|c|☆btboy|gg
|c|☆GW|gg
|-message|btboy forfeited.
|
|win|GW
