|inactive|Battle timer is ON: inactive players will automatically lose when time's up.
|t:|1607882393
|player|p1|dhehehdh|preschoolerf|
|player|p2|Silvally-Gold|teacher-gen2|
|teamsize|p1|6
|teamsize|p2|6
|gametype|singles
|gen|8
|tier|[Gen 8] RU
|clearpoke
|poke|p1|Reuniclus, F|
|poke|p1|Zarude|
|poke|p1|Weezing-Galar, F|
|poke|p1|Noivern, F|
|poke|p1|Seismitoad, F|
|poke|p1|Metagross|
|poke|p2|Heracross, M|
|poke|p2|Rhyperior, F|
|poke|p2|Milotic, F|
|poke|p2|Doublade, F|
|poke|p2|Crobat, M|
|poke|p2|Zarude|
|rule|Sleep Clause Mod: Limit one foe put to sleep
|rule|Species Clause: Limit one of each Pokémon
|rule|OHKO Clause: OHKO moves are banned
|rule|Evasion Moves Clause: Evasion moves are banned
|rule|Endless Battle Clause: Forcing endless battles is banned
|rule|HP Percentage Mod: HP is shown in percentages
|rule|Dynamax Clause: You cannot dynamax
|teampreview
|c|☆Silvally-Gold|hf
|c|☆dhehehdh|u2
|c|+Bouff|go goldcat
|inactive|dhehehdh has 270 seconds left.
|inactive|Silvally-Gold has 270 seconds left.
|c|+Averardo|godcat
|inactive|Silvally-Gold has 240 seconds left.
|c|+mac3|goatcat
|inactive|Silvally-Gold has 210 seconds left.
|inactive|Silvally-Gold has 180 seconds left.
|
|t:|1607882535
|start
|switch|p1a: Noivern|Noivern, F|100/100
|switch|p2a: Crobat|Crobat, M|100/100
|turn|1
|c|+termiii|goatcat
|
|t:|1607882545
|move|p2a: Crobat|U-turn|p1a: Noivern
|-resisted|p1a: Noivern
|-damage|p1a: Noivern|90/100
|
|t:|1607882549
|switch|p2a: Milotic|Milotic, F|100/100|[from]move: U-turn
|move|p1a: Noivern|Draco Meteor|p2a: Milotic
|-damage|p2a: Milotic|58/100
|-unboost|p1a: Noivern|spa|2
|
|upkeep
|turn|2
|
|t:|1607882555
|move|p1a: Noivern|U-turn|p2a: Milotic
|-damage|p2a: Milotic|48/100
|
|t:|1607882557
|switch|p1a: Seismitoad|Seismitoad, F|100/100|[from]move: U-turn
|move|p2a: Milotic|Recover|p2a: Milotic
|-heal|p2a: Milotic|98/100
|
|upkeep
|turn|3
|
|t:|1607882563
|move|p2a: Milotic|Toxic|p1a: Seismitoad
|-status|p1a: Seismitoad|tox
|move|p1a: Seismitoad|Knock Off|p2a: Milotic
|-damage|p2a: Milotic|81/100
|-enditem|p2a: Milotic|Heavy-Duty Boots|[from] move: Knock Off|[of] p1a: Seismitoad
|
|-damage|p1a: Seismitoad|94/100 tox|[from] psn
|upkeep
|turn|4
|inactive|Silvally-Gold has 240 seconds left.
|
|t:|1607882593
|move|p2a: Milotic|Recover|p2a: Milotic
|-heal|p2a: Milotic|100/100
|move|p1a: Seismitoad|Knock Off|p2a: Milotic
|-damage|p2a: Milotic|90/100
|
|-heal|p1a: Seismitoad|100/100 tox|[from] item: Leftovers
|-damage|p1a: Seismitoad|88/100 tox|[from] psn
|upkeep
|turn|5
|c|+lighthouses|i bet zarude has like an 80% usage rate in these playoffs so far lol
|
|t:|1607882611
|switch|p2a: Crobat|Crobat, M|100/100
|move|p1a: Seismitoad|Knock Off|p2a: Crobat
|-damage|p2a: Crobat|76/100
|-enditem|p2a: Crobat|Heavy-Duty Boots|[from] move: Knock Off|[of] p1a: Seismitoad
|
|-heal|p1a: Seismitoad|94/100 tox|[from] item: Leftovers
|-damage|p1a: Seismitoad|76/100 tox|[from] psn
|upkeep
|turn|6
|c|+mac3|abuse brokens while u got em
|
|t:|1607882621
|switch|p1a: Weezing|Weezing-Galar, F|100/100
|move|p2a: Crobat|Roost|p2a: Crobat
|-heal|p2a: Crobat|100/100
|-singleturn|p2a: Crobat|move: Roost
|
|upkeep
|turn|7
|
|t:|1607882627
|move|p2a: Crobat|U-turn|p1a: Weezing
|-resisted|p1a: Weezing
|-damage|p1a: Weezing|98/100
|
|t:|1607882631
|switch|p2a: Milotic|Milotic, F|90/100|[from]move: U-turn
|move|p1a: Weezing|Will-O-Wisp|p2a: Milotic|[miss]
|-miss|p1a: Weezing|p2a: Milotic
|
|-heal|p1a: Weezing|100/100|[from] item: Black Sludge
|upkeep
|turn|8
|inactive|Silvally-Gold has 240 seconds left.
|c|+Expulso|is zarude even broken
|
|t:|1607882656
|move|p2a: Milotic|Scald|p1a: Weezing
|-damage|p1a: Weezing|62/100
|move|p1a: Weezing|Strange Steam|p2a: Milotic|[miss]
|-miss|p1a: Weezing|p2a: Milotic
|
|-heal|p1a: Weezing|68/100|[from] item: Black Sludge
|upkeep
|turn|9
|c|+Expulso|ive never seen it win one of these games
|c|+Expulso|it's just glue
|inactive|Silvally-Gold has 240 seconds left.
|c|+Expulso|. yo strange steam can miss wtf
|
|t:|1607882669
|switch|p1a: Seismitoad|Seismitoad, F|76/100 tox
|move|p2a: Milotic|Scald|p1a: Seismitoad
|-heal|p1a: Seismitoad|100/100 tox|[from] ability: Water Absorb|[of] p2a: Milotic
|
|-damage|p1a: Seismitoad|94/100 tox|[from] psn
|upkeep
|turn|10
|c|+lighthouses|surely it wins some of them since hes on both teams
|inactive|Silvally-Gold has 240 seconds left.
|c|+Averardo|ye its 95
|inactive|Silvally-Gold has 210 seconds left.
|
|t:|1607882715
|switch|p2a: Crobat|Crobat, M|100/100
|move|p1a: Seismitoad|Knock Off|p2a: Crobat
|-damage|p2a: Crobat|85/100
|
|-heal|p1a: Seismitoad|100/100 tox|[from] item: Leftovers
|-damage|p1a: Seismitoad|88/100 tox|[from] psn
|upkeep
|turn|11
|
|t:|1607882722
|move|p2a: Crobat|Brave Bird|p1a: Seismitoad
|-damage|p1a: Seismitoad|52/100 tox
|-damage|p2a: Crobat|72/100|[from] Recoil
|move|p1a: Seismitoad|Stealth Rock|p2a: Crobat
|-sidestart|p2: Silvally-Gold|move: Stealth Rock
|
|-heal|p1a: Seismitoad|58/100 tox|[from] item: Leftovers
|-damage|p1a: Seismitoad|40/100 tox|[from] psn
|upkeep
|turn|12
|
|t:|1607882729
|switch|p1a: Metagross|Metagross|100/100
|move|p2a: Crobat|Defog|p1a: Metagross
|-fail|p1a: Metagross|unboost|[from] ability: Clear Body|[of] p1a: Metagross
|-sideend|p2: Silvally-Gold|Stealth Rock|[from] move: Defog|[of] p2a: Crobat
|
|upkeep
|turn|13
|
|t:|1607882736
|move|p2a: Crobat|U-turn|p1a: Metagross
|-damage|p1a: Metagross|87/100
|
|t:|1607882741
|switch|p2a: Doublade|Doublade, F|100/100|[from]move: U-turn
|move|p1a: Metagross|Meteor Mash|p2a: Doublade
|-resisted|p2a: Doublade
|-damage|p2a: Doublade|78/100
|
|upkeep
|turn|14
|inactive|Silvally-Gold has 240 seconds left.
|
|t:|1607882750
|switch|p1a: Noivern|Noivern, F|90/100
|move|p2a: Doublade|Iron Head|p1a: Noivern
|-damage|p1a: Noivern|34/100
|
|upkeep
|turn|15
|
|t:|1607882757
|switch|p2a: Rhyperior|Rhyperior, F|100/100
|move|p1a: Noivern|Roost|p1a: Noivern
|-heal|p1a: Noivern|84/100
|-singleturn|p1a: Noivern|move: Roost
|
|upkeep
|turn|16
|
|t:|1607882769
|move|p1a: Noivern|U-turn|p2a: Rhyperior
|-damage|p2a: Rhyperior|94/100
|inactive|dhehehdh has 270 seconds left.
|
|t:|1607882815
|switch|p1a: Reuniclus|Reuniclus, F|100/100|[from]move: U-turn
|move|p2a: Rhyperior|Stone Edge|p1a: Reuniclus
|-damage|p1a: Reuniclus|63/100
|
|-heal|p2a: Rhyperior|99/100|[from] item: Leftovers
|upkeep
|turn|17
|inactive|Silvally-Gold has 240 seconds left.
|inactive|dhehehdh has 240 seconds left.
|inactive|Silvally-Gold has 210 seconds left.
|
|t:|1607882876
|move|p2a: Rhyperior|Stealth Rock|p1a: Reuniclus
|-sidestart|p1: dhehehdh|move: Stealth Rock
|move|p1a: Reuniclus|Recover|p1a: Reuniclus
|-heal|p1a: Reuniclus|100/100
|
|-heal|p2a: Rhyperior|100/100|[from] item: Leftovers
|upkeep
|turn|18
|inactive|dhehehdh has 240 seconds left.
|
|t:|1607882893
|switch|p1a: Weezing|Weezing-Galar, F|68/100
|-damage|p1a: Weezing|56/100|[from] Stealth Rock
|move|p2a: Rhyperior|Earthquake|p1a: Weezing
|-immune|p1a: Weezing|[from] ability: Levitate
|
|-heal|p1a: Weezing|62/100|[from] item: Black Sludge
|upkeep
|turn|19
|
|t:|1607882904
|switch|p2a: Milotic|Milotic, F|90/100
|move|p1a: Weezing|Defog|p2a: Milotic
|-unboost|p2a: Milotic|evasion|1
|-sideend|p1: dhehehdh|Stealth Rock|[from] move: Defog|[of] p1a: Weezing
|
|-heal|p1a: Weezing|68/100|[from] item: Black Sludge
|upkeep
|turn|20
|inactive|Silvally-Gold has 180 seconds left.
|inactive|Silvally-Gold has 150 seconds left.
|inactive|dhehehdh has 240 seconds left.
|
|t:|1607882970
|switch|p2a: Zarude|Zarude|100/100
|switch|p1a: Noivern|Noivern, F|84/100
|
|upkeep
|turn|21
|inactive|dhehehdh has 240 seconds left.
|inactive|Silvally-Gold has 150 seconds left.
|
|t:|1607882983
|move|p2a: Zarude|U-turn|p1a: Noivern
|-resisted|p1a: Noivern
|-damage|p1a: Noivern|68/100
|
|t:|1607882986
|switch|p2a: Rhyperior|Rhyperior, F|100/100|[from]move: U-turn
|move|p1a: Noivern|U-turn|p2a: Rhyperior
|-damage|p2a: Rhyperior|94/100
|inactive|dhehehdh has 240 seconds left.
|
|t:|1607883019
|switch|p1a: Weezing|Weezing-Galar, F|68/100|[from]move: U-turn
|
|-heal|p1a: Weezing|74/100|[from] item: Black Sludge
|-heal|p2a: Rhyperior|99/100|[from] item: Leftovers
|upkeep
|turn|22
|
|t:|1607883034
|switch|p2a: Milotic|Milotic, F|90/100
|move|p1a: Weezing|Will-O-Wisp|p2a: Milotic
|-status|p2a: Milotic|brn
|
|-heal|p1a: Weezing|80/100|[from] item: Black Sludge
|-damage|p2a: Milotic|84/100 brn|[from] brn
|upkeep
|turn|23
|inactive|Silvally-Gold has 150 seconds left.
|inactive|dhehehdh has 210 seconds left.
|inactive|Silvally-Gold has 120 seconds left.
|
|t:|1607883086
|switch|p2a: Zarude|Zarude|100/100
|move|p1a: Weezing|Strange Steam|p2a: Zarude|[miss]
|-miss|p1a: Weezing|p2a: Zarude
|
|-heal|p1a: Weezing|86/100|[from] item: Black Sludge
|upkeep
|turn|24
|
|t:|1607883116
|move|p2a: Zarude|U-turn|p1a: Weezing
|-resisted|p1a: Weezing
|-damage|p1a: Weezing|82/100
|
|t:|1607883119
|switch|p2a: Milotic|Milotic, F|84/100 brn|[from]move: U-turn
|move|p1a: Weezing|Strange Steam|p2a: Milotic
|-damage|p2a: Milotic|64/100 brn
|
|-heal|p1a: Weezing|88/100|[from] item: Black Sludge
|-damage|p2a: Milotic|58/100 brn|[from] brn
|upkeep
|turn|25
|
|t:|1607883138
|switch|p1a: Seismitoad|Seismitoad, F|40/100 tox
|move|p2a: Milotic|Recover|p2a: Milotic
|-heal|p2a: Milotic|100/100 brn
|
|-heal|p1a: Seismitoad|46/100 tox|[from] item: Leftovers
|-damage|p2a: Milotic|94/100 brn|[from] brn
|-damage|p1a: Seismitoad|40/100 tox|[from] psn
|upkeep
|turn|26
|
|t:|1607883147
|switch|p2a: Crobat|Crobat, M|72/100
|move|p1a: Seismitoad|Scald|p2a: Crobat
|-damage|p2a: Crobat|45/100
|
|-heal|p1a: Seismitoad|46/100 tox|[from] item: Leftovers
|-damage|p1a: Seismitoad|34/100 tox|[from] psn
|upkeep
|turn|27
|
|t:|1607883158
|switch|p1a: Reuniclus|Reuniclus, F|100/100
|move|p2a: Crobat|Roost|p2a: Crobat
|-heal|p2a: Crobat|95/100
|-singleturn|p2a: Crobat|move: Roost
|
|upkeep
|turn|28
|inactive|Silvally-Gold has 150 seconds left.
|
|t:|1607883165
|move|p2a: Crobat|U-turn|p1a: Reuniclus
|-supereffective|p1a: Reuniclus
|-damage|p1a: Reuniclus|81/100
|-damage|p2a: Crobat|78/100|[from] item: Rocky Helmet|[of] p1a: Reuniclus
|inactive|Silvally-Gold has 150 seconds left.
|
|t:|1607883177
|switch|p2a: Rhyperior|Rhyperior, F|99/100|[from]move: U-turn
|move|p1a: Reuniclus|Shadow Ball|p2a: Rhyperior
|-damage|p2a: Rhyperior|77/100
|
|-heal|p2a: Rhyperior|83/100|[from] item: Leftovers
|upkeep
|turn|29
|inactive|dhehehdh has 210 seconds left.
|inactive|Silvally-Gold has 150 seconds left.
|
|t:|1607883195
|switch|p1a: Weezing|Weezing-Galar, F|88/100
|move|p2a: Rhyperior|Stealth Rock|p1a: Weezing
|-sidestart|p1: dhehehdh|move: Stealth Rock
|
|-heal|p1a: Weezing|94/100|[from] item: Black Sludge
|-heal|p2a: Rhyperior|89/100|[from] item: Leftovers
|upkeep
|turn|30
|inactive|Silvally-Gold has 150 seconds left.
|
|t:|1607883212
|switch|p2a: Milotic|Milotic, F|94/100 brn
|move|p1a: Weezing|Defog|p2a: Milotic
|-unboost|p2a: Milotic|evasion|1
|-sideend|p1: dhehehdh|Stealth Rock|[from] move: Defog|[of] p1a: Weezing
|
|-heal|p1a: Weezing|99/100|[from] item: Black Sludge
|-damage|p2a: Milotic|88/100 brn|[from] brn
|upkeep
|turn|31
|
|t:|1607883223
|switch|p1a: Seismitoad|Seismitoad, F|34/100 tox
|move|p2a: Milotic|Toxic|p1a: Seismitoad
|-fail|p1a: Seismitoad|tox
|
|-heal|p1a: Seismitoad|40/100 tox|[from] item: Leftovers
|-damage|p2a: Milotic|82/100 brn|[from] brn
|-damage|p1a: Seismitoad|34/100 tox|[from] psn
|upkeep
|turn|32
|
|t:|1607883232
|switch|p2a: Crobat|Crobat, M|78/100
|move|p1a: Seismitoad|Scald|p2a: Crobat
|-damage|p2a: Crobat|50/100
|
|-heal|p1a: Seismitoad|40/100 tox|[from] item: Leftovers
|-damage|p1a: Seismitoad|28/100 tox|[from] psn
|upkeep
|turn|33
|inactive|Silvally-Gold has 150 seconds left.
|
|t:|1607883240
|switch|p1a: Weezing|Weezing-Galar, F|99/100
|move|p2a: Crobat|Roost|p2a: Crobat
|-heal|p2a: Crobat|99/100
|-singleturn|p2a: Crobat|move: Roost
|
|-heal|p1a: Weezing|100/100|[from] item: Black Sludge
|upkeep
|turn|34
|
|t:|1607883250
|move|p2a: Crobat|U-turn|p1a: Weezing
|-resisted|p1a: Weezing
|-damage|p1a: Weezing|98/100
|
|t:|1607883252
|switch|p2a: Milotic|Milotic, F|82/100 brn|[from]move: U-turn
|move|p1a: Weezing|Sludge Bomb|p2a: Milotic
|-damage|p2a: Milotic|63/100 brn
|
|-heal|p1a: Weezing|100/100|[from] item: Black Sludge
|-damage|p2a: Milotic|57/100 brn|[from] brn
|upkeep
|turn|35
|inactive|dhehehdh has 240 seconds left.
|
|t:|1607883264
|switch|p1a: Reuniclus|Reuniclus, F|81/100
|move|p2a: Milotic|Recover|p2a: Milotic
|-heal|p2a: Milotic|100/100 brn
|
|-damage|p2a: Milotic|94/100 brn|[from] brn
|upkeep
|turn|36
|inactive|dhehehdh has 240 seconds left.
|
|t:|1607883271
|switch|p2a: Rhyperior|Rhyperior, F|89/100
|move|p1a: Reuniclus|Shadow Ball|p2a: Rhyperior
|-damage|p2a: Rhyperior|67/100
|
|-heal|p2a: Rhyperior|73/100|[from] item: Leftovers
|upkeep
|turn|37
|inactive|Silvally-Gold has 180 seconds left.
|
|t:|1607883281
|move|p2a: Rhyperior|Stealth Rock|p1a: Reuniclus
|-sidestart|p1: dhehehdh|move: Stealth Rock
|move|p1a: Reuniclus|Psychic|p2a: Rhyperior
|-damage|p2a: Rhyperior|38/100
|-unboost|p2a: Rhyperior|spd|1
|
|-heal|p2a: Rhyperior|44/100|[from] item: Leftovers
|upkeep
|turn|38
|
|t:|1607883288
|switch|p2a: Zarude|Zarude|100/100
|switch|p1a: Weezing|Weezing-Galar, F|100/100
|-damage|p1a: Weezing|88/100|[from] Stealth Rock
|
|-heal|p1a: Weezing|94/100|[from] item: Black Sludge
|upkeep
|turn|39
|
|t:|1607883295
|move|p2a: Zarude|U-turn|p1a: Weezing
|-resisted|p1a: Weezing
|-damage|p1a: Weezing|91/100
|
|t:|1607883299
|switch|p2a: Milotic|Milotic, F|94/100 brn|[from]move: U-turn
|move|p1a: Weezing|Defog|p2a: Milotic
|-unboost|p2a: Milotic|evasion|1
|-sideend|p1: dhehehdh|Stealth Rock|[from] move: Defog|[of] p1a: Weezing
|
|-heal|p1a: Weezing|97/100|[from] item: Black Sludge
|-damage|p2a: Milotic|88/100 brn|[from] brn
|upkeep
|turn|40
|inactive|dhehehdh has 270 seconds left.
|
|t:|1607883308
|move|p2a: Milotic|Toxic|p1a: Weezing
|-immune|p1a: Weezing
|move|p1a: Weezing|Strange Steam|p2a: Milotic
|-damage|p2a: Milotic|69/100 brn
|
|-heal|p1a: Weezing|100/100|[from] item: Black Sludge
|-damage|p2a: Milotic|62/100 brn|[from] brn
|upkeep
|turn|41
|
|t:|1607883314
|switch|p1a: Reuniclus|Reuniclus, F|81/100
|move|p2a: Milotic|Recover|p2a: Milotic
|-heal|p2a: Milotic|100/100 brn
|
|-damage|p2a: Milotic|94/100 brn|[from] brn
|upkeep
|turn|42
|
|t:|1607883319
|switch|p2a: Zarude|Zarude|100/100
|move|p1a: Reuniclus|Psychic|p2a: Zarude
|-immune|p2a: Zarude
|
|upkeep
|turn|43
|
|t:|1607883324
|move|p2a: Zarude|U-turn|p1a: Reuniclus
|-supereffective|p1a: Reuniclus
|-crit|p1a: Reuniclus
|-damage|p1a: Reuniclus|30/100
|-damage|p2a: Zarude|84/100|[from] item: Rocky Helmet|[of] p1a: Reuniclus
|
|t:|1607883328
|switch|p2a: Heracross|Heracross, M|100/100|[from]move: U-turn
|move|p1a: Reuniclus|Recover|p1a: Reuniclus
|-heal|p1a: Reuniclus|80/100
|
|-status|p2a: Heracross|brn|[from] item: Flame Orb
|upkeep
|turn|44
|
|t:|1607883357
|move|p2a: Heracross|Megahorn|p1a: Reuniclus
|-supereffective|p1a: Reuniclus
|-damage|p1a: Reuniclus|0 fnt
|-damage|p2a: Heracross|84/100 brn|[from] item: Rocky Helmet|[of] p1a: Reuniclus
|faint|p1a: Reuniclus
|
|-damage|p2a: Heracross|78/100 brn|[from] brn
|upkeep
|
|t:|1607883362
|switch|p1a: Noivern|Noivern, F|68/100
|turn|45
|
|t:|1607883369
|switch|p2a: Milotic|Milotic, F|94/100 brn
|move|p1a: Noivern|U-turn|p2a: Milotic
|-damage|p2a: Milotic|89/100 brn
|
|t:|1607883371
|switch|p1a: Zarude|Zarude|100/100|[from]move: U-turn
|
|-damage|p2a: Milotic|82/100 brn|[from] brn
|upkeep
|turn|46
|inactive|Silvally-Gold has 240 seconds left.
|
|t:|1607883377
|switch|p1a: Noivern|Noivern, F|68/100
|switch|p2a: Crobat|Crobat, M|99/100
|
|upkeep
|turn|47
|inactive|Silvally-Gold has 240 seconds left.
|
|t:|1607883409
|move|p2a: Crobat|Brave Bird|p1a: Noivern
|-damage|p1a: Noivern|15/100
|-damage|p2a: Crobat|85/100|[from] Recoil
|move|p1a: Noivern|Draco Meteor|p2a: Crobat|[miss]
|-miss|p1a: Noivern|p2a: Crobat
|
|upkeep
|turn|48
|
|t:|1607883419
|switch|p1a: Weezing|Weezing-Galar, F|100/100
|move|p2a: Crobat|Brave Bird|p1a: Weezing
|-damage|p1a: Weezing|74/100
|-damage|p2a: Crobat|78/100|[from] Recoil
|
|-heal|p1a: Weezing|80/100|[from] item: Black Sludge
|upkeep
|turn|49
|inactive|Silvally-Gold has 240 seconds left.
|
|t:|1607883427
|move|p2a: Crobat|U-turn|p1a: Weezing
|-resisted|p1a: Weezing
|-damage|p1a: Weezing|78/100
|
|t:|1607883431
|switch|p2a: Milotic|Milotic, F|82/100 brn|[from]move: U-turn
|move|p1a: Weezing|Sludge Bomb|p2a: Milotic
|-damage|p2a: Milotic|61/100 brn
|
|-heal|p1a: Weezing|84/100|[from] item: Black Sludge
|-damage|p2a: Milotic|55/100 brn|[from] brn
|upkeep
|turn|50
|
|t:|1607883436
|move|p2a: Milotic|Scald|p1a: Weezing
|-damage|p1a: Weezing|49/100
|-status|p1a: Weezing|brn
|move|p1a: Weezing|Strange Steam|p2a: Milotic
|-damage|p2a: Milotic|37/100 brn
|
|-heal|p1a: Weezing|55/100 brn|[from] item: Black Sludge
|-damage|p2a: Milotic|30/100 brn|[from] brn
|-damage|p1a: Weezing|49/100 brn|[from] brn
|upkeep
|turn|51
|
|t:|1607883445
|switch|p1a: Seismitoad|Seismitoad, F|28/100 tox
|move|p2a: Milotic|Recover|p2a: Milotic
|-heal|p2a: Milotic|80/100 brn
|
|-heal|p1a: Seismitoad|34/100 tox|[from] item: Leftovers
|-damage|p2a: Milotic|74/100 brn|[from] brn
|-damage|p1a: Seismitoad|28/100 tox|[from] psn
|upkeep
|turn|52
|
|t:|1607883449
|switch|p2a: Crobat|Crobat, M|78/100
|move|p1a: Seismitoad|Stealth Rock|p2a: Crobat
|-sidestart|p2: Silvally-Gold|move: Stealth Rock
|
|-heal|p1a: Seismitoad|34/100 tox|[from] item: Leftovers
|-damage|p1a: Seismitoad|22/100 tox|[from] psn
|upkeep
|turn|53
|inactive|Silvally-Gold has 270 seconds left.
|
|t:|1607883456
|move|p2a: Crobat|Defog|p1a: Seismitoad
|-unboost|p1a: Seismitoad|evasion|1
|-sideend|p2: Silvally-Gold|Stealth Rock|[from] move: Defog|[of] p2a: Crobat
|move|p1a: Seismitoad|Scald|p2a: Crobat
|-damage|p2a: Crobat|52/100
|
|-heal|p1a: Seismitoad|28/100 tox|[from] item: Leftovers
|-damage|p1a: Seismitoad|10/100 tox|[from] psn
|upkeep
|turn|54
|inactive|Silvally-Gold has 270 seconds left.
|inactive|dhehehdh has 270 seconds left.
|inactive|dhehehdh has 240 seconds left.
|
|t:|1607883532
|switch|p1a: Metagross|Metagross|87/100
|move|p2a: Crobat|U-turn|p1a: Metagross
|-damage|p1a: Metagross|75/100
|inactive|Silvally-Gold has 240 seconds left.
|
|t:|1607883584
|switch|p2a: Doublade|Doublade, F|78/100|[from]move: U-turn
|
|upkeep
|turn|55
|
|t:|1607883595
|move|p1a: Metagross|Earthquake|p2a: Doublade
|-supereffective|p2a: Doublade
|-damage|p2a: Doublade|14/100
|move|p2a: Doublade|Close Combat|p1a: Metagross
|-damage|p1a: Metagross|42/100
|-unboost|p2a: Doublade|def|1
|-unboost|p2a: Doublade|spd|1
|
|upkeep
|turn|56
|inactive|Silvally-Gold has 210 seconds left.
|
|t:|1607883627
|switch|p1a: Zarude|Zarude|100/100
|switch|p2a: Zarude|Zarude|84/100
|
|upkeep
|turn|57
|inactive|dhehehdh has 240 seconds left.
|inactive|Silvally-Gold has 210 seconds left.
|c|☆dhehehdh|yeah gg great game
|-message|dhehehdh forfeited.
|
|win|Silvally-Gold
