|inactive|Battle timer is ON: inactive players will automatically lose when time's up.
|t:|1642547672
|gametype|singles
|player|p1|PepeDuce|#ssdivlindworms|
|player|p2|yovan le film|ghetsis|
|teamsize|p1|6
|teamsize|p2|6
|gen|8
|tier|[Gen 8] RU
|rule|Sleep Clause Mod: Limit one foe put to sleep
|rule|Species Clause: Limit one of each Pokémon
|rule|OHKO Clause: OHKO moves are banned
|rule|Evasion Moves Clause: Evasion moves are banned
|rule|Endless Battle Clause: Forcing endless battles is banned
|rule|HP Percentage Mod: HP is shown in percentages
|rule|Dynamax Clause: You cannot dynamax
|clearpoke
|poke|p1|Stakataka|
|poke|p1|Chandelure, M|
|poke|p1|Gardevoir, F|
|poke|p1|Noivern, M|
|poke|p1|Nidoqueen, F|
|poke|p1|Guzzlord|
|poke|p2|Vanilluxe, F|
|poke|p2|Arctovish|
|poke|p2|Xatu, F|
|poke|p2|Flygon, M|
|poke|p2|Cobalion|
|poke|p2|Mimikyu, F|
|teampreview
|c|+zS|:henry:
|c|+zS|il a sorti tout les weathers
|c|☆PepeDuce|il y a le poisson
|c|☆PepeDuce|hf
|inactive|yovan le film has 270 seconds left.
|
|t:|1642547703
|start
|switch|p1a: Chandelure|Chandelure, M|100/100
|switch|p2a: Vanilluxe|Vanilluxe, F|100/100
|-weather|Hail|[from] ability: Snow Warning|[of] p2a: Vanilluxe
|turn|1
|
|t:|1642547710
|switch|p2a: Flygon|Flygon, M|100/100
|move|p1a: Chandelure|Will-O-Wisp|p2a: Flygon
|-status|p2a: Flygon|brn
|
|-weather|Hail|[upkeep]
|-damage|p2a: Flygon|95/100 brn|[from] Hail
|-damage|p1a: Chandelure|94/100|[from] Hail
|-damage|p2a: Flygon|89/100 brn|[from] brn
|upkeep
|turn|2
|c|+S-Arcobaleno|bon gg yovan
|c|+Dlanyer|next game plz
|c|+S-Arcobaleno|game suivante
|c|+Dlanyer|jamais tu gagnes ça je reconnais
|c|+Dlanyer|je suis un fervent fan
|c|+Dlanyer|mais là....
|inactive|PepeDuce has 270 seconds left.
|inactive|PepeDuce has 240 seconds left.
|c|☆PepeDuce|il y a le poisson qui me 6-0
|c|+Dlanyer|oui oui
|c|+Dlanyer|:paz:
|c|☆PepeDuce|si seulement j'avias focus blast garde :pepe:
|c|+S-Arcobaleno|tu as gardevoir qui le 6-0 avant :henry:
|
|t:|1642547783
|move|p2a: Flygon|U-turn|p1a: Chandelure
|-resisted|p1a: Chandelure
|-damage|p1a: Chandelure|91/100
|c|+zS|gardevoir win avant
|c|+zS|:henry:
|
|t:|1642547787
|switch|p2a: Arctovish|Arctovish|100/100|[from]move: U-turn
|move|p1a: Chandelure|Hex|p2a: Arctovish
|-damage|p2a: Arctovish|60/100
|
|-weather|Hail|[upkeep]
|-damage|p1a: Chandelure|84/100|[from] Hail
|upkeep
|turn|3
|inactive|PepeDuce has 240 seconds left.
|c|☆PepeDuce|les choix
|c|+S-Arcobaleno|allez
|c|+S-Arcobaleno|guerre de sack
|
|t:|1642547804
|switch|p1a: Guzzlord|Guzzlord|100/100
|move|p2a: Arctovish|Fishious Rend|p1a: Guzzlord
|-resisted|p1a: Guzzlord
|-crit|p1a: Guzzlord
|-damage|p1a: Guzzlord|21/100
|
|-weather|Hail|[upkeep]
|-damage|p1a: Guzzlord|15/100|[from] Hail
|-heal|p1a: Guzzlord|21/100|[from] item: Leftovers
|upkeep
|turn|4
|c|+zS|OMG
|c|+S-Arcobaleno|seigneur
|c|+S-Arcobaleno|jésus
|c|☆PepeDuce|:henry:
|c|+Dlanyer|;_;
|c|☆PepeDuce|ct ma water resist
|c|☆PepeDuce|!calc
|c|+PepeDuce|/raw <div class="infobox">Pok&eacute;mon Showdown! damage calculator. (Courtesy of Honko, Austin, &amp; Kris)<br />- <a href="https://calc.pokemonshowdown.com/index.html">Damage Calculator</a></div>
|c|+zS|Tu fais bien de dire c'était
|c|+zS|:henry:
|inactive|PepeDuce has 210 seconds left.
|c|☆PepeDuce|0
|c|☆PepeDuce|je suis un negro qui met les roll
|
|t:|1642547859
|move|p2a: Arctovish|Fishious Rend|p1a: Guzzlord
|-resisted|p1a: Guzzlord
|-damage|p1a: Guzzlord|0 fnt
|faint|p1a: Guzzlord
|
|-weather|Hail|[upkeep]
|upkeep
|c|+Astreau|?!
|
|t:|1642547863
|switch|p1a: Gardevoir|Gardevoir, F|100/100
|-ability|p1a: Gardevoir|Slush Rush|[from] ability: Trace|[of] p2a: Arctovish
|turn|5
|
|t:|1642547869
|switch|p2a: Xatu|Xatu, F|100/100
|move|p1a: Gardevoir|Moonblast|p2a: Xatu
|-crit|p2a: Xatu
|-damage|p2a: Xatu|6/100
|
|-weather|none
|upkeep
|turn|6
|
|t:|1642547874
|move|p1a: Gardevoir|Moonblast|p2a: Xatu
|-damage|p2a: Xatu|0 fnt
|faint|p2a: Xatu
|
|upkeep
|c|+Astreau|pepe oublie pas on est pas en sécurité ici
|c|☆PepeDuce|oups
|
|t:|1642547886
|switch|p2a: Mimikyu|Mimikyu, F|100/100
|turn|7
|c|☆PepeDuce|je retire le nword
|c|☆PepeDuce|la 2e menace
|
|t:|1642547896
|switch|p1a: Nidoqueen|Nidoqueen, F|100/100
|move|p2a: Mimikyu|Shadow Claw|p1a: Nidoqueen
|-damage|p1a: Nidoqueen|71/100
|-damage|p2a: Mimikyu|91/100|[from] item: Life Orb
|
|-heal|p1a: Nidoqueen|77/100|[from] item: Black Sludge
|upkeep
|turn|8
|
|t:|1642547908
|switch|p2a: Vanilluxe|Vanilluxe, F|100/100
|-weather|Hail|[from] ability: Snow Warning|[of] p2a: Vanilluxe
|move|p1a: Nidoqueen|Toxic Spikes|p2a: Vanilluxe
|-sidestart|p2: yovan le film|move: Toxic Spikes
|
|-weather|Hail|[upkeep]
|-damage|p1a: Nidoqueen|71/100|[from] Hail
|-heal|p1a: Nidoqueen|77/100|[from] item: Black Sludge
|upkeep
|turn|9
|c|☆PepeDuce|c bon
|
|t:|1642547920
|switch|p1a: Chandelure|Chandelure, M|84/100
|move|p2a: Vanilluxe|Blizzard|p1a: Chandelure
|-resisted|p1a: Chandelure
|-damage|p1a: Chandelure|29/100
|
|-weather|Hail|[upkeep]
|-damage|p1a: Chandelure|23/100|[from] Hail
|upkeep
|turn|10
|c|+S-Arcobaleno|allez gg
|c|☆PepeDuce|wow
|
|t:|1642547930
|switch|p2a: Flygon|Flygon, M|89/100 brn
|move|p1a: Chandelure|Flamethrower|p2a: Flygon
|-resisted|p2a: Flygon
|-damage|p2a: Flygon|52/100 brn
|
|-weather|Hail|[upkeep]
|-damage|p2a: Flygon|46/100 brn|[from] Hail
|-damage|p1a: Chandelure|17/100|[from] Hail
|-damage|p2a: Flygon|40/100 brn|[from] brn
|upkeep
|turn|11
|c|+Dlanyer|;_;
|c|+S-Arcobaleno|pepe a vu une ghost resi
|
|t:|1642547944
|switch|p1a: Gardevoir|Gardevoir, F|100/100
|-ability|p1a: Gardevoir|Levitate|[from] ability: Trace|[of] p2a: Flygon
|move|p2a: Flygon|U-turn|p1a: Gardevoir
|-damage|p1a: Gardevoir|82/100
|c|☆PepeDuce|faire hex vs vanilluxe
|c|☆PepeDuce|bien vu
|c|+S-Arcobaleno|jamais il sack va là bas
|c|+zS|vanilluxe est pas resté
|inactive|yovan le film has 270 seconds left.
|c|+zS|on a vu ce qui s'est passé
|c|☆PepeDuce|c yovan 
|
|t:|1642547974
|switch|p2a: Cobalion|Cobalion|100/100|[from]move: U-turn
|
|-weather|Hail|[upkeep]
|-damage|p1a: Gardevoir|76/100|[from] Hail
|-damage|p2a: Cobalion|94/100|[from] Hail
|upkeep
|turn|12
|c|+zS|quand tu as tapé ce qui était en face de toi
|c|+zS|tu as perdu toute ta team
|c|+zS|:henry:
|c|+zS|:omastar:
|
|t:|1642547987
|switch|p1a: Noivern|Noivern, M|100/100
|move|p2a: Cobalion|Iron Head|p1a: Noivern
|-damage|p1a: Noivern|64/100
|
|-weather|none
|upkeep
|turn|13
|
|t:|1642547999
|move|p1a: Noivern|Hurricane|p2a: Cobalion
|-damage|p2a: Cobalion|44/100
|-start|p2a: Cobalion|confusion
|-activate|p2a: Cobalion|confusion
|-damage|p2a: Cobalion|35/100|[from] confusion
|
|upkeep
|turn|14
|c|+S-Arcobaleno|ce vol
|
|t:|1642548006
|switch|p2a: Vanilluxe|Vanilluxe, F|100/100
|-status|p2a: Vanilluxe|psn
|-weather|Hail|[from] ability: Snow Warning|[of] p2a: Vanilluxe
|move|p1a: Noivern|Hurricane|p2a: Vanilluxe
|-damage|p2a: Vanilluxe|51/100 psn
|-start|p2a: Vanilluxe|confusion
|
|-weather|Hail|[upkeep]
|-damage|p1a: Noivern|58/100|[from] Hail
|-damage|p2a: Vanilluxe|38/100 psn|[from] psn
|upkeep
|turn|15
|c|+zS|honteux
|c|+CMDoge|wincond
|c|+zS|cambriolage
|c|☆PepeDuce|je reste
|
|t:|1642548023
|switch|p1a: Stakataka|Stakataka|100/100
|-activate|p2a: Vanilluxe|confusion
|move|p2a: Vanilluxe|Ice Shard|p1a: Stakataka
|-resisted|p1a: Stakataka
|-damage|p1a: Stakataka|97/100
|
|-weather|Hail|[upkeep]
|-damage|p1a: Stakataka|91/100|[from] Hail
|-damage|p2a: Vanilluxe|26/100 psn|[from] psn
|upkeep
|turn|16
|c|☆PepeDuce|je rigole
|
|t:|1642548030
|switch|p2a: Cobalion|Cobalion|35/100
|move|p1a: Stakataka|Trick Room|p1a: Stakataka
|-fieldstart|move: Trick Room|[of] p1a: Stakataka
|
|-weather|Hail|[upkeep]
|-damage|p1a: Stakataka|85/100|[from] Hail
|-damage|p2a: Cobalion|28/100|[from] Hail
|upkeep
|turn|17
|c|+zS|gg
|c|+CMDoge|quel prankeur
|c|+zS|:henry:
|-message|yovan le film forfeited.
|
|win|PepeDuce
|c|+CMDoge|fbdgvbfcgdfxgbcv 
