|inactive|Battle timer is ON: inactive players will automatically lose when time's up.
|t:|1644082425
|gametype|singles
|player|p1|PepeDuce|#ssdivlindworms|
|player|p2|Guldkatt|teacher-gen2|
|teamsize|p1|6
|teamsize|p2|6
|gen|8
|tier|[Gen 8] RU
|rule|Sleep Clause Mod: Limit one foe put to sleep
|rule|Species Clause: Limit one of each Pokémon
|rule|OHKO Clause: OHKO moves are banned
|rule|Evasion Moves Clause: Evasion moves are banned
|rule|Endless Battle Clause: Forcing endless battles is banned
|rule|HP Percentage Mod: HP is shown in percentages
|rule|Dynamax Clause: You cannot dynamax
|clearpoke
|poke|p1|Ninjask, M|
|poke|p1|Starmie|
|poke|p1|Guzzlord|
|poke|p1|Steelix, F|
|poke|p1|Togekiss, F|
|poke|p1|Golisopod, F|
|poke|p2|Torkoal, F|
|poke|p2|Shiftry, M|
|poke|p2|Entei|
|poke|p2|Seismitoad, F|
|poke|p2|Noivern, M|
|poke|p2|Gardevoir, F|
|teampreview
|c|☆Guldkatt|hf
|inactive|PepeDuce has 270 seconds left.
|inactive|Guldkatt has 270 seconds left.
|c|☆PepeDuce|u2
|
|t:|1644082485
|start
|switch|p1a: Togekiss|Togekiss, F|100/100
|switch|p2a: Noivern|Noivern, M|100/100
|turn|1
|
|t:|1644082490
|move|p1a: Togekiss|Air Slash|p2a: Noivern
|-damage|p2a: Noivern|60/100
|cant|p2a: Noivern|flinch
|
|upkeep
|turn|2
|
|t:|1644082495
|switch|p2a: Entei|Entei, shiny|100/100
|move|p1a: Togekiss|Air Slash|p2a: Entei
|-damage|p2a: Entei|65/100
|
|upkeep
|turn|3
|c|+zS|go pepe
|c|+Astreau|vamos le duce
|inactive|Guldkatt has 270 seconds left.
|
|t:|1644082536
|switch|p1a: Starmie|Starmie|100/100
|move|p2a: Entei|Sacred Fire|p1a: Starmie
|-resisted|p1a: Starmie
|-damage|p1a: Starmie|58/100
|-status|p1a: Starmie|brn
|
|-damage|p1a: Starmie|52/100 brn|[from] brn
|upkeep
|turn|4
|
|t:|1644082546
|switch|p2a: Seismitoad|Seismitoad, F|100/100
|move|p1a: Starmie|Recover|p1a: Starmie
|-heal|p1a: Starmie|100/100 brn
|
|-damage|p1a: Starmie|94/100 brn|[from] brn
|upkeep
|turn|5
|
|t:|1644082554
|-curestatus|p1a: Starmie|brn|[from] ability: Natural Cure
|switch|p1a: Guzzlord|Guzzlord|100/100
|move|p2a: Seismitoad|Knock Off|p1a: Guzzlord
|-resisted|p1a: Guzzlord
|-damage|p1a: Guzzlord|81/100
|-enditem|p1a: Guzzlord|Leftovers|[from] move: Knock Off|[of] p2a: Seismitoad
|
|upkeep
|turn|6
|
|t:|1644082562
|switch|p2a: Noivern|Noivern, M|60/100
|move|p1a: Guzzlord|Knock Off|p2a: Noivern
|-damage|p2a: Noivern|7/100
|-enditem|p2a: Noivern|Heavy-Duty Boots|[from] move: Knock Off|[of] p1a: Guzzlord
|
|upkeep
|turn|7
|
|t:|1644082576
|switch|p1a: Togekiss|Togekiss, F|100/100
|move|p2a: Noivern|Draco Meteor|p1a: Togekiss
|-immune|p1a: Togekiss
|
|upkeep
|turn|8
|
|t:|1644082595
|move|p1a: Togekiss|Air Slash|p2a: Noivern
|-damage|p2a: Noivern|0 fnt
|faint|p2a: Noivern
|
|upkeep
|
|t:|1644082597
|switch|p2a: Entei|Entei, shiny|65/100
|turn|9
|
|t:|1644082608
|switch|p1a: Starmie|Starmie|94/100
|move|p2a: Entei|Sacred Fire|p1a: Starmie
|-resisted|p1a: Starmie
|-damage|p1a: Starmie|57/100
|-status|p1a: Starmie|brn
|
|-damage|p1a: Starmie|51/100 brn|[from] brn
|upkeep
|turn|10
|
|t:|1644082621
|switch|p2a: Seismitoad|Seismitoad, F|100/100
|move|p1a: Starmie|Recover|p1a: Starmie
|-heal|p1a: Starmie|100/100 brn
|
|-damage|p1a: Starmie|94/100 brn|[from] brn
|upkeep
|turn|11
|
|t:|1644082629
|-curestatus|p1a: Starmie|brn|[from] ability: Natural Cure
|switch|p1a: Guzzlord|Guzzlord|81/100
|move|p2a: Seismitoad|Ice Punch|p1a: Guzzlord
|-supereffective|p1a: Guzzlord
|-damage|p1a: Guzzlord|17/100
|-status|p1a: Guzzlord|frz
|
|upkeep
|turn|12
|
|t:|1644082642
|switch|p2a: Entei|Entei, shiny|65/100
|switch|p1a: Starmie|Starmie|94/100
|
|upkeep
|turn|13
|
|t:|1644082652
|switch|p2a: Torkoal|Torkoal, F|100/100
|-weather|SunnyDay|[from] ability: Drought|[of] p2a: Torkoal
|move|p1a: Starmie|Teleport|p1a: Starmie
|
|t:|1644082657
|switch|p1a: Togekiss|Togekiss, F|100/100|[from]move: Teleport
|
|-weather|SunnyDay|[upkeep]
|upkeep
|turn|14
|
|t:|1644082666
|move|p1a: Togekiss|Air Slash|p2a: Torkoal
|-damage|p2a: Torkoal|63/100
|move|p2a: Torkoal|Yawn|p1a: Togekiss
|-start|p1a: Togekiss|move: Yawn|[of] p2a: Torkoal
|
|-weather|SunnyDay|[upkeep]
|upkeep
|turn|15
|
|t:|1644082697
|switch|p1a: Starmie|Starmie|94/100
|switch|p2a: Entei|Entei, shiny|65/100
|
|-weather|SunnyDay|[upkeep]
|upkeep
|turn|16
|inactive|Guldkatt has 270 seconds left.
|
|t:|1644082717
|move|p1a: Starmie|Scald|p2a: Entei
|-supereffective|p2a: Entei
|-damage|p2a: Entei|31/100
|move|p2a: Entei|Sacred Fire|p1a: Starmie
|-resisted|p1a: Starmie
|-damage|p1a: Starmie|31/100
|-status|p1a: Starmie|brn
|
|-weather|SunnyDay|[upkeep]
|-damage|p1a: Starmie|25/100 brn|[from] brn
|upkeep
|turn|17
|inactive|Guldkatt has 270 seconds left.
|
|t:|1644082737
|-curestatus|p1a: Starmie|brn|[from] ability: Natural Cure
|switch|p1a: Guzzlord|Guzzlord|17/100 frz
|switch|p2a: Seismitoad|Seismitoad, F|100/100
|
|-weather|SunnyDay|[upkeep]
|upkeep
|turn|18
|inactive|Guldkatt has 270 seconds left.
|inactive|PepeDuce has 270 seconds left.
|
|t:|1644082756
|switch|p1a: Golisopod|Golisopod, F|100/100
|move|p2a: Seismitoad|Knock Off|p1a: Golisopod
|-damage|p1a: Golisopod|69/100
|-enditem|p1a: Golisopod|Heavy-Duty Boots|[from] move: Knock Off|[of] p2a: Seismitoad
|
|-weather|SunnyDay|[upkeep]
|upkeep
|turn|19
|inactive|Guldkatt has 270 seconds left.
|
|t:|1644082765
|move|p2a: Seismitoad|Knock Off|p1a: Golisopod
|-crit|p1a: Golisopod
|-damage|p1a: Golisopod|40/100
|-activate|p1a: Golisopod|ability: Emergency Exit
|
|t:|1644082771
|switch|p1a: Ninjask|Ninjask, M|100/100
|
|-weather|SunnyDay|[upkeep]
|upkeep
|turn|20
|
|t:|1644082777
|move|p1a: Ninjask|Acrobatics|p2a: Seismitoad
|-damage|p2a: Seismitoad|44/100
|move|p2a: Seismitoad|Knock Off|p1a: Ninjask
|-damage|p1a: Ninjask|40/100
|
|-weather|none
|-ability|p1a: Ninjask|Speed Boost|boost
|-boost|p1a: Ninjask|spe|1
|upkeep
|turn|21
|inactive|Guldkatt has 270 seconds left.
|
|t:|1644082805
|switch|p2a: Torkoal|Torkoal, F|63/100
|-weather|SunnyDay|[from] ability: Drought|[of] p2a: Torkoal
|move|p1a: Ninjask|Acrobatics|p2a: Torkoal
|-damage|p2a: Torkoal|35/100
|
|-weather|SunnyDay|[upkeep]
|-ability|p1a: Ninjask|Speed Boost|boost
|-boost|p1a: Ninjask|spe|1
|upkeep
|turn|22
|
|t:|1644082816
|move|p1a: Ninjask|U-turn|p2a: Torkoal
|-resisted|p2a: Torkoal
|-damage|p2a: Torkoal|26/100
|inactive|PepeDuce has 270 seconds left.
|
|t:|1644082858
|switch|p1a: Starmie|Starmie|25/100|[from]move: U-turn
|move|p2a: Torkoal|Stealth Rock|p1a: Starmie
|-sidestart|p1: PepeDuce|move: Stealth Rock
|
|-weather|SunnyDay|[upkeep]
|upkeep
|turn|23
|
|t:|1644082864
|switch|p2a: Shiftry|Shiftry, M|100/100
|move|p1a: Starmie|Rapid Spin|p2a: Shiftry
|-damage|p2a: Shiftry|87/100
|-boost|p1a: Starmie|spe|1
|-sideend|p1: PepeDuce|Stealth Rock|[from] move: Rapid Spin|[of] p1a: Starmie
|
|-weather|SunnyDay|[upkeep]
|upkeep
|turn|24
|inactive|Guldkatt has 270 seconds left.
|
|t:|1644082891
|switch|p1a: Guzzlord|Guzzlord|17/100 frz
|switch|p2a: Seismitoad|Seismitoad, F|44/100
|
|-weather|SunnyDay|[upkeep]
|upkeep
|turn|25
|
|t:|1644082902
|move|p2a: Seismitoad|Ice Punch|p1a: Guzzlord
|-supereffective|p1a: Guzzlord
|-damage|p1a: Guzzlord|0 fnt
|faint|p1a: Guzzlord
|
|-weather|SunnyDay|[upkeep]
|upkeep
|
|t:|1644082912
|switch|p1a: Ninjask|Ninjask, M|40/100
|turn|26
|
|t:|1644082922
|move|p1a: Ninjask|Acrobatics|p2a: Seismitoad
|-damage|p2a: Seismitoad|0 fnt
|faint|p2a: Seismitoad
|
|-weather|SunnyDay|[upkeep]
|-ability|p1a: Ninjask|Speed Boost|boost
|-boost|p1a: Ninjask|spe|1
|upkeep
|inactive|Guldkatt has 270 seconds left.
|inactive|Guldkatt has 240 seconds left.
|c|+Feliburn|pepe & jask, what an iconic duo
|c|☆PepeDuce|always
|inactive|Guldkatt has 210 seconds left.
|inactive|Guldkatt has 180 seconds left.
|inactive|Guldkatt has 150 seconds left.
|inactive|Guldkatt has 120 seconds left.
|inactive|Guldkatt has 90 seconds left.
|
|t:|1644083129
|switch|p2a: Entei|Entei, shiny|31/100
|turn|27
|inactive|Guldkatt has 90 seconds left.
|inactive|Guldkatt has 60 seconds left.
|inactive|Guldkatt has 30 seconds left.
|
|t:|1644083199
|move|p1a: Ninjask|Protect|p1a: Ninjask
|-singleturn|p1a: Ninjask|Protect
|move|p2a: Entei|Extreme Speed|p1a: Ninjask
|-activate|p1a: Ninjask|move: Protect
|
|-weather|SunnyDay|[upkeep]
|-ability|p1a: Ninjask|Speed Boost|boost
|-boost|p1a: Ninjask|spe|1
|upkeep
|turn|28
|inactive|Guldkatt has 30 seconds left.
|inactive|Guldkatt has 20 seconds left.
|inactive|Guldkatt has 15 seconds left.
|inactive|Guldkatt has 10 seconds left.
|
|t:|1644083233
|switch|p1a: Steelix|Steelix, F|100/100
|switch|p2a: Shiftry|Shiftry, M|87/100
|
|-weather|none
|upkeep
|turn|29
|inactive|Guldkatt has 20 seconds left this turn.
|
|t:|1644083255
|switch|p1a: Starmie|Starmie|25/100
|move|p2a: Shiftry|Knock Off|p1a: Starmie
|-supereffective|p1a: Starmie
|-damage|p1a: Starmie|0 fnt
|-enditem|p1a: Starmie|Heavy-Duty Boots|[from] move: Knock Off|[of] p2a: Shiftry
|faint|p1a: Starmie
|-damage|p2a: Shiftry|77/100|[from] item: Life Orb
|
|upkeep
|inactive|Guldkatt has 25 seconds left this turn.
|inactive|PepeDuce has 270 seconds left.
|
|t:|1644083270
|switch|p1a: Togekiss|Togekiss, F|100/100
|turn|30
|inactive|Guldkatt has 30 seconds left.
|
|t:|1644083283
|switch|p2a: Gardevoir|Gardevoir, F|100/100
|-ability|p2a: Gardevoir|Serene Grace|[from] ability: Trace|[of] p1a: Togekiss
|move|p1a: Togekiss|Air Slash|p2a: Gardevoir
|-damage|p2a: Gardevoir|69/100
|
|upkeep
|turn|31
|inactive|Guldkatt has 30 seconds left.
|
|t:|1644083294
|move|p2a: Gardevoir|Healing Wish|p2a: Gardevoir
|faint|p2a: Gardevoir
|move|p1a: Togekiss|Air Slash|p2: Gardevoir|[notarget]
|-fail|p1a: Togekiss
|
|upkeep
|
|t:|1644083298
|switch|p2a: Entei|Entei, shiny|31/100
|-heal|p2a: Entei|100/100|[from] move: Healing Wish
|turn|32
|inactive|PepeDuce has 270 seconds left.
|inactive|PepeDuce has 240 seconds left.
|
|t:|1644083374
|move|p1a: Togekiss|Air Slash|p2a: Entei
|-damage|p2a: Entei|62/100
|move|p2a: Entei|Sacred Fire|p1a: Togekiss
|-damage|p1a: Togekiss|29/100
|-status|p1a: Togekiss|brn
|
|-damage|p1a: Togekiss|23/100 brn|[from] brn
|upkeep
|turn|33
|inactive|PepeDuce has 210 seconds left.
|
|t:|1644083397
|move|p1a: Togekiss|Air Slash|p2a: Entei
|-damage|p2a: Entei|29/100
|move|p2a: Entei|Sacred Fire|p1a: Togekiss
|-damage|p1a: Togekiss|0 fnt
|faint|p1a: Togekiss
|
|upkeep
|
|t:|1644083407
|switch|p1a: Ninjask|Ninjask, M|40/100
|turn|34
|
|t:|1644083411
|switch|p2a: Torkoal|Torkoal, F|26/100
|-weather|SunnyDay|[from] ability: Drought|[of] p2a: Torkoal
|move|p1a: Ninjask|Acrobatics|p2a: Torkoal
|-damage|p2a: Torkoal|0 fnt
|faint|p2a: Torkoal
|
|-weather|SunnyDay|[upkeep]
|-ability|p1a: Ninjask|Speed Boost|boost
|-boost|p1a: Ninjask|spe|1
|upkeep
|
|t:|1644083418
|switch|p2a: Entei|Entei, shiny|29/100
|turn|35
|
|t:|1644083431
|move|p1a: Ninjask|Protect|p1a: Ninjask
|-singleturn|p1a: Ninjask|Protect
|move|p2a: Entei|Extreme Speed|p1a: Ninjask
|-activate|p1a: Ninjask|move: Protect
|
|-weather|SunnyDay|[upkeep]
|-ability|p1a: Ninjask|Speed Boost|boost
|-boost|p1a: Ninjask|spe|1
|upkeep
|turn|36
|inactive|PepeDuce has 210 seconds left.
|
|t:|1644083477
|switch|p1a: Steelix|Steelix, F|100/100
|move|p2a: Entei|Extreme Speed|p1a: Steelix
|-resisted|p1a: Steelix
|-damage|p1a: Steelix|91/100
|
|-weather|SunnyDay|[upkeep]
|-heal|p1a: Steelix|97/100|[from] item: Leftovers
|upkeep
|turn|37
|inactive|PepeDuce has 180 seconds left.
|
|t:|1644083506
|switch|p2a: Shiftry|Shiftry, M|77/100
|move|p1a: Steelix|Heavy Slam|p2a: Shiftry
|-damage|p2a: Shiftry|19/100
|
|-weather|SunnyDay|[upkeep]
|-heal|p1a: Steelix|100/100|[from] item: Leftovers
|upkeep
|turn|38
|inactive|PepeDuce has 150 seconds left.
|inactive|Guldkatt has 60 seconds left.
|inactive|Guldkatt has 30 seconds left.
|inactive|Guldkatt has 20 seconds left.
|
|t:|1644083579
|move|p2a: Shiftry|Low Kick|p1a: Steelix
|-supereffective|p1a: Steelix
|-damage|p1a: Steelix|52/100
|-damage|p2a: Shiftry|9/100|[from] item: Life Orb
|move|p1a: Steelix|Earthquake|p2a: Shiftry
|-resisted|p2a: Shiftry
|-damage|p2a: Shiftry|0 fnt
|faint|p2a: Shiftry
|
|-weather|SunnyDay|[upkeep]
|-heal|p1a: Steelix|58/100|[from] item: Leftovers
|upkeep
|inactive|Guldkatt has 25 seconds left this turn.
|
|t:|1644083583
|switch|p2a: Entei|Entei, shiny|29/100
|turn|39
|inactive|PepeDuce has 150 seconds left.
|
|t:|1644083590
|move|p2a: Entei|Sacred Fire|p1a: Steelix
|-supereffective|p1a: Steelix
|-damage|p1a: Steelix|0 fnt
|faint|p1a: Steelix
|
|-weather|SunnyDay|[upkeep]
|upkeep
|c|☆Guldkatt|gg
|inactive|PepeDuce has 150 seconds left.
|
|t:|1644083596
|switch|p1a: Ninjask|Ninjask, M|40/100
|turn|40
|c|☆PepeDuce|gg
|
|t:|1644083600
|move|p1a: Ninjask|Acrobatics|p2a: Entei
|-damage|p2a: Entei|0 fnt
|faint|p2a: Entei
|
|win|PepeDuce
