|inactive|Battle timer is ON: inactive players will automatically lose when time's up.
|t:|1645992213
|gametype|singles
|player|p1|Eternal Spirit|liza|
|player|p2|PepeDuce|#ssdivlindworms|
|teamsize|p1|6
|teamsize|p2|6
|gen|8
|tier|[Gen 8] RU
|rule|Sleep Clause Mod: Limit one foe put to sleep
|rule|Species Clause: Limit one of each Pokémon
|rule|OHKO Clause: OHKO moves are banned
|rule|Evasion Moves Clause: Evasion moves are banned
|rule|Endless Battle Clause: Forcing endless battles is banned
|rule|HP Percentage Mod: HP is shown in percentages
|rule|Dynamax Clause: You cannot dynamax
|clearpoke
|poke|p1|Celebi|
|poke|p1|Golisopod, M|
|poke|p1|Metagross|
|poke|p1|Noivern, M|
|poke|p1|Raikou|
|poke|p1|Steelix, F|
|poke|p2|Porygon-Z|
|poke|p2|Cobalion|
|poke|p2|Noivern, F|
|poke|p2|Steelix, M|
|poke|p2|Raikou|
|poke|p2|Golisopod, M|
|teampreview
|c|+mncmt|pelo oq isso
|c|☆PepeDuce|hf
|c|☆Eternal Spirit|hf
|inactive|Eternal Spirit has 270 seconds left.
|inactive|PepeDuce has 270 seconds left.
|
|t:|1645992260
|start
|switch|p1a: Metagross|Metagross|100/100
|switch|p2a: Porygon-Z|Porygon-Z|100/100
|turn|1
|inactive|PepeDuce has 270 seconds left.
|inactive|Eternal Spirit has 270 seconds left.
|inactive|Eternal Spirit has 240 seconds left.
|
|t:|1645992347
|move|p2a: Porygon-Z|Shadow Ball|p1a: Metagross
|-supereffective|p1a: Metagross
|-damage|p1a: Metagross|13/100
|move|p1a: Metagross|Meteor Mash|p2a: Porygon-Z
|-damage|p2a: Porygon-Z|33/100
|-boost|p1a: Metagross|atk|1
|
|-heal|p1a: Metagross|19/100|[from] item: Leftovers
|upkeep
|turn|2
|inactive|Eternal Spirit has 240 seconds left.
|
|t:|1645992368
|switch|p2a: Golisopod|Golisopod, M|100/100
|switch|p1a: Noivern|Noivern, M|100/100
|
|upkeep
|turn|3
|inactive|PepeDuce has 270 seconds left.
|
|t:|1645992386
|move|p2a: Golisopod|First Impression|p1a: Noivern
|-resisted|p1a: Noivern
|-damage|p1a: Noivern|70/100
|move|p1a: Noivern|U-turn|p2a: Golisopod
|-damage|p2a: Golisopod|93/100
|inactive|Eternal Spirit has 210 seconds left.
|c|+Boulicrok|go pepe
|inactive|Eternal Spirit has 180 seconds left.
|
|t:|1645992442
|switch|p1a: Raikou|Raikou|100/100|[from]move: U-turn
|-ability|p1a: Raikou|Pressure
|
|upkeep
|turn|4
|
|t:|1645992451
|switch|p2a: Noivern|Noivern, F|100/100
|move|p1a: Raikou|Aura Sphere|p2a: Noivern
|-resisted|p2a: Noivern
|-damage|p2a: Noivern|82/100
|
|upkeep
|turn|5
|inactive|Eternal Spirit has 180 seconds left.
|
|t:|1645992461
|switch|p1a: Steelix|Steelix, F|100/100
|move|p2a: Noivern|Toxic|p1a: Steelix
|-immune|p1a: Steelix
|
|upkeep
|turn|6
|
|t:|1645992472
|switch|p2a: Golisopod|Golisopod, M|93/100
|move|p1a: Steelix|Stealth Rock|p2a: Golisopod
|-sidestart|p2: PepeDuce|move: Stealth Rock
|
|upkeep
|turn|7
|
|t:|1645992479
|move|p2a: Golisopod|Spikes|p1a: Steelix
|-sidestart|p1: Eternal Spirit|Spikes
|move|p1a: Steelix|Toxic|p2a: Golisopod
|-status|p2a: Golisopod|tox
|
|-damage|p2a: Golisopod|87/100 tox|[from] psn
|upkeep
|turn|8
|
|t:|1645992496
|move|p2a: Golisopod|Spikes|p1a: Steelix
|-sidestart|p1: Eternal Spirit|Spikes
|move|p1a: Steelix|Head Smash|p2a: Golisopod
|-supereffective|p2a: Golisopod
|-damage|p2a: Golisopod|41/100 tox
|-activate|p2a: Golisopod|ability: Emergency Exit
|inactive|PepeDuce has 270 seconds left.
|
|t:|1645992522
|switch|p2a: Porygon-Z|Porygon-Z|33/100
|-damage|p2a: Porygon-Z|21/100|[from] Stealth Rock
|
|upkeep
|turn|9
|inactive|Eternal Spirit has 180 seconds left.
|inactive|Eternal Spirit has 150 seconds left.
|
|t:|1645992601
|move|p2a: Porygon-Z|Trick|p1a: Steelix
|-activate|p2a: Porygon-Z|move: Trick|[of] p1a: Steelix
|-item|p1a: Steelix|Choice Specs|[from] move: Trick
|-item|p2a: Porygon-Z|Leftovers|[from] move: Trick
|move|p1a: Steelix|Earthquake|p2a: Porygon-Z
|-damage|p2a: Porygon-Z|0 fnt
|faint|p2a: Porygon-Z
|
|upkeep
|inactive|PepeDuce has 270 seconds left.
|
|t:|1645992606
|switch|p2a: Noivern|Noivern, F|82/100
|turn|10
|inactive|PepeDuce has 270 seconds left.
|
|t:|1645992633
|switch|p1a: Noivern|Noivern, M|70/100
|move|p2a: Noivern|Hurricane|p1a: Noivern|[miss]
|-miss|p2a: Noivern|p1a: Noivern
|
|upkeep
|turn|11
|inactive|PepeDuce has 270 seconds left.
|
|t:|1645992645
|switch|p2a: Steelix|Steelix, M|100/100
|-damage|p2a: Steelix|97/100|[from] Stealth Rock
|move|p1a: Noivern|Hurricane|p2a: Steelix
|-resisted|p2a: Steelix
|-damage|p2a: Steelix|75/100
|-start|p2a: Steelix|confusion
|
|-heal|p2a: Steelix|81/100|[from] item: Leftovers
|upkeep
|turn|12
|inactive|PepeDuce has 270 seconds left.
|
|t:|1645992665
|move|p1a: Noivern|Flamethrower|p2a: Steelix
|-supereffective|p2a: Steelix
|-crit|p2a: Steelix
|-damage|p2a: Steelix|13/100
|-activate|p2a: Steelix|confusion
|move|p2a: Steelix|Toxic|p1a: Noivern
|-status|p1a: Noivern|tox
|
|-heal|p2a: Steelix|19/100|[from] item: Leftovers
|-damage|p1a: Noivern|64/100 tox|[from] psn
|upkeep
|turn|13
|
|t:|1645992677
|switch|p2a: Raikou|Raikou|100/100
|-ability|p2a: Raikou|Pressure
|move|p1a: Noivern|Hurricane|p2a: Raikou|[miss]
|-miss|p1a: Noivern|p2a: Raikou
|
|-damage|p1a: Noivern|53/100 tox|[from] psn
|upkeep
|turn|14
|c|+Feliburn|what is this SM vern type SHIT
|
|t:|1645992705
|move|p1a: Noivern|Roost|p1a: Noivern
|-heal|p1a: Noivern|100/100 tox
|-singleturn|p1a: Noivern|move: Roost
|move|p2a: Raikou|Shadow Ball|p1a: Noivern
|-damage|p1a: Noivern|68/100 tox
|
|-damage|p1a: Noivern|50/100 tox|[from] psn
|upkeep
|turn|15
|inactive|PepeDuce has 240 seconds left.
|
|t:|1645992728
|move|p1a: Noivern|U-turn|p2a: Raikou
|-damage|p2a: Raikou|85/100
|
|t:|1645992744
|switch|p1a: Steelix|Steelix, F|100/100|[from]move: U-turn
|-damage|p1a: Steelix|84/100|[from] Spikes
|move|p2a: Raikou|Volt Switch|p1a: Steelix
|-immune|p1a: Steelix
|
|upkeep
|turn|16
|
|t:|1645992754
|switch|p2a: Cobalion|Cobalion|100/100
|-damage|p2a: Cobalion|97/100|[from] Stealth Rock
|-item|p2a: Cobalion|Air Balloon
|move|p1a: Steelix|Head Smash|p2a: Cobalion
|-resisted|p2a: Cobalion
|-damage|p2a: Cobalion|91/100
|-enditem|p2a: Cobalion|Air Balloon
|
|upkeep
|turn|17
|
|t:|1645992765
|switch|p2a: Noivern|Noivern, F|82/100
|switch|p1a: Noivern|Noivern, M|50/100 tox
|
|-damage|p1a: Noivern|44/100 tox|[from] psn
|upkeep
|turn|18
|
|t:|1645992773
|switch|p1a: Raikou|Raikou|100/100
|-ability|p1a: Raikou|Pressure
|move|p2a: Noivern|Hurricane|p1a: Raikou
|-resisted|p1a: Raikou
|-damage|p1a: Raikou|77/100
|
|upkeep
|turn|19
|
|t:|1645992789
|move|p2a: Noivern|Toxic|p1a: Raikou
|-status|p1a: Raikou|tox
|move|p1a: Raikou|Toxic|p2a: Noivern
|-status|p2a: Noivern|tox
|
|-damage|p2a: Noivern|76/100 tox|[from] psn
|-damage|p1a: Raikou|71/100 tox|[from] psn
|upkeep
|turn|20
|inactive|PepeDuce has 240 seconds left.
|
|t:|1645992815
|switch|p2a: Steelix|Steelix, M|19/100
|-damage|p2a: Steelix|16/100|[from] Stealth Rock
|move|p1a: Raikou|Aura Sphere|p2a: Steelix
|-supereffective|p2a: Steelix
|-damage|p2a: Steelix|0 fnt
|faint|p2a: Steelix
|
|-damage|p1a: Raikou|59/100 tox|[from] psn
|upkeep
|
|t:|1645992827
|switch|p2a: Golisopod|Golisopod, M|41/100 tox
|turn|21
|
|t:|1645992835
|switch|p1a: Noivern|Noivern, M|44/100 tox
|move|p2a: Golisopod|First Impression|p1a: Noivern
|-resisted|p1a: Noivern
|-damage|p1a: Noivern|11/100 tox
|
|-damage|p1a: Noivern|5/100 tox|[from] psn
|-damage|p2a: Golisopod|35/100 tox|[from] psn
|upkeep
|turn|22
|
|t:|1645992849
|switch|p1a: Celebi|Celebi|100/100
|-damage|p1a: Celebi|84/100|[from] Spikes
|switch|p2a: Raikou|Raikou|85/100
|-ability|p2a: Raikou|Pressure
|
|-heal|p1a: Celebi|90/100|[from] item: Leftovers
|upkeep
|turn|23
|inactive|PepeDuce has 240 seconds left.
|
|t:|1645992861
|move|p2a: Raikou|Shadow Ball|p1a: Celebi
|-supereffective|p1a: Celebi
|-damage|p1a: Celebi|41/100
|move|p1a: Celebi|Giga Drain|p2a: Raikou
|-damage|p2a: Raikou|49/100
|-heal|p1a: Celebi|58/100|[from] drain|[of] p2a: Raikou
|
|-heal|p1a: Celebi|64/100|[from] item: Leftovers
|upkeep
|turn|24
|inactive|PepeDuce has 240 seconds left.
|
|t:|1645992876
|move|p2a: Raikou|Shadow Ball|p1a: Celebi
|-supereffective|p1a: Celebi
|-damage|p1a: Celebi|13/100
|move|p1a: Celebi|Giga Drain|p2a: Raikou
|-damage|p2a: Raikou|14/100
|-heal|p1a: Celebi|30/100|[from] drain|[of] p2a: Raikou
|
|-heal|p1a: Celebi|36/100|[from] item: Leftovers
|upkeep
|turn|25
|inactive|PepeDuce has 240 seconds left.
|
|t:|1645992886
|switch|p1a: Metagross|Metagross|19/100
|-damage|p1a: Metagross|2/100|[from] Spikes
|move|p2a: Raikou|Shadow Ball|p1a: Metagross
|-supereffective|p1a: Metagross
|-damage|p1a: Metagross|0 fnt
|faint|p1a: Metagross
|
|upkeep
|
|t:|1645992890
|switch|p1a: Noivern|Noivern, M|5/100 tox
|turn|26
|inactive|PepeDuce has 240 seconds left.
|
|t:|1645992909
|move|p1a: Noivern|U-turn|p2a: Raikou
|-damage|p2a: Raikou|0 fnt
|faint|p2a: Raikou
|inactive|Eternal Spirit has 180 seconds left.
|inactive|Eternal Spirit has 150 seconds left.
|
|t:|1645992952
|switch|p1a: Raikou|Raikou|59/100 tox|[from]move: U-turn
|-ability|p1a: Raikou|Pressure
|
|-damage|p1a: Raikou|53/100 tox|[from] psn
|upkeep
|
|t:|1645992962
|switch|p2a: Golisopod|Golisopod, M|35/100 tox
|turn|27
|
|t:|1645992970
|switch|p1a: Golisopod|Golisopod, M|100/100
|move|p2a: Golisopod|First Impression|p1a: Golisopod
|-damage|p1a: Golisopod|60/100
|
|-damage|p2a: Golisopod|29/100 tox|[from] psn
|upkeep
|turn|28
|inactive|Eternal Spirit has 150 seconds left.
|inactive|PepeDuce has 240 seconds left.
|
|t:|1645993021
|move|p1a: Golisopod|First Impression|p2a: Golisopod
|-damage|p2a: Golisopod|0 fnt
|faint|p2a: Golisopod
|
|upkeep
|
|t:|1645993024
|switch|p2a: Noivern|Noivern, F|76/100 tox
|turn|29
|
|t:|1645993033
|switch|p1a: Celebi|Celebi|36/100
|-damage|p1a: Celebi|20/100|[from] Spikes
|move|p2a: Noivern|Flamethrower|p1a: Celebi
|-supereffective|p1a: Celebi
|-damage|p1a: Celebi|0 fnt
|faint|p1a: Celebi
|
|-damage|p2a: Noivern|70/100 tox|[from] psn
|upkeep
|
|t:|1645993048
|switch|p1a: Raikou|Raikou|53/100 tox
|-ability|p1a: Raikou|Pressure
|turn|30
|
|t:|1645993056
|move|p2a: Noivern|Roost|p2a: Noivern
|-heal|p2a: Noivern|100/100 tox
|-singleturn|p2a: Noivern|move: Roost
|move|p1a: Raikou|Volt Switch|p2a: Noivern
|-resisted|p2a: Noivern
|-damage|p2a: Noivern|79/100 tox
|
|t:|1645993064
|switch|p1a: Golisopod|Golisopod, M|60/100|[from]move: Volt Switch
|
|-damage|p2a: Noivern|67/100 tox|[from] psn
|upkeep
|turn|31
|
|t:|1645993077
|move|p1a: Golisopod|First Impression|p2a: Noivern
|-resisted|p2a: Noivern
|-damage|p2a: Noivern|39/100 tox
|move|p2a: Noivern|Hurricane|p1a: Golisopod
|-supereffective|p1a: Golisopod
|-damage|p1a: Golisopod|0 fnt
|faint|p1a: Golisopod
|
|-damage|p2a: Noivern|21/100 tox|[from] psn
|upkeep
|
|t:|1645993084
|switch|p1a: Raikou|Raikou|53/100 tox
|-ability|p1a: Raikou|Pressure
|turn|32
|
|t:|1645993090
|move|p2a: Noivern|Roost|p2a: Noivern
|-heal|p2a: Noivern|71/100 tox
|-singleturn|p2a: Noivern|move: Roost
|move|p1a: Raikou|Aura Sphere|p2a: Noivern
|-damage|p2a: Noivern|36/100 tox
|
|-damage|p2a: Noivern|11/100 tox|[from] psn
|-damage|p1a: Raikou|46/100 tox|[from] psn
|upkeep
|turn|33
|inactive|Eternal Spirit has 150 seconds left.
|inactive|PepeDuce has 240 seconds left.
|inactive|PepeDuce has 210 seconds left.
|inactive|PepeDuce has 180 seconds left.
|
|t:|1645993183
|switch|p2a: Cobalion|Cobalion|91/100
|-damage|p2a: Cobalion|87/100|[from] Stealth Rock
|move|p1a: Raikou|Aura Sphere|p2a: Cobalion
|-supereffective|p2a: Cobalion
|-damage|p2a: Cobalion|19/100
|
|-damage|p1a: Raikou|34/100 tox|[from] psn
|upkeep
|turn|34
|
|t:|1645993192
|move|p1a: Raikou|Volt Switch|p2a: Cobalion
|-damage|p2a: Cobalion|0 fnt
|faint|p2a: Cobalion
|
|t:|1645993201
|switch|p1a: Steelix|Steelix, F|84/100|[from]move: Volt Switch
|-damage|p1a: Steelix|68/100|[from] Spikes
|
|upkeep
|
|t:|1645993204
|switch|p2a: Noivern|Noivern, F|11/100 tox
|turn|35
|inactive|PepeDuce has 180 seconds left.
|
|t:|1645993236
|move|p2a: Noivern|Roost|p2a: Noivern
|-heal|p2a: Noivern|62/100 tox
|-singleturn|p2a: Noivern|move: Roost
|move|p1a: Steelix|Earthquake|p2a: Noivern
|-damage|p2a: Noivern|30/100 tox
|
|-damage|p2a: Noivern|24/100 tox|[from] psn
|upkeep
|turn|36
|inactive|PepeDuce has 180 seconds left.
|
|t:|1645993246
|move|p2a: Noivern|Flamethrower|p1a: Steelix
|-supereffective|p1a: Steelix
|-damage|p1a: Steelix|25/100
|move|p1a: Steelix|Earthquake|p2a: Noivern
|-immune|p2a: Noivern
|
|-damage|p2a: Noivern|11/100 tox|[from] psn
|upkeep
|turn|37
|c|☆PepeDuce|gg
|
|t:|1645993254
|move|p2a: Noivern|Flamethrower|p1a: Steelix
|-supereffective|p1a: Steelix
|-damage|p1a: Steelix|0 fnt
|faint|p1a: Steelix
|
|-damage|p2a: Noivern|0 fnt|[from] psn
|faint|p2a: Noivern
|
|win|Eternal Spirit
|upkeep
|c|☆Eternal Spirit|gg
