|inactive|Battle timer is ON: inactive players will automatically lose when time's up.
|t:|1627575033
|gametype|singles
|player|p1|MAc3|roxie|
|player|p2|pattek|hilbert|
|teamsize|p1|6
|teamsize|p2|6
|gen|8
|tier|[Gen 8] RU
|rule|Sleep Clause Mod: Limit one foe put to sleep
|rule|Species Clause: Limit one of each Pokémon
|rule|OHKO Clause: OHKO moves are banned
|rule|Evasion Moves Clause: Evasion moves are banned
|rule|Endless Battle Clause: Forcing endless battles is banned
|rule|HP Percentage Mod: HP is shown in percentages
|rule|Dynamax Clause: You cannot dynamax
|clearpoke
|poke|p1|Darmanitan, M|
|poke|p1|Dhelmise|
|poke|p1|Diancie|
|poke|p1|Gastrodon, F|
|poke|p1|Mienshao, M|
|poke|p1|Necrozma|
|poke|p2|Doublade, M|
|poke|p2|Umbreon, F|
|poke|p2|Xurkitree|
|poke|p2|Seismitoad, M|
|poke|p2|Celebi|
|poke|p2|Talonflame, F|
|teampreview
|c|☆pattek|hf
|c|☆MAc3|hf
|inactive|MAc3 has 270 seconds left.
|inactive|pattek has 270 seconds left.
|
|t:|1627575076
|start
|switch|p1a: granit och morän|Mienshao, M|100/100
|switch|p2a: Talonflame|Talonflame, F|100/100
|turn|1
|
|t:|1627575084
|switch|p2a: Seismitoad|Seismitoad, M|100/100
|move|p1a: granit och morän|Stone Edge|p2a: Seismitoad
|-resisted|p2a: Seismitoad
|-damage|p2a: Seismitoad|89/100
|
|-heal|p2a: Seismitoad|95/100|[from] item: Leftovers
|upkeep
|turn|2
|
|t:|1627575103
|switch|p1a: elegi|Dhelmise|100/100
|switch|p2a: Talonflame|Talonflame, F|100/100
|
|upkeep
|turn|3
|c|+ojr|Aye 
|
|t:|1627575115
|switch|p1a: kom ihåg mig|Diancie|100/100
|move|p2a: Talonflame|Toxic|p1a: kom ihåg mig|[miss]
|-miss|p2a: Talonflame|p1a: kom ihåg mig
|
|upkeep
|turn|4
|
|t:|1627575122
|move|p2a: Talonflame|U-turn|p1a: kom ihåg mig
|-resisted|p1a: kom ihåg mig
|-damage|p1a: kom ihåg mig|95/100
|
|t:|1627575129
|switch|p2a: Celebi|Celebi|100/100|[from]move: U-turn
|move|p1a: kom ihåg mig|Stealth Rock|p2a: Celebi
|-sidestart|p2: pattek|move: Stealth Rock
|
|-heal|p1a: kom ihåg mig|100/100|[from] item: Leftovers
|upkeep
|turn|5
|
|t:|1627575157
|switch|p1a: elegi|Dhelmise|100/100
|move|p2a: Celebi|Nasty Plot|p2a: Celebi
|-boost|p2a: Celebi|spa|2
|
|upkeep
|turn|6
|
|t:|1627575168
|move|p2a: Celebi|Shadow Ball|p1a: elegi
|-supereffective|p1a: elegi
|-damage|p1a: elegi|0 fnt
|faint|p1a: elegi
|
|upkeep
|
|t:|1627575170
|switch|p1a: granit och morän|Mienshao, M|100/100
|turn|7
|
|t:|1627575182
|switch|p2a: Seismitoad|Seismitoad, M|95/100
|-damage|p2a: Seismitoad|89/100|[from] Stealth Rock
|move|p1a: granit och morän|U-turn|p2a: Seismitoad
|-damage|p2a: Seismitoad|72/100
|
|t:|1627575186
|switch|p1a: paradiset|Necrozma|100/100|[from]move: U-turn
|
|-heal|p2a: Seismitoad|79/100|[from] item: Leftovers
|upkeep
|turn|8
|
|t:|1627575202
|switch|p2a: Umbreon|Umbreon, F|100/100
|move|p1a: paradiset|Knock Off|p2a: Umbreon
|-resisted|p2a: Umbreon
|-damage|p2a: Umbreon|92/100
|-enditem|p2a: Umbreon|Heavy-Duty Boots|[from] move: Knock Off|[of] p1a: paradiset
|
|upkeep
|turn|9
|
|t:|1627575208
|switch|p1a: granit och morän|Mienshao, M|100/100
|move|p2a: Umbreon|Foul Play|p1a: granit och morän
|-resisted|p1a: granit och morän
|-damage|p1a: granit och morän|56/100
|
|upkeep
|turn|10
|
|t:|1627575216
|move|p2a: Umbreon|Protect|p2a: Umbreon
|-singleturn|p2a: Umbreon|Protect
|move|p1a: granit och morän|Close Combat|p2a: Umbreon
|-activate|p2a: Umbreon|move: Protect
|
|upkeep
|turn|11
|
|t:|1627575227
|switch|p1a: åt samma håll|Darmanitan, M|100/100
|switch|p2a: Talonflame|Talonflame, F|100/100
|
|upkeep
|turn|12
|
|t:|1627575242
|move|p2a: Talonflame|U-turn|p1a: åt samma håll
|-resisted|p1a: åt samma håll
|-damage|p1a: åt samma håll|90/100
|
|t:|1627575252
|switch|p2a: Seismitoad|Seismitoad, M|79/100|[from]move: U-turn
|-damage|p2a: Seismitoad|72/100|[from] Stealth Rock
|move|p1a: åt samma håll|Rock Slide|p2a: Seismitoad
|-resisted|p2a: Seismitoad
|-damage|p2a: Seismitoad|59/100
|
|-heal|p2a: Seismitoad|65/100|[from] item: Leftovers
|upkeep
|turn|13
|
|t:|1627575257
|move|p1a: åt samma håll|U-turn|p2a: Seismitoad
|-damage|p2a: Seismitoad|45/100
|
|t:|1627575263
|switch|p1a: söndermarken|Gastrodon, F|100/100|[from]move: U-turn
|move|p2a: Seismitoad|Stealth Rock|p1a: söndermarken
|-sidestart|p1: MAc3|move: Stealth Rock
|
|-heal|p2a: Seismitoad|51/100|[from] item: Leftovers
|upkeep
|turn|14
|
|t:|1627575276
|switch|p1a: granit och morän|Mienshao, M|89/100
|-damage|p1a: granit och morän|83/100|[from] Stealth Rock
|move|p2a: Seismitoad|Earthquake|p1a: granit och morän
|-damage|p1a: granit och morän|17/100
|
|-heal|p2a: Seismitoad|57/100|[from] item: Leftovers
|upkeep
|turn|15
|
|t:|1627575287
|move|p1a: granit och morän|U-turn|p2a: Seismitoad
|-damage|p2a: Seismitoad|39/100
|
|t:|1627575289
|switch|p1a: söndermarken|Gastrodon, F|100/100|[from]move: U-turn
|move|p2a: Seismitoad|Earthquake|p1a: söndermarken
|-damage|p1a: söndermarken|76/100
|
|-heal|p2a: Seismitoad|45/100|[from] item: Leftovers
|upkeep
|turn|16
|
|t:|1627575301
|move|p2a: Seismitoad|Toxic|p1a: söndermarken
|-status|p1a: söndermarken|tox
|move|p1a: söndermarken|Ice Beam|p2a: Seismitoad
|-damage|p2a: Seismitoad|26/100
|
|-heal|p2a: Seismitoad|32/100|[from] item: Leftovers
|-damage|p1a: söndermarken|70/100 tox|[from] psn
|upkeep
|turn|17
|
|t:|1627575308
|switch|p2a: Umbreon|Umbreon, F|92/100
|-damage|p2a: Umbreon|79/100|[from] Stealth Rock
|move|p1a: söndermarken|Recover|p1a: söndermarken
|-heal|p1a: söndermarken|100/100 tox
|
|-damage|p1a: söndermarken|88/100 tox|[from] psn
|upkeep
|turn|18
|
|t:|1627575313
|switch|p1a: kom ihåg mig|Diancie|100/100
|-damage|p1a: kom ihåg mig|88/100|[from] Stealth Rock
|move|p2a: Umbreon|Wish|p2a: Umbreon
|
|-heal|p1a: kom ihåg mig|94/100|[from] item: Leftovers
|upkeep
|turn|19
|
|t:|1627575340
|switch|p2a: Seismitoad|Seismitoad, M|32/100
|-damage|p2a: Seismitoad|26/100|[from] Stealth Rock
|move|p1a: kom ihåg mig|Heal Bell|p1a: kom ihåg mig
|-activate|p1a: kom ihåg mig|move: Heal Bell
|-curestatus|p1: söndermarken|tox|[msg]
|
|-heal|p2a: Seismitoad|73/100|[from] move: Wish|[wisher] Umbreon
|-heal|p2a: Seismitoad|79/100|[from] item: Leftovers
|-heal|p1a: kom ihåg mig|100/100|[from] item: Leftovers
|upkeep
|turn|20
|
|t:|1627575347
|switch|p1a: paradiset|Necrozma|100/100
|-damage|p1a: paradiset|88/100|[from] Stealth Rock
|move|p2a: Seismitoad|Knock Off|p1a: paradiset
|-supereffective|p1a: paradiset
|-damage|p1a: paradiset|67/100
|-enditem|p1a: paradiset|Leftovers|[from] move: Knock Off|[of] p2a: Seismitoad
|
|-heal|p2a: Seismitoad|85/100|[from] item: Leftovers
|upkeep
|turn|21
|
|t:|1627575355
|move|p1a: paradiset|Toxic|p2a: Seismitoad
|-status|p2a: Seismitoad|tox
|move|p2a: Seismitoad|Toxic|p1a: paradiset
|-status|p1a: paradiset|tox
|
|-heal|p2a: Seismitoad|91/100 tox|[from] item: Leftovers
|-damage|p1a: paradiset|61/100 tox|[from] psn
|-damage|p2a: Seismitoad|85/100 tox|[from] psn
|upkeep
|turn|22
|
|t:|1627575369
|switch|p1a: granit och morän|Mienshao, M|50/100
|-damage|p1a: granit och morän|44/100|[from] Stealth Rock
|move|p2a: Seismitoad|Earthquake|p1a: granit och morän
|-damage|p1a: granit och morän|0 fnt
|faint|p1a: granit och morän
|
|-heal|p2a: Seismitoad|91/100 tox|[from] item: Leftovers
|-damage|p2a: Seismitoad|79/100 tox|[from] psn
|upkeep
|
|t:|1627575375
|switch|p1a: söndermarken|Gastrodon, F|88/100
|turn|23
|
|t:|1627575379
|switch|p2a: Celebi|Celebi|100/100
|move|p1a: söndermarken|Earth Power|p2a: Celebi
|-resisted|p2a: Celebi
|-damage|p2a: Celebi|86/100
|
|upkeep
|turn|24
|
|t:|1627575389
|move|p2a: Celebi|Psychic|p1a: söndermarken
|-damage|p1a: söndermarken|49/100
|move|p1a: söndermarken|Ice Beam|p2a: Celebi
|-supereffective|p2a: Celebi
|-damage|p2a: Celebi|46/100
|
|upkeep
|turn|25
|
|t:|1627575396
|move|p2a: Celebi|Recover|p2a: Celebi
|-heal|p2a: Celebi|96/100
|move|p1a: söndermarken|Ice Beam|p2a: Celebi
|-supereffective|p2a: Celebi
|-damage|p2a: Celebi|59/100
|
|upkeep
|turn|26
|
|t:|1627575403
|move|p2a: Celebi|Psychic|p1a: söndermarken
|-damage|p1a: söndermarken|9/100
|move|p1a: söndermarken|Clear Smog|p2a: Celebi
|-supereffective|p2a: Celebi
|-damage|p2a: Celebi|39/100
|-clearboost|p2a: Celebi
|
|upkeep
|turn|27
|
|t:|1627575406
|move|p2a: Celebi|Psychic|p1a: söndermarken
|-damage|p1a: söndermarken|0 fnt
|faint|p1a: söndermarken
|
|upkeep
|
|t:|1627575407
|switch|p1a: åt samma håll|Darmanitan, M|90/100
|turn|28
|inactive|pattek has 270 seconds left.
|
|t:|1627575441
|move|p2a: Celebi|Psychic|p1a: åt samma håll
|-damage|p1a: åt samma håll|27/100
|move|p1a: åt samma håll|Flare Blitz|p2a: Celebi
|-supereffective|p2a: Celebi
|-damage|p2a: Celebi|0 fnt
|faint|p2a: Celebi
|-damage|p1a: åt samma håll|15/100|[from] Recoil
|
|upkeep
|
|t:|1627575444
|switch|p2a: Talonflame|Talonflame, F|100/100
|turn|29
|
|t:|1627575450
|switch|p1a: kom ihåg mig|Diancie|100/100
|-damage|p1a: kom ihåg mig|88/100|[from] Stealth Rock
|move|p2a: Talonflame|Brave Bird|p1a: kom ihåg mig
|-resisted|p1a: kom ihåg mig
|-crit|p1a: kom ihåg mig
|-damage|p1a: kom ihåg mig|68/100
|-damage|p2a: Talonflame|95/100|[from] Recoil
|
|-heal|p1a: kom ihåg mig|74/100|[from] item: Leftovers
|upkeep
|turn|30
|
|t:|1627575460
|move|p2a: Talonflame|U-turn|p1a: kom ihåg mig
|-resisted|p1a: kom ihåg mig
|-crit|p1a: kom ihåg mig
|-damage|p1a: kom ihåg mig|66/100
|
|t:|1627575467
|switch|p2a: Doublade|Doublade, M|100/100|[from]move: U-turn
|-damage|p2a: Doublade|94/100|[from] Stealth Rock
|move|p1a: kom ihåg mig|Diamond Storm|p2a: Doublade
|-resisted|p2a: Doublade
|-damage|p2a: Doublade|85/100
|
|-heal|p1a: kom ihåg mig|72/100|[from] item: Leftovers
|upkeep
|turn|31
|
|t:|1627575474
|move|p1a: kom ihåg mig|Diamond Storm|p2a: Doublade
|-resisted|p2a: Doublade
|-damage|p2a: Doublade|76/100
|move|p2a: Doublade|Swords Dance|p2a: Doublade
|-boost|p2a: Doublade|atk|2
|
|-heal|p1a: kom ihåg mig|78/100|[from] item: Leftovers
|upkeep
|turn|32
|c|☆MAc3|gg
|c|☆pattek|gg
|-message|MAc3 forfeited.
|
|win|pattek
