|inactive|Battle timer is ON: inactive players will automatically lose when time's up.
|t:|1635626045
|gametype|singles
|player|p1|mushamu|scientistf|
|player|p2|pattek|dawn|
|teamsize|p1|6
|teamsize|p2|6
|gen|8
|tier|[Gen 8] RU
|rule|Sleep Clause Mod: Limit one foe put to sleep
|rule|Species Clause: Limit one of each Pokémon
|rule|OHKO Clause: OHKO moves are banned
|rule|Evasion Moves Clause: Evasion moves are banned
|rule|Endless Battle Clause: Forcing endless battles is banned
|rule|HP Percentage Mod: HP is shown in percentages
|rule|Dynamax Clause: You cannot dynamax
|clearpoke
|poke|p1|Golurk|
|poke|p1|Roserade, F|
|poke|p1|Bronzong|
|poke|p1|Raikou|
|poke|p1|Incineroar, M|
|poke|p1|Noivern, F|
|poke|p2|Slowpoke, M|
|poke|p2|Metagross|
|poke|p2|Umbreon, F|
|poke|p2|Flygon, M|
|poke|p2|Weezing-Galar, F|
|poke|p2|Heracross, M|
|teampreview
|c|☆pattek|hf
|c|☆mushamu|hf
|inactive|mushamu has 270 seconds left.
|c|+yovan33321|lgi pattek
|
|t:|1635626104
|start
|switch|p1a: Golurk|Golurk|100/100
|switch|p2a: Heracross|Heracross, M|100/100
|turn|1
|c|+daniYSB|lgi mushamu
|c|☆pattek|thank you yovan thats very motivating of you
|
|t:|1635626132
|switch|p1a: Noivern|Noivern, F|100/100
|move|p2a: Heracross|Knock Off|p1a: Noivern
|-damage|p1a: Noivern|67/100
|-enditem|p1a: Noivern|Heavy-Duty Boots|[from] move: Knock Off|[of] p2a: Heracross
|
|-status|p2a: Heracross|brn|[from] item: Flame Orb
|upkeep
|turn|2
|
|t:|1635626145
|switch|p2a: evil|Umbreon, F|100/100
|move|p1a: Noivern|U-turn|p2a: evil
|-supereffective|p2a: evil
|-damage|p2a: evil|84/100
|
|t:|1635626163
|switch|p1a: Roserade|Roserade, F|100/100|[from]move: U-turn
|
|-heal|p2a: evil|90/100|[from] item: Leftovers
|upkeep
|turn|3
|
|t:|1635626170
|switch|p2a: Metagross|Metagross|100/100
|move|p1a: Roserade|Spikes|p2a: Metagross
|-sidestart|p2: pattek|Spikes
|
|upkeep
|turn|4
|
|t:|1635626177
|switch|p1a: Bronzong|Bronzong|100/100
|switch|p2a: Heracross|Heracross, M|100/100 brn
|-damage|p2a: Heracross|88/100 brn|[from] Spikes
|
|-damage|p2a: Heracross|82/100 brn|[from] brn
|upkeep
|turn|5
|
|t:|1635626191
|switch|p1a: Noivern|Noivern, F|67/100
|move|p2a: Heracross|Facade|p1a: Noivern
|-damage|p1a: Noivern|0 fnt
|faint|p1a: Noivern
|
|-damage|p2a: Heracross|76/100 brn|[from] brn
|upkeep
|
|t:|1635626198
|switch|p1a: Raikou|Raikou, shiny|100/100
|-ability|p1a: Raikou|Pressure
|turn|6
|
|t:|1635626211
|switch|p2a: Flygon|Flygon, M|100/100
|move|p1a: Raikou|Volt Switch|p2a: Flygon
|-immune|p2a: Flygon
|
|upkeep
|turn|7
|
|t:|1635626215
|move|p2a: Flygon|U-turn|p1a: Raikou
|-damage|p1a: Raikou|71/100
|
|t:|1635626224
|switch|p2a: evil|Umbreon, F|90/100|[from]move: U-turn
|-damage|p2a: evil|78/100|[from] Spikes
|move|p1a: Raikou|Volt Switch|p2a: evil
|-damage|p2a: evil|59/100
|
|t:|1635626230
|switch|p1a: Incineroar|Incineroar, M|100/100|[from]move: Volt Switch
|-ability|p1a: Incineroar|Intimidate|boost
|-unboost|p2a: evil|atk|1
|
|-heal|p2a: evil|65/100|[from] item: Leftovers
|upkeep
|turn|8
|
|t:|1635626235
|switch|p2a: Weezing|Weezing-Galar, F|100/100
|-ability|p2a: Weezing|Neutralizing Gas
|-damage|p2a: Weezing|88/100|[from] Spikes
|move|p1a: Incineroar|Knock Off|p2a: Weezing
|-resisted|p2a: Weezing
|-damage|p2a: Weezing|76/100
|-damage|p1a: Incineroar|84/100|[from] item: Rocky Helmet|[of] p2a: Weezing
|-enditem|p2a: Weezing|Rocky Helmet|[from] move: Knock Off|[of] p1a: Incineroar
|
|upkeep
|turn|9
|
|t:|1635626241
|move|p1a: Incineroar|U-turn|p2a: Weezing
|-resisted|p2a: Weezing
|-damage|p2a: Weezing|73/100
|
|t:|1635626243
|switch|p1a: Roserade|Roserade, F|100/100|[from]move: U-turn
|move|p2a: Weezing|Defog|p1a: Roserade
|-unboost|p1a: Roserade|evasion|1
|-sideend|p2: pattek|Spikes|[from] move: Defog|[of] p2a: Weezing
|
|upkeep
|turn|10
|
|t:|1635626250
|-end|p2a: Weezing|ability: Neutralizing Gas
|switch|p2a: Metagross|Metagross|100/100
|move|p1a: Roserade|Spikes|p2a: Metagross
|-sidestart|p2: pattek|Spikes
|
|upkeep
|turn|11
|
|t:|1635626261
|switch|p1a: Bronzong|Bronzong|100/100
|move|p2a: Metagross|Stealth Rock|p1a: Bronzong
|-sidestart|p1: mushamu|move: Stealth Rock
|
|upkeep
|turn|12
|
|t:|1635626265
|switch|p2a: slowgoat|Slowpoke, M|100/100
|-damage|p2a: slowgoat|88/100|[from] Spikes
|move|p1a: Bronzong|Stealth Rock|p2a: slowgoat
|-sidestart|p2: pattek|move: Stealth Rock
|
|upkeep
|turn|13
|
|t:|1635626274
|move|p1a: Bronzong|Toxic|p2a: slowgoat
|-status|p2a: slowgoat|tox
|move|p2a: slowgoat|Teleport|p2a: slowgoat
|
|t:|1635626276
|switch|p2a: Heracross|Heracross, M|76/100 brn|[from]move: Teleport
|-damage|p2a: Heracross|64/100 brn|[from] Spikes
|-damage|p2a: Heracross|52/100 brn|[from] Stealth Rock
|
|-damage|p2a: Heracross|46/100 brn|[from] brn
|upkeep
|turn|14
|
|t:|1635626284
|switch|p1a: Golurk|Golurk|100/100
|-damage|p1a: Golurk|95/100|[from] Stealth Rock
|move|p2a: Heracross|Knock Off|p1a: Golurk
|-supereffective|p1a: Golurk
|-damage|p1a: Golurk|0 fnt
|-enditem|p1a: Golurk|Choice Band|[from] move: Knock Off|[of] p2a: Heracross
|faint|p1a: Golurk
|
|-damage|p2a: Heracross|40/100 brn|[from] brn
|upkeep
|
|t:|1635626286
|switch|p1a: Roserade|Roserade, F|100/100
|turn|15
|
|t:|1635626302
|switch|p2a: Metagross|Metagross|100/100
|-damage|p2a: Metagross|88/100|[from] Spikes
|-damage|p2a: Metagross|82/100|[from] Stealth Rock
|move|p1a: Roserade|Spikes|p2a: Metagross
|-sidestart|p2: pattek|Spikes
|
|-heal|p2a: Metagross|88/100|[from] item: Leftovers
|upkeep
|turn|16
|
|t:|1635626309
|switch|p1a: Bronzong|Bronzong|100/100
|-damage|p1a: Bronzong|94/100|[from] Stealth Rock
|move|p2a: Metagross|Earthquake|p1a: Bronzong
|-immune|p1a: Bronzong|[from] ability: Levitate
|
|-heal|p2a: Metagross|94/100|[from] item: Leftovers
|-heal|p1a: Bronzong|100/100|[from] item: Leftovers
|upkeep
|turn|17
|
|t:|1635626314
|switch|p1a: Roserade|Roserade, F|100/100
|move|p2a: Metagross|Meteor Mash|p1a: Roserade
|-damage|p1a: Roserade|15/100
|-boost|p2a: Metagross|atk|1
|
|-heal|p2a: Metagross|99/100|[from] item: Leftovers
|upkeep
|turn|18
|
|t:|1635626318
|switch|p1a: Bronzong|Bronzong|100/100
|-damage|p1a: Bronzong|94/100|[from] Stealth Rock
|move|p2a: Metagross|Meteor Mash|p1a: Bronzong
|-resisted|p1a: Bronzong
|-damage|p1a: Bronzong|66/100
|
|-heal|p2a: Metagross|100/100|[from] item: Leftovers
|-heal|p1a: Bronzong|73/100|[from] item: Leftovers
|upkeep
|turn|19
|
|t:|1635626321
|move|p2a: Metagross|Meteor Mash|p1a: Bronzong
|-resisted|p1a: Bronzong
|-damage|p1a: Bronzong|44/100
|move|p1a: Bronzong|Earthquake|p2a: Metagross
|-supereffective|p2a: Metagross
|-damage|p2a: Metagross|69/100
|
|-heal|p2a: Metagross|75/100|[from] item: Leftovers
|-heal|p1a: Bronzong|50/100|[from] item: Leftovers
|upkeep
|turn|20
|
|t:|1635626326
|move|p2a: Metagross|Meteor Mash|p1a: Bronzong
|-resisted|p1a: Bronzong
|-damage|p1a: Bronzong|18/100
|move|p1a: Bronzong|Earthquake|p2a: Metagross
|-supereffective|p2a: Metagross
|-damage|p2a: Metagross|45/100
|
|-heal|p2a: Metagross|51/100|[from] item: Leftovers
|-heal|p1a: Bronzong|24/100|[from] item: Leftovers
|upkeep
|turn|21
|
|t:|1635626328
|switch|p1a: Raikou|Raikou, shiny|71/100
|-ability|p1a: Raikou|Pressure
|move|p2a: Metagross|Meteor Mash|p1a: Raikou
|-resisted|p1a: Raikou
|-damage|p1a: Raikou|26/100
|
|-heal|p2a: Metagross|57/100|[from] item: Leftovers
|upkeep
|turn|22
|
|t:|1635626338
|move|p1a: Raikou|Volt Switch|p2a: Metagross
|-damage|p2a: Metagross|24/100
|
|t:|1635626341
|switch|p1a: Incineroar|Incineroar, M|84/100|[from]move: Volt Switch
|-ability|p1a: Incineroar|Intimidate|boost
|-fail|p2a: Metagross|unboost|[from] ability: Clear Body|[of] p2a: Metagross
|move|p2a: Metagross|Earthquake|p1a: Incineroar
|-supereffective|p1a: Incineroar
|-damage|p1a: Incineroar|0 fnt
|faint|p1a: Incineroar
|
|-heal|p2a: Metagross|30/100|[from] item: Leftovers
|upkeep
|
|t:|1635626343
|switch|p1a: Raikou|Raikou, shiny|26/100
|-ability|p1a: Raikou|Pressure
|turn|23
|
|t:|1635626348
|move|p1a: Raikou|Scald|p2a: Metagross
|-damage|p2a: Metagross|5/100
|move|p2a: Metagross|Meteor Mash|p1a: Raikou
|-resisted|p1a: Raikou
|-damage|p1a: Raikou|0 fnt
|faint|p1a: Raikou
|
|-heal|p2a: Metagross|11/100|[from] item: Leftovers
|upkeep
|
|t:|1635626351
|switch|p1a: Roserade|Roserade, F|15/100
|turn|24
|
|t:|1635626355
|move|p1a: Roserade|Grass Knot|p2a: Metagross
|-resisted|p2a: Metagross
|-damage|p2a: Metagross|0 fnt
|faint|p2a: Metagross
|
|upkeep
|
|t:|1635626356
|switch|p2a: Flygon|Flygon, M|100/100
|-damage|p2a: Flygon|95/100|[from] Stealth Rock
|turn|25
|
|t:|1635626358
|move|p2a: Flygon|U-turn|p1a: Roserade
|-damage|p1a: Roserade|0 fnt
|faint|p1a: Roserade
|
|t:|1635626364
|switch|p2a: Heracross|Heracross, M|40/100 brn|[from]move: U-turn
|-damage|p2a: Heracross|23/100 brn|[from] Spikes
|-damage|p2a: Heracross|11/100 brn|[from] Stealth Rock
|
|-damage|p2a: Heracross|5/100 brn|[from] brn
|upkeep
|c|☆pattek|gg
|
|t:|1635626368
|switch|p1a: Bronzong|Bronzong|24/100
|-damage|p1a: Bronzong|18/100|[from] Stealth Rock
|turn|26
|c|☆mushamu|gg
|
|t:|1635626371
|move|p2a: Heracross|Knock Off|p1a: Bronzong
|-supereffective|p1a: Bronzong
|-damage|p1a: Bronzong|0 fnt
|-enditem|p1a: Bronzong|Leftovers|[from] move: Knock Off|[of] p2a: Heracross
|faint|p1a: Bronzong
|
|win|pattek
