|inactive|Battle timer is ON: inactive players will automatically lose when time's up.
|t:|1645357138
|gametype|singles
|player|p1|a rabbit|#scl1breakers|
|player|p2|PepeDuce|#ssdivlindworms|
|teamsize|p1|6
|teamsize|p2|6
|gen|8
|tier|[Gen 8] RU
|rule|Sleep Clause Mod: Limit one foe put to sleep
|rule|Species Clause: Limit one of each Pokémon
|rule|OHKO Clause: OHKO moves are banned
|rule|Evasion Moves Clause: Evasion moves are banned
|rule|Endless Battle Clause: Forcing endless battles is banned
|rule|HP Percentage Mod: HP is shown in percentages
|rule|Dynamax Clause: You cannot dynamax
|clearpoke
|poke|p1|Darmanitan, F|
|poke|p1|Togekiss, F|
|poke|p1|Nidoqueen, F|
|poke|p1|Cobalion|
|poke|p1|Starmie|
|poke|p1|Xurkitree|
|poke|p2|Ninjask, M|
|poke|p2|Starmie|
|poke|p2|Guzzlord|
|poke|p2|Steelix, F|
|poke|p2|Togekiss, F|
|poke|p2|Golisopod, M|
|teampreview
|c|☆a rabbit|glhf
|inactive|a rabbit has 270 seconds left.
|inactive|PepeDuce has 270 seconds left.
|c|☆PepeDuce|u2
|inactive|PepeDuce has 240 seconds left.
|
|t:|1645357209
|start
|switch|p1a: Darmanitan|Darmanitan, F|100/100
|switch|p2a: Ninjask|Ninjask, M|100/100
|turn|1
|inactive|a rabbit has 270 seconds left.
|
|t:|1645357240
|move|p2a: Ninjask|Protect|p2a: Ninjask
|-singleturn|p2a: Ninjask|Protect
|move|p1a: Darmanitan|U-turn|p2a: Ninjask
|-activate|p2a: Ninjask|move: Protect
|
|-ability|p2a: Ninjask|Speed Boost|boost
|-boost|p2a: Ninjask|spe|1
|upkeep
|turn|2
|
|t:|1645357262
|move|p2a: Ninjask|U-turn|p1a: Darmanitan
|-resisted|p1a: Darmanitan
|-damage|p1a: Darmanitan|76/100
|
|t:|1645357265
|switch|p2a: Togekiss|Togekiss, F|100/100|[from]move: U-turn
|move|p1a: Darmanitan|Flare Blitz|p2a: Togekiss
|-damage|p2a: Togekiss|22/100
|-damage|p1a: Darmanitan|48/100|[from] Recoil
|
|upkeep
|turn|3
|
|t:|1645357276
|move|p2a: Togekiss|Air Slash|p1a: Darmanitan
|-damage|p1a: Darmanitan|0 fnt
|faint|p1a: Darmanitan
|
|upkeep
|
|t:|1645357286
|switch|p1a: Xurkitree|Xurkitree|100/100
|turn|4
|
|t:|1645357299
|switch|p2a: Steelix|Steelix, F|100/100
|move|p1a: Xurkitree|Grass Knot|p2a: Steelix
|-damage|p2a: Steelix|53/100
|
|-heal|p2a: Steelix|60/100|[from] item: Leftovers
|upkeep
|turn|5
|
|t:|1645357311
|switch|p1a: Starmie|Starmie|100/100
|move|p2a: Steelix|Earthquake|p1a: Starmie
|-damage|p1a: Starmie|65/100
|
|-heal|p2a: Steelix|66/100|[from] item: Leftovers
|upkeep
|turn|6
|
|t:|1645357320
|switch|p2a: Starmie|Starmie|100/100
|move|p1a: Starmie|Teleport|p1a: Starmie
|
|t:|1645357334
|switch|p1a: Xurkitree|Xurkitree|100/100|[from]move: Teleport
|
|upkeep
|turn|7
|
|t:|1645357346
|switch|p2a: Steelix|Steelix, F|66/100
|move|p1a: Xurkitree|Thunderbolt|p2a: Steelix
|-immune|p2a: Steelix
|
|-heal|p2a: Steelix|72/100|[from] item: Leftovers
|upkeep
|turn|8
|
|t:|1645357354
|switch|p1a: Starmie|Starmie|65/100
|move|p2a: Steelix|Earthquake|p1a: Starmie
|-damage|p1a: Starmie|29/100
|
|-heal|p2a: Steelix|78/100|[from] item: Leftovers
|upkeep
|turn|9
|
|t:|1645357361
|switch|p2a: Golisopod|Golisopod, M|100/100
|move|p1a: Starmie|Recover|p1a: Starmie
|-heal|p1a: Starmie|79/100
|
|upkeep
|turn|10
|
|t:|1645357368
|switch|p1a: Nidoqueen|Nidoqueen, F|100/100
|move|p2a: Golisopod|Spikes|p1a: Nidoqueen
|-sidestart|p1: a rabbit|Spikes
|
|upkeep
|turn|11
|
|t:|1645357378
|move|p1a: Nidoqueen|Thunderbolt|p2a: Golisopod
|-supereffective|p2a: Golisopod
|-damage|p2a: Golisopod|24/100
|move|p2a: Golisopod|Liquidation|p1a: Nidoqueen
|-supereffective|p1a: Nidoqueen
|-damage|p1a: Nidoqueen|0 fnt
|faint|p1a: Nidoqueen
|
|upkeep
|
|t:|1645357386
|switch|p1a: Togekiss|Togekiss, F|100/100
|turn|12
|
|t:|1645357409
|move|p1a: Togekiss|Air Slash|p2a: Golisopod
|-supereffective|p2a: Golisopod
|-damage|p2a: Golisopod|0 fnt
|faint|p2a: Golisopod
|
|upkeep
|
|t:|1645357418
|switch|p2a: Steelix|Steelix, F|78/100
|turn|13
|
|t:|1645357432
|switch|p1a: Starmie|Starmie|79/100
|move|p2a: Steelix|Heavy Slam|p1a: Starmie
|-resisted|p1a: Starmie
|-damage|p1a: Starmie|57/100
|
|-heal|p2a: Steelix|84/100|[from] item: Leftovers
|upkeep
|turn|14
|
|t:|1645357449
|switch|p2a: Starmie|Starmie|100/100
|move|p1a: Starmie|Teleport|p1a: Starmie
|
|t:|1645357453
|switch|p1a: Xurkitree|Xurkitree|100/100|[from]move: Teleport
|
|upkeep
|turn|15
|
|t:|1645357460
|switch|p2a: Guzzlord|Guzzlord|100/100
|move|p1a: Xurkitree|Grass Knot|p2a: Guzzlord
|-resisted|p2a: Guzzlord
|-damage|p2a: Guzzlord|84/100
|
|-heal|p2a: Guzzlord|91/100|[from] item: Leftovers
|upkeep
|turn|16
|inactive|PepeDuce has 270 seconds left.
|
|t:|1645357507
|move|p1a: Xurkitree|Volt Switch|p2a: Guzzlord
|-resisted|p2a: Guzzlord
|-damage|p2a: Guzzlord|75/100
|
|t:|1645357511
|switch|p1a: Cobalion|Cobalion|100/100|[from]move: Volt Switch
|-damage|p1a: Cobalion|88/100|[from] Spikes
|move|p2a: Guzzlord|Knock Off|p1a: Cobalion
|-resisted|p1a: Cobalion
|-damage|p1a: Cobalion|68/100
|-ability|p1a: Cobalion|Justified|boost
|-boost|p1a: Cobalion|atk|1
|-enditem|p1a: Cobalion|Chople Berry|[from] move: Knock Off|[of] p2a: Guzzlord
|
|-heal|p2a: Guzzlord|81/100|[from] item: Leftovers
|upkeep
|turn|17
|
|t:|1645357517
|switch|p2a: Starmie|Starmie|100/100
|move|p1a: Cobalion|Volt Switch|p2a: Starmie
|-supereffective|p2a: Starmie
|-damage|p2a: Starmie|67/100
|
|t:|1645357525
|switch|p1a: Xurkitree|Xurkitree|100/100|[from]move: Volt Switch
|
|upkeep
|turn|18
|inactive|PepeDuce has 270 seconds left.
|
|t:|1645357561
|switch|p2a: Guzzlord|Guzzlord|81/100
|move|p1a: Xurkitree|Grass Knot|p2a: Guzzlord
|-resisted|p2a: Guzzlord
|-damage|p2a: Guzzlord|64/100
|
|-heal|p2a: Guzzlord|70/100|[from] item: Leftovers
|upkeep
|turn|19
|
|t:|1645357580
|switch|p2a: Steelix|Steelix, F|84/100
|move|p1a: Xurkitree|Grass Knot|p2a: Steelix
|-damage|p2a: Steelix|39/100
|
|-heal|p2a: Steelix|45/100|[from] item: Leftovers
|upkeep
|turn|20
|
|t:|1645357597
|switch|p2a: Ninjask|Ninjask, M|100/100
|move|p1a: Xurkitree|Grass Knot|p2a: Ninjask
|-resisted|p2a: Ninjask
|-damage|p2a: Ninjask|91/100
|
|upkeep
|turn|21
|
|t:|1645357611
|move|p2a: Ninjask|U-turn|p1a: Xurkitree
|-damage|p1a: Xurkitree|52/100
|
|t:|1645357615
|switch|p2a: Guzzlord|Guzzlord|70/100|[from]move: U-turn
|move|p1a: Xurkitree|Grass Knot|p2a: Guzzlord
|-resisted|p2a: Guzzlord
|-damage|p2a: Guzzlord|53/100
|
|-heal|p2a: Guzzlord|59/100|[from] item: Leftovers
|upkeep
|turn|22
|
|t:|1645357628
|move|p1a: Xurkitree|Dazzling Gleam|p2a: Guzzlord
|-supereffective|p2a: Guzzlord
|-damage|p2a: Guzzlord|0 fnt
|faint|p2a: Guzzlord
|-ability|p1a: Xurkitree|Beast Boost|boost
|-boost|p1a: Xurkitree|spa|1
|
|upkeep
|
|t:|1645357634
|switch|p2a: Ninjask|Ninjask, M|91/100
|turn|23
|inactive|a rabbit has 270 seconds left.
|
|t:|1645357675
|move|p2a: Ninjask|U-turn|p1a: Xurkitree
|-damage|p1a: Xurkitree|9/100
|inactive|PepeDuce has 240 seconds left.
|
|t:|1645357712
|switch|p2a: Starmie|Starmie|67/100|[from]move: U-turn
|move|p1a: Xurkitree|Grass Knot|p2a: Starmie
|-supereffective|p2a: Starmie
|-damage|p2a: Starmie|0 fnt
|faint|p2a: Starmie
|-ability|p1a: Xurkitree|Beast Boost|boost
|-boost|p1a: Xurkitree|spa|1
|
|upkeep
|
|t:|1645357733
|switch|p2a: Ninjask|Ninjask, M|91/100
|turn|24
|
|t:|1645357740
|move|p2a: Ninjask|Acrobatics|p1a: Xurkitree
|-resisted|p1a: Xurkitree
|-damage|p1a: Xurkitree|0 fnt
|faint|p1a: Xurkitree
|
|-ability|p2a: Ninjask|Speed Boost|boost
|-boost|p2a: Ninjask|spe|1
|upkeep
|
|t:|1645357750
|switch|p1a: Togekiss|Togekiss, F|100/100
|turn|25
|inactive|PepeDuce has 240 seconds left.
|
|t:|1645357759
|move|p2a: Ninjask|U-turn|p1a: Togekiss
|-resisted|p1a: Togekiss
|-damage|p1a: Togekiss|93/100
|
|t:|1645357761
|switch|p2a: Steelix|Steelix, F|45/100|[from]move: U-turn
|move|p1a: Togekiss|Flamethrower|p2a: Steelix
|-supereffective|p2a: Steelix
|-damage|p2a: Steelix|0 fnt
|faint|p2a: Steelix
|
|upkeep
|
|t:|1645357768
|switch|p2a: Togekiss|Togekiss, F|22/100
|turn|26
|
|t:|1645357778
|move|p2a: Togekiss|Air Slash|p1a: Togekiss
|-damage|p1a: Togekiss|69/100
|move|p1a: Togekiss|Flamethrower|p2a: Togekiss
|-damage|p2a: Togekiss|0 fnt
|faint|p2a: Togekiss
|
|upkeep
|
|t:|1645357784
|switch|p2a: Ninjask|Ninjask, M|91/100
|turn|27
|
|t:|1645357789
|move|p1a: Togekiss|Flamethrower|p2a: Ninjask
|-supereffective|p2a: Ninjask
|-damage|p2a: Ninjask|0 fnt
|faint|p2a: Ninjask
|
|win|a rabbit
