|inactive|Battle timer is ON: inactive players will automatically lose when time's up.
|t:|1667190885
|gametype|singles
|player|p1|btboy|spenser-gen3|
|player|p2|Indulge in dreams|#wcorichina|
|teamsize|p1|6
|teamsize|p2|6
|gen|8
|tier|[Gen 8] RU
|rule|Sleep Clause Mod: Limit one foe put to sleep
|rule|Species Clause: Limit one of each Pokémon
|rule|OHKO Clause: OHKO moves are banned
|rule|Evasion Items Clause: Evasion items are banned
|rule|Evasion Moves Clause: Evasion moves are banned
|rule|Endless Battle Clause: Forcing endless battles is banned
|rule|HP Percentage Mod: HP is shown in percentages
|rule|Dynamax Clause: You cannot dynamax
|clearpoke
|poke|p1|Raikou|
|poke|p1|Metagross|
|poke|p1|Weezing-Galar, F|
|poke|p1|Snorlax, M|
|poke|p1|Seismitoad, M|
|poke|p1|Crobat, M|
|poke|p2|Steelix, M|
|poke|p2|Raikou|
|poke|p2|Heracross, M|
|poke|p2|Rotom-Mow|
|poke|p2|Crobat, M|
|poke|p2|Milotic, F|
|teampreview
|c|☆btboy|glhf
|inactive|btboy has 270 seconds left.
|c|☆Indulge in dreams|u2
|inactive|btboy has 240 seconds left.
|inactive|btboy has 210 seconds left.
|
|t:|1667190995
|start
|switch|p1a: Seismitoad|Seismitoad, M|100/100
|switch|p2a: Crobat|Crobat, M|100/100
|turn|1
|
|t:|1667191001
|move|p2a: Crobat|U-turn|p1a: Seismitoad
|-damage|p1a: Seismitoad|87/100
|
|t:|1667191011
|switch|p2a: Rotom|Rotom-Mow|100/100|[from]move: U-turn
|move|p1a: Seismitoad|Stealth Rock|p2a: Rotom
|-sidestart|p2: Indulge in dreams|move: Stealth Rock
|
|-heal|p1a: Seismitoad|93/100|[from] item: Leftovers
|upkeep
|turn|2
|
|t:|1667191020
|switch|p1a: Metagross|Metagross|100/100
|move|p2a: Rotom|Trick|p1a: Metagross
|-activate|p2a: Rotom|move: Trick|[of] p1a: Metagross
|-item|p1a: Metagross|Choice Scarf|[from] move: Trick
|-item|p2a: Rotom|Choice Band|[from] move: Trick
|
|upkeep
|turn|3
|inactive|btboy has 270 seconds left.
|
|t:|1667191029
|move|p1a: Metagross|Trick|p2a: Rotom
|-activate|p1a: Metagross|move: Trick|[of] p2a: Rotom
|-item|p2a: Rotom|Choice Scarf|[from] move: Trick
|-item|p1a: Metagross|Choice Band|[from] move: Trick
|move|p2a: Rotom|Volt Switch|p1a: Metagross
|-damage|p1a: Metagross|64/100
|
|t:|1667191048
|switch|p2a: Milotic|Milotic, F|100/100|[from]move: Volt Switch
|
|upkeep
|turn|4
|
|t:|1667191055
|move|p1a: Metagross|Trick|p2a: Milotic
|-activate|p1a: Metagross|move: Trick|[of] p2a: Milotic
|-item|p2a: Milotic|Choice Band|[from] move: Trick
|-item|p1a: Metagross|Heavy-Duty Boots|[from] move: Trick
|move|p2a: Milotic|Toxic|p1a: Metagross
|-immune|p1a: Metagross
|
|upkeep
|turn|5
|
|t:|1667191064
|switch|p2a: Steelix|Steelix, M|100/100
|-damage|p2a: Steelix|97/100|[from] Stealth Rock
|move|p1a: Metagross|Earthquake|p2a: Steelix
|-supereffective|p2a: Steelix
|-damage|p2a: Steelix|54/100
|
|-heal|p2a: Steelix|60/100|[from] item: Leftovers
|upkeep
|turn|6
|
|t:|1667191072
|move|p1a: Metagross|Earthquake|p2a: Steelix
|-supereffective|p2a: Steelix
|-damage|p2a: Steelix|18/100
|move|p2a: Steelix|Stealth Rock|p1a: Metagross
|-sidestart|p1: btboy|move: Stealth Rock
|
|-heal|p2a: Steelix|25/100|[from] item: Leftovers
|upkeep
|turn|7
|
|t:|1667191079
|switch|p2a: Rotom|Rotom-Mow|100/100
|-damage|p2a: Rotom|88/100|[from] Stealth Rock
|move|p1a: Metagross|Earthquake|p2a: Rotom
|-immune|p2a: Rotom|[from] ability: Levitate
|
|upkeep
|turn|8
|
|t:|1667191085
|move|p2a: Rotom|Trick|p1a: Metagross
|-activate|p2a: Rotom|move: Trick|[of] p1a: Metagross
|-item|p1a: Metagross|Choice Scarf|[from] move: Trick
|-item|p2a: Rotom|Heavy-Duty Boots|[from] move: Trick
|move|p1a: Metagross|Meteor Mash|p2a: Rotom
|-resisted|p2a: Rotom
|-damage|p2a: Rotom|54/100
|
|upkeep
|turn|9
|
|t:|1667191096
|switch|p2a: Steelix|Steelix, M|25/100
|-damage|p2a: Steelix|21/100|[from] Stealth Rock
|move|p1a: Metagross|Meteor Mash|p2a: Steelix
|-resisted|p2a: Steelix
|-damage|p2a: Steelix|7/100
|
|-heal|p2a: Steelix|13/100|[from] item: Leftovers
|upkeep
|turn|10
|
|t:|1667191100
|move|p1a: Metagross|Meteor Mash|p2a: Steelix
|-resisted|p2a: Steelix
|-damage|p2a: Steelix|0 fnt
|faint|p2a: Steelix
|
|upkeep
|
|t:|1667191105
|switch|p2a: Milotic|Milotic, F|100/100
|-damage|p2a: Milotic|88/100|[from] Stealth Rock
|turn|11
|
|t:|1667191116
|move|p1a: Metagross|Meteor Mash|p2a: Milotic|[miss]
|-miss|p1a: Metagross|p2a: Milotic
|move|p2a: Milotic|Scald|p1a: Metagross
|-damage|p1a: Metagross|32/100
|-status|p1a: Metagross|brn
|
|-damage|p1a: Metagross|26/100 brn|[from] brn
|upkeep
|turn|12
|
|t:|1667191124
|move|p1a: Metagross|Meteor Mash|p2a: Milotic
|-resisted|p2a: Milotic
|-damage|p2a: Milotic|77/100
|move|p2a: Milotic|Scald|p1a: Metagross
|-damage|p1a: Metagross|0 fnt
|faint|p1a: Metagross
|
|upkeep
|
|t:|1667191132
|switch|p1a: Raikou|Raikou|100/100
|turn|13
|
|t:|1667191139
|move|p1a: Raikou|Volt Switch|p2a: Milotic
|-supereffective|p2a: Milotic
|-damage|p2a: Milotic|25/100
|
|t:|1667191143
|switch|p1a: Seismitoad|Seismitoad, M|93/100|[from]move: Volt Switch
|-damage|p1a: Seismitoad|87/100|[from] Stealth Rock
|move|p2a: Milotic|Scald|p1a: Seismitoad
|-heal|p1a: Seismitoad|100/100|[from] ability: Water Absorb|[of] p2a: Milotic
|
|upkeep
|turn|14
|
|t:|1667191153
|switch|p2a: Heracross|Heracross, M|100/100
|-damage|p2a: Heracross|88/100|[from] Stealth Rock
|move|p1a: Seismitoad|Ice Punch|p2a: Heracross
|-damage|p2a: Heracross|60/100
|
|upkeep
|turn|15
|
|t:|1667191160
|switch|p1a: Weezing|Weezing-Galar, F|100/100
|-damage|p1a: Weezing|88/100|[from] Stealth Rock
|move|p2a: Heracross|Stone Edge|p1a: Weezing|[miss]
|-miss|p2a: Heracross|p1a: Weezing
|
|upkeep
|turn|16
|
|t:|1667191169
|switch|p2a: Crobat|Crobat, M|100/100
|move|p1a: Weezing|Sludge Bomb|p2a: Crobat
|-resisted|p2a: Crobat
|-damage|p2a: Crobat|86/100
|
|upkeep
|turn|17
|
|t:|1667191177
|move|p2a: Crobat|Defog|p1a: Weezing
|-unboost|p1a: Weezing|evasion|1
|-sideend|p1: btboy|Stealth Rock|[from] move: Defog|[of] p2a: Crobat
|-sideend|p2: Indulge in dreams|Stealth Rock|[from] move: Defog|[of] p2a: Crobat
|move|p1a: Weezing|Strange Steam|p2a: Crobat
|-resisted|p2a: Crobat
|-damage|p2a: Crobat|71/100
|
|upkeep
|turn|18
|
|t:|1667191195
|switch|p1a: Raikou|Raikou|100/100
|move|p2a: Crobat|Brave Bird|p1a: Raikou
|-resisted|p1a: Raikou
|-damage|p1a: Raikou|75/100
|-damage|p2a: Crobat|64/100|[from] Recoil
|
|upkeep
|turn|19
|
|t:|1667191201
|move|p2a: Crobat|U-turn|p1a: Raikou
|-damage|p1a: Raikou|56/100
|
|t:|1667191204
|switch|p2a: Milotic|Milotic, F|25/100|[from]move: U-turn
|move|p1a: Raikou|Volt Switch|p2a: Milotic
|-supereffective|p2a: Milotic
|-damage|p2a: Milotic|0 fnt
|faint|p2a: Milotic
|
|t:|1667191225
|switch|p1a: Seismitoad|Seismitoad, M|100/100|[from]move: Volt Switch
|
|upkeep
|
|t:|1667191232
|switch|p2a: Rotom|Rotom-Mow|54/100
|turn|20
|
|t:|1667191238
|switch|p1a: Snorlax|Snorlax, M|100/100
|move|p2a: Rotom|Thunderbolt|p1a: Snorlax
|-damage|p1a: Snorlax|80/100
|
|-heal|p1a: Snorlax|86/100|[from] item: Leftovers
|upkeep
|turn|21
|
|t:|1667191245
|move|p2a: Rotom|Volt Switch|p1a: Snorlax
|-damage|p1a: Snorlax|69/100
|
|t:|1667191247
|switch|p2a: Heracross|Heracross, M|60/100|[from]move: Volt Switch
|move|p1a: Snorlax|Body Slam|p2a: Heracross
|-damage|p2a: Heracross|11/100
|-status|p2a: Heracross|par
|
|-heal|p1a: Snorlax|75/100|[from] item: Leftovers
|upkeep
|turn|22
|
|t:|1667191256
|switch|p1a: Weezing|Weezing-Galar, F|88/100
|move|p2a: Heracross|Stone Edge|p1a: Weezing
|-damage|p1a: Weezing|40/100
|
|upkeep
|turn|23
|
|t:|1667191263
|switch|p2a: Crobat|Crobat, M|64/100
|move|p1a: Weezing|Strange Steam|p2a: Crobat
|-resisted|p2a: Crobat
|-damage|p2a: Crobat|49/100
|
|upkeep
|turn|24
|
|t:|1667191277
|move|p2a: Crobat|Brave Bird|p1a: Weezing
|-damage|p1a: Weezing|17/100
|-damage|p2a: Crobat|33/100|[from] item: Rocky Helmet|[of] p1a: Weezing
|-damage|p2a: Crobat|26/100|[from] Recoil
|move|p1a: Weezing|Pain Split|p2a: Crobat
|-sethp|p2a: Crobat|20/100|[from] move: Pain Split|[silent]
|-sethp|p1a: Weezing|23/100|[from] move: Pain Split
|
|upkeep
|turn|25
|-message|Indulge in dreams forfeited.
|
|win|btboy
|c|☆Indulge in dreams|gg
|c|☆btboy|gg
|player|p1|btboy|spenser-gen3
