|inactive|Battle timer is ON: inactive players will automatically lose when time's up.
|t:|1660427341
|gametype|singles
|player|p1|Tenshinhan|265|
|player|p2|Inder|phoebe-gen6|
|teamsize|p1|6
|teamsize|p2|6
|gen|8
|tier|[Gen 8] RU
|rule|Sleep Clause Mod: Limit one foe put to sleep
|rule|Species Clause: Limit one of each Pokémon
|rule|OHKO Clause: OHKO moves are banned
|rule|Evasion Moves Clause: Evasion moves are banned
|rule|Endless Battle Clause: Forcing endless battles is banned
|rule|HP Percentage Mod: HP is shown in percentages
|rule|Dynamax Clause: You cannot dynamax
|clearpoke
|poke|p1|Grimmsnarl, M|
|poke|p1|Cloyster, M|
|poke|p1|Lucario, F|
|poke|p1|Mimikyu, M|
|poke|p1|Flygon, M|
|poke|p1|Crustle, M|
|poke|p2|Flygon, F|
|poke|p2|Entei|
|poke|p2|Pangoro, M|
|poke|p2|Starmie|
|poke|p2|Registeel|
|poke|p2|Crobat, M|
|teampreview
|c|☆Inder|hf
|inactive|Tenshinhan disconnected and has 300 seconds to reconnect!
|player|p1|
|inactive|Tenshinhan reconnected and has 280 seconds left.
|player|p1|Tenshinhan|265
|inactive|Inder has 270 seconds left.
|
|t:|1660427392
|start
|switch|p1a: Crustle|Crustle, M|100/100
|switch|p2a: Starmie|Starmie|100/100
|turn|1
|c|☆Tenshinhan|Hf
|
|t:|1660427407
|move|p2a: Starmie|Scald|p1a: Crustle
|-supereffective|p1a: Crustle
|-damage|p1a: Crustle|10/100
|move|p1a: Crustle|Stealth Rock|p2a: Starmie
|-sidestart|p2: Inder|move: Stealth Rock
|
|upkeep
|turn|2
|-enditem|p1a: Crustle|Custap Berry|[eat]
|-activate|p1a: Crustle|item: Custap Berry|[consumed]
|
|t:|1660427414
|move|p1a: Crustle|Knock Off|p2a: Starmie
|-supereffective|p2a: Starmie
|-damage|p2a: Starmie|30/100
|-enditem|p2a: Starmie|Leftovers|[from] move: Knock Off|[of] p1a: Crustle
|move|p2a: Starmie|Rapid Spin|p1a: Crustle
|-resisted|p1a: Crustle
|-damage|p1a: Crustle|6/100
|-boost|p2a: Starmie|spe|1
|-sideend|p2: Inder|Stealth Rock|[from] move: Rapid Spin|[of] p2a: Starmie
|
|upkeep
|turn|3
|
|t:|1660427435
|move|p2a: Starmie|Recover|p2a: Starmie
|-heal|p2a: Starmie|80/100
|move|p1a: Crustle|Stealth Rock|p2a: Starmie
|-sidestart|p2: Inder|move: Stealth Rock
|
|upkeep
|turn|4
|
|t:|1660427452
|switch|p1a: Mimikyu|Mimikyu, M|100/100
|move|p2a: Starmie|Scald|p1a: Mimikyu
|-activate|p1a: Mimikyu|ability: Disguise
|-damage|p1a: Mimikyu|100/100
|detailschange|p1a: Mimikyu|Mimikyu-Busted, M
|-damage|p1a: Mimikyu|88/100|[from] pokemon: Mimikyu-Busted
|
|upkeep
|turn|5
|
|t:|1660427475
|switch|p2a: Crobat|Crobat, M|100/100
|move|p1a: Mimikyu|Swords Dance|p1a: Mimikyu
|-boost|p1a: Mimikyu|atk|2
|
|upkeep
|turn|6
|
|t:|1660427479
|move|p2a: Crobat|Brave Bird|p1a: Mimikyu
|-damage|p1a: Mimikyu|22/100
|-damage|p2a: Crobat|85/100|[from] Recoil
|move|p1a: Mimikyu|Shadow Claw|p2a: Crobat
|-damage|p2a: Crobat|0 fnt
|faint|p2a: Crobat
|-damage|p1a: Mimikyu|12/100|[from] item: Life Orb
|
|upkeep
|
|t:|1660427483
|switch|p2a: Pangoro|Pangoro, M|100/100
|-damage|p2a: Pangoro|94/100|[from] Stealth Rock
|turn|7
|
|t:|1660427493
|move|p2a: Pangoro|Bullet Punch|p1a: Mimikyu
|-supereffective|p1a: Mimikyu
|-damage|p1a: Mimikyu|0 fnt
|faint|p1a: Mimikyu
|
|upkeep
|
|t:|1660427512
|switch|p1a: Lucario|Lucario, F|100/100
|turn|8
|
|t:|1660427514
|switch|p2a: Starmie|Starmie|80/100
|-damage|p2a: Starmie|68/100|[from] Stealth Rock
|move|p1a: Lucario|Swords Dance|p1a: Lucario
|-boost|p1a: Lucario|atk|2
|
|upkeep
|turn|9
|
|t:|1660427524
|move|p1a: Lucario|Extreme Speed|p2a: Starmie
|-damage|p2a: Starmie|0 fnt
|faint|p2a: Starmie
|-damage|p1a: Lucario|91/100|[from] item: Life Orb
|
|upkeep
|
|t:|1660427527
|switch|p2a: Flygon|Flygon, F|100/100
|-damage|p2a: Flygon|95/100|[from] Stealth Rock
|turn|10
|
|t:|1660427539
|switch|p1a: Crustle|Crustle, M|6/100
|move|p2a: Flygon|Earthquake|p1a: Crustle
|-damage|p1a: Crustle|0 fnt
|faint|p1a: Crustle
|
|upkeep
|inactive|Tenshinhan has 270 seconds left.
|
|t:|1660427570
|switch|p1a: Flygon|Flygon, M|100/100
|turn|11
|
|t:|1660427582
|switch|p2a: Pangoro|Pangoro, M|94/100
|-damage|p2a: Pangoro|88/100|[from] Stealth Rock
|move|p1a: Flygon|Dragon Dance|p1a: Flygon
|-boost|p1a: Flygon|atk|1
|-boost|p1a: Flygon|spe|1
|
|upkeep
|turn|12
|inactive|Tenshinhan has 270 seconds left.
|
|t:|1660427614
|move|p1a: Flygon|Earthquake|p2a: Pangoro
|-damage|p2a: Pangoro|0 fnt
|faint|p2a: Pangoro
|-damage|p1a: Flygon|91/100|[from] item: Life Orb
|
|upkeep
|
|t:|1660427619
|switch|p2a: Flygon|Flygon, F|95/100
|-damage|p2a: Flygon|89/100|[from] Stealth Rock
|turn|13
|
|t:|1660427624
|switch|p2a: Registeel|Registeel|100/100
|-damage|p2a: Registeel|94/100|[from] Stealth Rock
|move|p1a: Flygon|Outrage|p2a: Registeel
|-resisted|p2a: Registeel
|-damage|p2a: Registeel|59/100
|-damage|p1a: Flygon|81/100|[from] item: Life Orb
|
|-heal|p2a: Registeel|65/100|[from] item: Leftovers
|upkeep
|turn|14
|
|t:|1660427641
|move|p1a: Flygon|Outrage|p2a: Registeel|[from]lockedmove
|-resisted|p2a: Registeel
|-damage|p2a: Registeel|30/100
|-damage|p1a: Flygon|71/100|[from] item: Life Orb
|-start|p1a: Flygon|confusion|[fatigue]
|move|p2a: Registeel|Seismic Toss|p1a: Flygon
|-damage|p1a: Flygon|37/100
|
|-heal|p2a: Registeel|36/100|[from] item: Leftovers
|upkeep
|turn|15
|
|t:|1660427654
|-activate|p1a: Flygon|confusion
|move|p1a: Flygon|Earthquake|p2a: Registeel
|-supereffective|p2a: Registeel
|-damage|p2a: Registeel|0 fnt
|faint|p2a: Registeel
|-damage|p1a: Flygon|27/100|[from] item: Life Orb
|
|upkeep
|
|t:|1660427656
|switch|p2a: Entei|Entei|100/100
|-damage|p2a: Entei|76/100|[from] Stealth Rock
|turn|16
|
|t:|1660427669
|-activate|p1a: Flygon|confusion
|-damage|p1a: Flygon|4/100|[from] confusion
|move|p2a: Entei|Flare Blitz|p1a: Flygon
|-resisted|p1a: Flygon
|-damage|p1a: Flygon|0 fnt
|faint|p1a: Flygon
|-damage|p2a: Entei|75/100|[from] Recoil
|
|upkeep
|
|t:|1660427677
|switch|p1a: Grimmsnarl|Grimmsnarl, M|100/100
|turn|17
|
|t:|1660427681
|move|p1a: Grimmsnarl|Reflect|p1a: Grimmsnarl
|-sidestart|p1: Tenshinhan|Reflect
|move|p2a: Entei|Flare Blitz|p1a: Grimmsnarl
|-damage|p1a: Grimmsnarl|50/100
|-damage|p2a: Entei|57/100|[from] Recoil
|-enditem|p1a: Grimmsnarl|Eject Button
|
|t:|1660427688
|switch|p1a: Cloyster|Cloyster, M|100/100
|
|upkeep
|turn|18
|inactive|Tenshinhan has 270 seconds left.
|
|t:|1660427721
|move|p2a: Entei|Flare Blitz|p1a: Cloyster
|-damage|p1a: Cloyster|59/100
|-damage|p2a: Entei|48/100|[from] Recoil
|move|p1a: Cloyster|Rock Blast|p2a: Entei
|-supereffective|p2a: Entei
|-damage|p2a: Entei|27/100
|-supereffective|p2a: Entei
|-damage|p2a: Entei|4/100
|-supereffective|p2a: Entei
|-damage|p2a: Entei|0 fnt
|faint|p2a: Entei
|-hitcount|p2: Entei|3
|-damage|p1a: Cloyster|49/100|[from] item: Life Orb
|
|upkeep
|
|t:|1660427726
|switch|p2a: Flygon|Flygon, F|89/100
|-damage|p2a: Flygon|83/100|[from] Stealth Rock
|turn|19
|
|t:|1660427728
|move|p2a: Flygon|Earthquake|p1a: Cloyster
|-damage|p1a: Cloyster|31/100
|move|p1a: Cloyster|Icicle Spear|p2a: Flygon
|-supereffective|p2a: Flygon
|-damage|p2a: Flygon|3/100
|-supereffective|p2a: Flygon
|-damage|p2a: Flygon|0 fnt
|faint|p2a: Flygon
|-hitcount|p2: Flygon|2
|-damage|p1a: Cloyster|21/100|[from] item: Life Orb
|
|win|Tenshinhan
|c|☆Tenshinhan|Gg
|c|☆Inder|gg
