|inactive|Battle timer is ON: inactive players will automatically lose when time's up.
|t:|1660967710
|gametype|singles
|player|p1|hjkhj ㋛|265|
|player|p2|xujing691691|psychicf-gen4|
|teamsize|p1|6
|teamsize|p2|6
|gen|8
|tier|[Gen 8] RU
|rule|Sleep Clause Mod: Limit one foe put to sleep
|rule|Species Clause: Limit one of each Pokémon
|rule|OHKO Clause: OHKO moves are banned
|rule|Evasion Moves Clause: Evasion moves are banned
|rule|Endless Battle Clause: Forcing endless battles is banned
|rule|HP Percentage Mod: HP is shown in percentages
|rule|Dynamax Clause: You cannot dynamax
|clearpoke
|poke|p1|Weezing-Galar, F|
|poke|p1|Crobat, F|
|poke|p1|Steelix, F|
|poke|p1|Milotic, M|
|poke|p1|Audino, M|
|poke|p1|Xatu, F|
|poke|p2|Pangoro, F|
|poke|p2|Bronzong|
|poke|p2|Xurkitree|
|poke|p2|Flygon, M|
|poke|p2|Togekiss, M|
|poke|p2|Vileplume, M|
|teampreview
|inactive|hjkhj ㋛ also wants the timer to be on.
|c|☆xujing691691|hf
|c|☆hjkhj ㋛|u2
|inactive|xujing691691 has 270 seconds left.
|
|t:|1660967748
|start
|switch|p1a: Steelix|Steelix, F|100/100
|switch|p2a: Flygon|Flygon, M|100/100
|turn|1
|
|t:|1660967758
|switch|p1a: Audino|Audino, M|100/100
|move|p2a: Flygon|Earthquake|p1a: Audino
|-damage|p1a: Audino|70/100
|
|-heal|p1a: Audino|76/100|[from] item: Leftovers
|upkeep
|turn|2
|
|t:|1660967766
|move|p2a: Flygon|U-turn|p1a: Audino
|-damage|p1a: Audino|60/100
|
|t:|1660967771
|switch|p2a: Vileplume|Vileplume, M|100/100|[from]move: U-turn
|move|p1a: Audino|Encore||[still]
|-fail|p1a: Audino
|
|-heal|p1a: Audino|66/100|[from] item: Leftovers
|upkeep
|turn|3
|
|t:|1660967782
|switch|p1a: Steelix|Steelix, F|100/100
|move|p2a: Vileplume|Sludge Bomb|p1a: Steelix
|-immune|p1a: Steelix
|
|upkeep
|turn|4
|
|t:|1660967789
|switch|p2a: Bronzong|Bronzong|100/100
|move|p1a: Steelix|Stealth Rock|p2a: Bronzong
|-sidestart|p2: xujing691691|move: Stealth Rock
|
|upkeep
|turn|5
|
|t:|1660967794
|switch|p1a: Xatu|Xatu, F|100/100
|move|p2a: Bronzong|Stealth Rock|p1a: Xatu
|move|p1a: Xatu|Stealth Rock||[from]ability: Magic Bounce|[still]
|-fail|p1a: Xatu
|
|upkeep
|turn|6
|
|t:|1660967814
|switch|p2a: Flygon|Flygon, M|100/100
|-damage|p2a: Flygon|94/100|[from] Stealth Rock
|move|p1a: Xatu|Heat Wave|p2a: Flygon
|-resisted|p2a: Flygon
|-crit|p2a: Flygon
|-damage|p2a: Flygon|78/100
|
|upkeep
|turn|7
|
|t:|1660967821
|switch|p1a: Milotic|Milotic, M|100/100
|move|p2a: Flygon|Defog|p1a: Milotic
|-unboost|p1a: Milotic|evasion|1
|-sideend|p2: xujing691691|Stealth Rock|[from] move: Defog|[of] p2a: Flygon
|
|upkeep
|turn|8
|
|t:|1660967829
|move|p2a: Flygon|U-turn|p1a: Milotic
|-damage|p1a: Milotic|86/100
|
|t:|1660967837
|switch|p2a: Vileplume|Vileplume, M|100/100|[from]move: U-turn
|move|p1a: Milotic|Scald|p2a: Vileplume
|-resisted|p2a: Vileplume
|-damage|p2a: Vileplume|87/100
|
|-heal|p1a: Milotic|92/100|[from] item: Leftovers
|upkeep
|turn|9
|
|t:|1660967854
|switch|p1a: Audino|Audino, M|99/100
|switch|p2a: Pangoro|Pangoro, F|100/100
|-ability|p2a: Pangoro|Mold Breaker
|
|-heal|p1a: Audino|100/100|[from] item: Leftovers
|upkeep
|turn|10
|
|t:|1660967869
|switch|p1a: Weezing|Weezing-Galar, F|100/100
|-ability|p1a: Weezing|Neutralizing Gas
|move|p2a: Pangoro|Knock Off|p1a: Weezing
|-resisted|p1a: Weezing
|-damage|p1a: Weezing|83/100
|-damage|p2a: Pangoro|84/100|[from] item: Rocky Helmet|[of] p1a: Weezing
|-enditem|p1a: Weezing|Rocky Helmet|[from] move: Knock Off|[of] p2a: Pangoro
|
|upkeep
|turn|11
|
|t:|1660967877
|switch|p2a: Togekiss|Togekiss, M|100/100
|move|p1a: Weezing|Corrosive Gas|p2a: Togekiss
|-enditem|p2a: Togekiss|Heavy-Duty Boots|[from] move: Corrosive Gas|[of] p1a: Weezing
|
|upkeep
|turn|12
|
|t:|1660967897
|-end|p1a: Weezing|ability: Neutralizing Gas
|switch|p1a: Crobat|Crobat, F|100/100
|move|p2a: Togekiss|Air Slash|p1a: Crobat
|-damage|p1a: Crobat|67/100
|
|upkeep
|turn|13
|
|t:|1660967912
|switch|p1a: Steelix|Steelix, F|100/100
|switch|p2a: Bronzong|Bronzong|100/100
|
|upkeep
|turn|14
|inactive|xujing691691 has 270 seconds left.
|
|t:|1660967942
|move|p2a: Bronzong|Stealth Rock|p1a: Steelix
|-sidestart|p1: hjkhj ㋛|move: Stealth Rock
|move|p1a: Steelix|Stealth Rock|p2a: Bronzong
|-sidestart|p2: xujing691691|move: Stealth Rock
|
|upkeep
|turn|15
|
|t:|1660967956
|move|p2a: Bronzong|Toxic|p1a: Steelix|[miss]
|-miss|p2a: Bronzong|p1a: Steelix
|move|p1a: Steelix|Heavy Slam|p2a: Bronzong
|-resisted|p2a: Bronzong
|-damage|p2a: Bronzong|93/100
|
|-heal|p2a: Bronzong|99/100|[from] item: Leftovers
|upkeep
|turn|16
|
|t:|1660967962
|switch|p1a: Xatu|Xatu, F|100/100
|-damage|p1a: Xatu|76/100|[from] Stealth Rock
|move|p2a: Bronzong|Heavy Slam|p1a: Xatu
|-damage|p1a: Xatu|26/100
|-damage|p2a: Bronzong|83/100|[from] item: Rocky Helmet|[of] p1a: Xatu
|
|-heal|p2a: Bronzong|89/100|[from] item: Leftovers
|upkeep
|turn|17
|inactive|xujing691691 has 270 seconds left.
|
|t:|1660967970
|switch|p2a: Pangoro|Pangoro, F|84/100
|-damage|p2a: Pangoro|78/100|[from] Stealth Rock
|-ability|p2a: Pangoro|Mold Breaker
|move|p1a: Xatu|Roost|p1a: Xatu
|-heal|p1a: Xatu|76/100
|-singleturn|p1a: Xatu|move: Roost
|
|upkeep
|turn|18
|
|t:|1660967975
|switch|p1a: Weezing|Weezing-Galar, F|83/100
|-ability|p1a: Weezing|Neutralizing Gas
|-damage|p1a: Weezing|71/100|[from] Stealth Rock
|move|p2a: Pangoro|Swords Dance|p2a: Pangoro
|-boost|p2a: Pangoro|atk|2
|
|upkeep
|turn|19
|
|t:|1660967983
|move|p2a: Pangoro|Iron Head|p1a: Weezing
|-supereffective|p1a: Weezing
|-damage|p1a: Weezing|0 fnt
|faint|p1a: Weezing
|-end|p1a: Weezing|ability: Neutralizing Gas
|-ability|p2a: Pangoro|Mold Breaker
|
|upkeep
|
|t:|1660967987
|switch|p1a: Crobat|Crobat, F|67/100
|turn|20
|
|t:|1660967996
|move|p1a: Crobat|Defog|p2a: Pangoro
|-unboost|p2a: Pangoro|evasion|1
|-sideend|p2: xujing691691|Stealth Rock|[from] move: Defog|[of] p1a: Crobat
|-sideend|p1: hjkhj ㋛|Stealth Rock|[from] move: Defog|[of] p1a: Crobat
|move|p2a: Pangoro|Knock Off|p1a: Crobat
|-damage|p1a: Crobat|0 fnt
|-enditem|p1a: Crobat|Heavy-Duty Boots|[from] move: Knock Off|[of] p2a: Pangoro
|faint|p1a: Crobat
|
|upkeep
|
|t:|1660968003
|switch|p1a: Milotic|Milotic, M|92/100
|turn|21
|
|t:|1660968007
|move|p1a: Milotic|Scald|p2a: Pangoro
|-damage|p2a: Pangoro|42/100
|move|p2a: Pangoro|Knock Off|p1a: Milotic
|-damage|p1a: Milotic|6/100
|-enditem|p1a: Milotic|Leftovers|[from] move: Knock Off|[of] p2a: Pangoro
|
|upkeep
|turn|22
|
|t:|1660968017
|move|p1a: Milotic|Scald|p2a: Pangoro
|-damage|p2a: Pangoro|3/100
|-status|p2a: Pangoro|brn
|move|p2a: Pangoro|Drain Punch|p1a: Milotic
|-damage|p1a: Milotic|0 fnt
|-heal|p2a: Pangoro|7/100 brn|[from] drain|[of] p1a: Milotic
|faint|p1a: Milotic
|
|-damage|p2a: Pangoro|0 fnt|[from] brn
|faint|p2a: Pangoro
|upkeep
|
|t:|1660968037
|switch|p1a: Audino|Audino, M|100/100
|switch|p2a: Bronzong|Bronzong|89/100
|turn|23
|
|t:|1660968044
|switch|p1a: Xatu|Xatu, F|76/100
|move|p2a: Bronzong|Heavy Slam|p1a: Xatu
|-damage|p1a: Xatu|32/100
|-damage|p2a: Bronzong|72/100|[from] item: Rocky Helmet|[of] p1a: Xatu
|
|-heal|p2a: Bronzong|79/100|[from] item: Leftovers
|upkeep
|turn|24
|inactive|xujing691691 has 270 seconds left.
|inactive|xujing691691 has 240 seconds left.
|
|t:|1660968101
|move|p1a: Xatu|Roost|p1a: Xatu
|-heal|p1a: Xatu|82/100
|-singleturn|p1a: Xatu|move: Roost
|move|p2a: Bronzong|Heavy Slam|p1a: Xatu
|-damage|p1a: Xatu|38/100
|-damage|p2a: Bronzong|62/100|[from] item: Rocky Helmet|[of] p1a: Xatu
|
|-heal|p2a: Bronzong|68/100|[from] item: Leftovers
|upkeep
|turn|25
|inactive|xujing691691 has 240 seconds left.
|
|t:|1660968118
|switch|p2a: Xurkitree|Xurkitree|100/100
|move|p1a: Xatu|Roost|p1a: Xatu
|-heal|p1a: Xatu|88/100
|-singleturn|p1a: Xatu|move: Roost
|
|upkeep
|turn|26
|inactive|xujing691691 has 240 seconds left.
|
|t:|1660968130
|switch|p2a: Vileplume|Vileplume, M|87/100
|switch|p1a: Audino|Audino, M|100/100
|
|upkeep
|turn|27
|inactive|xujing691691 has 240 seconds left.
|
|t:|1660968142
|switch|p1a: Steelix|Steelix, F|100/100
|move|p2a: Vileplume|Sludge Bomb|p1a: Steelix
|-immune|p1a: Steelix
|
|upkeep
|turn|28
|
|t:|1660968146
|move|p2a: Vileplume|Growth|p2a: Vileplume
|-boost|p2a: Vileplume|atk|1
|-boost|p2a: Vileplume|spa|1
|move|p1a: Steelix|Stealth Rock|p2a: Vileplume
|-sidestart|p2: xujing691691|move: Stealth Rock
|
|upkeep
|turn|29
|inactive|xujing691691 has 240 seconds left.
|
|t:|1660968188
|move|p2a: Vileplume|Sludge Bomb|p1a: Steelix
|-immune|p1a: Steelix
|move|p1a: Steelix|Earthquake|p2a: Vileplume
|-crit|p2a: Vileplume
|-damage|p2a: Vileplume|50/100
|
|upkeep
|turn|30
|
|t:|1660968194
|switch|p1a: Audino|Audino, M|100/100
|move|p2a: Vileplume|Strength Sap|p1a: Audino
|-unboost|p1a: Audino|atk|1
|-heal|p2a: Vileplume|95/100
|
|upkeep
|turn|31
|
|t:|1660968206
|switch|p2a: Flygon|Flygon, M|78/100
|-damage|p2a: Flygon|72/100|[from] Stealth Rock
|move|p1a: Audino|Encore||[still]
|-fail|p1a: Audino
|
|upkeep
|turn|32
|
|t:|1660968213
|move|p2a: Flygon|Defog|p1a: Audino
|-unboost|p1a: Audino|evasion|1
|-sideend|p2: xujing691691|Stealth Rock|[from] move: Defog|[of] p2a: Flygon
|move|p1a: Audino|Knock Off|p2a: Flygon
|-damage|p2a: Flygon|64/100
|
|upkeep
|turn|33
|
|t:|1660968217
|move|p2a: Flygon|Roost|p2a: Flygon
|-heal|p2a: Flygon|100/100
|-singleturn|p2a: Flygon|move: Roost
|move|p1a: Audino|Knock Off|p2a: Flygon
|-damage|p2a: Flygon|93/100
|
|upkeep
|turn|34
|
|t:|1660968224
|move|p2a: Flygon|U-turn|p1a: Audino
|-damage|p1a: Audino|84/100
|
|t:|1660968232
|switch|p2a: Vileplume|Vileplume, M|95/100|[from]move: U-turn
|move|p1a: Audino|Knock Off|p2a: Vileplume
|-damage|p2a: Vileplume|87/100
|-damage|p1a: Audino|68/100|[from] item: Rocky Helmet|[of] p2a: Vileplume
|-enditem|p2a: Vileplume|Rocky Helmet|[from] move: Knock Off|[of] p1a: Audino
|
|-heal|p1a: Audino|74/100|[from] item: Leftovers
|upkeep
|turn|35
|
|t:|1660968239
|move|p1a: Audino|Protect|p1a: Audino
|-singleturn|p1a: Audino|Protect
|move|p2a: Vileplume|Giga Drain|p1a: Audino
|-activate|p1a: Audino|move: Protect
|
|-heal|p1a: Audino|80/100|[from] item: Leftovers
|upkeep
|turn|36
|
|t:|1660968246
|switch|p1a: Steelix|Steelix, F|100/100
|move|p2a: Vileplume|Sludge Bomb|p1a: Steelix
|-immune|p1a: Steelix
|
|upkeep
|turn|37
|
|t:|1660968252
|move|p2a: Vileplume|Giga Drain|p1a: Steelix
|-damage|p1a: Steelix|74/100
|-heal|p2a: Vileplume|99/100|[from] drain|[of] p1a: Steelix
|move|p1a: Steelix|Earthquake|p2a: Vileplume
|-damage|p2a: Vileplume|75/100
|
|-heal|p1a: Steelix|80/100|[from] item: Leftovers
|upkeep
|turn|38
|
|t:|1660968260
|move|p2a: Vileplume|Giga Drain|p1a: Steelix
|-damage|p1a: Steelix|55/100
|-heal|p2a: Vileplume|88/100|[from] drain|[of] p1a: Steelix
|move|p1a: Steelix|Earthquake|p2a: Vileplume
|-damage|p2a: Vileplume|65/100
|
|-heal|p1a: Steelix|61/100|[from] item: Leftovers
|upkeep
|turn|39
|
|t:|1660968271
|switch|p1a: Audino|Audino, M|100/100
|move|p2a: Vileplume|Strength Sap|p1a: Audino
|-unboost|p1a: Audino|atk|1
|-heal|p2a: Vileplume|100/100
|
|upkeep
|turn|40
|
|t:|1660968278
|move|p1a: Audino|Wish|p1a: Audino
|move|p2a: Vileplume|Growth|p2a: Vileplume
|-boost|p2a: Vileplume|atk|1
|-boost|p2a: Vileplume|spa|1
|
|upkeep
|turn|41
|
|t:|1660968284
|switch|p1a: Steelix|Steelix, F|61/100
|move|p2a: Vileplume|Giga Drain|p1a: Steelix
|-damage|p1a: Steelix|20/100
|
|-heal|p1a: Steelix|78/100|[from] move: Wish|[wisher] Audino
|-heal|p1a: Steelix|84/100|[from] item: Leftovers
|upkeep
|turn|42
|
|t:|1660968296
|switch|p1a: Audino|Audino, M|100/100
|move|p2a: Vileplume|Growth|p2a: Vileplume
|-boost|p2a: Vileplume|atk|1
|-boost|p2a: Vileplume|spa|1
|
|upkeep
|turn|43
|
|t:|1660968305
|move|p2a: Vileplume|Giga Drain|p1a: Audino
|-damage|p1a: Audino|63/100
|move|p1a: Audino|Encore|p2a: Vileplume
|-start|p2a: Vileplume|Encore
|
|-heal|p1a: Audino|69/100|[from] item: Leftovers
|upkeep
|turn|44
|
|t:|1660968313
|move|p2a: Vileplume|Giga Drain|p1a: Audino
|-damage|p1a: Audino|30/100
|move|p1a: Audino|Wish|p1a: Audino
|
|-heal|p1a: Audino|36/100|[from] item: Leftovers
|upkeep
|turn|45
|
|t:|1660968317
|move|p1a: Audino|Protect|p1a: Audino
|-singleturn|p1a: Audino|Protect
|move|p2a: Vileplume|Giga Drain|p1a: Audino
|-activate|p1a: Audino|move: Protect
|
|-heal|p1a: Audino|86/100|[from] move: Wish|[wisher] Audino
|-heal|p1a: Audino|92/100|[from] item: Leftovers
|upkeep
|turn|46
|
|t:|1660968321
|move|p2a: Vileplume|Giga Drain|p1a: Audino
|-damage|p1a: Audino|57/100
|move|p1a: Audino|Wish|p1a: Audino
|
|-heal|p1a: Audino|63/100|[from] item: Leftovers
|-end|p2a: Vileplume|Encore
|upkeep
|turn|47
|
|t:|1660968327
|move|p2a: Vileplume|Sludge Bomb|p1a: Audino
|-damage|p1a: Audino|17/100
|-status|p1a: Audino|psn
|move|p1a: Audino|Encore|p2a: Vileplume
|-start|p2a: Vileplume|Encore
|
|-heal|p1a: Audino|67/100 psn|[from] move: Wish|[wisher] Audino
|-heal|p1a: Audino|73/100 psn|[from] item: Leftovers
|-damage|p1a: Audino|60/100 psn|[from] psn
|upkeep
|turn|48
|
|t:|1660968334
|switch|p1a: Steelix|Steelix, F|84/100
|move|p2a: Vileplume|Sludge Bomb|p1a: Steelix
|-immune|p1a: Steelix
|
|-heal|p1a: Steelix|90/100|[from] item: Leftovers
|upkeep
|turn|49
|
|t:|1660968336
|move|p2a: Vileplume|Sludge Bomb|p1a: Steelix
|-immune|p1a: Steelix
|move|p1a: Steelix|Earthquake|p2a: Vileplume
|-damage|p2a: Vileplume|75/100
|
|-heal|p1a: Steelix|97/100|[from] item: Leftovers
|upkeep
|turn|50
|
|t:|1660968338
|move|p2a: Vileplume|Sludge Bomb|p1a: Steelix
|-immune|p1a: Steelix
|move|p1a: Steelix|Earthquake|p2a: Vileplume
|-damage|p2a: Vileplume|51/100
|
|-heal|p1a: Steelix|100/100|[from] item: Leftovers
|-end|p2a: Vileplume|Encore
|upkeep
|turn|51
|
|t:|1660968342
|switch|p1a: Xatu|Xatu, F|88/100
|move|p2a: Vileplume|Strength Sap|p1a: Xatu
|move|p1a: Xatu|Strength Sap|p2a: Vileplume|[from]ability: Magic Bounce
|-unboost|p2a: Vileplume|atk|1
|-heal|p1a: Xatu|100/100
|
|upkeep
|turn|52
|
|t:|1660968353
|switch|p2a: Bronzong|Bronzong|68/100
|move|p1a: Xatu|Psychic|p2a: Bronzong
|-resisted|p2a: Bronzong
|-damage|p2a: Bronzong|63/100
|
|-heal|p2a: Bronzong|69/100|[from] item: Leftovers
|upkeep
|turn|53
|
|t:|1660968364
|switch|p2a: Togekiss|Togekiss, M|100/100
|move|p1a: Xatu|Calm Mind|p1a: Xatu
|-boost|p1a: Xatu|spa|1
|-boost|p1a: Xatu|spd|1
|
|upkeep
|turn|54
|
|t:|1660968370
|move|p1a: Xatu|Psychic|p2a: Togekiss
|-damage|p2a: Togekiss|64/100
|move|p2a: Togekiss|Nasty Plot|p2a: Togekiss
|-boost|p2a: Togekiss|spa|2
|
|upkeep
|turn|55
|
|t:|1660968374
|move|p1a: Xatu|Calm Mind|p1a: Xatu
|-boost|p1a: Xatu|spa|1
|-boost|p1a: Xatu|spd|1
|move|p2a: Togekiss|Roost|p2a: Togekiss
|-heal|p2a: Togekiss|100/100
|-singleturn|p2a: Togekiss|move: Roost
|
|upkeep
|turn|56
|inactive|xujing691691 has 270 seconds left.
|inactive|xujing691691 has 240 seconds left.
|inactive|xujing691691 has 210 seconds left.
|
|t:|1660968481
|move|p1a: Xatu|Calm Mind|p1a: Xatu
|-boost|p1a: Xatu|spa|1
|-boost|p1a: Xatu|spd|1
|move|p2a: Togekiss|Air Slash|p1a: Xatu
|-damage|p1a: Xatu|69/100
|
|upkeep
|turn|57
|
|t:|1660968489
|switch|p2a: Xurkitree|Xurkitree|100/100
|move|p1a: Xatu|Psychic|p2a: Xurkitree
|-damage|p2a: Xurkitree|0 fnt
|faint|p2a: Xurkitree
|
|upkeep
|
|t:|1660968505
|switch|p2a: Togekiss|Togekiss, M|100/100
|turn|58
|
|t:|1660968507
|move|p1a: Xatu|Psychic|p2a: Togekiss
|-damage|p2a: Togekiss|46/100
|move|p2a: Togekiss|Heal Bell||[still]
|-activate|p2a: Togekiss|move: Heal Bell
|-fail|p2a: Togekiss
|
|upkeep
|turn|59
|c|☆xujing691691|gg
|c|☆hjkhj ㋛|gg
|-message|xujing691691 forfeited.
|
|win|hjkhj ㋛
