|inactive|Battle timer is ON: inactive players will automatically lose when time's up.
|t:|1656946284
|gametype|singles
|player|p1|yovan33321|ghetsis-gen5bw|
|player|p2|eifo|#ssdivmambas|
|teamsize|p1|6
|teamsize|p2|6
|gen|8
|tier|[Gen 8] RU
|rule|Sleep Clause Mod: Limit one foe put to sleep
|rule|Species Clause: Limit one of each Pokémon
|rule|OHKO Clause: OHKO moves are banned
|rule|Evasion Moves Clause: Evasion moves are banned
|rule|Endless Battle Clause: Forcing endless battles is banned
|rule|HP Percentage Mod: HP is shown in percentages
|rule|Dynamax Clause: You cannot dynamax
|clearpoke
|poke|p1|Porygon2|
|poke|p1|Copperajah, M|
|poke|p1|Bewear, M|
|poke|p1|Cresselia, F|
|poke|p1|Dhelmise|
|poke|p1|Uxie|
|poke|p2|Registeel|
|poke|p2|Rotom-Mow|
|poke|p2|Nidoqueen, F|
|poke|p2|Bewear, F|
|poke|p2|Flygon, F|
|poke|p2|Golisopod, F|
|teampreview
|inactive|yovan33321 also wants the timer to be on.
|c|☆eifo|hf
|inactive|yovan33321 has 270 seconds left.
|inactive|eifo has 270 seconds left.
|c|☆yovan33321|Hf
|inactive|yovan33321 has 240 seconds left.
|
|t:|1656946346
|start
|switch|p1a: Uxie|Uxie|100/100
|switch|p2a: Nidoqueen|Nidoqueen, F|100/100
|turn|1
|
|t:|1656946351
|move|p1a: Uxie|Trick|p2a: Nidoqueen
|-activate|p1a: Uxie|move: Trick|[of] p2a: Nidoqueen
|-item|p2a: Nidoqueen|Choice Scarf|[from] move: Trick
|-item|p1a: Uxie|Life Orb|[from] move: Trick
|move|p2a: Nidoqueen|Toxic Spikes|p1a: Uxie
|-sidestart|p1: yovan33321|move: Toxic Spikes
|
|upkeep
|turn|2
|
|t:|1656946359
|switch|p2a: Golisopod|Golisopod, F|100/100
|move|p1a: Uxie|Stealth Rock|p2a: Golisopod
|-sidestart|p2: eifo|move: Stealth Rock
|
|upkeep
|turn|3
|
|t:|1656946376
|switch|p1a: Bewear|Bewear, M|100/100
|-status|p1a: Bewear|psn
|move|p2a: Golisopod|First Impression|p1a: Bewear
|-resisted|p1a: Bewear
|-damage|p1a: Bewear|90/100 psn
|
|-damage|p1a: Bewear|77/100 psn|[from] psn
|upkeep
|turn|4
|
|t:|1656946404
|move|p2a: Golisopod|Liquidation|p1a: Bewear
|-damage|p1a: Bewear|56/100 psn
|move|p1a: Bewear|Hammer Arm|p2a: Golisopod
|-resisted|p2a: Golisopod
|-crit|p2a: Golisopod
|-damage|p2a: Golisopod|61/100
|-unboost|p1a: Bewear|spe|1
|-damage|p1a: Bewear|46/100 psn|[from] item: Life Orb
|
|-damage|p1a: Bewear|34/100 psn|[from] psn
|upkeep
|turn|5
|inactive|eifo has 270 seconds left.
|
|t:|1656946448
|switch|p2a: Nidoqueen|Nidoqueen, F|100/100
|-damage|p2a: Nidoqueen|94/100|[from] Stealth Rock
|switch|p1a: Uxie|Uxie|100/100
|
|upkeep
|turn|6
|
|t:|1656946456
|switch|p2a: Golisopod|Golisopod, F|61/100
|move|p1a: Uxie|Psychic|p2a: Golisopod
|-damage|p2a: Golisopod|22/100
|-unboost|p2a: Golisopod|spd|1
|-activate|p2a: Golisopod|ability: Emergency Exit
|-damage|p1a: Uxie|91/100|[from] item: Life Orb
|inactive|eifo disconnected and has 300 seconds to reconnect!
|player|p2|
|inactive|eifo reconnected and has 250 seconds left.
|player|p2|eifo|#ssdivmambas
|inactive|eifo has 240 seconds left.
|
|t:|1656946498
|switch|p2a: Rotom|Rotom-Mow|100/100
|-damage|p2a: Rotom|88/100|[from] Stealth Rock
|
|upkeep
|turn|7
|
|t:|1656946505
|move|p2a: Rotom|Volt Switch|p1a: Uxie
|-damage|p1a: Uxie|65/100
|inactive|eifo has 240 seconds left.
|
|t:|1656946513
|switch|p2a: Flygon|Flygon, F|100/100|[from]move: Volt Switch
|-damage|p2a: Flygon|95/100|[from] Stealth Rock
|move|p1a: Uxie|Psychic|p2a: Flygon
|-damage|p2a: Flygon|49/100
|-damage|p1a: Uxie|55/100|[from] item: Life Orb
|
|upkeep
|turn|8
|
|t:|1656946522
|switch|p2a: Registeel|Registeel|100/100
|-damage|p2a: Registeel|94/100|[from] Stealth Rock
|move|p1a: Uxie|Trick Room|p1a: Uxie
|-fieldstart|move: Trick Room|[of] p1a: Uxie
|
|-heal|p2a: Registeel|100/100|[from] item: Leftovers
|upkeep
|turn|9
|
|t:|1656946528
|move|p2a: Registeel|Stealth Rock|p1a: Uxie
|-sidestart|p1: yovan33321|move: Stealth Rock
|move|p1a: Uxie|Trick|p2a: Registeel
|-activate|p1a: Uxie|move: Trick|[of] p2a: Registeel
|-item|p2a: Registeel|Life Orb|[from] move: Trick
|-item|p1a: Uxie|Leftovers|[from] move: Trick
|
|-heal|p1a: Uxie|61/100|[from] item: Leftovers
|upkeep
|turn|10
|
|t:|1656946536
|switch|p1a: Dhelmise|Dhelmise|100/100
|-status|p1a: Dhelmise|psn
|-damage|p1a: Dhelmise|88/100 psn|[from] Stealth Rock
|move|p2a: Registeel|Seismic Toss|p1a: Dhelmise
|-immune|p1a: Dhelmise
|
|-damage|p1a: Dhelmise|76/100 psn|[from] psn
|upkeep
|turn|11
|
|t:|1656946543
|move|p2a: Registeel|Protect|p2a: Registeel
|-singleturn|p2a: Registeel|Protect
|move|p1a: Dhelmise|Power Whip|p2a: Registeel
|-activate|p2a: Registeel|move: Protect
|
|-damage|p1a: Dhelmise|64/100 psn|[from] psn
|upkeep
|turn|12
|
|t:|1656946547
|switch|p2a: Bewear|Bewear, F|100/100
|-damage|p2a: Bewear|94/100|[from] Stealth Rock
|move|p1a: Dhelmise|Poltergeist|p2a: Bewear
|-immune|p2a: Bewear
|
|-damage|p1a: Dhelmise|52/100 psn|[from] psn
|-fieldend|move: Trick Room
|upkeep
|turn|13
|
|t:|1656946553
|switch|p1a: Cresselia|Cresselia, F|100/100
|-damage|p1a: Cresselia|88/100|[from] Stealth Rock
|move|p2a: Bewear|Darkest Lariat|p1a: Cresselia
|-supereffective|p1a: Cresselia
|-damage|p1a: Cresselia|54/100
|
|upkeep
|turn|14
|inactive|eifo has 270 seconds left.
|
|t:|1656946572
|move|p2a: Bewear|Darkest Lariat|p1a: Cresselia
|-supereffective|p1a: Cresselia
|-damage|p1a: Cresselia|19/100
|move|p1a: Cresselia|Moonlight|p1a: Cresselia
|-heal|p1a: Cresselia|69/100
|
|upkeep
|turn|15
|
|t:|1656946578
|move|p2a: Bewear|Swords Dance|p2a: Bewear
|-boost|p2a: Bewear|atk|2
|move|p1a: Cresselia|Moonlight|p1a: Cresselia
|-heal|p1a: Cresselia|100/100
|
|upkeep
|turn|16
|
|t:|1656946585
|move|p2a: Bewear|Darkest Lariat|p1a: Cresselia
|-supereffective|p1a: Cresselia
|-damage|p1a: Cresselia|34/100
|move|p1a: Cresselia|Psychic|p2a: Bewear
|-supereffective|p2a: Bewear
|-damage|p2a: Bewear|31/100
|
|upkeep
|turn|17
|
|t:|1656946596
|move|p2a: Bewear|Darkest Lariat|p1a: Cresselia
|-supereffective|p1a: Cresselia
|-damage|p1a: Cresselia|0 fnt
|faint|p1a: Cresselia
|
|upkeep
|
|t:|1656946599
|switch|p1a: Uxie|Uxie|61/100
|-damage|p1a: Uxie|49/100|[from] Stealth Rock
|turn|18
|
|t:|1656946617
|switch|p2a: Rotom|Rotom-Mow|88/100
|-damage|p2a: Rotom|76/100|[from] Stealth Rock
|move|p1a: Uxie|Psychic|p2a: Rotom
|-damage|p2a: Rotom|45/100
|
|-heal|p1a: Uxie|55/100|[from] item: Leftovers
|upkeep
|turn|19
|
|t:|1656946631
|move|p2a: Rotom|Leaf Storm|p1a: Uxie
|-damage|p1a: Uxie|2/100
|-unboost|p2a: Rotom|spa|2
|move|p1a: Uxie|Trick Room|p1a: Uxie
|-fieldstart|move: Trick Room|[of] p1a: Uxie
|
|-heal|p1a: Uxie|9/100|[from] item: Leftovers
|upkeep
|turn|20
|
|t:|1656946637
|switch|p2a: Registeel|Registeel|100/100
|-damage|p2a: Registeel|94/100|[from] Stealth Rock
|move|p1a: Uxie|Psychic|p2a: Registeel
|-resisted|p2a: Registeel
|-damage|p2a: Registeel|88/100
|
|-heal|p1a: Uxie|15/100|[from] item: Leftovers
|upkeep
|turn|21
|
|t:|1656946644
|switch|p1a: Dhelmise|Dhelmise|52/100 psn
|-damage|p1a: Dhelmise|39/100 psn|[from] Stealth Rock
|move|p2a: Registeel|Seismic Toss|p1a: Dhelmise
|-immune|p1a: Dhelmise
|
|-damage|p1a: Dhelmise|27/100 psn|[from] psn
|upkeep
|turn|22
|
|t:|1656946647
|move|p2a: Registeel|Protect|p2a: Registeel
|-singleturn|p2a: Registeel|Protect
|move|p1a: Dhelmise|Synthesis|p1a: Dhelmise
|-heal|p1a: Dhelmise|77/100 psn
|
|-damage|p1a: Dhelmise|65/100 psn|[from] psn
|upkeep
|turn|23
|
|t:|1656946662
|switch|p2a: Nidoqueen|Nidoqueen, F|94/100
|-damage|p2a: Nidoqueen|88/100|[from] Stealth Rock
|move|p1a: Dhelmise|Synthesis|p1a: Dhelmise
|-heal|p1a: Dhelmise|100/100 psn
|
|-damage|p1a: Dhelmise|88/100 psn|[from] psn
|-fieldend|move: Trick Room
|upkeep
|turn|24
|
|t:|1656946666
|move|p2a: Nidoqueen|Ice Beam|p1a: Dhelmise
|-supereffective|p1a: Dhelmise
|-damage|p1a: Dhelmise|24/100 psn
|move|p1a: Dhelmise|Synthesis|p1a: Dhelmise
|-heal|p1a: Dhelmise|73/100 psn
|
|-damage|p1a: Dhelmise|61/100 psn|[from] psn
|upkeep
|turn|25
|inactive|eifo has 270 seconds left.
|
|t:|1656946705
|switch|p1a: Copperajah|Copperajah, M|100/100
|-damage|p1a: Copperajah|94/100|[from] Stealth Rock
|move|p2a: Nidoqueen|Ice Beam|p1a: Copperajah
|-resisted|p1a: Copperajah
|-damage|p1a: Copperajah|79/100
|
|upkeep
|turn|26
|
|t:|1656946716
|switch|p2a: Registeel|Registeel|88/100
|-damage|p2a: Registeel|82/100|[from] Stealth Rock
|move|p1a: Copperajah|Heat Crash|p2a: Registeel
|-supereffective|p2a: Registeel
|-damage|p2a: Registeel|28/100
|-damage|p1a: Copperajah|69/100|[from] item: Life Orb
|
|upkeep
|turn|27
|
|t:|1656946721
|move|p2a: Registeel|Seismic Toss|p1a: Copperajah
|-damage|p1a: Copperajah|47/100
|-damage|p2a: Registeel|18/100|[from] item: Life Orb
|move|p1a: Copperajah|Heat Crash|p2a: Registeel
|-supereffective|p2a: Registeel
|-damage|p2a: Registeel|0 fnt
|faint|p2a: Registeel
|-damage|p1a: Copperajah|37/100|[from] item: Life Orb
|
|upkeep
|
|t:|1656946725
|switch|p2a: Bewear|Bewear, F|31/100
|-damage|p2a: Bewear|25/100|[from] Stealth Rock
|turn|28
|
|t:|1656946736
|switch|p1a: Bewear|Bewear, M|34/100 psn
|-damage|p1a: Bewear|28/100 psn|[from] Stealth Rock
|move|p2a: Bewear|Drain Punch|p1a: Bewear
|-supereffective|p1a: Bewear
|-damage|p1a: Bewear|0 fnt
|-heal|p2a: Bewear|41/100|[from] drain|[of] p1a: Bewear
|faint|p1a: Bewear
|
|upkeep
|
|t:|1656946740
|switch|p1a: Uxie|Uxie|15/100
|-damage|p1a: Uxie|2/100|[from] Stealth Rock
|turn|29
|
|t:|1656946746
|switch|p2a: Golisopod|Golisopod, F|22/100
|move|p1a: Uxie|Trick Room|p1a: Uxie
|-fieldstart|move: Trick Room|[of] p1a: Uxie
|
|-heal|p1a: Uxie|9/100|[from] item: Leftovers
|upkeep
|turn|30
|inactive|eifo has 270 seconds left.
|
|t:|1656946777
|move|p2a: Golisopod|Knock Off|p1a: Uxie
|-supereffective|p1a: Uxie
|-damage|p1a: Uxie|0 fnt
|-enditem|p1a: Uxie|Leftovers|[from] move: Knock Off|[of] p2a: Golisopod
|faint|p1a: Uxie
|
|upkeep
|
|t:|1656946780
|switch|p1a: Copperajah|Copperajah, M|37/100
|-damage|p1a: Copperajah|31/100|[from] Stealth Rock
|turn|31
|c|+Astreau|vas y yovan !!!!
|
|t:|1656946792
|switch|p2a: Nidoqueen|Nidoqueen, F|88/100
|-damage|p2a: Nidoqueen|82/100|[from] Stealth Rock
|move|p1a: Copperajah|Iron Head|p2a: Nidoqueen
|-damage|p2a: Nidoqueen|0 fnt
|faint|p2a: Nidoqueen
|
|upkeep
|inactive|eifo has 270 seconds left.
|
|t:|1656946805
|switch|p2a: Golisopod|Golisopod, F|22/100
|turn|32
|inactive|eifo has 270 seconds left.
|c|☆yovan33321|Deja perdu lol
|inactive|eifo has 240 seconds left.
|inactive|eifo has 210 seconds left.
|
|t:|1656946891
|switch|p1a: Porygon2|Porygon2|100/100
|-status|p1a: Porygon2|psn
|-damage|p1a: Porygon2|88/100 psn|[from] Stealth Rock
|-ability|p1a: Porygon2|Emergency Exit|[from] ability: Trace|[of] p2a: Golisopod
|move|p2a: Golisopod|First Impression|p1a: Porygon2
|-damage|p1a: Porygon2|54/100 psn
|
|-damage|p1a: Porygon2|42/100 psn|[from] psn
|upkeep
|-activate|p1a: Porygon2|ability: Emergency Exit
|
|t:|1656946903
|switch|p1a: Dhelmise|Dhelmise|61/100 psn
|-damage|p1a: Dhelmise|49/100 psn|[from] Stealth Rock
|turn|33
|inactive|eifo has 180 seconds left.
|
|t:|1656946941
|move|p1a: Dhelmise|Synthesis|p1a: Dhelmise
|-heal|p1a: Dhelmise|99/100 psn
|move|p2a: Golisopod|Knock Off|p1a: Dhelmise
|-supereffective|p1a: Dhelmise
|-damage|p1a: Dhelmise|24/100 psn
|-enditem|p1a: Dhelmise|Life Orb|[from] move: Knock Off|[of] p2a: Golisopod
|
|-damage|p1a: Dhelmise|12/100 psn|[from] psn
|-fieldend|move: Trick Room
|upkeep
|turn|34
|inactive|eifo has 180 seconds left.
|
|t:|1656946970
|switch|p2a: Rotom|Rotom-Mow|45/100
|-damage|p2a: Rotom|33/100|[from] Stealth Rock
|move|p1a: Dhelmise|Power Whip|p2a: Rotom
|-resisted|p2a: Rotom
|-damage|p2a: Rotom|0 fnt
|faint|p2a: Rotom
|
|-damage|p1a: Dhelmise|0 fnt|[from] psn
|faint|p1a: Dhelmise
|upkeep
|c|☆eifo|gg
|
|t:|1656946981
|switch|p2a: Bewear|Bewear, F|41/100
|switch|p1a: Porygon2|Porygon2|42/100 psn
|-damage|p2a: Bewear|35/100|[from] Stealth Rock
|-damage|p1a: Porygon2|30/100 psn|[from] Stealth Rock
|-ability|p1a: Porygon2|Fluffy|[from] ability: Trace|[of] p2a: Bewear
|turn|35
|
|t:|1656946990
|move|p2a: Bewear|Drain Punch|p1a: Porygon2
|-supereffective|p1a: Porygon2
|-damage|p1a: Porygon2|6/100 psn
|-heal|p2a: Bewear|47/100|[from] drain|[of] p1a: Porygon2
|move|p1a: Porygon2|Trick Room|p1a: Porygon2
|-fieldstart|move: Trick Room|[of] p1a: Porygon2
|
|-damage|p1a: Porygon2|0 fnt|[from] psn
|faint|p1a: Porygon2
|upkeep
|
|t:|1656946995
|switch|p1a: Copperajah|Copperajah, M|31/100
|-damage|p1a: Copperajah|25/100|[from] Stealth Rock
|turn|36
|
|t:|1656947005
|move|p1a: Copperajah|Iron Head|p2a: Bewear
|-damage|p2a: Bewear|2/100
|move|p2a: Bewear|Drain Punch|p1a: Copperajah
|-supereffective|p1a: Copperajah
|-damage|p1a: Copperajah|0 fnt
|-heal|p2a: Bewear|17/100|[from] drain|[of] p1a: Copperajah
|faint|p1a: Copperajah
|
|win|eifo
|c|☆yovan33321|Gg
