|inactive|Battle timer is ON: inactive players will automatically lose when time's up.
|t:|1667411496
|gametype|singles
|player|p1|Ninja|#scl2shoguns|
|player|p2|eifo|#ssdivmambas|
|teamsize|p1|6
|teamsize|p2|6
|gen|8
|tier|[Gen 8] RU
|rule|Sleep Clause Mod: Limit one foe put to sleep
|rule|Species Clause: Limit one of each Pokémon
|rule|OHKO Clause: OHKO moves are banned
|rule|Evasion Items Clause: Evasion items are banned
|rule|Evasion Moves Clause: Evasion moves are banned
|rule|Endless Battle Clause: Forcing endless battles is banned
|rule|HP Percentage Mod: HP is shown in percentages
|rule|Dynamax Clause: You cannot dynamax
|clearpoke
|poke|p1|Steelix, F|
|poke|p1|Celebi|
|poke|p1|Guzzlord|
|poke|p1|Golisopod, M|
|poke|p1|Crobat, M|
|poke|p1|Porygon-Z|
|poke|p2|Guzzlord|
|poke|p2|Flygon, F|
|poke|p2|Bewear, F|
|poke|p2|Celebi|
|poke|p2|Crobat, F|
|poke|p2|Bronzong|
|teampreview
|c|☆eifo|hf
|c|☆Ninja|hf
|inactive|Ninja has 270 seconds left.
|inactive|Ninja has 240 seconds left.
|inactive|Ninja has 210 seconds left.
|
|t:|1667411613
|start
|switch|p1a: Celebi|Celebi|100/100
|switch|p2a: Guzzlord|Guzzlord|100/100
|turn|1
|
|t:|1667411617
|switch|p1a: Steelix|Steelix, F|100/100
|move|p2a: Guzzlord|Knock Off|p1a: Steelix
|-damage|p1a: Steelix|80/100
|-enditem|p1a: Steelix|Leftovers|[from] move: Knock Off|[of] p2a: Guzzlord
|
|upkeep
|turn|2
|
|t:|1667411645
|switch|p2a: Bronzong|Bronzong|100/100
|move|p1a: Steelix|Stealth Rock|p2a: Bronzong
|-sidestart|p2: eifo|move: Stealth Rock
|
|upkeep
|turn|3
|inactive|Ninja has 270 seconds left.
|inactive|Ninja has 240 seconds left.
|
|t:|1667411692
|switch|p1a: Guzzlord|Guzzlord|100/100
|move|p2a: Bronzong|Stealth Rock|p1a: Guzzlord
|-sidestart|p1: Ninja|move: Stealth Rock
|
|upkeep
|turn|4
|inactive|eifo has 270 seconds left.
|
|t:|1667411719
|switch|p2a: Bewear|Bewear, F|100/100
|-damage|p2a: Bewear|94/100|[from] Stealth Rock
|move|p1a: Guzzlord|Knock Off|p2a: Bewear
|-resisted|p2a: Bewear
|-damage|p2a: Bewear|83/100
|-enditem|p2a: Bewear|Silk Scarf|[from] move: Knock Off|[of] p1a: Guzzlord
|
|upkeep
|turn|5
|inactive|eifo has 270 seconds left.
|
|t:|1667411736
|switch|p1a: Celebi|Celebi|100/100
|move|p2a: Bewear|Double-Edge|p1a: Celebi
|-damage|p1a: Celebi|40/100
|-damage|p2a: Bewear|65/100|[from] Recoil
|
|upkeep
|turn|6
|inactive|eifo has 270 seconds left.
|inactive|eifo has 240 seconds left.
|
|t:|1667411797
|switch|p2a: Flygon|Flygon, F|100/100
|-damage|p2a: Flygon|95/100|[from] Stealth Rock
|move|p1a: Celebi|Recover|p1a: Celebi
|-heal|p1a: Celebi|90/100
|
|upkeep
|turn|7
|
|t:|1667411807
|switch|p1a: Crobat|Crobat, M|100/100
|move|p2a: Flygon|U-turn|p1a: Crobat
|-resisted|p1a: Crobat
|-damage|p1a: Crobat|93/100
|
|t:|1667411819
|switch|p2a: Guzzlord|Guzzlord|100/100|[from]move: U-turn
|-damage|p2a: Guzzlord|88/100|[from] Stealth Rock
|
|-heal|p2a: Guzzlord|94/100|[from] item: Leftovers
|upkeep
|turn|8
|
|t:|1667411844
|switch|p1a: Steelix|Steelix, F|80/100
|-damage|p1a: Steelix|77/100|[from] Stealth Rock
|move|p2a: Guzzlord|Knock Off|p1a: Steelix
|-damage|p1a: Steelix|62/100
|
|-heal|p2a: Guzzlord|99/100|[from] item: Leftovers
|upkeep
|turn|9
|inactive|eifo has 210 seconds left.
|
|t:|1667411870
|switch|p2a: Crobat|Crobat, F|100/100
|move|p1a: Steelix|Toxic|p2a: Crobat
|-immune|p2a: Crobat
|
|upkeep
|turn|10
|
|t:|1667411881
|switch|p1a: Crobat|Crobat, M|93/100
|move|p2a: Crobat|U-turn|p1a: Crobat
|-resisted|p1a: Crobat
|-damage|p1a: Crobat|88/100
|
|t:|1667411888
|switch|p2a: Guzzlord|Guzzlord|99/100|[from]move: U-turn
|-damage|p2a: Guzzlord|88/100|[from] Stealth Rock
|
|-heal|p2a: Guzzlord|94/100|[from] item: Leftovers
|upkeep
|turn|11
|
|t:|1667411897
|move|p1a: Crobat|Sludge Bomb|p2a: Guzzlord
|-damage|p2a: Guzzlord|70/100
|-status|p2a: Guzzlord|psn
|move|p2a: Guzzlord|Knock Off|p1a: Crobat
|-damage|p1a: Crobat|32/100
|-enditem|p1a: Crobat|Heavy-Duty Boots|[from] move: Knock Off|[of] p2a: Guzzlord
|
|-heal|p2a: Guzzlord|76/100 psn|[from] item: Leftovers
|-damage|p2a: Guzzlord|64/100 psn|[from] psn
|upkeep
|turn|12
|
|t:|1667411916
|move|p1a: Crobat|Roost|p1a: Crobat
|-heal|p1a: Crobat|82/100
|-singleturn|p1a: Crobat|move: Roost
|move|p2a: Guzzlord|Dragon Tail|p1a: Crobat
|-damage|p1a: Crobat|50/100
|drag|p1a: Golisopod|Golisopod, M|100/100
|
|-heal|p2a: Guzzlord|70/100 psn|[from] item: Leftovers
|-damage|p2a: Guzzlord|58/100 psn|[from] psn
|upkeep
|turn|13
|
|t:|1667411938
|switch|p2a: Bewear|Bewear, F|65/100
|-damage|p2a: Bewear|59/100|[from] Stealth Rock
|move|p1a: Golisopod|Spikes|p2a: Bewear
|-sidestart|p2: eifo|Spikes
|
|upkeep
|turn|14
|
|t:|1667411946
|switch|p1a: Celebi|Celebi|90/100
|move|p2a: Bewear|Double-Edge|p1a: Celebi
|-damage|p1a: Celebi|32/100
|-damage|p2a: Bewear|42/100|[from] Recoil
|
|upkeep
|turn|15
|
|t:|1667411973
|switch|p2a: Flygon|Flygon, F|95/100
|-damage|p2a: Flygon|89/100|[from] Stealth Rock
|move|p1a: Celebi|Recover|p1a: Celebi
|-heal|p1a: Celebi|83/100
|
|upkeep
|turn|16
|
|t:|1667411980
|switch|p1a: Steelix|Steelix, F|62/100
|-damage|p1a: Steelix|59/100|[from] Stealth Rock
|move|p2a: Flygon|U-turn|p1a: Steelix
|-resisted|p1a: Steelix
|-damage|p1a: Steelix|53/100
|inactive|eifo has 210 seconds left.
|
|t:|1667412027
|switch|p2a: Crobat|Crobat, F|100/100|[from]move: U-turn
|
|upkeep
|turn|17
|
|t:|1667412037
|move|p2a: Crobat|Defog|p1a: Steelix
|-unboost|p1a: Steelix|evasion|1
|-sideend|p1: Ninja|Stealth Rock|[from] move: Defog|[of] p2a: Crobat
|-sideend|p2: eifo|Spikes|[from] move: Defog|[of] p2a: Crobat
|-sideend|p2: eifo|Stealth Rock|[from] move: Defog|[of] p2a: Crobat
|move|p1a: Steelix|Head Smash|p2a: Crobat
|-supereffective|p2a: Crobat
|-damage|p2a: Crobat|27/100
|
|upkeep
|turn|18
|inactive|eifo has 180 seconds left.
|
|t:|1667412069
|move|p2a: Crobat|U-turn|p1a: Steelix
|-resisted|p1a: Steelix
|-damage|p1a: Steelix|49/100
|
|t:|1667412072
|switch|p2a: Bronzong|Bronzong|100/100|[from]move: U-turn
|move|p1a: Steelix|Stealth Rock|p2a: Bronzong
|-sidestart|p2: eifo|move: Stealth Rock
|
|upkeep
|turn|19
|
|t:|1667412075
|switch|p1a: Guzzlord|Guzzlord|100/100
|move|p2a: Bronzong|Stealth Rock|p1a: Guzzlord
|-sidestart|p1: Ninja|move: Stealth Rock
|
|upkeep
|turn|20
|
|t:|1667412079
|switch|p2a: Bewear|Bewear, F|42/100
|-damage|p2a: Bewear|36/100|[from] Stealth Rock
|move|p1a: Guzzlord|Knock Off|p2a: Bewear
|-resisted|p2a: Bewear
|-crit|p2a: Bewear
|-damage|p2a: Bewear|24/100
|
|upkeep
|turn|21
|
|t:|1667412099
|switch|p1a: Celebi|Celebi|83/100
|move|p2a: Bewear|Darkest Lariat|p1a: Celebi
|-supereffective|p1a: Celebi
|-damage|p1a: Celebi|26/100
|
|upkeep
|turn|22
|
|t:|1667412105
|switch|p2a: Flygon|Flygon, F|89/100
|-damage|p2a: Flygon|83/100|[from] Stealth Rock
|move|p1a: Celebi|Recover|p1a: Celebi
|-heal|p1a: Celebi|76/100
|
|upkeep
|turn|23
|
|t:|1667412109
|switch|p1a: Golisopod|Golisopod, M|100/100
|move|p2a: Flygon|U-turn|p1a: Golisopod
|-damage|p1a: Golisopod|86/100
|inactive|eifo has 210 seconds left.
|
|t:|1667412136
|switch|p2a: Celebi|Celebi|100/100|[from]move: U-turn
|-damage|p2a: Celebi|88/100|[from] Stealth Rock
|
|upkeep
|turn|24
|
|t:|1667412155
|switch|p2a: Crobat|Crobat, F|27/100
|move|p1a: Golisopod|First Impression|p2a: Crobat
|-resisted|p2a: Crobat
|-damage|p2a: Crobat|13/100
|
|upkeep
|turn|25
|inactive|eifo has 180 seconds left.
|
|t:|1667412186
|switch|p2a: Celebi|Celebi|88/100
|-damage|p2a: Celebi|76/100|[from] Stealth Rock
|move|p1a: Golisopod|Aqua Jet|p2a: Celebi
|-resisted|p2a: Celebi
|-damage|p2a: Celebi|66/100
|
|upkeep
|turn|26
|inactive|eifo has 150 seconds left.
|
|t:|1667412227
|switch|p1a: Guzzlord|Guzzlord|100/100
|-damage|p1a: Guzzlord|88/100|[from] Stealth Rock
|move|p2a: Celebi|Nasty Plot|p2a: Celebi
|-boost|p2a: Celebi|spa|2
|
|-heal|p1a: Guzzlord|94/100|[from] item: Leftovers
|upkeep
|turn|27
|inactive|Ninja has 270 seconds left.
|
|t:|1667412270
|move|p2a: Celebi|Leaf Storm|p1a: Guzzlord
|-resisted|p1a: Guzzlord
|-damage|p1a: Guzzlord|54/100
|-unboost|p2a: Celebi|spa|2
|-enditem|p2a: Celebi|Eject Pack
|
|t:|1667412274
|switch|p2a: Bewear|Bewear, F|24/100
|-damage|p2a: Bewear|18/100|[from] Stealth Rock
|move|p1a: Guzzlord|Heavy Slam|p2a: Bewear
|-damage|p2a: Bewear|1/100
|
|-heal|p1a: Guzzlord|60/100|[from] item: Leftovers
|upkeep
|turn|28
|inactive|eifo has 150 seconds left.
|
|t:|1667412288
|switch|p1a: Celebi|Celebi|76/100
|move|p2a: Bewear|Double-Edge|p1a: Celebi
|-damage|p1a: Celebi|10/100
|-damage|p2a: Bewear|0 fnt|[from] Recoil
|faint|p2a: Bewear
|
|upkeep
|inactive|eifo has 150 seconds left.
|
|t:|1667412296
|switch|p2a: Crobat|Crobat, F|13/100
|turn|29
|inactive|eifo has 150 seconds left.
|
|t:|1667412335
|switch|p1a: Steelix|Steelix, F|49/100
|-damage|p1a: Steelix|46/100|[from] Stealth Rock
|move|p2a: Crobat|U-turn|p1a: Steelix
|-resisted|p1a: Steelix
|-damage|p1a: Steelix|42/100
|
|t:|1667412339
|switch|p2a: Celebi|Celebi|66/100|[from]move: U-turn
|-damage|p2a: Celebi|54/100|[from] Stealth Rock
|
|upkeep
|turn|30
|inactive|Ninja has 270 seconds left.
|inactive|eifo has 120 seconds left.
|inactive|Ninja has 240 seconds left.
|inactive|eifo has 90 seconds left.
|
|t:|1667412412
|move|p2a: Celebi|Leaf Storm|p1a: Steelix
|-damage|p1a: Steelix|0 fnt
|-unboost|p2a: Celebi|spa|2
|faint|p1a: Steelix
|
|upkeep
|
|t:|1667412422
|switch|p1a: Golisopod|Golisopod, M|86/100
|turn|31
|inactive|eifo has 90 seconds left.
|inactive|eifo has 60 seconds left.
|
|t:|1667412474
|switch|p2a: Bronzong|Bronzong|100/100
|-damage|p2a: Bronzong|94/100|[from] Stealth Rock
|move|p1a: Golisopod|First Impression|p2a: Bronzong
|-damage|p2a: Bronzong|51/100
|
|-heal|p2a: Bronzong|58/100|[from] item: Leftovers
|upkeep
|turn|32
|inactive|Ninja has 210 seconds left.
|inactive|eifo has 30 seconds left.
|inactive|eifo has 20 seconds left.
|inactive|eifo has 15 seconds left.
|
|t:|1667412521
|switch|p2a: Guzzlord|Guzzlord|58/100 psn
|-damage|p2a: Guzzlord|45/100 psn|[from] Stealth Rock
|move|p1a: Golisopod|Knock Off|p2a: Guzzlord
|-resisted|p2a: Guzzlord
|-damage|p2a: Guzzlord|29/100 psn
|-enditem|p2a: Guzzlord|Leftovers|[from] move: Knock Off|[of] p1a: Golisopod
|
|-damage|p2a: Guzzlord|17/100 psn|[from] psn
|upkeep
|turn|33
|inactive|eifo has 25 seconds left this turn.
|inactive|Ninja has 210 seconds left.
|
|t:|1667412545
|switch|p1a: Crobat|Crobat, M|50/100
|-damage|p1a: Crobat|25/100|[from] Stealth Rock
|move|p2a: Guzzlord|Knock Off|p1a: Crobat
|-damage|p1a: Crobat|0 fnt
|faint|p1a: Crobat
|-ability|p2a: Guzzlord|Beast Boost|boost
|-boost|p2a: Guzzlord|atk|1
|
|-damage|p2a: Guzzlord|4/100 psn|[from] psn
|upkeep
|inactive|eifo has 30 seconds left this turn.
|c|☆eifo|oh how i wish i was the good set
|
|t:|1667412553
|switch|p1a: Porygon-Z|Porygon-Z|100/100
|-damage|p1a: Porygon-Z|88/100|[from] Stealth Rock
|turn|34
|c|☆eifo|that poison was rly damn annoying
|inactive|eifo has 30 seconds left.
|inactive|eifo has 20 seconds left.
|inactive|eifo has 15 seconds left.
|
|t:|1667412579
|move|p1a: Porygon-Z|Shadow Ball|p2a: Guzzlord
|-resisted|p2a: Guzzlord
|-damage|p2a: Guzzlord|0 fnt
|faint|p2a: Guzzlord
|
|upkeep
|inactive|eifo has 20 seconds left this turn.
|inactive|eifo has 15 seconds left.
|
|t:|1667412588
|switch|p2a: Flygon|Flygon, F|83/100
|-damage|p2a: Flygon|77/100|[from] Stealth Rock
|turn|35
|inactive|eifo has 25 seconds left this turn.
|inactive|eifo has 20 seconds left.
|
|t:|1667412596
|switch|p1a: Celebi|Celebi|10/100
|move|p2a: Flygon|Dragon Claw|p1a: Celebi
|-damage|p1a: Celebi|0 fnt
|faint|p1a: Celebi
|
|upkeep
|inactive|eifo has 25 seconds left this turn.
|
|t:|1667412605
|switch|p1a: Golisopod|Golisopod, M|86/100
|turn|36
|inactive|eifo has 30 seconds left.
|
|t:|1667412615
|switch|p2a: Bronzong|Bronzong|58/100
|-damage|p2a: Bronzong|51/100|[from] Stealth Rock
|move|p1a: Golisopod|First Impression|p2a: Bronzong
|-damage|p2a: Bronzong|12/100
|
|-heal|p2a: Bronzong|18/100|[from] item: Leftovers
|upkeep
|turn|37
|
|t:|1667412618
|move|p1a: Golisopod|Knock Off|p2a: Bronzong
|-supereffective|p2a: Bronzong
|-damage|p2a: Bronzong|0 fnt
|-enditem|p2a: Bronzong|Leftovers|[from] move: Knock Off|[of] p1a: Golisopod
|faint|p2a: Bronzong
|
|upkeep
|
|t:|1667412630
|switch|p2a: Flygon|Flygon, F|77/100
|-damage|p2a: Flygon|71/100|[from] Stealth Rock
|turn|38
|inactive|Ninja has 240 seconds left.
|inactive|eifo has 30 seconds left.
|inactive|eifo has 20 seconds left.
|inactive|eifo has 15 seconds left.
|inactive|Ninja has 210 seconds left.
|inactive|eifo has 10 seconds left.
|inactive|Ninja has 180 seconds left.
|
|t:|1667412724
|switch|p1a: Guzzlord|Guzzlord|60/100
|-damage|p1a: Guzzlord|48/100|[from] Stealth Rock
|move|p2a: Flygon|Stone Edge|p1a: Guzzlord
|-damage|p1a: Guzzlord|18/100
|
|-heal|p1a: Guzzlord|24/100|[from] item: Leftovers
|upkeep
|turn|39
|inactive|eifo has 20 seconds left this turn.
|inactive|eifo has 15 seconds left.
|inactive|eifo has 10 seconds left.
|
|t:|1667412739
|move|p1a: Guzzlord|Protect|p1a: Guzzlord
|-singleturn|p1a: Guzzlord|Protect
|move|p2a: Flygon|Stone Edge|p1a: Guzzlord
|-activate|p1a: Guzzlord|move: Protect
|
|-heal|p1a: Guzzlord|30/100|[from] item: Leftovers
|upkeep
|turn|40
|inactive|eifo has 20 seconds left this turn.
|
|t:|1667412755
|move|p2a: Flygon|Stone Edge|p1a: Guzzlord
|-crit|p1a: Guzzlord
|-damage|p1a: Guzzlord|0 fnt
|faint|p1a: Guzzlord
|
|upkeep
|inactive|eifo has 25 seconds left this turn.
|
|t:|1667412757
|switch|p1a: Porygon-Z|Porygon-Z|88/100
|-damage|p1a: Porygon-Z|76/100|[from] Stealth Rock
|turn|41
|inactive|eifo has 30 seconds left.
|inactive|eifo has 20 seconds left.
|inactive|eifo has 15 seconds left.
|
|t:|1667412780
|switch|p2a: Crobat|Crobat, F|13/100
|move|p1a: Porygon-Z|Ice Beam|p2a: Crobat
|-supereffective|p2a: Crobat
|-damage|p2a: Crobat|0 fnt
|faint|p2a: Crobat
|
|upkeep
|inactive|eifo has 20 seconds left this turn.
|inactive|eifo has 15 seconds left.
|inactive|eifo has 10 seconds left.
|
|t:|1667412794
|switch|p2a: Celebi|Celebi|54/100
|-damage|p2a: Celebi|41/100|[from] Stealth Rock
|turn|42
|inactive|eifo has 20 seconds left this turn.
|
|t:|1667412800
|move|p1a: Porygon-Z|Ice Beam|p2a: Celebi
|-supereffective|p2a: Celebi
|-damage|p2a: Celebi|0 fnt
|faint|p2a: Celebi
|
|upkeep
|inactive|eifo has 25 seconds left this turn.
|c|☆eifo|oh
|
|t:|1667412804
|switch|p2a: Flygon|Flygon, F|71/100
|-damage|p2a: Flygon|65/100|[from] Stealth Rock
|turn|43
|c|☆eifo|2it
|c|☆eifo|what
|inactive|eifo has 30 seconds left.
|c|☆eifo|scwrf here
|c|☆eifo|tf
|inactive|eifo has 20 seconds left.
|inactive|eifo has 15 seconds left.
|c|☆eifo|ggs
|inactive|eifo has 10 seconds left.
|c|☆Ninja|ggs
|inactive|eifo disconnected and has 300 seconds to reconnect!
|player|p2|
|inactive|eifo has 270 seconds to reconnect!
|inactive|eifo has 240 seconds to reconnect!
|inactive|eifo has 210 seconds to reconnect!
|inactive|eifo has 180 seconds to reconnect!
|inactive|eifo has 150 seconds to reconnect!
|inactive|eifo has 120 seconds to reconnect!
|inactive|eifo has 90 seconds to reconnect!
|inactive|eifo has 60 seconds to reconnect!
|inactive|eifo has 30 seconds to reconnect!
|inactive|eifo has 20 seconds to reconnect!
|inactive|eifo has 15 seconds to reconnect!
|inactive|eifo has 10 seconds to reconnect!
|inactive|eifo has 5 seconds to reconnect!
|-message|eifo lost due to inactivity.
|
|win|Ninja
|inactive|eifo has 15 seconds left this turn.
