|inactive|Battle timer is ON: inactive players will automatically lose when time's up.
|t:|1667749848
|gametype|singles
|player|p1|btboy|spenser-gen3|
|player|p2|Luthier|#luthier|
|teamsize|p1|6
|teamsize|p2|6
|gen|8
|tier|[Gen 8] RU
|rule|Sleep Clause Mod: Limit one foe put to sleep
|rule|Species Clause: Limit one of each Pokémon
|rule|OHKO Clause: OHKO moves are banned
|rule|Evasion Items Clause: Evasion items are banned
|rule|Evasion Moves Clause: Evasion moves are banned
|rule|Endless Battle Clause: Forcing endless battles is banned
|rule|HP Percentage Mod: HP is shown in percentages
|rule|Dynamax Clause: You cannot dynamax
|clearpoke
|poke|p1|Weezing-Galar, F|
|poke|p1|Indeedee, M|
|poke|p1|Steelix, M|
|poke|p1|Milotic, F|
|poke|p1|Rotom-Mow|
|poke|p1|Scyther, M|
|poke|p2|Starmie|
|poke|p2|Sigilyph, M|
|poke|p2|Rhyperior, M|
|poke|p2|Umbreon, M|
|poke|p2|Registeel|
|poke|p2|Crobat, M|
|teampreview
|c|☆Luthier|HF
|c|☆btboy|glhf
|c|☆btboy|psyspam. danger
|inactive|btboy has 270 seconds left.
|
|t:|1667749884
|start
|switch|p1a: Scyther|Scyther, M|100/100
|switch|p2a: Rhyperior|Rhyperior, M|100/100
|turn|1
|
|t:|1667749890
|move|p1a: Scyther|U-turn|p2a: Rhyperior
|-damage|p2a: Rhyperior|78/100
|
|t:|1667749894
|switch|p1a: Milotic|Milotic, F|100/100|[from]move: U-turn
|move|p2a: Rhyperior|Stone Edge|p1a: Milotic
|-damage|p1a: Milotic|36/100
|
|upkeep
|turn|2
|
|t:|1667749901
|switch|p1a: Steelix|Steelix, M|100/100
|move|p2a: Rhyperior|Stone Edge|p1a: Steelix
|-resisted|p1a: Steelix
|-damage|p1a: Steelix|89/100
|
|-heal|p1a: Steelix|95/100|[from] item: Leftovers
|upkeep
|turn|3
|
|t:|1667749908
|switch|p2a: Starmie|Starmie|100/100
|move|p1a: Steelix|Stealth Rock|p2a: Starmie
|-sidestart|p2: Luthier|move: Stealth Rock
|
|-heal|p1a: Steelix|100/100|[from] item: Leftovers
|upkeep
|turn|4
|
|t:|1667749915
|switch|p1a: Rotom|Rotom-Mow|100/100
|move|p2a: Starmie|Ice Beam|p1a: Rotom
|-supereffective|p1a: Rotom
|-damage|p1a: Rotom|0 fnt
|faint|p1a: Rotom
|-damage|p2a: Starmie|91/100|[from] item: Life Orb
|
|upkeep
|
|t:|1667749928
|switch|p1a: Indeedee|Indeedee, M|100/100
|-fieldstart|move: Psychic Terrain|[from] ability: Psychic Surge|[of] p1a: Indeedee
|turn|5
|
|t:|1667749940
|switch|p2a: Crobat|Crobat, M|100/100
|move|p1a: Indeedee|Trick|p2a: Crobat
|-activate|p1a: Indeedee|move: Trick|[of] p2a: Crobat
|-item|p2a: Crobat|Choice Specs|[from] move: Trick
|-item|p1a: Indeedee|Heavy-Duty Boots|[from] move: Trick
|
|upkeep
|turn|6
|
|t:|1667749950
|switch|p1a: Steelix|Steelix, M|100/100
|move|p2a: Crobat|Defog|p1a: Steelix
|-unboost|p1a: Steelix|evasion|1
|-sideend|p2: Luthier|Stealth Rock|[from] move: Defog|[of] p2a: Crobat
|-fieldend|move: Psychic Terrain
|
|upkeep
|turn|7
|
|t:|1667749957
|switch|p2a: Starmie|Starmie|91/100
|move|p1a: Steelix|Toxic|p2a: Starmie
|-status|p2a: Starmie|tox
|
|-damage|p2a: Starmie|84/100 tox|[from] psn
|upkeep
|turn|8
|c|☆Luthier|pick again?
|c|☆btboy|doomed
|
|t:|1667749980
|move|p2a: Starmie|Hydro Pump|p1a: Steelix
|-supereffective|p1a: Steelix
|-ability|p1a: Steelix|Sturdy
|-damage|p1a: Steelix|1/100
|-damage|p2a: Starmie|74/100 tox|[from] item: Life Orb
|move|p1a: Steelix|Earthquake|p2a: Starmie
|-damage|p2a: Starmie|33/100 tox
|
|-heal|p1a: Steelix|7/100|[from] item: Leftovers
|-damage|p2a: Starmie|20/100 tox|[from] psn
|upkeep
|turn|9
|c|☆Luthier|will take that
|c|☆btboy|41
|c|☆btboy|doomed
|
|t:|1667749997
|move|p2a: Starmie|Grass Knot|p1a: Steelix
|-damage|p1a: Steelix|0 fnt
|faint|p1a: Steelix
|-damage|p2a: Starmie|10/100 tox|[from] item: Life Orb
|
|-damage|p2a: Starmie|0 fnt|[from] psn
|faint|p2a: Starmie
|upkeep
|
|t:|1667750007
|switch|p2a: Sigilyph|Sigilyph, M|100/100
|switch|p1a: Indeedee|Indeedee, M|100/100
|-fieldstart|move: Psychic Terrain|[from] ability: Psychic Surge|[of] p1a: Indeedee
|turn|10
|
|t:|1667750013
|move|p2a: Sigilyph|Calm Mind|p2a: Sigilyph
|-boost|p2a: Sigilyph|spa|1
|-boost|p2a: Sigilyph|spd|1
|move|p1a: Indeedee|Hyper Voice|p2a: Sigilyph
|-damage|p2a: Sigilyph|66/100
|
|-status|p2a: Sigilyph|brn|[from] item: Flame Orb
|upkeep
|turn|11
|
|t:|1667750020
|move|p2a: Sigilyph|Air Slash|p1a: Indeedee
|-damage|p1a: Indeedee|43/100
|move|p1a: Indeedee|Hyper Voice|p2a: Sigilyph
|-damage|p2a: Sigilyph|31/100 brn
|
|upkeep
|turn|12
|
|t:|1667750026
|switch|p1a: Scyther|Scyther, M|100/100
|move|p2a: Sigilyph|Roost|p2a: Sigilyph
|-heal|p2a: Sigilyph|81/100 brn
|-singleturn|p2a: Sigilyph|move: Roost
|
|upkeep
|turn|13
|
|t:|1667750033
|switch|p2a: Crobat|Crobat, M|100/100
|move|p1a: Scyther|Knock Off|p2a: Crobat
|-damage|p2a: Crobat|72/100
|-enditem|p2a: Crobat|Choice Specs|[from] move: Knock Off|[of] p1a: Scyther
|
|upkeep
|turn|14
|
|t:|1667750041
|move|p2a: Crobat|Brave Bird|p1a: Scyther
|-supereffective|p1a: Scyther
|-damage|p1a: Scyther|0 fnt
|faint|p1a: Scyther
|-damage|p2a: Crobat|47/100|[from] Recoil
|
|-fieldend|move: Psychic Terrain
|upkeep
|c|☆btboy|gg
|c|☆Luthier|gg
|-message|btboy forfeited.
|
|win|Luthier
