|inactive|Battle timer is ON: inactive players will automatically lose when time's up.
|t:|1635624975
|gametype|singles
|player|p1|mushamu|scientistf|
|player|p2|pattek|dawn|
|teamsize|p1|6
|teamsize|p2|6
|gen|8
|tier|[Gen 8] RU
|rule|Sleep Clause Mod: Limit one foe put to sleep
|rule|Species Clause: Limit one of each Pokémon
|rule|OHKO Clause: OHKO moves are banned
|rule|Evasion Moves Clause: Evasion moves are banned
|rule|Endless Battle Clause: Forcing endless battles is banned
|rule|HP Percentage Mod: HP is shown in percentages
|rule|Dynamax Clause: You cannot dynamax
|clearpoke
|poke|p1|Nidoqueen, F|
|poke|p1|Noivern, F|
|poke|p1|Bronzong|
|poke|p1|Raikou|
|poke|p1|Vaporeon, F|
|poke|p1|Incineroar, F|
|poke|p2|Crobat, M|
|poke|p2|Umbreon, F|
|poke|p2|Reuniclus, M|
|poke|p2|Milotic, F|
|poke|p2|Heracross, F|
|poke|p2|Nidoqueen, F|
|teampreview
|c|☆mushamu|hf
|c|☆pattek|u2
|inactive|mushamu has 270 seconds left.
|inactive|pattek has 270 seconds left.
|inactive|mushamu has 240 seconds left.
|inactive|mushamu has 210 seconds left.
|
|t:|1635625074
|start
|switch|p1a: Incineroar|Incineroar, F|100/100
|switch|p2a: Nidoqueen|Nidoqueen, F|100/100
|-ability|p1a: Incineroar|Intimidate|boost
|-unboost|p2a: Nidoqueen|atk|1
|turn|1
|inactive|mushamu has 270 seconds left.
|
|t:|1635625081
|switch|p1a: Vaporeon|Vaporeon, F|100/100
|move|p2a: Nidoqueen|Earth Power|p1a: Vaporeon
|-crit|p1a: Vaporeon
|-damage|p1a: Vaporeon|66/100
|
|-heal|p1a: Vaporeon|72/100|[from] item: Leftovers
|upkeep
|turn|2
|
|t:|1635625084
|move|p2a: Nidoqueen|Stealth Rock|p1a: Vaporeon
|-sidestart|p1: mushamu|move: Stealth Rock
|move|p1a: Vaporeon|Scald|p2a: Nidoqueen
|-supereffective|p2a: Nidoqueen
|-damage|p2a: Nidoqueen|50/100
|
|-heal|p2a: Nidoqueen|56/100|[from] item: Black Sludge
|-heal|p1a: Vaporeon|78/100|[from] item: Leftovers
|upkeep
|turn|3
|
|t:|1635625090
|switch|p2a: Reuniclus|Reuniclus, M|100/100
|move|p1a: Vaporeon|Scald|p2a: Reuniclus
|-damage|p2a: Reuniclus|74/100
|-status|p2a: Reuniclus|brn
|
|-heal|p1a: Vaporeon|84/100|[from] item: Leftovers
|upkeep
|turn|4
|
|t:|1635625094
|switch|p1a: Incineroar|Incineroar, F|100/100
|-ability|p1a: Incineroar|Intimidate|boost
|-unboost|p2a: Reuniclus|atk|1
|move|p2a: Reuniclus|Focus Blast|p1a: Incineroar
|-supereffective|p1a: Incineroar
|-damage|p1a: Incineroar|39/100
|
|upkeep
|turn|5
|
|t:|1635625115
|switch|p2a: Milotic|Milotic, F|100/100
|move|p1a: Incineroar|Knock Off|p2a: Milotic
|-damage|p2a: Milotic|57/100
|-enditem|p2a: Milotic|Leftovers|[from] move: Knock Off|[of] p1a: Incineroar
|
|upkeep
|turn|6
|c|+yovan33321|go ^pattek
|
|t:|1635625120
|switch|p1a: Vaporeon|Vaporeon, F|84/100
|-damage|p1a: Vaporeon|72/100|[from] Stealth Rock
|move|p2a: Milotic|Recover|p2a: Milotic
|-heal|p2a: Milotic|100/100
|
|-heal|p1a: Vaporeon|78/100|[from] item: Leftovers
|upkeep
|turn|7
|
|t:|1635625123
|move|p2a: Milotic|Toxic|p1a: Vaporeon
|-status|p1a: Vaporeon|tox
|move|p1a: Vaporeon|Wish|p1a: Vaporeon
|
|-heal|p1a: Vaporeon|84/100 tox|[from] item: Leftovers
|-damage|p1a: Vaporeon|78/100 tox|[from] psn
|upkeep
|turn|8
|
|t:|1635625137
|switch|p2a: Reuniclus|Reuniclus, M|74/100 brn
|switch|p1a: Bronzong|Bronzong|100/100
|-damage|p1a: Bronzong|94/100|[from] Stealth Rock
|
|-heal|p1a: Bronzong|100/100|[from] move: Wish|[wisher] Vaporeon
|upkeep
|turn|9
|
|t:|1635625143
|move|p2a: Reuniclus|Calm Mind|p2a: Reuniclus
|-boost|p2a: Reuniclus|spa|1
|-boost|p2a: Reuniclus|spd|1
|move|p1a: Bronzong|Stealth Rock|p2a: Reuniclus
|-sidestart|p2: pattek|move: Stealth Rock
|
|upkeep
|turn|10
|
|t:|1635625145
|move|p2a: Reuniclus|Focus Blast|p1a: Bronzong
|-damage|p1a: Bronzong|41/100
|move|p1a: Bronzong|Heavy Slam|p2a: Reuniclus
|-damage|p2a: Reuniclus|49/100 brn
|
|-heal|p1a: Bronzong|47/100|[from] item: Leftovers
|upkeep
|turn|11
|
|t:|1635625149
|switch|p1a: Incineroar|Incineroar, F|39/100
|-ability|p1a: Incineroar|Intimidate|boost
|-unboost|p2a: Reuniclus|atk|1
|move|p2a: Reuniclus|Recover|p2a: Reuniclus
|-heal|p2a: Reuniclus|99/100 brn
|
|upkeep
|turn|12
|
|t:|1635625152
|switch|p2a: Milotic|Milotic, F|100/100
|-damage|p2a: Milotic|88/100|[from] Stealth Rock
|move|p1a: Incineroar|Knock Off|p2a: Milotic
|-damage|p2a: Milotic|63/100
|
|upkeep
|turn|13
|
|t:|1635625156
|move|p2a: Milotic|Recover|p2a: Milotic
|-heal|p2a: Milotic|100/100
|move|p1a: Incineroar|U-turn|p2a: Milotic
|-damage|p2a: Milotic|81/100
|
|t:|1635625158
|switch|p1a: Raikou|Raikou|100/100|[from]move: U-turn
|-ability|p1a: Raikou|Pressure
|
|upkeep
|turn|14
|inactive|pattek has 270 seconds left.
|
|t:|1635625204
|switch|p2a: Nidoqueen|Nidoqueen, F|56/100
|-damage|p2a: Nidoqueen|50/100|[from] Stealth Rock
|move|p1a: Raikou|Scald|p2a: Nidoqueen
|-supereffective|p2a: Nidoqueen
|-damage|p2a: Nidoqueen|12/100
|
|-heal|p2a: Nidoqueen|18/100|[from] item: Black Sludge
|upkeep
|turn|15
|
|t:|1635625210
|switch|p2a: Umbreon|Umbreon, F|100/100
|move|p1a: Raikou|Scald|p2a: Umbreon
|-damage|p2a: Umbreon|84/100
|-status|p2a: Umbreon|brn
|-activate|p2a: Umbreon|ability: Synchronize
|-status|p1a: Raikou|brn
|
|-damage|p1a: Raikou|94/100 brn|[from] brn
|-damage|p2a: Umbreon|78/100 brn|[from] brn
|upkeep
|turn|16
|
|t:|1635625215
|move|p1a: Raikou|Volt Switch|p2a: Umbreon
|-damage|p2a: Umbreon|59/100 brn
|
|t:|1635625228
|switch|p1a: Incineroar|Incineroar, F|39/100|[from]move: Volt Switch
|-ability|p1a: Incineroar|Intimidate|boost
|-unboost|p2a: Umbreon|atk|1
|move|p2a: Umbreon|Wish|p2a: Umbreon
|
|-damage|p2a: Umbreon|53/100 brn|[from] brn
|upkeep
|turn|17
|
|t:|1635625233
|move|p2a: Umbreon|Protect|p2a: Umbreon
|-singleturn|p2a: Umbreon|Protect
|move|p1a: Incineroar|Swords Dance|p1a: Incineroar
|-boost|p1a: Incineroar|atk|2
|
|-heal|p2a: Umbreon|100/100 brn|[from] move: Wish|[wisher] Umbreon
|-damage|p2a: Umbreon|94/100 brn|[from] brn
|upkeep
|turn|18
|
|t:|1635625237
|switch|p2a: Nidoqueen|Nidoqueen, F|18/100
|-damage|p2a: Nidoqueen|12/100|[from] Stealth Rock
|move|p1a: Incineroar|Knock Off|p2a: Nidoqueen
|-damage|p2a: Nidoqueen|0 fnt
|-enditem|p2a: Nidoqueen|Black Sludge|[from] move: Knock Off|[of] p1a: Incineroar
|faint|p2a: Nidoqueen
|
|upkeep
|
|t:|1635625239
|switch|p2a: Heracross|Heracross, F|100/100
|-damage|p2a: Heracross|88/100|[from] Stealth Rock
|turn|19
|
|t:|1635625248
|switch|p1a: Noivern|Noivern, F|100/100
|move|p2a: Heracross|Stone Edge|p1a: Noivern
|-supereffective|p1a: Noivern
|-damage|p1a: Noivern|12/100
|
|upkeep
|turn|20
|
|t:|1635625253
|switch|p1a: Nidoqueen|Nidoqueen, F|100/100
|-damage|p1a: Nidoqueen|94/100|[from] Stealth Rock
|move|p2a: Heracross|Stone Edge|p1a: Nidoqueen
|-resisted|p1a: Nidoqueen
|-damage|p1a: Nidoqueen|73/100
|
|upkeep
|turn|21
|
|t:|1635625261
|switch|p2a: Reuniclus|Reuniclus, M|99/100 brn
|move|p1a: Nidoqueen|Sludge Wave|p2a: Reuniclus
|-damage|p2a: Reuniclus|49/100 brn
|
|upkeep
|turn|22
|
|t:|1635625266
|switch|p2a: Milotic|Milotic, F|81/100
|-damage|p2a: Milotic|68/100|[from] Stealth Rock
|move|p1a: Nidoqueen|Sludge Wave|p2a: Milotic
|-damage|p2a: Milotic|26/100
|
|upkeep
|turn|23
|
|t:|1635625276
|switch|p1a: Raikou|Raikou|94/100 brn
|-ability|p1a: Raikou|Pressure
|move|p2a: Milotic|Recover|p2a: Milotic
|-heal|p2a: Milotic|76/100
|
|-damage|p1a: Raikou|88/100 brn|[from] brn
|upkeep
|turn|24
|
|t:|1635625304
|move|p1a: Raikou|Thunderbolt|p2a: Milotic
|-supereffective|p2a: Milotic
|-damage|p2a: Milotic|14/100
|move|p2a: Milotic|Recover|p2a: Milotic
|-heal|p2a: Milotic|64/100
|
|-damage|p1a: Raikou|82/100 brn|[from] brn
|upkeep
|turn|25
|
|t:|1635625307
|switch|p2a: Umbreon|Umbreon, F|94/100 brn
|move|p1a: Raikou|Volt Switch|p2a: Umbreon
|-damage|p2a: Umbreon|76/100 brn
|
|t:|1635625310
|switch|p1a: Nidoqueen|Nidoqueen, F|73/100|[from]move: Volt Switch
|-damage|p1a: Nidoqueen|67/100|[from] Stealth Rock
|
|-damage|p2a: Umbreon|70/100 brn|[from] brn
|upkeep
|turn|26
|
|t:|1635625312
|move|p1a: Nidoqueen|Taunt|p2a: Umbreon
|-start|p2a: Umbreon|move: Taunt
|cant|p2a: Umbreon|move: Taunt|Wish
|
|-damage|p2a: Umbreon|64/100 brn|[from] brn
|upkeep
|turn|27
|
|t:|1635625315
|switch|p2a: Crobat|Crobat, M|100/100
|move|p1a: Nidoqueen|Sludge Wave|p2a: Crobat
|-resisted|p2a: Crobat
|-damage|p2a: Crobat|60/100
|
|upkeep
|turn|28
|
|t:|1635625331
|switch|p1a: Vaporeon|Vaporeon, F|78/100 tox
|-damage|p1a: Vaporeon|66/100 tox|[from] Stealth Rock
|move|p2a: Crobat|U-turn|p1a: Vaporeon
|-damage|p1a: Vaporeon|52/100 tox
|
|t:|1635625336
|switch|p2a: Reuniclus|Reuniclus, M|49/100 brn|[from]move: U-turn
|
|-heal|p1a: Vaporeon|58/100 tox|[from] item: Leftovers
|-damage|p1a: Vaporeon|52/100 tox|[from] psn
|upkeep
|turn|29
|
|t:|1635625342
|switch|p1a: Incineroar|Incineroar, F|39/100
|-ability|p1a: Incineroar|Intimidate|boost
|-unboost|p2a: Reuniclus|atk|1
|move|p2a: Reuniclus|Recover|p2a: Reuniclus
|-heal|p2a: Reuniclus|99/100 brn
|
|upkeep
|turn|30
|
|t:|1635625348
|switch|p2a: Milotic|Milotic, F|64/100
|-damage|p2a: Milotic|52/100|[from] Stealth Rock
|move|p1a: Incineroar|U-turn|p2a: Milotic
|-damage|p2a: Milotic|32/100
|
|t:|1635625350
|switch|p1a: Raikou|Raikou|82/100 brn|[from]move: U-turn
|-ability|p1a: Raikou|Pressure
|
|-damage|p1a: Raikou|76/100 brn|[from] brn
|upkeep
|turn|31
|
|t:|1635625356
|switch|p2a: Heracross|Heracross, F|88/100
|-damage|p2a: Heracross|76/100|[from] Stealth Rock
|move|p1a: Raikou|Volt Switch|p2a: Heracross
|-damage|p2a: Heracross|33/100
|
|t:|1635625375
|switch|p1a: Nidoqueen|Nidoqueen, F|67/100|[from]move: Volt Switch
|-damage|p1a: Nidoqueen|61/100|[from] Stealth Rock
|
|upkeep
|turn|32
|
|t:|1635625382
|switch|p1a: Noivern|Noivern, F|12/100
|move|p2a: Heracross|Knock Off|p1a: Noivern
|-damage|p1a: Noivern|0 fnt
|-enditem|p1a: Noivern|Heavy-Duty Boots|[from] move: Knock Off|[of] p2a: Heracross
|faint|p1a: Noivern
|-ability|p2a: Heracross|Moxie|boost
|-boost|p2a: Heracross|atk|1
|
|upkeep
|
|t:|1635625395
|switch|p1a: Vaporeon|Vaporeon, F|52/100 tox
|-damage|p1a: Vaporeon|40/100 tox|[from] Stealth Rock
|turn|33
|
|t:|1635625400
|move|p2a: Heracross|Knock Off|p1a: Vaporeon
|-damage|p1a: Vaporeon|5/100 tox
|-enditem|p1a: Vaporeon|Leftovers|[from] move: Knock Off|[of] p2a: Heracross
|move|p1a: Vaporeon|Scald|p2a: Heracross
|-damage|p2a: Heracross|0 fnt
|faint|p2a: Heracross
|
|-damage|p1a: Vaporeon|0 fnt|[from] psn
|faint|p1a: Vaporeon
|upkeep
|
|t:|1635625408
|switch|p2a: Crobat|Crobat, M|60/100
|switch|p1a: Incineroar|Incineroar, F|39/100
|-ability|p1a: Incineroar|Intimidate|boost
|-unboost|p2a: Crobat|atk|1
|turn|34
|
|t:|1635625415
|move|p2a: Crobat|Roost|p2a: Crobat
|-heal|p2a: Crobat|100/100
|-singleturn|p2a: Crobat|move: Roost
|move|p1a: Incineroar|Knock Off|p2a: Crobat
|-damage|p2a: Crobat|52/100
|-enditem|p2a: Crobat|Heavy-Duty Boots|[from] move: Knock Off|[of] p1a: Incineroar
|
|upkeep
|turn|35
|
|t:|1635625430
|move|p2a: Crobat|Brave Bird|p1a: Incineroar
|-damage|p1a: Incineroar|9/100
|-damage|p2a: Crobat|39/100|[from] Recoil
|move|p1a: Incineroar|U-turn|p2a: Crobat
|-resisted|p2a: Crobat
|-damage|p2a: Crobat|33/100
|
|t:|1635625432
|switch|p1a: Nidoqueen|Nidoqueen, F|61/100|[from]move: U-turn
|-damage|p1a: Nidoqueen|54/100|[from] Stealth Rock
|
|upkeep
|turn|36
|
|t:|1635625454
|move|p2a: Crobat|Brave Bird|p1a: Nidoqueen
|-damage|p1a: Nidoqueen|15/100
|-damage|p2a: Crobat|19/100|[from] Recoil
|move|p1a: Nidoqueen|Sludge Wave|p2a: Crobat
|-resisted|p2a: Crobat
|-damage|p2a: Crobat|0 fnt
|faint|p2a: Crobat
|
|upkeep
|
|t:|1635625457
|switch|p2a: Milotic|Milotic, F|32/100
|-damage|p2a: Milotic|20/100|[from] Stealth Rock
|turn|37
|
|t:|1635625461
|switch|p1a: Raikou|Raikou|76/100 brn
|-ability|p1a: Raikou|Pressure
|move|p2a: Milotic|Recover|p2a: Milotic
|-heal|p2a: Milotic|70/100
|
|-damage|p1a: Raikou|69/100 brn|[from] brn
|upkeep
|turn|38
|
|t:|1635625465
|switch|p2a: Umbreon|Umbreon, F|64/100 brn
|move|p1a: Raikou|Thunderbolt|p2a: Umbreon
|-damage|p2a: Umbreon|38/100 brn
|
|-damage|p1a: Raikou|63/100 brn|[from] brn
|-damage|p2a: Umbreon|32/100 brn|[from] brn
|upkeep
|turn|39
|
|t:|1635625471
|move|p1a: Raikou|Volt Switch|p2a: Umbreon
|-damage|p2a: Umbreon|12/100 brn
|
|t:|1635625476
|switch|p1a: Incineroar|Incineroar, F|9/100|[from]move: Volt Switch
|-ability|p1a: Incineroar|Intimidate|boost
|-unboost|p2a: Umbreon|atk|1
|move|p2a: Umbreon|Wish|p2a: Umbreon
|
|-damage|p2a: Umbreon|6/100 brn|[from] brn
|upkeep
|turn|40
|
|t:|1635625480
|switch|p2a: Milotic|Milotic, F|70/100
|-damage|p2a: Milotic|57/100|[from] Stealth Rock
|move|p1a: Incineroar|U-turn|p2a: Milotic
|-damage|p2a: Milotic|39/100
|
|t:|1635625482
|switch|p1a: Raikou|Raikou|63/100 brn|[from]move: U-turn
|-ability|p1a: Raikou|Pressure
|
|-heal|p2a: Milotic|89/100|[from] move: Wish|[wisher] Umbreon
|-damage|p1a: Raikou|57/100 brn|[from] brn
|upkeep
|turn|41
|
|t:|1635625488
|switch|p2a: Umbreon|Umbreon, F|6/100 brn
|move|p1a: Raikou|Volt Switch|p2a: Umbreon
|-damage|p2a: Umbreon|0 fnt
|faint|p2a: Umbreon
|
|t:|1635625490
|switch|p1a: Incineroar|Incineroar, F|9/100|[from]move: Volt Switch
|
|upkeep
|
|t:|1635625492
|switch|p2a: Milotic|Milotic, F|89/100
|-damage|p2a: Milotic|77/100|[from] Stealth Rock
|turn|42
|
|t:|1635625497
|switch|p1a: Bronzong|Bronzong|47/100
|-damage|p1a: Bronzong|41/100|[from] Stealth Rock
|move|p2a: Milotic|Scald|p1a: Bronzong
|-damage|p1a: Bronzong|19/100
|
|-heal|p1a: Bronzong|25/100|[from] item: Leftovers
|upkeep
|turn|43
|
|t:|1635625509
|move|p2a: Milotic|Scald|p1a: Bronzong
|-damage|p1a: Bronzong|0 fnt
|faint|p1a: Bronzong
|
|upkeep
|
|t:|1635625511
|switch|p1a: Raikou|Raikou|57/100 brn
|-ability|p1a: Raikou|Pressure
|turn|44
|
|t:|1635625520
|switch|p2a: Reuniclus|Reuniclus, M|99/100 brn
|move|p1a: Raikou|Thunderbolt|p2a: Reuniclus
|-damage|p2a: Reuniclus|59/100 brn
|
|-damage|p1a: Raikou|51/100 brn|[from] brn
|upkeep
|turn|45
|
|t:|1635625525
|move|p1a: Raikou|Volt Switch|p2a: Reuniclus
|-damage|p2a: Reuniclus|27/100 brn
|
|t:|1635625526
|switch|p1a: Incineroar|Incineroar, F|9/100|[from]move: Volt Switch
|-ability|p1a: Incineroar|Intimidate|boost
|-unboost|p2a: Reuniclus|atk|1
|move|p2a: Reuniclus|Recover|p2a: Reuniclus
|-heal|p2a: Reuniclus|77/100 brn
|
|upkeep
|turn|46
|inactive|pattek has 270 seconds left.
|inactive|mushamu has 270 seconds left.
|inactive|pattek has 240 seconds left.
|inactive|mushamu has 240 seconds left.
|inactive|mushamu has 210 seconds left.
|inactive|pattek has 210 seconds left.
|
|t:|1635625655
|move|p1a: Incineroar|Knock Off|p2a: Reuniclus
|-supereffective|p2a: Reuniclus
|-damage|p2a: Reuniclus|25/100 brn
|-enditem|p2a: Reuniclus|Life Orb|[from] move: Knock Off|[of] p1a: Incineroar
|move|p2a: Reuniclus|Recover|p2a: Reuniclus
|-heal|p2a: Reuniclus|75/100 brn
|
|upkeep
|turn|47
|inactive|pattek has 210 seconds left.
|inactive|mushamu has 180 seconds left.
|inactive|pattek has 180 seconds left.
|inactive|mushamu has 150 seconds left.
|inactive|pattek has 150 seconds left.
|inactive|mushamu has 120 seconds left.
|inactive|pattek has 120 seconds left.
|inactive|mushamu has 90 seconds left.
|inactive|pattek has 90 seconds left.
|inactive|mushamu has 60 seconds left.
|
|t:|1635625817
|move|p1a: Incineroar|U-turn|p2a: Reuniclus
|-supereffective|p2a: Reuniclus
|-damage|p2a: Reuniclus|47/100 brn
|
|t:|1635625819
|switch|p1a: Raikou|Raikou|51/100 brn|[from]move: U-turn
|-ability|p1a: Raikou|Pressure
|move|p2a: Reuniclus|Recover|p2a: Reuniclus
|-heal|p2a: Reuniclus|97/100 brn
|
|-damage|p1a: Raikou|44/100 brn|[from] brn
|upkeep
|turn|48
|
|t:|1635625823
|move|p1a: Raikou|Volt Switch|p2a: Reuniclus
|-damage|p2a: Reuniclus|67/100 brn
|
|t:|1635625825
|switch|p1a: Incineroar|Incineroar, F|9/100|[from]move: Volt Switch
|-ability|p1a: Incineroar|Intimidate|boost
|-unboost|p2a: Reuniclus|atk|1
|move|p2a: Reuniclus|Recover|p2a: Reuniclus
|-heal|p2a: Reuniclus|100/100 brn
|
|upkeep
|turn|49
|inactive|mushamu has 60 seconds left.
|
|t:|1635625837
|move|p1a: Incineroar|U-turn|p2a: Reuniclus
|-supereffective|p2a: Reuniclus
|-damage|p2a: Reuniclus|75/100 brn
|
|t:|1635625838
|switch|p1a: Raikou|Raikou|44/100 brn|[from]move: U-turn
|-ability|p1a: Raikou|Pressure
|move|p2a: Reuniclus|Focus Blast|p1a: Raikou
|-damage|p1a: Raikou|8/100 brn
|
|-damage|p1a: Raikou|2/100 brn|[from] brn
|upkeep
|turn|50
|
|t:|1635625840
|move|p1a: Raikou|Volt Switch|p2a: Reuniclus
|-damage|p2a: Reuniclus|44/100 brn
|
|t:|1635625842
|switch|p1a: Nidoqueen|Nidoqueen, F|15/100|[from]move: Volt Switch
|-damage|p1a: Nidoqueen|9/100|[from] Stealth Rock
|move|p2a: Reuniclus|Recover|p2a: Reuniclus
|-heal|p2a: Reuniclus|94/100 brn
|
|upkeep
|turn|51
|inactive|pattek has 120 seconds left.
|inactive|pattek has 90 seconds left.
|
|t:|1635625908
|move|p1a: Nidoqueen|Sludge Wave|p2a: Reuniclus
|-damage|p2a: Reuniclus|39/100 brn
|move|p2a: Reuniclus|Psyshock|p1a: Nidoqueen
|-supereffective|p1a: Nidoqueen
|-damage|p1a: Nidoqueen|0 fnt
|faint|p1a: Nidoqueen
|
|upkeep
|
|t:|1635625911
|switch|p1a: Raikou|Raikou|2/100 brn
|-ability|p1a: Raikou|Pressure
|turn|52
|
|t:|1635625919
|move|p1a: Raikou|Volt Switch|p2a: Reuniclus
|-damage|p2a: Reuniclus|6/100 brn
|
|t:|1635625920
|switch|p1a: Incineroar|Incineroar, F|9/100|[from]move: Volt Switch
|-ability|p1a: Incineroar|Intimidate|boost
|-unboost|p2a: Reuniclus|atk|1
|move|p2a: Reuniclus|Recover|p2a: Reuniclus
|-heal|p2a: Reuniclus|56/100 brn
|
|upkeep
|turn|53
|inactive|pattek has 90 seconds left.
|c|☆mushamu|gg
|-message|mushamu forfeited.
|
|win|pattek
|c|☆pattek|gg
