|inactive|Battle timer is ON: inactive players will automatically lose when time's up.
|t:|1657308946
|gametype|singles
|player|p1|Lunala|#lunala|
|player|p2|eifo|#ssdivmambas|
|teamsize|p1|6
|teamsize|p2|6
|gen|8
|tier|[Gen 8] RU
|rule|Sleep Clause Mod: Limit one foe put to sleep
|rule|Species Clause: Limit one of each Pokémon
|rule|OHKO Clause: OHKO moves are banned
|rule|Evasion Moves Clause: Evasion moves are banned
|rule|Endless Battle Clause: Forcing endless battles is banned
|rule|HP Percentage Mod: HP is shown in percentages
|rule|Dynamax Clause: You cannot dynamax
|clearpoke
|poke|p1|Aerodactyl, F|
|poke|p1|Salazzle, F|
|poke|p1|Lucario, F|
|poke|p1|Flygon, M|
|poke|p1|Polteageist|
|poke|p1|Celebi|
|poke|p2|Stakataka|
|poke|p2|Incineroar, M|
|poke|p2|Milotic, M|
|poke|p2|Celebi|
|poke|p2|Crobat, F|
|poke|p2|Flygon, F|
|teampreview
|c|☆eifo|hf
|c|☆Lunala|u2
|inactive|eifo has 270 seconds left.
|
|t:|1657308994
|start
|switch|p1a: Aerodactyl|Aerodactyl, F|100/100
|switch|p2a: Stakataka|Stakataka|100/100
|-ability|p1a: Aerodactyl|Pressure
|turn|1
|
|t:|1657308997
|move|p1a: Aerodactyl|Taunt|p2a: Stakataka
|-start|p2a: Stakataka|move: Taunt
|move|p2a: Stakataka|Gyro Ball|p1a: Aerodactyl
|-supereffective|p1a: Aerodactyl
|-enditem|p1a: Aerodactyl|Focus Sash
|-damage|p1a: Aerodactyl|1/100
|
|upkeep
|turn|2
|
|t:|1657309009
|move|p1a: Aerodactyl|Stealth Rock|p2a: Stakataka
|-sidestart|p2: eifo|move: Stealth Rock
|move|p2a: Stakataka|Gyro Ball|p1a: Aerodactyl
|-supereffective|p1a: Aerodactyl
|-damage|p1a: Aerodactyl|0 fnt
|faint|p1a: Aerodactyl
|-ability|p2a: Stakataka|Beast Boost|boost
|-boost|p2a: Stakataka|def|1
|
|upkeep
|
|t:|1657309014
|switch|p1a: Lucario|Lucario, F|100/100
|turn|3
|
|t:|1657309049
|move|p1a: Lucario|Close Combat|p2a: Stakataka
|-supereffective|p2a: Stakataka
|-damage|p2a: Stakataka|22/100
|-unboost|p1a: Lucario|def|1
|-unboost|p1a: Lucario|spd|1
|move|p2a: Stakataka|Body Press|p1a: Lucario
|-supereffective|p1a: Lucario
|-enditem|p1a: Lucario|Focus Sash
|-damage|p1a: Lucario|1/100
|
|-heal|p2a: Stakataka|28/100|[from] item: Leftovers
|-end|p2a: Stakataka|move: Taunt
|upkeep
|turn|4
|inactive|eifo has 270 seconds left.
|
|t:|1657309084
|switch|p2a: Crobat|Crobat, F|100/100
|move|p1a: Lucario|Close Combat|p2a: Crobat
|-resisted|p2a: Crobat
|-damage|p2a: Crobat|84/100
|-unboost|p1a: Lucario|def|1
|-unboost|p1a: Lucario|spd|1
|
|upkeep
|turn|5
|
|t:|1657309099
|move|p2a: Crobat|Brave Bird|p1a: Lucario
|-damage|p1a: Lucario|0 fnt
|faint|p1a: Lucario
|-damage|p2a: Crobat|84/100|[from] Recoil
|
|upkeep
|
|t:|1657309104
|switch|p1a: Flygon|Flygon, M|100/100
|turn|6
|
|t:|1657309109
|move|p2a: Crobat|U-turn|p1a: Flygon
|-damage|p1a: Flygon|77/100
|
|t:|1657309112
|switch|p2a: Milotic|Milotic, M|100/100|[from]move: U-turn
|move|p1a: Flygon|Dragon Dance|p1a: Flygon
|-boost|p1a: Flygon|atk|1
|-boost|p1a: Flygon|spe|1
|
|upkeep
|turn|7
|
|t:|1657309117
|switch|p1a: Celebi|Celebi|100/100
|move|p2a: Milotic|Ice Beam|p1a: Celebi
|-supereffective|p1a: Celebi
|-damage|p1a: Celebi|62/100
|
|-heal|p1a: Celebi|68/100|[from] item: Leftovers
|upkeep
|turn|8
|
|t:|1657309124
|switch|p2a: Flygon|Flygon, F|100/100
|-damage|p2a: Flygon|95/100|[from] Stealth Rock
|move|p1a: Celebi|Nasty Plot|p1a: Celebi
|-boost|p1a: Celebi|spa|2
|
|-heal|p1a: Celebi|74/100|[from] item: Leftovers
|upkeep
|turn|9
|
|t:|1657309130
|switch|p1a: Polteageist|Polteageist|100/100
|move|p2a: Flygon|U-turn|p1a: Polteageist
|-resisted|p1a: Polteageist
|-damage|p1a: Polteageist|82/100
|inactive|eifo has 270 seconds left.
|inactive|eifo has 240 seconds left.
|
|t:|1657309196
|switch|p2a: Incineroar|Incineroar, M|100/100|[from]move: U-turn
|-ability|p2a: Incineroar|Intimidate|boost
|-unboost|p1a: Polteageist|atk|1
|
|upkeep
|turn|10
|
|t:|1657309200
|move|p1a: Polteageist|Strength Sap|p2a: Incineroar
|-unboost|p2a: Incineroar|atk|1
|-heal|p1a: Polteageist|100/100
|move|p2a: Incineroar|Knock Off|p1a: Polteageist
|-supereffective|p1a: Polteageist
|-enditem|p1a: Polteageist|Focus Sash
|-damage|p1a: Polteageist|1/100
|-start|p2a: Incineroar|Disable|Knock Off|[from] ability: Cursed Body|[of] p1a: Polteageist
|
|upkeep
|turn|11
|
|t:|1657309212
|move|p1a: Polteageist|Strength Sap|p2a: Incineroar
|-unboost|p2a: Incineroar|atk|1
|-heal|p1a: Polteageist|90/100
|move|p2a: Incineroar|Swords Dance|p2a: Incineroar
|-boost|p2a: Incineroar|atk|2
|
|upkeep
|turn|12
|
|t:|1657309218
|switch|p1a: Flygon|Flygon, M|77/100
|move|p2a: Incineroar|Flare Blitz|p1a: Flygon
|-resisted|p1a: Flygon
|-damage|p1a: Flygon|31/100
|-damage|p2a: Incineroar|87/100|[from] Recoil
|
|upkeep
|turn|13
|
|t:|1657309228
|switch|p1a: Celebi|Celebi|74/100
|switch|p2a: Milotic|Milotic, M|100/100
|
|-heal|p1a: Celebi|80/100|[from] item: Leftovers
|upkeep
|turn|14
|
|t:|1657309235
|switch|p2a: Flygon|Flygon, F|95/100
|-damage|p2a: Flygon|89/100|[from] Stealth Rock
|move|p1a: Celebi|Psychic|p2a: Flygon
|-crit|p2a: Flygon
|-damage|p2a: Flygon|11/100
|-unboost|p2a: Flygon|spd|1
|
|-heal|p1a: Celebi|86/100|[from] item: Leftovers
|upkeep
|turn|15
|
|t:|1657309257
|switch|p1a: Polteageist|Polteageist|90/100
|move|p2a: Flygon|U-turn|p1a: Polteageist
|-resisted|p1a: Polteageist
|-damage|p1a: Polteageist|73/100
|inactive|eifo has 270 seconds left.
|
|t:|1657309285
|switch|p2a: Incineroar|Incineroar, M|87/100|[from]move: U-turn
|-ability|p2a: Incineroar|Intimidate|boost
|-unboost|p1a: Polteageist|atk|1
|
|upkeep
|turn|16
|inactive|eifo has 240 seconds left.
|
|t:|1657309305
|switch|p1a: Flygon|Flygon, M|31/100
|move|p2a: Incineroar|Knock Off|p1a: Flygon
|-damage|p1a: Flygon|0 fnt
|-enditem|p1a: Flygon|Lum Berry|[from] move: Knock Off|[of] p2a: Incineroar
|faint|p1a: Flygon
|
|upkeep
|
|t:|1657309308
|switch|p1a: Salazzle|Salazzle, F|100/100
|turn|17
|
|t:|1657309322
|switch|p2a: Crobat|Crobat, F|84/100
|move|p1a: Salazzle|Nasty Plot|p1a: Salazzle
|-boost|p1a: Salazzle|spa|2
|
|upkeep
|turn|18
|
|t:|1657309327
|move|p2a: Crobat|U-turn|p1a: Salazzle
|-resisted|p1a: Salazzle
|-damage|p1a: Salazzle|94/100
|
|t:|1657309330
|switch|p2a: Stakataka|Stakataka|28/100|[from]move: U-turn
|-damage|p2a: Stakataka|22/100|[from] Stealth Rock
|move|p1a: Salazzle|Fire Blast|p2a: Stakataka
|-damage|p2a: Stakataka|0 fnt
|faint|p2a: Stakataka
|
|upkeep
|
|t:|1657309335
|switch|p2a: Flygon|Flygon, F|11/100
|-damage|p2a: Flygon|5/100|[from] Stealth Rock
|turn|19
|inactive|eifo has 270 seconds left.
|
|t:|1657309369
|switch|p1a: Celebi|Celebi|86/100
|move|p2a: Flygon|Dragon Claw|p1a: Celebi
|-damage|p1a: Celebi|51/100
|
|-heal|p1a: Celebi|58/100|[from] item: Leftovers
|upkeep
|turn|20
|inactive|eifo has 240 seconds left.
|inactive|eifo has 210 seconds left.
|
|t:|1657309442
|move|p2a: Flygon|Dragon Claw|p1a: Celebi
|-damage|p1a: Celebi|20/100
|move|p1a: Celebi|Psychic|p2a: Flygon
|-damage|p2a: Flygon|0 fnt
|faint|p2a: Flygon
|
|-heal|p1a: Celebi|26/100|[from] item: Leftovers
|upkeep
|
|t:|1657309445
|switch|p2a: Crobat|Crobat, F|84/100
|turn|21
|
|t:|1657309457
|move|p2a: Crobat|U-turn|p1a: Celebi
|-supereffective|p1a: Celebi
|-damage|p1a: Celebi|0 fnt
|faint|p1a: Celebi
|inactive|eifo has 180 seconds left.
|
|t:|1657309490
|switch|p2a: Incineroar|Incineroar, M|87/100|[from]move: U-turn
|
|upkeep
|
|t:|1657309495
|switch|p1a: Salazzle|Salazzle, F|94/100
|turn|22
|
|t:|1657309500
|switch|p1a: Polteageist|Polteageist|73/100
|switch|p2a: Milotic|Milotic, M|100/100
|
|upkeep
|turn|23
|inactive|eifo has 180 seconds left.
|
|t:|1657309524
|switch|p2a: Incineroar|Incineroar, M|87/100
|-ability|p2a: Incineroar|Intimidate|boost
|-unboost|p1a: Polteageist|atk|1
|move|p1a: Polteageist|Strength Sap|p2a: Incineroar
|-unboost|p2a: Incineroar|atk|1
|-heal|p1a: Polteageist|100/100
|
|upkeep
|turn|24
|
|t:|1657309530
|switch|p1a: Salazzle|Salazzle, F|94/100
|move|p2a: Incineroar|Swords Dance|p2a: Incineroar
|-boost|p2a: Incineroar|atk|2
|
|upkeep
|turn|25
|
|t:|1657309560
|switch|p2a: Milotic|Milotic, M|100/100
|move|p1a: Salazzle|Sludge Bomb|p2a: Milotic
|-damage|p2a: Milotic|70/100
|-status|p2a: Milotic|psn
|
|-damage|p2a: Milotic|58/100 psn|[from] psn
|upkeep
|turn|26
|
|t:|1657309564
|switch|p1a: Polteageist|Polteageist|100/100
|move|p2a: Milotic|Scald|p1a: Polteageist
|-damage|p1a: Polteageist|68/100
|
|-damage|p2a: Milotic|45/100 psn|[from] psn
|upkeep
|turn|27
|
|t:|1657309573
|switch|p2a: Incineroar|Incineroar, M|87/100
|-ability|p2a: Incineroar|Intimidate|boost
|-unboost|p1a: Polteageist|atk|1
|move|p1a: Polteageist|Shell Smash|p1a: Polteageist
|-unboost|p1a: Polteageist|def|1
|-unboost|p1a: Polteageist|spd|1
|-boost|p1a: Polteageist|atk|2
|-boost|p1a: Polteageist|spa|2
|-boost|p1a: Polteageist|spe|2
|
|upkeep
|turn|28
|
|t:|1657309603
|move|p1a: Polteageist|Shadow Ball|p2a: Incineroar
|-resisted|p2a: Incineroar
|-damage|p2a: Incineroar|39/100
|-unboost|p2a: Incineroar|spd|1
|move|p2a: Incineroar|Knock Off|p1a: Polteageist
|-supereffective|p1a: Polteageist
|-damage|p1a: Polteageist|0 fnt
|faint|p1a: Polteageist
|
|upkeep
|
|t:|1657309607
|switch|p1a: Salazzle|Salazzle, F|94/100
|turn|29
|
|t:|1657309617
|move|p1a: Salazzle|Sludge Bomb|p2a: Incineroar
|-damage|p2a: Incineroar|0 fnt
|faint|p2a: Incineroar
|
|upkeep
|
|t:|1657309620
|switch|p2a: Milotic|Milotic, M|45/100 psn
|turn|30
|
|t:|1657309627
|move|p1a: Salazzle|Sludge Bomb|p2a: Milotic
|-damage|p2a: Milotic|12/100 psn
|move|p2a: Milotic|Scald|p1a: Salazzle
|-supereffective|p1a: Salazzle
|-damage|p1a: Salazzle|0 fnt
|faint|p1a: Salazzle
|
|win|eifo
|c|☆eifo|gg
|c|☆Lunala|gg
|player|p1|Lunala|#lunala
