|inactive|Battle timer is ON: inactive players will automatically lose when time's up.
|t:|1667942351
|gametype|singles
|player|p1|btboy|spenser-gen3|
|player|p2|Scavet|ruinmaniac-gen3|
|teamsize|p1|6
|teamsize|p2|6
|gen|8
|tier|[Gen 8] RU
|rule|Sleep Clause Mod: Limit one foe put to sleep
|rule|Species Clause: Limit one of each Pokémon
|rule|OHKO Clause: OHKO moves are banned
|rule|Evasion Items Clause: Evasion items are banned
|rule|Evasion Moves Clause: Evasion moves are banned
|rule|Endless Battle Clause: Forcing endless battles is banned
|rule|HP Percentage Mod: HP is shown in percentages
|rule|Dynamax Clause: You cannot dynamax
|clearpoke
|poke|p1|Guzzlord|
|poke|p1|Heracross, F|
|poke|p1|Registeel|
|poke|p1|Weezing-Galar, M|
|poke|p1|Jellicent, F|
|poke|p1|Flygon, F|
|poke|p2|Suicune|
|poke|p2|Cresselia, F|
|poke|p2|Crobat, F|
|poke|p2|Seismitoad, M|
|poke|p2|Klefki, F|
|poke|p2|Sylveon, M|
|teampreview
|c|☆Scavet|hf !
|c|☆btboy|glhf
|inactive|btboy has 270 seconds left.
|inactive|Scavet has 270 seconds left.
|inactive|Scavet has 240 seconds left.
|inactive|btboy has 240 seconds left.
|inactive|Scavet has 210 seconds left.
|inactive|btboy has 210 seconds left.
|inactive|Scavet has 180 seconds left.
|inactive|Scavet has 150 seconds left.
|inactive|Scavet has 120 seconds left.
|
|t:|1667942556
|start
|switch|p1a: Weezing|Weezing-Galar, M|100/100
|switch|p2a: Klefki|Klefki, F|100/100
|turn|1
|
|t:|1667942568
|move|p2a: Klefki|Thunder Wave|p1a: Weezing
|-status|p1a: Weezing|par
|move|p1a: Weezing|Corrosive Gas|p2a: Klefki
|-enditem|p2a: Klefki|Rocky Helmet|[from] move: Corrosive Gas|[of] p1a: Weezing
|
|upkeep
|turn|2
|inactive|Scavet has 150 seconds left.
|
|t:|1667942591
|move|p2a: Klefki|Dazzling Gleam|p1a: Weezing
|-resisted|p1a: Weezing
|-damage|p1a: Weezing|85/100 par
|cant|p1a: Weezing|par
|
|-heal|p1a: Weezing|91/100 par|[from] item: Black Sludge
|upkeep
|turn|3
|inactive|Scavet has 150 seconds left.
|
|t:|1667942611
|move|p2a: Klefki|Spikes|p1a: Weezing
|-sidestart|p1: btboy|Spikes
|move|p1a: Weezing|Taunt|p2a: Klefki
|-start|p2a: Klefki|move: Taunt
|
|-heal|p1a: Weezing|97/100 par|[from] item: Black Sludge
|upkeep
|turn|4
|
|t:|1667942623
|switch|p1a: Jellicent|Jellicent, F|100/100
|-damage|p1a: Jellicent|88/100|[from] Spikes
|move|p2a: Klefki|Dazzling Gleam|p1a: Jellicent
|-crit|p1a: Jellicent
|-damage|p1a: Jellicent|58/100
|
|upkeep
|turn|5
|inactive|Scavet has 120 seconds left.
|
|t:|1667942669
|switch|p2a: Seismitoad|Seismitoad, M|100/100
|move|p1a: Jellicent|Recover|p1a: Jellicent
|-heal|p1a: Jellicent|100/100
|
|upkeep
|turn|6
|
|t:|1667942676
|switch|p1a: Weezing|Weezing-Galar, M|97/100 par
|move|p2a: Seismitoad|Knock Off|p1a: Weezing
|-resisted|p1a: Weezing
|-crit|p1a: Weezing
|-damage|p1a: Weezing|86/100 par
|-enditem|p1a: Weezing|Black Sludge|[from] move: Knock Off|[of] p2a: Seismitoad
|
|upkeep
|turn|7
|
|t:|1667942687
|switch|p2a: Klefki|Klefki, F|100/100
|move|p1a: Weezing|Corrosive Gas|p2a: Klefki
|-fail|p2a: Klefki|move: Corrosive Gas
|
|upkeep
|turn|8
|
|t:|1667942694
|move|p2a: Klefki|Spikes|p1a: Weezing
|-sidestart|p1: btboy|Spikes
|cant|p1a: Weezing|par
|
|upkeep
|turn|9
|
|t:|1667942699
|move|p2a: Klefki|Spikes|p1a: Weezing
|-sidestart|p1: btboy|Spikes
|move|p1a: Weezing|Taunt|p2a: Klefki
|-start|p2a: Klefki|move: Taunt
|
|upkeep
|turn|10
|inactive|Scavet has 120 seconds left.
|
|t:|1667942716
|switch|p1a: Jellicent|Jellicent, F|100/100
|-damage|p1a: Jellicent|75/100|[from] Spikes
|move|p2a: Klefki|Dazzling Gleam|p1a: Jellicent
|-damage|p1a: Jellicent|57/100
|
|upkeep
|turn|11
|inactive|Scavet has 120 seconds left.
|
|t:|1667942729
|switch|p2a: Sylveon|Sylveon, M|100/100
|move|p1a: Jellicent|Will-O-Wisp|p2a: Sylveon
|-status|p2a: Sylveon|brn
|
|-damage|p2a: Sylveon|94/100 brn|[from] brn
|upkeep
|turn|12
|
|t:|1667942738
|switch|p1a: Registeel|Registeel|100/100
|-damage|p1a: Registeel|75/100|[from] Spikes
|move|p2a: Sylveon|Wish|p2a: Sylveon
|
|-heal|p2a: Sylveon|100/100 brn|[from] item: Leftovers
|-heal|p1a: Registeel|82/100|[from] item: Leftovers
|-damage|p2a: Sylveon|94/100 brn|[from] brn
|upkeep
|turn|13
|
|t:|1667942752
|switch|p2a: Seismitoad|Seismitoad, M|100/100
|move|p1a: Registeel|Stealth Rock|p2a: Seismitoad
|-sidestart|p2: Scavet|move: Stealth Rock
|
|-heal|p1a: Registeel|88/100|[from] item: Leftovers
|upkeep
|turn|14
|
|t:|1667942761
|switch|p1a: Flygon|Flygon, F|100/100
|move|p2a: Seismitoad|Scald|p1a: Flygon
|-damage|p1a: Flygon|76/100
|
|upkeep
|turn|15
|
|t:|1667942788
|switch|p2a: Crobat|Crobat, F|100/100
|move|p1a: Flygon|U-turn|p2a: Crobat
|-resisted|p2a: Crobat
|-damage|p2a: Crobat|96/100
|
|t:|1667942794
|switch|p1a: Weezing|Weezing-Galar, M|86/100 par|[from]move: U-turn
|
|upkeep
|turn|16
|
|t:|1667942802
|switch|p2a: Klefki|Klefki, F|100/100
|-damage|p2a: Klefki|95/100|[from] Stealth Rock
|move|p1a: Weezing|Corrosive Gas|p2a: Klefki
|-fail|p2a: Klefki|move: Corrosive Gas
|
|upkeep
|turn|17
|
|t:|1667942810
|move|p2a: Klefki|Dazzling Gleam|p1a: Weezing
|-resisted|p1a: Weezing
|-damage|p1a: Weezing|71/100 par
|cant|p1a: Weezing|par
|
|upkeep
|turn|18
|
|t:|1667942814
|move|p2a: Klefki|Dazzling Gleam|p1a: Weezing
|-resisted|p1a: Weezing
|-damage|p1a: Weezing|55/100 par
|cant|p1a: Weezing|par
|
|upkeep
|turn|19
|
|t:|1667942819
|move|p2a: Klefki|Dazzling Gleam|p1a: Weezing
|-resisted|p1a: Weezing
|-damage|p1a: Weezing|41/100 par
|cant|p1a: Weezing|par
|
|upkeep
|turn|20
|c|☆Scavet|mb
|
|t:|1667942824
|move|p2a: Klefki|Dazzling Gleam|p1a: Weezing
|-resisted|p1a: Weezing
|-damage|p1a: Weezing|24/100 par
|move|p1a: Weezing|Pain Split|p2a: Klefki
|-sethp|p2a: Klefki|60/100|[from] move: Pain Split|[silent]
|-sethp|p1a: Weezing|57/100 par|[from] move: Pain Split
|
|upkeep
|turn|21
|inactive|btboy has 270 seconds left.
|inactive|Scavet has 150 seconds left.
|inactive|btboy has 240 seconds left.
|
|t:|1667942892
|switch|p2a: Seismitoad|Seismitoad, M|100/100
|-damage|p2a: Seismitoad|94/100|[from] Stealth Rock
|move|p1a: Weezing|Strange Steam|p2a: Seismitoad
|-damage|p2a: Seismitoad|76/100
|-start|p2a: Seismitoad|confusion
|
|-heal|p2a: Seismitoad|82/100|[from] item: Leftovers
|upkeep
|turn|22
|inactive|Scavet has 150 seconds left.
|
|t:|1667942905
|switch|p2a: Klefki|Klefki, F|60/100
|-damage|p2a: Klefki|54/100|[from] Stealth Rock
|switch|p1a: Flygon|Flygon, F|76/100
|
|upkeep
|turn|23
|inactive|Scavet has 150 seconds left.
|inactive|Scavet has 120 seconds left.
|
|t:|1667942941
|switch|p2a: Sylveon|Sylveon, M|94/100 brn
|-damage|p2a: Sylveon|82/100 brn|[from] Stealth Rock
|move|p1a: Flygon|Earthquake|p2a: Sylveon
|-damage|p2a: Sylveon|45/100 brn
|
|-heal|p2a: Sylveon|51/100 brn|[from] item: Leftovers
|-damage|p2a: Sylveon|45/100 brn|[from] brn
|upkeep
|turn|24
|
|t:|1667942958
|move|p1a: Flygon|U-turn|p2a: Sylveon
|-resisted|p2a: Sylveon
|-damage|p2a: Sylveon|37/100 brn
|
|t:|1667942965
|switch|p1a: Registeel|Registeel|88/100|[from]move: U-turn
|-damage|p1a: Registeel|63/100|[from] Spikes
|move|p2a: Sylveon|Wish|p2a: Sylveon
|
|-heal|p2a: Sylveon|43/100 brn|[from] item: Leftovers
|-heal|p1a: Registeel|69/100|[from] item: Leftovers
|-damage|p2a: Sylveon|37/100 brn|[from] brn
|upkeep
|turn|25
|inactive|btboy has 240 seconds left.
|
|t:|1667942984
|move|p2a: Sylveon|Protect|p2a: Sylveon
|-singleturn|p2a: Sylveon|Protect
|move|p1a: Registeel|Thunder Wave|p2a: Sylveon
|-activate|p2a: Sylveon|move: Protect
|
|-heal|p2a: Sylveon|87/100 brn|[from] move: Wish|[wisher] Sylveon
|-heal|p2a: Sylveon|93/100 brn|[from] item: Leftovers
|-heal|p1a: Registeel|75/100|[from] item: Leftovers
|-damage|p2a: Sylveon|87/100 brn|[from] brn
|upkeep
|turn|26
|inactive|Scavet has 150 seconds left.
|
|t:|1667943002
|switch|p2a: Seismitoad|Seismitoad, M|82/100
|-damage|p2a: Seismitoad|76/100|[from] Stealth Rock
|move|p1a: Registeel|Heavy Slam|p2a: Seismitoad
|-resisted|p2a: Seismitoad
|-damage|p2a: Seismitoad|64/100
|
|-heal|p2a: Seismitoad|70/100|[from] item: Leftovers
|-heal|p1a: Registeel|81/100|[from] item: Leftovers
|upkeep
|turn|27
|
|t:|1667943010
|switch|p1a: Flygon|Flygon, F|76/100
|move|p2a: Seismitoad|Scald|p1a: Flygon
|-damage|p1a: Flygon|52/100
|
|-heal|p2a: Seismitoad|76/100|[from] item: Leftovers
|upkeep
|turn|28
|
|t:|1667943014
|switch|p2a: Crobat|Crobat, F|96/100
|move|p1a: Flygon|Defog|p2a: Crobat
|-unboost|p2a: Crobat|evasion|1
|-sideend|p2: Scavet|Stealth Rock|[from] move: Defog|[of] p1a: Flygon
|-sideend|p1: btboy|Spikes|[from] move: Defog|[of] p1a: Flygon
|
|upkeep
|turn|29
|inactive|btboy has 270 seconds left.
|
|t:|1667943026
|switch|p1a: Registeel|Registeel|81/100
|move|p2a: Crobat|Toxic|p1a: Registeel
|-immune|p1a: Registeel
|
|-heal|p1a: Registeel|87/100|[from] item: Leftovers
|upkeep
|turn|30
|
|t:|1667943033
|switch|p2a: Seismitoad|Seismitoad, M|76/100
|move|p1a: Registeel|Thunder Wave|p2a: Seismitoad
|-immune|p2a: Seismitoad
|
|-heal|p2a: Seismitoad|82/100|[from] item: Leftovers
|-heal|p1a: Registeel|93/100|[from] item: Leftovers
|upkeep
|turn|31
|
|t:|1667943046
|switch|p1a: Guzzlord|Guzzlord|100/100
|move|p2a: Seismitoad|Stealth Rock|p1a: Guzzlord
|-sidestart|p1: btboy|move: Stealth Rock
|
|-heal|p2a: Seismitoad|88/100|[from] item: Leftovers
|upkeep
|turn|32
|inactive|Scavet has 150 seconds left.
|inactive|Scavet has 120 seconds left.
|
|t:|1667943109
|move|p2a: Seismitoad|Knock Off|p1a: Guzzlord
|-resisted|p1a: Guzzlord
|-damage|p1a: Guzzlord|90/100
|-enditem|p1a: Guzzlord|Leftovers|[from] move: Knock Off|[of] p2a: Seismitoad
|move|p1a: Guzzlord|Heavy Slam|p2a: Seismitoad
|-resisted|p2a: Seismitoad
|-crit|p2a: Seismitoad
|-damage|p2a: Seismitoad|58/100
|
|-heal|p2a: Seismitoad|65/100|[from] item: Leftovers
|upkeep
|turn|33
|
|t:|1667943135
|move|p2a: Seismitoad|Scald|p1a: Guzzlord
|-resisted|p1a: Guzzlord
|-damage|p1a: Guzzlord|82/100
|move|p1a: Guzzlord|Heavy Slam|p2a: Seismitoad
|-resisted|p2a: Seismitoad
|-damage|p2a: Seismitoad|45/100
|
|-heal|p2a: Seismitoad|51/100|[from] item: Leftovers
|upkeep
|turn|34
|
|t:|1667943148
|switch|p2a: Klefki|Klefki, F|54/100
|move|p1a: Guzzlord|Heavy Slam|p2a: Klefki
|-damage|p2a: Klefki|23/100
|
|upkeep
|turn|35
|
|t:|1667943157
|switch|p2a: Suicune|Suicune|100/100
|-ability|p2a: Suicune|Pressure
|switch|p1a: Registeel|Registeel|93/100
|-damage|p1a: Registeel|87/100|[from] Stealth Rock
|
|-heal|p1a: Registeel|93/100|[from] item: Leftovers
|upkeep
|turn|36
|
|t:|1667943164
|switch|p1a: Jellicent|Jellicent, F|57/100
|-damage|p1a: Jellicent|45/100|[from] Stealth Rock
|move|p2a: Suicune|Substitute|p2a: Suicune
|-start|p2a: Suicune|Substitute
|-damage|p2a: Suicune|75/100
|
|-heal|p2a: Suicune|82/100|[from] item: Leftovers
|upkeep
|turn|37
|
|t:|1667943186
|move|p2a: Suicune|Calm Mind|p2a: Suicune
|-boost|p2a: Suicune|spa|1
|-boost|p2a: Suicune|spd|1
|move|p1a: Jellicent|Recover|p1a: Jellicent
|-heal|p1a: Jellicent|95/100
|
|-heal|p2a: Suicune|88/100|[from] item: Leftovers
|upkeep
|turn|38
|
|t:|1667943193
|move|p2a: Suicune|Calm Mind|p2a: Suicune
|-boost|p2a: Suicune|spa|1
|-boost|p2a: Suicune|spd|1
|move|p1a: Jellicent|Taunt|p2a: Suicune
|-start|p2a: Suicune|move: Taunt
|
|-heal|p2a: Suicune|94/100|[from] item: Leftovers
|upkeep
|turn|39
|
|t:|1667943199
|move|p2a: Suicune|Scald|p1a: Jellicent
|-heal|p1a: Jellicent|100/100|[from] ability: Water Absorb|[of] p2a: Suicune
|move|p1a: Jellicent|Will-O-Wisp||[still]
|-fail|p1a: Jellicent
|
|-heal|p2a: Suicune|99/100|[from] item: Leftovers
|upkeep
|turn|40
|
|t:|1667943208
|move|p2a: Suicune|Scald|p1a: Jellicent
|-immune|p1a: Jellicent|[from] ability: Water Absorb
|move|p1a: Jellicent|Will-O-Wisp||[still]
|-fail|p1a: Jellicent
|
|-heal|p2a: Suicune|100/100|[from] item: Leftovers
|upkeep
|turn|41
|
|t:|1667943217
|switch|p2a: Sylveon|Sylveon, M|87/100 brn
|move|p1a: Jellicent|Will-O-Wisp|p2a: Sylveon
|-fail|p2a: Sylveon|brn
|
|-heal|p2a: Sylveon|93/100 brn|[from] item: Leftovers
|-damage|p2a: Sylveon|87/100 brn|[from] brn
|upkeep
|turn|42
|inactive|Scavet has 120 seconds left.
|
|t:|1667943224
|switch|p1a: Registeel|Registeel|93/100
|-damage|p1a: Registeel|87/100|[from] Stealth Rock
|move|p2a: Sylveon|Wish|p2a: Sylveon
|
|-heal|p2a: Sylveon|93/100 brn|[from] item: Leftovers
|-heal|p1a: Registeel|93/100|[from] item: Leftovers
|-damage|p2a: Sylveon|87/100 brn|[from] brn
|upkeep
|turn|43
|
|t:|1667943233
|switch|p2a: Seismitoad|Seismitoad, M|51/100
|move|p1a: Registeel|Heavy Slam|p2a: Seismitoad
|-resisted|p2a: Seismitoad
|-damage|p2a: Seismitoad|40/100
|
|-heal|p2a: Seismitoad|87/100|[from] move: Wish|[wisher] Sylveon
|-heal|p2a: Seismitoad|93/100|[from] item: Leftovers
|-heal|p1a: Registeel|99/100|[from] item: Leftovers
|upkeep
|turn|44
|
|t:|1667943245
|switch|p1a: Guzzlord|Guzzlord|82/100
|-damage|p1a: Guzzlord|70/100|[from] Stealth Rock
|move|p2a: Seismitoad|Scald|p1a: Guzzlord
|-resisted|p1a: Guzzlord
|-damage|p1a: Guzzlord|63/100
|
|-heal|p2a: Seismitoad|99/100|[from] item: Leftovers
|upkeep
|turn|45
|
|t:|1667943265
|move|p2a: Seismitoad|Earthquake|p1a: Guzzlord
|-damage|p1a: Guzzlord|30/100
|move|p1a: Guzzlord|Knock Off|p2a: Seismitoad
|-damage|p2a: Seismitoad|50/100
|-enditem|p2a: Seismitoad|Leftovers|[from] move: Knock Off|[of] p1a: Guzzlord
|
|upkeep
|turn|46
|inactive|btboy has 270 seconds left.
|
|t:|1667943296
|switch|p1a: Flygon|Flygon, F|52/100
|-damage|p1a: Flygon|46/100|[from] Stealth Rock
|move|p2a: Seismitoad|Earthquake|p1a: Flygon
|-immune|p1a: Flygon|[from] ability: Levitate
|
|upkeep
|turn|47
|
|t:|1667943301
|switch|p2a: Crobat|Crobat, F|96/100
|move|p1a: Flygon|Roost|p1a: Flygon
|-heal|p1a: Flygon|96/100
|-singleturn|p1a: Flygon|move: Roost
|
|upkeep
|turn|48
|inactive|Scavet has 120 seconds left.
|
|t:|1667943350
|switch|p2a: Cresselia|Cresselia, F|100/100
|switch|p1a: Registeel|Registeel|99/100
|-damage|p1a: Registeel|93/100|[from] Stealth Rock
|
|-heal|p1a: Registeel|99/100|[from] item: Leftovers
|upkeep
|turn|49
|inactive|btboy has 270 seconds left.
|
|t:|1667943383
|switch|p1a: Weezing|Weezing-Galar, M|57/100 par
|-damage|p1a: Weezing|45/100 par|[from] Stealth Rock
|move|p2a: Cresselia|Substitute|p2a: Cresselia
|-start|p2a: Cresselia|Substitute
|-damage|p2a: Cresselia|75/100
|
|-heal|p2a: Cresselia|82/100|[from] item: Leftovers
|upkeep
|turn|50
|inactive|Scavet has 90 seconds left.
|inactive|Scavet has 60 seconds left.
|inactive|Scavet has 30 seconds left.
|inactive|Scavet has 20 seconds left.
|
|t:|1667943479
|switch|p2a: Klefki|Klefki, F|23/100
|cant|p1a: Weezing|par
|
|upkeep
|turn|51
|inactive|Scavet has 30 seconds left this turn.
|inactive|btboy has 270 seconds left.
|
|t:|1667943489
|switch|p1a: Registeel|Registeel|99/100
|-damage|p1a: Registeel|93/100|[from] Stealth Rock
|move|p2a: Klefki|Dazzling Gleam|p1a: Registeel
|-resisted|p1a: Registeel
|-damage|p1a: Registeel|87/100
|
|-heal|p1a: Registeel|93/100|[from] item: Leftovers
|upkeep
|turn|52
|inactive|Scavet has 30 seconds left.
|inactive|Scavet has 20 seconds left.
|inactive|Scavet has 15 seconds left.
|
|t:|1667943513
|switch|p2a: Cresselia|Cresselia, F|82/100
|move|p1a: Registeel|Stealth Rock|p2a: Cresselia
|-sidestart|p2: Scavet|move: Stealth Rock
|
|-heal|p2a: Cresselia|88/100|[from] item: Leftovers
|-heal|p1a: Registeel|99/100|[from] item: Leftovers
|upkeep
|turn|53
|inactive|Scavet has 25 seconds left this turn.
|inactive|btboy has 270 seconds left.
|
|t:|1667943530
|switch|p1a: Heracross|Heracross, F|100/100
|-damage|p1a: Heracross|88/100|[from] Stealth Rock
|move|p2a: Cresselia|Substitute|p2a: Cresselia
|-start|p2a: Cresselia|Substitute
|-damage|p2a: Cresselia|63/100
|
|-heal|p2a: Cresselia|69/100|[from] item: Leftovers
|upkeep
|turn|54
|inactive|Scavet has 30 seconds left.
|
|t:|1667943540
|move|p1a: Heracross|Megahorn|p2a: Cresselia
|-supereffective|p2a: Cresselia
|-end|p2a: Cresselia|Substitute
|move|p2a: Cresselia|Moonblast|p1a: Heracross
|-supereffective|p1a: Heracross
|-damage|p1a: Heracross|40/100
|
|-heal|p2a: Cresselia|75/100|[from] item: Leftovers
|upkeep
|turn|55
|inactive|Scavet has 30 seconds left.
|
|t:|1667943558
|switch|p2a: Crobat|Crobat, F|96/100
|move|p1a: Heracross|Megahorn|p2a: Crobat
|-resisted|p2a: Crobat
|-damage|p2a: Crobat|80/100
|
|upkeep
|turn|56
|
|t:|1667943568
|switch|p1a: Registeel|Registeel|99/100
|-damage|p1a: Registeel|93/100|[from] Stealth Rock
|move|p2a: Crobat|Brave Bird|p1a: Registeel
|-resisted|p1a: Registeel
|-damage|p1a: Registeel|81/100
|-damage|p2a: Crobat|76/100|[from] Recoil
|
|-heal|p1a: Registeel|87/100|[from] item: Leftovers
|upkeep
|turn|57
|inactive|Scavet has 30 seconds left.
|
|t:|1667943585
|switch|p2a: Suicune|Suicune|100/100
|-damage|p2a: Suicune|88/100|[from] Stealth Rock
|-ability|p2a: Suicune|Pressure
|move|p1a: Registeel|Thunder Wave|p2a: Suicune
|-status|p2a: Suicune|par
|
|-heal|p2a: Suicune|94/100 par|[from] item: Leftovers
|-heal|p1a: Registeel|93/100|[from] item: Leftovers
|upkeep
|turn|58
|inactive|Scavet has 30 seconds left.
|
|t:|1667943595
|switch|p2a: Sylveon|Sylveon, M|87/100 brn
|-damage|p2a: Sylveon|75/100 brn|[from] Stealth Rock
|switch|p1a: Jellicent|Jellicent, F|100/100
|-damage|p1a: Jellicent|88/100|[from] Stealth Rock
|
|-heal|p2a: Sylveon|81/100 brn|[from] item: Leftovers
|-damage|p2a: Sylveon|75/100 brn|[from] brn
|upkeep
|turn|59
|
|t:|1667943612
|move|p1a: Jellicent|Taunt|p2a: Sylveon
|-start|p2a: Sylveon|move: Taunt
|cant|p2a: Sylveon|move: Taunt|Wish
|
|-heal|p2a: Sylveon|81/100 brn|[from] item: Leftovers
|-damage|p2a: Sylveon|75/100 brn|[from] brn
|upkeep
|turn|60
|inactive|Scavet has 30 seconds left.
|
|t:|1667943628
|switch|p2a: Crobat|Crobat, F|76/100
|move|p1a: Jellicent|Hex|p2a: Crobat
|-damage|p2a: Crobat|53/100
|
|upkeep
|turn|61
|
|t:|1667943638
|switch|p1a: Registeel|Registeel|93/100
|-damage|p1a: Registeel|87/100|[from] Stealth Rock
|move|p2a: Crobat|Roost|p2a: Crobat
|-heal|p2a: Crobat|100/100
|-singleturn|p2a: Crobat|move: Roost
|
|-heal|p1a: Registeel|93/100|[from] item: Leftovers
|upkeep
|turn|62
|
|t:|1667943649
|switch|p2a: Suicune|Suicune|94/100 par
|-damage|p2a: Suicune|82/100 par|[from] Stealth Rock
|-ability|p2a: Suicune|Pressure
|move|p1a: Registeel|Heavy Slam|p2a: Suicune
|-resisted|p2a: Suicune
|-damage|p2a: Suicune|78/100 par
|
|-heal|p2a: Suicune|84/100 par|[from] item: Leftovers
|-heal|p1a: Registeel|99/100|[from] item: Leftovers
|upkeep
|turn|63
|inactive|Scavet has 30 seconds left.
|
|t:|1667943681
|switch|p2a: Crobat|Crobat, F|100/100
|switch|p1a: Jellicent|Jellicent, F|88/100
|-damage|p1a: Jellicent|76/100|[from] Stealth Rock
|
|upkeep
|turn|64
|
|t:|1667943690
|switch|p1a: Registeel|Registeel|99/100
|-damage|p1a: Registeel|93/100|[from] Stealth Rock
|move|p2a: Crobat|Brave Bird|p1a: Registeel
|-resisted|p1a: Registeel
|-damage|p1a: Registeel|81/100
|-damage|p2a: Crobat|97/100|[from] Recoil
|
|-heal|p1a: Registeel|87/100|[from] item: Leftovers
|upkeep
|turn|65
|
|t:|1667943697
|switch|p2a: Suicune|Suicune|84/100 par
|-damage|p2a: Suicune|72/100 par|[from] Stealth Rock
|-ability|p2a: Suicune|Pressure
|move|p1a: Registeel|Thunder Wave|p2a: Suicune|[miss]
|-miss|p1a: Registeel|p2a: Suicune
|
|-heal|p2a: Suicune|78/100 par|[from] item: Leftovers
|-heal|p1a: Registeel|93/100|[from] item: Leftovers
|upkeep
|turn|66
|
|t:|1667943712
|switch|p2a: Crobat|Crobat, F|97/100
|move|p1a: Registeel|Thunder Wave|p2a: Crobat|[miss]
|-miss|p1a: Registeel|p2a: Crobat
|
|-heal|p1a: Registeel|99/100|[from] item: Leftovers
|upkeep
|turn|67
|
|t:|1667943734
|switch|p2a: Suicune|Suicune|78/100 par
|-damage|p2a: Suicune|66/100 par|[from] Stealth Rock
|-ability|p2a: Suicune|Pressure
|move|p1a: Registeel|Thunder Wave|p2a: Suicune
|-fail|p2a: Suicune|par
|
|-heal|p2a: Suicune|72/100 par|[from] item: Leftovers
|-heal|p1a: Registeel|100/100|[from] item: Leftovers
|upkeep
|turn|68
|inactive|Scavet has 30 seconds left.
|inactive|Scavet has 20 seconds left.
|
|t:|1667943763
|switch|p2a: Crobat|Crobat, F|97/100
|switch|p1a: Guzzlord|Guzzlord|30/100
|-damage|p1a: Guzzlord|18/100|[from] Stealth Rock
|
|upkeep
|turn|69
|inactive|Scavet has 30 seconds left this turn.
|
|t:|1667943768
|switch|p1a: Registeel|Registeel|100/100
|-damage|p1a: Registeel|94/100|[from] Stealth Rock
|move|p2a: Crobat|Brave Bird|p1a: Registeel
|-resisted|p1a: Registeel
|-crit|p1a: Registeel
|-damage|p1a: Registeel|76/100
|-damage|p2a: Crobat|91/100|[from] Recoil
|
|-heal|p1a: Registeel|82/100|[from] item: Leftovers
|upkeep
|turn|70
|inactive|Scavet has 30 seconds left.
|
|t:|1667943779
|switch|p2a: Suicune|Suicune|72/100 par
|-damage|p2a: Suicune|60/100 par|[from] Stealth Rock
|-ability|p2a: Suicune|Pressure
|switch|p1a: Flygon|Flygon, F|96/100
|-damage|p1a: Flygon|90/100|[from] Stealth Rock
|
|-heal|p2a: Suicune|66/100 par|[from] item: Leftovers
|upkeep
|turn|71
|
|t:|1667943785
|cant|p2a: Suicune|par
|move|p1a: Flygon|Defog|p2a: Suicune
|-unboost|p2a: Suicune|evasion|1
|-sideend|p2: Scavet|Stealth Rock|[from] move: Defog|[of] p1a: Flygon
|-sideend|p1: btboy|Stealth Rock|[from] move: Defog|[of] p1a: Flygon
|
|-heal|p2a: Suicune|72/100 par|[from] item: Leftovers
|upkeep
|turn|72
|
|t:|1667943792
|move|p2a: Suicune|Protect|p2a: Suicune
|-singleturn|p2a: Suicune|Protect
|move|p1a: Flygon|U-turn|p2a: Suicune
|-activate|p2a: Suicune|move: Protect
|
|-heal|p2a: Suicune|78/100 par|[from] item: Leftovers
|upkeep
|turn|73
|
|t:|1667943805
|move|p1a: Flygon|U-turn|p2a: Suicune
|-damage|p2a: Suicune|65/100 par
|
|t:|1667943809
|switch|p1a: Guzzlord|Guzzlord|18/100|[from]move: U-turn
|cant|p2a: Suicune|par
|
|-heal|p2a: Suicune|71/100 par|[from] item: Leftovers
|upkeep
|turn|74
|
|t:|1667943822
|switch|p2a: Seismitoad|Seismitoad, M|50/100
|move|p1a: Guzzlord|Rest|p1a: Guzzlord
|-status|p1a: Guzzlord|slp|[from] move: Rest
|-heal|p1a: Guzzlord|100/100 slp|[silent]
|
|upkeep
|turn|75
|inactive|Scavet has 30 seconds left.
|
|t:|1667943850
|switch|p1a: Jellicent|Jellicent, F|76/100
|move|p2a: Seismitoad|Scald|p1a: Jellicent
|-heal|p1a: Jellicent|100/100|[from] ability: Water Absorb|[of] p2a: Seismitoad
|
|upkeep
|turn|76
|inactive|Scavet has 30 seconds left.
|
|t:|1667943869
|switch|p2a: Suicune|Suicune|71/100 par
|-ability|p2a: Suicune|Pressure
|move|p1a: Jellicent|Will-O-Wisp||[still]
|-fail|p1a: Jellicent
|
|-heal|p2a: Suicune|77/100 par|[from] item: Leftovers
|upkeep
|turn|77
|inactive|Scavet has 30 seconds left.
|
|t:|1667943876
|move|p1a: Jellicent|Will-O-Wisp||[still]
|-fail|p1a: Jellicent
|move|p2a: Suicune|Calm Mind|p2a: Suicune
|-boost|p2a: Suicune|spa|1
|-boost|p2a: Suicune|spd|1
|
|-heal|p2a: Suicune|84/100 par|[from] item: Leftovers
|upkeep
|turn|78
|
|t:|1667943882
|move|p1a: Jellicent|Taunt|p2a: Suicune
|-start|p2a: Suicune|move: Taunt
|cant|p2a: Suicune|move: Taunt|Substitute
|
|-heal|p2a: Suicune|90/100 par|[from] item: Leftovers
|upkeep
|turn|79
|
|t:|1667943888
|switch|p1a: Guzzlord|Guzzlord|100/100 slp
|move|p2a: Suicune|Scald|p1a: Guzzlord
|-resisted|p1a: Guzzlord
|-damage|p1a: Guzzlord|86/100 slp
|
|-heal|p2a: Suicune|96/100 par|[from] item: Leftovers
|upkeep
|turn|80
|
|t:|1667943900
|switch|p1a: Jellicent|Jellicent, F|100/100
|cant|p2a: Suicune|par
|
|-heal|p2a: Suicune|100/100 par|[from] item: Leftovers
|-end|p2a: Suicune|move: Taunt
|upkeep
|turn|81
|
|t:|1667943908
|move|p1a: Jellicent|Taunt|p2a: Suicune
|-start|p2a: Suicune|move: Taunt
|cant|p2a: Suicune|move: Taunt|Substitute
|
|upkeep
|turn|82
|
|t:|1667943915
|switch|p1a: Guzzlord|Guzzlord|86/100 slp
|move|p2a: Suicune|Scald|p1a: Guzzlord
|-resisted|p1a: Guzzlord
|-damage|p1a: Guzzlord|72/100 slp
|
|upkeep
|turn|83
|
|t:|1667943921
|switch|p1a: Jellicent|Jellicent, F|100/100
|move|p2a: Suicune|Scald|p1a: Jellicent
|-immune|p1a: Jellicent|[from] ability: Water Absorb
|
|-end|p2a: Suicune|move: Taunt
|upkeep
|turn|84
|inactive|Scavet has 60 seconds left.
|
|t:|1667943931
|cant|p2a: Suicune|par
|move|p1a: Jellicent|Taunt|p2a: Suicune
|-start|p2a: Suicune|move: Taunt
|
|upkeep
|turn|85
|
|t:|1667943937
|switch|p1a: Guzzlord|Guzzlord|72/100 slp
|move|p2a: Suicune|Scald|p1a: Guzzlord
|-resisted|p1a: Guzzlord
|-damage|p1a: Guzzlord|57/100 slp
|
|upkeep
|turn|86
|
|t:|1667943940
|cant|p1a: Guzzlord|slp
|move|p1a: Guzzlord|Sleep Talk|p1a: Guzzlord
|move|p1a: Guzzlord|Rest||[from]move: Sleep Talk|[still]
|-fail|p1a: Guzzlord
|move|p2a: Suicune|Scald|p1a: Guzzlord
|-resisted|p1a: Guzzlord
|-damage|p1a: Guzzlord|43/100 slp
|
|upkeep
|turn|87
|inactive|Scavet has 60 seconds left.
|
|t:|1667943971
|switch|p2a: Seismitoad|Seismitoad, M|50/100
|cant|p1a: Guzzlord|slp
|move|p1a: Guzzlord|Sleep Talk|p1a: Guzzlord
|move|p1a: Guzzlord|Rest||[from]move: Sleep Talk|[still]
|-fail|p1a: Guzzlord
|
|upkeep
|turn|88
|inactive|Scavet has 60 seconds left.
|
|t:|1667943984
|move|p2a: Seismitoad|Earthquake|p1a: Guzzlord
|-damage|p1a: Guzzlord|10/100 slp
|-curestatus|p1a: Guzzlord|slp|[msg]
|move|p1a: Guzzlord|Rest|p1a: Guzzlord
|-status|p1a: Guzzlord|slp|[from] move: Rest
|-heal|p1a: Guzzlord|100/100 slp|[silent]
|
|upkeep
|turn|89
|inactive|Scavet has 60 seconds left.
|
|t:|1667943990
|switch|p1a: Flygon|Flygon, F|90/100
|move|p2a: Seismitoad|Stealth Rock|p1a: Flygon
|-sidestart|p1: btboy|move: Stealth Rock
|
|upkeep
|turn|90
|
|t:|1667943995
|move|p1a: Flygon|Defog|p2a: Seismitoad
|-unboost|p2a: Seismitoad|evasion|1
|-sideend|p1: btboy|Stealth Rock|[from] move: Defog|[of] p1a: Flygon
|move|p2a: Seismitoad|Scald|p1a: Flygon
|-damage|p1a: Flygon|65/100
|
|upkeep
|turn|91
|
|t:|1667943999
|switch|p2a: Crobat|Crobat, F|91/100
|move|p1a: Flygon|Earthquake|p2a: Crobat
|-immune|p2a: Crobat
|
|upkeep
|turn|92
|
|t:|1667944028
|switch|p2a: Suicune|Suicune|100/100 par
|-ability|p2a: Suicune|Pressure
|switch|p1a: Registeel|Registeel|82/100
|
|-heal|p1a: Registeel|88/100|[from] item: Leftovers
|upkeep
|turn|93
|
|t:|1667944038
|switch|p1a: Guzzlord|Guzzlord|100/100 slp
|move|p2a: Suicune|Substitute|p2a: Suicune
|-start|p2a: Suicune|Substitute
|-damage|p2a: Suicune|75/100 par
|
|-heal|p2a: Suicune|82/100 par|[from] item: Leftovers
|upkeep
|turn|94
|
|t:|1667944047
|cant|p1a: Guzzlord|slp
|move|p1a: Guzzlord|Sleep Talk|p1a: Guzzlord
|move|p1a: Guzzlord|Rest||[from]move: Sleep Talk|[still]
|-fail|p1a: Guzzlord
|cant|p2a: Suicune|par
|
|-heal|p2a: Suicune|88/100 par|[from] item: Leftovers
|upkeep
|turn|95
|
|t:|1667944055
|cant|p1a: Guzzlord|slp
|move|p1a: Guzzlord|Sleep Talk|p1a: Guzzlord
|move|p1a: Guzzlord|Heavy Slam|p2a: Suicune|[from]move: Sleep Talk
|-resisted|p2a: Suicune
|-crit|p2a: Suicune
|-activate|p2a: Suicune|move: Substitute|[damage]
|move|p2a: Suicune|Calm Mind|p2a: Suicune
|-boost|p2a: Suicune|spa|1
|-boost|p2a: Suicune|spd|1
|
|-heal|p2a: Suicune|94/100 par|[from] item: Leftovers
|upkeep
|turn|96
|
|t:|1667944063
|-curestatus|p1a: Guzzlord|slp|[msg]
|move|p1a: Guzzlord|Knock Off|p2a: Suicune
|-end|p2a: Suicune|Substitute
|move|p2a: Suicune|Calm Mind|p2a: Suicune
|-boost|p2a: Suicune|spa|1
|-boost|p2a: Suicune|spd|1
|
|-heal|p2a: Suicune|99/100 par|[from] item: Leftovers
|upkeep
|turn|97
|inactive|Scavet has 90 seconds left.
|
|t:|1667944085
|switch|p2a: Klefki|Klefki, F|23/100
|move|p1a: Guzzlord|Knock Off|p2a: Klefki
|-resisted|p2a: Klefki
|-damage|p2a: Klefki|10/100
|
|upkeep
|turn|98
|
|t:|1667944093
|switch|p1a: Registeel|Registeel|88/100
|move|p2a: Klefki|Spikes|p1a: Registeel
|-sidestart|p1: btboy|Spikes
|
|-heal|p1a: Registeel|94/100|[from] item: Leftovers
|upkeep
|turn|99
|
|t:|1667944104
|switch|p1a: Flygon|Flygon, F|65/100
|move|p2a: Klefki|Thunder Wave|p1a: Flygon
|-immune|p1a: Flygon
|
|upkeep
|turn|100
|
|t:|1667944109
|move|p2a: Klefki|Magnet Rise|p2a: Klefki
|-start|p2a: Klefki|Magnet Rise
|move|p1a: Flygon|Earthquake|p2a: Klefki
|-immune|p2a: Klefki
|
|upkeep
|turn|101
|inactive|Scavet has 90 seconds left.
|
|t:|1667944126
|move|p1a: Flygon|U-turn|p2a: Klefki
|-resisted|p2a: Klefki
|-damage|p2a: Klefki|7/100
|
|t:|1667944129
|switch|p1a: Registeel|Registeel|94/100|[from]move: U-turn
|-damage|p1a: Registeel|82/100|[from] Spikes
|move|p2a: Klefki|Dazzling Gleam|p1a: Registeel
|-resisted|p1a: Registeel
|-damage|p1a: Registeel|76/100
|
|-heal|p1a: Registeel|82/100|[from] item: Leftovers
|upkeep
|turn|102
|
|t:|1667944134
|move|p2a: Klefki|Thunder Wave|p1a: Registeel|[miss]
|-miss|p2a: Klefki|p1a: Registeel
|move|p1a: Registeel|Body Press|p2a: Klefki
|-damage|p2a: Klefki|0 fnt
|faint|p2a: Klefki
|
|-heal|p1a: Registeel|88/100|[from] item: Leftovers
|upkeep
|
|t:|1667944146
|switch|p2a: Cresselia|Cresselia, F|75/100
|turn|103
|
|t:|1667944161
|switch|p1a: Jellicent|Jellicent, F|100/100
|-damage|p1a: Jellicent|88/100|[from] Spikes
|move|p2a: Cresselia|Substitute|p2a: Cresselia
|-start|p2a: Cresselia|Substitute
|-damage|p2a: Cresselia|50/100
|
|-heal|p2a: Cresselia|56/100|[from] item: Leftovers
|upkeep
|turn|104
|
|t:|1667944170
|move|p2a: Cresselia|Calm Mind|p2a: Cresselia
|-boost|p2a: Cresselia|spa|1
|-boost|p2a: Cresselia|spd|1
|move|p1a: Jellicent|Taunt|p2a: Cresselia
|-start|p2a: Cresselia|move: Taunt
|
|-heal|p2a: Cresselia|63/100|[from] item: Leftovers
|upkeep
|turn|105
|
|t:|1667944174
|move|p2a: Cresselia|Moonblast|p1a: Jellicent
|-damage|p1a: Jellicent|62/100
|move|p1a: Jellicent|Hex|p2a: Cresselia
|-supereffective|p2a: Cresselia
|-activate|p2a: Cresselia|move: Substitute|[damage]
|
|-heal|p2a: Cresselia|69/100|[from] item: Leftovers
|upkeep
|turn|106
|
|t:|1667944179
|move|p2a: Cresselia|Moonblast|p1a: Jellicent
|-damage|p1a: Jellicent|36/100
|move|p1a: Jellicent|Recover|p1a: Jellicent
|-heal|p1a: Jellicent|86/100
|
|-heal|p2a: Cresselia|75/100|[from] item: Leftovers
|upkeep
|turn|107
|
|t:|1667944185
|move|p2a: Cresselia|Moonblast|p1a: Jellicent
|-damage|p1a: Jellicent|62/100
|move|p1a: Jellicent|Hex|p2a: Cresselia
|-supereffective|p2a: Cresselia
|-end|p2a: Cresselia|Substitute
|
|-heal|p2a: Cresselia|81/100|[from] item: Leftovers
|-end|p2a: Cresselia|move: Taunt
|upkeep
|turn|108
|
|t:|1667944191
|move|p2a: Cresselia|Substitute|p2a: Cresselia
|-start|p2a: Cresselia|Substitute
|-damage|p2a: Cresselia|56/100
|move|p1a: Jellicent|Taunt|p2a: Cresselia
|-start|p2a: Cresselia|move: Taunt
|
|-heal|p2a: Cresselia|62/100|[from] item: Leftovers
|upkeep
|turn|109
|
|t:|1667944195
|move|p2a: Cresselia|Moonblast|p1a: Jellicent
|-damage|p1a: Jellicent|36/100
|move|p1a: Jellicent|Hex|p2a: Cresselia
|-supereffective|p2a: Cresselia
|-activate|p2a: Cresselia|move: Substitute|[damage]
|
|-heal|p2a: Cresselia|69/100|[from] item: Leftovers
|upkeep
|turn|110
|
|t:|1667944202
|move|p2a: Cresselia|Moonblast|p1a: Jellicent
|-damage|p1a: Jellicent|12/100
|move|p1a: Jellicent|Recover|p1a: Jellicent
|-heal|p1a: Jellicent|62/100
|
|-heal|p2a: Cresselia|75/100|[from] item: Leftovers
|upkeep
|turn|111
|
|t:|1667944208
|move|p2a: Cresselia|Moonblast|p1a: Jellicent
|-damage|p1a: Jellicent|38/100
|move|p1a: Jellicent|Recover|p1a: Jellicent
|-heal|p1a: Jellicent|88/100
|
|-heal|p2a: Cresselia|81/100|[from] item: Leftovers
|-end|p2a: Cresselia|move: Taunt
|upkeep
|turn|112
|
|t:|1667944213
|move|p2a: Cresselia|Calm Mind|p2a: Cresselia
|-boost|p2a: Cresselia|spa|1
|-boost|p2a: Cresselia|spd|1
|move|p1a: Jellicent|Taunt|p2a: Cresselia
|-start|p2a: Cresselia|move: Taunt
|
|-heal|p2a: Cresselia|87/100|[from] item: Leftovers
|upkeep
|turn|113
|
|t:|1667944216
|move|p2a: Cresselia|Moonblast|p1a: Jellicent
|-damage|p1a: Jellicent|54/100
|move|p1a: Jellicent|Hex|p2a: Cresselia
|-supereffective|p2a: Cresselia
|-end|p2a: Cresselia|Substitute
|
|-heal|p2a: Cresselia|93/100|[from] item: Leftovers
|upkeep
|turn|114
|inactive|Scavet has 180 seconds left.
|
|t:|1667944249
|switch|p2a: Sylveon|Sylveon, M|75/100 brn
|move|p1a: Jellicent|Will-O-Wisp|p2a: Sylveon
|-fail|p2a: Sylveon|brn
|
|-heal|p2a: Sylveon|81/100 brn|[from] item: Leftovers
|-damage|p2a: Sylveon|75/100 brn|[from] brn
|upkeep
|turn|115
|
|t:|1667944254
|move|p2a: Sylveon|Protect|p2a: Sylveon
|-singleturn|p2a: Sylveon|Protect
|move|p1a: Jellicent|Taunt|p2a: Sylveon
|-activate|p2a: Sylveon|move: Protect
|
|-heal|p2a: Sylveon|81/100 brn|[from] item: Leftovers
|-damage|p2a: Sylveon|75/100 brn|[from] brn
|upkeep
|turn|116
|
|t:|1667944258
|switch|p2a: Crobat|Crobat, F|91/100
|move|p1a: Jellicent|Taunt|p2a: Crobat
|-start|p2a: Crobat|move: Taunt
|
|upkeep
|turn|117
|
|t:|1667944267
|switch|p2a: Suicune|Suicune|99/100 par
|-ability|p2a: Suicune|Pressure
|move|p1a: Jellicent|Recover|p1a: Jellicent
|-heal|p1a: Jellicent|100/100
|
|-heal|p2a: Suicune|100/100 par|[from] item: Leftovers
|upkeep
|turn|118
|
|t:|1667944278
|move|p2a: Suicune|Protect|p2a: Suicune
|-singleturn|p2a: Suicune|Protect
|move|p1a: Jellicent|Will-O-Wisp|p2a: Suicune
|-activate|p2a: Suicune|move: Protect
|
|upkeep
|turn|119
|
|t:|1667944294
|move|p1a: Jellicent|Hex|p2a: Suicune
|-damage|p2a: Suicune|69/100 par
|move|p2a: Suicune|Substitute|p2a: Suicune
|-start|p2a: Suicune|Substitute
|-damage|p2a: Suicune|44/100 par
|
|-heal|p2a: Suicune|50/100 par|[from] item: Leftovers
|upkeep
|turn|120
|
|t:|1667944302
|cant|p2a: Suicune|par
|move|p1a: Jellicent|Taunt|p2a: Suicune
|-start|p2a: Suicune|move: Taunt
|
|-heal|p2a: Suicune|56/100 par|[from] item: Leftovers
|upkeep
|turn|121
|
|t:|1667944305
|move|p1a: Jellicent|Hex|p2a: Suicune
|-end|p2a: Suicune|Substitute
|cant|p2a: Suicune|par
|
|-heal|p2a: Suicune|63/100 par|[from] item: Leftovers
|upkeep
|turn|122
|inactive|Scavet has 210 seconds left.
|
|t:|1667944320
|switch|p2a: Crobat|Crobat, F|91/100
|move|p1a: Jellicent|Will-O-Wisp|p2a: Crobat
|-status|p2a: Crobat|brn
|
|-damage|p2a: Crobat|85/100 brn|[from] brn
|upkeep
|turn|123
|inactive|Scavet has 210 seconds left.
|
|t:|1667944329
|switch|p2a: Cresselia|Cresselia, F|93/100
|switch|p1a: Registeel|Registeel|88/100
|-damage|p1a: Registeel|76/100|[from] Spikes
|
|-heal|p2a: Cresselia|99/100|[from] item: Leftovers
|-heal|p1a: Registeel|82/100|[from] item: Leftovers
|upkeep
|turn|124
|
|t:|1667944336
|switch|p1a: Jellicent|Jellicent, F|100/100
|-damage|p1a: Jellicent|88/100|[from] Spikes
|move|p2a: Cresselia|Substitute|p2a: Cresselia
|-start|p2a: Cresselia|Substitute
|-damage|p2a: Cresselia|75/100
|
|-heal|p2a: Cresselia|81/100|[from] item: Leftovers
|upkeep
|turn|125
|
|t:|1667944339
|move|p2a: Cresselia|Calm Mind|p2a: Cresselia
|-boost|p2a: Cresselia|spa|1
|-boost|p2a: Cresselia|spd|1
|move|p1a: Jellicent|Taunt|p2a: Cresselia
|-start|p2a: Cresselia|move: Taunt
|
|-heal|p2a: Cresselia|87/100|[from] item: Leftovers
|upkeep
|turn|126
|
|t:|1667944341
|move|p2a: Cresselia|Moonblast|p1a: Jellicent
|-damage|p1a: Jellicent|62/100
|move|p1a: Jellicent|Hex|p2a: Cresselia
|-supereffective|p2a: Cresselia
|-activate|p2a: Cresselia|move: Substitute|[damage]
|
|-heal|p2a: Cresselia|93/100|[from] item: Leftovers
|upkeep
|turn|127
|
|t:|1667944346
|move|p2a: Cresselia|Moonblast|p1a: Jellicent
|-damage|p1a: Jellicent|35/100
|move|p1a: Jellicent|Hex|p2a: Cresselia
|-supereffective|p2a: Cresselia
|-crit|p2a: Cresselia
|-end|p2a: Cresselia|Substitute
|
|-heal|p2a: Cresselia|99/100|[from] item: Leftovers
|upkeep
|turn|128
|inactive|Scavet has 240 seconds left.
|
|t:|1667944367
|switch|p2a: Crobat|Crobat, F|85/100 brn
|move|p1a: Jellicent|Recover|p1a: Jellicent
|-heal|p1a: Jellicent|85/100
|
|-damage|p2a: Crobat|79/100 brn|[from] brn
|upkeep
|turn|129
|
|t:|1667944381
|switch|p1a: Guzzlord|Guzzlord|100/100
|-damage|p1a: Guzzlord|88/100|[from] Spikes
|move|p2a: Crobat|Toxic|p1a: Guzzlord
|-status|p1a: Guzzlord|tox
|
|-damage|p1a: Guzzlord|82/100 tox|[from] psn
|-damage|p2a: Crobat|72/100 brn|[from] brn
|upkeep
|turn|130
|
|t:|1667944396
|switch|p2a: Seismitoad|Seismitoad, M|50/100
|move|p1a: Guzzlord|Knock Off|p2a: Seismitoad
|-damage|p2a: Seismitoad|16/100
|
|-damage|p1a: Guzzlord|70/100 tox|[from] psn
|upkeep
|turn|131
|inactive|Scavet has 240 seconds left.
|
|t:|1667944420
|move|p2a: Seismitoad|Stealth Rock|p1a: Guzzlord
|-sidestart|p1: btboy|move: Stealth Rock
|move|p1a: Guzzlord|Knock Off|p2a: Seismitoad
|-damage|p2a: Seismitoad|0 fnt
|faint|p2a: Seismitoad
|-ability|p1a: Guzzlord|Beast Boost|boost
|-boost|p1a: Guzzlord|atk|1
|
|-damage|p1a: Guzzlord|51/100 tox|[from] psn
|upkeep
|
|t:|1667944425
|switch|p2a: Cresselia|Cresselia, F|99/100
|turn|132
|
|t:|1667944440
|switch|p1a: Weezing|Weezing-Galar, M|45/100 par
|-damage|p1a: Weezing|33/100 par|[from] Stealth Rock
|move|p2a: Cresselia|Substitute|p2a: Cresselia
|-start|p2a: Cresselia|Substitute
|-damage|p2a: Cresselia|74/100
|
|-heal|p2a: Cresselia|80/100|[from] item: Leftovers
|upkeep
|turn|133
|inactive|Scavet has 240 seconds left.
|c|☆Scavet|does corrosive gas bypass sub
|inactive|Scavet has 210 seconds left.
|inactive|Scavet has 180 seconds left.
|
|t:|1667944528
|switch|p2a: Sylveon|Sylveon, M|75/100 brn
|move|p1a: Weezing|Taunt|p2a: Sylveon
|-start|p2a: Sylveon|move: Taunt
|
|-heal|p2a: Sylveon|81/100 brn|[from] item: Leftovers
|-damage|p2a: Sylveon|75/100 brn|[from] brn
|upkeep
|turn|134
|
|t:|1667944540
|switch|p2a: Suicune|Suicune|63/100 par
|-ability|p2a: Suicune|Pressure
|move|p1a: Weezing|Corrosive Gas|p2a: Suicune
|-enditem|p2a: Suicune|Leftovers|[from] move: Corrosive Gas|[of] p1a: Weezing
|
|upkeep
|turn|135
|
|t:|1667944551
|switch|p1a: Flygon|Flygon, F|65/100
|-damage|p1a: Flygon|59/100|[from] Stealth Rock
|move|p2a: Suicune|Scald|p1a: Flygon
|-damage|p1a: Flygon|27/100
|-status|p1a: Flygon|brn
|
|-damage|p1a: Flygon|21/100 brn|[from] brn
|upkeep
|turn|136
|
|t:|1667944556
|move|p2a: Suicune|Protect|p2a: Suicune
|-singleturn|p2a: Suicune|Protect
|move|p1a: Flygon|Defog|p2a: Suicune
|-activate|p2a: Suicune|move: Protect
|
|-damage|p1a: Flygon|15/100 brn|[from] brn
|upkeep
|turn|137
|inactive|Scavet has 180 seconds left.
|
|t:|1667944572
|switch|p2a: Crobat|Crobat, F|72/100 brn
|move|p1a: Flygon|Defog|p2a: Crobat
|-unboost|p2a: Crobat|evasion|1
|-sideend|p1: btboy|Spikes|[from] move: Defog|[of] p1a: Flygon
|-sideend|p1: btboy|Stealth Rock|[from] move: Defog|[of] p1a: Flygon
|
|-damage|p2a: Crobat|66/100 brn|[from] brn
|-damage|p1a: Flygon|9/100 brn|[from] brn
|upkeep
|turn|138
|
|t:|1667944581
|switch|p2a: Cresselia|Cresselia, F|80/100
|move|p1a: Flygon|U-turn|p2a: Cresselia
|-supereffective|p2a: Cresselia
|-damage|p2a: Cresselia|70/100
|
|t:|1667944587
|switch|p1a: Heracross|Heracross, F|40/100|[from]move: U-turn
|
|-heal|p2a: Cresselia|76/100|[from] item: Leftovers
|upkeep
|turn|139
|
|t:|1667944593
|switch|p2a: Crobat|Crobat, F|66/100 brn
|move|p1a: Heracross|Knock Off|p2a: Crobat
|-damage|p2a: Crobat|34/100 brn
|-enditem|p2a: Crobat|Heavy-Duty Boots|[from] move: Knock Off|[of] p1a: Heracross
|
|-damage|p2a: Crobat|28/100 brn|[from] brn
|upkeep
|turn|140
|
|t:|1667944599
|switch|p1a: Registeel|Registeel|82/100
|move|p2a: Crobat|Brave Bird|p1a: Registeel
|-resisted|p1a: Registeel
|-damage|p1a: Registeel|76/100
|-damage|p2a: Crobat|26/100 brn|[from] Recoil
|
|-heal|p1a: Registeel|82/100|[from] item: Leftovers
|-damage|p2a: Crobat|20/100 brn|[from] brn
|upkeep
|turn|141
|
|t:|1667944610
|move|p2a: Crobat|Roost|p2a: Crobat
|-heal|p2a: Crobat|70/100 brn
|-singleturn|p2a: Crobat|move: Roost
|move|p1a: Registeel|Stealth Rock|p2a: Crobat
|-sidestart|p2: Scavet|move: Stealth Rock
|
|-heal|p1a: Registeel|88/100|[from] item: Leftovers
|-damage|p2a: Crobat|64/100 brn|[from] brn
|upkeep
|turn|142
|
|t:|1667944629
|switch|p2a: Suicune|Suicune|63/100 par
|-damage|p2a: Suicune|50/100 par|[from] Stealth Rock
|-ability|p2a: Suicune|Pressure
|move|p1a: Registeel|Heavy Slam|p2a: Suicune
|-resisted|p2a: Suicune
|-damage|p2a: Suicune|46/100 par
|
|-heal|p1a: Registeel|94/100|[from] item: Leftovers
|upkeep
|turn|143
|
|t:|1667944648
|switch|p2a: Crobat|Crobat, F|64/100 brn
|-damage|p2a: Crobat|39/100 brn|[from] Stealth Rock
|switch|p1a: Jellicent|Jellicent, F|85/100
|
|-damage|p2a: Crobat|32/100 brn|[from] brn
|upkeep
|turn|144
|
|t:|1667944673
|switch|p2a: Cresselia|Cresselia, F|76/100
|-damage|p2a: Cresselia|64/100|[from] Stealth Rock
|move|p1a: Jellicent|Hex|p2a: Cresselia
|-supereffective|p2a: Cresselia
|-damage|p2a: Cresselia|38/100
|
|-heal|p2a: Cresselia|44/100|[from] item: Leftovers
|upkeep
|turn|145
|inactive|Scavet has 180 seconds left.
|
|t:|1667944697
|switch|p2a: Suicune|Suicune|46/100 par
|-damage|p2a: Suicune|34/100 par|[from] Stealth Rock
|-ability|p2a: Suicune|Pressure
|move|p1a: Jellicent|Hex|p2a: Suicune
|-damage|p2a: Suicune|7/100 par
|
|upkeep
|turn|146
|
|t:|1667944711
|switch|p1a: Flygon|Flygon, F|9/100 brn
|move|p2a: Suicune|Protect||[still]
|-fail|p2a: Suicune
|
|-damage|p1a: Flygon|3/100 brn|[from] brn
|upkeep
|turn|147
|inactive|Scavet has 180 seconds left.
|inactive|btboy has 270 seconds left.
|inactive|Scavet has 150 seconds left.
|
|t:|1667944769
|move|p1a: Flygon|U-turn|p2a: Suicune
|-damage|p2a: Suicune|0 fnt
|faint|p2a: Suicune
|inactive|btboy has 270 seconds left.
|
|t:|1667944787
|switch|p1a: Jellicent|Jellicent, F|85/100|[from]move: U-turn
|
|upkeep
|
|t:|1667944794
|switch|p2a: Crobat|Crobat, F|32/100 brn
|-damage|p2a: Crobat|7/100 brn|[from] Stealth Rock
|turn|148
|inactive|Scavet has 150 seconds left.
|
|t:|1667944803
|move|p2a: Crobat|Toxic|p1a: Jellicent
|-status|p1a: Jellicent|tox
|move|p1a: Jellicent|Hex|p2a: Crobat
|-damage|p2a: Crobat|0 fnt
|faint|p2a: Crobat
|
|-damage|p1a: Jellicent|79/100 tox|[from] psn
|upkeep
|inactive|Scavet has 150 seconds left.
|
|t:|1667944810
|switch|p2a: Sylveon|Sylveon, M|75/100 brn
|-damage|p2a: Sylveon|62/100 brn|[from] Stealth Rock
|turn|149
|
|t:|1667944817
|move|p2a: Sylveon|Protect|p2a: Sylveon
|-singleturn|p2a: Sylveon|Protect
|move|p1a: Jellicent|Taunt|p2a: Sylveon
|-activate|p2a: Sylveon|move: Protect
|
|-heal|p2a: Sylveon|69/100 brn|[from] item: Leftovers
|-damage|p1a: Jellicent|67/100 tox|[from] psn
|-damage|p2a: Sylveon|62/100 brn|[from] brn
|upkeep
|turn|150
|
|t:|1667944824
|move|p1a: Jellicent|Taunt|p2a: Sylveon
|-start|p2a: Sylveon|move: Taunt
|move|p2a: Sylveon|Moonblast|p1a: Jellicent
|-damage|p1a: Jellicent|39/100 tox
|
|-heal|p2a: Sylveon|69/100 brn|[from] item: Leftovers
|-damage|p1a: Jellicent|21/100 tox|[from] psn
|-damage|p2a: Sylveon|62/100 brn|[from] brn
|upkeep
|turn|151
|
|t:|1667944838
|switch|p2a: Cresselia|Cresselia, F|44/100
|-damage|p2a: Cresselia|32/100|[from] Stealth Rock
|move|p1a: Jellicent|Hex|p2a: Cresselia
|-supereffective|p2a: Cresselia
|-damage|p2a: Cresselia|7/100
|
|-heal|p2a: Cresselia|13/100|[from] item: Leftovers
|-damage|p1a: Jellicent|0 fnt|[from] psn
|faint|p1a: Jellicent
|upkeep
|inactive|Scavet disconnected and has 300 seconds to reconnect!
|player|p2|
|
|t:|1667944851
|switch|p1a: Heracross|Heracross, F|40/100
|turn|152
|inactive|Scavet has 270 seconds to reconnect!
|inactive|Scavet has 240 seconds to reconnect!
|inactive|Scavet has 210 seconds to reconnect!
|inactive|Scavet reconnected and has 175 seconds left.
|player|p2|Scavet|ruinmaniac-gen3
|
|t:|1667944980
|move|p1a: Heracross|Knock Off|p2a: Cresselia
|-supereffective|p2a: Cresselia
|-damage|p2a: Cresselia|0 fnt
|-enditem|p2a: Cresselia|Leftovers|[from] move: Knock Off|[of] p1a: Heracross
|faint|p2a: Cresselia
|-ability|p1a: Heracross|Moxie|boost
|-boost|p1a: Heracross|atk|1
|
|upkeep
|
|t:|1667944982
|switch|p2a: Sylveon|Sylveon, M|62/100 brn
|-damage|p2a: Sylveon|50/100 brn|[from] Stealth Rock
|turn|153
|
|t:|1667944989
|move|p1a: Heracross|Knock Off|p2a: Sylveon
|-resisted|p2a: Sylveon
|-damage|p2a: Sylveon|28/100 brn
|-enditem|p2a: Sylveon|Leftovers|[from] move: Knock Off|[of] p1a: Heracross
|move|p2a: Sylveon|Moonblast|p1a: Heracross
|-supereffective|p1a: Heracross
|-damage|p1a: Heracross|0 fnt
|faint|p1a: Heracross
|
|-damage|p2a: Sylveon|22/100 brn|[from] brn
|upkeep
|
|t:|1667944999
|switch|p1a: Registeel|Registeel|94/100
|turn|154
|inactive|Scavet has 180 seconds left.
|c|☆btboy|gg
|
|t:|1667945006
|move|p2a: Sylveon|Wish|p2a: Sylveon
|move|p1a: Registeel|Heavy Slam|p2a: Sylveon
|-supereffective|p2a: Sylveon
|-damage|p2a: Sylveon|0 fnt
|faint|p2a: Sylveon
|
|win|btboy
|c|☆Scavet|gg
|c|☆Scavet|i choked bc of irl problems
|c|☆btboy|do you need to reschedule the last gamee
|player|p2|Scavet|ruinmaniac-gen3
