|inactive|Battle timer is ON: inactive players will automatically lose when time's up.
|t:|1659535135
|gametype|singles
|player|p1|pinkdragontamer|#wcop2022ussouth|
|player|p2|Axelsior|adaman|
|teamsize|p1|6
|teamsize|p2|6
|gen|8
|tier|[Gen 8] RU
|rule|Sleep Clause Mod: Limit one foe put to sleep
|rule|Species Clause: Limit one of each Pokémon
|rule|OHKO Clause: OHKO moves are banned
|rule|Evasion Moves Clause: Evasion moves are banned
|rule|Endless Battle Clause: Forcing endless battles is banned
|rule|HP Percentage Mod: HP is shown in percentages
|rule|Dynamax Clause: You cannot dynamax
|clearpoke
|poke|p1|Milotic, F|
|poke|p1|Registeel|
|poke|p1|Crobat, F|
|poke|p1|Heracross, M|
|poke|p1|Rhyperior, M|
|poke|p1|Celebi|
|poke|p2|Golisopod, M|
|poke|p2|Rhyperior, F|
|poke|p2|Raikou|
|poke|p2|Reuniclus, F|
|poke|p2|Registeel|
|poke|p2|Togekiss, F|
|teampreview
|inactive|Axelsior also wants the timer to be on.
|c|☆pinkdragontamer|hf
|c|☆Axelsior|hf
|inactive|pinkdragontamer has 270 seconds left.
|inactive|Axelsior has 270 seconds left.
|inactive|pinkdragontamer has 240 seconds left.
|inactive|Axelsior has 240 seconds left.
|inactive|Axelsior has 210 seconds left.
|
|t:|1659535225
|start
|switch|p1a: Crobat|Crobat, F|100/100
|switch|p2a: Registeel|Registeel|100/100
|turn|1
|
|t:|1659535231
|move|p1a: Crobat|Taunt|p2a: Registeel
|-start|p2a: Registeel|move: Taunt
|move|p2a: Registeel|Heavy Slam|p1a: Crobat
|-damage|p1a: Crobat|81/100
|
|upkeep
|turn|2
|
|t:|1659535236
|move|p1a: Crobat|U-turn|p2a: Registeel
|-resisted|p2a: Registeel
|-damage|p2a: Registeel|96/100
|
|t:|1659535238
|switch|p1a: Rhyperior|Rhyperior, M|100/100|[from]move: U-turn
|move|p2a: Registeel|Body Press|p1a: Rhyperior
|-supereffective|p1a: Rhyperior
|-damage|p1a: Rhyperior|76/100
|
|-heal|p2a: Registeel|100/100|[from] item: Leftovers
|-heal|p1a: Rhyperior|82/100|[from] item: Leftovers
|upkeep
|turn|3
|
|t:|1659535265
|switch|p2a: Reuniclus|Reuniclus, F|100/100
|move|p1a: Rhyperior|Stealth Rock|p2a: Reuniclus
|-sidestart|p2: Axelsior|move: Stealth Rock
|
|-heal|p1a: Rhyperior|88/100|[from] item: Leftovers
|upkeep
|turn|4
|
|t:|1659535274
|move|p1a: Rhyperior|Earthquake|p2a: Reuniclus
|-damage|p2a: Reuniclus|68/100
|move|p2a: Reuniclus|Focus Blast|p1a: Rhyperior
|-supereffective|p1a: Rhyperior
|-damage|p1a: Rhyperior|46/100
|
|-heal|p1a: Rhyperior|52/100|[from] item: Leftovers
|upkeep
|turn|5
|
|t:|1659535280
|switch|p1a: Heracross|Heracross, M|100/100
|move|p2a: Reuniclus|Psyshock|p1a: Heracross
|-supereffective|p1a: Heracross
|-damage|p1a: Heracross|11/100
|
|upkeep
|turn|6
|
|t:|1659535298
|switch|p2a: Togekiss|Togekiss, F|100/100
|move|p1a: Heracross|Close Combat|p2a: Togekiss
|-resisted|p2a: Togekiss
|-damage|p2a: Togekiss|79/100
|-unboost|p1a: Heracross|def|1
|-unboost|p1a: Heracross|spd|1
|
|upkeep
|turn|7
|
|t:|1659535308
|switch|p1a: Rhyperior|Rhyperior, M|52/100
|switch|p2a: Reuniclus|Reuniclus, F|68/100
|
|-heal|p1a: Rhyperior|58/100|[from] item: Leftovers
|upkeep
|turn|8
|
|t:|1659535316
|switch|p1a: Heracross|Heracross, M|11/100
|move|p2a: Reuniclus|Calm Mind|p2a: Reuniclus
|-boost|p2a: Reuniclus|spa|1
|-boost|p2a: Reuniclus|spd|1
|
|upkeep
|turn|9
|
|t:|1659535321
|switch|p2a: Togekiss|Togekiss, F|79/100
|move|p1a: Heracross|Megahorn|p2a: Togekiss
|-resisted|p2a: Togekiss
|-damage|p2a: Togekiss|58/100
|
|upkeep
|turn|10
|
|t:|1659535328
|switch|p1a: Rhyperior|Rhyperior, M|58/100
|move|p2a: Togekiss|Roost|p2a: Togekiss
|-heal|p2a: Togekiss|100/100
|-singleturn|p2a: Togekiss|move: Roost
|
|-heal|p1a: Rhyperior|64/100|[from] item: Leftovers
|upkeep
|turn|11
|
|t:|1659535356
|switch|p2a: Reuniclus|Reuniclus, F|68/100
|move|p1a: Rhyperior|Stone Edge|p2a: Reuniclus
|-damage|p2a: Reuniclus|34/100
|
|-heal|p1a: Rhyperior|71/100|[from] item: Leftovers
|upkeep
|turn|12
|inactive|Axelsior has 270 seconds left.
|inactive|Axelsior has 240 seconds left.
|
|t:|1659535405
|switch|p2a: Golisopod|Golisopod, M|100/100
|move|p1a: Rhyperior|Earthquake|p2a: Golisopod
|-resisted|p2a: Golisopod
|-damage|p2a: Golisopod|84/100
|
|-heal|p1a: Rhyperior|77/100|[from] item: Leftovers
|upkeep
|turn|13
|
|t:|1659535421
|switch|p1a: Milotic|Milotic, F|100/100
|move|p2a: Golisopod|Liquidation|p1a: Milotic
|-resisted|p1a: Milotic
|-damage|p1a: Milotic|81/100
|
|upkeep
|turn|14
|
|t:|1659535428
|move|p1a: Milotic|Scald|p2a: Golisopod
|-resisted|p2a: Golisopod
|-damage|p2a: Golisopod|68/100
|move|p2a: Golisopod|Swords Dance|p2a: Golisopod
|-boost|p2a: Golisopod|atk|2
|
|upkeep
|turn|15
|c|+so noisy|gl axelsior
|
|t:|1659535437
|switch|p1a: Crobat|Crobat, F|81/100
|move|p2a: Golisopod|Liquidation|p1a: Crobat
|-damage|p1a: Crobat|0 fnt
|faint|p1a: Crobat
|
|upkeep
|
|t:|1659535442
|switch|p1a: Heracross|Heracross, M|11/100
|turn|16
|inactive|Axelsior has 270 seconds left.
|
|t:|1659535461
|switch|p1a: Celebi|Celebi|100/100
|switch|p2a: Rhyperior|Rhyperior, F|100/100
|-damage|p2a: Rhyperior|94/100|[from] Stealth Rock
|
|-heal|p2a: Rhyperior|100/100|[from] item: Leftovers
|upkeep
|turn|17
|inactive|Axelsior has 240 seconds left.
|
|t:|1659535492
|switch|p2a: Registeel|Registeel|100/100
|-damage|p2a: Registeel|94/100|[from] Stealth Rock
|move|p1a: Celebi|Nasty Plot|p1a: Celebi
|-boost|p1a: Celebi|spa|2
|
|-heal|p2a: Registeel|100/100|[from] item: Leftovers
|upkeep
|turn|18
|inactive|Axelsior has 240 seconds left.
|
|t:|1659535509
|move|p1a: Celebi|Nasty Plot|p1a: Celebi
|-boost|p1a: Celebi|spa|2
|move|p2a: Registeel|Heavy Slam|p1a: Celebi
|-crit|p1a: Celebi
|-damage|p1a: Celebi|52/100
|
|upkeep
|turn|19
|inactive|Axelsior has 240 seconds left.
|
|t:|1659535516
|move|p1a: Celebi|Aura Sphere|p2a: Registeel
|-supereffective|p2a: Registeel
|-damage|p2a: Registeel|27/100
|move|p2a: Registeel|Heavy Slam|p1a: Celebi
|-damage|p1a: Celebi|19/100
|
|-heal|p2a: Registeel|33/100|[from] item: Leftovers
|upkeep
|turn|20
|
|t:|1659535525
|move|p1a: Celebi|Recover|p1a: Celebi
|-heal|p1a: Celebi|69/100
|move|p2a: Registeel|Heavy Slam|p1a: Celebi
|-damage|p1a: Celebi|35/100
|
|-heal|p2a: Registeel|39/100|[from] item: Leftovers
|upkeep
|turn|21
|
|t:|1659535531
|move|p1a: Celebi|Recover|p1a: Celebi
|-heal|p1a: Celebi|86/100
|move|p2a: Registeel|Toxic|p1a: Celebi|[miss]
|-miss|p2a: Registeel|p1a: Celebi
|
|-heal|p2a: Registeel|45/100|[from] item: Leftovers
|upkeep
|turn|22
|
|t:|1659535537
|move|p1a: Celebi|Aura Sphere|p2a: Registeel
|-supereffective|p2a: Registeel
|-damage|p2a: Registeel|0 fnt
|faint|p2a: Registeel
|
|upkeep
|
|t:|1659535539
|switch|p2a: Golisopod|Golisopod, M|68/100
|turn|23
|
|t:|1659535545
|switch|p1a: Milotic|Milotic, F|81/100
|move|p2a: Golisopod|First Impression|p1a: Milotic
|-damage|p1a: Milotic|44/100
|
|upkeep
|turn|24
|
|t:|1659535548
|move|p1a: Milotic|Recover|p1a: Milotic
|-heal|p1a: Milotic|94/100
|move|p2a: Golisopod|Leech Life|p1a: Milotic
|-damage|p1a: Milotic|57/100
|-heal|p2a: Golisopod|90/100|[from] drain|[of] p1a: Milotic
|
|upkeep
|turn|25
|
|t:|1659535554
|move|p1a: Milotic|Scald|p2a: Golisopod
|-resisted|p2a: Golisopod
|-damage|p2a: Golisopod|75/100
|-status|p2a: Golisopod|brn
|move|p2a: Golisopod|Swords Dance|p2a: Golisopod
|-boost|p2a: Golisopod|atk|2
|
|-damage|p2a: Golisopod|68/100 brn|[from] brn
|upkeep
|turn|26
|
|t:|1659535583
|move|p1a: Milotic|Recover|p1a: Milotic
|-heal|p1a: Milotic|100/100
|move|p2a: Golisopod|Leech Life|p1a: Milotic
|-damage|p1a: Milotic|64/100
|-heal|p2a: Golisopod|90/100 brn|[from] drain|[of] p1a: Milotic
|
|-damage|p2a: Golisopod|84/100 brn|[from] brn
|upkeep
|turn|27
|
|t:|1659535591
|move|p1a: Milotic|Scald|p2a: Golisopod
|-resisted|p2a: Golisopod
|-damage|p2a: Golisopod|69/100 brn
|move|p2a: Golisopod|Liquidation|p1a: Milotic
|-resisted|p1a: Milotic
|-damage|p1a: Milotic|46/100
|-unboost|p1a: Milotic|def|1
|
|-damage|p2a: Golisopod|63/100 brn|[from] brn
|upkeep
|turn|28
|
|t:|1659535595
|move|p1a: Milotic|Scald|p2a: Golisopod
|-resisted|p2a: Golisopod
|-damage|p2a: Golisopod|48/100 brn
|-activate|p2a: Golisopod|ability: Emergency Exit
|
|t:|1659535604
|switch|p2a: Raikou|Raikou|100/100
|
|upkeep
|turn|29
|
|t:|1659535621
|switch|p1a: Rhyperior|Rhyperior, M|77/100
|move|p2a: Raikou|Scald|p1a: Rhyperior
|-supereffective|p1a: Rhyperior
|-damage|p1a: Rhyperior|17/100
|
|-heal|p1a: Rhyperior|24/100|[from] item: Leftovers
|upkeep
|turn|30
|
|t:|1659535625
|switch|p1a: Celebi|Celebi|86/100
|move|p2a: Raikou|Scald|p1a: Celebi
|-resisted|p1a: Celebi
|-damage|p1a: Celebi|72/100
|
|upkeep
|turn|31
|
|t:|1659535635
|move|p2a: Raikou|Volt Switch|p1a: Celebi
|-resisted|p1a: Celebi
|-damage|p1a: Celebi|55/100
|
|t:|1659535637
|switch|p2a: Togekiss|Togekiss, F|100/100|[from]move: Volt Switch
|move|p1a: Celebi|Nasty Plot|p1a: Celebi
|-boost|p1a: Celebi|spa|2
|
|upkeep
|turn|32
|
|t:|1659535652
|switch|p1a: Rhyperior|Rhyperior, M|24/100
|move|p2a: Togekiss|Air Slash|p1a: Rhyperior|[miss]
|-miss|p2a: Togekiss|p1a: Rhyperior
|
|-heal|p1a: Rhyperior|30/100|[from] item: Leftovers
|upkeep
|turn|33
|
|t:|1659535673
|switch|p2a: Rhyperior|Rhyperior, F|100/100
|-damage|p2a: Rhyperior|94/100|[from] Stealth Rock
|move|p1a: Rhyperior|Stone Edge|p2a: Rhyperior|[miss]
|-miss|p1a: Rhyperior|p2a: Rhyperior
|
|-heal|p2a: Rhyperior|100/100|[from] item: Leftovers
|-heal|p1a: Rhyperior|36/100|[from] item: Leftovers
|upkeep
|turn|34
|
|t:|1659535685
|switch|p1a: Milotic|Milotic, F|46/100
|move|p2a: Rhyperior|Substitute|p2a: Rhyperior
|-start|p2a: Rhyperior|Substitute
|-damage|p2a: Rhyperior|76/100
|
|-heal|p2a: Rhyperior|82/100|[from] item: Leftovers
|upkeep
|turn|35
|
|t:|1659535693
|move|p1a: Milotic|Recover|p1a: Milotic
|-heal|p1a: Milotic|96/100
|move|p2a: Rhyperior|Earthquake|p1a: Milotic
|-damage|p1a: Milotic|45/100
|
|-heal|p2a: Rhyperior|88/100|[from] item: Leftovers
|upkeep
|turn|36
|
|t:|1659535698
|move|p1a: Milotic|Recover|p1a: Milotic
|-heal|p1a: Milotic|95/100
|move|p2a: Rhyperior|Earthquake|p1a: Milotic
|-damage|p1a: Milotic|44/100
|
|-heal|p2a: Rhyperior|94/100|[from] item: Leftovers
|upkeep
|turn|37
|
|t:|1659535702
|move|p1a: Milotic|Scald|p2a: Rhyperior
|-supereffective|p2a: Rhyperior
|-end|p2a: Rhyperior|Substitute
|move|p2a: Rhyperior|Earthquake|p1a: Milotic
|-damage|p1a: Milotic|0 fnt
|faint|p1a: Milotic
|
|-heal|p2a: Rhyperior|99/100|[from] item: Leftovers
|upkeep
|
|t:|1659535704
|switch|p1a: Heracross|Heracross, M|11/100
|turn|38
|
|t:|1659535720
|switch|p2a: Togekiss|Togekiss, F|100/100
|move|p1a: Heracross|Stone Edge|p2a: Togekiss|[miss]
|-miss|p1a: Heracross|p2a: Togekiss
|
|upkeep
|turn|39
|
|t:|1659535740
|move|p1a: Heracross|Stone Edge|p2a: Togekiss|[miss]
|-miss|p1a: Heracross|p2a: Togekiss
|move|p2a: Togekiss|Air Slash|p1a: Heracross
|-supereffective|p1a: Heracross
|-damage|p1a: Heracross|0 fnt
|faint|p1a: Heracross
|
|upkeep
|inactive|pinkdragontamer has 270 seconds left.
|
|t:|1659535759
|switch|p1a: Registeel|Registeel|100/100
|turn|40
|
|t:|1659535784
|switch|p2a: Reuniclus|Reuniclus, F|34/100
|move|p1a: Registeel|Iron Defense|p1a: Registeel
|-boost|p1a: Registeel|def|2
|
|upkeep
|turn|41
|
|t:|1659535788
|move|p1a: Registeel|Amnesia|p1a: Registeel
|-boost|p1a: Registeel|spd|2
|move|p2a: Reuniclus|Recover|p2a: Reuniclus
|-heal|p2a: Reuniclus|84/100
|
|upkeep
|turn|42
|
|t:|1659535791
|move|p1a: Registeel|Amnesia|p1a: Registeel
|-boost|p1a: Registeel|spd|2
|move|p2a: Reuniclus|Calm Mind|p2a: Reuniclus
|-boost|p2a: Reuniclus|spa|1
|-boost|p2a: Reuniclus|spd|1
|
|upkeep
|turn|43
|
|t:|1659535794
|move|p1a: Registeel|Amnesia|p1a: Registeel
|-boost|p1a: Registeel|spd|2
|move|p2a: Reuniclus|Calm Mind|p2a: Reuniclus
|-boost|p2a: Reuniclus|spa|1
|-boost|p2a: Reuniclus|spd|1
|
|upkeep
|turn|44
|
|t:|1659535796
|move|p1a: Registeel|Iron Defense|p1a: Registeel
|-boost|p1a: Registeel|def|2
|move|p2a: Reuniclus|Calm Mind|p2a: Reuniclus
|-boost|p2a: Reuniclus|spa|1
|-boost|p2a: Reuniclus|spd|1
|
|upkeep
|turn|45
|
|t:|1659535807
|move|p1a: Registeel|Iron Defense|p1a: Registeel
|-boost|p1a: Registeel|def|2
|move|p2a: Reuniclus|Recover|p2a: Reuniclus
|-heal|p2a: Reuniclus|100/100
|
|upkeep
|turn|46
|
|t:|1659535810
|move|p1a: Registeel|Body Press|p2a: Reuniclus
|-resisted|p2a: Reuniclus
|-damage|p2a: Reuniclus|52/100
|move|p2a: Reuniclus|Calm Mind|p2a: Reuniclus
|-boost|p2a: Reuniclus|spa|1
|-boost|p2a: Reuniclus|spd|1
|
|upkeep
|turn|47
|
|t:|1659535832
|move|p1a: Registeel|Amnesia|p1a: Registeel
|-boost|p1a: Registeel|spd|0
|move|p2a: Reuniclus|Recover|p2a: Reuniclus
|-heal|p2a: Reuniclus|100/100
|
|upkeep
|turn|48
|
|t:|1659535839
|move|p1a: Registeel|Body Press|p2a: Reuniclus
|-resisted|p2a: Reuniclus
|-damage|p2a: Reuniclus|51/100
|move|p2a: Reuniclus|Calm Mind|p2a: Reuniclus
|-boost|p2a: Reuniclus|spa|1
|-boost|p2a: Reuniclus|spd|1
|
|upkeep
|turn|49
|
|t:|1659535843
|move|p1a: Registeel|Body Press|p2a: Reuniclus
|-resisted|p2a: Reuniclus
|-damage|p2a: Reuniclus|5/100
|move|p2a: Reuniclus|Recover|p2a: Reuniclus
|-heal|p2a: Reuniclus|55/100
|
|upkeep
|turn|50
|
|t:|1659535860
|move|p1a: Registeel|Amnesia|p1a: Registeel
|-boost|p1a: Registeel|spd|0
|move|p2a: Reuniclus|Focus Blast|p1a: Registeel
|-supereffective|p1a: Registeel
|-damage|p1a: Registeel|62/100
|
|upkeep
|turn|51
|
|t:|1659535868
|move|p1a: Registeel|Body Press|p2a: Reuniclus
|-resisted|p2a: Reuniclus
|-damage|p2a: Reuniclus|9/100
|move|p2a: Reuniclus|Focus Blast|p1a: Registeel
|-supereffective|p1a: Registeel
|-damage|p1a: Registeel|26/100
|
|upkeep
|turn|52
|
|t:|1659535871
|move|p1a: Registeel|Rest|p1a: Registeel
|-status|p1a: Registeel|slp|[from] move: Rest
|-heal|p1a: Registeel|100/100 slp|[silent]
|-enditem|p1a: Registeel|Chesto Berry|[eat]
|-curestatus|p1a: Registeel|slp|[msg]
|move|p2a: Reuniclus|Focus Blast|p1a: Registeel|[miss]
|-miss|p2a: Reuniclus|p1a: Registeel
|
|upkeep
|turn|53
|
|t:|1659535876
|move|p1a: Registeel|Body Press|p2a: Reuniclus
|-resisted|p2a: Reuniclus
|-damage|p2a: Reuniclus|0 fnt
|faint|p2a: Reuniclus
|
|upkeep
|
|t:|1659535904
|switch|p2a: Rhyperior|Rhyperior, F|99/100
|-damage|p2a: Rhyperior|94/100|[from] Stealth Rock
|turn|54
|
|t:|1659535913
|switch|p2a: Togekiss|Togekiss, F|100/100
|move|p1a: Registeel|Body Press|p2a: Togekiss
|-resisted|p2a: Togekiss
|-damage|p2a: Togekiss|71/100
|
|upkeep
|turn|55
|
|t:|1659535919
|move|p2a: Togekiss|Nasty Plot|p2a: Togekiss
|-boost|p2a: Togekiss|spa|2
|move|p1a: Registeel|Amnesia|p1a: Registeel
|-boost|p1a: Registeel|spd|0
|
|upkeep
|turn|56
|
|t:|1659535939
|move|p2a: Togekiss|Air Slash|p1a: Registeel
|-resisted|p1a: Registeel
|-crit|p1a: Registeel
|-damage|p1a: Registeel|73/100
|cant|p1a: Registeel|flinch
|
|upkeep
|turn|57
|
|t:|1659535943
|move|p2a: Togekiss|Nasty Plot|p2a: Togekiss
|-boost|p2a: Togekiss|spa|2
|move|p1a: Registeel|Amnesia|p1a: Registeel
|-boost|p1a: Registeel|spd|0
|
|upkeep
|turn|58
|
|t:|1659535946
|move|p2a: Togekiss|Nasty Plot|p2a: Togekiss
|-boost|p2a: Togekiss|spa|2
|move|p1a: Registeel|Body Press|p2a: Togekiss
|-resisted|p2a: Togekiss
|-damage|p2a: Togekiss|42/100
|
|upkeep
|turn|59
|
|t:|1659535950
|move|p2a: Togekiss|Air Slash|p1a: Registeel
|-resisted|p1a: Registeel
|-damage|p1a: Registeel|63/100
|move|p1a: Registeel|Body Press|p2a: Togekiss
|-resisted|p2a: Togekiss
|-damage|p2a: Togekiss|9/100
|
|upkeep
|turn|60
|
|t:|1659535953
|move|p2a: Togekiss|Roost|p2a: Togekiss
|-heal|p2a: Togekiss|59/100
|-singleturn|p2a: Togekiss|move: Roost
|move|p1a: Registeel|Body Press|p2a: Togekiss
|-resisted|p2a: Togekiss
|-damage|p2a: Togekiss|0 fnt
|faint|p2a: Togekiss
|
|upkeep
|
|t:|1659535980
|switch|p2a: Rhyperior|Rhyperior, F|94/100
|-damage|p2a: Rhyperior|88/100|[from] Stealth Rock
|turn|61
|
|t:|1659535994
|move|p2a: Rhyperior|Substitute|p2a: Rhyperior
|-start|p2a: Rhyperior|Substitute
|-damage|p2a: Rhyperior|63/100
|move|p1a: Registeel|Body Press|p2a: Rhyperior
|-supereffective|p2a: Rhyperior
|-end|p2a: Rhyperior|Substitute
|
|-heal|p2a: Rhyperior|69/100|[from] item: Leftovers
|upkeep
|turn|62
|
|t:|1659536002
|move|p2a: Rhyperior|Substitute|p2a: Rhyperior
|-start|p2a: Rhyperior|Substitute
|-damage|p2a: Rhyperior|44/100
|move|p1a: Registeel|Body Press|p2a: Rhyperior
|-supereffective|p2a: Rhyperior
|-end|p2a: Rhyperior|Substitute
|
|-heal|p2a: Rhyperior|50/100|[from] item: Leftovers
|upkeep
|turn|63
|
|t:|1659536010
|switch|p2a: Raikou|Raikou|100/100
|move|p1a: Registeel|Body Press|p2a: Raikou
|-damage|p2a: Raikou|0 fnt
|faint|p2a: Raikou
|
|upkeep
|
|t:|1659536013
|switch|p2a: Rhyperior|Rhyperior, F|50/100
|-damage|p2a: Rhyperior|44/100|[from] Stealth Rock
|turn|64
|
|t:|1659536023
|move|p2a: Rhyperior|Substitute|p2a: Rhyperior
|-start|p2a: Rhyperior|Substitute
|-damage|p2a: Rhyperior|19/100
|move|p1a: Registeel|Body Press|p2a: Rhyperior
|-supereffective|p2a: Rhyperior
|-end|p2a: Rhyperior|Substitute
|
|-heal|p2a: Rhyperior|25/100|[from] item: Leftovers
|upkeep
|turn|65
|
|t:|1659536025
|move|p2a: Rhyperior|Earthquake|p1a: Registeel
|-supereffective|p1a: Registeel
|-damage|p1a: Registeel|50/100
|move|p1a: Registeel|Body Press|p2a: Rhyperior
|-supereffective|p2a: Rhyperior
|-damage|p2a: Rhyperior|0 fnt
|faint|p2a: Rhyperior
|
|upkeep
|
|t:|1659536028
|switch|p2a: Golisopod|Golisopod, M|48/100 brn
|turn|66
|
|t:|1659536032
|move|p2a: Golisopod|Swords Dance|p2a: Golisopod
|-boost|p2a: Golisopod|atk|2
|move|p1a: Registeel|Body Press|p2a: Golisopod
|-resisted|p2a: Golisopod
|-damage|p2a: Golisopod|0 fnt
|faint|p2a: Golisopod
|
|win|pinkdragontamer
|c|☆pinkdragontamer|this was a horrible game LOL 
|c|☆pinkdragontamer|gg.
|c|☆Axelsior|gg
