|inactive|Battle timer is ON: inactive players will automatically lose when time's up.
|t:|1668360038
|gametype|singles
|player|p1|btboy|spenser-gen3|
|player|p2|MAc3|roxie|
|teamsize|p1|6
|teamsize|p2|6
|gen|8
|tier|[Gen 8] RU
|rule|Sleep Clause Mod: Limit one foe put to sleep
|rule|Species Clause: Limit one of each Pokémon
|rule|OHKO Clause: OHKO moves are banned
|rule|Evasion Items Clause: Evasion items are banned
|rule|Evasion Moves Clause: Evasion moves are banned
|rule|Endless Battle Clause: Forcing endless battles is banned
|rule|HP Percentage Mod: HP is shown in percentages
|rule|Dynamax Clause: You cannot dynamax
|clearpoke
|poke|p1|Nidoqueen, F|
|poke|p1|Gardevoir, M|
|poke|p1|Crobat, M|
|poke|p1|Stakataka|
|poke|p1|Milotic, F|
|poke|p1|Umbreon, F|
|poke|p2|Metagross|
|poke|p2|Sylveon, M|
|poke|p2|Aerodactyl, M|
|poke|p2|Lucario, F|
|poke|p2|Milotic, F|
|poke|p2|Flygon, F|
|teampreview
|c|☆btboy|glhf
|c|☆MAc3|hf
|inactive|btboy has 270 seconds left.
|inactive|btboy has 240 seconds left.
|inactive|btboy has 210 seconds left.
|
|t:|1668360149
|start
|switch|p1a: Milotic|Milotic, F|100/100
|switch|p2a: Milotic|Milotic, F|100/100
|turn|1
|
|t:|1668360154
|switch|p2a: Sylveon|Sylveon, M|100/100
|move|p1a: Milotic|Toxic|p2a: Sylveon
|-status|p2a: Sylveon|tox
|
|-damage|p2a: Sylveon|94/100 tox|[from] psn
|upkeep
|turn|2
|
|t:|1668360163
|switch|p1a: Nidoqueen|Nidoqueen, F|100/100
|switch|p2a: Milotic|Milotic, F|100/100
|
|upkeep
|turn|3
|inactive|btboy has 270 seconds left.
|
|t:|1668360169
|switch|p2a: Flygon|Flygon, F|100/100
|move|p1a: Nidoqueen|Toxic|p2a: Flygon
|-status|p2a: Flygon|tox
|
|-damage|p2a: Flygon|94/100 tox|[from] psn
|upkeep
|turn|4
|inactive|btboy has 270 seconds left.
|
|t:|1668360195
|switch|p1a: Crobat|Crobat, M|100/100
|move|p2a: Flygon|Earthquake|p1a: Crobat
|-immune|p1a: Crobat
|
|-damage|p2a: Flygon|82/100 tox|[from] psn
|upkeep
|turn|5
|
|t:|1668360202
|switch|p2a: Aerodactyl|Aerodactyl, M|100/100
|-ability|p2a: Aerodactyl|Pressure
|move|p1a: Crobat|U-turn|p2a: Aerodactyl
|-resisted|p2a: Aerodactyl
|-damage|p2a: Aerodactyl|88/100
|inactive|btboy has 240 seconds left.
|
|t:|1668360227
|switch|p1a: Milotic|Milotic, F|100/100|[from]move: U-turn
|
|upkeep
|turn|6
|
|t:|1668360234
|switch|p2a: Milotic|Milotic, F|100/100
|switch|p1a: Nidoqueen|Nidoqueen, F|100/100
|
|upkeep
|turn|7
|
|t:|1668360247
|move|p1a: Nidoqueen|Stealth Rock|p2a: Milotic
|-sidestart|p2: MAc3|move: Stealth Rock
|move|p2a: Milotic|Scald|p1a: Nidoqueen
|-supereffective|p1a: Nidoqueen
|-damage|p1a: Nidoqueen|31/100
|-status|p1a: Nidoqueen|brn
|
|-damage|p1a: Nidoqueen|25/100 brn|[from] brn
|upkeep
|turn|8
|
|t:|1668360256
|move|p1a: Nidoqueen|Toxic|p2a: Milotic
|-status|p2a: Milotic|tox
|move|p2a: Milotic|Ice Beam|p1a: Nidoqueen
|-supereffective|p1a: Nidoqueen
|-damage|p1a: Nidoqueen|0 fnt
|faint|p1a: Nidoqueen
|
|-damage|p2a: Milotic|94/100 tox|[from] psn
|upkeep
|
|t:|1668360272
|switch|p1a: Gardevoir|Gardevoir, M|100/100
|-ability|p1a: Gardevoir|Marvel Scale|[from] ability: Trace|[of] p2a: Milotic
|turn|9
|
|t:|1668360278
|move|p1a: Gardevoir|Moonblast|p2a: Milotic
|-damage|p2a: Milotic|45/100 tox
|-unboost|p2a: Milotic|spa|1
|move|p2a: Milotic|Recover|p2a: Milotic
|-heal|p2a: Milotic|95/100 tox
|
|-heal|p2a: Milotic|100/100 tox|[from] item: Leftovers
|-damage|p2a: Milotic|88/100 tox|[from] psn
|upkeep
|turn|10
|
|t:|1668360287
|switch|p1a: Umbreon|Umbreon, F|100/100
|switch|p2a: Metagross|Metagross|100/100
|-damage|p2a: Metagross|94/100|[from] Stealth Rock
|
|-heal|p2a: Metagross|100/100|[from] item: Leftovers
|upkeep
|turn|11
|
|t:|1668360297
|switch|p2a: Sylveon|Sylveon, M|94/100 tox
|-damage|p2a: Sylveon|82/100 tox|[from] Stealth Rock
|move|p1a: Umbreon|Foul Play|p2a: Sylveon
|-resisted|p2a: Sylveon
|-damage|p2a: Sylveon|75/100 tox
|
|-heal|p2a: Sylveon|81/100 tox|[from] item: Leftovers
|-damage|p2a: Sylveon|75/100 tox|[from] psn
|upkeep
|turn|12
|
|t:|1668360302
|switch|p1a: Gardevoir|Gardevoir, M|100/100
|-ability|p1a: Gardevoir|Pixilate|[from] ability: Trace|[of] p2a: Sylveon
|move|p2a: Sylveon|Heal Bell|p2a: Sylveon
|-activate|p2a: Sylveon|move: Heal Bell
|-curestatus|p2a: Sylveon|tox|[msg]
|-curestatus|p2: Flygon|tox|[msg]
|-curestatus|p2: Milotic|tox|[msg]
|
|-heal|p2a: Sylveon|81/100|[from] item: Leftovers
|upkeep
|turn|13
|
|t:|1668360313
|move|p2a: Sylveon|Protect|p2a: Sylveon
|-singleturn|p2a: Sylveon|Protect
|move|p1a: Gardevoir|Mystical Fire|p2a: Sylveon
|-activate|p2a: Sylveon|move: Protect
|
|-heal|p2a: Sylveon|88/100|[from] item: Leftovers
|upkeep
|turn|14
|
|t:|1668360324
|move|p1a: Gardevoir|Mystical Fire|p2a: Sylveon
|-crit|p2a: Sylveon
|-damage|p2a: Sylveon|49/100
|-unboost|p2a: Sylveon|spa|1
|move|p2a: Sylveon|Wish|p2a: Sylveon
|
|-heal|p2a: Sylveon|56/100|[from] item: Leftovers
|upkeep
|turn|15
|inactive|MAc3 has 270 seconds left.
|
|t:|1668360369
|switch|p1a: Milotic|Milotic, F|100/100
|move|p2a: Sylveon|Hyper Voice|p1a: Milotic
|-crit|p1a: Milotic
|-damage|p1a: Milotic|60/100
|
|-heal|p2a: Sylveon|100/100|[from] move: Wish|[wisher] Sylveon
|upkeep
|turn|16
|
|t:|1668360379
|switch|p2a: Metagross|Metagross|100/100
|-damage|p2a: Metagross|94/100|[from] Stealth Rock
|move|p1a: Milotic|Recover|p1a: Milotic
|-heal|p1a: Milotic|100/100
|
|-heal|p2a: Metagross|100/100|[from] item: Leftovers
|upkeep
|turn|17
|inactive|MAc3 has 270 seconds left.
|
|t:|1668360384
|switch|p1a: Umbreon|Umbreon, F|100/100
|move|p2a: Metagross|Cosmic Power|p2a: Metagross
|-boost|p2a: Metagross|def|1
|-boost|p2a: Metagross|spd|1
|
|upkeep
|turn|18
|
|t:|1668360390
|switch|p1a: Milotic|Milotic, F|100/100
|move|p2a: Metagross|Cosmic Power|p2a: Metagross
|-boost|p2a: Metagross|def|1
|-boost|p2a: Metagross|spd|1
|
|upkeep
|turn|19
|
|t:|1668360393
|switch|p2a: Flygon|Flygon, F|82/100
|-damage|p2a: Flygon|76/100|[from] Stealth Rock
|move|p1a: Milotic|Haze|p1a: Milotic
|-clearallboost
|
|upkeep
|turn|20
|
|t:|1668360398
|move|p2a: Flygon|Toxic|p1a: Milotic
|-status|p1a: Milotic|tox
|move|p1a: Milotic|Toxic|p2a: Flygon|[miss]
|-miss|p1a: Milotic|p2a: Flygon
|
|-damage|p1a: Milotic|94/100 tox|[from] psn
|upkeep
|turn|21
|
|t:|1668360402
|switch|p1a: Umbreon|Umbreon, F|100/100
|move|p2a: Flygon|Defog|p1a: Umbreon
|-unboost|p1a: Umbreon|evasion|1
|-sideend|p2: MAc3|Stealth Rock|[from] move: Defog|[of] p2a: Flygon
|
|upkeep
|turn|22
|
|t:|1668360407
|switch|p2a: Lucario|Lucario, F|100/100
|move|p1a: Umbreon|Heal Bell|p1a: Umbreon
|-activate|p1a: Umbreon|move: Heal Bell
|-curestatus|p1: Milotic|tox|[msg]
|
|upkeep
|turn|23
|
|t:|1668360417
|move|p2a: Lucario|Swords Dance|p2a: Lucario
|-boost|p2a: Lucario|atk|2
|move|p1a: Umbreon|Foul Play|p2a: Lucario
|-resisted|p2a: Lucario
|-crit|p2a: Lucario
|-damage|p2a: Lucario|0 fnt
|faint|p2a: Lucario
|
|upkeep
|c|☆btboy|dang imsorry
|c|☆btboy|thats ass
|inactive|MAc3 has 270 seconds left.
|
|t:|1668360453
|switch|p2a: Sylveon|Sylveon, M|100/100
|turn|24
|
|t:|1668360463
|switch|p1a: Gardevoir|Gardevoir, M|100/100
|-ability|p1a: Gardevoir|Pixilate|[from] ability: Trace|[of] p2a: Sylveon
|move|p2a: Sylveon|Hyper Voice|p1a: Gardevoir
|-damage|p1a: Gardevoir|54/100
|
|upkeep
|turn|25
|
|t:|1668360470
|move|p2a: Sylveon|Protect|p2a: Sylveon
|-singleturn|p2a: Sylveon|Protect
|move|p1a: Gardevoir|Trick|p2a: Sylveon
|-activate|p2a: Sylveon|move: Protect
|
|upkeep
|turn|26
|
|t:|1668360477
|switch|p2a: Aerodactyl|Aerodactyl, M|88/100
|-ability|p2a: Aerodactyl|Pressure
|move|p1a: Gardevoir|Trick|p2a: Aerodactyl
|-activate|p1a: Gardevoir|move: Trick|[of] p2a: Aerodactyl
|-item|p2a: Aerodactyl|Choice Specs|[from] move: Trick
|-item|p1a: Gardevoir|Heavy-Duty Boots|[from] move: Trick
|
|upkeep
|turn|27
|
|t:|1668360486
|switch|p1a: Milotic|Milotic, F|94/100
|move|p2a: Aerodactyl|Stone Edge|p1a: Milotic
|-crit|p1a: Milotic
|-damage|p1a: Milotic|40/100
|
|upkeep
|turn|28
|
|t:|1668360491
|move|p2a: Aerodactyl|Stone Edge|p1a: Milotic
|-damage|p1a: Milotic|4/100
|move|p1a: Milotic|Recover|p1a: Milotic
|-heal|p1a: Milotic|54/100
|
|upkeep
|turn|29
|
|t:|1668360497
|switch|p1a: Stakataka|Stakataka|100/100
|move|p2a: Aerodactyl|Stone Edge|p1a: Stakataka
|-resisted|p1a: Stakataka
|-damage|p1a: Stakataka|86/100
|
|upkeep
|turn|30
|
|t:|1668360504
|switch|p2a: Metagross|Metagross|100/100
|move|p1a: Stakataka|Stone Edge|p2a: Metagross
|-resisted|p2a: Metagross
|-damage|p2a: Metagross|80/100
|
|-heal|p2a: Metagross|86/100|[from] item: Leftovers
|upkeep
|turn|31
|
|t:|1668360510
|switch|p1a: Milotic|Milotic, F|54/100
|move|p2a: Metagross|Cosmic Power|p2a: Metagross
|-boost|p2a: Metagross|def|1
|-boost|p2a: Metagross|spd|1
|
|-heal|p2a: Metagross|92/100|[from] item: Leftovers
|upkeep
|turn|32
|
|t:|1668360512
|move|p2a: Metagross|Body Press|p1a: Milotic
|-damage|p1a: Milotic|27/100
|move|p1a: Milotic|Recover|p1a: Milotic
|-heal|p1a: Milotic|77/100
|
|-heal|p2a: Metagross|98/100|[from] item: Leftovers
|upkeep
|turn|33
|
|t:|1668360519
|switch|p2a: Flygon|Flygon, F|76/100
|move|p1a: Milotic|Haze|p1a: Milotic
|-clearallboost
|
|upkeep
|turn|34
|
|t:|1668360527
|switch|p2a: Milotic|Milotic, F|88/100
|switch|p1a: Umbreon|Umbreon, F|100/100
|
|-heal|p2a: Milotic|94/100|[from] item: Leftovers
|upkeep
|turn|35
|
|t:|1668360533
|switch|p2a: Sylveon|Sylveon, M|100/100
|move|p1a: Umbreon|Wish|p1a: Umbreon
|
|upkeep
|turn|36
|
|t:|1668360540
|switch|p1a: Gardevoir|Gardevoir, M|54/100
|-ability|p1a: Gardevoir|Pixilate|[from] ability: Trace|[of] p2a: Sylveon
|switch|p2a: Metagross|Metagross|98/100
|
|-heal|p1a: Gardevoir|100/100|[from] move: Wish|[wisher] Umbreon
|-heal|p2a: Metagross|100/100|[from] item: Leftovers
|upkeep
|turn|37
|
|t:|1668360550
|switch|p1a: Milotic|Milotic, F|77/100
|move|p2a: Metagross|Meteor Mash|p1a: Milotic
|-resisted|p1a: Milotic
|-damage|p1a: Milotic|60/100
|
|upkeep
|turn|38
|
|t:|1668360557
|switch|p2a: Sylveon|Sylveon, M|100/100
|move|p1a: Milotic|Scald|p2a: Sylveon
|-damage|p2a: Sylveon|83/100
|
|-heal|p2a: Sylveon|89/100|[from] item: Leftovers
|upkeep
|turn|39
|
|t:|1668360565
|move|p1a: Milotic|Recover|p1a: Milotic
|-heal|p1a: Milotic|100/100
|move|p2a: Sylveon|Hyper Voice|p1a: Milotic
|-damage|p1a: Milotic|72/100
|
|-heal|p2a: Sylveon|95/100|[from] item: Leftovers
|upkeep
|turn|40
|
|t:|1668360573
|switch|p1a: Stakataka|Stakataka|86/100
|move|p2a: Sylveon|Hyper Voice|p1a: Stakataka
|-resisted|p1a: Stakataka
|-damage|p1a: Stakataka|66/100
|
|-heal|p2a: Sylveon|100/100|[from] item: Leftovers
|upkeep
|turn|41
|
|t:|1668360580
|move|p2a: Sylveon|Protect|p2a: Sylveon
|-singleturn|p2a: Sylveon|Protect
|move|p1a: Stakataka|Earthquake|p2a: Sylveon
|-activate|p2a: Sylveon|move: Protect
|
|upkeep
|turn|42
|
|t:|1668360588
|switch|p2a: Milotic|Milotic, F|94/100
|move|p1a: Stakataka|Stone Edge|p2a: Milotic
|-damage|p2a: Milotic|40/100
|
|-heal|p2a: Milotic|46/100|[from] item: Leftovers
|upkeep
|turn|43
|
|t:|1668360595
|switch|p1a: Umbreon|Umbreon, F|100/100
|move|p2a: Milotic|Recover|p2a: Milotic
|-heal|p2a: Milotic|96/100
|
|-heal|p2a: Milotic|100/100|[from] item: Leftovers
|upkeep
|turn|44
|
|t:|1668360601
|move|p2a: Milotic|Scald|p1a: Umbreon
|-damage|p1a: Umbreon|85/100
|move|p1a: Umbreon|Wish|p1a: Umbreon
|
|-heal|p1a: Umbreon|91/100|[from] item: Leftovers
|upkeep
|turn|45
|
|t:|1668360608
|switch|p1a: Gardevoir|Gardevoir, M|100/100
|-ability|p1a: Gardevoir|Marvel Scale|[from] ability: Trace|[of] p2a: Milotic
|move|p2a: Milotic|Scald|p1a: Gardevoir
|-damage|p1a: Gardevoir|64/100
|
|-heal|p1a: Gardevoir|100/100|[from] move: Wish|[wisher] Umbreon
|upkeep
|turn|46
|
|t:|1668360618
|move|p1a: Gardevoir|Moonblast|p2a: Milotic
|-damage|p2a: Milotic|66/100
|move|p2a: Milotic|Scald|p1a: Gardevoir
|-damage|p1a: Gardevoir|69/100
|
|-heal|p2a: Milotic|72/100|[from] item: Leftovers
|upkeep
|turn|47
|
|t:|1668360623
|move|p1a: Gardevoir|Trick|p2a: Milotic
|-activate|p1a: Gardevoir|move: Trick|[of] p2a: Milotic
|-item|p2a: Milotic|Heavy-Duty Boots|[from] move: Trick
|-item|p1a: Gardevoir|Leftovers|[from] move: Trick
|move|p2a: Milotic|Scald|p1a: Gardevoir
|-damage|p1a: Gardevoir|35/100
|
|-heal|p1a: Gardevoir|41/100|[from] item: Leftovers
|upkeep
|turn|48
|
|t:|1668360627
|switch|p1a: Umbreon|Umbreon, F|91/100
|move|p2a: Milotic|Scald|p1a: Umbreon
|-damage|p1a: Umbreon|74/100
|-status|p1a: Umbreon|brn
|-activate|p1a: Umbreon|ability: Synchronize
|-status|p2a: Milotic|brn
|
|-heal|p1a: Umbreon|80/100 brn|[from] item: Leftovers
|-damage|p2a: Milotic|66/100 brn|[from] brn
|-damage|p1a: Umbreon|74/100 brn|[from] brn
|upkeep
|turn|49
|
|t:|1668360631
|switch|p2a: Metagross|Metagross|100/100
|move|p1a: Umbreon|Wish|p1a: Umbreon
|
|-heal|p1a: Umbreon|80/100 brn|[from] item: Leftovers
|-damage|p1a: Umbreon|74/100 brn|[from] brn
|upkeep
|turn|50
|
|t:|1668360640
|switch|p1a: Milotic|Milotic, F|72/100
|move|p2a: Metagross|Meteor Mash|p1a: Milotic
|-resisted|p1a: Milotic
|-damage|p1a: Milotic|58/100
|
|-heal|p1a: Milotic|100/100|[from] move: Wish|[wisher] Umbreon
|upkeep
|turn|51
|
|t:|1668360649
|switch|p2a: Milotic|Milotic, F|66/100 brn
|move|p1a: Milotic|Toxic||[still]
|-fail|p1a: Milotic
|
|-damage|p2a: Milotic|60/100 brn|[from] brn
|upkeep
|turn|52
|
|t:|1668360653
|switch|p1a: Umbreon|Umbreon, F|74/100 brn
|move|p2a: Milotic|Recover|p2a: Milotic
|-heal|p2a: Milotic|100/100 brn
|
|-heal|p1a: Umbreon|80/100 brn|[from] item: Leftovers
|-damage|p2a: Milotic|94/100 brn|[from] brn
|-damage|p1a: Umbreon|74/100 brn|[from] brn
|upkeep
|turn|53
|
|t:|1668360657
|switch|p2a: Metagross|Metagross|100/100
|move|p1a: Umbreon|Wish|p1a: Umbreon
|
|-heal|p1a: Umbreon|80/100 brn|[from] item: Leftovers
|-damage|p1a: Umbreon|74/100 brn|[from] brn
|upkeep
|turn|54
|
|t:|1668360667
|switch|p1a: Milotic|Milotic, F|100/100
|move|p2a: Metagross|Meteor Mash|p1a: Milotic
|-resisted|p1a: Milotic
|-damage|p1a: Milotic|84/100
|
|-heal|p1a: Milotic|100/100|[from] move: Wish|[wisher] Umbreon
|upkeep
|turn|55
|
|t:|1668360675
|switch|p2a: Milotic|Milotic, F|94/100 brn
|move|p1a: Milotic|Scald|p2a: Milotic
|-resisted|p2a: Milotic
|-damage|p2a: Milotic|85/100 brn
|
|-damage|p2a: Milotic|79/100 brn|[from] brn
|upkeep
|turn|56
|
|t:|1668360681
|switch|p1a: Umbreon|Umbreon, F|74/100 brn
|move|p2a: Milotic|Scald|p1a: Umbreon
|-damage|p1a: Umbreon|58/100 brn
|
|-heal|p1a: Umbreon|64/100 brn|[from] item: Leftovers
|-damage|p2a: Milotic|73/100 brn|[from] brn
|-damage|p1a: Umbreon|58/100 brn|[from] brn
|upkeep
|turn|57
|
|t:|1668360685
|switch|p2a: Metagross|Metagross|100/100
|move|p1a: Umbreon|Heal Bell|p1a: Umbreon
|-activate|p1a: Umbreon|move: Heal Bell
|-curestatus|p1a: Umbreon|brn|[msg]
|
|-heal|p1a: Umbreon|64/100|[from] item: Leftovers
|upkeep
|turn|58
|
|t:|1668360690
|switch|p1a: Milotic|Milotic, F|100/100
|move|p2a: Metagross|Body Press|p1a: Milotic
|-crit|p1a: Milotic
|-damage|p1a: Milotic|72/100
|
|upkeep
|turn|59
|
|t:|1668360698
|switch|p2a: Milotic|Milotic, F|73/100 brn
|move|p1a: Milotic|Scald|p2a: Milotic
|-resisted|p2a: Milotic
|-damage|p2a: Milotic|63/100 brn
|
|-damage|p2a: Milotic|57/100 brn|[from] brn
|upkeep
|turn|60
|
|t:|1668360702
|switch|p1a: Umbreon|Umbreon, F|64/100
|move|p2a: Milotic|Recover|p2a: Milotic
|-heal|p2a: Milotic|100/100 brn
|
|-heal|p1a: Umbreon|70/100|[from] item: Leftovers
|-damage|p2a: Milotic|94/100 brn|[from] brn
|upkeep
|turn|61
|
|t:|1668360719
|switch|p2a: Metagross|Metagross|100/100
|move|p1a: Umbreon|Wish|p1a: Umbreon
|
|-heal|p1a: Umbreon|76/100|[from] item: Leftovers
|upkeep
|turn|62
|
|t:|1668360724
|switch|p1a: Gardevoir|Gardevoir, M|41/100
|-ability|p1a: Gardevoir|Clear Body|[from] ability: Trace|[of] p2a: Metagross
|move|p2a: Metagross|Cosmic Power|p2a: Metagross
|-boost|p2a: Metagross|def|1
|-boost|p2a: Metagross|spd|1
|
|-heal|p1a: Gardevoir|100/100|[from] move: Wish|[wisher] Umbreon
|upkeep
|turn|63
|
|t:|1668360730
|switch|p1a: Milotic|Milotic, F|72/100
|move|p2a: Metagross|Cosmic Power|p2a: Metagross
|-boost|p2a: Metagross|def|1
|-boost|p2a: Metagross|spd|1
|
|upkeep
|turn|64
|
|t:|1668360733
|move|p2a: Metagross|Body Press|p1a: Milotic
|-damage|p1a: Milotic|32/100
|move|p1a: Milotic|Haze|p1a: Milotic
|-clearallboost
|
|upkeep
|turn|65
|
|t:|1668360738
|move|p2a: Metagross|Body Press|p1a: Milotic
|-damage|p1a: Milotic|14/100
|move|p1a: Milotic|Recover|p1a: Milotic
|-heal|p1a: Milotic|64/100
|
|upkeep
|turn|66
|
|t:|1668360742
|switch|p2a: Sylveon|Sylveon, M|100/100
|move|p1a: Milotic|Recover|p1a: Milotic
|-heal|p1a: Milotic|100/100
|
|upkeep
|turn|67
|
|t:|1668360746
|move|p1a: Milotic|Toxic|p2a: Sylveon
|-status|p2a: Sylveon|tox
|move|p2a: Sylveon|Hyper Voice|p1a: Milotic
|-damage|p1a: Milotic|73/100
|
|-damage|p2a: Sylveon|94/100 tox|[from] psn
|upkeep
|turn|68
|
|t:|1668360755
|switch|p1a: Gardevoir|Gardevoir, M|100/100
|-ability|p1a: Gardevoir|Pixilate|[from] ability: Trace|[of] p2a: Sylveon
|move|p2a: Sylveon|Heal Bell|p2a: Sylveon
|-activate|p2a: Sylveon|move: Heal Bell
|-curestatus|p2a: Sylveon|tox|[msg]
|-curestatus|p2: Milotic|brn|[msg]
|
|-heal|p2a: Sylveon|100/100|[from] item: Leftovers
|upkeep
|turn|69
|
|t:|1668360766
|move|p1a: Gardevoir|Mystical Fire|p2a: Sylveon
|-damage|p2a: Sylveon|81/100
|-unboost|p2a: Sylveon|spa|1
|move|p2a: Sylveon|Hyper Voice|p1a: Gardevoir
|-damage|p1a: Gardevoir|73/100
|
|-heal|p1a: Gardevoir|79/100|[from] item: Leftovers
|-heal|p2a: Sylveon|88/100|[from] item: Leftovers
|upkeep
|turn|70
|
|t:|1668360776
|switch|p2a: Metagross|Metagross|100/100
|move|p1a: Gardevoir|Moonblast|p2a: Metagross
|-resisted|p2a: Metagross
|-damage|p2a: Metagross|75/100
|
|-heal|p1a: Gardevoir|85/100|[from] item: Leftovers
|-heal|p2a: Metagross|81/100|[from] item: Leftovers
|upkeep
|turn|71
|
|t:|1668360782
|switch|p1a: Milotic|Milotic, F|73/100
|move|p2a: Metagross|Meteor Mash|p1a: Milotic
|-resisted|p1a: Milotic
|-damage|p1a: Milotic|57/100
|
|-heal|p2a: Metagross|87/100|[from] item: Leftovers
|upkeep
|turn|72
|
|t:|1668360790
|switch|p2a: Sylveon|Sylveon, M|88/100
|move|p1a: Milotic|Toxic|p2a: Sylveon
|-status|p2a: Sylveon|tox
|
|-heal|p2a: Sylveon|94/100 tox|[from] item: Leftovers
|-damage|p2a: Sylveon|88/100 tox|[from] psn
|upkeep
|turn|73
|
|t:|1668360799
|switch|p2a: Metagross|Metagross|87/100
|move|p1a: Milotic|Scald|p2a: Metagross
|-damage|p2a: Metagross|59/100
|-status|p2a: Metagross|brn
|
|-heal|p2a: Metagross|65/100 brn|[from] item: Leftovers
|-damage|p2a: Metagross|59/100 brn|[from] brn
|upkeep
|turn|74
|
|t:|1668360803
|switch|p2a: Sylveon|Sylveon, M|88/100 tox
|move|p1a: Milotic|Recover|p1a: Milotic
|-heal|p1a: Milotic|100/100
|
|-heal|p2a: Sylveon|94/100 tox|[from] item: Leftovers
|-damage|p2a: Sylveon|88/100 tox|[from] psn
|upkeep
|turn|75
|
|t:|1668360823
|switch|p1a: Crobat|Crobat, M|100/100
|move|p2a: Sylveon|Heal Bell|p2a: Sylveon
|-activate|p2a: Sylveon|move: Heal Bell
|-curestatus|p2a: Sylveon|tox|[msg]
|-curestatus|p2: Metagross|brn|[msg]
|
|-heal|p2a: Sylveon|94/100|[from] item: Leftovers
|upkeep
|turn|76
|
|t:|1668360832
|move|p1a: Crobat|U-turn|p2a: Sylveon
|-resisted|p2a: Sylveon
|-damage|p2a: Sylveon|87/100
|
|t:|1668360836
|switch|p1a: Milotic|Milotic, F|100/100|[from]move: U-turn
|move|p2a: Sylveon|Wish|p2a: Sylveon
|
|-heal|p2a: Sylveon|93/100|[from] item: Leftovers
|upkeep
|turn|77
|
|t:|1668360842
|switch|p2a: Metagross|Metagross|59/100
|move|p1a: Milotic|Scald|p2a: Metagross
|-damage|p2a: Metagross|31/100
|
|-heal|p2a: Metagross|85/100|[from] move: Wish|[wisher] Sylveon
|-heal|p2a: Metagross|91/100|[from] item: Leftovers
|upkeep
|turn|78
|c|+pannuracotta|this for anything?
|
|t:|1668360850
|switch|p2a: Milotic|Milotic, F|94/100
|move|p1a: Milotic|Scald|p2a: Milotic
|-resisted|p2a: Milotic
|-damage|p2a: Milotic|84/100
|
|upkeep
|turn|79
|c|+Feliburn|ru cup
|c|☆MAc3|rucup
|c|+Feliburn|g3
|c|☆MAc3|last chance bsically
|
|t:|1668360860
|switch|p2a: Metagross|Metagross|91/100
|move|p1a: Milotic|Toxic|p2a: Metagross
|-immune|p2a: Metagross
|
|-heal|p2a: Metagross|97/100|[from] item: Leftovers
|upkeep
|turn|80
|
|t:|1668360864
|switch|p2a: Milotic|Milotic, F|84/100
|move|p1a: Milotic|Toxic|p2a: Milotic
|-status|p2a: Milotic|tox
|
|-damage|p2a: Milotic|78/100 tox|[from] psn
|upkeep
|turn|81
|
|t:|1668360875
|switch|p1a: Stakataka|Stakataka|66/100
|switch|p2a: Metagross|Metagross|97/100
|
|-heal|p2a: Metagross|100/100|[from] item: Leftovers
|upkeep
|turn|82
|
|t:|1668360882
|switch|p1a: Milotic|Milotic, F|100/100
|move|p2a: Metagross|Cosmic Power|p2a: Metagross
|-boost|p2a: Metagross|def|1
|-boost|p2a: Metagross|spd|1
|
|upkeep
|turn|83
|
|t:|1668360889
|move|p2a: Metagross|Body Press|p1a: Milotic
|-damage|p1a: Milotic|73/100
|move|p1a: Milotic|Haze|p1a: Milotic
|-clearallboost
|
|upkeep
|turn|84
|
|t:|1668360898
|switch|p1a: Crobat|Crobat, M|100/100
|move|p2a: Metagross|Meteor Mash|p1a: Crobat
|-damage|p1a: Crobat|57/100
|-boost|p2a: Metagross|atk|1
|
|upkeep
|turn|85
|
|t:|1668360903
|move|p1a: Crobat|U-turn|p2a: Metagross
|-damage|p2a: Metagross|91/100
|
|t:|1668360906
|switch|p1a: Milotic|Milotic, F|73/100|[from]move: U-turn
|move|p2a: Metagross|Meteor Mash|p1a: Milotic
|-resisted|p1a: Milotic
|-damage|p1a: Milotic|49/100
|
|-heal|p2a: Metagross|97/100|[from] item: Leftovers
|upkeep
|turn|86
|
|t:|1668360913
|move|p2a: Metagross|Meteor Mash|p1a: Milotic
|-resisted|p1a: Milotic
|-damage|p1a: Milotic|25/100
|move|p1a: Milotic|Recover|p1a: Milotic
|-heal|p1a: Milotic|75/100
|
|-heal|p2a: Metagross|100/100|[from] item: Leftovers
|upkeep
|turn|87
|
|t:|1668360920
|move|p2a: Metagross|Meteor Mash|p1a: Milotic|[miss]
|-miss|p2a: Metagross|p1a: Milotic
|move|p1a: Milotic|Scald|p2a: Metagross
|-damage|p2a: Metagross|75/100
|
|-heal|p2a: Metagross|82/100|[from] item: Leftovers
|upkeep
|turn|88
|
|t:|1668360929
|switch|p2a: Sylveon|Sylveon, M|93/100
|move|p1a: Milotic|Scald|p2a: Sylveon
|-damage|p2a: Sylveon|73/100
|
|-heal|p2a: Sylveon|79/100|[from] item: Leftovers
|upkeep
|turn|89
|
|t:|1668360948
|switch|p1a: Crobat|Crobat, M|57/100
|move|p2a: Sylveon|Hyper Voice|p1a: Crobat
|-resisted|p1a: Crobat
|-damage|p1a: Crobat|36/100
|
|-heal|p2a: Sylveon|86/100|[from] item: Leftovers
|upkeep
|turn|90
|
|t:|1668360953
|switch|p2a: Aerodactyl|Aerodactyl, M|88/100
|-ability|p2a: Aerodactyl|Pressure
|move|p1a: Crobat|Roost|p1a: Crobat
|-heal|p1a: Crobat|86/100
|-singleturn|p1a: Crobat|move: Roost
|
|upkeep
|turn|91
|
|t:|1668360964
|switch|p1a: Umbreon|Umbreon, F|76/100
|move|p2a: Aerodactyl|Stone Edge|p1a: Umbreon
|-crit|p1a: Umbreon
|-damage|p1a: Umbreon|22/100
|
|-heal|p1a: Umbreon|28/100|[from] item: Leftovers
|upkeep
|turn|92
|
|t:|1668360969
|move|p1a: Umbreon|Protect|p1a: Umbreon
|-singleturn|p1a: Umbreon|Protect
|move|p2a: Aerodactyl|Stone Edge|p1a: Umbreon
|-activate|p1a: Umbreon|move: Protect
|
|-heal|p1a: Umbreon|34/100|[from] item: Leftovers
|upkeep
|turn|93
|
|t:|1668360976
|switch|p2a: Metagross|Metagross|82/100
|switch|p1a: Stakataka|Stakataka|66/100
|
|-heal|p2a: Metagross|88/100|[from] item: Leftovers
|upkeep
|turn|94
|
|t:|1668360985
|switch|p2a: Flygon|Flygon, F|76/100
|switch|p1a: Milotic|Milotic, F|75/100
|
|upkeep
|turn|95
|
|t:|1668360993
|switch|p2a: Aerodactyl|Aerodactyl, M|88/100
|-ability|p2a: Aerodactyl|Pressure
|move|p1a: Milotic|Toxic|p2a: Aerodactyl
|-status|p2a: Aerodactyl|tox
|
|-damage|p2a: Aerodactyl|82/100 tox|[from] psn
|upkeep
|turn|96
|
|t:|1668361003
|switch|p2a: Sylveon|Sylveon, M|86/100
|move|p1a: Milotic|Recover|p1a: Milotic
|-heal|p1a: Milotic|100/100
|
|-heal|p2a: Sylveon|92/100|[from] item: Leftovers
|upkeep
|turn|97
|
|t:|1668361006
|switch|p1a: Stakataka|Stakataka|66/100
|move|p2a: Sylveon|Hyper Voice|p1a: Stakataka
|-resisted|p1a: Stakataka
|-damage|p1a: Stakataka|46/100
|
|-heal|p2a: Sylveon|98/100|[from] item: Leftovers
|upkeep
|turn|98
|
|t:|1668361013
|move|p2a: Sylveon|Protect|p2a: Sylveon
|-singleturn|p2a: Sylveon|Protect
|move|p1a: Stakataka|Gyro Ball|p2a: Sylveon
|-activate|p2a: Sylveon|move: Protect
|
|-heal|p2a: Sylveon|100/100|[from] item: Leftovers
|upkeep
|turn|99
|
|t:|1668361022
|switch|p2a: Metagross|Metagross|88/100
|move|p1a: Stakataka|Earthquake|p2a: Metagross
|-supereffective|p2a: Metagross
|-damage|p2a: Metagross|31/100
|
|-heal|p2a: Metagross|37/100|[from] item: Leftovers
|upkeep
|turn|100
|
|t:|1668361029
|switch|p1a: Milotic|Milotic, F|100/100
|move|p2a: Metagross|Body Press|p1a: Milotic
|-damage|p1a: Milotic|82/100
|
|-heal|p2a: Metagross|43/100|[from] item: Leftovers
|upkeep
|turn|101
|
|t:|1668361038
|move|p2a: Metagross|Rest|p2a: Metagross
|-status|p2a: Metagross|slp|[from] move: Rest
|-heal|p2a: Metagross|100/100 slp|[silent]
|move|p1a: Milotic|Scald|p2a: Metagross
|-damage|p2a: Metagross|74/100 slp
|
|-heal|p2a: Metagross|80/100 slp|[from] item: Leftovers
|upkeep
|turn|102
|
|t:|1668361043
|switch|p2a: Sylveon|Sylveon, M|100/100
|switch|p1a: Stakataka|Stakataka|46/100
|
|upkeep
|turn|103
|inactive|MAc3 has 270 seconds left.
|
|t:|1668361102
|switch|p2a: Milotic|Milotic, F|78/100 tox
|move|p1a: Stakataka|Gyro Ball|p2a: Milotic
|-resisted|p2a: Milotic
|-damage|p2a: Milotic|51/100 tox
|
|-damage|p2a: Milotic|45/100 tox|[from] psn
|upkeep
|turn|104
|
|t:|1668361109
|switch|p1a: Umbreon|Umbreon, F|34/100
|move|p2a: Milotic|Recover|p2a: Milotic
|-heal|p2a: Milotic|95/100 tox
|
|-heal|p1a: Umbreon|40/100|[from] item: Leftovers
|-damage|p2a: Milotic|82/100 tox|[from] psn
|upkeep
|turn|105
|
|t:|1668361112
|switch|p2a: Sylveon|Sylveon, M|100/100
|move|p1a: Umbreon|Wish|p1a: Umbreon
|
|-heal|p1a: Umbreon|46/100|[from] item: Leftovers
|upkeep
|turn|106
|inactive|MAc3 has 270 seconds left.
|
|t:|1668361118
|move|p1a: Umbreon|Protect|p1a: Umbreon
|-singleturn|p1a: Umbreon|Protect
|move|p2a: Sylveon|Heal Bell|p2a: Sylveon
|-activate|p2a: Sylveon|move: Heal Bell
|-curestatus|p2: Aerodactyl|tox|[msg]
|-curestatus|p2: Milotic|tox|[msg]
|-curestatus|p2: Metagross|slp|[msg]
|
|-heal|p1a: Umbreon|96/100|[from] move: Wish|[wisher] Umbreon
|-heal|p1a: Umbreon|100/100|[from] item: Leftovers
|upkeep
|turn|107
|inactive|MAc3 has 270 seconds left.
|
|t:|1668361139
|switch|p1a: Crobat|Crobat, M|86/100
|switch|p2a: Milotic|Milotic, F|82/100
|
|upkeep
|turn|108
|
|t:|1668361144
|move|p1a: Crobat|U-turn|p2a: Milotic
|-damage|p2a: Milotic|68/100
|
|t:|1668361147
|switch|p1a: Umbreon|Umbreon, F|100/100|[from]move: U-turn
|move|p2a: Milotic|Scald|p1a: Umbreon
|-damage|p1a: Umbreon|84/100
|
|-heal|p1a: Umbreon|90/100|[from] item: Leftovers
|upkeep
|turn|109
|
|t:|1668361154
|move|p2a: Milotic|Scald|p1a: Umbreon
|-damage|p1a: Umbreon|74/100
|move|p1a: Umbreon|Foul Play|p2a: Milotic
|-damage|p2a: Milotic|54/100
|
|-heal|p1a: Umbreon|80/100|[from] item: Leftovers
|upkeep
|turn|110
|
|t:|1668361160
|move|p2a: Milotic|Recover|p2a: Milotic
|-heal|p2a: Milotic|100/100
|move|p1a: Umbreon|Foul Play|p2a: Milotic
|-crit|p2a: Milotic
|-damage|p2a: Milotic|79/100
|
|-heal|p1a: Umbreon|86/100|[from] item: Leftovers
|upkeep
|turn|111
|
|t:|1668361164
|move|p2a: Milotic|Scald|p1a: Umbreon
|-damage|p1a: Umbreon|70/100
|move|p1a: Umbreon|Wish|p1a: Umbreon
|
|-heal|p1a: Umbreon|76/100|[from] item: Leftovers
|upkeep
|turn|112
|
|t:|1668361175
|switch|p1a: Gardevoir|Gardevoir, M|85/100
|-ability|p1a: Gardevoir|Marvel Scale|[from] ability: Trace|[of] p2a: Milotic
|move|p2a: Milotic|Scald|p1a: Gardevoir
|-damage|p1a: Gardevoir|51/100
|
|-heal|p1a: Gardevoir|100/100|[from] move: Wish|[wisher] Umbreon
|upkeep
|turn|113
|
|t:|1668361184
|move|p1a: Gardevoir|Moonblast|p2a: Milotic
|-damage|p2a: Milotic|42/100
|-unboost|p2a: Milotic|spa|1
|move|p2a: Milotic|Scald|p1a: Gardevoir
|-crit|p1a: Gardevoir
|-damage|p1a: Gardevoir|49/100
|-status|p1a: Gardevoir|brn
|
|-heal|p1a: Gardevoir|55/100 brn|[from] item: Leftovers
|-damage|p1a: Gardevoir|49/100 brn|[from] brn
|upkeep
|turn|114
|
|t:|1668361208
|switch|p2a: Sylveon|Sylveon, M|100/100
|move|p1a: Gardevoir|Moonblast|p2a: Sylveon
|-damage|p2a: Sylveon|64/100
|
|-heal|p1a: Gardevoir|55/100 brn|[from] item: Leftovers
|-heal|p2a: Sylveon|71/100|[from] item: Leftovers
|-damage|p1a: Gardevoir|49/100 brn|[from] brn
|upkeep
|turn|115
|
|t:|1668361231
|move|p1a: Gardevoir|Moonblast|p2a: Sylveon
|-damage|p2a: Sylveon|36/100
|move|p2a: Sylveon|Hyper Voice|p1a: Gardevoir
|-damage|p1a: Gardevoir|5/100 brn
|
|-heal|p1a: Gardevoir|11/100 brn|[from] item: Leftovers
|-heal|p2a: Sylveon|42/100|[from] item: Leftovers
|-damage|p1a: Gardevoir|5/100 brn|[from] brn
|upkeep
|turn|116
|
|t:|1668361237
|move|p2a: Sylveon|Protect|p2a: Sylveon
|-singleturn|p2a: Sylveon|Protect
|move|p1a: Gardevoir|Moonblast|p2a: Sylveon
|-activate|p2a: Sylveon|move: Protect
|
|-heal|p1a: Gardevoir|11/100 brn|[from] item: Leftovers
|-heal|p2a: Sylveon|48/100|[from] item: Leftovers
|-damage|p1a: Gardevoir|5/100 brn|[from] brn
|upkeep
|turn|117
|
|t:|1668361244
|move|p1a: Gardevoir|Moonblast|p2a: Sylveon
|-damage|p2a: Sylveon|13/100
|-unboost|p2a: Sylveon|spa|1
|move|p2a: Sylveon|Wish|p2a: Sylveon
|
|-heal|p1a: Gardevoir|11/100 brn|[from] item: Leftovers
|-heal|p2a: Sylveon|19/100|[from] item: Leftovers
|-damage|p1a: Gardevoir|5/100 brn|[from] brn
|upkeep
|turn|118
|
|t:|1668361251
|switch|p1a: Stakataka|Stakataka|46/100
|move|p2a: Sylveon|Protect||[still]
|-fail|p2a: Sylveon
|
|-heal|p2a: Sylveon|69/100|[from] move: Wish|[wisher] Sylveon
|-heal|p2a: Sylveon|75/100|[from] item: Leftovers
|upkeep
|turn|119
|
|t:|1668361259
|switch|p2a: Flygon|Flygon, F|76/100
|move|p1a: Stakataka|Trick Room|p1a: Stakataka
|-fieldstart|move: Trick Room|[of] p1a: Stakataka
|
|upkeep
|turn|120
|inactive|MAc3 has 270 seconds left.
|
|t:|1668361300
|move|p1a: Stakataka|Gyro Ball|p2a: Flygon
|-damage|p2a: Flygon|0 fnt
|-damage|p1a: Stakataka|29/100|[from] item: Rocky Helmet|[of] p2a: Flygon
|faint|p2a: Flygon
|-ability|p1a: Stakataka|Beast Boost|boost
|-boost|p1a: Stakataka|atk|1
|
|upkeep
|
|t:|1668361315
|switch|p2a: Sylveon|Sylveon, M|75/100
|turn|121
|
|t:|1668361326
|move|p2a: Sylveon|Protect|p2a: Sylveon
|-singleturn|p2a: Sylveon|Protect
|move|p1a: Stakataka|Gyro Ball|p2a: Sylveon
|-activate|p2a: Sylveon|move: Protect
|
|-heal|p2a: Sylveon|81/100|[from] item: Leftovers
|upkeep
|turn|122
|inactive|MAc3 has 270 seconds left.
|
|t:|1668361352
|switch|p2a: Metagross|Metagross|80/100
|move|p1a: Stakataka|Earthquake|p2a: Metagross
|-supereffective|p2a: Metagross
|-damage|p2a: Metagross|1/100
|
|-heal|p2a: Metagross|7/100|[from] item: Leftovers
|upkeep
|turn|123
|
|t:|1668361368
|switch|p2a: Milotic|Milotic, F|42/100
|move|p1a: Stakataka|Gyro Ball|p2a: Milotic
|-resisted|p2a: Milotic
|-damage|p2a: Milotic|0 fnt
|faint|p2a: Milotic
|-ability|p1a: Stakataka|Beast Boost|boost
|-boost|p1a: Stakataka|atk|1
|
|-fieldend|move: Trick Room
|upkeep
|
|t:|1668361373
|switch|p2a: Metagross|Metagross|7/100
|turn|124
|
|t:|1668361381
|switch|p1a: Milotic|Milotic, F|82/100
|move|p2a: Metagross|Body Press|p1a: Milotic
|-damage|p1a: Milotic|63/100
|
|-heal|p2a: Metagross|13/100|[from] item: Leftovers
|upkeep
|turn|125
|
|t:|1668361387
|move|p2a: Metagross|Rest|p2a: Metagross
|-status|p2a: Metagross|slp|[from] move: Rest
|-heal|p2a: Metagross|100/100 slp|[silent]
|move|p1a: Milotic|Scald|p2a: Metagross
|-damage|p2a: Metagross|75/100 slp
|
|-heal|p2a: Metagross|81/100 slp|[from] item: Leftovers
|upkeep
|turn|126
|
|t:|1668361395
|cant|p2a: Metagross|slp
|move|p1a: Milotic|Scald|p2a: Metagross
|-damage|p2a: Metagross|54/100 slp
|
|-heal|p2a: Metagross|60/100 slp|[from] item: Leftovers
|upkeep
|turn|127
|
|t:|1668361399
|cant|p2a: Metagross|slp
|move|p1a: Milotic|Scald|p2a: Metagross
|-damage|p2a: Metagross|32/100 slp
|
|-heal|p2a: Metagross|38/100 slp|[from] item: Leftovers
|upkeep
|turn|128
|
|t:|1668361404
|-curestatus|p2a: Metagross|slp|[msg]
|move|p2a: Metagross|Rest|p2a: Metagross
|-status|p2a: Metagross|slp|[from] move: Rest
|-heal|p2a: Metagross|100/100 slp|[silent]
|move|p1a: Milotic|Scald|p2a: Metagross
|-damage|p2a: Metagross|74/100 slp
|
|-heal|p2a: Metagross|80/100 slp|[from] item: Leftovers
|upkeep
|turn|129
|
|t:|1668361408
|switch|p2a: Sylveon|Sylveon, M|81/100
|switch|p1a: Umbreon|Umbreon, F|76/100
|
|-heal|p1a: Umbreon|82/100|[from] item: Leftovers
|-heal|p2a: Sylveon|88/100|[from] item: Leftovers
|upkeep
|turn|130
|inactive|btboy has 270 seconds left.
|
|t:|1668361453
|switch|p2a: Aerodactyl|Aerodactyl, M|82/100
|-ability|p2a: Aerodactyl|Pressure
|move|p1a: Umbreon|Wish|p1a: Umbreon
|
|-heal|p1a: Umbreon|88/100|[from] item: Leftovers
|upkeep
|turn|131
|
|t:|1668361460
|move|p2a: Aerodactyl|Stealth Rock|p1a: Umbreon
|-sidestart|p1: btboy|move: Stealth Rock
|move|p1a: Umbreon|Foul Play|p2a: Aerodactyl
|-damage|p2a: Aerodactyl|10/100
|
|-heal|p1a: Umbreon|100/100|[from] move: Wish|[wisher] Umbreon
|upkeep
|turn|132
|inactive|btboy has 270 seconds left.
|
|t:|1668361480
|switch|p2a: Sylveon|Sylveon, M|88/100
|move|p1a: Umbreon|Wish|p1a: Umbreon
|
|-heal|p2a: Sylveon|94/100|[from] item: Leftovers
|upkeep
|turn|133
|
|t:|1668361499
|switch|p1a: Crobat|Crobat, M|86/100
|move|p2a: Sylveon|Heal Bell|p2a: Sylveon
|-activate|p2a: Sylveon|move: Heal Bell
|-curestatus|p2: Metagross|slp|[msg]
|
|-heal|p1a: Crobat|100/100|[from] move: Wish|[wisher] Umbreon
|-heal|p2a: Sylveon|99/100|[from] item: Leftovers
|upkeep
|turn|134
|inactive|MAc3 has 270 seconds left.
|
|t:|1668361530
|switch|p2a: Metagross|Metagross|80/100
|move|p1a: Crobat|Defog|p2a: Metagross
|-fail|p2a: Metagross|unboost|[from] ability: Clear Body|[of] p2a: Metagross
|-sideend|p1: btboy|Stealth Rock|[from] move: Defog|[of] p1a: Crobat
|
|-heal|p2a: Metagross|86/100|[from] item: Leftovers
|upkeep
|turn|135
|
|t:|1668361536
|move|p1a: Crobat|U-turn|p2a: Metagross
|-damage|p2a: Metagross|76/100
|
|t:|1668361539
|switch|p1a: Milotic|Milotic, F|63/100|[from]move: U-turn
|move|p2a: Metagross|Cosmic Power|p2a: Metagross
|-boost|p2a: Metagross|def|1
|-boost|p2a: Metagross|spd|1
|
|-heal|p2a: Metagross|82/100|[from] item: Leftovers
|upkeep
|turn|136
|
|t:|1668361543
|move|p2a: Metagross|Body Press|p1a: Milotic
|-damage|p1a: Milotic|35/100
|move|p1a: Milotic|Haze|p1a: Milotic
|-clearallboost
|
|-heal|p2a: Metagross|88/100|[from] item: Leftovers
|upkeep
|turn|137
|
|t:|1668361547
|move|p2a: Metagross|Meteor Mash|p1a: Milotic
|-resisted|p1a: Milotic
|-damage|p1a: Milotic|19/100
|move|p1a: Milotic|Recover|p1a: Milotic
|-heal|p1a: Milotic|69/100
|
|-heal|p2a: Metagross|94/100|[from] item: Leftovers
|upkeep
|turn|138
|
|t:|1668361555
|switch|p2a: Sylveon|Sylveon, M|99/100
|move|p1a: Milotic|Recover|p1a: Milotic
|-heal|p1a: Milotic|100/100
|
|-heal|p2a: Sylveon|100/100|[from] item: Leftovers
|upkeep
|turn|139
|
|t:|1668361560
|move|p1a: Milotic|Toxic|p2a: Sylveon
|-status|p2a: Sylveon|tox
|move|p2a: Sylveon|Hyper Voice|p1a: Milotic
|-damage|p1a: Milotic|70/100
|
|-damage|p2a: Sylveon|94/100 tox|[from] psn
|upkeep
|turn|140
|
|t:|1668361568
|switch|p1a: Crobat|Crobat, M|100/100
|move|p2a: Sylveon|Hyper Voice|p1a: Crobat
|-resisted|p1a: Crobat
|-damage|p1a: Crobat|77/100
|
|-heal|p2a: Sylveon|100/100 tox|[from] item: Leftovers
|-damage|p2a: Sylveon|88/100 tox|[from] psn
|upkeep
|turn|141
|
|t:|1668361576
|switch|p2a: Metagross|Metagross|94/100
|move|p1a: Crobat|Brave Bird|p2a: Metagross
|-resisted|p2a: Metagross
|-crit|p2a: Metagross
|-damage|p2a: Metagross|72/100
|-damage|p1a: Crobat|70/100|[from] Recoil
|
|-heal|p2a: Metagross|79/100|[from] item: Leftovers
|upkeep
|turn|142
|
|t:|1668361581
|move|p1a: Crobat|U-turn|p2a: Metagross
|-damage|p2a: Metagross|68/100
|
|t:|1668361586
|switch|p1a: Milotic|Milotic, F|70/100|[from]move: U-turn
|move|p2a: Metagross|Cosmic Power|p2a: Metagross
|-boost|p2a: Metagross|def|1
|-boost|p2a: Metagross|spd|1
|
|-heal|p2a: Metagross|74/100|[from] item: Leftovers
|upkeep
|turn|143
|
|t:|1668361590
|switch|p2a: Sylveon|Sylveon, M|88/100 tox
|move|p1a: Milotic|Haze|p1a: Milotic
|-clearallboost
|
|-heal|p2a: Sylveon|94/100 tox|[from] item: Leftovers
|-damage|p2a: Sylveon|88/100 tox|[from] psn
|upkeep
|turn|144
|
|t:|1668361597
|switch|p1a: Crobat|Crobat, M|70/100
|move|p2a: Sylveon|Hyper Voice|p1a: Crobat
|-resisted|p1a: Crobat
|-damage|p1a: Crobat|46/100
|
|-heal|p2a: Sylveon|94/100 tox|[from] item: Leftovers
|-damage|p2a: Sylveon|82/100 tox|[from] psn
|upkeep
|turn|145
|
|t:|1668361601
|switch|p2a: Aerodactyl|Aerodactyl, M|10/100
|-ability|p2a: Aerodactyl|Pressure
|move|p1a: Crobat|Roost|p1a: Crobat
|-heal|p1a: Crobat|96/100
|-singleturn|p1a: Crobat|move: Roost
|
|upkeep
|turn|146
|
|t:|1668361607
|switch|p1a: Umbreon|Umbreon, F|100/100
|move|p2a: Aerodactyl|Stone Edge|p1a: Umbreon
|-damage|p1a: Umbreon|65/100
|
|-heal|p1a: Umbreon|71/100|[from] item: Leftovers
|upkeep
|turn|147
|
|t:|1668361611
|switch|p2a: Sylveon|Sylveon, M|82/100 tox
|move|p1a: Umbreon|Wish|p1a: Umbreon
|
|-heal|p1a: Umbreon|77/100|[from] item: Leftovers
|-heal|p2a: Sylveon|88/100 tox|[from] item: Leftovers
|-damage|p2a: Sylveon|82/100 tox|[from] psn
|upkeep
|turn|148
|
|t:|1668361616
|switch|p1a: Stakataka|Stakataka|29/100
|switch|p2a: Metagross|Metagross|74/100
|
|-heal|p1a: Stakataka|90/100|[from] move: Wish|[wisher] Umbreon
|-heal|p2a: Metagross|80/100|[from] item: Leftovers
|upkeep
|turn|149
|
|t:|1668361625
|switch|p1a: Milotic|Milotic, F|70/100
|move|p2a: Metagross|Cosmic Power|p2a: Metagross
|-boost|p2a: Metagross|def|1
|-boost|p2a: Metagross|spd|1
|
|-heal|p2a: Metagross|86/100|[from] item: Leftovers
|upkeep
|turn|150
|
|t:|1668361630
|move|p2a: Metagross|Body Press|p1a: Milotic
|-damage|p1a: Milotic|41/100
|move|p1a: Milotic|Haze|p1a: Milotic
|-clearallboost
|
|-heal|p2a: Metagross|92/100|[from] item: Leftovers
|upkeep
|turn|151
|
|t:|1668361635
|switch|p2a: Aerodactyl|Aerodactyl, M|10/100
|-ability|p2a: Aerodactyl|Pressure
|move|p1a: Milotic|Recover|p1a: Milotic
|-heal|p1a: Milotic|91/100
|
|upkeep
|turn|152
|
|t:|1668361642
|move|p2a: Aerodactyl|Stone Edge|p1a: Milotic
|-damage|p1a: Milotic|53/100
|move|p1a: Milotic|Scald|p2a: Aerodactyl
|-supereffective|p2a: Aerodactyl
|-damage|p2a: Aerodactyl|0 fnt
|faint|p2a: Aerodactyl
|
|upkeep
|
|t:|1668361646
|switch|p2a: Sylveon|Sylveon, M|82/100 tox
|turn|153
|
|t:|1668361651
|switch|p1a: Stakataka|Stakataka|90/100
|move|p2a: Sylveon|Hyper Voice|p1a: Stakataka
|-resisted|p1a: Stakataka
|-damage|p1a: Stakataka|70/100
|
|-heal|p2a: Sylveon|88/100 tox|[from] item: Leftovers
|-damage|p2a: Sylveon|82/100 tox|[from] psn
|upkeep
|turn|154
|
|t:|1668361655
|switch|p2a: Metagross|Metagross|92/100
|move|p1a: Stakataka|Earthquake|p2a: Metagross
|-supereffective|p2a: Metagross
|-damage|p2a: Metagross|33/100
|
|-heal|p2a: Metagross|39/100|[from] item: Leftovers
|upkeep
|turn|155
|
|t:|1668361660
|switch|p1a: Milotic|Milotic, F|53/100
|move|p2a: Metagross|Body Press|p1a: Milotic
|-damage|p1a: Milotic|33/100
|
|-heal|p2a: Metagross|45/100|[from] item: Leftovers
|upkeep
|turn|156
|inactive|MAc3 has 270 seconds left.
|
|t:|1668361690
|move|p2a: Metagross|Cosmic Power|p2a: Metagross
|-boost|p2a: Metagross|def|1
|-boost|p2a: Metagross|spd|1
|move|p1a: Milotic|Recover|p1a: Milotic
|-heal|p1a: Milotic|83/100
|
|-heal|p2a: Metagross|51/100|[from] item: Leftovers
|upkeep
|turn|157
|
|t:|1668361695
|move|p2a: Metagross|Cosmic Power|p2a: Metagross
|-boost|p2a: Metagross|def|1
|-boost|p2a: Metagross|spd|1
|move|p1a: Milotic|Haze|p1a: Milotic
|-clearallboost
|
|-heal|p2a: Metagross|57/100|[from] item: Leftovers
|upkeep
|turn|158
|
|t:|1668361699
|move|p2a: Metagross|Cosmic Power|p2a: Metagross
|-boost|p2a: Metagross|def|1
|-boost|p2a: Metagross|spd|1
|move|p1a: Milotic|Scald|p2a: Metagross
|-damage|p2a: Metagross|38/100
|
|-heal|p2a: Metagross|44/100|[from] item: Leftovers
|upkeep
|turn|159
|
|t:|1668361703
|move|p2a: Metagross|Cosmic Power|p2a: Metagross
|-boost|p2a: Metagross|def|1
|-boost|p2a: Metagross|spd|1
|move|p1a: Milotic|Haze|p1a: Milotic
|-clearallboost
|
|-heal|p2a: Metagross|50/100|[from] item: Leftovers
|upkeep
|turn|160
|
|t:|1668361705
|move|p2a: Metagross|Cosmic Power|p2a: Metagross
|-boost|p2a: Metagross|def|1
|-boost|p2a: Metagross|spd|1
|move|p1a: Milotic|Scald|p2a: Metagross
|-damage|p2a: Metagross|32/100
|
|-heal|p2a: Metagross|38/100|[from] item: Leftovers
|upkeep
|turn|161
|
|t:|1668361708
|move|p2a: Metagross|Rest|p2a: Metagross
|-status|p2a: Metagross|slp|[from] move: Rest
|-heal|p2a: Metagross|100/100 slp|[silent]
|move|p1a: Milotic|Haze|p1a: Milotic
|-clearallboost
|
|upkeep
|turn|162
|
|t:|1668361711
|switch|p1a: Stakataka|Stakataka|70/100
|cant|p2a: Metagross|slp
|
|upkeep
|turn|163
|
|t:|1668361715
|cant|p2a: Metagross|slp
|move|p1a: Stakataka|Earthquake|p2a: Metagross
|-supereffective|p2a: Metagross
|-damage|p2a: Metagross|43/100 slp
|
|-heal|p2a: Metagross|49/100 slp|[from] item: Leftovers
|upkeep
|turn|164
|
|t:|1668361719
|switch|p1a: Milotic|Milotic, F|83/100
|-curestatus|p2a: Metagross|slp|[msg]
|move|p2a: Metagross|Cosmic Power|p2a: Metagross
|-boost|p2a: Metagross|def|1
|-boost|p2a: Metagross|spd|1
|
|-heal|p2a: Metagross|55/100|[from] item: Leftovers
|upkeep
|turn|165
|
|t:|1668361721
|move|p2a: Metagross|Cosmic Power|p2a: Metagross
|-boost|p2a: Metagross|def|1
|-boost|p2a: Metagross|spd|1
|move|p1a: Milotic|Haze|p1a: Milotic
|-clearallboost
|
|-heal|p2a: Metagross|61/100|[from] item: Leftovers
|upkeep
|turn|166
|
|t:|1668361725
|move|p2a: Metagross|Cosmic Power|p2a: Metagross
|-boost|p2a: Metagross|def|1
|-boost|p2a: Metagross|spd|1
|move|p1a: Milotic|Scald|p2a: Metagross
|-damage|p2a: Metagross|43/100
|
|-heal|p2a: Metagross|49/100|[from] item: Leftovers
|upkeep
|turn|167
|
|t:|1668361731
|move|p2a: Metagross|Rest|p2a: Metagross
|-status|p2a: Metagross|slp|[from] move: Rest
|-heal|p2a: Metagross|100/100 slp|[silent]
|move|p1a: Milotic|Scald|p2a: Metagross
|-damage|p2a: Metagross|82/100 slp
|
|-heal|p2a: Metagross|88/100 slp|[from] item: Leftovers
|upkeep
|turn|168
|
|t:|1668361733
|cant|p2a: Metagross|slp
|move|p1a: Milotic|Haze|p1a: Milotic
|-clearallboost
|
|-heal|p2a: Metagross|94/100 slp|[from] item: Leftovers
|upkeep
|turn|169
|
|t:|1668361748
|switch|p1a: Gardevoir|Gardevoir, M|5/100 brn
|-ability|p1a: Gardevoir|Clear Body|[from] ability: Trace|[of] p2a: Metagross
|cant|p2a: Metagross|slp
|
|-heal|p1a: Gardevoir|11/100 brn|[from] item: Leftovers
|-heal|p2a: Metagross|99/100 slp|[from] item: Leftovers
|-damage|p1a: Gardevoir|5/100 brn|[from] brn
|upkeep
|turn|170
|
|t:|1668361753
|move|p1a: Gardevoir|Mystical Fire|p2a: Metagross
|-supereffective|p2a: Metagross
|-damage|p2a: Metagross|49/100 slp
|-curestatus|p2a: Metagross|slp|[msg]
|move|p2a: Metagross|Meteor Mash|p1a: Gardevoir
|-supereffective|p1a: Gardevoir
|-damage|p1a: Gardevoir|0 fnt
|faint|p1a: Gardevoir
|
|-heal|p2a: Metagross|55/100|[from] item: Leftovers
|upkeep
|
|t:|1668361762
|switch|p1a: Milotic|Milotic, F|83/100
|turn|171
|
|t:|1668361769
|move|p2a: Metagross|Cosmic Power|p2a: Metagross
|-boost|p2a: Metagross|def|1
|-boost|p2a: Metagross|spd|1
|move|p1a: Milotic|Scald|p2a: Metagross
|-damage|p2a: Metagross|36/100
|
|-heal|p2a: Metagross|42/100|[from] item: Leftovers
|upkeep
|turn|172
|
|t:|1668361772
|move|p2a: Metagross|Rest|p2a: Metagross
|-status|p2a: Metagross|slp|[from] move: Rest
|-heal|p2a: Metagross|100/100 slp|[silent]
|move|p1a: Milotic|Haze|p1a: Milotic
|-clearallboost
|
|upkeep
|turn|173
|
|t:|1668361775
|switch|p1a: Stakataka|Stakataka|70/100
|cant|p2a: Metagross|slp
|
|upkeep
|turn|174
|
|t:|1668361779
|cant|p2a: Metagross|slp
|move|p1a: Stakataka|Earthquake|p2a: Metagross
|-supereffective|p2a: Metagross
|-damage|p2a: Metagross|46/100 slp
|
|-heal|p2a: Metagross|52/100 slp|[from] item: Leftovers
|upkeep
|turn|175
|
|t:|1668361786
|switch|p1a: Milotic|Milotic, F|83/100
|-curestatus|p2a: Metagross|slp|[msg]
|move|p2a: Metagross|Cosmic Power|p2a: Metagross
|-boost|p2a: Metagross|def|1
|-boost|p2a: Metagross|spd|1
|
|-heal|p2a: Metagross|58/100|[from] item: Leftovers
|upkeep
|turn|176
|
|t:|1668361796
|move|p2a: Metagross|Rest|p2a: Metagross
|-status|p2a: Metagross|slp|[from] move: Rest
|-heal|p2a: Metagross|100/100 slp|[silent]
|move|p1a: Milotic|Haze|p1a: Milotic
|-clearallboost
|
|upkeep
|turn|177
|
|t:|1668361802
|switch|p1a: Umbreon|Umbreon, F|77/100
|cant|p2a: Metagross|slp
|
|-heal|p1a: Umbreon|83/100|[from] item: Leftovers
|upkeep
|turn|178
|
|t:|1668361806
|switch|p2a: Sylveon|Sylveon, M|82/100 tox
|move|p1a: Umbreon|Foul Play|p2a: Sylveon
|-resisted|p2a: Sylveon
|-damage|p2a: Sylveon|76/100 tox
|
|-heal|p1a: Umbreon|90/100|[from] item: Leftovers
|-heal|p2a: Sylveon|82/100 tox|[from] item: Leftovers
|-damage|p2a: Sylveon|76/100 tox|[from] psn
|upkeep
|turn|179
|
|t:|1668361812
|move|p1a: Umbreon|Wish|p1a: Umbreon
|move|p2a: Sylveon|Heal Bell|p2a: Sylveon
|-activate|p2a: Sylveon|move: Heal Bell
|-curestatus|p2a: Sylveon|tox|[msg]
|-curestatus|p2: Metagross|slp|[msg]
|
|-heal|p1a: Umbreon|96/100|[from] item: Leftovers
|-heal|p2a: Sylveon|82/100|[from] item: Leftovers
|upkeep
|turn|180
|
|t:|1668361815
|switch|p1a: Stakataka|Stakataka|70/100
|switch|p2a: Metagross|Metagross|100/100
|
|-heal|p1a: Stakataka|100/100|[from] move: Wish|[wisher] Umbreon
|upkeep
|turn|181
|
|t:|1668361824
|switch|p1a: Milotic|Milotic, F|83/100
|move|p2a: Metagross|Cosmic Power|p2a: Metagross
|-boost|p2a: Metagross|def|1
|-boost|p2a: Metagross|spd|1
|
|upkeep
|turn|182
|
|t:|1668361829
|switch|p2a: Sylveon|Sylveon, M|82/100
|move|p1a: Milotic|Haze|p1a: Milotic
|-clearallboost
|
|-heal|p2a: Sylveon|88/100|[from] item: Leftovers
|upkeep
|turn|183
|
|t:|1668361832
|switch|p2a: Metagross|Metagross|100/100
|move|p1a: Milotic|Toxic|p2a: Metagross
|-immune|p2a: Metagross
|
|upkeep
|turn|184
|
|t:|1668361836
|switch|p2a: Sylveon|Sylveon, M|88/100
|move|p1a: Milotic|Scald|p2a: Sylveon
|-crit|p2a: Sylveon
|-damage|p2a: Sylveon|61/100
|
|-heal|p2a: Sylveon|67/100|[from] item: Leftovers
|upkeep
|turn|185
|
|t:|1668361840
|switch|p2a: Metagross|Metagross|100/100
|move|p1a: Milotic|Scald|p2a: Metagross
|-damage|p2a: Metagross|72/100
|-status|p2a: Metagross|brn
|
|-heal|p2a: Metagross|78/100 brn|[from] item: Leftovers
|-damage|p2a: Metagross|72/100 brn|[from] brn
|upkeep
|turn|186
|
|t:|1668361844
|switch|p2a: Sylveon|Sylveon, M|67/100
|switch|p1a: Stakataka|Stakataka|100/100
|
|-heal|p2a: Sylveon|73/100|[from] item: Leftovers
|upkeep
|turn|187
|
|t:|1668361854
|move|p2a: Sylveon|Heal Bell|p2a: Sylveon
|-activate|p2a: Sylveon|move: Heal Bell
|-curestatus|p2: Metagross|brn|[msg]
|move|p1a: Stakataka|Earthquake|p2a: Sylveon
|-damage|p2a: Sylveon|42/100
|
|-heal|p2a: Sylveon|48/100|[from] item: Leftovers
|upkeep
|turn|188
|
|t:|1668361867
|switch|p2a: Metagross|Metagross|72/100
|move|p1a: Stakataka|Earthquake|p2a: Metagross
|-supereffective|p2a: Metagross
|-damage|p2a: Metagross|13/100
|
|-heal|p2a: Metagross|19/100|[from] item: Leftovers
|upkeep
|turn|189
|
|t:|1668361878
|move|p2a: Metagross|Body Press|p1a: Stakataka
|-supereffective|p1a: Stakataka
|-crit|p1a: Stakataka
|-damage|p1a: Stakataka|18/100
|move|p1a: Stakataka|Earthquake|p2a: Metagross
|-supereffective|p2a: Metagross
|-damage|p2a: Metagross|0 fnt
|faint|p2a: Metagross
|-ability|p1a: Stakataka|Beast Boost|boost
|-boost|p1a: Stakataka|atk|1
|
|upkeep
|c|☆MAc3|ggs
|-message|MAc3 forfeited.
|
|win|btboy
|c|☆btboy|i robbed these im sorry
|c|☆btboy|ggs
