|inactive|Battle timer is ON: inactive players will automatically lose when time's up.
|t:|1665355480
|gametype|singles
|player|p1|btboy|spenser-gen3|
|player|p2|GW|#bltixsnorlaxes|
|teamsize|p1|6
|teamsize|p2|6
|gen|8
|tier|[Gen 8] RU
|rule|Sleep Clause Mod: Limit one foe put to sleep
|rule|Species Clause: Limit one of each Pokémon
|rule|OHKO Clause: OHKO moves are banned
|rule|Evasion Items Clause: Evasion items are banned
|rule|Evasion Moves Clause: Evasion moves are banned
|rule|Endless Battle Clause: Forcing endless battles is banned
|rule|HP Percentage Mod: HP is shown in percentages
|rule|Dynamax Clause: You cannot dynamax
|clearpoke
|poke|p1|Raikou|
|poke|p1|Centiskorch, F|
|poke|p1|Bronzong|
|poke|p1|Flygon, M|
|poke|p1|Vileplume, F|
|poke|p1|Togekiss, F|
|poke|p2|Metagross|
|poke|p2|Incineroar, F|
|poke|p2|Rotom-Mow|
|poke|p2|Golisopod, M|
|poke|p2|Sigilyph, F|
|poke|p2|Rhyperior, F|
|teampreview
|c|☆GW|hey u cant use raikou now 
|c|☆btboy|glhf
|c|☆GW|i own him
|c|+Floss|omg centi
|c|☆GW|hf
|inactive|btboy has 270 seconds left.
|inactive|GW has 270 seconds left.
|inactive|btboy has 240 seconds left.
|inactive|GW has 240 seconds left.
|
|t:|1665355552
|start
|switch|p1a: Raikou|Raikou|100/100
|switch|p2a: Incineroar|Incineroar, F|100/100
|-ability|p2a: Incineroar|Intimidate|boost
|-fail|p1a: Raikou|unboost|Attack|[from] ability: Inner Focus|[of] p1a: Raikou
|turn|1
|c|+Its oyster time|omg is that a togekiss
|
|t:|1665355560
|move|p1a: Raikou|Volt Switch|p2a: Incineroar
|-damage|p2a: Incineroar|60/100
|
|t:|1665355563
|switch|p1a: Flygon|Flygon, M|100/100|[from]move: Volt Switch
|move|p2a: Incineroar|Knock Off|p1a: Flygon
|-damage|p1a: Flygon|42/100
|-damage|p2a: Incineroar|44/100|[from] item: Rocky Helmet|[of] p1a: Flygon
|-enditem|p1a: Flygon|Rocky Helmet|[from] move: Knock Off|[of] p2a: Incineroar
|
|upkeep
|turn|2
|
|t:|1665355575
|switch|p2a: Golisopod|Golisopod, M|100/100
|move|p1a: Flygon|Roost|p1a: Flygon
|-heal|p1a: Flygon|92/100
|-singleturn|p1a: Flygon|move: Roost
|
|upkeep
|turn|3
|
|t:|1665355581
|switch|p1a: Vileplume|Vileplume, F|100/100
|move|p2a: Golisopod|Spikes|p1a: Vileplume
|-sidestart|p1: btboy|Spikes
|
|upkeep
|turn|4
|
|t:|1665355589
|switch|p2a: Sigilyph|Sigilyph, F|100/100
|move|p1a: Vileplume|Sludge Bomb|p2a: Sigilyph
|-damage|p2a: Sigilyph|55/100
|
|upkeep
|turn|5
|
|t:|1665355596
|switch|p1a: Raikou|Raikou|100/100
|move|p2a: Sigilyph|Psychic|p1a: Raikou
|-damage|p1a: Raikou|41/100
|
|upkeep
|turn|6
|
|t:|1665355610
|switch|p2a: Rotom|Rotom-Mow|100/100
|move|p1a: Raikou|Volt Switch|p2a: Rotom
|-resisted|p2a: Rotom
|-damage|p2a: Rotom|90/100
|
|t:|1665355626
|switch|p1a: Centiskorch|Centiskorch, F|100/100|[from]move: Volt Switch
|
|upkeep
|turn|7
|
|t:|1665355642
|move|p2a: Rotom|Volt Switch|p1a: Centiskorch
|-damage|p1a: Centiskorch|67/100
|inactive|GW has 270 seconds left.
|
|t:|1665355664
|switch|p2a: Incineroar|Incineroar, F|44/100|[from]move: Volt Switch
|-ability|p2a: Incineroar|Intimidate|boost
|-unboost|p1a: Centiskorch|atk|1
|move|p1a: Centiskorch|Fire Lash|p2a: Incineroar
|-resisted|p2a: Incineroar
|-damage|p2a: Incineroar|28/100
|-unboost|p2a: Incineroar|def|1
|
|upkeep
|turn|8
|inactive|GW has 270 seconds left.
|
|t:|1665355678
|move|p1a: Centiskorch|Leech Life|p2a: Incineroar
|-damage|p2a: Incineroar|0 fnt
|-heal|p1a: Centiskorch|80/100|[from] drain|[of] p2a: Incineroar
|faint|p2a: Incineroar
|
|upkeep
|inactive|GW has 270 seconds left.
|
|t:|1665355686
|switch|p2a: Sigilyph|Sigilyph, F|55/100
|turn|9
|inactive|GW has 270 seconds left.
|
|t:|1665355714
|switch|p1a: Togekiss|Togekiss, F|100/100
|move|p2a: Sigilyph|Air Slash|p1a: Togekiss
|-damage|p1a: Togekiss|64/100
|
|upkeep
|turn|10
|
|t:|1665355722
|switch|p2a: Rhyperior|Rhyperior, F|100/100
|move|p1a: Togekiss|Air Slash|p2a: Rhyperior
|-resisted|p2a: Rhyperior
|-damage|p2a: Rhyperior|83/100
|
|-heal|p2a: Rhyperior|89/100|[from] item: Leftovers
|upkeep
|turn|11
|inactive|GW has 270 seconds left.
|
|t:|1665355730
|switch|p1a: Bronzong|Bronzong|100/100
|move|p2a: Rhyperior|Stealth Rock|p1a: Bronzong
|-sidestart|p1: btboy|move: Stealth Rock
|
|-heal|p2a: Rhyperior|95/100|[from] item: Leftovers
|upkeep
|turn|12
|
|t:|1665355737
|switch|p2a: Sigilyph|Sigilyph, F|55/100
|move|p1a: Bronzong|Stealth Rock|p2a: Sigilyph
|-sidestart|p2: GW|move: Stealth Rock
|
|upkeep
|turn|13
|
|t:|1665355743
|move|p2a: Sigilyph|Psychic|p1a: Bronzong
|-resisted|p1a: Bronzong
|-damage|p1a: Bronzong|93/100
|move|p1a: Bronzong|Heavy Slam|p2a: Sigilyph
|-damage|p2a: Sigilyph|0 fnt
|faint|p2a: Sigilyph
|
|-heal|p1a: Bronzong|99/100|[from] item: Leftovers
|upkeep
|c|☆GW|wys that do 54
|c|☆GW|._.
|inactive|GW has 270 seconds left.
|
|t:|1665355761
|switch|p2a: Golisopod|Golisopod, M|100/100
|turn|14
|
|t:|1665355767
|switch|p1a: Vileplume|Vileplume, F|100/100
|-damage|p1a: Vileplume|88/100|[from] Spikes
|-damage|p1a: Vileplume|76/100|[from] Stealth Rock
|move|p2a: Golisopod|Knock Off|p1a: Vileplume
|-damage|p1a: Vileplume|48/100
|-damage|p2a: Golisopod|84/100|[from] item: Rocky Helmet|[of] p1a: Vileplume
|-status|p2a: Golisopod|slp|[from] ability: Effect Spore|[of] p1a: Vileplume
|-enditem|p1a: Vileplume|Rocky Helmet|[from] move: Knock Off|[of] p2a: Golisopod
|
|upkeep
|turn|15
|
|t:|1665355771
|cant|p2a: Golisopod|slp
|move|p1a: Vileplume|Strength Sap|p2a: Golisopod
|-unboost|p2a: Golisopod|atk|1
|-heal|p1a: Vileplume|100/100
|
|upkeep
|turn|16
|
|t:|1665355774
|switch|p2a: Metagross|Metagross|100/100
|-damage|p2a: Metagross|94/100|[from] Stealth Rock
|move|p1a: Vileplume|Infestation|p2a: Metagross
|-damage|p2a: Metagross|90/100
|-activate|p2a: Metagross|move: Infestation|[of] p1a: Vileplume
|
|-heal|p2a: Metagross|96/100|[from] item: Leftovers
|-damage|p2a: Metagross|84/100|[from] move: Infestation|[partiallytrapped]
|upkeep
|turn|17
|
|t:|1665355780
|move|p2a: Metagross|Cosmic Power|p2a: Metagross
|-boost|p2a: Metagross|def|1
|-boost|p2a: Metagross|spd|1
|move|p1a: Vileplume|Leech Seed|p2a: Metagross
|-start|p2a: Metagross|move: Leech Seed
|
|-heal|p2a: Metagross|90/100|[from] item: Leftovers
|-damage|p2a: Metagross|77/100|[from] Leech Seed|[of] p1a: Vileplume
|-damage|p2a: Metagross|65/100|[from] move: Infestation|[partiallytrapped]
|upkeep
|turn|18
|
|t:|1665355789
|switch|p1a: Centiskorch|Centiskorch, F|80/100
|move|p2a: Metagross|Cosmic Power|p2a: Metagross
|-boost|p2a: Metagross|def|1
|-boost|p2a: Metagross|spd|1
|
|-heal|p2a: Metagross|71/100|[from] item: Leftovers
|-damage|p2a: Metagross|59/100|[from] Leech Seed|[of] p1a: Centiskorch
|-heal|p1a: Centiskorch|93/100|[silent]
|-end|p2a: Metagross|Infestation|[partiallytrapped]|[silent]
|upkeep
|turn|19
|
|t:|1665355795
|move|p1a: Centiskorch|Knock Off|p2a: Metagross
|-supereffective|p2a: Metagross
|-damage|p2a: Metagross|31/100
|-enditem|p2a: Metagross|Leftovers|[from] move: Knock Off|[of] p1a: Centiskorch
|move|p2a: Metagross|Body Press|p1a: Centiskorch
|-resisted|p1a: Centiskorch
|-damage|p1a: Centiskorch|62/100
|-status|p2a: Metagross|brn|[from] ability: Flame Body|[of] p1a: Centiskorch
|
|-damage|p2a: Metagross|18/100 brn|[from] Leech Seed|[of] p1a: Centiskorch
|-heal|p1a: Centiskorch|75/100|[silent]
|-damage|p2a: Metagross|12/100 brn|[from] brn
|upkeep
|turn|20
|
|t:|1665355804
|switch|p2a: Rhyperior|Rhyperior, F|95/100
|-damage|p2a: Rhyperior|89/100|[from] Stealth Rock
|move|p1a: Centiskorch|Fire Lash|p2a: Rhyperior
|-resisted|p2a: Rhyperior
|-damage|p2a: Rhyperior|75/100
|-unboost|p2a: Rhyperior|def|1
|
|-heal|p2a: Rhyperior|81/100|[from] item: Leftovers
|upkeep
|turn|21
|
|t:|1665355806
|move|p1a: Centiskorch|Power Whip|p2a: Rhyperior
|-supereffective|p2a: Rhyperior
|-damage|p2a: Rhyperior|0 fnt
|faint|p2a: Rhyperior
|
|upkeep
|-message|GW forfeited.
|
|win|btboy
|c|☆btboy|gg
|c|☆GW|gg
