|inactive|Battle timer is ON: inactive players will automatically lose when time's up.
|t:|1660428048
|gametype|singles
|player|p1|PepeDuce|#ssdivlindworms|
|player|p2|pinkdragontamer|#wcop2022ussouth|
|teamsize|p1|6
|teamsize|p2|6
|gen|8
|tier|[Gen 8] RU
|rule|Sleep Clause Mod: Limit one foe put to sleep
|rule|Species Clause: Limit one of each Pokémon
|rule|OHKO Clause: OHKO moves are banned
|rule|Evasion Moves Clause: Evasion moves are banned
|rule|Endless Battle Clause: Forcing endless battles is banned
|rule|HP Percentage Mod: HP is shown in percentages
|rule|Dynamax Clause: You cannot dynamax
|clearpoke
|poke|p1|Guzzlord|
|poke|p1|Xurkitree|
|poke|p1|Crobat, M|
|poke|p1|Steelix, F|
|poke|p1|Doublade, F|
|poke|p1|Vaporeon, M|
|poke|p2|Heracross, M|
|poke|p2|Flygon, M|
|poke|p2|Vileplume, F|
|poke|p2|Crobat, M|
|poke|p2|Metagross|
|poke|p2|Suicune|
|teampreview
|c|☆pinkdragontamer|hf
|c|☆PepeDuce|u2
|inactive|PepeDuce has 270 seconds left.
|
|t:|1660428088
|start
|switch|p1a: Crobat|Crobat, M|100/100
|switch|p2a: Flygon|Flygon, M|100/100
|turn|1
|
|t:|1660428098
|move|p1a: Crobat|U-turn|p2a: Flygon
|-crit|p2a: Flygon
|-damage|p2a: Flygon|68/100
|
|t:|1660428107
|switch|p1a: Vaporeon|Vaporeon, M|100/100|[from]move: U-turn
|move|p2a: Flygon|U-turn|p1a: Vaporeon
|-damage|p1a: Vaporeon|80/100
|
|t:|1660428115
|switch|p2a: Vileplume|Vileplume, F|100/100|[from]move: U-turn
|
|-heal|p1a: Vaporeon|86/100|[from] item: Leftovers
|upkeep
|turn|2
|
|t:|1660428123
|move|p1a: Vaporeon|Protect|p1a: Vaporeon
|-singleturn|p1a: Vaporeon|Protect
|move|p2a: Vileplume|Sludge Bomb|p1a: Vaporeon
|-activate|p1a: Vaporeon|move: Protect
|
|-heal|p1a: Vaporeon|93/100|[from] item: Leftovers
|upkeep
|turn|3
|
|t:|1660428139
|switch|p1a: Doublade|Doublade, F|100/100
|switch|p2a: Metagross|Metagross|100/100
|
|upkeep
|turn|4
|c|+Prodigezz|PEPEEE
|
|t:|1660428157
|move|p2a: Metagross|Stealth Rock|p1a: Doublade
|-sidestart|p1: PepeDuce|move: Stealth Rock
|move|p1a: Doublade|Shadow Claw|p2a: Metagross
|-supereffective|p2a: Metagross
|-crit|p2a: Metagross
|-damage|p2a: Metagross|16/100
|
|-heal|p2a: Metagross|22/100|[from] item: Leftovers
|upkeep
|turn|5
|
|t:|1660428173
|switch|p2a: Vileplume|Vileplume, F|100/100
|switch|p1a: Guzzlord|Guzzlord|100/100
|-damage|p1a: Guzzlord|88/100|[from] Stealth Rock
|
|-heal|p1a: Guzzlord|94/100|[from] item: Leftovers
|upkeep
|turn|6
|
|t:|1660428186
|move|p1a: Guzzlord|Knock Off|p2a: Vileplume
|-damage|p2a: Vileplume|69/100
|-damage|p1a: Guzzlord|78/100|[from] item: Rocky Helmet|[of] p2a: Vileplume
|-enditem|p2a: Vileplume|Rocky Helmet|[from] move: Knock Off|[of] p1a: Guzzlord
|move|p2a: Vileplume|Sludge Bomb|p1a: Guzzlord
|-damage|p1a: Guzzlord|55/100
|
|-heal|p1a: Guzzlord|61/100|[from] item: Leftovers
|upkeep
|turn|7
|
|t:|1660428199
|move|p1a: Guzzlord|Protect|p1a: Guzzlord
|-singleturn|p1a: Guzzlord|Protect
|move|p2a: Vileplume|Strength Sap|p1a: Guzzlord
|-activate|p1a: Guzzlord|move: Protect
|
|-heal|p1a: Guzzlord|67/100|[from] item: Leftovers
|upkeep
|turn|8
|inactive|PepeDuce has 270 seconds left.
|
|t:|1660428220
|switch|p1a: Steelix|Steelix, F|100/100
|-damage|p1a: Steelix|97/100|[from] Stealth Rock
|move|p2a: Vileplume|Leech Seed|p1a: Steelix|[miss]
|-miss|p2a: Vileplume|p1a: Steelix
|
|-heal|p1a: Steelix|100/100|[from] item: Leftovers
|upkeep
|turn|9
|inactive|PepeDuce has 270 seconds left.
|
|t:|1660428227
|move|p2a: Vileplume|Leech Seed|p1a: Steelix
|-start|p1a: Steelix|move: Leech Seed
|move|p1a: Steelix|Stealth Rock|p2a: Vileplume
|-sidestart|p2: pinkdragontamer|move: Stealth Rock
|
|-damage|p1a: Steelix|88/100|[from] Leech Seed|[of] p2a: Vileplume
|-heal|p2a: Vileplume|82/100|[silent]
|upkeep
|turn|10
|
|t:|1660428235
|switch|p1a: Crobat|Crobat, M|100/100
|move|p2a: Vileplume|Leech Seed|p1a: Crobat
|-start|p1a: Crobat|move: Leech Seed
|
|-damage|p1a: Crobat|88/100|[from] Leech Seed|[of] p2a: Vileplume
|-heal|p2a: Vileplume|95/100|[silent]
|upkeep
|turn|11
|
|t:|1660428243
|move|p1a: Crobat|U-turn|p2a: Vileplume
|-damage|p2a: Vileplume|82/100
|
|t:|1660428245
|switch|p1a: Doublade|Doublade, F|100/100|[from]move: U-turn
|-damage|p1a: Doublade|94/100|[from] Stealth Rock
|move|p2a: Vileplume|Strength Sap|p1a: Doublade
|-unboost|p1a: Doublade|atk|1
|-heal|p2a: Vileplume|100/100
|
|upkeep
|turn|12
|
|t:|1660428256
|move|p2a: Vileplume|Leech Seed|p1a: Doublade
|-start|p1a: Doublade|move: Leech Seed
|move|p1a: Doublade|Swords Dance|p1a: Doublade
|-boost|p1a: Doublade|atk|2
|
|-damage|p1a: Doublade|82/100|[from] Leech Seed|[of] p2a: Vileplume
|upkeep
|turn|13
|
|t:|1660428280
|move|p2a: Vileplume|Strength Sap|p1a: Doublade
|-unboost|p1a: Doublade|atk|1
|move|p1a: Doublade|Swords Dance|p1a: Doublade
|-boost|p1a: Doublade|atk|2
|
|-damage|p1a: Doublade|70/100|[from] Leech Seed|[of] p2a: Vileplume
|upkeep
|turn|14
|
|t:|1660428294
|switch|p1a: Vaporeon|Vaporeon, M|93/100
|-damage|p1a: Vaporeon|80/100|[from] Stealth Rock
|move|p2a: Vileplume|Strength Sap|p1a: Vaporeon
|-unboost|p1a: Vaporeon|atk|1
|
|-heal|p1a: Vaporeon|86/100|[from] item: Leftovers
|upkeep
|turn|15
|
|t:|1660428300
|move|p1a: Vaporeon|Wish|p1a: Vaporeon
|move|p2a: Vileplume|Leech Seed|p1a: Vaporeon
|-start|p1a: Vaporeon|move: Leech Seed
|
|-heal|p1a: Vaporeon|93/100|[from] item: Leftovers
|-damage|p1a: Vaporeon|80/100|[from] Leech Seed|[of] p2a: Vileplume
|upkeep
|turn|16
|
|t:|1660428308
|switch|p1a: Guzzlord|Guzzlord|67/100
|-damage|p1a: Guzzlord|55/100|[from] Stealth Rock
|move|p2a: Vileplume|Leech Seed|p1a: Guzzlord
|-start|p1a: Guzzlord|move: Leech Seed
|
|-heal|p1a: Guzzlord|94/100|[from] move: Wish|[wisher] Vaporeon
|-heal|p1a: Guzzlord|99/100|[from] item: Leftovers
|-damage|p1a: Guzzlord|88/100|[from] Leech Seed|[of] p2a: Vileplume
|upkeep
|turn|17
|
|t:|1660428323
|switch|p1a: Crobat|Crobat, M|88/100
|move|p2a: Vileplume|Sludge Bomb|p1a: Crobat
|-resisted|p1a: Crobat
|-damage|p1a: Crobat|71/100
|
|upkeep
|turn|18
|
|t:|1660428348
|move|p1a: Crobat|U-turn|p2a: Vileplume
|-damage|p2a: Vileplume|89/100
|
|t:|1660428351
|switch|p1a: Vaporeon|Vaporeon, M|80/100|[from]move: U-turn
|-damage|p1a: Vaporeon|68/100|[from] Stealth Rock
|move|p2a: Vileplume|Strength Sap|p1a: Vaporeon
|-unboost|p1a: Vaporeon|atk|1
|-heal|p2a: Vileplume|100/100
|
|-heal|p1a: Vaporeon|74/100|[from] item: Leftovers
|upkeep
|turn|19
|
|t:|1660428369
|move|p1a: Vaporeon|Wish|p1a: Vaporeon
|move|p2a: Vileplume|Infestation|p1a: Vaporeon
|-damage|p1a: Vaporeon|69/100
|-activate|p1a: Vaporeon|move: Infestation|[of] p2a: Vileplume
|
|-heal|p1a: Vaporeon|76/100|[from] item: Leftovers
|-damage|p1a: Vaporeon|63/100|[from] move: Infestation|[partiallytrapped]
|upkeep
|turn|20
|
|t:|1660428383
|move|p1a: Vaporeon|Protect|p1a: Vaporeon
|-singleturn|p1a: Vaporeon|Protect
|move|p2a: Vileplume|Leech Seed|p1a: Vaporeon
|-activate|p1a: Vaporeon|move: Protect
|
|-heal|p1a: Vaporeon|100/100|[from] move: Wish|[wisher] Vaporeon
|-damage|p1a: Vaporeon|88/100|[from] move: Infestation|[partiallytrapped]
|upkeep
|turn|21
|
|t:|1660428388
|move|p1a: Vaporeon|Wish|p1a: Vaporeon
|move|p2a: Vileplume|Leech Seed|p1a: Vaporeon
|-start|p1a: Vaporeon|move: Leech Seed
|
|-heal|p1a: Vaporeon|94/100|[from] item: Leftovers
|-damage|p1a: Vaporeon|82/100|[from] Leech Seed|[of] p2a: Vileplume
|-damage|p1a: Vaporeon|69/100|[from] move: Infestation|[partiallytrapped]
|upkeep
|turn|22
|
|t:|1660428393
|move|p1a: Vaporeon|Protect|p1a: Vaporeon
|-singleturn|p1a: Vaporeon|Protect
|move|p2a: Vileplume|Sludge Bomb|p1a: Vaporeon
|-activate|p1a: Vaporeon|move: Protect
|
|-heal|p1a: Vaporeon|100/100|[from] move: Wish|[wisher] Vaporeon
|-damage|p1a: Vaporeon|88/100|[from] Leech Seed|[of] p2a: Vileplume
|-damage|p1a: Vaporeon|75/100|[from] move: Infestation|[partiallytrapped]
|upkeep
|turn|23
|
|t:|1660428398
|move|p1a: Vaporeon|Wish|p1a: Vaporeon
|move|p2a: Vileplume|Sludge Bomb|p1a: Vaporeon
|-damage|p1a: Vaporeon|50/100
|
|-heal|p1a: Vaporeon|56/100|[from] item: Leftovers
|-damage|p1a: Vaporeon|44/100|[from] Leech Seed|[of] p2a: Vileplume
|-damage|p1a: Vaporeon|31/100|[from] move: Infestation|[partiallytrapped]
|upkeep
|turn|24
|
|t:|1660428406
|move|p1a: Vaporeon|Protect|p1a: Vaporeon
|-singleturn|p1a: Vaporeon|Protect
|move|p2a: Vileplume|Sludge Bomb|p1a: Vaporeon
|-activate|p1a: Vaporeon|move: Protect
|
|-heal|p1a: Vaporeon|81/100|[from] move: Wish|[wisher] Vaporeon
|-heal|p1a: Vaporeon|88/100|[from] item: Leftovers
|-damage|p1a: Vaporeon|75/100|[from] Leech Seed|[of] p2a: Vileplume
|-end|p1a: Vaporeon|Infestation|[partiallytrapped]
|upkeep
|turn|25
|
|t:|1660428419
|switch|p1a: Crobat|Crobat, M|71/100
|move|p2a: Vileplume|Leech Seed|p1a: Crobat
|-start|p1a: Crobat|move: Leech Seed
|
|-damage|p1a: Crobat|59/100|[from] Leech Seed|[of] p2a: Vileplume
|upkeep
|turn|26
|
|t:|1660428425
|switch|p2a: Metagross|Metagross|22/100
|-damage|p2a: Metagross|16/100|[from] Stealth Rock
|move|p1a: Crobat|Roost|p1a: Crobat
|-heal|p1a: Crobat|100/100
|-singleturn|p1a: Crobat|move: Roost
|
|-heal|p2a: Metagross|22/100|[from] item: Leftovers
|-damage|p1a: Crobat|88/100|[from] Leech Seed|[of] p2a: Metagross
|-heal|p2a: Metagross|35/100|[silent]
|upkeep
|turn|27
|
|t:|1660428432
|move|p1a: Crobat|U-turn|p2a: Metagross
|-damage|p2a: Metagross|24/100
|
|t:|1660428458
|switch|p1a: Steelix|Steelix, F|88/100|[from]move: U-turn
|-damage|p1a: Steelix|85/100|[from] Stealth Rock
|move|p2a: Metagross|Earthquake|p1a: Steelix
|-supereffective|p1a: Steelix
|-damage|p1a: Steelix|51/100
|
|-heal|p2a: Metagross|30/100|[from] item: Leftovers
|-heal|p1a: Steelix|57/100|[from] item: Leftovers
|upkeep
|turn|28
|
|t:|1660428472
|switch|p2a: Flygon|Flygon, M|68/100
|-damage|p2a: Flygon|62/100|[from] Stealth Rock
|switch|p1a: Crobat|Crobat, M|88/100
|
|upkeep
|turn|29
|inactive|PepeDuce has 270 seconds left.
|inactive|PepeDuce has 240 seconds left.
|inactive|PepeDuce has 210 seconds left.
|inactive|PepeDuce has 180 seconds left.
|
|t:|1660428587
|move|p1a: Crobat|U-turn|p2a: Flygon
|-damage|p2a: Flygon|42/100
|
|t:|1660428609
|switch|p1a: Steelix|Steelix, F|57/100|[from]move: U-turn
|-damage|p1a: Steelix|54/100|[from] Stealth Rock
|move|p2a: Flygon|Earthquake|p1a: Steelix
|-supereffective|p1a: Steelix
|-damage|p1a: Steelix|0 fnt
|faint|p1a: Steelix
|
|upkeep
|
|t:|1660428616
|switch|p1a: Crobat|Crobat, M|88/100
|turn|30
|
|t:|1660428622
|switch|p2a: Crobat|Crobat, M|100/100
|move|p1a: Crobat|Brave Bird|p2a: Crobat
|-damage|p2a: Crobat|54/100
|-damage|p1a: Crobat|73/100|[from] Recoil
|
|upkeep
|turn|31
|
|t:|1660428629
|move|p1a: Crobat|U-turn|p2a: Crobat
|-resisted|p2a: Crobat
|-damage|p2a: Crobat|50/100
|
|t:|1660428652
|switch|p1a: Vaporeon|Vaporeon, M|75/100|[from]move: U-turn
|-damage|p1a: Vaporeon|63/100|[from] Stealth Rock
|move|p2a: Crobat|Roost|p2a: Crobat
|-heal|p2a: Crobat|99/100
|-singleturn|p2a: Crobat|move: Roost
|
|-heal|p1a: Vaporeon|69/100|[from] item: Leftovers
|upkeep
|turn|32
|
|t:|1660428665
|move|p2a: Crobat|U-turn|p1a: Vaporeon
|-damage|p1a: Vaporeon|58/100
|
|t:|1660428667
|switch|p2a: Heracross|Heracross, M|100/100|[from]move: U-turn
|-damage|p2a: Heracross|88/100|[from] Stealth Rock
|move|p1a: Vaporeon|Scald|p2a: Heracross
|-damage|p2a: Heracross|55/100
|
|-heal|p1a: Vaporeon|64/100|[from] item: Leftovers
|upkeep
|turn|33
|
|t:|1660428678
|move|p1a: Vaporeon|Protect|p1a: Vaporeon
|-singleturn|p1a: Vaporeon|Protect
|move|p2a: Heracross|Knock Off|p1a: Vaporeon
|-activate|p1a: Vaporeon|move: Protect
|
|-heal|p1a: Vaporeon|70/100|[from] item: Leftovers
|upkeep
|turn|34
|inactive|PepeDuce has 150 seconds left.
|
|t:|1660428704
|move|p2a: Heracross|Knock Off|p1a: Vaporeon
|-damage|p1a: Vaporeon|36/100
|-enditem|p1a: Vaporeon|Leftovers|[from] move: Knock Off|[of] p2a: Heracross
|move|p1a: Vaporeon|Scald|p2a: Heracross
|-damage|p2a: Heracross|17/100
|
|upkeep
|turn|35
|
|t:|1660428714
|switch|p2a: Vileplume|Vileplume, F|100/100
|-damage|p2a: Vileplume|88/100|[from] Stealth Rock
|move|p1a: Vaporeon|Wish|p1a: Vaporeon
|
|upkeep
|turn|36
|
|t:|1660428720
|move|p1a: Vaporeon|Protect|p1a: Vaporeon
|-singleturn|p1a: Vaporeon|Protect
|move|p2a: Vileplume|Infestation|p1a: Vaporeon
|-activate|p1a: Vaporeon|move: Protect
|
|-heal|p1a: Vaporeon|86/100|[from] move: Wish|[wisher] Vaporeon
|upkeep
|turn|37
|
|t:|1660428730
|switch|p1a: Crobat|Crobat, M|73/100
|move|p2a: Vileplume|Sludge Bomb|p1a: Crobat
|-resisted|p1a: Crobat
|-damage|p1a: Crobat|54/100
|
|upkeep
|turn|38
|
|t:|1660428747
|switch|p2a: Metagross|Metagross|30/100
|-damage|p2a: Metagross|24/100|[from] Stealth Rock
|move|p1a: Crobat|Roost|p1a: Crobat
|-heal|p1a: Crobat|100/100
|-singleturn|p1a: Crobat|move: Roost
|
|-heal|p2a: Metagross|30/100|[from] item: Leftovers
|upkeep
|turn|39
|
|t:|1660428751
|move|p1a: Crobat|U-turn|p2a: Metagross
|-damage|p2a: Metagross|19/100
|inactive|PepeDuce has 150 seconds left.
|
|t:|1660428786
|switch|p1a: Doublade|Doublade, F|70/100|[from]move: U-turn
|-damage|p1a: Doublade|64/100|[from] Stealth Rock
|move|p2a: Metagross|Toxic|p1a: Doublade
|-immune|p1a: Doublade
|
|-heal|p2a: Metagross|25/100|[from] item: Leftovers
|upkeep
|turn|40
|inactive|PepeDuce has 150 seconds left.
|
|t:|1660428798
|switch|p2a: Suicune|Suicune|100/100
|-damage|p2a: Suicune|88/100|[from] Stealth Rock
|-ability|p2a: Suicune|Pressure
|move|p1a: Doublade|Shadow Claw|p2a: Suicune
|-damage|p2a: Suicune|66/100
|
|-heal|p2a: Suicune|72/100|[from] item: Leftovers
|upkeep
|turn|41
|inactive|PepeDuce has 150 seconds left.
|
|t:|1660428811
|switch|p1a: Guzzlord|Guzzlord|88/100
|-damage|p1a: Guzzlord|75/100|[from] Stealth Rock
|move|p2a: Suicune|Calm Mind|p2a: Suicune
|-boost|p2a: Suicune|spa|1
|-boost|p2a: Suicune|spd|1
|
|-heal|p2a: Suicune|79/100|[from] item: Leftovers
|-heal|p1a: Guzzlord|81/100|[from] item: Leftovers
|upkeep
|turn|42
|
|t:|1660428819
|switch|p2a: Vileplume|Vileplume, F|88/100
|-damage|p2a: Vileplume|76/100|[from] Stealth Rock
|move|p1a: Guzzlord|Knock Off|p2a: Vileplume
|-damage|p2a: Vileplume|54/100
|-status|p1a: Guzzlord|psn|[from] ability: Effect Spore|[of] p2a: Vileplume
|
|-heal|p1a: Guzzlord|88/100 psn|[from] item: Leftovers
|-damage|p1a: Guzzlord|75/100 psn|[from] psn
|upkeep
|turn|43
|inactive|PepeDuce has 150 seconds left.
|
|t:|1660428836
|move|p2a: Vileplume|Strength Sap|p1a: Guzzlord
|-unboost|p1a: Guzzlord|atk|1
|-heal|p2a: Vileplume|100/100
|move|p1a: Guzzlord|Dragon Tail|p2a: Vileplume
|-damage|p2a: Vileplume|86/100
|drag|p2a: Metagross|Metagross|25/100
|-damage|p2a: Metagross|19/100|[from] Stealth Rock
|
|-heal|p2a: Metagross|25/100|[from] item: Leftovers
|-heal|p1a: Guzzlord|81/100 psn|[from] item: Leftovers
|-damage|p1a: Guzzlord|69/100 psn|[from] psn
|upkeep
|turn|44
|inactive|PepeDuce has 150 seconds left.
|
|t:|1660428860
|switch|p1a: Crobat|Crobat, M|100/100
|move|p2a: Metagross|Meteor Mash|p1a: Crobat
|-damage|p1a: Crobat|49/100
|
|-heal|p2a: Metagross|31/100|[from] item: Leftovers
|upkeep
|turn|45
|
|t:|1660428867
|move|p1a: Crobat|U-turn|p2a: Metagross
|-damage|p2a: Metagross|20/100
|
|t:|1660428874
|switch|p1a: Vaporeon|Vaporeon, M|86/100|[from]move: U-turn
|-damage|p1a: Vaporeon|74/100|[from] Stealth Rock
|move|p2a: Metagross|Earthquake|p1a: Vaporeon
|-damage|p1a: Vaporeon|50/100
|
|-heal|p2a: Metagross|26/100|[from] item: Leftovers
|upkeep
|turn|46
|inactive|PepeDuce has 150 seconds left.
|
|t:|1660428886
|move|p2a: Metagross|Toxic|p1a: Vaporeon
|-status|p1a: Vaporeon|tox
|move|p1a: Vaporeon|Wish|p1a: Vaporeon
|
|-heal|p2a: Metagross|32/100|[from] item: Leftovers
|-damage|p1a: Vaporeon|44/100 tox|[from] psn
|upkeep
|turn|47
|
|t:|1660428892
|move|p2a: Metagross|Earthquake|p1a: Vaporeon
|-damage|p1a: Vaporeon|19/100 tox
|move|p1a: Vaporeon|Heal Bell|p1a: Vaporeon
|-activate|p1a: Vaporeon|move: Heal Bell
|-curestatus|p1a: Vaporeon|tox|[msg]
|-curestatus|p1: Guzzlord|psn|[msg]
|
|-heal|p1a: Vaporeon|69/100|[from] move: Wish|[wisher] Vaporeon
|-heal|p2a: Metagross|38/100|[from] item: Leftovers
|upkeep
|turn|48
|
|t:|1660428902
|move|p1a: Vaporeon|Protect|p1a: Vaporeon
|-singleturn|p1a: Vaporeon|Protect
|move|p2a: Metagross|Toxic|p1a: Vaporeon
|-activate|p1a: Vaporeon|move: Protect
|
|-heal|p2a: Metagross|44/100|[from] item: Leftovers
|upkeep
|turn|49
|
|t:|1660428909
|move|p2a: Metagross|Toxic|p1a: Vaporeon
|-status|p1a: Vaporeon|tox
|move|p1a: Vaporeon|Wish|p1a: Vaporeon
|
|-heal|p2a: Metagross|50/100|[from] item: Leftovers
|-damage|p1a: Vaporeon|63/100 tox|[from] psn
|upkeep
|turn|50
|
|t:|1660428917
|move|p2a: Metagross|Earthquake|p1a: Vaporeon
|-damage|p1a: Vaporeon|37/100 tox
|move|p1a: Vaporeon|Scald|p2a: Metagross
|-damage|p2a: Metagross|26/100
|
|-heal|p1a: Vaporeon|87/100 tox|[from] move: Wish|[wisher] Vaporeon
|-heal|p2a: Metagross|32/100|[from] item: Leftovers
|-damage|p1a: Vaporeon|75/100 tox|[from] psn
|upkeep
|turn|51
|
|t:|1660428929
|move|p2a: Metagross|Earthquake|p1a: Vaporeon
|-damage|p1a: Vaporeon|50/100 tox
|move|p1a: Vaporeon|Wish|p1a: Vaporeon
|
|-heal|p2a: Metagross|38/100|[from] item: Leftovers
|-damage|p1a: Vaporeon|31/100 tox|[from] psn
|upkeep
|turn|52
|
|t:|1660428938
|move|p2a: Metagross|Earthquake|p1a: Vaporeon
|-damage|p1a: Vaporeon|7/100 tox
|move|p1a: Vaporeon|Heal Bell|p1a: Vaporeon
|-activate|p1a: Vaporeon|move: Heal Bell
|-curestatus|p1a: Vaporeon|tox|[msg]
|
|-heal|p1a: Vaporeon|57/100|[from] move: Wish|[wisher] Vaporeon
|-heal|p2a: Metagross|44/100|[from] item: Leftovers
|upkeep
|turn|53
|inactive|PepeDuce has 180 seconds left.
|
|t:|1660428950
|move|p2a: Metagross|Toxic|p1a: Vaporeon
|-status|p1a: Vaporeon|tox
|move|p1a: Vaporeon|Wish|p1a: Vaporeon
|
|-heal|p2a: Metagross|50/100|[from] item: Leftovers
|-damage|p1a: Vaporeon|50/100 tox|[from] psn
|upkeep
|turn|54
|
|t:|1660428961
|switch|p2a: Vileplume|Vileplume, F|86/100
|-damage|p2a: Vileplume|74/100|[from] Stealth Rock
|move|p1a: Vaporeon|Scald|p2a: Vileplume
|-resisted|p2a: Vileplume
|-damage|p2a: Vileplume|57/100
|
|-heal|p1a: Vaporeon|99/100 tox|[from] move: Wish|[wisher] Vaporeon
|-damage|p1a: Vaporeon|88/100 tox|[from] psn
|upkeep
|turn|55
|inactive|PepeDuce has 180 seconds left.
|
|t:|1660428991
|switch|p1a: Xurkitree|Xurkitree|100/100
|move|p2a: Vileplume|Strength Sap|p1a: Xurkitree
|-unboost|p1a: Xurkitree|atk|1
|-heal|p2a: Vileplume|100/100
|
|upkeep
|turn|56
|
|t:|1660429000
|switch|p2a: Flygon|Flygon, M|42/100
|-damage|p2a: Flygon|36/100|[from] Stealth Rock
|move|p1a: Xurkitree|Thunderbolt|p2a: Flygon
|-immune|p2a: Flygon
|
|upkeep
|turn|57
|inactive|PepeDuce has 180 seconds left.
|
|t:|1660429018
|switch|p1a: Doublade|Doublade, F|64/100
|-damage|p1a: Doublade|58/100|[from] Stealth Rock
|move|p2a: Flygon|Earthquake|p1a: Doublade
|-supereffective|p1a: Doublade
|-damage|p1a: Doublade|0 fnt
|faint|p1a: Doublade
|
|upkeep
|
|t:|1660429024
|switch|p1a: Crobat|Crobat, M|49/100
|turn|58
|
|t:|1660429029
|switch|p2a: Metagross|Metagross|50/100
|-damage|p2a: Metagross|44/100|[from] Stealth Rock
|move|p1a: Crobat|Brave Bird|p2a: Metagross
|-resisted|p2a: Metagross
|-damage|p2a: Metagross|30/100
|-damage|p1a: Crobat|45/100|[from] Recoil
|
|-heal|p2a: Metagross|36/100|[from] item: Leftovers
|upkeep
|turn|59
|
|t:|1660429034
|move|p1a: Crobat|U-turn|p2a: Metagross
|-damage|p2a: Metagross|25/100
|
|t:|1660429038
|switch|p1a: Guzzlord|Guzzlord|69/100|[from]move: U-turn
|-damage|p1a: Guzzlord|56/100|[from] Stealth Rock
|move|p2a: Metagross|Meteor Mash|p1a: Guzzlord|[miss]
|-miss|p2a: Metagross|p1a: Guzzlord
|
|-heal|p2a: Metagross|32/100|[from] item: Leftovers
|-heal|p1a: Guzzlord|63/100|[from] item: Leftovers
|upkeep
|turn|60
|
|t:|1660429046
|move|p2a: Metagross|Meteor Mash|p1a: Guzzlord
|-damage|p1a: Guzzlord|20/100
|move|p1a: Guzzlord|Dragon Tail|p2a: Metagross|[miss]
|-miss|p1a: Guzzlord|p2a: Metagross
|
|-heal|p2a: Metagross|38/100|[from] item: Leftovers
|-heal|p1a: Guzzlord|26/100|[from] item: Leftovers
|upkeep
|turn|61
|
|t:|1660429054
|move|p1a: Guzzlord|Protect|p1a: Guzzlord
|-singleturn|p1a: Guzzlord|Protect
|move|p2a: Metagross|Meteor Mash|p1a: Guzzlord
|-activate|p1a: Guzzlord|move: Protect
|
|-heal|p2a: Metagross|44/100|[from] item: Leftovers
|-heal|p1a: Guzzlord|32/100|[from] item: Leftovers
|upkeep
|turn|62
|inactive|PepeDuce has 180 seconds left.
|
|t:|1660429090
|switch|p2a: Vileplume|Vileplume, F|100/100
|-damage|p2a: Vileplume|88/100|[from] Stealth Rock
|switch|p1a: Vaporeon|Vaporeon, M|88/100 tox
|-damage|p1a: Vaporeon|75/100 tox|[from] Stealth Rock
|
|-damage|p1a: Vaporeon|69/100 tox|[from] psn
|upkeep
|turn|63
|inactive|PepeDuce has 180 seconds left.
|
|t:|1660429109
|move|p1a: Vaporeon|Wish|p1a: Vaporeon
|move|p2a: Vileplume|Infestation|p1a: Vaporeon
|-damage|p1a: Vaporeon|65/100 tox
|-activate|p1a: Vaporeon|move: Infestation|[of] p2a: Vileplume
|
|-damage|p1a: Vaporeon|52/100 tox|[from] psn
|-damage|p1a: Vaporeon|40/100 tox|[from] move: Infestation|[partiallytrapped]
|upkeep
|turn|64
|
|t:|1660429113
|move|p1a: Vaporeon|Heal Bell|p1a: Vaporeon
|-activate|p1a: Vaporeon|move: Heal Bell
|-curestatus|p1a: Vaporeon|tox|[msg]
|move|p2a: Vileplume|Leech Seed|p1a: Vaporeon
|-start|p1a: Vaporeon|move: Leech Seed
|
|-heal|p1a: Vaporeon|90/100|[from] move: Wish|[wisher] Vaporeon
|-damage|p1a: Vaporeon|77/100|[from] Leech Seed|[of] p2a: Vileplume
|-heal|p2a: Vileplume|100/100|[silent]
|-damage|p1a: Vaporeon|65/100|[from] move: Infestation|[partiallytrapped]
|upkeep
|turn|65
|
|t:|1660429118
|move|p1a: Vaporeon|Wish|p1a: Vaporeon
|move|p2a: Vileplume|Sludge Bomb|p1a: Vaporeon
|-damage|p1a: Vaporeon|41/100
|
|-damage|p1a: Vaporeon|28/100|[from] Leech Seed|[of] p2a: Vileplume
|-damage|p1a: Vaporeon|16/100|[from] move: Infestation|[partiallytrapped]
|upkeep
|turn|66
|
|t:|1660429133
|move|p1a: Vaporeon|Protect|p1a: Vaporeon
|-singleturn|p1a: Vaporeon|Protect
|move|p2a: Vileplume|Sludge Bomb|p1a: Vaporeon
|-activate|p1a: Vaporeon|move: Protect
|
|-heal|p1a: Vaporeon|66/100|[from] move: Wish|[wisher] Vaporeon
|-damage|p1a: Vaporeon|53/100|[from] Leech Seed|[of] p2a: Vileplume
|-damage|p1a: Vaporeon|41/100|[from] move: Infestation|[partiallytrapped]
|upkeep
|turn|67
|
|t:|1660429139
|move|p1a: Vaporeon|Wish|p1a: Vaporeon
|move|p2a: Vileplume|Sludge Bomb|p1a: Vaporeon
|-damage|p1a: Vaporeon|17/100
|
|-damage|p1a: Vaporeon|4/100|[from] Leech Seed|[of] p2a: Vileplume
|-end|p1a: Vaporeon|Infestation|[partiallytrapped]
|upkeep
|turn|68
|
|t:|1660429148
|move|p1a: Vaporeon|Protect|p1a: Vaporeon
|-singleturn|p1a: Vaporeon|Protect
|move|p2a: Vileplume|Infestation|p1a: Vaporeon
|-activate|p1a: Vaporeon|move: Protect
|
|-heal|p1a: Vaporeon|54/100|[from] move: Wish|[wisher] Vaporeon
|-damage|p1a: Vaporeon|42/100|[from] Leech Seed|[of] p2a: Vileplume
|upkeep
|turn|69
|
|t:|1660429152
|switch|p1a: Crobat|Crobat, M|45/100
|move|p2a: Vileplume|Infestation|p1a: Crobat
|-resisted|p1a: Crobat
|-damage|p1a: Crobat|43/100
|-activate|p1a: Crobat|move: Infestation|[of] p2a: Vileplume
|
|-damage|p1a: Crobat|31/100|[from] move: Infestation|[partiallytrapped]
|upkeep
|turn|70
|inactive|PepeDuce has 210 seconds left.
|
|t:|1660429175
|switch|p2a: Crobat|Crobat, M|99/100
|move|p1a: Crobat|Roost|p1a: Crobat
|-heal|p1a: Crobat|81/100
|-singleturn|p1a: Crobat|move: Roost
|
|-end|p1a: Crobat|Infestation|[partiallytrapped]|[silent]
|upkeep
|turn|71
|inactive|PepeDuce has 210 seconds left.
|
|t:|1660429187
|move|p2a: Crobat|Brave Bird|p1a: Crobat
|-damage|p1a: Crobat|41/100
|-damage|p2a: Crobat|86/100|[from] Recoil
|move|p1a: Crobat|Roost|p1a: Crobat
|-heal|p1a: Crobat|91/100
|-singleturn|p1a: Crobat|move: Roost
|
|upkeep
|turn|72
|
|t:|1660429195
|move|p2a: Crobat|Brave Bird|p1a: Crobat
|-damage|p1a: Crobat|50/100
|-damage|p2a: Crobat|72/100|[from] Recoil
|move|p1a: Crobat|Brave Bird|p2a: Crobat
|-damage|p2a: Crobat|30/100
|-damage|p1a: Crobat|37/100|[from] Recoil
|
|upkeep
|turn|73
|
|t:|1660429207
|switch|p1a: Xurkitree|Xurkitree|100/100
|move|p2a: Crobat|Roost|p2a: Crobat
|-heal|p2a: Crobat|80/100
|-singleturn|p2a: Crobat|move: Roost
|
|upkeep
|turn|74
|inactive|PepeDuce has 210 seconds left.
|
|t:|1660429225
|move|p2a: Crobat|U-turn|p1a: Xurkitree
|-damage|p1a: Xurkitree|76/100
|
|t:|1660429228
|switch|p2a: Vileplume|Vileplume, F|100/100|[from]move: U-turn
|-damage|p2a: Vileplume|88/100|[from] Stealth Rock
|move|p1a: Xurkitree|Thunderbolt|p2a: Vileplume
|-resisted|p2a: Vileplume
|-damage|p2a: Vileplume|57/100
|
|upkeep
|turn|75
|
|t:|1660429240
|move|p1a: Xurkitree|Thunderbolt|p2a: Vileplume
|-resisted|p2a: Vileplume
|-damage|p2a: Vileplume|29/100
|move|p2a: Vileplume|Strength Sap|p1a: Xurkitree
|-unboost|p1a: Xurkitree|atk|1
|-heal|p2a: Vileplume|84/100
|
|upkeep
|turn|76
|
|t:|1660429255
|switch|p2a: Metagross|Metagross|44/100
|-damage|p2a: Metagross|38/100|[from] Stealth Rock
|move|p1a: Xurkitree|Thunderbolt|p2a: Metagross
|-damage|p2a: Metagross|0 fnt
|faint|p2a: Metagross
|-ability|p1a: Xurkitree|Beast Boost|boost
|-boost|p1a: Xurkitree|spa|1
|
|upkeep
|
|t:|1660429263
|switch|p2a: Heracross|Heracross, M|17/100
|-damage|p2a: Heracross|5/100|[from] Stealth Rock
|turn|77
|inactive|PepeDuce has 210 seconds left.
|inactive|PepeDuce has 180 seconds left.
|
|t:|1660429335
|switch|p1a: Guzzlord|Guzzlord|32/100
|-damage|p1a: Guzzlord|19/100|[from] Stealth Rock
|move|p2a: Heracross|Knock Off|p1a: Guzzlord
|-resisted|p1a: Guzzlord
|-damage|p1a: Guzzlord|0 fnt
|-enditem|p1a: Guzzlord|Leftovers|[from] move: Knock Off|[of] p2a: Heracross
|faint|p1a: Guzzlord
|
|upkeep
|inactive|PepeDuce has 150 seconds left.
|
|t:|1660429359
|switch|p1a: Xurkitree|Xurkitree|76/100
|turn|78
|
|t:|1660429363
|move|p2a: Heracross|Knock Off|p1a: Xurkitree
|-damage|p1a: Xurkitree|2/100
|-enditem|p1a: Xurkitree|Heavy-Duty Boots|[from] move: Knock Off|[of] p2a: Heracross
|move|p1a: Xurkitree|Dazzling Gleam|p2a: Heracross
|-supereffective|p2a: Heracross
|-damage|p2a: Heracross|0 fnt
|faint|p2a: Heracross
|-ability|p1a: Xurkitree|Beast Boost|boost
|-boost|p1a: Xurkitree|spa|1
|
|upkeep
|
|t:|1660429371
|switch|p2a: Flygon|Flygon, M|36/100
|-damage|p2a: Flygon|30/100|[from] Stealth Rock
|turn|79
|
|t:|1660429380
|switch|p1a: Vaporeon|Vaporeon, M|42/100
|-damage|p1a: Vaporeon|29/100|[from] Stealth Rock
|move|p2a: Flygon|Outrage|p1a: Vaporeon
|-damage|p1a: Vaporeon|0 fnt
|faint|p1a: Vaporeon
|
|upkeep
|
|t:|1660429384
|switch|p1a: Crobat|Crobat, M|37/100
|turn|80
|
|t:|1660429389
|move|p1a: Crobat|Brave Bird|p2a: Flygon
|-damage|p2a: Flygon|0 fnt
|faint|p2a: Flygon
|-damage|p1a: Crobat|29/100|[from] Recoil
|
|upkeep
|
|t:|1660429393
|switch|p2a: Crobat|Crobat, M|80/100
|turn|81
|
|t:|1660429397
|move|p1a: Crobat|Roost|p1a: Crobat
|-heal|p1a: Crobat|79/100
|-singleturn|p1a: Crobat|move: Roost
|move|p2a: Crobat|Brave Bird|p1a: Crobat
|-damage|p1a: Crobat|32/100
|-damage|p2a: Crobat|64/100|[from] Recoil
|
|upkeep
|turn|82
|
|t:|1660429403
|move|p2a: Crobat|Brave Bird|p1a: Crobat
|-crit|p1a: Crobat
|-damage|p1a: Crobat|0 fnt
|faint|p1a: Crobat
|-damage|p2a: Crobat|53/100|[from] Recoil
|
|upkeep
|c|☆PepeDuce|gg
|c|☆pinkdragontamer|gg
|
|t:|1660429409
|switch|p1a: Xurkitree|Xurkitree|2/100
|-damage|p1a: Xurkitree|0 fnt|[from] Stealth Rock
|faint|p1a: Xurkitree
|
|win|pinkdragontamer
