|inactive|Battle timer is ON: inactive players will automatically lose when time's up.
|t:|1665338907
|gametype|singles
|player|p1|hjkhj ㋛|265|
|player|p2|EviGaro|#uuplxsisters|
|teamsize|p1|6
|teamsize|p2|6
|gen|8
|tier|[Gen 8] RU
|rule|Sleep Clause Mod: Limit one foe put to sleep
|rule|Species Clause: Limit one of each Pokémon
|rule|OHKO Clause: OHKO moves are banned
|rule|Evasion Items Clause: Evasion items are banned
|rule|Evasion Moves Clause: Evasion moves are banned
|rule|Endless Battle Clause: Forcing endless battles is banned
|rule|HP Percentage Mod: HP is shown in percentages
|rule|Dynamax Clause: You cannot dynamax
|clearpoke
|poke|p1|Weezing-Galar, M|
|poke|p1|Umbreon, F|
|poke|p1|Steelix, F|
|poke|p1|Crobat, F|
|poke|p1|Doublade, M|
|poke|p1|Milotic, F|
|poke|p2|Reuniclus, M|
|poke|p2|Heracross, F|
|poke|p2|Raikou|
|poke|p2|Golurk|
|poke|p2|Copperajah, F|
|poke|p2|Togekiss, M|
|teampreview
|inactive|hjkhj ㋛ also wants the timer to be on.
|c|☆EviGaro|hf
|c|☆hjkhj ㋛|u2
|inactive|hjkhj ㋛ has 270 seconds left.
|inactive|EviGaro has 270 seconds left.
|
|t:|1665338957
|start
|switch|p1a: Steelix|Steelix, F|100/100
|switch|p2a: Golurk|Golurk|100/100
|turn|1
|
|t:|1665338972
|move|p2a: Golurk|Trick|p1a: Steelix
|-activate|p2a: Golurk|move: Trick|[of] p1a: Steelix
|-item|p1a: Steelix|Sticky Barb|[from] move: Trick
|-item|p2a: Golurk|Leftovers|[from] move: Trick
|move|p1a: Steelix|Toxic|p2a: Golurk
|-status|p2a: Golurk|tox
|
|-damage|p2a: Golurk|95/100 tox|[from] psn
|-damage|p1a: Steelix|88/100|[from] item: Sticky Barb
|upkeep
|turn|2
|
|t:|1665338981
|switch|p1a: Weezing|Weezing-Galar, M|100/100
|move|p2a: Golurk|Stealth Rock|p1a: Weezing
|-sidestart|p1: hjkhj ㋛|move: Stealth Rock
|
|-damage|p2a: Golurk|83/100 tox|[from] psn
|upkeep
|turn|3
|
|t:|1665338996
|move|p2a: Golurk|Poltergeist|p1a: Weezing
|-activate|p1a: Weezing|move: Poltergeist|Rocky Helmet
|-damage|p1a: Weezing|58/100
|move|p1a: Weezing|Strange Steam|p2a: Golurk
|-damage|p2a: Golurk|47/100 tox
|
|-damage|p2a: Golurk|29/100 tox|[from] psn
|upkeep
|turn|4
|
|t:|1665339010
|switch|p2a: Raikou|Raikou|100/100
|-ability|p2a: Raikou|Pressure
|switch|p1a: Umbreon|Umbreon, F|100/100
|
|upkeep
|turn|5
|
|t:|1665339016
|switch|p2a: Reuniclus|Reuniclus, M|100/100
|move|p1a: Umbreon|Wish|p1a: Umbreon
|
|upkeep
|turn|6
|
|t:|1665339024
|switch|p1a: Doublade|Doublade, M|100/100
|-damage|p1a: Doublade|94/100|[from] Stealth Rock
|switch|p2a: Togekiss|Togekiss, M|100/100
|
|-heal|p1a: Doublade|100/100|[from] move: Wish|[wisher] Umbreon
|upkeep
|turn|7
|
|t:|1665339033
|switch|p1a: Milotic|Milotic, F|100/100
|move|p2a: Togekiss|Air Slash|p1a: Milotic
|-damage|p1a: Milotic|77/100
|
|upkeep
|turn|8
|
|t:|1665339040
|switch|p2a: Heracross|Heracross, F|100/100
|move|p1a: Milotic|Toxic|p2a: Heracross
|-status|p2a: Heracross|tox
|
|-damage|p2a: Heracross|95/100 tox|[from] psn
|upkeep
|turn|9
|
|t:|1665339046
|switch|p1a: Steelix|Steelix, F|88/100
|-damage|p1a: Steelix|85/100|[from] Stealth Rock
|move|p2a: Heracross|Knock Off|p1a: Steelix
|-damage|p1a: Steelix|45/100
|-enditem|p1a: Steelix|Sticky Barb|[from] move: Knock Off|[of] p2a: Heracross
|
|-damage|p2a: Heracross|83/100 tox|[from] psn
|upkeep
|turn|10
|
|t:|1665339060
|switch|p1a: Crobat|Crobat, F|100/100
|move|p2a: Heracross|Knock Off|p1a: Crobat
|-damage|p1a: Crobat|26/100
|-enditem|p1a: Crobat|Heavy-Duty Boots|[from] move: Knock Off|[of] p2a: Heracross
|
|-damage|p2a: Heracross|65/100 tox|[from] psn
|upkeep
|turn|11
|
|t:|1665339073
|switch|p2a: Copperajah|Copperajah, F|100/100
|move|p1a: Crobat|Roost|p1a: Crobat
|-heal|p1a: Crobat|76/100
|-singleturn|p1a: Crobat|move: Roost
|
|upkeep
|turn|12
|
|t:|1665339076
|move|p1a: Crobat|Defog|p2a: Copperajah
|-unboost|p2a: Copperajah|evasion|1
|-sideend|p1: hjkhj ㋛|Stealth Rock|[from] move: Defog|[of] p1a: Crobat
|move|p2a: Copperajah|Heavy Slam|p1a: Crobat
|-damage|p1a: Crobat|0 fnt
|faint|p1a: Crobat
|
|upkeep
|
|t:|1665339097
|switch|p1a: Doublade|Doublade, M|100/100
|turn|13
|
|t:|1665339103
|move|p2a: Copperajah|Heat Crash|p1a: Doublade
|-supereffective|p1a: Doublade
|-damage|p1a: Doublade|46/100
|move|p1a: Doublade|Close Combat|p2a: Copperajah
|-supereffective|p2a: Copperajah
|-damage|p2a: Copperajah|27/100
|-unboost|p1a: Doublade|def|1
|-unboost|p1a: Doublade|spd|1
|
|upkeep
|turn|14
|
|t:|1665339114
|switch|p1a: Milotic|Milotic, F|77/100
|move|p2a: Copperajah|Heat Crash|p1a: Milotic
|-resisted|p1a: Milotic
|-damage|p1a: Milotic|50/100
|
|upkeep
|turn|15
|
|t:|1665339121
|move|p1a: Milotic|Scald|p2a: Copperajah
|-damage|p2a: Copperajah|0 fnt
|faint|p2a: Copperajah
|
|upkeep
|
|t:|1665339137
|switch|p2a: Raikou|Raikou|100/100
|-ability|p2a: Raikou|Pressure
|turn|16
|
|t:|1665339141
|switch|p1a: Steelix|Steelix, F|45/100
|move|p2a: Raikou|Thunderbolt|p1a: Steelix
|-immune|p1a: Steelix
|
|upkeep
|turn|17
|
|t:|1665339145
|switch|p2a: Golurk|Golurk|29/100 tox
|move|p1a: Steelix|Toxic|p2a: Golurk
|-fail|p2a: Golurk|tox
|
|-damage|p2a: Golurk|23/100 tox|[from] psn
|upkeep
|turn|18
|
|t:|1665339149
|move|p2a: Golurk|Stealth Rock|p1a: Steelix
|-sidestart|p1: hjkhj ㋛|move: Stealth Rock
|move|p1a: Steelix|Stealth Rock|p2a: Golurk
|-sidestart|p2: EviGaro|move: Stealth Rock
|
|-damage|p2a: Golurk|11/100 tox|[from] psn
|upkeep
|turn|19
|
|t:|1665339159
|move|p2a: Golurk|Earthquake|p1a: Steelix
|-supereffective|p1a: Steelix
|-damage|p1a: Steelix|0 fnt
|faint|p1a: Steelix
|
|-damage|p2a: Golurk|0 fnt|[from] psn
|faint|p2a: Golurk
|upkeep
|
|t:|1665339168
|switch|p2a: Togekiss|Togekiss, M|100/100
|switch|p1a: Umbreon|Umbreon, F|100/100
|turn|20
|
|t:|1665339171
|switch|p1a: Milotic|Milotic, F|50/100
|move|p2a: Togekiss|Nasty Plot|p2a: Togekiss
|-boost|p2a: Togekiss|spa|2
|
|upkeep
|turn|21
|
|t:|1665339173
|move|p1a: Milotic|Recover|p1a: Milotic
|-heal|p1a: Milotic|100/100
|move|p2a: Togekiss|Air Slash|p1a: Milotic
|-damage|p1a: Milotic|60/100
|
|upkeep
|turn|22
|
|t:|1665339179
|switch|p2a: Reuniclus|Reuniclus, M|100/100
|move|p1a: Milotic|Recover|p1a: Milotic
|-heal|p1a: Milotic|100/100
|
|upkeep
|turn|23
|
|t:|1665339184
|switch|p1a: Umbreon|Umbreon, F|100/100
|move|p2a: Reuniclus|Calm Mind|p2a: Reuniclus
|-boost|p2a: Reuniclus|spa|1
|-boost|p2a: Reuniclus|spd|1
|
|upkeep
|turn|24
|
|t:|1665339189
|switch|p1a: Milotic|Milotic, F|100/100
|move|p2a: Reuniclus|Toxic|p1a: Milotic
|-status|p1a: Milotic|tox
|
|-damage|p1a: Milotic|94/100 tox|[from] psn
|upkeep
|turn|25
|
|t:|1665339197
|switch|p1a: Umbreon|Umbreon, F|100/100
|switch|p2a: Raikou|Raikou|100/100
|-ability|p2a: Raikou|Pressure
|
|upkeep
|turn|26
|
|t:|1665339200
|move|p2a: Raikou|Calm Mind|p2a: Raikou
|-boost|p2a: Raikou|spa|1
|-boost|p2a: Raikou|spd|1
|move|p1a: Umbreon|Foul Play|p2a: Raikou
|-damage|p2a: Raikou|73/100
|
|upkeep
|turn|27
|
|t:|1665339203
|move|p2a: Raikou|Thunderbolt|p1a: Umbreon
|-damage|p1a: Umbreon|64/100
|move|p1a: Umbreon|Foul Play|p2a: Raikou
|-damage|p2a: Raikou|43/100
|
|upkeep
|turn|28
|
|t:|1665339214
|move|p2a: Raikou|Thunderbolt|p1a: Umbreon
|-damage|p1a: Umbreon|28/100
|move|p1a: Umbreon|Foul Play|p2a: Raikou
|-damage|p2a: Raikou|15/100
|
|upkeep
|turn|29
|
|t:|1665339231
|switch|p1a: Weezing|Weezing-Galar, M|58/100
|-damage|p1a: Weezing|46/100|[from] Stealth Rock
|move|p2a: Raikou|Thunderbolt|p1a: Weezing
|-crit|p1a: Weezing
|-damage|p1a: Weezing|0 fnt
|faint|p1a: Weezing
|
|upkeep
|
|t:|1665339233
|switch|p1a: Doublade|Doublade, M|46/100
|-damage|p1a: Doublade|39/100|[from] Stealth Rock
|turn|30
|
|t:|1665339240
|switch|p2a: Reuniclus|Reuniclus, M|100/100
|move|p1a: Doublade|Shadow Sneak|p2a: Reuniclus
|-supereffective|p2a: Reuniclus
|-damage|p2a: Reuniclus|80/100
|-damage|p1a: Doublade|23/100|[from] item: Rocky Helmet|[of] p2a: Reuniclus
|
|upkeep
|turn|31
|
|t:|1665339251
|switch|p2a: Togekiss|Togekiss, M|100/100
|move|p1a: Doublade|Swords Dance|p1a: Doublade
|-boost|p1a: Doublade|atk|2
|
|upkeep
|turn|32
|
|t:|1665339263
|switch|p1a: Umbreon|Umbreon, F|28/100
|move|p2a: Togekiss|Air Slash|p1a: Umbreon
|-damage|p1a: Umbreon|13/100
|
|upkeep
|turn|33
|
|t:|1665339268
|move|p2a: Togekiss|Dazzling Gleam|p1a: Umbreon
|-supereffective|p1a: Umbreon
|-damage|p1a: Umbreon|0 fnt
|faint|p1a: Umbreon
|
|upkeep
|
|t:|1665339281
|switch|p1a: Milotic|Milotic, F|94/100 tox
|turn|34
|
|t:|1665339285
|switch|p2a: Reuniclus|Reuniclus, M|80/100
|move|p1a: Milotic|Toxic|p2a: Reuniclus
|-status|p2a: Reuniclus|tox
|
|-damage|p1a: Milotic|88/100 tox|[from] psn
|upkeep
|turn|35
|
|t:|1665339288
|switch|p1a: Doublade|Doublade, M|23/100
|-damage|p1a: Doublade|17/100|[from] Stealth Rock
|move|p2a: Reuniclus|Psyshock|p1a: Doublade
|-resisted|p1a: Doublade
|-damage|p1a: Doublade|9/100
|
|upkeep
|turn|36
|
|t:|1665339293
|move|p1a: Doublade|Swords Dance|p1a: Doublade
|-boost|p1a: Doublade|atk|2
|move|p2a: Reuniclus|Psyshock|p1a: Doublade
|-resisted|p1a: Doublade
|-damage|p1a: Doublade|0 fnt
|faint|p1a: Doublade
|
|upkeep
|c|☆hjkhj ㋛|gg
|
|t:|1665339299
|switch|p1a: Milotic|Milotic, F|88/100 tox
|turn|37
|c|☆EviGaro|gg
|
|t:|1665339303
|move|p1a: Milotic|Scald|p2a: Reuniclus
|-damage|p2a: Reuniclus|55/100 tox
|move|p2a: Reuniclus|Calm Mind|p2a: Reuniclus
|-boost|p2a: Reuniclus|spa|1
|-boost|p2a: Reuniclus|spd|1
|
|-damage|p1a: Milotic|82/100 tox|[from] psn
|upkeep
|turn|38
|
|t:|1665339305
|move|p1a: Milotic|Scald|p2a: Reuniclus
|-damage|p2a: Reuniclus|38/100 tox
|move|p2a: Reuniclus|Recover|p2a: Reuniclus
|-heal|p2a: Reuniclus|88/100 tox
|
|-damage|p1a: Milotic|70/100 tox|[from] psn
|upkeep
|turn|39
|
|t:|1665339309
|move|p1a: Milotic|Scald|p2a: Reuniclus
|-damage|p2a: Reuniclus|70/100 tox
|move|p2a: Reuniclus|Psyshock|p1a: Milotic
|-damage|p1a: Milotic|33/100 tox
|
|-damage|p1a: Milotic|14/100 tox|[from] psn
|upkeep
|turn|40
|
|t:|1665339311
|move|p1a: Milotic|Scald|p2a: Reuniclus
|-damage|p2a: Reuniclus|53/100 tox
|move|p2a: Reuniclus|Psyshock|p1a: Milotic
|-damage|p1a: Milotic|0 fnt
|faint|p1a: Milotic
|
|win|EviGaro
