|inactive|Battle timer is ON: inactive players will automatically lose when time's up.
|t:|1656947264
|gametype|singles
|player|p1|yovan33321|ghetsis-gen5bw|
|player|p2|eifo|#ssdivmambas|
|teamsize|p1|6
|teamsize|p2|6
|gen|8
|tier|[Gen 8] RU
|rule|Sleep Clause Mod: Limit one foe put to sleep
|rule|Species Clause: Limit one of each Pokémon
|rule|OHKO Clause: OHKO moves are banned
|rule|Evasion Moves Clause: Evasion moves are banned
|rule|Endless Battle Clause: Forcing endless battles is banned
|rule|HP Percentage Mod: HP is shown in percentages
|rule|Dynamax Clause: You cannot dynamax
|clearpoke
|poke|p1|Quagsire, M|
|poke|p1|Reuniclus, M|
|poke|p1|Registeel|
|poke|p1|Umbreon, M|
|poke|p1|Weezing-Galar, F|
|poke|p1|Tangela, M|
|poke|p2|Heracross, M|
|poke|p2|Umbreon, M|
|poke|p2|Steelix, M|
|poke|p2|Crobat, M|
|poke|p2|Raikou|
|poke|p2|Milotic, F|
|teampreview
|inactive|yovan33321 also wants the timer to be on.
|c|☆eifo|hf
|c|☆yovan33321|Hf
|inactive|eifo has 270 seconds left.
|inactive|eifo has 240 seconds left.
|
|t:|1656947351
|start
|switch|p1a: Tangela|Tangela, M|100/100
|switch|p2a: Milotic|Milotic, F|100/100
|turn|1
|inactive|eifo has 270 seconds left.
|
|t:|1656947388
|switch|p2a: Heracross|Heracross, M|100/100
|switch|p1a: Registeel|Registeel|100/100
|
|upkeep
|turn|2
|
|t:|1656947394
|move|p1a: Registeel|Protect|p1a: Registeel
|-singleturn|p1a: Registeel|Protect
|move|p2a: Heracross|Knock Off|p1a: Registeel
|-activate|p1a: Registeel|move: Protect
|
|upkeep
|turn|3
|
|t:|1656947420
|switch|p1a: Weezing|Weezing-Galar, F|100/100
|-ability|p1a: Weezing|Neutralizing Gas
|move|p2a: Heracross|Knock Off|p1a: Weezing
|-resisted|p1a: Weezing
|-damage|p1a: Weezing|89/100
|-enditem|p1a: Weezing|Heavy-Duty Boots|[from] move: Knock Off|[of] p2a: Heracross
|
|upkeep
|turn|4
|
|t:|1656947427
|switch|p2a: Milotic|Milotic, F|100/100
|-end|p1a: Weezing|ability: Neutralizing Gas
|switch|p1a: Registeel|Registeel|100/100
|
|upkeep
|turn|5
|
|t:|1656947435
|switch|p2a: Steelix|Steelix, M|100/100
|move|p1a: Registeel|Stealth Rock|p2a: Steelix
|-sidestart|p2: eifo|move: Stealth Rock
|
|upkeep
|turn|6
|
|t:|1656947443
|switch|p1a: Reuniclus|Reuniclus, M|100/100
|move|p2a: Steelix|Stealth Rock|p1a: Reuniclus
|-sidestart|p1: yovan33321|move: Stealth Rock
|
|upkeep
|turn|7
|
|t:|1656947462
|switch|p2a: Milotic|Milotic, F|100/100
|-damage|p2a: Milotic|88/100|[from] Stealth Rock
|move|p1a: Reuniclus|Focus Blast|p2a: Milotic
|-damage|p2a: Milotic|62/100
|
|-heal|p2a: Milotic|68/100|[from] item: Leftovers
|upkeep
|turn|8
|
|t:|1656947471
|switch|p1a: Tangela|Tangela, M|100/100
|-damage|p1a: Tangela|88/100|[from] Stealth Rock
|move|p2a: Milotic|Scald|p1a: Tangela
|-resisted|p1a: Tangela
|-damage|p1a: Tangela|69/100
|
|-heal|p2a: Milotic|74/100|[from] item: Leftovers
|upkeep
|turn|9
|
|t:|1656947488
|switch|p2a: Heracross|Heracross, M|100/100
|switch|p1a: Reuniclus|Reuniclus, M|100/100
|-damage|p1a: Reuniclus|88/100|[from] Stealth Rock
|
|upkeep
|turn|10
|
|t:|1656947504
|switch|p1a: Weezing|Weezing-Galar, F|89/100
|-ability|p1a: Weezing|Neutralizing Gas
|-damage|p1a: Weezing|77/100|[from] Stealth Rock
|move|p2a: Heracross|Megahorn|p1a: Weezing
|-resisted|p1a: Weezing
|-damage|p1a: Weezing|68/100
|
|upkeep
|turn|11
|
|t:|1656947510
|switch|p2a: Milotic|Milotic, F|74/100
|-damage|p2a: Milotic|62/100|[from] Stealth Rock
|-end|p1a: Weezing|ability: Neutralizing Gas
|switch|p1a: Tangela|Tangela, M|69/100
|-damage|p1a: Tangela|56/100|[from] Stealth Rock
|
|-heal|p2a: Milotic|68/100|[from] item: Leftovers
|upkeep
|turn|12
|
|t:|1656947516
|move|p2a: Milotic|Ice Beam|p1a: Tangela
|-supereffective|p1a: Tangela
|-damage|p1a: Tangela|4/100
|move|p1a: Tangela|Toxic|p2a: Milotic
|-status|p2a: Milotic|tox
|
|-heal|p2a: Milotic|74/100 tox|[from] item: Leftovers
|-damage|p2a: Milotic|68/100 tox|[from] psn
|upkeep
|turn|13
|c|☆eifo|agh
|inactive|eifo has 270 seconds left.
|
|t:|1656947548
|switch|p2a: Heracross|Heracross, M|100/100
|switch|p1a: Umbreon|Umbreon, M|100/100
|
|upkeep
|turn|14
|inactive|eifo has 270 seconds left.
|
|t:|1656947573
|move|p1a: Umbreon|Protect|p1a: Umbreon
|-singleturn|p1a: Umbreon|Protect
|move|p2a: Heracross|Megahorn|p1a: Umbreon
|-activate|p1a: Umbreon|move: Protect
|
|upkeep
|turn|15
|
|t:|1656947579
|switch|p2a: Raikou|Raikou|100/100
|-damage|p2a: Raikou|88/100|[from] Stealth Rock
|-ability|p2a: Raikou|Pressure
|switch|p1a: Weezing|Weezing-Galar, F|68/100
|-ability|p1a: Weezing|Neutralizing Gas
|-damage|p1a: Weezing|55/100|[from] Stealth Rock
|
|-heal|p2a: Raikou|94/100|[from] item: Leftovers
|upkeep
|turn|16
|inactive|eifo has 270 seconds left.
|
|t:|1656947590
|-end|p1a: Weezing|ability: Neutralizing Gas
|-ability|p2a: Raikou|Pressure
|switch|p1a: Quagsire|Quagsire, M|100/100
|move|p2a: Raikou|Scald|p1a: Quagsire
|-damage|p1a: Quagsire|68/100
|
|-heal|p2a: Raikou|100/100|[from] item: Leftovers
|upkeep
|turn|17
|inactive|eifo has 270 seconds left.
|
|t:|1656947599
|switch|p2a: Heracross|Heracross, M|100/100
|move|p1a: Quagsire|Earthquake|p2a: Heracross
|-resisted|p2a: Heracross
|-damage|p2a: Heracross|78/100
|
|upkeep
|turn|18
|
|t:|1656947602
|switch|p1a: Weezing|Weezing-Galar, F|55/100
|-ability|p1a: Weezing|Neutralizing Gas
|-damage|p1a: Weezing|43/100|[from] Stealth Rock
|move|p2a: Heracross|Knock Off|p1a: Weezing
|-resisted|p1a: Weezing
|-damage|p1a: Weezing|35/100
|
|upkeep
|turn|19
|
|t:|1656947606
|switch|p2a: Milotic|Milotic, F|68/100 tox
|-damage|p2a: Milotic|55/100 tox|[from] Stealth Rock
|move|p1a: Weezing|Rest|p1a: Weezing
|-status|p1a: Weezing|slp|[from] move: Rest
|-heal|p1a: Weezing|100/100 slp|[silent]
|
|-heal|p2a: Milotic|61/100 tox|[from] item: Leftovers
|-damage|p2a: Milotic|55/100 tox|[from] psn
|upkeep
|turn|20
|
|t:|1656947612
|-end|p1a: Weezing|ability: Neutralizing Gas
|switch|p1a: Reuniclus|Reuniclus, M|100/100
|-damage|p1a: Reuniclus|88/100|[from] Stealth Rock
|move|p2a: Milotic|Recover|p2a: Milotic
|-heal|p2a: Milotic|100/100 tox
|
|-damage|p2a: Milotic|88/100 tox|[from] psn
|upkeep
|turn|21
|
|t:|1656947621
|switch|p2a: Umbreon|Umbreon, M|100/100
|-damage|p2a: Umbreon|88/100|[from] Stealth Rock
|move|p1a: Reuniclus|Focus Blast|p2a: Umbreon
|-supereffective|p2a: Umbreon
|-crit|p2a: Umbreon
|-damage|p2a: Umbreon|25/100
|
|-heal|p2a: Umbreon|31/100|[from] item: Leftovers
|upkeep
|turn|22
|
|t:|1656947636
|move|p2a: Umbreon|Heal Bell|p2a: Umbreon
|-activate|p2a: Umbreon|move: Heal Bell
|-curestatus|p2: Milotic|tox|[msg]
|move|p1a: Reuniclus|Future Sight|p2a: Umbreon
|-start|p1a: Reuniclus|move: Future Sight
|
|-heal|p2a: Umbreon|37/100|[from] item: Leftovers
|upkeep
|turn|23
|
|t:|1656947644
|move|p2a: Umbreon|Protect|p2a: Umbreon
|-singleturn|p2a: Umbreon|Protect
|move|p1a: Reuniclus|Focus Blast|p2a: Umbreon
|-activate|p2a: Umbreon|move: Protect
|
|-heal|p2a: Umbreon|43/100|[from] item: Leftovers
|upkeep
|turn|24
|
|t:|1656947667
|move|p2a: Umbreon|Wish|p2a: Umbreon
|move|p1a: Reuniclus|Focus Blast|p2a: Umbreon
|-supereffective|p2a: Umbreon
|-damage|p2a: Umbreon|7/100
|
|-end|p2a: Umbreon|move: Future Sight
|-immune|p2a: Umbreon
|-heal|p2a: Umbreon|13/100|[from] item: Leftovers
|upkeep
|turn|25
|-message|yovan33321 forfeited.
|
|win|eifo
