|inactive|Battle timer is ON: inactive players will automatically lose when time's up.
|t:|1662228822
|gametype|singles
|player|p1|camineko|gloria|
|player|p2|eifo|#ssdivmambas|
|teamsize|p1|6
|teamsize|p2|6
|gen|8
|tier|[Gen 8] RU
|rule|Sleep Clause Mod: Limit one foe put to sleep
|rule|Species Clause: Limit one of each Pokémon
|rule|OHKO Clause: OHKO moves are banned
|rule|Evasion Items Clause: Evasion items are banned
|rule|Evasion Moves Clause: Evasion moves are banned
|rule|Endless Battle Clause: Forcing endless battles is banned
|rule|HP Percentage Mod: HP is shown in percentages
|rule|Dynamax Clause: You cannot dynamax
|clearpoke
|poke|p1|Porygon-Z|
|poke|p1|Golurk|
|poke|p1|Roserade, M|
|poke|p1|Metagross|
|poke|p1|Aerodactyl, F|
|poke|p1|Incineroar, F|
|poke|p2|Crobat, F|
|poke|p2|Registeel|
|poke|p2|Flygon, F|
|poke|p2|Milotic, M|
|poke|p2|Xurkitree|
|poke|p2|Mimikyu, F|
|teampreview
|c|☆eifo|hf
|c|☆camineko|gl hf
|inactive|eifo has 270 seconds left.
|c|+Oathkeeper|seasonal or WC?
|c|☆eifo|ssnl
|c|+Oathkeeper|nice
|c|☆eifo|i already won my finals game 
|c|☆eifo|wooo
|c|+Oathkeeper|hurray!
|c|☆eifo|also i play sm in wcop
|inactive|eifo has 240 seconds left.
|c|+Oathkeeper|lmao
|c|☆eifo|the bst tier
|c|+Oathkeeper|my bad
|c|☆eifo|npnp
|inactive|eifo has 210 seconds left.
|
|t:|1662228916
|start
|switch|p1a: Incineroar|Incineroar, F|100/100
|switch|p2a: Flygon|Flygon, F|100/100
|-ability|p1a: Incineroar|Intimidate|boost
|-unboost|p2a: Flygon|atk|1
|turn|1
|
|t:|1662228931
|switch|p1a: Aerodactyl|Aerodactyl, F|100/100
|-ability|p1a: Aerodactyl|Unnerve
|move|p2a: Flygon|Earthquake|p1a: Aerodactyl
|-immune|p1a: Aerodactyl
|
|upkeep
|turn|2
|inactive|eifo has 270 seconds left.
|
|t:|1662228952
|switch|p1a: Incineroar|Incineroar, F|100/100
|-ability|p1a: Incineroar|Intimidate|boost
|-unboost|p2a: Flygon|atk|1
|switch|p2a: Registeel|Registeel|100/100
|
|upkeep
|turn|3
|inactive|eifo has 270 seconds left.
|
|t:|1662228968
|switch|p2a: Milotic|Milotic, M|100/100
|move|p1a: Incineroar|Knock Off|p2a: Milotic
|-damage|p2a: Milotic|69/100
|-enditem|p2a: Milotic|Heavy-Duty Boots|[from] move: Knock Off|[of] p1a: Incineroar
|
|upkeep
|turn|4
|
|t:|1662228976
|move|p2a: Milotic|Scald|p1a: Incineroar
|-supereffective|p1a: Incineroar
|-damage|p1a: Incineroar|59/100
|move|p1a: Incineroar|U-turn|p2a: Milotic
|-damage|p2a: Milotic|55/100
|
|t:|1662228979
|switch|p1a: Roserade|Roserade, M|100/100|[from]move: U-turn
|
|upkeep
|turn|5
|
|t:|1662228991
|switch|p2a: Crobat|Crobat, F|100/100
|move|p1a: Roserade|Spikes|p2a: Crobat
|-sidestart|p2: eifo|Spikes
|
|upkeep
|turn|6
|
|t:|1662229012
|switch|p1a: Metagross|Metagross|100/100
|move|p2a: Crobat|U-turn|p1a: Metagross
|-damage|p1a: Metagross|90/100
|
|t:|1662229018
|switch|p2a: Flygon|Flygon, F|100/100|[from]move: U-turn
|
|-heal|p1a: Metagross|96/100|[from] item: Leftovers
|upkeep
|turn|7
|
|t:|1662229030
|switch|p1a: Aerodactyl|Aerodactyl, F|100/100
|-ability|p1a: Aerodactyl|Unnerve
|move|p2a: Flygon|U-turn|p1a: Aerodactyl
|-resisted|p1a: Aerodactyl
|-crit|p1a: Aerodactyl
|-damage|p1a: Aerodactyl|65/100
|inactive|eifo has 270 seconds left.
|inactive|eifo has 240 seconds left.
|
|t:|1662229099
|switch|p2a: Registeel|Registeel|100/100|[from]move: U-turn
|-damage|p2a: Registeel|88/100|[from] Spikes
|
|-heal|p2a: Registeel|94/100|[from] item: Leftovers
|upkeep
|turn|8
|
|t:|1662229112
|switch|p1a: Incineroar|Incineroar, F|59/100
|-ability|p1a: Incineroar|Intimidate|boost
|-fail|p2a: Registeel|unboost|[from] ability: Clear Body|[of] p2a: Registeel
|move|p2a: Registeel|Stealth Rock|p1a: Incineroar
|-sidestart|p1: camineko|move: Stealth Rock
|
|-heal|p2a: Registeel|99/100|[from] item: Leftovers
|upkeep
|turn|9
|
|t:|1662229131
|switch|p2a: Crobat|Crobat, F|100/100
|move|p1a: Incineroar|Overheat|p2a: Crobat
|-damage|p2a: Crobat|63/100
|-unboost|p1a: Incineroar|spa|2
|
|upkeep
|turn|10
|
|t:|1662229142
|move|p2a: Crobat|Brave Bird|p1a: Incineroar
|-damage|p1a: Incineroar|27/100
|-damage|p2a: Crobat|51/100|[from] Recoil
|move|p1a: Incineroar|Knock Off|p2a: Crobat
|-damage|p2a: Crobat|15/100
|-enditem|p2a: Crobat|Heavy-Duty Boots|[from] move: Knock Off|[of] p1a: Incineroar
|
|upkeep
|turn|11
|
|t:|1662229148
|switch|p1a: Metagross|Metagross|96/100
|-damage|p1a: Metagross|90/100|[from] Stealth Rock
|move|p2a: Crobat|Roost|p2a: Crobat
|-heal|p2a: Crobat|65/100
|-singleturn|p2a: Crobat|move: Roost
|
|-heal|p1a: Metagross|96/100|[from] item: Leftovers
|upkeep
|turn|12
|
|t:|1662229155
|move|p2a: Crobat|U-turn|p1a: Metagross
|-damage|p1a: Metagross|85/100
|
|t:|1662229161
|switch|p2a: Milotic|Milotic, M|55/100|[from]move: U-turn
|-damage|p2a: Milotic|42/100|[from] Spikes
|move|p1a: Metagross|Stealth Rock|p2a: Milotic
|-sidestart|p2: eifo|move: Stealth Rock
|
|-heal|p1a: Metagross|91/100|[from] item: Leftovers
|upkeep
|turn|13
|
|t:|1662229165
|move|p2a: Milotic|Recover|p2a: Milotic
|-heal|p2a: Milotic|92/100
|move|p1a: Metagross|Toxic|p2a: Milotic
|-status|p2a: Milotic|tox
|
|-heal|p1a: Metagross|97/100|[from] item: Leftovers
|-damage|p2a: Milotic|86/100 tox|[from] psn
|upkeep
|turn|14
|
|t:|1662229170
|switch|p1a: Roserade|Roserade, M|100/100
|move|p2a: Milotic|Scald|p1a: Roserade
|-resisted|p1a: Roserade
|-damage|p1a: Roserade|82/100
|-status|p1a: Roserade|brn
|
|-damage|p2a: Milotic|74/100 tox|[from] psn
|-damage|p1a: Roserade|76/100 brn|[from] brn
|upkeep
|turn|15
|inactive|eifo has 270 seconds left.
|inactive|eifo has 240 seconds left.
|
|t:|1662229217
|switch|p2a: Registeel|Registeel|99/100
|-damage|p2a: Registeel|88/100|[from] Spikes
|-damage|p2a: Registeel|82/100|[from] Stealth Rock
|move|p1a: Roserade|Spikes|p2a: Registeel
|-sidestart|p2: eifo|Spikes
|
|-heal|p2a: Registeel|88/100|[from] item: Leftovers
|-damage|p1a: Roserade|69/100 brn|[from] brn
|upkeep
|turn|16
|
|t:|1662229242
|-curestatus|p1a: Roserade|brn|[from] ability: Natural Cure
|switch|p1a: Golurk|Golurk|100/100
|-damage|p1a: Golurk|95/100|[from] Stealth Rock
|move|p2a: Registeel|Seismic Toss|p1a: Golurk
|-immune|p1a: Golurk
|
|-heal|p2a: Registeel|94/100|[from] item: Leftovers
|upkeep
|turn|17
|
|t:|1662229255
|move|p2a: Registeel|Protect|p2a: Registeel
|-singleturn|p2a: Registeel|Protect
|move|p1a: Golurk|Close Combat|p2a: Registeel
|-activate|p2a: Registeel|move: Protect
|
|-heal|p2a: Registeel|99/100|[from] item: Leftovers
|upkeep
|turn|18
|
|t:|1662229270
|switch|p1a: Incineroar|Incineroar, F|27/100
|-ability|p1a: Incineroar|Intimidate|boost
|-fail|p2a: Registeel|unboost|[from] ability: Clear Body|[of] p2a: Registeel
|move|p2a: Registeel|Toxic|p1a: Incineroar
|-status|p1a: Incineroar|tox
|
|-heal|p2a: Registeel|100/100|[from] item: Leftovers
|-damage|p1a: Incineroar|21/100 tox|[from] psn
|upkeep
|turn|19
|inactive|eifo has 240 seconds left.
|
|t:|1662229291
|move|p2a: Registeel|Seismic Toss|p1a: Incineroar
|-damage|p1a: Incineroar|0 fnt
|faint|p1a: Incineroar
|
|upkeep
|inactive|camineko has 270 seconds left.
|
|t:|1662229307
|switch|p1a: Golurk|Golurk|95/100
|-damage|p1a: Golurk|89/100|[from] Stealth Rock
|turn|20
|
|t:|1662229309
|move|p2a: Registeel|Protect|p2a: Registeel
|-singleturn|p2a: Registeel|Protect
|move|p1a: Golurk|Earthquake|p2a: Registeel
|-activate|p2a: Registeel|move: Protect
|
|upkeep
|turn|21
|
|t:|1662229319
|switch|p1a: Aerodactyl|Aerodactyl, F|65/100
|-ability|p1a: Aerodactyl|Unnerve
|switch|p2a: Flygon|Flygon, F|100/100
|-damage|p2a: Flygon|95/100|[from] Stealth Rock
|
|upkeep
|turn|22
|
|t:|1662229329
|switch|p1a: Metagross|Metagross|97/100
|-damage|p1a: Metagross|91/100|[from] Stealth Rock
|move|p2a: Flygon|Dragon Claw|p1a: Metagross
|-resisted|p1a: Metagross
|-damage|p1a: Metagross|71/100
|
|-heal|p1a: Metagross|77/100|[from] item: Leftovers
|upkeep
|turn|23
|
|t:|1662229336
|switch|p2a: Xurkitree|Xurkitree|100/100
|move|p1a: Metagross|Earthquake|p2a: Xurkitree
|-supereffective|p2a: Xurkitree
|-damage|p2a: Xurkitree|3/100
|
|-heal|p1a: Metagross|83/100|[from] item: Leftovers
|upkeep
|turn|24
|
|t:|1662229346
|move|p2a: Xurkitree|Volt Switch|p1a: Metagross
|-damage|p1a: Metagross|44/100
|
|t:|1662229368
|switch|p2a: Milotic|Milotic, M|74/100 tox|[from]move: Volt Switch
|-damage|p2a: Milotic|57/100 tox|[from] Spikes
|-damage|p2a: Milotic|45/100 tox|[from] Stealth Rock
|move|p1a: Metagross|Earthquake|p2a: Milotic
|-damage|p2a: Milotic|25/100 tox
|
|-heal|p1a: Metagross|50/100|[from] item: Leftovers
|-damage|p2a: Milotic|19/100 tox|[from] psn
|upkeep
|turn|25
|
|t:|1662229381
|switch|p1a: Roserade|Roserade, M|69/100
|move|p2a: Milotic|Scald|p1a: Roserade
|-resisted|p1a: Roserade
|-damage|p1a: Roserade|51/100
|-status|p1a: Roserade|brn
|
|-damage|p2a: Milotic|6/100 tox|[from] psn
|-damage|p1a: Roserade|45/100 brn|[from] brn
|upkeep
|turn|26
|
|t:|1662229395
|switch|p2a: Crobat|Crobat, F|65/100
|-damage|p2a: Crobat|40/100|[from] Stealth Rock
|move|p1a: Roserade|Synthesis|p1a: Roserade
|-heal|p1a: Roserade|95/100 brn
|
|-damage|p1a: Roserade|89/100 brn|[from] brn
|upkeep
|turn|27
|inactive|eifo has 270 seconds left.
|
|t:|1662229434
|-curestatus|p1a: Roserade|brn|[from] ability: Natural Cure
|switch|p1a: Metagross|Metagross|50/100
|-damage|p1a: Metagross|44/100|[from] Stealth Rock
|move|p2a: Crobat|Defog|p1a: Metagross
|-fail|p1a: Metagross|unboost|[from] ability: Clear Body|[of] p1a: Metagross
|-sideend|p1: camineko|Stealth Rock|[from] move: Defog|[of] p2a: Crobat
|-sideend|p2: eifo|Spikes|[from] move: Defog|[of] p2a: Crobat
|-sideend|p2: eifo|Stealth Rock|[from] move: Defog|[of] p2a: Crobat
|
|-heal|p1a: Metagross|50/100|[from] item: Leftovers
|upkeep
|turn|28
|
|t:|1662229447
|move|p2a: Crobat|U-turn|p1a: Metagross
|-damage|p1a: Metagross|38/100
|
|t:|1662229458
|switch|p2a: Flygon|Flygon, F|95/100|[from]move: U-turn
|move|p1a: Metagross|Meteor Mash|p2a: Flygon
|-damage|p2a: Flygon|25/100
|
|-heal|p1a: Metagross|44/100|[from] item: Leftovers
|upkeep
|turn|29
|
|t:|1662229479
|move|p2a: Flygon|U-turn|p1a: Metagross
|-damage|p1a: Metagross|20/100
|
|t:|1662229482
|switch|p2a: Registeel|Registeel|100/100|[from]move: U-turn
|move|p1a: Metagross|Stealth Rock|p2a: Registeel
|-sidestart|p2: eifo|move: Stealth Rock
|
|-heal|p1a: Metagross|26/100|[from] item: Leftovers
|upkeep
|turn|30
|inactive|eifo has 270 seconds left.
|
|t:|1662229492
|move|p1a: Metagross|Earthquake|p2a: Registeel
|-supereffective|p2a: Registeel
|-damage|p2a: Registeel|55/100
|move|p2a: Registeel|Seismic Toss|p1a: Metagross
|-damage|p1a: Metagross|0 fnt
|faint|p1a: Metagross
|
|-heal|p2a: Registeel|61/100|[from] item: Leftovers
|upkeep
|
|t:|1662229507
|switch|p1a: Golurk|Golurk|89/100
|turn|31
|
|t:|1662229518
|move|p2a: Registeel|Protect|p2a: Registeel
|-singleturn|p2a: Registeel|Protect
|move|p1a: Golurk|Shadow Punch|p2a: Registeel
|-activate|p2a: Registeel|move: Protect
|
|-heal|p2a: Registeel|67/100|[from] item: Leftovers
|upkeep
|turn|32
|
|t:|1662229521
|move|p1a: Golurk|Shadow Punch|p2a: Registeel
|-damage|p2a: Registeel|28/100
|move|p2a: Registeel|Toxic|p1a: Golurk
|-status|p1a: Golurk|tox
|
|-heal|p2a: Registeel|34/100|[from] item: Leftovers
|-damage|p1a: Golurk|83/100 tox|[from] psn
|upkeep
|turn|33
|
|t:|1662229524
|move|p2a: Registeel|Protect|p2a: Registeel
|-singleturn|p2a: Registeel|Protect
|move|p1a: Golurk|Shadow Punch|p2a: Registeel
|-activate|p2a: Registeel|move: Protect
|
|-heal|p2a: Registeel|40/100|[from] item: Leftovers
|-damage|p1a: Golurk|71/100 tox|[from] psn
|upkeep
|turn|34
|inactive|eifo has 270 seconds left.
|
|t:|1662229582
|switch|p2a: Milotic|Milotic, M|6/100 tox
|-damage|p2a: Milotic|0 fnt|[from] Stealth Rock
|faint|p2a: Milotic
|move|p1a: Golurk|Shadow Punch|p2: Milotic|[notarget]
|-fail|p1a: Golurk
|
|-damage|p1a: Golurk|53/100 tox|[from] psn
|upkeep
|
|t:|1662229585
|switch|p2a: Flygon|Flygon, F|25/100
|-damage|p2a: Flygon|19/100|[from] Stealth Rock
|turn|35
|
|t:|1662229593
|move|p2a: Flygon|Dragon Claw|p1a: Golurk
|-damage|p1a: Golurk|0 fnt
|faint|p1a: Golurk
|
|upkeep
|
|t:|1662229599
|switch|p1a: Porygon-Z|Porygon-Z|100/100
|-ability|p1a: Porygon-Z|Download|boost
|-boost|p1a: Porygon-Z|atk|1
|turn|36
|inactive|eifo has 270 seconds left.
|
|t:|1662229608
|move|p1a: Porygon-Z|Shadow Ball|p2a: Flygon
|-damage|p2a: Flygon|0 fnt
|faint|p2a: Flygon
|
|upkeep
|inactive|eifo has 270 seconds left.
|
|t:|1662229617
|switch|p2a: Registeel|Registeel|40/100
|-damage|p2a: Registeel|34/100|[from] Stealth Rock
|turn|37
|
|t:|1662229627
|switch|p1a: Aerodactyl|Aerodactyl, F|65/100
|-ability|p1a: Aerodactyl|Unnerve
|move|p2a: Registeel|Seismic Toss|p1a: Aerodactyl
|-damage|p1a: Aerodactyl|32/100
|
|-heal|p2a: Registeel|40/100|[from] item: Leftovers
|upkeep
|turn|38
|inactive|eifo has 270 seconds left.
|
|t:|1662229670
|move|p2a: Registeel|Protect|p2a: Registeel
|-singleturn|p2a: Registeel|Protect
|move|p1a: Aerodactyl|Roost|p1a: Aerodactyl
|-heal|p1a: Aerodactyl|82/100
|-singleturn|p1a: Aerodactyl|move: Roost
|
|-heal|p2a: Registeel|46/100|[from] item: Leftovers
|upkeep
|turn|39
|
|t:|1662229677
|move|p1a: Aerodactyl|Earthquake|p2a: Registeel
|-supereffective|p2a: Registeel
|-damage|p2a: Registeel|3/100
|move|p2a: Registeel|Toxic|p1a: Aerodactyl|[miss]
|-miss|p2a: Registeel|p1a: Aerodactyl
|
|-heal|p2a: Registeel|9/100|[from] item: Leftovers
|upkeep
|turn|40
|
|t:|1662229690
|move|p2a: Registeel|Protect|p2a: Registeel
|-singleturn|p2a: Registeel|Protect
|move|p1a: Aerodactyl|Dual Wingbeat|p2a: Registeel
|-activate|p2a: Registeel|move: Protect
|
|-heal|p2a: Registeel|15/100|[from] item: Leftovers
|upkeep
|turn|41
|
|t:|1662229694
|switch|p2a: Crobat|Crobat, F|40/100
|-damage|p2a: Crobat|15/100|[from] Stealth Rock
|move|p1a: Aerodactyl|Earthquake|p2a: Crobat
|-immune|p2a: Crobat
|
|upkeep
|turn|42
|
|t:|1662229706
|move|p1a: Aerodactyl|Stone Edge|p2a: Crobat
|-supereffective|p2a: Crobat
|-damage|p2a: Crobat|0 fnt
|faint|p2a: Crobat
|
|upkeep
|
|t:|1662229709
|switch|p2a: Mimikyu|Mimikyu, F|100/100
|-damage|p2a: Mimikyu|88/100|[from] Stealth Rock
|turn|43
|
|t:|1662229716
|move|p1a: Aerodactyl|Dual Wingbeat|p2a: Mimikyu
|-activate|p2a: Mimikyu|ability: Disguise
|-damage|p2a: Mimikyu|88/100
|detailschange|p2a: Mimikyu|Mimikyu-Busted, F
|-damage|p2a: Mimikyu|76/100|[from] pokemon: Mimikyu-Busted
|-damage|p2a: Mimikyu|44/100
|-hitcount|p2a: Mimikyu|2
|move|p2a: Mimikyu|Swords Dance|p2a: Mimikyu
|-boost|p2a: Mimikyu|atk|2
|
|upkeep
|turn|44
|inactive|eifo has 270 seconds left.
|
|t:|1662229749
|switch|p1a: Roserade|Roserade, M|89/100
|move|p2a: Mimikyu|Drain Punch|p1a: Roserade
|-resisted|p1a: Roserade
|-damage|p1a: Roserade|42/100
|-heal|p2a: Mimikyu|68/100|[from] drain|[of] p1a: Roserade
|-damage|p2a: Mimikyu|58/100|[from] item: Life Orb
|
|upkeep
|turn|45
|
|t:|1662229755
|move|p2a: Mimikyu|Drain Punch|p1a: Roserade
|-resisted|p1a: Roserade
|-damage|p1a: Roserade|0 fnt
|-heal|p2a: Mimikyu|79/100|[from] drain|[of] p1a: Roserade
|faint|p1a: Roserade
|-damage|p2a: Mimikyu|69/100|[from] item: Life Orb
|
|upkeep
|
|t:|1662229759
|switch|p1a: Porygon-Z|Porygon-Z|100/100
|-ability|p1a: Porygon-Z|Download|boost
|-boost|p1a: Porygon-Z|atk|1
|turn|46
|inactive|eifo has 270 seconds left.
|
|t:|1662229789
|switch|p2a: Xurkitree|Xurkitree|3/100
|move|p1a: Porygon-Z|Shadow Ball|p2a: Xurkitree
|-damage|p2a: Xurkitree|0 fnt
|faint|p2a: Xurkitree
|
|upkeep
|
|t:|1662229791
|switch|p2a: Registeel|Registeel|15/100
|-damage|p2a: Registeel|9/100|[from] Stealth Rock
|turn|47
|inactive|eifo has 270 seconds left.
|
|t:|1662229807
|move|p2a: Registeel|Protect|p2a: Registeel
|-singleturn|p2a: Registeel|Protect
|move|p1a: Porygon-Z|Shadow Ball|p2a: Registeel
|-activate|p2a: Registeel|move: Protect
|
|-heal|p2a: Registeel|15/100|[from] item: Leftovers
|upkeep
|turn|48
|
|t:|1662229809
|move|p1a: Porygon-Z|Shadow Ball|p2a: Registeel
|-damage|p2a: Registeel|1/100
|move|p2a: Registeel|Toxic|p1a: Porygon-Z
|-status|p1a: Porygon-Z|tox
|
|-heal|p2a: Registeel|7/100|[from] item: Leftovers
|-damage|p1a: Porygon-Z|94/100 tox|[from] psn
|upkeep
|turn|49
|inactive|eifo has 270 seconds left.
|
|t:|1662229838
|switch|p1a: Aerodactyl|Aerodactyl, F|82/100
|-ability|p1a: Aerodactyl|Unnerve
|move|p2a: Registeel|Toxic|p1a: Aerodactyl
|-status|p1a: Aerodactyl|tox
|
|-heal|p2a: Registeel|13/100|[from] item: Leftovers
|-damage|p1a: Aerodactyl|76/100 tox|[from] psn
|upkeep
|turn|50
|
|t:|1662229842
|move|p2a: Registeel|Protect|p2a: Registeel
|-singleturn|p2a: Registeel|Protect
|move|p1a: Aerodactyl|Earthquake|p2a: Registeel
|-activate|p2a: Registeel|move: Protect
|
|-heal|p2a: Registeel|19/100|[from] item: Leftovers
|-damage|p1a: Aerodactyl|64/100 tox|[from] psn
|upkeep
|turn|51
|
|t:|1662229853
|switch|p2a: Mimikyu|Mimikyu-Busted, F|69/100
|-damage|p2a: Mimikyu|57/100|[from] Stealth Rock
|move|p1a: Aerodactyl|Earthquake|p2a: Mimikyu
|-damage|p2a: Mimikyu|8/100
|
|-damage|p1a: Aerodactyl|46/100 tox|[from] psn
|upkeep
|turn|52
|inactive|eifo has 270 seconds left.
|
|t:|1662229899
|move|p1a: Aerodactyl|Earthquake|p2a: Mimikyu
|-damage|p2a: Mimikyu|0 fnt
|faint|p2a: Mimikyu
|
|-damage|p1a: Aerodactyl|22/100 tox|[from] psn
|upkeep
|
|t:|1662229901
|switch|p2a: Registeel|Registeel|19/100
|-damage|p2a: Registeel|13/100|[from] Stealth Rock
|turn|53
|
|t:|1662229913
|switch|p1a: Porygon-Z|Porygon-Z|94/100 tox
|-ability|p1a: Porygon-Z|Download|boost
|-boost|p1a: Porygon-Z|atk|1
|move|p2a: Registeel|Seismic Toss|p1a: Porygon-Z
|-damage|p1a: Porygon-Z|62/100 tox
|
|-heal|p2a: Registeel|19/100|[from] item: Leftovers
|-damage|p1a: Porygon-Z|56/100 tox|[from] psn
|upkeep
|turn|54
|
|t:|1662229921
|move|p2a: Registeel|Protect|p2a: Registeel
|-singleturn|p2a: Registeel|Protect
|move|p1a: Porygon-Z|Shadow Ball|p2a: Registeel
|-activate|p2a: Registeel|move: Protect
|
|-heal|p2a: Registeel|25/100|[from] item: Leftovers
|-damage|p1a: Porygon-Z|44/100 tox|[from] psn
|upkeep
|turn|55
|inactive|eifo has 240 seconds left.
|inactive|eifo has 210 seconds left.
|
|t:|1662229983
|move|p1a: Porygon-Z|Shadow Ball|p2a: Registeel
|-damage|p2a: Registeel|11/100
|move|p2a: Registeel|Stealth Rock|p1a: Porygon-Z
|-sidestart|p1: camineko|move: Stealth Rock
|
|-heal|p2a: Registeel|17/100|[from] item: Leftovers
|-damage|p1a: Porygon-Z|26/100 tox|[from] psn
|upkeep
|turn|56
|
|t:|1662229993
|move|p2a: Registeel|Protect|p2a: Registeel
|-singleturn|p2a: Registeel|Protect
|move|p1a: Porygon-Z|Shadow Ball|p2a: Registeel
|-activate|p2a: Registeel|move: Protect
|
|-heal|p2a: Registeel|23/100|[from] item: Leftovers
|-damage|p1a: Porygon-Z|1/100 tox|[from] psn
|upkeep
|turn|57
|
|t:|1662230004
|move|p1a: Porygon-Z|Shadow Ball|p2a: Registeel
|-damage|p2a: Registeel|7/100
|move|p2a: Registeel|Seismic Toss|p1a: Porygon-Z
|-damage|p1a: Porygon-Z|0 fnt
|faint|p1a: Porygon-Z
|
|-heal|p2a: Registeel|13/100|[from] item: Leftovers
|upkeep
|
|t:|1662230008
|switch|p1a: Aerodactyl|Aerodactyl, F|22/100 tox
|-ability|p1a: Aerodactyl|Unnerve
|turn|58
|
|t:|1662230011
|move|p2a: Registeel|Protect|p2a: Registeel
|-singleturn|p2a: Registeel|Protect
|move|p1a: Aerodactyl|Earthquake|p2a: Registeel
|-activate|p2a: Registeel|move: Protect
|
|-heal|p2a: Registeel|19/100|[from] item: Leftovers
|-damage|p1a: Aerodactyl|16/100 tox|[from] psn
|upkeep
|turn|59
|
|t:|1662230015
|move|p2a: Registeel|Protect||[still]
|-fail|p2a: Registeel
|move|p1a: Aerodactyl|Earthquake|p2a: Registeel
|-supereffective|p2a: Registeel
|-damage|p2a: Registeel|0 fnt
|faint|p2a: Registeel
|
|win|camineko
|c|☆eifo|gg
|c|☆camineko|gg
