|inactive|Battle timer is ON: inactive players will automatically lose when time's up.
|t:|1607886429
|player|p1|Silvally-Gold|teacher-gen2|
|player|p2|dhehehdh|preschoolerf|
|teamsize|p1|6
|teamsize|p2|6
|gametype|singles
|gen|8
|tier|[Gen 8] RU
|clearpoke
|poke|p1|Reuniclus, F|
|poke|p1|Diancie|
|poke|p1|Suicune|
|poke|p1|Weezing-Galar, M|
|poke|p1|Zygarde-10%|
|poke|p1|Zarude|
|poke|p2|Reuniclus, F|
|poke|p2|Zarude|
|poke|p2|Weezing-Galar, F|
|poke|p2|Noivern, F|
|poke|p2|Seismitoad, F|
|poke|p2|Metagross|
|rule|Sleep Clause Mod: Limit one foe put to sleep
|rule|Species Clause: Limit one of each Pokémon
|rule|OHKO Clause: OHKO moves are banned
|rule|Evasion Moves Clause: Evasion moves are banned
|rule|Endless Battle Clause: Forcing endless battles is banned
|rule|HP Percentage Mod: HP is shown in percentages
|rule|Dynamax Clause: You cannot dynamax
|teampreview
|c|☆Silvally-Gold|hf
|inactive|Silvally-Gold has 270 seconds left.
|
|t:|1607886484
|start
|switch|p1a: Suicune|Suicune|100/100
|switch|p2a: Noivern|Noivern, F|100/100
|-ability|p1a: Suicune|Pressure
|turn|1
|
|t:|1607886494
|move|p1a: Suicune|Protect|p1a: Suicune
|-singleturn|p1a: Suicune|Protect
|move|p2a: Noivern|U-turn|p1a: Suicune
|-activate|p1a: Suicune|move: Protect
|
|upkeep
|turn|2
|
|t:|1607886502
|move|p2a: Noivern|U-turn|p1a: Suicune
|-damage|p1a: Suicune|92/100
|
|t:|1607886503
|switch|p2a: Seismitoad|Seismitoad, F|100/100|[from]move: U-turn
|move|p1a: Suicune|Calm Mind|p1a: Suicune
|-boost|p1a: Suicune|spa|1
|-boost|p1a: Suicune|spd|1
|
|-heal|p1a: Suicune|98/100|[from] item: Leftovers
|upkeep
|turn|3
|
|t:|1607886506
|switch|p1a: Weezing|Weezing-Galar, M|100/100
|-ability|p1a: Weezing|Neutralizing Gas
|move|p2a: Seismitoad|Stealth Rock|p1a: Weezing
|-sidestart|p1: Silvally-Gold|move: Stealth Rock
|
|upkeep
|turn|4
|
|t:|1607886513
|move|p2a: Seismitoad|Earthquake|p1a: Weezing
|-supereffective|p1a: Weezing
|-damage|p1a: Weezing|57/100
|move|p1a: Weezing|Toxic Spikes|p2a: Seismitoad
|-sidestart|p2: dhehehdh|move: Toxic Spikes
|
|upkeep
|turn|5
|
|t:|1607886521
|move|p2a: Seismitoad|Earthquake|p1a: Weezing
|-supereffective|p1a: Weezing
|-damage|p1a: Weezing|12/100
|move|p1a: Weezing|Pain Split|p2a: Seismitoad
|-sethp|p2a: Seismitoad|55/100|[from] move: Pain Split|[silent]
|-sethp|p1a: Weezing|68/100|[from] move: Pain Split
|
|-heal|p2a: Seismitoad|61/100|[from] item: Leftovers
|upkeep
|turn|6
|
|t:|1607886540
|switch|p1a: Zarude|Zarude|100/100
|-damage|p1a: Zarude|88/100|[from] Stealth Rock
|move|p2a: Seismitoad|Knock Off|p1a: Zarude
|-resisted|p1a: Zarude
|-damage|p1a: Zarude|79/100
|-enditem|p1a: Zarude|Choice Scarf|[from] move: Knock Off|[of] p2a: Seismitoad
|
|-heal|p2a: Seismitoad|67/100|[from] item: Leftovers
|upkeep
|turn|7
|
|t:|1607886551
|switch|p2a: Noivern|Noivern, F|100/100
|move|p1a: Zarude|U-turn|p2a: Noivern
|-resisted|p2a: Noivern
|-damage|p2a: Noivern|86/100
|
|t:|1607886558
|switch|p1a: Suicune|Suicune|98/100|[from]move: U-turn
|-damage|p1a: Suicune|86/100|[from] Stealth Rock
|-ability|p1a: Suicune|Pressure
|
|-heal|p1a: Suicune|92/100|[from] item: Leftovers
|upkeep
|turn|8
|
|t:|1607886567
|switch|p2a: Weezing|Weezing-Galar, F|100/100
|move|p1a: Suicune|Calm Mind|p1a: Suicune
|-boost|p1a: Suicune|spa|1
|-boost|p1a: Suicune|spd|1
|
|-heal|p1a: Suicune|98/100|[from] item: Leftovers
|upkeep
|turn|9
|
|t:|1607886574
|move|p1a: Suicune|Scald|p2a: Weezing
|-crit|p2a: Weezing
|-damage|p2a: Weezing|19/100
|move|p2a: Weezing|Will-O-Wisp|p1a: Suicune
|-status|p1a: Suicune|brn
|
|-heal|p1a: Suicune|100/100 brn|[from] item: Leftovers
|-heal|p2a: Weezing|25/100|[from] item: Black Sludge
|-damage|p1a: Suicune|94/100 brn|[from] brn
|upkeep
|turn|10
|
|t:|1607886588
|switch|p2a: Zarude|Zarude|100/100
|move|p1a: Suicune|Scald|p2a: Zarude
|-resisted|p2a: Zarude
|-damage|p2a: Zarude|80/100
|
|-heal|p1a: Suicune|100/100 brn|[from] item: Leftovers
|-damage|p1a: Suicune|94/100 brn|[from] brn
|upkeep
|turn|11
|
|t:|1607886600
|switch|p2a: Reuniclus|Reuniclus, F|100/100
|-status|p2a: Reuniclus|psn
|switch|p1a: Weezing|Weezing-Galar, M|68/100
|-ability|p1a: Weezing|Neutralizing Gas
|-damage|p1a: Weezing|56/100|[from] Stealth Rock
|
|-damage|p2a: Reuniclus|88/100 psn|[from] psn
|upkeep
|turn|12
|
|t:|1607886607
|switch|p1a: Zarude|Zarude|79/100
|-damage|p1a: Zarude|67/100|[from] Stealth Rock
|move|p2a: Reuniclus|Psychic|p1a: Zarude
|-immune|p1a: Zarude
|
|upkeep
|turn|13
|
|t:|1607886614
|move|p1a: Zarude|U-turn|p2a: Reuniclus
|-supereffective|p2a: Reuniclus
|-damage|p2a: Reuniclus|57/100 psn
|-damage|p1a: Zarude|50/100|[from] item: Rocky Helmet|[of] p2a: Reuniclus
|
|t:|1607886620
|switch|p1a: Diancie|Diancie|100/100|[from]move: U-turn
|-damage|p1a: Diancie|88/100|[from] Stealth Rock
|move|p2a: Reuniclus|Recover|p2a: Reuniclus
|-heal|p2a: Reuniclus|100/100 psn
|
|-heal|p1a: Diancie|94/100|[from] item: Leftovers
|upkeep
|turn|14
|
|t:|1607886623
|move|p1a: Diancie|Stealth Rock|p2a: Reuniclus
|-sidestart|p2: dhehehdh|move: Stealth Rock
|move|p2a: Reuniclus|Calm Mind|p2a: Reuniclus
|-boost|p2a: Reuniclus|spa|1
|-boost|p2a: Reuniclus|spd|1
|
|-heal|p1a: Diancie|99/100|[from] item: Leftovers
|upkeep
|turn|15
|
|t:|1607886631
|switch|p1a: Zarude|Zarude|50/100
|-damage|p1a: Zarude|38/100|[from] Stealth Rock
|move|p2a: Reuniclus|Shadow Ball|p1a: Zarude
|-resisted|p1a: Zarude
|-damage|p1a: Zarude|21/100
|-unboost|p1a: Zarude|spd|1
|
|upkeep
|turn|16
|
|t:|1607886641
|move|p1a: Zarude|Darkest Lariat|p2a: Reuniclus
|-supereffective|p2a: Reuniclus
|-damage|p2a: Reuniclus|42/100 psn
|-damage|p1a: Zarude|5/100|[from] item: Rocky Helmet|[of] p2a: Reuniclus
|move|p2a: Reuniclus|Recover|p2a: Reuniclus
|-heal|p2a: Reuniclus|92/100 psn
|
|upkeep
|turn|17
|
|t:|1607886651
|move|p1a: Zarude|Darkest Lariat|p2a: Reuniclus
|-supereffective|p2a: Reuniclus
|-damage|p2a: Reuniclus|34/100 psn
|-damage|p1a: Zarude|0 fnt|[from] item: Rocky Helmet|[of] p2a: Reuniclus
|faint|p1a: Zarude
|move|p2a: Reuniclus|Recover|p2a: Reuniclus
|-heal|p2a: Reuniclus|84/100 psn
|
|upkeep
|
|t:|1607886663
|switch|p1a: Reuniclus|Reuniclus, F, shiny|100/100
|turn|18
|
|t:|1607886675
|move|p1a: Reuniclus|Calm Mind|p1a: Reuniclus
|-boost|p1a: Reuniclus|spa|1
|-boost|p1a: Reuniclus|spd|1
|move|p2a: Reuniclus|Shadow Ball|p1a: Reuniclus
|-supereffective|p1a: Reuniclus
|-damage|p1a: Reuniclus|57/100
|-unboost|p1a: Reuniclus|spd|1
|
|upkeep
|turn|19
|
|t:|1607886689
|move|p1a: Reuniclus|Calm Mind|p1a: Reuniclus
|-boost|p1a: Reuniclus|spa|1
|-boost|p1a: Reuniclus|spd|1
|move|p2a: Reuniclus|Shadow Ball|p1a: Reuniclus
|-supereffective|p1a: Reuniclus
|-damage|p1a: Reuniclus|15/100
|
|upkeep
|turn|20
|
|t:|1607886698
|move|p1a: Reuniclus|Recover|p1a: Reuniclus
|-heal|p1a: Reuniclus|66/100
|move|p2a: Reuniclus|Shadow Ball|p1a: Reuniclus
|-supereffective|p1a: Reuniclus
|-damage|p1a: Reuniclus|26/100
|
|upkeep
|turn|21
|
|t:|1607886704
|switch|p2a: Metagross|Metagross|100/100
|-damage|p2a: Metagross|94/100|[from] Stealth Rock
|move|p1a: Reuniclus|Recover|p1a: Reuniclus
|-heal|p1a: Reuniclus|76/100
|
|upkeep
|turn|22
|
|t:|1607886709
|switch|p1a: Suicune|Suicune|94/100 brn
|-damage|p1a: Suicune|82/100 brn|[from] Stealth Rock
|-ability|p1a: Suicune|Pressure
|move|p2a: Metagross|Meteor Mash|p1a: Suicune
|-resisted|p1a: Suicune
|-damage|p1a: Suicune|51/100 brn
|
|-heal|p1a: Suicune|57/100 brn|[from] item: Leftovers
|-damage|p1a: Suicune|51/100 brn|[from] brn
|upkeep
|turn|23
|
|t:|1607886718
|switch|p2a: Zarude|Zarude|80/100
|move|p1a: Suicune|Scald|p2a: Zarude
|-resisted|p2a: Zarude
|-damage|p2a: Zarude|67/100
|
|-heal|p1a: Suicune|57/100 brn|[from] item: Leftovers
|-damage|p1a: Suicune|51/100 brn|[from] brn
|upkeep
|turn|24
|
|t:|1607886724
|switch|p1a: Weezing|Weezing-Galar, M|56/100
|-ability|p1a: Weezing|Neutralizing Gas
|-damage|p1a: Weezing|44/100|[from] Stealth Rock
|move|p2a: Zarude|Jungle Healing|p2a: Zarude
|-heal|p2a: Zarude|92/100
|
|upkeep
|turn|25
|
|t:|1607886748
|switch|p2a: Weezing|Weezing-Galar, F|25/100
|-sideend|p2: dhehehdh|move: Toxic Spikes|[of] p2a: Weezing
|-damage|p2a: Weezing|13/100|[from] Stealth Rock
|move|p1a: Weezing|Pain Split|p2a: Weezing
|-sethp|p2a: Weezing|28/100|[from] move: Pain Split|[silent]
|-sethp|p1a: Weezing|28/100|[from] move: Pain Split
|
|-heal|p2a: Weezing|34/100|[from] item: Black Sludge
|upkeep
|turn|26
|inactive|dhehehdh has 270 seconds left.
|
|t:|1607886769
|move|p2a: Weezing|Sludge Bomb|p1a: Weezing
|-damage|p1a: Weezing|0 fnt
|faint|p1a: Weezing
|
|-heal|p2a: Weezing|40/100|[from] item: Black Sludge
|upkeep
|
|t:|1607886776
|switch|p1a: Zygarde|Zygarde-10%, shiny|100/100
|-damage|p1a: Zygarde|94/100|[from] Stealth Rock
|-ability|p1a: Zygarde|Aura Break
|turn|27
|
|t:|1607886782
|move|p1a: Zygarde|Thousand Arrows|p2a: Weezing
|-supereffective|p2a: Weezing
|-damage|p2a: Weezing|0 fnt
|faint|p2a: Weezing
|
|upkeep
|
|t:|1607886786
|switch|p2a: Zarude|Zarude|92/100
|turn|28
|
|t:|1607886794
|switch|p1a: Suicune|Suicune|51/100 brn
|-damage|p1a: Suicune|39/100 brn|[from] Stealth Rock
|-ability|p1a: Suicune|Pressure
|move|p2a: Zarude|Power Whip|p1a: Suicune|[miss]
|-miss|p2a: Zarude|p1a: Suicune
|
|-heal|p1a: Suicune|45/100 brn|[from] item: Leftovers
|-damage|p1a: Suicune|39/100 brn|[from] brn
|upkeep
|turn|29
|
|t:|1607886800
|move|p2a: Zarude|Darkest Lariat|p1a: Suicune
|-damage|p1a: Suicune|7/100 brn
|move|p1a: Suicune|Scald|p2a: Zarude
|-resisted|p2a: Zarude
|-damage|p2a: Zarude|79/100
|-status|p2a: Zarude|brn
|
|-heal|p1a: Suicune|13/100 brn|[from] item: Leftovers
|-damage|p2a: Zarude|73/100 brn|[from] brn
|-damage|p1a: Suicune|7/100 brn|[from] brn
|upkeep
|turn|30
|
|t:|1607886804
|switch|p1a: Zygarde|Zygarde-10%, shiny|94/100
|-damage|p1a: Zygarde|88/100|[from] Stealth Rock
|-ability|p1a: Zygarde|Aura Break
|move|p2a: Zarude|Jungle Healing|p2a: Zarude
|-heal|p2a: Zarude|98/100 brn
|-curestatus|p2a: Zarude|brn|[msg]
|
|upkeep
|turn|31
|
|t:|1607886814
|switch|p2a: Noivern|Noivern, F|86/100
|move|p1a: Zygarde|Skitter Smack|p2a: Noivern
|-resisted|p2a: Noivern
|-damage|p2a: Noivern|67/100
|-unboost|p2a: Noivern|spa|1
|
|upkeep
|turn|32
|
|t:|1607886821
|switch|p1a: Diancie|Diancie|99/100
|-damage|p1a: Diancie|88/100|[from] Stealth Rock
|move|p2a: Noivern|Roost|p2a: Noivern
|-heal|p2a: Noivern|100/100
|-singleturn|p2a: Noivern|move: Roost
|
|-heal|p1a: Diancie|94/100|[from] item: Leftovers
|upkeep
|turn|33
|
|t:|1607886829
|move|p2a: Noivern|U-turn|p1a: Diancie
|-resisted|p1a: Diancie
|-damage|p1a: Diancie|89/100
|
|t:|1607886831
|switch|p2a: Metagross|Metagross|94/100|[from]move: U-turn
|-damage|p2a: Metagross|88/100|[from] Stealth Rock
|move|p1a: Diancie|Body Press|p2a: Metagross
|-damage|p2a: Metagross|64/100
|
|-heal|p1a: Diancie|95/100|[from] item: Leftovers
|upkeep
|turn|34
|
|t:|1607886836
|switch|p2a: Reuniclus|Reuniclus, F|84/100 psn
|switch|p1a: Suicune|Suicune|7/100 brn
|-damage|p1a: Suicune|0 fnt|[from] Stealth Rock
|faint|p1a: Suicune
|
|upkeep
|
|t:|1607886840
|switch|p1a: Zygarde|Zygarde-10%, shiny|88/100
|-damage|p1a: Zygarde|82/100|[from] Stealth Rock
|-ability|p1a: Zygarde|Aura Break
|turn|35
|
|t:|1607886849
|move|p1a: Zygarde|Outrage|p2a: Reuniclus
|-damage|p2a: Reuniclus|26/100 psn
|-damage|p1a: Zygarde|66/100|[from] item: Rocky Helmet|[of] p2a: Reuniclus
|move|p2a: Reuniclus|Psychic|p1a: Zygarde
|-damage|p1a: Zygarde|12/100
|
|upkeep
|turn|36
|
|t:|1607886856
|move|p1a: Zygarde|Outrage|p2a: Reuniclus|[from]lockedmove
|-damage|p2a: Reuniclus|0 fnt
|-damage|p1a: Zygarde|0 fnt|[from] item: Rocky Helmet|[of] p2a: Reuniclus
|faint|p2a: Reuniclus
|faint|p1a: Zygarde
|
|upkeep
|
|t:|1607886861
|switch|p1a: Reuniclus|Reuniclus, F, shiny|76/100
|switch|p2a: Metagross|Metagross|64/100
|-damage|p2a: Metagross|58/100|[from] Stealth Rock
|turn|37
|
|t:|1607886866
|move|p2a: Metagross|Meteor Mash|p1a: Reuniclus
|-damage|p1a: Reuniclus|14/100
|-boost|p2a: Metagross|atk|1
|move|p1a: Reuniclus|Recover|p1a: Reuniclus
|-heal|p1a: Reuniclus|64/100
|
|upkeep
|turn|38
|
|t:|1607886870
|move|p2a: Metagross|Meteor Mash|p1a: Reuniclus
|-damage|p1a: Reuniclus|0 fnt
|-boost|p2a: Metagross|atk|1
|faint|p1a: Reuniclus
|
|upkeep
|
|t:|1607886873
|switch|p1a: Diancie|Diancie|95/100
|-damage|p1a: Diancie|83/100|[from] Stealth Rock
|turn|39
|
|t:|1607886875
|move|p2a: Metagross|Meteor Mash|p1a: Diancie
|-supereffective|p1a: Diancie
|-damage|p1a: Diancie|0 fnt
|faint|p1a: Diancie
|
|win|dhehehdh
