|inactive|Battle timer is ON: inactive players will automatically lose when time's up.
|t:|1657307724
|gametype|singles
|player|p1|eifo|#ssdivmambas|
|player|p2|Lunala|#lunala|
|teamsize|p1|6
|teamsize|p2|6
|gen|8
|tier|[Gen 8] RU
|rule|Sleep Clause Mod: Limit one foe put to sleep
|rule|Species Clause: Limit one of each Pokémon
|rule|OHKO Clause: OHKO moves are banned
|rule|Evasion Moves Clause: Evasion moves are banned
|rule|Endless Battle Clause: Forcing endless battles is banned
|rule|HP Percentage Mod: HP is shown in percentages
|rule|Dynamax Clause: You cannot dynamax
|clearpoke
|poke|p1|Pangoro, M|
|poke|p1|Xurkitree|
|poke|p1|Crobat, M|
|poke|p1|Bronzong|
|poke|p1|Milotic, M|
|poke|p1|Flygon, F|
|poke|p2|Steelix, M|
|poke|p2|Celebi|
|poke|p2|Crobat, M|
|poke|p2|Golisopod, F|
|poke|p2|Raikou|
|poke|p2|Dragalge, M|
|teampreview
|c|☆Lunala|hf
|c|☆eifo|u2
|inactive|eifo has 270 seconds left.
|
|t:|1657307773
|start
|switch|p1a: Pangoro|Pangoro, M|100/100
|switch|p2a: Crobat|Crobat, M|100/100
|turn|1
|
|t:|1657307781
|switch|p1a: Crobat|Crobat, M|100/100
|move|p2a: Crobat|Brave Bird|p1a: Crobat
|-damage|p1a: Crobat|46/100
|-damage|p2a: Crobat|80/100|[from] Recoil
|
|upkeep
|turn|2
|
|t:|1657307802
|switch|p1a: Bronzong|Bronzong|100/100
|move|p2a: Crobat|U-turn|p1a: Bronzong
|-damage|p1a: Bronzong|86/100
|
|t:|1657307805
|switch|p2a: Golisopod|Golisopod, F|100/100|[from]move: U-turn
|
|-heal|p1a: Bronzong|92/100|[from] item: Leftovers
|upkeep
|turn|3
|
|t:|1657307810
|switch|p1a: Milotic|Milotic, M|100/100
|move|p2a: Golisopod|Knock Off|p1a: Milotic
|-damage|p1a: Milotic|74/100
|-enditem|p1a: Milotic|Leftovers|[from] move: Knock Off|[of] p2a: Golisopod
|
|upkeep
|turn|4
|
|t:|1657307818
|switch|p1a: Pangoro|Pangoro, M|100/100
|move|p2a: Golisopod|Spikes|p1a: Pangoro
|-sidestart|p1: eifo|Spikes
|
|upkeep
|turn|5
|
|t:|1657307822
|move|p1a: Pangoro|Knock Off|p2a: Golisopod
|-damage|p2a: Golisopod|37/100
|-enditem|p2a: Golisopod|Heavy-Duty Boots|[from] move: Knock Off|[of] p1a: Pangoro
|-activate|p2a: Golisopod|ability: Emergency Exit
|
|t:|1657307827
|switch|p2a: Crobat|Crobat, M|80/100
|
|upkeep
|turn|6
|
|t:|1657307842
|switch|p1a: Bronzong|Bronzong|92/100
|move|p2a: Crobat|Brave Bird|p1a: Bronzong
|-resisted|p1a: Bronzong
|-damage|p1a: Bronzong|71/100
|-damage|p2a: Crobat|73/100|[from] Recoil
|
|-heal|p1a: Bronzong|77/100|[from] item: Leftovers
|upkeep
|turn|7
|
|t:|1657307863
|move|p2a: Crobat|U-turn|p1a: Bronzong
|-damage|p1a: Bronzong|61/100
|
|t:|1657307865
|switch|p2a: Golisopod|Golisopod, F|37/100|[from]move: U-turn
|move|p1a: Bronzong|Heavy Slam|p2a: Golisopod
|-resisted|p2a: Golisopod
|-damage|p2a: Golisopod|33/100
|
|-heal|p1a: Bronzong|67/100|[from] item: Leftovers
|upkeep
|turn|8
|
|t:|1657307889
|switch|p1a: Milotic|Milotic, M|74/100
|-damage|p1a: Milotic|62/100|[from] Spikes
|move|p2a: Golisopod|Liquidation|p1a: Milotic
|-resisted|p1a: Milotic
|-damage|p1a: Milotic|45/100
|-unboost|p1a: Milotic|def|1
|
|upkeep
|turn|9
|
|t:|1657307895
|switch|p2a: Dragalge|Dragalge, M|100/100
|move|p1a: Milotic|Recover|p1a: Milotic
|-heal|p1a: Milotic|95/100
|
|upkeep
|turn|10
|
|t:|1657307905
|switch|p1a: Bronzong|Bronzong|67/100
|move|p2a: Dragalge|Toxic Spikes|p1a: Bronzong
|-sidestart|p1: eifo|move: Toxic Spikes
|
|-heal|p1a: Bronzong|73/100|[from] item: Leftovers
|upkeep
|turn|11
|
|t:|1657307909
|move|p2a: Dragalge|Flip Turn|p1a: Bronzong
|-damage|p1a: Bronzong|64/100
|
|t:|1657307911
|switch|p2a: Golisopod|Golisopod, F|33/100|[from]move: Flip Turn
|move|p1a: Bronzong|Stealth Rock|p2a: Golisopod
|-sidestart|p2: Lunala|move: Stealth Rock
|
|-heal|p1a: Bronzong|70/100|[from] item: Leftovers
|upkeep
|turn|12
|
|t:|1657307916
|switch|p1a: Milotic|Milotic, M|95/100
|-damage|p1a: Milotic|83/100|[from] Spikes
|-status|p1a: Milotic|psn
|move|p2a: Golisopod|Knock Off|p1a: Milotic
|-damage|p1a: Milotic|71/100 psn
|
|-damage|p1a: Milotic|59/100 psn|[from] psn
|upkeep
|turn|13
|
|t:|1657307924
|move|p1a: Milotic|Recover|p1a: Milotic
|-heal|p1a: Milotic|100/100 psn
|move|p2a: Golisopod|Liquidation|p1a: Milotic
|-resisted|p1a: Milotic
|-damage|p1a: Milotic|89/100 psn
|
|-damage|p1a: Milotic|76/100 psn|[from] psn
|upkeep
|turn|14
|
|t:|1657307943
|switch|p2a: Dragalge|Dragalge, M|100/100
|move|p1a: Milotic|Scald|p2a: Dragalge
|-resisted|p2a: Dragalge
|-damage|p2a: Dragalge|90/100
|
|-damage|p1a: Milotic|64/100 psn|[from] psn
|upkeep
|turn|15
|
|t:|1657307948
|switch|p1a: Bronzong|Bronzong|70/100
|move|p2a: Dragalge|Draco Meteor|p1a: Bronzong
|-resisted|p1a: Bronzong
|-damage|p1a: Bronzong|43/100
|-unboost|p2a: Dragalge|spa|2
|
|-heal|p1a: Bronzong|49/100|[from] item: Leftovers
|upkeep
|turn|16
|
|t:|1657307965
|move|p2a: Dragalge|Flip Turn|p1a: Bronzong
|-damage|p1a: Bronzong|40/100
|
|t:|1657307979
|switch|p2a: Raikou|Raikou|100/100|[from]move: Flip Turn
|-damage|p2a: Raikou|88/100|[from] Stealth Rock
|move|p1a: Bronzong|Heavy Slam|p2a: Raikou
|-resisted|p2a: Raikou
|-damage|p2a: Raikou|80/100
|
|-heal|p2a: Raikou|86/100|[from] item: Leftovers
|-heal|p1a: Bronzong|47/100|[from] item: Leftovers
|upkeep
|turn|17
|
|t:|1657307985
|move|p2a: Raikou|Scald|p1a: Bronzong
|-damage|p1a: Bronzong|30/100
|move|p1a: Bronzong|Earthquake|p2a: Raikou
|-supereffective|p2a: Raikou
|-damage|p2a: Raikou|25/100
|
|-heal|p2a: Raikou|32/100|[from] item: Leftovers
|-heal|p1a: Bronzong|36/100|[from] item: Leftovers
|upkeep
|turn|18
|inactive|eifo has 270 seconds left.
|
|t:|1657308037
|switch|p1a: Xurkitree|Xurkitree|100/100
|move|p2a: Raikou|Shadow Ball|p1a: Xurkitree
|-damage|p1a: Xurkitree|63/100
|-unboost|p1a: Xurkitree|spd|1
|
|-heal|p2a: Raikou|38/100|[from] item: Leftovers
|upkeep
|turn|19
|inactive|eifo has 240 seconds left.
|
|t:|1657308075
|move|p2a: Raikou|Scald|p1a: Xurkitree
|-damage|p1a: Xurkitree|6/100
|move|p1a: Xurkitree|Dazzling Gleam|p2a: Raikou
|-damage|p2a: Raikou|0 fnt
|faint|p2a: Raikou
|-ability|p1a: Xurkitree|Beast Boost|boost
|-boost|p1a: Xurkitree|spa|1
|
|upkeep
|
|t:|1657308079
|switch|p2a: Crobat|Crobat, M|73/100
|turn|20
|
|t:|1657308088
|switch|p1a: Flygon|Flygon, F|100/100
|move|p2a: Crobat|Brave Bird|p1a: Flygon
|-damage|p1a: Flygon|41/100
|-damage|p2a: Crobat|54/100|[from] Recoil
|
|upkeep
|turn|21
|inactive|eifo has 240 seconds left.
|
|t:|1657308099
|switch|p2a: Steelix|Steelix, M|100/100
|-damage|p2a: Steelix|97/100|[from] Stealth Rock
|move|p1a: Flygon|Stone Edge|p2a: Steelix
|-resisted|p2a: Steelix
|-damage|p2a: Steelix|94/100
|
|-heal|p2a: Steelix|99/100|[from] item: Leftovers
|upkeep
|turn|22
|inactive|eifo has 240 seconds left.
|
|t:|1657308114
|switch|p1a: Bronzong|Bronzong|36/100
|move|p2a: Steelix|Stealth Rock|p1a: Bronzong
|-sidestart|p1: eifo|move: Stealth Rock
|
|-heal|p1a: Bronzong|43/100|[from] item: Leftovers
|-heal|p2a: Steelix|100/100|[from] item: Leftovers
|upkeep
|turn|23
|
|t:|1657308121
|switch|p2a: Golisopod|Golisopod, F|33/100
|-damage|p2a: Golisopod|8/100|[from] Stealth Rock
|move|p1a: Bronzong|Earthquake|p2a: Golisopod
|-resisted|p2a: Golisopod
|-crit|p2a: Golisopod
|-damage|p2a: Golisopod|0 fnt
|faint|p2a: Golisopod
|
|-heal|p1a: Bronzong|49/100|[from] item: Leftovers
|upkeep
|
|t:|1657308124
|switch|p2a: Celebi|Celebi|100/100
|-damage|p2a: Celebi|88/100|[from] Stealth Rock
|turn|24
|inactive|eifo has 240 seconds left.
|
|t:|1657308149
|move|p2a: Celebi|Psychic|p1a: Bronzong
|-resisted|p1a: Bronzong
|-damage|p1a: Bronzong|42/100
|move|p1a: Bronzong|Toxic|p2a: Celebi
|-status|p2a: Celebi|tox
|
|-heal|p2a: Celebi|94/100 tox|[from] item: Leftovers
|-heal|p1a: Bronzong|48/100|[from] item: Leftovers
|-damage|p2a: Celebi|88/100 tox|[from] psn
|upkeep
|turn|25
|
|t:|1657308154
|move|p2a: Celebi|Nasty Plot|p2a: Celebi
|-boost|p2a: Celebi|spa|2
|move|p1a: Bronzong|Heavy Slam|p2a: Celebi
|-damage|p2a: Celebi|54/100 tox
|
|-heal|p2a: Celebi|60/100 tox|[from] item: Leftovers
|-heal|p1a: Bronzong|54/100|[from] item: Leftovers
|-damage|p2a: Celebi|48/100 tox|[from] psn
|upkeep
|turn|26
|
|t:|1657308171
|switch|p1a: Xurkitree|Xurkitree|6/100
|move|p2a: Celebi|Giga Drain|p1a: Xurkitree
|-damage|p1a: Xurkitree|0 fnt
|-heal|p2a: Celebi|50/100 tox|[from] drain|[of] p1a: Xurkitree
|faint|p1a: Xurkitree
|
|-heal|p2a: Celebi|56/100 tox|[from] item: Leftovers
|-damage|p2a: Celebi|38/100 tox|[from] psn
|upkeep
|inactive|eifo has 240 seconds left.
|
|t:|1657308183
|switch|p1a: Crobat|Crobat, M|46/100
|turn|27
|
|t:|1657308187
|-curestatus|p2a: Celebi|tox|[from] ability: Natural Cure
|switch|p2a: Steelix|Steelix, M|100/100
|-damage|p2a: Steelix|97/100|[from] Stealth Rock
|move|p1a: Crobat|U-turn|p2a: Steelix
|-resisted|p2a: Steelix
|-damage|p2a: Steelix|93/100
|inactive|eifo has 240 seconds left.
|inactive|eifo has 210 seconds left.
|inactive|eifo has 180 seconds left.
|
|t:|1657308287
|switch|p1a: Pangoro|Pangoro, M|100/100|[from]move: U-turn
|-damage|p1a: Pangoro|88/100|[from] Spikes
|-status|p1a: Pangoro|psn
|-damage|p1a: Pangoro|82/100 psn|[from] Stealth Rock
|
|-heal|p2a: Steelix|99/100|[from] item: Leftovers
|-damage|p1a: Pangoro|70/100 psn|[from] psn
|upkeep
|turn|28
|inactive|eifo has 150 seconds left.
|
|t:|1657308311
|switch|p2a: Celebi|Celebi|38/100
|-damage|p2a: Celebi|26/100|[from] Stealth Rock
|move|p1a: Pangoro|Knock Off|p2a: Celebi
|-supereffective|p2a: Celebi
|-damage|p2a: Celebi|0 fnt
|-enditem|p2a: Celebi|Leftovers|[from] move: Knock Off|[of] p1a: Pangoro
|faint|p2a: Celebi
|
|-damage|p1a: Pangoro|57/100 psn|[from] psn
|upkeep
|
|t:|1657308317
|switch|p2a: Crobat|Crobat, M|54/100
|turn|29
|inactive|eifo has 150 seconds left.
|inactive|eifo has 120 seconds left.
|
|t:|1657308374
|switch|p1a: Bronzong|Bronzong|54/100
|-damage|p1a: Bronzong|48/100|[from] Stealth Rock
|move|p2a: Crobat|Brave Bird|p1a: Bronzong
|-resisted|p1a: Bronzong
|-damage|p1a: Bronzong|29/100
|-damage|p2a: Crobat|47/100|[from] Recoil
|
|-heal|p1a: Bronzong|35/100|[from] item: Leftovers
|upkeep
|turn|30
|
|t:|1657308378
|move|p2a: Crobat|U-turn|p1a: Bronzong
|-damage|p1a: Bronzong|20/100
|
|t:|1657308380
|switch|p2a: Steelix|Steelix, M|99/100|[from]move: U-turn
|-damage|p2a: Steelix|96/100|[from] Stealth Rock
|move|p1a: Bronzong|Earthquake|p2a: Steelix
|-supereffective|p2a: Steelix
|-damage|p2a: Steelix|72/100
|
|-heal|p1a: Bronzong|27/100|[from] item: Leftovers
|-heal|p2a: Steelix|78/100|[from] item: Leftovers
|upkeep
|turn|31
|inactive|eifo has 120 seconds left.
|
|t:|1657308392
|move|p1a: Bronzong|Earthquake|p2a: Steelix
|-supereffective|p2a: Steelix
|-damage|p2a: Steelix|56/100
|move|p2a: Steelix|Heavy Slam|p1a: Bronzong
|-resisted|p1a: Bronzong
|-damage|p1a: Bronzong|18/100
|
|-heal|p1a: Bronzong|24/100|[from] item: Leftovers
|-heal|p2a: Steelix|63/100|[from] item: Leftovers
|upkeep
|turn|32
|
|t:|1657308401
|switch|p2a: Dragalge|Dragalge, M|90/100
|move|p1a: Bronzong|Earthquake|p2a: Dragalge
|-supereffective|p2a: Dragalge
|-damage|p2a: Dragalge|46/100
|
|-heal|p1a: Bronzong|31/100|[from] item: Leftovers
|upkeep
|turn|33
|
|t:|1657308406
|switch|p1a: Milotic|Milotic, M|64/100 psn
|-damage|p1a: Milotic|52/100 psn|[from] Spikes
|-damage|p1a: Milotic|39/100 psn|[from] Stealth Rock
|move|p2a: Dragalge|Draco Meteor|p1a: Milotic
|-damage|p1a: Milotic|0 fnt
|-unboost|p2a: Dragalge|spa|2
|faint|p1a: Milotic
|
|upkeep
|
|t:|1657308409
|switch|p1a: Pangoro|Pangoro, M|57/100 psn
|-damage|p1a: Pangoro|45/100 psn|[from] Spikes
|-damage|p1a: Pangoro|39/100 psn|[from] Stealth Rock
|turn|34
|
|t:|1657308416
|move|p1a: Pangoro|Knock Off|p2a: Dragalge
|-damage|p2a: Dragalge|0 fnt
|-enditem|p2a: Dragalge|Heavy-Duty Boots|[from] move: Knock Off|[of] p1a: Pangoro
|faint|p2a: Dragalge
|
|-damage|p1a: Pangoro|26/100 psn|[from] psn
|upkeep
|
|t:|1657308418
|switch|p2a: Crobat|Crobat, M|47/100
|turn|35
|inactive|eifo has 150 seconds left.
|inactive|eifo has 120 seconds left.
|inactive|eifo has 90 seconds left.
|inactive|eifo has 60 seconds left.
|
|t:|1657308530
|move|p2a: Crobat|Brave Bird|p1a: Pangoro
|-supereffective|p1a: Pangoro
|-damage|p1a: Pangoro|0 fnt
|faint|p1a: Pangoro
|-damage|p2a: Crobat|38/100|[from] Recoil
|
|upkeep
|inactive|eifo has 30 seconds left.
|inactive|eifo has 20 seconds left.
|inactive|eifo has 15 seconds left.
|
|t:|1657308578
|switch|p1a: Flygon|Flygon, F|41/100
|-damage|p1a: Flygon|35/100|[from] Stealth Rock
|turn|36
|inactive|eifo has 25 seconds left this turn.
|inactive|eifo has 20 seconds left.
|
|t:|1657308585
|switch|p2a: Steelix|Steelix, M|63/100
|-damage|p2a: Steelix|60/100|[from] Stealth Rock
|move|p1a: Flygon|Dragon Claw|p2a: Steelix
|-resisted|p2a: Steelix
|-damage|p2a: Steelix|50/100
|
|-heal|p2a: Steelix|56/100|[from] item: Leftovers
|upkeep
|turn|37
|inactive|eifo has 30 seconds left this turn.
|
|t:|1657308591
|switch|p1a: Bronzong|Bronzong|31/100
|-damage|p1a: Bronzong|24/100|[from] Stealth Rock
|switch|p2a: Crobat|Crobat, M|38/100
|
|-heal|p1a: Bronzong|31/100|[from] item: Leftovers
|upkeep
|turn|38
|
|t:|1657308594
|move|p2a: Crobat|Roost|p2a: Crobat
|-heal|p2a: Crobat|88/100
|-singleturn|p2a: Crobat|move: Roost
|move|p1a: Bronzong|Earthquake|p2a: Crobat
|-supereffective|p2a: Crobat
|-damage|p2a: Crobat|46/100
|
|-heal|p1a: Bronzong|37/100|[from] item: Leftovers
|upkeep
|turn|39
|
|t:|1657308598
|move|p2a: Crobat|Roost|p2a: Crobat
|-heal|p2a: Crobat|96/100
|-singleturn|p2a: Crobat|move: Roost
|move|p1a: Bronzong|Earthquake|p2a: Crobat
|-supereffective|p2a: Crobat
|-damage|p2a: Crobat|48/100
|
|-heal|p1a: Bronzong|43/100|[from] item: Leftovers
|upkeep
|turn|40
|
|t:|1657308601
|move|p2a: Crobat|Brave Bird|p1a: Bronzong
|-resisted|p1a: Bronzong
|-damage|p1a: Bronzong|25/100
|-damage|p2a: Crobat|42/100|[from] Recoil
|move|p1a: Bronzong|Earthquake|p2a: Crobat
|-immune|p2a: Crobat
|
|-heal|p1a: Bronzong|31/100|[from] item: Leftovers
|upkeep
|turn|41
|
|t:|1657308610
|move|p2a: Crobat|U-turn|p1a: Bronzong
|-damage|p1a: Bronzong|16/100
|
|t:|1657308613
|switch|p2a: Steelix|Steelix, M|56/100|[from]move: U-turn
|-damage|p2a: Steelix|53/100|[from] Stealth Rock
|move|p1a: Bronzong|Earthquake|p2a: Steelix
|-supereffective|p2a: Steelix
|-damage|p2a: Steelix|33/100
|
|-heal|p1a: Bronzong|23/100|[from] item: Leftovers
|-heal|p2a: Steelix|39/100|[from] item: Leftovers
|upkeep
|turn|42
|
|t:|1657308628
|switch|p2a: Crobat|Crobat, M|42/100
|move|p1a: Bronzong|Heavy Slam|p2a: Crobat
|-damage|p2a: Crobat|20/100
|
|-heal|p1a: Bronzong|29/100|[from] item: Leftovers
|upkeep
|turn|43
|inactive|eifo has 60 seconds left.
|
|t:|1657308643
|move|p2a: Crobat|Roost|p2a: Crobat
|-heal|p2a: Crobat|70/100
|-singleturn|p2a: Crobat|move: Roost
|move|p1a: Bronzong|Earthquake|p2a: Crobat
|-supereffective|p2a: Crobat
|-damage|p2a: Crobat|23/100
|
|-heal|p1a: Bronzong|35/100|[from] item: Leftovers
|upkeep
|turn|44
|inactive|eifo has 60 seconds left.
|
|t:|1657308658
|move|p2a: Crobat|Roost|p2a: Crobat
|-heal|p2a: Crobat|73/100
|-singleturn|p2a: Crobat|move: Roost
|move|p1a: Bronzong|Earthquake|p2a: Crobat
|-supereffective|p2a: Crobat
|-damage|p2a: Crobat|25/100
|
|-heal|p1a: Bronzong|41/100|[from] item: Leftovers
|upkeep
|turn|45
|
|t:|1657308662
|move|p2a: Crobat|Roost|p2a: Crobat
|-heal|p2a: Crobat|75/100
|-singleturn|p2a: Crobat|move: Roost
|move|p1a: Bronzong|Earthquake|p2a: Crobat
|-supereffective|p2a: Crobat
|-damage|p2a: Crobat|32/100
|
|-heal|p1a: Bronzong|48/100|[from] item: Leftovers
|upkeep
|turn|46
|
|t:|1657308670
|move|p2a: Crobat|Roost|p2a: Crobat
|-heal|p2a: Crobat|82/100
|-singleturn|p2a: Crobat|move: Roost
|move|p1a: Bronzong|Heavy Slam|p2a: Crobat
|-damage|p2a: Crobat|63/100
|
|-heal|p1a: Bronzong|54/100|[from] item: Leftovers
|upkeep
|turn|47
|
|t:|1657308673
|move|p2a: Crobat|Roost|p2a: Crobat
|-heal|p2a: Crobat|100/100
|-singleturn|p2a: Crobat|move: Roost
|move|p1a: Bronzong|Heavy Slam|p2a: Crobat
|-damage|p2a: Crobat|78/100
|
|-heal|p1a: Bronzong|60/100|[from] item: Leftovers
|upkeep
|turn|48
|
|t:|1657308677
|move|p2a: Crobat|Brave Bird|p1a: Bronzong
|-resisted|p1a: Bronzong
|-damage|p1a: Bronzong|40/100
|-damage|p2a: Crobat|71/100|[from] Recoil
|move|p1a: Bronzong|Heavy Slam|p2a: Crobat
|-damage|p2a: Crobat|50/100
|
|-heal|p1a: Bronzong|47/100|[from] item: Leftovers
|upkeep
|turn|49
|
|t:|1657308687
|move|p2a: Crobat|Brave Bird|p1a: Bronzong
|-resisted|p1a: Bronzong
|-damage|p1a: Bronzong|26/100
|-damage|p2a: Crobat|43/100|[from] Recoil
|move|p1a: Bronzong|Heavy Slam|p2a: Crobat
|-damage|p2a: Crobat|22/100
|
|-heal|p1a: Bronzong|32/100|[from] item: Leftovers
|upkeep
|turn|50
|
|t:|1657308704
|move|p2a: Crobat|Roost|p2a: Crobat
|-heal|p2a: Crobat|72/100
|-singleturn|p2a: Crobat|move: Roost
|move|p1a: Bronzong|Earthquake|p2a: Crobat
|-supereffective|p2a: Crobat
|-damage|p2a: Crobat|25/100
|
|-heal|p1a: Bronzong|38/100|[from] item: Leftovers
|upkeep
|turn|51
|
|t:|1657308706
|move|p2a: Crobat|Roost|p2a: Crobat
|-heal|p2a: Crobat|75/100
|-singleturn|p2a: Crobat|move: Roost
|move|p1a: Bronzong|Earthquake|p2a: Crobat
|-supereffective|p2a: Crobat
|-damage|p2a: Crobat|31/100
|
|-heal|p1a: Bronzong|44/100|[from] item: Leftovers
|upkeep
|turn|52
|
|t:|1657308714
|move|p2a: Crobat|Roost|p2a: Crobat
|-heal|p2a: Crobat|82/100
|-singleturn|p2a: Crobat|move: Roost
|move|p1a: Bronzong|Heavy Slam|p2a: Crobat
|-damage|p2a: Crobat|61/100
|
|-heal|p1a: Bronzong|50/100|[from] item: Leftovers
|upkeep
|turn|53
|
|t:|1657308721
|move|p2a: Crobat|U-turn|p1a: Bronzong
|-damage|p1a: Bronzong|35/100
|
|t:|1657308723
|switch|p2a: Steelix|Steelix, M|39/100|[from]move: U-turn
|-damage|p2a: Steelix|36/100|[from] Stealth Rock
|move|p1a: Bronzong|Heavy Slam|p2a: Steelix
|-resisted|p2a: Steelix
|-damage|p2a: Steelix|32/100
|
|-heal|p1a: Bronzong|41/100|[from] item: Leftovers
|-heal|p2a: Steelix|39/100|[from] item: Leftovers
|upkeep
|turn|54
|
|t:|1657308730
|switch|p2a: Crobat|Crobat, M|61/100
|move|p1a: Bronzong|Earthquake|p2a: Crobat
|-immune|p2a: Crobat
|
|-heal|p1a: Bronzong|47/100|[from] item: Leftovers
|upkeep
|turn|55
|
|t:|1657308735
|move|p2a: Crobat|Brave Bird|p1a: Bronzong
|-resisted|p1a: Bronzong
|-damage|p1a: Bronzong|27/100
|-damage|p2a: Crobat|54/100|[from] Recoil
|move|p1a: Bronzong|Heavy Slam|p2a: Crobat
|-damage|p2a: Crobat|33/100
|
|-heal|p1a: Bronzong|33/100|[from] item: Leftovers
|upkeep
|turn|56
|
|t:|1657308740
|move|p2a: Crobat|Roost|p2a: Crobat
|-heal|p2a: Crobat|83/100
|-singleturn|p2a: Crobat|move: Roost
|move|p1a: Bronzong|Heavy Slam|p2a: Crobat
|-damage|p2a: Crobat|60/100
|
|-heal|p1a: Bronzong|40/100|[from] item: Leftovers
|upkeep
|turn|57
|
|t:|1657308743
|move|p2a: Crobat|Roost|p2a: Crobat
|-heal|p2a: Crobat|100/100
|-singleturn|p2a: Crobat|move: Roost
|move|p1a: Bronzong|Heavy Slam|p2a: Crobat
|-damage|p2a: Crobat|81/100
|
|-heal|p1a: Bronzong|46/100|[from] item: Leftovers
|upkeep
|turn|58
|
|t:|1657308748
|move|p2a: Crobat|Brave Bird|p1a: Bronzong
|-resisted|p1a: Bronzong
|-damage|p1a: Bronzong|25/100
|-damage|p2a: Crobat|73/100|[from] Recoil
|move|p1a: Bronzong|Heavy Slam|p2a: Crobat
|-damage|p2a: Crobat|52/100
|
|-heal|p1a: Bronzong|31/100|[from] item: Leftovers
|upkeep
|turn|59
|
|t:|1657308753
|switch|p1a: Crobat|Crobat, M|46/100
|move|p2a: Crobat|Brave Bird|p1a: Crobat
|-damage|p1a: Crobat|0 fnt
|faint|p1a: Crobat
|-damage|p2a: Crobat|35/100|[from] Recoil
|
|upkeep
|
|t:|1657308757
|switch|p1a: Flygon|Flygon, F|35/100
|-damage|p1a: Flygon|29/100|[from] Stealth Rock
|turn|60
|inactive|eifo has 180 seconds left.
|
|t:|1657308778
|switch|p2a: Steelix|Steelix, M|39/100
|-damage|p2a: Steelix|36/100|[from] Stealth Rock
|move|p1a: Flygon|Earthquake|p2a: Steelix
|-supereffective|p2a: Steelix
|-damage|p2a: Steelix|0 fnt
|faint|p2a: Steelix
|
|upkeep
|
|t:|1657308780
|switch|p2a: Crobat|Crobat, M|35/100
|turn|61
|inactive|Lunala has 270 seconds left.
|c|☆eifo|t
|inactive|Lunala has 240 seconds left.
|
|t:|1657308841
|switch|p1a: Bronzong|Bronzong|31/100
|-damage|p1a: Bronzong|25/100|[from] Stealth Rock
|move|p2a: Crobat|Roost|p2a: Crobat
|-heal|p2a: Crobat|85/100
|-singleturn|p2a: Crobat|move: Roost
|
|-heal|p1a: Bronzong|31/100|[from] item: Leftovers
|upkeep
|turn|62
|
|t:|1657308847
|move|p2a: Crobat|Brave Bird|p1a: Bronzong
|-resisted|p1a: Bronzong
|-damage|p1a: Bronzong|11/100
|-damage|p2a: Crobat|78/100|[from] Recoil
|move|p1a: Bronzong|Heavy Slam|p2a: Crobat
|-damage|p2a: Crobat|57/100
|
|-heal|p1a: Bronzong|18/100|[from] item: Leftovers
|upkeep
|turn|63
|inactive|eifo has 180 seconds left.
|
|t:|1657308889
|move|p2a: Crobat|Roost|p2a: Crobat
|-heal|p2a: Crobat|100/100
|-singleturn|p2a: Crobat|move: Roost
|move|p1a: Bronzong|Heavy Slam|p2a: Crobat
|-damage|p2a: Crobat|81/100
|
|-heal|p1a: Bronzong|24/100|[from] item: Leftovers
|upkeep
|turn|64
|
|t:|1657308896
|move|p2a: Crobat|Roost|p2a: Crobat
|-heal|p2a: Crobat|100/100
|-singleturn|p2a: Crobat|move: Roost
|move|p1a: Bronzong|Stealth Rock||[still]
|-fail|p1a: Bronzong
|
|-heal|p1a: Bronzong|30/100|[from] item: Leftovers
|upkeep
|turn|65
|
|t:|1657308901
|move|p2a: Crobat|U-turn|p1a: Bronzong
|-damage|p1a: Bronzong|14/100
|move|p1a: Bronzong|Stealth Rock||[still]
|-fail|p1a: Bronzong
|
|-heal|p1a: Bronzong|21/100|[from] item: Leftovers
|upkeep
|turn|66
|
|t:|1657308904
|switch|p1a: Flygon|Flygon, F|29/100
|-damage|p1a: Flygon|23/100|[from] Stealth Rock
|move|p2a: Crobat|U-turn|p1a: Flygon
|-damage|p1a: Flygon|0 fnt
|faint|p1a: Flygon
|
|upkeep
|c|☆eifo|gg
|c|☆Lunala|gg
|-message|eifo forfeited.
|
|win|Lunala
|player|p2|Lunala|#lunala
