|inactive|Battle timer is ON: inactive players will automatically lose when time's up.
|t:|1666451614
|gametype|singles
|player|p1|Nael222|265|
|player|p2|btboy|spenser-gen3|
|teamsize|p1|6
|teamsize|p2|6
|gen|8
|tier|[Gen 8] RU
|rule|Sleep Clause Mod: Limit one foe put to sleep
|rule|Species Clause: Limit one of each Pokémon
|rule|OHKO Clause: OHKO moves are banned
|rule|Evasion Items Clause: Evasion items are banned
|rule|Evasion Moves Clause: Evasion moves are banned
|rule|Endless Battle Clause: Forcing endless battles is banned
|rule|HP Percentage Mod: HP is shown in percentages
|rule|Dynamax Clause: You cannot dynamax
|clearpoke
|poke|p1|Talonflame, M|
|poke|p1|Seismitoad, M|
|poke|p1|Bewear, F|
|poke|p1|Metagross|
|poke|p1|Raikou|
|poke|p1|Dhelmise|
|poke|p2|Klefki, F|
|poke|p2|Passimian, F|
|poke|p2|Raikou|
|poke|p2|Rhyperior, M|
|poke|p2|Celebi|
|poke|p2|Crobat, M|
|teampreview
|c|☆btboy|glhf
|c|☆Nael222|hf
|inactive|btboy has 270 seconds left.
|
|t:|1666451666
|start
|switch|p1a: Raikou|Raikou|100/100
|switch|p2a: Klefki|Klefki, F|100/100
|turn|1
|
|t:|1666451674
|move|p2a: Klefki|Spikes|p1a: Raikou
|-sidestart|p1: Nael222|Spikes
|move|p1a: Raikou|Thunderbolt|p2a: Klefki
|-damage|p2a: Klefki|48/100
|
|-heal|p2a: Klefki|54/100|[from] item: Leftovers
|upkeep
|turn|2
|
|t:|1666451681
|switch|p2a: Celebi|Celebi|100/100
|move|p1a: Raikou|Thunderbolt|p2a: Celebi
|-resisted|p2a: Celebi
|-damage|p2a: Celebi|79/100
|
|upkeep
|turn|3
|
|t:|1666451697
|move|p1a: Raikou|Shadow Ball|p2a: Celebi
|-supereffective|p2a: Celebi
|-damage|p2a: Celebi|30/100
|move|p2a: Celebi|Psychic|p1a: Raikou
|-damage|p1a: Raikou|58/100
|
|-heal|p1a: Raikou|64/100|[from] item: Leftovers
|upkeep
|turn|4
|
|t:|1666451708
|switch|p2a: Rhyperior|Rhyperior, M|100/100
|move|p1a: Raikou|Shadow Ball|p2a: Rhyperior
|-damage|p2a: Rhyperior|74/100
|
|-heal|p1a: Raikou|70/100|[from] item: Leftovers
|-heal|p2a: Rhyperior|80/100|[from] item: Leftovers
|upkeep
|turn|5
|
|t:|1666451715
|move|p1a: Raikou|Scald|p2a: Rhyperior
|-supereffective|p2a: Rhyperior
|-damage|p2a: Rhyperior|0 fnt
|faint|p2a: Rhyperior
|
|-heal|p1a: Raikou|76/100|[from] item: Leftovers
|upkeep
|
|t:|1666451722
|switch|p2a: Passimian|Passimian, F|100/100
|turn|6
|
|t:|1666451727
|switch|p1a: Talonflame|Talonflame, M|100/100
|move|p2a: Passimian|Knock Off|p1a: Talonflame
|-damage|p1a: Talonflame|52/100
|-enditem|p1a: Talonflame|Heavy-Duty Boots|[from] move: Knock Off|[of] p2a: Passimian
|
|upkeep
|turn|7
|
|t:|1666451734
|switch|p2a: Raikou|Raikou|100/100
|move|p1a: Talonflame|Roost|p1a: Talonflame
|-heal|p1a: Talonflame|100/100
|-singleturn|p1a: Talonflame|move: Roost
|
|upkeep
|turn|8
|
|t:|1666451743
|switch|p1a: Dhelmise|Dhelmise|100/100
|-damage|p1a: Dhelmise|88/100|[from] Spikes
|move|p2a: Raikou|Volt Switch|p1a: Dhelmise
|-resisted|p1a: Dhelmise
|-damage|p1a: Dhelmise|70/100
|
|t:|1666451750
|switch|p2a: Klefki|Klefki, F|54/100|[from]move: Volt Switch
|
|-heal|p2a: Klefki|60/100|[from] item: Leftovers
|upkeep
|turn|9
|
|t:|1666451755
|move|p2a: Klefki|Foul Play|p1a: Dhelmise
|-supereffective|p1a: Dhelmise
|-enditem|p1a: Dhelmise|Colbur Berry|[eat]
|-enditem|p1a: Dhelmise|Colbur Berry|[weaken]
|-damage|p1a: Dhelmise|35/100
|move|p1a: Dhelmise|Poltergeist|p2a: Klefki
|-activate|p2a: Klefki|move: Poltergeist|Leftovers
|-damage|p2a: Klefki|14/100
|
|-heal|p2a: Klefki|20/100|[from] item: Leftovers
|upkeep
|turn|10
|
|t:|1666451781
|switch|p1a: Talonflame|Talonflame, M|100/100
|move|p2a: Klefki|Foul Play|p1a: Talonflame
|-damage|p1a: Talonflame|63/100
|
|-heal|p2a: Klefki|26/100|[from] item: Leftovers
|upkeep
|turn|11
|
|t:|1666451785
|move|p2a: Klefki|Thunder Wave|p1a: Talonflame
|-status|p1a: Talonflame|par
|cant|p1a: Talonflame|par
|
|-heal|p2a: Klefki|32/100|[from] item: Leftovers
|upkeep
|turn|12
|
|t:|1666451791
|move|p2a: Klefki|Spikes|p1a: Talonflame
|-sidestart|p1: Nael222|Spikes
|move|p1a: Talonflame|Roost|p1a: Talonflame
|-heal|p1a: Talonflame|100/100 par
|-singleturn|p1a: Talonflame|move: Roost
|
|-heal|p2a: Klefki|38/100|[from] item: Leftovers
|upkeep
|turn|13
|
|t:|1666451798
|move|p2a: Klefki|Spikes|p1a: Talonflame
|-sidestart|p1: Nael222|Spikes
|move|p1a: Talonflame|Flare Blitz|p2a: Klefki
|-supereffective|p2a: Klefki
|-damage|p2a: Klefki|0 fnt
|faint|p2a: Klefki
|-damage|p1a: Talonflame|87/100 par|[from] Recoil
|
|upkeep
|
|t:|1666451805
|switch|p2a: Passimian|Passimian, F|100/100
|turn|14
|
|t:|1666451809
|move|p2a: Passimian|Rock Slide|p1a: Talonflame
|-supereffective|p1a: Talonflame
|-damage|p1a: Talonflame|0 fnt
|faint|p1a: Talonflame
|
|upkeep
|
|t:|1666451823
|switch|p1a: Seismitoad|Seismitoad, M|100/100
|-damage|p1a: Seismitoad|76/100|[from] Spikes
|turn|15
|
|t:|1666451846
|move|p2a: Passimian|Close Combat|p1a: Seismitoad
|-damage|p1a: Seismitoad|6/100
|-unboost|p2a: Passimian|def|1
|-unboost|p2a: Passimian|spd|1
|move|p1a: Seismitoad|Liquidation|p2a: Passimian
|-damage|p2a: Passimian|10/100
|
|upkeep
|turn|16
|
|t:|1666451851
|move|p2a: Passimian|Knock Off|p1a: Seismitoad
|-damage|p1a: Seismitoad|0 fnt
|-enditem|p1a: Seismitoad|Choice Band|[from] move: Knock Off|[of] p2a: Passimian
|faint|p1a: Seismitoad
|
|upkeep
|
|t:|1666451855
|switch|p1a: Raikou|Raikou|76/100
|-damage|p1a: Raikou|51/100|[from] Spikes
|turn|17
|
|t:|1666451874
|switch|p2a: Raikou|Raikou|100/100
|move|p1a: Raikou|Scald|p2a: Raikou
|-damage|p2a: Raikou|73/100
|
|-heal|p1a: Raikou|58/100|[from] item: Leftovers
|upkeep
|turn|18
|
|t:|1666451879
|move|p1a: Raikou|Scald|p2a: Raikou
|-damage|p2a: Raikou|47/100
|-status|p2a: Raikou|brn
|move|p2a: Raikou|Scald|p1a: Raikou
|-damage|p1a: Raikou|32/100
|
|-heal|p1a: Raikou|38/100|[from] item: Leftovers
|-damage|p2a: Raikou|40/100 brn|[from] brn
|upkeep
|turn|19
|
|t:|1666451897
|move|p2a: Raikou|Scald|p1a: Raikou
|-damage|p1a: Raikou|9/100
|move|p1a: Raikou|Scald|p2a: Raikou
|-damage|p2a: Raikou|12/100 brn
|
|-heal|p1a: Raikou|15/100|[from] item: Leftovers
|-damage|p2a: Raikou|6/100 brn|[from] brn
|upkeep
|turn|20
|
|t:|1666451905
|move|p2a: Raikou|Volt Switch|p1a: Raikou
|-resisted|p1a: Raikou
|-damage|p1a: Raikou|0 fnt
|faint|p1a: Raikou
|
|t:|1666451910
|switch|p2a: Passimian|Passimian, F|10/100|[from]move: Volt Switch
|
|upkeep
|
|t:|1666451922
|switch|p1a: Metagross|Metagross|100/100
|-damage|p1a: Metagross|75/100|[from] Spikes
|turn|21
|
|t:|1666451927
|move|p2a: Passimian|Knock Off|p1a: Metagross
|-supereffective|p1a: Metagross
|-damage|p1a: Metagross|32/100
|-enditem|p1a: Metagross|Leftovers|[from] move: Knock Off|[of] p2a: Passimian
|move|p1a: Metagross|Earthquake|p2a: Passimian
|-damage|p2a: Passimian|0 fnt
|faint|p2a: Passimian
|
|upkeep
|c|+Beraldinhoo|hello btboy
|c|+Beraldinhoo|are u gaming for ru cup
|c|☆btboy|ye
|c|+Beraldinhoo|g1?
|c|%Beka ❤|btboy :bruh:
|c|☆btboy|ye
|inactive|btboy has 270 seconds left.
|c|☆btboy|beka :bruh:
|
|t:|1666451974
|switch|p2a: Raikou|Raikou|6/100 brn
|turn|22
|
|t:|1666451979
|switch|p1a: Dhelmise|Dhelmise|35/100
|-damage|p1a: Dhelmise|10/100|[from] Spikes
|move|p2a: Raikou|Volt Switch|p1a: Dhelmise
|-resisted|p1a: Dhelmise
|-damage|p1a: Dhelmise|0 fnt
|faint|p1a: Dhelmise
|
|t:|1666451989
|switch|p2a: Crobat|Crobat, M|100/100|[from]move: Volt Switch
|
|upkeep
|
|t:|1666451992
|switch|p1a: Bewear|Bewear, F|100/100
|-damage|p1a: Bewear|76/100|[from] Spikes
|turn|23
|c|☆Nael222|gg
|
|t:|1666451997
|move|p2a: Crobat|Brave Bird|p1a: Bewear
|-supereffective|p1a: Bewear
|-damage|p1a: Bewear|34/100
|-damage|p2a: Crobat|86/100|[from] Recoil
|move|p1a: Bewear|Double-Edge|p2a: Crobat
|-damage|p2a: Crobat|25/100
|-damage|p1a: Bewear|14/100|[from] Recoil
|
|upkeep
|turn|24
|
|t:|1666452002
|move|p2a: Crobat|Brave Bird|p1a: Bewear
|-supereffective|p1a: Bewear
|-damage|p1a: Bewear|0 fnt
|faint|p1a: Bewear
|-damage|p2a: Crobat|21/100|[from] Recoil
|
|upkeep
|c|☆btboy|gg
|
|t:|1666452005
|switch|p1a: Metagross|Metagross|32/100
|-damage|p1a: Metagross|7/100|[from] Spikes
|turn|25
|
|t:|1666452010
|move|p2a: Crobat|Brave Bird|p1a: Metagross
|-resisted|p1a: Metagross
|-damage|p1a: Metagross|0 fnt
|faint|p1a: Metagross
|-damage|p2a: Crobat|19/100|[from] Recoil
|
|win|btboy
