|inactive|Battle timer is ON: inactive players will automatically lose when time's up.
|t:|1661891246
|gametype|singles
|player|p1|career ended|beauty-gen8|
|player|p2|yovan33321|ghetsis-gen5bw|
|teamsize|p1|6
|teamsize|p2|6
|gen|8
|tier|[Gen 8] RU
|rule|Sleep Clause Mod: Limit one foe put to sleep
|rule|Species Clause: Limit one of each Pokémon
|rule|OHKO Clause: OHKO moves are banned
|rule|Evasion Moves Clause: Evasion moves are banned
|rule|Endless Battle Clause: Forcing endless battles is banned
|rule|HP Percentage Mod: HP is shown in percentages
|rule|Dynamax Clause: You cannot dynamax
|clearpoke
|poke|p1|Pangoro, M|
|poke|p1|Metagross|
|poke|p1|Flygon, M|
|poke|p1|Togekiss, M|
|poke|p1|Vileplume, F|
|poke|p1|Xurkitree|
|poke|p2|Porygon2|
|poke|p2|Copperajah, M|
|poke|p2|Bewear, M|
|poke|p2|Cresselia, F|
|poke|p2|Dhelmise|
|poke|p2|Uxie|
|teampreview
|c|☆yovan33321|hf
|c|☆career ended|u2
|inactive|career ended has 270 seconds left.
|
|t:|1661891276
|start
|switch|p1a: Pangoro|Pangoro, M|100/100
|switch|p2a: Uxie|Uxie|100/100
|turn|1
|
|t:|1661891285
|move|p2a: Uxie|Trick|p1a: Pangoro
|-activate|p2a: Uxie|move: Trick|[of] p1a: Pangoro
|-item|p1a: Pangoro|Choice Scarf|[from] move: Trick
|-item|p2a: Uxie|Choice Band|[from] move: Trick
|move|p1a: Pangoro|Knock Off|p2a: Uxie
|-supereffective|p2a: Uxie
|-damage|p2a: Uxie|24/100
|-enditem|p2a: Uxie|Choice Band|[from] move: Knock Off|[of] p1a: Pangoro
|
|upkeep
|turn|2
|
|t:|1661891297
|switch|p2a: Bewear|Bewear, M|100/100
|move|p1a: Pangoro|Knock Off|p2a: Bewear
|-resisted|p2a: Bewear
|-damage|p2a: Bewear|89/100
|-enditem|p2a: Bewear|Life Orb|[from] move: Knock Off|[of] p1a: Pangoro
|
|upkeep
|turn|3
|
|t:|1661891310
|switch|p1a: Metagross|Metagross|100/100
|move|p2a: Bewear|Double-Edge|p1a: Metagross
|-resisted|p1a: Metagross
|-damage|p1a: Metagross|77/100
|-damage|p2a: Bewear|83/100|[from] Recoil
|
|-heal|p1a: Metagross|83/100|[from] item: Leftovers
|upkeep
|turn|4
|
|t:|1661891333
|switch|p1a: Vileplume|Vileplume, F|100/100
|switch|p2a: Dhelmise|Dhelmise|100/100
|
|upkeep
|turn|5
|
|t:|1661891338
|switch|p2a: Uxie|Uxie|24/100
|move|p1a: Vileplume|Growth|p1a: Vileplume
|-boost|p1a: Vileplume|atk|1
|-boost|p1a: Vileplume|spa|1
|
|upkeep
|turn|6
|
|t:|1661891348
|move|p2a: Uxie|Stealth Rock|p1a: Vileplume
|-sidestart|p1: career ended|move: Stealth Rock
|move|p1a: Vileplume|Sludge Bomb|p2a: Uxie
|-damage|p2a: Uxie|0 fnt
|faint|p2a: Uxie
|
|upkeep
|
|t:|1661891352
|switch|p2a: Porygon2|Porygon2|100/100
|-ability|p2a: Porygon2|Effect Spore|[from] ability: Trace|[of] p1a: Vileplume
|turn|7
|
|t:|1661891357
|switch|p1a: Metagross|Metagross|83/100
|-damage|p1a: Metagross|77/100|[from] Stealth Rock
|move|p2a: Porygon2|Foul Play|p1a: Metagross
|-supereffective|p1a: Metagross
|-damage|p1a: Metagross|32/100
|
|-heal|p1a: Metagross|38/100|[from] item: Leftovers
|upkeep
|turn|8
|
|t:|1661891365
|switch|p1a: Pangoro|Pangoro, M|100/100
|-damage|p1a: Pangoro|94/100|[from] Stealth Rock
|move|p2a: Porygon2|Foul Play|p1a: Pangoro
|-resisted|p1a: Pangoro
|-damage|p1a: Pangoro|84/100
|
|upkeep
|turn|9
|
|t:|1661891373
|move|p1a: Pangoro|Knock Off|p2a: Porygon2
|-damage|p2a: Porygon2|66/100
|-enditem|p2a: Porygon2|Eviolite|[from] move: Knock Off|[of] p1a: Pangoro
|move|p2a: Porygon2|Trick Room|p2a: Porygon2
|-fieldstart|move: Trick Room|[of] p2a: Porygon2
|
|upkeep
|turn|10
|
|t:|1661891377
|switch|p1a: Vileplume|Vileplume, F|100/100
|-damage|p1a: Vileplume|88/100|[from] Stealth Rock
|move|p2a: Porygon2|Teleport|p2a: Porygon2
|
|t:|1661891400
|switch|p2a: Copperajah|Copperajah, M|100/100|[from]move: Teleport
|
|upkeep
|turn|11
|
|t:|1661891403
|move|p2a: Copperajah|Heat Crash|p1a: Vileplume
|-supereffective|p1a: Vileplume
|-damage|p1a: Vileplume|0 fnt
|-damage|p2a: Copperajah|84/100|[from] item: Rocky Helmet|[of] p1a: Vileplume
|faint|p1a: Vileplume
|-damage|p2a: Copperajah|74/100|[from] item: Life Orb
|
|upkeep
|
|t:|1661891429
|switch|p1a: Flygon|Flygon, M|100/100
|-damage|p1a: Flygon|95/100|[from] Stealth Rock
|turn|12
|
|t:|1661891447
|switch|p2a: Dhelmise|Dhelmise|100/100
|move|p1a: Flygon|Earthquake|p2a: Dhelmise
|-resisted|p2a: Dhelmise
|-damage|p2a: Dhelmise|80/100
|
|upkeep
|turn|13
|
|t:|1661891457
|move|p2a: Dhelmise|Power Whip|p1a: Flygon
|-damage|p1a: Flygon|0 fnt
|faint|p1a: Flygon
|-damage|p2a: Dhelmise|70/100|[from] item: Life Orb
|
|-fieldend|move: Trick Room
|upkeep
|inactive|career ended has 270 seconds left.
|
|t:|1661891478
|switch|p1a: Togekiss|Togekiss, M|100/100
|turn|14
|
|t:|1661891487
|switch|p2a: Cresselia|Cresselia, F|100/100
|move|p1a: Togekiss|Nasty Plot|p1a: Togekiss
|-boost|p1a: Togekiss|spa|2
|
|upkeep
|turn|15
|
|t:|1661891491
|move|p1a: Togekiss|Air Slash|p2a: Cresselia
|-damage|p2a: Cresselia|66/100
|move|p2a: Cresselia|Trick Room|p2a: Cresselia
|-fieldstart|move: Trick Room|[of] p2a: Cresselia
|
|upkeep
|turn|16
|
|t:|1661891502
|switch|p2a: Bewear|Bewear, M|83/100
|move|p1a: Togekiss|Flamethrower|p2a: Bewear
|-damage|p2a: Bewear|0 fnt
|faint|p2a: Bewear
|
|upkeep
|
|t:|1661891506
|switch|p2a: Copperajah|Copperajah, M|74/100
|turn|17
|
|t:|1661891510
|switch|p1a: Metagross|Metagross|38/100
|-damage|p1a: Metagross|32/100|[from] Stealth Rock
|move|p2a: Copperajah|Iron Head|p1a: Metagross
|-resisted|p1a: Metagross
|-damage|p1a: Metagross|3/100
|
|-heal|p1a: Metagross|9/100|[from] item: Leftovers
|upkeep
|turn|18
|
|t:|1661891519
|move|p2a: Copperajah|Heat Crash|p1a: Metagross
|-supereffective|p1a: Metagross
|-damage|p1a: Metagross|0 fnt
|faint|p1a: Metagross
|-damage|p2a: Copperajah|64/100|[from] item: Life Orb
|
|upkeep
|inactive|career ended has 270 seconds left.
|c|☆yovan33321|test
|
|t:|1661891577
|switch|p1a: Togekiss|Togekiss, M|100/100
|turn|19
|
|t:|1661891593
|switch|p1a: Xurkitree|Xurkitree|100/100
|-damage|p1a: Xurkitree|88/100|[from] Stealth Rock
|move|p2a: Copperajah|Iron Head|p1a: Xurkitree
|-resisted|p1a: Xurkitree
|-damage|p1a: Xurkitree|33/100
|
|-fieldend|move: Trick Room
|upkeep
|turn|20
|
|t:|1661891602
|switch|p2a: Porygon2|Porygon2|66/100
|-ability|p2a: Porygon2|Beast Boost|[from] ability: Trace|[of] p1a: Xurkitree
|move|p1a: Xurkitree|Volt Switch|p2a: Porygon2
|-damage|p2a: Porygon2|36/100
|
|t:|1661891604
|switch|p1a: Pangoro|Pangoro, M|84/100|[from]move: Volt Switch
|-damage|p1a: Pangoro|78/100|[from] Stealth Rock
|
|upkeep
|turn|21
|inactive|career ended has 270 seconds left.
|
|t:|1661891611
|move|p1a: Pangoro|Close Combat|p2a: Porygon2
|-supereffective|p2a: Porygon2
|-damage|p2a: Porygon2|0 fnt
|-unboost|p1a: Pangoro|def|1
|-unboost|p1a: Pangoro|spd|1
|faint|p2a: Porygon2
|
|upkeep
|
|t:|1661891615
|switch|p2a: Cresselia|Cresselia, F|66/100
|turn|22
|
|t:|1661891625
|switch|p1a: Togekiss|Togekiss, M|100/100
|move|p2a: Cresselia|Trick Room|p2a: Cresselia
|-fieldstart|move: Trick Room|[of] p2a: Cresselia
|
|upkeep
|turn|23
|
|t:|1661891632
|move|p2a: Cresselia|Moonlight|p2a: Cresselia
|-heal|p2a: Cresselia|100/100
|move|p1a: Togekiss|Nasty Plot|p1a: Togekiss
|-boost|p1a: Togekiss|spa|2
|
|upkeep
|turn|24
|
|t:|1661891639
|switch|p2a: Dhelmise|Dhelmise|70/100
|move|p1a: Togekiss|Flamethrower|p2a: Dhelmise
|-supereffective|p2a: Dhelmise
|-damage|p2a: Dhelmise|0 fnt
|faint|p2a: Dhelmise
|
|upkeep
|
|t:|1661891642
|switch|p2a: Copperajah|Copperajah, M|64/100
|turn|25
|
|t:|1661891645
|switch|p1a: Xurkitree|Xurkitree|33/100
|-damage|p1a: Xurkitree|21/100|[from] Stealth Rock
|move|p2a: Copperajah|Iron Head|p1a: Xurkitree
|-resisted|p1a: Xurkitree
|-damage|p1a: Xurkitree|0 fnt
|faint|p1a: Xurkitree
|
|upkeep
|
|t:|1661891647
|switch|p1a: Pangoro|Pangoro, M|78/100
|-damage|p1a: Pangoro|72/100|[from] Stealth Rock
|turn|26
|
|t:|1661891650
|move|p2a: Copperajah|Superpower|p1a: Pangoro
|-supereffective|p1a: Pangoro
|-damage|p1a: Pangoro|0 fnt
|-unboost|p2a: Copperajah|atk|1
|-unboost|p2a: Copperajah|def|1
|faint|p1a: Pangoro
|-damage|p2a: Copperajah|54/100|[from] item: Life Orb
|
|-fieldend|move: Trick Room
|upkeep
|
|t:|1661891653
|switch|p1a: Togekiss|Togekiss, M|100/100
|turn|27
|
|t:|1661891657
|switch|p2a: Cresselia|Cresselia, F|100/100
|move|p1a: Togekiss|Flamethrower|p2a: Cresselia
|-damage|p2a: Cresselia|87/100
|
|upkeep
|turn|28
|
|t:|1661891661
|move|p1a: Togekiss|Air Slash|p2a: Cresselia
|-damage|p2a: Cresselia|71/100
|cant|p2a: Cresselia|flinch
|
|upkeep
|turn|29
|
|t:|1661891663
|move|p1a: Togekiss|Air Slash|p2a: Cresselia
|-damage|p2a: Cresselia|53/100
|cant|p2a: Cresselia|flinch
|
|upkeep
|turn|30
|
|t:|1661891666
|move|p1a: Togekiss|Air Slash|p2a: Cresselia|[miss]
|-miss|p1a: Togekiss|p2a: Cresselia
|move|p2a: Cresselia|Trick Room|p2a: Cresselia
|-fieldstart|move: Trick Room|[of] p2a: Cresselia
|
|upkeep
|turn|31
|
|t:|1661891669
|move|p2a: Cresselia|Lunar Dance|p2a: Cresselia
|faint|p2a: Cresselia
|move|p1a: Togekiss|Flamethrower|p2: Cresselia|[notarget]
|-fail|p1a: Togekiss
|
|upkeep
|c|☆yovan33321|ggs
|
|t:|1661891673
|switch|p2a: Copperajah|Copperajah, M|54/100
|-heal|p2a: Copperajah|100/100|[from] move: Lunar Dance
|turn|32
|c|☆career ended|ggs
|
|t:|1661891675
|move|p2a: Copperajah|Iron Head|p1a: Togekiss
|-supereffective|p1a: Togekiss
|-damage|p1a: Togekiss|0 fnt
|faint|p1a: Togekiss
|
|win|yovan33321
