|inactive|Battle timer is ON: inactive players will automatically lose when time's up.
|t:|1665347705
|gametype|singles
|player|p1|its oyster time|birdkeeper-gen6|
|player|p2|Beraldinhoo|#ptpl3medicham|
|teamsize|p1|6
|teamsize|p2|6
|gen|8
|tier|[Gen 8] RU
|rule|Sleep Clause Mod: Limit one foe put to sleep
|rule|Species Clause: Limit one of each Pokémon
|rule|OHKO Clause: OHKO moves are banned
|rule|Evasion Items Clause: Evasion items are banned
|rule|Evasion Moves Clause: Evasion moves are banned
|rule|Endless Battle Clause: Forcing endless battles is banned
|rule|HP Percentage Mod: HP is shown in percentages
|rule|Dynamax Clause: You cannot dynamax
|clearpoke
|poke|p1|Escavalier, M|
|poke|p1|Rhyperior, M|
|poke|p1|Rotom-Mow|
|poke|p1|Sigilyph, F|
|poke|p1|Milotic, M|
|poke|p1|Salazzle, F|
|poke|p2|Aerodactyl, M|
|poke|p2|Gardevoir, F|
|poke|p2|Heracross, M|
|poke|p2|Dragalge, F|
|poke|p2|Steelix, M|
|poke|p2|Tsareena, F|
|teampreview
|inactive|its oyster time also wants the timer to be on.
|inactive|its oyster time has 270 seconds left.
|inactive|Beraldinhoo has 270 seconds left.
|
|t:|1665347742
|start
|switch|p1a: Rotom|Rotom-Mow|100/100
|switch|p2a: Gardevoir|Gardevoir, F|100/100
|-ability|p2a: Gardevoir|Levitate|[from] ability: Trace|[of] p1a: Rotom
|turn|1
|
|t:|1665347749
|move|p1a: Rotom|Volt Switch|p2a: Gardevoir
|-damage|p2a: Gardevoir|68/100
|
|t:|1665347756
|switch|p1a: Milotic|Milotic, M|100/100|[from]move: Volt Switch
|move|p2a: Gardevoir|Will-O-Wisp|p1a: Milotic
|-status|p1a: Milotic|brn
|
|-damage|p1a: Milotic|94/100 brn|[from] brn
|upkeep
|turn|2
|
|t:|1665347785
|move|p2a: Gardevoir|Knock Off|p1a: Milotic
|-damage|p1a: Milotic|88/100 brn
|-enditem|p1a: Milotic|Leftovers|[from] move: Knock Off|[of] p2a: Gardevoir
|move|p1a: Milotic|Ice Beam|p2a: Gardevoir
|-damage|p2a: Gardevoir|47/100
|
|-damage|p1a: Milotic|82/100 brn|[from] brn
|upkeep
|turn|3
|
|t:|1665347803
|move|p2a: Gardevoir|Moonblast|p1a: Milotic
|-damage|p1a: Milotic|46/100 brn
|move|p1a: Milotic|Ice Beam|p2a: Gardevoir
|-damage|p2a: Gardevoir|25/100
|
|-damage|p1a: Milotic|40/100 brn|[from] brn
|upkeep
|turn|4
|
|t:|1665347808
|move|p2a: Gardevoir|Moonblast|p1a: Milotic
|-damage|p1a: Milotic|8/100 brn
|move|p1a: Milotic|Recover|p1a: Milotic
|-heal|p1a: Milotic|58/100 brn
|
|-damage|p1a: Milotic|52/100 brn|[from] brn
|upkeep
|turn|5
|
|t:|1665347826
|move|p2a: Gardevoir|Psychic|p1a: Milotic
|-damage|p1a: Milotic|17/100 brn
|move|p1a: Milotic|Recover|p1a: Milotic
|-heal|p1a: Milotic|67/100 brn
|
|-damage|p1a: Milotic|61/100 brn|[from] brn
|upkeep
|turn|6
|
|t:|1665347833
|move|p2a: Gardevoir|Psychic|p1a: Milotic
|-damage|p1a: Milotic|30/100 brn
|move|p1a: Milotic|Recover|p1a: Milotic
|-heal|p1a: Milotic|80/100 brn
|
|-damage|p1a: Milotic|74/100 brn|[from] brn
|upkeep
|turn|7
|
|t:|1665347839
|switch|p2a: Dragalge|Dragalge, F|100/100
|move|p1a: Milotic|Recover|p1a: Milotic
|-heal|p1a: Milotic|100/100 brn
|
|-damage|p1a: Milotic|94/100 brn|[from] brn
|upkeep
|turn|8
|
|t:|1665347845
|move|p1a: Milotic|Ice Beam|p2a: Dragalge
|-supereffective|p2a: Dragalge
|-damage|p2a: Dragalge|62/100
|move|p2a: Dragalge|Sludge Bomb|p1a: Milotic
|-damage|p1a: Milotic|56/100 brn
|
|-damage|p1a: Milotic|50/100 brn|[from] brn
|upkeep
|turn|9
|
|t:|1665347850
|move|p1a: Milotic|Recover|p1a: Milotic
|-heal|p1a: Milotic|99/100 brn
|move|p2a: Dragalge|Draco Meteor|p1a: Milotic
|-damage|p1a: Milotic|43/100 brn
|-unboost|p2a: Dragalge|spa|2
|
|-damage|p1a: Milotic|37/100 brn|[from] brn
|upkeep
|turn|10
|
|t:|1665347853
|move|p1a: Milotic|Recover|p1a: Milotic
|-heal|p1a: Milotic|87/100 brn
|move|p2a: Dragalge|Flip Turn|p1a: Milotic
|-resisted|p1a: Milotic
|-damage|p1a: Milotic|85/100 brn
|
|t:|1665347858
|switch|p2a: Tsareena|Tsareena, F|100/100|[from]move: Flip Turn
|
|-damage|p1a: Milotic|79/100 brn|[from] brn
|upkeep
|turn|11
|
|t:|1665347864
|switch|p1a: Escavalier|Escavalier, M|100/100
|move|p2a: Tsareena|Power Whip|p1a: Escavalier
|-resisted|p1a: Escavalier
|-damage|p1a: Escavalier|87/100
|
|upkeep
|turn|12
|
|t:|1665347872
|switch|p2a: Steelix|Steelix, M|100/100
|move|p1a: Escavalier|Knock Off|p2a: Steelix
|-damage|p2a: Steelix|82/100
|-enditem|p2a: Steelix|Leftovers|[from] move: Knock Off|[of] p1a: Escavalier
|
|upkeep
|turn|13
|
|t:|1665347881
|switch|p1a: Sigilyph|Sigilyph, F|100/100
|move|p2a: Steelix|Stealth Rock|p1a: Sigilyph
|-sidestart|p1: its oyster time|move: Stealth Rock
|
|-status|p1a: Sigilyph|brn|[from] item: Flame Orb
|upkeep
|turn|14
|
|t:|1665347890
|switch|p2a: Dragalge|Dragalge, F|62/100
|move|p1a: Sigilyph|Air Slash|p2a: Dragalge
|-damage|p2a: Dragalge|31/100
|
|upkeep
|turn|15
|c|+Floss|ptpl?
|c|+Floss|ssnls?
|c|☆Beraldinhoo|rugged
|c|+Floss|o
|
|t:|1665347918
|switch|p1a: Milotic|Milotic, M|79/100 brn
|-damage|p1a: Milotic|66/100 brn|[from] Stealth Rock
|move|p2a: Dragalge|Flip Turn|p1a: Milotic
|-resisted|p1a: Milotic
|-damage|p1a: Milotic|64/100 brn
|
|t:|1665347939
|switch|p2a: Tsareena|Tsareena, F|100/100|[from]move: Flip Turn
|
|-damage|p1a: Milotic|58/100 brn|[from] brn
|upkeep
|turn|16
|
|t:|1665347945
|switch|p1a: Escavalier|Escavalier, M|87/100
|-damage|p1a: Escavalier|74/100|[from] Stealth Rock
|move|p2a: Tsareena|Power Whip|p1a: Escavalier
|-resisted|p1a: Escavalier
|-damage|p1a: Escavalier|62/100
|
|upkeep
|turn|17
|
|t:|1665347955
|switch|p2a: Steelix|Steelix, M|82/100
|move|p1a: Escavalier|Iron Head|p2a: Steelix
|-resisted|p2a: Steelix
|-damage|p2a: Steelix|70/100
|
|upkeep
|turn|18
|
|t:|1665347965
|move|p1a: Escavalier|Iron Head|p2a: Steelix
|-resisted|p2a: Steelix
|-damage|p2a: Steelix|58/100
|move|p2a: Steelix|Heavy Slam|p1a: Escavalier
|-resisted|p1a: Escavalier
|-damage|p1a: Escavalier|45/100
|
|upkeep
|turn|19
|
|t:|1665347972
|switch|p1a: Rhyperior|Rhyperior, M|100/100
|-damage|p1a: Rhyperior|94/100|[from] Stealth Rock
|switch|p2a: Heracross|Heracross, M|100/100
|
|-heal|p1a: Rhyperior|100/100|[from] item: Leftovers
|upkeep
|turn|20
|
|t:|1665347978
|move|p2a: Heracross|Close Combat|p1a: Rhyperior
|-supereffective|p1a: Rhyperior
|-damage|p1a: Rhyperior|46/100
|-unboost|p2a: Heracross|def|1
|-unboost|p2a: Heracross|spd|1
|move|p1a: Rhyperior|Stone Edge|p2a: Heracross
|-crit|p2a: Heracross
|-damage|p2a: Heracross|0 fnt
|faint|p2a: Heracross
|
|-heal|p1a: Rhyperior|52/100|[from] item: Leftovers
|upkeep
|
|t:|1665347989
|switch|p2a: Tsareena|Tsareena, F|100/100
|turn|21
|c|+siras|oi b
|
|t:|1665347993
|switch|p1a: Escavalier|Escavalier, M|45/100
|-damage|p1a: Escavalier|32/100|[from] Stealth Rock
|move|p2a: Tsareena|Power Whip|p1a: Escavalier
|-resisted|p1a: Escavalier
|-crit|p1a: Escavalier
|-damage|p1a: Escavalier|12/100
|
|upkeep
|turn|22
|-enditem|p1a: Escavalier|Custap Berry|[eat]
|-activate|p1a: Escavalier|item: Custap Berry|[consumed]
|
|t:|1665347996
|move|p1a: Escavalier|Megahorn|p2a: Tsareena
|-supereffective|p2a: Tsareena
|-damage|p2a: Tsareena|0 fnt
|faint|p2a: Tsareena
|
|upkeep
|
|t:|1665348001
|switch|p2a: Aerodactyl|Aerodactyl, M|100/100
|-ability|p2a: Aerodactyl|Unnerve
|turn|23
|
|t:|1665348009
|switch|p1a: Rotom|Rotom-Mow|100/100
|-damage|p1a: Rotom|88/100|[from] Stealth Rock
|move|p2a: Aerodactyl|Earthquake|p1a: Rotom
|-immune|p1a: Rotom|[from] ability: Levitate
|
|upkeep
|turn|24
|
|t:|1665348017
|switch|p2a: Steelix|Steelix, M|58/100
|move|p1a: Rotom|Volt Switch|p2a: Steelix
|-immune|p2a: Steelix
|
|upkeep
|turn|25
|
|t:|1665348020
|switch|p1a: Sigilyph|Sigilyph, F|100/100 brn
|switch|p2a: Aerodactyl|Aerodactyl, M|100/100
|-ability|p2a: Aerodactyl|Unnerve
|
|upkeep
|turn|26
|
|t:|1665348024
|switch|p1a: Rhyperior|Rhyperior, M|52/100
|-damage|p1a: Rhyperior|46/100|[from] Stealth Rock
|move|p2a: Aerodactyl|Earthquake|p1a: Rhyperior
|-supereffective|p1a: Rhyperior
|-damage|p1a: Rhyperior|19/100
|
|-heal|p1a: Rhyperior|26/100|[from] item: Leftovers
|upkeep
|turn|27
|
|t:|1665348027
|switch|p1a: Milotic|Milotic, M|58/100 brn
|-damage|p1a: Milotic|45/100 brn|[from] Stealth Rock
|move|p2a: Aerodactyl|Earthquake|p1a: Milotic
|-damage|p1a: Milotic|30/100 brn
|
|-damage|p1a: Milotic|24/100 brn|[from] brn
|upkeep
|turn|28
|
|t:|1665348030
|move|p2a: Aerodactyl|Stone Edge|p1a: Milotic
|-damage|p1a: Milotic|1/100 brn
|move|p1a: Milotic|Recover|p1a: Milotic
|-heal|p1a: Milotic|51/100 brn
|
|-damage|p1a: Milotic|45/100 brn|[from] brn
|upkeep
|turn|29
|
|t:|1665348039
|switch|p2a: Gardevoir|Gardevoir, F|25/100
|-ability|p2a: Gardevoir|Marvel Scale|[from] ability: Trace|[of] p1a: Milotic
|move|p1a: Milotic|Recover|p1a: Milotic
|-heal|p1a: Milotic|95/100 brn
|
|-damage|p1a: Milotic|89/100 brn|[from] brn
|upkeep
|turn|30
|
|t:|1665348043
|move|p2a: Gardevoir|Psychic|p1a: Milotic
|-damage|p1a: Milotic|55/100 brn
|move|p1a: Milotic|Scald|p2a: Gardevoir
|-damage|p2a: Gardevoir|0 fnt
|faint|p2a: Gardevoir
|
|-damage|p1a: Milotic|48/100 brn|[from] brn
|upkeep
|
|t:|1665348046
|switch|p2a: Dragalge|Dragalge, F|31/100
|turn|31
|
|t:|1665348048
|move|p1a: Milotic|Recover|p1a: Milotic
|-heal|p1a: Milotic|98/100 brn
|move|p2a: Dragalge|Draco Meteor|p1a: Milotic
|-damage|p1a: Milotic|45/100 brn
|-unboost|p2a: Dragalge|spa|2
|
|-damage|p1a: Milotic|39/100 brn|[from] brn
|upkeep
|turn|32
|c|☆Beraldinhoo|gg
|-message|Beraldinhoo forfeited.
|
|win|its oyster time
|c|☆its oyster time|gg
