|inactive|Battle timer is ON: inactive players will automatically lose when time's up.
|t:|1668359445
|gametype|singles
|player|p1|MAc3|roxie|
|player|p2|btboy|spenser-gen3|
|teamsize|p1|6
|teamsize|p2|6
|gen|8
|tier|[Gen 8] RU
|rule|Sleep Clause Mod: Limit one foe put to sleep
|rule|Species Clause: Limit one of each Pokémon
|rule|OHKO Clause: OHKO moves are banned
|rule|Evasion Items Clause: Evasion items are banned
|rule|Evasion Moves Clause: Evasion moves are banned
|rule|Endless Battle Clause: Forcing endless battles is banned
|rule|HP Percentage Mod: HP is shown in percentages
|rule|Dynamax Clause: You cannot dynamax
|clearpoke
|poke|p1|Nidoqueen, F|
|poke|p1|Frosmoth, F|
|poke|p1|Starmie|
|poke|p1|Registeel|
|poke|p1|Tsareena, F|
|poke|p1|Togekiss, M|
|poke|p2|Guzzlord|
|poke|p2|Heracross, F|
|poke|p2|Registeel|
|poke|p2|Weezing-Galar, M|
|poke|p2|Jellicent, M|
|poke|p2|Flygon, F|
|teampreview
|c|☆btboy|glhf
|c|☆MAc3|hf
|inactive|btboy has 270 seconds left.
|
|t:|1668359488
|start
|switch|p1a: Togekiss|Togekiss, M|100/100
|switch|p2a: Guzzlord|Guzzlord|100/100
|turn|1
|
|t:|1668359501
|move|p1a: Togekiss|Trick|p2a: Guzzlord
|-activate|p1a: Togekiss|move: Trick|[of] p2a: Guzzlord
|-item|p2a: Guzzlord|Choice Scarf|[from] move: Trick
|-item|p1a: Togekiss|Leftovers|[from] move: Trick
|move|p2a: Guzzlord|Heavy Slam|p1a: Togekiss
|-supereffective|p1a: Togekiss
|-crit|p1a: Togekiss
|-damage|p1a: Togekiss|0 fnt
|faint|p1a: Togekiss
|-ability|p2a: Guzzlord|Beast Boost|boost
|-boost|p2a: Guzzlord|atk|1
|
|upkeep
|c|☆btboy|mb
|c|☆MAc3|yea thats not great bop
|
|t:|1668359522
|switch|p1a: Tsareena|Tsareena, F|100/100
|turn|2
|
|t:|1668359527
|switch|p2a: Weezing|Weezing-Galar, M|100/100
|move|p1a: Tsareena|U-turn|p2a: Weezing
|-resisted|p2a: Weezing
|-damage|p2a: Weezing|97/100
|
|t:|1668359530
|switch|p1a: Nidoqueen|Nidoqueen, F|100/100|[from]move: U-turn
|
|-heal|p2a: Weezing|100/100|[from] item: Black Sludge
|upkeep
|turn|3
|
|t:|1668359540
|switch|p2a: Guzzlord|Guzzlord|100/100
|move|p1a: Nidoqueen|Ice Beam|p2a: Guzzlord
|-supereffective|p2a: Guzzlord
|-damage|p2a: Guzzlord|49/100
|
|upkeep
|turn|4
|
|t:|1668359544
|move|p1a: Nidoqueen|Ice Beam|p2a: Guzzlord
|-supereffective|p2a: Guzzlord
|-damage|p2a: Guzzlord|0 fnt
|faint|p2a: Guzzlord
|
|upkeep
|
|t:|1668359548
|switch|p2a: Flygon|Flygon, F|100/100
|turn|5
|
|t:|1668359555
|switch|p1a: Tsareena|Tsareena, F|100/100
|move|p2a: Flygon|Earthquake|p1a: Tsareena
|-resisted|p1a: Tsareena
|-damage|p1a: Tsareena|78/100
|
|upkeep
|turn|6
|
|t:|1668359562
|move|p2a: Flygon|U-turn|p1a: Tsareena
|-supereffective|p1a: Tsareena
|-damage|p1a: Tsareena|31/100
|
|t:|1668359565
|switch|p2a: Weezing|Weezing-Galar, M|100/100|[from]move: U-turn
|move|p1a: Tsareena|U-turn|p2a: Weezing
|-resisted|p2a: Weezing
|-damage|p2a: Weezing|96/100
|
|t:|1668359568
|switch|p1a: Nidoqueen|Nidoqueen, F|100/100|[from]move: U-turn
|
|-heal|p2a: Weezing|100/100|[from] item: Black Sludge
|upkeep
|turn|7
|
|t:|1668359574
|move|p1a: Nidoqueen|Earth Power|p2a: Weezing
|-immune|p2a: Weezing|[from] ability: Levitate
|move|p2a: Weezing|Corrosive Gas|p1a: Nidoqueen
|-enditem|p1a: Nidoqueen|Life Orb|[from] move: Corrosive Gas|[of] p2a: Weezing
|
|upkeep
|turn|8
|
|t:|1668359604
|switch|p2a: Jellicent|Jellicent, M|100/100
|move|p1a: Nidoqueen|Thunderbolt|p2a: Jellicent
|-supereffective|p2a: Jellicent
|-damage|p2a: Jellicent|56/100
|
|upkeep
|turn|9
|
|t:|1668359611
|move|p1a: Nidoqueen|Thunderbolt|p2a: Jellicent
|-supereffective|p2a: Jellicent
|-damage|p2a: Jellicent|8/100
|move|p2a: Jellicent|Recover|p2a: Jellicent
|-heal|p2a: Jellicent|58/100
|
|upkeep
|turn|10
|
|t:|1668359615
|move|p1a: Nidoqueen|Thunderbolt|p2a: Jellicent
|-supereffective|p2a: Jellicent
|-damage|p2a: Jellicent|14/100
|move|p2a: Jellicent|Recover|p2a: Jellicent
|-heal|p2a: Jellicent|64/100
|
|upkeep
|turn|11
|
|t:|1668359619
|move|p1a: Nidoqueen|Thunderbolt|p2a: Jellicent
|-supereffective|p2a: Jellicent
|-damage|p2a: Jellicent|16/100
|move|p2a: Jellicent|Recover|p2a: Jellicent
|-heal|p2a: Jellicent|66/100
|
|upkeep
|turn|12
|
|t:|1668359624
|switch|p2a: Flygon|Flygon, F|100/100
|move|p1a: Nidoqueen|Thunderbolt|p2a: Flygon
|-immune|p2a: Flygon
|
|upkeep
|turn|13
|
|t:|1668359635
|switch|p1a: Starmie|Starmie|100/100
|move|p2a: Flygon|Earthquake|p1a: Starmie
|-damage|p1a: Starmie|54/100
|
|upkeep
|turn|14
|
|t:|1668359655
|move|p2a: Flygon|U-turn|p1a: Starmie
|-supereffective|p1a: Starmie
|-damage|p1a: Starmie|15/100
|
|t:|1668359665
|switch|p2a: Jellicent|Jellicent, M|66/100|[from]move: U-turn
|move|p1a: Starmie|Teleport|p1a: Starmie
|
|t:|1668359669
|switch|p1a: Tsareena|Tsareena, F|31/100|[from]move: Teleport
|
|upkeep
|turn|15
|
|t:|1668359677
|switch|p2a: Weezing|Weezing-Galar, M|100/100
|move|p1a: Tsareena|U-turn|p2a: Weezing
|-resisted|p2a: Weezing
|-damage|p2a: Weezing|97/100
|
|t:|1668359685
|switch|p1a: Nidoqueen|Nidoqueen, F|100/100|[from]move: U-turn
|
|-heal|p2a: Weezing|100/100|[from] item: Black Sludge
|upkeep
|turn|16
|inactive|btboy has 270 seconds left.
|
|t:|1668359718
|switch|p2a: Jellicent|Jellicent, M|66/100
|move|p1a: Nidoqueen|Ice Beam|p2a: Jellicent
|-resisted|p2a: Jellicent
|-damage|p2a: Jellicent|55/100
|
|upkeep
|turn|17
|
|t:|1668359741
|move|p1a: Nidoqueen|Thunderbolt|p2a: Jellicent
|-supereffective|p2a: Jellicent
|-damage|p2a: Jellicent|9/100
|move|p2a: Jellicent|Will-O-Wisp|p1a: Nidoqueen
|-status|p1a: Nidoqueen|brn
|
|-damage|p1a: Nidoqueen|94/100 brn|[from] brn
|upkeep
|turn|18
|
|t:|1668359748
|move|p1a: Nidoqueen|Ice Beam|p2a: Jellicent
|-resisted|p2a: Jellicent
|-damage|p2a: Jellicent|0 fnt
|faint|p2a: Jellicent
|
|-damage|p1a: Nidoqueen|88/100 brn|[from] brn
|upkeep
|
|t:|1668359752
|switch|p2a: Flygon|Flygon, F|100/100
|turn|19
|
|t:|1668359763
|switch|p1a: Starmie|Starmie|15/100
|move|p2a: Flygon|Earthquake|p1a: Starmie
|-damage|p1a: Starmie|0 fnt
|faint|p1a: Starmie
|
|upkeep
|
|t:|1668359765
|switch|p1a: Frosmoth|Frosmoth, F|100/100
|turn|20
|
|t:|1668359772
|switch|p2a: Registeel|Registeel|100/100
|move|p1a: Frosmoth|Ice Beam|p2a: Registeel
|-resisted|p2a: Registeel
|-damage|p2a: Registeel|89/100
|
|-heal|p2a: Registeel|95/100|[from] item: Leftovers
|upkeep
|turn|21
|
|t:|1668359782
|switch|p1a: Registeel|Registeel|100/100
|move|p2a: Registeel|Thunder Wave|p1a: Registeel
|-status|p1a: Registeel|par
|
|-heal|p2a: Registeel|100/100|[from] item: Leftovers
|upkeep
|turn|22
|
|t:|1668359790
|switch|p2a: Heracross|Heracross, F|100/100
|cant|p1a: Registeel|par
|
|upkeep
|turn|23
|
|t:|1668359797
|switch|p1a: Tsareena|Tsareena, F|31/100
|move|p2a: Heracross|Close Combat|p1a: Tsareena
|-damage|p1a: Tsareena|0 fnt
|-unboost|p2a: Heracross|def|1
|-unboost|p2a: Heracross|spd|1
|faint|p1a: Tsareena
|-ability|p2a: Heracross|Moxie|boost
|-boost|p2a: Heracross|atk|1
|
|upkeep
|
|t:|1668359800
|switch|p1a: Nidoqueen|Nidoqueen, F|88/100 brn
|turn|24
|
|t:|1668359830
|switch|p2a: Weezing|Weezing-Galar, M|100/100
|move|p1a: Nidoqueen|Ice Beam|p2a: Weezing
|-damage|p2a: Weezing|60/100
|
|-heal|p2a: Weezing|66/100|[from] item: Black Sludge
|-damage|p1a: Nidoqueen|82/100 brn|[from] brn
|upkeep
|turn|25
|
|t:|1668359834
|move|p1a: Nidoqueen|Ice Beam|p2a: Weezing
|-damage|p2a: Weezing|26/100
|move|p2a: Weezing|Strange Steam|p1a: Nidoqueen
|-resisted|p1a: Nidoqueen
|-damage|p1a: Nidoqueen|66/100 brn
|
|-heal|p2a: Weezing|32/100|[from] item: Black Sludge
|-damage|p1a: Nidoqueen|60/100 brn|[from] brn
|upkeep
|turn|26
|
|t:|1668359843
|move|p1a: Nidoqueen|Ice Beam|p2a: Weezing
|-crit|p2a: Weezing
|-damage|p2a: Weezing|0 fnt
|faint|p2a: Weezing
|
|-damage|p1a: Nidoqueen|53/100 brn|[from] brn
|upkeep
|
|t:|1668359863
|switch|p2a: Flygon|Flygon, F|100/100
|turn|27
|
|t:|1668359868
|move|p2a: Flygon|Earthquake|p1a: Nidoqueen
|-supereffective|p1a: Nidoqueen
|-crit|p1a: Nidoqueen
|-damage|p1a: Nidoqueen|0 fnt
|faint|p1a: Nidoqueen
|
|upkeep
|
|t:|1668359870
|switch|p1a: Frosmoth|Frosmoth, F|100/100
|turn|28
|
|t:|1668359878
|move|p2a: Flygon|U-turn|p1a: Frosmoth
|-damage|p1a: Frosmoth|70/100
|
|t:|1668359881
|switch|p2a: Registeel|Registeel|100/100|[from]move: U-turn
|move|p1a: Frosmoth|Substitute|p1a: Frosmoth
|-start|p1a: Frosmoth|Substitute
|-damage|p1a: Frosmoth|45/100
|
|upkeep
|turn|29
|
|t:|1668359884
|switch|p1a: Registeel|Registeel|100/100 par
|move|p2a: Registeel|Body Press|p1a: Registeel
|-supereffective|p1a: Registeel
|-damage|p1a: Registeel|71/100 par
|
|-heal|p1a: Registeel|77/100 par|[from] item: Leftovers
|upkeep
|turn|30
|
|t:|1668359887
|switch|p2a: Heracross|Heracross, F|100/100
|move|p1a: Registeel|Iron Defense|p1a: Registeel
|-boost|p1a: Registeel|def|2
|
|-heal|p1a: Registeel|83/100 par|[from] item: Leftovers
|upkeep
|turn|31
|
|t:|1668359892
|move|p2a: Heracross|Close Combat|p1a: Registeel
|-supereffective|p1a: Registeel
|-damage|p1a: Registeel|48/100 par
|-unboost|p2a: Heracross|def|1
|-unboost|p2a: Heracross|spd|1
|move|p1a: Registeel|Iron Defense|p1a: Registeel
|-boost|p1a: Registeel|def|2
|
|-heal|p1a: Registeel|54/100 par|[from] item: Leftovers
|upkeep
|turn|32
|
|t:|1668359896
|move|p2a: Heracross|Close Combat|p1a: Registeel
|-supereffective|p1a: Registeel
|-damage|p1a: Registeel|29/100 par
|-unboost|p2a: Heracross|def|1
|-unboost|p2a: Heracross|spd|1
|cant|p1a: Registeel|par
|
|-heal|p1a: Registeel|35/100 par|[from] item: Leftovers
|upkeep
|turn|33
|
|t:|1668359900
|move|p2a: Heracross|Close Combat|p1a: Registeel
|-supereffective|p1a: Registeel
|-damage|p1a: Registeel|14/100 par
|-unboost|p2a: Heracross|def|1
|-unboost|p2a: Heracross|spd|1
|cant|p1a: Registeel|par
|
|-heal|p1a: Registeel|20/100 par|[from] item: Leftovers
|upkeep
|turn|34
|
|t:|1668359905
|move|p2a: Heracross|Close Combat|p1a: Registeel
|-supereffective|p1a: Registeel
|-damage|p1a: Registeel|0 fnt
|-unboost|p2a: Heracross|def|1
|-unboost|p2a: Heracross|spd|1
|faint|p1a: Registeel
|-ability|p2a: Heracross|Moxie|boost
|-boost|p2a: Heracross|atk|1
|
|upkeep
|c|☆MAc3|gg
|c|☆btboy|mb for rng
|c|☆btboy|gg
|-message|MAc3 forfeited.
|
|win|btboy
