|inactive|Battle timer is ON: inactive players will automatically lose when time's up.
|t:|1649096505
|gametype|singles
|player|p1|Inder|lyra|
|player|p2|guille14|#ptpl3medicham|
|teamsize|p1|6
|teamsize|p2|6
|gen|8
|tier|[Gen 8] RU
|rule|Sleep Clause Mod: Limit one foe put to sleep
|rule|Species Clause: Limit one of each Pokémon
|rule|OHKO Clause: OHKO moves are banned
|rule|Evasion Moves Clause: Evasion moves are banned
|rule|Endless Battle Clause: Forcing endless battles is banned
|rule|HP Percentage Mod: HP is shown in percentages
|rule|Dynamax Clause: You cannot dynamax
|clearpoke
|poke|p1|Metagross|
|poke|p1|Umbreon, M|
|poke|p1|Nidoqueen, F|
|poke|p1|Celebi|
|poke|p1|Diancie|
|poke|p1|Crobat, F|
|poke|p2|Sylveon, F|
|poke|p2|Scrafty, M|
|poke|p2|Steelix, F|
|poke|p2|Crobat, M|
|poke|p2|Reuniclus, M|
|poke|p2|Milotic, M|
|teampreview
|c|☆Inder|hf
|c|☆guille14|hf
|inactive|Inder has 270 seconds left.
|inactive|guille14 has 270 seconds left.
|inactive|guille14 has 240 seconds left.
|
|t:|1649096565
|start
|switch|p1a: Nidoqueen|Nidoqueen, F|100/100
|switch|p2a: Crobat|Crobat, M|100/100
|turn|1
|
|t:|1649096571
|move|p2a: Crobat|U-turn|p1a: Nidoqueen
|-resisted|p1a: Nidoqueen
|-damage|p1a: Nidoqueen|88/100
|
|t:|1649096577
|switch|p2a: Scrafty|Scrafty, M|100/100|[from]move: U-turn
|move|p1a: Nidoqueen|Earth Power|p2a: Scrafty
|-damage|p2a: Scrafty|62/100
|
|-heal|p2a: Scrafty|68/100|[from] item: Leftovers
|upkeep
|turn|2
|
|t:|1649096588
|switch|p1a: Crobat|Crobat, F|100/100
|move|p2a: Scrafty|Knock Off|p1a: Crobat
|-damage|p1a: Crobat|64/100
|-enditem|p1a: Crobat|Heavy-Duty Boots|[from] move: Knock Off|[of] p2a: Scrafty
|
|-heal|p2a: Scrafty|74/100|[from] item: Leftovers
|upkeep
|turn|3
|
|t:|1649096591
|switch|p2a: Steelix|Steelix, F|100/100
|move|p1a: Crobat|U-turn|p2a: Steelix
|-resisted|p2a: Steelix
|-damage|p2a: Steelix|96/100
|
|t:|1649096598
|switch|p1a: Celebi|Celebi|100/100|[from]move: U-turn
|
|-heal|p2a: Steelix|100/100|[from] item: Leftovers
|upkeep
|turn|4
|
|t:|1649096612
|move|p1a: Celebi|Nasty Plot|p1a: Celebi
|-boost|p1a: Celebi|spa|2
|move|p2a: Steelix|Toxic|p1a: Celebi|[miss]
|-miss|p2a: Steelix|p1a: Celebi
|
|upkeep
|turn|5
|
|t:|1649096620
|move|p1a: Celebi|Psychic|p2a: Steelix
|-resisted|p2a: Steelix
|-damage|p2a: Steelix|65/100
|move|p2a: Steelix|Roar|p1a: Celebi
|drag|p1a: Umbreon|Umbreon, M|100/100
|
|-heal|p2a: Steelix|71/100|[from] item: Leftovers
|upkeep
|turn|6
|
|t:|1649096624
|switch|p1a: Celebi|Celebi|100/100
|move|p2a: Steelix|Stealth Rock|p1a: Celebi
|-sidestart|p1: Inder|move: Stealth Rock
|
|-heal|p2a: Steelix|78/100|[from] item: Leftovers
|upkeep
|turn|7
|
|t:|1649096631
|switch|p2a: Scrafty|Scrafty, M|74/100
|move|p1a: Celebi|Earth Power|p2a: Scrafty
|-damage|p2a: Scrafty|55/100
|
|-heal|p2a: Scrafty|61/100|[from] item: Leftovers
|upkeep
|turn|8
|
|t:|1649096640
|switch|p1a: Diancie|Diancie|100/100
|-damage|p1a: Diancie|88/100|[from] Stealth Rock
|move|p2a: Scrafty|Bulk Up|p2a: Scrafty
|-boost|p2a: Scrafty|atk|1
|-boost|p2a: Scrafty|def|1
|
|-heal|p2a: Scrafty|67/100|[from] item: Leftovers
|-heal|p1a: Diancie|94/100|[from] item: Leftovers
|upkeep
|turn|9
|
|t:|1649096646
|switch|p2a: Steelix|Steelix, F|78/100
|move|p1a: Diancie|Diamond Storm|p2a: Steelix
|-resisted|p2a: Steelix
|-damage|p2a: Steelix|73/100
|
|-heal|p1a: Diancie|99/100|[from] item: Leftovers
|-heal|p2a: Steelix|80/100|[from] item: Leftovers
|upkeep
|turn|10
|
|t:|1649096653
|switch|p1a: Umbreon|Umbreon, M|100/100
|-damage|p1a: Umbreon|88/100|[from] Stealth Rock
|move|p2a: Steelix|Roar|p1a: Umbreon
|drag|p1a: Nidoqueen|Nidoqueen, F|88/100
|-damage|p1a: Nidoqueen|82/100|[from] Stealth Rock
|
|-heal|p2a: Steelix|86/100|[from] item: Leftovers
|upkeep
|turn|11
|
|t:|1649096660
|switch|p2a: Milotic|Milotic, M|100/100
|move|p1a: Nidoqueen|Earth Power|p2a: Milotic
|-damage|p2a: Milotic|60/100
|
|-heal|p2a: Milotic|66/100|[from] item: Leftovers
|upkeep
|turn|12
|
|t:|1649096665
|move|p1a: Nidoqueen|Thunderbolt|p2a: Milotic
|-supereffective|p2a: Milotic
|-damage|p2a: Milotic|15/100
|move|p2a: Milotic|Recover|p2a: Milotic
|-heal|p2a: Milotic|65/100
|
|-heal|p2a: Milotic|72/100|[from] item: Leftovers
|upkeep
|turn|13
|
|t:|1649096673
|switch|p1a: Celebi|Celebi|100/100
|-damage|p1a: Celebi|88/100|[from] Stealth Rock
|move|p2a: Milotic|Recover|p2a: Milotic
|-heal|p2a: Milotic|100/100
|
|-heal|p1a: Celebi|94/100|[from] item: Leftovers
|upkeep
|turn|14
|
|t:|1649096685
|move|p1a: Celebi|Nasty Plot|p1a: Celebi
|-boost|p1a: Celebi|spa|2
|move|p2a: Milotic|Haze|p2a: Milotic
|-clearallboost
|
|-heal|p1a: Celebi|100/100|[from] item: Leftovers
|upkeep
|turn|15
|
|t:|1649096689
|move|p1a: Celebi|Nasty Plot|p1a: Celebi
|-boost|p1a: Celebi|spa|2
|move|p2a: Milotic|Toxic|p1a: Celebi
|-status|p1a: Celebi|tox
|
|-damage|p1a: Celebi|94/100 tox|[from] psn
|upkeep
|turn|16
|
|t:|1649096693
|move|p1a: Celebi|Leaf Storm|p2a: Milotic
|-supereffective|p2a: Milotic
|-damage|p2a: Milotic|0 fnt
|-unboost|p1a: Celebi|spa|2
|faint|p2a: Milotic
|
|-heal|p1a: Celebi|100/100 tox|[from] item: Leftovers
|-damage|p1a: Celebi|88/100 tox|[from] psn
|upkeep
|
|t:|1649096696
|switch|p2a: Crobat|Crobat, M|100/100
|turn|17
|
|t:|1649096699
|-curestatus|p1a: Celebi|tox|[from] ability: Natural Cure
|switch|p1a: Metagross|Metagross|100/100
|-damage|p1a: Metagross|95/100|[from] Stealth Rock
|move|p2a: Crobat|U-turn|p1a: Metagross
|-damage|p1a: Metagross|76/100
|
|t:|1649096715
|switch|p2a: Steelix|Steelix, F|86/100|[from]move: U-turn
|
|-heal|p2a: Steelix|92/100|[from] item: Leftovers
|upkeep
|turn|18
|
|t:|1649096720
|move|p1a: Metagross|Trick|p2a: Steelix
|-activate|p1a: Metagross|move: Trick|[of] p2a: Steelix
|-item|p2a: Steelix|Choice Scarf|[from] move: Trick
|-item|p1a: Metagross|Leftovers|[from] move: Trick
|move|p2a: Steelix|Earthquake|p1a: Metagross
|-supereffective|p1a: Metagross
|-damage|p1a: Metagross|16/100
|
|-heal|p1a: Metagross|22/100|[from] item: Leftovers
|upkeep
|turn|19
|
|t:|1649096725
|switch|p1a: Crobat|Crobat, F|64/100
|-damage|p1a: Crobat|39/100|[from] Stealth Rock
|switch|p2a: Scrafty|Scrafty, M|67/100
|
|-heal|p2a: Scrafty|73/100|[from] item: Leftovers
|upkeep
|turn|20
|
|t:|1649096734
|switch|p2a: Crobat|Crobat, M|100/100
|move|p1a: Crobat|Roost|p1a: Crobat
|-heal|p1a: Crobat|89/100
|-singleturn|p1a: Crobat|move: Roost
|
|upkeep
|turn|21
|
|t:|1649096737
|move|p2a: Crobat|Brave Bird|p1a: Crobat
|-damage|p1a: Crobat|33/100
|-damage|p2a: Crobat|79/100|[from] Recoil
|move|p1a: Crobat|Defog|p2a: Crobat
|-unboost|p2a: Crobat|evasion|1
|-sideend|p1: Inder|Stealth Rock|[from] move: Defog|[of] p1a: Crobat
|
|upkeep
|turn|22
|
|t:|1649096742
|switch|p1a: Diancie|Diancie|99/100
|move|p2a: Crobat|U-turn|p1a: Diancie
|-resisted|p1a: Diancie
|-damage|p1a: Diancie|94/100
|
|t:|1649096749
|switch|p2a: Reuniclus|Reuniclus, M|100/100|[from]move: U-turn
|
|-heal|p1a: Diancie|99/100|[from] item: Leftovers
|upkeep
|turn|23
|
|t:|1649096758
|switch|p1a: Metagross|Metagross|22/100
|move|p2a: Reuniclus|Calm Mind|p2a: Reuniclus
|-boost|p2a: Reuniclus|spa|1
|-boost|p2a: Reuniclus|spd|1
|
|-heal|p1a: Metagross|28/100|[from] item: Leftovers
|upkeep
|turn|24
|
|t:|1649096762
|move|p1a: Metagross|Meteor Mash|p2a: Reuniclus
|-damage|p2a: Reuniclus|69/100
|move|p2a: Reuniclus|Calm Mind|p2a: Reuniclus
|-boost|p2a: Reuniclus|spa|1
|-boost|p2a: Reuniclus|spd|1
|
|-heal|p1a: Metagross|34/100|[from] item: Leftovers
|upkeep
|turn|25
|
|t:|1649096770
|move|p1a: Metagross|Meteor Mash|p2a: Reuniclus
|-damage|p2a: Reuniclus|38/100
|move|p2a: Reuniclus|Recover|p2a: Reuniclus
|-heal|p2a: Reuniclus|88/100
|
|-heal|p1a: Metagross|40/100|[from] item: Leftovers
|upkeep
|turn|26
|
|t:|1649096775
|move|p1a: Metagross|Meteor Mash|p2a: Reuniclus
|-damage|p2a: Reuniclus|53/100
|-boost|p1a: Metagross|atk|1
|move|p2a: Reuniclus|Focus Blast|p1a: Metagross
|-crit|p1a: Metagross
|-damage|p1a: Metagross|0 fnt
|faint|p1a: Metagross
|
|upkeep
|
|t:|1649096783
|switch|p1a: Celebi|Celebi|88/100
|turn|27
|
|t:|1649096800
|move|p1a: Celebi|Nasty Plot|p1a: Celebi
|-boost|p1a: Celebi|spa|2
|move|p2a: Reuniclus|Calm Mind|p2a: Reuniclus
|-boost|p2a: Reuniclus|spa|1
|-boost|p2a: Reuniclus|spd|1
|
|-heal|p1a: Celebi|94/100|[from] item: Leftovers
|upkeep
|turn|28
|
|t:|1649096805
|move|p1a: Celebi|Nasty Plot|p1a: Celebi
|-boost|p1a: Celebi|spa|2
|move|p2a: Reuniclus|Calm Mind|p2a: Reuniclus
|-boost|p2a: Reuniclus|spa|1
|-boost|p2a: Reuniclus|spd|1
|
|-heal|p1a: Celebi|100/100|[from] item: Leftovers
|upkeep
|turn|29
|
|t:|1649096811
|move|p1a: Celebi|Nasty Plot|p1a: Celebi
|-boost|p1a: Celebi|spa|2
|move|p2a: Reuniclus|Recover|p2a: Reuniclus
|-heal|p2a: Reuniclus|100/100
|
|upkeep
|turn|30
|
|t:|1649096816
|move|p1a: Celebi|Earth Power|p2a: Reuniclus
|-damage|p2a: Reuniclus|69/100
|move|p2a: Reuniclus|Recover|p2a: Reuniclus
|-heal|p2a: Reuniclus|100/100
|
|upkeep
|turn|31
|
|t:|1649096821
|move|p1a: Celebi|Earth Power|p2a: Reuniclus
|-damage|p2a: Reuniclus|69/100
|move|p2a: Reuniclus|Recover|p2a: Reuniclus
|-heal|p2a: Reuniclus|100/100
|
|upkeep
|turn|32
|
|t:|1649096824
|move|p1a: Celebi|Earth Power|p2a: Reuniclus
|-damage|p2a: Reuniclus|67/100
|move|p2a: Reuniclus|Calm Mind|p2a: Reuniclus
|-boost|p2a: Reuniclus|spa|1
|-boost|p2a: Reuniclus|spd|1
|
|upkeep
|turn|33
|
|t:|1649096827
|move|p1a: Celebi|Leaf Storm|p2a: Reuniclus
|-damage|p2a: Reuniclus|7/100
|-unboost|p1a: Celebi|spa|2
|move|p2a: Reuniclus|Recover|p2a: Reuniclus
|-heal|p2a: Reuniclus|57/100
|
|upkeep
|turn|34
|
|t:|1649096833
|move|p1a: Celebi|Nasty Plot|p1a: Celebi
|-boost|p1a: Celebi|spa|2
|move|p2a: Reuniclus|Recover|p2a: Reuniclus
|-heal|p2a: Reuniclus|100/100
|
|upkeep
|turn|35
|
|t:|1649096839
|move|p1a: Celebi|Leaf Storm|p2a: Reuniclus
|-damage|p2a: Reuniclus|42/100
|-unboost|p1a: Celebi|spa|2
|move|p2a: Reuniclus|Calm Mind|p2a: Reuniclus
|-boost|p2a: Reuniclus|spa|1
|-boost|p2a: Reuniclus|spd|1
|
|upkeep
|turn|36
|
|t:|1649096842
|move|p1a: Celebi|Leaf Storm|p2a: Reuniclus
|-damage|p2a: Reuniclus|1/100
|-unboost|p1a: Celebi|spa|2
|move|p2a: Reuniclus|Recover|p2a: Reuniclus
|-heal|p2a: Reuniclus|51/100
|
|upkeep
|turn|37
|
|t:|1649096845
|move|p1a: Celebi|Nasty Plot|p1a: Celebi
|-boost|p1a: Celebi|spa|2
|move|p2a: Reuniclus|Recover|p2a: Reuniclus
|-heal|p2a: Reuniclus|100/100
|
|upkeep
|turn|38
|
|t:|1649096850
|move|p1a: Celebi|Earth Power|p2a: Reuniclus
|-damage|p2a: Reuniclus|81/100
|move|p2a: Reuniclus|Psyshock|p1a: Celebi
|-resisted|p1a: Celebi
|-damage|p1a: Celebi|30/100
|
|-heal|p1a: Celebi|36/100|[from] item: Leftovers
|upkeep
|turn|39
|
|t:|1649096854
|move|p1a: Celebi|Leaf Storm|p2a: Reuniclus
|-damage|p2a: Reuniclus|44/100
|-unboost|p1a: Celebi|spa|2
|move|p2a: Reuniclus|Psyshock|p1a: Celebi
|-resisted|p1a: Celebi
|-damage|p1a: Celebi|0 fnt
|faint|p1a: Celebi
|
|upkeep
|
|t:|1649096858
|switch|p1a: Umbreon|Umbreon, M|88/100
|turn|40
|
|t:|1649096861
|move|p1a: Umbreon|Foul Play|p2a: Reuniclus
|-supereffective|p2a: Reuniclus
|-enditem|p2a: Reuniclus|Colbur Berry|[eat]
|-enditem|p2a: Reuniclus|Colbur Berry|[weaken]
|-damage|p2a: Reuniclus|32/100
|move|p2a: Reuniclus|Recover|p2a: Reuniclus
|-heal|p2a: Reuniclus|82/100
|
|-heal|p1a: Umbreon|94/100|[from] item: Leftovers
|upkeep
|turn|41
|
|t:|1649096871
|move|p1a: Umbreon|Foul Play|p2a: Reuniclus
|-supereffective|p2a: Reuniclus
|-damage|p2a: Reuniclus|58/100
|move|p2a: Reuniclus|Focus Blast|p1a: Umbreon
|-supereffective|p1a: Umbreon
|-damage|p1a: Umbreon|0 fnt
|faint|p1a: Umbreon
|
|upkeep
|c|☆Inder|gg
|c|☆guille14|gg
|-message|Inder forfeited.
|
|win|guille14
