|inactive|Battle timer is ON: inactive players will automatically lose when time's up.
|t:|1644800411
|gametype|singles
|player|p1|PepeDuce|#ssdivlindworms|
|player|p2|EviGaro|lass-gen4dp|
|teamsize|p1|6
|teamsize|p2|6
|gen|8
|tier|[Gen 8] RU
|rule|Sleep Clause Mod: Limit one foe put to sleep
|rule|Species Clause: Limit one of each Pokémon
|rule|OHKO Clause: OHKO moves are banned
|rule|Evasion Moves Clause: Evasion moves are banned
|rule|Endless Battle Clause: Forcing endless battles is banned
|rule|HP Percentage Mod: HP is shown in percentages
|rule|Dynamax Clause: You cannot dynamax
|clearpoke
|poke|p1|Steelix, F|
|poke|p1|Noivern, M|
|poke|p1|Sneasel, M|
|poke|p1|Escavalier, F|
|poke|p1|Vaporeon, M|
|poke|p1|Vileplume, F|
|poke|p2|Metagross|
|poke|p2|Klefki, F|
|poke|p2|Doublade, M|
|poke|p2|Celebi|
|poke|p2|Crobat, M|
|poke|p2|Seismitoad, F|
|teampreview
|c|☆EviGaro|hf!
|inactive|PepeDuce has 270 seconds left.
|inactive|EviGaro has 270 seconds left.
|c|☆PepeDuce|u2!
|c|☆EviGaro|il y a vraiment cinq steels ici
|inactive|PepeDuce has 240 seconds left.
|inactive|EviGaro has 240 seconds left.
|c|☆PepeDuce|mdr
|
|t:|1644800485
|start
|switch|p1a: Sneasel|Sneasel, M|100/100
|switch|p2a: Crobat|Crobat, M|100/100
|turn|1
|
|t:|1644800513
|switch|p1a: Steelix|Steelix, F|100/100
|move|p2a: Crobat|U-turn|p1a: Steelix
|-resisted|p1a: Steelix
|-damage|p1a: Steelix|97/100
|
|t:|1644800521
|switch|p2a: Seismitoad|Seismitoad, F|100/100|[from]move: U-turn
|
|-heal|p1a: Steelix|100/100|[from] item: Leftovers
|upkeep
|turn|2
|
|t:|1644800534
|switch|p1a: Vileplume|Vileplume, F|100/100
|move|p2a: Seismitoad|Stealth Rock|p1a: Vileplume
|-sidestart|p1: PepeDuce|move: Stealth Rock
|
|upkeep
|turn|3
|
|t:|1644800553
|switch|p2a: Crobat|Crobat, M|100/100
|move|p1a: Vileplume|Leech Seed|p2a: Crobat
|-start|p2a: Crobat|move: Leech Seed
|
|-damage|p2a: Crobat|88/100|[from] Leech Seed|[of] p1a: Vileplume
|upkeep
|turn|4
|inactive|PepeDuce has 270 seconds left.
|
|t:|1644800578
|move|p2a: Crobat|U-turn|p1a: Vileplume
|-damage|p1a: Vileplume|87/100
|
|t:|1644800586
|switch|p2a: Klefki|Klefki, F|100/100|[from]move: U-turn
|move|p1a: Vileplume|Leech Seed|p2a: Klefki
|-start|p2a: Klefki|move: Leech Seed
|
|-heal|p1a: Vileplume|93/100|[from] item: Black Sludge
|-damage|p2a: Klefki|88/100|[from] Leech Seed|[of] p1a: Vileplume
|-heal|p1a: Vileplume|100/100|[silent]
|upkeep
|turn|5
|
|t:|1644800597
|switch|p1a: Steelix|Steelix, F|100/100
|-damage|p1a: Steelix|97/100|[from] Stealth Rock
|move|p2a: Klefki|Spikes|p1a: Steelix
|-sidestart|p1: PepeDuce|Spikes
|
|-heal|p1a: Steelix|100/100|[from] item: Leftovers
|-damage|p2a: Klefki|76/100|[from] Leech Seed|[of] p1a: Steelix
|upkeep
|turn|6
|inactive|PepeDuce has 270 seconds left.
|
|t:|1644800621
|switch|p2a: Seismitoad|Seismitoad, F|100/100
|switch|p1a: Noivern|Noivern, M|100/100
|
|upkeep
|turn|7
|inactive|PepeDuce has 270 seconds left.
|
|t:|1644800631
|move|p1a: Noivern|Toxic|p2a: Seismitoad|[miss]
|-miss|p1a: Noivern|p2a: Seismitoad
|move|p2a: Seismitoad|Ice Punch|p1a: Noivern
|-supereffective|p1a: Noivern
|-damage|p1a: Noivern|5/100
|
|upkeep
|turn|8
|
|t:|1644800639
|move|p1a: Noivern|Roost|p1a: Noivern
|-heal|p1a: Noivern|55/100
|-singleturn|p1a: Noivern|move: Roost
|move|p2a: Seismitoad|Ice Punch|p1a: Noivern
|-supereffective|p1a: Noivern
|-damage|p1a: Noivern|11/100
|
|upkeep
|turn|9
|c|☆EviGaro|f
|
|t:|1644800644
|switch|p1a: Vileplume|Vileplume, F|100/100
|-damage|p1a: Vileplume|88/100|[from] Stealth Rock
|-damage|p1a: Vileplume|76/100|[from] Spikes
|move|p2a: Seismitoad|Ice Punch|p1a: Vileplume
|-supereffective|p1a: Vileplume
|-damage|p1a: Vileplume|42/100
|
|-heal|p1a: Vileplume|49/100|[from] item: Black Sludge
|upkeep
|turn|10
|
|t:|1644800655
|switch|p2a: Celebi|Celebi|100/100
|move|p1a: Vileplume|Strength Sap|p2a: Celebi
|-unboost|p2a: Celebi|atk|1
|-heal|p1a: Vileplume|100/100
|
|upkeep
|turn|11
|
|t:|1644800663
|switch|p1a: Escavalier|Escavalier, F|100/100
|-damage|p1a: Escavalier|88/100|[from] Stealth Rock
|-damage|p1a: Escavalier|76/100|[from] Spikes
|move|p2a: Celebi|Psychic|p1a: Escavalier
|-resisted|p1a: Escavalier
|-damage|p1a: Escavalier|61/100
|
|-heal|p1a: Escavalier|67/100|[from] item: Leftovers
|upkeep
|turn|12
|
|t:|1644800680
|switch|p2a: Seismitoad|Seismitoad, F|100/100
|move|p1a: Escavalier|Megahorn|p2a: Seismitoad
|-damage|p2a: Seismitoad|28/100
|
|-heal|p1a: Escavalier|73/100|[from] item: Leftovers
|upkeep
|turn|13
|
|t:|1644800687
|move|p1a: Escavalier|Protect|p1a: Escavalier
|-singleturn|p1a: Escavalier|Protect
|move|p2a: Seismitoad|Earthquake|p1a: Escavalier
|-activate|p1a: Escavalier|move: Protect
|
|-heal|p1a: Escavalier|79/100|[from] item: Leftovers
|upkeep
|turn|14
|inactive|PepeDuce has 270 seconds left.
|inactive|PepeDuce has 240 seconds left.
|
|t:|1644800748
|switch|p2a: Klefki|Klefki, F|76/100
|move|p1a: Escavalier|Megahorn|p2a: Klefki
|-resisted|p2a: Klefki
|-damage|p2a: Klefki|63/100
|-damage|p1a: Escavalier|62/100|[from] item: Rocky Helmet|[of] p2a: Klefki
|
|-heal|p1a: Escavalier|68/100|[from] item: Leftovers
|upkeep
|turn|15
|
|t:|1644800758
|move|p1a: Escavalier|Protect|p1a: Escavalier
|-singleturn|p1a: Escavalier|Protect
|move|p2a: Klefki|Spikes|p1a: Escavalier
|-sidestart|p1: PepeDuce|Spikes
|
|-heal|p1a: Escavalier|75/100|[from] item: Leftovers
|upkeep
|turn|16
|
|t:|1644800763
|move|p2a: Klefki|Spikes|p1a: Escavalier
|-sidestart|p1: PepeDuce|Spikes
|move|p1a: Escavalier|Drill Run|p2a: Klefki
|-supereffective|p2a: Klefki
|-damage|p2a: Klefki|17/100
|-damage|p1a: Escavalier|58/100|[from] item: Rocky Helmet|[of] p2a: Klefki
|
|-heal|p1a: Escavalier|64/100|[from] item: Leftovers
|upkeep
|turn|17
|
|t:|1644800769
|switch|p2a: Crobat|Crobat, M|88/100
|move|p1a: Escavalier|Protect||[still]
|-fail|p1a: Escavalier
|
|-heal|p1a: Escavalier|70/100|[from] item: Leftovers
|upkeep
|turn|18
|
|t:|1644800771
|move|p1a: Escavalier|Protect|p1a: Escavalier
|-singleturn|p1a: Escavalier|Protect
|move|p2a: Crobat|Brave Bird|p1a: Escavalier
|-activate|p1a: Escavalier|move: Protect
|
|-heal|p1a: Escavalier|76/100|[from] item: Leftovers
|upkeep
|turn|19
|
|t:|1644800778
|move|p2a: Crobat|Brave Bird|p1a: Escavalier
|-damage|p1a: Escavalier|32/100
|-damage|p2a: Crobat|74/100|[from] Recoil
|move|p1a: Escavalier|Iron Head|p2a: Crobat
|-damage|p2a: Crobat|22/100
|
|-heal|p1a: Escavalier|38/100|[from] item: Leftovers
|upkeep
|turn|20
|
|t:|1644800787
|move|p2a: Crobat|Brave Bird|p1a: Escavalier
|-damage|p1a: Escavalier|0 fnt
|faint|p1a: Escavalier
|-damage|p2a: Crobat|10/100|[from] Recoil
|
|upkeep
|inactive|PepeDuce has 270 seconds left.
|
|t:|1644800811
|switch|p1a: Vaporeon|Vaporeon, M|100/100
|-damage|p1a: Vaporeon|88/100|[from] Stealth Rock
|-damage|p1a: Vaporeon|63/100|[from] Spikes
|turn|21
|inactive|PepeDuce has 270 seconds left.
|
|t:|1644800839
|move|p2a: Crobat|U-turn|p1a: Vaporeon
|-damage|p1a: Vaporeon|50/100
|
|t:|1644800841
|switch|p2a: Celebi|Celebi|100/100|[from]move: U-turn
|move|p1a: Vaporeon|Scald|p2a: Celebi
|-resisted|p2a: Celebi
|-damage|p2a: Celebi|86/100
|-status|p2a: Celebi|brn
|
|-heal|p1a: Vaporeon|57/100|[from] item: Leftovers
|-damage|p2a: Celebi|79/100 brn|[from] brn
|upkeep
|turn|22
|
|t:|1644800849
|move|p1a: Vaporeon|Protect|p1a: Vaporeon
|-singleturn|p1a: Vaporeon|Protect
|move|p2a: Celebi|Energy Ball|p1a: Vaporeon
|-activate|p1a: Vaporeon|move: Protect
|
|-heal|p1a: Vaporeon|63/100|[from] item: Leftovers
|-damage|p2a: Celebi|73/100 brn|[from] brn
|upkeep
|turn|23
|inactive|PepeDuce has 270 seconds left.
|inactive|PepeDuce has 240 seconds left.
|
|t:|1644800895
|switch|p1a: Steelix|Steelix, F|100/100
|-damage|p1a: Steelix|97/100|[from] Stealth Rock
|-damage|p1a: Steelix|73/100|[from] Spikes
|move|p2a: Celebi|Energy Ball|p1a: Steelix
|-damage|p1a: Steelix|17/100
|
|-heal|p1a: Steelix|23/100|[from] item: Leftovers
|-damage|p2a: Celebi|67/100 brn|[from] brn
|upkeep
|turn|24
|
|t:|1644800904
|move|p2a: Celebi|Energy Ball|p1a: Steelix
|-damage|p1a: Steelix|0 fnt
|faint|p1a: Steelix
|
|-damage|p2a: Celebi|61/100 brn|[from] brn
|upkeep
|
|t:|1644800913
|switch|p1a: Noivern|Noivern, M|11/100
|turn|25
|
|t:|1644800924
|-curestatus|p2a: Celebi|brn|[from] ability: Natural Cure
|switch|p2a: Klefki|Klefki, F|17/100
|move|p1a: Noivern|Defog|p2a: Klefki
|-unboost|p2a: Klefki|evasion|1
|-sideend|p1: PepeDuce|Spikes|[from] move: Defog|[of] p1a: Noivern
|-sideend|p1: PepeDuce|Stealth Rock|[from] move: Defog|[of] p1a: Noivern
|
|upkeep
|turn|26
|
|t:|1644800932
|move|p2a: Klefki|Spikes|p1a: Noivern
|-sidestart|p1: PepeDuce|Spikes
|move|p1a: Noivern|Hurricane|p2a: Klefki
|-resisted|p2a: Klefki
|-damage|p2a: Klefki|0 fnt
|faint|p2a: Klefki
|
|upkeep
|
|t:|1644800950
|switch|p2a: Metagross|Metagross|100/100
|turn|27
|inactive|PepeDuce has 270 seconds left.
|inactive|PepeDuce has 240 seconds left.
|
|t:|1644800990
|move|p1a: Noivern|Defog|p2a: Metagross
|-fail|p2a: Metagross|unboost|[from] ability: Clear Body|[of] p2a: Metagross
|-sideend|p1: PepeDuce|Spikes|[from] move: Defog|[of] p1a: Noivern
|move|p2a: Metagross|Agility|p2a: Metagross
|-boost|p2a: Metagross|spe|2
|
|upkeep
|turn|28
|
|t:|1644800994
|move|p2a: Metagross|Psychic|p1a: Noivern
|-damage|p1a: Noivern|0 fnt
|faint|p1a: Noivern
|
|upkeep
|
|t:|1644800999
|switch|p1a: Vaporeon|Vaporeon, M|63/100
|turn|29
|
|t:|1644801004
|move|p1a: Vaporeon|Protect|p1a: Vaporeon
|-singleturn|p1a: Vaporeon|Protect
|move|p2a: Metagross|Meteor Beam||[still]
|-prepare|p2a: Metagross|Meteor Beam
|-boost|p2a: Metagross|spa|1
|-enditem|p2a: Metagross|Power Herb
|-anim|p2a: Metagross|Meteor Beam|p1a: Vaporeon
|-activate|p1a: Vaporeon|move: Protect
|
|-heal|p1a: Vaporeon|69/100|[from] item: Leftovers
|upkeep
|turn|30
|inactive|PepeDuce has 270 seconds left.
|
|t:|1644801010
|move|p2a: Metagross|Psychic|p1a: Vaporeon
|-damage|p1a: Vaporeon|23/100
|move|p1a: Vaporeon|Wish|p1a: Vaporeon
|
|-heal|p1a: Vaporeon|30/100|[from] item: Leftovers
|upkeep
|turn|31
|
|t:|1644801014
|move|p2a: Metagross|Meteor Beam||[still]
|-prepare|p2a: Metagross|Meteor Beam
|-boost|p2a: Metagross|spa|1
|move|p1a: Vaporeon|Scald|p2a: Metagross
|-damage|p2a: Metagross|64/100
|
|-heal|p1a: Vaporeon|80/100|[from] move: Wish|[wisher] Vaporeon
|-heal|p1a: Vaporeon|86/100|[from] item: Leftovers
|upkeep
|turn|32
|
|t:|1644801021
|move|p1a: Vaporeon|Protect|p1a: Vaporeon
|-singleturn|p1a: Vaporeon|Protect
|move|p2a: Metagross|Meteor Beam|p1a: Vaporeon|[from]lockedmove
|-activate|p1a: Vaporeon|move: Protect
|
|-heal|p1a: Vaporeon|92/100|[from] item: Leftovers
|upkeep
|turn|33
|
|t:|1644801025
|move|p2a: Metagross|Psychic|p1a: Vaporeon
|-damage|p1a: Vaporeon|32/100
|move|p1a: Vaporeon|Scald|p2a: Metagross
|-damage|p2a: Metagross|25/100
|-status|p2a: Metagross|brn
|
|-heal|p1a: Vaporeon|39/100|[from] item: Leftovers
|-damage|p2a: Metagross|19/100 brn|[from] brn
|upkeep
|turn|34
|
|t:|1644801032
|move|p1a: Vaporeon|Protect|p1a: Vaporeon
|-singleturn|p1a: Vaporeon|Protect
|move|p2a: Metagross|Grass Knot|p1a: Vaporeon
|-activate|p1a: Vaporeon|move: Protect
|
|-heal|p1a: Vaporeon|45/100|[from] item: Leftovers
|-damage|p2a: Metagross|13/100 brn|[from] brn
|upkeep
|turn|35
|
|t:|1644801042
|move|p1a: Vaporeon|Protect||[still]
|-fail|p1a: Vaporeon
|move|p2a: Metagross|Grass Knot|p1a: Vaporeon
|-supereffective|p1a: Vaporeon
|-damage|p1a: Vaporeon|0 fnt
|faint|p1a: Vaporeon
|
|-damage|p2a: Metagross|7/100 brn|[from] brn
|upkeep
|
|t:|1644801044
|switch|p1a: Sneasel|Sneasel, M|100/100
|turn|36
|
|t:|1644801048
|move|p1a: Sneasel|Ice Shard|p2a: Metagross
|-resisted|p2a: Metagross
|-damage|p2a: Metagross|0 fnt
|faint|p2a: Metagross
|
|upkeep
|
|t:|1644801051
|switch|p2a: Doublade|Doublade, M|100/100
|turn|37
|
|t:|1644801055
|switch|p1a: Vileplume|Vileplume, F|100/100
|switch|p2a: Crobat|Crobat, M|10/100
|
|upkeep
|turn|38
|
|t:|1644801065
|move|p2a: Crobat|Brave Bird|p1a: Vileplume
|-supereffective|p1a: Vileplume
|-damage|p1a: Vileplume|34/100
|-status|p2a: Crobat|slp|[from] ability: Effect Spore|[of] p1a: Vileplume
|-damage|p2a: Crobat|0 fnt|[from] Recoil
|faint|p2a: Crobat
|move|p1a: Vileplume|Strength Sap|p2: Crobat|[notarget]
|-fail|p1a: Vileplume
|
|-heal|p1a: Vileplume|41/100|[from] item: Black Sludge
|upkeep
|inactive|EviGaro has 270 seconds left.
|
|t:|1644801107
|switch|p2a: Celebi|Celebi|61/100
|turn|39
|inactive|PepeDuce has 270 seconds left.
|inactive|EviGaro has 240 seconds left.
|inactive|PepeDuce has 240 seconds left.
|inactive|PepeDuce has 210 seconds left.
|
|t:|1644801223
|switch|p1a: Sneasel|Sneasel, M|100/100
|move|p2a: Celebi|Psychic|p1a: Sneasel
|-immune|p1a: Sneasel
|
|upkeep
|turn|40
|
|t:|1644801230
|switch|p2a: Seismitoad|Seismitoad, F|28/100
|move|p1a: Sneasel|Knock Off|p2a: Seismitoad
|-damage|p2a: Seismitoad|0 fnt
|-enditem|p2a: Seismitoad|Heavy-Duty Boots|[from] move: Knock Off|[of] p1a: Sneasel
|faint|p2a: Seismitoad
|
|upkeep
|
|t:|1644801233
|switch|p2a: Doublade|Doublade, M|100/100
|turn|41
|inactive|EviGaro has 240 seconds left.
|
|t:|1644801258
|switch|p1a: Vileplume|Vileplume, F|41/100
|move|p2a: Doublade|Swords Dance|p2a: Doublade
|-boost|p2a: Doublade|atk|2
|
|-heal|p1a: Vileplume|47/100|[from] item: Black Sludge
|upkeep
|turn|42
|inactive|PepeDuce has 180 seconds left.
|
|t:|1644801281
|move|p1a: Vileplume|Strength Sap|p2a: Doublade
|-unboost|p2a: Doublade|atk|1
|-heal|p1a: Vileplume|100/100
|move|p2a: Doublade|Iron Head|p1a: Vileplume
|-damage|p1a: Vileplume|56/100
|
|-heal|p1a: Vileplume|62/100|[from] item: Black Sludge
|upkeep
|turn|43
|inactive|PepeDuce has 180 seconds left.
|inactive|EviGaro has 240 seconds left.
|inactive|PepeDuce has 150 seconds left.
|
|t:|1644801333
|move|p1a: Vileplume|Leech Seed|p2a: Doublade
|-start|p2a: Doublade|move: Leech Seed
|move|p2a: Doublade|Swords Dance|p2a: Doublade
|-boost|p2a: Doublade|atk|2
|
|-heal|p1a: Vileplume|69/100|[from] item: Black Sludge
|-damage|p2a: Doublade|88/100|[from] Leech Seed|[of] p1a: Vileplume
|-heal|p1a: Vileplume|80/100|[silent]
|upkeep
|turn|44
|inactive|PepeDuce has 120 seconds left.
|
|t:|1644801385
|move|p1a: Vileplume|Strength Sap|p2a: Doublade
|-unboost|p2a: Doublade|atk|1
|-heal|p1a: Vileplume|100/100
|move|p2a: Doublade|Iron Head|p1a: Vileplume
|-damage|p1a: Vileplume|46/100
|-status|p2a: Doublade|slp|[from] ability: Effect Spore|[of] p1a: Vileplume
|
|-heal|p1a: Vileplume|52/100|[from] item: Black Sludge
|-damage|p2a: Doublade|76/100 slp|[from] Leech Seed|[of] p1a: Vileplume
|-heal|p1a: Vileplume|63/100|[silent]
|upkeep
|turn|45
|
|t:|1644801396
|move|p1a: Vileplume|Sludge Bomb|p2a: Doublade
|-immune|p2a: Doublade
|cant|p2a: Doublade|slp
|
|-heal|p1a: Vileplume|70/100|[from] item: Black Sludge
|-damage|p2a: Doublade|63/100 slp|[from] Leech Seed|[of] p1a: Vileplume
|-heal|p1a: Vileplume|81/100|[silent]
|upkeep
|turn|46
|c|☆EviGaro|yeah
|c|☆EviGaro|gg
|-message|EviGaro forfeited.
|
|win|PepeDuce
|c|☆PepeDuce|gg
|player|p2|EviGaro|lass-gen4dp
