|inactive|Battle timer is ON: inactive players will automatically lose when time's up.
|t:|1661890422
|gametype|singles
|player|p1|yovan33321|ghetsis-gen5bw|
|player|p2|career ended|beauty-gen8|
|teamsize|p1|6
|teamsize|p2|6
|gen|8
|tier|[Gen 8] RU
|rule|Sleep Clause Mod: Limit one foe put to sleep
|rule|Species Clause: Limit one of each Pokémon
|rule|OHKO Clause: OHKO moves are banned
|rule|Evasion Moves Clause: Evasion moves are banned
|rule|Endless Battle Clause: Forcing endless battles is banned
|rule|HP Percentage Mod: HP is shown in percentages
|rule|Dynamax Clause: You cannot dynamax
|clearpoke
|poke|p1|Vikavolt, M|
|poke|p1|Weezing-Galar, M|
|poke|p1|Bronzong|
|poke|p1|Milotic, F|
|poke|p1|Umbreon, F|
|poke|p1|Rotom|
|poke|p2|Starmie|
|poke|p2|Crobat, F|
|poke|p2|Incineroar, F|
|poke|p2|Registeel|
|poke|p2|Flygon, M|
|poke|p2|Roserade, F|
|teampreview
|c|☆career ended|hf
|c|☆yovan33321|hF
|inactive|career ended has 270 seconds left.
|
|t:|1661890470
|start
|switch|p1a: Bronzong|Bronzong|100/100
|switch|p2a: Incineroar|Incineroar, F|100/100
|-ability|p2a: Incineroar|Intimidate|boost
|-unboost|p1a: Bronzong|atk|1
|turn|1
|
|t:|1661890483
|switch|p1a: Weezing|Weezing-Galar, M|100/100
|-ability|p1a: Weezing|Neutralizing Gas
|move|p2a: Incineroar|U-turn|p1a: Weezing
|-resisted|p1a: Weezing
|-damage|p1a: Weezing|97/100
|
|t:|1661890500
|switch|p2a: Roserade|Roserade, F|100/100|[from]move: U-turn
|
|upkeep
|turn|2
|
|t:|1661890503
|-end|p1a: Weezing|ability: Neutralizing Gas
|switch|p1a: Bronzong|Bronzong|100/100
|move|p2a: Roserade|Spikes|p1a: Bronzong
|-sidestart|p1: yovan33321|Spikes
|
|upkeep
|turn|3
|
|t:|1661890517
|move|p2a: Roserade|Spikes|p1a: Bronzong
|-sidestart|p1: yovan33321|Spikes
|move|p1a: Bronzong|Stealth Rock|p2a: Roserade
|-sidestart|p2: career ended|move: Stealth Rock
|
|upkeep
|turn|4
|
|t:|1661890520
|switch|p2a: Registeel|Registeel|100/100
|-damage|p2a: Registeel|94/100|[from] Stealth Rock
|move|p1a: Bronzong|Earthquake|p2a: Registeel
|-supereffective|p2a: Registeel
|-damage|p2a: Registeel|69/100
|
|-heal|p2a: Registeel|75/100|[from] item: Leftovers
|upkeep
|turn|5
|
|t:|1661890527
|switch|p2a: Starmie|Starmie|100/100
|-damage|p2a: Starmie|88/100|[from] Stealth Rock
|switch|p1a: Rotom|Rotom|100/100
|
|upkeep
|turn|6
|
|t:|1661890541
|switch|p2a: Roserade|Roserade, F|100/100
|move|p1a: Rotom|Volt Switch|p2a: Roserade
|-resisted|p2a: Roserade
|-damage|p2a: Roserade|84/100
|
|t:|1661890548
|switch|p1a: Bronzong|Bronzong|100/100|[from]move: Volt Switch
|
|upkeep
|turn|7
|
|t:|1661890554
|move|p2a: Roserade|Spikes|p1a: Bronzong
|-sidestart|p1: yovan33321|Spikes
|move|p1a: Bronzong|Heavy Slam|p2a: Roserade
|-damage|p2a: Roserade|14/100
|
|upkeep
|turn|8
|
|t:|1661890563
|switch|p2a: Incineroar|Incineroar, F|100/100
|-ability|p2a: Incineroar|Intimidate|boost
|-unboost|p1a: Bronzong|atk|1
|move|p1a: Bronzong|Heavy Slam|p2a: Incineroar
|-resisted|p2a: Incineroar
|-damage|p2a: Incineroar|95/100
|
|upkeep
|turn|9
|
|t:|1661890579
|switch|p1a: Weezing|Weezing-Galar, M|97/100
|-ability|p1a: Weezing|Neutralizing Gas
|-damage|p1a: Weezing|72/100|[from] Spikes
|move|p2a: Incineroar|U-turn|p1a: Weezing
|-resisted|p1a: Weezing
|-damage|p1a: Weezing|69/100
|inactive|career ended has 270 seconds left.
|
|t:|1661890611
|switch|p2a: Roserade|Roserade, F|14/100|[from]move: U-turn
|
|upkeep
|turn|10
|
|t:|1661890616
|-end|p1a: Weezing|ability: Neutralizing Gas
|switch|p1a: Bronzong|Bronzong|100/100
|move|p2a: Roserade|Synthesis|p2a: Roserade
|-heal|p2a: Roserade|64/100
|
|upkeep
|turn|11
|
|t:|1661890624
|switch|p2a: Starmie|Starmie|88/100
|-damage|p2a: Starmie|76/100|[from] Stealth Rock
|move|p1a: Bronzong|Toxic|p2a: Starmie
|-status|p2a: Starmie|tox
|
|-damage|p2a: Starmie|70/100 tox|[from] psn
|upkeep
|turn|12
|inactive|career ended has 270 seconds left.
|
|t:|1661890639
|move|p2a: Starmie|Hydro Pump|p1a: Bronzong
|-damage|p1a: Bronzong|60/100
|-damage|p2a: Starmie|60/100 tox|[from] item: Life Orb
|move|p1a: Bronzong|Earthquake|p2a: Starmie
|-damage|p2a: Starmie|30/100 tox
|
|-heal|p1a: Bronzong|66/100|[from] item: Leftovers
|-damage|p2a: Starmie|17/100 tox|[from] psn
|upkeep
|turn|13
|
|t:|1661890646
|move|p2a: Starmie|Hydro Pump|p1a: Bronzong
|-damage|p1a: Bronzong|28/100
|-damage|p2a: Starmie|7/100 tox|[from] item: Life Orb
|move|p1a: Bronzong|Stealth Rock||[still]
|-fail|p1a: Bronzong
|
|-heal|p1a: Bronzong|34/100|[from] item: Leftovers
|-damage|p2a: Starmie|0 fnt|[from] psn
|faint|p2a: Starmie
|upkeep
|
|t:|1661890650
|switch|p2a: Incineroar|Incineroar, F|95/100
|-ability|p2a: Incineroar|Intimidate|boost
|-unboost|p1a: Bronzong|atk|1
|turn|14
|
|t:|1661890654
|switch|p1a: Milotic|Milotic, F|100/100
|move|p2a: Incineroar|U-turn|p1a: Milotic
|-damage|p1a: Milotic|83/100
|
|t:|1661890659
|switch|p2a: Roserade|Roserade, F|64/100|[from]move: U-turn
|
|upkeep
|turn|15
|
|t:|1661890663
|switch|p1a: Bronzong|Bronzong|34/100
|move|p2a: Roserade|Grass Knot|p1a: Bronzong
|-resisted|p1a: Bronzong
|-damage|p1a: Bronzong|16/100
|
|-heal|p1a: Bronzong|22/100|[from] item: Leftovers
|upkeep
|turn|16
|
|t:|1661890668
|switch|p2a: Registeel|Registeel|75/100
|-damage|p2a: Registeel|69/100|[from] Stealth Rock
|move|p1a: Bronzong|Heavy Slam|p2a: Registeel
|-resisted|p2a: Registeel
|-damage|p2a: Registeel|65/100
|
|-heal|p2a: Registeel|71/100|[from] item: Leftovers
|-heal|p1a: Bronzong|29/100|[from] item: Leftovers
|upkeep
|turn|17
|
|t:|1661890671
|switch|p1a: Rotom|Rotom|100/100
|move|p2a: Registeel|Seismic Toss|p1a: Rotom
|-immune|p1a: Rotom
|
|-heal|p2a: Registeel|77/100|[from] item: Leftovers
|upkeep
|turn|18
|
|t:|1661890678
|move|p1a: Rotom|Volt Switch|p2a: Registeel
|-damage|p2a: Registeel|65/100
|
|t:|1661890686
|switch|p1a: Milotic|Milotic, F|83/100|[from]move: Volt Switch
|move|p2a: Registeel|Heavy Slam|p1a: Milotic
|-resisted|p1a: Milotic
|-damage|p1a: Milotic|79/100
|
|-heal|p2a: Registeel|71/100|[from] item: Leftovers
|upkeep
|turn|19
|
|t:|1661890693
|move|p1a: Milotic|Flip Turn|p2a: Registeel
|-damage|p2a: Registeel|64/100
|
|t:|1661890697
|switch|p1a: Rotom|Rotom|100/100|[from]move: Flip Turn
|move|p2a: Registeel|Stealth Rock|p1a: Rotom
|-sidestart|p1: yovan33321|move: Stealth Rock
|
|-heal|p2a: Registeel|70/100|[from] item: Leftovers
|upkeep
|turn|20
|
|t:|1661890706
|move|p1a: Rotom|Will-O-Wisp|p2a: Registeel|[miss]
|-miss|p1a: Rotom|p2a: Registeel
|move|p2a: Registeel|Heavy Slam|p1a: Rotom
|-resisted|p1a: Rotom
|-damage|p1a: Rotom|79/100
|
|-heal|p1a: Rotom|85/100|[from] item: Leftovers
|-heal|p2a: Registeel|76/100|[from] item: Leftovers
|upkeep
|turn|21
|
|t:|1661890711
|switch|p2a: Incineroar|Incineroar, F|95/100
|-ability|p2a: Incineroar|Intimidate|boost
|-unboost|p1a: Rotom|atk|1
|move|p1a: Rotom|Volt Switch|p2a: Incineroar
|-damage|p2a: Incineroar|70/100
|
|t:|1661890716
|switch|p1a: Milotic|Milotic, F|79/100|[from]move: Volt Switch
|
|upkeep
|turn|22
|
|t:|1661890719
|move|p2a: Incineroar|U-turn|p1a: Milotic
|-damage|p1a: Milotic|63/100
|
|t:|1661890721
|switch|p2a: Roserade|Roserade, F|64/100|[from]move: U-turn
|move|p1a: Milotic|Scald|p2a: Roserade
|-resisted|p2a: Roserade
|-damage|p2a: Roserade|47/100
|
|upkeep
|turn|23
|
|t:|1661890729
|switch|p1a: Umbreon|Umbreon, F|100/100
|-damage|p1a: Umbreon|76/100|[from] Spikes
|-damage|p1a: Umbreon|63/100|[from] Stealth Rock
|move|p2a: Roserade|Synthesis|p2a: Roserade
|-heal|p2a: Roserade|97/100
|
|-heal|p1a: Umbreon|69/100|[from] item: Leftovers
|upkeep
|turn|24
|
|t:|1661890735
|move|p2a: Roserade|Sludge Bomb|p1a: Umbreon
|-damage|p1a: Umbreon|45/100
|move|p1a: Umbreon|Wish|p1a: Umbreon
|
|-heal|p1a: Umbreon|52/100|[from] item: Leftovers
|upkeep
|turn|25
|
|t:|1661890741
|switch|p2a: Incineroar|Incineroar, F|70/100
|-ability|p2a: Incineroar|Intimidate|boost
|-unboost|p1a: Umbreon|atk|1
|move|p1a: Umbreon|Heal Bell||[still]
|-activate|p1a: Umbreon|move: Heal Bell
|-fail|p1a: Umbreon
|
|-heal|p1a: Umbreon|100/100|[from] move: Wish|[wisher] Umbreon
|upkeep
|turn|26
|
|t:|1661890746
|move|p2a: Incineroar|Swords Dance|p2a: Incineroar
|-boost|p2a: Incineroar|atk|2
|move|p1a: Umbreon|Wish|p1a: Umbreon
|
|upkeep
|turn|27
|
|t:|1661890751
|move|p2a: Incineroar|U-turn|p1a: Umbreon
|-supereffective|p1a: Umbreon
|-damage|p1a: Umbreon|27/100
|
|t:|1661890756
|switch|p2a: Crobat|Crobat, F|100/100|[from]move: U-turn
|move|p1a: Umbreon|Foul Play|p2a: Crobat
|-damage|p2a: Crobat|67/100
|
|-heal|p1a: Umbreon|77/100|[from] move: Wish|[wisher] Umbreon
|-heal|p1a: Umbreon|83/100|[from] item: Leftovers
|upkeep
|turn|28
|
|t:|1661890764
|move|p2a: Crobat|Taunt|p1a: Umbreon
|-start|p1a: Umbreon|move: Taunt
|cant|p1a: Umbreon|move: Taunt|Wish
|
|-heal|p1a: Umbreon|90/100|[from] item: Leftovers
|upkeep
|turn|29
|
|t:|1661890769
|switch|p2a: Incineroar|Incineroar, F|70/100
|-ability|p2a: Incineroar|Intimidate|boost
|-unboost|p1a: Umbreon|atk|1
|move|p1a: Umbreon|Foul Play|p2a: Incineroar
|-resisted|p2a: Incineroar
|-damage|p2a: Incineroar|44/100
|
|-heal|p1a: Umbreon|96/100|[from] item: Leftovers
|upkeep
|turn|30
|
|t:|1661890773
|move|p2a: Incineroar|U-turn|p1a: Umbreon
|-supereffective|p1a: Umbreon
|-damage|p1a: Umbreon|62/100
|
|t:|1661890776
|switch|p2a: Crobat|Crobat, F|67/100|[from]move: U-turn
|move|p1a: Umbreon|Foul Play|p2a: Crobat
|-damage|p2a: Crobat|34/100
|
|-heal|p1a: Umbreon|68/100|[from] item: Leftovers
|-end|p1a: Umbreon|move: Taunt
|upkeep
|turn|31
|
|t:|1661890780
|move|p2a: Crobat|Taunt|p1a: Umbreon
|-start|p1a: Umbreon|move: Taunt
|cant|p1a: Umbreon|move: Taunt|Wish
|
|-heal|p1a: Umbreon|74/100|[from] item: Leftovers
|upkeep
|turn|32
|
|t:|1661890784
|switch|p1a: Rotom|Rotom|85/100
|-damage|p1a: Rotom|73/100|[from] Stealth Rock
|move|p2a: Crobat|Roost|p2a: Crobat
|-heal|p2a: Crobat|84/100
|-singleturn|p2a: Crobat|move: Roost
|
|-heal|p1a: Rotom|79/100|[from] item: Leftovers
|upkeep
|turn|33
|
|t:|1661890791
|move|p2a: Crobat|Taunt|p1a: Rotom
|-start|p1a: Rotom|move: Taunt
|move|p1a: Rotom|Volt Switch|p2a: Crobat
|-supereffective|p2a: Crobat
|-damage|p2a: Crobat|33/100
|
|t:|1661890793
|switch|p1a: Vikavolt|Vikavolt, M|100/100|[from]move: Volt Switch
|
|upkeep
|turn|34
|
|t:|1661890797
|move|p2a: Crobat|Roost|p2a: Crobat
|-heal|p2a: Crobat|83/100
|-singleturn|p2a: Crobat|move: Roost
|move|p1a: Vikavolt|Bug Buzz|p2a: Crobat
|-resisted|p2a: Crobat
|-damage|p2a: Crobat|52/100
|
|upkeep
|turn|35
|
|t:|1661890803
|switch|p2a: Registeel|Registeel|76/100
|-damage|p2a: Registeel|70/100|[from] Stealth Rock
|move|p1a: Vikavolt|Bug Buzz|p2a: Registeel
|-resisted|p2a: Registeel
|-damage|p2a: Registeel|57/100
|
|-heal|p2a: Registeel|63/100|[from] item: Leftovers
|upkeep
|turn|36
|
|t:|1661890815
|move|p2a: Registeel|Seismic Toss|p1a: Vikavolt
|-damage|p1a: Vikavolt|73/100
|move|p1a: Vikavolt|Volt Switch|p2a: Registeel
|-damage|p2a: Registeel|42/100
|
|t:|1661890825
|switch|p1a: Rotom|Rotom|79/100|[from]move: Volt Switch
|-damage|p1a: Rotom|67/100|[from] Stealth Rock
|
|-heal|p1a: Rotom|73/100|[from] item: Leftovers
|-heal|p2a: Registeel|48/100|[from] item: Leftovers
|upkeep
|turn|37
|
|t:|1661890832
|switch|p2a: Roserade|Roserade, F|97/100
|move|p1a: Rotom|Will-O-Wisp|p2a: Roserade
|-status|p2a: Roserade|brn
|
|-heal|p1a: Rotom|79/100|[from] item: Leftovers
|-damage|p2a: Roserade|91/100 brn|[from] brn
|upkeep
|turn|38
|inactive|yovan33321 disconnected and has 300 seconds to reconnect!
|player|p1|
|inactive|yovan33321 reconnected and has 280 seconds left.
|player|p1|yovan33321|ghetsis-gen5bw
|
|t:|1661890869
|move|p1a: Rotom|Hex|p2a: Roserade
|-damage|p2a: Roserade|39/100 brn
|move|p2a: Roserade|Sludge Bomb|p1a: Rotom
|-resisted|p1a: Rotom
|-damage|p1a: Rotom|48/100
|
|-heal|p1a: Rotom|54/100|[from] item: Leftovers
|-damage|p2a: Roserade|33/100 brn|[from] brn
|upkeep
|turn|39
|
|t:|1661890893
|-curestatus|p2a: Roserade|brn|[from] ability: Natural Cure
|switch|p2a: Flygon|Flygon, M|100/100
|-damage|p2a: Flygon|95/100|[from] Stealth Rock
|move|p1a: Rotom|Hex|p2a: Flygon
|-damage|p2a: Flygon|66/100
|
|-heal|p1a: Rotom|60/100|[from] item: Leftovers
|upkeep
|turn|40
|
|t:|1661890901
|switch|p1a: Milotic|Milotic, F|63/100
|move|p2a: Flygon|Outrage|p1a: Milotic
|-damage|p1a: Milotic|27/100
|
|upkeep
|turn|41
|
|t:|1661890910
|switch|p1a: Weezing|Weezing-Galar, M|69/100
|-ability|p1a: Weezing|Neutralizing Gas
|-damage|p1a: Weezing|44/100|[from] Spikes
|-damage|p1a: Weezing|32/100|[from] Stealth Rock
|move|p2a: Flygon|Outrage|p1a: Weezing|[from]lockedmove
|-immune|p1a: Weezing
|
|upkeep
|turn|42
|
|t:|1661890915
|switch|p2a: Registeel|Registeel|48/100
|-damage|p2a: Registeel|42/100|[from] Stealth Rock
|move|p1a: Weezing|Defog|p2a: Registeel
|-unboost|p2a: Registeel|evasion|1
|-sideend|p2: career ended|Stealth Rock|[from] move: Defog|[of] p1a: Weezing
|-sideend|p1: yovan33321|Spikes|[from] move: Defog|[of] p1a: Weezing
|-sideend|p1: yovan33321|Stealth Rock|[from] move: Defog|[of] p1a: Weezing
|
|-heal|p2a: Registeel|48/100|[from] item: Leftovers
|upkeep
|turn|43
|
|t:|1661890927
|move|p1a: Weezing|Will-O-Wisp|p2a: Registeel
|-status|p2a: Registeel|brn
|move|p2a: Registeel|Stealth Rock|p1a: Weezing
|-sidestart|p1: yovan33321|move: Stealth Rock
|
|-heal|p2a: Registeel|54/100 brn|[from] item: Leftovers
|-damage|p2a: Registeel|48/100 brn|[from] brn
|upkeep
|turn|44
|
|t:|1661890935
|move|p1a: Weezing|Defog|p2a: Registeel
|-unboost|p2a: Registeel|evasion|1
|-sideend|p1: yovan33321|Stealth Rock|[from] move: Defog|[of] p1a: Weezing
|move|p2a: Registeel|Heavy Slam|p1a: Weezing
|-supereffective|p1a: Weezing
|-damage|p1a: Weezing|12/100
|
|-heal|p2a: Registeel|54/100 brn|[from] item: Leftovers
|-damage|p2a: Registeel|48/100 brn|[from] brn
|upkeep
|turn|45
|
|t:|1661890940
|move|p1a: Weezing|Pain Split|p2a: Registeel
|-sethp|p2a: Registeel|30/100 brn|[from] move: Pain Split|[silent]
|-sethp|p1a: Weezing|32/100|[from] move: Pain Split
|move|p2a: Registeel|Seismic Toss|p1a: Weezing
|-damage|p1a: Weezing|2/100
|
|-heal|p2a: Registeel|36/100 brn|[from] item: Leftovers
|-damage|p2a: Registeel|30/100 brn|[from] brn
|upkeep
|turn|46
|
|t:|1661890945
|move|p1a: Weezing|Pain Split|p2a: Registeel
|-sethp|p2a: Registeel|16/100 brn|[from] move: Pain Split|[silent]
|-sethp|p1a: Weezing|17/100|[from] move: Pain Split
|move|p2a: Registeel|Stealth Rock|p1a: Weezing
|-sidestart|p1: yovan33321|move: Stealth Rock
|
|-heal|p2a: Registeel|22/100 brn|[from] item: Leftovers
|-damage|p2a: Registeel|16/100 brn|[from] brn
|upkeep
|turn|47
|
|t:|1661890951
|move|p1a: Weezing|Defog|p2a: Registeel
|-unboost|p2a: Registeel|evasion|1
|-sideend|p1: yovan33321|Stealth Rock|[from] move: Defog|[of] p1a: Weezing
|move|p2a: Registeel|Thunder Wave|p1a: Weezing
|-status|p1a: Weezing|par
|
|-heal|p2a: Registeel|22/100 brn|[from] item: Leftovers
|-damage|p2a: Registeel|16/100 brn|[from] brn
|upkeep
|turn|48
|
|t:|1661890972
|-end|p1a: Weezing|ability: Neutralizing Gas
|switch|p1a: Umbreon|Umbreon, F|74/100
|move|p2a: Registeel|Stealth Rock|p1a: Umbreon
|-sidestart|p1: yovan33321|move: Stealth Rock
|
|-heal|p1a: Umbreon|80/100|[from] item: Leftovers
|-heal|p2a: Registeel|22/100 brn|[from] item: Leftovers
|-damage|p2a: Registeel|16/100 brn|[from] brn
|upkeep
|turn|49
|
|t:|1661890981
|move|p1a: Umbreon|Foul Play|p2a: Registeel
|-damage|p2a: Registeel|0 fnt
|faint|p2a: Registeel
|
|-heal|p1a: Umbreon|87/100|[from] item: Leftovers
|upkeep
|
|t:|1661890996
|switch|p2a: Incineroar|Incineroar, F|44/100
|-ability|p2a: Incineroar|Intimidate|boost
|-unboost|p1a: Umbreon|atk|1
|turn|50
|
|t:|1661891016
|move|p2a: Incineroar|Knock Off|p1a: Umbreon
|-resisted|p1a: Umbreon
|-damage|p1a: Umbreon|70/100
|-enditem|p1a: Umbreon|Leftovers|[from] move: Knock Off|[of] p2a: Incineroar
|move|p1a: Umbreon|Foul Play|p2a: Incineroar
|-resisted|p2a: Incineroar
|-damage|p2a: Incineroar|20/100
|
|upkeep
|turn|51
|
|t:|1661891019
|move|p2a: Incineroar|U-turn|p1a: Umbreon
|-supereffective|p1a: Umbreon
|-damage|p1a: Umbreon|37/100
|
|t:|1661891021
|switch|p2a: Roserade|Roserade, F|33/100|[from]move: U-turn
|move|p1a: Umbreon|Wish|p1a: Umbreon
|
|upkeep
|turn|52
|
|t:|1661891032
|move|p2a: Roserade|Spikes|p1a: Umbreon
|-sidestart|p1: yovan33321|Spikes
|move|p1a: Umbreon|Foul Play|p2a: Roserade
|-damage|p2a: Roserade|0 fnt
|faint|p2a: Roserade
|
|-heal|p1a: Umbreon|87/100|[from] move: Wish|[wisher] Umbreon
|upkeep
|
|t:|1661891037
|switch|p2a: Crobat|Crobat, F|52/100
|turn|53
|
|t:|1661891045
|switch|p1a: Vikavolt|Vikavolt, M|73/100
|move|p2a: Crobat|Roost|p2a: Crobat
|-heal|p2a: Crobat|100/100
|-singleturn|p2a: Crobat|move: Roost
|
|upkeep
|turn|54
|
|t:|1661891052
|switch|p2a: Flygon|Flygon, M|66/100
|move|p1a: Vikavolt|Volt Switch|p2a: Flygon
|-immune|p2a: Flygon
|
|upkeep
|turn|55
|
|t:|1661891061
|switch|p1a: Weezing|Weezing-Galar, M|17/100 par
|-ability|p1a: Weezing|Neutralizing Gas
|-damage|p1a: Weezing|5/100 par|[from] Stealth Rock
|-damage|p1a: Weezing|0 fnt|[from] Spikes
|faint|p1a: Weezing
|-end|p1a: Weezing|ability: Neutralizing Gas
|move|p2a: Flygon|Stone Edge|p1: Weezing|[notarget]
|-fail|p2a: Flygon
|
|upkeep
|
|t:|1661891075
|switch|p1a: Bronzong|Bronzong|29/100
|-damage|p1a: Bronzong|22/100|[from] Stealth Rock
|turn|56
|
|t:|1661891091
|switch|p2a: Crobat|Crobat, F|100/100
|move|p1a: Bronzong|Stealth Rock|p2a: Crobat
|-sidestart|p2: career ended|move: Stealth Rock
|
|-heal|p1a: Bronzong|29/100|[from] item: Leftovers
|upkeep
|turn|57
|
|t:|1661891097
|switch|p2a: Incineroar|Incineroar, F|20/100
|-ability|p2a: Incineroar|Intimidate|boost
|-unboost|p1a: Bronzong|atk|1
|move|p1a: Bronzong|Heavy Slam|p2a: Incineroar
|-resisted|p2a: Incineroar
|-damage|p2a: Incineroar|14/100
|
|-heal|p1a: Bronzong|35/100|[from] item: Leftovers
|upkeep
|turn|58
|
|t:|1661891108
|switch|p1a: Milotic|Milotic, F|27/100
|move|p2a: Incineroar|U-turn|p1a: Milotic
|-damage|p1a: Milotic|12/100
|
|t:|1661891112
|switch|p2a: Crobat|Crobat, F|100/100|[from]move: U-turn
|
|upkeep
|turn|59
|
|t:|1661891122
|move|p2a: Crobat|Brave Bird|p1a: Milotic
|-damage|p1a: Milotic|0 fnt
|faint|p1a: Milotic
|-damage|p2a: Crobat|96/100|[from] Recoil
|
|upkeep
|
|t:|1661891126
|switch|p1a: Vikavolt|Vikavolt, M|73/100
|turn|60
|
|t:|1661891132
|move|p2a: Crobat|Brave Bird|p1a: Vikavolt
|-damage|p1a: Vikavolt|37/100
|-damage|p2a: Crobat|85/100|[from] Recoil
|move|p1a: Vikavolt|Roost|p1a: Vikavolt
|-heal|p1a: Vikavolt|87/100
|-singleturn|p1a: Vikavolt|move: Roost
|
|upkeep
|turn|61
|
|t:|1661891143
|move|p2a: Crobat|Brave Bird|p1a: Vikavolt
|-damage|p1a: Vikavolt|50/100
|-damage|p2a: Crobat|73/100|[from] Recoil
|move|p1a: Vikavolt|Volt Switch|p2a: Crobat
|-supereffective|p2a: Crobat
|-damage|p2a: Crobat|0 fnt
|faint|p2a: Crobat
|
|t:|1661891157
|switch|p1a: Bronzong|Bronzong|35/100|[from]move: Volt Switch
|-damage|p1a: Bronzong|29/100|[from] Stealth Rock
|
|-heal|p1a: Bronzong|35/100|[from] item: Leftovers
|upkeep
|
|t:|1661891159
|switch|p2a: Incineroar|Incineroar, F|14/100
|-ability|p2a: Incineroar|Intimidate|boost
|-unboost|p1a: Bronzong|atk|1
|turn|62
|
|t:|1661891164
|switch|p1a: Vikavolt|Vikavolt, M|50/100
|move|p2a: Incineroar|Flare Blitz|p1a: Vikavolt
|-supereffective|p1a: Vikavolt
|-damage|p1a: Vikavolt|0 fnt
|faint|p1a: Vikavolt
|-damage|p2a: Incineroar|0 fnt|[from] Recoil
|faint|p2a: Incineroar
|
|upkeep
|
|t:|1661891168
|switch|p2a: Flygon|Flygon, M|66/100
|switch|p1a: Umbreon|Umbreon, F|87/100
|-damage|p2a: Flygon|60/100|[from] Stealth Rock
|-damage|p1a: Umbreon|75/100|[from] Stealth Rock
|-damage|p1a: Umbreon|62/100|[from] Spikes
|turn|63
|
|t:|1661891173
|move|p1a: Umbreon|Protect|p1a: Umbreon
|-singleturn|p1a: Umbreon|Protect
|move|p2a: Flygon|Outrage|p1a: Umbreon
|-activate|p1a: Umbreon|move: Protect
|
|upkeep
|turn|64
|
|t:|1661891177
|move|p2a: Flygon|Outrage|p1a: Umbreon
|-damage|p1a: Umbreon|20/100
|move|p1a: Umbreon|Wish|p1a: Umbreon
|
|upkeep
|turn|65
|
|t:|1661891180
|move|p1a: Umbreon|Protect|p1a: Umbreon
|-singleturn|p1a: Umbreon|Protect
|move|p2a: Flygon|Outrage|p1a: Umbreon|[from]lockedmove
|-activate|p1a: Umbreon|move: Protect
|
|-heal|p1a: Umbreon|70/100|[from] move: Wish|[wisher] Umbreon
|upkeep
|turn|66
|
|t:|1661891183
|move|p2a: Flygon|Outrage|p1a: Umbreon
|-damage|p1a: Umbreon|29/100
|move|p1a: Umbreon|Wish|p1a: Umbreon
|
|upkeep
|turn|67
|
|t:|1661891186
|move|p1a: Umbreon|Protect|p1a: Umbreon
|-singleturn|p1a: Umbreon|Protect
|move|p2a: Flygon|Outrage|p1a: Umbreon|[from]lockedmove
|-activate|p1a: Umbreon|move: Protect
|-start|p2a: Flygon|confusion|[fatigue]
|
|-heal|p1a: Umbreon|79/100|[from] move: Wish|[wisher] Umbreon
|upkeep
|turn|68
|
|t:|1661891195
|-activate|p2a: Flygon|confusion
|move|p2a: Flygon|Outrage|p1a: Umbreon
|-damage|p1a: Umbreon|40/100
|move|p1a: Umbreon|Wish|p1a: Umbreon
|
|upkeep
|turn|69
|c|☆career ended|i forgot how fat this mon is
|
|t:|1661891216
|move|p1a: Umbreon|Protect|p1a: Umbreon
|-singleturn|p1a: Umbreon|Protect
|-activate|p2a: Flygon|confusion
|move|p2a: Flygon|Outrage|p1a: Umbreon|[from]lockedmove
|-activate|p1a: Umbreon|move: Protect
|
|-heal|p1a: Umbreon|90/100|[from] move: Wish|[wisher] Umbreon
|upkeep
|turn|70
|
|t:|1661891219
|-end|p2a: Flygon|confusion
|move|p2a: Flygon|Outrage|p1a: Umbreon
|-damage|p1a: Umbreon|49/100
|move|p1a: Umbreon|Wish|p1a: Umbreon
|
|upkeep
|turn|71
|
|t:|1661891226
|move|p1a: Umbreon|Protect|p1a: Umbreon
|-singleturn|p1a: Umbreon|Protect
|move|p2a: Flygon|Outrage|p1a: Umbreon|[from]lockedmove
|-activate|p1a: Umbreon|move: Protect
|-start|p2a: Flygon|confusion|[fatigue]
|
|-heal|p1a: Umbreon|99/100|[from] move: Wish|[wisher] Umbreon
|upkeep
|turn|72
|
|t:|1661891229
|-activate|p2a: Flygon|confusion
|-damage|p2a: Flygon|44/100|[from] confusion
|move|p1a: Umbreon|Wish|p1a: Umbreon
|
|upkeep
|turn|73
|
|t:|1661891232
|-activate|p2a: Flygon|confusion
|-damage|p2a: Flygon|27/100|[from] confusion
|move|p1a: Umbreon|Foul Play|p2a: Flygon
|-damage|p2a: Flygon|0 fnt
|faint|p2a: Flygon
|
|win|yovan33321
