|inactive|Battle timer is ON: inactive players will automatically lose when time's up.
|t:|1627575542
|gametype|singles
|player|p1|MAc3|roxie|
|player|p2|pattek|hilbert|
|teamsize|p1|6
|teamsize|p2|6
|gen|8
|tier|[Gen 8] RU
|rule|Sleep Clause Mod: Limit one foe put to sleep
|rule|Species Clause: Limit one of each Pokémon
|rule|OHKO Clause: OHKO moves are banned
|rule|Evasion Moves Clause: Evasion moves are banned
|rule|Endless Battle Clause: Forcing endless battles is banned
|rule|HP Percentage Mod: HP is shown in percentages
|rule|Dynamax Clause: You cannot dynamax
|clearpoke
|poke|p1|Togekiss, F|
|poke|p1|Steelix, F|
|poke|p1|Reuniclus, M|
|poke|p1|Aerodactyl, F|
|poke|p1|Roserade, F|
|poke|p1|Volcanion|
|poke|p2|Reuniclus, M|
|poke|p2|Mienshao, F|
|poke|p2|Flygon, M|
|poke|p2|Stakataka|
|poke|p2|Dhelmise|
|poke|p2|Toxtricity, M|
|teampreview
|c|☆pattek|hf
|c|☆MAc3|hf
|inactive|pattek has 270 seconds left.
|inactive|pattek has 240 seconds left.
|
|t:|1627575612
|start
|switch|p1a: mamma mia|Reuniclus, M|100/100
|switch|p2a: Flygon|Flygon, M|100/100
|turn|1
|
|t:|1627575622
|move|p2a: Flygon|U-turn|p1a: mamma mia
|-supereffective|p1a: mamma mia
|-damage|p1a: mamma mia|61/100
|
|t:|1627575625
|switch|p2a: Reuniclus|Reuniclus, M|100/100|[from]move: U-turn
|move|p1a: mamma mia|Knock Off|p2a: Reuniclus
|-supereffective|p2a: Reuniclus
|-damage|p2a: Reuniclus|70/100
|-enditem|p2a: Reuniclus|Heavy-Duty Boots|[from] move: Knock Off|[of] p1a: mamma mia
|
|upkeep
|turn|2
|
|t:|1627575637
|move|p2a: Reuniclus|Future Sight|p1a: mamma mia
|-start|p2a: Reuniclus|move: Future Sight
|move|p1a: mamma mia|Recover|p1a: mamma mia
|-heal|p1a: mamma mia|100/100
|
|upkeep
|turn|3
|
|t:|1627575650
|move|p1a: mamma mia|Knock Off|p2a: Reuniclus
|-supereffective|p2a: Reuniclus
|-damage|p2a: Reuniclus|51/100
|move|p2a: Reuniclus|Focus Blast|p1a: mamma mia
|-resisted|p1a: mamma mia
|-damage|p1a: mamma mia|84/100
|
|upkeep
|turn|4
|
|t:|1627575658
|switch|p2a: Dhelmise|Dhelmise|100/100
|move|p1a: mamma mia|Knock Off|p2a: Dhelmise
|-supereffective|p2a: Dhelmise
|-damage|p2a: Dhelmise|72/100
|-enditem|p2a: Dhelmise|Heavy-Duty Boots|[from] move: Knock Off|[of] p1a: mamma mia
|
|-end|p1a: mamma mia|move: Future Sight
|-resisted|p1a: mamma mia
|-damage|p1a: mamma mia|61/100
|upkeep
|turn|5
|
|t:|1627575668
|move|p2a: Dhelmise|Poltergeist||[still]
|-fail|p2a: Dhelmise
|move|p1a: mamma mia|Recover|p1a: mamma mia
|-heal|p1a: mamma mia|100/100
|
|upkeep
|turn|6
|
|t:|1627575673
|switch|p1a: sos|Togekiss, F|100/100
|move|p2a: Dhelmise|Power Whip|p1a: sos
|-resisted|p1a: sos
|-damage|p1a: sos|68/100
|
|upkeep
|turn|7
|
|t:|1627575683
|switch|p1a: voulez-vous|Steelix, F|100/100
|switch|p2a: Reuniclus|Reuniclus, M|85/100
|
|upkeep
|turn|8
|
|t:|1627575690
|move|p2a: Reuniclus|Focus Blast|p1a: voulez-vous|[miss]
|-miss|p2a: Reuniclus|p1a: voulez-vous
|move|p1a: voulez-vous|Toxic|p2a: Reuniclus
|-status|p2a: Reuniclus|tox
|
|-damage|p2a: Reuniclus|79/100 tox|[from] psn
|upkeep
|turn|9
|
|t:|1627575703
|move|p1a: voulez-vous|Stealth Rock|p2a: Reuniclus
|-sidestart|p2: pattek|move: Stealth Rock
|move|p2a: Reuniclus|Encore|p1a: voulez-vous
|-start|p1a: voulez-vous|Encore
|
|-damage|p2a: Reuniclus|66/100 tox|[from] psn
|upkeep
|turn|10
|c|☆pattek|o
|
|t:|1627575721
|switch|p1a: dancing queen|Aerodactyl, F|100/100
|-ability|p1a: dancing queen|Pressure
|move|p2a: Reuniclus|Future Sight|p1a: dancing queen
|-start|p2a: Reuniclus|move: Future Sight
|
|-damage|p2a: Reuniclus|48/100 tox|[from] psn
|upkeep
|turn|11
|inactive|pattek has 270 seconds left.
|inactive|pattek has 240 seconds left.
|
|t:|1627575783
|switch|p1a: voulez-vous|Steelix, F|100/100
|move|p2a: Reuniclus|Protect||[still]
|-fail|p2a: Reuniclus
|
|-damage|p2a: Reuniclus|23/100 tox|[from] psn
|upkeep
|turn|12
|
|t:|1627575795
|switch|p1a: mamma mia|Reuniclus, M|100/100
|switch|p2a: Dhelmise|Dhelmise|72/100
|-damage|p2a: Dhelmise|59/100|[from] Stealth Rock
|
|-end|p1a: mamma mia|move: Future Sight
|-resisted|p1a: mamma mia
|-damage|p1a: mamma mia|77/100
|upkeep
|turn|13
|
|t:|1627575804
|switch|p1a: waterloo|Volcanion|100/100
|move|p2a: Dhelmise|Rapid Spin|p1a: waterloo
|-damage|p1a: waterloo|82/100
|-boost|p2a: Dhelmise|spe|1
|-sideend|p2: pattek|Stealth Rock|[from] move: Rapid Spin|[of] p2a: Dhelmise
|
|upkeep
|turn|14
|
|t:|1627575811
|switch|p2a: Flygon|Flygon, M|100/100
|move|p1a: waterloo|Steam Eruption|p2a: Flygon
|-damage|p2a: Flygon|19/100
|
|upkeep
|turn|15
|inactive|pattek has 270 seconds left.
|
|t:|1627575824
|move|p2a: Flygon|U-turn|p1a: waterloo
|-resisted|p1a: waterloo
|-damage|p1a: waterloo|66/100
|inactive|pattek has 270 seconds left.
|
|t:|1627575835
|switch|p2a: Dhelmise|Dhelmise|59/100|[from]move: U-turn
|move|p1a: waterloo|Steam Eruption|p2a: Dhelmise
|-resisted|p2a: Dhelmise
|-damage|p2a: Dhelmise|30/100
|
|upkeep
|turn|16
|
|t:|1627575840
|move|p1a: waterloo|Flamethrower|p2a: Dhelmise
|-supereffective|p2a: Dhelmise
|-damage|p2a: Dhelmise|0 fnt
|faint|p2a: Dhelmise
|
|upkeep
|
|t:|1627575845
|switch|p2a: Mienshao|Mienshao, F|100/100
|turn|17
|
|t:|1627575852
|switch|p1a: mamma mia|Reuniclus, M|100/100
|move|p2a: Mienshao|Stone Edge|p1a: mamma mia
|-crit|p1a: mamma mia
|-damage|p1a: mamma mia|53/100
|-damage|p2a: Mienshao|91/100|[from] item: Life Orb
|
|upkeep
|turn|18
|
|t:|1627575880
|move|p2a: Mienshao|U-turn|p1a: mamma mia
|-supereffective|p1a: mamma mia
|-damage|p1a: mamma mia|9/100
|-damage|p2a: Mienshao|81/100|[from] item: Life Orb
|
|t:|1627575884
|switch|p2a: Stakataka|Stakataka|100/100|[from]move: U-turn
|move|p1a: mamma mia|Recover|p1a: mamma mia
|-heal|p1a: mamma mia|59/100
|
|upkeep
|turn|19
|
|t:|1627575887
|move|p1a: mamma mia|Focus Blast|p2a: Stakataka|[miss]
|-miss|p1a: mamma mia|p2a: Stakataka
|move|p2a: Stakataka|Stealth Rock|p1a: mamma mia
|-sidestart|p1: MAc3|move: Stealth Rock
|
|upkeep
|turn|20
|
|t:|1627575899
|switch|p2a: Reuniclus|Reuniclus, M|57/100 tox
|move|p1a: mamma mia|Focus Blast|p2a: Reuniclus|[miss]
|-miss|p1a: mamma mia|p2a: Reuniclus
|
|-damage|p2a: Reuniclus|50/100 tox|[from] psn
|upkeep
|turn|21
|
|t:|1627575923
|move|p2a: Reuniclus|Encore|p1a: mamma mia
|-start|p1a: mamma mia|Encore
|move|p1a: mamma mia|Focus Blast|p2a: Reuniclus
|-resisted|p2a: Reuniclus
|-damage|p2a: Reuniclus|39/100 tox
|
|-damage|p2a: Reuniclus|27/100 tox|[from] psn
|upkeep
|turn|22
|
|t:|1627575927
|switch|p1a: voulez-vous|Steelix, F|100/100
|-damage|p1a: voulez-vous|97/100|[from] Stealth Rock
|switch|p2a: Toxtricity|Toxtricity, M|100/100
|
|-heal|p1a: voulez-vous|100/100|[from] item: Leftovers
|upkeep
|turn|23
|
|t:|1627575935
|switch|p2a: Flygon|Flygon, M|19/100
|move|p1a: voulez-vous|Stealth Rock|p2a: Flygon
|-sidestart|p2: pattek|move: Stealth Rock
|
|upkeep
|turn|24
|
|t:|1627575947
|switch|p1a: dancing queen|Aerodactyl, F|100/100
|-ability|p1a: dancing queen|Pressure
|move|p2a: Flygon|Earthquake|p1a: dancing queen
|-immune|p1a: dancing queen
|
|upkeep
|turn|25
|
|t:|1627575961
|switch|p2a: Stakataka|Stakataka|100/100
|-damage|p2a: Stakataka|94/100|[from] Stealth Rock
|move|p1a: dancing queen|Earthquake|p2a: Stakataka
|-supereffective|p2a: Stakataka
|-damage|p2a: Stakataka|33/100
|
|-heal|p2a: Stakataka|39/100|[from] item: Leftovers
|upkeep
|turn|26
|
|t:|1627575967
|move|p1a: dancing queen|Earthquake|p2a: Stakataka
|-supereffective|p2a: Stakataka
|-damage|p2a: Stakataka|0 fnt
|faint|p2a: Stakataka
|
|upkeep
|
|t:|1627575969
|switch|p2a: Toxtricity|Toxtricity, M|100/100
|-damage|p2a: Toxtricity|88/100|[from] Stealth Rock
|turn|27
|
|t:|1627575977
|switch|p1a: voulez-vous|Steelix, F|100/100
|-damage|p1a: voulez-vous|97/100|[from] Stealth Rock
|move|p2a: Toxtricity|Volt Switch|p1a: voulez-vous
|-immune|p1a: voulez-vous
|
|-heal|p1a: voulez-vous|100/100|[from] item: Leftovers
|upkeep
|turn|28
|
|t:|1627575981
|switch|p2a: Reuniclus|Reuniclus, M|60/100 tox
|-damage|p2a: Reuniclus|48/100 tox|[from] Stealth Rock
|move|p1a: voulez-vous|Heavy Slam|p2a: Reuniclus
|-damage|p2a: Reuniclus|11/100 tox
|
|-damage|p2a: Reuniclus|5/100 tox|[from] psn
|upkeep
|turn|29
|c|☆pattek|gg
|c|☆MAc3|gg
|-message|pattek forfeited.
|
|win|MAc3
