|inactive|Battle timer is ON: inactive players will automatically lose when time's up.
|t:|1667941424
|gametype|singles
|player|p1|btboy|spenser-gen3|
|player|p2|Scavet|102|
|teamsize|p1|6
|teamsize|p2|6
|gen|8
|tier|[Gen 8] RU
|rule|Sleep Clause Mod: Limit one foe put to sleep
|rule|Species Clause: Limit one of each Pokémon
|rule|OHKO Clause: OHKO moves are banned
|rule|Evasion Items Clause: Evasion items are banned
|rule|Evasion Moves Clause: Evasion moves are banned
|rule|Endless Battle Clause: Forcing endless battles is banned
|rule|HP Percentage Mod: HP is shown in percentages
|rule|Dynamax Clause: You cannot dynamax
|clearpoke
|poke|p1|Flygon, F|
|poke|p1|Marowak-Alola, F|
|poke|p1|Togekiss, F|
|poke|p1|Registeel|
|poke|p1|Tsareena, F|
|poke|p1|Guzzlord|
|poke|p2|Roserade, M|
|poke|p2|Cresselia, F|
|poke|p2|Crobat, M|
|poke|p2|Raikou|
|poke|p2|Registeel|
|poke|p2|Heracross, M|
|teampreview
|c|☆btboy|glhf
|c|☆Scavet|hf !
|inactive|btboy has 270 seconds left.
|inactive|Scavet has 270 seconds left.
|inactive|btboy has 240 seconds left.
|inactive|Scavet has 240 seconds left.
|inactive|btboy has 210 seconds left.
|inactive|Scavet has 210 seconds left.
|inactive|Scavet has 180 seconds left.
|inactive|btboy has 180 seconds left.
|inactive|Scavet has 150 seconds left.
|inactive|Scavet has 120 seconds left.
|inactive|btboy has 150 seconds left.
|
|t:|1667941632
|start
|switch|p1a: Registeel|Registeel|100/100
|switch|p2a: Heracross|Heracross, M|100/100
|turn|1
|inactive|btboy has 210 seconds left.
|inactive|Scavet has 150 seconds left.
|
|t:|1667941660
|switch|p2a: Registeel|Registeel|100/100
|move|p1a: Registeel|Thunder Wave|p2a: Registeel
|-status|p2a: Registeel|par
|
|upkeep
|turn|2
|inactive|Scavet has 150 seconds left.
|
|t:|1667941671
|switch|p1a: Marowak|Marowak-Alola, F|100/100
|cant|p2a: Registeel|par
|
|upkeep
|turn|3
|inactive|Scavet has 150 seconds left.
|inactive|Scavet has 120 seconds left.
|
|t:|1667941722
|switch|p2a: Raikou|Raikou|100/100
|-ability|p2a: Raikou|Pressure
|move|p1a: Marowak|Flare Blitz|p2a: Raikou
|-damage|p2a: Raikou|0 fnt
|faint|p2a: Raikou
|
|upkeep
|inactive|Scavet has 90 seconds left.
|
|t:|1667941752
|switch|p2a: Heracross|Heracross, M|100/100
|turn|4
|inactive|btboy has 210 seconds left.
|
|t:|1667941789
|switch|p1a: Togekiss|Togekiss, F|100/100
|move|p2a: Heracross|Knock Off|p1a: Togekiss
|-resisted|p1a: Togekiss
|-damage|p1a: Togekiss|84/100
|-enditem|p1a: Togekiss|Heavy-Duty Boots|[from] move: Knock Off|[of] p2a: Heracross
|
|-status|p2a: Heracross|brn|[from] item: Flame Orb
|upkeep
|turn|5
|inactive|Scavet has 90 seconds left.
|
|t:|1667941813
|switch|p2a: Registeel|Registeel|100/100 par
|move|p1a: Togekiss|Air Slash|p2a: Registeel|[miss]
|-miss|p1a: Togekiss|p2a: Registeel
|
|upkeep
|turn|6
|inactive|btboy has 210 seconds left.
|
|t:|1667941820
|switch|p1a: Marowak|Marowak-Alola, F|100/100
|switch|p2a: Heracross|Heracross, M|100/100 brn
|
|-damage|p2a: Heracross|95/100 brn|[from] brn
|upkeep
|turn|7
|c|+MAc3|winner plays me rfn?
|inactive|Scavet has 90 seconds left.
|inactive|btboy has 210 seconds left.
|
|t:|1667941853
|switch|p1a: Tsareena|Tsareena, F|100/100
|move|p2a: Heracross|Knock Off|p1a: Tsareena
|-damage|p1a: Tsareena|39/100
|-enditem|p1a: Tsareena|Heavy-Duty Boots|[from] move: Knock Off|[of] p2a: Heracross
|
|-damage|p2a: Heracross|89/100 brn|[from] brn
|upkeep
|turn|8
|
|t:|1667941861
|move|p2a: Heracross|Facade|p1a: Tsareena
|-damage|p1a: Tsareena|0 fnt
|faint|p1a: Tsareena
|
|-damage|p2a: Heracross|83/100 brn|[from] brn
|upkeep
|
|t:|1667941868
|switch|p1a: Togekiss|Togekiss, F|84/100
|turn|9
|inactive|btboy has 210 seconds left.
|
|t:|1667941881
|switch|p2a: Crobat|Crobat, M|100/100
|move|p1a: Togekiss|Air Slash|p2a: Crobat|[miss]
|-miss|p1a: Togekiss|p2a: Crobat
|
|upkeep
|turn|10
|
|t:|1667941889
|move|p2a: Crobat|U-turn|p1a: Togekiss
|-resisted|p1a: Togekiss
|-damage|p1a: Togekiss|80/100
|
|t:|1667941891
|switch|p2a: Registeel|Registeel|100/100 par|[from]move: U-turn
|move|p1a: Togekiss|Roost|p1a: Togekiss
|-heal|p1a: Togekiss|100/100
|-singleturn|p1a: Togekiss|move: Roost
|
|upkeep
|turn|11
|inactive|Scavet has 90 seconds left.
|
|t:|1667941908
|move|p1a: Togekiss|Nasty Plot|p1a: Togekiss
|-boost|p1a: Togekiss|spa|2
|cant|p2a: Registeel|par
|
|upkeep
|turn|12
|inactive|Scavet has 90 seconds left.
|
|t:|1667941915
|move|p1a: Togekiss|Air Slash|p2a: Registeel
|-resisted|p2a: Registeel
|-damage|p2a: Registeel|83/100 par
|move|p2a: Registeel|Stealth Rock|p1a: Togekiss
|-sidestart|p1: btboy|move: Stealth Rock
|
|-heal|p2a: Registeel|90/100 par|[from] item: Leftovers
|upkeep
|turn|13
|inactive|Scavet has 90 seconds left.
|
|t:|1667941927
|move|p1a: Togekiss|Air Slash|p2a: Registeel
|-resisted|p2a: Registeel
|-damage|p2a: Registeel|74/100 par
|move|p2a: Registeel|Heavy Slam|p1a: Togekiss
|-supereffective|p1a: Togekiss
|-damage|p1a: Togekiss|38/100
|
|-heal|p2a: Registeel|80/100 par|[from] item: Leftovers
|upkeep
|turn|14
|
|t:|1667941939
|move|p1a: Togekiss|Roost|p1a: Togekiss
|-heal|p1a: Togekiss|88/100
|-singleturn|p1a: Togekiss|move: Roost
|move|p2a: Registeel|Thunder Wave|p1a: Togekiss
|-status|p1a: Togekiss|par
|
|-heal|p2a: Registeel|86/100 par|[from] item: Leftovers
|upkeep
|turn|15
|
|t:|1667941946
|switch|p1a: Marowak|Marowak-Alola, F|100/100
|-damage|p1a: Marowak|76/100|[from] Stealth Rock
|cant|p2a: Registeel|par
|
|-heal|p2a: Registeel|92/100 par|[from] item: Leftovers
|upkeep
|turn|16
|inactive|btboy has 240 seconds left.
|
|t:|1667941956
|switch|p2a: Roserade|Roserade, M|100/100
|move|p1a: Marowak|Flame Charge|p2a: Roserade
|-supereffective|p2a: Roserade
|-damage|p2a: Roserade|13/100
|-boost|p1a: Marowak|spe|1
|-damage|p1a: Marowak|59/100|[from] item: Rocky Helmet|[of] p2a: Roserade
|-status|p1a: Marowak|psn|[from] ability: Poison Point|[of] p2a: Roserade
|
|-damage|p1a: Marowak|47/100 psn|[from] psn
|upkeep
|turn|17
|inactive|btboy has 240 seconds left.
|
|t:|1667941974
|move|p1a: Marowak|Poltergeist|p2a: Roserade
|-activate|p2a: Roserade|move: Poltergeist|Rocky Helmet
|-damage|p2a: Roserade|0 fnt
|faint|p2a: Roserade
|
|-damage|p1a: Marowak|35/100 psn|[from] psn
|upkeep
|inactive|Scavet has 90 seconds left.
|
|t:|1667942001
|switch|p2a: Crobat|Crobat, M|100/100
|turn|18
|
|t:|1667942010
|switch|p1a: Registeel|Registeel|100/100
|-damage|p1a: Registeel|94/100|[from] Stealth Rock
|move|p2a: Crobat|Brave Bird|p1a: Registeel
|-resisted|p1a: Registeel
|-damage|p1a: Registeel|83/100
|-damage|p2a: Crobat|97/100|[from] Recoil
|
|-heal|p1a: Registeel|89/100|[from] item: Leftovers
|upkeep
|turn|19
|
|t:|1667942014
|move|p2a: Crobat|U-turn|p1a: Registeel
|-resisted|p1a: Registeel
|-damage|p1a: Registeel|85/100
|
|t:|1667942022
|switch|p2a: Registeel|Registeel|92/100 par|[from]move: U-turn
|move|p1a: Registeel|Stealth Rock|p2a: Registeel
|-sidestart|p2: Scavet|move: Stealth Rock
|
|-heal|p1a: Registeel|91/100|[from] item: Leftovers
|-heal|p2a: Registeel|98/100 par|[from] item: Leftovers
|upkeep
|turn|20
|inactive|btboy has 270 seconds left.
|
|t:|1667942038
|move|p1a: Registeel|Body Press|p2a: Registeel
|-supereffective|p2a: Registeel
|-damage|p2a: Registeel|62/100 par
|cant|p2a: Registeel|par
|
|-heal|p1a: Registeel|97/100|[from] item: Leftovers
|-heal|p2a: Registeel|68/100 par|[from] item: Leftovers
|upkeep
|turn|21
|inactive|btboy has 270 seconds left.
|inactive|Scavet has 90 seconds left.
|
|t:|1667942061
|switch|p2a: Heracross|Heracross, M|83/100 brn
|-damage|p2a: Heracross|70/100 brn|[from] Stealth Rock
|move|p1a: Registeel|Body Press|p2a: Heracross
|-resisted|p2a: Heracross
|-damage|p2a: Heracross|50/100 brn
|
|-heal|p1a: Registeel|100/100|[from] item: Leftovers
|-damage|p2a: Heracross|44/100 brn|[from] brn
|upkeep
|turn|22
|inactive|Scavet has 90 seconds left.
|inactive|btboy has 270 seconds left.
|
|t:|1667942097
|switch|p1a: Togekiss|Togekiss, F|88/100 par
|-damage|p1a: Togekiss|63/100 par|[from] Stealth Rock
|move|p2a: Heracross|Close Combat|p1a: Togekiss
|-resisted|p1a: Togekiss
|-damage|p1a: Togekiss|41/100 par
|-unboost|p2a: Heracross|def|1
|-unboost|p2a: Heracross|spd|1
|
|-damage|p2a: Heracross|38/100 brn|[from] brn
|upkeep
|turn|23
|
|t:|1667942107
|move|p2a: Heracross|Facade|p1a: Togekiss
|-damage|p1a: Togekiss|0 fnt
|faint|p1a: Togekiss
|
|-damage|p2a: Heracross|32/100 brn|[from] brn
|upkeep
|
|t:|1667942115
|switch|p1a: Flygon|Flygon, F|100/100
|-damage|p1a: Flygon|95/100|[from] Stealth Rock
|turn|24
|
|t:|1667942133
|switch|p2a: Crobat|Crobat, M|97/100
|move|p1a: Flygon|Stone Edge|p2a: Crobat
|-supereffective|p2a: Crobat
|-damage|p2a: Crobat|36/100
|
|upkeep
|turn|25
|inactive|Scavet has 90 seconds left.
|
|t:|1667942151
|move|p1a: Flygon|Stone Edge|p2a: Crobat
|-supereffective|p2a: Crobat
|-damage|p2a: Crobat|0 fnt
|faint|p2a: Crobat
|
|upkeep
|
|t:|1667942155
|switch|p2a: Cresselia|Cresselia, F|100/100
|-damage|p2a: Cresselia|88/100|[from] Stealth Rock
|turn|26
|inactive|btboy has 270 seconds left.
|inactive|Scavet has 90 seconds left.
|
|t:|1667942184
|switch|p1a: Guzzlord|Guzzlord|100/100
|-damage|p1a: Guzzlord|88/100|[from] Stealth Rock
|move|p2a: Cresselia|Substitute|p2a: Cresselia
|-start|p2a: Cresselia|Substitute
|-damage|p2a: Cresselia|63/100
|
|-heal|p2a: Cresselia|69/100|[from] item: Leftovers
|-heal|p1a: Guzzlord|94/100|[from] item: Leftovers
|upkeep
|turn|27
|
|t:|1667942189
|move|p2a: Cresselia|Moonblast|p1a: Guzzlord
|-supereffective|p1a: Guzzlord
|-damage|p1a: Guzzlord|40/100
|move|p1a: Guzzlord|Knock Off|p2a: Cresselia
|-supereffective|p2a: Cresselia
|-end|p2a: Cresselia|Substitute
|
|-heal|p2a: Cresselia|75/100|[from] item: Leftovers
|-heal|p1a: Guzzlord|46/100|[from] item: Leftovers
|upkeep
|turn|28
|inactive|btboy has 270 seconds left.
|
|t:|1667942199
|move|p2a: Cresselia|Moonblast|p1a: Guzzlord
|-supereffective|p1a: Guzzlord
|-damage|p1a: Guzzlord|0 fnt
|faint|p1a: Guzzlord
|
|-heal|p2a: Cresselia|82/100|[from] item: Leftovers
|upkeep
|inactive|btboy has 270 seconds left.
|
|t:|1667942204
|switch|p1a: Marowak|Marowak-Alola, F|35/100 psn
|-damage|p1a: Marowak|10/100 psn|[from] Stealth Rock
|turn|29
|
|t:|1667942212
|move|p2a: Cresselia|Moonblast|p1a: Marowak
|-resisted|p1a: Marowak
|-damage|p1a: Marowak|0 fnt
|faint|p1a: Marowak
|
|-heal|p2a: Cresselia|88/100|[from] item: Leftovers
|upkeep
|
|t:|1667942217
|switch|p1a: Flygon|Flygon, F|95/100
|-damage|p1a: Flygon|89/100|[from] Stealth Rock
|turn|30
|inactive|Scavet has 120 seconds left.
|
|t:|1667942226
|switch|p2a: Registeel|Registeel|68/100 par
|-damage|p2a: Registeel|62/100 par|[from] Stealth Rock
|move|p1a: Flygon|Outrage|p2a: Registeel
|-resisted|p2a: Registeel
|-damage|p2a: Registeel|46/100 par
|
|-heal|p2a: Registeel|52/100 par|[from] item: Leftovers
|upkeep
|turn|31
|inactive|Scavet has 120 seconds left.
|
|t:|1667942249
|move|p1a: Flygon|Outrage|p2a: Registeel|[from]lockedmove
|-resisted|p2a: Registeel
|-damage|p2a: Registeel|36/100 par
|-start|p1a: Flygon|confusion|[fatigue]
|move|p2a: Registeel|Seismic Toss|p1a: Flygon
|-damage|p1a: Flygon|55/100
|
|-heal|p2a: Registeel|42/100 par|[from] item: Leftovers
|upkeep
|turn|32
|
|t:|1667942253
|-activate|p1a: Flygon|confusion
|-damage|p1a: Flygon|38/100|[from] confusion
|move|p2a: Registeel|Seismic Toss|p1a: Flygon
|-damage|p1a: Flygon|5/100
|
|-heal|p2a: Registeel|48/100 par|[from] item: Leftovers
|upkeep
|turn|33
|
|t:|1667942256
|-activate|p1a: Flygon|confusion
|move|p1a: Flygon|Outrage|p2a: Registeel
|-resisted|p2a: Registeel
|-damage|p2a: Registeel|31/100 par
|move|p2a: Registeel|Seismic Toss|p1a: Flygon
|-damage|p1a: Flygon|0 fnt
|faint|p1a: Flygon
|
|-heal|p2a: Registeel|37/100 par|[from] item: Leftovers
|upkeep
|
|t:|1667942259
|switch|p1a: Registeel|Registeel|100/100
|-damage|p1a: Registeel|94/100|[from] Stealth Rock
|turn|34
|c|☆btboy|gg
|c|☆Scavet|gg
|
|t:|1667942271
|move|p1a: Registeel|Body Press|p2a: Registeel
|-supereffective|p2a: Registeel
|-damage|p2a: Registeel|7/100 par
|move|p2a: Registeel|Thunder Wave|p1a: Registeel|[miss]
|-miss|p2a: Registeel|p1a: Registeel
|
|-heal|p1a: Registeel|100/100|[from] item: Leftovers
|-heal|p2a: Registeel|13/100 par|[from] item: Leftovers
|upkeep
|turn|35
|
|t:|1667942275
|move|p1a: Registeel|Body Press|p2a: Registeel
|-supereffective|p2a: Registeel
|-damage|p2a: Registeel|0 fnt
|faint|p2a: Registeel
|
|upkeep
|
|t:|1667942277
|switch|p2a: Heracross|Heracross, M|32/100 brn
|-damage|p2a: Heracross|20/100 brn|[from] Stealth Rock
|turn|36
|
|t:|1667942281
|move|p2a: Heracross|Close Combat|p1a: Registeel
|-supereffective|p1a: Registeel
|-damage|p1a: Registeel|0 fnt
|-unboost|p2a: Heracross|def|1
|-unboost|p2a: Heracross|spd|1
|faint|p1a: Registeel
|
|win|Scavet
