|inactive|Battle timer is ON: inactive players will automatically lose when time's up.
|t:|1663617703
|gametype|singles
|player|p1|Expulso|#smpl2022wailordoftherings|
|player|p2|Beraldinhoo|#nuplxmfplooms|
|teamsize|p1|6
|teamsize|p2|6
|gen|8
|tier|[Gen 8] RU
|rule|Sleep Clause Mod: Limit one foe put to sleep
|rule|Species Clause: Limit one of each Pokémon
|rule|OHKO Clause: OHKO moves are banned
|rule|Evasion Items Clause: Evasion items are banned
|rule|Evasion Moves Clause: Evasion moves are banned
|rule|Endless Battle Clause: Forcing endless battles is banned
|rule|HP Percentage Mod: HP is shown in percentages
|rule|Dynamax Clause: You cannot dynamax
|clearpoke
|poke|p1|Crobat, M|
|poke|p1|Heliolisk, F|
|poke|p1|Escavalier, F|
|poke|p1|Nidoqueen, F|
|poke|p1|Vaporeon, F|
|poke|p1|Archeops, F|
|poke|p2|Lapras, F|
|poke|p2|Flygon, F|
|poke|p2|Vileplume, F|
|poke|p2|Altaria, M|
|poke|p2|Aerodactyl, F|
|poke|p2|Bronzong|
|teampreview
|c|☆Expulso|lapras
|c|☆Beraldinhoo|hf
|c|☆Expulso|🔥
|c|☆Expulso|hf
|c|+Luna's Bann3d Now|is this for the mountain climb
|c|☆Beraldinhoo|yh
|c|+Lunala|are u gonna partecipate Luna's Bann3d Now
|inactive|Expulso has 270 seconds left.
|inactive|Beraldinhoo has 270 seconds left.
|c|+Luna's Bann3d Now|ye
|c|+Lunala|oml
|
|t:|1663617746
|start
|switch|p1a: Escavalier|Escavalier, F|100/100
|switch|p2a: Vileplume|Vileplume, F|100/100
|turn|1
|
|t:|1663617750
|move|p2a: Vileplume|Infestation|p1a: Escavalier
|-resisted|p1a: Escavalier
|-damage|p1a: Escavalier|98/100
|-activate|p1a: Escavalier|move: Infestation|[of] p2a: Vileplume
|move|p1a: Escavalier|Swords Dance|p1a: Escavalier
|-boost|p1a: Escavalier|atk|2
|
|-heal|p1a: Escavalier|100/100|[from] item: Leftovers
|-damage|p1a: Escavalier|88/100|[from] move: Infestation|[partiallytrapped]
|upkeep
|turn|2
|c|+Luna's Bann3d Now|~~lemme go next~~
|
|t:|1663617755
|move|p2a: Vileplume|Strength Sap|p1a: Escavalier
|-unboost|p1a: Escavalier|atk|1
|move|p1a: Escavalier|Swords Dance|p1a: Escavalier
|-boost|p1a: Escavalier|atk|2
|
|-heal|p1a: Escavalier|94/100|[from] item: Leftovers
|-damage|p1a: Escavalier|82/100|[from] move: Infestation|[partiallytrapped]
|upkeep
|turn|3
|inactive|Beraldinhoo has 270 seconds left.
|
|t:|1663617793
|move|p2a: Vileplume|Corrosive Gas|p1a: Escavalier
|-enditem|p1a: Escavalier|Leftovers|[from] move: Corrosive Gas|[of] p2a: Vileplume
|move|p1a: Escavalier|Swords Dance|p1a: Escavalier
|-boost|p1a: Escavalier|atk|2
|
|-damage|p1a: Escavalier|70/100|[from] move: Infestation|[partiallytrapped]
|upkeep
|turn|4
|
|t:|1663617805
|move|p2a: Vileplume|Strength Sap|p1a: Escavalier
|-unboost|p1a: Escavalier|atk|1
|move|p1a: Escavalier|Megahorn|p2a: Vileplume
|-damage|p2a: Vileplume|0 fnt
|-damage|p1a: Escavalier|53/100|[from] item: Rocky Helmet|[of] p2a: Vileplume
|faint|p2a: Vileplume
|
|-end|p1a: Escavalier|Infestation|[partiallytrapped]|[silent]
|upkeep
|inactive|Beraldinhoo has 270 seconds left.
|
|t:|1663617841
|switch|p2a: Altaria|Altaria, M|100/100
|turn|5
|
|t:|1663617846
|switch|p1a: oppa stoppa|Archeops, F|100/100
|move|p2a: Altaria|Fire Spin|p1a: oppa stoppa
|-resisted|p1a: oppa stoppa
|-damage|p1a: oppa stoppa|95/100
|-activate|p1a: oppa stoppa|move: Fire Spin|[of] p2a: Altaria
|
|-damage|p1a: oppa stoppa|83/100|[from] move: Fire Spin|[partiallytrapped]
|upkeep
|turn|6
|
|t:|1663617857
|move|p1a: oppa stoppa|U-turn|p2a: Altaria
|-resisted|p2a: Altaria
|-damage|p2a: Altaria|90/100
|
|t:|1663617860
|switch|p1a: Heliolisk|Heliolisk, F|100/100|[from]move: U-turn
|move|p2a: Altaria|Dragon Breath|p1a: Heliolisk
|-damage|p1a: Heliolisk|81/100
|
|upkeep
|turn|7
|
|t:|1663617867
|move|p1a: Heliolisk|Hyper Voice|p2a: Altaria
|-damage|p2a: Altaria|53/100
|move|p2a: Altaria|Fire Spin|p1a: Heliolisk
|-damage|p1a: Heliolisk|71/100
|-activate|p1a: Heliolisk|move: Fire Spin|[of] p2a: Altaria
|
|-damage|p1a: Heliolisk|58/100|[from] move: Fire Spin|[partiallytrapped]
|upkeep
|turn|8
|
|t:|1663617871
|move|p1a: Heliolisk|U-turn|p2a: Altaria
|-resisted|p2a: Altaria
|-damage|p2a: Altaria|49/100
|
|t:|1663617874
|switch|p1a: oppa stoppa|Archeops, F|83/100|[from]move: U-turn
|move|p2a: Altaria|Roost|p2a: Altaria
|-heal|p2a: Altaria|99/100
|-singleturn|p2a: Altaria|move: Roost
|
|upkeep
|turn|9
|
|t:|1663617882
|move|p1a: oppa stoppa|Stone Edge|p2a: Altaria
|-supereffective|p2a: Altaria
|-damage|p2a: Altaria|14/100
|move|p2a: Altaria|Fire Spin|p1a: oppa stoppa
|-resisted|p1a: oppa stoppa
|-damage|p1a: oppa stoppa|78/100
|-activate|p1a: oppa stoppa|move: Fire Spin|[of] p2a: Altaria
|
|-damage|p1a: oppa stoppa|65/100|[from] move: Fire Spin|[partiallytrapped]
|upkeep
|turn|10
|
|t:|1663617895
|switch|p2a: Bronzong|Bronzong|100/100
|move|p1a: oppa stoppa|Stone Edge|p2a: Bronzong
|-resisted|p2a: Bronzong
|-crit|p2a: Bronzong
|-damage|p2a: Bronzong|66/100
|
|-heal|p2a: Bronzong|73/100|[from] item: Leftovers
|-end|p1a: oppa stoppa|Fire Spin|[partiallytrapped]|[silent]
|upkeep
|turn|11
|
|t:|1663617902
|move|p1a: oppa stoppa|U-turn|p2a: Bronzong
|-damage|p2a: Bronzong|50/100
|
|t:|1663617907
|switch|p1a: Vaporeon|Vaporeon, F|100/100|[from]move: U-turn
|move|p2a: Bronzong|Stealth Rock|p1a: Vaporeon
|-sidestart|p1: Expulso|move: Stealth Rock
|
|-heal|p2a: Bronzong|56/100|[from] item: Leftovers
|upkeep
|turn|12
|
|t:|1663617913
|move|p1a: Vaporeon|Wish|p1a: Vaporeon
|move|p2a: Bronzong|Toxic|p1a: Vaporeon
|-status|p1a: Vaporeon|tox
|
|-heal|p2a: Bronzong|62/100|[from] item: Leftovers
|-damage|p1a: Vaporeon|94/100 tox|[from] psn
|upkeep
|turn|13
|
|t:|1663617916
|switch|p1a: Escavalier|Escavalier, F|53/100
|-damage|p1a: Escavalier|41/100|[from] Stealth Rock
|switch|p2a: Altaria|Altaria, M|14/100
|
|-heal|p1a: Escavalier|100/100|[from] move: Wish|[wisher] Vaporeon
|upkeep
|turn|14
|
|t:|1663617938
|move|p2a: Altaria|Fire Spin|p1a: Escavalier
|-supereffective|p1a: Escavalier
|-damage|p1a: Escavalier|77/100
|-activate|p1a: Escavalier|move: Fire Spin|[of] p2a: Altaria
|move|p1a: Escavalier|Iron Head|p2a: Altaria
|-damage|p2a: Altaria|0 fnt
|faint|p2a: Altaria
|
|-end|p1a: Escavalier|Fire Spin|[partiallytrapped]|[silent]
|upkeep
|c|☆Beraldinhoo|flop
|
|t:|1663617956
|switch|p2a: Lapras|Lapras, F|100/100
|turn|15
|c|☆Expulso|does he choice spec or perish song
|inactive|Expulso has 270 seconds left.
|
|t:|1663617985
|move|p2a: Lapras|Whirlpool|p1a: Escavalier
|-damage|p1a: Escavalier|68/100
|-activate|p1a: Escavalier|move: Whirlpool|[of] p2a: Lapras
|move|p1a: Escavalier|Megahorn|p2a: Lapras
|-damage|p2a: Lapras|53/100
|
|-damage|p1a: Escavalier|55/100|[from] move: Whirlpool|[partiallytrapped]
|upkeep
|turn|16
|c|☆Beraldinhoo|she
|c|☆Expulso|mb
|
|t:|1663618003
|move|p2a: Lapras|Ice Beam|p1a: Escavalier
|-resisted|p1a: Escavalier
|-damage|p1a: Escavalier|42/100
|move|p1a: Escavalier|Megahorn|p2a: Lapras
|-damage|p2a: Lapras|5/100
|
|-damage|p1a: Escavalier|30/100|[from] move: Whirlpool|[partiallytrapped]
|upkeep
|turn|17
|c|+Lunala|.
|c|+Lunala|not even beat it?
|
|t:|1663618013
|move|p2a: Lapras|Rest|p2a: Lapras
|-status|p2a: Lapras|slp|[from] move: Rest
|-heal|p2a: Lapras|100/100 slp|[silent]
|move|p1a: Escavalier|Knock Off|p2a: Lapras
|-damage|p2a: Lapras|75/100 slp
|-enditem|p2a: Lapras|Heavy-Duty Boots|[from] move: Knock Off|[of] p1a: Escavalier
|
|-damage|p1a: Escavalier|18/100|[from] move: Whirlpool|[partiallytrapped]
|upkeep
|turn|18
|
|t:|1663618017
|cant|p2a: Lapras|slp
|move|p1a: Escavalier|Megahorn|p2a: Lapras
|-damage|p2a: Lapras|30/100 slp
|
|-damage|p1a: Escavalier|5/100|[from] move: Whirlpool|[partiallytrapped]
|upkeep
|turn|19
|c|+Lunala|nevermind
|
|t:|1663618023
|cant|p2a: Lapras|slp
|move|p1a: Escavalier|Megahorn|p2a: Lapras
|-damage|p2a: Lapras|0 fnt
|faint|p2a: Lapras
|
|-end|p1a: Escavalier|Whirlpool|[partiallytrapped]
|upkeep
|c|+Lunala|actually nevermind again
|
|t:|1663618038
|switch|p2a: Flygon|Flygon, F|100/100
|turn|20
|
|t:|1663618041
|move|p2a: Flygon|Earthquake|p1a: Escavalier
|-damage|p1a: Escavalier|0 fnt
|faint|p1a: Escavalier
|
|upkeep
|c|+MAc3|ngl ur trappers suck
|c|☆Beraldinhoo|stfu
|inactive|Expulso has 270 seconds left.
|inactive|Expulso has 240 seconds left.
|
|t:|1663618101
|switch|p1a: Nidoqueen|Nidoqueen, F|100/100
|-damage|p1a: Nidoqueen|94/100|[from] Stealth Rock
|turn|21
|inactive|Beraldinhoo has 270 seconds left.
|
|t:|1663618144
|switch|p2a: Bronzong|Bronzong|62/100
|move|p1a: Nidoqueen|Ice Beam|p2a: Bronzong
|-resisted|p2a: Bronzong
|-damage|p2a: Bronzong|54/100
|
|-heal|p1a: Nidoqueen|100/100|[from] item: Black Sludge
|-heal|p2a: Bronzong|61/100|[from] item: Leftovers
|upkeep
|turn|22
|
|t:|1663618149
|switch|p1a: Vaporeon|Vaporeon, F|94/100 tox
|-damage|p1a: Vaporeon|82/100 tox|[from] Stealth Rock
|move|p2a: Bronzong|Psychic|p1a: Vaporeon
|-damage|p1a: Vaporeon|63/100 tox
|
|-heal|p1a: Vaporeon|69/100 tox|[from] item: Leftovers
|-heal|p2a: Bronzong|67/100|[from] item: Leftovers
|-damage|p1a: Vaporeon|63/100 tox|[from] psn
|upkeep
|turn|23
|
|t:|1663618154
|move|p1a: Vaporeon|Heal Bell|p1a: Vaporeon
|-activate|p1a: Vaporeon|move: Heal Bell
|-curestatus|p1a: Vaporeon|tox|[msg]
|move|p2a: Bronzong|Body Press|p1a: Vaporeon
|-damage|p1a: Vaporeon|48/100
|
|-heal|p1a: Vaporeon|54/100|[from] item: Leftovers
|-heal|p2a: Bronzong|73/100|[from] item: Leftovers
|upkeep
|turn|24
|c|☆Beraldinhoo|flop
|
|t:|1663618163
|move|p1a: Vaporeon|Scald|p2a: Bronzong
|-damage|p2a: Bronzong|53/100
|move|p2a: Bronzong|Toxic|p1a: Vaporeon
|-status|p1a: Vaporeon|tox
|
|-heal|p1a: Vaporeon|60/100 tox|[from] item: Leftovers
|-heal|p2a: Bronzong|59/100|[from] item: Leftovers
|-damage|p1a: Vaporeon|54/100 tox|[from] psn
|upkeep
|turn|25
|
|t:|1663618171
|move|p1a: Vaporeon|Heal Bell|p1a: Vaporeon
|-activate|p1a: Vaporeon|move: Heal Bell
|-curestatus|p1a: Vaporeon|tox|[msg]
|move|p2a: Bronzong|Psychic|p1a: Vaporeon
|-damage|p1a: Vaporeon|37/100
|
|-heal|p1a: Vaporeon|43/100|[from] item: Leftovers
|-heal|p2a: Bronzong|66/100|[from] item: Leftovers
|upkeep
|turn|26
|
|t:|1663618175
|move|p1a: Vaporeon|Wish|p1a: Vaporeon
|move|p2a: Bronzong|Toxic|p1a: Vaporeon
|-status|p1a: Vaporeon|tox
|
|-heal|p1a: Vaporeon|49/100 tox|[from] item: Leftovers
|-heal|p2a: Bronzong|72/100|[from] item: Leftovers
|-damage|p1a: Vaporeon|43/100 tox|[from] psn
|upkeep
|turn|27
|
|t:|1663618178
|move|p1a: Vaporeon|Scald|p2a: Bronzong
|-damage|p2a: Bronzong|50/100
|move|p2a: Bronzong|Psychic|p1a: Vaporeon
|-damage|p1a: Vaporeon|27/100 tox
|
|-heal|p1a: Vaporeon|77/100 tox|[from] move: Wish|[wisher] Vaporeon
|-heal|p1a: Vaporeon|83/100 tox|[from] item: Leftovers
|-heal|p2a: Bronzong|56/100|[from] item: Leftovers
|-damage|p1a: Vaporeon|70/100 tox|[from] psn
|upkeep
|turn|28
|
|t:|1663618183
|move|p1a: Vaporeon|Heal Bell|p1a: Vaporeon
|-activate|p1a: Vaporeon|move: Heal Bell
|-curestatus|p1a: Vaporeon|tox|[msg]
|move|p2a: Bronzong|Psychic|p1a: Vaporeon
|-crit|p1a: Vaporeon
|-damage|p1a: Vaporeon|45/100
|
|-heal|p1a: Vaporeon|51/100|[from] item: Leftovers
|-heal|p2a: Bronzong|63/100|[from] item: Leftovers
|upkeep
|turn|29
|
|t:|1663618186
|move|p1a: Vaporeon|Scald|p2a: Bronzong
|-damage|p2a: Bronzong|44/100
|-status|p2a: Bronzong|brn
|move|p2a: Bronzong|Toxic|p1a: Vaporeon
|-status|p1a: Vaporeon|tox
|
|-heal|p1a: Vaporeon|57/100 tox|[from] item: Leftovers
|-heal|p2a: Bronzong|50/100 brn|[from] item: Leftovers
|-damage|p1a: Vaporeon|51/100 tox|[from] psn
|-damage|p2a: Bronzong|44/100 brn|[from] brn
|upkeep
|turn|30
|
|t:|1663618195
|move|p1a: Vaporeon|Heal Bell|p1a: Vaporeon
|-activate|p1a: Vaporeon|move: Heal Bell
|-curestatus|p1a: Vaporeon|tox|[msg]
|move|p2a: Bronzong|Psychic|p1a: Vaporeon
|-damage|p1a: Vaporeon|35/100
|
|-heal|p1a: Vaporeon|41/100|[from] item: Leftovers
|-heal|p2a: Bronzong|50/100 brn|[from] item: Leftovers
|-damage|p2a: Bronzong|44/100 brn|[from] brn
|upkeep
|turn|31
|
|t:|1663618201
|move|p1a: Vaporeon|Wish|p1a: Vaporeon
|move|p2a: Bronzong|Toxic|p1a: Vaporeon
|-status|p1a: Vaporeon|tox
|
|-heal|p1a: Vaporeon|47/100 tox|[from] item: Leftovers
|-heal|p2a: Bronzong|50/100 brn|[from] item: Leftovers
|-damage|p1a: Vaporeon|41/100 tox|[from] psn
|-damage|p2a: Bronzong|44/100 brn|[from] brn
|upkeep
|turn|32
|
|t:|1663618204
|move|p1a: Vaporeon|Heal Bell|p1a: Vaporeon
|-activate|p1a: Vaporeon|move: Heal Bell
|-curestatus|p1a: Vaporeon|tox|[msg]
|move|p2a: Bronzong|Psychic|p1a: Vaporeon
|-damage|p1a: Vaporeon|24/100
|
|-heal|p1a: Vaporeon|74/100|[from] move: Wish|[wisher] Vaporeon
|-heal|p1a: Vaporeon|80/100|[from] item: Leftovers
|-heal|p2a: Bronzong|50/100 brn|[from] item: Leftovers
|-damage|p2a: Bronzong|44/100 brn|[from] brn
|upkeep
|turn|33
|
|t:|1663618217
|move|p1a: Vaporeon|Protect|p1a: Vaporeon
|-singleturn|p1a: Vaporeon|Protect
|move|p2a: Bronzong|Toxic|p1a: Vaporeon
|-activate|p1a: Vaporeon|move: Protect
|
|-heal|p1a: Vaporeon|86/100|[from] item: Leftovers
|-heal|p2a: Bronzong|50/100 brn|[from] item: Leftovers
|-damage|p2a: Bronzong|44/100 brn|[from] brn
|upkeep
|turn|34
|
|t:|1663618228
|switch|p1a: Heliolisk|Heliolisk, F|58/100
|move|p2a: Bronzong|Toxic|p1a: Heliolisk|[miss]
|-miss|p2a: Bronzong|p1a: Heliolisk
|
|-heal|p2a: Bronzong|50/100 brn|[from] item: Leftovers
|-damage|p2a: Bronzong|44/100 brn|[from] brn
|upkeep
|turn|35
|
|t:|1663618235
|switch|p2a: Flygon|Flygon, F|100/100
|move|p1a: Heliolisk|Surf|p2a: Flygon
|-damage|p2a: Flygon|63/100
|
|upkeep
|turn|36
|
|t:|1663618239
|move|p1a: Heliolisk|Hyper Voice|p2a: Flygon
|-damage|p2a: Flygon|8/100
|move|p2a: Flygon|Dragon Dance|p2a: Flygon
|-boost|p2a: Flygon|atk|1
|-boost|p2a: Flygon|spe|1
|
|upkeep
|turn|37
|
|t:|1663618245
|move|p2a: Flygon|Earthquake|p1a: Heliolisk
|-supereffective|p1a: Heliolisk
|-damage|p1a: Heliolisk|0 fnt
|faint|p1a: Heliolisk
|
|upkeep
|
|t:|1663618249
|switch|p1a: Crobat|Crobat, M|100/100
|turn|38
|
|t:|1663618251
|move|p2a: Flygon|Stone Edge|p1a: Crobat
|-supereffective|p1a: Crobat
|-damage|p1a: Crobat|2/100
|move|p1a: Crobat|U-turn|p2a: Flygon
|-damage|p2a: Flygon|0 fnt
|faint|p2a: Flygon
|c|☆Expulso|munch
|c|+Lunala|i hate crobat
|c|+Luna's Bann3d Now|same
|
|t:|1663618266
|switch|p1a: Vaporeon|Vaporeon, F|86/100|[from]move: U-turn
|-damage|p1a: Vaporeon|74/100|[from] Stealth Rock
|
|-heal|p1a: Vaporeon|80/100|[from] item: Leftovers
|upkeep
|
|t:|1663618271
|switch|p2a: Bronzong|Bronzong|44/100 brn
|turn|39
|
|t:|1663618278
|switch|p1a: Crobat|Crobat, M|2/100
|move|p2a: Bronzong|Toxic|p1a: Crobat
|-immune|p1a: Crobat
|
|-heal|p2a: Bronzong|50/100 brn|[from] item: Leftovers
|-damage|p2a: Bronzong|44/100 brn|[from] brn
|upkeep
|turn|40
|
|t:|1663618287
|switch|p2a: Aerodactyl|Aerodactyl, F|100/100
|-ability|p2a: Aerodactyl|Unnerve
|move|p1a: Crobat|Defog|p2a: Aerodactyl
|-unboost|p2a: Aerodactyl|evasion|1
|-sideend|p1: Expulso|Stealth Rock|[from] move: Defog|[of] p1a: Crobat
|
|upkeep
|turn|41
|
|t:|1663618289
|move|p2a: Aerodactyl|Dragon Dance|p2a: Aerodactyl
|-boost|p2a: Aerodactyl|atk|1
|-boost|p2a: Aerodactyl|spe|1
|move|p1a: Crobat|U-turn|p2a: Aerodactyl
|-resisted|p2a: Aerodactyl
|-damage|p2a: Aerodactyl|90/100
|
|t:|1663618292
|switch|p1a: Vaporeon|Vaporeon, F|80/100|[from]move: U-turn
|
|-heal|p1a: Vaporeon|86/100|[from] item: Leftovers
|upkeep
|turn|42
|
|t:|1663618299
|move|p2a: Aerodactyl|Stone Edge|p1a: Vaporeon
|-damage|p1a: Vaporeon|37/100
|move|p1a: Vaporeon|Scald|p2a: Aerodactyl
|-supereffective|p2a: Aerodactyl
|-damage|p2a: Aerodactyl|0 fnt
|faint|p2a: Aerodactyl
|
|-heal|p1a: Vaporeon|43/100|[from] item: Leftovers
|upkeep
|
|t:|1663618303
|switch|p2a: Bronzong|Bronzong|44/100 brn
|turn|43
|c|☆Beraldinhoo|gg
|-message|Beraldinhoo forfeited.
|
|win|Expulso
|c|☆Expulso|gg
|c|☆Expulso|Do u post or me
