|inactive|Battle timer is ON: inactive players will automatically lose when time's up.
|t:|1649096903
|gametype|singles
|player|p1|Inder|lyra|
|player|p2|guille14|#ptpl3medicham|
|teamsize|p1|6
|teamsize|p2|6
|gen|8
|tier|[Gen 8] RU
|rule|Sleep Clause Mod: Limit one foe put to sleep
|rule|Species Clause: Limit one of each Pokémon
|rule|OHKO Clause: OHKO moves are banned
|rule|Evasion Moves Clause: Evasion moves are banned
|rule|Endless Battle Clause: Forcing endless battles is banned
|rule|HP Percentage Mod: HP is shown in percentages
|rule|Dynamax Clause: You cannot dynamax
|clearpoke
|poke|p1|Flygon, F|
|poke|p1|Volcanion|
|poke|p1|Obstagoon, M|
|poke|p1|Raikou|
|poke|p1|Registeel|
|poke|p1|Crobat, M|
|poke|p2|Obstagoon, M|
|poke|p2|Doublade, M|
|poke|p2|Quagsire, M|
|poke|p2|Sylveon, F|
|poke|p2|Druddigon, M|
|poke|p2|Crobat, F|
|teampreview
|c|☆Inder|hf
|c|☆guille14|hf
|
|t:|1649096923
|start
|switch|p1a: Raikou|Raikou|100/100
|switch|p2a: Druddigon|Druddigon, M|100/100
|-ability|p1a: Raikou|Pressure
|turn|1
|inactive|guille14 has 270 seconds left.
|
|t:|1649096962
|move|p1a: Raikou|Substitute|p1a: Raikou
|-start|p1a: Raikou|Substitute
|-damage|p1a: Raikou|76/100
|move|p2a: Druddigon|Stealth Rock|p1a: Raikou
|-sidestart|p1: Inder|move: Stealth Rock
|
|-heal|p1a: Raikou|82/100|[from] item: Leftovers
|upkeep
|turn|2
|inactive|guille14 has 270 seconds left.
|
|t:|1649096968
|switch|p2a: Quagsire|Quagsire, M|100/100
|move|p1a: Raikou|Scald|p2a: Quagsire
|-damage|p2a: Quagsire|75/100
|
|-heal|p1a: Raikou|88/100|[from] item: Leftovers
|-heal|p2a: Quagsire|81/100|[from] item: Leftovers
|upkeep
|turn|3
|
|t:|1649096973
|move|p1a: Raikou|Scald|p2a: Quagsire
|-damage|p2a: Quagsire|57/100
|move|p2a: Quagsire|Recover|p2a: Quagsire
|-heal|p2a: Quagsire|100/100
|
|-heal|p1a: Raikou|94/100|[from] item: Leftovers
|upkeep
|turn|4
|
|t:|1649096976
|move|p1a: Raikou|Scald|p2a: Quagsire
|-damage|p2a: Quagsire|76/100
|move|p2a: Quagsire|Earthquake|p1a: Raikou
|-supereffective|p1a: Raikou
|-end|p1a: Raikou|Substitute
|
|-heal|p1a: Raikou|99/100|[from] item: Leftovers
|-heal|p2a: Quagsire|82/100|[from] item: Leftovers
|upkeep
|turn|5
|
|t:|1649096982
|switch|p1a: Volcanion|Volcanion|100/100
|-damage|p1a: Volcanion|76/100|[from] Stealth Rock
|move|p2a: Quagsire|Scald|p1a: Volcanion
|-heal|p1a: Volcanion|100/100|[from] ability: Water Absorb|[of] p2a: Quagsire
|
|-heal|p2a: Quagsire|88/100|[from] item: Leftovers
|upkeep
|turn|6
|
|t:|1649097000
|switch|p2a: Druddigon|Druddigon, M|100/100
|move|p1a: Volcanion|Fire Spin|p2a: Druddigon
|-resisted|p2a: Druddigon
|-damage|p2a: Druddigon|90/100
|-activate|p2a: Druddigon|move: Fire Spin|[of] p1a: Volcanion
|
|-damage|p2a: Druddigon|78/100|[from] move: Fire Spin|[partiallytrapped]
|upkeep
|turn|7
|
|t:|1649097007
|switch|p1a: Registeel|Registeel|100/100
|-damage|p1a: Registeel|94/100|[from] Stealth Rock
|move|p2a: Druddigon|Dragon Tail|p1a: Registeel
|-resisted|p1a: Registeel
|-damage|p1a: Registeel|86/100
|drag|p1a: Raikou|Raikou|99/100
|-damage|p1a: Raikou|88/100|[from] Stealth Rock
|-ability|p1a: Raikou|Pressure
|
|-heal|p1a: Raikou|94/100|[from] item: Leftovers
|-end|p2a: Druddigon|Fire Spin|[partiallytrapped]|[silent]
|upkeep
|turn|8
|inactive|Inder has 270 seconds left.
|
|t:|1649097037
|switch|p1a: Registeel|Registeel|86/100
|-damage|p1a: Registeel|80/100|[from] Stealth Rock
|switch|p2a: Quagsire|Quagsire, M|88/100
|
|-heal|p1a: Registeel|86/100|[from] item: Leftovers
|-heal|p2a: Quagsire|94/100|[from] item: Leftovers
|upkeep
|turn|9
|
|t:|1649097043
|switch|p2a: Doublade|Doublade, M|100/100
|move|p1a: Registeel|Toxic|p2a: Doublade
|-immune|p2a: Doublade
|
|-heal|p1a: Registeel|93/100|[from] item: Leftovers
|upkeep
|turn|10
|
|t:|1649097047
|switch|p1a: Volcanion|Volcanion|100/100
|-damage|p1a: Volcanion|76/100|[from] Stealth Rock
|move|p2a: Doublade|Swords Dance|p2a: Doublade
|-boost|p2a: Doublade|atk|2
|
|upkeep
|turn|11
|
|t:|1649097057
|switch|p2a: Sylveon|Sylveon, F|100/100
|move|p1a: Volcanion|Flamethrower|p2a: Sylveon
|-damage|p2a: Sylveon|72/100
|-status|p2a: Sylveon|brn
|
|-heal|p2a: Sylveon|78/100 brn|[from] item: Leftovers
|-damage|p2a: Sylveon|72/100 brn|[from] brn
|upkeep
|turn|12
|
|t:|1649097061
|switch|p1a: Registeel|Registeel|93/100
|-damage|p1a: Registeel|86/100|[from] Stealth Rock
|switch|p2a: Druddigon|Druddigon, M|78/100
|
|-heal|p1a: Registeel|93/100|[from] item: Leftovers
|upkeep
|turn|13
|
|t:|1649097068
|switch|p2a: Doublade|Doublade, M|100/100
|move|p1a: Registeel|Stealth Rock|p2a: Doublade
|-sidestart|p2: guille14|move: Stealth Rock
|
|-heal|p1a: Registeel|99/100|[from] item: Leftovers
|upkeep
|turn|14
|
|t:|1649097075
|switch|p1a: Raikou|Raikou|94/100
|-damage|p1a: Raikou|82/100|[from] Stealth Rock
|-ability|p1a: Raikou|Pressure
|move|p2a: Doublade|Swords Dance|p2a: Doublade
|-boost|p2a: Doublade|atk|2
|
|-heal|p1a: Raikou|88/100|[from] item: Leftovers
|upkeep
|turn|15
|
|t:|1649097085
|move|p2a: Doublade|Shadow Sneak|p1a: Raikou
|-damage|p1a: Raikou|43/100
|move|p1a: Raikou|Scald|p2a: Doublade
|-damage|p2a: Doublade|75/100
|
|-heal|p1a: Raikou|49/100|[from] item: Leftovers
|upkeep
|turn|16
|
|t:|1649097095
|move|p1a: Raikou|Scald|p2a: Doublade
|-damage|p2a: Doublade|50/100
|move|p2a: Doublade|Close Combat|p1a: Raikou
|-damage|p1a: Raikou|0 fnt
|-unboost|p2a: Doublade|def|1
|-unboost|p2a: Doublade|spd|1
|faint|p1a: Raikou
|
|upkeep
|
|t:|1649097097
|switch|p1a: Obstagoon|Obstagoon, M|100/100
|-damage|p1a: Obstagoon|88/100|[from] Stealth Rock
|turn|17
|
|t:|1649097107
|switch|p2a: Crobat|Crobat, F|100/100
|move|p1a: Obstagoon|Knock Off|p2a: Crobat
|-damage|p2a: Crobat|50/100
|-enditem|p2a: Crobat|Heavy-Duty Boots|[from] move: Knock Off|[of] p1a: Obstagoon
|
|-status|p1a: Obstagoon|brn|[from] item: Flame Orb
|upkeep
|turn|18
|
|t:|1649097113
|switch|p1a: Registeel|Registeel|99/100
|-damage|p1a: Registeel|93/100|[from] Stealth Rock
|move|p2a: Crobat|U-turn|p1a: Registeel
|-resisted|p1a: Registeel
|-damage|p1a: Registeel|86/100
|inactive|Inder disconnected and has 300 seconds to reconnect!
|player|p1|
|
|t:|1649097124
|switch|p2a: Doublade|Doublade, M|50/100|[from]move: U-turn
|-damage|p2a: Doublade|43/100|[from] Stealth Rock
|
|-heal|p1a: Registeel|92/100|[from] item: Leftovers
|upkeep
|turn|19
|inactive|Inder has 270 seconds to reconnect!
|inactive|Inder has 240 seconds to reconnect!
|inactive|Inder has 210 seconds to reconnect!
|inactive|Inder has 180 seconds to reconnect!
|inactive|Inder has 150 seconds to reconnect!
|inactive|Inder has 120 seconds to reconnect!
|inactive|Inder has 90 seconds to reconnect!
|c|☆guille14|bro?
|inactive|Inder has 60 seconds to reconnect!
|inactive|Inder has 30 seconds to reconnect!
|inactive|Inder has 20 seconds to reconnect!
|inactive|Inder has 15 seconds to reconnect!
|inactive|Inder has 10 seconds to reconnect!
|inactive|Inder has 5 seconds to reconnect!
|-message|Inder lost due to inactivity.
|
|win|guille14
