|inactive|Battle timer is ON: inactive players will automatically lose when time's up.
|t:|1661108246
|gametype|singles
|player|p1|hjkhj ㋛|101|
|player|p2|Beraldinhoo|#ptpl3medicham|
|teamsize|p1|6
|teamsize|p2|6
|gen|8
|tier|[Gen 8] RU
|rule|Sleep Clause Mod: Limit one foe put to sleep
|rule|Species Clause: Limit one of each Pokémon
|rule|OHKO Clause: OHKO moves are banned
|rule|Evasion Moves Clause: Evasion moves are banned
|rule|Endless Battle Clause: Forcing endless battles is banned
|rule|HP Percentage Mod: HP is shown in percentages
|rule|Dynamax Clause: You cannot dynamax
|clearpoke
|poke|p1|Crobat, M|
|poke|p1|Milotic, F|
|poke|p1|Steelix, M|
|poke|p1|Tsareena, F|
|poke|p1|Drampa, M|
|poke|p1|Umbreon, F|
|poke|p2|Entei|
|poke|p2|Suicune|
|poke|p2|Umbreon, F|
|poke|p2|Crobat, M|
|poke|p2|Steelix, M|
|poke|p2|Tsareena, F|
|teampreview
|inactive|hjkhj ㋛ also wants the timer to be on.
|c|☆hjkhj ㋛|gl hf
|inactive|hjkhj ㋛ has 270 seconds left.
|inactive|Beraldinhoo has 270 seconds left.
|c|☆Beraldinhoo|u2
|c|+Spl4sh|faltou raikou cara
|c|+Spl4sh|vc é burro
|c|+Spl4sh|?
|c|☆Beraldinhoo|eu so queria usar 2
|c|☆Beraldinhoo|'-'
|inactive|Beraldinhoo has 240 seconds left.
|c|+Spl4sh|tomara perder pq usou só 2
|inactive|Beraldinhoo has 210 seconds left.
|inactive|Beraldinhoo has 180 seconds left.
|
|t:|1661108369
|start
|switch|p1a: Tsareena|Tsareena, F|100/100
|switch|p2a: Steelix|Steelix, M|100/100
|turn|1
|
|t:|1661108377
|move|p1a: Tsareena|Knock Off|p2a: Steelix
|-damage|p2a: Steelix|85/100
|-enditem|p2a: Steelix|Leftovers|[from] move: Knock Off|[of] p1a: Tsareena
|move|p2a: Steelix|Toxic|p1a: Tsareena
|-status|p1a: Tsareena|tox
|
|-damage|p1a: Tsareena|94/100 tox|[from] psn
|upkeep
|turn|2
|inactive|Beraldinhoo has 240 seconds left.
|
|t:|1661108394
|switch|p1a: Steelix|Steelix, M|100/100
|move|p2a: Steelix|Toxic|p1a: Steelix
|-immune|p1a: Steelix
|
|upkeep
|turn|3
|
|t:|1661108403
|move|p1a: Steelix|Earthquake|p2a: Steelix
|-supereffective|p2a: Steelix
|-damage|p2a: Steelix|52/100
|move|p2a: Steelix|Stealth Rock|p1a: Steelix
|-sidestart|p1: hjkhj ㋛|move: Stealth Rock
|
|upkeep
|turn|4
|
|t:|1661108407
|switch|p2a: Tsareena|Tsareena, F|100/100
|move|p1a: Steelix|Stealth Rock|p2a: Tsareena
|-sidestart|p2: Beraldinhoo|move: Stealth Rock
|
|upkeep
|turn|5
|
|t:|1661108410
|move|p2a: Tsareena|Knock Off|p1a: Steelix
|-damage|p1a: Steelix|83/100
|-enditem|p1a: Steelix|Leftovers|[from] move: Knock Off|[of] p2a: Tsareena
|move|p1a: Steelix|Toxic|p2a: Tsareena
|-status|p2a: Tsareena|tox
|
|-damage|p2a: Tsareena|95/100 tox|[from] psn
|upkeep
|turn|6
|inactive|Beraldinhoo has 270 seconds left.
|
|t:|1661108419
|switch|p2a: Umbreon|Umbreon, F|100/100
|-damage|p2a: Umbreon|88/100|[from] Stealth Rock
|move|p1a: Steelix|Heavy Slam|p2a: Umbreon
|-damage|p2a: Umbreon|58/100
|
|-heal|p2a: Umbreon|64/100|[from] item: Leftovers
|upkeep
|turn|7
|
|t:|1661108429
|move|p2a: Umbreon|Wish|p2a: Umbreon
|move|p1a: Steelix|Heavy Slam|p2a: Umbreon
|-damage|p2a: Umbreon|35/100
|
|-heal|p2a: Umbreon|41/100|[from] item: Leftovers
|upkeep
|turn|8
|
|t:|1661108434
|switch|p1a: Drampa|Drampa, M|100/100
|move|p2a: Umbreon|Foul Play|p1a: Drampa
|-damage|p1a: Drampa|88/100
|
|-heal|p2a: Umbreon|91/100|[from] move: Wish|[wisher] Umbreon
|-heal|p2a: Umbreon|97/100|[from] item: Leftovers
|upkeep
|turn|9
|inactive|Beraldinhoo has 270 seconds left.
|
|t:|1661108461
|switch|p2a: Suicune|Suicune|100/100
|-damage|p2a: Suicune|88/100|[from] Stealth Rock
|-ability|p2a: Suicune|Pressure
|move|p1a: Drampa|Calm Mind|p1a: Drampa
|-boost|p1a: Drampa|spa|1
|-boost|p1a: Drampa|spd|1
|
|-heal|p2a: Suicune|94/100|[from] item: Leftovers
|upkeep
|turn|10
|
|t:|1661108467
|move|p2a: Suicune|Calm Mind|p2a: Suicune
|-boost|p2a: Suicune|spa|1
|-boost|p2a: Suicune|spd|1
|move|p1a: Drampa|Dragon Pulse|p2a: Suicune
|-damage|p2a: Suicune|68/100
|
|-heal|p2a: Suicune|74/100|[from] item: Leftovers
|upkeep
|turn|11
|
|t:|1661108470
|move|p2a: Suicune|Calm Mind|p2a: Suicune
|-boost|p2a: Suicune|spa|1
|-boost|p2a: Suicune|spd|1
|move|p1a: Drampa|Calm Mind|p1a: Drampa
|-boost|p1a: Drampa|spa|1
|-boost|p1a: Drampa|spd|1
|
|-heal|p2a: Suicune|80/100|[from] item: Leftovers
|upkeep
|turn|12
|
|t:|1661108472
|move|p2a: Suicune|Calm Mind|p2a: Suicune
|-boost|p2a: Suicune|spa|1
|-boost|p2a: Suicune|spd|1
|move|p1a: Drampa|Dragon Pulse|p2a: Suicune
|-damage|p2a: Suicune|56/100
|
|-heal|p2a: Suicune|63/100|[from] item: Leftovers
|upkeep
|turn|13
|
|t:|1661108476
|switch|p1a: Milotic|Milotic, F|100/100
|move|p2a: Suicune|Substitute|p2a: Suicune
|-start|p2a: Suicune|Substitute
|-damage|p2a: Suicune|38/100
|
|-heal|p2a: Suicune|44/100|[from] item: Leftovers
|upkeep
|turn|14
|
|t:|1661108478
|move|p2a: Suicune|Scald|p1a: Milotic
|-resisted|p1a: Milotic
|-damage|p1a: Milotic|76/100
|move|p1a: Milotic|Haze|p1a: Milotic
|-clearallboost
|
|-heal|p2a: Suicune|50/100|[from] item: Leftovers
|upkeep
|turn|15
|
|t:|1661108488
|switch|p1a: Crobat|Crobat, M|100/100
|move|p2a: Suicune|Calm Mind|p2a: Suicune
|-boost|p2a: Suicune|spa|1
|-boost|p2a: Suicune|spd|1
|
|-heal|p2a: Suicune|56/100|[from] item: Leftovers
|upkeep
|turn|16
|
|t:|1661108490
|move|p1a: Crobat|U-turn|p2a: Suicune
|-damage|p2a: Suicune|44/100
|
|t:|1661108492
|switch|p1a: Milotic|Milotic, F|76/100|[from]move: U-turn
|move|p2a: Suicune|Scald|p1a: Milotic
|-resisted|p1a: Milotic
|-damage|p1a: Milotic|62/100
|-status|p1a: Milotic|brn
|
|-heal|p2a: Suicune|50/100|[from] item: Leftovers
|-damage|p1a: Milotic|56/100 brn|[from] brn
|upkeep
|turn|17
|
|t:|1661108503
|move|p2a: Suicune|Calm Mind|p2a: Suicune
|-boost|p2a: Suicune|spa|1
|-boost|p2a: Suicune|spd|1
|move|p1a: Milotic|Recover|p1a: Milotic
|-heal|p1a: Milotic|100/100 brn
|
|-heal|p2a: Suicune|57/100|[from] item: Leftovers
|-damage|p1a: Milotic|94/100 brn|[from] brn
|upkeep
|turn|18
|
|t:|1661108512
|move|p2a: Suicune|Scald|p1a: Milotic
|-resisted|p1a: Milotic
|-crit|p1a: Milotic
|-damage|p1a: Milotic|68/100 brn
|move|p1a: Milotic|Scald|p2a: Suicune
|-resisted|p2a: Suicune
|-activate|p2a: Suicune|move: Substitute|[damage]
|
|-heal|p2a: Suicune|63/100|[from] item: Leftovers
|-damage|p1a: Milotic|62/100 brn|[from] brn
|upkeep
|turn|19
|
|t:|1661108518
|move|p2a: Suicune|Calm Mind|p2a: Suicune
|-boost|p2a: Suicune|spa|1
|-boost|p2a: Suicune|spd|1
|move|p1a: Milotic|Recover|p1a: Milotic
|-heal|p1a: Milotic|100/100 brn
|
|-heal|p2a: Suicune|69/100|[from] item: Leftovers
|-damage|p1a: Milotic|94/100 brn|[from] brn
|upkeep
|turn|20
|
|t:|1661108524
|move|p2a: Suicune|Scald|p1a: Milotic
|-resisted|p1a: Milotic
|-damage|p1a: Milotic|72/100 brn
|move|p1a: Milotic|Haze|p1a: Milotic
|-clearallboost
|
|-heal|p2a: Suicune|75/100|[from] item: Leftovers
|-damage|p1a: Milotic|66/100 brn|[from] brn
|upkeep
|turn|21
|
|t:|1661108530
|move|p2a: Suicune|Calm Mind|p2a: Suicune
|-boost|p2a: Suicune|spa|1
|-boost|p2a: Suicune|spd|1
|move|p1a: Milotic|Recover|p1a: Milotic
|-heal|p1a: Milotic|100/100 brn
|
|-heal|p2a: Suicune|81/100|[from] item: Leftovers
|-damage|p1a: Milotic|94/100 brn|[from] brn
|upkeep
|turn|22
|
|t:|1661108542
|switch|p1a: Umbreon|Umbreon, F|100/100
|move|p2a: Suicune|Calm Mind|p2a: Suicune
|-boost|p2a: Suicune|spa|1
|-boost|p2a: Suicune|spd|1
|
|-heal|p2a: Suicune|88/100|[from] item: Leftovers
|upkeep
|turn|23
|
|t:|1661108544
|move|p2a: Suicune|Scald|p1a: Umbreon
|-damage|p1a: Umbreon|75/100
|-status|p1a: Umbreon|brn
|-activate|p1a: Umbreon|ability: Synchronize
|-status|p2a: Suicune|brn
|move|p1a: Umbreon|Wish|p1a: Umbreon
|
|-heal|p2a: Suicune|94/100 brn|[from] item: Leftovers
|-damage|p2a: Suicune|88/100 brn|[from] brn
|-damage|p1a: Umbreon|69/100 brn|[from] brn
|upkeep
|turn|24
|
|t:|1661108549
|switch|p2a: Umbreon|Umbreon, F|97/100
|-damage|p2a: Umbreon|85/100|[from] Stealth Rock
|move|p1a: Umbreon|Heal Bell|p1a: Umbreon
|-activate|p1a: Umbreon|move: Heal Bell
|-curestatus|p1a: Umbreon|brn|[msg]
|-curestatus|p1: Tsareena|tox|[msg]
|-curestatus|p1: Milotic|brn|[msg]
|
|-heal|p1a: Umbreon|100/100|[from] move: Wish|[wisher] Umbreon
|-heal|p2a: Umbreon|91/100|[from] item: Leftovers
|upkeep
|turn|25
|
|t:|1661108559
|switch|p1a: Drampa|Drampa, M|88/100
|move|p2a: Umbreon|Heal Bell|p2a: Umbreon
|-activate|p2a: Umbreon|move: Heal Bell
|-curestatus|p2: Suicune|brn|[msg]
|-curestatus|p2: Tsareena|tox|[msg]
|
|-heal|p2a: Umbreon|97/100|[from] item: Leftovers
|upkeep
|turn|26
|
|t:|1661108567
|switch|p2a: Entei|Entei|100/100
|move|p1a: Drampa|Calm Mind|p1a: Drampa
|-boost|p1a: Drampa|spa|1
|-boost|p1a: Drampa|spd|1
|
|upkeep
|turn|27
|
|t:|1661108570
|move|p2a: Entei|Toxic|p1a: Drampa|[miss]
|-miss|p2a: Entei|p1a: Drampa
|move|p1a: Drampa|Dragon Pulse|p2a: Entei
|-damage|p2a: Entei|35/100
|
|upkeep
|turn|28
|inactive|Beraldinhoo has 270 seconds left.
|
|t:|1661108611
|switch|p2a: Crobat|Crobat, M|100/100
|move|p1a: Drampa|Dragon Pulse|p2a: Crobat
|-damage|p2a: Crobat|30/100
|
|upkeep
|turn|29
|
|t:|1661108615
|move|p2a: Crobat|U-turn|p1a: Drampa
|-damage|p1a: Drampa|75/100
|inactive|Beraldinhoo has 270 seconds left.
|inactive|Beraldinhoo has 240 seconds left.
|
|t:|1661108653
|switch|p2a: Tsareena|Tsareena, F|95/100|[from]move: U-turn
|move|p1a: Drampa|Dragon Pulse|p2a: Tsareena
|-damage|p2a: Tsareena|21/100
|
|upkeep
|turn|30
|inactive|Beraldinhoo has 240 seconds left.
|
|t:|1661108670
|move|p2a: Tsareena|Rapid Spin|p1a: Drampa
|-damage|p1a: Drampa|61/100
|-boost|p2a: Tsareena|spe|1
|-sideend|p2: Beraldinhoo|Stealth Rock|[from] move: Rapid Spin|[of] p2a: Tsareena
|move|p1a: Drampa|Flamethrower|p2a: Tsareena
|-supereffective|p2a: Tsareena
|-damage|p2a: Tsareena|0 fnt
|faint|p2a: Tsareena
|
|upkeep
|
|t:|1661108685
|switch|p2a: Suicune|Suicune|88/100
|-ability|p2a: Suicune|Pressure
|turn|31
|
|t:|1661108687
|move|p2a: Suicune|Calm Mind|p2a: Suicune
|-boost|p2a: Suicune|spa|1
|-boost|p2a: Suicune|spd|1
|move|p1a: Drampa|Roost|p1a: Drampa
|-heal|p1a: Drampa|100/100
|-singleturn|p1a: Drampa|move: Roost
|
|-heal|p2a: Suicune|94/100|[from] item: Leftovers
|upkeep
|turn|32
|inactive|Beraldinhoo has 240 seconds left.
|
|t:|1661108694
|switch|p2a: Crobat|Crobat, M|30/100
|switch|p1a: Milotic|Milotic, F|94/100
|
|upkeep
|turn|33
|
|t:|1661108699
|switch|p1a: Steelix|Steelix, M|83/100
|-damage|p1a: Steelix|80/100|[from] Stealth Rock
|move|p2a: Crobat|Roost|p2a: Crobat
|-heal|p2a: Crobat|80/100
|-singleturn|p2a: Crobat|move: Roost
|
|upkeep
|turn|34
|
|t:|1661108700
|move|p2a: Crobat|Taunt|p1a: Steelix
|-start|p1a: Steelix|move: Taunt
|cant|p1a: Steelix|move: Taunt|Stealth Rock
|
|upkeep
|turn|35
|
|t:|1661108703
|move|p2a: Crobat|U-turn|p1a: Steelix
|-resisted|p1a: Steelix
|-damage|p1a: Steelix|75/100
|
|t:|1661108705
|switch|p2a: Suicune|Suicune|94/100|[from]move: U-turn
|-ability|p2a: Suicune|Pressure
|move|p1a: Steelix|Earthquake|p2a: Suicune
|-damage|p2a: Suicune|71/100
|
|-heal|p2a: Suicune|77/100|[from] item: Leftovers
|upkeep
|turn|36
|
|t:|1661108715
|switch|p2a: Umbreon|Umbreon, F|97/100
|switch|p1a: Tsareena|Tsareena, F|94/100
|
|-heal|p2a: Umbreon|100/100|[from] item: Leftovers
|upkeep
|turn|37
|
|t:|1661108717
|switch|p1a: Steelix|Steelix, M|75/100
|-damage|p1a: Steelix|72/100|[from] Stealth Rock
|move|p2a: Umbreon|Foul Play|p1a: Steelix
|-damage|p1a: Steelix|56/100
|
|upkeep
|turn|38
|
|t:|1661108725
|switch|p2a: Entei|Entei|35/100
|move|p1a: Steelix|Stealth Rock|p2a: Entei
|-sidestart|p2: Beraldinhoo|move: Stealth Rock
|
|upkeep
|turn|39
|
|t:|1661108732
|switch|p1a: Drampa|Drampa, M|100/100
|move|p2a: Entei|Sacred Fire|p1a: Drampa
|-resisted|p1a: Drampa
|-damage|p1a: Drampa|83/100
|-status|p1a: Drampa|brn
|
|-damage|p1a: Drampa|77/100 brn|[from] brn
|upkeep
|turn|40
|
|t:|1661108739
|switch|p2a: Suicune|Suicune|77/100
|-damage|p2a: Suicune|65/100|[from] Stealth Rock
|-ability|p2a: Suicune|Pressure
|move|p1a: Drampa|Dragon Pulse|p2a: Suicune
|-damage|p2a: Suicune|36/100
|
|-heal|p2a: Suicune|42/100|[from] item: Leftovers
|-damage|p1a: Drampa|71/100 brn|[from] brn
|upkeep
|turn|41
|
|t:|1661108748
|switch|p1a: Tsareena|Tsareena, F|94/100
|move|p2a: Suicune|Calm Mind|p2a: Suicune
|-boost|p2a: Suicune|spa|1
|-boost|p2a: Suicune|spd|1
|
|-heal|p2a: Suicune|49/100|[from] item: Leftovers
|upkeep
|turn|42
|
|t:|1661108752
|move|p2a: Suicune|Scald|p1a: Tsareena
|-resisted|p1a: Tsareena
|-damage|p1a: Tsareena|77/100
|move|p1a: Tsareena|Knock Off|p2a: Suicune
|-damage|p2a: Suicune|26/100
|-enditem|p2a: Suicune|Leftovers|[from] move: Knock Off|[of] p1a: Tsareena
|
|upkeep
|turn|43
|c|☆Beraldinhoo|gg
|-message|Beraldinhoo forfeited.
|
|win|hjkhj ㋛
|c|☆hjkhj ㋛|gg
