|inactive|Battle timer is ON: inactive players will automatically lose when time's up.
|t:|1668006199
|gametype|singles
|player|p1|Luna's Bann3d Now|#capplviiisaharajas|
|player|p2|guille14|gambler|
|teamsize|p1|6
|teamsize|p2|6
|gen|8
|tier|[Gen 8] RU
|rule|Sleep Clause Mod: Limit one foe put to sleep
|rule|Species Clause: Limit one of each Pokémon
|rule|OHKO Clause: OHKO moves are banned
|rule|Evasion Items Clause: Evasion items are banned
|rule|Evasion Moves Clause: Evasion moves are banned
|rule|Endless Battle Clause: Forcing endless battles is banned
|rule|HP Percentage Mod: HP is shown in percentages
|rule|Dynamax Clause: You cannot dynamax
|clearpoke
|poke|p1|Rhyperior, M|
|poke|p1|Pangoro, M|
|poke|p1|Chandelure, M|
|poke|p1|Tentacruel, F|
|poke|p1|Bronzong|
|poke|p1|Crobat, M|
|poke|p2|Quagsire, M|
|poke|p2|Umbreon, F|
|poke|p2|Aromatisse, M|
|poke|p2|Celebi|
|poke|p2|Registeel|
|poke|p2|Altaria, F|
|teampreview
|inactive|Luna's Bann3d Now has 270 seconds left.
|inactive|guille14 has 270 seconds left.
|c|☆guille14|hf
|inactive|guille14 has 240 seconds left.
|
|t:|1668006268
|start
|switch|p1a: Crobat|Crobat, M|100/100
|switch|p2a: Registeel|Registeel|100/100
|turn|1
|
|t:|1668006273
|move|p1a: Crobat|Taunt|p2a: Registeel
|-start|p2a: Registeel|move: Taunt
|cant|p2a: Registeel|move: Taunt|Stealth Rock
|
|upkeep
|turn|2
|
|t:|1668006278
|switch|p2a: Aromatisse|Aromatisse, M|100/100
|move|p1a: Crobat|U-turn|p2a: Aromatisse
|-resisted|p2a: Aromatisse
|-damage|p2a: Aromatisse|96/100
|
|t:|1668006282
|switch|p1a: Tentacruel|Tentacruel, F|100/100|[from]move: U-turn
|
|upkeep
|turn|3
|
|t:|1668006287
|switch|p2a: Altaria|Altaria, F|100/100
|move|p1a: Tentacruel|Knock Off|p2a: Altaria
|-damage|p2a: Altaria|85/100
|-enditem|p2a: Altaria|Heavy-Duty Boots|[from] move: Knock Off|[of] p1a: Tentacruel
|
|upkeep
|turn|4
|
|t:|1668006291
|move|p1a: Tentacruel|Acid Spray|p2a: Altaria
|-damage|p2a: Altaria|78/100
|-unboost|p2a: Altaria|spd|2
|move|p2a: Altaria|Fire Spin|p1a: Tentacruel
|-resisted|p1a: Tentacruel
|-damage|p1a: Tentacruel|98/100
|-activate|p1a: Tentacruel|move: Fire Spin|[of] p2a: Altaria
|
|-heal|p1a: Tentacruel|100/100|[from] item: Black Sludge
|-damage|p1a: Tentacruel|88/100|[from] move: Fire Spin|[partiallytrapped]
|upkeep
|turn|5
|
|t:|1668006294
|move|p1a: Tentacruel|Rapid Spin|p2a: Altaria
|-damage|p2a: Altaria|70/100
|-boost|p1a: Tentacruel|spe|1
|-end|p1a: Tentacruel|Fire Spin|[partiallytrapped]
|move|p2a: Altaria|Perish Song|p2a: Altaria
|-start|p1a: Tentacruel|perish3|[silent]
|-start|p2a: Altaria|perish3|[silent]
|-fieldactivate|move: Perish Song
|
|-heal|p1a: Tentacruel|94/100|[from] item: Black Sludge
|-start|p1a: Tentacruel|perish3
|-start|p2a: Altaria|perish3
|upkeep
|turn|6
|
|t:|1668006299
|switch|p1a: Chandelure|Chandelure, M|100/100
|move|p2a: Altaria|Roost|p2a: Altaria
|-heal|p2a: Altaria|100/100
|-singleturn|p2a: Altaria|move: Roost
|
|-start|p2a: Altaria|perish2
|upkeep
|turn|7
|
|t:|1668006304
|switch|p2a: Umbreon|Umbreon, F|100/100
|move|p1a: Chandelure|Trick|p2a: Umbreon
|-activate|p1a: Chandelure|move: Trick|[of] p2a: Umbreon
|-item|p2a: Umbreon|Choice Scarf|[from] move: Trick
|-item|p1a: Chandelure|Heavy-Duty Boots|[from] move: Trick
|
|upkeep
|turn|8
|
|t:|1668006309
|switch|p1a: Pangoro|Pangoro, M|100/100
|move|p2a: Umbreon|Toxic|p1a: Pangoro
|-status|p1a: Pangoro|tox
|
|-damage|p1a: Pangoro|94/100 tox|[from] psn
|upkeep
|turn|9
|
|t:|1668006315
|switch|p2a: Aromatisse|Aromatisse, M|96/100
|move|p1a: Pangoro|Close Combat|p2a: Aromatisse
|-resisted|p2a: Aromatisse
|-damage|p2a: Aromatisse|59/100
|-unboost|p1a: Pangoro|def|1
|-unboost|p1a: Pangoro|spd|1
|
|-damage|p1a: Pangoro|82/100 tox|[from] psn
|upkeep
|turn|10
|
|t:|1668006318
|switch|p1a: Rhyperior|Rhyperior, M|100/100
|move|p2a: Aromatisse|Wish|p2a: Aromatisse
|
|upkeep
|turn|11
|
|t:|1668006323
|move|p2a: Aromatisse|Protect|p2a: Aromatisse
|-singleturn|p2a: Aromatisse|Protect
|move|p1a: Rhyperior|Stealth Rock|p2a: Aromatisse
|-sidestart|p2: guille14|move: Stealth Rock
|
|-heal|p2a: Aromatisse|100/100|[from] move: Wish|[wisher] Aromatisse
|upkeep
|turn|12
|
|t:|1668006326
|switch|p2a: Quagsire|Quagsire, M|100/100
|move|p1a: Rhyperior|Earthquake|p2a: Quagsire
|-damage|p2a: Quagsire|62/100
|
|upkeep
|turn|13
|
|t:|1668006332
|move|p1a: Rhyperior|Earthquake|p2a: Quagsire
|-damage|p2a: Quagsire|28/100
|move|p2a: Quagsire|Recover|p2a: Quagsire
|-heal|p2a: Quagsire|78/100
|
|upkeep
|turn|14
|
|t:|1668006335
|switch|p1a: Bronzong|Bronzong|100/100
|move|p2a: Quagsire|Recover|p2a: Quagsire
|-heal|p2a: Quagsire|100/100
|
|upkeep
|turn|15
|
|t:|1668006341
|switch|p2a: Registeel|Registeel|100/100
|-damage|p2a: Registeel|94/100|[from] Stealth Rock
|move|p1a: Bronzong|Iron Defense|p1a: Bronzong
|-boost|p1a: Bronzong|def|2
|
|-heal|p2a: Registeel|100/100|[from] item: Leftovers
|upkeep
|turn|16
|
|t:|1668006346
|move|p2a: Registeel|Stealth Rock|p1a: Bronzong
|-sidestart|p1: Luna's Bann3d Now|move: Stealth Rock
|move|p1a: Bronzong|Body Press|p2a: Registeel
|-supereffective|p2a: Registeel
|-damage|p2a: Registeel|31/100
|
|-heal|p2a: Registeel|37/100|[from] item: Leftovers
|upkeep
|turn|17
|
|t:|1668006353
|switch|p2a: Quagsire|Quagsire, M|100/100
|move|p1a: Bronzong|Iron Defense|p1a: Bronzong
|-boost|p1a: Bronzong|def|2
|
|upkeep
|turn|18
|
|t:|1668006356
|move|p1a: Bronzong|Body Press|p2a: Quagsire
|-damage|p2a: Quagsire|85/100
|move|p2a: Quagsire|Scald|p1a: Bronzong
|-crit|p1a: Bronzong
|-damage|p1a: Bronzong|79/100
|
|upkeep
|turn|19
|
|t:|1668006363
|move|p1a: Bronzong|Psyshock|p2a: Quagsire
|-damage|p2a: Quagsire|70/100
|move|p2a: Quagsire|Scald|p1a: Bronzong
|-crit|p1a: Bronzong
|-damage|p1a: Bronzong|54/100
|
|upkeep
|turn|20
|
|t:|1668006366
|move|p1a: Bronzong|Body Press|p2a: Quagsire
|-damage|p2a: Quagsire|53/100
|move|p2a: Quagsire|Scald|p1a: Bronzong
|-damage|p1a: Bronzong|39/100
|
|upkeep
|turn|21
|
|t:|1668006370
|move|p1a: Bronzong|Iron Defense|p1a: Bronzong
|-boost|p1a: Bronzong|def|2
|move|p2a: Quagsire|Recover|p2a: Quagsire
|-heal|p2a: Quagsire|100/100
|
|upkeep
|turn|22
|
|t:|1668006372
|move|p1a: Bronzong|Body Press|p2a: Quagsire
|-damage|p2a: Quagsire|83/100
|move|p2a: Quagsire|Scald|p1a: Bronzong
|-damage|p1a: Bronzong|24/100
|
|upkeep
|turn|23
|
|t:|1668006375
|move|p1a: Bronzong|Rest|p1a: Bronzong
|-status|p1a: Bronzong|slp|[from] move: Rest
|-heal|p1a: Bronzong|100/100 slp|[silent]
|-enditem|p1a: Bronzong|Chesto Berry|[eat]
|-curestatus|p1a: Bronzong|slp|[msg]
|move|p2a: Quagsire|Scald|p1a: Bronzong
|-damage|p1a: Bronzong|85/100
|-status|p1a: Bronzong|brn
|
|-damage|p1a: Bronzong|78/100 brn|[from] brn
|upkeep
|turn|24
|
|t:|1668006388
|move|p1a: Bronzong|Body Press|p2a: Quagsire
|-damage|p2a: Quagsire|75/100
|move|p2a: Quagsire|Scald|p1a: Bronzong
|-damage|p1a: Bronzong|64/100 brn
|
|-damage|p1a: Bronzong|58/100 brn|[from] brn
|upkeep
|turn|25
|
|t:|1668006396
|move|p1a: Bronzong|Rest|p1a: Bronzong
|-status|p1a: Bronzong|slp|[from] move: Rest
|-heal|p1a: Bronzong|100/100 slp|[silent]
|move|p2a: Quagsire|Recover|p2a: Quagsire
|-heal|p2a: Quagsire|100/100
|
|upkeep
|turn|26
|
|t:|1668006398
|switch|p2a: Altaria|Altaria, F|100/100
|-damage|p2a: Altaria|76/100|[from] Stealth Rock
|cant|p1a: Bronzong|slp
|
|upkeep
|turn|27
|
|t:|1668006402
|move|p2a: Altaria|Perish Song|p2a: Altaria
|-start|p1a: Bronzong|perish3|[silent]
|-start|p2a: Altaria|perish3|[silent]
|-fieldactivate|move: Perish Song
|cant|p1a: Bronzong|slp
|
|-start|p2a: Altaria|perish3
|-start|p1a: Bronzong|perish3
|upkeep
|turn|28
|
|t:|1668006408
|switch|p2a: Quagsire|Quagsire, M|100/100
|switch|p1a: Tentacruel|Tentacruel, F|94/100
|-damage|p1a: Tentacruel|82/100|[from] Stealth Rock
|
|-heal|p1a: Tentacruel|88/100|[from] item: Black Sludge
|upkeep
|turn|29
|
|t:|1668006415
|switch|p1a: Bronzong|Bronzong|100/100 slp
|-damage|p1a: Bronzong|94/100 slp|[from] Stealth Rock
|move|p2a: Quagsire|Earthquake|p1a: Bronzong
|-immune|p1a: Bronzong|[from] ability: Levitate
|
|upkeep
|turn|30
|
|t:|1668006421
|-curestatus|p1a: Bronzong|slp|[msg]
|move|p1a: Bronzong|Iron Defense|p1a: Bronzong
|-boost|p1a: Bronzong|def|2
|move|p2a: Quagsire|Scald|p1a: Bronzong
|-damage|p1a: Bronzong|78/100
|
|upkeep
|turn|31
|
|t:|1668006426
|move|p1a: Bronzong|Iron Defense|p1a: Bronzong
|-boost|p1a: Bronzong|def|2
|move|p2a: Quagsire|Scald|p1a: Bronzong
|-damage|p1a: Bronzong|63/100
|
|upkeep
|turn|32
|
|t:|1668006428
|move|p1a: Bronzong|Rest|p1a: Bronzong
|-status|p1a: Bronzong|slp|[from] move: Rest
|-heal|p1a: Bronzong|100/100 slp|[silent]
|move|p2a: Quagsire|Scald|p1a: Bronzong
|-damage|p1a: Bronzong|85/100 slp
|
|upkeep
|turn|33
|
|t:|1668006436
|switch|p2a: Altaria|Altaria, F|76/100
|-damage|p2a: Altaria|51/100|[from] Stealth Rock
|cant|p1a: Bronzong|slp
|
|upkeep
|turn|34
|
|t:|1668006445
|switch|p1a: Tentacruel|Tentacruel, F|88/100
|-damage|p1a: Tentacruel|75/100|[from] Stealth Rock
|move|p2a: Altaria|Perish Song|p2a: Altaria
|-start|p1a: Tentacruel|perish3|[silent]
|-start|p2a: Altaria|perish3|[silent]
|-fieldactivate|move: Perish Song
|
|-heal|p1a: Tentacruel|81/100|[from] item: Black Sludge
|-start|p1a: Tentacruel|perish3
|-start|p2a: Altaria|perish3
|upkeep
|turn|35
|
|t:|1668006452
|move|p1a: Tentacruel|Rapid Spin|p2a: Altaria
|-damage|p2a: Altaria|43/100
|-boost|p1a: Tentacruel|spe|1
|-sideend|p1: Luna's Bann3d Now|Stealth Rock|[from] move: Rapid Spin|[of] p1a: Tentacruel
|move|p2a: Altaria|Roost|p2a: Altaria
|-heal|p2a: Altaria|93/100
|-singleturn|p2a: Altaria|move: Roost
|
|-heal|p1a: Tentacruel|88/100|[from] item: Black Sludge
|-start|p1a: Tentacruel|perish2
|-start|p2a: Altaria|perish2
|upkeep
|turn|36
|
|t:|1668006456
|switch|p1a: Chandelure|Chandelure, M|100/100
|move|p2a: Altaria|Defog|p1a: Chandelure
|-unboost|p1a: Chandelure|evasion|1
|-sideend|p2: guille14|Stealth Rock|[from] move: Defog|[of] p2a: Altaria
|
|-start|p2a: Altaria|perish1
|upkeep
|turn|37
|
|t:|1668006463
|switch|p2a: Umbreon|Umbreon, F|100/100
|move|p1a: Chandelure|Flamethrower|p2a: Umbreon
|-damage|p2a: Umbreon|72/100
|
|upkeep
|turn|38
|
|t:|1668006469
|switch|p1a: Crobat|Crobat, M|100/100
|move|p2a: Umbreon|Foul Play|p1a: Crobat
|-damage|p1a: Crobat|76/100
|
|upkeep
|turn|39
|
|t:|1668006475
|move|p1a: Crobat|U-turn|p2a: Umbreon
|-supereffective|p2a: Umbreon
|-damage|p2a: Umbreon|50/100
|
|t:|1668006478
|switch|p1a: Tentacruel|Tentacruel, F|88/100|[from]move: U-turn
|move|p2a: Umbreon|Foul Play|p1a: Tentacruel
|-damage|p1a: Tentacruel|58/100
|
|-heal|p1a: Tentacruel|64/100|[from] item: Black Sludge
|upkeep
|turn|40
|
|t:|1668006481
|move|p1a: Tentacruel|Scald|p2a: Umbreon
|-damage|p2a: Umbreon|39/100
|-status|p2a: Umbreon|brn
|move|p2a: Umbreon|Foul Play|p1a: Tentacruel
|-damage|p1a: Tentacruel|51/100
|
|-heal|p1a: Tentacruel|57/100|[from] item: Black Sludge
|-damage|p2a: Umbreon|32/100 brn|[from] brn
|upkeep
|turn|41
|
|t:|1668006488
|switch|p1a: Rhyperior|Rhyperior, M|100/100
|switch|p2a: Altaria|Altaria, F|93/100
|
|upkeep
|turn|42
|
|t:|1668006494
|switch|p2a: Celebi|Celebi|100/100
|move|p1a: Rhyperior|Ice Punch|p2a: Celebi
|-supereffective|p2a: Celebi
|-damage|p2a: Celebi|47/100
|
|-heal|p2a: Celebi|53/100|[from] item: Leftovers
|upkeep
|turn|43
|
|t:|1668006501
|switch|p1a: Chandelure|Chandelure, M|100/100
|move|p2a: Celebi|Giga Drain|p1a: Chandelure
|-resisted|p1a: Chandelure
|-damage|p1a: Chandelure|75/100
|-heal|p2a: Celebi|62/100|[from] drain|[of] p1a: Chandelure
|
|-heal|p2a: Celebi|69/100|[from] item: Leftovers
|upkeep
|turn|44
|inactive|guille14 has 270 seconds left.
|
|t:|1668006538
|move|p2a: Celebi|Earth Power|p1a: Chandelure
|-supereffective|p1a: Chandelure
|-damage|p1a: Chandelure|5/100
|move|p1a: Chandelure|Shadow Ball|p2a: Celebi
|-supereffective|p2a: Celebi
|-damage|p2a: Celebi|0 fnt
|faint|p2a: Celebi
|
|upkeep
|
|t:|1668006545
|switch|p2a: Aromatisse|Aromatisse, M|100/100
|turn|45
|
|t:|1668006555
|switch|p1a: Tentacruel|Tentacruel, F|57/100
|move|p2a: Aromatisse|Moonblast|p1a: Tentacruel
|-resisted|p1a: Tentacruel
|-damage|p1a: Tentacruel|43/100
|
|-heal|p1a: Tentacruel|50/100|[from] item: Black Sludge
|upkeep
|turn|46
|
|t:|1668006560
|switch|p2a: Altaria|Altaria, F|93/100
|move|p1a: Tentacruel|Acid Spray|p2a: Altaria
|-damage|p2a: Altaria|85/100
|-unboost|p2a: Altaria|spd|2
|
|-heal|p1a: Tentacruel|56/100|[from] item: Black Sludge
|upkeep
|turn|47
|
|t:|1668006565
|switch|p2a: Registeel|Registeel|37/100
|move|p1a: Tentacruel|Acid Spray|p2a: Registeel
|-immune|p2a: Registeel
|
|-heal|p1a: Tentacruel|62/100|[from] item: Black Sludge
|-heal|p2a: Registeel|43/100|[from] item: Leftovers
|upkeep
|turn|48
|
|t:|1668006574
|move|p1a: Tentacruel|Scald|p2a: Registeel
|-damage|p2a: Registeel|32/100
|move|p2a: Registeel|Seismic Toss|p1a: Tentacruel
|-damage|p1a: Tentacruel|34/100
|
|-heal|p1a: Tentacruel|40/100|[from] item: Black Sludge
|-heal|p2a: Registeel|38/100|[from] item: Leftovers
|upkeep
|turn|49
|
|t:|1668006579
|move|p1a: Tentacruel|Knock Off|p2a: Registeel
|-damage|p2a: Registeel|27/100
|-enditem|p2a: Registeel|Leftovers|[from] move: Knock Off|[of] p1a: Tentacruel
|move|p2a: Registeel|Stealth Rock|p1a: Tentacruel
|-sidestart|p1: Luna's Bann3d Now|move: Stealth Rock
|
|-heal|p1a: Tentacruel|46/100|[from] item: Black Sludge
|upkeep
|turn|50
|
|t:|1668006585
|switch|p1a: Chandelure|Chandelure, M|5/100
|move|p2a: Registeel|Seismic Toss|p1a: Chandelure
|-immune|p1a: Chandelure
|
|upkeep
|turn|51
|
|t:|1668006591
|switch|p2a: Altaria|Altaria, F|85/100
|move|p1a: Chandelure|Shadow Ball|p2a: Altaria
|-damage|p2a: Altaria|56/100
|
|upkeep
|turn|52
|
|t:|1668006600
|switch|p1a: Crobat|Crobat, M|76/100
|move|p2a: Altaria|Roost|p2a: Altaria
|-heal|p2a: Altaria|100/100
|-singleturn|p2a: Altaria|move: Roost
|
|upkeep
|turn|53
|
|t:|1668006612
|move|p1a: Crobat|Brave Bird|p2a: Altaria
|-damage|p2a: Altaria|65/100
|-damage|p1a: Crobat|65/100|[from] Recoil
|move|p2a: Altaria|Fire Spin|p1a: Crobat
|-damage|p1a: Crobat|58/100
|-activate|p1a: Crobat|move: Fire Spin|[of] p2a: Altaria
|
|-damage|p1a: Crobat|46/100|[from] move: Fire Spin|[partiallytrapped]
|upkeep
|turn|54
|
|t:|1668006629
|switch|p2a: Quagsire|Quagsire, M|100/100
|move|p1a: Crobat|Roost|p1a: Crobat
|-heal|p1a: Crobat|96/100
|-singleturn|p1a: Crobat|move: Roost
|
|-end|p1a: Crobat|Fire Spin|[partiallytrapped]|[silent]
|upkeep
|turn|55
|
|t:|1668006633
|move|p1a: Crobat|U-turn|p2a: Quagsire
|-damage|p2a: Quagsire|91/100
|
|t:|1668006635
|switch|p1a: Bronzong|Bronzong|85/100 slp|[from]move: U-turn
|-damage|p1a: Bronzong|78/100 slp|[from] Stealth Rock
|move|p2a: Quagsire|Scald|p1a: Bronzong
|-damage|p1a: Bronzong|64/100 slp
|
|upkeep
|turn|56
|
|t:|1668006646
|switch|p1a: Crobat|Crobat, M|96/100
|switch|p2a: Altaria|Altaria, F|65/100
|
|upkeep
|turn|57
|
|t:|1668006651
|switch|p2a: Aromatisse|Aromatisse, M|100/100
|move|p1a: Crobat|Taunt|p2a: Aromatisse
|-block|p2a: Aromatisse|ability: Aroma Veil|[of] p2a: Aromatisse
|
|upkeep
|turn|58
|
|t:|1668006656
|move|p1a: Crobat|U-turn|p2a: Aromatisse
|-resisted|p2a: Aromatisse
|-damage|p2a: Aromatisse|95/100
|
|t:|1668006657
|switch|p1a: Tentacruel|Tentacruel, F|46/100|[from]move: U-turn
|-damage|p1a: Tentacruel|34/100|[from] Stealth Rock
|move|p2a: Aromatisse|Wish|p2a: Aromatisse
|
|-heal|p1a: Tentacruel|40/100|[from] item: Black Sludge
|upkeep
|turn|59
|
|t:|1668006664
|switch|p2a: Registeel|Registeel|27/100
|move|p1a: Tentacruel|Rapid Spin|p2a: Registeel
|-resisted|p2a: Registeel
|-damage|p2a: Registeel|24/100
|-boost|p1a: Tentacruel|spe|1
|-sideend|p1: Luna's Bann3d Now|Stealth Rock|[from] move: Rapid Spin|[of] p1a: Tentacruel
|
|-heal|p2a: Registeel|80/100|[from] move: Wish|[wisher] Aromatisse
|-heal|p1a: Tentacruel|46/100|[from] item: Black Sludge
|upkeep
|turn|60
|
|t:|1668006671
|switch|p1a: Rhyperior|Rhyperior, M|100/100
|move|p2a: Registeel|Stealth Rock|p1a: Rhyperior
|-sidestart|p1: Luna's Bann3d Now|move: Stealth Rock
|
|upkeep
|turn|61
|
|t:|1668006676
|move|p1a: Rhyperior|Earthquake|p2a: Registeel
|-supereffective|p2a: Registeel
|-damage|p2a: Registeel|15/100
|move|p2a: Registeel|Toxic|p1a: Rhyperior
|-status|p1a: Rhyperior|tox
|
|-damage|p1a: Rhyperior|94/100 tox|[from] psn
|upkeep
|turn|62
|
|t:|1668006682
|switch|p2a: Quagsire|Quagsire, M|91/100
|move|p1a: Rhyperior|Stealth Rock|p2a: Quagsire
|-sidestart|p2: guille14|move: Stealth Rock
|
|-heal|p1a: Rhyperior|100/100 tox|[from] item: Leftovers
|-damage|p1a: Rhyperior|88/100 tox|[from] psn
|upkeep
|turn|63
|
|t:|1668006692
|switch|p1a: Bronzong|Bronzong|64/100 slp
|-damage|p1a: Bronzong|58/100 slp|[from] Stealth Rock
|switch|p2a: Aromatisse|Aromatisse, M|95/100
|
|upkeep
|turn|64
|
|t:|1668006701
|switch|p1a: Crobat|Crobat, M|96/100
|move|p2a: Aromatisse|Wish|p2a: Aromatisse
|
|upkeep
|turn|65
|
|t:|1668006710
|move|p1a: Crobat|Brave Bird|p2a: Aromatisse
|-damage|p2a: Aromatisse|68/100
|-damage|p1a: Crobat|86/100|[from] Recoil
|move|p2a: Aromatisse|Moonblast|p1a: Crobat
|-resisted|p1a: Crobat
|-damage|p1a: Crobat|69/100
|-unboost|p1a: Crobat|spa|1
|
|-heal|p2a: Aromatisse|100/100|[from] move: Wish|[wisher] Aromatisse
|upkeep
|turn|66
|
|t:|1668006714
|move|p1a: Crobat|Roost|p1a: Crobat
|-heal|p1a: Crobat|100/100
|-singleturn|p1a: Crobat|move: Roost
|move|p2a: Aromatisse|Wish|p2a: Aromatisse
|
|upkeep
|turn|67
|
|t:|1668006717
|switch|p2a: Quagsire|Quagsire, M|91/100
|move|p1a: Crobat|Brave Bird|p2a: Quagsire
|-crit|p2a: Quagsire
|-damage|p2a: Quagsire|58/100
|-damage|p1a: Crobat|89/100|[from] Recoil
|
|-heal|p2a: Quagsire|100/100|[from] move: Wish|[wisher] Aromatisse
|upkeep
|turn|68
|
|t:|1668006725
|move|p1a: Crobat|U-turn|p2a: Quagsire
|-damage|p2a: Quagsire|91/100
|
|t:|1668006738
|switch|p1a: Pangoro|Pangoro, M|82/100 tox|[from]move: U-turn
|-damage|p1a: Pangoro|76/100 tox|[from] Stealth Rock
|move|p2a: Quagsire|Scald|p1a: Pangoro
|-damage|p1a: Pangoro|51/100 tox
|
|-damage|p1a: Pangoro|45/100 tox|[from] psn
|upkeep
|turn|69
|
|t:|1668006765
|switch|p2a: Umbreon|Umbreon, F|32/100 brn
|-damage|p2a: Umbreon|20/100 brn|[from] Stealth Rock
|move|p1a: Pangoro|Knock Off|p2a: Umbreon
|-resisted|p2a: Umbreon
|-damage|p2a: Umbreon|0 fnt
|-enditem|p2a: Umbreon|Choice Scarf|[from] move: Knock Off|[of] p1a: Pangoro
|faint|p2a: Umbreon
|
|-damage|p1a: Pangoro|33/100 tox|[from] psn
|upkeep
|inactive|guille14 has 270 seconds left.
|
|t:|1668006776
|switch|p2a: Quagsire|Quagsire, M|91/100
|turn|70
|
|t:|1668006791
|move|p1a: Pangoro|Knock Off|p2a: Quagsire
|-damage|p2a: Quagsire|32/100
|-enditem|p2a: Quagsire|Heavy-Duty Boots|[from] move: Knock Off|[of] p1a: Pangoro
|move|p2a: Quagsire|Recover|p2a: Quagsire
|-heal|p2a: Quagsire|82/100
|
|-damage|p1a: Pangoro|15/100 tox|[from] psn
|upkeep
|turn|71
|
|t:|1668006796
|switch|p1a: Bronzong|Bronzong|58/100 slp
|-damage|p1a: Bronzong|51/100 slp|[from] Stealth Rock
|move|p2a: Quagsire|Recover|p2a: Quagsire
|-heal|p2a: Quagsire|100/100
|
|upkeep
|turn|72
|
|t:|1668006804
|switch|p2a: Altaria|Altaria, F|65/100
|-damage|p2a: Altaria|40/100|[from] Stealth Rock
|cant|p1a: Bronzong|slp
|
|upkeep
|turn|73
|
|t:|1668006810
|switch|p1a: Tentacruel|Tentacruel, F|46/100
|-damage|p1a: Tentacruel|34/100|[from] Stealth Rock
|move|p2a: Altaria|Roost|p2a: Altaria
|-heal|p2a: Altaria|90/100
|-singleturn|p2a: Altaria|move: Roost
|
|-heal|p1a: Tentacruel|40/100|[from] item: Black Sludge
|upkeep
|turn|74
|
|t:|1668006815
|move|p1a: Tentacruel|Rapid Spin|p2a: Altaria
|-damage|p2a: Altaria|81/100
|-boost|p1a: Tentacruel|spe|1
|-sideend|p1: Luna's Bann3d Now|Stealth Rock|[from] move: Rapid Spin|[of] p1a: Tentacruel
|move|p2a: Altaria|Fire Spin|p1a: Tentacruel
|-resisted|p1a: Tentacruel
|-damage|p1a: Tentacruel|37/100
|-activate|p1a: Tentacruel|move: Fire Spin|[of] p2a: Altaria
|
|-heal|p1a: Tentacruel|43/100|[from] item: Black Sludge
|-damage|p1a: Tentacruel|31/100|[from] move: Fire Spin|[partiallytrapped]
|upkeep
|turn|75
|
|t:|1668006824
|move|p1a: Tentacruel|Rapid Spin|p2a: Altaria
|-damage|p2a: Altaria|73/100
|-boost|p1a: Tentacruel|spe|1
|-end|p1a: Tentacruel|Fire Spin|[partiallytrapped]
|move|p2a: Altaria|Fire Spin|p1a: Tentacruel|[miss]
|-miss|p2a: Altaria|p1a: Tentacruel
|
|-heal|p1a: Tentacruel|37/100|[from] item: Black Sludge
|upkeep
|turn|76
|
|t:|1668006830
|switch|p1a: Chandelure|Chandelure, M|5/100
|move|p2a: Altaria|Defog|p1a: Chandelure
|-unboost|p1a: Chandelure|evasion|1
|-sideend|p2: guille14|Stealth Rock|[from] move: Defog|[of] p2a: Altaria
|
|upkeep
|turn|77
|
|t:|1668006836
|move|p1a: Chandelure|Shadow Ball|p2a: Altaria
|-damage|p2a: Altaria|39/100
|move|p2a: Altaria|Perish Song|p2a: Altaria
|-start|p1a: Chandelure|perish3|[silent]
|-start|p2a: Altaria|perish3|[silent]
|-fieldactivate|move: Perish Song
|
|-start|p1a: Chandelure|perish3
|-start|p2a: Altaria|perish3
|upkeep
|turn|78
|
|t:|1668006841
|move|p1a: Chandelure|Shadow Ball|p2a: Altaria
|-damage|p2a: Altaria|10/100
|move|p2a: Altaria|Roost|p2a: Altaria
|-heal|p2a: Altaria|60/100
|-singleturn|p2a: Altaria|move: Roost
|
|-start|p1a: Chandelure|perish2
|-start|p2a: Altaria|perish2
|upkeep
|turn|79
|
|t:|1668006849
|switch|p2a: Aromatisse|Aromatisse, M|100/100
|move|p1a: Chandelure|Shadow Ball|p2a: Aromatisse
|-damage|p2a: Aromatisse|58/100
|
|-start|p1a: Chandelure|perish1
|upkeep
|turn|80
|
|t:|1668006855
|switch|p1a: Bronzong|Bronzong|51/100 slp
|move|p2a: Aromatisse|Wish|p2a: Aromatisse
|
|upkeep
|turn|81
|
|t:|1668006859
|move|p2a: Aromatisse|Protect|p2a: Aromatisse
|-singleturn|p2a: Aromatisse|Protect
|-curestatus|p1a: Bronzong|slp|[msg]
|move|p1a: Bronzong|Body Press|p2a: Aromatisse
|-activate|p2a: Aromatisse|move: Protect
|
|-heal|p2a: Aromatisse|100/100|[from] move: Wish|[wisher] Aromatisse
|upkeep
|turn|82
|
|t:|1668006871
|move|p1a: Bronzong|Psyshock|p2a: Aromatisse
|-damage|p2a: Aromatisse|85/100
|move|p2a: Aromatisse|Wish|p2a: Aromatisse
|
|upkeep
|turn|83
|
|t:|1668006874
|switch|p2a: Altaria|Altaria, F|60/100
|move|p1a: Bronzong|Body Press|p2a: Altaria
|-resisted|p2a: Altaria
|-damage|p2a: Altaria|47/100
|
|-heal|p2a: Altaria|100/100|[from] move: Wish|[wisher] Aromatisse
|upkeep
|turn|84
|
|t:|1668006879
|switch|p1a: Chandelure|Chandelure, M|5/100
|move|p2a: Altaria|Fire Spin|p1a: Chandelure
|-start|p1a: Chandelure|ability: Flash Fire
|
|upkeep
|turn|85
|
|t:|1668006883
|move|p1a: Chandelure|Shadow Ball|p2a: Altaria
|-damage|p2a: Altaria|71/100
|move|p2a: Altaria|Perish Song|p2a: Altaria
|-start|p1a: Chandelure|perish3|[silent]
|-start|p2a: Altaria|perish3|[silent]
|-fieldactivate|move: Perish Song
|
|-start|p1a: Chandelure|perish3
|-start|p2a: Altaria|perish3
|upkeep
|turn|86
|
|t:|1668006886
|move|p1a: Chandelure|Flamethrower|p2a: Altaria
|-resisted|p2a: Altaria
|-damage|p2a: Altaria|43/100
|move|p2a: Altaria|Roost|p2a: Altaria
|-heal|p2a: Altaria|93/100
|-singleturn|p2a: Altaria|move: Roost
|
|-start|p1a: Chandelure|perish2
|-start|p2a: Altaria|perish2
|upkeep
|turn|87
|
|t:|1668006896
|-end|p1a: Chandelure|ability: Flash Fire|[silent]
|switch|p1a: Tentacruel|Tentacruel, F|37/100
|move|p2a: Altaria|Defog|p1a: Tentacruel
|-unboost|p1a: Tentacruel|evasion|1
|
|-heal|p1a: Tentacruel|43/100|[from] item: Black Sludge
|-start|p2a: Altaria|perish1
|upkeep
|turn|88
|
|t:|1668006902
|switch|p2a: Quagsire|Quagsire, M|100/100
|move|p1a: Tentacruel|Scald|p2a: Quagsire
|-damage|p2a: Quagsire|70/100
|
|-heal|p1a: Tentacruel|49/100|[from] item: Black Sludge
|upkeep
|turn|89
|
|t:|1668006908
|switch|p1a: Bronzong|Bronzong|51/100
|move|p2a: Quagsire|Recover|p2a: Quagsire
|-heal|p2a: Quagsire|100/100
|
|upkeep
|turn|90
|
|t:|1668006911
|move|p1a: Bronzong|Rest|p1a: Bronzong
|-status|p1a: Bronzong|slp|[from] move: Rest
|-heal|p1a: Bronzong|100/100 slp|[silent]
|move|p2a: Quagsire|Scald|p1a: Bronzong
|-damage|p1a: Bronzong|85/100 slp
|
|upkeep
|turn|91
|
|t:|1668006914
|switch|p2a: Registeel|Registeel|15/100
|cant|p1a: Bronzong|slp
|
|upkeep
|turn|92
|
|t:|1668006921
|move|p2a: Registeel|Stealth Rock|p1a: Bronzong
|-sidestart|p1: Luna's Bann3d Now|move: Stealth Rock
|cant|p1a: Bronzong|slp
|
|upkeep
|turn|93
|
|t:|1668006927
|switch|p2a: Altaria|Altaria, F|93/100
|switch|p1a: Tentacruel|Tentacruel, F|49/100
|-damage|p1a: Tentacruel|37/100|[from] Stealth Rock
|
|-heal|p1a: Tentacruel|43/100|[from] item: Black Sludge
|upkeep
|turn|94
|
|t:|1668006932
|move|p1a: Tentacruel|Rapid Spin|p2a: Altaria
|-damage|p2a: Altaria|86/100
|-boost|p1a: Tentacruel|spe|1
|-sideend|p1: Luna's Bann3d Now|Stealth Rock|[from] move: Rapid Spin|[of] p1a: Tentacruel
|move|p2a: Altaria|Fire Spin|p1a: Tentacruel
|-resisted|p1a: Tentacruel
|-damage|p1a: Tentacruel|40/100
|-activate|p1a: Tentacruel|move: Fire Spin|[of] p2a: Altaria
|
|-heal|p1a: Tentacruel|46/100|[from] item: Black Sludge
|-damage|p1a: Tentacruel|34/100|[from] move: Fire Spin|[partiallytrapped]
|upkeep
|turn|95
|
|t:|1668006934
|move|p1a: Tentacruel|Rapid Spin|p2a: Altaria
|-damage|p2a: Altaria|78/100
|-boost|p1a: Tentacruel|spe|1
|-end|p1a: Tentacruel|Fire Spin|[partiallytrapped]
|move|p2a: Altaria|Fire Spin|p1a: Tentacruel
|-resisted|p1a: Tentacruel
|-damage|p1a: Tentacruel|32/100
|-activate|p1a: Tentacruel|move: Fire Spin|[of] p2a: Altaria
|
|-heal|p1a: Tentacruel|38/100|[from] item: Black Sludge
|-damage|p1a: Tentacruel|25/100|[from] move: Fire Spin|[partiallytrapped]
|upkeep
|turn|96
|
|t:|1668006937
|move|p1a: Tentacruel|Rapid Spin|p2a: Altaria
|-damage|p2a: Altaria|69/100
|-boost|p1a: Tentacruel|spe|1
|-end|p1a: Tentacruel|Fire Spin|[partiallytrapped]
|move|p2a: Altaria|Fire Spin|p1a: Tentacruel
|-resisted|p1a: Tentacruel
|-damage|p1a: Tentacruel|23/100
|-activate|p1a: Tentacruel|move: Fire Spin|[of] p2a: Altaria
|
|-heal|p1a: Tentacruel|29/100|[from] item: Black Sludge
|-damage|p1a: Tentacruel|17/100|[from] move: Fire Spin|[partiallytrapped]
|upkeep
|turn|97
|
|t:|1668006939
|move|p1a: Tentacruel|Rapid Spin|p2a: Altaria
|-damage|p2a: Altaria|62/100
|-boost|p1a: Tentacruel|spe|1
|-end|p1a: Tentacruel|Fire Spin|[partiallytrapped]
|move|p2a: Altaria|Fire Spin|p1a: Tentacruel
|-resisted|p1a: Tentacruel
|-damage|p1a: Tentacruel|14/100
|-activate|p1a: Tentacruel|move: Fire Spin|[of] p2a: Altaria
|
|-heal|p1a: Tentacruel|20/100|[from] item: Black Sludge
|-damage|p1a: Tentacruel|8/100|[from] move: Fire Spin|[partiallytrapped]
|upkeep
|turn|98
|
|t:|1668006941
|move|p1a: Tentacruel|Rapid Spin|p2a: Altaria
|-damage|p2a: Altaria|53/100
|-boost|p1a: Tentacruel|spe|1
|-end|p1a: Tentacruel|Fire Spin|[partiallytrapped]
|move|p2a: Altaria|Fire Spin|p1a: Tentacruel
|-resisted|p1a: Tentacruel
|-damage|p1a: Tentacruel|6/100
|-activate|p1a: Tentacruel|move: Fire Spin|[of] p2a: Altaria
|
|-heal|p1a: Tentacruel|12/100|[from] item: Black Sludge
|-damage|p1a: Tentacruel|0 fnt|[from] move: Fire Spin|[partiallytrapped]
|faint|p1a: Tentacruel
|upkeep
|
|t:|1668006946
|switch|p1a: Rhyperior|Rhyperior, M|88/100 tox
|turn|99
|
|t:|1668006956
|move|p2a: Altaria|Roost|p2a: Altaria
|-heal|p2a: Altaria|100/100
|-singleturn|p2a: Altaria|move: Roost
|move|p1a: Rhyperior|Stealth Rock|p2a: Altaria
|-sidestart|p2: guille14|move: Stealth Rock
|
|-heal|p1a: Rhyperior|94/100 tox|[from] item: Leftovers
|-damage|p1a: Rhyperior|88/100 tox|[from] psn
|upkeep
|turn|100
|
|t:|1668006959
|switch|p2a: Quagsire|Quagsire, M|100/100
|-damage|p2a: Quagsire|94/100|[from] Stealth Rock
|move|p1a: Rhyperior|Ice Punch|p2a: Quagsire
|-damage|p2a: Quagsire|75/100
|
|-heal|p1a: Rhyperior|94/100 tox|[from] item: Leftovers
|-damage|p1a: Rhyperior|82/100 tox|[from] psn
|upkeep
|turn|101
|inactive|guille14 has 270 seconds left.
|
|t:|1668006998
|move|p1a: Rhyperior|Earthquake|p2a: Quagsire
|-damage|p2a: Quagsire|34/100
|move|p2a: Quagsire|Scald|p1a: Rhyperior
|-supereffective|p1a: Rhyperior
|-damage|p1a: Rhyperior|18/100 tox
|
|-heal|p1a: Rhyperior|24/100 tox|[from] item: Leftovers
|-damage|p1a: Rhyperior|6/100 tox|[from] psn
|upkeep
|turn|102
|inactive|guille14 has 270 seconds left.
|inactive|guille14 has 240 seconds left.
|inactive|guille14 has 210 seconds left.
|
|t:|1668007078
|switch|p2a: Registeel|Registeel|15/100
|-damage|p2a: Registeel|9/100|[from] Stealth Rock
|move|p1a: Rhyperior|Earthquake|p2a: Registeel
|-supereffective|p2a: Registeel
|-damage|p2a: Registeel|0 fnt
|faint|p2a: Registeel
|
|-heal|p1a: Rhyperior|12/100 tox|[from] item: Leftovers
|-damage|p1a: Rhyperior|0 fnt|[from] psn
|faint|p1a: Rhyperior
|upkeep
|
|t:|1668007086
|switch|p1a: Crobat|Crobat, M|89/100
|switch|p2a: Aromatisse|Aromatisse, M|85/100
|turn|103
|
|t:|1668007088
|move|p1a: Crobat|Brave Bird|p2a: Aromatisse
|-damage|p2a: Aromatisse|60/100
|-damage|p1a: Crobat|80/100|[from] Recoil
|move|p2a: Aromatisse|Wish|p2a: Aromatisse
|
|upkeep
|turn|104
|
|t:|1668007093
|move|p1a: Crobat|Brave Bird|p2a: Aromatisse
|-damage|p2a: Aromatisse|35/100
|-damage|p1a: Crobat|71/100|[from] Recoil
|move|p2a: Aromatisse|Moonblast|p1a: Crobat
|-resisted|p1a: Crobat
|-damage|p1a: Crobat|52/100
|
|-heal|p2a: Aromatisse|85/100|[from] move: Wish|[wisher] Aromatisse
|upkeep
|turn|105
|
|t:|1668007095
|move|p1a: Crobat|Roost|p1a: Crobat
|-heal|p1a: Crobat|100/100
|-singleturn|p1a: Crobat|move: Roost
|move|p2a: Aromatisse|Wish|p2a: Aromatisse
|
|upkeep
|turn|106
|inactive|guille14 has 240 seconds left.
|
|t:|1668007120
|switch|p2a: Quagsire|Quagsire, M|34/100
|-damage|p2a: Quagsire|28/100|[from] Stealth Rock
|move|p1a: Crobat|Brave Bird|p2a: Quagsire
|-damage|p2a: Quagsire|2/100
|-damage|p1a: Crobat|91/100|[from] Recoil
|
|-heal|p2a: Quagsire|54/100|[from] move: Wish|[wisher] Aromatisse
|upkeep
|turn|107
|
|t:|1668007124
|switch|p2a: Aromatisse|Aromatisse, M|85/100
|move|p1a: Crobat|Taunt|p2a: Aromatisse
|-block|p2a: Aromatisse|ability: Aroma Veil|[of] p2a: Aromatisse
|
|upkeep
|turn|108
|
|t:|1668007131
|move|p2a: Aromatisse|Protect|p2a: Aromatisse
|-singleturn|p2a: Aromatisse|Protect
|move|p1a: Crobat|Brave Bird|p2a: Aromatisse
|-activate|p2a: Aromatisse|move: Protect
|
|upkeep
|turn|109
|
|t:|1668007134
|move|p1a: Crobat|Brave Bird|p2a: Aromatisse
|-damage|p2a: Aromatisse|62/100
|-damage|p1a: Crobat|83/100|[from] Recoil
|move|p2a: Aromatisse|Wish|p2a: Aromatisse
|
|upkeep
|turn|110
|
|t:|1668007138
|move|p1a: Crobat|U-turn|p2a: Aromatisse
|-resisted|p2a: Aromatisse
|-damage|p2a: Aromatisse|57/100
|
|t:|1668007140
|switch|p1a: Bronzong|Bronzong|85/100 slp|[from]move: U-turn
|move|p2a: Aromatisse|Moonblast|p1a: Bronzong
|-resisted|p1a: Bronzong
|-damage|p1a: Bronzong|72/100 slp
|
|-heal|p2a: Aromatisse|100/100|[from] move: Wish|[wisher] Aromatisse
|upkeep
|turn|111
|
|t:|1668007153
|switch|p1a: Crobat|Crobat, M|83/100
|move|p2a: Aromatisse|Wish|p2a: Aromatisse
|
|upkeep
|turn|112
|
|t:|1668007155
|switch|p2a: Quagsire|Quagsire, M|54/100
|-damage|p2a: Quagsire|48/100|[from] Stealth Rock
|move|p1a: Crobat|U-turn|p2a: Quagsire
|-damage|p2a: Quagsire|39/100
|
|t:|1668007157
|switch|p1a: Chandelure|Chandelure, M|5/100|[from]move: U-turn
|
|-heal|p2a: Quagsire|91/100|[from] move: Wish|[wisher] Aromatisse
|upkeep
|turn|113
|
|t:|1668007166
|switch|p2a: Aromatisse|Aromatisse, M|100/100
|move|p1a: Chandelure|Energy Ball|p2a: Aromatisse
|-damage|p2a: Aromatisse|70/100
|
|upkeep
|turn|114
|
|t:|1668007173
|switch|p1a: Crobat|Crobat, M|83/100
|move|p2a: Aromatisse|Moonblast|p1a: Crobat
|-resisted|p1a: Crobat
|-damage|p1a: Crobat|64/100
|-unboost|p1a: Crobat|spa|1
|
|upkeep
|turn|115
|
|t:|1668007176
|move|p1a: Crobat|U-turn|p2a: Aromatisse
|-resisted|p2a: Aromatisse
|-crit|p2a: Aromatisse
|-damage|p2a: Aromatisse|62/100
|
|t:|1668007177
|switch|p1a: Bronzong|Bronzong|72/100 slp|[from]move: U-turn
|move|p2a: Aromatisse|Moonblast|p1a: Bronzong
|-resisted|p1a: Bronzong
|-damage|p1a: Bronzong|60/100 slp
|
|upkeep
|turn|116
|
|t:|1668007186
|switch|p2a: Altaria|Altaria, F|100/100
|-damage|p2a: Altaria|76/100|[from] Stealth Rock
|-curestatus|p1a: Bronzong|slp|[msg]
|move|p1a: Bronzong|Rest|p1a: Bronzong
|-status|p1a: Bronzong|slp|[from] move: Rest
|-heal|p1a: Bronzong|100/100 slp|[silent]
|
|upkeep
|turn|117
|
|t:|1668007188
|switch|p1a: Chandelure|Chandelure, M|5/100
|move|p2a: Altaria|Defog|p1a: Chandelure
|-unboost|p1a: Chandelure|evasion|1
|-sideend|p2: guille14|Stealth Rock|[from] move: Defog|[of] p2a: Altaria
|
|upkeep
|turn|118
|
|t:|1668007196
|move|p1a: Chandelure|Shadow Ball|p2a: Altaria
|-damage|p2a: Altaria|45/100
|move|p2a: Altaria|Perish Song|p2a: Altaria
|-start|p1a: Chandelure|perish3|[silent]
|-start|p2a: Altaria|perish3|[silent]
|-fieldactivate|move: Perish Song
|
|-start|p1a: Chandelure|perish3
|-start|p2a: Altaria|perish3
|upkeep
|turn|119
|
|t:|1668007200
|move|p1a: Chandelure|Shadow Ball|p2a: Altaria
|-damage|p2a: Altaria|17/100
|move|p2a: Altaria|Roost|p2a: Altaria
|-heal|p2a: Altaria|67/100
|-singleturn|p2a: Altaria|move: Roost
|
|-start|p1a: Chandelure|perish2
|-start|p2a: Altaria|perish2
|upkeep
|turn|120
|
|t:|1668007203
|move|p1a: Chandelure|Shadow Ball|p2a: Altaria
|-damage|p2a: Altaria|35/100
|move|p2a: Altaria|Roost|p2a: Altaria
|-heal|p2a: Altaria|85/100
|-singleturn|p2a: Altaria|move: Roost
|
|-start|p1a: Chandelure|perish1
|-start|p2a: Altaria|perish1
|upkeep
|turn|121
|
|t:|1668007214
|switch|p1a: Crobat|Crobat, M|64/100
|switch|p2a: Aromatisse|Aromatisse, M|62/100
|
|upkeep
|turn|122
|
|t:|1668007219
|move|p1a: Crobat|Brave Bird|p2a: Aromatisse
|-damage|p2a: Aromatisse|35/100
|-damage|p1a: Crobat|54/100|[from] Recoil
|move|p2a: Aromatisse|Wish|p2a: Aromatisse
|
|upkeep
|turn|123
|
|t:|1668007222
|move|p2a: Aromatisse|Protect|p2a: Aromatisse
|-singleturn|p2a: Aromatisse|Protect
|move|p1a: Crobat|Roost|p1a: Crobat
|-heal|p1a: Crobat|100/100
|-singleturn|p1a: Crobat|move: Roost
|
|-heal|p2a: Aromatisse|85/100|[from] move: Wish|[wisher] Aromatisse
|upkeep
|turn|124
|
|t:|1668007230
|move|p1a: Crobat|Brave Bird|p2a: Aromatisse
|-damage|p2a: Aromatisse|60/100
|-damage|p1a: Crobat|92/100|[from] Recoil
|move|p2a: Aromatisse|Moonblast|p1a: Crobat
|-resisted|p1a: Crobat
|-damage|p1a: Crobat|73/100
|-unboost|p1a: Crobat|spa|1
|
|upkeep
|turn|125
|
|t:|1668007238
|switch|p2a: Quagsire|Quagsire, M|91/100
|move|p1a: Crobat|Brave Bird|p2a: Quagsire
|-damage|p2a: Quagsire|68/100
|-damage|p1a: Crobat|66/100|[from] Recoil
|
|upkeep
|turn|126
|
|t:|1668007242
|move|p1a: Crobat|U-turn|p2a: Quagsire
|-damage|p2a: Quagsire|59/100
|
|t:|1668007243
|switch|p1a: Bronzong|Bronzong|100/100 slp|[from]move: U-turn
|move|p2a: Quagsire|Scald|p1a: Bronzong
|-damage|p1a: Bronzong|85/100 slp
|
|upkeep
|turn|127
|
|t:|1668007252
|switch|p2a: Aromatisse|Aromatisse, M|60/100
|cant|p1a: Bronzong|slp
|
|upkeep
|turn|128
|
|t:|1668007260
|cant|p1a: Bronzong|slp
|move|p2a: Aromatisse|Moonblast|p1a: Bronzong
|-resisted|p1a: Bronzong
|-damage|p1a: Bronzong|72/100 slp
|-unboost|p1a: Bronzong|spa|1
|
|upkeep
|turn|129
|
|t:|1668007265
|-curestatus|p1a: Bronzong|slp|[msg]
|move|p1a: Bronzong|Body Press|p2a: Aromatisse
|-resisted|p2a: Aromatisse
|-damage|p2a: Aromatisse|51/100
|move|p2a: Aromatisse|Wish|p2a: Aromatisse
|
|upkeep
|turn|130
|
|t:|1668007271
|switch|p1a: Crobat|Crobat, M|66/100
|move|p2a: Aromatisse|Moonblast|p1a: Crobat
|-resisted|p1a: Crobat
|-damage|p1a: Crobat|48/100
|
|-heal|p2a: Aromatisse|100/100|[from] move: Wish|[wisher] Aromatisse
|upkeep
|turn|131
|
|t:|1668007274
|switch|p2a: Quagsire|Quagsire, M|59/100
|move|p1a: Crobat|Roost|p1a: Crobat
|-heal|p1a: Crobat|98/100
|-singleturn|p1a: Crobat|move: Roost
|
|upkeep
|turn|132
|
|t:|1668007276
|move|p1a: Crobat|U-turn|p2a: Quagsire
|-damage|p2a: Quagsire|50/100
|
|t:|1668007278
|switch|p1a: Bronzong|Bronzong|72/100|[from]move: U-turn
|move|p2a: Quagsire|Scald|p1a: Bronzong
|-damage|p1a: Bronzong|58/100
|
|upkeep
|turn|133
|
|t:|1668007282
|switch|p2a: Altaria|Altaria, F|85/100
|move|p1a: Bronzong|Rest|p1a: Bronzong
|-status|p1a: Bronzong|slp|[from] move: Rest
|-heal|p1a: Bronzong|100/100 slp|[silent]
|
|upkeep
|turn|134
|
|t:|1668007285
|switch|p2a: Aromatisse|Aromatisse, M|100/100
|switch|p1a: Chandelure|Chandelure, M|5/100
|
|upkeep
|turn|135
|
|t:|1668007287
|switch|p1a: Crobat|Crobat, M|98/100
|switch|p2a: Altaria|Altaria, F|85/100
|
|upkeep
|turn|136
|
|t:|1668007289
|switch|p2a: Aromatisse|Aromatisse, M|100/100
|move|p1a: Crobat|Brave Bird|p2a: Aromatisse
|-damage|p2a: Aromatisse|73/100
|-damage|p1a: Crobat|88/100|[from] Recoil
|
|upkeep
|turn|137
|
|t:|1668007293
|move|p2a: Aromatisse|Protect|p2a: Aromatisse
|-singleturn|p2a: Aromatisse|Protect
|move|p1a: Crobat|Brave Bird|p2a: Aromatisse
|-activate|p2a: Aromatisse|move: Protect
|
|upkeep
|turn|138
|
|t:|1668007304
|move|p1a: Crobat|Brave Bird|p2a: Aromatisse
|-damage|p2a: Aromatisse|47/100
|-damage|p1a: Crobat|79/100|[from] Recoil
|move|p2a: Aromatisse|Moonblast|p1a: Crobat
|-resisted|p1a: Crobat
|-damage|p1a: Crobat|60/100
|
|upkeep
|turn|139
|
|t:|1668007307
|move|p1a: Crobat|Brave Bird|p2a: Aromatisse
|-damage|p2a: Aromatisse|23/100
|-damage|p1a: Crobat|51/100|[from] Recoil
|move|p2a: Aromatisse|Wish|p2a: Aromatisse
|
|upkeep
|turn|140
|
|t:|1668007311
|move|p2a: Aromatisse|Protect|p2a: Aromatisse
|-singleturn|p2a: Aromatisse|Protect
|move|p1a: Crobat|Roost|p1a: Crobat
|-heal|p1a: Crobat|100/100
|-singleturn|p1a: Crobat|move: Roost
|
|-heal|p2a: Aromatisse|73/100|[from] move: Wish|[wisher] Aromatisse
|upkeep
|turn|141
|
|t:|1668007316
|switch|p2a: Altaria|Altaria, F|85/100
|move|p1a: Crobat|U-turn|p2a: Altaria
|-resisted|p2a: Altaria
|-damage|p2a: Altaria|78/100
|
|t:|1668007317
|switch|p1a: Chandelure|Chandelure, M|5/100|[from]move: U-turn
|
|upkeep
|turn|142
|
|t:|1668007324
|move|p1a: Chandelure|Shadow Ball|p2a: Altaria
|-damage|p2a: Altaria|46/100
|-unboost|p2a: Altaria|spd|1
|move|p2a: Altaria|Perish Song|p2a: Altaria
|-start|p1a: Chandelure|perish3|[silent]
|-start|p2a: Altaria|perish3|[silent]
|-fieldactivate|move: Perish Song
|
|-start|p1a: Chandelure|perish3
|-start|p2a: Altaria|perish3
|upkeep
|turn|143
|
|t:|1668007332
|move|p1a: Chandelure|Shadow Ball|p2a: Altaria
|-damage|p2a: Altaria|0 fnt
|faint|p2a: Altaria
|
|-start|p1a: Chandelure|perish2
|upkeep
|
|t:|1668007335
|switch|p2a: Aromatisse|Aromatisse, M|73/100
|turn|144
|c|☆guille14|gg
|c|☆Luna's Bann3d Now|gg
|-message|guille14 forfeited.
|
|win|Luna's Bann3d Now
