|inactive|Battle timer is ON: inactive players will automatically lose when time's up.
|t:|1607883917
|player|p1|dhehehdh|preschoolerf|
|player|p2|Silvally-Gold|teacher-gen2|
|teamsize|p1|6
|teamsize|p2|6
|gametype|singles
|gen|8
|tier|[Gen 8] RU
|clearpoke
|poke|p1|Diggersby, F|
|poke|p1|Gardevoir, F|
|poke|p1|Klefki, M|
|poke|p1|Dragalge, F|
|poke|p1|Suicune|
|poke|p1|Uxie|
|poke|p2|Avalugg, M|
|poke|p2|Quagsire, M|
|poke|p2|Raikou|
|poke|p2|Umbreon, M|
|poke|p2|Reuniclus, F|
|poke|p2|Weezing-Galar, M|
|rule|Sleep Clause Mod: Limit one foe put to sleep
|rule|Species Clause: Limit one of each Pokémon
|rule|OHKO Clause: OHKO moves are banned
|rule|Evasion Moves Clause: Evasion moves are banned
|rule|Endless Battle Clause: Forcing endless battles is banned
|rule|HP Percentage Mod: HP is shown in percentages
|rule|Dynamax Clause: You cannot dynamax
|teampreview
|inactive|dhehehdh has 270 seconds left.
|inactive|Silvally-Gold has 270 seconds left.
|c|☆dhehehdh|hf
|c|☆Silvally-Gold|hf
|inactive|Silvally-Gold has 240 seconds left.
|inactive|Silvally-Gold has 210 seconds left.
|
|t:|1607884026
|start
|switch|p1a: Uxie|Uxie|100/100
|switch|p2a: Reuniclus|Reuniclus, F, shiny|100/100
|turn|1
|
|t:|1607884032
|move|p1a: Uxie|Knock Off|p2a: Reuniclus
|-supereffective|p2a: Reuniclus
|-damage|p2a: Reuniclus|49/100
|-enditem|p2a: Reuniclus|Assault Vest|[from] move: Knock Off|[of] p1a: Uxie
|move|p2a: Reuniclus|Knock Off|p1a: Uxie
|-supereffective|p1a: Uxie
|-enditem|p1a: Uxie|Colbur Berry|[eat]
|-enditem|p1a: Uxie|Colbur Berry|[weaken]
|-damage|p1a: Uxie|86/100
|
|upkeep
|turn|2
|
|t:|1607884041
|switch|p2a: Umbreon|Umbreon, M|100/100
|move|p1a: Uxie|Stealth Rock|p2a: Umbreon
|-sidestart|p2: Silvally-Gold|move: Stealth Rock
|
|upkeep
|turn|3
|inactive|Silvally-Gold has 270 seconds left.
|
|t:|1607884057
|move|p1a: Uxie|U-turn|p2a: Umbreon
|-supereffective|p2a: Umbreon
|-damage|p2a: Umbreon|74/100
|
|t:|1607884060
|switch|p1a: Klefki|Klefki, M|100/100|[from]move: U-turn
|move|p2a: Umbreon|Wish|p2a: Umbreon
|
|-heal|p2a: Umbreon|80/100|[from] item: Leftovers
|upkeep
|turn|4
|inactive|Silvally-Gold has 270 seconds left.
|
|t:|1607884072
|switch|p2a: Reuniclus|Reuniclus, F, shiny|82/100
|-damage|p2a: Reuniclus|70/100|[from] Stealth Rock
|move|p1a: Klefki|Spikes|p2a: Reuniclus
|-sidestart|p2: Silvally-Gold|Spikes
|
|-heal|p2a: Reuniclus|100/100|[from] move: Wish|[wisher] Umbreon
|upkeep
|turn|5
|inactive|Silvally-Gold has 270 seconds left.
|
|t:|1607884081
|move|p1a: Klefki|Toxic|p2a: Reuniclus
|-status|p2a: Reuniclus|tox
|move|p2a: Reuniclus|Knock Off|p1a: Klefki
|-resisted|p1a: Klefki
|-damage|p1a: Klefki|95/100
|-enditem|p1a: Klefki|Leftovers|[from] move: Knock Off|[of] p2a: Reuniclus
|
|-damage|p2a: Reuniclus|94/100 tox|[from] psn
|upkeep
|turn|6
|
|t:|1607884088
|switch|p1a: Uxie|Uxie|86/100
|switch|p2a: Weezing|Weezing-Galar, M|100/100
|-ability|p2a: Weezing|Neutralizing Gas
|
|upkeep
|turn|7
|inactive|Silvally-Gold has 270 seconds left.
|inactive|Silvally-Gold has 240 seconds left.
|c|+TNunes|G2?
|c|☆Silvally-Gold|y
|inactive|Silvally-Gold has 210 seconds left.
|inactive|Silvally-Gold has 180 seconds left.
|
|t:|1607884209
|switch|p2a: Umbreon|Umbreon, M|80/100
|-damage|p2a: Umbreon|68/100|[from] Spikes
|-damage|p2a: Umbreon|55/100|[from] Stealth Rock
|move|p1a: Uxie|Knock Off|p2a: Umbreon
|-resisted|p2a: Umbreon
|-damage|p2a: Umbreon|46/100
|-enditem|p2a: Umbreon|Leftovers|[from] move: Knock Off|[of] p1a: Uxie
|
|upkeep
|turn|8
|
|t:|1607884217
|move|p1a: Uxie|U-turn|p2a: Umbreon
|-supereffective|p2a: Umbreon
|-damage|p2a: Umbreon|17/100
|
|t:|1607884221
|switch|p1a: Gardevoir|Gardevoir, F|100/100|[from]move: U-turn
|-ability|p1a: Gardevoir|Synchronize|[from] ability: Trace|[of] p2a: Umbreon
|move|p2a: Umbreon|Wish|p2a: Umbreon
|
|upkeep
|turn|9
|inactive|Silvally-Gold has 180 seconds left.
|
|t:|1607884229
|move|p2a: Umbreon|Protect|p2a: Umbreon
|-singleturn|p2a: Umbreon|Protect
|move|p1a: Gardevoir|Moonblast|p2a: Umbreon
|-activate|p2a: Umbreon|move: Protect
|
|-heal|p2a: Umbreon|67/100|[from] move: Wish|[wisher] Umbreon
|upkeep
|turn|10
|
|t:|1607884236
|switch|p1a: Diggersby|Diggersby, F|100/100
|switch|p2a: Weezing|Weezing-Galar, M|100/100
|-ability|p2a: Weezing|Neutralizing Gas
|
|upkeep
|turn|11
|
|t:|1607884251
|move|p1a: Diggersby|U-turn|p2a: Weezing
|-resisted|p2a: Weezing
|-damage|p2a: Weezing|98/100
|
|t:|1607884254
|switch|p1a: Uxie|Uxie|86/100|[from]move: U-turn
|move|p2a: Weezing|Defog|p1a: Uxie
|-unboost|p1a: Uxie|evasion|1
|-sideend|p2: Silvally-Gold|Spikes|[from] move: Defog|[of] p2a: Weezing
|-sideend|p2: Silvally-Gold|Stealth Rock|[from] move: Defog|[of] p2a: Weezing
|
|upkeep
|turn|12
|
|t:|1607884278
|switch|p2a: Reuniclus|Reuniclus, F, shiny|100/100 tox
|move|p1a: Uxie|Stealth Rock|p2a: Reuniclus
|-sidestart|p2: Silvally-Gold|move: Stealth Rock
|
|-damage|p2a: Reuniclus|94/100 tox|[from] psn
|upkeep
|turn|13
|
|t:|1607884287
|move|p1a: Uxie|U-turn|p2a: Reuniclus
|-supereffective|p2a: Reuniclus
|-damage|p2a: Reuniclus|55/100 tox
|
|t:|1607884293
|switch|p1a: Klefki|Klefki, M|95/100|[from]move: U-turn
|move|p2a: Reuniclus|Future Sight|p1a: Klefki
|-start|p2a: Reuniclus|move: Future Sight
|
|-damage|p2a: Reuniclus|43/100 tox|[from] psn
|upkeep
|turn|14
|
|t:|1607884303
|switch|p2a: Weezing|Weezing-Galar, M|98/100
|-ability|p2a: Weezing|Neutralizing Gas
|move|p1a: Klefki|Dazzling Gleam|p2a: Weezing
|-resisted|p2a: Weezing
|-damage|p2a: Weezing|82/100
|
|upkeep
|turn|15
|inactive|Silvally-Gold has 210 seconds left.
|inactive|dhehehdh has 270 seconds left.
|
|t:|1607884334
|switch|p1a: Uxie|Uxie|86/100
|move|p2a: Weezing|Defog|p1a: Uxie
|-unboost|p1a: Uxie|evasion|1
|-sideend|p2: Silvally-Gold|Stealth Rock|[from] move: Defog|[of] p2a: Weezing
|
|-end|p1a: Uxie|move: Future Sight
|-resisted|p1a: Uxie
|-damage|p1a: Uxie|63/100
|upkeep
|turn|16
|inactive|Silvally-Gold has 210 seconds left.
|
|t:|1607884353
|switch|p2a: Quagsire|Quagsire, M|100/100
|move|p1a: Uxie|Stealth Rock|p2a: Quagsire
|-sidestart|p2: Silvally-Gold|move: Stealth Rock
|
|upkeep
|turn|17
|
|t:|1607884358
|move|p1a: Uxie|Knock Off|p2a: Quagsire
|-damage|p2a: Quagsire|85/100
|-enditem|p2a: Quagsire|Leftovers|[from] move: Knock Off|[of] p1a: Uxie
|move|p2a: Quagsire|Scald|p1a: Uxie
|-damage|p1a: Uxie|46/100
|-status|p1a: Uxie|brn
|
|-damage|p1a: Uxie|40/100 brn|[from] brn
|upkeep
|turn|18
|
|t:|1607884367
|move|p1a: Uxie|U-turn|p2a: Quagsire
|-damage|p2a: Quagsire|80/100
|
|t:|1607884370
|switch|p1a: Suicune|Suicune|100/100|[from]move: U-turn
|-ability|p1a: Suicune|Pressure
|move|p2a: Quagsire|Earthquake|p1a: Suicune
|-damage|p1a: Suicune|81/100
|
|-heal|p1a: Suicune|87/100|[from] item: Leftovers
|upkeep
|turn|19
|
|t:|1607884378
|move|p1a: Suicune|Calm Mind|p1a: Suicune
|-boost|p1a: Suicune|spa|1
|-boost|p1a: Suicune|spd|1
|move|p2a: Quagsire|Recover|p2a: Quagsire
|-heal|p2a: Quagsire|100/100
|
|-heal|p1a: Suicune|94/100|[from] item: Leftovers
|upkeep
|turn|20
|
|t:|1607884382
|move|p1a: Suicune|Scald|p2a: Quagsire
|-damage|p2a: Quagsire|70/100
|move|p2a: Quagsire|Haze|p2a: Quagsire
|-clearallboost
|
|-heal|p1a: Suicune|99/100|[from] item: Leftovers
|upkeep
|turn|21
|
|t:|1607884388
|switch|p2a: Raikou|Raikou, shiny|100/100
|-damage|p2a: Raikou|88/100|[from] Stealth Rock
|-ability|p2a: Raikou|Pressure
|move|p1a: Suicune|Scald|p2a: Raikou
|-damage|p2a: Raikou|66/100
|
|-heal|p2a: Raikou|72/100|[from] item: Leftovers
|-heal|p1a: Suicune|100/100|[from] item: Leftovers
|upkeep
|turn|22
|
|t:|1607884396
|switch|p1a: Dragalge|Dragalge, F|100/100
|move|p2a: Raikou|Discharge|p1a: Dragalge
|-resisted|p1a: Dragalge
|-damage|p1a: Dragalge|84/100
|
|-heal|p2a: Raikou|79/100|[from] item: Leftovers
|upkeep
|turn|23
|
|t:|1607884406
|move|p2a: Raikou|Calm Mind|p2a: Raikou
|-boost|p2a: Raikou|spa|1
|-boost|p2a: Raikou|spd|1
|move|p1a: Dragalge|Toxic Spikes|p2a: Raikou
|-sidestart|p2: Silvally-Gold|move: Toxic Spikes
|
|-heal|p2a: Raikou|85/100|[from] item: Leftovers
|upkeep
|turn|24
|
|t:|1607884413
|move|p2a: Raikou|Discharge|p1a: Dragalge
|-resisted|p1a: Dragalge
|-crit|p1a: Dragalge
|-damage|p1a: Dragalge|52/100
|-status|p1a: Dragalge|par
|move|p1a: Dragalge|Flip Turn|p2a: Raikou
|-damage|p2a: Raikou|74/100
|
|t:|1607884415
|switch|p1a: Diggersby|Diggersby, F|100/100|[from]move: Flip Turn
|
|-heal|p2a: Raikou|80/100|[from] item: Leftovers
|upkeep
|turn|25
|inactive|Silvally-Gold has 270 seconds left.
|
|t:|1607884425
|switch|p2a: Avalugg|Avalugg, M|100/100
|move|p1a: Diggersby|Earthquake|p2a: Avalugg
|-damage|p2a: Avalugg|74/100
|
|upkeep
|turn|26
|
|t:|1607884435
|switch|p1a: Gardevoir|Gardevoir, F|100/100
|-ability|p1a: Gardevoir|Sturdy|[from] ability: Trace|[of] p2a: Avalugg
|move|p2a: Avalugg|Rapid Spin|p1a: Gardevoir
|-damage|p1a: Gardevoir|79/100
|-boost|p2a: Avalugg|spe|1
|-sideend|p2: Silvally-Gold|Toxic Spikes|[from] move: Rapid Spin|[of] p2a: Avalugg
|-sideend|p2: Silvally-Gold|Stealth Rock|[from] move: Rapid Spin|[of] p2a: Avalugg
|
|upkeep
|turn|27
|
|t:|1607884445
|switch|p2a: Reuniclus|Reuniclus, F, shiny|76/100 tox
|move|p1a: Gardevoir|Moonblast|p2a: Reuniclus
|-damage|p2a: Reuniclus|26/100 tox
|
|-damage|p2a: Reuniclus|20/100 tox|[from] psn
|upkeep
|turn|28
|inactive|Silvally-Gold has 270 seconds left.
|inactive|Silvally-Gold has 240 seconds left.
|
|t:|1607884517
|move|p1a: Gardevoir|Moonblast|p2a: Reuniclus
|-damage|p2a: Reuniclus|0 fnt
|faint|p2a: Reuniclus
|
|upkeep
|
|t:|1607884520
|switch|p2a: Weezing|Weezing-Galar, M|82/100
|-ability|p2a: Weezing|Neutralizing Gas
|turn|29
|
|t:|1607884527
|switch|p1a: Suicune|Suicune|100/100
|move|p2a: Weezing|Toxic Spikes|p1a: Suicune
|-sidestart|p1: dhehehdh|move: Toxic Spikes
|
|upkeep
|turn|30
|
|t:|1607884534
|-ability|p1a: Suicune|Pressure
|switch|p2a: Raikou|Raikou, shiny|80/100
|-ability|p2a: Raikou|Pressure
|move|p1a: Suicune|Scald|p2a: Raikou
|-damage|p2a: Raikou|59/100
|-status|p2a: Raikou|brn
|
|-heal|p2a: Raikou|66/100 brn|[from] item: Leftovers
|-damage|p2a: Raikou|59/100 brn|[from] brn
|upkeep
|turn|31
|inactive|Silvally-Gold has 240 seconds left.
|
|t:|1607884544
|switch|p1a: Dragalge|Dragalge, F|52/100 par
|-sideend|p1: dhehehdh|move: Toxic Spikes|[of] p1a: Dragalge
|move|p2a: Raikou|Calm Mind|p2a: Raikou
|-boost|p2a: Raikou|spa|1
|-boost|p2a: Raikou|spd|1
|
|-heal|p2a: Raikou|66/100 brn|[from] item: Leftovers
|-damage|p2a: Raikou|59/100 brn|[from] brn
|upkeep
|turn|32
|
|t:|1607884551
|move|p2a: Raikou|Calm Mind|p2a: Raikou
|-boost|p2a: Raikou|spa|1
|-boost|p2a: Raikou|spd|1
|cant|p1a: Dragalge|par
|
|-heal|p2a: Raikou|66/100 brn|[from] item: Leftovers
|-damage|p2a: Raikou|59/100 brn|[from] brn
|upkeep
|turn|33
|
|t:|1607884560
|move|p2a: Raikou|Calm Mind|p2a: Raikou
|-boost|p2a: Raikou|spa|1
|-boost|p2a: Raikou|spd|1
|cant|p1a: Dragalge|par
|
|-heal|p2a: Raikou|66/100 brn|[from] item: Leftovers
|-damage|p2a: Raikou|59/100 brn|[from] brn
|upkeep
|turn|34
|
|t:|1607884569
|move|p2a: Raikou|Discharge|p1a: Dragalge
|-resisted|p1a: Dragalge
|-damage|p1a: Dragalge|15/100 par
|move|p1a: Dragalge|Flip Turn|p2a: Raikou
|-damage|p2a: Raikou|48/100 brn
|
|t:|1607884570
|switch|p1a: Diggersby|Diggersby, F|100/100|[from]move: Flip Turn
|
|-heal|p2a: Raikou|54/100 brn|[from] item: Leftovers
|-damage|p2a: Raikou|48/100 brn|[from] brn
|upkeep
|turn|35
|
|t:|1607884586
|move|p1a: Diggersby|Knock Off|p2a: Raikou
|-damage|p2a: Raikou|7/100 brn
|-enditem|p2a: Raikou|Leftovers|[from] move: Knock Off|[of] p1a: Diggersby
|move|p2a: Raikou|Rest|p2a: Raikou
|-status|p2a: Raikou|slp|[from] move: Rest
|-heal|p2a: Raikou|100/100 slp|[silent]
|
|upkeep
|turn|36
|c|+termiii|gsc tech
|
|t:|1607884608
|switch|p1a: Dragalge|Dragalge, F|15/100 par
|switch|p2a: Umbreon|Umbreon, M|67/100
|
|upkeep
|turn|37
|
|t:|1607884622
|switch|p1a: Klefki|Klefki, M|95/100
|move|p2a: Umbreon|Foul Play|p1a: Klefki
|-resisted|p1a: Klefki
|-damage|p1a: Klefki|87/100
|
|upkeep
|turn|38
|inactive|Silvally-Gold has 270 seconds left.
|
|t:|1607884627
|move|p1a: Klefki|Spikes|p2a: Umbreon
|-sidestart|p2: Silvally-Gold|Spikes
|move|p2a: Umbreon|Wish|p2a: Umbreon
|
|upkeep
|turn|39
|
|t:|1607884635
|switch|p1a: Gardevoir|Gardevoir, F|79/100
|-ability|p1a: Gardevoir|Synchronize|[from] ability: Trace|[of] p2a: Umbreon
|move|p2a: Umbreon|Foul Play|p1a: Gardevoir
|-damage|p1a: Gardevoir|49/100
|
|-heal|p2a: Umbreon|100/100|[from] move: Wish|[wisher] Umbreon
|upkeep
|turn|40
|
|t:|1607884646
|move|p2a: Umbreon|Protect|p2a: Umbreon
|-singleturn|p2a: Umbreon|Protect
|move|p1a: Gardevoir|Moonblast|p2a: Umbreon
|-activate|p2a: Umbreon|move: Protect
|
|upkeep
|turn|41
|inactive|Silvally-Gold has 270 seconds left.
|inactive|Silvally-Gold has 240 seconds left.
|inactive|Silvally-Gold has 210 seconds left.
|
|t:|1607884748
|move|p1a: Gardevoir|Moonblast|p2a: Umbreon
|-supereffective|p2a: Umbreon
|-damage|p2a: Umbreon|27/100
|move|p2a: Umbreon|Foul Play|p1a: Gardevoir
|-damage|p1a: Gardevoir|19/100
|
|upkeep
|turn|42
|
|t:|1607884758
|move|p2a: Umbreon|Protect|p2a: Umbreon
|-singleturn|p2a: Umbreon|Protect
|move|p1a: Gardevoir|Moonblast|p2a: Umbreon
|-activate|p2a: Umbreon|move: Protect
|
|upkeep
|turn|43
|inactive|Silvally-Gold has 180 seconds left.
|
|t:|1607884778
|switch|p2a: Quagsire|Quagsire, M|70/100
|-damage|p2a: Quagsire|58/100|[from] Spikes
|move|p1a: Gardevoir|Moonblast|p2a: Quagsire
|-damage|p2a: Quagsire|0 fnt
|faint|p2a: Quagsire
|
|upkeep
|inactive|Silvally-Gold has 180 seconds left.
|
|t:|1607884784
|switch|p2a: Weezing|Weezing-Galar, M|82/100
|-ability|p2a: Weezing|Neutralizing Gas
|turn|44
|inactive|Silvally-Gold has 180 seconds left.
|
|t:|1607884794
|switch|p1a: Klefki|Klefki, M|87/100
|move|p2a: Weezing|Strange Steam|p1a: Klefki
|-resisted|p1a: Klefki
|-damage|p1a: Klefki|71/100
|
|upkeep
|turn|45
|
|t:|1607884800
|move|p1a: Klefki|Thunder Wave|p2a: Weezing|[miss]
|-miss|p1a: Klefki|p2a: Weezing
|move|p2a: Weezing|Toxic Spikes|p1a: Klefki
|-sidestart|p1: dhehehdh|move: Toxic Spikes
|
|upkeep
|turn|46
|
|t:|1607884806
|move|p1a: Klefki|Thunder Wave|p2a: Weezing
|-status|p2a: Weezing|par
|move|p2a: Weezing|Strange Steam|p1a: Klefki
|-resisted|p1a: Klefki
|-damage|p1a: Klefki|56/100
|
|upkeep
|turn|47
|
|t:|1607884814
|move|p1a: Klefki|Spikes|p2a: Weezing
|-sidestart|p2: Silvally-Gold|Spikes
|move|p2a: Weezing|Strange Steam|p1a: Klefki
|-resisted|p1a: Klefki
|-damage|p1a: Klefki|40/100
|
|upkeep
|turn|48
|
|t:|1607884820
|move|p1a: Klefki|Spikes|p2a: Weezing
|-sidestart|p2: Silvally-Gold|Spikes
|move|p2a: Weezing|Strange Steam|p1a: Klefki|[miss]
|-miss|p2a: Weezing|p1a: Klefki
|
|upkeep
|turn|49
|
|t:|1607884828
|switch|p1a: Dragalge|Dragalge, F|15/100 par
|-sideend|p1: dhehehdh|move: Toxic Spikes|[of] p1a: Dragalge
|move|p2a: Weezing|Strange Steam|p1a: Dragalge
|-damage|p1a: Dragalge|0 fnt
|faint|p1a: Dragalge
|
|upkeep
|
|t:|1607884832
|switch|p1a: Gardevoir|Gardevoir, F|19/100
|turn|50
|inactive|Silvally-Gold has 210 seconds left.
|inactive|dhehehdh has 270 seconds left.
|
|t:|1607884863
|switch|p1a: Suicune|Suicune|100/100
|move|p2a: Weezing|Strange Steam|p1a: Suicune
|-damage|p1a: Suicune|80/100
|
|-heal|p1a: Suicune|86/100|[from] item: Leftovers
|upkeep
|turn|51
|
|t:|1607884870
|move|p1a: Suicune|Substitute|p1a: Suicune
|-start|p1a: Suicune|Substitute
|-damage|p1a: Suicune|61/100
|move|p2a: Weezing|Toxic Spikes|p1a: Suicune
|-sidestart|p1: dhehehdh|move: Toxic Spikes
|
|-heal|p1a: Suicune|68/100|[from] item: Leftovers
|upkeep
|turn|52
|
|t:|1607884877
|-ability|p1a: Suicune|Pressure
|switch|p2a: Raikou|Raikou, shiny|100/100 slp
|-damage|p2a: Raikou|75/100 slp|[from] Spikes
|-ability|p2a: Raikou|Pressure
|move|p1a: Suicune|Calm Mind|p1a: Suicune
|-boost|p1a: Suicune|spa|1
|-boost|p1a: Suicune|spd|1
|
|-heal|p1a: Suicune|74/100|[from] item: Leftovers
|upkeep
|turn|53
|
|t:|1607884885
|cant|p2a: Raikou|slp
|move|p2a: Raikou|Sleep Talk|p2a: Raikou
|move|p2a: Raikou|Rest||[from]move: Sleep Talk|[still]
|-fail|p2a: Raikou
|move|p1a: Suicune|Scald|p2a: Raikou
|-damage|p2a: Raikou|44/100 slp
|
|-heal|p1a: Suicune|80/100|[from] item: Leftovers
|upkeep
|turn|54
|
|t:|1607884894
|cant|p2a: Raikou|slp
|move|p2a: Raikou|Sleep Talk|p2a: Raikou
|move|p2a: Raikou|Calm Mind|p2a: Raikou|[from]move: Sleep Talk
|-boost|p2a: Raikou|spa|1
|-boost|p2a: Raikou|spd|1
|move|p1a: Suicune|Scald|p2a: Raikou
|-damage|p2a: Raikou|23/100 slp
|
|-heal|p1a: Suicune|86/100|[from] item: Leftovers
|upkeep
|turn|55
|
|t:|1607884904
|-curestatus|p2a: Raikou|slp|[msg]
|move|p2a: Raikou|Rest|p2a: Raikou
|-status|p2a: Raikou|slp|[from] move: Rest
|-heal|p2a: Raikou|100/100 slp|[silent]
|move|p1a: Suicune|Calm Mind|p1a: Suicune
|-boost|p1a: Suicune|spa|1
|-boost|p1a: Suicune|spd|1
|
|-heal|p1a: Suicune|92/100|[from] item: Leftovers
|upkeep
|turn|56
|inactive|Silvally-Gold has 240 seconds left.
|
|t:|1607884913
|cant|p2a: Raikou|slp
|move|p2a: Raikou|Sleep Talk|p2a: Raikou
|move|p2a: Raikou|Rest||[from]move: Sleep Talk|[still]
|-fail|p2a: Raikou
|move|p1a: Suicune|Calm Mind|p1a: Suicune
|-boost|p1a: Suicune|spa|1
|-boost|p1a: Suicune|spd|1
|
|-heal|p1a: Suicune|99/100|[from] item: Leftovers
|upkeep
|turn|57
|
|t:|1607884922
|cant|p2a: Raikou|slp
|move|p2a: Raikou|Sleep Talk|p2a: Raikou
|move|p2a: Raikou|Calm Mind|p2a: Raikou|[from]move: Sleep Talk
|-boost|p2a: Raikou|spa|1
|-boost|p2a: Raikou|spd|1
|move|p1a: Suicune|Scald|p2a: Raikou
|-damage|p2a: Raikou|75/100 slp
|
|-heal|p1a: Suicune|100/100|[from] item: Leftovers
|upkeep
|turn|58
|
|t:|1607884931
|-curestatus|p2a: Raikou|slp|[msg]
|move|p2a: Raikou|Calm Mind|p2a: Raikou
|-boost|p2a: Raikou|spa|1
|-boost|p2a: Raikou|spd|1
|move|p1a: Suicune|Scald|p2a: Raikou
|-damage|p2a: Raikou|54/100
|
|upkeep
|turn|59
|
|t:|1607884938
|move|p2a: Raikou|Rest|p2a: Raikou
|-status|p2a: Raikou|slp|[from] move: Rest
|-heal|p2a: Raikou|100/100 slp|[silent]
|move|p1a: Suicune|Scald|p2a: Raikou
|-damage|p2a: Raikou|78/100 slp
|
|upkeep
|turn|60
|
|t:|1607884945
|cant|p2a: Raikou|slp
|move|p2a: Raikou|Sleep Talk|p2a: Raikou
|move|p2a: Raikou|Discharge|p1a: Suicune|[from]move: Sleep Talk
|-supereffective|p1a: Suicune
|-end|p1a: Suicune|Substitute
|move|p1a: Suicune|Calm Mind|p1a: Suicune
|-boost|p1a: Suicune|spa|1
|-boost|p1a: Suicune|spd|1
|
|upkeep
|turn|61
|
|t:|1607884955
|cant|p2a: Raikou|slp
|move|p2a: Raikou|Sleep Talk|p2a: Raikou
|move|p2a: Raikou|Rest||[from]move: Sleep Talk|[still]
|-fail|p2a: Raikou
|move|p1a: Suicune|Scald|p2a: Raikou
|-damage|p2a: Raikou|50/100 slp
|
|upkeep
|turn|62
|
|t:|1607884962
|-curestatus|p2a: Raikou|slp|[msg]
|move|p2a: Raikou|Rest|p2a: Raikou
|-status|p2a: Raikou|slp|[from] move: Rest
|-heal|p2a: Raikou|100/100 slp|[silent]
|move|p1a: Suicune|Calm Mind|p1a: Suicune
|-boost|p1a: Suicune|spa|1
|-boost|p1a: Suicune|spd|1
|
|upkeep
|turn|63
|inactive|Silvally-Gold has 270 seconds left.
|
|t:|1607884970
|cant|p2a: Raikou|slp
|move|p2a: Raikou|Sleep Talk|p2a: Raikou
|move|p2a: Raikou|Rest||[from]move: Sleep Talk|[still]
|-fail|p2a: Raikou
|move|p1a: Suicune|Scald|p2a: Raikou
|-damage|p2a: Raikou|68/100 slp
|
|upkeep
|turn|64
|
|t:|1607884978
|switch|p1a: Diggersby|Diggersby, F|100/100
|-status|p1a: Diggersby|psn
|cant|p2a: Raikou|slp
|move|p2a: Raikou|Sleep Talk|p2a: Raikou
|move|p2a: Raikou|Rest||[from]move: Sleep Talk|[still]
|-fail|p2a: Raikou
|
|-damage|p1a: Diggersby|88/100 psn|[from] psn
|upkeep
|turn|65
|
|t:|1607884989
|switch|p2a: Avalugg|Avalugg, M|74/100
|move|p1a: Diggersby|Knock Off|p2a: Avalugg
|-damage|p2a: Avalugg|59/100
|-enditem|p2a: Avalugg|Heavy-Duty Boots|[from] move: Knock Off|[of] p1a: Diggersby
|
|-damage|p1a: Diggersby|76/100 psn|[from] psn
|upkeep
|turn|66
|
|t:|1607885002
|switch|p1a: Suicune|Suicune|100/100
|-status|p1a: Suicune|psn
|-ability|p1a: Suicune|Pressure
|move|p2a: Avalugg|Recover|p2a: Avalugg
|-heal|p2a: Avalugg|100/100
|
|-damage|p1a: Suicune|88/100 psn|[from] psn
|upkeep
|turn|67
|
|t:|1607885019
|move|p1a: Suicune|Scald|p2a: Avalugg
|-damage|p2a: Avalugg|62/100
|move|p2a: Avalugg|Rapid Spin|p1a: Suicune
|-damage|p1a: Suicune|80/100 psn
|-boost|p2a: Avalugg|spe|1
|-sideend|p2: Silvally-Gold|Spikes|[from] move: Rapid Spin|[of] p2a: Avalugg
|
|-heal|p1a: Suicune|87/100 psn|[from] item: Leftovers
|-damage|p1a: Suicune|74/100 psn|[from] psn
|upkeep
|turn|68
|inactive|Silvally-Gold has 270 seconds left.
|
|t:|1607885040
|move|p1a: Suicune|Calm Mind|p1a: Suicune
|-boost|p1a: Suicune|spa|1
|-boost|p1a: Suicune|spd|1
|move|p2a: Avalugg|Recover|p2a: Avalugg
|-heal|p2a: Avalugg|100/100
|
|-heal|p1a: Suicune|80/100 psn|[from] item: Leftovers
|-damage|p1a: Suicune|68/100 psn|[from] psn
|upkeep
|turn|69
|inactive|dhehehdh has 270 seconds left.
|inactive|dhehehdh has 240 seconds left.
|
|t:|1607885104
|switch|p1a: Klefki|Klefki, M|40/100
|switch|p2a: Raikou|Raikou, shiny|68/100 slp
|-ability|p2a: Raikou|Pressure
|
|upkeep
|turn|70
|
|t:|1607885112
|move|p1a: Klefki|Spikes|p2a: Raikou
|-sidestart|p2: Silvally-Gold|Spikes
|-curestatus|p2a: Raikou|slp|[msg]
|move|p2a: Raikou|Discharge|p1a: Klefki
|-damage|p1a: Klefki|0 fnt
|faint|p1a: Klefki
|
|upkeep
|inactive|dhehehdh has 240 seconds left.
|
|t:|1607885120
|switch|p1a: Diggersby|Diggersby, F|76/100 psn
|turn|71
|
|t:|1607885130
|switch|p2a: Avalugg|Avalugg, M|100/100
|-damage|p2a: Avalugg|88/100|[from] Spikes
|move|p1a: Diggersby|U-turn|p2a: Avalugg
|-damage|p2a: Avalugg|76/100
|
|t:|1607885137
|switch|p1a: Uxie|Uxie|40/100 brn|[from]move: U-turn
|
|-damage|p1a: Uxie|34/100 brn|[from] brn
|upkeep
|turn|72
|
|t:|1607885142
|move|p1a: Uxie|Psychic|p2a: Avalugg
|-damage|p2a: Avalugg|36/100
|move|p2a: Avalugg|Recover|p2a: Avalugg
|-heal|p2a: Avalugg|86/100
|
|-damage|p1a: Uxie|28/100 brn|[from] brn
|upkeep
|turn|73
|
|t:|1607885149
|move|p1a: Uxie|Psychic|p2a: Avalugg
|-damage|p2a: Avalugg|45/100
|move|p2a: Avalugg|Recover|p2a: Avalugg
|-heal|p2a: Avalugg|95/100
|
|-damage|p1a: Uxie|21/100 brn|[from] brn
|upkeep
|turn|74
|c|☆dhehehdh|dude 
|c|☆dhehehdh|LMAO
|inactive|dhehehdh has 270 seconds left.
|
|t:|1607885163
|switch|p1a: Suicune|Suicune|68/100 psn
|-ability|p1a: Suicune|Pressure
|move|p2a: Avalugg|Recover|p2a: Avalugg
|-heal|p2a: Avalugg|100/100
|
|-heal|p1a: Suicune|74/100 psn|[from] item: Leftovers
|-damage|p1a: Suicune|62/100 psn|[from] psn
|upkeep
|turn|75
|c|+ChillShadow|dont lmao him when you had the game
|c|+termiii|mad bc bad
|c|+termiii|as they say
|
|t:|1607885175
|switch|p2a: Raikou|Raikou, shiny|68/100
|-damage|p2a: Raikou|56/100|[from] Spikes
|-ability|p2a: Raikou|Pressure
|move|p1a: Suicune|Rest|p1a: Suicune
|-status|p1a: Suicune|slp|[from] move: Rest
|-heal|p1a: Suicune|100/100 slp|[silent]
|
|upkeep
|turn|76
|
|t:|1607885186
|switch|p1a: Diggersby|Diggersby, F|76/100 psn
|move|p2a: Raikou|Rest|p2a: Raikou
|-status|p2a: Raikou|slp|[from] move: Rest
|-heal|p2a: Raikou|100/100 slp|[silent]
|
|-damage|p1a: Diggersby|64/100 psn|[from] psn
|upkeep
|turn|77
|
|t:|1607885198
|switch|p2a: Avalugg|Avalugg, M|100/100
|-damage|p2a: Avalugg|88/100|[from] Spikes
|move|p1a: Diggersby|U-turn|p2a: Avalugg
|-damage|p2a: Avalugg|76/100
|
|t:|1607885208
|switch|p1a: Gardevoir|Gardevoir, F|19/100|[from]move: U-turn
|-status|p1a: Gardevoir|psn
|-ability|p1a: Gardevoir|Sturdy|[from] ability: Trace|[of] p2a: Avalugg
|
|-damage|p1a: Gardevoir|6/100 psn|[from] psn
|upkeep
|turn|78
|
|t:|1607885220
|switch|p2a: Umbreon|Umbreon, M|27/100
|-damage|p2a: Umbreon|15/100|[from] Spikes
|move|p1a: Gardevoir|Healing Wish|p1a: Gardevoir
|faint|p1a: Gardevoir
|
|upkeep
|
|t:|1607885222
|switch|p1a: Uxie|Uxie|21/100 brn
|-heal|p1a: Uxie|100/100|[from] move: Healing Wish
|turn|79
|
|t:|1607885247
|move|p1a: Uxie|Psychic|p2a: Umbreon
|-immune|p2a: Umbreon
|move|p2a: Umbreon|Wish|p2a: Umbreon
|
|upkeep
|turn|80
|
|t:|1607885252
|move|p2a: Umbreon|Protect|p2a: Umbreon
|-singleturn|p2a: Umbreon|Protect
|move|p1a: Uxie|Stealth Rock|p2a: Umbreon
|-sidestart|p2: Silvally-Gold|move: Stealth Rock
|
|-heal|p2a: Umbreon|65/100|[from] move: Wish|[wisher] Umbreon
|upkeep
|turn|81
|
|t:|1607885260
|move|p1a: Uxie|U-turn|p2a: Umbreon
|-supereffective|p2a: Umbreon
|-damage|p2a: Umbreon|38/100
|
|t:|1607885261
|switch|p1a: Suicune|Suicune|100/100 slp|[from]move: U-turn
|-ability|p1a: Suicune|Pressure
|move|p2a: Umbreon|Wish|p2a: Umbreon
|
|upkeep
|turn|82
|
|t:|1607885266
|cant|p1a: Suicune|slp
|move|p2a: Umbreon|Heal Bell|p2a: Umbreon
|-activate|p2a: Umbreon|move: Heal Bell
|-curestatus|p2: Weezing|par|[msg]
|-curestatus|p2: Raikou|slp|[msg]
|
|-heal|p2a: Umbreon|88/100|[from] move: Wish|[wisher] Umbreon
|upkeep
|turn|83
|
|t:|1607885272
|cant|p1a: Suicune|slp
|move|p2a: Umbreon|Wish|p2a: Umbreon
|
|upkeep
|turn|84
|
|t:|1607885280
|switch|p2a: Raikou|Raikou, shiny|100/100
|-damage|p2a: Raikou|88/100|[from] Stealth Rock
|-damage|p2a: Raikou|75/100|[from] Spikes
|-ability|p2a: Raikou|Pressure
|-curestatus|p1a: Suicune|slp|[msg]
|move|p1a: Suicune|Scald|p2a: Raikou
|-crit|p2a: Raikou
|-damage|p2a: Raikou|40/100
|
|-heal|p2a: Raikou|91/100|[from] move: Wish|[wisher] Umbreon
|upkeep
|turn|85
|
|t:|1607885294
|move|p2a: Raikou|Discharge|p1a: Suicune
|-supereffective|p1a: Suicune
|-damage|p1a: Suicune|54/100
|move|p1a: Suicune|Scald|p2a: Raikou
|-damage|p2a: Raikou|71/100
|-status|p2a: Raikou|brn
|
|-heal|p1a: Suicune|60/100|[from] item: Leftovers
|-damage|p2a: Raikou|65/100 brn|[from] brn
|upkeep
|turn|86
|
|t:|1607885301
|switch|p1a: Uxie|Uxie|100/100
|move|p2a: Raikou|Rest|p2a: Raikou
|-status|p2a: Raikou|slp|[from] move: Rest
|-heal|p2a: Raikou|100/100 slp|[silent]
|
|upkeep
|turn|87
|
|t:|1607885312
|switch|p2a: Umbreon|Umbreon, M|88/100
|-damage|p2a: Umbreon|75/100|[from] Spikes
|-damage|p2a: Umbreon|63/100|[from] Stealth Rock
|move|p1a: Uxie|U-turn|p2a: Umbreon
|-supereffective|p2a: Umbreon
|-damage|p2a: Umbreon|38/100
|
|t:|1607885314
|switch|p1a: Diggersby|Diggersby, F|64/100 psn|[from]move: U-turn
|
|-damage|p1a: Diggersby|52/100 psn|[from] psn
|upkeep
|turn|88
|
|t:|1607885321
|move|p2a: Umbreon|Protect|p2a: Umbreon
|-singleturn|p2a: Umbreon|Protect
|move|p1a: Diggersby|Mega Kick|p2a: Umbreon
|-activate|p2a: Umbreon|move: Protect
|
|-damage|p1a: Diggersby|39/100 psn|[from] psn
|upkeep
|turn|89
|
|t:|1607885328
|switch|p2a: Weezing|Weezing-Galar, M|82/100
|-ability|p2a: Weezing|Neutralizing Gas
|move|p1a: Diggersby|Mega Kick|p2a: Weezing
|-damage|p2a: Weezing|55/100
|
|-damage|p1a: Diggersby|27/100 psn|[from] psn
|upkeep
|turn|90
|
|t:|1607885343
|switch|p1a: Uxie|Uxie|100/100
|-status|p1a: Uxie|psn
|move|p2a: Weezing|Defog|p1a: Uxie
|-unboost|p1a: Uxie|evasion|1
|-sideend|p1: dhehehdh|Toxic Spikes|[from] move: Defog|[of] p2a: Weezing
|-sideend|p2: Silvally-Gold|Spikes|[from] move: Defog|[of] p2a: Weezing
|-sideend|p2: Silvally-Gold|Stealth Rock|[from] move: Defog|[of] p2a: Weezing
|
|-damage|p1a: Uxie|88/100 psn|[from] psn
|upkeep
|turn|91
|inactive|Silvally-Gold has 270 seconds left.
|
|t:|1607885360
|move|p1a: Uxie|Stealth Rock|p2a: Weezing
|-sidestart|p2: Silvally-Gold|move: Stealth Rock
|move|p2a: Weezing|Toxic Spikes|p1a: Uxie
|-sidestart|p1: dhehehdh|move: Toxic Spikes
|
|-damage|p1a: Uxie|76/100 psn|[from] psn
|upkeep
|turn|92
|inactive|Silvally-Gold has 270 seconds left.
|
|t:|1607885366
|move|p1a: Uxie|Psychic|p2a: Weezing
|-supereffective|p2a: Weezing
|-damage|p2a: Weezing|0 fnt
|faint|p2a: Weezing
|
|-damage|p1a: Uxie|63/100 psn|[from] psn
|upkeep
|inactive|Silvally-Gold has 270 seconds left.
|inactive|Silvally-Gold has 240 seconds left.
|inactive|Silvally-Gold has 210 seconds left.
|inactive|Silvally-Gold has 180 seconds left.
|inactive|Silvally-Gold has 150 seconds left.
|
|t:|1607885498
|switch|p2a: Avalugg|Avalugg, M|76/100
|-damage|p2a: Avalugg|51/100|[from] Stealth Rock
|turn|93
|
|t:|1607885501
|move|p1a: Uxie|Psychic|p2a: Avalugg
|-damage|p2a: Avalugg|8/100
|-unboost|p2a: Avalugg|spd|1
|move|p2a: Avalugg|Recover|p2a: Avalugg
|-heal|p2a: Avalugg|58/100
|
|-damage|p1a: Uxie|51/100 psn|[from] psn
|upkeep
|turn|94
|inactive|Silvally-Gold has 150 seconds left.
|
|t:|1607885508
|switch|p2a: Umbreon|Umbreon, M|38/100
|-damage|p2a: Umbreon|25/100|[from] Stealth Rock
|move|p1a: Uxie|Psychic|p2a: Umbreon
|-immune|p2a: Umbreon
|
|-damage|p1a: Uxie|39/100 psn|[from] psn
|upkeep
|turn|95
|inactive|Silvally-Gold has 150 seconds left.
|
|t:|1607885514
|move|p2a: Umbreon|Protect|p2a: Umbreon
|-singleturn|p2a: Umbreon|Protect
|move|p1a: Uxie|U-turn|p2a: Umbreon
|-activate|p2a: Umbreon|move: Protect
|
|-damage|p1a: Uxie|26/100 psn|[from] psn
|upkeep
|turn|96
|
|t:|1607885517
|move|p1a: Uxie|U-turn|p2a: Umbreon
|-supereffective|p2a: Umbreon
|-damage|p2a: Umbreon|0 fnt
|faint|p2a: Umbreon
|
|t:|1607885522
|switch|p1a: Diggersby|Diggersby, F|27/100 psn|[from]move: U-turn
|
|-damage|p1a: Diggersby|15/100 psn|[from] psn
|upkeep
|
|t:|1607885525
|switch|p2a: Avalugg|Avalugg, M|58/100
|-damage|p2a: Avalugg|33/100|[from] Stealth Rock
|turn|97
|
|t:|1607885528
|move|p1a: Diggersby|U-turn|p2a: Avalugg
|-damage|p2a: Avalugg|21/100
|
|t:|1607885530
|switch|p1a: Uxie|Uxie|26/100 psn|[from]move: U-turn
|move|p2a: Avalugg|Recover|p2a: Avalugg
|-heal|p2a: Avalugg|71/100
|
|-damage|p1a: Uxie|14/100 psn|[from] psn
|upkeep
|turn|98
|
|t:|1607885532
|move|p1a: Uxie|Psychic|p2a: Avalugg
|-damage|p2a: Avalugg|29/100
|move|p2a: Avalugg|Recover|p2a: Avalugg
|-heal|p2a: Avalugg|79/100
|
|-damage|p1a: Uxie|2/100 psn|[from] psn
|upkeep
|turn|99
|
|t:|1607885537
|move|p1a: Uxie|Psychic|p2a: Avalugg
|-damage|p2a: Avalugg|38/100
|-unboost|p2a: Avalugg|spd|1
|move|p2a: Avalugg|Recover|p2a: Avalugg
|-heal|p2a: Avalugg|88/100
|
|-damage|p1a: Uxie|0 fnt|[from] psn
|faint|p1a: Uxie
|upkeep
|inactive|dhehehdh has 270 seconds left.
|c|☆dhehehdh|hell yea good game
|-message|dhehehdh forfeited.
|
|win|Silvally-Gold
