|inactive|Battle timer is ON: inactive players will automatically lose when time's up.
|t:|1607885787
|player|p1|dhehehdh|preschoolerf|
|player|p2|Silvally-Gold|teacher-gen2|
|teamsize|p1|6
|teamsize|p2|6
|gametype|singles
|gen|8
|tier|[Gen 8] RU
|clearpoke
|poke|p1|Regidrago|
|poke|p1|Togekiss, M|
|poke|p1|Snorlax, M|
|poke|p1|Steelix, F|
|poke|p1|Slowking, F|
|poke|p1|Zarude|
|poke|p2|Raikou|
|poke|p2|Slowking, M|
|poke|p2|Registeel|
|poke|p2|Roserade, F|
|poke|p2|Noivern, M|
|poke|p2|Zarude|
|rule|Sleep Clause Mod: Limit one foe put to sleep
|rule|Species Clause: Limit one of each Pokémon
|rule|OHKO Clause: OHKO moves are banned
|rule|Evasion Moves Clause: Evasion moves are banned
|rule|Endless Battle Clause: Forcing endless battles is banned
|rule|HP Percentage Mod: HP is shown in percentages
|rule|Dynamax Clause: You cannot dynamax
|teampreview
|c|☆Silvally-Gold|hf
|
|t:|1607885816
|start
|switch|p1a: Steelix|Steelix, F|100/100
|switch|p2a: Roserade|Roserade, F|100/100
|turn|1
|
|t:|1607885823
|switch|p1a: Snorlax|Snorlax, M|100/100
|move|p2a: Roserade|Sleep Powder|p1a: Snorlax|[miss]
|-miss|p2a: Roserade|p1a: Snorlax
|
|upkeep
|turn|2
|
|t:|1607885829
|move|p2a: Roserade|Sleep Powder|p1a: Snorlax|[miss]
|-miss|p2a: Roserade|p1a: Snorlax
|move|p1a: Snorlax|Body Slam|p2a: Roserade
|-damage|p2a: Roserade|38/100
|
|-heal|p2a: Roserade|44/100|[from] item: Black Sludge
|upkeep
|turn|3
|
|t:|1607885832
|move|p2a: Roserade|Sleep Powder|p1a: Snorlax
|-status|p1a: Snorlax|slp|[from] move: Sleep Powder
|cant|p1a: Snorlax|slp
|
|-heal|p2a: Roserade|50/100|[from] item: Black Sludge
|upkeep
|turn|4
|
|t:|1607885836
|switch|p2a: Zarude|Zarude|100/100
|-curestatus|p1a: Snorlax|slp|[msg]
|move|p1a: Snorlax|Body Slam|p2a: Zarude
|-damage|p2a: Zarude|68/100
|
|upkeep
|turn|5
|
|t:|1607885844
|switch|p1a: Steelix|Steelix, F|100/100
|move|p2a: Zarude|U-turn|p1a: Steelix
|-resisted|p1a: Steelix
|-damage|p1a: Steelix|95/100
|
|t:|1607885847
|switch|p2a: Roserade|Roserade, F|50/100|[from]move: U-turn
|
|-heal|p2a: Roserade|56/100|[from] item: Black Sludge
|-heal|p1a: Steelix|100/100|[from] item: Leftovers
|upkeep
|turn|6
|
|t:|1607885850
|move|p2a: Roserade|Sleep Powder|p1a: Steelix
|-status|p1a: Steelix|slp|[from] move: Sleep Powder
|cant|p1a: Steelix|slp
|
|-heal|p2a: Roserade|63/100|[from] item: Black Sludge
|upkeep
|turn|7
|
|t:|1607885853
|move|p2a: Roserade|Spikes|p1a: Steelix
|-sidestart|p1: dhehehdh|Spikes
|cant|p1a: Steelix|slp
|
|-heal|p2a: Roserade|69/100|[from] item: Black Sludge
|upkeep
|turn|8
|
|t:|1607885855
|move|p2a: Roserade|Spikes|p1a: Steelix
|-sidestart|p1: dhehehdh|Spikes
|cant|p1a: Steelix|slp
|
|-heal|p2a: Roserade|75/100|[from] item: Black Sludge
|upkeep
|turn|9
|
|t:|1607885859
|move|p2a: Roserade|Giga Drain|p1a: Steelix
|-damage|p1a: Steelix|61/100 slp
|-heal|p2a: Roserade|100/100|[from] drain|[of] p1a: Steelix
|-curestatus|p1a: Steelix|slp|[msg]
|move|p1a: Steelix|Stealth Rock|p2a: Roserade
|-sidestart|p2: Silvally-Gold|move: Stealth Rock
|
|-heal|p1a: Steelix|67/100|[from] item: Leftovers
|upkeep
|turn|10
|
|t:|1607885873
|move|p2a: Roserade|Giga Drain|p1a: Steelix
|-damage|p1a: Steelix|32/100
|move|p1a: Steelix|Earthquake|p2a: Roserade
|-damage|p2a: Roserade|48/100
|
|-heal|p2a: Roserade|54/100|[from] item: Black Sludge
|-heal|p1a: Steelix|38/100|[from] item: Leftovers
|upkeep
|turn|11
|
|t:|1607885878
|switch|p1a: Togekiss|Togekiss, M|100/100
|move|p2a: Roserade|Giga Drain|p1a: Togekiss
|-resisted|p1a: Togekiss
|-damage|p1a: Togekiss|84/100
|-heal|p2a: Roserade|66/100|[from] drain|[of] p1a: Togekiss
|
|-heal|p2a: Roserade|72/100|[from] item: Black Sludge
|upkeep
|turn|12
|
|t:|1607885883
|move|p2a: Roserade|Sludge Bomb|p1a: Togekiss
|-supereffective|p1a: Togekiss
|-damage|p1a: Togekiss|16/100
|move|p1a: Togekiss|Air Slash|p2a: Roserade
|-supereffective|p2a: Roserade
|-damage|p2a: Roserade|0 fnt
|faint|p2a: Roserade
|
|upkeep
|
|t:|1607885891
|switch|p2a: Raikou|Raikou, shiny|100/100
|-ability|p2a: Raikou|Pressure
|turn|13
|
|t:|1607885897
|switch|p1a: Snorlax|Snorlax, M|100/100
|-damage|p1a: Snorlax|84/100|[from] Spikes
|move|p2a: Raikou|Volt Switch|p1a: Snorlax
|-damage|p1a: Snorlax|68/100
|
|t:|1607885901
|switch|p2a: Zarude|Zarude|68/100|[from]move: Volt Switch
|-damage|p2a: Zarude|56/100|[from] Stealth Rock
|
|-heal|p1a: Snorlax|74/100|[from] item: Leftovers
|upkeep
|turn|14
|
|t:|1607885908
|switch|p1a: Zarude|Zarude|100/100
|move|p2a: Zarude|Power Whip|p1a: Zarude|[miss]
|-miss|p2a: Zarude|p1a: Zarude
|
|upkeep
|turn|15
|
|t:|1607885925
|switch|p2a: Noivern|Noivern, M|100/100
|move|p1a: Zarude|Darkest Lariat|p2a: Noivern
|-damage|p2a: Noivern|52/100
|
|upkeep
|turn|16
|
|t:|1607885936
|switch|p1a: Slowking|Slowking, F|100/100
|move|p2a: Noivern|U-turn|p1a: Slowking
|-supereffective|p1a: Slowking
|-crit|p1a: Slowking
|-damage|p1a: Slowking|76/100
|
|t:|1607885940
|switch|p2a: Raikou|Raikou, shiny|100/100|[from]move: U-turn
|-ability|p2a: Raikou|Pressure
|
|upkeep
|turn|17
|inactive|dhehehdh has 270 seconds left.
|
|t:|1607885995
|move|p2a: Raikou|Thunderbolt|p1a: Slowking
|-supereffective|p1a: Slowking
|-damage|p1a: Slowking|10/100
|move|p1a: Slowking|Teleport|p1a: Slowking
|
|t:|1607886003
|switch|p1a: Regidrago|Regidrago|100/100|[from]move: Teleport
|-damage|p1a: Regidrago|84/100|[from] Spikes
|
|upkeep
|turn|18
|
|t:|1607886008
|switch|p2a: Registeel|Registeel, shiny|100/100
|-damage|p2a: Registeel|94/100|[from] Stealth Rock
|move|p1a: Regidrago|Dragon Energy|p2a: Registeel
|-resisted|p2a: Registeel
|-damage|p2a: Registeel|75/100
|
|-heal|p2a: Registeel|81/100|[from] item: Leftovers
|upkeep
|turn|19
|
|t:|1607886015
|switch|p1a: Slowking|Slowking, F|43/100
|move|p2a: Registeel|Seismic Toss|p1a: Slowking
|-damage|p1a: Slowking|18/100
|
|-heal|p2a: Registeel|88/100|[from] item: Leftovers
|upkeep
|turn|20
|inactive|dhehehdh has 270 seconds left.
|
|t:|1607886045
|move|p2a: Registeel|Seismic Toss|p1a: Slowking
|-damage|p1a: Slowking|0 fnt
|faint|p1a: Slowking
|
|-heal|p2a: Registeel|94/100|[from] item: Leftovers
|upkeep
|
|t:|1607886046
|switch|p1a: Togekiss|Togekiss, M|16/100
|turn|21
|
|t:|1607886050
|move|p1a: Togekiss|Roost|p1a: Togekiss
|-heal|p1a: Togekiss|66/100
|-singleturn|p1a: Togekiss|move: Roost
|move|p2a: Registeel|Toxic|p1a: Togekiss
|-status|p1a: Togekiss|tox
|
|-heal|p2a: Registeel|99/100|[from] item: Leftovers
|-damage|p1a: Togekiss|60/100 tox|[from] psn
|upkeep
|turn|22
|
|t:|1607886056
|switch|p2a: Raikou|Raikou, shiny|100/100
|-ability|p2a: Raikou|Pressure
|move|p1a: Togekiss|Heal Bell|p1a: Togekiss
|-activate|p1a: Togekiss|move: Heal Bell
|-curestatus|p1a: Togekiss|tox|[msg]
|
|upkeep
|turn|23
|
|t:|1607886062
|switch|p1a: Zarude|Zarude|100/100
|move|p2a: Raikou|Thunderbolt|p1a: Zarude
|-resisted|p1a: Zarude
|-damage|p1a: Zarude|79/100
|
|upkeep
|turn|24
|
|t:|1607886066
|move|p2a: Raikou|Volt Switch|p1a: Zarude
|-resisted|p1a: Zarude
|-damage|p1a: Zarude|61/100
|
|t:|1607886069
|switch|p2a: Noivern|Noivern, M|52/100|[from]move: Volt Switch
|move|p1a: Zarude|Power Whip|p2a: Noivern
|-resisted|p2a: Noivern
|-crit|p2a: Noivern
|-damage|p2a: Noivern|29/100
|
|upkeep
|turn|25
|
|t:|1607886075
|switch|p1a: Snorlax|Snorlax, M|74/100
|-damage|p1a: Snorlax|58/100|[from] Spikes
|move|p2a: Noivern|Roost|p2a: Noivern
|-heal|p2a: Noivern|80/100
|-singleturn|p2a: Noivern|move: Roost
|
|-heal|p1a: Snorlax|64/100|[from] item: Leftovers
|upkeep
|turn|26
|
|t:|1607886080
|move|p2a: Noivern|U-turn|p1a: Snorlax
|-damage|p1a: Snorlax|53/100
|
|t:|1607886083
|switch|p2a: Zarude|Zarude|56/100|[from]move: U-turn
|-damage|p2a: Zarude|44/100|[from] Stealth Rock
|move|p1a: Snorlax|Body Slam|p2a: Zarude
|-damage|p2a: Zarude|11/100
|-status|p2a: Zarude|par
|
|-heal|p1a: Snorlax|59/100|[from] item: Leftovers
|upkeep
|turn|27
|
|t:|1607886090
|switch|p1a: Togekiss|Togekiss, M|60/100
|move|p2a: Zarude|Close Combat|p1a: Togekiss
|-resisted|p1a: Togekiss
|-damage|p1a: Togekiss|52/100
|-unboost|p2a: Zarude|def|1
|-unboost|p2a: Zarude|spd|1
|
|upkeep
|turn|28
|
|t:|1607886094
|switch|p2a: Raikou|Raikou, shiny|100/100
|-ability|p2a: Raikou|Pressure
|move|p1a: Togekiss|Roost|p1a: Togekiss
|-heal|p1a: Togekiss|100/100
|-singleturn|p1a: Togekiss|move: Roost
|
|upkeep
|turn|29
|
|t:|1607886101
|switch|p1a: Steelix|Steelix, F|38/100
|-damage|p1a: Steelix|21/100|[from] Spikes
|move|p2a: Raikou|Thunderbolt|p1a: Steelix
|-immune|p1a: Steelix
|
|-heal|p1a: Steelix|28/100|[from] item: Leftovers
|upkeep
|turn|30
|
|t:|1607886106
|move|p2a: Raikou|Aura Sphere|p1a: Steelix
|-supereffective|p1a: Steelix
|-damage|p1a: Steelix|0 fnt
|faint|p1a: Steelix
|
|upkeep
|
|t:|1607886112
|switch|p1a: Snorlax|Snorlax, M|59/100
|-damage|p1a: Snorlax|43/100|[from] Spikes
|turn|31
|
|t:|1607886120
|move|p2a: Raikou|Thunderbolt|p1a: Snorlax
|-damage|p1a: Snorlax|22/100
|move|p1a: Snorlax|Rest|p1a: Snorlax
|-status|p1a: Snorlax|slp|[from] move: Rest
|-heal|p1a: Snorlax|100/100 slp|[silent]
|
|upkeep
|turn|32
|
|t:|1607886131
|move|p2a: Raikou|Volt Switch|p1a: Snorlax
|-damage|p1a: Snorlax|86/100 slp
|
|t:|1607886137
|switch|p2a: Slowking|Slowking, M|100/100|[from]move: Volt Switch
|cant|p1a: Snorlax|slp
|
|-heal|p1a: Snorlax|92/100 slp|[from] item: Leftovers
|upkeep
|turn|33
|
|t:|1607886140
|cant|p1a: Snorlax|slp
|move|p2a: Slowking|Future Sight|p1a: Snorlax
|-start|p2a: Slowking|move: Future Sight
|
|-heal|p1a: Snorlax|98/100 slp|[from] item: Leftovers
|upkeep
|turn|34
|
|t:|1607886145
|-curestatus|p1a: Snorlax|slp|[msg]
|move|p1a: Snorlax|Curse|p1a: Snorlax
|-unboost|p1a: Snorlax|spe|1
|-boost|p1a: Snorlax|atk|1
|-boost|p1a: Snorlax|def|1
|move|p2a: Slowking|Teleport|p2a: Slowking
|
|t:|1607886148
|switch|p2a: Registeel|Registeel, shiny|99/100|[from]move: Teleport
|-damage|p2a: Registeel|94/100|[from] Stealth Rock
|
|-heal|p2a: Registeel|99/100|[from] item: Leftovers
|-heal|p1a: Snorlax|100/100|[from] item: Leftovers
|upkeep
|turn|35
|
|t:|1607886151
|move|p2a: Registeel|Toxic|p1a: Snorlax
|-status|p1a: Snorlax|tox
|move|p1a: Snorlax|Earthquake|p2a: Registeel
|-supereffective|p2a: Registeel
|-damage|p2a: Registeel|49/100
|
|-end|p1a: Snorlax|move: Future Sight
|-damage|p1a: Snorlax|81/100 tox
|-heal|p2a: Registeel|55/100|[from] item: Leftovers
|-heal|p1a: Snorlax|88/100 tox|[from] item: Leftovers
|-damage|p1a: Snorlax|81/100 tox|[from] psn
|upkeep
|turn|36
|
|t:|1607886157
|move|p2a: Registeel|Seismic Toss|p1a: Snorlax
|-damage|p1a: Snorlax|62/100 tox
|move|p1a: Snorlax|Body Slam|p2a: Registeel
|-resisted|p2a: Registeel
|-damage|p2a: Registeel|40/100
|
|-heal|p2a: Registeel|46/100|[from] item: Leftovers
|-heal|p1a: Snorlax|68/100 tox|[from] item: Leftovers
|-damage|p1a: Snorlax|56/100 tox|[from] psn
|upkeep
|turn|37
|
|t:|1607886169
|move|p2a: Registeel|Seismic Toss|p1a: Snorlax
|-damage|p1a: Snorlax|37/100 tox
|move|p1a: Snorlax|Rest|p1a: Snorlax
|-status|p1a: Snorlax|slp|[from] move: Rest
|-heal|p1a: Snorlax|100/100 slp|[silent]
|
|-heal|p2a: Registeel|52/100|[from] item: Leftovers
|upkeep
|turn|38
|
|t:|1607886173
|move|p2a: Registeel|Seismic Toss|p1a: Snorlax
|-damage|p1a: Snorlax|81/100 slp
|cant|p1a: Snorlax|slp
|
|-heal|p2a: Registeel|58/100|[from] item: Leftovers
|-heal|p1a: Snorlax|88/100 slp|[from] item: Leftovers
|upkeep
|turn|39
|
|t:|1607886176
|move|p2a: Registeel|Seismic Toss|p1a: Snorlax
|-damage|p1a: Snorlax|68/100 slp
|cant|p1a: Snorlax|slp
|
|-heal|p2a: Registeel|64/100|[from] item: Leftovers
|-heal|p1a: Snorlax|75/100 slp|[from] item: Leftovers
|upkeep
|turn|40
|
|t:|1607886184
|switch|p2a: Noivern|Noivern, M|80/100
|-curestatus|p1a: Snorlax|slp|[msg]
|move|p1a: Snorlax|Earthquake|p2a: Noivern
|-immune|p2a: Noivern
|
|-heal|p1a: Snorlax|81/100|[from] item: Leftovers
|upkeep
|turn|41
|
|t:|1607886190
|move|p2a: Noivern|Defog|p1a: Snorlax
|-unboost|p1a: Snorlax|evasion|1
|-sideend|p1: dhehehdh|Spikes|[from] move: Defog|[of] p2a: Noivern
|-sideend|p2: Silvally-Gold|Stealth Rock|[from] move: Defog|[of] p2a: Noivern
|move|p1a: Snorlax|Body Slam|p2a: Noivern
|-damage|p2a: Noivern|29/100
|
|-heal|p1a: Snorlax|87/100|[from] item: Leftovers
|upkeep
|turn|42
|
|t:|1607886194
|move|p2a: Noivern|Hurricane|p1a: Snorlax|[miss]
|-miss|p2a: Noivern|p1a: Snorlax
|move|p1a: Snorlax|Body Slam|p2a: Noivern
|-crit|p2a: Noivern
|-damage|p2a: Noivern|0 fnt
|faint|p2a: Noivern
|
|-heal|p1a: Snorlax|93/100|[from] item: Leftovers
|upkeep
|
|t:|1607886197
|switch|p2a: Zarude|Zarude|11/100 par
|turn|43
|
|t:|1607886200
|switch|p1a: Togekiss|Togekiss, M|100/100
|move|p2a: Zarude|Close Combat|p1a: Togekiss
|-resisted|p1a: Togekiss
|-damage|p1a: Togekiss|92/100
|-unboost|p2a: Zarude|def|1
|-unboost|p2a: Zarude|spd|1
|
|upkeep
|turn|44
|
|t:|1607886206
|switch|p2a: Raikou|Raikou, shiny|100/100
|-ability|p2a: Raikou|Pressure
|move|p1a: Togekiss|Air Slash|p2a: Raikou
|-resisted|p2a: Raikou
|-damage|p2a: Raikou|84/100
|
|upkeep
|turn|45
|
|t:|1607886215
|switch|p1a: Snorlax|Snorlax, M|93/100
|move|p2a: Raikou|Aura Sphere|p1a: Snorlax
|-supereffective|p1a: Snorlax
|-damage|p1a: Snorlax|70/100
|
|-heal|p1a: Snorlax|76/100|[from] item: Leftovers
|upkeep
|turn|46
|
|t:|1607886218
|move|p2a: Raikou|Toxic|p1a: Snorlax
|-status|p1a: Snorlax|tox
|move|p1a: Snorlax|Earthquake|p2a: Raikou
|-supereffective|p2a: Raikou
|-damage|p2a: Raikou|20/100
|
|-heal|p1a: Snorlax|82/100 tox|[from] item: Leftovers
|-damage|p1a: Snorlax|76/100 tox|[from] psn
|upkeep
|turn|47
|
|t:|1607886225
|move|p2a: Raikou|Volt Switch|p1a: Snorlax
|-damage|p1a: Snorlax|61/100 tox
|
|t:|1607886229
|switch|p2a: Zarude|Zarude|11/100 par|[from]move: Volt Switch
|move|p1a: Snorlax|Earthquake|p2a: Zarude
|-resisted|p2a: Zarude
|-damage|p2a: Zarude|0 fnt
|faint|p2a: Zarude
|
|-heal|p1a: Snorlax|67/100 tox|[from] item: Leftovers
|-damage|p1a: Snorlax|55/100 tox|[from] psn
|upkeep
|c|☆Silvally-Gold|gg
|
|t:|1607886247
|switch|p2a: Raikou|Raikou, shiny|20/100
|-ability|p2a: Raikou|Pressure
|turn|48
|
|t:|1607886252
|move|p2a: Raikou|Aura Sphere|p1a: Snorlax
|-supereffective|p1a: Snorlax
|-damage|p1a: Snorlax|31/100 tox
|move|p1a: Snorlax|Rest|p1a: Snorlax
|-status|p1a: Snorlax|slp|[from] move: Rest
|-heal|p1a: Snorlax|100/100 slp|[silent]
|
|upkeep
|turn|49
|
|t:|1607886256
|move|p2a: Raikou|Aura Sphere|p1a: Snorlax
|-supereffective|p1a: Snorlax
|-damage|p1a: Snorlax|77/100 slp
|cant|p1a: Snorlax|slp
|
|-heal|p1a: Snorlax|83/100 slp|[from] item: Leftovers
|upkeep
|turn|50
|
|t:|1607886258
|move|p2a: Raikou|Aura Sphere|p1a: Snorlax
|-supereffective|p1a: Snorlax
|-damage|p1a: Snorlax|59/100 slp
|cant|p1a: Snorlax|slp
|
|-heal|p1a: Snorlax|65/100 slp|[from] item: Leftovers
|upkeep
|turn|51
|
|t:|1607886261
|move|p2a: Raikou|Volt Switch|p1a: Snorlax
|-damage|p1a: Snorlax|50/100 slp
|
|t:|1607886264
|switch|p2a: Slowking|Slowking, M|100/100|[from]move: Volt Switch
|-curestatus|p1a: Snorlax|slp|[msg]
|move|p1a: Snorlax|Earthquake|p2a: Slowking
|-damage|p2a: Slowking|81/100
|
|-heal|p1a: Snorlax|56/100|[from] item: Leftovers
|upkeep
|turn|52
|
|t:|1607886269
|move|p1a: Snorlax|Body Slam|p2a: Slowking
|-damage|p2a: Slowking|54/100
|move|p2a: Slowking|Future Sight|p1a: Snorlax
|-start|p2a: Slowking|move: Future Sight
|
|-heal|p1a: Snorlax|62/100|[from] item: Leftovers
|upkeep
|turn|53
|
|t:|1607886274
|move|p1a: Snorlax|Body Slam|p2a: Slowking
|-damage|p2a: Slowking|28/100
|-status|p2a: Slowking|par
|cant|p2a: Slowking|par
|
|-heal|p1a: Snorlax|68/100|[from] item: Leftovers
|upkeep
|turn|54
|
|t:|1607886280
|move|p1a: Snorlax|Body Slam|p2a: Slowking
|-damage|p2a: Slowking|0 fnt
|faint|p2a: Slowking
|
|-end|p1a: Snorlax|move: Future Sight
|-damage|p1a: Snorlax|50/100
|-heal|p1a: Snorlax|56/100|[from] item: Leftovers
|upkeep
|
|t:|1607886283
|switch|p2a: Raikou|Raikou, shiny|20/100
|-ability|p2a: Raikou|Pressure
|turn|55
|
|t:|1607886285
|move|p2a: Raikou|Aura Sphere|p1a: Snorlax
|-supereffective|p1a: Snorlax
|-damage|p1a: Snorlax|33/100
|move|p1a: Snorlax|Earthquake|p2a: Raikou
|-supereffective|p2a: Raikou
|-damage|p2a: Raikou|0 fnt
|faint|p2a: Raikou
|
|-heal|p1a: Snorlax|39/100|[from] item: Leftovers
|upkeep
|
|t:|1607886288
|switch|p2a: Registeel|Registeel, shiny|64/100
|turn|56
|
|t:|1607886291
|move|p2a: Registeel|Toxic|p1a: Snorlax
|-status|p1a: Snorlax|tox
|move|p1a: Snorlax|Rest|p1a: Snorlax
|-status|p1a: Snorlax|slp|[from] move: Rest
|-heal|p1a: Snorlax|100/100 slp|[silent]
|
|-heal|p2a: Registeel|70/100|[from] item: Leftovers
|upkeep
|turn|57
|
|t:|1607886296
|switch|p1a: Zarude|Zarude|61/100
|move|p2a: Registeel|Stealth Rock|p1a: Zarude
|-sidestart|p1: dhehehdh|move: Stealth Rock
|
|-heal|p2a: Registeel|77/100|[from] item: Leftovers
|upkeep
|turn|58
|
|t:|1607886299
|move|p1a: Zarude|Bulk Up|p1a: Zarude
|-boost|p1a: Zarude|atk|1
|-boost|p1a: Zarude|def|1
|move|p2a: Registeel|Toxic|p1a: Zarude
|-status|p1a: Zarude|tox
|
|-heal|p2a: Registeel|83/100|[from] item: Leftovers
|-damage|p1a: Zarude|55/100 tox|[from] psn
|upkeep
|turn|59
|
|t:|1607886302
|move|p1a: Zarude|Jungle Healing|p1a: Zarude
|-heal|p1a: Zarude|81/100 tox
|-curestatus|p1a: Zarude|tox|[msg]
|move|p2a: Registeel|Seismic Toss|p1a: Zarude
|-damage|p1a: Zarude|52/100
|
|-heal|p2a: Registeel|89/100|[from] item: Leftovers
|upkeep
|turn|60
|
|t:|1607886304
|move|p1a: Zarude|Darkest Lariat|p2a: Registeel
|-damage|p2a: Registeel|46/100
|move|p2a: Registeel|Seismic Toss|p1a: Zarude
|-damage|p1a: Zarude|24/100
|
|-heal|p2a: Registeel|52/100|[from] item: Leftovers
|upkeep
|turn|61
|
|t:|1607886309
|move|p1a: Zarude|Darkest Lariat|p2a: Registeel
|-damage|p2a: Registeel|11/100
|move|p2a: Registeel|Seismic Toss|p1a: Zarude
|-damage|p1a: Zarude|0 fnt
|faint|p1a: Zarude
|
|-heal|p2a: Registeel|17/100|[from] item: Leftovers
|upkeep
|
|t:|1607886311
|switch|p1a: Snorlax|Snorlax, M|100/100 slp
|-damage|p1a: Snorlax|88/100 slp|[from] Stealth Rock
|turn|62
|
|t:|1607886315
|move|p2a: Registeel|Seismic Toss|p1a: Snorlax
|-damage|p1a: Snorlax|69/100 slp
|cant|p1a: Snorlax|slp
|
|-heal|p2a: Registeel|23/100|[from] item: Leftovers
|-heal|p1a: Snorlax|75/100 slp|[from] item: Leftovers
|upkeep
|turn|63
|
|t:|1607886319
|move|p2a: Registeel|Seismic Toss|p1a: Snorlax
|-damage|p1a: Snorlax|56/100 slp
|cant|p1a: Snorlax|slp
|
|-heal|p2a: Registeel|29/100|[from] item: Leftovers
|-heal|p1a: Snorlax|62/100 slp|[from] item: Leftovers
|upkeep
|turn|64
|
|t:|1607886326
|move|p2a: Registeel|Seismic Toss|p1a: Snorlax
|-damage|p1a: Snorlax|43/100 slp
|-curestatus|p1a: Snorlax|slp|[msg]
|move|p1a: Snorlax|Earthquake|p2a: Registeel
|-supereffective|p2a: Registeel
|-damage|p2a: Registeel|0 fnt
|faint|p2a: Registeel
|
|win|dhehehdh
