|inactive|Battle timer is ON: inactive players will automatically lose when time's up.
|t:|1627576018
|gametype|singles
|player|p1|MAc3|roxie|
|player|p2|pattek|hilbert|
|teamsize|p1|6
|teamsize|p2|6
|gen|8
|tier|[Gen 8] RU
|rule|Sleep Clause Mod: Limit one foe put to sleep
|rule|Species Clause: Limit one of each Pokémon
|rule|OHKO Clause: OHKO moves are banned
|rule|Evasion Moves Clause: Evasion moves are banned
|rule|Endless Battle Clause: Forcing endless battles is banned
|rule|HP Percentage Mod: HP is shown in percentages
|rule|Dynamax Clause: You cannot dynamax
|clearpoke
|poke|p1|Flygon, F|
|poke|p1|Vaporeon, M|
|poke|p1|Cobalion|
|poke|p1|Necrozma|
|poke|p1|Ninetales-Alola, F|
|poke|p1|Crobat, M|
|poke|p2|Golurk|
|poke|p2|Vileplume, M|
|poke|p2|Archeops, F|
|poke|p2|Metagross|
|poke|p2|Milotic, F|
|poke|p2|Raikou|
|teampreview
|c|☆pattek|hf
|c|☆MAc3|hf
|inactive|MAc3 has 270 seconds left.
|inactive|pattek has 270 seconds left.
|inactive|pattek has 240 seconds left.
|
|t:|1627576099
|start
|switch|p1a: petroleum|Necrozma|100/100
|switch|p2a: Metagross|Metagross|100/100
|turn|1
|inactive|pattek has 270 seconds left.
|inactive|MAc3 has 270 seconds left.
|
|t:|1627576143
|move|p1a: petroleum|Swords Dance|p1a: petroleum
|-boost|p1a: petroleum|atk|2
|move|p2a: Metagross|Meteor Mash|p1a: petroleum
|-damage|p1a: petroleum|54/100
|
|-heal|p1a: petroleum|60/100|[from] item: Leftovers
|upkeep
|turn|2
|inactive|MAc3 has 270 seconds left.
|inactive|pattek has 240 seconds left.
|
|t:|1627576171
|switch|p2a: Vileplume|Vileplume, M|100/100
|move|p1a: petroleum|Earthquake|p2a: Vileplume
|-damage|p2a: Vileplume|60/100
|
|-heal|p1a: petroleum|66/100|[from] item: Leftovers
|-heal|p2a: Vileplume|66/100|[from] item: Black Sludge
|upkeep
|turn|3
|inactive|pattek has 240 seconds left.
|
|t:|1627576177
|switch|p2a: Metagross|Metagross|100/100
|move|p1a: petroleum|Photon Geyser|p2a: Metagross
|-resisted|p2a: Metagross
|-damage|p2a: Metagross|86/100
|
|-heal|p1a: petroleum|72/100|[from] item: Leftovers
|-heal|p2a: Metagross|92/100|[from] item: Leftovers
|upkeep
|turn|4
|
|t:|1627576182
|switch|p2a: Archeops|Archeops, F|100/100
|move|p1a: petroleum|Earthquake|p2a: Archeops
|-immune|p2a: Archeops
|
|-heal|p1a: petroleum|78/100|[from] item: Leftovers
|upkeep
|turn|5
|inactive|pattek has 240 seconds left.
|inactive|pattek has 210 seconds left.
|
|t:|1627576238
|move|p2a: Archeops|U-turn|p1a: petroleum
|-supereffective|p1a: petroleum
|-damage|p1a: petroleum|43/100
|
|t:|1627576242
|switch|p2a: Metagross|Metagross|92/100|[from]move: U-turn
|move|p1a: petroleum|Photon Geyser|p2a: Metagross
|-resisted|p2a: Metagross
|-damage|p2a: Metagross|76/100
|
|-heal|p1a: petroleum|49/100|[from] item: Leftovers
|-heal|p2a: Metagross|82/100|[from] item: Leftovers
|upkeep
|turn|6
|inactive|pattek has 210 seconds left.
|inactive|MAc3 has 270 seconds left.
|inactive|pattek has 180 seconds left.
|
|t:|1627576278
|switch|p2a: Raikou|Raikou|100/100
|-ability|p2a: Raikou|Pressure
|move|p1a: petroleum|Earthquake|p2a: Raikou
|-supereffective|p2a: Raikou
|-damage|p2a: Raikou|0 fnt
|faint|p2a: Raikou
|
|-heal|p1a: petroleum|55/100|[from] item: Leftovers
|upkeep
|inactive|pattek has 180 seconds left.
|
|t:|1627576306
|switch|p2a: Archeops|Archeops, F|100/100
|turn|7
|
|t:|1627576309
|move|p2a: Archeops|Stone Edge|p1a: petroleum
|-damage|p1a: petroleum|8/100
|move|p1a: petroleum|Moonlight|p1a: petroleum
|-heal|p1a: petroleum|57/100
|
|-heal|p1a: petroleum|63/100|[from] item: Leftovers
|upkeep
|turn|8
|inactive|pattek has 150 seconds left.
|inactive|MAc3 has 270 seconds left.
|
|t:|1627576362
|move|p2a: Archeops|U-turn|p1a: petroleum
|-supereffective|p1a: petroleum
|-damage|p1a: petroleum|31/100
|
|t:|1627576364
|switch|p2a: Metagross|Metagross|82/100|[from]move: U-turn
|move|p1a: petroleum|Photon Geyser|p2a: Metagross
|-resisted|p2a: Metagross
|-damage|p2a: Metagross|67/100
|
|-heal|p1a: petroleum|37/100|[from] item: Leftovers
|-heal|p2a: Metagross|73/100|[from] item: Leftovers
|upkeep
|turn|9
|
|t:|1627576368
|switch|p2a: Archeops|Archeops, F|100/100
|move|p1a: petroleum|Earthquake|p2a: Archeops
|-immune|p2a: Archeops
|
|-heal|p1a: petroleum|43/100|[from] item: Leftovers
|upkeep
|turn|10
|
|t:|1627576371
|switch|p1a: pärlor|Vaporeon, M|100/100
|move|p2a: Archeops|Stone Edge|p1a: pärlor|[miss]
|-miss|p2a: Archeops|p1a: pärlor
|
|upkeep
|turn|11
|
|t:|1627576377
|move|p2a: Archeops|U-turn|p1a: pärlor
|-damage|p1a: pärlor|82/100
|
|t:|1627576378
|switch|p2a: Vileplume|Vileplume, M|66/100|[from]move: U-turn
|move|p1a: pärlor|Wish|p1a: pärlor
|
|-heal|p1a: pärlor|88/100|[from] item: Leftovers
|-heal|p2a: Vileplume|72/100|[from] item: Black Sludge
|upkeep
|turn|12
|inactive|pattek has 180 seconds left.
|
|t:|1627576393
|switch|p1a: gigi|Crobat, M|100/100
|move|p2a: Vileplume|Sludge Bomb|p1a: gigi
|-resisted|p1a: gigi
|-damage|p1a: gigi|81/100
|
|-heal|p1a: gigi|100/100|[from] move: Wish|[wisher] pärlor
|-heal|p2a: Vileplume|78/100|[from] item: Black Sludge
|upkeep
|turn|13
|
|t:|1627576400
|switch|p2a: Archeops|Archeops, F|100/100
|move|p1a: gigi|U-turn|p2a: Archeops
|-resisted|p2a: Archeops
|-damage|p2a: Archeops|89/100
|
|t:|1627576410
|switch|p1a: dom andra|Flygon, F|100/100|[from]move: U-turn
|
|upkeep
|turn|14
|
|t:|1627576418
|switch|p2a: Milotic|Milotic, F|100/100
|move|p1a: dom andra|U-turn|p2a: Milotic
|-damage|p2a: Milotic|76/100
|
|t:|1627576422
|switch|p1a: ff|Cobalion|100/100|[from]move: U-turn
|
|-heal|p2a: Milotic|82/100|[from] item: Leftovers
|upkeep
|turn|15
|inactive|pattek has 210 seconds left.
|
|t:|1627576430
|move|p1a: ff|Stealth Rock|p2a: Milotic
|-sidestart|p2: pattek|move: Stealth Rock
|move|p2a: Milotic|Scald|p1a: ff
|-damage|p1a: ff|64/100
|-status|p1a: ff|brn
|
|-heal|p2a: Milotic|88/100|[from] item: Leftovers
|-damage|p1a: ff|58/100 brn|[from] brn
|upkeep
|turn|16
|
|t:|1627576433
|switch|p1a: pärlor|Vaporeon, M|88/100
|move|p2a: Milotic|Flip Turn|p1a: pärlor
|-heal|p1a: pärlor|100/100|[from] ability: Water Absorb|[of] p2a: Milotic
|
|-heal|p2a: Milotic|94/100|[from] item: Leftovers
|upkeep
|turn|17
|
|t:|1627576438
|switch|p2a: Vileplume|Vileplume, M|78/100
|-damage|p2a: Vileplume|66/100|[from] Stealth Rock
|move|p1a: pärlor|Wish|p1a: pärlor
|
|-heal|p2a: Vileplume|72/100|[from] item: Black Sludge
|upkeep
|turn|18
|
|t:|1627576445
|switch|p1a: gigi|Crobat, M|100/100
|switch|p2a: Golurk|Golurk|100/100
|-damage|p2a: Golurk|95/100|[from] Stealth Rock
|
|upkeep
|turn|19
|
|t:|1627576452
|move|p1a: gigi|Brave Bird|p2a: Golurk
|-damage|p2a: Golurk|48/100
|-damage|p1a: gigi|87/100|[from] Recoil
|move|p2a: Golurk|Poltergeist|p1a: gigi
|-activate|p1a: gigi|move: Poltergeist|Heavy-Duty Boots
|-damage|p1a: gigi|0 fnt
|faint|p1a: gigi
|
|upkeep
|
|t:|1627576457
|switch|p1a: förlåtelsen|Ninetales-Alola, F|100/100
|-weather|Hail|[from] ability: Snow Warning|[of] p1a: förlåtelsen
|turn|20
|
|t:|1627576462
|switch|p2a: Metagross|Metagross|73/100
|-damage|p2a: Metagross|67/100|[from] Stealth Rock
|move|p1a: förlåtelsen|Blizzard|p2a: Metagross
|-resisted|p2a: Metagross
|-damage|p2a: Metagross|47/100
|
|-weather|Hail|[upkeep]
|-damage|p2a: Metagross|41/100|[from] Hail
|-heal|p2a: Metagross|47/100|[from] item: Leftovers
|upkeep
|turn|21
|
|t:|1627576468
|switch|p1a: pärlor|Vaporeon, M|100/100
|move|p2a: Metagross|Stealth Rock|p1a: pärlor
|-sidestart|p1: MAc3|move: Stealth Rock
|
|-weather|Hail|[upkeep]
|-damage|p2a: Metagross|41/100|[from] Hail
|-damage|p1a: pärlor|94/100|[from] Hail
|-heal|p2a: Metagross|47/100|[from] item: Leftovers
|-heal|p1a: pärlor|100/100|[from] item: Leftovers
|upkeep
|turn|22
|inactive|pattek has 270 seconds left.
|inactive|pattek has 240 seconds left.
|
|t:|1627576528
|switch|p2a: Vileplume|Vileplume, M|72/100
|-damage|p2a: Vileplume|60/100|[from] Stealth Rock
|move|p1a: pärlor|Wish|p1a: pärlor
|
|-weather|Hail|[upkeep]
|-damage|p1a: pärlor|94/100|[from] Hail
|-damage|p2a: Vileplume|53/100|[from] Hail
|-heal|p1a: pärlor|100/100|[from] item: Leftovers
|-heal|p2a: Vileplume|60/100|[from] item: Black Sludge
|upkeep
|turn|23
|
|t:|1627576534
|switch|p1a: ff|Cobalion|58/100 brn
|-damage|p1a: ff|55/100 brn|[from] Stealth Rock
|switch|p2a: Milotic|Milotic, F|94/100
|-damage|p2a: Milotic|81/100|[from] Stealth Rock
|
|-weather|Hail|[upkeep]
|-damage|p1a: ff|48/100 brn|[from] Hail
|-damage|p2a: Milotic|75/100|[from] Hail
|-heal|p1a: ff|100/100 brn|[from] move: Wish|[wisher] pärlor
|-heal|p2a: Milotic|81/100|[from] item: Leftovers
|-damage|p1a: ff|94/100 brn|[from] brn
|upkeep
|turn|24
|
|t:|1627576543
|move|p1a: ff|Volt Switch|p2a: Milotic
|-supereffective|p2a: Milotic
|-damage|p2a: Milotic|41/100
|
|t:|1627576547
|switch|p1a: förlåtelsen|Ninetales-Alola, F|100/100|[from]move: Volt Switch
|move|p2a: Milotic|Recover|p2a: Milotic
|-heal|p2a: Milotic|91/100
|
|-weather|none
|-heal|p2a: Milotic|97/100|[from] item: Leftovers
|upkeep
|turn|25
|
|t:|1627576562
|switch|p1a: pärlor|Vaporeon, M|100/100
|-damage|p1a: pärlor|88/100|[from] Stealth Rock
|move|p2a: Milotic|Flip Turn|p1a: pärlor
|-heal|p1a: pärlor|100/100|[from] ability: Water Absorb|[of] p2a: Milotic
|
|-heal|p2a: Milotic|100/100|[from] item: Leftovers
|upkeep
|turn|26
|
|t:|1627576570
|switch|p2a: Vileplume|Vileplume, M|60/100
|-damage|p2a: Vileplume|47/100|[from] Stealth Rock
|move|p1a: pärlor|Flip Turn|p2a: Vileplume
|-resisted|p2a: Vileplume
|-damage|p2a: Vileplume|42/100
|-status|p1a: pärlor|slp|[from] ability: Effect Spore|[of] p2a: Vileplume
|
|t:|1627576572
|switch|p1a: förlåtelsen|Ninetales-Alola, F|100/100|[from]move: Flip Turn
|-weather|Hail|[from] ability: Snow Warning|[of] p1a: förlåtelsen
|
|-weather|Hail|[upkeep]
|-damage|p2a: Vileplume|36/100|[from] Hail
|-heal|p2a: Vileplume|42/100|[from] item: Black Sludge
|upkeep
|turn|27
|inactive|pattek has 270 seconds left.
|inactive|pattek has 240 seconds left.
|
|t:|1627576613
|switch|p2a: Metagross|Metagross|47/100
|-damage|p2a: Metagross|41/100|[from] Stealth Rock
|move|p1a: förlåtelsen|Heal Bell|p1a: förlåtelsen
|-activate|p1a: förlåtelsen|move: Heal Bell
|-curestatus|p1: ff|brn|[msg]
|-curestatus|p1: pärlor|slp|[msg]
|
|-weather|Hail|[upkeep]
|-damage|p2a: Metagross|35/100|[from] Hail
|-heal|p2a: Metagross|41/100|[from] item: Leftovers
|upkeep
|turn|28
|inactive|pattek has 240 seconds left.
|
|t:|1627576630
|switch|p1a: ff|Cobalion|94/100
|-damage|p1a: ff|91/100|[from] Stealth Rock
|switch|p2a: Golurk|Golurk|48/100
|-damage|p2a: Golurk|42/100|[from] Stealth Rock
|
|-weather|Hail|[upkeep]
|-damage|p1a: ff|85/100|[from] Hail
|-damage|p2a: Golurk|36/100|[from] Hail
|upkeep
|turn|29
|inactive|pattek has 210 seconds left.
|
|t:|1627576662
|switch|p2a: Milotic|Milotic, F|100/100
|-damage|p2a: Milotic|88/100|[from] Stealth Rock
|move|p1a: ff|Flash Cannon|p2a: Milotic
|-resisted|p2a: Milotic
|-damage|p2a: Milotic|70/100
|
|-weather|Hail|[upkeep]
|-damage|p1a: ff|79/100|[from] Hail
|-damage|p2a: Milotic|64/100|[from] Hail
|-heal|p2a: Milotic|70/100|[from] item: Leftovers
|upkeep
|turn|30
|
|t:|1627576671
|move|p1a: ff|Flash Cannon|p2a: Milotic
|-resisted|p2a: Milotic
|-damage|p2a: Milotic|53/100
|move|p2a: Milotic|Recover|p2a: Milotic
|-heal|p2a: Milotic|100/100
|
|-weather|none
|upkeep
|turn|31
|
|t:|1627576678
|move|p1a: ff|Flash Cannon|p2a: Milotic
|-resisted|p2a: Milotic
|-damage|p2a: Milotic|83/100
|move|p2a: Milotic|Recover|p2a: Milotic
|-heal|p2a: Milotic|100/100
|
|upkeep
|turn|32
|
|t:|1627576680
|switch|p1a: pärlor|Vaporeon, M|100/100
|-damage|p1a: pärlor|88/100|[from] Stealth Rock
|move|p2a: Milotic|Recover||[still]
|-fail|p2a: Milotic|heal
|
|-heal|p1a: pärlor|94/100|[from] item: Leftovers
|upkeep
|turn|33
|
|t:|1627576685
|switch|p2a: Vileplume|Vileplume, M|42/100
|-damage|p2a: Vileplume|30/100|[from] Stealth Rock
|move|p1a: pärlor|Flip Turn|p2a: Vileplume
|-resisted|p2a: Vileplume
|-damage|p2a: Vileplume|25/100
|
|t:|1627576687
|switch|p1a: förlåtelsen|Ninetales-Alola, F|100/100|[from]move: Flip Turn
|-weather|Hail|[from] ability: Snow Warning|[of] p1a: förlåtelsen
|
|-weather|Hail|[upkeep]
|-damage|p2a: Vileplume|19/100|[from] Hail
|-heal|p2a: Vileplume|25/100|[from] item: Black Sludge
|upkeep
|turn|34
|inactive|pattek has 240 seconds left.
|inactive|pattek has 210 seconds left.
|
|t:|1627576739
|switch|p2a: Metagross|Metagross|41/100
|-damage|p2a: Metagross|35/100|[from] Stealth Rock
|move|p1a: förlåtelsen|Blizzard|p2a: Metagross
|-resisted|p2a: Metagross
|-damage|p2a: Metagross|17/100
|
|-weather|Hail|[upkeep]
|-damage|p2a: Metagross|11/100|[from] Hail
|-heal|p2a: Metagross|17/100|[from] item: Leftovers
|upkeep
|turn|35
|inactive|MAc3 has 270 seconds left.
|
|t:|1627576759
|move|p1a: förlåtelsen|Blizzard|p2a: Metagross
|-resisted|p2a: Metagross
|-damage|p2a: Metagross|0 fnt
|faint|p2a: Metagross
|
|-weather|Hail|[upkeep]
|upkeep
|
|t:|1627576764
|switch|p2a: Archeops|Archeops, F|89/100
|turn|36
|
|t:|1627576769
|switch|p1a: dom andra|Flygon, F|100/100
|-damage|p1a: dom andra|95/100|[from] Stealth Rock
|move|p2a: Archeops|Stone Edge|p1a: dom andra|[miss]
|-miss|p2a: Archeops|p1a: dom andra
|
|-weather|Hail|[upkeep]
|-damage|p2a: Archeops|83/100|[from] Hail
|-damage|p1a: dom andra|89/100|[from] Hail
|upkeep
|turn|37
|
|t:|1627576779
|move|p2a: Archeops|Roost|p2a: Archeops
|-heal|p2a: Archeops|100/100
|-singleturn|p2a: Archeops|move: Roost
|move|p1a: dom andra|U-turn|p2a: Archeops
|-damage|p2a: Archeops|46/100
|
|t:|1627576784
|switch|p1a: pärlor|Vaporeon, M|94/100|[from]move: U-turn
|-damage|p1a: pärlor|82/100|[from] Stealth Rock
|
|-weather|none
|-heal|p1a: pärlor|88/100|[from] item: Leftovers
|upkeep
|turn|38
|inactive|pattek has 240 seconds left.
|
|t:|1627576800
|move|p2a: Archeops|U-turn|p1a: pärlor
|-damage|p1a: pärlor|78/100
|
|t:|1627576801
|switch|p2a: Vileplume|Vileplume, M|25/100|[from]move: U-turn
|-damage|p2a: Vileplume|12/100|[from] Stealth Rock
|move|p1a: pärlor|Flip Turn|p2a: Vileplume
|-resisted|p2a: Vileplume
|-damage|p2a: Vileplume|8/100
|
|t:|1627576806
|switch|p1a: förlåtelsen|Ninetales-Alola, F|100/100|[from]move: Flip Turn
|-weather|Hail|[from] ability: Snow Warning|[of] p1a: förlåtelsen
|
|-weather|Hail|[upkeep]
|-damage|p2a: Vileplume|1/100|[from] Hail
|-heal|p2a: Vileplume|8/100|[from] item: Black Sludge
|upkeep
|turn|39
|
|t:|1627576808
|move|p1a: förlåtelsen|Moonblast|p2a: Vileplume
|-resisted|p2a: Vileplume
|-damage|p2a: Vileplume|0 fnt
|faint|p2a: Vileplume
|
|-weather|Hail|[upkeep]
|upkeep
|
|t:|1627576810
|switch|p2a: Archeops|Archeops, F|46/100
|turn|40
|
|t:|1627576815
|switch|p1a: dom andra|Flygon, F|89/100
|-damage|p1a: dom andra|83/100|[from] Stealth Rock
|move|p2a: Archeops|Stone Edge|p1a: dom andra|[miss]
|-miss|p2a: Archeops|p1a: dom andra
|
|-weather|Hail|[upkeep]
|-damage|p2a: Archeops|39/100|[from] Hail
|-damage|p1a: dom andra|77/100|[from] Hail
|upkeep
|turn|41
|
|t:|1627576827
|move|p2a: Archeops|U-turn|p1a: dom andra
|-damage|p1a: dom andra|58/100
|
|t:|1627576828
|switch|p2a: Milotic|Milotic, F|100/100|[from]move: U-turn
|-damage|p2a: Milotic|88/100|[from] Stealth Rock
|move|p1a: dom andra|Earthquake|p2a: Milotic
|-damage|p2a: Milotic|37/100
|
|-weather|Hail|[upkeep]
|-damage|p1a: dom andra|52/100|[from] Hail
|-damage|p2a: Milotic|31/100|[from] Hail
|-heal|p2a: Milotic|37/100|[from] item: Leftovers
|upkeep
|turn|42
|
|t:|1627576833
|switch|p2a: Archeops|Archeops, F|39/100
|move|p1a: dom andra|Earthquake|p2a: Archeops
|-immune|p2a: Archeops
|
|-weather|none
|upkeep
|turn|43
|
|t:|1627576837
|switch|p1a: ff|Cobalion|79/100
|-damage|p1a: ff|76/100|[from] Stealth Rock
|move|p2a: Archeops|Roost|p2a: Archeops
|-heal|p2a: Archeops|90/100
|-singleturn|p2a: Archeops|move: Roost
|
|upkeep
|turn|44
|
|t:|1627576854
|move|p2a: Archeops|Earthquake|p1a: ff
|-supereffective|p1a: ff
|-damage|p1a: ff|11/100
|move|p1a: ff|Flash Cannon|p2a: Archeops
|-supereffective|p2a: Archeops
|-crit|p2a: Archeops
|-damage|p2a: Archeops|0 fnt
|faint|p2a: Archeops
|
|upkeep
|c|☆pattek|gg
|-message|pattek forfeited.
|
|win|MAc3
