|inactive|Battle timer is ON: inactive players will automatically lose when time's up.
|t:|1657309849
|gametype|singles
|player|p1|Lunala|#lunala|
|player|p2|eifo|#ssdivmambas|
|teamsize|p1|6
|teamsize|p2|6
|gen|8
|tier|[Gen 8] RU
|rule|Sleep Clause Mod: Limit one foe put to sleep
|rule|Species Clause: Limit one of each Pokémon
|rule|OHKO Clause: OHKO moves are banned
|rule|Evasion Moves Clause: Evasion moves are banned
|rule|Endless Battle Clause: Forcing endless battles is banned
|rule|HP Percentage Mod: HP is shown in percentages
|rule|Dynamax Clause: You cannot dynamax
|clearpoke
|poke|p1|Reuniclus, F|
|poke|p1|Heracross, F|
|poke|p1|Crobat, F|
|poke|p1|Registeel|
|poke|p1|Gastrodon-East, M|
|poke|p1|Guzzlord|
|poke|p2|Heracross, M|
|poke|p2|Umbreon, M|
|poke|p2|Steelix, M|
|poke|p2|Crobat, M|
|poke|p2|Raikou|
|poke|p2|Milotic, F|
|teampreview
|c|☆eifo|hf
|c|☆Lunala|hf
|inactive|eifo has 270 seconds left.
|inactive|eifo has 240 seconds left.
|
|t:|1657309932
|start
|switch|p1a: Guzzlord|Guzzlord|100/100
|switch|p2a: Steelix|Steelix, M|100/100
|turn|1
|
|t:|1657309947
|move|p1a: Guzzlord|Knock Off|p2a: Steelix
|-damage|p2a: Steelix|79/100
|-enditem|p2a: Steelix|Leftovers|[from] move: Knock Off|[of] p1a: Guzzlord
|move|p2a: Steelix|Body Press|p1a: Guzzlord
|-supereffective|p1a: Guzzlord
|-damage|p1a: Guzzlord|26/100
|
|-heal|p1a: Guzzlord|32/100|[from] item: Leftovers
|upkeep
|turn|2
|
|t:|1657309952
|switch|p1a: Reuniclus|Reuniclus, F|100/100
|move|p2a: Steelix|Stealth Rock|p1a: Reuniclus
|-sidestart|p1: Lunala|move: Stealth Rock
|
|upkeep
|turn|3
|
|t:|1657309959
|switch|p1a: Registeel|Registeel|100/100
|-damage|p1a: Registeel|94/100|[from] Stealth Rock
|switch|p2a: Milotic|Milotic, F|100/100
|
|-heal|p1a: Registeel|100/100|[from] item: Leftovers
|upkeep
|turn|4
|
|t:|1657309962
|move|p2a: Milotic|Scald|p1a: Registeel
|-damage|p1a: Registeel|86/100
|-status|p1a: Registeel|brn
|move|p1a: Registeel|Stealth Rock|p2a: Milotic
|-sidestart|p2: eifo|move: Stealth Rock
|
|-heal|p1a: Registeel|93/100 brn|[from] item: Leftovers
|-damage|p1a: Registeel|86/100 brn|[from] brn
|upkeep
|turn|5
|
|t:|1657309974
|switch|p2a: Heracross|Heracross, M|100/100
|switch|p1a: Gastrodon|Gastrodon-East, M|100/100
|
|upkeep
|turn|6
|
|t:|1657309982
|switch|p1a: Crobat|Crobat, F|100/100
|move|p2a: Heracross|Knock Off|p1a: Crobat
|-damage|p1a: Crobat|64/100
|-enditem|p1a: Crobat|Heavy-Duty Boots|[from] move: Knock Off|[of] p2a: Heracross
|
|upkeep
|turn|7
|
|t:|1657310005
|switch|p2a: Umbreon|Umbreon, M|100/100
|-damage|p2a: Umbreon|88/100|[from] Stealth Rock
|move|p1a: Crobat|Roost|p1a: Crobat
|-heal|p1a: Crobat|100/100
|-singleturn|p1a: Crobat|move: Roost
|
|-heal|p2a: Umbreon|94/100|[from] item: Leftovers
|upkeep
|turn|8
|
|t:|1657310007
|move|p1a: Crobat|U-turn|p2a: Umbreon
|-supereffective|p2a: Umbreon
|-damage|p2a: Umbreon|66/100
|
|t:|1657310009
|switch|p1a: Heracross|Heracross, F|100/100|[from]move: U-turn
|-damage|p1a: Heracross|88/100|[from] Stealth Rock
|move|p2a: Umbreon|Foul Play|p1a: Heracross
|-resisted|p1a: Heracross
|-damage|p1a: Heracross|54/100
|
|-heal|p2a: Umbreon|72/100|[from] item: Leftovers
|upkeep
|turn|9
|
|t:|1657310013
|move|p2a: Umbreon|Protect|p2a: Umbreon
|-singleturn|p2a: Umbreon|Protect
|move|p1a: Heracross|Knock Off|p2a: Umbreon
|-activate|p2a: Umbreon|move: Protect
|
|-heal|p2a: Umbreon|78/100|[from] item: Leftovers
|upkeep
|turn|10
|inactive|eifo has 270 seconds left.
|
|t:|1657310062
|switch|p2a: Milotic|Milotic, F|100/100
|-damage|p2a: Milotic|88/100|[from] Stealth Rock
|move|p1a: Heracross|Knock Off|p2a: Milotic
|-damage|p2a: Milotic|63/100
|-enditem|p2a: Milotic|Leftovers|[from] move: Knock Off|[of] p1a: Heracross
|
|upkeep
|turn|11
|
|t:|1657310068
|switch|p1a: Reuniclus|Reuniclus, F|100/100
|move|p2a: Milotic|Recover|p2a: Milotic
|-heal|p2a: Milotic|100/100
|
|upkeep
|turn|12
|
|t:|1657310072
|move|p2a: Milotic|Scald|p1a: Reuniclus
|-damage|p1a: Reuniclus|75/100
|move|p1a: Reuniclus|Calm Mind|p1a: Reuniclus
|-boost|p1a: Reuniclus|spa|1
|-boost|p1a: Reuniclus|spd|1
|
|upkeep
|turn|13
|
|t:|1657310076
|move|p2a: Milotic|Scald|p1a: Reuniclus
|-damage|p1a: Reuniclus|59/100
|move|p1a: Reuniclus|Psyshock|p2a: Milotic
|-crit|p2a: Milotic
|-damage|p2a: Milotic|40/100
|
|upkeep
|turn|14
|
|t:|1657310079
|move|p2a: Milotic|Recover|p2a: Milotic
|-heal|p2a: Milotic|90/100
|move|p1a: Reuniclus|Psyshock|p2a: Milotic
|-crit|p2a: Milotic
|-damage|p2a: Milotic|28/100
|
|upkeep
|turn|15
|c|☆eifo|yo
|
|t:|1657310084
|move|p2a: Milotic|Recover|p2a: Milotic
|-heal|p2a: Milotic|78/100
|move|p1a: Reuniclus|Psyshock|p2a: Milotic
|-damage|p2a: Milotic|36/100
|
|upkeep
|turn|16
|
|t:|1657310087
|move|p2a: Milotic|Recover|p2a: Milotic
|-heal|p2a: Milotic|86/100
|move|p1a: Reuniclus|Psyshock|p2a: Milotic
|-damage|p2a: Milotic|47/100
|
|upkeep
|turn|17
|
|t:|1657310090
|move|p2a: Milotic|Recover|p2a: Milotic
|-heal|p2a: Milotic|97/100
|move|p1a: Reuniclus|Recover|p1a: Reuniclus
|-heal|p1a: Reuniclus|100/100
|
|upkeep
|turn|18
|
|t:|1657310093
|move|p2a: Milotic|Haze|p2a: Milotic
|-clearallboost
|move|p1a: Reuniclus|Psyshock|p2a: Milotic
|-crit|p2a: Milotic
|-damage|p2a: Milotic|57/100
|
|upkeep
|turn|19
|
|t:|1657310104
|switch|p1a: Guzzlord|Guzzlord|32/100
|-damage|p1a: Guzzlord|20/100|[from] Stealth Rock
|move|p2a: Milotic|Scald|p1a: Guzzlord
|-resisted|p1a: Guzzlord
|-damage|p1a: Guzzlord|9/100
|
|-heal|p1a: Guzzlord|15/100|[from] item: Leftovers
|upkeep
|turn|20
|
|t:|1657310107
|move|p1a: Guzzlord|Protect|p1a: Guzzlord
|-singleturn|p1a: Guzzlord|Protect
|move|p2a: Milotic|Ice Beam|p1a: Guzzlord
|-activate|p1a: Guzzlord|move: Protect
|
|-heal|p1a: Guzzlord|21/100|[from] item: Leftovers
|upkeep
|turn|21
|
|t:|1657310113
|switch|p1a: Gastrodon|Gastrodon-East, M|100/100
|move|p2a: Milotic|Recover|p2a: Milotic
|-heal|p2a: Milotic|100/100
|
|upkeep
|turn|22
|
|t:|1657310124
|move|p2a: Milotic|Scald|p1a: Gastrodon
|-ability|p1a: Gastrodon|Storm Drain|boost
|-boost|p1a: Gastrodon|spa|1
|move|p1a: Gastrodon|Scald|p2a: Milotic
|-resisted|p2a: Milotic
|-damage|p2a: Milotic|88/100
|
|upkeep
|turn|23
|
|t:|1657310132
|switch|p2a: Umbreon|Umbreon, M|78/100
|-damage|p2a: Umbreon|66/100|[from] Stealth Rock
|move|p1a: Gastrodon|Scald|p2a: Umbreon
|-damage|p2a: Umbreon|45/100
|
|-heal|p2a: Umbreon|51/100|[from] item: Leftovers
|upkeep
|turn|24
|
|t:|1657310137
|move|p2a: Umbreon|Wish|p2a: Umbreon
|move|p1a: Gastrodon|Scald|p2a: Umbreon
|-damage|p2a: Umbreon|31/100
|
|-heal|p2a: Umbreon|37/100|[from] item: Leftovers
|upkeep
|turn|25
|
|t:|1657310144
|switch|p1a: Reuniclus|Reuniclus, F|100/100
|move|p2a: Umbreon|Protect||[still]
|-fail|p2a: Umbreon
|
|-heal|p2a: Umbreon|87/100|[from] move: Wish|[wisher] Umbreon
|-heal|p2a: Umbreon|93/100|[from] item: Leftovers
|upkeep
|turn|26
|
|t:|1657310148
|move|p2a: Umbreon|Wish|p2a: Umbreon
|move|p1a: Reuniclus|Calm Mind|p1a: Reuniclus
|-boost|p1a: Reuniclus|spa|1
|-boost|p1a: Reuniclus|spd|1
|
|-heal|p2a: Umbreon|99/100|[from] item: Leftovers
|upkeep
|turn|27
|
|t:|1657310151
|switch|p2a: Milotic|Milotic, F|88/100
|-damage|p2a: Milotic|75/100|[from] Stealth Rock
|move|p1a: Reuniclus|Psyshock|p2a: Milotic
|-damage|p2a: Milotic|34/100
|
|-heal|p2a: Milotic|84/100|[from] move: Wish|[wisher] Umbreon
|upkeep
|turn|28
|
|t:|1657310154
|switch|p1a: Gastrodon|Gastrodon-East, M|100/100
|move|p2a: Milotic|Haze|p2a: Milotic
|-clearallboost
|
|upkeep
|turn|29
|inactive|eifo has 270 seconds left.
|
|t:|1657310207
|switch|p2a: Heracross|Heracross, M|100/100
|move|p1a: Gastrodon|Scald|p2a: Heracross
|-damage|p2a: Heracross|71/100
|
|upkeep
|turn|30
|
|t:|1657310213
|switch|p1a: Crobat|Crobat, F|100/100
|-damage|p1a: Crobat|76/100|[from] Stealth Rock
|move|p2a: Heracross|Knock Off|p1a: Crobat
|-damage|p1a: Crobat|54/100
|
|upkeep
|turn|31
|inactive|eifo has 240 seconds left.
|
|t:|1657310248
|switch|p2a: Umbreon|Umbreon, M|99/100
|-damage|p2a: Umbreon|87/100|[from] Stealth Rock
|move|p1a: Crobat|Roost|p1a: Crobat
|-heal|p1a: Crobat|100/100
|-singleturn|p1a: Crobat|move: Roost
|
|-heal|p2a: Umbreon|93/100|[from] item: Leftovers
|upkeep
|turn|32
|
|t:|1657310256
|move|p1a: Crobat|U-turn|p2a: Umbreon
|-supereffective|p2a: Umbreon
|-damage|p2a: Umbreon|66/100
|
|t:|1657310261
|switch|p1a: Registeel|Registeel|86/100 brn|[from]move: U-turn
|-damage|p1a: Registeel|80/100 brn|[from] Stealth Rock
|move|p2a: Umbreon|Wish|p2a: Umbreon
|
|-heal|p2a: Umbreon|72/100|[from] item: Leftovers
|-heal|p1a: Registeel|86/100 brn|[from] item: Leftovers
|-damage|p1a: Registeel|80/100 brn|[from] brn
|upkeep
|turn|33
|inactive|eifo has 240 seconds left.
|
|t:|1657310300
|switch|p1a: Crobat|Crobat, F|100/100
|-damage|p1a: Crobat|76/100|[from] Stealth Rock
|move|p2a: Umbreon|Foul Play|p1a: Crobat
|-crit|p1a: Crobat
|-damage|p1a: Crobat|24/100
|
|-heal|p2a: Umbreon|100/100|[from] move: Wish|[wisher] Umbreon
|upkeep
|turn|34
|
|t:|1657310309
|move|p1a: Crobat|Roost|p1a: Crobat
|-heal|p1a: Crobat|74/100
|-singleturn|p1a: Crobat|move: Roost
|move|p2a: Umbreon|Foul Play|p1a: Crobat
|-damage|p1a: Crobat|39/100
|
|upkeep
|turn|35
|
|t:|1657310312
|move|p1a: Crobat|Roost|p1a: Crobat
|-heal|p1a: Crobat|90/100
|-singleturn|p1a: Crobat|move: Roost
|move|p2a: Umbreon|Foul Play|p1a: Crobat
|-damage|p1a: Crobat|54/100
|
|upkeep
|turn|36
|
|t:|1657310314
|move|p1a: Crobat|Roost|p1a: Crobat
|-heal|p1a: Crobat|100/100
|-singleturn|p1a: Crobat|move: Roost
|move|p2a: Umbreon|Foul Play|p1a: Crobat
|-damage|p1a: Crobat|64/100
|
|upkeep
|turn|37
|inactive|eifo has 240 seconds left.
|
|t:|1657310340
|move|p1a: Crobat|Roost|p1a: Crobat
|-heal|p1a: Crobat|100/100
|-singleturn|p1a: Crobat|move: Roost
|move|p2a: Umbreon|Wish|p2a: Umbreon
|
|upkeep
|turn|38
|
|t:|1657310346
|switch|p2a: Steelix|Steelix, M|79/100
|-damage|p2a: Steelix|76/100|[from] Stealth Rock
|move|p1a: Crobat|U-turn|p2a: Steelix
|-resisted|p2a: Steelix
|-damage|p2a: Steelix|72/100
|
|t:|1657310348
|switch|p1a: Reuniclus|Reuniclus, F|100/100|[from]move: U-turn
|
|-heal|p2a: Steelix|100/100|[from] move: Wish|[wisher] Umbreon
|upkeep
|turn|39
|inactive|eifo has 240 seconds left.
|
|t:|1657310354
|switch|p2a: Milotic|Milotic, F|84/100
|-damage|p2a: Milotic|72/100|[from] Stealth Rock
|move|p1a: Reuniclus|Psyshock|p2a: Milotic
|-damage|p2a: Milotic|45/100
|
|upkeep
|turn|40
|
|t:|1657310364
|switch|p1a: Gastrodon|Gastrodon-East, M|100/100
|move|p2a: Milotic|Recover|p2a: Milotic
|-heal|p2a: Milotic|95/100
|
|upkeep
|turn|41
|
|t:|1657310378
|move|p2a: Milotic|Ice Beam|p1a: Gastrodon
|-damage|p1a: Gastrodon|80/100
|move|p1a: Gastrodon|Scald|p2a: Milotic
|-resisted|p2a: Milotic
|-damage|p2a: Milotic|86/100
|-status|p2a: Milotic|brn
|
|-damage|p2a: Milotic|80/100 brn|[from] brn
|upkeep
|turn|42
|inactive|eifo has 240 seconds left.
|
|t:|1657310399
|switch|p2a: Umbreon|Umbreon, M|100/100
|-damage|p2a: Umbreon|88/100|[from] Stealth Rock
|switch|p1a: Heracross|Heracross, F|54/100
|-damage|p1a: Heracross|42/100|[from] Stealth Rock
|
|-heal|p2a: Umbreon|94/100|[from] item: Leftovers
|upkeep
|turn|43
|
|t:|1657310403
|move|p2a: Umbreon|Protect|p2a: Umbreon
|-singleturn|p2a: Umbreon|Protect
|move|p1a: Heracross|Knock Off|p2a: Umbreon
|-activate|p2a: Umbreon|move: Protect
|
|-heal|p2a: Umbreon|99/100|[from] item: Leftovers
|upkeep
|turn|44
|
|t:|1657310408
|switch|p2a: Steelix|Steelix, M|100/100
|-damage|p2a: Steelix|97/100|[from] Stealth Rock
|move|p1a: Heracross|Knock Off|p2a: Steelix
|-damage|p2a: Steelix|88/100
|
|upkeep
|turn|45
|
|t:|1657310414
|switch|p1a: Reuniclus|Reuniclus, F|100/100
|move|p2a: Steelix|Heavy Slam|p1a: Reuniclus
|-damage|p1a: Reuniclus|75/100
|
|-damage|p2a: Steelix|75/100|[from] item: Sticky Barb
|upkeep
|turn|46
|inactive|eifo has 270 seconds left.
|
|t:|1657310428
|switch|p2a: Milotic|Milotic, F|80/100 brn
|-damage|p2a: Milotic|68/100 brn|[from] Stealth Rock
|move|p1a: Reuniclus|Calm Mind|p1a: Reuniclus
|-boost|p1a: Reuniclus|spa|1
|-boost|p1a: Reuniclus|spd|1
|
|-damage|p2a: Milotic|62/100 brn|[from] brn
|upkeep
|turn|47
|
|t:|1657310432
|move|p2a: Milotic|Haze|p2a: Milotic
|-clearallboost
|move|p1a: Reuniclus|Calm Mind|p1a: Reuniclus
|-boost|p1a: Reuniclus|spa|1
|-boost|p1a: Reuniclus|spd|1
|
|-damage|p2a: Milotic|56/100 brn|[from] brn
|upkeep
|turn|48
|
|t:|1657310439
|move|p2a: Milotic|Haze|p2a: Milotic
|-clearallboost
|move|p1a: Reuniclus|Calm Mind|p1a: Reuniclus
|-boost|p1a: Reuniclus|spa|1
|-boost|p1a: Reuniclus|spd|1
|
|-damage|p2a: Milotic|49/100 brn|[from] brn
|upkeep
|turn|49
|
|t:|1657310441
|move|p2a: Milotic|Recover|p2a: Milotic
|-heal|p2a: Milotic|99/100 brn
|move|p1a: Reuniclus|Psyshock|p2a: Milotic
|-damage|p2a: Milotic|71/100 brn
|
|-damage|p2a: Milotic|65/100 brn|[from] brn
|upkeep
|turn|50
|
|t:|1657310449
|move|p2a: Milotic|Haze|p2a: Milotic
|-clearallboost
|move|p1a: Reuniclus|Recover|p1a: Reuniclus
|-heal|p1a: Reuniclus|100/100
|
|-damage|p2a: Milotic|59/100 brn|[from] brn
|upkeep
|turn|51
|
|t:|1657310453
|move|p2a: Milotic|Scald|p1a: Reuniclus
|-damage|p1a: Reuniclus|76/100
|move|p1a: Reuniclus|Calm Mind|p1a: Reuniclus
|-boost|p1a: Reuniclus|spa|1
|-boost|p1a: Reuniclus|spd|1
|
|-damage|p2a: Milotic|53/100 brn|[from] brn
|upkeep
|turn|52
|
|t:|1657310456
|move|p2a: Milotic|Haze|p2a: Milotic
|-clearallboost
|move|p1a: Reuniclus|Calm Mind|p1a: Reuniclus
|-boost|p1a: Reuniclus|spa|1
|-boost|p1a: Reuniclus|spd|1
|
|-damage|p2a: Milotic|47/100 brn|[from] brn
|upkeep
|turn|53
|
|t:|1657310458
|move|p2a: Milotic|Recover|p2a: Milotic
|-heal|p2a: Milotic|97/100 brn
|move|p1a: Reuniclus|Calm Mind|p1a: Reuniclus
|-boost|p1a: Reuniclus|spa|1
|-boost|p1a: Reuniclus|spd|1
|
|-damage|p2a: Milotic|91/100 brn|[from] brn
|upkeep
|turn|54
|
|t:|1657310461
|move|p2a: Milotic|Haze|p2a: Milotic
|-clearallboost
|move|p1a: Reuniclus|Recover|p1a: Reuniclus
|-heal|p1a: Reuniclus|100/100
|
|-damage|p2a: Milotic|85/100 brn|[from] brn
|upkeep
|turn|55
|
|t:|1657310475
|switch|p2a: Umbreon|Umbreon, M|99/100
|-damage|p2a: Umbreon|88/100|[from] Stealth Rock
|move|p1a: Reuniclus|Calm Mind|p1a: Reuniclus
|-boost|p1a: Reuniclus|spa|1
|-boost|p1a: Reuniclus|spd|1
|
|-heal|p2a: Umbreon|94/100|[from] item: Leftovers
|upkeep
|turn|56
|
|t:|1657310478
|move|p2a: Umbreon|Wish|p2a: Umbreon
|move|p1a: Reuniclus|Focus Blast|p2a: Umbreon
|-supereffective|p2a: Umbreon
|-damage|p2a: Umbreon|42/100
|-unboost|p2a: Umbreon|spd|1
|
|-heal|p2a: Umbreon|48/100|[from] item: Leftovers
|upkeep
|turn|57
|
|t:|1657310486
|move|p2a: Umbreon|Protect|p2a: Umbreon
|-singleturn|p2a: Umbreon|Protect
|move|p1a: Reuniclus|Calm Mind|p1a: Reuniclus
|-boost|p1a: Reuniclus|spa|1
|-boost|p1a: Reuniclus|spd|1
|
|-heal|p2a: Umbreon|98/100|[from] move: Wish|[wisher] Umbreon
|-heal|p2a: Umbreon|100/100|[from] item: Leftovers
|upkeep
|turn|58
|
|t:|1657310488
|move|p2a: Umbreon|Heal Bell|p2a: Umbreon
|-activate|p2a: Umbreon|move: Heal Bell
|-curestatus|p2: Milotic|brn|[msg]
|move|p1a: Reuniclus|Focus Blast|p2a: Umbreon
|-supereffective|p2a: Umbreon
|-damage|p2a: Umbreon|0 fnt
|faint|p2a: Umbreon
|
|upkeep
|c|☆eifo|sheesh
|
|t:|1657310495
|switch|p2a: Heracross|Heracross, M|71/100
|turn|59
|
|t:|1657310500
|switch|p1a: Guzzlord|Guzzlord|21/100
|-damage|p1a: Guzzlord|9/100|[from] Stealth Rock
|move|p2a: Heracross|Stone Edge|p1a: Guzzlord
|-damage|p1a: Guzzlord|0 fnt
|faint|p1a: Guzzlord
|
|upkeep
|
|t:|1657310502
|switch|p1a: Crobat|Crobat, F|100/100
|-damage|p1a: Crobat|76/100|[from] Stealth Rock
|turn|60
|
|t:|1657310511
|switch|p2a: Crobat|Crobat, M|100/100
|move|p1a: Crobat|Roost|p1a: Crobat
|-heal|p1a: Crobat|100/100
|-singleturn|p1a: Crobat|move: Roost
|
|upkeep
|turn|61
|
|t:|1657310520
|switch|p1a: Registeel|Registeel|80/100 brn
|-damage|p1a: Registeel|74/100 brn|[from] Stealth Rock
|move|p2a: Crobat|Brave Bird|p1a: Registeel
|-resisted|p1a: Registeel
|-damage|p1a: Registeel|60/100 brn
|-damage|p2a: Crobat|96/100|[from] Recoil
|
|-heal|p1a: Registeel|66/100 brn|[from] item: Leftovers
|-damage|p1a: Registeel|60/100 brn|[from] brn
|upkeep
|turn|62
|
|t:|1657310524
|move|p2a: Crobat|U-turn|p1a: Registeel
|-resisted|p1a: Registeel
|-damage|p1a: Registeel|55/100 brn
|
|t:|1657310531
|switch|p2a: Raikou|Raikou|100/100|[from]move: U-turn
|-damage|p2a: Raikou|88/100|[from] Stealth Rock
|-ability|p2a: Raikou|Pressure
|move|p1a: Registeel|Seismic Toss|p2a: Raikou
|-damage|p2a: Raikou|57/100
|
|-heal|p2a: Raikou|63/100|[from] item: Leftovers
|-heal|p1a: Registeel|61/100 brn|[from] item: Leftovers
|-damage|p1a: Registeel|55/100 brn|[from] brn
|upkeep
|turn|63
|
|t:|1657310557
|switch|p2a: Heracross|Heracross, M|71/100
|switch|p1a: Gastrodon|Gastrodon-East, M|80/100
|
|upkeep
|turn|64
|
|t:|1657310565
|move|p2a: Heracross|Knock Off|p1a: Gastrodon
|-damage|p1a: Gastrodon|58/100
|-enditem|p1a: Gastrodon|Heavy-Duty Boots|[from] move: Knock Off|[of] p2a: Heracross
|move|p1a: Gastrodon|Recover|p1a: Gastrodon
|-heal|p1a: Gastrodon|100/100
|
|upkeep
|turn|65
|
|t:|1657310571
|move|p2a: Heracross|Megahorn|p1a: Gastrodon
|-damage|p1a: Gastrodon|53/100
|move|p1a: Gastrodon|Earthquake|p2a: Heracross
|-resisted|p2a: Heracross
|-damage|p2a: Heracross|52/100
|
|upkeep
|turn|66
|
|t:|1657310581
|move|p2a: Heracross|Close Combat|p1a: Gastrodon
|-damage|p1a: Gastrodon|10/100
|-unboost|p2a: Heracross|def|1
|-unboost|p2a: Heracross|spd|1
|move|p1a: Gastrodon|Recover|p1a: Gastrodon
|-heal|p1a: Gastrodon|60/100
|
|upkeep
|turn|67
|
|t:|1657310590
|switch|p2a: Steelix|Steelix, M|75/100
|-damage|p2a: Steelix|72/100|[from] Stealth Rock
|switch|p1a: Crobat|Crobat, F|100/100
|-damage|p1a: Crobat|76/100|[from] Stealth Rock
|
|-damage|p2a: Steelix|60/100|[from] item: Sticky Barb
|upkeep
|turn|68
|
|t:|1657310598
|move|p1a: Crobat|Roost|p1a: Crobat
|-heal|p1a: Crobat|100/100
|-singleturn|p1a: Crobat|move: Roost
|move|p2a: Steelix|Heavy Slam|p1a: Crobat
|-damage|p1a: Crobat|59/100
|
|-damage|p2a: Steelix|47/100|[from] item: Sticky Barb
|upkeep
|turn|69
|
|t:|1657310601
|move|p1a: Crobat|Roost|p1a: Crobat
|-heal|p1a: Crobat|100/100
|-singleturn|p1a: Crobat|move: Roost
|move|p2a: Steelix|Heavy Slam|p1a: Crobat
|-damage|p1a: Crobat|61/100
|
|-damage|p2a: Steelix|35/100|[from] item: Sticky Barb
|upkeep
|turn|70
|
|t:|1657310608
|switch|p2a: Crobat|Crobat, M|96/100
|move|p1a: Crobat|Roost|p1a: Crobat
|-heal|p1a: Crobat|100/100
|-singleturn|p1a: Crobat|move: Roost
|
|upkeep
|turn|71
|
|t:|1657310611
|move|p2a: Crobat|U-turn|p1a: Crobat
|-resisted|p1a: Crobat
|-damage|p1a: Crobat|96/100
|
|t:|1657310618
|switch|p2a: Milotic|Milotic, F|85/100|[from]move: U-turn
|-damage|p2a: Milotic|72/100|[from] Stealth Rock
|move|p1a: Crobat|Defog|p2a: Milotic
|-unboost|p2a: Milotic|evasion|1
|-sideend|p2: eifo|Stealth Rock|[from] move: Defog|[of] p1a: Crobat
|-sideend|p1: Lunala|Stealth Rock|[from] move: Defog|[of] p1a: Crobat
|
|upkeep
|turn|72
|c|+keys|go lunala woo
|c|☆eifo|fuck dude i am so tilted
|c|☆eifo|frick reu
|c|+Beraldinhoo|suspect this guy 
|c|+Beraldinhoo|like..
|c|☆eifo|i mean
|c|☆eifo|that was bs
|inactive|eifo has 270 seconds left.
|
|t:|1657310657
|switch|p1a: Registeel|Registeel|55/100 brn
|move|p2a: Milotic|Ice Beam|p1a: Registeel
|-resisted|p1a: Registeel
|-damage|p1a: Registeel|50/100 brn
|
|-heal|p1a: Registeel|56/100 brn|[from] item: Leftovers
|-damage|p1a: Registeel|50/100 brn|[from] brn
|upkeep
|turn|73
|
|t:|1657310661
|switch|p2a: Heracross|Heracross, M|52/100
|move|p1a: Registeel|Stealth Rock|p2a: Heracross
|-sidestart|p2: eifo|move: Stealth Rock
|
|-heal|p1a: Registeel|56/100 brn|[from] item: Leftovers
|-damage|p1a: Registeel|50/100 brn|[from] brn
|upkeep
|turn|74
|inactive|eifo has 270 seconds left.
|c|☆eifo|whatever man
|c|☆eifo|lets just lose already
|inactive|Lunala has 270 seconds left.
|
|t:|1657310701
|switch|p1a: Crobat|Crobat, F|96/100
|move|p2a: Heracross|Stone Edge|p1a: Crobat
|-supereffective|p1a: Crobat
|-damage|p1a: Crobat|24/100
|
|upkeep
|turn|75
|inactive|eifo has 270 seconds left.
|c|☆eifo|how did i gte barebd btw
|c|+GW|Sticky BarbEach turn, holder loses 1/8 max HP. An attacker making contact can receive it.
|c|+Feliburn|u got knocked and slammed the reuni
|inactive|eifo has 240 seconds left.
|c|☆eifo|ah
|c|+Feliburn|so it stuck to u
|
|t:|1657310761
|move|p1a: Crobat|Roost|p1a: Crobat
|-heal|p1a: Crobat|74/100
|-singleturn|p1a: Crobat|move: Roost
|move|p2a: Heracross|Stone Edge|p1a: Crobat
|-damage|p1a: Crobat|37/100
|
|upkeep
|turn|76
|
|t:|1657310768
|move|p1a: Crobat|Roost|p1a: Crobat
|-heal|p1a: Crobat|87/100
|-singleturn|p1a: Crobat|move: Roost
|move|p2a: Heracross|Stone Edge|p1a: Crobat
|-damage|p1a: Crobat|50/100
|
|upkeep
|turn|77
|
|t:|1657310771
|switch|p2a: Crobat|Crobat, M|96/100
|move|p1a: Crobat|Roost|p1a: Crobat
|-heal|p1a: Crobat|99/100
|-singleturn|p1a: Crobat|move: Roost
|
|upkeep
|turn|78
|
|t:|1657310780
|move|p1a: Crobat|Brave Bird|p2a: Crobat
|-damage|p2a: Crobat|44/100
|-damage|p1a: Crobat|80/100|[from] Recoil
|move|p2a: Crobat|Brave Bird|p1a: Crobat
|-damage|p1a: Crobat|30/100
|-damage|p2a: Crobat|30/100|[from] Recoil
|
|upkeep
|turn|79
|
|t:|1657310786
|move|p2a: Crobat|Brave Bird|p1a: Crobat
|-damage|p1a: Crobat|0 fnt
|faint|p1a: Crobat
|-damage|p2a: Crobat|22/100|[from] Recoil
|
|upkeep
|
|t:|1657310803
|switch|p1a: Reuniclus|Reuniclus, F|100/100
|turn|80
|
|t:|1657310807
|move|p2a: Crobat|U-turn|p1a: Reuniclus
|-supereffective|p1a: Reuniclus
|-damage|p1a: Reuniclus|76/100
|
|t:|1657310810
|switch|p2a: Milotic|Milotic, F|72/100|[from]move: U-turn
|-damage|p2a: Milotic|60/100|[from] Stealth Rock
|move|p1a: Reuniclus|Psyshock|p2a: Milotic
|-damage|p2a: Milotic|33/100
|
|upkeep
|turn|81
|
|t:|1657310813
|switch|p1a: Gastrodon|Gastrodon-East, M|60/100
|move|p2a: Milotic|Recover|p2a: Milotic
|-heal|p2a: Milotic|83/100
|
|upkeep
|turn|82
|inactive|eifo has 270 seconds left.
|
|t:|1657310851
|switch|p2a: Heracross|Heracross, M|52/100
|move|p1a: Gastrodon|Recover|p1a: Gastrodon
|-heal|p1a: Gastrodon|100/100
|
|upkeep
|turn|83
|
|t:|1657310857
|move|p2a: Heracross|Megahorn|p1a: Gastrodon
|-damage|p1a: Gastrodon|57/100
|move|p1a: Gastrodon|Scald|p2a: Heracross
|-damage|p2a: Heracross|20/100
|-status|p2a: Heracross|brn
|
|-damage|p2a: Heracross|14/100 brn|[from] brn
|upkeep
|turn|84
|inactive|eifo has 270 seconds left.
|
|t:|1657310865
|switch|p1a: Registeel|Registeel|50/100 brn
|move|p2a: Heracross|Close Combat|p1a: Registeel
|-supereffective|p1a: Registeel
|-crit|p1a: Registeel
|-damage|p1a: Registeel|0 fnt
|-unboost|p2a: Heracross|def|1
|-unboost|p2a: Heracross|spd|1
|faint|p1a: Registeel
|
|-damage|p2a: Heracross|8/100 brn|[from] brn
|upkeep
|
|t:|1657310867
|switch|p1a: Heracross|Heracross, F|42/100
|turn|85
|inactive|eifo has 270 seconds left.
|inactive|eifo has 240 seconds left.
|
|t:|1657310916
|switch|p2a: Steelix|Steelix, M|35/100
|-damage|p2a: Steelix|32/100|[from] Stealth Rock
|move|p1a: Heracross|Close Combat|p2a: Steelix
|-supereffective|p2a: Steelix
|-damage|p2a: Steelix|0 fnt
|-unboost|p1a: Heracross|def|1
|-unboost|p1a: Heracross|spd|1
|faint|p2a: Steelix
|-ability|p1a: Heracross|Moxie|boost
|-boost|p1a: Heracross|atk|1
|
|upkeep
|inactive|eifo has 240 seconds left.
|
|t:|1657310923
|switch|p2a: Milotic|Milotic, F|83/100
|-damage|p2a: Milotic|71/100|[from] Stealth Rock
|turn|86
|inactive|eifo has 240 seconds left.
|
|t:|1657310946
|switch|p1a: Gastrodon|Gastrodon-East, M|57/100
|switch|p2a: Crobat|Crobat, M|22/100
|
|upkeep
|turn|87
|
|t:|1657310949
|move|p2a: Crobat|Defog|p1a: Gastrodon
|-unboost|p1a: Gastrodon|evasion|1
|-sideend|p2: eifo|Stealth Rock|[from] move: Defog|[of] p2a: Crobat
|move|p1a: Gastrodon|Scald|p2a: Crobat
|-damage|p2a: Crobat|0 fnt
|faint|p2a: Crobat
|
|upkeep
|
|t:|1657310953
|switch|p2a: Heracross|Heracross, M|8/100 brn
|turn|88
|
|t:|1657310960
|switch|p1a: Reuniclus|Reuniclus, F|76/100
|move|p2a: Heracross|Megahorn|p1a: Reuniclus|[miss]
|-miss|p2a: Heracross|p1a: Reuniclus
|
|-damage|p2a: Heracross|2/100 brn|[from] brn
|upkeep
|turn|89
|c|☆eifo|yeet
|
|t:|1657310977
|move|p2a: Heracross|Megahorn|p1a: Reuniclus
|-supereffective|p1a: Reuniclus
|-damage|p1a: Reuniclus|0 fnt
|faint|p1a: Reuniclus
|
|-damage|p2a: Heracross|0 fnt|[from] brn
|faint|p2a: Heracross
|upkeep
|c|+Feliburn|I think thats better for u 
|c|☆eifo|no
|c|☆eifo|i los
|inactive|eifo has 240 seconds left.
|
|t:|1657311001
|switch|p2a: Milotic|Milotic, F|71/100
|switch|p1a: Gastrodon|Gastrodon-East, M|57/100
|turn|90
|c|☆eifo|just tpx
|
|t:|1657311009
|move|p2a: Milotic|Recover|p2a: Milotic
|-heal|p2a: Milotic|100/100
|move|p1a: Gastrodon|Recover|p1a: Gastrodon
|-heal|p1a: Gastrodon|100/100
|
|upkeep
|turn|91
|
|t:|1657311011
|move|p2a: Milotic|Ice Beam|p1a: Gastrodon
|-damage|p1a: Gastrodon|82/100
|move|p1a: Gastrodon|Toxic|p2a: Milotic
|-status|p2a: Milotic|tox
|
|-damage|p2a: Milotic|94/100 tox|[from] psn
|upkeep
|turn|92
|c|☆eifo|gg
|-message|eifo forfeited.
|
|win|Lunala
|c|☆Lunala|ggs
