|inactive|Battle timer is ON: inactive players will automatically lose when time's up.
|t:|1651952373
|gametype|singles
|player|p1|a rabbit|#scl1breakers|
|player|p2|guille14|gambler|
|teamsize|p1|6
|teamsize|p2|6
|gen|8
|tier|[Gen 8] RU
|rule|Sleep Clause Mod: Limit one foe put to sleep
|rule|Species Clause: Limit one of each Pokémon
|rule|OHKO Clause: OHKO moves are banned
|rule|Evasion Moves Clause: Evasion moves are banned
|rule|Endless Battle Clause: Forcing endless battles is banned
|rule|HP Percentage Mod: HP is shown in percentages
|rule|Dynamax Clause: You cannot dynamax
|clearpoke
|poke|p1|Rhyperior, F|
|poke|p1|Bronzong|
|poke|p1|Toxicroak, M|
|poke|p1|Milotic, F|
|poke|p1|Crobat, M|
|poke|p1|Rotom-Mow|
|poke|p2|Weezing, F|
|poke|p2|Quagsire, M|
|poke|p2|Reuniclus, M|
|poke|p2|Diancie|
|poke|p2|Umbreon, F|
|poke|p2|Tsareena, F|
|teampreview
|c|☆guille14|hf
|c|☆a rabbit|same
|inactive|a rabbit has 270 seconds left.
|inactive|guille14 has 270 seconds left.
|
|t:|1651952408
|start
|switch|p1a: Rotom|Rotom-Mow|100/100
|switch|p2a: Weezing|Weezing, F|100/100
|-ability|p2a: Weezing|Neutralizing Gas
|turn|1
|
|t:|1651952424
|move|p1a: Rotom|Volt Switch|p2a: Weezing
|-damage|p2a: Weezing|56/100
|
|t:|1651952429
|switch|p1a: Crobat|Crobat, M|100/100|[from]move: Volt Switch
|move|p2a: Weezing|Will-O-Wisp|p1a: Crobat
|-status|p1a: Crobat|brn
|
|-heal|p2a: Weezing|62/100|[from] item: Black Sludge
|-damage|p1a: Crobat|94/100 brn|[from] brn
|upkeep
|turn|2
|
|t:|1651952437
|move|p1a: Crobat|Brave Bird|p2a: Weezing
|-damage|p2a: Weezing|49/100
|-damage|p1a: Crobat|91/100 brn|[from] Recoil
|move|p2a: Weezing|Toxic Spikes|p1a: Crobat
|-sidestart|p1: a rabbit|move: Toxic Spikes
|
|-heal|p2a: Weezing|55/100|[from] item: Black Sludge
|-damage|p1a: Crobat|84/100 brn|[from] brn
|upkeep
|turn|3
|
|t:|1651952448
|move|p1a: Crobat|Defog|p2a: Weezing
|-unboost|p2a: Weezing|evasion|1
|-sideend|p1: a rabbit|Toxic Spikes|[from] move: Defog|[of] p1a: Crobat
|move|p2a: Weezing|Sludge Bomb|p1a: Crobat
|-resisted|p1a: Crobat
|-damage|p1a: Crobat|70/100 brn
|
|-heal|p2a: Weezing|61/100|[from] item: Black Sludge
|-damage|p1a: Crobat|64/100 brn|[from] brn
|upkeep
|turn|4
|
|t:|1651952452
|move|p1a: Crobat|Roost|p1a: Crobat
|-heal|p1a: Crobat|100/100 brn
|-singleturn|p1a: Crobat|move: Roost
|move|p2a: Weezing|Sludge Bomb|p1a: Crobat
|-resisted|p1a: Crobat
|-damage|p1a: Crobat|86/100 brn
|
|-heal|p2a: Weezing|67/100|[from] item: Black Sludge
|-damage|p1a: Crobat|80/100 brn|[from] brn
|upkeep
|turn|5
|c|+egalvanc|guille es g2¿
|
|t:|1651952459
|move|p1a: Crobat|U-turn|p2a: Weezing
|-resisted|p2a: Weezing
|-damage|p2a: Weezing|65/100
|c|☆guille14|sii
|
|t:|1651952462
|switch|p1a: Milotic|Milotic, F|100/100|[from]move: U-turn
|move|p2a: Weezing|Will-O-Wisp|p1a: Milotic
|-status|p1a: Milotic|brn
|
|-heal|p2a: Weezing|71/100|[from] item: Black Sludge
|-damage|p1a: Milotic|94/100 brn|[from] brn
|upkeep
|turn|6
|c|+egalvanc|gl bro
|
|t:|1651952467
|-end|p2a: Weezing|ability: Neutralizing Gas
|switch|p2a: Tsareena|Tsareena, F|100/100
|move|p1a: Milotic|Scald|p2a: Tsareena
|-resisted|p2a: Tsareena
|-damage|p2a: Tsareena|86/100
|-status|p2a: Tsareena|brn
|
|-damage|p2a: Tsareena|80/100 brn|[from] brn
|-damage|p1a: Milotic|88/100 brn|[from] brn
|upkeep
|turn|7
|c|☆guille14|ty
|
|t:|1651952480
|switch|p2a: Diancie|Diancie|100/100
|switch|p1a: Crobat|Crobat, M|80/100 brn
|
|-damage|p1a: Crobat|73/100 brn|[from] brn
|upkeep
|turn|8
|
|t:|1651952487
|move|p1a: Crobat|U-turn|p2a: Diancie
|-resisted|p2a: Diancie
|-damage|p2a: Diancie|98/100
|
|t:|1651952489
|switch|p1a: Bronzong|Bronzong|100/100|[from]move: U-turn
|move|p2a: Diancie|Stealth Rock|p1a: Bronzong
|-sidestart|p1: a rabbit|move: Stealth Rock
|
|-heal|p2a: Diancie|100/100|[from] item: Leftovers
|upkeep
|turn|9
|
|t:|1651952494
|move|p2a: Diancie|Heal Bell|p2a: Diancie
|-activate|p2a: Diancie|move: Heal Bell
|-curestatus|p2: Tsareena|brn|[msg]
|move|p1a: Bronzong|Stealth Rock|p2a: Diancie
|-sidestart|p2: guille14|move: Stealth Rock
|
|upkeep
|turn|10
|
|t:|1651952500
|switch|p2a: Reuniclus|Reuniclus, M|100/100
|move|p1a: Bronzong|Heavy Slam|p2a: Reuniclus
|-damage|p2a: Reuniclus|76/100
|
|upkeep
|turn|11
|
|t:|1651952514
|move|p1a: Bronzong|Hypnosis|p2a: Reuniclus|[miss]
|-miss|p1a: Bronzong|p2a: Reuniclus
|move|p2a: Reuniclus|Psyshock|p1a: Bronzong
|-resisted|p1a: Bronzong
|-damage|p1a: Bronzong|93/100
|
|-heal|p1a: Bronzong|99/100|[from] item: Leftovers
|upkeep
|turn|12
|
|t:|1651952518
|move|p1a: Bronzong|Hypnosis|p2a: Reuniclus
|-status|p2a: Reuniclus|slp|[from] move: Hypnosis
|cant|p2a: Reuniclus|slp
|
|-heal|p1a: Bronzong|100/100|[from] item: Leftovers
|upkeep
|turn|13
|
|t:|1651952529
|switch|p1a: Rhyperior|Rhyperior, F|100/100
|-damage|p1a: Rhyperior|94/100|[from] Stealth Rock
|switch|p2a: Weezing|Weezing, F|71/100
|-ability|p2a: Weezing|Neutralizing Gas
|-damage|p2a: Weezing|59/100|[from] Stealth Rock
|
|-heal|p2a: Weezing|65/100|[from] item: Black Sludge
|upkeep
|turn|14
|
|t:|1651952538
|move|p1a: Rhyperior|Stone Edge|p2a: Weezing|[miss]
|-miss|p1a: Rhyperior|p2a: Weezing
|move|p2a: Weezing|Will-O-Wisp|p1a: Rhyperior
|-status|p1a: Rhyperior|brn
|
|-heal|p2a: Weezing|71/100|[from] item: Black Sludge
|-damage|p1a: Rhyperior|88/100 brn|[from] brn
|upkeep
|turn|15
|c|☆a rabbit|that sucks so much man
|c|☆guille14|mb 
|inactive|guille14 has 270 seconds left.
|
|t:|1651952571
|move|p1a: Rhyperior|Stone Edge|p2a: Weezing
|-damage|p2a: Weezing|42/100
|move|p2a: Weezing|Sludge Bomb|p1a: Rhyperior
|-resisted|p1a: Rhyperior
|-damage|p1a: Rhyperior|78/100 brn
|
|-heal|p2a: Weezing|48/100|[from] item: Black Sludge
|-damage|p1a: Rhyperior|71/100 brn|[from] brn
|upkeep
|turn|16
|c|+egalvanc|guille ya ganaste no?
|
|t:|1651952581
|move|p1a: Rhyperior|Stone Edge|p2a: Weezing
|-damage|p2a: Weezing|18/100
|move|p2a: Weezing|Rest|p2a: Weezing
|-status|p2a: Weezing|slp|[from] move: Rest
|-heal|p2a: Weezing|100/100 slp|[silent]
|
|-damage|p1a: Rhyperior|65/100 brn|[from] brn
|upkeep
|turn|17
|
|t:|1651952596
|switch|p1a: Toxicroak|Toxicroak, M|100/100
|-damage|p1a: Toxicroak|94/100|[from] Stealth Rock
|-end|p2a: Weezing|ability: Neutralizing Gas
|switch|p2a: Umbreon|Umbreon, F|100/100
|-damage|p2a: Umbreon|88/100|[from] Stealth Rock
|
|-heal|p2a: Umbreon|94/100|[from] item: Leftovers
|upkeep
|turn|18
|
|t:|1651952602
|switch|p2a: Quagsire|Quagsire, M|100/100
|move|p1a: Toxicroak|Swords Dance|p1a: Toxicroak
|-boost|p1a: Toxicroak|atk|2
|
|upkeep
|turn|19
|
|t:|1651952606
|move|p1a: Toxicroak|Gunk Shot|p2a: Quagsire
|-resisted|p2a: Quagsire
|-damage|p2a: Quagsire|83/100
|-status|p2a: Quagsire|psn
|move|p2a: Quagsire|Haze|p2a: Quagsire
|-clearallboost
|
|-damage|p2a: Quagsire|71/100 psn|[from] psn
|upkeep
|turn|20
|
|t:|1651952609
|move|p1a: Toxicroak|Knock Off|p2a: Quagsire
|-damage|p2a: Quagsire|50/100 psn
|-enditem|p2a: Quagsire|Heavy-Duty Boots|[from] move: Knock Off|[of] p1a: Toxicroak
|move|p2a: Quagsire|Recover|p2a: Quagsire
|-heal|p2a: Quagsire|100/100 psn
|
|-damage|p2a: Quagsire|88/100 psn|[from] psn
|upkeep
|turn|21
|
|t:|1651952615
|switch|p1a: Rotom|Rotom-Mow|100/100
|-damage|p1a: Rotom|88/100|[from] Stealth Rock
|move|p2a: Quagsire|Recover|p2a: Quagsire
|-heal|p2a: Quagsire|100/100 psn
|
|-damage|p2a: Quagsire|88/100 psn|[from] psn
|upkeep
|turn|22
|
|t:|1651952619
|switch|p2a: Weezing|Weezing, F|100/100 slp
|-ability|p2a: Weezing|Neutralizing Gas
|-damage|p2a: Weezing|88/100 slp|[from] Stealth Rock
|move|p1a: Rotom|Trick|p2a: Weezing
|-activate|p1a: Rotom|move: Trick|[of] p2a: Weezing
|-item|p2a: Weezing|Choice Scarf|[from] move: Trick
|-item|p1a: Rotom|Black Sludge|[from] move: Trick
|
|-damage|p1a: Rotom|76/100|[from] item: Black Sludge
|upkeep
|turn|23
|
|t:|1651952624
|-end|p2a: Weezing|ability: Neutralizing Gas
|switch|p2a: Tsareena|Tsareena, F|80/100
|move|p1a: Rotom|Volt Switch|p2a: Tsareena
|-resisted|p2a: Tsareena
|-damage|p2a: Tsareena|62/100
|
|t:|1651952628
|switch|p1a: Toxicroak|Toxicroak, M|94/100|[from]move: Volt Switch
|-damage|p1a: Toxicroak|88/100|[from] Stealth Rock
|
|upkeep
|turn|24
|inactive|guille14 has 270 seconds left.
|
|t:|1651952662
|switch|p2a: Quagsire|Quagsire, M|88/100 psn
|-damage|p2a: Quagsire|82/100 psn|[from] Stealth Rock
|move|p1a: Toxicroak|Drain Punch|p2a: Quagsire
|-damage|p2a: Quagsire|57/100 psn
|-heal|p1a: Toxicroak|100/100|[from] drain|[of] p2a: Quagsire
|
|-damage|p2a: Quagsire|44/100 psn|[from] psn
|upkeep
|turn|25
|
|t:|1651952666
|switch|p1a: Rotom|Rotom-Mow|76/100
|-damage|p1a: Rotom|63/100|[from] Stealth Rock
|move|p2a: Quagsire|Recover|p2a: Quagsire
|-heal|p2a: Quagsire|94/100 psn
|
|-damage|p1a: Rotom|51/100|[from] item: Black Sludge
|-damage|p2a: Quagsire|82/100 psn|[from] psn
|upkeep
|turn|26
|
|t:|1651952673
|switch|p2a: Tsareena|Tsareena, F|62/100
|move|p1a: Rotom|Trick|p2a: Tsareena
|-activate|p1a: Rotom|move: Trick|[of] p2a: Tsareena
|-item|p2a: Tsareena|Black Sludge|[from] move: Trick
|-item|p1a: Rotom|Heavy-Duty Boots|[from] move: Trick
|
|-damage|p2a: Tsareena|50/100|[from] item: Black Sludge
|upkeep
|turn|27
|
|t:|1651952679
|move|p1a: Rotom|Volt Switch|p2a: Tsareena
|-resisted|p2a: Tsareena
|-damage|p2a: Tsareena|34/100
|
|t:|1651952682
|switch|p1a: Toxicroak|Toxicroak, M|100/100|[from]move: Volt Switch
|-damage|p1a: Toxicroak|94/100|[from] Stealth Rock
|move|p2a: Tsareena|Rapid Spin|p1a: Toxicroak
|-damage|p1a: Toxicroak|72/100
|-boost|p2a: Tsareena|spe|1
|-sideend|p2: guille14|Stealth Rock|[from] move: Rapid Spin|[of] p2a: Tsareena
|
|-damage|p2a: Tsareena|22/100|[from] item: Black Sludge
|upkeep
|turn|28
|
|t:|1651952698
|move|p2a: Tsareena|Knock Off|p1a: Toxicroak
|-resisted|p1a: Toxicroak
|-damage|p1a: Toxicroak|50/100
|-enditem|p1a: Toxicroak|Shuca Berry|[from] move: Knock Off|[of] p2a: Tsareena
|move|p1a: Toxicroak|Drain Punch|p2a: Tsareena
|-damage|p2a: Tsareena|0 fnt
|-heal|p1a: Toxicroak|63/100|[from] drain|[of] p2a: Tsareena
|faint|p2a: Tsareena
|
|upkeep
|
|t:|1651952705
|switch|p2a: Diancie|Diancie|100/100
|turn|29
|
|t:|1651952712
|switch|p1a: Bronzong|Bronzong|100/100
|-damage|p1a: Bronzong|94/100|[from] Stealth Rock
|move|p2a: Diancie|Heal Bell|p2a: Diancie
|-activate|p2a: Diancie|move: Heal Bell
|-curestatus|p2: Weezing|slp|[msg]
|-curestatus|p2: Quagsire|psn|[msg]
|-curestatus|p2: Reuniclus|slp|[msg]
|
|-heal|p1a: Bronzong|100/100|[from] item: Leftovers
|upkeep
|turn|30
|inactive|guille14 has 270 seconds left.
|
|t:|1651952764
|switch|p2a: Umbreon|Umbreon, F|94/100
|move|p1a: Bronzong|Stealth Rock|p2a: Umbreon
|-sidestart|p2: guille14|move: Stealth Rock
|
|-heal|p2a: Umbreon|99/100|[from] item: Leftovers
|upkeep
|turn|31
|
|t:|1651952776
|switch|p1a: Milotic|Milotic, F|88/100 brn
|move|p2a: Umbreon|Wish|p2a: Umbreon
|
|-heal|p2a: Umbreon|100/100|[from] item: Leftovers
|-damage|p1a: Milotic|82/100 brn|[from] brn
|upkeep
|turn|32
|
|t:|1651952783
|switch|p2a: Reuniclus|Reuniclus, M|76/100
|move|p1a: Milotic|Scald|p2a: Reuniclus
|-damage|p2a: Reuniclus|51/100
|
|-heal|p2a: Reuniclus|98/100|[from] move: Wish|[wisher] Umbreon
|-damage|p1a: Milotic|76/100 brn|[from] brn
|upkeep
|turn|33
|
|t:|1651952787
|move|p1a: Milotic|Scald|p2a: Reuniclus
|-damage|p2a: Reuniclus|71/100
|move|p2a: Reuniclus|Calm Mind|p2a: Reuniclus
|-boost|p2a: Reuniclus|spa|1
|-boost|p2a: Reuniclus|spd|1
|
|-damage|p1a: Milotic|70/100 brn|[from] brn
|upkeep
|turn|34
|
|t:|1651952792
|move|p1a: Milotic|Recover|p1a: Milotic
|-heal|p1a: Milotic|100/100 brn
|move|p2a: Reuniclus|Recover|p2a: Reuniclus
|-heal|p2a: Reuniclus|100/100
|
|-damage|p1a: Milotic|94/100 brn|[from] brn
|upkeep
|turn|35
|
|t:|1651952795
|move|p1a: Milotic|Scald|p2a: Reuniclus
|-damage|p2a: Reuniclus|84/100
|move|p2a: Reuniclus|Calm Mind|p2a: Reuniclus
|-boost|p2a: Reuniclus|spa|1
|-boost|p2a: Reuniclus|spd|1
|
|-damage|p1a: Milotic|88/100 brn|[from] brn
|upkeep
|turn|36
|
|t:|1651952802
|move|p1a: Milotic|Haze|p1a: Milotic
|-clearallboost
|move|p2a: Reuniclus|Psyshock|p1a: Milotic
|-damage|p1a: Milotic|71/100 brn
|
|-damage|p1a: Milotic|64/100 brn|[from] brn
|upkeep
|turn|37
|inactive|guille14 has 270 seconds left.
|
|t:|1651952838
|switch|p1a: Bronzong|Bronzong|100/100
|-damage|p1a: Bronzong|94/100|[from] Stealth Rock
|switch|p2a: Umbreon|Umbreon, F|100/100
|-damage|p2a: Umbreon|88/100|[from] Stealth Rock
|
|-heal|p2a: Umbreon|94/100|[from] item: Leftovers
|-heal|p1a: Bronzong|100/100|[from] item: Leftovers
|upkeep
|turn|38
|
|t:|1651952849
|switch|p1a: Milotic|Milotic, F|64/100 brn
|move|p2a: Umbreon|Foul Play|p1a: Milotic
|-damage|p1a: Milotic|55/100 brn
|
|-heal|p2a: Umbreon|99/100|[from] item: Leftovers
|-damage|p1a: Milotic|49/100 brn|[from] brn
|upkeep
|turn|39
|
|t:|1651952855
|move|p1a: Milotic|Recover|p1a: Milotic
|-heal|p1a: Milotic|99/100 brn
|move|p2a: Umbreon|Wish|p2a: Umbreon
|
|-heal|p2a: Umbreon|100/100|[from] item: Leftovers
|-damage|p1a: Milotic|93/100 brn|[from] brn
|upkeep
|turn|40
|
|t:|1651952858
|switch|p2a: Reuniclus|Reuniclus, M|84/100
|move|p1a: Milotic|Scald|p2a: Reuniclus
|-damage|p2a: Reuniclus|59/100
|-status|p2a: Reuniclus|brn
|
|-heal|p2a: Reuniclus|100/100 brn|[from] move: Wish|[wisher] Umbreon
|-damage|p1a: Milotic|87/100 brn|[from] brn
|upkeep
|turn|41
|
|t:|1651952867
|switch|p1a: Bronzong|Bronzong|100/100
|-damage|p1a: Bronzong|94/100|[from] Stealth Rock
|move|p2a: Reuniclus|Focus Blast|p1a: Bronzong
|-damage|p1a: Bronzong|72/100
|
|-heal|p1a: Bronzong|78/100|[from] item: Leftovers
|upkeep
|turn|42
|
|t:|1651952873
|move|p1a: Bronzong|Heavy Slam|p2a: Reuniclus
|-damage|p2a: Reuniclus|74/100 brn
|move|p2a: Reuniclus|Calm Mind|p2a: Reuniclus
|-boost|p2a: Reuniclus|spa|1
|-boost|p2a: Reuniclus|spd|1
|
|-heal|p1a: Bronzong|84/100|[from] item: Leftovers
|upkeep
|turn|43
|
|t:|1651952882
|move|p1a: Bronzong|Heavy Slam|p2a: Reuniclus
|-damage|p2a: Reuniclus|49/100 brn
|move|p2a: Reuniclus|Focus Blast|p1a: Bronzong
|-damage|p1a: Bronzong|48/100
|
|-heal|p1a: Bronzong|54/100|[from] item: Leftovers
|upkeep
|turn|44
|
|t:|1651952889
|move|p1a: Bronzong|Heavy Slam|p2a: Reuniclus
|-damage|p2a: Reuniclus|24/100 brn
|move|p2a: Reuniclus|Recover|p2a: Reuniclus
|-heal|p2a: Reuniclus|74/100 brn
|
|-heal|p1a: Bronzong|61/100|[from] item: Leftovers
|upkeep
|turn|45
|
|t:|1651952892
|move|p1a: Bronzong|Heavy Slam|p2a: Reuniclus
|-damage|p2a: Reuniclus|47/100 brn
|move|p2a: Reuniclus|Calm Mind|p2a: Reuniclus
|-boost|p2a: Reuniclus|spa|1
|-boost|p2a: Reuniclus|spd|1
|
|-heal|p1a: Bronzong|67/100|[from] item: Leftovers
|upkeep
|turn|46
|
|t:|1651952896
|switch|p1a: Milotic|Milotic, F|87/100 brn
|move|p2a: Reuniclus|Recover|p2a: Reuniclus
|-heal|p2a: Reuniclus|97/100 brn
|
|-damage|p1a: Milotic|81/100 brn|[from] brn
|upkeep
|turn|47
|
|t:|1651952903
|move|p1a: Milotic|Haze|p1a: Milotic
|-clearallboost
|move|p2a: Reuniclus|Psyshock|p1a: Milotic
|-damage|p1a: Milotic|63/100 brn
|
|-damage|p1a: Milotic|57/100 brn|[from] brn
|upkeep
|turn|48
|
|t:|1651952929
|switch|p2a: Umbreon|Umbreon, F|100/100
|-damage|p2a: Umbreon|88/100|[from] Stealth Rock
|move|p1a: Milotic|Recover|p1a: Milotic
|-heal|p1a: Milotic|100/100 brn
|
|-heal|p2a: Umbreon|94/100|[from] item: Leftovers
|-damage|p1a: Milotic|94/100 brn|[from] brn
|upkeep
|turn|49
|
|t:|1651952936
|move|p2a: Umbreon|Protect|p2a: Umbreon
|-singleturn|p2a: Umbreon|Protect
|move|p1a: Milotic|Scald|p2a: Umbreon
|-activate|p2a: Umbreon|move: Protect
|
|-heal|p2a: Umbreon|99/100|[from] item: Leftovers
|-damage|p1a: Milotic|88/100 brn|[from] brn
|upkeep
|turn|50
|
|t:|1651952939
|move|p1a: Milotic|Scald|p2a: Umbreon
|-damage|p2a: Umbreon|86/100
|move|p2a: Umbreon|Foul Play|p1a: Milotic
|-damage|p1a: Milotic|79/100 brn
|
|-heal|p2a: Umbreon|92/100|[from] item: Leftovers
|-damage|p1a: Milotic|73/100 brn|[from] brn
|upkeep
|turn|51
|
|t:|1651952943
|move|p1a: Milotic|Scald|p2a: Umbreon
|-damage|p2a: Umbreon|79/100
|-status|p2a: Umbreon|brn
|-activate|p2a: Umbreon|ability: Synchronize
|-fail|p1a: Milotic|brn
|move|p2a: Umbreon|Foul Play|p1a: Milotic
|-damage|p1a: Milotic|68/100 brn
|
|-heal|p2a: Umbreon|85/100 brn|[from] item: Leftovers
|-damage|p1a: Milotic|62/100 brn|[from] brn
|-damage|p2a: Umbreon|79/100 brn|[from] brn
|upkeep
|turn|52
|
|t:|1651952948
|switch|p1a: Toxicroak|Toxicroak, M|63/100
|-damage|p1a: Toxicroak|57/100|[from] Stealth Rock
|move|p2a: Umbreon|Wish|p2a: Umbreon
|
|-heal|p2a: Umbreon|85/100 brn|[from] item: Leftovers
|-damage|p2a: Umbreon|79/100 brn|[from] brn
|upkeep
|turn|53
|
|t:|1651952955
|switch|p2a: Weezing|Weezing, F|88/100
|-ability|p2a: Weezing|Neutralizing Gas
|-damage|p2a: Weezing|76/100|[from] Stealth Rock
|move|p1a: Toxicroak|Drain Punch|p2a: Weezing
|-resisted|p2a: Weezing
|-damage|p2a: Weezing|65/100
|-heal|p1a: Toxicroak|62/100|[from] drain|[of] p2a: Weezing
|
|-heal|p2a: Weezing|100/100|[from] move: Wish|[wisher] Umbreon
|upkeep
|turn|54
|
|t:|1651952967
|switch|p1a: Milotic|Milotic, F|62/100 brn
|move|p2a: Weezing|Sludge Bomb|p1a: Milotic
|-damage|p1a: Milotic|45/100 brn
|
|-damage|p1a: Milotic|39/100 brn|[from] brn
|upkeep
|turn|55
|
|t:|1651952972
|move|p2a: Weezing|Sludge Bomb|p1a: Milotic
|-damage|p1a: Milotic|21/100 brn
|move|p1a: Milotic|Recover|p1a: Milotic
|-heal|p1a: Milotic|71/100 brn
|
|-damage|p1a: Milotic|64/100 brn|[from] brn
|upkeep
|turn|56
|
|t:|1651952976
|move|p2a: Weezing|Sludge Bomb|p1a: Milotic
|-damage|p1a: Milotic|47/100 brn
|move|p1a: Milotic|Recover|p1a: Milotic
|-heal|p1a: Milotic|97/100 brn
|
|-damage|p1a: Milotic|91/100 brn|[from] brn
|upkeep
|turn|57
|
|t:|1651952983
|-end|p2a: Weezing|ability: Neutralizing Gas
|switch|p2a: Reuniclus|Reuniclus, M|97/100 brn
|switch|p1a: Bronzong|Bronzong|67/100
|-damage|p1a: Bronzong|61/100|[from] Stealth Rock
|
|-heal|p1a: Bronzong|67/100|[from] item: Leftovers
|upkeep
|turn|58
|
|t:|1651952991
|move|p1a: Bronzong|Heavy Slam|p2a: Reuniclus
|-damage|p2a: Reuniclus|73/100 brn
|move|p2a: Reuniclus|Calm Mind|p2a: Reuniclus
|-boost|p2a: Reuniclus|spa|1
|-boost|p2a: Reuniclus|spd|1
|
|-heal|p1a: Bronzong|73/100|[from] item: Leftovers
|upkeep
|turn|59
|
|t:|1651952996
|switch|p1a: Milotic|Milotic, F|91/100 brn
|move|p2a: Reuniclus|Calm Mind|p2a: Reuniclus
|-boost|p2a: Reuniclus|spa|1
|-boost|p2a: Reuniclus|spd|1
|
|-damage|p1a: Milotic|85/100 brn|[from] brn
|upkeep
|turn|60
|
|t:|1651953004
|move|p1a: Milotic|Haze|p1a: Milotic
|-clearallboost
|move|p2a: Reuniclus|Psyshock|p1a: Milotic
|-damage|p1a: Milotic|65/100 brn
|
|-damage|p1a: Milotic|59/100 brn|[from] brn
|upkeep
|turn|61
|
|t:|1651953010
|switch|p2a: Diancie|Diancie|100/100
|-damage|p2a: Diancie|88/100|[from] Stealth Rock
|move|p1a: Milotic|Scald|p2a: Diancie
|-supereffective|p2a: Diancie
|-crit|p2a: Diancie
|-damage|p2a: Diancie|39/100
|
|-heal|p2a: Diancie|45/100|[from] item: Leftovers
|-damage|p1a: Milotic|53/100 brn|[from] brn
|upkeep
|turn|62
|
|t:|1651953017
|switch|p2a: Umbreon|Umbreon, F|79/100 brn
|-damage|p2a: Umbreon|67/100 brn|[from] Stealth Rock
|move|p1a: Milotic|Scald|p2a: Umbreon
|-damage|p2a: Umbreon|52/100 brn
|
|-heal|p2a: Umbreon|58/100 brn|[from] item: Leftovers
|-damage|p1a: Milotic|47/100 brn|[from] brn
|-damage|p2a: Umbreon|52/100 brn|[from] brn
|upkeep
|turn|63
|
|t:|1651953020
|move|p1a: Milotic|Recover|p1a: Milotic
|-heal|p1a: Milotic|97/100 brn
|move|p2a: Umbreon|Wish|p2a: Umbreon
|
|-heal|p2a: Umbreon|58/100 brn|[from] item: Leftovers
|-damage|p1a: Milotic|91/100 brn|[from] brn
|-damage|p2a: Umbreon|52/100 brn|[from] brn
|upkeep
|turn|64
|
|t:|1651953024
|move|p1a: Milotic|Scald|p2a: Umbreon
|-damage|p2a: Umbreon|36/100 brn
|move|p2a: Umbreon|Foul Play|p1a: Milotic
|-damage|p1a: Milotic|86/100 brn
|
|-heal|p2a: Umbreon|86/100 brn|[from] move: Wish|[wisher] Umbreon
|-heal|p2a: Umbreon|92/100 brn|[from] item: Leftovers
|-damage|p1a: Milotic|80/100 brn|[from] brn
|-damage|p2a: Umbreon|86/100 brn|[from] brn
|upkeep
|turn|65
|
|t:|1651953035
|switch|p1a: Toxicroak|Toxicroak, M|62/100
|-damage|p1a: Toxicroak|56/100|[from] Stealth Rock
|move|p2a: Umbreon|Foul Play|p1a: Toxicroak
|-resisted|p1a: Toxicroak
|-damage|p1a: Toxicroak|39/100
|
|-heal|p2a: Umbreon|92/100 brn|[from] item: Leftovers
|-damage|p2a: Umbreon|86/100 brn|[from] brn
|upkeep
|turn|66
|
|t:|1651953042
|switch|p2a: Weezing|Weezing, F|100/100
|-ability|p2a: Weezing|Neutralizing Gas
|-damage|p2a: Weezing|88/100|[from] Stealth Rock
|move|p1a: Toxicroak|Drain Punch|p2a: Weezing
|-resisted|p2a: Weezing
|-damage|p2a: Weezing|77/100
|-heal|p1a: Toxicroak|45/100|[from] drain|[of] p2a: Weezing
|
|upkeep
|turn|67
|
|t:|1651953055
|switch|p1a: Crobat|Crobat, M|73/100 brn
|move|p2a: Weezing|Will-O-Wisp|p1a: Crobat|[miss]
|-miss|p2a: Weezing|p1a: Crobat
|
|-damage|p1a: Crobat|67/100 brn|[from] brn
|upkeep
|turn|68
|
|t:|1651953059
|move|p1a: Crobat|U-turn|p2a: Weezing
|-resisted|p2a: Weezing
|-damage|p2a: Weezing|75/100
|
|t:|1651953065
|switch|p1a: Rhyperior|Rhyperior, F|65/100 brn|[from]move: U-turn
|-damage|p1a: Rhyperior|59/100 brn|[from] Stealth Rock
|move|p2a: Weezing|Will-O-Wisp|p1a: Rhyperior|[miss]
|-miss|p2a: Weezing|p1a: Rhyperior
|
|-damage|p1a: Rhyperior|53/100 brn|[from] brn
|upkeep
|turn|69
|
|t:|1651953069
|-end|p2a: Weezing|ability: Neutralizing Gas
|switch|p2a: Quagsire|Quagsire, M|82/100
|-damage|p2a: Quagsire|76/100|[from] Stealth Rock
|move|p1a: Rhyperior|Earthquake|p2a: Quagsire
|-damage|p2a: Quagsire|44/100
|
|-damage|p1a: Rhyperior|47/100 brn|[from] brn
|upkeep
|turn|70
|
|t:|1651953074
|switch|p1a: Rotom|Rotom-Mow|51/100
|move|p2a: Quagsire|Recover|p2a: Quagsire
|-heal|p2a: Quagsire|94/100
|
|upkeep
|turn|71
|
|t:|1651953083
|switch|p2a: Umbreon|Umbreon, F|86/100 brn
|-damage|p2a: Umbreon|74/100 brn|[from] Stealth Rock
|move|p1a: Rotom|Nasty Plot|p1a: Rotom
|-boost|p1a: Rotom|spa|2
|
|-heal|p2a: Umbreon|80/100 brn|[from] item: Leftovers
|-damage|p2a: Umbreon|74/100 brn|[from] brn
|upkeep
|turn|72
|
|t:|1651953092
|move|p1a: Rotom|Leaf Storm|p2a: Umbreon
|-damage|p2a: Umbreon|16/100 brn
|-unboost|p1a: Rotom|spa|2
|move|p2a: Umbreon|Toxic|p1a: Rotom
|-status|p1a: Rotom|tox
|
|-heal|p2a: Umbreon|22/100 brn|[from] item: Leftovers
|-damage|p1a: Rotom|44/100 tox|[from] psn
|-damage|p2a: Umbreon|16/100 brn|[from] brn
|upkeep
|turn|73
|
|t:|1651953110
|move|p2a: Umbreon|Protect|p2a: Umbreon
|-singleturn|p2a: Umbreon|Protect
|move|p1a: Rotom|Leaf Storm|p2a: Umbreon
|-activate|p2a: Umbreon|move: Protect
|
|-heal|p2a: Umbreon|22/100 brn|[from] item: Leftovers
|-damage|p1a: Rotom|32/100 tox|[from] psn
|-damage|p2a: Umbreon|16/100 brn|[from] brn
|upkeep
|turn|74
|inactive|guille14 has 270 seconds left.
|
|t:|1651953148
|move|p2a: Umbreon|Protect||[still]
|-fail|p2a: Umbreon
|move|p1a: Rotom|Leaf Storm|p2a: Umbreon
|-damage|p2a: Umbreon|0 fnt
|-unboost|p1a: Rotom|spa|2
|faint|p2a: Umbreon
|
|-damage|p1a: Rotom|13/100 tox|[from] psn
|upkeep
|
|t:|1651953171
|switch|p2a: Reuniclus|Reuniclus, M|73/100 brn
|turn|75
|
|t:|1651953176
|switch|p1a: Milotic|Milotic, F|80/100 brn
|move|p2a: Reuniclus|Calm Mind|p2a: Reuniclus
|-boost|p2a: Reuniclus|spa|1
|-boost|p2a: Reuniclus|spd|1
|
|-damage|p1a: Milotic|74/100 brn|[from] brn
|upkeep
|turn|76
|
|t:|1651953183
|move|p2a: Reuniclus|Calm Mind|p2a: Reuniclus
|-boost|p2a: Reuniclus|spa|1
|-boost|p2a: Reuniclus|spd|1
|move|p1a: Milotic|Mirror Coat||[still]
|-fail|p1a: Milotic
|
|-damage|p1a: Milotic|68/100 brn|[from] brn
|upkeep
|turn|77
|inactive|guille14 has 270 seconds left.
|inactive|guille14 has 240 seconds left.
|
|t:|1651953245
|switch|p2a: Quagsire|Quagsire, M|94/100
|-damage|p2a: Quagsire|88/100|[from] Stealth Rock
|move|p1a: Milotic|Mirror Coat||[still]
|-fail|p1a: Milotic
|
|-damage|p1a: Milotic|62/100 brn|[from] brn
|upkeep
|turn|78
|
|t:|1651953254
|move|p1a: Milotic|Scald|p2a: Quagsire
|-damage|p2a: Quagsire|55/100
|move|p2a: Quagsire|Scald|p1a: Milotic
|-resisted|p1a: Milotic
|-damage|p1a: Milotic|55/100 brn
|
|-damage|p1a: Milotic|49/100 brn|[from] brn
|upkeep
|turn|79
|
|t:|1651953257
|move|p1a: Milotic|Scald|p2a: Quagsire
|-damage|p2a: Quagsire|22/100
|move|p2a: Quagsire|Recover|p2a: Quagsire
|-heal|p2a: Quagsire|72/100
|
|-damage|p1a: Milotic|43/100 brn|[from] brn
|upkeep
|turn|80
|
|t:|1651953264
|move|p1a: Milotic|Scald|p2a: Quagsire
|-damage|p2a: Quagsire|36/100
|move|p2a: Quagsire|Recover|p2a: Quagsire
|-heal|p2a: Quagsire|86/100
|
|-damage|p1a: Milotic|37/100 brn|[from] brn
|upkeep
|turn|81
|
|t:|1651953267
|switch|p2a: Reuniclus|Reuniclus, M|73/100 brn
|move|p1a: Milotic|Recover|p1a: Milotic
|-heal|p1a: Milotic|87/100 brn
|
|-damage|p1a: Milotic|81/100 brn|[from] brn
|upkeep
|turn|82
|
|t:|1651953272
|move|p2a: Reuniclus|Calm Mind|p2a: Reuniclus
|-boost|p2a: Reuniclus|spa|1
|-boost|p2a: Reuniclus|spd|1
|move|p1a: Milotic|Mirror Coat||[still]
|-fail|p1a: Milotic
|
|-damage|p1a: Milotic|75/100 brn|[from] brn
|upkeep
|turn|83
|
|t:|1651953282
|move|p1a: Milotic|Haze|p1a: Milotic
|-clearallboost
|move|p2a: Reuniclus|Psyshock|p1a: Milotic
|-damage|p1a: Milotic|55/100 brn
|
|-damage|p1a: Milotic|49/100 brn|[from] brn
|upkeep
|turn|84
|inactive|guille14 has 270 seconds left.
|
|t:|1651953291
|switch|p1a: Bronzong|Bronzong|73/100
|-damage|p1a: Bronzong|67/100|[from] Stealth Rock
|switch|p2a: Quagsire|Quagsire, M|86/100
|-damage|p2a: Quagsire|80/100|[from] Stealth Rock
|
|-heal|p1a: Bronzong|73/100|[from] item: Leftovers
|upkeep
|turn|85
|
|t:|1651953299
|switch|p1a: Milotic|Milotic, F|49/100 brn
|move|p2a: Quagsire|Recover|p2a: Quagsire
|-heal|p2a: Quagsire|100/100
|
|-damage|p1a: Milotic|43/100 brn|[from] brn
|upkeep
|turn|86
|
|t:|1651953303
|move|p1a: Milotic|Recover|p1a: Milotic
|-heal|p1a: Milotic|93/100 brn
|move|p2a: Quagsire|Scald|p1a: Milotic
|-resisted|p1a: Milotic
|-damage|p1a: Milotic|86/100 brn
|
|-damage|p1a: Milotic|80/100 brn|[from] brn
|upkeep
|turn|87
|
|t:|1651953307
|switch|p1a: Toxicroak|Toxicroak, M|45/100
|-damage|p1a: Toxicroak|39/100|[from] Stealth Rock
|move|p2a: Quagsire|Scald|p1a: Toxicroak
|-heal|p1a: Toxicroak|64/100|[from] ability: Dry Skin|[of] p2a: Quagsire
|
|upkeep
|turn|88
|
|t:|1651953316
|switch|p2a: Weezing|Weezing, F|75/100
|-ability|p2a: Weezing|Neutralizing Gas
|-damage|p2a: Weezing|62/100|[from] Stealth Rock
|move|p1a: Toxicroak|Knock Off|p2a: Weezing
|-damage|p2a: Weezing|45/100
|-enditem|p2a: Weezing|Choice Scarf|[from] move: Knock Off|[of] p1a: Toxicroak
|
|upkeep
|turn|89
|inactive|guille14 has 270 seconds left.
|
|t:|1651953349
|switch|p1a: Milotic|Milotic, F|80/100 brn
|move|p2a: Weezing|Will-O-Wisp|p1a: Milotic
|-fail|p1a: Milotic|brn
|
|-damage|p1a: Milotic|74/100 brn|[from] brn
|upkeep
|turn|90
|inactive|guille14 has 270 seconds left.
|
|t:|1651953379
|move|p1a: Milotic|Scald|p2a: Weezing
|-damage|p2a: Weezing|4/100
|move|p2a: Weezing|Rest|p2a: Weezing
|-status|p2a: Weezing|slp|[from] move: Rest
|-heal|p2a: Weezing|100/100 slp|[silent]
|
|-damage|p1a: Milotic|68/100 brn|[from] brn
|upkeep
|turn|91
|
|t:|1651953391
|-end|p2a: Weezing|ability: Neutralizing Gas
|switch|p2a: Reuniclus|Reuniclus, M|73/100 brn
|move|p1a: Milotic|Scald|p2a: Reuniclus
|-damage|p2a: Reuniclus|48/100 brn
|
|-damage|p1a: Milotic|62/100 brn|[from] brn
|upkeep
|turn|92
|
|t:|1651953396
|switch|p1a: Bronzong|Bronzong|73/100
|-damage|p1a: Bronzong|67/100|[from] Stealth Rock
|move|p2a: Reuniclus|Recover|p2a: Reuniclus
|-heal|p2a: Reuniclus|98/100 brn
|
|-heal|p1a: Bronzong|73/100|[from] item: Leftovers
|upkeep
|turn|93
|
|t:|1651953405
|move|p1a: Bronzong|Earthquake|p2a: Reuniclus
|-damage|p2a: Reuniclus|85/100 brn
|move|p2a: Reuniclus|Calm Mind|p2a: Reuniclus
|-boost|p2a: Reuniclus|spa|1
|-boost|p2a: Reuniclus|spd|1
|
|-heal|p1a: Bronzong|79/100|[from] item: Leftovers
|upkeep
|turn|94
|
|t:|1651953410
|move|p1a: Bronzong|Heavy Slam|p2a: Reuniclus
|-damage|p2a: Reuniclus|59/100 brn
|move|p2a: Reuniclus|Calm Mind|p2a: Reuniclus
|-boost|p2a: Reuniclus|spa|1
|-boost|p2a: Reuniclus|spd|1
|
|-heal|p1a: Bronzong|85/100|[from] item: Leftovers
|upkeep
|turn|95
|inactive|guille14 has 270 seconds left.
|
|t:|1651953425
|move|p1a: Bronzong|Heavy Slam|p2a: Reuniclus
|-damage|p2a: Reuniclus|34/100 brn
|move|p2a: Reuniclus|Recover|p2a: Reuniclus
|-heal|p2a: Reuniclus|84/100 brn
|
|-heal|p1a: Bronzong|92/100|[from] item: Leftovers
|upkeep
|turn|96
|
|t:|1651953429
|switch|p1a: Milotic|Milotic, F|62/100 brn
|move|p2a: Reuniclus|Calm Mind|p2a: Reuniclus
|-boost|p2a: Reuniclus|spa|1
|-boost|p2a: Reuniclus|spd|1
|
|-damage|p1a: Milotic|56/100 brn|[from] brn
|upkeep
|turn|97
|
|t:|1651953438
|move|p1a: Milotic|Haze|p1a: Milotic
|-clearallboost
|move|p2a: Reuniclus|Psyshock|p1a: Milotic
|-damage|p1a: Milotic|38/100 brn
|
|-damage|p1a: Milotic|32/100 brn|[from] brn
|upkeep
|turn|98
|
|t:|1651953444
|switch|p2a: Quagsire|Quagsire, M|100/100
|-damage|p2a: Quagsire|94/100|[from] Stealth Rock
|move|p1a: Milotic|Recover|p1a: Milotic
|-heal|p1a: Milotic|82/100 brn
|
|-damage|p1a: Milotic|76/100 brn|[from] brn
|upkeep
|turn|99
|
|t:|1651953456
|switch|p2a: Reuniclus|Reuniclus, M|84/100 brn
|move|p1a: Milotic|Scald|p2a: Reuniclus
|-damage|p2a: Reuniclus|58/100 brn
|
|-damage|p1a: Milotic|70/100 brn|[from] brn
|upkeep
|turn|100
|
|t:|1651953459
|switch|p1a: Bronzong|Bronzong|92/100
|-damage|p1a: Bronzong|85/100|[from] Stealth Rock
|move|p2a: Reuniclus|Recover|p2a: Reuniclus
|-heal|p2a: Reuniclus|100/100 brn
|
|-heal|p1a: Bronzong|92/100|[from] item: Leftovers
|upkeep
|turn|101
|
|t:|1651953463
|move|p1a: Bronzong|Earthquake|p2a: Reuniclus
|-damage|p2a: Reuniclus|85/100 brn
|move|p2a: Reuniclus|Calm Mind|p2a: Reuniclus
|-boost|p2a: Reuniclus|spa|1
|-boost|p2a: Reuniclus|spd|1
|
|-heal|p1a: Bronzong|98/100|[from] item: Leftovers
|upkeep
|turn|102
|
|t:|1651953466
|move|p1a: Bronzong|Heavy Slam|p2a: Reuniclus
|-damage|p2a: Reuniclus|57/100 brn
|move|p2a: Reuniclus|Calm Mind|p2a: Reuniclus
|-boost|p2a: Reuniclus|spa|1
|-boost|p2a: Reuniclus|spd|1
|
|-heal|p1a: Bronzong|100/100|[from] item: Leftovers
|upkeep
|turn|103
|
|t:|1651953472
|move|p1a: Bronzong|Heavy Slam|p2a: Reuniclus
|-damage|p2a: Reuniclus|33/100 brn
|move|p2a: Reuniclus|Recover|p2a: Reuniclus
|-heal|p2a: Reuniclus|83/100 brn
|
|upkeep
|turn|104
|
|t:|1651953475
|move|p1a: Bronzong|Heavy Slam|p2a: Reuniclus
|-damage|p2a: Reuniclus|59/100 brn
|move|p2a: Reuniclus|Focus Blast|p1a: Bronzong|[miss]
|-miss|p2a: Reuniclus|p1a: Bronzong
|
|upkeep
|turn|105
|
|t:|1651953493
|move|p1a: Bronzong|Earthquake|p2a: Reuniclus
|-damage|p2a: Reuniclus|43/100 brn
|move|p2a: Reuniclus|Recover|p2a: Reuniclus
|-heal|p2a: Reuniclus|93/100 brn
|
|upkeep
|turn|106
|
|t:|1651953501
|switch|p1a: Milotic|Milotic, F|70/100 brn
|move|p2a: Reuniclus|Focus Blast|p1a: Milotic|[miss]
|-miss|p2a: Reuniclus|p1a: Milotic
|
|-damage|p1a: Milotic|64/100 brn|[from] brn
|upkeep
|turn|107
|inactive|guille14 has 270 seconds left.
|
|t:|1651953543
|move|p2a: Reuniclus|Psyshock|p1a: Milotic
|-damage|p1a: Milotic|29/100 brn
|move|p1a: Milotic|Mirror Coat|p2a: Reuniclus
|-damage|p2a: Reuniclus|29/100 brn
|
|-damage|p1a: Milotic|23/100 brn|[from] brn
|upkeep
|turn|108
|
|t:|1651953565
|move|p1a: Milotic|Recover|p1a: Milotic
|-heal|p1a: Milotic|73/100 brn
|move|p2a: Reuniclus|Recover|p2a: Reuniclus
|-heal|p2a: Reuniclus|79/100 brn
|
|-damage|p1a: Milotic|67/100 brn|[from] brn
|upkeep
|turn|109
|
|t:|1651953582
|move|p1a: Milotic|Haze|p1a: Milotic
|-clearallboost
|move|p2a: Reuniclus|Calm Mind|p2a: Reuniclus
|-boost|p2a: Reuniclus|spa|1
|-boost|p2a: Reuniclus|spd|1
|
|-damage|p1a: Milotic|61/100 brn|[from] brn
|upkeep
|turn|110
|
|t:|1651953586
|switch|p1a: Bronzong|Bronzong|100/100
|-damage|p1a: Bronzong|94/100|[from] Stealth Rock
|move|p2a: Reuniclus|Calm Mind|p2a: Reuniclus
|-boost|p2a: Reuniclus|spa|1
|-boost|p2a: Reuniclus|spd|1
|
|-heal|p1a: Bronzong|100/100|[from] item: Leftovers
|upkeep
|turn|111
|
|t:|1651953592
|move|p1a: Bronzong|Heavy Slam|p2a: Reuniclus
|-damage|p2a: Reuniclus|55/100 brn
|move|p2a: Reuniclus|Calm Mind|p2a: Reuniclus
|-boost|p2a: Reuniclus|spa|1
|-boost|p2a: Reuniclus|spd|1
|
|upkeep
|turn|112
|inactive|guille14 has 270 seconds left.
|
|t:|1651953602
|switch|p1a: Milotic|Milotic, F|61/100 brn
|move|p2a: Reuniclus|Recover|p2a: Reuniclus
|-heal|p2a: Reuniclus|100/100 brn
|
|-damage|p1a: Milotic|55/100 brn|[from] brn
|upkeep
|turn|113
|
|t:|1651953606
|move|p1a: Milotic|Haze|p1a: Milotic
|-clearallboost
|move|p2a: Reuniclus|Calm Mind|p2a: Reuniclus
|-boost|p2a: Reuniclus|spa|1
|-boost|p2a: Reuniclus|spd|1
|
|-damage|p1a: Milotic|49/100 brn|[from] brn
|upkeep
|turn|114
|inactive|guille14 has 270 seconds left.
|
|t:|1651953633
|switch|p2a: Quagsire|Quagsire, M|94/100
|-damage|p2a: Quagsire|88/100|[from] Stealth Rock
|move|p1a: Milotic|Haze|p1a: Milotic
|-clearallboost
|
|-damage|p1a: Milotic|43/100 brn|[from] brn
|upkeep
|turn|115
|
|t:|1651953640
|switch|p2a: Reuniclus|Reuniclus, M|100/100 brn
|move|p1a: Milotic|Recover|p1a: Milotic
|-heal|p1a: Milotic|93/100 brn
|
|-damage|p1a: Milotic|87/100 brn|[from] brn
|upkeep
|turn|116
|
|t:|1651953645
|switch|p1a: Bronzong|Bronzong|100/100
|-damage|p1a: Bronzong|94/100|[from] Stealth Rock
|move|p2a: Reuniclus|Calm Mind|p2a: Reuniclus
|-boost|p2a: Reuniclus|spa|1
|-boost|p2a: Reuniclus|spd|1
|
|-heal|p1a: Bronzong|100/100|[from] item: Leftovers
|upkeep
|turn|117
|
|t:|1651953654
|switch|p2a: Quagsire|Quagsire, M|88/100
|-damage|p2a: Quagsire|82/100|[from] Stealth Rock
|move|p1a: Bronzong|Heavy Slam|p2a: Quagsire
|-resisted|p2a: Quagsire
|-damage|p2a: Quagsire|76/100
|
|upkeep
|turn|118
|
|t:|1651953658
|switch|p2a: Reuniclus|Reuniclus, M|100/100 brn
|switch|p1a: Toxicroak|Toxicroak, M|64/100
|-damage|p1a: Toxicroak|58/100|[from] Stealth Rock
|
|upkeep
|turn|119
|
|t:|1651953666
|switch|p1a: Milotic|Milotic, F|87/100 brn
|move|p2a: Reuniclus|Calm Mind|p2a: Reuniclus
|-boost|p2a: Reuniclus|spa|1
|-boost|p2a: Reuniclus|spd|1
|
|-damage|p1a: Milotic|80/100 brn|[from] brn
|upkeep
|turn|120
|
|t:|1651953677
|move|p1a: Milotic|Haze|p1a: Milotic
|-clearallboost
|move|p2a: Reuniclus|Calm Mind|p2a: Reuniclus
|-boost|p2a: Reuniclus|spa|1
|-boost|p2a: Reuniclus|spd|1
|
|-damage|p1a: Milotic|74/100 brn|[from] brn
|upkeep
|turn|121
|
|t:|1651953682
|switch|p2a: Quagsire|Quagsire, M|76/100
|-damage|p2a: Quagsire|70/100|[from] Stealth Rock
|move|p1a: Milotic|Haze|p1a: Milotic
|-clearallboost
|
|-damage|p1a: Milotic|68/100 brn|[from] brn
|upkeep
|turn|122
|
|t:|1651953690
|switch|p1a: Crobat|Crobat, M|67/100 brn
|move|p2a: Quagsire|Recover|p2a: Quagsire
|-heal|p2a: Quagsire|100/100
|
|-damage|p1a: Crobat|61/100 brn|[from] brn
|upkeep
|turn|123
|
|t:|1651953698
|switch|p2a: Weezing|Weezing, F|100/100 slp
|-ability|p2a: Weezing|Neutralizing Gas
|-damage|p2a: Weezing|88/100 slp|[from] Stealth Rock
|move|p1a: Crobat|Roost|p1a: Crobat
|-heal|p1a: Crobat|100/100 brn
|-singleturn|p1a: Crobat|move: Roost
|
|-damage|p1a: Crobat|94/100 brn|[from] brn
|upkeep
|turn|124
|
|t:|1651953707
|move|p1a: Crobat|U-turn|p2a: Weezing
|-resisted|p2a: Weezing
|-damage|p2a: Weezing|86/100 slp
|
|t:|1651953710
|switch|p1a: Rhyperior|Rhyperior, F|47/100 brn|[from]move: U-turn
|-damage|p1a: Rhyperior|40/100 brn|[from] Stealth Rock
|cant|p2a: Weezing|slp
|
|-damage|p1a: Rhyperior|34/100 brn|[from] brn
|upkeep
|turn|125
|
|t:|1651953713
|-end|p2a: Weezing|ability: Neutralizing Gas
|switch|p2a: Quagsire|Quagsire, M|100/100
|-damage|p2a: Quagsire|94/100|[from] Stealth Rock
|move|p1a: Rhyperior|Earthquake|p2a: Quagsire
|-damage|p2a: Quagsire|63/100
|
|-damage|p1a: Rhyperior|28/100 brn|[from] brn
|upkeep
|turn|126
|
|t:|1651953722
|switch|p1a: Toxicroak|Toxicroak, M|58/100
|-damage|p1a: Toxicroak|52/100|[from] Stealth Rock
|move|p2a: Quagsire|Recover|p2a: Quagsire
|-heal|p2a: Quagsire|100/100
|
|upkeep
|turn|127
|
|t:|1651953729
|switch|p2a: Reuniclus|Reuniclus, M|100/100 brn
|move|p1a: Toxicroak|Drain Punch|p2a: Reuniclus
|-resisted|p2a: Reuniclus
|-damage|p2a: Reuniclus|89/100 brn
|-heal|p1a: Toxicroak|60/100|[from] drain|[of] p2a: Reuniclus
|
|upkeep
|turn|128
|
|t:|1651953738
|switch|p1a: Bronzong|Bronzong|100/100
|-damage|p1a: Bronzong|94/100|[from] Stealth Rock
|switch|p2a: Quagsire|Quagsire, M|100/100
|-damage|p2a: Quagsire|94/100|[from] Stealth Rock
|
|-heal|p1a: Bronzong|100/100|[from] item: Leftovers
|upkeep
|turn|129
|
|t:|1651953744
|switch|p1a: Toxicroak|Toxicroak, M|60/100
|-damage|p1a: Toxicroak|54/100|[from] Stealth Rock
|move|p2a: Quagsire|Scald|p1a: Toxicroak
|-heal|p1a: Toxicroak|78/100|[from] ability: Dry Skin|[of] p2a: Quagsire
|
|upkeep
|turn|130
|
|t:|1651953748
|switch|p2a: Reuniclus|Reuniclus, M|89/100 brn
|move|p1a: Toxicroak|Gunk Shot|p2a: Reuniclus|[miss]
|-miss|p1a: Toxicroak|p2a: Reuniclus
|
|upkeep
|turn|131
|
|t:|1651953756
|switch|p1a: Bronzong|Bronzong|100/100
|-damage|p1a: Bronzong|94/100|[from] Stealth Rock
|switch|p2a: Quagsire|Quagsire, M|94/100
|-damage|p2a: Quagsire|88/100|[from] Stealth Rock
|
|-heal|p1a: Bronzong|100/100|[from] item: Leftovers
|upkeep
|turn|132
|
|t:|1651953759
|switch|p2a: Weezing|Weezing, F|86/100 slp
|-ability|p2a: Weezing|Neutralizing Gas
|-damage|p2a: Weezing|74/100 slp|[from] Stealth Rock
|switch|p1a: Toxicroak|Toxicroak, M|78/100
|-damage|p1a: Toxicroak|72/100|[from] Stealth Rock
|
|upkeep
|turn|133
|
|t:|1651953763
|move|p1a: Toxicroak|Drain Punch|p2a: Weezing
|-resisted|p2a: Weezing
|-damage|p2a: Weezing|62/100 slp
|-heal|p1a: Toxicroak|78/100|[from] drain|[of] p2a: Weezing
|cant|p2a: Weezing|slp
|
|upkeep
|turn|134
|
|t:|1651953771
|switch|p1a: Crobat|Crobat, M|94/100 brn
|-curestatus|p2a: Weezing|slp|[msg]
|move|p2a: Weezing|Sludge Bomb|p1a: Crobat
|-resisted|p1a: Crobat
|-damage|p1a: Crobat|81/100 brn
|
|-damage|p1a: Crobat|75/100 brn|[from] brn
|upkeep
|turn|135
|
|t:|1651953777
|move|p1a: Crobat|Brave Bird|p2a: Weezing
|-damage|p2a: Weezing|50/100
|-damage|p1a: Crobat|71/100 brn|[from] Recoil
|move|p2a: Weezing|Will-O-Wisp|p1a: Crobat
|-fail|p1a: Crobat|brn
|
|-damage|p1a: Crobat|65/100 brn|[from] brn
|upkeep
|turn|136
|
|t:|1651953781
|-end|p2a: Weezing|ability: Neutralizing Gas
|switch|p2a: Diancie|Diancie|45/100
|-damage|p2a: Diancie|32/100|[from] Stealth Rock
|move|p1a: Crobat|Brave Bird|p2a: Diancie
|-resisted|p2a: Diancie
|-damage|p2a: Diancie|25/100
|-damage|p1a: Crobat|63/100 brn|[from] Recoil
|
|-heal|p2a: Diancie|31/100|[from] item: Leftovers
|-damage|p1a: Crobat|57/100 brn|[from] brn
|upkeep
|turn|137
|
|t:|1651953789
|move|p1a: Crobat|U-turn|p2a: Diancie
|-resisted|p2a: Diancie
|-damage|p2a: Diancie|29/100
|
|t:|1651953793
|switch|p1a: Bronzong|Bronzong|100/100|[from]move: U-turn
|-damage|p1a: Bronzong|94/100|[from] Stealth Rock
|move|p2a: Diancie|Diamond Storm|p1a: Bronzong
|-resisted|p1a: Bronzong
|-damage|p1a: Bronzong|77/100
|
|-heal|p2a: Diancie|35/100|[from] item: Leftovers
|-heal|p1a: Bronzong|84/100|[from] item: Leftovers
|upkeep
|turn|138
|
|t:|1651953799
|switch|p2a: Quagsire|Quagsire, M|88/100
|-damage|p2a: Quagsire|82/100|[from] Stealth Rock
|move|p1a: Bronzong|Earthquake|p2a: Quagsire
|-damage|p2a: Quagsire|68/100
|
|-heal|p1a: Bronzong|90/100|[from] item: Leftovers
|upkeep
|turn|139
|
|t:|1651953805
|switch|p1a: Toxicroak|Toxicroak, M|78/100
|-damage|p1a: Toxicroak|72/100|[from] Stealth Rock
|move|p2a: Quagsire|Recover|p2a: Quagsire
|-heal|p2a: Quagsire|100/100
|
|upkeep
|turn|140
|
|t:|1651953812
|switch|p2a: Reuniclus|Reuniclus, M|89/100 brn
|move|p1a: Toxicroak|Gunk Shot|p2a: Reuniclus
|-damage|p2a: Reuniclus|53/100 brn
|
|upkeep
|turn|141
|
|t:|1651953819
|switch|p1a: Bronzong|Bronzong|90/100
|-damage|p1a: Bronzong|84/100|[from] Stealth Rock
|move|p2a: Reuniclus|Recover|p2a: Reuniclus
|-heal|p2a: Reuniclus|100/100 brn
|
|-heal|p1a: Bronzong|90/100|[from] item: Leftovers
|upkeep
|turn|142
|
|t:|1651953826
|switch|p2a: Quagsire|Quagsire, M|100/100
|-damage|p2a: Quagsire|94/100|[from] Stealth Rock
|move|p1a: Bronzong|Earthquake|p2a: Quagsire
|-damage|p2a: Quagsire|79/100
|
|-heal|p1a: Bronzong|96/100|[from] item: Leftovers
|upkeep
|turn|143
|
|t:|1651953833
|switch|p2a: Reuniclus|Reuniclus, M|100/100 brn
|switch|p1a: Toxicroak|Toxicroak, M|72/100
|-damage|p1a: Toxicroak|66/100|[from] Stealth Rock
|
|upkeep
|turn|144
|
|t:|1651953839
|switch|p1a: Bronzong|Bronzong|96/100
|-damage|p1a: Bronzong|90/100|[from] Stealth Rock
|switch|p2a: Quagsire|Quagsire, M|79/100
|-damage|p2a: Quagsire|73/100|[from] Stealth Rock
|
|-heal|p1a: Bronzong|96/100|[from] item: Leftovers
|upkeep
|turn|145
|
|t:|1651953844
|switch|p2a: Reuniclus|Reuniclus, M|100/100 brn
|switch|p1a: Toxicroak|Toxicroak, M|66/100
|-damage|p1a: Toxicroak|60/100|[from] Stealth Rock
|
|upkeep
|turn|146
|
|t:|1651953848
|switch|p1a: Bronzong|Bronzong|96/100
|-damage|p1a: Bronzong|90/100|[from] Stealth Rock
|switch|p2a: Quagsire|Quagsire, M|73/100
|-damage|p2a: Quagsire|67/100|[from] Stealth Rock
|
|-heal|p1a: Bronzong|96/100|[from] item: Leftovers
|upkeep
|turn|147
|
|t:|1651953853
|switch|p2a: Reuniclus|Reuniclus, M|100/100 brn
|switch|p1a: Crobat|Crobat, M|57/100 brn
|
|-damage|p1a: Crobat|51/100 brn|[from] brn
|upkeep
|turn|148
|
|t:|1651953860
|move|p1a: Crobat|U-turn|p2a: Reuniclus
|-supereffective|p2a: Reuniclus
|-damage|p2a: Reuniclus|89/100 brn
|
|t:|1651953863
|switch|p1a: Bronzong|Bronzong|96/100|[from]move: U-turn
|-damage|p1a: Bronzong|90/100|[from] Stealth Rock
|move|p2a: Reuniclus|Calm Mind|p2a: Reuniclus
|-boost|p2a: Reuniclus|spa|1
|-boost|p2a: Reuniclus|spd|1
|
|-heal|p1a: Bronzong|96/100|[from] item: Leftovers
|upkeep
|turn|149
|
|t:|1651953866
|move|p1a: Bronzong|Heavy Slam|p2a: Reuniclus
|-damage|p2a: Reuniclus|63/100 brn
|move|p2a: Reuniclus|Calm Mind|p2a: Reuniclus
|-boost|p2a: Reuniclus|spa|1
|-boost|p2a: Reuniclus|spd|1
|
|-heal|p1a: Bronzong|100/100|[from] item: Leftovers
|upkeep
|turn|150
|
|t:|1651953871
|switch|p1a: Milotic|Milotic, F|68/100 brn
|move|p2a: Reuniclus|Focus Blast|p1a: Milotic
|-damage|p1a: Milotic|24/100 brn
|
|-damage|p1a: Milotic|18/100 brn|[from] brn
|upkeep
|turn|151
|
|t:|1651953885
|move|p1a: Milotic|Recover|p1a: Milotic
|-heal|p1a: Milotic|68/100 brn
|move|p2a: Reuniclus|Psyshock|p1a: Milotic
|-damage|p1a: Milotic|27/100 brn
|
|-damage|p1a: Milotic|21/100 brn|[from] brn
|upkeep
|turn|152
|
|t:|1651953891
|move|p1a: Milotic|Recover|p1a: Milotic
|-heal|p1a: Milotic|71/100 brn
|move|p2a: Reuniclus|Psyshock|p1a: Milotic
|-damage|p1a: Milotic|37/100 brn
|
|-damage|p1a: Milotic|31/100 brn|[from] brn
|upkeep
|turn|153
|
|t:|1651953899
|move|p1a: Milotic|Recover|p1a: Milotic
|-heal|p1a: Milotic|81/100 brn
|move|p2a: Reuniclus|Psyshock|p1a: Milotic
|-damage|p1a: Milotic|46/100 brn
|
|-damage|p1a: Milotic|40/100 brn|[from] brn
|upkeep
|turn|154
|
|t:|1651953920
|move|p1a: Milotic|Haze|p1a: Milotic
|-clearallboost
|move|p2a: Reuniclus|Focus Blast|p1a: Milotic
|-crit|p1a: Milotic
|-damage|p1a: Milotic|7/100 brn
|
|-damage|p1a: Milotic|1/100 brn|[from] brn
|upkeep
|turn|155
|
|t:|1651953928
|move|p1a: Milotic|Recover|p1a: Milotic
|-heal|p1a: Milotic|51/100 brn
|move|p2a: Reuniclus|Recover|p2a: Reuniclus
|-heal|p2a: Reuniclus|100/100 brn
|
|-damage|p1a: Milotic|45/100 brn|[from] brn
|upkeep
|turn|156
|
|t:|1651953950
|move|p1a: Milotic|Recover|p1a: Milotic
|-heal|p1a: Milotic|95/100 brn
|move|p2a: Reuniclus|Calm Mind|p2a: Reuniclus
|-boost|p2a: Reuniclus|spa|1
|-boost|p2a: Reuniclus|spd|1
|
|-damage|p1a: Milotic|89/100 brn|[from] brn
|upkeep
|turn|157
|
|t:|1651953960
|switch|p2a: Quagsire|Quagsire, M|67/100
|-damage|p2a: Quagsire|61/100|[from] Stealth Rock
|move|p1a: Milotic|Haze|p1a: Milotic
|-clearallboost
|
|-damage|p1a: Milotic|83/100 brn|[from] brn
|upkeep
|turn|158
|
|t:|1651953965
|switch|p1a: Toxicroak|Toxicroak, M|60/100
|-damage|p1a: Toxicroak|54/100|[from] Stealth Rock
|move|p2a: Quagsire|Recover|p2a: Quagsire
|-heal|p2a: Quagsire|100/100
|
|upkeep
|turn|159
|
|t:|1651953970
|switch|p2a: Reuniclus|Reuniclus, M|100/100 brn
|move|p1a: Toxicroak|Drain Punch|p2a: Reuniclus
|-resisted|p2a: Reuniclus
|-crit|p2a: Reuniclus
|-damage|p2a: Reuniclus|83/100 brn
|-heal|p1a: Toxicroak|66/100|[from] drain|[of] p2a: Reuniclus
|
|upkeep
|turn|160
|
|t:|1651953984
|switch|p1a: Milotic|Milotic, F|83/100 brn
|switch|p2a: Weezing|Weezing, F|50/100
|-ability|p2a: Weezing|Neutralizing Gas
|-damage|p2a: Weezing|38/100|[from] Stealth Rock
|
|-damage|p1a: Milotic|77/100 brn|[from] brn
|upkeep
|turn|161
|
|t:|1651953995
|switch|p1a: Rotom|Rotom-Mow|13/100 tox
|-end|p2a: Weezing|ability: Neutralizing Gas
|switch|p2a: Quagsire|Quagsire, M|100/100
|-damage|p2a: Quagsire|94/100|[from] Stealth Rock
|
|-damage|p1a: Rotom|7/100 tox|[from] psn
|upkeep
|turn|162
|inactive|guille14 has 270 seconds left.
|inactive|guille14 has 240 seconds left.
|
|t:|1651954076
|switch|p2a: Diancie|Diancie|35/100
|-damage|p2a: Diancie|23/100|[from] Stealth Rock
|move|p1a: Rotom|Leaf Storm|p2a: Diancie
|-supereffective|p2a: Diancie
|-damage|p2a: Diancie|0 fnt
|-unboost|p1a: Rotom|spa|2
|faint|p2a: Diancie
|
|-damage|p1a: Rotom|0 fnt|[from] psn
|faint|p1a: Rotom
|upkeep
|
|t:|1651954088
|switch|p1a: Bronzong|Bronzong|100/100
|switch|p2a: Reuniclus|Reuniclus, M|83/100 brn
|-damage|p1a: Bronzong|94/100|[from] Stealth Rock
|turn|163
|
|t:|1651954110
|switch|p2a: Quagsire|Quagsire, M|94/100
|-damage|p2a: Quagsire|88/100|[from] Stealth Rock
|move|p1a: Bronzong|Earthquake|p2a: Quagsire
|-damage|p2a: Quagsire|75/100
|
|-heal|p1a: Bronzong|100/100|[from] item: Leftovers
|upkeep
|turn|164
|
|t:|1651954122
|switch|p2a: Weezing|Weezing, F|38/100
|-ability|p2a: Weezing|Neutralizing Gas
|-damage|p2a: Weezing|26/100|[from] Stealth Rock
|switch|p1a: Crobat|Crobat, M|51/100 brn
|
|-damage|p1a: Crobat|45/100 brn|[from] brn
|upkeep
|turn|165
|
|t:|1651954131
|move|p1a: Crobat|Roost|p1a: Crobat
|-heal|p1a: Crobat|95/100 brn
|-singleturn|p1a: Crobat|move: Roost
|move|p2a: Weezing|Rest|p2a: Weezing
|-status|p2a: Weezing|slp|[from] move: Rest
|-heal|p2a: Weezing|100/100 slp|[silent]
|
|-damage|p1a: Crobat|88/100 brn|[from] brn
|upkeep
|turn|166
|
|t:|1651954135
|move|p1a: Crobat|Defog|p2a: Weezing
|-unboost|p2a: Weezing|evasion|1
|-sideend|p2: guille14|Stealth Rock|[from] move: Defog|[of] p1a: Crobat
|-sideend|p1: a rabbit|Stealth Rock|[from] move: Defog|[of] p1a: Crobat
|cant|p2a: Weezing|slp
|
|-damage|p1a: Crobat|82/100 brn|[from] brn
|upkeep
|turn|167
|
|t:|1651954139
|move|p1a: Crobat|Brave Bird|p2a: Weezing
|-damage|p2a: Weezing|89/100 slp
|-damage|p1a: Crobat|79/100 brn|[from] Recoil
|cant|p2a: Weezing|slp
|
|-damage|p1a: Crobat|73/100 brn|[from] brn
|upkeep
|turn|168
|
|t:|1651954143
|move|p1a: Crobat|Brave Bird|p2a: Weezing
|-damage|p2a: Weezing|77/100 slp
|-damage|p1a: Crobat|69/100 brn|[from] Recoil
|-curestatus|p2a: Weezing|slp|[msg]
|move|p2a: Weezing|Toxic Spikes|p1a: Crobat
|-sidestart|p1: a rabbit|move: Toxic Spikes
|
|-damage|p1a: Crobat|63/100 brn|[from] brn
|upkeep
|turn|169
|
|t:|1651954161
|-end|p2a: Weezing|ability: Neutralizing Gas
|switch|p2a: Quagsire|Quagsire, M|75/100
|move|p1a: Crobat|Brave Bird|p2a: Quagsire
|-damage|p2a: Quagsire|62/100
|-damage|p1a: Crobat|59/100 brn|[from] Recoil
|
|-damage|p1a: Crobat|52/100 brn|[from] brn
|upkeep
|turn|170
|
|t:|1651954168
|move|p1a: Crobat|Defog|p2a: Quagsire
|-unboost|p2a: Quagsire|evasion|1
|-sideend|p1: a rabbit|Toxic Spikes|[from] move: Defog|[of] p1a: Crobat
|move|p2a: Quagsire|Recover|p2a: Quagsire
|-heal|p2a: Quagsire|100/100
|
|-damage|p1a: Crobat|46/100 brn|[from] brn
|upkeep
|turn|171
|
|t:|1651954172
|move|p1a: Crobat|Roost|p1a: Crobat
|-heal|p1a: Crobat|96/100 brn
|-singleturn|p1a: Crobat|move: Roost
|move|p2a: Quagsire|Scald|p1a: Crobat
|-damage|p1a: Crobat|74/100 brn
|
|-damage|p1a: Crobat|68/100 brn|[from] brn
|upkeep
|turn|172
|
|t:|1651954176
|switch|p2a: Weezing|Weezing, F|77/100
|-ability|p2a: Weezing|Neutralizing Gas
|move|p1a: Crobat|U-turn|p2a: Weezing
|-resisted|p2a: Weezing
|-damage|p2a: Weezing|75/100
|
|t:|1651954181
|switch|p1a: Rhyperior|Rhyperior, F|28/100 brn|[from]move: U-turn
|
|-damage|p1a: Rhyperior|22/100 brn|[from] brn
|upkeep
|turn|173
|
|t:|1651954187
|-end|p2a: Weezing|ability: Neutralizing Gas
|switch|p2a: Quagsire|Quagsire, M|100/100
|move|p1a: Rhyperior|Earthquake|p2a: Quagsire
|-damage|p2a: Quagsire|71/100
|
|-damage|p1a: Rhyperior|16/100 brn|[from] brn
|upkeep
|turn|174
|
|t:|1651954194
|switch|p1a: Toxicroak|Toxicroak, M|66/100
|switch|p2a: Reuniclus|Reuniclus, M|83/100 brn
|
|upkeep
|turn|175
|
|t:|1651954201
|switch|p1a: Bronzong|Bronzong|100/100
|switch|p2a: Weezing|Weezing, F|75/100
|-ability|p2a: Weezing|Neutralizing Gas
|
|upkeep
|turn|176
|
|t:|1651954205
|switch|p1a: Crobat|Crobat, M|68/100 brn
|move|p2a: Weezing|Toxic Spikes|p1a: Crobat
|-sidestart|p1: a rabbit|move: Toxic Spikes
|
|-damage|p1a: Crobat|62/100 brn|[from] brn
|upkeep
|turn|177
|
|t:|1651954211
|move|p1a: Crobat|Brave Bird|p2a: Weezing
|-damage|p2a: Weezing|62/100
|-damage|p1a: Crobat|58/100 brn|[from] Recoil
|move|p2a: Weezing|Toxic Spikes|p1a: Crobat
|-sidestart|p1: a rabbit|move: Toxic Spikes
|
|-damage|p1a: Crobat|52/100 brn|[from] brn
|upkeep
|turn|178
|
|t:|1651954217
|move|p1a: Crobat|Brave Bird|p2a: Weezing
|-damage|p2a: Weezing|50/100
|-damage|p1a: Crobat|48/100 brn|[from] Recoil
|move|p2a: Weezing|Toxic Spikes||[still]
|-fail|p2a: Weezing
|
|-damage|p1a: Crobat|42/100 brn|[from] brn
|upkeep
|turn|179
|
|t:|1651954221
|move|p1a: Crobat|Roost|p1a: Crobat
|-heal|p1a: Crobat|92/100 brn
|-singleturn|p1a: Crobat|move: Roost
|move|p2a: Weezing|Rest|p2a: Weezing
|-status|p2a: Weezing|slp|[from] move: Rest
|-heal|p2a: Weezing|100/100 slp|[silent]
|
|-damage|p1a: Crobat|86/100 brn|[from] brn
|upkeep
|turn|180
|
|t:|1651954224
|move|p1a: Crobat|U-turn|p2a: Weezing
|-resisted|p2a: Weezing
|-damage|p2a: Weezing|98/100 slp
|
|t:|1651954226
|switch|p1a: Bronzong|Bronzong|100/100|[from]move: U-turn
|cant|p2a: Weezing|slp
|
|upkeep
|turn|181
|
|t:|1651954238
|cant|p2a: Weezing|slp
|move|p1a: Bronzong|Stealth Rock|p2a: Weezing
|-sidestart|p2: guille14|move: Stealth Rock
|
|upkeep
|turn|182
|
|t:|1651954243
|switch|p1a: Crobat|Crobat, M|86/100 brn
|-curestatus|p2a: Weezing|slp|[msg]
|move|p2a: Weezing|Sludge Bomb|p1a: Crobat
|-resisted|p1a: Crobat
|-damage|p1a: Crobat|71/100 brn
|
|-damage|p1a: Crobat|65/100 brn|[from] brn
|upkeep
|turn|183
|
|t:|1651954248
|move|p1a: Crobat|Brave Bird|p2a: Weezing
|-damage|p2a: Weezing|87/100
|-damage|p1a: Crobat|61/100 brn|[from] Recoil
|move|p2a: Weezing|Toxic Spikes||[still]
|-fail|p2a: Weezing
|
|-damage|p1a: Crobat|55/100 brn|[from] brn
|upkeep
|turn|184
|
|t:|1651954252
|-end|p2a: Weezing|ability: Neutralizing Gas
|switch|p2a: Reuniclus|Reuniclus, M|83/100 brn
|move|p1a: Crobat|Brave Bird|p2a: Reuniclus
|-damage|p2a: Reuniclus|69/100 brn
|-damage|p1a: Crobat|50/100 brn|[from] Recoil
|
|-damage|p1a: Crobat|44/100 brn|[from] brn
|upkeep
|turn|185
|
|t:|1651954256
|move|p1a: Crobat|U-turn|p2a: Reuniclus
|-supereffective|p2a: Reuniclus
|-damage|p2a: Reuniclus|59/100 brn
|
|t:|1651954266
|switch|p1a: Bronzong|Bronzong|100/100|[from]move: U-turn
|move|p2a: Reuniclus|Calm Mind|p2a: Reuniclus
|-boost|p2a: Reuniclus|spa|1
|-boost|p2a: Reuniclus|spd|1
|
|upkeep
|turn|186
|
|t:|1651954271
|move|p1a: Bronzong|Earthquake|p2a: Reuniclus
|-damage|p2a: Reuniclus|45/100 brn
|move|p2a: Reuniclus|Recover|p2a: Reuniclus
|-heal|p2a: Reuniclus|95/100 brn
|
|upkeep
|turn|187
|inactive|guille14 has 270 seconds left.
|
|t:|1651954303
|switch|p2a: Quagsire|Quagsire, M|71/100
|-damage|p2a: Quagsire|65/100|[from] Stealth Rock
|move|p1a: Bronzong|Heavy Slam|p2a: Quagsire
|-resisted|p2a: Quagsire
|-damage|p2a: Quagsire|58/100
|
|upkeep
|turn|188
|
|t:|1651954309
|switch|p1a: Toxicroak|Toxicroak, M|66/100
|-sideend|p1: a rabbit|move: Toxic Spikes|[of] p1a: Toxicroak
|move|p2a: Quagsire|Recover|p2a: Quagsire
|-heal|p2a: Quagsire|100/100
|
|upkeep
|turn|189
|
|t:|1651954316
|switch|p2a: Weezing|Weezing, F|87/100
|-ability|p2a: Weezing|Neutralizing Gas
|-damage|p2a: Weezing|75/100|[from] Stealth Rock
|move|p1a: Toxicroak|Knock Off|p2a: Weezing
|-damage|p2a: Weezing|61/100
|
|upkeep
|turn|190
|
|t:|1651954327
|switch|p1a: Crobat|Crobat, M|44/100 brn
|-end|p2a: Weezing|ability: Neutralizing Gas
|switch|p2a: Reuniclus|Reuniclus, M|95/100 brn
|
|-damage|p1a: Crobat|38/100 brn|[from] brn
|upkeep
|turn|191
|
|t:|1651954342
|switch|p2a: Weezing|Weezing, F|61/100
|-ability|p2a: Weezing|Neutralizing Gas
|-damage|p2a: Weezing|49/100|[from] Stealth Rock
|move|p1a: Crobat|U-turn|p2a: Weezing
|-resisted|p2a: Weezing
|-damage|p2a: Weezing|46/100
|
|t:|1651954348
|switch|p1a: Toxicroak|Toxicroak, M|66/100|[from]move: U-turn
|
|upkeep
|turn|192
|
|t:|1651954354
|switch|p1a: Crobat|Crobat, M|38/100 brn
|move|p2a: Weezing|Will-O-Wisp|p1a: Crobat
|-fail|p1a: Crobat|brn
|
|-damage|p1a: Crobat|32/100 brn|[from] brn
|upkeep
|turn|193
|
|t:|1651954361
|move|p1a: Crobat|Roost|p1a: Crobat
|-heal|p1a: Crobat|82/100 brn
|-singleturn|p1a: Crobat|move: Roost
|move|p2a: Weezing|Rest|p2a: Weezing
|-status|p2a: Weezing|slp|[from] move: Rest
|-heal|p2a: Weezing|100/100 slp|[silent]
|
|-damage|p1a: Crobat|75/100 brn|[from] brn
|upkeep
|turn|194
|
|t:|1651954363
|move|p1a: Crobat|U-turn|p2a: Weezing
|-resisted|p2a: Weezing
|-damage|p2a: Weezing|98/100 slp
|
|t:|1651954365
|switch|p1a: Rhyperior|Rhyperior, F|16/100 brn|[from]move: U-turn
|cant|p2a: Weezing|slp
|
|-damage|p1a: Rhyperior|9/100 brn|[from] brn
|upkeep
|turn|195
|
|t:|1651954370
|-end|p2a: Weezing|ability: Neutralizing Gas
|switch|p2a: Quagsire|Quagsire, M|100/100
|-damage|p2a: Quagsire|94/100|[from] Stealth Rock
|move|p1a: Rhyperior|Earthquake|p2a: Quagsire
|-crit|p2a: Quagsire
|-damage|p2a: Quagsire|49/100
|
|-damage|p1a: Rhyperior|3/100 brn|[from] brn
|upkeep
|turn|196
|
|t:|1651954375
|switch|p1a: Toxicroak|Toxicroak, M|66/100
|move|p2a: Quagsire|Recover|p2a: Quagsire
|-heal|p2a: Quagsire|99/100
|
|upkeep
|turn|197
|
|t:|1651954382
|switch|p2a: Reuniclus|Reuniclus, M|95/100 brn
|move|p1a: Toxicroak|Knock Off|p2a: Reuniclus
|-supereffective|p2a: Reuniclus
|-enditem|p2a: Reuniclus|Colbur Berry|[eat]
|-enditem|p2a: Reuniclus|Colbur Berry|[weaken]
|-damage|p2a: Reuniclus|73/100 brn
|
|upkeep
|turn|198
|
|t:|1651954388
|switch|p1a: Bronzong|Bronzong|100/100
|switch|p2a: Weezing|Weezing, F|98/100 slp
|-ability|p2a: Weezing|Neutralizing Gas
|-damage|p2a: Weezing|86/100 slp|[from] Stealth Rock
|
|upkeep
|turn|199
|
|t:|1651954395
|cant|p2a: Weezing|slp
|move|p1a: Bronzong|Earthquake|p2a: Weezing
|-supereffective|p2a: Weezing
|-damage|p2a: Weezing|59/100 slp
|
|upkeep
|turn|200
|
|t:|1651954400
|switch|p1a: Crobat|Crobat, M|75/100 brn
|-curestatus|p2a: Weezing|slp|[msg]
|move|p2a: Weezing|Toxic Spikes|p1a: Crobat
|-sidestart|p1: a rabbit|move: Toxic Spikes
|
|-damage|p1a: Crobat|69/100 brn|[from] brn
|upkeep
|turn|201
|
|t:|1651954407
|move|p1a: Crobat|Brave Bird|p2a: Weezing
|-damage|p2a: Weezing|46/100
|-damage|p1a: Crobat|65/100 brn|[from] Recoil
|move|p2a: Weezing|Toxic Spikes|p1a: Crobat
|-sidestart|p1: a rabbit|move: Toxic Spikes
|
|-damage|p1a: Crobat|59/100 brn|[from] brn
|upkeep
|turn|202
|
|t:|1651954414
|move|p1a: Crobat|Brave Bird|p2a: Weezing
|-damage|p2a: Weezing|34/100
|-damage|p1a: Crobat|56/100 brn|[from] Recoil
|move|p2a: Weezing|Toxic Spikes||[still]
|-fail|p2a: Weezing
|
|-damage|p1a: Crobat|49/100 brn|[from] brn
|upkeep
|turn|203
|
|t:|1651954419
|move|p1a: Crobat|Roost|p1a: Crobat
|-heal|p1a: Crobat|99/100 brn
|-singleturn|p1a: Crobat|move: Roost
|move|p2a: Weezing|Rest|p2a: Weezing
|-status|p2a: Weezing|slp|[from] move: Rest
|-heal|p2a: Weezing|100/100 slp|[silent]
|
|-damage|p1a: Crobat|93/100 brn|[from] brn
|upkeep
|turn|204
|
|t:|1651954424
|move|p1a: Crobat|U-turn|p2a: Weezing
|-resisted|p2a: Weezing
|-damage|p2a: Weezing|98/100 slp
|
|t:|1651954426
|switch|p1a: Bronzong|Bronzong|100/100|[from]move: U-turn
|cant|p2a: Weezing|slp
|
|upkeep
|turn|205
|
|t:|1651954432
|cant|p2a: Weezing|slp
|move|p1a: Bronzong|Earthquake|p2a: Weezing
|-supereffective|p2a: Weezing
|-damage|p2a: Weezing|72/100 slp
|
|upkeep
|turn|206
|
|t:|1651954436
|switch|p1a: Crobat|Crobat, M|93/100 brn
|-curestatus|p2a: Weezing|slp|[msg]
|move|p2a: Weezing|Toxic Spikes||[still]
|-fail|p2a: Weezing
|
|-damage|p1a: Crobat|87/100 brn|[from] brn
|upkeep
|turn|207
|
|t:|1651954444
|move|p1a: Crobat|Brave Bird|p2a: Weezing
|-damage|p2a: Weezing|59/100
|-damage|p1a: Crobat|83/100 brn|[from] Recoil
|move|p2a: Weezing|Toxic Spikes||[still]
|-fail|p2a: Weezing
|
|-damage|p1a: Crobat|77/100 brn|[from] brn
|upkeep
|turn|208
|
|t:|1651954455
|move|p1a: Crobat|Brave Bird|p2a: Weezing
|-damage|p2a: Weezing|48/100
|-damage|p1a: Crobat|74/100 brn|[from] Recoil
|move|p2a: Weezing|Toxic Spikes||[still]
|-fail|p2a: Weezing
|
|-damage|p1a: Crobat|68/100 brn|[from] brn
|upkeep
|turn|209
|
|t:|1651954470
|move|p1a: Crobat|Brave Bird|p2a: Weezing
|-damage|p2a: Weezing|35/100
|-damage|p1a: Crobat|64/100 brn|[from] Recoil
|move|p2a: Weezing|Will-O-Wisp|p1a: Crobat
|-fail|p1a: Crobat|brn
|
|-damage|p1a: Crobat|58/100 brn|[from] brn
|upkeep
|turn|210
|
|t:|1651954475
|move|p1a: Crobat|U-turn|p2a: Weezing
|-resisted|p2a: Weezing
|-damage|p2a: Weezing|33/100
|
|t:|1651954484
|switch|p1a: Milotic|Milotic, F|77/100 brn|[from]move: U-turn
|move|p2a: Weezing|Rest|p2a: Weezing
|-status|p2a: Weezing|slp|[from] move: Rest
|-heal|p2a: Weezing|100/100 slp|[silent]
|
|-damage|p1a: Milotic|71/100 brn|[from] brn
|upkeep
|turn|211
|
|t:|1651954493
|-end|p2a: Weezing|ability: Neutralizing Gas
|switch|p2a: Quagsire|Quagsire, M|99/100
|-damage|p2a: Quagsire|93/100|[from] Stealth Rock
|move|p1a: Milotic|Scald|p2a: Quagsire
|-damage|p2a: Quagsire|58/100
|
|-damage|p1a: Milotic|64/100 brn|[from] brn
|upkeep
|turn|212
|
|t:|1651954498
|switch|p1a: Toxicroak|Toxicroak, M|66/100
|-sideend|p1: a rabbit|move: Toxic Spikes|[of] p1a: Toxicroak
|move|p2a: Quagsire|Recover|p2a: Quagsire
|-heal|p2a: Quagsire|100/100
|
|upkeep
|turn|213
|
|t:|1651954509
|switch|p1a: Bronzong|Bronzong|100/100
|move|p2a: Quagsire|Haze|p2a: Quagsire
|-clearallboost
|
|upkeep
|turn|214
|
|t:|1651954517
|switch|p2a: Weezing|Weezing, F|100/100 slp
|-ability|p2a: Weezing|Neutralizing Gas
|-damage|p2a: Weezing|88/100 slp|[from] Stealth Rock
|switch|p1a: Toxicroak|Toxicroak, M|66/100
|
|upkeep
|turn|215
|
|t:|1651954521
|switch|p1a: Bronzong|Bronzong|100/100
|cant|p2a: Weezing|slp
|
|upkeep
|turn|216
|
|t:|1651954526
|cant|p2a: Weezing|slp
|move|p1a: Bronzong|Earthquake|p2a: Weezing
|-supereffective|p2a: Weezing
|-damage|p2a: Weezing|63/100 slp
|
|upkeep
|turn|217
|
|t:|1651954530
|switch|p1a: Crobat|Crobat, M|58/100 brn
|-curestatus|p2a: Weezing|slp|[msg]
|move|p2a: Weezing|Toxic Spikes|p1a: Crobat
|-sidestart|p1: a rabbit|move: Toxic Spikes
|
|-damage|p1a: Crobat|52/100 brn|[from] brn
|upkeep
|turn|218
|
|t:|1651954539
|move|p1a: Crobat|Brave Bird|p2a: Weezing
|-damage|p2a: Weezing|51/100
|-damage|p1a: Crobat|48/100 brn|[from] Recoil
|move|p2a: Weezing|Toxic Spikes|p1a: Crobat
|-sidestart|p1: a rabbit|move: Toxic Spikes
|
|-damage|p1a: Crobat|42/100 brn|[from] brn
|upkeep
|turn|219
|
|t:|1651954543
|move|p1a: Crobat|Brave Bird|p2a: Weezing
|-damage|p2a: Weezing|40/100
|-damage|p1a: Crobat|38/100 brn|[from] Recoil
|move|p2a: Weezing|Rest|p2a: Weezing
|-status|p2a: Weezing|slp|[from] move: Rest
|-heal|p2a: Weezing|100/100 slp|[silent]
|
|-damage|p1a: Crobat|32/100 brn|[from] brn
|upkeep
|turn|220
|
|t:|1651954546
|move|p1a: Crobat|U-turn|p2a: Weezing
|-resisted|p2a: Weezing
|-damage|p2a: Weezing|98/100 slp
|
|t:|1651954550
|switch|p1a: Toxicroak|Toxicroak, M|66/100|[from]move: U-turn
|-sideend|p1: a rabbit|move: Toxic Spikes|[of] p1a: Toxicroak
|cant|p2a: Weezing|slp
|
|upkeep
|turn|221
|
|t:|1651954558
|move|p1a: Toxicroak|Knock Off|p2a: Weezing
|-damage|p2a: Weezing|85/100 slp
|cant|p2a: Weezing|slp
|
|upkeep
|turn|222
|
|t:|1651954572
|switch|p1a: Crobat|Crobat, M|32/100 brn
|-curestatus|p2a: Weezing|slp|[msg]
|move|p2a: Weezing|Sludge Bomb|p1a: Crobat
|-resisted|p1a: Crobat
|-damage|p1a: Crobat|19/100 brn
|
|-damage|p1a: Crobat|13/100 brn|[from] brn
|upkeep
|turn|223
|
|t:|1651954587
|move|p1a: Crobat|Roost|p1a: Crobat
|-heal|p1a: Crobat|63/100 brn
|-singleturn|p1a: Crobat|move: Roost
|move|p2a: Weezing|Toxic Spikes|p1a: Crobat
|-sidestart|p1: a rabbit|move: Toxic Spikes
|
|-damage|p1a: Crobat|56/100 brn|[from] brn
|upkeep
|turn|224
|
|t:|1651954595
|move|p1a: Crobat|Roost|p1a: Crobat
|-heal|p1a: Crobat|100/100 brn
|-singleturn|p1a: Crobat|move: Roost
|move|p2a: Weezing|Toxic Spikes|p1a: Crobat
|-sidestart|p1: a rabbit|move: Toxic Spikes
|
|-damage|p1a: Crobat|94/100 brn|[from] brn
|upkeep
|turn|225
|
|t:|1651954601
|move|p1a: Crobat|Brave Bird|p2a: Weezing
|-damage|p2a: Weezing|72/100
|-damage|p1a: Crobat|91/100 brn|[from] Recoil
|move|p2a: Weezing|Will-O-Wisp|p1a: Crobat
|-fail|p1a: Crobat|brn
|
|-damage|p1a: Crobat|84/100 brn|[from] brn
|upkeep
|turn|226
|
|t:|1651954604
|move|p1a: Crobat|Brave Bird|p2a: Weezing
|-damage|p2a: Weezing|60/100
|-damage|p1a: Crobat|81/100 brn|[from] Recoil
|move|p2a: Weezing|Toxic Spikes||[still]
|-fail|p2a: Weezing
|
|-damage|p1a: Crobat|75/100 brn|[from] brn
|upkeep
|turn|227
|
|t:|1651954607
|move|p1a: Crobat|Brave Bird|p2a: Weezing
|-damage|p2a: Weezing|48/100
|-damage|p1a: Crobat|71/100 brn|[from] Recoil
|move|p2a: Weezing|Toxic Spikes||[still]
|-fail|p2a: Weezing
|
|-damage|p1a: Crobat|65/100 brn|[from] brn
|upkeep
|turn|228
|
|t:|1651954612
|move|p1a: Crobat|U-turn|p2a: Weezing
|-resisted|p2a: Weezing
|-damage|p2a: Weezing|45/100
|
|t:|1651954615
|switch|p1a: Milotic|Milotic, F|64/100 brn|[from]move: U-turn
|move|p2a: Weezing|Rest|p2a: Weezing
|-status|p2a: Weezing|slp|[from] move: Rest
|-heal|p2a: Weezing|100/100 slp|[silent]
|
|-damage|p1a: Milotic|58/100 brn|[from] brn
|upkeep
|turn|229
|
|t:|1651954634
|move|p1a: Milotic|Scald|p2a: Weezing
|-damage|p2a: Weezing|65/100 slp
|cant|p2a: Weezing|slp
|
|-damage|p1a: Milotic|52/100 brn|[from] brn
|upkeep
|turn|230
|
|t:|1651954645
|-end|p2a: Weezing|ability: Neutralizing Gas
|switch|p2a: Reuniclus|Reuniclus, M|73/100 brn
|move|p1a: Milotic|Scald|p2a: Reuniclus
|-damage|p2a: Reuniclus|46/100 brn
|
|-damage|p1a: Milotic|46/100 brn|[from] brn
|upkeep
|turn|231
|
|t:|1651954652
|switch|p1a: Bronzong|Bronzong|100/100
|move|p2a: Reuniclus|Recover|p2a: Reuniclus
|-heal|p2a: Reuniclus|96/100 brn
|
|upkeep
|turn|232
|
|t:|1651954660
|switch|p2a: Quagsire|Quagsire, M|100/100
|-damage|p2a: Quagsire|94/100|[from] Stealth Rock
|move|p1a: Bronzong|Earthquake|p2a: Quagsire
|-crit|p2a: Quagsire
|-damage|p2a: Quagsire|74/100
|
|upkeep
|turn|233
|
|t:|1651954667
|switch|p2a: Reuniclus|Reuniclus, M|96/100 brn
|switch|p1a: Toxicroak|Toxicroak, M|66/100
|-sideend|p1: a rabbit|move: Toxic Spikes|[of] p1a: Toxicroak
|
|upkeep
|turn|234
|
|t:|1651954673
|switch|p1a: Bronzong|Bronzong|100/100
|switch|p2a: Weezing|Weezing, F|65/100 slp
|-ability|p2a: Weezing|Neutralizing Gas
|-damage|p2a: Weezing|52/100 slp|[from] Stealth Rock
|
|upkeep
|turn|235
|
|t:|1651954677
|-end|p2a: Weezing|ability: Neutralizing Gas
|switch|p2a: Quagsire|Quagsire, M|74/100
|-damage|p2a: Quagsire|68/100|[from] Stealth Rock
|move|p1a: Bronzong|Earthquake|p2a: Quagsire
|-damage|p2a: Quagsire|53/100
|
|upkeep
|turn|236
|
|t:|1651954686
|switch|p1a: Toxicroak|Toxicroak, M|66/100
|move|p2a: Quagsire|Recover|p2a: Quagsire
|-heal|p2a: Quagsire|100/100
|
|upkeep
|turn|237
|
|t:|1651954695
|switch|p2a: Reuniclus|Reuniclus, M|96/100 brn
|move|p1a: Toxicroak|Knock Off|p2a: Reuniclus
|-supereffective|p2a: Reuniclus
|-damage|p2a: Reuniclus|66/100 brn
|
|upkeep
|turn|238
|
|t:|1651954701
|switch|p1a: Bronzong|Bronzong|100/100
|move|p2a: Reuniclus|Calm Mind|p2a: Reuniclus
|-boost|p2a: Reuniclus|spa|1
|-boost|p2a: Reuniclus|spd|1
|
|upkeep
|turn|239
|
|t:|1651954709
|move|p1a: Bronzong|Heavy Slam|p2a: Reuniclus
|-damage|p2a: Reuniclus|38/100 brn
|move|p2a: Reuniclus|Recover|p2a: Reuniclus
|-heal|p2a: Reuniclus|88/100 brn
|
|upkeep
|turn|240
|c|+Beraldinhoo|whys this still ongoing
|
|t:|1651954724
|move|p1a: Bronzong|Earthquake|p2a: Reuniclus
|-damage|p2a: Reuniclus|72/100 brn
|move|p2a: Reuniclus|Calm Mind|p2a: Reuniclus
|-boost|p2a: Reuniclus|spa|1
|-boost|p2a: Reuniclus|spd|1
|
|upkeep
|turn|241
|
|t:|1651954729
|move|p1a: Bronzong|Earthquake|p2a: Reuniclus
|-damage|p2a: Reuniclus|56/100 brn
|move|p2a: Reuniclus|Calm Mind|p2a: Reuniclus
|-boost|p2a: Reuniclus|spa|1
|-boost|p2a: Reuniclus|spd|1
|
|upkeep
|turn|242
|
|t:|1651954736
|move|p1a: Bronzong|Earthquake|p2a: Reuniclus
|-damage|p2a: Reuniclus|42/100 brn
|move|p2a: Reuniclus|Recover|p2a: Reuniclus
|-heal|p2a: Reuniclus|92/100 brn
|
|upkeep
|turn|243
|
|t:|1651954746
|move|p1a: Bronzong|Earthquake|p2a: Reuniclus
|-damage|p2a: Reuniclus|77/100 brn
|move|p2a: Reuniclus|Focus Blast|p1a: Bronzong
|-crit|p1a: Bronzong
|-damage|p1a: Bronzong|19/100
|
|-heal|p1a: Bronzong|25/100|[from] item: Leftovers
|upkeep
|turn|244
|c|☆a rabbit|lol
|
|t:|1651954760
|switch|p1a: Rhyperior|Rhyperior, F|3/100 brn
|move|p2a: Reuniclus|Psyshock|p1a: Rhyperior
|-damage|p1a: Rhyperior|0 fnt
|faint|p1a: Rhyperior
|
|upkeep
|
|t:|1651954764
|switch|p1a: Milotic|Milotic, F|46/100 brn
|turn|245
|
|t:|1651954783
|move|p1a: Milotic|Haze|p1a: Milotic
|-clearallboost
|move|p2a: Reuniclus|Psyshock|p1a: Milotic
|-damage|p1a: Milotic|26/100 brn
|
|-damage|p1a: Milotic|20/100 brn|[from] brn
|upkeep
|turn|246
|c|+schwipper|Beraldinhoo i ask myself the same thing, i agreed to wait for this series to end before i get a game in with rabbit, guess i was a fool 
|c|+Beraldinhoo|LOL
|inactive|guille14 has 270 seconds left.
|
|t:|1651954810
|move|p1a: Milotic|Scald|p2a: Reuniclus
|-damage|p2a: Reuniclus|50/100 brn
|move|p2a: Reuniclus|Psyshock|p1a: Milotic
|-damage|p1a: Milotic|2/100 brn
|
|-damage|p1a: Milotic|0 fnt|[from] brn
|faint|p1a: Milotic
|upkeep
|
|t:|1651954831
|switch|p1a: Crobat|Crobat, M|65/100 brn
|turn|247
|
|t:|1651954845
|move|p1a: Crobat|Brave Bird|p2a: Reuniclus
|-damage|p2a: Reuniclus|38/100 brn
|-damage|p1a: Crobat|60/100 brn|[from] Recoil
|move|p2a: Reuniclus|Calm Mind|p2a: Reuniclus
|-boost|p2a: Reuniclus|spa|1
|-boost|p2a: Reuniclus|spd|1
|
|-damage|p1a: Crobat|54/100 brn|[from] brn
|upkeep
|turn|248
|
|t:|1651954855
|move|p1a: Crobat|Brave Bird|p2a: Reuniclus
|-damage|p2a: Reuniclus|25/100 brn
|-damage|p1a: Crobat|50/100 brn|[from] Recoil
|move|p2a: Reuniclus|Psyshock|p1a: Crobat
|-supereffective|p1a: Crobat
|-damage|p1a: Crobat|0 fnt
|faint|p1a: Crobat
|
|upkeep
|inactive|a rabbit has 270 seconds left.
|
|t:|1651954889
|switch|p1a: Toxicroak|Toxicroak, M|66/100
|turn|249
|inactive|a rabbit has 270 seconds left.
|
|t:|1651954895
|move|p1a: Toxicroak|Knock Off|p2a: Reuniclus
|-supereffective|p2a: Reuniclus
|-damage|p2a: Reuniclus|0 fnt
|faint|p2a: Reuniclus
|
|upkeep
|
|t:|1651954901
|switch|p2a: Weezing|Weezing, F|52/100 slp
|-ability|p2a: Weezing|Neutralizing Gas
|-damage|p2a: Weezing|40/100 slp|[from] Stealth Rock
|turn|250
|
|t:|1651954905
|move|p1a: Toxicroak|Swords Dance|p1a: Toxicroak
|-boost|p1a: Toxicroak|atk|2
|cant|p2a: Weezing|slp
|
|upkeep
|turn|251
|inactive|guille14 has 270 seconds left.
|c|+schwipper|Is this G2 or G3 btw?
|c|☆a rabbit|g2
|inactive|guille14 has 240 seconds left.
|inactive|a rabbit has 270 seconds left.
|
|t:|1651954987
|move|p1a: Toxicroak|Gunk Shot|p2a: Weezing
|-resisted|p2a: Weezing
|-damage|p2a: Weezing|6/100 slp
|-curestatus|p2a: Weezing|slp|[msg]
|move|p2a: Weezing|Rest|p2a: Weezing
|-status|p2a: Weezing|slp|[from] move: Rest
|-heal|p2a: Weezing|100/100 slp|[silent]
|
|upkeep
|turn|252
|inactive|a rabbit has 270 seconds left.
|
|t:|1651954994
|-end|p2a: Weezing|ability: Neutralizing Gas
|switch|p2a: Quagsire|Quagsire, M|100/100
|-damage|p2a: Quagsire|94/100|[from] Stealth Rock
|move|p1a: Toxicroak|Swords Dance|p1a: Toxicroak
|-boost|p1a: Toxicroak|atk|2
|
|upkeep
|turn|253
|
|t:|1651954997
|move|p1a: Toxicroak|Drain Punch|p2a: Quagsire
|-damage|p2a: Quagsire|70/100
|-heal|p1a: Toxicroak|82/100|[from] drain|[of] p2a: Quagsire
|move|p2a: Quagsire|Haze|p2a: Quagsire
|-clearallboost
|
|upkeep
|turn|254
|
|t:|1651955002
|move|p1a: Toxicroak|Swords Dance|p1a: Toxicroak
|-boost|p1a: Toxicroak|atk|2
|move|p2a: Quagsire|Haze|p2a: Quagsire
|-clearallboost
|
|upkeep
|turn|255
|
|t:|1651955006
|move|p1a: Toxicroak|Swords Dance|p1a: Toxicroak
|-boost|p1a: Toxicroak|atk|2
|move|p2a: Quagsire|Haze|p2a: Quagsire
|-clearallboost
|
|upkeep
|turn|256
|
|t:|1651955009
|move|p1a: Toxicroak|Knock Off|p2a: Quagsire
|-damage|p2a: Quagsire|55/100
|move|p2a: Quagsire|Haze|p2a: Quagsire
|-clearallboost
|
|upkeep
|turn|257
|
|t:|1651955019
|move|p1a: Toxicroak|Knock Off|p2a: Quagsire
|-damage|p2a: Quagsire|42/100
|move|p2a: Quagsire|Haze|p2a: Quagsire
|-clearallboost
|
|upkeep
|turn|258
|
|t:|1651955022
|move|p1a: Toxicroak|Drain Punch|p2a: Quagsire
|-damage|p2a: Quagsire|16/100
|-heal|p1a: Toxicroak|99/100|[from] drain|[of] p2a: Quagsire
|move|p2a: Quagsire|Haze|p2a: Quagsire
|-clearallboost
|
|upkeep
|turn|259
|
|t:|1651955032
|move|p1a: Toxicroak|Swords Dance|p1a: Toxicroak
|-boost|p1a: Toxicroak|atk|2
|move|p2a: Quagsire|Haze|p2a: Quagsire
|-clearallboost
|
|upkeep
|turn|260
|
|t:|1651955036
|switch|p1a: Bronzong|Bronzong|25/100
|move|p2a: Quagsire|Haze|p2a: Quagsire
|-clearallboost
|
|-heal|p1a: Bronzong|31/100|[from] item: Leftovers
|upkeep
|turn|261
|
|t:|1651955044
|switch|p1a: Toxicroak|Toxicroak, M|99/100
|move|p2a: Quagsire|Haze|p2a: Quagsire
|-clearallboost
|
|upkeep
|turn|262
|
|t:|1651955058
|switch|p1a: Bronzong|Bronzong|31/100
|move|p2a: Quagsire|Haze|p2a: Quagsire
|-clearallboost
|
|-heal|p1a: Bronzong|37/100|[from] item: Leftovers
|upkeep
|turn|263
|
|t:|1651955062
|switch|p1a: Toxicroak|Toxicroak, M|99/100
|move|p2a: Quagsire|Haze|p2a: Quagsire
|-clearallboost
|
|upkeep
|turn|264
|
|t:|1651955067
|switch|p2a: Weezing|Weezing, F|100/100 slp
|-ability|p2a: Weezing|Neutralizing Gas
|-damage|p2a: Weezing|88/100 slp|[from] Stealth Rock
|move|p1a: Toxicroak|Swords Dance|p1a: Toxicroak
|-boost|p1a: Toxicroak|atk|2
|
|upkeep
|turn|265
|
|t:|1651955072
|move|p1a: Toxicroak|Swords Dance|p1a: Toxicroak
|-boost|p1a: Toxicroak|atk|2
|cant|p2a: Weezing|slp
|
|upkeep
|turn|266
|
|t:|1651955074
|move|p1a: Toxicroak|Gunk Shot|p2a: Weezing
|-resisted|p2a: Weezing
|-damage|p2a: Weezing|32/100 slp
|cant|p2a: Weezing|slp
|
|upkeep
|turn|267
|c|☆guille14|ggç
|
|t:|1651955079
|move|p1a: Toxicroak|Knock Off|p2a: Weezing
|-damage|p2a: Weezing|0 fnt
|faint|p2a: Weezing
|-end|p2a: Weezing|ability: Neutralizing Gas
|
|upkeep
|c|☆a rabbit|thank god
|c|☆a rabbit|gg
|
|t:|1651955086
|switch|p2a: Quagsire|Quagsire, M|16/100
|-damage|p2a: Quagsire|10/100|[from] Stealth Rock
|turn|268
|
|t:|1651955089
|move|p1a: Toxicroak|Knock Off|p2a: Quagsire
|-damage|p2a: Quagsire|0 fnt
|faint|p2a: Quagsire
|
|win|a rabbit
