|inactive|Battle timer is ON: inactive players will automatically lose when time's up.
|t:|1665355873
|gametype|singles
|player|p1|btboy|spenser-gen3|
|player|p2|GW|#bltixsnorlaxes|
|teamsize|p1|6
|teamsize|p2|6
|gen|8
|tier|[Gen 8] RU
|rule|Sleep Clause Mod: Limit one foe put to sleep
|rule|Species Clause: Limit one of each Pokémon
|rule|OHKO Clause: OHKO moves are banned
|rule|Evasion Items Clause: Evasion items are banned
|rule|Evasion Moves Clause: Evasion moves are banned
|rule|Endless Battle Clause: Forcing endless battles is banned
|rule|HP Percentage Mod: HP is shown in percentages
|rule|Dynamax Clause: You cannot dynamax
|clearpoke
|poke|p1|Heliolisk, M|
|poke|p1|Chandelure, M|
|poke|p1|Registeel|
|poke|p1|Flygon, M|
|poke|p1|Weezing-Galar, F|
|poke|p1|Milotic, F|
|poke|p2|Reuniclus, F|
|poke|p2|Gastrodon, M|
|poke|p2|Togekiss, F|
|poke|p2|Lucario, M|
|poke|p2|Registeel|
|poke|p2|Dhelmise|
|teampreview
|c|☆btboy|glhf
|c|☆GW|u2
|inactive|GW has 270 seconds left.
|
|t:|1665355914
|start
|switch|p1a: Chandelure|Chandelure, M|100/100
|switch|p2a: Togekiss|Togekiss, F|100/100
|turn|1
|
|t:|1665355924
|switch|p1a: Registeel|Registeel|100/100
|move|p2a: Togekiss|Air Slash|p1a: Registeel
|-resisted|p1a: Registeel
|-damage|p1a: Registeel|92/100
|
|-heal|p1a: Registeel|98/100|[from] item: Leftovers
|upkeep
|turn|2
|
|t:|1665355933
|switch|p2a: Registeel|Registeel|100/100
|move|p1a: Registeel|Toxic|p2a: Registeel
|-immune|p2a: Registeel
|
|-heal|p1a: Registeel|100/100|[from] item: Leftovers
|upkeep
|turn|3
|
|t:|1665355939
|move|p2a: Registeel|Stealth Rock|p1a: Registeel
|-sidestart|p1: btboy|move: Stealth Rock
|move|p1a: Registeel|Stealth Rock|p2a: Registeel
|-sidestart|p2: GW|move: Stealth Rock
|
|upkeep
|turn|4
|
|t:|1665355948
|move|p1a: Registeel|Toxic|p2a: Registeel
|-immune|p2a: Registeel
|move|p2a: Registeel|Seismic Toss|p1a: Registeel
|-damage|p1a: Registeel|73/100
|
|-heal|p1a: Registeel|79/100|[from] item: Leftovers
|upkeep
|turn|5
|
|t:|1665355958
|switch|p2a: Reuniclus|Reuniclus, F|100/100
|move|p1a: Registeel|Body Press|p2a: Reuniclus
|-resisted|p2a: Reuniclus
|-damage|p2a: Reuniclus|91/100
|
|-heal|p1a: Registeel|85/100|[from] item: Leftovers
|upkeep
|turn|6
|
|t:|1665355965
|switch|p1a: Milotic|Milotic, F|100/100
|move|p2a: Reuniclus|Calm Mind|p2a: Reuniclus
|-boost|p2a: Reuniclus|spa|1
|-boost|p2a: Reuniclus|spd|1
|
|upkeep
|turn|7
|
|t:|1665355970
|move|p1a: Milotic|Haze|p1a: Milotic
|-clearallboost
|move|p2a: Reuniclus|Psyshock|p1a: Milotic
|-damage|p1a: Milotic|77/100
|
|upkeep
|turn|8
|
|t:|1665355973
|move|p1a: Milotic|Recover|p1a: Milotic
|-heal|p1a: Milotic|100/100
|move|p2a: Reuniclus|Calm Mind|p2a: Reuniclus
|-boost|p2a: Reuniclus|spa|1
|-boost|p2a: Reuniclus|spd|1
|
|upkeep
|turn|9
|
|t:|1665355976
|switch|p2a: Dhelmise|Dhelmise|100/100
|-damage|p2a: Dhelmise|88/100|[from] Stealth Rock
|move|p1a: Milotic|Haze|p1a: Milotic
|-clearallboost
|
|upkeep
|turn|10
|
|t:|1665355986
|move|p1a: Milotic|Flip Turn|p2a: Dhelmise
|-resisted|p2a: Dhelmise
|-damage|p2a: Dhelmise|82/100
|
|t:|1665355990
|switch|p1a: Weezing|Weezing-Galar, F|100/100|[from]move: Flip Turn
|-damage|p1a: Weezing|88/100|[from] Stealth Rock
|move|p2a: Dhelmise|Poltergeist|p1a: Weezing
|-activate|p1a: Weezing|move: Poltergeist|Rocky Helmet
|-damage|p1a: Weezing|48/100
|
|upkeep
|turn|11
|
|t:|1665355999
|move|p1a: Weezing|Will-O-Wisp|p2a: Dhelmise
|-status|p2a: Dhelmise|brn
|-enditem|p2a: Dhelmise|Lum Berry|[eat]
|-curestatus|p2a: Dhelmise|brn|[msg]
|move|p2a: Dhelmise|Rapid Spin|p1a: Weezing
|-damage|p1a: Weezing|34/100
|-boost|p2a: Dhelmise|spe|1
|-damage|p2a: Dhelmise|65/100|[from] item: Rocky Helmet|[of] p1a: Weezing
|-sideend|p2: GW|Stealth Rock|[from] move: Rapid Spin|[of] p2a: Dhelmise
|
|upkeep
|turn|12
|
|t:|1665356010
|move|p2a: Dhelmise|Poltergeist|p1a: Weezing
|-activate|p1a: Weezing|move: Poltergeist|Rocky Helmet
|-damage|p1a: Weezing|0 fnt
|faint|p1a: Weezing
|
|upkeep
|
|t:|1665356014
|switch|p1a: Chandelure|Chandelure, M|100/100
|-damage|p1a: Chandelure|76/100|[from] Stealth Rock
|turn|13
|inactive|GW has 270 seconds left.
|inactive|GW has 240 seconds left.
|
|t:|1665356078
|switch|p2a: Reuniclus|Reuniclus, F|91/100
|move|p1a: Chandelure|Shadow Ball|p2a: Reuniclus
|-supereffective|p2a: Reuniclus
|-damage|p2a: Reuniclus|0 fnt
|faint|p2a: Reuniclus
|
|upkeep
|inactive|GW has 240 seconds left.
|
|t:|1665356096
|switch|p2a: Gastrodon|Gastrodon, M|100/100
|turn|14
|
|t:|1665356107
|switch|p1a: Flygon|Flygon, M|100/100
|-damage|p1a: Flygon|95/100|[from] Stealth Rock
|move|p2a: Gastrodon|Earth Power|p1a: Flygon
|-immune|p1a: Flygon|[from] ability: Levitate
|
|upkeep
|turn|15
|inactive|GW has 240 seconds left.
|
|t:|1665356116
|move|p1a: Flygon|U-turn|p2a: Gastrodon
|-damage|p2a: Gastrodon|85/100
|-damage|p1a: Flygon|78/100|[from] item: Rocky Helmet|[of] p2a: Gastrodon
|
|t:|1665356119
|switch|p1a: Heliolisk|Heliolisk, M|100/100|[from]move: U-turn
|move|p2a: Gastrodon|Ice Beam|p1a: Heliolisk
|-damage|p1a: Heliolisk|73/100
|
|upkeep
|turn|16
|
|t:|1665356128
|switch|p2a: Dhelmise|Dhelmise|65/100
|move|p1a: Heliolisk|U-turn|p2a: Dhelmise
|-damage|p2a: Dhelmise|55/100
|
|t:|1665356138
|switch|p1a: Chandelure|Chandelure, M|76/100|[from]move: U-turn
|-damage|p1a: Chandelure|51/100|[from] Stealth Rock
|
|upkeep
|turn|17
|
|t:|1665356143
|switch|p2a: Togekiss|Togekiss, F|100/100
|move|p1a: Chandelure|Shadow Ball|p2a: Togekiss
|-damage|p2a: Togekiss|31/100
|
|upkeep
|turn|18
|
|t:|1665356150
|switch|p1a: Heliolisk|Heliolisk, M|73/100
|move|p2a: Togekiss|Air Slash|p1a: Heliolisk
|-resisted|p1a: Heliolisk
|-damage|p1a: Heliolisk|48/100
|
|upkeep
|turn|19
|inactive|GW has 270 seconds left.
|
|t:|1665356162
|move|p2a: Togekiss|Air Slash|p1a: Heliolisk
|-resisted|p1a: Heliolisk
|-damage|p1a: Heliolisk|21/100
|move|p1a: Heliolisk|Thunderbolt|p2a: Togekiss
|-supereffective|p2a: Togekiss
|-damage|p2a: Togekiss|0 fnt
|faint|p2a: Togekiss
|
|upkeep
|
|t:|1665356176
|switch|p2a: Lucario|Lucario, M|100/100
|turn|20
|
|t:|1665356184
|switch|p1a: Milotic|Milotic, F|100/100
|move|p2a: Lucario|Extreme Speed|p1a: Milotic
|-damage|p1a: Milotic|80/100
|
|upkeep
|turn|21
|inactive|GW has 270 seconds left.
|
|t:|1665356211
|switch|p1a: Heliolisk|Heliolisk, M|21/100
|move|p2a: Lucario|Swords Dance|p2a: Lucario
|-boost|p2a: Lucario|atk|2
|
|upkeep
|turn|22
|c|☆btboy|got it wrong
|c|☆btboy|gg
|inactive|GW has 240 seconds left.
|
|t:|1665356256
|move|p2a: Lucario|Extreme Speed|p1a: Heliolisk
|-damage|p1a: Heliolisk|0 fnt
|faint|p1a: Heliolisk
|
|upkeep
|
|t:|1665356262
|switch|p1a: Flygon|Flygon, M|78/100
|-damage|p1a: Flygon|72/100|[from] Stealth Rock
|turn|23
|
|t:|1665356267
|move|p2a: Lucario|Extreme Speed|p1a: Flygon
|-damage|p1a: Flygon|4/100
|move|p1a: Flygon|Earthquake|p2a: Lucario
|-supereffective|p2a: Lucario
|-damage|p2a: Lucario|0 fnt
|faint|p2a: Lucario
|
|upkeep
|c|☆GW|a
|c|☆btboy|o
|c|☆GW|absolute min
|c|☆GW|lol
|
|t:|1665356292
|switch|p2a: Dhelmise|Dhelmise|55/100
|turn|24
|inactive|GW has 210 seconds left.
|
|t:|1665356317
|switch|p1a: Milotic|Milotic, F|80/100
|move|p2a: Dhelmise|Poltergeist|p1a: Milotic
|-activate|p1a: Milotic|move: Poltergeist|Heavy-Duty Boots
|-damage|p1a: Milotic|34/100
|
|upkeep
|turn|25
|inactive|GW has 210 seconds left.
|
|t:|1665356330
|move|p1a: Milotic|Scald|p2a: Dhelmise
|-resisted|p2a: Dhelmise
|-damage|p2a: Dhelmise|38/100
|move|p2a: Dhelmise|Rapid Spin|p1a: Milotic
|-damage|p1a: Milotic|19/100
|-boost|p2a: Dhelmise|spe|1
|
|upkeep
|turn|26
|
|t:|1665356337
|switch|p1a: Flygon|Flygon, M|4/100
|-damage|p1a: Flygon|0 fnt|[from] Stealth Rock
|faint|p1a: Flygon
|move|p2a: Dhelmise|Rapid Spin|p1: Flygon|[notarget]
|-fail|p2a: Dhelmise
|
|upkeep
|
|t:|1665356339
|switch|p1a: Chandelure|Chandelure, M|51/100
|-damage|p1a: Chandelure|26/100|[from] Stealth Rock
|turn|27
|
|t:|1665356352
|switch|p2a: Registeel|Registeel|100/100
|move|p1a: Chandelure|Shadow Ball|p2a: Registeel
|-damage|p2a: Registeel|64/100
|
|-heal|p2a: Registeel|70/100|[from] item: Leftovers
|upkeep
|turn|28
|
|t:|1665356360
|switch|p1a: Registeel|Registeel|85/100
|-damage|p1a: Registeel|79/100|[from] Stealth Rock
|move|p2a: Registeel|Heavy Slam|p1a: Registeel
|-resisted|p1a: Registeel
|-damage|p1a: Registeel|76/100
|
|-heal|p2a: Registeel|76/100|[from] item: Leftovers
|-heal|p1a: Registeel|82/100|[from] item: Leftovers
|upkeep
|turn|29
|
|t:|1665356376
|move|p2a: Registeel|Seismic Toss|p1a: Registeel
|-damage|p1a: Registeel|54/100
|move|p1a: Registeel|Toxic|p2a: Registeel
|-immune|p2a: Registeel
|
|-heal|p1a: Registeel|60/100|[from] item: Leftovers
|-heal|p2a: Registeel|82/100|[from] item: Leftovers
|upkeep
|turn|30
|
|t:|1665356384
|switch|p2a: Gastrodon|Gastrodon, M|85/100
|move|p1a: Registeel|Stealth Rock|p2a: Gastrodon
|-sidestart|p2: GW|move: Stealth Rock
|
|-heal|p1a: Registeel|66/100|[from] item: Leftovers
|upkeep
|turn|31
|
|t:|1665356397
|move|p1a: Registeel|Toxic|p2a: Gastrodon
|-status|p2a: Gastrodon|tox
|move|p2a: Gastrodon|Earth Power|p1a: Registeel
|-supereffective|p1a: Registeel
|-damage|p1a: Registeel|40/100
|
|-heal|p1a: Registeel|46/100|[from] item: Leftovers
|-damage|p2a: Gastrodon|79/100 tox|[from] psn
|upkeep
|turn|32
|
|t:|1665356403
|move|p1a: Registeel|Heavy Slam|p2a: Gastrodon
|-resisted|p2a: Gastrodon
|-damage|p2a: Gastrodon|67/100 tox
|-damage|p1a: Registeel|29/100|[from] item: Rocky Helmet|[of] p2a: Gastrodon
|move|p2a: Gastrodon|Earth Power|p1a: Registeel
|-supereffective|p1a: Registeel
|-damage|p1a: Registeel|0 fnt
|faint|p1a: Registeel
|
|-damage|p2a: Gastrodon|55/100 tox|[from] psn
|upkeep
|inactive|btboy has 270 seconds left.
|
|t:|1665356442
|switch|p1a: Milotic|Milotic, F|19/100
|turn|33
|
|t:|1665356450
|move|p1a: Milotic|Recover|p1a: Milotic
|-heal|p1a: Milotic|69/100
|move|p2a: Gastrodon|Recover|p2a: Gastrodon
|-heal|p2a: Gastrodon|100/100 tox
|
|-damage|p2a: Gastrodon|82/100 tox|[from] psn
|upkeep
|turn|34
|
|t:|1665356462
|switch|p2a: Registeel|Registeel|82/100
|-damage|p2a: Registeel|76/100|[from] Stealth Rock
|move|p1a: Milotic|Scald|p2a: Registeel
|-damage|p2a: Registeel|63/100
|
|-heal|p2a: Registeel|69/100|[from] item: Leftovers
|upkeep
|turn|35
|
|t:|1665356472
|move|p1a: Milotic|Scald|p2a: Registeel
|-damage|p2a: Registeel|55/100
|move|p2a: Registeel|Toxic|p1a: Milotic
|-status|p1a: Milotic|tox
|
|-heal|p2a: Registeel|61/100|[from] item: Leftovers
|-damage|p1a: Milotic|62/100 tox|[from] psn
|upkeep
|turn|36
|
|t:|1665356479
|switch|p2a: Dhelmise|Dhelmise|38/100
|-damage|p2a: Dhelmise|26/100|[from] Stealth Rock
|move|p1a: Milotic|Scald|p2a: Dhelmise
|-resisted|p2a: Dhelmise
|-damage|p2a: Dhelmise|10/100
|-status|p2a: Dhelmise|brn
|
|-damage|p1a: Milotic|50/100 tox|[from] psn
|-damage|p2a: Dhelmise|4/100 brn|[from] brn
|upkeep
|turn|37
|inactive|btboy has 270 seconds left.
|inactive|btboy has 240 seconds left.
|inactive|btboy has 210 seconds left.
|inactive|btboy has 180 seconds left.
|
|t:|1665356619
|move|p1a: Milotic|Scald|p2a: Dhelmise
|-resisted|p2a: Dhelmise
|-damage|p2a: Dhelmise|0 fnt
|faint|p2a: Dhelmise
|
|-damage|p1a: Milotic|32/100 tox|[from] psn
|upkeep
|
|t:|1665356637
|switch|p2a: Registeel|Registeel|61/100
|-damage|p2a: Registeel|55/100|[from] Stealth Rock
|turn|38
|
|t:|1665356646
|move|p1a: Milotic|Scald|p2a: Registeel
|-damage|p2a: Registeel|41/100
|move|p2a: Registeel|Heavy Slam|p1a: Milotic
|-resisted|p1a: Milotic
|-damage|p1a: Milotic|29/100 tox
|
|-heal|p2a: Registeel|47/100|[from] item: Leftovers
|-damage|p1a: Milotic|5/100 tox|[from] psn
|upkeep
|turn|39
|inactive|btboy has 150 seconds left.
|inactive|GW has 240 seconds left.
|inactive|btboy has 120 seconds left.
|
|t:|1665356734
|move|p1a: Milotic|Scald|p2a: Registeel
|-damage|p2a: Registeel|33/100
|-status|p2a: Registeel|brn
|move|p2a: Registeel|Heavy Slam|p1a: Milotic
|-resisted|p1a: Milotic
|-damage|p1a: Milotic|3/100 tox
|
|-heal|p2a: Registeel|40/100 brn|[from] item: Leftovers
|-damage|p1a: Milotic|0 fnt|[from] psn
|faint|p1a: Milotic
|-damage|p2a: Registeel|33/100 brn|[from] brn
|upkeep
|
|t:|1665356744
|switch|p1a: Chandelure|Chandelure, M|26/100
|-damage|p1a: Chandelure|1/100|[from] Stealth Rock
|turn|40
|inactive|btboy has 90 seconds left.
|
|t:|1665356760
|move|p1a: Chandelure|Shadow Ball|p2a: Registeel
|-damage|p2a: Registeel|0 fnt
|faint|p2a: Registeel
|
|upkeep
|
|t:|1665356763
|switch|p2a: Gastrodon|Gastrodon, M|82/100 tox
|-damage|p2a: Gastrodon|76/100 tox|[from] Stealth Rock
|turn|41
|
|t:|1665356767
|move|p1a: Chandelure|Shadow Ball|p2a: Gastrodon
|-damage|p2a: Gastrodon|7/100 tox
|move|p2a: Gastrodon|Earth Power|p1a: Chandelure
|-supereffective|p1a: Chandelure
|-damage|p1a: Chandelure|0 fnt
|faint|p1a: Chandelure
|
|win|GW
|c|☆GW|ggz
|c|☆btboy|ggs gl in next
|c|+Its oyster time|when all else fails, oyster teams prevail
|c|☆GW|thank
