|inactive|Battle timer is ON: inactive players will automatically lose when time's up.
|t:|1668007419
|gametype|singles
|player|p1|Luna's Bann3d Now|#capplviiisaharajas|
|player|p2|guille14|gambler|
|teamsize|p1|6
|teamsize|p2|6
|gen|8
|tier|[Gen 8] RU
|rule|Sleep Clause Mod: Limit one foe put to sleep
|rule|Species Clause: Limit one of each Pokémon
|rule|OHKO Clause: OHKO moves are banned
|rule|Evasion Items Clause: Evasion items are banned
|rule|Evasion Moves Clause: Evasion moves are banned
|rule|Endless Battle Clause: Forcing endless battles is banned
|rule|HP Percentage Mod: HP is shown in percentages
|rule|Dynamax Clause: You cannot dynamax
|clearpoke
|poke|p1|Flygon, F|
|poke|p1|Cresselia, F|
|poke|p1|Incineroar, M|
|poke|p1|Togekiss, M|
|poke|p1|Doublade, F|
|poke|p1|Vileplume, M|
|poke|p2|Reuniclus, M|
|poke|p2|Crobat, M|
|poke|p2|Registeel|
|poke|p2|Aromatisse, F|
|poke|p2|Quagsire, F|
|poke|p2|Scrafty, M|
|teampreview
|c|☆guille14|hf
|
|t:|1668007446
|start
|switch|p1a: Incineroar|Incineroar, M|100/100
|switch|p2a: Scrafty|Scrafty, M|100/100
|-ability|p1a: Incineroar|Intimidate|boost
|-unboost|p2a: Scrafty|atk|1
|turn|1
|
|t:|1668007453
|move|p1a: Incineroar|U-turn|p2a: Scrafty
|-damage|p2a: Scrafty|78/100
|
|t:|1668007456
|switch|p1a: Vileplume|Vileplume, M|100/100|[from]move: U-turn
|move|p2a: Scrafty|Knock Off|p1a: Vileplume
|-damage|p1a: Vileplume|83/100
|-enditem|p1a: Vileplume|Heavy-Duty Boots|[from] move: Knock Off|[of] p2a: Scrafty
|
|-heal|p2a: Scrafty|84/100|[from] item: Leftovers
|upkeep
|turn|2
|
|t:|1668007459
|move|p2a: Scrafty|Bulk Up|p2a: Scrafty
|-boost|p2a: Scrafty|atk|1
|-boost|p2a: Scrafty|def|1
|move|p1a: Vileplume|Stun Spore|p2a: Scrafty|[miss]
|-miss|p1a: Vileplume|p2a: Scrafty
|
|-heal|p2a: Scrafty|90/100|[from] item: Leftovers
|upkeep
|turn|3
|
|t:|1668007463
|move|p2a: Scrafty|Bulk Up|p2a: Scrafty
|-boost|p2a: Scrafty|atk|1
|-boost|p2a: Scrafty|def|1
|move|p1a: Vileplume|Stun Spore|p2a: Scrafty
|-status|p2a: Scrafty|par
|
|-heal|p2a: Scrafty|96/100 par|[from] item: Leftovers
|upkeep
|turn|4
|
|t:|1668007465
|move|p1a: Vileplume|Strength Sap|p2a: Scrafty
|-unboost|p2a: Scrafty|atk|1
|-heal|p1a: Vileplume|100/100
|move|p2a: Scrafty|Bulk Up|p2a: Scrafty
|-boost|p2a: Scrafty|atk|1
|-boost|p2a: Scrafty|def|1
|
|-heal|p2a: Scrafty|100/100 par|[from] item: Leftovers
|upkeep
|turn|5
|
|t:|1668007468
|switch|p1a: Togekiss|Togekiss, M|100/100
|move|p2a: Scrafty|Bulk Up|p2a: Scrafty
|-boost|p2a: Scrafty|atk|1
|-boost|p2a: Scrafty|def|1
|
|upkeep
|turn|6
|
|t:|1668007471
|switch|p2a: Registeel|Registeel|100/100
|move|p1a: Togekiss|Air Slash|p2a: Registeel
|-resisted|p2a: Registeel
|-damage|p2a: Registeel|92/100
|
|-heal|p2a: Registeel|98/100|[from] item: Leftovers
|upkeep
|turn|7
|
|t:|1668007475
|switch|p1a: Doublade|Doublade, F|100/100
|move|p2a: Registeel|Stealth Rock|p1a: Doublade
|-sidestart|p1: Luna's Bann3d Now|move: Stealth Rock
|
|-heal|p2a: Registeel|100/100|[from] item: Leftovers
|upkeep
|turn|8
|
|t:|1668007484
|switch|p2a: Quagsire|Quagsire, F|100/100
|switch|p1a: Vileplume|Vileplume, M|100/100
|-damage|p1a: Vileplume|88/100|[from] Stealth Rock
|
|upkeep
|turn|9
|
|t:|1668007488
|switch|p2a: Registeel|Registeel|100/100
|move|p1a: Vileplume|Stun Spore|p2a: Registeel|[miss]
|-miss|p1a: Vileplume|p2a: Registeel
|
|upkeep
|turn|10
|
|t:|1668007492
|move|p1a: Vileplume|Stun Spore|p2a: Registeel|[miss]
|-miss|p1a: Vileplume|p2a: Registeel
|move|p2a: Registeel|Seismic Toss|p1a: Vileplume
|-damage|p1a: Vileplume|60/100
|
|upkeep
|turn|11
|
|t:|1668007495
|move|p1a: Vileplume|Stun Spore|p2a: Registeel|[miss]
|-miss|p1a: Vileplume|p2a: Registeel
|move|p2a: Registeel|Seismic Toss|p1a: Vileplume
|-damage|p1a: Vileplume|31/100
|
|upkeep
|turn|12
|
|t:|1668007498
|move|p1a: Vileplume|Strength Sap|p2a: Registeel
|-fail|p2a: Registeel|unboost|[from] ability: Clear Body|[of] p2a: Registeel
|-heal|p1a: Vileplume|71/100
|move|p2a: Registeel|Seismic Toss|p1a: Vileplume
|-damage|p1a: Vileplume|42/100
|
|upkeep
|turn|13
|
|t:|1668007502
|switch|p1a: Doublade|Doublade, F|100/100
|-damage|p1a: Doublade|94/100|[from] Stealth Rock
|move|p2a: Registeel|Seismic Toss|p1a: Doublade
|-immune|p1a: Doublade
|
|upkeep
|turn|14
|
|t:|1668007505
|switch|p2a: Quagsire|Quagsire, F|100/100
|move|p1a: Doublade|Close Combat|p2a: Quagsire
|-damage|p2a: Quagsire|70/100
|-unboost|p1a: Doublade|def|1
|-unboost|p1a: Doublade|spd|1
|
|upkeep
|turn|15
|
|t:|1668007510
|switch|p1a: Togekiss|Togekiss, M|100/100
|move|p2a: Quagsire|Recover|p2a: Quagsire
|-heal|p2a: Quagsire|100/100
|
|upkeep
|turn|16
|
|t:|1668007514
|move|p1a: Togekiss|Nasty Plot|p1a: Togekiss
|-boost|p1a: Togekiss|spa|2
|move|p2a: Quagsire|Toxic|p1a: Togekiss
|-status|p1a: Togekiss|tox
|
|-damage|p1a: Togekiss|94/100 tox|[from] psn
|upkeep
|turn|17
|
|t:|1668007522
|switch|p2a: Registeel|Registeel|100/100
|move|p1a: Togekiss|Air Slash|p2a: Registeel|[miss]
|-miss|p1a: Togekiss|p2a: Registeel
|
|-damage|p1a: Togekiss|82/100 tox|[from] psn
|upkeep
|turn|18
|
|t:|1668007526
|switch|p1a: Doublade|Doublade, F|94/100
|-damage|p1a: Doublade|88/100|[from] Stealth Rock
|move|p2a: Registeel|Seismic Toss|p1a: Doublade
|-immune|p1a: Doublade
|
|upkeep
|turn|19
|
|t:|1668007530
|switch|p2a: Quagsire|Quagsire, F|100/100
|switch|p1a: Vileplume|Vileplume, M|42/100
|-damage|p1a: Vileplume|30/100|[from] Stealth Rock
|
|upkeep
|turn|20
|
|t:|1668007538
|switch|p2a: Registeel|Registeel|100/100
|move|p1a: Vileplume|Strength Sap|p2a: Registeel
|-fail|p2a: Registeel|unboost|[from] ability: Clear Body|[of] p2a: Registeel
|-heal|p1a: Vileplume|70/100
|
|upkeep
|turn|21
|
|t:|1668007544
|switch|p2a: Crobat|Crobat, M|100/100
|move|p1a: Vileplume|Stun Spore|p2a: Crobat
|-status|p2a: Crobat|par
|
|upkeep
|turn|22
|
|t:|1668007551
|switch|p2a: Aromatisse|Aromatisse, F|100/100
|switch|p1a: Cresselia|Cresselia, F|100/100
|-damage|p1a: Cresselia|88/100|[from] Stealth Rock
|
|upkeep
|turn|23
|
|t:|1668007554
|move|p1a: Cresselia|Trick|p2a: Aromatisse
|-activate|p1a: Cresselia|move: Trick|[of] p2a: Aromatisse
|-item|p2a: Aromatisse|Choice Scarf|[from] move: Trick
|-item|p1a: Cresselia|Heavy-Duty Boots|[from] move: Trick
|move|p2a: Aromatisse|Heal Bell|p2a: Aromatisse
|-activate|p2a: Aromatisse|move: Heal Bell
|-curestatus|p2: Scrafty|par|[msg]
|-curestatus|p2: Crobat|par|[msg]
|
|upkeep
|turn|24
|
|t:|1668007565
|switch|p2a: Scrafty|Scrafty, M|100/100
|move|p1a: Cresselia|Toxic|p2a: Scrafty
|-status|p2a: Scrafty|tox
|
|-activate|p2a: Scrafty|ability: Shed Skin
|-curestatus|p2a: Scrafty|tox|[msg]
|upkeep
|turn|25
|
|t:|1668007578
|switch|p1a: Vileplume|Vileplume, M|70/100
|-damage|p1a: Vileplume|57/100|[from] Stealth Rock
|move|p2a: Scrafty|Bulk Up|p2a: Scrafty
|-boost|p2a: Scrafty|atk|1
|-boost|p2a: Scrafty|def|1
|
|upkeep
|turn|26
|
|t:|1668007585
|move|p2a: Scrafty|Knock Off|p1a: Vileplume
|-damage|p1a: Vileplume|33/100
|move|p1a: Vileplume|Strength Sap|p2a: Scrafty
|-unboost|p2a: Scrafty|atk|1
|-heal|p1a: Vileplume|100/100
|
|upkeep
|turn|27
|
|t:|1668007589
|move|p2a: Scrafty|Bulk Up|p2a: Scrafty
|-boost|p2a: Scrafty|atk|1
|-boost|p2a: Scrafty|def|1
|move|p1a: Vileplume|Sludge Bomb|p2a: Scrafty
|-damage|p2a: Scrafty|79/100
|
|-heal|p2a: Scrafty|85/100|[from] item: Leftovers
|upkeep
|turn|28
|
|t:|1668007592
|move|p2a: Scrafty|Bulk Up|p2a: Scrafty
|-boost|p2a: Scrafty|atk|1
|-boost|p2a: Scrafty|def|1
|move|p1a: Vileplume|Stun Spore|p2a: Scrafty
|-status|p2a: Scrafty|par
|
|-heal|p2a: Scrafty|91/100 par|[from] item: Leftovers
|upkeep
|turn|29
|
|t:|1668007597
|move|p1a: Vileplume|Giga Drain|p2a: Scrafty
|-damage|p2a: Scrafty|73/100 par
|cant|p2a: Scrafty|par
|
|-heal|p2a: Scrafty|79/100 par|[from] item: Leftovers
|upkeep
|turn|30
|
|t:|1668007602
|switch|p1a: Togekiss|Togekiss, M|82/100 tox
|move|p2a: Scrafty|Knock Off|p1a: Togekiss
|-resisted|p1a: Togekiss
|-damage|p1a: Togekiss|55/100 tox
|-enditem|p1a: Togekiss|Heavy-Duty Boots|[from] move: Knock Off|[of] p2a: Scrafty
|
|-heal|p2a: Scrafty|85/100 par|[from] item: Leftovers
|-damage|p1a: Togekiss|49/100 tox|[from] psn
|upkeep
|turn|31
|
|t:|1668007605
|switch|p2a: Crobat|Crobat, M|100/100
|move|p1a: Togekiss|Roost|p1a: Togekiss
|-heal|p1a: Togekiss|99/100 tox
|-singleturn|p1a: Togekiss|move: Roost
|
|-damage|p1a: Togekiss|87/100 tox|[from] psn
|upkeep
|turn|32
|
|t:|1668007613
|switch|p1a: Cresselia|Cresselia, F|88/100
|move|p2a: Crobat|Brave Bird|p1a: Cresselia
|-damage|p1a: Cresselia|63/100
|-damage|p2a: Crobat|91/100|[from] Recoil
|
|upkeep
|turn|33
|
|t:|1668007616
|move|p2a: Crobat|Toxic|p1a: Cresselia
|-status|p1a: Cresselia|tox
|move|p1a: Cresselia|Ice Beam|p2a: Crobat
|-supereffective|p2a: Crobat
|-damage|p2a: Crobat|55/100
|
|-damage|p1a: Cresselia|57/100 tox|[from] psn
|upkeep
|turn|34
|
|t:|1668007625
|switch|p1a: Incineroar|Incineroar, M|100/100
|-ability|p1a: Incineroar|Intimidate|boost
|-unboost|p2a: Crobat|atk|1
|move|p2a: Crobat|Roost|p2a: Crobat
|-heal|p2a: Crobat|100/100
|-singleturn|p2a: Crobat|move: Roost
|
|upkeep
|turn|35
|
|t:|1668007628
|move|p2a: Crobat|Toxic|p1a: Incineroar
|-status|p1a: Incineroar|tox
|move|p1a: Incineroar|Knock Off|p2a: Crobat
|-damage|p2a: Crobat|52/100
|-enditem|p2a: Crobat|Heavy-Duty Boots|[from] move: Knock Off|[of] p1a: Incineroar
|
|-damage|p1a: Incineroar|94/100 tox|[from] psn
|upkeep
|turn|36
|
|t:|1668007635
|move|p2a: Crobat|Roost|p2a: Crobat
|-heal|p2a: Crobat|100/100
|-singleturn|p2a: Crobat|move: Roost
|move|p1a: Incineroar|U-turn|p2a: Crobat
|-resisted|p2a: Crobat
|-damage|p2a: Crobat|89/100
|
|t:|1668007644
|switch|p1a: Flygon|Flygon, F|100/100|[from]move: U-turn
|-damage|p1a: Flygon|95/100|[from] Stealth Rock
|
|upkeep
|turn|37
|
|t:|1668007648
|move|p2a: Crobat|Toxic|p1a: Flygon
|-status|p1a: Flygon|tox
|move|p1a: Flygon|Stone Edge|p2a: Crobat|[miss]
|-miss|p1a: Flygon|p2a: Crobat
|
|-damage|p1a: Flygon|89/100 tox|[from] psn
|upkeep
|turn|38
|
|t:|1668007657
|switch|p2a: Registeel|Registeel|100/100
|move|p1a: Flygon|Stone Edge|p2a: Registeel|[miss]
|-miss|p1a: Flygon|p2a: Registeel
|
|-damage|p1a: Flygon|77/100 tox|[from] psn
|upkeep
|turn|39
|c|☆Luna's Bann3d Now|oh my fucking god
|
|t:|1668007670
|switch|p1a: Doublade|Doublade, F|88/100
|-damage|p1a: Doublade|82/100|[from] Stealth Rock
|switch|p2a: Reuniclus|Reuniclus, M|100/100
|
|upkeep
|turn|40
|
|t:|1668007674
|switch|p2a: Quagsire|Quagsire, F|100/100
|move|p1a: Doublade|Shadow Claw|p2a: Quagsire
|-damage|p2a: Quagsire|75/100
|
|upkeep
|turn|41
|
|t:|1668007679
|switch|p1a: Togekiss|Togekiss, M|87/100 tox
|-damage|p1a: Togekiss|62/100 tox|[from] Stealth Rock
|move|p2a: Quagsire|Scald|p1a: Togekiss
|-damage|p1a: Togekiss|46/100 tox
|
|-damage|p1a: Togekiss|40/100 tox|[from] psn
|upkeep
|turn|42
|
|t:|1668007684
|switch|p2a: Crobat|Crobat, M|89/100
|move|p1a: Togekiss|Heal Bell|p1a: Togekiss
|-activate|p1a: Togekiss|move: Heal Bell
|-curestatus|p1a: Togekiss|tox|[msg]
|-curestatus|p1: Incineroar|tox|[msg]
|-curestatus|p1: Flygon|tox|[msg]
|-curestatus|p1: Cresselia|tox|[msg]
|
|upkeep
|turn|43
|
|t:|1668007703
|move|p2a: Crobat|Brave Bird|p1a: Togekiss
|-damage|p1a: Togekiss|2/100
|-damage|p2a: Crobat|76/100|[from] Recoil
|move|p1a: Togekiss|Roost|p1a: Togekiss
|-heal|p1a: Togekiss|53/100
|-singleturn|p1a: Togekiss|move: Roost
|
|upkeep
|turn|44
|
|t:|1668007707
|move|p2a: Crobat|Toxic|p1a: Togekiss
|-status|p1a: Togekiss|tox
|move|p1a: Togekiss|Roost|p1a: Togekiss
|-heal|p1a: Togekiss|100/100 tox
|-singleturn|p1a: Togekiss|move: Roost
|
|-damage|p1a: Togekiss|94/100 tox|[from] psn
|upkeep
|turn|45
|
|t:|1668007712
|switch|p1a: Doublade|Doublade, F|82/100
|-damage|p1a: Doublade|76/100|[from] Stealth Rock
|move|p2a: Crobat|Brave Bird|p1a: Doublade
|-resisted|p1a: Doublade
|-damage|p1a: Doublade|67/100
|-damage|p2a: Crobat|74/100|[from] Recoil
|
|upkeep
|turn|46
|
|t:|1668007717
|move|p2a: Crobat|Roost|p2a: Crobat
|-heal|p2a: Crobat|100/100
|-singleturn|p2a: Crobat|move: Roost
|move|p1a: Doublade|Shadow Claw|p2a: Crobat
|-crit|p2a: Crobat
|-damage|p2a: Crobat|42/100
|
|upkeep
|turn|47
|
|t:|1668007720
|move|p2a: Crobat|Roost|p2a: Crobat
|-heal|p2a: Crobat|92/100
|-singleturn|p2a: Crobat|move: Roost
|move|p1a: Doublade|Shadow Claw|p2a: Crobat
|-crit|p2a: Crobat
|-damage|p2a: Crobat|33/100
|
|upkeep
|turn|48
|
|t:|1668007724
|move|p2a: Crobat|Roost|p2a: Crobat
|-heal|p2a: Crobat|83/100
|-singleturn|p2a: Crobat|move: Roost
|move|p1a: Doublade|Swords Dance|p1a: Doublade
|-boost|p1a: Doublade|atk|2
|
|upkeep
|turn|49
|
|t:|1668007731
|switch|p2a: Quagsire|Quagsire, F|75/100
|switch|p1a: Cresselia|Cresselia, F|57/100
|
|upkeep
|turn|50
|
|t:|1668007737
|move|p1a: Cresselia|Toxic|p2a: Quagsire
|-status|p2a: Quagsire|tox
|move|p2a: Quagsire|Toxic|p1a: Cresselia
|-status|p1a: Cresselia|tox
|
|-damage|p1a: Cresselia|51/100 tox|[from] psn
|-damage|p2a: Quagsire|69/100 tox|[from] psn
|upkeep
|turn|51
|
|t:|1668007740
|switch|p2a: Crobat|Crobat, M|83/100
|move|p1a: Cresselia|Moonlight|p1a: Cresselia
|-heal|p1a: Cresselia|100/100 tox
|
|-damage|p1a: Cresselia|88/100 tox|[from] psn
|upkeep
|turn|52
|
|t:|1668007745
|move|p2a: Crobat|Brave Bird|p1a: Cresselia
|-damage|p1a: Cresselia|64/100 tox
|-damage|p2a: Crobat|73/100|[from] Recoil
|move|p1a: Cresselia|Ice Beam|p2a: Crobat
|-supereffective|p2a: Crobat
|-damage|p2a: Crobat|38/100
|
|-damage|p1a: Cresselia|46/100 tox|[from] psn
|upkeep
|turn|53
|
|t:|1668007750
|switch|p1a: Doublade|Doublade, F|67/100
|-damage|p1a: Doublade|61/100|[from] Stealth Rock
|move|p2a: Crobat|Roost|p2a: Crobat
|-heal|p2a: Crobat|88/100
|-singleturn|p2a: Crobat|move: Roost
|
|upkeep
|turn|54
|
|t:|1668007763
|switch|p2a: Aromatisse|Aromatisse, F|100/100
|move|p1a: Doublade|Shadow Claw|p2a: Aromatisse
|-damage|p2a: Aromatisse|73/100
|
|upkeep
|turn|55
|
|t:|1668007766
|move|p2a: Aromatisse|Heal Bell|p2a: Aromatisse
|-activate|p2a: Aromatisse|move: Heal Bell
|-curestatus|p2: Quagsire|tox|[msg]
|-curestatus|p2: Scrafty|par|[msg]
|move|p1a: Doublade|Shadow Claw|p2a: Aromatisse
|-damage|p2a: Aromatisse|46/100
|
|upkeep
|turn|56
|
|t:|1668007778
|switch|p2a: Scrafty|Scrafty, M|85/100
|switch|p1a: Togekiss|Togekiss, M|94/100 tox
|-damage|p1a: Togekiss|69/100 tox|[from] Stealth Rock
|
|-heal|p2a: Scrafty|91/100|[from] item: Leftovers
|-damage|p1a: Togekiss|63/100 tox|[from] psn
|upkeep
|turn|57
|
|t:|1668007783
|switch|p2a: Crobat|Crobat, M|88/100
|move|p1a: Togekiss|Heal Bell|p1a: Togekiss
|-activate|p1a: Togekiss|move: Heal Bell
|-curestatus|p1a: Togekiss|tox|[msg]
|-curestatus|p1: Cresselia|tox|[msg]
|
|upkeep
|turn|58
|
|t:|1668007789
|move|p2a: Crobat|Brave Bird|p1a: Togekiss
|-damage|p1a: Togekiss|27/100
|-damage|p2a: Crobat|76/100|[from] Recoil
|move|p1a: Togekiss|Roost|p1a: Togekiss
|-heal|p1a: Togekiss|77/100
|-singleturn|p1a: Togekiss|move: Roost
|
|upkeep
|turn|59
|
|t:|1668007794
|move|p2a: Crobat|Brave Bird|p1a: Togekiss
|-damage|p1a: Togekiss|39/100
|-damage|p2a: Crobat|63/100|[from] Recoil
|move|p1a: Togekiss|Nasty Plot|p1a: Togekiss
|-boost|p1a: Togekiss|spa|2
|
|upkeep
|turn|60
|
|t:|1668007799
|move|p2a: Crobat|Brave Bird|p1a: Togekiss
|-damage|p1a: Togekiss|3/100
|-damage|p2a: Crobat|51/100|[from] Recoil
|move|p1a: Togekiss|Roost|p1a: Togekiss
|-heal|p1a: Togekiss|53/100
|-singleturn|p1a: Togekiss|move: Roost
|
|upkeep
|turn|61
|
|t:|1668007804
|switch|p2a: Registeel|Registeel|100/100
|move|p1a: Togekiss|Roost|p1a: Togekiss
|-heal|p1a: Togekiss|100/100
|-singleturn|p1a: Togekiss|move: Roost
|
|upkeep
|turn|62
|
|t:|1668007808
|move|p1a: Togekiss|Air Slash|p2a: Registeel
|-resisted|p2a: Registeel
|-damage|p2a: Registeel|85/100
|cant|p2a: Registeel|flinch
|
|-heal|p2a: Registeel|91/100|[from] item: Leftovers
|upkeep
|turn|63
|
|t:|1668007812
|move|p1a: Togekiss|Nasty Plot|p1a: Togekiss
|-boost|p1a: Togekiss|spa|2
|move|p2a: Registeel|Toxic|p1a: Togekiss
|-status|p1a: Togekiss|tox
|
|-heal|p2a: Registeel|97/100|[from] item: Leftovers
|-damage|p1a: Togekiss|94/100 tox|[from] psn
|upkeep
|turn|64
|
|t:|1668007816
|move|p1a: Togekiss|Air Slash|p2a: Registeel
|-resisted|p2a: Registeel
|-damage|p2a: Registeel|76/100
|cant|p2a: Registeel|flinch
|
|-heal|p2a: Registeel|82/100|[from] item: Leftovers
|-damage|p1a: Togekiss|82/100 tox|[from] psn
|upkeep
|turn|65
|
|t:|1668007819
|move|p1a: Togekiss|Heal Bell|p1a: Togekiss
|-activate|p1a: Togekiss|move: Heal Bell
|-curestatus|p1a: Togekiss|tox|[msg]
|move|p2a: Registeel|Seismic Toss|p1a: Togekiss
|-damage|p1a: Togekiss|55/100
|
|-heal|p2a: Registeel|88/100|[from] item: Leftovers
|upkeep
|turn|66
|
|t:|1668007822
|move|p1a: Togekiss|Air Slash|p2a: Registeel
|-resisted|p2a: Registeel
|-damage|p2a: Registeel|64/100
|move|p2a: Registeel|Toxic|p1a: Togekiss
|-status|p1a: Togekiss|tox
|
|-heal|p2a: Registeel|70/100|[from] item: Leftovers
|-damage|p1a: Togekiss|49/100 tox|[from] psn
|upkeep
|turn|67
|
|t:|1668007826
|move|p1a: Togekiss|Roost|p1a: Togekiss
|-heal|p1a: Togekiss|99/100 tox
|-singleturn|p1a: Togekiss|move: Roost
|move|p2a: Registeel|Seismic Toss|p1a: Togekiss
|-damage|p1a: Togekiss|72/100 tox
|
|-heal|p2a: Registeel|76/100|[from] item: Leftovers
|-damage|p1a: Togekiss|60/100 tox|[from] psn
|upkeep
|turn|68
|
|t:|1668007831
|move|p1a: Togekiss|Heal Bell|p1a: Togekiss
|-activate|p1a: Togekiss|move: Heal Bell
|-curestatus|p1a: Togekiss|tox|[msg]
|move|p2a: Registeel|Seismic Toss|p1a: Togekiss
|-damage|p1a: Togekiss|33/100
|
|-heal|p2a: Registeel|82/100|[from] item: Leftovers
|upkeep
|turn|69
|
|t:|1668007834
|move|p1a: Togekiss|Air Slash|p2a: Registeel
|-resisted|p2a: Registeel
|-damage|p2a: Registeel|60/100
|move|p2a: Registeel|Toxic|p1a: Togekiss|[miss]
|-miss|p2a: Registeel|p1a: Togekiss
|
|-heal|p2a: Registeel|66/100|[from] item: Leftovers
|upkeep
|turn|70
|
|t:|1668007836
|move|p1a: Togekiss|Air Slash|p2a: Registeel
|-resisted|p2a: Registeel
|-damage|p2a: Registeel|43/100
|move|p2a: Registeel|Toxic|p1a: Togekiss
|-status|p1a: Togekiss|tox
|
|-heal|p2a: Registeel|49/100|[from] item: Leftovers
|-damage|p1a: Togekiss|27/100 tox|[from] psn
|upkeep
|turn|71
|
|t:|1668007840
|move|p1a: Togekiss|Roost|p1a: Togekiss
|-heal|p1a: Togekiss|77/100 tox
|-singleturn|p1a: Togekiss|move: Roost
|move|p2a: Registeel|Seismic Toss|p1a: Togekiss
|-damage|p1a: Togekiss|50/100 tox
|
|-heal|p2a: Registeel|55/100|[from] item: Leftovers
|-damage|p1a: Togekiss|38/100 tox|[from] psn
|upkeep
|turn|72
|
|t:|1668007845
|move|p1a: Togekiss|Roost|p1a: Togekiss
|-heal|p1a: Togekiss|88/100 tox
|-singleturn|p1a: Togekiss|move: Roost
|move|p2a: Registeel|Seismic Toss|p1a: Togekiss
|-damage|p1a: Togekiss|61/100 tox
|
|-heal|p2a: Registeel|61/100|[from] item: Leftovers
|-damage|p1a: Togekiss|43/100 tox|[from] psn
|upkeep
|turn|73
|
|t:|1668007847
|switch|p1a: Doublade|Doublade, F|61/100
|-damage|p1a: Doublade|55/100|[from] Stealth Rock
|move|p2a: Registeel|Seismic Toss|p1a: Doublade
|-immune|p1a: Doublade
|
|-heal|p2a: Registeel|68/100|[from] item: Leftovers
|upkeep
|turn|74
|
|t:|1668007852
|switch|p2a: Quagsire|Quagsire, F|69/100
|switch|p1a: Vileplume|Vileplume, M|100/100
|-damage|p1a: Vileplume|88/100|[from] Stealth Rock
|
|upkeep
|turn|75
|
|t:|1668007855
|switch|p2a: Scrafty|Scrafty, M|91/100
|move|p1a: Vileplume|Stun Spore|p2a: Scrafty|[miss]
|-miss|p1a: Vileplume|p2a: Scrafty
|
|-heal|p2a: Scrafty|97/100|[from] item: Leftovers
|upkeep
|turn|76
|
|t:|1668007859
|move|p2a: Scrafty|Bulk Up|p2a: Scrafty
|-boost|p2a: Scrafty|atk|1
|-boost|p2a: Scrafty|def|1
|move|p1a: Vileplume|Stun Spore|p2a: Scrafty|[miss]
|-miss|p1a: Vileplume|p2a: Scrafty
|
|-heal|p2a: Scrafty|100/100|[from] item: Leftovers
|upkeep
|turn|77
|
|t:|1668007862
|move|p2a: Scrafty|Bulk Up|p2a: Scrafty
|-boost|p2a: Scrafty|atk|1
|-boost|p2a: Scrafty|def|1
|move|p1a: Vileplume|Stun Spore|p2a: Scrafty
|-status|p2a: Scrafty|par
|
|upkeep
|turn|78
|
|t:|1668007864
|move|p1a: Vileplume|Giga Drain|p2a: Scrafty
|-damage|p2a: Scrafty|81/100 par
|-heal|p1a: Vileplume|98/100|[from] drain|[of] p2a: Scrafty
|cant|p2a: Scrafty|par
|
|-heal|p2a: Scrafty|87/100 par|[from] item: Leftovers
|upkeep
|turn|79
|
|t:|1668007877
|move|p1a: Vileplume|Strength Sap|p2a: Scrafty
|-unboost|p2a: Scrafty|atk|1
|-heal|p1a: Vileplume|100/100
|move|p2a: Scrafty|Knock Off|p1a: Vileplume
|-crit|p1a: Vileplume
|-damage|p1a: Vileplume|66/100
|
|-heal|p2a: Scrafty|93/100 par|[from] item: Leftovers
|upkeep
|turn|80
|
|t:|1668007887
|switch|p2a: Registeel|Registeel|68/100
|move|p1a: Vileplume|Giga Drain|p2a: Registeel
|-resisted|p2a: Registeel
|-damage|p2a: Registeel|61/100
|-heal|p1a: Vileplume|70/100|[from] drain|[of] p2a: Registeel
|
|-heal|p2a: Registeel|67/100|[from] item: Leftovers
|upkeep
|turn|81
|
|t:|1668007890
|move|p1a: Vileplume|Stun Spore|p2a: Registeel
|-status|p2a: Registeel|par
|move|p2a: Registeel|Seismic Toss|p1a: Vileplume
|-damage|p1a: Vileplume|41/100
|
|-heal|p2a: Registeel|73/100 par|[from] item: Leftovers
|upkeep
|turn|82
|
|t:|1668007893
|move|p1a: Vileplume|Strength Sap|p2a: Registeel
|-fail|p2a: Registeel|unboost|[from] ability: Clear Body|[of] p2a: Registeel
|-heal|p1a: Vileplume|81/100
|cant|p2a: Registeel|par
|
|-heal|p2a: Registeel|79/100 par|[from] item: Leftovers
|upkeep
|turn|83
|
|t:|1668007897
|switch|p1a: Incineroar|Incineroar, M|94/100
|-ability|p1a: Incineroar|Intimidate|boost
|-fail|p2a: Registeel|unboost|[from] ability: Clear Body|[of] p2a: Registeel
|cant|p2a: Registeel|par
|
|-heal|p2a: Registeel|85/100 par|[from] item: Leftovers
|upkeep
|turn|84
|
|t:|1668007910
|move|p1a: Incineroar|Blaze Kick|p2a: Registeel
|-supereffective|p2a: Registeel
|-damage|p2a: Registeel|24/100 par
|move|p2a: Registeel|Toxic|p1a: Incineroar
|-status|p1a: Incineroar|tox
|
|-heal|p2a: Registeel|30/100 par|[from] item: Leftovers
|-damage|p1a: Incineroar|88/100 tox|[from] psn
|upkeep
|turn|85
|
|t:|1668007917
|switch|p2a: Quagsire|Quagsire, F|69/100
|move|p1a: Incineroar|Knock Off|p2a: Quagsire
|-damage|p2a: Quagsire|32/100
|-enditem|p2a: Quagsire|Heavy-Duty Boots|[from] move: Knock Off|[of] p1a: Incineroar
|
|-damage|p1a: Incineroar|76/100 tox|[from] psn
|upkeep
|turn|86
|
|t:|1668007921
|move|p1a: Incineroar|U-turn|p2a: Quagsire
|-damage|p2a: Quagsire|16/100
|
|t:|1668007923
|switch|p1a: Togekiss|Togekiss, M|43/100 tox|[from]move: U-turn
|-damage|p1a: Togekiss|18/100 tox|[from] Stealth Rock
|move|p2a: Quagsire|Recover|p2a: Quagsire
|-heal|p2a: Quagsire|66/100
|
|-damage|p1a: Togekiss|12/100 tox|[from] psn
|upkeep
|turn|87
|
|t:|1668007928
|switch|p2a: Crobat|Crobat, M|51/100
|move|p1a: Togekiss|Roost|p1a: Togekiss
|-heal|p1a: Togekiss|62/100 tox
|-singleturn|p1a: Togekiss|move: Roost
|
|-damage|p1a: Togekiss|50/100 tox|[from] psn
|upkeep
|turn|88
|inactive|Luna's Bann3d Now has 270 seconds left.
|
|t:|1668007961
|move|p2a: Crobat|Brave Bird|p1a: Togekiss
|-crit|p1a: Togekiss
|-damage|p1a: Togekiss|0 fnt
|faint|p1a: Togekiss
|-damage|p2a: Crobat|35/100|[from] Recoil
|
|upkeep
|inactive|Luna's Bann3d Now has 270 seconds left.
|c|☆Luna's Bann3d Now|,
|
|t:|1668007969
|switch|p1a: Flygon|Flygon, F|77/100
|-damage|p1a: Flygon|71/100|[from] Stealth Rock
|turn|89
|inactive|guille14 has 270 seconds left.
|
|t:|1668008006
|move|p2a: Crobat|Toxic|p1a: Flygon
|-status|p1a: Flygon|tox
|move|p1a: Flygon|Earthquake|p2a: Crobat
|-immune|p2a: Crobat
|
|-damage|p1a: Flygon|65/100 tox|[from] psn
|upkeep
|turn|90
|inactive|guille14 has 270 seconds left.
|
|t:|1668008014
|switch|p1a: Incineroar|Incineroar, M|76/100 tox
|-ability|p1a: Incineroar|Intimidate|boost
|-unboost|p2a: Crobat|atk|1
|move|p2a: Crobat|Brave Bird|p1a: Incineroar
|-damage|p1a: Incineroar|48/100 tox
|-damage|p2a: Crobat|27/100|[from] Recoil
|
|-damage|p1a: Incineroar|42/100 tox|[from] psn
|upkeep
|turn|91
|
|t:|1668008019
|move|p2a: Crobat|Roost|p2a: Crobat
|-heal|p2a: Crobat|77/100
|-singleturn|p2a: Crobat|move: Roost
|move|p1a: Incineroar|Blaze Kick|p2a: Crobat
|-damage|p2a: Crobat|34/100
|
|-damage|p1a: Incineroar|29/100 tox|[from] psn
|upkeep
|turn|92
|
|t:|1668008028
|switch|p1a: Vileplume|Vileplume, M|81/100
|-damage|p1a: Vileplume|69/100|[from] Stealth Rock
|move|p2a: Crobat|Roost|p2a: Crobat
|-heal|p2a: Crobat|84/100
|-singleturn|p2a: Crobat|move: Roost
|
|upkeep
|turn|93
|
|t:|1668008041
|switch|p2a: Scrafty|Scrafty, M|93/100 par
|move|p1a: Vileplume|Strength Sap|p2a: Scrafty
|-unboost|p2a: Scrafty|atk|1
|-heal|p1a: Vileplume|100/100
|
|-heal|p2a: Scrafty|99/100 par|[from] item: Leftovers
|upkeep
|turn|94
|
|t:|1668008059
|move|p1a: Vileplume|Sludge Bomb|p2a: Scrafty
|-damage|p2a: Scrafty|76/100 par
|move|p2a: Scrafty|Bulk Up|p2a: Scrafty
|-boost|p2a: Scrafty|atk|1
|-boost|p2a: Scrafty|def|1
|
|-heal|p2a: Scrafty|82/100 par|[from] item: Leftovers
|upkeep
|turn|95
|
|t:|1668008064
|move|p1a: Vileplume|Sludge Bomb|p2a: Scrafty
|-damage|p2a: Scrafty|59/100 par
|cant|p2a: Scrafty|par
|
|-heal|p2a: Scrafty|65/100 par|[from] item: Leftovers
|upkeep
|turn|96
|
|t:|1668008066
|move|p1a: Vileplume|Sludge Bomb|p2a: Scrafty
|-damage|p2a: Scrafty|45/100 par
|move|p2a: Scrafty|Bulk Up|p2a: Scrafty
|-boost|p2a: Scrafty|atk|1
|-boost|p2a: Scrafty|def|1
|
|-heal|p2a: Scrafty|51/100 par|[from] item: Leftovers
|upkeep
|turn|97
|
|t:|1668008070
|move|p1a: Vileplume|Sludge Bomb|p2a: Scrafty
|-damage|p2a: Scrafty|28/100 par
|move|p2a: Scrafty|Rest|p2a: Scrafty
|-status|p2a: Scrafty|slp|[from] move: Rest
|-heal|p2a: Scrafty|100/100 slp|[silent]
|
|upkeep
|turn|98
|
|t:|1668008074
|cant|p2a: Scrafty|slp
|move|p1a: Vileplume|Strength Sap|p2a: Scrafty
|-unboost|p2a: Scrafty|atk|1
|
|upkeep
|turn|99
|
|t:|1668008078
|cant|p2a: Scrafty|slp
|move|p1a: Vileplume|Giga Drain|p2a: Scrafty
|-damage|p2a: Scrafty|80/100 slp
|
|-heal|p2a: Scrafty|86/100 slp|[from] item: Leftovers
|upkeep
|turn|100
|
|t:|1668008080
|-curestatus|p2a: Scrafty|slp|[msg]
|move|p2a: Scrafty|Bulk Up|p2a: Scrafty
|-boost|p2a: Scrafty|atk|1
|-boost|p2a: Scrafty|def|1
|move|p1a: Vileplume|Giga Drain|p2a: Scrafty
|-damage|p2a: Scrafty|66/100
|
|-heal|p2a: Scrafty|72/100|[from] item: Leftovers
|upkeep
|turn|101
|
|t:|1668008082
|move|p2a: Scrafty|Bulk Up|p2a: Scrafty
|-boost|p2a: Scrafty|atk|1
|-boost|p2a: Scrafty|def|1
|move|p1a: Vileplume|Stun Spore|p2a: Scrafty|[miss]
|-miss|p1a: Vileplume|p2a: Scrafty
|
|-heal|p2a: Scrafty|78/100|[from] item: Leftovers
|upkeep
|turn|102
|
|t:|1668008085
|move|p2a: Scrafty|Bulk Up|p2a: Scrafty
|-boost|p2a: Scrafty|atk|1
|-boost|p2a: Scrafty|def|1
|move|p1a: Vileplume|Stun Spore|p2a: Scrafty
|-status|p2a: Scrafty|par
|
|-activate|p2a: Scrafty|ability: Shed Skin
|-curestatus|p2a: Scrafty|par|[msg]
|-heal|p2a: Scrafty|84/100|[from] item: Leftovers
|upkeep
|turn|103
|
|t:|1668008088
|move|p2a: Scrafty|Bulk Up|p2a: Scrafty
|-boost|p2a: Scrafty|atk|1
|-boost|p2a: Scrafty|def|1
|move|p1a: Vileplume|Stun Spore|p2a: Scrafty
|-status|p2a: Scrafty|par
|
|-activate|p2a: Scrafty|ability: Shed Skin
|-curestatus|p2a: Scrafty|par|[msg]
|-heal|p2a: Scrafty|90/100|[from] item: Leftovers
|upkeep
|turn|104
|
|t:|1668008092
|move|p2a: Scrafty|Bulk Up|p2a: Scrafty
|-boost|p2a: Scrafty|atk|1
|-boost|p2a: Scrafty|def|0
|move|p1a: Vileplume|Strength Sap|p2a: Scrafty
|-unboost|p2a: Scrafty|atk|1
|
|-heal|p2a: Scrafty|96/100|[from] item: Leftovers
|upkeep
|turn|105
|
|t:|1668008093
|move|p2a: Scrafty|Bulk Up|p2a: Scrafty
|-boost|p2a: Scrafty|atk|1
|-boost|p2a: Scrafty|def|0
|move|p1a: Vileplume|Stun Spore|p2a: Scrafty
|-status|p2a: Scrafty|par
|
|-heal|p2a: Scrafty|100/100 par|[from] item: Leftovers
|upkeep
|turn|106
|
|t:|1668008096
|move|p1a: Vileplume|Giga Drain|p2a: Scrafty
|-damage|p2a: Scrafty|82/100 par
|move|p2a: Scrafty|Bulk Up|p2a: Scrafty
|-boost|p2a: Scrafty|atk|1
|-boost|p2a: Scrafty|def|0
|
|-heal|p2a: Scrafty|88/100 par|[from] item: Leftovers
|upkeep
|turn|107
|
|t:|1668008098
|move|p1a: Vileplume|Strength Sap|p2a: Scrafty
|-unboost|p2a: Scrafty|atk|1
|move|p2a: Scrafty|Knock Off|p1a: Vileplume
|-damage|p1a: Vileplume|49/100
|
|-heal|p2a: Scrafty|94/100 par|[from] item: Leftovers
|upkeep
|turn|108
|
|t:|1668008101
|move|p1a: Vileplume|Strength Sap|p2a: Scrafty
|-unboost|p2a: Scrafty|atk|1
|-heal|p1a: Vileplume|100/100
|move|p2a: Scrafty|Knock Off|p1a: Vileplume
|-damage|p1a: Vileplume|49/100
|
|-activate|p2a: Scrafty|ability: Shed Skin
|-curestatus|p2a: Scrafty|par|[msg]
|-heal|p2a: Scrafty|99/100|[from] item: Leftovers
|upkeep
|turn|109
|
|t:|1668008104
|move|p2a: Scrafty|Knock Off|p1a: Vileplume
|-damage|p1a: Vileplume|1/100
|move|p1a: Vileplume|Strength Sap|p2a: Scrafty
|-unboost|p2a: Scrafty|atk|1
|-heal|p1a: Vileplume|100/100
|
|-heal|p2a: Scrafty|100/100|[from] item: Leftovers
|upkeep
|turn|110
|
|t:|1668008107
|move|p2a: Scrafty|Bulk Up|p2a: Scrafty
|-boost|p2a: Scrafty|atk|1
|-boost|p2a: Scrafty|def|0
|move|p1a: Vileplume|Stun Spore|p2a: Scrafty
|-status|p2a: Scrafty|par
|
|upkeep
|turn|111
|
|t:|1668008110
|move|p1a: Vileplume|Giga Drain|p2a: Scrafty
|-damage|p2a: Scrafty|80/100 par
|cant|p2a: Scrafty|par
|
|-heal|p2a: Scrafty|86/100 par|[from] item: Leftovers
|upkeep
|turn|112
|
|t:|1668008117
|switch|p1a: Cresselia|Cresselia, F|46/100
|cant|p2a: Scrafty|par
|
|-activate|p2a: Scrafty|ability: Shed Skin
|-curestatus|p2a: Scrafty|par|[msg]
|-heal|p2a: Scrafty|92/100|[from] item: Leftovers
|upkeep
|turn|113
|
|t:|1668008122
|move|p1a: Cresselia|Trick|p2a: Scrafty
|-activate|p1a: Cresselia|move: Trick|[of] p2a: Scrafty
|-item|p2a: Scrafty|Heavy-Duty Boots|[from] move: Trick
|-item|p1a: Cresselia|Leftovers|[from] move: Trick
|move|p2a: Scrafty|Knock Off|p1a: Cresselia
|-supereffective|p1a: Cresselia
|-damage|p1a: Cresselia|0 fnt
|-enditem|p1a: Cresselia|Leftovers|[from] move: Knock Off|[of] p2a: Scrafty
|faint|p1a: Cresselia
|
|upkeep
|
|t:|1668008125
|switch|p1a: Vileplume|Vileplume, M|100/100
|-damage|p1a: Vileplume|88/100|[from] Stealth Rock
|turn|114
|
|t:|1668008127
|move|p2a: Scrafty|Bulk Up|p2a: Scrafty
|-boost|p2a: Scrafty|atk|1
|-boost|p2a: Scrafty|def|0
|move|p1a: Vileplume|Strength Sap|p2a: Scrafty
|-unboost|p2a: Scrafty|atk|1
|-heal|p1a: Vileplume|100/100
|
|upkeep
|turn|115
|
|t:|1668008129
|move|p2a: Scrafty|Bulk Up|p2a: Scrafty
|-boost|p2a: Scrafty|atk|1
|-boost|p2a: Scrafty|def|0
|move|p1a: Vileplume|Stun Spore|p2a: Scrafty|[miss]
|-miss|p1a: Vileplume|p2a: Scrafty
|
|upkeep
|turn|116
|
|t:|1668008133
|move|p2a: Scrafty|Bulk Up|p2a: Scrafty
|-boost|p2a: Scrafty|atk|1
|-boost|p2a: Scrafty|def|0
|move|p1a: Vileplume|Stun Spore|p2a: Scrafty
|-status|p2a: Scrafty|par
|
|-activate|p2a: Scrafty|ability: Shed Skin
|-curestatus|p2a: Scrafty|par|[msg]
|upkeep
|turn|117
|
|t:|1668008136
|move|p2a: Scrafty|Knock Off|p1a: Vileplume
|-damage|p1a: Vileplume|36/100
|move|p1a: Vileplume|Stun Spore|p2a: Scrafty
|-status|p2a: Scrafty|par
|
|upkeep
|turn|118
|
|t:|1668008139
|move|p1a: Vileplume|Strength Sap|p2a: Scrafty
|-unboost|p2a: Scrafty|atk|1
|-heal|p1a: Vileplume|100/100
|cant|p2a: Scrafty|par
|
|upkeep
|turn|119
|
|t:|1668008145
|move|p1a: Vileplume|Sludge Bomb|p2a: Scrafty
|-damage|p2a: Scrafty|69/100 par
|cant|p2a: Scrafty|par
|
|upkeep
|turn|120
|
|t:|1668008147
|move|p1a: Vileplume|Sludge Bomb|p2a: Scrafty
|-damage|p2a: Scrafty|48/100 par
|move|p2a: Scrafty|Drain Punch|p1a: Vileplume
|-resisted|p1a: Vileplume
|-damage|p1a: Vileplume|69/100
|-heal|p2a: Scrafty|65/100 par|[from] drain|[of] p1a: Vileplume
|
|upkeep
|turn|121
|
|t:|1668008150
|move|p1a: Vileplume|Giga Drain|p2a: Scrafty
|-damage|p2a: Scrafty|47/100 par
|-heal|p1a: Vileplume|78/100|[from] drain|[of] p2a: Scrafty
|move|p2a: Scrafty|Drain Punch|p1a: Vileplume
|-resisted|p1a: Vileplume
|-damage|p1a: Vileplume|44/100
|-heal|p2a: Scrafty|64/100 par|[from] drain|[of] p1a: Vileplume
|
|upkeep
|turn|122
|
|t:|1668008154
|move|p1a: Vileplume|Sludge Bomb|p2a: Scrafty
|-damage|p2a: Scrafty|42/100 par
|move|p2a: Scrafty|Drain Punch|p1a: Vileplume
|-resisted|p1a: Vileplume
|-damage|p1a: Vileplume|10/100
|-heal|p2a: Scrafty|60/100 par|[from] drain|[of] p1a: Vileplume
|
|upkeep
|turn|123
|
|t:|1668008157
|move|p1a: Vileplume|Strength Sap|p2a: Scrafty
|-unboost|p2a: Scrafty|atk|1
|-heal|p1a: Vileplume|100/100
|move|p2a: Scrafty|Drain Punch|p1a: Vileplume
|-resisted|p1a: Vileplume
|-crit|p1a: Vileplume
|-damage|p1a: Vileplume|61/100
|-heal|p2a: Scrafty|81/100 par|[from] drain|[of] p1a: Vileplume
|
|upkeep
|turn|124
|
|t:|1668008161
|move|p1a: Vileplume|Sludge Bomb|p2a: Scrafty
|-damage|p2a: Scrafty|58/100 par
|move|p2a: Scrafty|Drain Punch|p1a: Vileplume
|-resisted|p1a: Vileplume
|-damage|p1a: Vileplume|36/100
|-heal|p2a: Scrafty|71/100 par|[from] drain|[of] p1a: Vileplume
|
|upkeep
|turn|125
|
|t:|1668008164
|move|p1a: Vileplume|Giga Drain|p2a: Scrafty
|-damage|p2a: Scrafty|51/100 par
|-heal|p1a: Vileplume|46/100|[from] drain|[of] p2a: Scrafty
|move|p2a: Scrafty|Drain Punch|p1a: Vileplume
|-resisted|p1a: Vileplume
|-damage|p1a: Vileplume|20/100
|-heal|p2a: Scrafty|64/100 par|[from] drain|[of] p1a: Vileplume
|
|upkeep
|turn|126
|
|t:|1668008169
|move|p1a: Vileplume|Giga Drain|p2a: Scrafty
|-damage|p2a: Scrafty|46/100 par
|-heal|p1a: Vileplume|30/100|[from] drain|[of] p2a: Scrafty
|move|p2a: Scrafty|Rest|p2a: Scrafty
|-status|p2a: Scrafty|slp|[from] move: Rest
|-heal|p2a: Scrafty|100/100 slp|[silent]
|
|-activate|p2a: Scrafty|ability: Shed Skin
|-curestatus|p2a: Scrafty|slp|[msg]
|upkeep
|turn|127
|
|t:|1668008172
|move|p2a: Scrafty|Knock Off|p1a: Vileplume
|-damage|p1a: Vileplume|0 fnt
|faint|p1a: Vileplume
|
|upkeep
|
|t:|1668008174
|switch|p1a: Flygon|Flygon, F|65/100 tox
|-damage|p1a: Flygon|59/100 tox|[from] Stealth Rock
|turn|128
|
|t:|1668008177
|move|p1a: Flygon|Earthquake|p2a: Scrafty
|-damage|p2a: Scrafty|85/100
|move|p2a: Scrafty|Drain Punch|p1a: Flygon
|-damage|p1a: Flygon|0 fnt
|-heal|p2a: Scrafty|100/100|[from] drain|[of] p1a: Flygon
|faint|p1a: Flygon
|
|upkeep
|-message|Luna's Bann3d Now forfeited.
|
|win|guille14
|c|☆guille14|gg
|player|p1|Luna's Bann3d Now|#capplviiisaharajas
|c|☆Luna's Bann3d Now|g
|player|p1|
