|inactive|Battle timer is ON: inactive players will automatically lose when time's up.
|t:|1660243716
|gametype|singles
|player|p1|pinkdragontamer|#wcop2022ussouth|
|player|p2|Raichy|#wcop2021latinamerica|
|teamsize|p1|6
|teamsize|p2|6
|gen|8
|tier|[Gen 8] RU
|rule|Sleep Clause Mod: Limit one foe put to sleep
|rule|Species Clause: Limit one of each Pokémon
|rule|OHKO Clause: OHKO moves are banned
|rule|Evasion Moves Clause: Evasion moves are banned
|rule|Endless Battle Clause: Forcing endless battles is banned
|rule|HP Percentage Mod: HP is shown in percentages
|rule|Dynamax Clause: You cannot dynamax
|clearpoke
|poke|p1|Rhyperior, F|
|poke|p1|Flygon, F|
|poke|p1|Togekiss, M|
|poke|p1|Metagross|
|poke|p1|Golisopod, M|
|poke|p1|Toxicroak, M|
|poke|p2|Rhyperior, M|
|poke|p2|Sigilyph, M|
|poke|p2|Heracross, M|
|poke|p2|Tsareena, F|
|poke|p2|Klefki, M|
|poke|p2|Crobat, M|
|teampreview
|c|☆pinkdragontamer|hf bro
|c|☆Raichy|hf mate
|
|t:|1660243744
|start
|switch|p1a: Rhyperior|Rhyperior, F|100/100
|switch|p2a: Tsareena|Tsareena, F|100/100
|turn|1
|
|t:|1660243762
|switch|p1a: Togekiss|Togekiss, M|100/100
|move|p2a: Tsareena|Knock Off|p1a: Togekiss
|-resisted|p1a: Togekiss
|-damage|p1a: Togekiss|82/100
|-enditem|p1a: Togekiss|Choice Scarf|[from] move: Knock Off|[of] p2a: Tsareena
|
|upkeep
|turn|2
|
|t:|1660243772
|switch|p2a: Klefki|Klefki, M|100/100
|move|p1a: Togekiss|Trick|p2a: Klefki
|-activate|p1a: Togekiss|move: Trick|[of] p2a: Klefki
|-enditem|p2a: Klefki|Rocky Helmet|[silent]|[from] move: Trick
|-item|p1a: Togekiss|Rocky Helmet|[from] move: Trick
|
|upkeep
|turn|3
|
|t:|1660243781
|switch|p1a: Rhyperior|Rhyperior, F|100/100
|move|p2a: Klefki|Spikes|p1a: Rhyperior
|-sidestart|p1: pinkdragontamer|Spikes
|
|upkeep
|turn|4
|
|t:|1660243788
|move|p2a: Klefki|Magnet Rise|p2a: Klefki
|-start|p2a: Klefki|Magnet Rise
|move|p1a: Rhyperior|Heat Crash|p2a: Klefki
|-supereffective|p2a: Klefki
|-damage|p2a: Klefki|0 fnt
|faint|p2a: Klefki
|
|upkeep
|
|t:|1660243797
|switch|p2a: Tsareena|Tsareena, F|100/100
|turn|5
|
|t:|1660243801
|switch|p1a: Togekiss|Togekiss, M|82/100
|move|p2a: Tsareena|Power Whip|p1a: Togekiss
|-resisted|p1a: Togekiss
|-damage|p1a: Togekiss|46/100
|-damage|p2a: Tsareena|84/100|[from] item: Rocky Helmet|[of] p1a: Togekiss
|
|upkeep
|turn|6
|
|t:|1660243823
|switch|p2a: Sigilyph|Sigilyph, M|100/100
|move|p1a: Togekiss|Roost|p1a: Togekiss
|-heal|p1a: Togekiss|96/100
|-singleturn|p1a: Togekiss|move: Roost
|
|upkeep
|turn|7
|
|t:|1660243830
|move|p2a: Sigilyph|Toxic|p1a: Togekiss
|-status|p1a: Togekiss|tox
|move|p1a: Togekiss|Thunder Wave|p2a: Sigilyph
|-status|p2a: Sigilyph|par
|
|-damage|p1a: Togekiss|90/100 tox|[from] psn
|upkeep
|turn|8
|
|t:|1660243846
|switch|p1a: Rhyperior|Rhyperior, F|100/100
|-damage|p1a: Rhyperior|88/100|[from] Spikes
|switch|p2a: Rhyperior|Rhyperior, M|100/100
|
|upkeep
|turn|9
|inactive|Raichy has 270 seconds left.
|
|t:|1660243895
|switch|p2a: Sigilyph|Sigilyph, M|100/100 par
|move|p1a: Rhyperior|Stone Edge|p2a: Sigilyph
|-supereffective|p2a: Sigilyph
|-damage|p2a: Sigilyph|0 fnt
|faint|p2a: Sigilyph
|
|upkeep
|
|t:|1660243899
|switch|p2a: Rhyperior|Rhyperior, M|100/100
|turn|10
|
|t:|1660243904
|switch|p1a: Golisopod|Golisopod, M|100/100
|move|p2a: Rhyperior|Stealth Rock|p1a: Golisopod
|-sidestart|p1: pinkdragontamer|move: Stealth Rock
|
|upkeep
|turn|11
|
|t:|1660243909
|switch|p2a: Crobat|Crobat, M|100/100
|move|p1a: Golisopod|Liquidation|p2a: Crobat
|-damage|p2a: Crobat|49/100
|
|upkeep
|turn|12
|
|t:|1660243915
|move|p2a: Crobat|Roost|p2a: Crobat
|-heal|p2a: Crobat|99/100
|-singleturn|p2a: Crobat|move: Roost
|move|p1a: Golisopod|Spikes|p2a: Crobat
|-sidestart|p2: Raichy|Spikes
|
|upkeep
|turn|13
|
|t:|1660243924
|move|p2a: Crobat|Brave Bird|p1a: Golisopod
|-supereffective|p1a: Golisopod
|-damage|p1a: Golisopod|31/100
|-damage|p2a: Crobat|77/100|[from] Recoil
|-activate|p1a: Golisopod|ability: Emergency Exit
|
|t:|1660243929
|switch|p1a: Metagross|Metagross|100/100
|-damage|p1a: Metagross|88/100|[from] Spikes
|-damage|p1a: Metagross|82/100|[from] Stealth Rock
|
|upkeep
|turn|14
|
|t:|1660243945
|move|p2a: Crobat|U-turn|p1a: Metagross
|-damage|p1a: Metagross|67/100
|
|t:|1660243962
|switch|p2a: Tsareena|Tsareena, F|84/100|[from]move: U-turn
|move|p1a: Metagross|Meteor Mash|p2a: Tsareena
|-damage|p2a: Tsareena|18/100
|
|upkeep
|turn|15
|
|t:|1660243970
|move|p2a: Tsareena|Knock Off|p1a: Metagross
|-supereffective|p1a: Metagross
|-damage|p1a: Metagross|12/100
|-enditem|p1a: Metagross|Custap Berry|[from] move: Knock Off|[of] p2a: Tsareena
|move|p1a: Metagross|Meteor Mash|p2a: Tsareena
|-damage|p2a: Tsareena|0 fnt
|-boost|p1a: Metagross|atk|1
|faint|p2a: Tsareena
|
|upkeep
|
|t:|1660243976
|switch|p2a: Crobat|Crobat, M|77/100
|turn|16
|
|t:|1660243980
|move|p2a: Crobat|U-turn|p1a: Metagross
|-damage|p1a: Metagross|0 fnt
|faint|p1a: Metagross
|
|t:|1660243991
|switch|p2a: Heracross|Heracross, M|100/100|[from]move: U-turn
|
|upkeep
|
|t:|1660244002
|switch|p1a: Toxicroak|Toxicroak, M|100/100
|-damage|p1a: Toxicroak|88/100|[from] Spikes
|-damage|p1a: Toxicroak|82/100|[from] Stealth Rock
|turn|17
|
|t:|1660244010
|switch|p2a: Crobat|Crobat, M|77/100
|switch|p1a: Rhyperior|Rhyperior, F|88/100
|-damage|p1a: Rhyperior|76/100|[from] Spikes
|-damage|p1a: Rhyperior|70/100|[from] Stealth Rock
|
|upkeep
|turn|18
|
|t:|1660244023
|move|p2a: Crobat|U-turn|p1a: Rhyperior
|-damage|p1a: Rhyperior|56/100
|
|t:|1660244026
|switch|p2a: Rhyperior|Rhyperior, M|100/100|[from]move: U-turn
|-damage|p2a: Rhyperior|88/100|[from] Spikes
|move|p1a: Rhyperior|Heavy Slam|p2a: Rhyperior
|-supereffective|p2a: Rhyperior
|-damage|p2a: Rhyperior|63/100
|
|-heal|p2a: Rhyperior|69/100|[from] item: Leftovers
|upkeep
|turn|19
|
|t:|1660244050
|switch|p1a: Golisopod|Golisopod, M|31/100
|move|p2a: Rhyperior|Toxic|p1a: Golisopod
|-status|p1a: Golisopod|tox
|
|-heal|p2a: Rhyperior|76/100|[from] item: Leftovers
|-damage|p1a: Golisopod|25/100 tox|[from] psn
|upkeep
|turn|20
|
|t:|1660244056
|switch|p2a: Crobat|Crobat, M|77/100
|move|p1a: Golisopod|Liquidation|p2a: Crobat
|-crit|p2a: Crobat
|-damage|p2a: Crobat|0 fnt
|faint|p2a: Crobat
|
|-damage|p1a: Golisopod|13/100 tox|[from] psn
|upkeep
|
|t:|1660244062
|switch|p2a: Heracross|Heracross, M|100/100
|turn|21
|
|t:|1660244066
|move|p2a: Heracross|Knock Off|p1a: Golisopod
|-damage|p1a: Golisopod|0 fnt
|-enditem|p1a: Golisopod|Heavy-Duty Boots|[from] move: Knock Off|[of] p2a: Heracross
|faint|p1a: Golisopod
|
|upkeep
|
|t:|1660244074
|switch|p1a: Toxicroak|Toxicroak, M|82/100
|-damage|p1a: Toxicroak|70/100|[from] Spikes
|-damage|p1a: Toxicroak|63/100|[from] Stealth Rock
|turn|22
|
|t:|1660244099
|switch|p2a: Rhyperior|Rhyperior, M|76/100
|-damage|p2a: Rhyperior|63/100|[from] Spikes
|move|p1a: Toxicroak|Drain Punch|p2a: Rhyperior
|-supereffective|p2a: Rhyperior
|-damage|p2a: Rhyperior|18/100
|-heal|p1a: Toxicroak|93/100|[from] drain|[of] p2a: Rhyperior
|-damage|p1a: Toxicroak|84/100|[from] item: Life Orb
|
|-heal|p2a: Rhyperior|24/100|[from] item: Leftovers
|upkeep
|turn|23
|
|t:|1660244103
|move|p1a: Toxicroak|Drain Punch|p2a: Rhyperior
|-supereffective|p2a: Rhyperior
|-crit|p2a: Rhyperior
|-damage|p2a: Rhyperior|0 fnt
|-heal|p1a: Toxicroak|99/100|[from] drain|[of] p2a: Rhyperior
|faint|p2a: Rhyperior
|-damage|p1a: Toxicroak|89/100|[from] item: Life Orb
|
|upkeep
|
|t:|1660244105
|switch|p2a: Heracross|Heracross, M|100/100
|turn|24
|
|t:|1660244108
|move|p2a: Heracross|Megahorn|p1a: Toxicroak
|-resisted|p1a: Toxicroak
|-damage|p1a: Toxicroak|68/100
|move|p1a: Toxicroak|Drain Punch|p2a: Heracross
|-resisted|p2a: Heracross
|-damage|p2a: Heracross|69/100
|-heal|p1a: Toxicroak|83/100|[from] drain|[of] p2a: Heracross
|-damage|p1a: Toxicroak|73/100|[from] item: Life Orb
|
|upkeep
|turn|25
|
|t:|1660244115
|move|p2a: Heracross|Stone Edge|p1a: Toxicroak|[miss]
|-miss|p2a: Heracross|p1a: Toxicroak
|move|p1a: Toxicroak|Drain Punch|p2a: Heracross
|-resisted|p2a: Heracross
|-damage|p2a: Heracross|36/100
|-heal|p1a: Toxicroak|89/100|[from] drain|[of] p2a: Heracross
|-damage|p1a: Toxicroak|80/100|[from] item: Life Orb
|
|upkeep
|turn|26
|
|t:|1660244118
|move|p1a: Toxicroak|Drain Punch|p2a: Heracross
|-resisted|p2a: Heracross
|-damage|p2a: Heracross|3/100
|-heal|p1a: Toxicroak|96/100|[from] drain|[of] p2a: Heracross
|-damage|p1a: Toxicroak|86/100|[from] item: Life Orb
|move|p2a: Heracross|Stone Edge|p1a: Toxicroak
|-resisted|p1a: Toxicroak
|-damage|p1a: Toxicroak|58/100
|
|upkeep
|turn|27
|
|t:|1660244125
|move|p2a: Heracross|Close Combat|p1a: Toxicroak
|-resisted|p1a: Toxicroak
|-damage|p1a: Toxicroak|7/100
|-unboost|p2a: Heracross|def|1
|-unboost|p2a: Heracross|spd|1
|move|p1a: Toxicroak|Drain Punch|p2a: Heracross
|-resisted|p2a: Heracross
|-damage|p2a: Heracross|0 fnt
|-heal|p1a: Toxicroak|9/100|[from] drain|[of] p2a: Heracross
|faint|p2a: Heracross
|-damage|p1a: Toxicroak|0 fnt|[from] item: Life Orb
|faint|p1a: Toxicroak
|
|win|pinkdragontamer
|c|☆Raichy|gg
|c|☆pinkdragontamer|gg
