|j|☆Kyng Jaymes HO
|j|☆clelioushka
|t:|1648652702
|gametype|singles
|player|p1|Kyng Jaymes HO|n|1355
|player|p2|clelioushka|battlegirl|1588
|teamsize|p1|6
|teamsize|p2|6
|gen|8
|tier|[Gen 8] Ubers
|rated|
|rule|Sleep Clause Mod: Limit one foe put to sleep
|rule|Species Clause: Limit one of each Pokémon
|rule|OHKO Clause: OHKO moves are banned
|rule|Evasion Moves Clause: Evasion moves are banned
|rule|Endless Battle Clause: Forcing endless battles is banned
|rule|HP Percentage Mod: HP is shown in percentages
|rule|Dynamax Clause: You cannot dynamax
|clearpoke
|poke|p1|Aerodactyl, M|
|poke|p1|Yveltal|
|poke|p1|Eternatus|
|poke|p1|Necrozma-Dusk-Mane|
|poke|p1|Kyogre|
|poke|p1|Marshadow|
|poke|p2|Yveltal|
|poke|p2|Pyukumuku, M|
|poke|p2|Groudon|
|poke|p2|Regieleki|
|poke|p2|Magearna|
|poke|p2|Kyogre|
|teampreview
|inactive|Battle timer is ON: inactive players will automatically lose when time's up. (requested by clelioushka)
|inactive|Kyng Jaymes HO also wants the timer to be on.
|
|t:|1648652706
|start
|switch|p1a: Aerodactyl|Aerodactyl, M|100/100
|switch|p2a: Regieleki|Regieleki|100/100
|-ability|p1a: Aerodactyl|Unnerve
|turn|1
|
|t:|1648652719
|move|p2a: Regieleki|Rapid Spin|p1a: Aerodactyl
|-resisted|p1a: Aerodactyl
|-damage|p1a: Aerodactyl|84/100
|-boost|p2a: Regieleki|spe|1
|-damage|p2a: Regieleki|91/100|[from] item: Life Orb
|move|p1a: Aerodactyl|Tailwind|p1a: Aerodactyl
|-sidestart|p1: Kyng Jaymes HO|move: Tailwind
|
|upkeep
|turn|2
|
|t:|1648652728
|move|p1a: Aerodactyl|Rock Tomb|p2a: Regieleki
|-damage|p2a: Regieleki|37/100
|-unboost|p2a: Regieleki|spe|1
|move|p2a: Regieleki|Rapid Spin|p1a: Aerodactyl
|-resisted|p1a: Aerodactyl
|-damage|p1a: Aerodactyl|68/100
|-boost|p2a: Regieleki|spe|1
|-damage|p2a: Regieleki|27/100|[from] item: Life Orb
|
|upkeep
|turn|3
|
|t:|1648652734
|switch|p2a: Kyogre|Kyogre|100/100
|-weather|RainDance|[from] ability: Drizzle|[of] p2a: Kyogre
|move|p1a: Aerodactyl|Rock Tomb|p2a: Kyogre
|-damage|p2a: Kyogre|84/100
|-unboost|p2a: Kyogre|spe|1
|
|-weather|RainDance|[upkeep]
|-heal|p2a: Kyogre|90/100|[from] item: Leftovers
|upkeep
|turn|4
|
|t:|1648652738
|move|p1a: Aerodactyl|Stealth Rock|p2a: Kyogre
|-sidestart|p2: clelioushka|move: Stealth Rock
|move|p2a: Kyogre|Scald|p1a: Aerodactyl
|-supereffective|p1a: Aerodactyl
|-damage|p1a: Aerodactyl|0 fnt
|faint|p1a: Aerodactyl
|
|-weather|RainDance|[upkeep]
|-heal|p2a: Kyogre|96/100|[from] item: Leftovers
|-sideend|p1: Kyng Jaymes HO|move: Tailwind
|upkeep
|
|t:|1648652744
|switch|p1a: Kyogre|Kyogre|100/100
|turn|5
|
|t:|1648652762
|switch|p2a: Groudon|Groudon|100/100
|-damage|p2a: Groudon|94/100|[from] Stealth Rock
|-weather|SunnyDay|[from] ability: Drought|[of] p2a: Groudon
|move|p1a: Kyogre|Calm Mind|p1a: Kyogre
|-boost|p1a: Kyogre|spa|1
|-boost|p1a: Kyogre|spd|1
|
|-weather|SunnyDay|[upkeep]
|-heal|p2a: Groudon|100/100|[from] item: Leftovers
|upkeep
|turn|6
|
|t:|1648652767
|switch|p2a: Pyukumuku|Pyukumuku, M|100/100
|-damage|p2a: Pyukumuku|88/100|[from] Stealth Rock
|move|p1a: Kyogre|Ice Beam|p2a: Pyukumuku
|-resisted|p2a: Pyukumuku
|-damage|p2a: Pyukumuku|71/100
|-damage|p1a: Kyogre|91/100|[from] item: Life Orb
|
|-weather|SunnyDay|[upkeep]
|-heal|p2a: Pyukumuku|77/100|[from] item: Leftovers
|upkeep
|turn|7
|
|t:|1648652770
|move|p1a: Kyogre|Thunder|p2a: Pyukumuku|[miss]
|-miss|p1a: Kyogre|p2a: Pyukumuku
|move|p2a: Pyukumuku|Toxic|p1a: Kyogre
|-status|p1a: Kyogre|tox
|
|-weather|SunnyDay|[upkeep]
|-heal|p2a: Pyukumuku|83/100|[from] item: Leftovers
|-damage|p1a: Kyogre|85/100 tox|[from] psn
|upkeep
|turn|8
|
|t:|1648652773
|switch|p1a: Eternatus|Eternatus|100/100
|-ability|p1a: Eternatus|Pressure
|move|p2a: Pyukumuku|Recover|p2a: Pyukumuku
|-heal|p2a: Pyukumuku|100/100
|
|-weather|SunnyDay|[upkeep]
|upkeep
|turn|9
|
|t:|1648652779
|switch|p1a: Marshadow|Marshadow|100/100
|move|p2a: Pyukumuku|Block||[still]
|-fail|p2a: Pyukumuku
|
|-weather|none
|upkeep
|turn|10
|
|t:|1648652806
|switch|p2a: Yveltal|Yveltal|100/100
|-ability|p2a: Yveltal|Dark Aura
|move|p1a: Marshadow|Spectral Thief|p2a: Yveltal
|-resisted|p2a: Yveltal
|-damage|p2a: Yveltal|76/100
|-damage|p1a: Marshadow|91/100|[from] item: Life Orb
|
|upkeep
|turn|11
|
|t:|1648652812
|move|p1a: Marshadow|Rock Tomb|p2a: Yveltal|[miss]
|-miss|p1a: Marshadow|p2a: Yveltal
|move|p2a: Yveltal|Knock Off|p1a: Marshadow
|-damage|p1a: Marshadow|0 fnt
|-enditem|p1a: Marshadow|Life Orb|[from] move: Knock Off|[of] p2a: Yveltal
|faint|p1a: Marshadow
|
|upkeep
|
|t:|1648652816
|switch|p1a: Eternatus|Eternatus|100/100
|-ability|p1a: Eternatus|Pressure
|turn|12
|
|t:|1648652822
|switch|p1a: Kyogre|Kyogre|85/100 tox
|-weather|RainDance|[from] ability: Drizzle|[of] p1a: Kyogre
|switch|p2a: Pyukumuku|Pyukumuku, M|100/100
|-damage|p2a: Pyukumuku|88/100|[from] Stealth Rock
|
|-weather|RainDance|[upkeep]
|-heal|p2a: Pyukumuku|94/100|[from] item: Leftovers
|-damage|p1a: Kyogre|78/100 tox|[from] psn
|upkeep
|turn|13
|
|t:|1648652827
|switch|p2a: Groudon|Groudon|100/100
|-damage|p2a: Groudon|94/100|[from] Stealth Rock
|-weather|SunnyDay|[from] ability: Drought|[of] p2a: Groudon
|move|p1a: Kyogre|Calm Mind|p1a: Kyogre
|-boost|p1a: Kyogre|spa|1
|-boost|p1a: Kyogre|spd|1
|
|-weather|SunnyDay|[upkeep]
|-heal|p2a: Groudon|100/100|[from] item: Leftovers
|-damage|p1a: Kyogre|66/100 tox|[from] psn
|upkeep
|turn|14
|
|t:|1648652830
|move|p1a: Kyogre|Ice Beam|p2a: Groudon
|-supereffective|p2a: Groudon
|-damage|p2a: Groudon|0 fnt
|faint|p2a: Groudon
|-damage|p1a: Kyogre|56/100 tox|[from] item: Life Orb
|
|-weather|SunnyDay|[upkeep]
|-damage|p1a: Kyogre|38/100 tox|[from] psn
|upkeep
|
|t:|1648652833
|switch|p2a: Regieleki|Regieleki|27/100
|-damage|p2a: Regieleki|14/100|[from] Stealth Rock
|turn|15
|
|t:|1648652836
|move|p2a: Regieleki|Rapid Spin|p1a: Kyogre
|-crit|p1a: Kyogre
|-damage|p1a: Kyogre|4/100 tox
|-boost|p2a: Regieleki|spe|1
|-sideend|p2: clelioushka|Stealth Rock|[from] move: Rapid Spin|[of] p2a: Regieleki
|-damage|p2a: Regieleki|4/100|[from] item: Life Orb
|move|p1a: Kyogre|Surf|p2a: Regieleki
|-damage|p2a: Regieleki|0 fnt
|faint|p2a: Regieleki
|-damage|p1a: Kyogre|0 fnt|[from] item: Life Orb
|faint|p1a: Kyogre
|
|-weather|SunnyDay|[upkeep]
|upkeep
|
|t:|1648652850
|switch|p2a: Yveltal|Yveltal|76/100
|switch|p1a: Eternatus|Eternatus|100/100
|-ability|p1a: Eternatus|Pressure
|-ability|p2a: Yveltal|Dark Aura
|turn|16
|
|t:|1648652853
|switch|p2a: Pyukumuku|Pyukumuku, M|94/100
|move|p1a: Eternatus|Meteor Beam||[still]
|-prepare|p1a: Eternatus|Meteor Beam
|-boost|p1a: Eternatus|spa|1
|-enditem|p1a: Eternatus|Power Herb
|-anim|p1a: Eternatus|Meteor Beam|p2a: Pyukumuku|[miss]
|-miss|p1a: Eternatus|p2a: Pyukumuku
|
|-weather|SunnyDay|[upkeep]
|-heal|p2a: Pyukumuku|99/100|[from] item: Leftovers
|upkeep
|turn|17
|
|t:|1648652859
|move|p1a: Eternatus|Sludge Bomb|p2a: Pyukumuku
|-damage|p2a: Pyukumuku|67/100
|-status|p2a: Pyukumuku|psn
|move|p2a: Pyukumuku|Block|p1a: Eternatus
|-activate|p1a: Eternatus|trapped
|
|-weather|none
|-heal|p2a: Pyukumuku|73/100 psn|[from] item: Leftovers
|-damage|p2a: Pyukumuku|60/100 psn|[from] psn
|upkeep
|turn|18
|
|t:|1648652865
|move|p1a: Eternatus|Shadow Ball|p2a: Pyukumuku
|-damage|p2a: Pyukumuku|41/100 psn
|move|p2a: Pyukumuku|Recover|p2a: Pyukumuku
|-heal|p2a: Pyukumuku|91/100 psn
|
|-heal|p2a: Pyukumuku|97/100 psn|[from] item: Leftovers
|-damage|p2a: Pyukumuku|85/100 psn|[from] psn
|upkeep
|turn|19
|
|t:|1648652873
|move|p1a: Eternatus|Shadow Ball|p2a: Pyukumuku
|-damage|p2a: Pyukumuku|65/100 psn
|move|p2a: Pyukumuku|Recover|p2a: Pyukumuku
|-heal|p2a: Pyukumuku|100/100 psn
|
|-damage|p2a: Pyukumuku|88/100 psn|[from] psn
|upkeep
|turn|20
|
|t:|1648652878
|move|p1a: Eternatus|Shadow Ball|p2a: Pyukumuku
|-damage|p2a: Pyukumuku|69/100 psn
|move|p2a: Pyukumuku|Soak|p1a: Eternatus
|-start|p1a: Eternatus|typechange|Water
|
|-heal|p2a: Pyukumuku|75/100 psn|[from] item: Leftovers
|-damage|p2a: Pyukumuku|62/100 psn|[from] psn
|upkeep
|turn|21
|
|t:|1648652884
|move|p1a: Eternatus|Shadow Ball|p2a: Pyukumuku
|-damage|p2a: Pyukumuku|43/100 psn
|move|p2a: Pyukumuku|Recover|p2a: Pyukumuku
|-heal|p2a: Pyukumuku|93/100 psn
|
|-heal|p2a: Pyukumuku|99/100 psn|[from] item: Leftovers
|-damage|p2a: Pyukumuku|87/100 psn|[from] psn
|upkeep
|turn|22
|
|t:|1648652891
|move|p1a: Eternatus|Shadow Ball|p2a: Pyukumuku
|-damage|p2a: Pyukumuku|68/100 psn
|move|p2a: Pyukumuku|Toxic|p1a: Eternatus|[miss]
|-miss|p2a: Pyukumuku|p1a: Eternatus
|
|-heal|p2a: Pyukumuku|74/100 psn|[from] item: Leftovers
|-damage|p2a: Pyukumuku|61/100 psn|[from] psn
|upkeep
|turn|23
|
|t:|1648652899
|move|p1a: Eternatus|Dynamax Cannon|p2a: Pyukumuku
|-damage|p2a: Pyukumuku|37/100 psn
|move|p2a: Pyukumuku|Toxic|p1a: Eternatus
|-status|p1a: Eternatus|tox
|
|-heal|p2a: Pyukumuku|43/100 psn|[from] item: Leftovers
|-damage|p1a: Eternatus|94/100 tox|[from] psn
|-damage|p2a: Pyukumuku|30/100 psn|[from] psn
|upkeep
|turn|24
|
|t:|1648652905
|move|p1a: Eternatus|Dynamax Cannon|p2a: Pyukumuku
|-damage|p2a: Pyukumuku|7/100 psn
|move|p2a: Pyukumuku|Recover|p2a: Pyukumuku
|-heal|p2a: Pyukumuku|57/100 psn
|
|-heal|p2a: Pyukumuku|63/100 psn|[from] item: Leftovers
|-damage|p1a: Eternatus|82/100 tox|[from] psn
|-damage|p2a: Pyukumuku|50/100 psn|[from] psn
|upkeep
|turn|25
|
|t:|1648652909
|move|p1a: Eternatus|Shadow Ball|p2a: Pyukumuku
|-damage|p2a: Pyukumuku|31/100 psn
|move|p2a: Pyukumuku|Recover|p2a: Pyukumuku
|-heal|p2a: Pyukumuku|81/100 psn
|
|-heal|p2a: Pyukumuku|87/100 psn|[from] item: Leftovers
|-damage|p1a: Eternatus|63/100 tox|[from] psn
|-damage|p2a: Pyukumuku|74/100 psn|[from] psn
|upkeep
|turn|26
|
|t:|1648652912
|move|p1a: Eternatus|Dynamax Cannon|p2a: Pyukumuku
|-damage|p2a: Pyukumuku|49/100 psn
|move|p2a: Pyukumuku|Recover|p2a: Pyukumuku
|-heal|p2a: Pyukumuku|99/100 psn
|
|-heal|p2a: Pyukumuku|100/100 psn|[from] item: Leftovers
|-damage|p1a: Eternatus|39/100 tox|[from] psn
|-damage|p2a: Pyukumuku|88/100 psn|[from] psn
|upkeep
|turn|27
|
|t:|1648652914
|move|p1a: Eternatus|Dynamax Cannon|p2a: Pyukumuku
|-damage|p2a: Pyukumuku|63/100 psn
|move|p2a: Pyukumuku|Soak|p1a: Eternatus
|-fail|p1a: Eternatus
|
|-heal|p2a: Pyukumuku|69/100 psn|[from] item: Leftovers
|-damage|p1a: Eternatus|8/100 tox|[from] psn
|-damage|p2a: Pyukumuku|56/100 psn|[from] psn
|upkeep
|turn|28
|
|t:|1648652917
|move|p1a: Eternatus|Dynamax Cannon|p2a: Pyukumuku
|-damage|p2a: Pyukumuku|31/100 psn
|move|p2a: Pyukumuku|Recover|p2a: Pyukumuku
|-heal|p2a: Pyukumuku|81/100 psn
|
|-heal|p2a: Pyukumuku|87/100 psn|[from] item: Leftovers
|-damage|p1a: Eternatus|0 fnt|[from] psn
|faint|p1a: Eternatus
|-damage|p2a: Pyukumuku|75/100 psn|[from] psn
|upkeep
|
|t:|1648652920
|switch|p1a: Yveltal|Yveltal|100/100
|-ability|p1a: Yveltal|Dark Aura
|turn|29
|j| kklonk
|
|t:|1648652924
|move|p1a: Yveltal|Knock Off|p2a: Pyukumuku
|-damage|p2a: Pyukumuku|14/100 psn
|-enditem|p2a: Pyukumuku|Leftovers|[from] move: Knock Off|[of] p1a: Yveltal
|move|p2a: Pyukumuku|Toxic|p1a: Yveltal
|-status|p1a: Yveltal|tox
|
|-damage|p1a: Yveltal|94/100 tox|[from] psn
|-damage|p2a: Pyukumuku|1/100 psn|[from] psn
|upkeep
|turn|30
|
|t:|1648652931
|move|p1a: Yveltal|Knock Off|p2a: Pyukumuku
|-damage|p2a: Pyukumuku|0 fnt
|faint|p2a: Pyukumuku
|
|-damage|p1a: Yveltal|82/100 tox|[from] psn
|upkeep
|
|t:|1648652934
|switch|p2a: Magearna|Magearna|100/100
|turn|31
|
|t:|1648652936
|move|p1a: Yveltal|Knock Off|p2a: Magearna
|-resisted|p2a: Magearna
|-damage|p2a: Magearna|81/100
|-enditem|p2a: Magearna|Leftovers|[from] move: Knock Off|[of] p1a: Yveltal
|move|p2a: Magearna|Volt Switch|p1a: Yveltal
|-supereffective|p1a: Yveltal
|-damage|p1a: Yveltal|47/100 tox
|
|t:|1648652941
|switch|p2a: Yveltal|Yveltal|76/100|[from]move: Volt Switch
|-ability|p2a: Yveltal|Dark Aura
|
|-damage|p1a: Yveltal|29/100 tox|[from] psn
|upkeep
|turn|32
|
|t:|1648652945
|move|p1a: Yveltal|Acrobatics|p2a: Yveltal
|-damage|p2a: Yveltal|31/100
|move|p2a: Yveltal|Roost|p2a: Yveltal
|-heal|p2a: Yveltal|81/100
|-singleturn|p2a: Yveltal|move: Roost
|
|-damage|p1a: Yveltal|4/100 tox|[from] psn
|upkeep
|turn|33
|
|t:|1648652949
|move|p1a: Yveltal|Acrobatics|p2a: Yveltal
|-damage|p2a: Yveltal|34/100
|move|p2a: Yveltal|Roost|p2a: Yveltal
|-heal|p2a: Yveltal|84/100
|-singleturn|p2a: Yveltal|move: Roost
|
|-damage|p1a: Yveltal|0 fnt|[from] psn
|faint|p1a: Yveltal
|upkeep
|
|t:|1648652950
|switch|p1a: Necrozma|Necrozma-Dusk-Mane|100/100
|turn|34
|
|t:|1648652956
|move|p1a: Necrozma|Dragon Dance|p1a: Necrozma
|-boost|p1a: Necrozma|atk|1
|-boost|p1a: Necrozma|spe|1
|move|p2a: Yveltal|Knock Off|p1a: Necrozma
|-supereffective|p1a: Necrozma
|-enditem|p1a: Necrozma|Colbur Berry|[eat]
|-enditem|p1a: Necrozma|Colbur Berry|[weaken]
|-damage|p1a: Necrozma|54/100
|
|upkeep
|turn|35
|
|t:|1648652958
|move|p1a: Necrozma|Sunsteel Strike|p2a: Yveltal
|-damage|p2a: Yveltal|13/100
|move|p2a: Yveltal|Knock Off|p1a: Necrozma
|-supereffective|p1a: Necrozma
|-damage|p1a: Necrozma|1/100
|
|upkeep
|turn|36
|
|t:|1648652963
|move|p2a: Yveltal|Sucker Punch|p1a: Necrozma
|-supereffective|p1a: Necrozma
|-damage|p1a: Necrozma|0 fnt
|faint|p1a: Necrozma
|
|win|clelioushka
|raw|Kyng Jaymes HO's rating: 1355 &rarr; <strong>1347</strong><br />(-8 for losing)
|raw|clelioushka's rating: 1605 &rarr; <strong>1613</strong><br />(+8 for winning)
|c|☆Kyng Jaymes HO|gg
|c|☆clelioushka|gg ^^
