|j|☆EWQW
|j|☆Finn28
|t:|1612549490
|player|p1|EWQW|falkner|1548
|player|p2|Finn28|benga|1386
|teamsize|p1|6
|teamsize|p2|6
|gametype|singles
|gen|8
|tier|[Gen 8] Ubers
|rated|
|clearpoke
|poke|p1|Quagsire, F|
|poke|p1|Gothitelle, F|
|poke|p1|Ferrothorn, F|
|poke|p1|Yveltal|
|poke|p1|Toxapex, M|
|poke|p1|Slowking-Galar, F|
|poke|p2|Marshadow|
|poke|p2|Yveltal|
|poke|p2|Calyrex-Shadow|
|poke|p2|Xerneas|
|poke|p2|Ho-Oh|
|poke|p2|Eternatus|
|rule|Sleep Clause Mod: Limit one foe put to sleep
|rule|Species Clause: Limit one of each Pokémon
|rule|OHKO Clause: OHKO moves are banned
|rule|Evasion Moves Clause: Evasion moves are banned
|rule|Endless Battle Clause: Forcing endless battles is banned
|rule|HP Percentage Mod: HP is shown in percentages
|rule|Dynamax Clause: You cannot dynamax
|teampreview
|
|t:|1612549513
|start
|switch|p1a: Yaveltal|Yveltal|100/100
|switch|p2a: Calyrex|Calyrex-Shadow|100/100
|-ability|p2a: Calyrex|As One
|-ability|p2a: Calyrex|Unnerve|p1: EWQW
|-ability|p1a: Yaveltal|Dark Aura
|turn|1
|
|t:|1612549527
|switch|p2a: Xerneas|Xerneas|100/100
|-ability|p2a: Xerneas|Fairy Aura
|move|p1a: Yaveltal|Substitute|p1a: Yaveltal
|-start|p1a: Yaveltal|Substitute
|-damage|p1a: Yaveltal|75/100
|
|-heal|p1a: Yaveltal|82/100|[from] item: Leftovers
|upkeep
|turn|2
|
|t:|1612549531
|move|p2a: Xerneas|Moonblast|p1a: Yaveltal
|-supereffective|p1a: Yaveltal
|-end|p1a: Yaveltal|Substitute
|move|p1a: Yaveltal|U-turn|p2a: Xerneas
|-resisted|p2a: Xerneas
|-crit|p2a: Xerneas
|-damage|p2a: Xerneas|87/100
|
|t:|1612549533
|switch|p1a: Poichic|Slowking-Galar, F|100/100|[from]move: U-turn
|
|upkeep
|turn|3
|
|t:|1612549539
|switch|p2a: Calyrex|Calyrex-Shadow|100/100
|-ability|p2a: Calyrex|As One
|-ability|p2a: Calyrex|Unnerve|p1: EWQW
|move|p1a: Poichic|Sludge Bomb|p2a: Calyrex
|-resisted|p2a: Calyrex
|-damage|p2a: Calyrex|83/100
|
|upkeep
|turn|4
|
|t:|1612549550
|switch|p1a: Yaveltal|Yveltal|82/100
|-ability|p1a: Yaveltal|Dark Aura
|move|p2a: Calyrex|Trick|p1a: Yaveltal
|-activate|p2a: Calyrex|move: Trick|[of] p1a: Yaveltal
|-item|p1a: Yaveltal|Choice Scarf|[from] move: Trick
|-item|p2a: Calyrex|Leftovers|[from] move: Trick
|
|-heal|p2a: Calyrex|89/100|[from] item: Leftovers
|upkeep
|turn|5
|
|t:|1612549563
|switch|p2a: Eternatus|Eternatus|100/100
|-ability|p2a: Eternatus|Pressure
|move|p1a: Yaveltal|U-turn|p2a: Eternatus
|-resisted|p2a: Eternatus
|-damage|p2a: Eternatus|94/100
|
|t:|1612549564
|switch|p1a: Nightmare|Gothitelle, F|100/100|[from]move: U-turn
|
|-heal|p2a: Eternatus|100/100|[from] item: Black Sludge
|upkeep
|turn|6
|
|t:|1612549567
|move|p2a: Eternatus|Toxic|p1a: Nightmare
|-status|p1a: Nightmare|tox
|move|p1a: Nightmare|Cosmic Power|p1a: Nightmare
|-boost|p1a: Nightmare|def|1
|-boost|p1a: Nightmare|spd|1
|
|-damage|p1a: Nightmare|94/100 tox|[from] psn
|upkeep
|turn|7
|
|t:|1612549573
|move|p2a: Eternatus|Dynamax Cannon|p1a: Nightmare
|-damage|p1a: Nightmare|74/100 tox
|move|p1a: Nightmare|Cosmic Power|p1a: Nightmare
|-boost|p1a: Nightmare|def|1
|-boost|p1a: Nightmare|spd|1
|
|-heal|p1a: Nightmare|80/100 tox|[from] item: Leftovers
|-damage|p1a: Nightmare|68/100 tox|[from] psn
|upkeep
|turn|8
|
|t:|1612549581
|move|p2a: Eternatus|Dynamax Cannon|p1a: Nightmare
|-damage|p1a: Nightmare|53/100 tox
|move|p1a: Nightmare|Rest|p1a: Nightmare
|-status|p1a: Nightmare|slp|[from] move: Rest
|-heal|p1a: Nightmare|100/100 slp|[silent]
|
|upkeep
|turn|9
|
|t:|1612549590
|move|p2a: Eternatus|Dynamax Cannon|p1a: Nightmare
|-damage|p1a: Nightmare|83/100 slp
|cant|p1a: Nightmare|slp
|
|-heal|p1a: Nightmare|89/100 slp|[from] item: Leftovers
|upkeep
|turn|10
|
|t:|1612549593
|move|p2a: Eternatus|Flamethrower|p1a: Nightmare
|-damage|p1a: Nightmare|80/100 slp
|cant|p1a: Nightmare|slp
|
|-heal|p1a: Nightmare|86/100 slp|[from] item: Leftovers
|upkeep
|turn|11
|
|t:|1612549599
|move|p2a: Eternatus|Flamethrower|p1a: Nightmare
|-damage|p1a: Nightmare|75/100 slp
|-curestatus|p1a: Nightmare|slp|[msg]
|move|p1a: Nightmare|Cosmic Power|p1a: Nightmare
|-boost|p1a: Nightmare|def|1
|-boost|p1a: Nightmare|spd|1
|
|-heal|p1a: Nightmare|82/100|[from] item: Leftovers
|upkeep
|turn|12
|
|t:|1612549605
|move|p2a: Eternatus|Toxic|p1a: Nightmare
|-status|p1a: Nightmare|tox
|move|p1a: Nightmare|Taunt|p2a: Eternatus
|-start|p2a: Eternatus|move: Taunt
|
|-heal|p1a: Nightmare|88/100 tox|[from] item: Leftovers
|-damage|p1a: Nightmare|82/100 tox|[from] psn
|upkeep
|turn|13
|
|t:|1612549609
|move|p2a: Eternatus|Flamethrower|p1a: Nightmare
|-damage|p1a: Nightmare|74/100 tox
|move|p1a: Nightmare|Rest|p1a: Nightmare
|-status|p1a: Nightmare|slp|[from] move: Rest
|-heal|p1a: Nightmare|100/100 slp|[silent]
|
|upkeep
|turn|14
|
|t:|1612549613
|move|p2a: Eternatus|Flamethrower|p1a: Nightmare
|-damage|p1a: Nightmare|92/100 slp
|cant|p1a: Nightmare|slp
|
|-heal|p1a: Nightmare|98/100 slp|[from] item: Leftovers
|upkeep
|turn|15
|
|t:|1612549615
|move|p2a: Eternatus|Flamethrower|p1a: Nightmare
|-damage|p1a: Nightmare|91/100 slp
|cant|p1a: Nightmare|slp
|
|-heal|p1a: Nightmare|97/100 slp|[from] item: Leftovers
|-end|p2a: Eternatus|move: Taunt
|upkeep
|turn|16
|
|t:|1612549620
|move|p2a: Eternatus|Flamethrower|p1a: Nightmare
|-damage|p1a: Nightmare|89/100 slp
|-curestatus|p1a: Nightmare|slp|[msg]
|move|p1a: Nightmare|Taunt|p2a: Eternatus
|-start|p2a: Eternatus|move: Taunt
|
|-heal|p1a: Nightmare|95/100|[from] item: Leftovers
|upkeep
|turn|17
|
|t:|1612549623
|move|p2a: Eternatus|Flamethrower|p1a: Nightmare
|-damage|p1a: Nightmare|87/100
|move|p1a: Nightmare|Cosmic Power|p1a: Nightmare
|-boost|p1a: Nightmare|def|1
|-boost|p1a: Nightmare|spd|1
|
|-heal|p1a: Nightmare|93/100|[from] item: Leftovers
|upkeep
|turn|18
|
|t:|1612549627
|move|p2a: Eternatus|Flamethrower|p1a: Nightmare
|-damage|p1a: Nightmare|87/100
|move|p1a: Nightmare|Cosmic Power|p1a: Nightmare
|-boost|p1a: Nightmare|def|1
|-boost|p1a: Nightmare|spd|1
|
|-heal|p1a: Nightmare|93/100|[from] item: Leftovers
|upkeep
|turn|19
|
|t:|1612549630
|move|p2a: Eternatus|Flamethrower|p1a: Nightmare
|-damage|p1a: Nightmare|87/100
|move|p1a: Nightmare|Cosmic Power|p1a: Nightmare
|-boost|p1a: Nightmare|def|1
|-boost|p1a: Nightmare|spd|1
|
|-heal|p1a: Nightmare|93/100|[from] item: Leftovers
|-end|p2a: Eternatus|move: Taunt
|upkeep
|turn|20
|
|t:|1612549636
|move|p2a: Eternatus|Toxic|p1a: Nightmare
|-status|p1a: Nightmare|tox
|move|p1a: Nightmare|Taunt|p2a: Eternatus
|-start|p2a: Eternatus|move: Taunt
|
|-heal|p1a: Nightmare|99/100 tox|[from] item: Leftovers
|-damage|p1a: Nightmare|93/100 tox|[from] psn
|upkeep
|turn|21
|
|t:|1612549639
|move|p2a: Eternatus|Flamethrower|p1a: Nightmare
|-damage|p1a: Nightmare|88/100 tox
|move|p1a: Nightmare|Rest|p1a: Nightmare
|-status|p1a: Nightmare|slp|[from] move: Rest
|-heal|p1a: Nightmare|100/100 slp|[silent]
|
|upkeep
|turn|22
|
|t:|1612549641
|move|p2a: Eternatus|Flamethrower|p1a: Nightmare
|-damage|p1a: Nightmare|96/100 slp
|cant|p1a: Nightmare|slp
|
|-heal|p1a: Nightmare|100/100 slp|[from] item: Leftovers
|upkeep
|turn|23
|
|t:|1612549643
|move|p2a: Eternatus|Dynamax Cannon|p1a: Nightmare
|-damage|p1a: Nightmare|93/100 slp
|cant|p1a: Nightmare|slp
|
|-heal|p1a: Nightmare|99/100 slp|[from] item: Leftovers
|-end|p2a: Eternatus|move: Taunt
|upkeep
|turn|24
|
|t:|1612549646
|move|p2a: Eternatus|Toxic||[still]
|-fail|p2a: Eternatus
|-curestatus|p1a: Nightmare|slp|[msg]
|move|p1a: Nightmare|Taunt|p2a: Eternatus
|-start|p2a: Eternatus|move: Taunt
|
|-heal|p1a: Nightmare|100/100|[from] item: Leftovers
|upkeep
|turn|25
|
|t:|1612549649
|move|p2a: Eternatus|Dynamax Cannon|p1a: Nightmare
|-damage|p1a: Nightmare|93/100
|move|p1a: Nightmare|Rest|p1a: Nightmare
|-status|p1a: Nightmare|slp|[from] move: Rest
|-heal|p1a: Nightmare|100/100 slp|[silent]
|
|upkeep
|turn|26
|
|t:|1612549651
|move|p2a: Eternatus|Flamethrower|p1a: Nightmare
|-damage|p1a: Nightmare|95/100 slp
|cant|p1a: Nightmare|slp
|
|-heal|p1a: Nightmare|100/100 slp|[from] item: Leftovers
|upkeep
|turn|27
|
|t:|1612549653
|move|p2a: Eternatus|Flamethrower|p1a: Nightmare
|-damage|p1a: Nightmare|96/100 slp
|cant|p1a: Nightmare|slp
|
|-heal|p1a: Nightmare|100/100 slp|[from] item: Leftovers
|-end|p2a: Eternatus|move: Taunt
|upkeep
|turn|28
|
|t:|1612549656
|move|p2a: Eternatus|Toxic||[still]
|-fail|p2a: Eternatus
|-curestatus|p1a: Nightmare|slp|[msg]
|move|p1a: Nightmare|Taunt|p2a: Eternatus
|-start|p2a: Eternatus|move: Taunt
|
|upkeep
|turn|29
|
|t:|1612549659
|move|p2a: Eternatus|Flamethrower|p1a: Nightmare
|-damage|p1a: Nightmare|95/100
|move|p1a: Nightmare|Charm|p2a: Eternatus
|-unboost|p2a: Eternatus|atk|2
|
|-heal|p1a: Nightmare|100/100|[from] item: Leftovers
|upkeep
|turn|30
|
|t:|1612549661
|move|p2a: Eternatus|Dynamax Cannon|p1a: Nightmare
|-damage|p1a: Nightmare|92/100
|move|p1a: Nightmare|Charm|p2a: Eternatus
|-unboost|p2a: Eternatus|atk|2
|
|-heal|p1a: Nightmare|98/100|[from] item: Leftovers
|upkeep
|turn|31
|
|t:|1612549664
|move|p2a: Eternatus|Flamethrower|p1a: Nightmare
|-damage|p1a: Nightmare|94/100
|move|p1a: Nightmare|Charm|p2a: Eternatus
|-unboost|p2a: Eternatus|atk|2
|
|-heal|p1a: Nightmare|99/100|[from] item: Leftovers
|-end|p2a: Eternatus|move: Taunt
|upkeep
|turn|32
|
|t:|1612549671
|move|p2a: Eternatus|Flamethrower|p1a: Nightmare
|-damage|p1a: Nightmare|95/100
|move|p1a: Nightmare|Taunt|p2a: Eternatus
|-start|p2a: Eternatus|move: Taunt
|
|-heal|p1a: Nightmare|100/100|[from] item: Leftovers
|upkeep
|turn|33
|
|t:|1612549675
|move|p2a: Eternatus|Flamethrower|p1a: Nightmare
|-damage|p1a: Nightmare|95/100
|move|p1a: Nightmare|Rest|p1a: Nightmare
|-status|p1a: Nightmare|slp|[from] move: Rest
|-heal|p1a: Nightmare|100/100 slp|[silent]
|
|upkeep
|turn|34
|
|t:|1612549677
|move|p2a: Eternatus|Dynamax Cannon|p1a: Nightmare
|-damage|p1a: Nightmare|93/100 slp
|cant|p1a: Nightmare|slp
|
|-heal|p1a: Nightmare|99/100 slp|[from] item: Leftovers
|upkeep
|turn|35
|
|t:|1612549679
|move|p2a: Eternatus|Dynamax Cannon|p1a: Nightmare
|-damage|p1a: Nightmare|91/100 slp
|cant|p1a: Nightmare|slp
|
|-heal|p1a: Nightmare|97/100 slp|[from] item: Leftovers
|-end|p2a: Eternatus|move: Taunt
|upkeep
|turn|36
|
|t:|1612549683
|move|p2a: Eternatus|Toxic||[still]
|-fail|p2a: Eternatus
|-curestatus|p1a: Nightmare|slp|[msg]
|move|p1a: Nightmare|Taunt|p2a: Eternatus
|-start|p2a: Eternatus|move: Taunt
|
|-heal|p1a: Nightmare|100/100|[from] item: Leftovers
|upkeep
|turn|37
|
|t:|1612549685
|move|p2a: Eternatus|Flamethrower|p1a: Nightmare
|-damage|p1a: Nightmare|96/100
|move|p1a: Nightmare|Rest|p1a: Nightmare
|-status|p1a: Nightmare|slp|[from] move: Rest
|-heal|p1a: Nightmare|100/100 slp|[silent]
|
|upkeep
|turn|38
|
|t:|1612549687
|move|p2a: Eternatus|Flamethrower|p1a: Nightmare
|-damage|p1a: Nightmare|96/100 slp
|cant|p1a: Nightmare|slp
|
|-heal|p1a: Nightmare|100/100 slp|[from] item: Leftovers
|upkeep
|turn|39
|
|t:|1612549690
|move|p2a: Eternatus|Flamethrower|p1a: Nightmare
|-damage|p1a: Nightmare|96/100 slp
|cant|p1a: Nightmare|slp
|
|-heal|p1a: Nightmare|100/100 slp|[from] item: Leftovers
|-end|p2a: Eternatus|move: Taunt
|upkeep
|turn|40
|
|t:|1612549692
|move|p2a: Eternatus|Toxic||[still]
|-fail|p2a: Eternatus
|-curestatus|p1a: Nightmare|slp|[msg]
|move|p1a: Nightmare|Taunt|p2a: Eternatus
|-start|p2a: Eternatus|move: Taunt
|
|upkeep
|turn|41
|
|t:|1612549695
|move|p2a: Eternatus|Flamethrower|p1a: Nightmare
|-damage|p1a: Nightmare|96/100
|move|p1a: Nightmare|Rest|p1a: Nightmare
|-status|p1a: Nightmare|slp|[from] move: Rest
|-heal|p1a: Nightmare|100/100 slp|[silent]
|
|upkeep
|turn|42
|
|t:|1612549699
|move|p2a: Eternatus|Flamethrower|p1a: Nightmare
|-damage|p1a: Nightmare|96/100 slp
|cant|p1a: Nightmare|slp
|
|-heal|p1a: Nightmare|100/100 slp|[from] item: Leftovers
|upkeep
|turn|43
|
|t:|1612549701
|move|p2a: Eternatus|Flamethrower|p1a: Nightmare
|-damage|p1a: Nightmare|95/100 slp
|cant|p1a: Nightmare|slp
|
|-heal|p1a: Nightmare|100/100 slp|[from] item: Leftovers
|-end|p2a: Eternatus|move: Taunt
|upkeep
|turn|44
|
|t:|1612549703
|move|p2a: Eternatus|Toxic||[still]
|-fail|p2a: Eternatus
|-curestatus|p1a: Nightmare|slp|[msg]
|move|p1a: Nightmare|Taunt|p2a: Eternatus
|-start|p2a: Eternatus|move: Taunt
|
|upkeep
|turn|45
|inactive|Battle timer is ON: inactive players will automatically lose when time's up. (requested by Finn28)
|
|t:|1612549709
|move|p2a: Eternatus|Flamethrower|p1a: Nightmare
|-damage|p1a: Nightmare|96/100
|move|p1a: Nightmare|Charm|p2a: Eternatus
|-unboost|p2a: Eternatus|atk|0
|
|-heal|p1a: Nightmare|100/100|[from] item: Leftovers
|upkeep
|turn|46
|
|t:|1612549716
|-activate|p2a: Eternatus|move: Struggle
|move|p2a: Eternatus|Struggle|p1a: Nightmare
|-damage|p1a: Nightmare|99/100
|-damage|p2a: Eternatus|75/100|[from] recoil
|move|p1a: Nightmare|Charm|p2a: Eternatus
|-unboost|p2a: Eternatus|atk|0
|
|-heal|p2a: Eternatus|82/100|[from] item: Black Sludge
|-heal|p1a: Nightmare|100/100|[from] item: Leftovers
|upkeep
|turn|47
|
|t:|1612549720
|-activate|p2a: Eternatus|move: Struggle
|move|p2a: Eternatus|Struggle|p1a: Nightmare
|-damage|p1a: Nightmare|99/100
|-damage|p2a: Eternatus|57/100|[from] recoil
|move|p1a: Nightmare|Charm|p2a: Eternatus
|-unboost|p2a: Eternatus|atk|0
|
|-heal|p2a: Eternatus|63/100|[from] item: Black Sludge
|-heal|p1a: Nightmare|100/100|[from] item: Leftovers
|-end|p2a: Eternatus|move: Taunt
|upkeep
|turn|48
|
|t:|1612549722
|move|p2a: Eternatus|Toxic|p1a: Nightmare
|-status|p1a: Nightmare|tox
|move|p1a: Nightmare|Taunt|p2a: Eternatus
|-start|p2a: Eternatus|move: Taunt
|
|-heal|p2a: Eternatus|69/100|[from] item: Black Sludge
|-damage|p1a: Nightmare|94/100 tox|[from] psn
|upkeep
|turn|49
|
|t:|1612549726
|-activate|p2a: Eternatus|move: Struggle
|move|p2a: Eternatus|Struggle|p1a: Nightmare
|-crit|p1a: Nightmare
|-damage|p1a: Nightmare|81/100 tox
|-damage|p2a: Eternatus|44/100|[from] recoil
|move|p1a: Nightmare|Rest|p1a: Nightmare
|-status|p1a: Nightmare|slp|[from] move: Rest
|-heal|p1a: Nightmare|100/100 slp|[silent]
|
|-heal|p2a: Eternatus|50/100|[from] item: Black Sludge
|upkeep
|turn|50
|
|t:|1612549729
|-activate|p2a: Eternatus|move: Struggle
|move|p2a: Eternatus|Struggle|p1a: Nightmare
|-damage|p1a: Nightmare|99/100 slp
|-damage|p2a: Eternatus|25/100|[from] recoil
|cant|p1a: Nightmare|slp
|
|-heal|p2a: Eternatus|31/100|[from] item: Black Sludge
|-heal|p1a: Nightmare|100/100 slp|[from] item: Leftovers
|upkeep
|turn|51
|
|t:|1612549731
|-activate|p2a: Eternatus|move: Struggle
|move|p2a: Eternatus|Struggle|p1a: Nightmare
|-damage|p1a: Nightmare|99/100 slp
|-damage|p2a: Eternatus|6/100|[from] recoil
|cant|p1a: Nightmare|slp
|
|-heal|p2a: Eternatus|13/100|[from] item: Black Sludge
|-heal|p1a: Nightmare|100/100 slp|[from] item: Leftovers
|-end|p2a: Eternatus|move: Taunt
|upkeep
|turn|52
|
|t:|1612549734
|move|p2a: Eternatus|Recover|p2a: Eternatus
|-heal|p2a: Eternatus|63/100
|-curestatus|p1a: Nightmare|slp|[msg]
|move|p1a: Nightmare|Taunt|p2a: Eternatus
|-start|p2a: Eternatus|move: Taunt
|
|-heal|p2a: Eternatus|69/100|[from] item: Black Sludge
|upkeep
|turn|53
|
|t:|1612549744
|switch|p1a: Bunker|Toxapex, M|100/100
|-activate|p2a: Eternatus|move: Struggle
|move|p2a: Eternatus|Struggle|p1a: Bunker
|-damage|p1a: Bunker|99/100
|-damage|p2a: Eternatus|44/100|[from] recoil
|
|-heal|p2a: Eternatus|50/100|[from] item: Black Sludge
|-heal|p1a: Bunker|100/100|[from] item: Black Sludge
|upkeep
|turn|54
|
|t:|1612549760
|switch|p2a: Yveltal|Yveltal|100/100
|-ability|p2a: Yveltal|Dark Aura
|switch|p1a: Yaveltal|Yveltal|82/100
|-ability|p1a: Yaveltal|Dark Aura
|
|upkeep
|turn|55
|
|t:|1612549765
|move|p1a: Yaveltal|Knock Off|p2a: Yveltal
|-resisted|p2a: Yveltal
|-damage|p2a: Yveltal|73/100
|-enditem|p2a: Yveltal|Metronome|[from] move: Knock Off|[of] p1a: Yaveltal
|move|p2a: Yveltal|Oblivion Wing|p1a: Yaveltal
|-damage|p1a: Yaveltal|56/100
|-heal|p2a: Yveltal|96/100|[from] drain|[of] p1a: Yaveltal
|
|upkeep
|turn|56
|
|t:|1612549776
|switch|p1a: Spiky|Ferrothorn, F|100/100
|move|p2a: Yveltal|Dark Pulse|p1a: Spiky
|-damage|p1a: Spiky|62/100
|
|-heal|p1a: Spiky|68/100|[from] item: Leftovers
|upkeep
|turn|57
|
|t:|1612549781
|move|p2a: Yveltal|Dark Pulse|p1a: Spiky
|-damage|p1a: Spiky|31/100
|move|p1a: Spiky|Leech Seed|p2a: Yveltal
|-start|p2a: Yveltal|move: Leech Seed
|
|-heal|p1a: Spiky|38/100|[from] item: Leftovers
|-damage|p2a: Yveltal|83/100|[from] Leech Seed|[of] p1a: Spiky
|-heal|p1a: Spiky|52/100|[silent]
|upkeep
|turn|58
|
|t:|1612549793
|switch|p2a: Eternatus|Eternatus|50/100
|-ability|p2a: Eternatus|Pressure
|move|p1a: Spiky|Protect||[still]
|-fail|p1a: Spiky
|
|-heal|p2a: Eternatus|56/100|[from] item: Black Sludge
|-heal|p1a: Spiky|58/100|[from] item: Leftovers
|upkeep
|turn|59
|
|t:|1612549796
|move|p2a: Eternatus|Recover|p2a: Eternatus
|-heal|p2a: Eternatus|100/100
|move|p1a: Spiky|Leech Seed|p2a: Eternatus
|-start|p2a: Eternatus|move: Leech Seed
|
|-heal|p1a: Spiky|64/100|[from] item: Leftovers
|-damage|p2a: Eternatus|88/100|[from] Leech Seed|[of] p1a: Spiky
|-heal|p1a: Spiky|81/100|[silent]
|upkeep
|turn|60
|
|t:|1612549799
|switch|p2a: Ho-Oh|Ho-Oh|100/100
|move|p1a: Spiky|Stealth Rock|p2a: Ho-Oh
|-sidestart|p2: Finn28|move: Stealth Rock
|
|-heal|p1a: Spiky|87/100|[from] item: Leftovers
|upkeep
|turn|61
|
|t:|1612549806
|switch|p1a: Bunker|Toxapex, M|100/100
|move|p2a: Ho-Oh|Toxic|p1a: Bunker
|-immune|p1a: Bunker
|
|upkeep
|turn|62
|
|t:|1612549815
|move|p2a: Ho-Oh|Defog|p1a: Bunker
|-unboost|p1a: Bunker|evasion|1
|-sideend|p2: Finn28|Stealth Rock|[from] move: Defog|[of] p2a: Ho-Oh
|move|p1a: Bunker|Scald|p2a: Ho-Oh
|-supereffective|p2a: Ho-Oh
|-damage|p2a: Ho-Oh|85/100
|
|upkeep
|turn|63
|
|t:|1612549823
|switch|p2a: Calyrex|Calyrex-Shadow|89/100
|-ability|p2a: Calyrex|As One
|-ability|p2a: Calyrex|Unnerve|p1: EWQW
|move|p1a: Bunker|Scald|p2a: Calyrex
|-damage|p2a: Calyrex|73/100
|
|-heal|p2a: Calyrex|79/100|[from] item: Leftovers
|upkeep
|turn|64
|
|t:|1612549836
|switch|p2a: Xerneas|Xerneas|87/100
|-ability|p2a: Xerneas|Fairy Aura
|switch|p1a: Yaveltal|Yveltal|56/100
|-ability|p1a: Yaveltal|Dark Aura
|
|upkeep
|turn|65
|
|t:|1612549844
|switch|p1a: Poichic|Slowking-Galar, F|100/100
|move|p2a: Xerneas|Focus Blast|p1a: Poichic|[miss]
|-miss|p2a: Xerneas|p1a: Poichic
|
|upkeep
|turn|66
|
|t:|1612549853
|switch|p2a: Calyrex|Calyrex-Shadow|79/100
|-ability|p2a: Calyrex|As One
|-ability|p2a: Calyrex|Unnerve|p1: EWQW
|move|p1a: Poichic|Sludge Bomb|p2a: Calyrex
|-resisted|p2a: Calyrex
|-damage|p2a: Calyrex|63/100
|
|-heal|p2a: Calyrex|69/100|[from] item: Leftovers
|upkeep
|turn|67
|
|t:|1612549858
|switch|p1a: Yaveltal|Yveltal|56/100
|-ability|p1a: Yaveltal|Dark Aura
|move|p2a: Calyrex|Astral Barrage|p1a: Yaveltal
|-resisted|p1a: Yaveltal
|-damage|p1a: Yaveltal|32/100
|
|-heal|p2a: Calyrex|75/100|[from] item: Leftovers
|upkeep
|turn|68
|
|t:|1612549873
|switch|p2a: Yveltal|Yveltal|83/100
|-ability|p2a: Yveltal|Dark Aura
|move|p1a: Yaveltal|Roost|p1a: Yaveltal
|-heal|p1a: Yaveltal|82/100
|-singleturn|p1a: Yaveltal|move: Roost
|
|upkeep
|turn|69
|
|t:|1612549884
|move|p1a: Yaveltal|Roost|p1a: Yaveltal
|-heal|p1a: Yaveltal|100/100
|-singleturn|p1a: Yaveltal|move: Roost
|move|p2a: Yveltal|Oblivion Wing|p1a: Yaveltal
|-damage|p1a: Yaveltal|75/100
|-heal|p2a: Yveltal|100/100|[from] drain|[of] p1a: Yaveltal
|
|upkeep
|turn|70
|
|t:|1612549894
|switch|p1a: Spiky|Ferrothorn, F|87/100
|move|p2a: Yveltal|Oblivion Wing|p1a: Spiky
|-damage|p1a: Spiky|59/100
|
|-heal|p1a: Spiky|66/100|[from] item: Leftovers
|upkeep
|turn|71
|
|t:|1612549898
|move|p2a: Yveltal|Dark Pulse|p1a: Spiky
|-damage|p1a: Spiky|25/100
|move|p1a: Spiky|Leech Seed|p2a: Yveltal
|-start|p2a: Yveltal|move: Leech Seed
|
|-heal|p1a: Spiky|32/100|[from] item: Leftovers
|-damage|p2a: Yveltal|88/100|[from] Leech Seed|[of] p1a: Spiky
|-heal|p1a: Spiky|46/100|[silent]
|upkeep
|turn|72
|
|t:|1612549905
|move|p2a: Yveltal|Dark Pulse|p1a: Spiky
|-damage|p1a: Spiky|7/100
|move|p1a: Spiky|Leech Seed||[still]
|-fail|p1a: Spiky
|
|-heal|p1a: Spiky|14/100|[from] item: Leftovers
|-damage|p2a: Yveltal|76/100|[from] Leech Seed|[of] p1a: Spiky
|-heal|p1a: Spiky|27/100|[silent]
|upkeep
|turn|73
|
|t:|1612549909
|move|p1a: Spiky|Protect|p1a: Spiky
|-singleturn|p1a: Spiky|Protect
|move|p2a: Yveltal|Dark Pulse|p1a: Spiky
|-activate|p1a: Spiky|move: Protect
|
|-heal|p1a: Spiky|34/100|[from] item: Leftovers
|-damage|p2a: Yveltal|63/100|[from] Leech Seed|[of] p1a: Spiky
|-heal|p1a: Spiky|48/100|[silent]
|upkeep
|turn|74
|
|t:|1612549918
|move|p2a: Yveltal|Dark Pulse|p1a: Spiky
|-damage|p1a: Spiky|9/100
|cant|p1a: Spiky|flinch
|
|-heal|p1a: Spiky|15/100|[from] item: Leftovers
|-damage|p2a: Yveltal|51/100|[from] Leech Seed|[of] p1a: Spiky
|-heal|p1a: Spiky|29/100|[silent]
|upkeep
|turn|75
|
|t:|1612549925
|switch|p2a: Calyrex|Calyrex-Shadow|75/100
|-ability|p2a: Calyrex|As One
|-ability|p2a: Calyrex|Unnerve|p1: EWQW
|move|p1a: Spiky|Protect||[still]
|-fail|p1a: Spiky
|
|-heal|p2a: Calyrex|81/100|[from] item: Leftovers
|-heal|p1a: Spiky|35/100|[from] item: Leftovers
|upkeep
|turn|76
|
|t:|1612549929
|switch|p2a: Xerneas|Xerneas|87/100
|-ability|p2a: Xerneas|Fairy Aura
|switch|p1a: Yaveltal|Yveltal|75/100
|-ability|p1a: Yaveltal|Dark Aura
|
|upkeep
|turn|77
|
|t:|1612549935
|switch|p1a: Bunker|Toxapex, M|100/100
|switch|p2a: Calyrex|Calyrex-Shadow|81/100
|-ability|p2a: Calyrex|As One
|-ability|p2a: Calyrex|Unnerve|p1: EWQW
|
|-heal|p2a: Calyrex|88/100|[from] item: Leftovers
|upkeep
|turn|78
|
|t:|1612549940
|switch|p1a: Yaveltal|Yveltal|75/100
|-ability|p1a: Yaveltal|Dark Aura
|move|p2a: Calyrex|Psyshock|p1a: Yaveltal
|-immune|p1a: Yaveltal
|
|-heal|p2a: Calyrex|94/100|[from] item: Leftovers
|upkeep
|turn|79
|
|t:|1612549945
|switch|p2a: Eternatus|Eternatus|88/100
|-ability|p2a: Eternatus|Pressure
|move|p1a: Yaveltal|Knock Off|p2a: Eternatus
|-damage|p2a: Eternatus|57/100
|-enditem|p2a: Eternatus|Black Sludge|[from] move: Knock Off|[of] p1a: Yaveltal
|
|upkeep
|turn|80
|
|t:|1612549950
|switch|p1a: Poichic|Slowking-Galar, F|100/100
|move|p2a: Eternatus|Recover|p2a: Eternatus
|-heal|p2a: Eternatus|100/100
|
|upkeep
|turn|81
|
|t:|1612549963
|switch|p2a: Yveltal|Yveltal|51/100
|-ability|p2a: Yveltal|Dark Aura
|switch|p1a: Spiky|Ferrothorn, F|35/100
|
|-heal|p1a: Spiky|42/100|[from] item: Leftovers
|upkeep
|turn|82
|
|t:|1612549966
|move|p1a: Spiky|Protect|p1a: Spiky
|-singleturn|p1a: Spiky|Protect
|move|p2a: Yveltal|Dark Pulse|p1a: Spiky
|-activate|p1a: Spiky|move: Protect
|
|-heal|p1a: Spiky|48/100|[from] item: Leftovers
|upkeep
|turn|83
|
|t:|1612549971
|move|p2a: Yveltal|Dark Pulse|p1a: Spiky
|-damage|p1a: Spiky|7/100
|move|p1a: Spiky|Leech Seed|p2a: Yveltal
|-start|p2a: Yveltal|move: Leech Seed
|
|-heal|p1a: Spiky|13/100|[from] item: Leftovers
|-damage|p2a: Yveltal|38/100|[from] Leech Seed|[of] p1a: Spiky
|-heal|p1a: Spiky|27/100|[silent]
|upkeep
|turn|84
|
|t:|1612549975
|move|p1a: Spiky|Protect|p1a: Spiky
|-singleturn|p1a: Spiky|Protect
|move|p2a: Yveltal|Roost|p2a: Yveltal
|-heal|p2a: Yveltal|88/100
|-singleturn|p2a: Yveltal|move: Roost
|
|-heal|p1a: Spiky|33/100|[from] item: Leftovers
|-damage|p2a: Yveltal|76/100|[from] Leech Seed|[of] p1a: Spiky
|-heal|p1a: Spiky|47/100|[silent]
|upkeep
|turn|85
|
|t:|1612549981
|move|p2a: Yveltal|Dark Pulse|p1a: Spiky
|-damage|p1a: Spiky|8/100
|move|p1a: Spiky|Stealth Rock|p2a: Yveltal
|-sidestart|p2: Finn28|move: Stealth Rock
|
|-heal|p1a: Spiky|14/100|[from] item: Leftovers
|-damage|p2a: Yveltal|63/100|[from] Leech Seed|[of] p1a: Spiky
|-heal|p1a: Spiky|28/100|[silent]
|upkeep
|turn|86
|
|t:|1612549985
|move|p1a: Spiky|Protect|p1a: Spiky
|-singleturn|p1a: Spiky|Protect
|move|p2a: Yveltal|Roost|p2a: Yveltal
|-heal|p2a: Yveltal|100/100
|-singleturn|p2a: Yveltal|move: Roost
|
|-heal|p1a: Spiky|34/100|[from] item: Leftovers
|-damage|p2a: Yveltal|88/100|[from] Leech Seed|[of] p1a: Spiky
|-heal|p1a: Spiky|48/100|[silent]
|upkeep
|turn|87
|
|t:|1612549990
|switch|p1a: Yaveltal|Yveltal|75/100
|-ability|p1a: Yaveltal|Dark Aura
|move|p2a: Yveltal|Dark Pulse|p1a: Yaveltal
|-resisted|p1a: Yaveltal
|-damage|p1a: Yaveltal|59/100
|
|-damage|p2a: Yveltal|76/100|[from] Leech Seed|[of] p1a: Yaveltal
|-heal|p1a: Yaveltal|70/100|[silent]
|upkeep
|turn|88
|-message|Finn28 forfeited.
|
|win|EWQW
|l|☆Finn28
