|j|☆izalacerda1
|j|☆RIP_Player
|t:|1617199728
|player|p1|izalacerda1|caitlin|1439
|player|p2|RIP_Player|firebreather|1492
|teamsize|p1|6
|teamsize|p2|6
|gametype|singles
|gen|8
|tier|[Gen 8] Ubers
|rated|
|clearpoke
|poke|p1|Venusaur, M|
|poke|p1|Groudon|
|poke|p1|Ho-Oh|
|poke|p1|Yveltal|
|poke|p1|Necrozma-Dusk-Mane|
|poke|p1|Palkia|
|poke|p2|Eternatus|
|poke|p2|Toxapex, M|
|poke|p2|Yveltal|
|poke|p2|Xerneas|
|poke|p2|Marshadow|
|poke|p2|Heatran, F|
|rule|Sleep Clause Mod: Limit one foe put to sleep
|rule|Species Clause: Limit one of each Pokémon
|rule|OHKO Clause: OHKO moves are banned
|rule|Evasion Moves Clause: Evasion moves are banned
|rule|Endless Battle Clause: Forcing endless battles is banned
|rule|HP Percentage Mod: HP is shown in percentages
|rule|Dynamax Clause: You cannot dynamax
|teampreview
|inactive|Battle timer is ON: inactive players will automatically lose when time's up. (requested by RIP_Player)
|c|☆izalacerda1|hey, i played with you before
|c|☆izalacerda1|:)
|inactive|izalacerda1 has 120 seconds left.
|
|t:|1617199773
|start
|switch|p1a: Groudon|Groudon|100/100
|switch|p2a: Yveltal|Yveltal|100/100
|-ability|p2a: Yveltal|Dark Aura
|-weather|SunnyDay|[from] ability: Drought|[of] p1a: Groudon
|turn|1
|
|t:|1617199791
|switch|p1a: Yveltal|Yveltal|100/100
|-ability|p1a: Yveltal|Dark Aura
|move|p2a: Yveltal|Knock Off|p1a: Yveltal
|-resisted|p1a: Yveltal
|-damage|p1a: Yveltal|63/100
|-enditem|p1a: Yveltal|Heavy-Duty Boots|[from] move: Knock Off|[of] p2a: Yveltal
|
|-weather|SunnyDay|[upkeep]
|upkeep
|turn|2
|
|t:|1617199796
|switch|p2a: Xerneas|Xerneas|100/100
|-ability|p2a: Xerneas|Fairy Aura
|move|p1a: Yveltal|Knock Off|p2a: Xerneas
|-resisted|p2a: Xerneas
|-damage|p2a: Xerneas|84/100
|-enditem|p2a: Xerneas|Leftovers|[from] move: Knock Off|[of] p1a: Yveltal
|
|-weather|SunnyDay|[upkeep]
|upkeep
|turn|3
|
|t:|1617199800
|switch|p1a: Necrozma|Necrozma-Dusk-Mane|100/100
|move|p2a: Xerneas|Thunder Wave|p1a: Necrozma
|-status|p1a: Necrozma|par
|
|-weather|SunnyDay|[upkeep]
|upkeep
|turn|4
|
|t:|1617199808
|switch|p2a: Toxapex|Toxapex, M|100/100
|cant|p1a: Necrozma|par
|
|-weather|SunnyDay|[upkeep]
|upkeep
|turn|5
|
|t:|1617199825
|move|p1a: Necrozma|Earthquake|p2a: Toxapex
|-supereffective|p2a: Toxapex
|-damage|p2a: Toxapex|60/100
|move|p2a: Toxapex|Scald|p1a: Necrozma
|-damage|p1a: Necrozma|93/100 par
|
|-weather|SunnyDay|[upkeep]
|-heal|p1a: Necrozma|99/100 par|[from] item: Leftovers
|-heal|p2a: Toxapex|66/100|[from] item: Black Sludge
|upkeep
|turn|6
|
|t:|1617199832
|cant|p1a: Necrozma|par
|move|p2a: Toxapex|Recover|p2a: Toxapex
|-heal|p2a: Toxapex|100/100
|
|-weather|SunnyDay|[upkeep]
|-heal|p1a: Necrozma|100/100 par|[from] item: Leftovers
|upkeep
|turn|7
|
|t:|1617199836
|switch|p2a: Yveltal|Yveltal|100/100
|-ability|p2a: Yveltal|Dark Aura
|cant|p1a: Necrozma|par
|
|-weather|SunnyDay|[upkeep]
|upkeep
|turn|8
|
|t:|1617199840
|switch|p1a: Yveltal|Yveltal|63/100
|-ability|p1a: Yveltal|Dark Aura
|move|p2a: Yveltal|Knock Off|p1a: Yveltal
|-resisted|p1a: Yveltal
|-damage|p1a: Yveltal|37/100
|
|-weather|none
|upkeep
|turn|9
|
|t:|1617199844
|switch|p2a: Toxapex|Toxapex, M|100/100
|move|p1a: Yveltal|Roost|p1a: Yveltal
|-heal|p1a: Yveltal|88/100
|-singleturn|p1a: Yveltal|move: Roost
|
|upkeep
|turn|10
|
|t:|1617199849
|move|p2a: Toxapex|Baneful Bunker|p2a: Toxapex
|-singleturn|p2a: Toxapex|move: Protect
|move|p1a: Yveltal|U-turn|p2a: Toxapex
|-activate|p2a: Toxapex|move: Protect
|-status|p1a: Yveltal|psn
|
|-damage|p1a: Yveltal|75/100 psn|[from] psn
|upkeep
|turn|11
|
|t:|1617199853
|switch|p2a: Xerneas|Xerneas|84/100
|-ability|p2a: Xerneas|Fairy Aura
|move|p1a: Yveltal|Knock Off|p2a: Xerneas
|-resisted|p2a: Xerneas
|-damage|p2a: Xerneas|74/100
|
|-damage|p1a: Yveltal|63/100 psn|[from] psn
|upkeep
|turn|12
|
|t:|1617199865
|switch|p1a: Necrozma|Necrozma-Dusk-Mane|100/100 par
|move|p2a: Xerneas|Moonblast|p1a: Necrozma
|-resisted|p1a: Necrozma
|-damage|p1a: Necrozma|77/100 par
|
|-heal|p1a: Necrozma|83/100 par|[from] item: Leftovers
|upkeep
|turn|13
|
|t:|1617199869
|switch|p2a: Toxapex|Toxapex, M|100/100
|move|p1a: Necrozma|Sunsteel Strike|p2a: Toxapex
|-resisted|p2a: Toxapex
|-damage|p2a: Toxapex|86/100
|
|-heal|p1a: Necrozma|89/100 par|[from] item: Leftovers
|-heal|p2a: Toxapex|92/100|[from] item: Black Sludge
|upkeep
|turn|14
|
|t:|1617199878
|switch|p2a: Yveltal|Yveltal|100/100
|-ability|p2a: Yveltal|Dark Aura
|move|p1a: Necrozma|Sunsteel Strike|p2a: Yveltal
|-damage|p2a: Yveltal|53/100
|
|-heal|p1a: Necrozma|95/100 par|[from] item: Leftovers
|upkeep
|turn|15
|
|t:|1617199884
|switch|p1a: Yveltal|Yveltal|63/100 psn
|-ability|p1a: Yveltal|Dark Aura
|move|p2a: Yveltal|Knock Off|p1a: Yveltal
|-resisted|p1a: Yveltal
|-damage|p1a: Yveltal|35/100 psn
|
|-damage|p1a: Yveltal|22/100 psn|[from] psn
|upkeep
|turn|16
|
|t:|1617199891
|switch|p2a: Xerneas|Xerneas|74/100
|-ability|p2a: Xerneas|Fairy Aura
|move|p1a: Yveltal|Roost|p1a: Yveltal
|-heal|p1a: Yveltal|72/100 psn
|-singleturn|p1a: Yveltal|move: Roost
|
|-damage|p1a: Yveltal|60/100 psn|[from] psn
|upkeep
|turn|17
|
|t:|1617199899
|switch|p2a: Heatran|Heatran, F|100/100
|move|p1a: Yveltal|Roost|p1a: Yveltal
|-heal|p1a: Yveltal|100/100 psn
|-singleturn|p1a: Yveltal|move: Roost
|
|-damage|p1a: Yveltal|88/100 psn|[from] psn
|upkeep
|turn|18
|
|t:|1617199905
|move|p1a: Yveltal|Knock Off|p2a: Heatran
|-damage|p2a: Heatran|54/100
|-enditem|p2a: Heatran|Leftovers|[from] move: Knock Off|[of] p1a: Yveltal
|move|p2a: Heatran|Stealth Rock|p1a: Yveltal
|-sidestart|p1: izalacerda1|move: Stealth Rock
|
|-damage|p1a: Yveltal|76/100 psn|[from] psn
|upkeep
|turn|19
|
|t:|1617199912
|move|p1a: Yveltal|Defog|p2a: Heatran
|-unboost|p2a: Heatran|evasion|1
|-sideend|p1: izalacerda1|Stealth Rock|[from] move: Defog|[of] p1a: Yveltal
|move|p2a: Heatran|Lava Plume|p1a: Yveltal
|-damage|p1a: Yveltal|58/100 psn
|
|-damage|p1a: Yveltal|46/100 psn|[from] psn
|upkeep
|turn|20
|
|t:|1617199923
|switch|p1a: Palkia|Palkia|100/100
|-ability|p1a: Palkia|Pressure
|move|p2a: Heatran|Stealth Rock|p1a: Palkia
|-sidestart|p1: izalacerda1|move: Stealth Rock
|
|upkeep
|turn|21
|
|t:|1617199927
|move|p1a: Palkia|Hydro Pump|p2a: Heatran
|-supereffective|p2a: Heatran
|-damage|p2a: Heatran|0 fnt
|faint|p2a: Heatran
|
|upkeep
|
|t:|1617199934
|switch|p2a: Yveltal|Yveltal|53/100
|-ability|p2a: Yveltal|Dark Aura
|turn|22
|
|t:|1617199942
|move|p1a: Palkia|Hydro Pump|p2a: Yveltal
|-damage|p2a: Yveltal|0 fnt
|faint|p2a: Yveltal
|
|upkeep
|
|t:|1617199947
|switch|p2a: Xerneas|Xerneas|74/100
|-ability|p2a: Xerneas|Fairy Aura
|turn|23
|
|t:|1617199951
|move|p1a: Palkia|Hydro Pump|p2a: Xerneas|[miss]
|-miss|p1a: Palkia|p2a: Xerneas
|move|p2a: Xerneas|Moonblast|p1a: Palkia
|-supereffective|p1a: Palkia
|-damage|p1a: Palkia|0 fnt
|faint|p1a: Palkia
|
|upkeep
|
|t:|1617199954
|switch|p1a: Necrozma|Necrozma-Dusk-Mane|95/100 par
|-damage|p1a: Necrozma|89/100 par|[from] Stealth Rock
|turn|24
|
|t:|1617199958
|switch|p2a: Toxapex|Toxapex, M|100/100
|switch|p1a: Groudon|Groudon|100/100
|-damage|p1a: Groudon|94/100|[from] Stealth Rock
|-weather|SunnyDay|[from] ability: Drought|[of] p1a: Groudon
|
|-weather|SunnyDay|[upkeep]
|upkeep
|turn|25
|
|t:|1617199964
|move|p1a: Groudon|Thunder Wave|p2a: Toxapex
|-status|p2a: Toxapex|par
|move|p2a: Toxapex|Toxic|p1a: Groudon
|-status|p1a: Groudon|tox
|
|-weather|SunnyDay|[upkeep]
|-damage|p1a: Groudon|88/100 tox|[from] psn
|upkeep
|turn|26
|
|t:|1617199972
|switch|p1a: Venusaur|Venusaur, M|100/100
|-damage|p1a: Venusaur|88/100|[from] Stealth Rock
|cant|p2a: Toxapex|par
|
|-weather|SunnyDay|[upkeep]
|upkeep
|turn|27
|
|t:|1617199980
|move|p1a: Venusaur|Earth Power|p2a: Toxapex
|-supereffective|p2a: Toxapex
|-damage|p2a: Toxapex|43/100 par
|-damage|p1a: Venusaur|78/100|[from] item: Life Orb
|move|p2a: Toxapex|Scald|p1a: Venusaur
|-resisted|p1a: Venusaur
|-damage|p1a: Venusaur|74/100
|-status|p1a: Venusaur|brn
|
|-weather|SunnyDay|[upkeep]
|-heal|p2a: Toxapex|50/100 par|[from] item: Black Sludge
|-damage|p1a: Venusaur|68/100 brn|[from] brn
|upkeep
|turn|28
|
|t:|1617199986
|move|p1a: Venusaur|Earth Power|p2a: Toxapex
|-supereffective|p2a: Toxapex
|-damage|p2a: Toxapex|0 fnt
|-damage|p1a: Venusaur|58/100 brn|[from] item: Life Orb
|faint|p2a: Toxapex
|
|-weather|SunnyDay|[upkeep]
|-damage|p1a: Venusaur|52/100 brn|[from] brn
|upkeep
|inactive|RIP_Player has 120 seconds left.
|inactive|RIP_Player has 90 seconds left.
|
|t:|1617200059
|switch|p2a: Xerneas|Xerneas|74/100
|-ability|p2a: Xerneas|Fairy Aura
|turn|29
|
|t:|1617200066
|move|p1a: Venusaur|Weather Ball|p2a: Xerneas
|-damage|p2a: Xerneas|30/100
|-damage|p1a: Venusaur|42/100 brn|[from] item: Life Orb
|move|p2a: Xerneas|Moonblast|p1a: Venusaur
|-resisted|p1a: Venusaur
|-damage|p1a: Venusaur|10/100 brn
|
|-weather|SunnyDay|[upkeep]
|-damage|p1a: Venusaur|4/100 brn|[from] brn
|upkeep
|turn|30
|inactive|RIP_Player has 90 seconds left.
|
|t:|1617200073
|move|p1a: Venusaur|Giga Drain|p2a: Xerneas
|-damage|p2a: Xerneas|0 fnt
|-heal|p1a: Venusaur|27/100 brn|[from] drain|[of] p2a: Xerneas
|-damage|p1a: Venusaur|17/100 brn|[from] item: Life Orb
|faint|p2a: Xerneas
|
|-weather|SunnyDay|[upkeep]
|-damage|p1a: Venusaur|11/100 brn|[from] brn
|upkeep
|
|t:|1617200076
|switch|p2a: Marshadow|Marshadow|100/100
|turn|31
|
|t:|1617200081
|move|p2a: Marshadow|Shadow Sneak|p1a: Venusaur
|-damage|p1a: Venusaur|0 fnt
|faint|p1a: Venusaur
|
|-weather|none
|upkeep
|
|t:|1617200083
|switch|p1a: Ho-Oh|Ho-Oh, shiny|100/100
|turn|32
|
|t:|1617200088
|move|p2a: Marshadow|Swagger|p1a: Ho-Oh
|-boost|p1a: Ho-Oh|atk|2
|-start|p1a: Ho-Oh|confusion
|-activate|p1a: Ho-Oh|confusion
|-damage|p1a: Ho-Oh|86/100|[from] confusion
|
|upkeep
|turn|33
|c|☆izalacerda1|that is wack
|
|t:|1617200099
|move|p2a: Marshadow|Spectral Thief||[still]
|-clearpositiveboost|p1a: Ho-Oh|p2a: Marshadow|move: Spectral Thief
|-boost|p2a: Marshadow|atk|2
|-anim|p2a: Marshadow|Spectral Thief|p1a: Ho-Oh
|-damage|p1a: Ho-Oh|21/100
|-end|p1a: Ho-Oh|confusion
|move|p1a: Ho-Oh|Sacred Fire|p2a: Marshadow
|-damage|p2a: Marshadow|43/100
|
|upkeep
|turn|34
|
|t:|1617200111
|move|p2a: Marshadow|Spectral Thief|p1a: Ho-Oh
|-damage|p1a: Ho-Oh|0 fnt
|faint|p1a: Ho-Oh
|
|upkeep
|
|t:|1617200118
|switch|p1a: Groudon|Groudon|88/100 tox
|-damage|p1a: Groudon|82/100 tox|[from] Stealth Rock
|-weather|SunnyDay|[from] ability: Drought|[of] p1a: Groudon
|turn|35
|
|t:|1617200126
|move|p2a: Marshadow|Close Combat|p1a: Groudon
|-damage|p1a: Groudon|18/100 tox
|-unboost|p2a: Marshadow|def|1
|-unboost|p2a: Marshadow|spd|1
|move|p1a: Groudon|Precipice Blades|p2a: Marshadow
|-damage|p2a: Marshadow|0 fnt
|faint|p2a: Marshadow
|
|-weather|SunnyDay|[upkeep]
|-damage|p1a: Groudon|11/100 tox|[from] psn
|upkeep
|
|t:|1617200130
|switch|p2a: Eternatus|Eternatus|100/100
|-ability|p2a: Eternatus|Pressure
|turn|36
|
|t:|1617200136
|move|p2a: Eternatus|Sludge Wave|p1a: Groudon
|-resisted|p1a: Groudon
|-damage|p1a: Groudon|0 fnt
|faint|p1a: Groudon
|
|-weather|SunnyDay|[upkeep]
|upkeep
|
|t:|1617200144
|switch|p1a: Yveltal|Yveltal|46/100 psn
|-damage|p1a: Yveltal|21/100 psn|[from] Stealth Rock
|-ability|p1a: Yveltal|Dark Aura
|turn|37
|
|t:|1617200149
|move|p2a: Eternatus|Meteor Beam||[still]
|-prepare|p2a: Eternatus|Meteor Beam
|-boost|p2a: Eternatus|spa|1
|-enditem|p2a: Eternatus|Power Herb
|-anim|p2a: Eternatus|Meteor Beam|p1a: Yveltal
|-supereffective|p1a: Yveltal
|-damage|p1a: Yveltal|0 fnt
|faint|p1a: Yveltal
|
|-weather|SunnyDay|[upkeep]
|upkeep
|
|t:|1617200151
|switch|p1a: Necrozma|Necrozma-Dusk-Mane|89/100 par
|-damage|p1a: Necrozma|83/100 par|[from] Stealth Rock
|turn|38
|
|t:|1617200155
|move|p2a: Eternatus|Flamethrower|p1a: Necrozma
|-supereffective|p1a: Necrozma
|-damage|p1a: Necrozma|0 fnt
|faint|p1a: Necrozma
|
|win|RIP_Player
|raw|izalacerda1's rating: 1439 &rarr; <strong>1422</strong><br />(-17 for losing)
|raw|RIP_Player's rating: 1492 &rarr; <strong>1509</strong><br />(+17 for winning)
