|j|‽ballerz69
|j|☆ULTN7U XizaaaF4n
|player|p1|ballerz69|2|1538
|player|p2|ULTN7U XizaaaF4n|elio|1545
|teamsize|p1|6
|teamsize|p2|6
|gametype|singles
|gen|8
|tier|[Gen 8] Ubers
|rated|
|clearpoke
|poke|p1|Ninjask, M|
|poke|p1|Bellossom, M|
|poke|p1|Mew|
|poke|p1|Indeedee-F, F|
|poke|p1|Jirachi|
|poke|p1|Dubwool, M|
|poke|p2|Lunala|
|poke|p2|Eternatus|
|poke|p2|Ferrothorn, M|
|poke|p2|Tyranitar, M|
|poke|p2|Rotom-Wash|
|poke|p2|Necrozma-Dusk-Mane|
|rule|Sleep Clause Mod: Limit one foe put to sleep
|rule|Species Clause: Limit one of each Pokémon
|rule|OHKO Clause: OHKO moves are banned
|rule|Evasion Moves Clause: Evasion moves are banned
|rule|Endless Battle Clause: Forcing endless battles is banned
|rule|HP Percentage Mod: HP is shown in percentages
|html|Ubers Dynamax Clause: Pokémon on the <a href="https://www.smogon.com/dex/ss/formats/uber/">Ubers Dynamax Banlist</a> cannot Dynamax.
|teampreview
|
|start
|switch|p1a: Ninjask|Ninjask, M|100/100
|switch|p2a: Tyranitar|Tyranitar, M|100/100
|-weather|Sandstorm|[from] ability: Sand Stream|[of] p2a: Tyranitar
|turn|1
|
|move|p1a: Ninjask|Protect|p1a: Ninjask
|-singleturn|p1a: Ninjask|Protect
|move|p2a: Tyranitar|Rock Blast|p1a: Ninjask
|-activate|p1a: Ninjask|move: Protect
|
|-weather|Sandstorm|[upkeep]
|-damage|p1a: Ninjask|95/100|[from] Sandstorm
|-ability|p1a: Ninjask|Speed Boost|boost
|-boost|p1a: Ninjask|spe|1
|upkeep
|turn|2
|
|move|p1a: Ninjask|Baton Pass|p1a: Ninjask
|
|switch|p1a: Dubwool|Dubwool, M, shiny|100/100|[from]move: Baton Pass
|move|p2a: Tyranitar|Rock Blast|p1a: Dubwool|[miss]
|-miss|p2a: Tyranitar|p1a: Dubwool
|
|-weather|Sandstorm|[upkeep]
|-damage|p1a: Dubwool|94/100|[from] Sandstorm
|-heal|p1a: Dubwool|100/100|[from] item: Leftovers
|upkeep
|turn|3
|
|switch|p2a: Lunala|Lunala|100/100
|move|p1a: Dubwool|Substitute|p1a: Dubwool
|-start|p1a: Dubwool|Substitute
|-damage|p1a: Dubwool|75/100
|
|-weather|Sandstorm|[upkeep]
|-damage|p1a: Dubwool|69/100|[from] Sandstorm
|-damage|p2a: Lunala|94/100|[from] Sandstorm
|-heal|p1a: Dubwool|75/100|[from] item: Leftovers
|upkeep
|turn|4
|
|move|p1a: Dubwool|Baton Pass|p1a: Dubwool
|
|switch|p1a: Bellossom|Bellossom, M|100/100|[from]move: Baton Pass
|move|p2a: Lunala|Psychic|p1a: Bellossom
|-end|p1a: Bellossom|Substitute
|
|-weather|Sandstorm|[upkeep]
|-damage|p2a: Lunala|88/100|[from] Sandstorm
|-damage|p1a: Bellossom|94/100|[from] Sandstorm
|-heal|p1a: Bellossom|100/100|[from] item: Leftovers
|upkeep
|turn|5
|
|move|p2a: Lunala|Psychic|p1a: Bellossom
|-damage|p1a: Bellossom|44/100
|move|p1a: Bellossom|Quiver Dance|p1a: Bellossom
|-boost|p1a: Bellossom|spa|1
|-boost|p1a: Bellossom|spd|1
|-boost|p1a: Bellossom|spe|1
|
|-weather|none
|-heal|p1a: Bellossom|50/100|[from] item: Leftovers
|upkeep
|turn|6
|j| ladder jesus of ss
|
|move|p2a: Lunala|Psychic|p1a: Bellossom
|-damage|p1a: Bellossom|15/100
|move|p1a: Bellossom|Baton Pass|p1a: Bellossom
|
|switch|p1a: Ninjask|Ninjask, M|95/100|[from]move: Baton Pass
|
|upkeep
|turn|7
|
|switch|p2a: Tyranitar|Tyranitar, M|100/100
|-weather|Sandstorm|[from] ability: Sand Stream|[of] p2a: Tyranitar
|move|p1a: Ninjask|Protect||[still]
|-fail|p1a: Ninjask
|
|-weather|Sandstorm|[upkeep]
|-damage|p1a: Ninjask|89/100|[from] Sandstorm
|-ability|p1a: Ninjask|Speed Boost|boost
|-boost|p1a: Ninjask|spe|1
|upkeep
|turn|8
|
|move|p1a: Ninjask|Baton Pass|p1a: Ninjask
|
|switch|p1a: Dubwool|Dubwool, M, shiny|75/100|[from]move: Baton Pass
|move|p2a: Tyranitar|Rock Blast|p1a: Dubwool
|-damage|p1a: Dubwool|67/100
|-damage|p1a: Dubwool|59/100
|-damage|p1a: Dubwool|51/100
|-damage|p1a: Dubwool|43/100
|-hitcount|p1a: Dubwool|4
|
|-weather|Sandstorm|[upkeep]
|-damage|p1a: Dubwool|37/100|[from] Sandstorm
|-heal|p1a: Dubwool|43/100|[from] item: Leftovers
|upkeep
|turn|9
|
|switch|p2a: Lunala|Lunala|88/100
|move|p1a: Dubwool|Cotton Guard|p1a: Dubwool
|-boost|p1a: Dubwool|def|3
|
|-weather|Sandstorm|[upkeep]
|-damage|p1a: Dubwool|37/100|[from] Sandstorm
|-damage|p2a: Lunala|82/100|[from] Sandstorm
|-heal|p1a: Dubwool|43/100|[from] item: Leftovers
|upkeep
|turn|10
|
|move|p1a: Dubwool|Substitute|p1a: Dubwool
|-start|p1a: Dubwool|Substitute
|-damage|p1a: Dubwool|18/100
|move|p2a: Lunala|Focus Blast|p1a: Dubwool
|-supereffective|p1a: Dubwool
|-end|p1a: Dubwool|Substitute
|
|-weather|Sandstorm|[upkeep]
|-damage|p1a: Dubwool|12/100|[from] Sandstorm
|-damage|p2a: Lunala|75/100|[from] Sandstorm
|-heal|p1a: Dubwool|18/100|[from] item: Leftovers
|upkeep
|turn|11
|
|move|p1a: Dubwool|Baton Pass|p1a: Dubwool
|
|switch|p1a: Ninjask|Ninjask, M|89/100|[from]move: Baton Pass
|move|p2a: Lunala|Focus Blast|p1a: Ninjask|[miss]
|-miss|p2a: Lunala|p1a: Ninjask
|
|-weather|none
|upkeep
|turn|12
|
|switch|p2a: Tyranitar|Tyranitar, M|100/100
|-weather|Sandstorm|[from] ability: Sand Stream|[of] p2a: Tyranitar
|move|p1a: Ninjask|Substitute|p1a: Ninjask
|-start|p1a: Ninjask|Substitute
|-damage|p1a: Ninjask|64/100
|
|-weather|Sandstorm|[upkeep]
|-damage|p1a: Ninjask|58/100|[from] Sandstorm
|-ability|p1a: Ninjask|Speed Boost|boost
|-boost|p1a: Ninjask|spe|1
|upkeep
|turn|13
|
|move|p1a: Ninjask|Baton Pass|p1a: Ninjask
|
|switch|p1a: Jirachi|Jirachi|100/100|[from]move: Baton Pass
|move|p2a: Tyranitar|Rock Blast|p1a: Jirachi
|-resisted|p1a: Jirachi
|-activate|p1a: Jirachi|move: Substitute|[damage]
|-resisted|p1a: Jirachi
|-activate|p1a: Jirachi|move: Substitute|[damage]
|-hitcount|p1a: Jirachi|2
|
|-weather|Sandstorm|[upkeep]
|upkeep
|turn|14
|
|switch|p2a: Ferrothorn|Ferrothorn, M|100/100
|move|p1a: Jirachi|Iron Head|p2a: Ferrothorn
|-resisted|p2a: Ferrothorn
|-damage|p2a: Ferrothorn|93/100
|-damage|p1a: Jirachi|88/100|[from] ability: Iron Barbs|[of] p2a: Ferrothorn
|
|-weather|Sandstorm|[upkeep]
|-heal|p1a: Jirachi|94/100|[from] item: Leftovers
|-heal|p2a: Ferrothorn|99/100|[from] item: Leftovers
|upkeep
|turn|15
|
|move|p1a: Jirachi|Baton Pass|p1a: Jirachi
|
|switch|p1a: Bellossom|Bellossom, M|15/100|[from]move: Baton Pass
|move|p2a: Ferrothorn|Iron Defense|p2a: Ferrothorn
|-boost|p2a: Ferrothorn|def|2
|
|-weather|Sandstorm|[upkeep]
|-damage|p1a: Bellossom|9/100|[from] Sandstorm
|-heal|p1a: Bellossom|15/100|[from] item: Leftovers
|-heal|p2a: Ferrothorn|100/100|[from] item: Leftovers
|upkeep
|turn|16
|
|move|p1a: Bellossom|Ingrain|p1a: Bellossom
|-start|p1a: Bellossom|move: Ingrain
|move|p2a: Ferrothorn|Body Press|p1a: Bellossom
|-end|p1a: Bellossom|Substitute
|
|-weather|none
|-heal|p1a: Bellossom|21/100|[from] item: Leftovers
|-heal|p1a: Bellossom|27/100|[from] Ingrain
|upkeep
|turn|17
|
|move|p1a: Bellossom|Substitute|p1a: Bellossom
|-start|p1a: Bellossom|Substitute
|-damage|p1a: Bellossom|2/100
|move|p2a: Ferrothorn|Leech Seed|p1a: Bellossom
|-immune|p1a: Bellossom
|
|-heal|p1a: Bellossom|8/100|[from] item: Leftovers
|-heal|p1a: Bellossom|14/100|[from] Ingrain
|upkeep
|turn|18
|
|move|p1a: Bellossom|Baton Pass|p1a: Bellossom
|
|switch|p1a: Mew|Mew|100/100|[from]move: Baton Pass
|move|p2a: Ferrothorn|Body Press|p1a: Mew
|-resisted|p1a: Mew
|-activate|p1a: Mew|move: Substitute|[damage]
|
|upkeep
|turn|19
|
|move|p1a: Mew|Will-O-Wisp|p2a: Ferrothorn
|-status|p2a: Ferrothorn|brn
|move|p2a: Ferrothorn|Iron Defense|p2a: Ferrothorn
|-boost|p2a: Ferrothorn|def|2
|
|-damage|p2a: Ferrothorn|94/100 brn|[from] brn
|upkeep
|turn|20
|
|move|p1a: Mew|Calm Mind|p1a: Mew
|-boost|p1a: Mew|spa|1
|-boost|p1a: Mew|spd|1
|move|p2a: Ferrothorn|Iron Defense|p2a: Ferrothorn
|-boost|p2a: Ferrothorn|def|2
|
|-heal|p2a: Ferrothorn|100/100 brn|[from] item: Leftovers
|-damage|p2a: Ferrothorn|94/100 brn|[from] brn
|upkeep
|turn|21
|
|move|p1a: Mew|Calm Mind|p1a: Mew
|-boost|p1a: Mew|spa|1
|-boost|p1a: Mew|spd|1
|move|p2a: Ferrothorn|Spikes|p1a: Mew
|-sidestart|p1: ballerz69|Spikes
|
|-heal|p2a: Ferrothorn|100/100 brn|[from] item: Leftovers
|-damage|p2a: Ferrothorn|94/100 brn|[from] brn
|upkeep
|turn|22
|
|move|p1a: Mew|Calm Mind|p1a: Mew
|-boost|p1a: Mew|spa|1
|-boost|p1a: Mew|spd|1
|move|p2a: Ferrothorn|Spikes|p1a: Mew
|-sidestart|p1: ballerz69|Spikes
|
|-heal|p2a: Ferrothorn|100/100 brn|[from] item: Leftovers
|-damage|p2a: Ferrothorn|94/100 brn|[from] brn
|upkeep
|turn|23
|
|move|p1a: Mew|Calm Mind|p1a: Mew
|-boost|p1a: Mew|spa|1
|-boost|p1a: Mew|spd|1
|move|p2a: Ferrothorn|Spikes|p1a: Mew
|-sidestart|p1: ballerz69|Spikes
|
|-heal|p2a: Ferrothorn|100/100 brn|[from] item: Leftovers
|-damage|p2a: Ferrothorn|94/100 brn|[from] brn
|upkeep
|turn|24
|
|switch|p2a: Tyranitar|Tyranitar, M|100/100
|-weather|Sandstorm|[from] ability: Sand Stream|[of] p2a: Tyranitar
|move|p1a: Mew|Baton Pass|p1a: Mew
|
|switch|p1a: Jirachi|Jirachi|94/100|[from]move: Baton Pass
|-damage|p1a: Jirachi|69/100|[from] Spikes
|
|-weather|Sandstorm|[upkeep]
|-heal|p1a: Jirachi|75/100|[from] item: Leftovers
|-heal|p1a: Jirachi|82/100|[from] Ingrain
|upkeep
|turn|25
|
|switch|p2a: Rotomytho|Rotom-Wash|100/100
|move|p1a: Jirachi|Iron Head|p2a: Rotomytho
|-resisted|p2a: Rotomytho
|-damage|p2a: Rotomytho|93/100
|
|-weather|Sandstorm|[upkeep]
|-damage|p2a: Rotomytho|87/100|[from] Sandstorm
|-heal|p1a: Jirachi|88/100|[from] item: Leftovers
|-heal|p1a: Jirachi|94/100|[from] Ingrain
|upkeep
|turn|26
|
|-start|p2a: Rotomytho|Dynamax
|-heal|p2a: Rotomytho|87/100|[silent]
|move|p1a: Jirachi|Baton Pass|p1a: Jirachi
|
|switch|p1a: Indeedee|Indeedee-F, F|100/100|[from]move: Baton Pass
|-damage|p1a: Indeedee|76/100|[from] Spikes
|-fieldstart|move: Psychic Terrain|[from] ability: Psychic Surge|[of] p1a: Indeedee
|move|p2a: Rotomytho|Max Geyser|p1a: Indeedee
|-activate|p1a: Indeedee|move: Substitute|[damage]
|-weather|RainDance
|
|-weather|RainDance|[upkeep]
|-heal|p1a: Indeedee|82/100|[from] Ingrain
|upkeep
|turn|27
|inactive|Battle timer is ON: inactive players will automatically lose when time's up. (requested by ULTN7U XizaaaF4n)
|
|move|p1a: Indeedee|Stored Power|p2a: Rotomytho
|-damage|p2a: Rotomytho|0 fnt
|faint|p2a: Rotomytho
|
|-weather|RainDance|[upkeep]
|-heal|p1a: Indeedee|88/100|[from] Ingrain
|upkeep
|
|switch|p2a: Tyranitar|Tyranitar, M|100/100
|-weather|Sandstorm|[from] ability: Sand Stream|[of] p2a: Tyranitar
|turn|28
|
|move|p1a: Indeedee|Dazzling Gleam|p2a: Tyranitar
|-supereffective|p2a: Tyranitar
|-damage|p2a: Tyranitar|38/100
|move|p2a: Tyranitar|Stealth Rock|p1a: Indeedee
|-sidestart|p1: ballerz69|move: Stealth Rock
|
|-weather|Sandstorm|[upkeep]
|-damage|p1a: Indeedee|82/100|[from] Sandstorm
|-heal|p2a: Tyranitar|44/100|[from] item: Leftovers
|-heal|p1a: Indeedee|88/100|[from] Ingrain
|upkeep
|turn|29
|
|move|p1a: Indeedee|Dazzling Gleam|p2a: Tyranitar
|-supereffective|p2a: Tyranitar
|-damage|p2a: Tyranitar|0 fnt
|faint|p2a: Tyranitar
|
|-weather|Sandstorm|[upkeep]
|-damage|p1a: Indeedee|82/100|[from] Sandstorm
|-heal|p1a: Indeedee|88/100|[from] Ingrain
|upkeep
|
|switch|p2a: Necrozma|Necrozma-Dusk-Mane|100/100
|turn|30
|
|move|p1a: Indeedee|Stored Power|p2a: Necrozma
|-resisted|p2a: Necrozma
|-damage|p2a: Necrozma|0 fnt
|faint|p2a: Necrozma
|
|-weather|Sandstorm|[upkeep]
|-damage|p1a: Indeedee|82/100|[from] Sandstorm
|-heal|p1a: Indeedee|88/100|[from] Ingrain
|upkeep
|
|switch|p2a: Ferrothorn|Ferrothorn, M|94/100 brn
|turn|31
|
|move|p1a: Indeedee|Baton Pass|p1a: Indeedee
|
|switch|p1a: Ninjask|Ninjask, M|58/100|[from]move: Baton Pass
|move|p2a: Ferrothorn|Body Press|p1a: Ninjask
|-resisted|p1a: Ninjask
|-end|p1a: Ninjask|Substitute
|
|-weather|Sandstorm|[upkeep]
|-damage|p1a: Ninjask|52/100|[from] Sandstorm
|-heal|p2a: Ferrothorn|100/100 brn|[from] item: Leftovers
|-heal|p1a: Ninjask|58/100|[from] Ingrain
|-damage|p2a: Ferrothorn|94/100 brn|[from] brn
|upkeep
|turn|32
|
|move|p1a: Ninjask|Substitute|p1a: Ninjask
|-start|p1a: Ninjask|Substitute
|-damage|p1a: Ninjask|33/100
|move|p2a: Ferrothorn|Body Press|p1a: Ninjask
|-resisted|p1a: Ninjask
|-activate|p1a: Ninjask|move: Substitute|[damage]
|
|-weather|none
|-heal|p2a: Ferrothorn|100/100 brn|[from] item: Leftovers
|-heal|p1a: Ninjask|39/100|[from] Ingrain
|-damage|p2a: Ferrothorn|94/100 brn|[from] brn
|-ability|p1a: Ninjask|Speed Boost|boost
|-boost|p1a: Ninjask|spe|1
|upkeep
|turn|33
|
|move|p1a: Ninjask|Defog|p2a: Ferrothorn
|-unboost|p2a: Ferrothorn|evasion|1
|-sideend|p1: ballerz69|Spikes|[from] move: Defog|[of] p1a: Ninjask
|-sideend|p1: ballerz69|Stealth Rock|[from] move: Defog|[of] p1a: Ninjask
|-fieldend|move: Psychic Terrain
|move|p2a: Ferrothorn|Body Press|p1a: Ninjask
|-resisted|p1a: Ninjask
|-activate|p1a: Ninjask|move: Substitute|[damage]
|
|-heal|p2a: Ferrothorn|100/100 brn|[from] item: Leftovers
|-heal|p1a: Ninjask|45/100|[from] Ingrain
|-damage|p2a: Ferrothorn|94/100 brn|[from] brn
|-ability|p1a: Ninjask|Speed Boost|boost
|-boost|p1a: Ninjask|spe|1
|upkeep
|turn|34
|-message|ULTN7U XizaaaF4n forfeited.
|
|win|ballerz69
|l|☆ULTN7U XizaaaF4n
|l|‽ballerz69
||Ladder (probably) updated, but score could not be retrieved (Response not received).
