|j|☆Waking Water
|j|☆Arcangel666
|t:|1634362685
|gametype|singles
|player|p1|Waking Water|swimmerf-gen4dp|1450
|player|p2|Arcangel666|grimsley|1499
|teamsize|p1|6
|teamsize|p2|6
|gen|8
|tier|[Gen 8] Ubers
|rated|
|rule|Sleep Clause Mod: Limit one foe put to sleep
|rule|Species Clause: Limit one of each Pokémon
|rule|OHKO Clause: OHKO moves are banned
|rule|Evasion Moves Clause: Evasion moves are banned
|rule|Endless Battle Clause: Forcing endless battles is banned
|rule|HP Percentage Mod: HP is shown in percentages
|rule|Dynamax Clause: You cannot dynamax
|clearpoke
|poke|p1|Necrozma-Dusk-Mane|
|poke|p1|Ferrothorn, F|
|poke|p1|Eternatus|
|poke|p1|Yveltal|
|poke|p1|Kyogre|
|poke|p1|Zekrom|
|poke|p2|Xerneas-*|
|poke|p2|Calyrex-Shadow|
|poke|p2|Kyurem-White|
|poke|p2|Yveltal|
|poke|p2|Necrozma-Dusk-Mane|
|poke|p2|Groudon|
|teampreview
|
|t:|1634362702
|start
|switch|p1a: Kyogre|Kyogre|100/100
|switch|p2a: Groudon|Groudon|100/100
|-weather|RainDance|[from] ability: Drizzle|[of] p1a: Kyogre
|-weather|SunnyDay|[from] ability: Drought|[of] p2a: Groudon
|turn|1
|
|t:|1634362711
|switch|p1a: Yveltal|Yveltal|100/100
|-ability|p1a: Yveltal|Dark Aura
|switch|p2a: Kyurem|Kyurem-White, shiny|100/100
|-ability|p2a: Kyurem|Turboblaze
|
|-weather|SunnyDay|[upkeep]
|upkeep
|turn|2
|
|t:|1634362719
|move|p1a: Yveltal|U-turn|p2a: Kyurem
|-damage|p2a: Kyurem|83/100
|
|t:|1634362722
|switch|p1a: Eternatus|Eternatus|100/100|[from]move: U-turn
|-ability|p1a: Eternatus|Pressure
|move|p2a: Kyurem|Fusion Flare|p1a: Eternatus
|-resisted|p1a: Eternatus
|-damage|p1a: Eternatus|75/100
|-damage|p2a: Kyurem|73/100|[from] item: Life Orb
|
|-weather|SunnyDay|[upkeep]
|-heal|p1a: Eternatus|82/100|[from] item: Black Sludge
|upkeep
|turn|3
|
|t:|1634362732
|switch|p1a: Necrozma|Necrozma-Dusk-Mane|100/100
|switch|p2a: Necrozma|Necrozma-Dusk-Mane, shiny|100/100
|
|-weather|SunnyDay|[upkeep]
|upkeep
|turn|4
|
|t:|1634362736
|move|p1a: Necrozma|Thunder Wave|p2a: Necrozma
|-status|p2a: Necrozma|par
|cant|p2a: Necrozma|par
|
|-weather|SunnyDay|[upkeep]
|upkeep
|turn|5
|
|t:|1634362740
|move|p1a: Necrozma|Stealth Rock|p2a: Necrozma
|-sidestart|p2: Arcangel666|move: Stealth Rock
|move|p2a: Necrozma|Thunder Wave|p1a: Necrozma
|-status|p1a: Necrozma|par
|
|-weather|none
|upkeep
|turn|6
|
|t:|1634362744
|switch|p1a: Kyogre|Kyogre|100/100
|-weather|RainDance|[from] ability: Drizzle|[of] p1a: Kyogre
|switch|p2a: Yveltal|Yveltal, shiny|100/100
|-damage|p2a: Yveltal|76/100|[from] Stealth Rock
|-ability|p2a: Yveltal|Dark Aura
|
|-weather|RainDance|[upkeep]
|upkeep
|turn|7
|
|t:|1634362748
|move|p2a: Yveltal|Sucker Punch|p1a: Kyogre
|-damage|p1a: Kyogre|38/100
|move|p1a: Kyogre|Water Spout|p2a: Yveltal
|-damage|p2a: Yveltal|13/100
|
|-weather|RainDance|[upkeep]
|upkeep
|turn|8
|
|t:|1634362767
|switch|p1a: Eternatus|Eternatus|82/100
|-ability|p1a: Eternatus|Pressure
|move|p2a: Yveltal|Defog|p1a: Eternatus
|-unboost|p1a: Eternatus|evasion|1
|-sideend|p2: Arcangel666|Stealth Rock|[from] move: Defog|[of] p2a: Yveltal
|
|-weather|RainDance|[upkeep]
|-heal|p1a: Eternatus|88/100|[from] item: Black Sludge
|upkeep
|turn|9
|
|t:|1634362771
|switch|p2a: Necrozma|Necrozma-Dusk-Mane, shiny|100/100 par
|move|p1a: Eternatus|Toxic||[still]
|-fail|p1a: Eternatus
|
|-weather|RainDance|[upkeep]
|-heal|p1a: Eternatus|94/100|[from] item: Black Sludge
|upkeep
|turn|10
|
|t:|1634362777
|switch|p1a: Zekrom|Zekrom|100/100
|-ability|p1a: Zekrom|Teravolt
|cant|p2a: Necrozma|par
|
|-weather|none
|upkeep
|turn|11
|
|t:|1634362780
|switch|p2a: Groudon|Groudon|100/100
|-weather|SunnyDay|[from] ability: Drought|[of] p2a: Groudon
|move|p1a: Zekrom|Dragon Dance|p1a: Zekrom
|-boost|p1a: Zekrom|atk|1
|-boost|p1a: Zekrom|spe|1
|
|-weather|SunnyDay|[upkeep]
|upkeep
|turn|12
|
|t:|1634362786
|move|p1a: Zekrom|Draco Meteor|p2a: Groudon
|-damage|p2a: Groudon|38/100
|-unboost|p1a: Zekrom|spa|2
|-damage|p1a: Zekrom|91/100|[from] item: Life Orb
|move|p2a: Groudon|Precipice Blades|p1a: Zekrom
|-supereffective|p1a: Zekrom
|-damage|p1a: Zekrom|0 fnt
|faint|p1a: Zekrom
|
|-weather|SunnyDay|[upkeep]
|-heal|p2a: Groudon|44/100|[from] item: Leftovers
|upkeep
|
|t:|1634362796
|switch|p1a: Kyogre|Kyogre|38/100
|-weather|RainDance|[from] ability: Drizzle|[of] p1a: Kyogre
|turn|13
|
|t:|1634362801
|switch|p2a: Yveltal|Yveltal, shiny|13/100
|-ability|p2a: Yveltal|Dark Aura
|move|p1a: Kyogre|Origin Pulse|p2a: Yveltal
|-damage|p2a: Yveltal|0 fnt
|faint|p2a: Yveltal
|
|-weather|RainDance|[upkeep]
|upkeep
|
|t:|1634362806
|switch|p2a: Groudon|Groudon|44/100
|-weather|SunnyDay|[from] ability: Drought|[of] p2a: Groudon
|turn|14
|
|t:|1634362813
|switch|p1a: Eternatus|Eternatus|94/100
|-ability|p1a: Eternatus|Pressure
|switch|p2a: Xerneas|Xerneas, shiny|100/100
|-ability|p2a: Xerneas|Fairy Aura
|
|-weather|SunnyDay|[upkeep]
|-heal|p1a: Eternatus|99/100|[from] item: Black Sludge
|upkeep
|turn|15
|
|t:|1634362818
|move|p1a: Eternatus|Mystical Fire|p2a: Xerneas
|-damage|p2a: Xerneas|70/100
|-unboost|p2a: Xerneas|spa|1
|move|p2a: Xerneas|Psyshock|p1a: Eternatus
|-supereffective|p1a: Eternatus
|-damage|p1a: Eternatus|72/100
|
|-weather|SunnyDay|[upkeep]
|-heal|p1a: Eternatus|78/100|[from] item: Black Sludge
|upkeep
|turn|16
|
|t:|1634362825
|switch|p2a: Necrozma|Necrozma-Dusk-Mane, shiny|100/100 par
|move|p1a: Eternatus|Mystical Fire|p2a: Necrozma
|-supereffective|p2a: Necrozma
|-damage|p2a: Necrozma|67/100 par
|-unboost|p2a: Necrozma|spa|1
|
|-weather|SunnyDay|[upkeep]
|-heal|p1a: Eternatus|84/100|[from] item: Black Sludge
|-heal|p2a: Necrozma|73/100 par|[from] item: Leftovers
|upkeep
|turn|17
|
|t:|1634362835
|switch|p1a: Yveltal|Yveltal|100/100
|-ability|p1a: Yveltal|Dark Aura
|move|p2a: Necrozma|Knock Off|p1a: Yveltal
|-resisted|p1a: Yveltal
|-damage|p1a: Yveltal|84/100
|-enditem|p1a: Yveltal|Choice Scarf|[from] move: Knock Off|[of] p2a: Necrozma
|
|-weather|SunnyDay|[upkeep]
|-heal|p2a: Necrozma|79/100 par|[from] item: Leftovers
|upkeep
|turn|18
|
|t:|1634362845
|switch|p2a: Xerneas|Xerneas, shiny|70/100
|-ability|p2a: Xerneas|Fairy Aura
|move|p1a: Yveltal|Foul Play|p2a: Xerneas
|-resisted|p2a: Xerneas
|-damage|p2a: Xerneas|51/100
|
|-weather|none
|upkeep
|turn|19
|
|t:|1634362851
|switch|p1a: Ferrothorn|Ferrothorn, F|100/100
|move|p2a: Xerneas|Moonblast|p1a: Ferrothorn
|-resisted|p1a: Ferrothorn
|-damage|p1a: Ferrothorn|79/100
|
|-heal|p1a: Ferrothorn|85/100|[from] item: Leftovers
|upkeep
|turn|20
|
|t:|1634362856
|switch|p2a: Groudon|Groudon|44/100
|-weather|SunnyDay|[from] ability: Drought|[of] p2a: Groudon
|move|p1a: Ferrothorn|Spikes|p2a: Groudon
|-sidestart|p2: Arcangel666|Spikes
|
|-weather|SunnyDay|[upkeep]
|-heal|p2a: Groudon|51/100|[from] item: Leftovers
|-heal|p1a: Ferrothorn|92/100|[from] item: Leftovers
|upkeep
|turn|21
|
|t:|1634362863
|switch|p1a: Yveltal|Yveltal|84/100
|-ability|p1a: Yveltal|Dark Aura
|move|p2a: Groudon|Precipice Blades|p1a: Yveltal
|-immune|p1a: Yveltal
|
|-weather|SunnyDay|[upkeep]
|-heal|p2a: Groudon|57/100|[from] item: Leftovers
|upkeep
|turn|22
|
|t:|1634362867
|move|p1a: Yveltal|Foul Play|p2a: Groudon
|-damage|p2a: Groudon|27/100
|move|p2a: Groudon|Stone Edge|p1a: Yveltal|[miss]
|-miss|p2a: Groudon|p1a: Yveltal
|
|-weather|SunnyDay|[upkeep]
|-heal|p2a: Groudon|33/100|[from] item: Leftovers
|upkeep
|turn|23
|
|t:|1634362871
|move|p1a: Yveltal|Foul Play|p2a: Groudon
|-damage|p2a: Groudon|4/100
|move|p2a: Groudon|Stone Edge|p1a: Yveltal
|-supereffective|p1a: Yveltal
|-damage|p1a: Yveltal|31/100
|
|-weather|SunnyDay|[upkeep]
|-heal|p2a: Groudon|10/100|[from] item: Leftovers
|upkeep
|turn|24
|
|t:|1634362876
|move|p1a: Yveltal|Roost|p1a: Yveltal
|-heal|p1a: Yveltal|81/100
|-singleturn|p1a: Yveltal|move: Roost
|move|p2a: Groudon|Stone Edge|p1a: Yveltal
|-crit|p1a: Yveltal
|-damage|p1a: Yveltal|39/100
|
|-weather|none
|-heal|p2a: Groudon|16/100|[from] item: Leftovers
|upkeep
|turn|25
|
|t:|1634362880
|move|p1a: Yveltal|Roost|p1a: Yveltal
|-heal|p1a: Yveltal|89/100
|-singleturn|p1a: Yveltal|move: Roost
|move|p2a: Groudon|Stone Edge|p1a: Yveltal
|-damage|p1a: Yveltal|62/100
|
|-heal|p2a: Groudon|23/100|[from] item: Leftovers
|upkeep
|turn|26
|
|t:|1634362884
|move|p1a: Yveltal|Foul Play|p2a: Groudon
|-damage|p2a: Groudon|0 fnt
|faint|p2a: Groudon
|
|upkeep
|
|t:|1634362890
|switch|p2a: Kyurem|Kyurem-White, shiny|73/100
|-damage|p2a: Kyurem|61/100|[from] Spikes
|-ability|p2a: Kyurem|Turboblaze
|turn|27
|
|t:|1634362899
|switch|p1a: Necrozma|Necrozma-Dusk-Mane|100/100 par
|move|p2a: Kyurem|Freeze-Dry|p1a: Necrozma
|-resisted|p1a: Necrozma
|-damage|p1a: Necrozma|76/100 par
|-damage|p2a: Kyurem|51/100|[from] item: Life Orb
|
|upkeep
|turn|28
|
|t:|1634362908
|move|p2a: Kyurem|Fusion Flare|p1a: Necrozma
|-supereffective|p1a: Necrozma
|-damage|p1a: Necrozma|6/100 par
|-damage|p2a: Kyurem|41/100|[from] item: Life Orb
|move|p1a: Necrozma|Thunder Wave|p2a: Kyurem|[miss]
|-miss|p1a: Necrozma|p2a: Kyurem
|
|upkeep
|turn|29
|
|t:|1634362916
|switch|p1a: Eternatus|Eternatus|84/100
|-ability|p1a: Eternatus|Pressure
|move|p2a: Kyurem|Ice Beam|p1a: Eternatus
|-supereffective|p1a: Eternatus
|-damage|p1a: Eternatus|0 fnt
|faint|p1a: Eternatus
|-damage|p2a: Kyurem|31/100|[from] item: Life Orb
|
|upkeep
|
|t:|1634362927
|switch|p1a: Kyogre|Kyogre|38/100
|-weather|RainDance|[from] ability: Drizzle|[of] p1a: Kyogre
|turn|30
|
|t:|1634362930
|move|p2a: Kyurem|Freeze-Dry|p1a: Kyogre
|-supereffective|p1a: Kyogre
|-damage|p1a: Kyogre|0 fnt
|faint|p1a: Kyogre
|-damage|p2a: Kyurem|21/100|[from] item: Life Orb
|
|-weather|RainDance|[upkeep]
|upkeep
|
|t:|1634362935
|switch|p1a: Ferrothorn|Ferrothorn, F|92/100
|turn|31
|
|t:|1634362939
|move|p2a: Kyurem|Ice Beam|p1a: Ferrothorn
|-damage|p1a: Ferrothorn|46/100
|-damage|p2a: Kyurem|11/100|[from] item: Life Orb
|move|p1a: Ferrothorn|Leech Seed|p2a: Kyurem
|-start|p2a: Kyurem|move: Leech Seed
|
|-weather|RainDance|[upkeep]
|-heal|p1a: Ferrothorn|52/100|[from] item: Leftovers
|-damage|p2a: Kyurem|0 fnt|[from] Leech Seed|[of] p1a: Ferrothorn
|-heal|p1a: Ferrothorn|64/100|[silent]
|faint|p2a: Kyurem
|upkeep
|j| Hoennseptile
|
|t:|1634362944
|switch|p2a: Xerneas|Xerneas, shiny|51/100
|-damage|p2a: Xerneas|38/100|[from] Spikes
|-ability|p2a: Xerneas|Fairy Aura
|turn|32
|
|t:|1634362948
|move|p1a: Ferrothorn|Protect|p1a: Ferrothorn
|-singleturn|p1a: Ferrothorn|Protect
|move|p2a: Xerneas|Focus Blast|p1a: Ferrothorn
|-activate|p1a: Ferrothorn|move: Protect
|
|-weather|RainDance|[upkeep]
|-heal|p1a: Ferrothorn|70/100|[from] item: Leftovers
|upkeep
|turn|33
|
|t:|1634362956
|move|p2a: Xerneas|Focus Blast|p1a: Ferrothorn|[miss]
|-miss|p2a: Xerneas|p1a: Ferrothorn
|move|p1a: Ferrothorn|Spikes|p2a: Xerneas
|-sidestart|p2: Arcangel666|Spikes
|
|-weather|RainDance|[upkeep]
|-heal|p1a: Ferrothorn|76/100|[from] item: Leftovers
|upkeep
|turn|34
|
|t:|1634362959
|move|p1a: Ferrothorn|Protect|p1a: Ferrothorn
|-singleturn|p1a: Ferrothorn|Protect
|move|p2a: Xerneas|Focus Blast|p1a: Ferrothorn
|-activate|p1a: Ferrothorn|move: Protect
|
|-weather|none
|-heal|p1a: Ferrothorn|83/100|[from] item: Leftovers
|upkeep
|turn|35
|
|t:|1634362962
|move|p2a: Xerneas|Focus Blast|p1a: Ferrothorn|[miss]
|-miss|p2a: Xerneas|p1a: Ferrothorn
|move|p1a: Ferrothorn|Leech Seed|p2a: Xerneas
|-start|p2a: Xerneas|move: Leech Seed
|
|-heal|p1a: Ferrothorn|89/100|[from] item: Leftovers
|-damage|p2a: Xerneas|26/100|[from] Leech Seed|[of] p1a: Ferrothorn
|-heal|p1a: Ferrothorn|100/100|[silent]
|upkeep
|turn|36
|
|t:|1634362967
|move|p1a: Ferrothorn|Protect|p1a: Ferrothorn
|-singleturn|p1a: Ferrothorn|Protect
|move|p2a: Xerneas|Geomancy||[still]
|-prepare|p2a: Xerneas|Geomancy
|-enditem|p2a: Xerneas|Power Herb
|-anim|p2a: Xerneas|Geomancy|p2a: Xerneas
|-boost|p2a: Xerneas|spa|2
|-boost|p2a: Xerneas|spd|2
|-boost|p2a: Xerneas|spe|2
|
|-damage|p2a: Xerneas|13/100|[from] Leech Seed|[of] p1a: Ferrothorn
|upkeep
|turn|37
|
|t:|1634362973
|move|p1a: Ferrothorn|Protect||[still]
|-fail|p1a: Ferrothorn
|move|p2a: Xerneas|Focus Blast|p1a: Ferrothorn|[miss]
|-miss|p2a: Xerneas|p1a: Ferrothorn
|
|-damage|p2a: Xerneas|1/100|[from] Leech Seed|[of] p1a: Ferrothorn
|upkeep
|turn|38
|
|t:|1634362977
|move|p1a: Ferrothorn|Protect|p1a: Ferrothorn
|-singleturn|p1a: Ferrothorn|Protect
|move|p2a: Xerneas|Focus Blast|p1a: Ferrothorn
|-activate|p1a: Ferrothorn|move: Protect
|
|-damage|p2a: Xerneas|0 fnt|[from] Leech Seed|[of] p1a: Ferrothorn
|faint|p2a: Xerneas
|upkeep
|
|t:|1634362983
|switch|p2a: Calyrex|Calyrex-Shadow|100/100
|-ability|p2a: Calyrex|As One
|-ability|p2a: Calyrex|Unnerve
|-damage|p2a: Calyrex|84/100|[from] Spikes
|turn|39
|
|t:|1634362988
|move|p2a: Calyrex|Nasty Plot|p2a: Calyrex
|-boost|p2a: Calyrex|spa|2
|move|p1a: Ferrothorn|Knock Off|p2a: Calyrex
|-supereffective|p2a: Calyrex
|-damage|p2a: Calyrex|0 fnt
|-enditem|p2a: Calyrex|Focus Sash|[from] move: Knock Off|[of] p1a: Ferrothorn
|faint|p2a: Calyrex
|
|upkeep
|
|t:|1634362990
|switch|p2a: Necrozma|Necrozma-Dusk-Mane, shiny|79/100 par
|-damage|p2a: Necrozma|63/100 par|[from] Spikes
|turn|40
|-message|Arcangel666 forfeited.
|
|win|Waking Water
|raw|Waking Water's rating: 1450 &rarr; <strong>1473</strong><br />(+23 for winning)
|raw|Arcangel666's rating: 1499 &rarr; <strong>1476</strong><br />(-23 for losing)
|l|☆Arcangel666
