|j|☆Kage UwU
|j|☆Xibalbaa
|t:|1650816341
|gametype|singles
|player|p1|Kage UwU|psychic-gen4|1370
|player|p2|Xibalbaa|emmet|1382
|teamsize|p1|6
|teamsize|p2|6
|gen|8
|tier|[Gen 8] Ubers
|rated|
|rule|Sleep Clause Mod: Limit one foe put to sleep
|rule|Species Clause: Limit one of each Pokémon
|rule|OHKO Clause: OHKO moves are banned
|rule|Evasion Moves Clause: Evasion moves are banned
|rule|Endless Battle Clause: Forcing endless battles is banned
|rule|HP Percentage Mod: HP is shown in percentages
|rule|Dynamax Clause: You cannot dynamax
|clearpoke
|poke|p1|Yveltal|
|poke|p1|Ferrothorn, F|
|poke|p1|Necrozma-Dusk-Mane|
|poke|p1|Groudon|
|poke|p1|Eternatus|
|poke|p1|Blissey, F|
|poke|p2|Necrozma-Dusk-Mane|
|poke|p2|Porygon2|
|poke|p2|Calyrex-Ice|
|poke|p2|Magearna|
|poke|p2|Zygarde|
|poke|p2|Kyogre|
|teampreview
|inactive|Battle timer is ON: inactive players will automatically lose when time's up. (requested by Kage UwU)
|inactive|Kage UwU has 120 seconds left.
|
|t:|1650816382
|start
|switch|p1a: Hamsuke|Ferrothorn, F|100/100
|switch|p2a: Zygarde|Zygarde|100/100
|turn|1
|
|t:|1650816392
|move|p2a: Zygarde|Thousand Waves|p1a: Hamsuke
|-damage|p1a: Hamsuke|78/100
|-activate|p1a: Hamsuke|trapped
|move|p1a: Hamsuke|Spikes|p2a: Zygarde
|-sidestart|p2: Xibalbaa|Spikes
|
|-heal|p1a: Hamsuke|84/100|[from] item: Leftovers
|upkeep
|turn|2
|
|t:|1650816402
|move|p2a: Zygarde|Coil|p2a: Zygarde
|-boost|p2a: Zygarde|atk|1
|-boost|p2a: Zygarde|def|1
|-boost|p2a: Zygarde|accuracy|1
|move|p1a: Hamsuke|Leech Seed|p2a: Zygarde
|-start|p2a: Zygarde|move: Leech Seed
|
|-heal|p1a: Hamsuke|91/100|[from] item: Leftovers
|-damage|p2a: Zygarde|88/100|[from] Leech Seed|[of] p1a: Hamsuke
|-heal|p1a: Hamsuke|100/100|[silent]
|upkeep
|turn|3
|
|t:|1650816416
|move|p2a: Zygarde|Coil|p2a: Zygarde
|-boost|p2a: Zygarde|atk|1
|-boost|p2a: Zygarde|def|1
|-boost|p2a: Zygarde|accuracy|1
|move|p1a: Hamsuke|Spikes|p2a: Zygarde
|-sidestart|p2: Xibalbaa|Spikes
|
|-heal|p2a: Zygarde|94/100|[from] item: Leftovers
|-damage|p2a: Zygarde|82/100|[from] Leech Seed|[of] p1a: Hamsuke
|upkeep
|turn|4
|
|t:|1650816425
|move|p2a: Zygarde|Coil|p2a: Zygarde
|-boost|p2a: Zygarde|atk|1
|-boost|p2a: Zygarde|def|1
|-boost|p2a: Zygarde|accuracy|1
|move|p1a: Hamsuke|Knock Off|p2a: Zygarde
|-damage|p2a: Zygarde|75/100
|-enditem|p2a: Zygarde|Leftovers|[from] move: Knock Off|[of] p1a: Hamsuke
|
|-damage|p2a: Zygarde|63/100|[from] Leech Seed|[of] p1a: Hamsuke
|upkeep
|turn|5
|
|t:|1650816436
|move|p2a: Zygarde|Scale Shot|p1a: Hamsuke
|-resisted|p1a: Hamsuke
|-damage|p1a: Hamsuke|92/100
|-resisted|p1a: Hamsuke
|-damage|p1a: Hamsuke|83/100
|-resisted|p1a: Hamsuke
|-damage|p1a: Hamsuke|74/100
|-resisted|p1a: Hamsuke
|-damage|p1a: Hamsuke|66/100
|-hitcount|p1a: Hamsuke|4
|-unboost|p2a: Zygarde|def|1
|-boost|p2a: Zygarde|spe|1
|move|p1a: Hamsuke|Spikes|p2a: Zygarde
|-sidestart|p2: Xibalbaa|Spikes
|
|-heal|p1a: Hamsuke|72/100|[from] item: Leftovers
|-damage|p2a: Zygarde|50/100|[from] Leech Seed|[of] p1a: Hamsuke
|-heal|p1a: Hamsuke|86/100|[silent]
|-activate|p2a: Zygarde|ability: Power Construct
|detailschange|p2a: Zygarde|Zygarde-Complete
|-heal|p2a: Zygarde|69/100|[silent]
|upkeep
|turn|6
|
|t:|1650816454
|move|p2a: Zygarde|Scale Shot|p1a: Hamsuke
|-resisted|p1a: Hamsuke
|-damage|p1a: Hamsuke|77/100
|-resisted|p1a: Hamsuke
|-damage|p1a: Hamsuke|69/100
|-resisted|p1a: Hamsuke
|-damage|p1a: Hamsuke|61/100
|-hitcount|p1a: Hamsuke|3
|-unboost|p2a: Zygarde|def|1
|-boost|p2a: Zygarde|spe|1
|move|p1a: Hamsuke|Body Press|p2a: Zygarde
|-damage|p2a: Zygarde|59/100
|
|-heal|p1a: Hamsuke|67/100|[from] item: Leftovers
|-damage|p2a: Zygarde|47/100|[from] Leech Seed|[of] p1a: Hamsuke
|-heal|p1a: Hamsuke|88/100|[silent]
|upkeep
|turn|7
|
|t:|1650816470
|move|p2a: Zygarde|Coil|p2a: Zygarde
|-boost|p2a: Zygarde|atk|1
|-boost|p2a: Zygarde|def|1
|-boost|p2a: Zygarde|accuracy|1
|move|p1a: Hamsuke|Body Press|p2a: Zygarde
|-damage|p2a: Zygarde|39/100
|
|-heal|p1a: Hamsuke|94/100|[from] item: Leftovers
|-damage|p2a: Zygarde|27/100|[from] Leech Seed|[of] p1a: Hamsuke
|-heal|p1a: Hamsuke|100/100|[silent]
|upkeep
|turn|8
|
|t:|1650816479
|move|p2a: Zygarde|Rest|p2a: Zygarde
|-status|p2a: Zygarde|slp|[from] move: Rest
|-heal|p2a: Zygarde|100/100 slp|[silent]
|move|p1a: Hamsuke|Body Press|p2a: Zygarde
|-damage|p2a: Zygarde|94/100 slp
|
|-damage|p2a: Zygarde|81/100 slp|[from] Leech Seed|[of] p1a: Hamsuke
|upkeep
|turn|9
|
|t:|1650816489
|cant|p2a: Zygarde|slp
|move|p1a: Hamsuke|Body Press|p2a: Zygarde
|-damage|p2a: Zygarde|74/100 slp
|
|-damage|p2a: Zygarde|61/100 slp|[from] Leech Seed|[of] p1a: Hamsuke
|upkeep
|turn|10
|
|t:|1650816495
|cant|p2a: Zygarde|slp
|move|p1a: Hamsuke|Body Press|p2a: Zygarde
|-damage|p2a: Zygarde|54/100 slp
|
|-damage|p2a: Zygarde|42/100 slp|[from] Leech Seed|[of] p1a: Hamsuke
|upkeep
|turn|11
|
|t:|1650816502
|-curestatus|p2a: Zygarde|slp|[msg]
|move|p2a: Zygarde|Thousand Waves|p1a: Hamsuke
|-damage|p1a: Hamsuke|25/100
|move|p1a: Hamsuke|Body Press|p2a: Zygarde
|-damage|p2a: Zygarde|35/100
|
|-heal|p1a: Hamsuke|32/100|[from] item: Leftovers
|-damage|p2a: Zygarde|23/100|[from] Leech Seed|[of] p1a: Hamsuke
|-heal|p1a: Hamsuke|53/100|[silent]
|upkeep
|turn|12
|
|t:|1650816513
|move|p2a: Zygarde|Rest|p2a: Zygarde
|-status|p2a: Zygarde|slp|[from] move: Rest
|-heal|p2a: Zygarde|100/100 slp|[silent]
|move|p1a: Hamsuke|Body Press|p2a: Zygarde
|-damage|p2a: Zygarde|94/100 slp
|
|-heal|p1a: Hamsuke|59/100|[from] item: Leftovers
|-damage|p2a: Zygarde|81/100 slp|[from] Leech Seed|[of] p1a: Hamsuke
|-heal|p1a: Hamsuke|80/100|[silent]
|upkeep
|turn|13
|
|t:|1650816522
|cant|p2a: Zygarde|slp
|move|p1a: Hamsuke|Body Press|p2a: Zygarde
|-crit|p2a: Zygarde
|-damage|p2a: Zygarde|61/100 slp
|
|-heal|p1a: Hamsuke|86/100|[from] item: Leftovers
|-damage|p2a: Zygarde|48/100 slp|[from] Leech Seed|[of] p1a: Hamsuke
|-heal|p1a: Hamsuke|100/100|[silent]
|upkeep
|turn|14
|
|t:|1650816530
|cant|p2a: Zygarde|slp
|move|p1a: Hamsuke|Body Press|p2a: Zygarde
|-damage|p2a: Zygarde|41/100 slp
|
|-damage|p2a: Zygarde|28/100 slp|[from] Leech Seed|[of] p1a: Hamsuke
|upkeep
|turn|15
|
|t:|1650816547
|-curestatus|p2a: Zygarde|slp|[msg]
|move|p2a: Zygarde|Rest|p2a: Zygarde
|-status|p2a: Zygarde|slp|[from] move: Rest
|-heal|p2a: Zygarde|100/100 slp|[silent]
|move|p1a: Hamsuke|Body Press|p2a: Zygarde
|-damage|p2a: Zygarde|94/100 slp
|
|-damage|p2a: Zygarde|81/100 slp|[from] Leech Seed|[of] p1a: Hamsuke
|upkeep
|turn|16
|
|t:|1650816556
|cant|p2a: Zygarde|slp
|move|p1a: Hamsuke|Body Press|p2a: Zygarde
|-damage|p2a: Zygarde|75/100 slp
|
|-damage|p2a: Zygarde|62/100 slp|[from] Leech Seed|[of] p1a: Hamsuke
|upkeep
|turn|17
|
|t:|1650816563
|cant|p2a: Zygarde|slp
|move|p1a: Hamsuke|Body Press|p2a: Zygarde
|-crit|p2a: Zygarde
|-damage|p2a: Zygarde|41/100 slp
|
|-damage|p2a: Zygarde|28/100 slp|[from] Leech Seed|[of] p1a: Hamsuke
|upkeep
|turn|18
|
|t:|1650816570
|-curestatus|p2a: Zygarde|slp|[msg]
|move|p2a: Zygarde|Rest|p2a: Zygarde
|-status|p2a: Zygarde|slp|[from] move: Rest
|-heal|p2a: Zygarde|100/100 slp|[silent]
|move|p1a: Hamsuke|Body Press|p2a: Zygarde
|-damage|p2a: Zygarde|94/100 slp
|
|-damage|p2a: Zygarde|82/100 slp|[from] Leech Seed|[of] p1a: Hamsuke
|upkeep
|turn|19
|
|t:|1650816580
|cant|p2a: Zygarde|slp
|move|p1a: Hamsuke|Body Press|p2a: Zygarde
|-crit|p2a: Zygarde
|-damage|p2a: Zygarde|62/100 slp
|
|-damage|p2a: Zygarde|49/100 slp|[from] Leech Seed|[of] p1a: Hamsuke
|upkeep
|turn|20
|
|t:|1650816587
|cant|p2a: Zygarde|slp
|move|p1a: Hamsuke|Body Press|p2a: Zygarde
|-damage|p2a: Zygarde|42/100 slp
|
|-damage|p2a: Zygarde|30/100 slp|[from] Leech Seed|[of] p1a: Hamsuke
|upkeep
|turn|21
|
|t:|1650816593
|-curestatus|p2a: Zygarde|slp|[msg]
|move|p2a: Zygarde|Rest|p2a: Zygarde
|-status|p2a: Zygarde|slp|[from] move: Rest
|-heal|p2a: Zygarde|100/100 slp|[silent]
|move|p1a: Hamsuke|Body Press|p2a: Zygarde
|-damage|p2a: Zygarde|94/100 slp
|
|-damage|p2a: Zygarde|81/100 slp|[from] Leech Seed|[of] p1a: Hamsuke
|upkeep
|turn|22
|
|t:|1650816603
|cant|p2a: Zygarde|slp
|move|p1a: Hamsuke|Knock Off|p2a: Zygarde
|-damage|p2a: Zygarde|78/100 slp
|
|-damage|p2a: Zygarde|65/100 slp|[from] Leech Seed|[of] p1a: Hamsuke
|upkeep
|turn|23
|
|t:|1650816609
|cant|p2a: Zygarde|slp
|move|p1a: Hamsuke|Knock Off|p2a: Zygarde
|-damage|p2a: Zygarde|62/100 slp
|
|-damage|p2a: Zygarde|50/100 slp|[from] Leech Seed|[of] p1a: Hamsuke
|upkeep
|turn|24
|
|t:|1650816615
|-curestatus|p2a: Zygarde|slp|[msg]
|move|p2a: Zygarde|Coil|p2a: Zygarde
|-boost|p2a: Zygarde|atk|1
|-boost|p2a: Zygarde|def|1
|-boost|p2a: Zygarde|accuracy|1
|move|p1a: Hamsuke|Knock Off|p2a: Zygarde
|-damage|p2a: Zygarde|47/100
|
|-damage|p2a: Zygarde|35/100|[from] Leech Seed|[of] p1a: Hamsuke
|upkeep
|turn|25
|
|t:|1650816625
|move|p2a: Zygarde|Rest|p2a: Zygarde
|-status|p2a: Zygarde|slp|[from] move: Rest
|-heal|p2a: Zygarde|100/100 slp|[silent]
|move|p1a: Hamsuke|Knock Off|p2a: Zygarde
|-damage|p2a: Zygarde|98/100 slp
|
|-damage|p2a: Zygarde|86/100 slp|[from] Leech Seed|[of] p1a: Hamsuke
|upkeep
|turn|26
|
|t:|1650816634
|cant|p2a: Zygarde|slp
|move|p1a: Hamsuke|Knock Off|p2a: Zygarde
|-crit|p2a: Zygarde
|-damage|p2a: Zygarde|77/100 slp
|
|-damage|p2a: Zygarde|64/100 slp|[from] Leech Seed|[of] p1a: Hamsuke
|upkeep
|turn|27
|
|t:|1650816640
|cant|p2a: Zygarde|slp
|move|p1a: Hamsuke|Knock Off|p2a: Zygarde
|-damage|p2a: Zygarde|61/100 slp
|
|-damage|p2a: Zygarde|49/100 slp|[from] Leech Seed|[of] p1a: Hamsuke
|upkeep
|turn|28
|
|t:|1650816646
|-curestatus|p2a: Zygarde|slp|[msg]
|move|p2a: Zygarde|Thousand Waves|p1a: Hamsuke
|-damage|p1a: Hamsuke|16/100
|move|p1a: Hamsuke|Knock Off|p2a: Zygarde
|-damage|p2a: Zygarde|46/100
|
|-heal|p1a: Hamsuke|22/100|[from] item: Leftovers
|-damage|p2a: Zygarde|34/100|[from] Leech Seed|[of] p1a: Hamsuke
|-heal|p1a: Hamsuke|43/100|[silent]
|upkeep
|turn|29
|
|t:|1650816656
|move|p2a: Zygarde|Thousand Waves|p1a: Hamsuke
|-damage|p1a: Hamsuke|0 fnt
|faint|p1a: Hamsuke
|
|upkeep
|
|t:|1650816664
|switch|p1a: Shalltear|Yveltal, shiny|100/100
|-ability|p1a: Shalltear|Dark Aura
|turn|30
|
|t:|1650816675
|move|p2a: Zygarde|Scale Shot|p1a: Shalltear
|-damage|p1a: Shalltear|69/100
|-damage|p1a: Shalltear|36/100
|-damage|p1a: Shalltear|5/100
|-damage|p1a: Shalltear|0 fnt
|faint|p1a: Shalltear
|-hitcount|p1: Shalltear|4
|-unboost|p2a: Zygarde|def|1
|-boost|p2a: Zygarde|spe|1
|
|upkeep
|
|t:|1650816685
|switch|p1a: Albedo|Groudon|100/100
|-weather|SunnyDay|[from] ability: Drought|[of] p1a: Albedo
|turn|31
|
|t:|1650816690
|move|p2a: Zygarde|Thousand Waves|p1a: Albedo
|-damage|p1a: Albedo|31/100
|-activate|p1a: Albedo|trapped
|move|p1a: Albedo|Precipice Blades|p2a: Zygarde
|-damage|p2a: Zygarde|22/100
|
|-weather|SunnyDay|[upkeep]
|-heal|p1a: Albedo|37/100|[from] item: Leftovers
|-damage|p2a: Zygarde|9/100|[from] Leech Seed|[of] p1a: Albedo
|-heal|p1a: Albedo|55/100|[silent]
|upkeep
|turn|32
|
|t:|1650816713
|move|p2a: Zygarde|Rest|p2a: Zygarde
|-status|p2a: Zygarde|slp|[from] move: Rest
|-heal|p2a: Zygarde|100/100 slp|[silent]
|move|p1a: Albedo|Toxic|p2a: Zygarde|[miss]
|-miss|p1a: Albedo|p2a: Zygarde
|
|-weather|SunnyDay|[upkeep]
|-heal|p1a: Albedo|61/100|[from] item: Leftovers
|-damage|p2a: Zygarde|88/100 slp|[from] Leech Seed|[of] p1a: Albedo
|-heal|p1a: Albedo|80/100|[silent]
|upkeep
|turn|33
|
|t:|1650816725
|cant|p2a: Zygarde|slp
|move|p1a: Albedo|Precipice Blades|p2a: Zygarde
|-damage|p2a: Zygarde|75/100 slp
|
|-weather|SunnyDay|[upkeep]
|-heal|p1a: Albedo|86/100|[from] item: Leftovers
|-damage|p2a: Zygarde|63/100 slp|[from] Leech Seed|[of] p1a: Albedo
|-heal|p1a: Albedo|100/100|[silent]
|upkeep
|turn|34
|
|t:|1650816737
|cant|p2a: Zygarde|slp
|move|p1a: Albedo|Stone Edge|p2a: Zygarde|[miss]
|-miss|p1a: Albedo|p2a: Zygarde
|
|-weather|SunnyDay|[upkeep]
|-damage|p2a: Zygarde|50/100 slp|[from] Leech Seed|[of] p1a: Albedo
|upkeep
|turn|35
|
|t:|1650816743
|-curestatus|p2a: Zygarde|slp|[msg]
|move|p2a: Zygarde|Thousand Waves|p1a: Albedo
|-damage|p1a: Albedo|27/100
|move|p1a: Albedo|Stone Edge|p2a: Zygarde
|-resisted|p2a: Zygarde
|-damage|p2a: Zygarde|47/100
|
|-weather|none
|-heal|p1a: Albedo|33/100|[from] item: Leftovers
|-damage|p2a: Zygarde|34/100|[from] Leech Seed|[of] p1a: Albedo
|-heal|p1a: Albedo|51/100|[silent]
|upkeep
|turn|36
|
|t:|1650816754
|move|p2a: Zygarde|Thousand Waves|p1a: Albedo
|-damage|p1a: Albedo|0 fnt
|faint|p1a: Albedo
|
|upkeep
|-message|Kage UwU forfeited.
|
|win|Xibalbaa
|raw|Kage UwU's rating: 1370 &rarr; <strong>1351</strong><br />(-19 for losing)
|raw|Xibalbaa's rating: 1382 &rarr; <strong>1401</strong><br />(+19 for winning)
|l|☆Kage UwU
