|j|☆hjuyttdd
|j|☆skimmythegod
|t:|1638638912
|gametype|singles
|player|p1|hjuyttdd|aromalady|
|player|p2|skimmythegod|dawn|
|teamsize|p1|6
|teamsize|p2|6
|gen|8
|tier|[Gen 8] Ubers
|rule|Sleep Clause Mod: Limit one foe put to sleep
|rule|Species Clause: Limit one of each Pokémon
|rule|OHKO Clause: OHKO moves are banned
|rule|Evasion Moves Clause: Evasion moves are banned
|rule|Endless Battle Clause: Forcing endless battles is banned
|rule|HP Percentage Mod: HP is shown in percentages
|rule|Dynamax Clause: You cannot dynamax
|clearpoke
|poke|p1|Necrozma-Dusk-Mane|
|poke|p1|Ho-Oh|
|poke|p1|Giratina-Origin|
|poke|p1|Marshadow|
|poke|p1|Eternatus|
|poke|p1|Urshifu-*, F|
|poke|p2|Slurpuff, M|
|poke|p2|Reshiram|
|poke|p2|Necrozma-Dusk-Mane|
|poke|p2|Mewtwo|
|poke|p2|Groudon|
|poke|p2|Yveltal|
|teampreview
|inactive|Battle timer is ON: inactive players will automatically lose when time's up. (requested by skimmythegod)
|c|☆skimmythegod|dd reshiram will win
|inactive|hjuyttdd has 270 seconds left.
|
|t:|1638638949
|start
|switch|p1a: Marshadow|Marshadow|100/100
|switch|p2a: Slurpuff|Slurpuff, M|100/100
|turn|1
|
|t:|1638638960
|move|p1a: Marshadow|Close Combat|p2a: Slurpuff
|-resisted|p2a: Slurpuff
|-damage|p2a: Slurpuff|12/100
|-unboost|p1a: Marshadow|def|1
|-unboost|p1a: Marshadow|spd|1
|move|p2a: Slurpuff|Sticky Web|p1a: Marshadow
|-sidestart|p1: hjuyttdd|move: Sticky Web
|
|upkeep
|turn|2
|
|t:|1638638971
|move|p1a: Marshadow|Close Combat|p2a: Slurpuff
|-resisted|p2a: Slurpuff
|-damage|p2a: Slurpuff|0 fnt
|-unboost|p1a: Marshadow|def|1
|-unboost|p1a: Marshadow|spd|1
|faint|p2a: Slurpuff
|
|upkeep
|
|t:|1638638979
|switch|p2a: Mewtwo|Mewtwo|100/100
|-ability|p2a: Mewtwo|Pressure
|turn|3
|
|t:|1638638983
|switch|p1a: Giratina|Giratina-Origin|100/100
|move|p2a: Mewtwo|Nasty Plot|p2a: Mewtwo
|-boost|p2a: Mewtwo|spa|2
|
|upkeep
|turn|4
|
|t:|1638638993
|switch|p1a: Necrozma|Necrozma-Dusk-Mane|100/100
|-activate|p1a: Necrozma|move: Sticky Web
|-unboost|p1a: Necrozma|spe|1
|move|p2a: Mewtwo|Ice Beam|p1a: Necrozma
|-resisted|p1a: Necrozma
|-damage|p1a: Necrozma|74/100
|-damage|p2a: Mewtwo|91/100|[from] item: Life Orb
|
|upkeep
|turn|5
|
|t:|1638639000
|move|p2a: Mewtwo|Fire Blast|p1a: Necrozma
|-supereffective|p1a: Necrozma
|-crit|p1a: Necrozma
|-damage|p1a: Necrozma|0 fnt
|faint|p1a: Necrozma
|-damage|p2a: Mewtwo|81/100|[from] item: Life Orb
|
|upkeep
|
|t:|1638639001
|switch|p1a: Marshadow|Marshadow|100/100
|-activate|p1a: Marshadow|move: Sticky Web
|-unboost|p1a: Marshadow|spe|1
|turn|6
|
|t:|1638639004
|switch|p2a: Yveltal|Yveltal|100/100
|-ability|p2a: Yveltal|Dark Aura
|move|p1a: Marshadow|Shadow Sneak|p2a: Yveltal
|-resisted|p2a: Yveltal
|-damage|p2a: Yveltal|79/100
|
|upkeep
|turn|7
|
|t:|1638639009
|switch|p2a: Mewtwo|Mewtwo|81/100
|-ability|p2a: Mewtwo|Pressure
|switch|p1a: Eternatus|Eternatus|100/100
|-ability|p1a: Eternatus|Pressure
|
|upkeep
|turn|8
|
|t:|1638639014
|switch|p1a: Ho-Oh|Ho-Oh|100/100
|move|p2a: Mewtwo|Nasty Plot|p2a: Mewtwo
|-boost|p2a: Mewtwo|spa|2
|
|upkeep
|turn|9
|
|t:|1638639017
|switch|p1a: Urshifu|Urshifu, F|100/100
|-activate|p1a: Urshifu|move: Sticky Web
|-unboost|p1a: Urshifu|spe|1
|move|p2a: Mewtwo|Psystrike|p1a: Urshifu
|-immune|p1a: Urshifu
|
|upkeep
|turn|10
|
|t:|1638639021
|move|p1a: Urshifu|Sucker Punch|p2a: Mewtwo
|-supereffective|p2a: Mewtwo
|-damage|p2a: Mewtwo|0 fnt
|faint|p2a: Mewtwo
|
|upkeep
|
|t:|1638639023
|switch|p2a: Reshiram|Reshiram|100/100
|-ability|p2a: Reshiram|Turboblaze
|turn|11
|c|☆skimmythegod|gg
|
|t:|1638639038
|switch|p1a: Marshadow|Marshadow|100/100
|-activate|p1a: Marshadow|move: Sticky Web
|-unboost|p1a: Marshadow|spe|1
|move|p2a: Reshiram|Dragon Dance|p2a: Reshiram
|-boost|p2a: Reshiram|atk|1
|-boost|p2a: Reshiram|spe|1
|
|upkeep
|turn|12
|
|t:|1638639042
|move|p2a: Reshiram|Flare Blitz|p1a: Marshadow
|-damage|p1a: Marshadow|0 fnt
|faint|p1a: Marshadow
|-damage|p2a: Reshiram|69/100|[from] Recoil
|
|upkeep
|
|t:|1638639046
|switch|p1a: Urshifu|Urshifu, F|100/100
|-activate|p1a: Urshifu|move: Sticky Web
|-unboost|p1a: Urshifu|spe|1
|turn|13
|
|t:|1638639049
|move|p2a: Reshiram|Flare Blitz|p1a: Urshifu
|-damage|p1a: Urshifu|0 fnt
|faint|p1a: Urshifu
|-damage|p2a: Reshiram|36/100|[from] Recoil
|
|upkeep
|
|t:|1638639053
|switch|p1a: Eternatus|Eternatus|100/100
|-ability|p1a: Eternatus|Pressure
|turn|14
|c|☆skimmythegod|gone
|
|t:|1638639057
|move|p2a: Reshiram|Dragon Claw|p1a: Eternatus
|-supereffective|p1a: Eternatus
|-damage|p1a: Eternatus|0 fnt
|faint|p1a: Eternatus
|
|upkeep
|c|☆hjuyttdd|dayum
|
|t:|1638639064
|switch|p1a: Ho-Oh|Ho-Oh|100/100
|turn|15
|
|t:|1638639066
|move|p2a: Reshiram|Stone Edge|p1a: Ho-Oh
|-supereffective|p1a: Ho-Oh
|-damage|p1a: Ho-Oh|0 fnt
|faint|p1a: Ho-Oh
|
|upkeep
|
|t:|1638639068
|switch|p1a: Giratina|Giratina-Origin|100/100
|turn|16
|
|t:|1638639071
|move|p1a: Giratina|Shadow Sneak|p2a: Reshiram
|-damage|p2a: Reshiram|10/100
|move|p2a: Reshiram|Dragon Claw|p1a: Giratina
|-supereffective|p1a: Giratina
|-damage|p1a: Giratina|18/100
|
|upkeep
|turn|17
|c|☆skimmythegod|nice sacks
|
|t:|1638639080
|move|p1a: Giratina|Shadow Sneak|p2a: Reshiram
|-damage|p2a: Reshiram|0 fnt
|faint|p2a: Reshiram
|
|upkeep
|c|☆skimmythegod|ill give u 2 too
|
|t:|1638639091
|switch|p2a: Groudon|Groudon|100/100
|-weather|SunnyDay|[from] ability: Drought|[of] p2a: Groudon
|turn|18
|
|t:|1638639119
|move|p2a: Groudon|Rock Polish|p2a: Groudon
|-boost|p2a: Groudon|spe|2
|move|p1a: Giratina|Will-O-Wisp|p2a: Groudon
|-status|p2a: Groudon|brn
|
|-weather|SunnyDay|[upkeep]
|-damage|p2a: Groudon|94/100 brn|[from] brn
|upkeep
|turn|19
|
|t:|1638639124
|move|p2a: Groudon|Rock Polish|p2a: Groudon
|-boost|p2a: Groudon|spe|2
|move|p1a: Giratina|Poltergeist|p2a: Groudon
|-activate|p2a: Groudon|move: Poltergeist|Life Orb
|-damage|p2a: Groudon|43/100 brn
|
|-weather|SunnyDay|[upkeep]
|-damage|p2a: Groudon|37/100 brn|[from] brn
|upkeep
|turn|20
|
|t:|1638639128
|move|p2a: Groudon|Rock Polish|p2a: Groudon
|-boost|p2a: Groudon|spe|2
|move|p1a: Giratina|Poltergeist|p2a: Groudon
|-activate|p2a: Groudon|move: Poltergeist|Life Orb
|-damage|p2a: Groudon|0 fnt
|faint|p2a: Groudon
|
|-weather|SunnyDay|[upkeep]
|upkeep
|
|t:|1638639132
|switch|p2a: Necrozma|Necrozma-Dusk-Mane|100/100
|turn|21
|
|t:|1638639157
|move|p2a: Necrozma|Dragon Dance|p2a: Necrozma
|-boost|p2a: Necrozma|atk|1
|-boost|p2a: Necrozma|spe|1
|move|p1a: Giratina|Poltergeist|p2a: Necrozma
|-activate|p2a: Necrozma|move: Poltergeist|Weakness Policy
|-supereffective|p2a: Necrozma
|-damage|p2a: Necrozma|15/100
|-enditem|p2a: Necrozma|Weakness Policy
|-boost|p2a: Necrozma|atk|2|[from] item: Weakness Policy
|-boost|p2a: Necrozma|spa|2|[from] item: Weakness Policy
|
|-weather|SunnyDay|[upkeep]
|upkeep
|turn|22
|
|t:|1638639165
|move|p1a: Giratina|Shadow Sneak|p2a: Necrozma
|-supereffective|p2a: Necrozma
|-damage|p2a: Necrozma|0 fnt
|faint|p2a: Necrozma
|
|-weather|none
|upkeep
|
|t:|1638639167
|switch|p2a: Yveltal|Yveltal|79/100
|-ability|p2a: Yveltal|Dark Aura
|turn|23
|c|☆skimmythegod|gg
|
|t:|1638639186
|move|p2a: Yveltal|Dark Pulse|p1a: Giratina
|-supereffective|p1a: Giratina
|-damage|p1a: Giratina|0 fnt
|faint|p1a: Giratina
|-damage|p2a: Yveltal|69/100|[from] item: Life Orb
|
|win|skimmythegod
