|j|☆Na-K-ATPase
|j|☆SSaki Haise
|player|p1|Na-K-ATPase|101|1505
|player|p2|SSaki Haise|165|1428
|teamsize|p1|6
|teamsize|p2|6
|gametype|singles
|gen|8
|tier|[Gen 8] Ubers
|rated|
|clearpoke
|poke|p1|Chansey, F|
|poke|p1|Skarmory, F|
|poke|p1|Gyarados, M|
|poke|p1|Lunala|
|poke|p1|Gothitelle, F|
|poke|p1|Darmanitan-Galar, M|
|poke|p2|Necrozma-Dusk-Mane|
|poke|p2|Zacian-Crowned|
|poke|p2|Kyurem-Black|
|poke|p2|Lunala|
|poke|p2|Quagsire, F|
|poke|p2|Blissey, F|
|rule|Sleep Clause Mod: Limit one foe put to sleep
|rule|Species Clause: Limit one of each Pokémon
|rule|OHKO Clause: OHKO moves are banned
|rule|Evasion Moves Clause: Evasion moves are banned
|rule|Endless Battle Clause: Forcing endless battles is banned
|rule|HP Percentage Mod: HP is shown in percentages
|html|Ubers Dynamax Clause: Pokémon on the <a href="https://www.smogon.com/dex/ss/formats/uber/">Ubers Dynamax Banlist</a> cannot Dynamax.
|teampreview
|
|start
|switch|p1a: Darmanitan|Darmanitan-Galar, M|100/100
|switch|p2a: Necrozma|Necrozma-Dusk-Mane|100/100
|turn|1
|
|move|p1a: Darmanitan|U-turn|p2a: Necrozma
|-crit|p2a: Necrozma
|-damage|p2a: Necrozma|70/100
|
|switch|p1a: Skarmory|Skarmory, F|100/100|[from]move: U-turn
|move|p2a: Necrozma|Thunder Wave|p1a: Skarmory
|-status|p1a: Skarmory|par
|
|-heal|p2a: Necrozma|76/100|[from] item: Leftovers
|upkeep
|turn|2
|
|switch|p2a: Kyurem|Kyurem-Black|100/100
|-ability|p2a: Kyurem|Teravolt
|cant|p1a: Skarmory|par
|
|upkeep
|turn|3
|
|switch|p1a: Lunala|Lunala|100/100
|move|p2a: Kyurem|Dragon Dance|p2a: Kyurem
|-boost|p2a: Kyurem|atk|1
|-boost|p2a: Kyurem|spe|1
|
|upkeep
|turn|4
|
|-start|p2a: Kyurem|Dynamax
|-heal|p2a: Kyurem|100/100|[silent]
|move|p2a: Kyurem|Max Phantasm|p1a: Lunala
|-supereffective|p1a: Lunala
|-damage|p1a: Lunala|0 fnt
|faint|p1a: Lunala
|
|upkeep
|
|switch|p1a: Gyarados|Gyarados, M|100/100
|-ability|p1a: Gyarados|Intimidate|boost
|-unboost|p2a: Kyurem|atk|1
|turn|5
|
|switch|p1a: Darmanitan|Darmanitan-Galar, M|100/100
|move|p2a: Kyurem|Max Lightning|p1a: Darmanitan
|-damage|p1a: Darmanitan|0 fnt
|-fieldstart|move: Electric Terrain
|faint|p1a: Darmanitan
|
|upkeep
|
|switch|p1a: Gyarados|Gyarados, M|100/100
|-ability|p1a: Gyarados|Intimidate|boost
|-unboost|p2a: Kyurem|atk|1
|turn|6
|c|☆Na-K-ATPase|Dang this shit fucks my whole team
|
|switch|p1a: Skarmory|Skarmory, F|100/100 par
|move|p2a: Kyurem|Max Lightning|p1a: Skarmory
|-supereffective|p1a: Skarmory
|-damage|p1a: Skarmory|38/100 par
|
|-end|p2a: Kyurem|Dynamax
|-heal|p2a: Kyurem|100/100|[silent]
|upkeep
|turn|7
|inactive|Battle timer is ON: inactive players will automatically lose when time's up. (requested by Na-K-ATPase)
|c|☆SSaki Haise|yeah it can be tough to deal with
|
|move|p2a: Kyurem|Dragon Dance|p2a: Kyurem
|-boost|p2a: Kyurem|atk|1
|-boost|p2a: Kyurem|spe|1
|move|p1a: Skarmory|Taunt|p2a: Kyurem
|-start|p2a: Kyurem|move: Taunt
|
|upkeep
|turn|8
|
|move|p2a: Kyurem|Fusion Bolt|p1a: Skarmory
|-supereffective|p1a: Skarmory
|-damage|p1a: Skarmory|0 fnt
|faint|p1a: Skarmory
|
|upkeep
|
|switch|p1a: Gothitelle|Gothitelle, F|100/100
|turn|9
|
|move|p2a: Kyurem|Shadow Claw|p1a: Gothitelle
|-supereffective|p1a: Gothitelle
|-damage|p1a: Gothitelle|34/100
|move|p1a: Gothitelle|Thunder Wave|p2a: Kyurem
|-status|p2a: Kyurem|par
|
|-fieldend|move: Electric Terrain
|upkeep
|turn|10
|
|switch|p1a: Chansey|Chansey, F|100/100
|move|p2a: Kyurem|Shadow Claw|p1a: Chansey
|-immune|p1a: Chansey
|
|-end|p2a: Kyurem|move: Taunt
|upkeep
|turn|11
|
|cant|p2a: Kyurem|par
|move|p1a: Chansey|Stealth Rock|p2a: Kyurem
|-sidestart|p2: SSaki Haise|move: Stealth Rock
|
|upkeep
|turn|12
|
|move|p2a: Kyurem|Dragon Dance|p2a: Kyurem
|-boost|p2a: Kyurem|atk|1
|-boost|p2a: Kyurem|spe|1
|move|p1a: Chansey|Teleport|p1a: Chansey
|
|switch|p1a: Gothitelle|Gothitelle, F|34/100|[from]move: Teleport
|
|upkeep
|turn|13
|
|move|p2a: Kyurem|Fusion Bolt|p1a: Gothitelle
|-damage|p1a: Gothitelle|0 fnt
|faint|p1a: Gothitelle
|
|upkeep
|
|switch|p1a: Gyarados|Gyarados, M|100/100
|-ability|p1a: Gyarados|Intimidate|boost
|-unboost|p2a: Kyurem|atk|1
|turn|14
|
|move|p2a: Kyurem|Fusion Bolt|p1a: Gyarados
|-supereffective|p1a: Gyarados
|-damage|p1a: Gyarados|0 fnt
|faint|p1a: Gyarados
|
|upkeep
|-message|Na-K-ATPase forfeited.
|
|win|SSaki Haise
|l|☆Na-K-ATPase
|raw|Na-K-ATPase's rating: 1506 &rarr; <strong>1483</strong><br />(-23 for losing)
|raw|SSaki Haise's rating: 1453 &rarr; <strong>1476</strong><br />(+23 for winning)
