|j|☆Tf974
|j|☆PokeDuels Blue
|t:|1635263426
|gametype|singles
|player|p1|Tf974|steven|1571
|player|p2|PokeDuels Blue|1|1702
|teamsize|p1|6
|teamsize|p2|6
|gen|8
|tier|[Gen 8] Ubers
|rated|
|rule|Sleep Clause Mod: Limit one foe put to sleep
|rule|Species Clause: Limit one of each Pokémon
|rule|OHKO Clause: OHKO moves are banned
|rule|Evasion Moves Clause: Evasion moves are banned
|rule|Endless Battle Clause: Forcing endless battles is banned
|rule|HP Percentage Mod: HP is shown in percentages
|rule|Dynamax Clause: You cannot dynamax
|clearpoke
|poke|p1|Marshadow|
|poke|p1|Eternatus|
|poke|p1|Calyrex-Shadow|
|poke|p1|Ho-Oh|
|poke|p1|Groudon|
|poke|p1|Xerneas-*|
|poke|p2|Tyranitar, M|
|poke|p2|Ho-Oh|
|poke|p2|Dialga|
|poke|p2|Zygarde|
|poke|p2|Eternatus|
|poke|p2|Blissey, F|
|teampreview
|
|t:|1635263447
|start
|switch|p1a: Eternatus|Eternatus|100/100
|switch|p2a: Zygarde|Zygarde|100/100
|-ability|p1a: Eternatus|Pressure
|turn|1
|
|t:|1635263458
|switch|p1a: Groudon|Groudon|100/100
|-weather|SunnyDay|[from] ability: Drought|[of] p1a: Groudon
|switch|p2a: Blissey|Blissey, F|100/100
|
|-weather|SunnyDay|[upkeep]
|upkeep
|turn|2
|
|t:|1635263460
|switch|p2a: Zygarde|Zygarde|100/100
|move|p1a: Groudon|Stealth Rock|p2a: Zygarde
|-sidestart|p2: PokeDuels Blue|move: Stealth Rock
|
|-weather|SunnyDay|[upkeep]
|upkeep
|turn|3
|
|t:|1635263465
|switch|p1a: Xerneas|Xerneas|100/100
|-ability|p1a: Xerneas|Fairy Aura
|move|p2a: Zygarde|Glare|p1a: Xerneas
|-status|p1a: Xerneas|par
|
|-weather|SunnyDay|[upkeep]
|upkeep
|turn|4
|
|t:|1635263469
|switch|p2a: Eternatus|Eternatus|100/100
|-damage|p2a: Eternatus|88/100|[from] Stealth Rock
|-ability|p2a: Eternatus|Pressure
|move|p1a: Xerneas|Play Rough|p2a: Eternatus
|-damage|p2a: Eternatus|46/100
|-unboost|p2a: Eternatus|atk|1
|
|-weather|SunnyDay|[upkeep]
|upkeep
|turn|5
|
|t:|1635263472
|move|p2a: Eternatus|Recover|p2a: Eternatus
|-heal|p2a: Eternatus|96/100
|move|p1a: Xerneas|Play Rough|p2a: Eternatus|[miss]
|-miss|p1a: Xerneas|p2a: Eternatus
|
|-weather|none
|upkeep
|turn|6
|
|t:|1635263475
|switch|p2a: Ho-Oh|Ho-Oh|100/100
|switch|p1a: Eternatus|Eternatus|100/100
|-ability|p1a: Eternatus|Pressure
|
|upkeep
|turn|7
|
|t:|1635263481
|switch|p1a: Calyrex|Calyrex-Shadow|100/100
|-ability|p1a: Calyrex|As One
|-ability|p1a: Calyrex|Unnerve
|switch|p2a: Blissey|Blissey, F|100/100
|-damage|p2a: Blissey|88/100|[from] Stealth Rock
|
|upkeep
|turn|8
|
|t:|1635263485
|switch|p2a: Tyranitar|Tyranitar, M|100/100
|-damage|p2a: Tyranitar|88/100|[from] Stealth Rock
|-weather|Sandstorm|[from] ability: Sand Stream|[of] p2a: Tyranitar
|move|p1a: Calyrex|Trick|p2a: Tyranitar
|-activate|p1a: Calyrex|move: Trick|[of] p2a: Tyranitar
|-item|p2a: Tyranitar|Choice Specs|[from] move: Trick
|-item|p1a: Calyrex|Leftovers|[from] move: Trick
|
|-weather|Sandstorm|[upkeep]
|-damage|p1a: Calyrex|94/100|[from] Sandstorm
|-heal|p1a: Calyrex|100/100|[from] item: Leftovers
|upkeep
|turn|9
|
|t:|1635263488
|switch|p1a: Groudon|Groudon|100/100
|-weather|SunnyDay|[from] ability: Drought|[of] p1a: Groudon
|move|p2a: Tyranitar|Thunder Wave|p1a: Groudon
|-immune|p1a: Groudon
|
|-weather|SunnyDay|[upkeep]
|upkeep
|turn|10
|
|t:|1635263492
|switch|p1a: Eternatus|Eternatus|100/100
|-ability|p1a: Eternatus|Pressure
|switch|p2a: Zygarde|Zygarde|100/100
|-damage|p2a: Zygarde|94/100|[from] Stealth Rock
|
|-weather|SunnyDay|[upkeep]
|-heal|p2a: Zygarde|100/100|[from] item: Leftovers
|upkeep
|turn|11
|
|t:|1635263497
|switch|p2a: Blissey|Blissey, F|88/100
|-damage|p2a: Blissey|76/100|[from] Stealth Rock
|move|p1a: Eternatus|Dynamax Cannon|p2a: Blissey
|-damage|p2a: Blissey|60/100
|
|-weather|SunnyDay|[upkeep]
|upkeep
|turn|12
|
|t:|1635263499
|move|p1a: Eternatus|Dynamax Cannon|p2a: Blissey
|-damage|p2a: Blissey|45/100
|move|p2a: Blissey|Soft-Boiled|p2a: Blissey
|-heal|p2a: Blissey|95/100
|
|-weather|SunnyDay|[upkeep]
|upkeep
|turn|13
|
|t:|1635263504
|switch|p1a: Groudon|Groudon|100/100
|move|p2a: Blissey|Wish|p2a: Blissey
|
|-weather|none
|upkeep
|turn|14
|
|t:|1635263511
|switch|p1a: Eternatus|Eternatus|100/100
|-ability|p1a: Eternatus|Pressure
|switch|p2a: Zygarde|Zygarde|100/100
|-damage|p2a: Zygarde|94/100|[from] Stealth Rock
|
|-heal|p2a: Zygarde|100/100|[from] move: Wish|[wisher] Blissey
|upkeep
|turn|15
|
|t:|1635263516
|move|p1a: Eternatus|Dynamax Cannon|p2a: Zygarde
|-supereffective|p2a: Zygarde
|-damage|p2a: Zygarde|2/100
|move|p2a: Zygarde|Glare|p1a: Eternatus
|-status|p1a: Eternatus|par
|
|-heal|p2a: Zygarde|8/100|[from] item: Leftovers
|-activate|p2a: Zygarde|ability: Power Construct
|detailschange|p2a: Zygarde|Zygarde-Complete
|-heal|p2a: Zygarde|43/100|[silent]
|upkeep
|turn|16
|
|t:|1635263529
|switch|p2a: Ho-Oh|Ho-Oh|100/100
|move|p1a: Eternatus|Dynamax Cannon|p2a: Ho-Oh
|-damage|p2a: Ho-Oh|72/100
|
|upkeep
|turn|17
|
|t:|1635263534
|switch|p2a: Blissey|Blissey, F|95/100
|-damage|p2a: Blissey|82/100|[from] Stealth Rock
|move|p1a: Eternatus|Meteor Beam||[still]
|-prepare|p1a: Eternatus|Meteor Beam
|-boost|p1a: Eternatus|spa|1
|-enditem|p1a: Eternatus|Power Herb
|-anim|p1a: Eternatus|Meteor Beam|p2a: Blissey
|-damage|p2a: Blissey|65/100
|
|upkeep
|turn|18
|
|t:|1635263539
|switch|p1a: Groudon|Groudon|100/100
|-weather|SunnyDay|[from] ability: Drought|[of] p1a: Groudon
|move|p2a: Blissey|Wish|p2a: Blissey
|
|-weather|SunnyDay|[upkeep]
|upkeep
|turn|19
|
|t:|1635263544
|switch|p2a: Zygarde|Zygarde-Complete|43/100
|-damage|p2a: Zygarde|37/100|[from] Stealth Rock
|move|p1a: Groudon|Precipice Blades|p2a: Zygarde
|-damage|p2a: Zygarde|10/100
|
|-weather|SunnyDay|[upkeep]
|-heal|p2a: Zygarde|72/100|[from] move: Wish|[wisher] Blissey
|-heal|p2a: Zygarde|78/100|[from] item: Leftovers
|upkeep
|turn|20
|
|t:|1635263548
|switch|p1a: Xerneas|Xerneas|100/100 par
|-ability|p1a: Xerneas|Fairy Aura
|move|p2a: Zygarde|Glare|p1a: Xerneas
|-fail|p1a: Xerneas|par
|
|-weather|SunnyDay|[upkeep]
|-heal|p2a: Zygarde|84/100|[from] item: Leftovers
|upkeep
|turn|21
|
|t:|1635263553
|switch|p2a: Eternatus|Eternatus|96/100
|-damage|p2a: Eternatus|84/100|[from] Stealth Rock
|-ability|p2a: Eternatus|Pressure
|switch|p1a: Calyrex|Calyrex-Shadow|100/100
|-ability|p1a: Calyrex|As One
|-ability|p1a: Calyrex|Unnerve
|
|-weather|SunnyDay|[upkeep]
|upkeep
|turn|22
|
|t:|1635263562
|switch|p2a: Tyranitar|Tyranitar, M|88/100
|-damage|p2a: Tyranitar|76/100|[from] Stealth Rock
|-weather|Sandstorm|[from] ability: Sand Stream|[of] p2a: Tyranitar
|switch|p1a: Groudon|Groudon|100/100
|-weather|SunnyDay|[from] ability: Drought|[of] p1a: Groudon
|
|-weather|SunnyDay|[upkeep]
|upkeep
|turn|23
|
|t:|1635263569
|switch|p1a: Xerneas|Xerneas|100/100 par
|-ability|p1a: Xerneas|Fairy Aura
|switch|p2a: Zygarde|Zygarde-Complete|84/100
|-damage|p2a: Zygarde|78/100|[from] Stealth Rock
|
|-weather|SunnyDay|[upkeep]
|-heal|p2a: Zygarde|84/100|[from] item: Leftovers
|upkeep
|turn|24
|
|t:|1635263573
|switch|p2a: Eternatus|Eternatus|84/100
|-damage|p2a: Eternatus|71/100|[from] Stealth Rock
|-ability|p2a: Eternatus|Pressure
|cant|p1a: Xerneas|par
|
|-weather|SunnyDay|[upkeep]
|upkeep
|turn|25
|
|t:|1635263578
|move|p2a: Eternatus|Recover|p2a: Eternatus
|-heal|p2a: Eternatus|100/100
|move|p1a: Xerneas|Play Rough|p2a: Eternatus
|-crit|p2a: Eternatus
|-damage|p2a: Eternatus|43/100
|
|-weather|SunnyDay|[upkeep]
|upkeep
|turn|26
|
|t:|1635263580
|switch|p1a: Calyrex|Calyrex-Shadow|100/100
|-ability|p1a: Calyrex|As One
|-ability|p1a: Calyrex|Unnerve
|move|p2a: Eternatus|Recover|p2a: Eternatus
|-heal|p2a: Eternatus|93/100
|
|-weather|none
|upkeep
|turn|27
|
|t:|1635263583
|switch|p2a: Tyranitar|Tyranitar, M|76/100
|-damage|p2a: Tyranitar|63/100|[from] Stealth Rock
|-weather|Sandstorm|[from] ability: Sand Stream|[of] p2a: Tyranitar
|move|p1a: Calyrex|Aromatherapy|p1a: Calyrex
|-activate|p1a: Calyrex|move: Aromatherapy
|-curestatus|p1: Eternatus|par|[msg]
|-curestatus|p1: Xerneas|par|[msg]
|
|-weather|Sandstorm|[upkeep]
|-damage|p1a: Calyrex|94/100|[from] Sandstorm
|-heal|p1a: Calyrex|100/100|[from] item: Leftovers
|upkeep
|turn|28
|
|t:|1635263591
|switch|p1a: Ho-Oh|Ho-Oh|100/100
|move|p2a: Tyranitar|Rest|p2a: Tyranitar
|-status|p2a: Tyranitar|slp|[from] move: Rest
|-heal|p2a: Tyranitar|100/100 slp|[silent]
|
|-weather|Sandstorm|[upkeep]
|-damage|p1a: Ho-Oh|94/100|[from] Sandstorm
|upkeep
|turn|29
|
|t:|1635263602
|switch|p1a: Xerneas|Xerneas|100/100
|-ability|p1a: Xerneas|Fairy Aura
|cant|p2a: Tyranitar|slp
|
|-weather|Sandstorm|[upkeep]
|-damage|p1a: Xerneas|94/100|[from] Sandstorm
|upkeep
|turn|30
|
|t:|1635263621
|switch|p1a: Groudon|Groudon|100/100
|-weather|SunnyDay|[from] ability: Drought|[of] p1a: Groudon
|switch|p2a: Eternatus|Eternatus|93/100
|-damage|p2a: Eternatus|81/100|[from] Stealth Rock
|-ability|p2a: Eternatus|Pressure
|
|-weather|SunnyDay|[upkeep]
|upkeep
|turn|31
|
|t:|1635263629
|switch|p2a: Zygarde|Zygarde-Complete|84/100
|-damage|p2a: Zygarde|78/100|[from] Stealth Rock
|switch|p1a: Xerneas|Xerneas|94/100
|-ability|p1a: Xerneas|Fairy Aura
|
|-weather|SunnyDay|[upkeep]
|-heal|p2a: Zygarde|84/100|[from] item: Leftovers
|upkeep
|turn|32
|
|t:|1635263638
|switch|p1a: Eternatus|Eternatus|100/100
|-ability|p1a: Eternatus|Pressure
|switch|p2a: Ho-Oh|Ho-Oh|100/100
|
|-weather|SunnyDay|[upkeep]
|upkeep
|turn|33
|
|t:|1635263644
|switch|p1a: Groudon|Groudon|100/100
|move|p2a: Ho-Oh|Defog|p1a: Groudon
|-unboost|p1a: Groudon|evasion|1
|-sideend|p2: PokeDuels Blue|Stealth Rock|[from] move: Defog|[of] p2a: Ho-Oh
|
|-weather|SunnyDay|[upkeep]
|upkeep
|turn|34
|
|t:|1635263649
|move|p2a: Ho-Oh|Sacred Fire|p1a: Groudon
|-damage|p1a: Groudon|68/100
|-status|p1a: Groudon|brn
|move|p1a: Groudon|Stealth Rock|p2a: Ho-Oh
|-sidestart|p2: PokeDuels Blue|move: Stealth Rock
|
|-weather|none
|-heal|p1a: Groudon|74/100 brn|[from] item: Leftovers
|-damage|p1a: Groudon|68/100 brn|[from] brn
|upkeep
|turn|35
|
|t:|1635263659
|move|p2a: Ho-Oh|Defog|p1a: Groudon
|-unboost|p1a: Groudon|evasion|1
|-sideend|p2: PokeDuels Blue|Stealth Rock|[from] move: Defog|[of] p2a: Ho-Oh
|move|p1a: Groudon|Thunder Wave|p2a: Ho-Oh
|-status|p2a: Ho-Oh|par
|
|-heal|p1a: Groudon|74/100 brn|[from] item: Leftovers
|-damage|p1a: Groudon|68/100 brn|[from] brn
|upkeep
|turn|36
|
|t:|1635263664
|move|p1a: Groudon|Stealth Rock|p2a: Ho-Oh
|-sidestart|p2: PokeDuels Blue|move: Stealth Rock
|cant|p2a: Ho-Oh|par
|
|-heal|p1a: Groudon|74/100 brn|[from] item: Leftovers
|-damage|p1a: Groudon|68/100 brn|[from] brn
|upkeep
|turn|37
|
|t:|1635263674
|switch|p1a: Calyrex|Calyrex-Shadow|100/100
|-ability|p1a: Calyrex|As One
|-ability|p1a: Calyrex|Unnerve
|move|p2a: Ho-Oh|Defog|p1a: Calyrex
|-unboost|p1a: Calyrex|evasion|1
|-sideend|p2: PokeDuels Blue|Stealth Rock|[from] move: Defog|[of] p2a: Ho-Oh
|
|upkeep
|turn|38
|
|t:|1635263680
|switch|p2a: Tyranitar|Tyranitar, M|100/100 slp
|-weather|Sandstorm|[from] ability: Sand Stream|[of] p2a: Tyranitar
|move|p1a: Calyrex|Trick|p2a: Tyranitar
|-activate|p1a: Calyrex|move: Trick|[of] p2a: Tyranitar
|-item|p2a: Tyranitar|Leftovers|[from] move: Trick
|-item|p1a: Calyrex|Choice Specs|[from] move: Trick
|
|-weather|Sandstorm|[upkeep]
|-damage|p1a: Calyrex|94/100|[from] Sandstorm
|upkeep
|turn|39
|
|t:|1635263691
|move|p1a: Calyrex|Trick|p2a: Tyranitar
|-activate|p1a: Calyrex|move: Trick|[of] p2a: Tyranitar
|-item|p2a: Tyranitar|Choice Specs|[from] move: Trick
|-item|p1a: Calyrex|Leftovers|[from] move: Trick
|cant|p2a: Tyranitar|slp
|
|-weather|Sandstorm|[upkeep]
|-damage|p1a: Calyrex|88/100|[from] Sandstorm
|-heal|p1a: Calyrex|94/100|[from] item: Leftovers
|upkeep
|turn|40
|
|t:|1635263702
|move|p1a: Calyrex|Aromatherapy|p1a: Calyrex
|-activate|p1a: Calyrex|move: Aromatherapy
|-curestatus|p1: Groudon|brn|[msg]
|-curestatus|p2a: Tyranitar|slp|[msg]
|move|p2a: Tyranitar|Stealth Rock|p1a: Calyrex
|-sidestart|p1: Tf974|move: Stealth Rock
|
|-weather|Sandstorm|[upkeep]
|-damage|p1a: Calyrex|88/100|[from] Sandstorm
|-heal|p1a: Calyrex|94/100|[from] item: Leftovers
|upkeep
|turn|41
|
|t:|1635263707
|switch|p2a: Ho-Oh|Ho-Oh|100/100 par
|move|p1a: Calyrex|Psyshock|p2a: Ho-Oh
|-damage|p2a: Ho-Oh|69/100 par
|
|-weather|Sandstorm|[upkeep]
|-damage|p1a: Calyrex|88/100|[from] Sandstorm
|-damage|p2a: Ho-Oh|63/100 par|[from] Sandstorm
|-heal|p1a: Calyrex|94/100|[from] item: Leftovers
|upkeep
|turn|42
|
|t:|1635263710
|switch|p2a: Tyranitar|Tyranitar, M|100/100
|move|p1a: Calyrex|Astral Barrage|p2a: Tyranitar
|-resisted|p2a: Tyranitar
|-damage|p2a: Tyranitar|86/100
|
|-weather|none
|-heal|p1a: Calyrex|100/100|[from] item: Leftovers
|upkeep
|turn|43
|
|t:|1635263714
|switch|p1a: Ho-Oh|Ho-Oh|100/100
|move|p2a: Tyranitar|Foul Play|p1a: Ho-Oh
|-damage|p1a: Ho-Oh|66/100
|
|upkeep
|turn|44
|
|t:|1635263719
|switch|p2a: Ho-Oh|Ho-Oh|96/100 par
|move|p1a: Ho-Oh|Defog|p2a: Ho-Oh
|-unboost|p2a: Ho-Oh|evasion|1
|-sideend|p1: Tf974|Stealth Rock|[from] move: Defog|[of] p1a: Ho-Oh
|
|upkeep
|turn|45
|
|t:|1635263723
|switch|p1a: Eternatus|Eternatus|100/100
|-ability|p1a: Eternatus|Pressure
|move|p2a: Ho-Oh|Brave Bird|p1a: Eternatus
|-damage|p1a: Eternatus|56/100
|-damage|p2a: Ho-Oh|81/100 par|[from] Recoil
|
|upkeep
|turn|46
|
|t:|1635263728
|switch|p1a: Groudon|Groudon|68/100
|-weather|SunnyDay|[from] ability: Drought|[of] p1a: Groudon
|switch|p2a: Blissey|Blissey, F|65/100
|
|-weather|SunnyDay|[upkeep]
|-heal|p1a: Groudon|74/100|[from] item: Leftovers
|upkeep
|turn|47
|
|t:|1635263739
|switch|p2a: Zygarde|Zygarde-Complete|84/100
|move|p1a: Groudon|Stealth Rock|p2a: Zygarde
|-sidestart|p2: PokeDuels Blue|move: Stealth Rock
|
|-weather|SunnyDay|[upkeep]
|-heal|p2a: Zygarde|90/100|[from] item: Leftovers
|-heal|p1a: Groudon|80/100|[from] item: Leftovers
|upkeep
|turn|48
|
|t:|1635263743
|switch|p1a: Calyrex|Calyrex-Shadow|100/100
|-ability|p1a: Calyrex|As One
|-ability|p1a: Calyrex|Unnerve
|move|p2a: Zygarde|Glare|p1a: Calyrex
|-status|p1a: Calyrex|par
|
|-weather|SunnyDay|[upkeep]
|-heal|p2a: Zygarde|97/100|[from] item: Leftovers
|upkeep
|turn|49
|
|t:|1635263750
|move|p2a: Zygarde|Thousand Arrows|p1a: Calyrex
|-damage|p1a: Calyrex|60/100 par
|move|p1a: Calyrex|Aromatherapy|p1a: Calyrex
|-activate|p1a: Calyrex|move: Aromatherapy
|-curestatus|p1a: Calyrex|par|[msg]
|
|-weather|SunnyDay|[upkeep]
|-heal|p1a: Calyrex|66/100|[from] item: Leftovers
|-heal|p2a: Zygarde|100/100|[from] item: Leftovers
|upkeep
|turn|50
|
|t:|1635263755
|switch|p1a: Xerneas|Xerneas|94/100
|-ability|p1a: Xerneas|Fairy Aura
|switch|p2a: Tyranitar|Tyranitar, M|86/100
|-damage|p2a: Tyranitar|73/100|[from] Stealth Rock
|-weather|Sandstorm|[from] ability: Sand Stream|[of] p2a: Tyranitar
|
|-weather|Sandstorm|[upkeep]
|-damage|p1a: Xerneas|88/100|[from] Sandstorm
|upkeep
|turn|51
|
|t:|1635263765
|switch|p1a: Groudon|Groudon|80/100
|-weather|SunnyDay|[from] ability: Drought|[of] p1a: Groudon
|switch|p2a: Eternatus|Eternatus|81/100
|-damage|p2a: Eternatus|69/100|[from] Stealth Rock
|-ability|p2a: Eternatus|Pressure
|
|-weather|SunnyDay|[upkeep]
|-heal|p1a: Groudon|86/100|[from] item: Leftovers
|upkeep
|turn|52
|
|t:|1635263769
|switch|p2a: Zygarde|Zygarde-Complete|100/100
|-damage|p2a: Zygarde|94/100|[from] Stealth Rock
|move|p1a: Groudon|Precipice Blades|p2a: Zygarde
|-damage|p2a: Zygarde|71/100
|
|-weather|SunnyDay|[upkeep]
|-heal|p2a: Zygarde|77/100|[from] item: Leftovers
|-heal|p1a: Groudon|92/100|[from] item: Leftovers
|upkeep
|turn|53
|
|t:|1635263776
|move|p2a: Zygarde|Glare|p1a: Groudon
|-status|p1a: Groudon|par
|move|p1a: Groudon|Precipice Blades|p2a: Zygarde
|-damage|p2a: Zygarde|50/100
|
|-weather|SunnyDay|[upkeep]
|-heal|p2a: Zygarde|56/100|[from] item: Leftovers
|-heal|p1a: Groudon|99/100 par|[from] item: Leftovers
|upkeep
|turn|54
|
|t:|1635263779
|move|p2a: Zygarde|Thousand Arrows|p1a: Groudon
|-damage|p1a: Groudon|82/100 par
|move|p1a: Groudon|Precipice Blades|p2a: Zygarde
|-damage|p2a: Zygarde|30/100
|
|-weather|SunnyDay|[upkeep]
|-heal|p2a: Zygarde|36/100|[from] item: Leftovers
|-heal|p1a: Groudon|88/100 par|[from] item: Leftovers
|upkeep
|turn|55
|
|t:|1635263782
|switch|p1a: Xerneas|Xerneas|88/100
|-ability|p1a: Xerneas|Fairy Aura
|move|p2a: Zygarde|Rest|p2a: Zygarde
|-status|p2a: Zygarde|slp|[from] move: Rest
|-heal|p2a: Zygarde|100/100 slp|[silent]
|
|-weather|none
|upkeep
|turn|56
|
|t:|1635263796
|switch|p1a: Groudon|Groudon|88/100 par
|-weather|SunnyDay|[from] ability: Drought|[of] p1a: Groudon
|switch|p2a: Ho-Oh|Ho-Oh|100/100 par
|
|-weather|SunnyDay|[upkeep]
|-heal|p1a: Groudon|95/100 par|[from] item: Leftovers
|upkeep
|turn|57
|
|t:|1635263802
|switch|p2a: Zygarde|Zygarde-Complete|100/100 slp
|-damage|p2a: Zygarde|94/100 slp|[from] Stealth Rock
|cant|p1a: Groudon|par
|
|-weather|SunnyDay|[upkeep]
|-heal|p2a: Zygarde|100/100 slp|[from] item: Leftovers
|-heal|p1a: Groudon|100/100 par|[from] item: Leftovers
|upkeep
|turn|58
|
|t:|1635263806
|switch|p1a: Xerneas|Xerneas|88/100
|-ability|p1a: Xerneas|Fairy Aura
|cant|p2a: Zygarde|slp
|
|-weather|SunnyDay|[upkeep]
|upkeep
|turn|59
|
|t:|1635263815
|switch|p2a: Eternatus|Eternatus|69/100
|-damage|p2a: Eternatus|56/100|[from] Stealth Rock
|-ability|p2a: Eternatus|Pressure
|move|p1a: Xerneas|Rock Slide|p2a: Eternatus
|-damage|p2a: Eternatus|40/100
|
|-weather|SunnyDay|[upkeep]
|upkeep
|turn|60
|-message|Tf974 forfeited.
|
|win|PokeDuels Blue
|raw|Tf974's rating: 1571 &rarr; <strong>1558</strong><br />(-13 for losing)
|raw|PokeDuels Blue's rating: 1702 &rarr; <strong>1715</strong><br />(+13 for winning)
|l|☆Tf974
||Ladder isn't responding, score probably updated but might not have (Request timeout).
