|j|☆cheddar boss
|j|☆Didoy2
|t:|1599762363
|player|p1|cheddar boss|nate-dueldisk|1613
|player|p2|Didoy2|266|1532
|teamsize|p1|6
|teamsize|p2|6
|gametype|singles
|gen|8
|tier|[Gen 8] Ubers
|rated|
|clearpoke
|poke|p1|Hydreigon, M|
|poke|p1|Zacian-Crowned|
|poke|p1|Darmanitan-Galar, F|
|poke|p1|Quagsire, M|
|poke|p1|Mew|
|poke|p1|Skarmory, F|
|poke|p2|Necrozma-Dusk-Mane|
|poke|p2|Melmetal|
|poke|p2|Grimmsnarl, M|
|poke|p2|Lunala|
|poke|p2|Hatterene, F|
|poke|p2|Mew|
|rule|Sleep Clause Mod: Limit one foe put to sleep
|rule|Species Clause: Limit one of each Pokémon
|rule|OHKO Clause: OHKO moves are banned
|rule|Evasion Moves Clause: Evasion moves are banned
|rule|Endless Battle Clause: Forcing endless battles is banned
|rule|HP Percentage Mod: HP is shown in percentages
|html|Ubers Dynamax Clause: Pokémon on the <a href="https://www.smogon.com/dex/ss/formats/uber/">Ubers Dynamax Banlist</a> cannot Dynamax.
|teampreview
|inactive|Battle timer is ON: inactive players will automatically lose when time's up. (requested by cheddar boss)
|
|t:|1599762374
|start
|switch|p1a: Darmanitan|Darmanitan-Galar, F|100/100
|switch|p2a: Mew|Mew|100/100
|turn|1
|
|t:|1599762384
|move|p1a: Darmanitan|U-turn|p2a: Mew
|-supereffective|p2a: Mew
|-damage|p2a: Mew|40/100
|
|t:|1599762388
|switch|p1a: Hydreigon|Hydreigon, M|100/100|[from]move: U-turn
|move|p2a: Mew|Stealth Rock|p1a: Hydreigon
|-sidestart|p1: cheddar boss|move: Stealth Rock
|
|upkeep
|turn|2
|
|t:|1599762406
|move|p1a: Hydreigon|Draco Meteor|p2a: Mew
|-damage|p2a: Mew|0 fnt
|-unboost|p1a: Hydreigon|spa|2
|faint|p2a: Mew
|
|upkeep
|
|t:|1599762412
|switch|p2a: Hatterene|Hatterene, F|100/100
|turn|3
|
|t:|1599762420
|switch|p1a: Zacian|Zacian-Crowned|100/100
|-damage|p1a: Zacian|94/100|[from] Stealth Rock
|-ability|p1a: Zacian|Intrepid Sword|boost
|-boost|p1a: Zacian|atk|1
|move|p2a: Hatterene|Trick Room|p2a: Hatterene
|-fieldstart|move: Trick Room|[of] p2a: Hatterene
|
|upkeep
|turn|4
|
|t:|1599762427
|switch|p2a: Necrozma|Necrozma-Dusk-Mane|100/100
|move|p1a: Zacian|Behemoth Blade|p2a: Necrozma
|-resisted|p2a: Necrozma
|-damage|p2a: Necrozma|66/100
|
|upkeep
|turn|5
|
|t:|1599762443
|switch|p1a: Quagsire|Quagsire, M|100/100
|move|p2a: Necrozma|Swords Dance|p2a: Necrozma
|-boost|p2a: Necrozma|atk|2
|
|upkeep
|turn|6
|
|t:|1599762455
|switch|p2a: Lunala|Lunala|100/100
|move|p1a: Quagsire|Yawn|p2a: Lunala
|-start|p2a: Lunala|move: Yawn|[of] p1a: Quagsire
|
|upkeep
|turn|7
|
|t:|1599762459
|switch|p1a: Hydreigon|Hydreigon, M|100/100
|-damage|p1a: Hydreigon|88/100|[from] Stealth Rock
|switch|p2a: Hatterene|Hatterene, F|100/100
|
|-fieldend|move: Trick Room
|upkeep
|turn|8
|
|t:|1599762464
|switch|p1a: Zacian|Zacian-Crowned|94/100
|-damage|p1a: Zacian|88/100|[from] Stealth Rock
|-ability|p1a: Zacian|Intrepid Sword|boost
|-boost|p1a: Zacian|atk|1
|move|p2a: Hatterene|Trick Room|p2a: Hatterene
|-fieldstart|move: Trick Room|[of] p2a: Hatterene
|
|upkeep
|turn|9
|
|t:|1599762474
|switch|p2a: Melmetal|Melmetal|100/100
|move|p1a: Zacian|Behemoth Blade|p2a: Melmetal
|-resisted|p2a: Melmetal
|-damage|p2a: Melmetal|76/100
|
|upkeep
|turn|10
|
|t:|1599762478
|switch|p1a: Quagsire|Quagsire, M|100/100
|move|p2a: Melmetal|Double Iron Bash|p1a: Quagsire
|-resisted|p1a: Quagsire
|-damage|p1a: Quagsire|77/100
|-resisted|p1a: Quagsire
|-damage|p1a: Quagsire|56/100
|-hitcount|p1a: Quagsire|2
|
|upkeep
|turn|11
|
|t:|1599762483
|switch|p2a: Hatterene|Hatterene, F|100/100
|move|p1a: Quagsire|Recover|p1a: Quagsire
|-heal|p1a: Quagsire|100/100
|
|upkeep
|turn|12
|
|t:|1599762490
|move|p2a: Hatterene|Psychic|p1a: Quagsire
|-damage|p1a: Quagsire|11/100
|-damage|p2a: Hatterene|91/100|[from] item: Life Orb
|move|p1a: Quagsire|Earthquake|p2a: Hatterene
|-crit|p2a: Hatterene
|-damage|p2a: Hatterene|40/100
|
|-fieldend|move: Trick Room
|upkeep
|turn|13
|
|t:|1599762499
|move|p1a: Quagsire|Earthquake|p2a: Hatterene
|-damage|p2a: Hatterene|8/100
|move|p2a: Hatterene|Trick Room|p2a: Hatterene
|-fieldstart|move: Trick Room|[of] p2a: Hatterene
|
|upkeep
|turn|14
|
|t:|1599762507
|move|p2a: Hatterene|Dazzling Gleam|p1a: Quagsire
|-damage|p1a: Quagsire|0 fnt
|-damage|p2a: Hatterene|0 fnt|[from] item: Life Orb
|faint|p1a: Quagsire
|faint|p2a: Hatterene
|
|upkeep
|
|t:|1599762514
|switch|p2a: Melmetal|Melmetal|76/100
|switch|p1a: Skarmory|Skarmory, F|100/100
|turn|15
|
|t:|1599762519
|move|p2a: Melmetal|Thunder Punch|p1a: Skarmory
|-supereffective|p1a: Skarmory
|-damage|p1a: Skarmory|38/100
|move|p1a: Skarmory|Counter|p2a: Melmetal
|-damage|p2a: Melmetal|0 fnt
|faint|p2a: Melmetal
|
|upkeep
|
|t:|1599762537
|switch|p2a: Lunala|Lunala|100/100
|turn|16
|
|t:|1599762542
|move|p1a: Skarmory|Stealth Rock|p2a: Lunala
|-sidestart|p2: Didoy2|move: Stealth Rock
|move|p2a: Lunala|Moongeist Beam|p1a: Skarmory
|-damage|p1a: Skarmory|0 fnt
|faint|p1a: Skarmory
|
|upkeep
|
|t:|1599762545
|switch|p1a: Darmanitan|Darmanitan-Galar, F|100/100
|-damage|p1a: Darmanitan|76/100|[from] Stealth Rock
|turn|17
|
|t:|1599762552
|switch|p1a: Hydreigon|Hydreigon, M|88/100
|-damage|p1a: Hydreigon|76/100|[from] Stealth Rock
|move|p2a: Lunala|Moongeist Beam|p1a: Hydreigon
|-resisted|p1a: Hydreigon
|-damage|p1a: Hydreigon|39/100
|
|-fieldend|move: Trick Room
|upkeep
|turn|18
|
|t:|1599762555
|switch|p2a: Grimmsnarl|Grimmsnarl, M|100/100
|-damage|p2a: Grimmsnarl|88/100|[from] Stealth Rock
|move|p1a: Hydreigon|Thunder Wave|p2a: Grimmsnarl
|-status|p2a: Grimmsnarl|par
|
|upkeep
|turn|19
|
|t:|1599762561
|switch|p1a: Zacian|Zacian-Crowned|88/100
|-damage|p1a: Zacian|82/100|[from] Stealth Rock
|-ability|p1a: Zacian|Intrepid Sword|boost
|-boost|p1a: Zacian|atk|1
|cant|p2a: Grimmsnarl|par
|
|upkeep
|turn|20
|
|t:|1599762567
|move|p2a: Grimmsnarl|Reflect|p2a: Grimmsnarl
|-sidestart|p2: Didoy2|Reflect
|move|p1a: Zacian|Behemoth Blade|p2a: Grimmsnarl
|-supereffective|p2a: Grimmsnarl
|-damage|p2a: Grimmsnarl|0 fnt
|faint|p2a: Grimmsnarl
|
|upkeep
|
|t:|1599762570
|switch|p2a: Necrozma|Necrozma-Dusk-Mane|66/100
|-damage|p2a: Necrozma|60/100|[from] Stealth Rock
|turn|21
|
|t:|1599762574
|move|p1a: Zacian|Swords Dance|p1a: Zacian
|-boost|p1a: Zacian|atk|2
|move|p2a: Necrozma|Trick Room|p2a: Necrozma
|-fieldstart|move: Trick Room|[of] p2a: Necrozma
|
|upkeep
|turn|22
|
|t:|1599762582
|move|p2a: Necrozma|Earthquake|p1a: Zacian
|-supereffective|p1a: Zacian
|-damage|p1a: Zacian|1/100
|move|p1a: Zacian|Close Combat|p2a: Necrozma
|-damage|p2a: Necrozma|16/100
|-unboost|p1a: Zacian|def|1
|-unboost|p1a: Zacian|spd|1
|
|upkeep
|turn|23
|
|t:|1599762593
|switch|p1a: Hydreigon|Hydreigon, M|39/100
|-damage|p1a: Hydreigon|27/100|[from] Stealth Rock
|move|p2a: Necrozma|Earthquake|p1a: Hydreigon
|-immune|p1a: Hydreigon|[from] ability: Levitate
|
|upkeep
|turn|24
|
|t:|1599762605
|switch|p1a: Zacian|Zacian-Crowned|1/100
|-damage|p1a: Zacian|0 fnt|[from] Stealth Rock
|faint|p1a: Zacian
|move|p2a: Necrozma|Photon Geyser|p1: Zacian|[notarget]
|-fail|p2a: Necrozma
|
|upkeep
|
|t:|1599762614
|switch|p1a: Hydreigon|Hydreigon, M|27/100
|-damage|p1a: Hydreigon|14/100|[from] Stealth Rock
|turn|25
|
|t:|1599762621
|move|p2a: Necrozma|Earthquake|p1a: Hydreigon
|-immune|p1a: Hydreigon|[from] ability: Levitate
|move|p1a: Hydreigon|Defog|p2a: Necrozma
|-unboost|p2a: Necrozma|evasion|1
|-sideend|p2: Didoy2|Reflect
|-sideend|p2: Didoy2|Stealth Rock|[from] move: Defog|[of] p1a: Hydreigon
|-sideend|p1: cheddar boss|Stealth Rock|[from] move: Defog|[of] p1a: Hydreigon
|
|-fieldend|move: Trick Room
|upkeep
|turn|26
|
|t:|1599762626
|-start|p1a: Hydreigon|Dynamax
|-heal|p1a: Hydreigon|14/100|[silent]
|move|p1a: Hydreigon|Max Flare|p2a: Necrozma
|-supereffective|p2a: Necrozma
|-damage|p2a: Necrozma|0 fnt
|-weather|SunnyDay
|faint|p2a: Necrozma
|
|-weather|SunnyDay|[upkeep]
|upkeep
|
|t:|1599762629
|switch|p2a: Lunala|Lunala|100/100
|turn|27
|
|t:|1599762631
|move|p1a: Hydreigon|Max Flare|p2a: Lunala
|-damage|p2a: Lunala|77/100
|move|p2a: Lunala|Trick Room|p2a: Lunala
|-fieldstart|move: Trick Room|[of] p2a: Lunala
|
|-weather|SunnyDay|[upkeep]
|upkeep
|turn|28
|
|t:|1599762637
|move|p1a: Hydreigon|Max Guard|p1a: Hydreigon
|-singleturn|p1a: Hydreigon|Max Guard
|move|p2a: Lunala|Moonblast|p1a: Hydreigon
|-activate|p1a: Hydreigon|move: Max Guard
|
|-weather|SunnyDay|[upkeep]
|-end|p1a: Hydreigon|Dynamax
|-heal|p1a: Hydreigon|14/100|[silent]
|upkeep
|turn|29
|
|t:|1599762656
|move|p2a: Lunala|Moongeist Beam|p1a: Hydreigon
|-resisted|p1a: Hydreigon
|-damage|p1a: Hydreigon|0 fnt
|faint|p1a: Hydreigon
|
|-weather|SunnyDay|[upkeep]
|upkeep
|
|t:|1599762662
|switch|p1a: Mew|Mew|100/100
|turn|30
|
|t:|1599762666
|move|p2a: Lunala|Moongeist Beam|p1a: Mew
|-supereffective|p1a: Mew
|-damage|p1a: Mew|0 fnt
|faint|p1a: Mew
|
|-weather|none
|upkeep
|
|t:|1599762668
|switch|p1a: Darmanitan|Darmanitan-Galar, F|76/100
|turn|31
|
|t:|1599762672
|move|p2a: Lunala|Moongeist Beam|p1a: Darmanitan
|-damage|p1a: Darmanitan|0 fnt
|faint|p1a: Darmanitan
|
|win|Didoy2
|l|☆cheddar boss
|c|☆Didoy2|gg
||Ladder (probably) updated, but score could not be retrieved (Request timeout).
