|j|☆I Crit My Panties
|j|☆DreamPrince
|t:|1619873848
|gametype|singles
|player|p1|I Crit My Panties|169|1703
|player|p2|DreamPrince|acetrainersnow|1723
|teamsize|p1|6
|teamsize|p2|6
|gen|8
|tier|[Gen 8] Ubers
|rated|
|clearpoke
|poke|p1|Yveltal|
|poke|p1|Necrozma-Dusk-Mane|
|poke|p1|Eternatus|
|poke|p1|Xerneas|
|poke|p1|Ho-Oh|
|poke|p1|Calyrex-Shadow|
|poke|p2|Dialga|
|poke|p2|Magearna|
|poke|p2|Calyrex-Ice|
|poke|p2|Dracovish|
|poke|p2|Porygon2|
|poke|p2|Kyogre|
|rule|Sleep Clause Mod: Limit one foe put to sleep
|rule|Species Clause: Limit one of each Pokémon
|rule|OHKO Clause: OHKO moves are banned
|rule|Evasion Moves Clause: Evasion moves are banned
|rule|Endless Battle Clause: Forcing endless battles is banned
|rule|HP Percentage Mod: HP is shown in percentages
|rule|Dynamax Clause: You cannot dynamax
|teampreview
|inactive|Battle timer is ON: inactive players will automatically lose when time's up. (requested by I Crit My Panties)
|
|t:|1619873859
|start
|switch|p1a: Calyrex|Calyrex-Shadow|100/100
|switch|p2a: Dialga|Dialga|100/100
|-ability|p1a: Calyrex|As One
|-ability|p1a: Calyrex|Unnerve
|-ability|p2a: Dialga|Pressure
|turn|1
|
|t:|1619873870
|move|p1a: Calyrex|Astral Barrage|p2a: Dialga
|-crit|p2a: Dialga
|-damage|p2a: Dialga|11/100
|move|p2a: Dialga|Trick Room|p2a: Dialga
|-fieldstart|move: Trick Room|[of] p2a: Dialga
|
|upkeep
|turn|2
|
|t:|1619873876
|switch|p1a: Ho-Oh|Ho-Oh|100/100
|move|p2a: Dialga|Steel Beam|p1a: Ho-Oh
|-resisted|p1a: Ho-Oh
|-damage|p1a: Ho-Oh|82/100
|-damage|p2a: Dialga|0 fnt|[from] mindblown
|faint|p2a: Dialga
|
|upkeep
|
|t:|1619873880
|switch|p2a: Dracovish|Dracovish|100/100
|turn|3
|
|t:|1619873882
|switch|p1a: Necrozma|Necrozma-Dusk-Mane|100/100
|move|p2a: Dracovish|Fishious Rend|p1a: Necrozma
|-damage|p1a: Necrozma|19/100
|-damage|p2a: Dracovish|84/100|[from] item: Rocky Helmet|[of] p1a: Necrozma
|
|upkeep
|turn|4
|
|t:|1619873895
|switch|p1a: Eternatus|Eternatus|100/100
|-ability|p1a: Eternatus|Pressure
|move|p2a: Dracovish|Fishious Rend|p1a: Eternatus
|-resisted|p1a: Eternatus
|-damage|p1a: Eternatus|40/100
|
|-heal|p1a: Eternatus|46/100|[from] item: Black Sludge
|upkeep
|turn|5
|
|t:|1619873901
|switch|p1a: Xerneas|Xerneas|100/100
|-ability|p1a: Xerneas|Fairy Aura
|move|p2a: Dracovish|Fishious Rend|p1a: Xerneas
|-damage|p1a: Xerneas|13/100
|
|-heal|p1a: Xerneas|20/100|[from] item: Leftovers
|-fieldend|move: Trick Room
|upkeep
|turn|6
|
|t:|1619873909
|switch|p1a: Necrozma|Necrozma-Dusk-Mane|19/100
|switch|p2a: Magearna|Magearna|100/100
|
|upkeep
|turn|7
|
|t:|1619873912
|switch|p2a: Porygon2|Porygon2|100/100
|-ability|p2a: Porygon2|Download|boost
|-boost|p2a: Porygon2|spa|1
|move|p1a: Necrozma|Morning Sun|p1a: Necrozma
|-heal|p1a: Necrozma|69/100
|
|upkeep
|turn|8
|
|t:|1619873918
|move|p1a: Necrozma|Stealth Rock|p2a: Porygon2
|-sidestart|p2: DreamPrince|move: Stealth Rock
|move|p2a: Porygon2|Trick Room|p2a: Porygon2
|-fieldstart|move: Trick Room|[of] p2a: Porygon2
|
|upkeep
|turn|9
|
|t:|1619873920
|move|p1a: Necrozma|Morning Sun|p1a: Necrozma
|-heal|p1a: Necrozma|100/100
|move|p2a: Porygon2|Teleport|p2a: Porygon2
|
|t:|1619873923
|switch|p2a: Kyogre|Kyogre|100/100|[from]move: Teleport
|-damage|p2a: Kyogre|88/100|[from] Stealth Rock
|-weather|RainDance|[from] ability: Drizzle|[of] p2a: Kyogre
|
|-weather|RainDance|[upkeep]
|upkeep
|turn|10
|
|t:|1619873927
|switch|p1a: Xerneas|Xerneas|20/100
|-ability|p1a: Xerneas|Fairy Aura
|move|p2a: Kyogre|Water Spout|p1a: Xerneas
|-damage|p1a: Xerneas|0 fnt
|faint|p1a: Xerneas
|
|-weather|RainDance|[upkeep]
|upkeep
|
|t:|1619873931
|switch|p1a: Yveltal|Yveltal|100/100
|-ability|p1a: Yveltal|Dark Aura
|turn|11
|
|t:|1619873935
|switch|p2a: Magearna|Magearna|100/100
|-damage|p2a: Magearna|94/100|[from] Stealth Rock
|move|p1a: Yveltal|Sucker Punch||[still]
|-fail|p1a: Yveltal
|
|-weather|RainDance|[upkeep]
|upkeep
|turn|12
|
|t:|1619873944
|switch|p1a: Necrozma|Necrozma-Dusk-Mane|100/100
|move|p2a: Magearna|Volt Switch|p1a: Necrozma
|-damage|p1a: Necrozma|81/100
|
|t:|1619873949
|switch|p2a: Kyogre|Kyogre|88/100|[from]move: Volt Switch
|-damage|p2a: Kyogre|76/100|[from] Stealth Rock
|
|-weather|RainDance|[upkeep]
|-fieldend|move: Trick Room
|upkeep
|turn|13
|
|t:|1619873952
|switch|p1a: Eternatus|Eternatus|46/100
|-ability|p1a: Eternatus|Pressure
|move|p2a: Kyogre|Origin Pulse|p1a: Eternatus
|-resisted|p1a: Eternatus
|-damage|p1a: Eternatus|0 fnt
|faint|p1a: Eternatus
|
|-weather|none
|upkeep
|
|t:|1619873957
|switch|p1a: Calyrex|Calyrex-Shadow|100/100
|-ability|p1a: Calyrex|As One
|-ability|p1a: Calyrex|Unnerve
|turn|14
|
|t:|1619873962
|move|p1a: Calyrex|Trick|p2a: Kyogre
|-activate|p1a: Calyrex|move: Trick|[of] p2a: Kyogre
|-item|p2a: Kyogre|Choice Scarf|[from] move: Trick
|-item|p1a: Calyrex|Choice Specs|[from] move: Trick
|move|p2a: Kyogre|Origin Pulse|p1a: Calyrex
|-damage|p1a: Calyrex|35/100
|
|upkeep
|turn|15
|
|t:|1619873968
|move|p1a: Calyrex|Astral Barrage|p2a: Kyogre
|-damage|p2a: Kyogre|11/100
|move|p2a: Kyogre|Origin Pulse|p1a: Calyrex
|-damage|p1a: Calyrex|0 fnt
|faint|p1a: Calyrex
|
|upkeep
|
|t:|1619873974
|switch|p1a: Yveltal|Yveltal|100/100
|-ability|p1a: Yveltal|Dark Aura
|turn|16
|
|t:|1619873975
|move|p2a: Kyogre|Origin Pulse|p1a: Yveltal
|-damage|p1a: Yveltal|58/100
|move|p1a: Yveltal|U-turn|p2a: Kyogre
|-damage|p2a: Kyogre|0 fnt
|faint|p2a: Kyogre
|
|t:|1619873981
|switch|p1a: Necrozma|Necrozma-Dusk-Mane|81/100|[from]move: U-turn
|
|upkeep
|
|t:|1619873984
|switch|p2a: Porygon2|Porygon2|100/100
|-damage|p2a: Porygon2|88/100|[from] Stealth Rock
|-ability|p2a: Porygon2|Download|boost
|-boost|p2a: Porygon2|spa|1
|turn|17
|
|t:|1619873995
|move|p1a: Necrozma|Sunsteel Strike|p2a: Porygon2
|-damage|p2a: Porygon2|64/100
|move|p2a: Porygon2|Trick Room|p2a: Porygon2
|-fieldstart|move: Trick Room|[of] p2a: Porygon2
|
|upkeep
|turn|18
|
|t:|1619874000
|switch|p1a: Yveltal|Yveltal|58/100
|-ability|p1a: Yveltal|Dark Aura
|move|p2a: Porygon2|Teleport|p2a: Porygon2
|
|t:|1619874002
|switch|p2a: Dracovish|Dracovish|84/100|[from]move: Teleport
|-damage|p2a: Dracovish|72/100|[from] Stealth Rock
|
|upkeep
|turn|19
|
|t:|1619874006
|move|p1a: Yveltal|Sucker Punch|p2a: Dracovish
|-damage|p2a: Dracovish|34/100
|move|p2a: Dracovish|Fishious Rend|p1a: Yveltal
|-damage|p1a: Yveltal|0 fnt
|faint|p1a: Yveltal
|
|upkeep
|
|t:|1619874010
|switch|p1a: Necrozma|Necrozma-Dusk-Mane|81/100
|turn|20
|
|t:|1619874014
|move|p2a: Dracovish|Fishious Rend|p1a: Necrozma
|-damage|p1a: Necrozma|0 fnt
|-damage|p2a: Dracovish|18/100|[from] item: Rocky Helmet|[of] p1a: Necrozma
|faint|p1a: Necrozma
|
|upkeep
|-message|I Crit My Panties forfeited.
|
|win|DreamPrince
|raw|I Crit My Panties's rating: 1703 &rarr; <strong>1684</strong><br />(-19 for losing)
|raw|DreamPrince's rating: 1723 &rarr; <strong>1742</strong><br />(+19 for winning)
|l|☆I Crit My Panties
