|j|☆4125al41
|j|☆Jakerocks73
|t:|1651431888
|gametype|singles
|player|p1|4125al41|steven|1589
|player|p2|Jakerocks73|pokekid|1511
|teamsize|p1|6
|teamsize|p2|6
|gen|8
|tier|[Gen 8] Ubers
|rated|
|rule|Sleep Clause Mod: Limit one foe put to sleep
|rule|Species Clause: Limit one of each Pokémon
|rule|OHKO Clause: OHKO moves are banned
|rule|Evasion Moves Clause: Evasion moves are banned
|rule|Endless Battle Clause: Forcing endless battles is banned
|rule|HP Percentage Mod: HP is shown in percentages
|rule|Dynamax Clause: You cannot dynamax
|clearpoke
|poke|p1|Marshadow|
|poke|p1|Eternatus|
|poke|p1|Calyrex-Shadow|
|poke|p1|Ho-Oh|
|poke|p1|Groudon|
|poke|p1|Xerneas-*|
|poke|p2|Yveltal|
|poke|p2|Marshadow|
|poke|p2|Zygarde|
|poke|p2|Cloyster, M|
|poke|p2|Calyrex-Ice|
|poke|p2|Urshifu-*, M|
|teampreview
|inactive|Battle timer is ON: inactive players will automatically lose when time's up. (requested by Jakerocks73)
|
|t:|1651431912
|start
|switch|p1a: Calyrex|Calyrex-Shadow|100/100
|switch|p2a: Urshifu|Urshifu, M|100/100
|-ability|p1a: Calyrex|As One
|-ability|p1a: Calyrex|Unnerve
|turn|1
|
|t:|1651431923
|switch|p1a: Xerneas|Xerneas|100/100
|-ability|p1a: Xerneas|Fairy Aura
|move|p2a: Urshifu|Wicked Blow|p1a: Xerneas
|-resisted|p1a: Xerneas
|-crit|p1a: Xerneas
|-damage|p1a: Xerneas|56/100
|
|upkeep
|turn|2
|
|t:|1651431929
|move|p1a: Xerneas|Play Rough|p2a: Urshifu
|-supereffective|p2a: Urshifu
|-damage|p2a: Urshifu|0 fnt
|faint|p2a: Urshifu
|
|upkeep
|
|t:|1651431941
|switch|p2a: Cloyster|Cloyster, M|100/100
|turn|3
|
|t:|1651431945
|move|p1a: Xerneas|Play Rough|p2a: Cloyster
|-damage|p2a: Cloyster|44/100
|move|p2a: Cloyster|Shell Smash|p2a: Cloyster
|-unboost|p2a: Cloyster|def|1
|-unboost|p2a: Cloyster|spd|1
|-boost|p2a: Cloyster|atk|2
|-boost|p2a: Cloyster|spa|2
|-boost|p2a: Cloyster|spe|2
|
|upkeep
|turn|4
|
|t:|1651431952
|switch|p1a: Groudon|Groudon|100/100
|-weather|SunnyDay|[from] ability: Drought|[of] p1a: Groudon
|move|p2a: Cloyster|Icicle Spear|p1a: Groudon
|-supereffective|p1a: Groudon
|-damage|p1a: Groudon|78/100
|-supereffective|p1a: Groudon
|-damage|p1a: Groudon|54/100
|-supereffective|p1a: Groudon
|-damage|p1a: Groudon|30/100
|-supereffective|p1a: Groudon
|-damage|p1a: Groudon|7/100
|-supereffective|p1a: Groudon
|-damage|p1a: Groudon|0 fnt
|faint|p1a: Groudon
|-hitcount|p1: Groudon|5
|
|-weather|SunnyDay|[upkeep]
|upkeep
|
|t:|1651431962
|switch|p1a: Ho-Oh|Ho-Oh|100/100
|turn|5
|
|t:|1651431965
|move|p2a: Cloyster|Rock Blast|p1a: Ho-Oh
|-supereffective|p1a: Ho-Oh
|-damage|p1a: Ho-Oh|51/100
|-supereffective|p1a: Ho-Oh
|-damage|p1a: Ho-Oh|2/100
|-supereffective|p1a: Ho-Oh
|-damage|p1a: Ho-Oh|0 fnt
|faint|p1a: Ho-Oh
|-hitcount|p1: Ho-Oh|3
|
|-weather|SunnyDay|[upkeep]
|upkeep
|
|t:|1651431968
|switch|p1a: tensa-zangetsu|Marshadow|100/100
|turn|6
|
|t:|1651431970
|move|p1a: tensa-zangetsu|Shadow Sneak|p2a: Cloyster
|-damage|p2a: Cloyster|7/100
|move|p2a: Cloyster|Icicle Spear|p1a: tensa-zangetsu
|-damage|p1a: tensa-zangetsu|70/100
|-damage|p1a: tensa-zangetsu|40/100
|-damage|p1a: tensa-zangetsu|10/100
|-damage|p1a: tensa-zangetsu|0 fnt
|faint|p1a: tensa-zangetsu
|-hitcount|p1: tensa-zangetsu|4
|
|-weather|SunnyDay|[upkeep]
|upkeep
|
|t:|1651431974
|switch|p1a: Calyrex|Calyrex-Shadow|100/100
|-ability|p1a: Calyrex|As One
|-ability|p1a: Calyrex|Unnerve
|turn|7
|
|t:|1651431978
|move|p2a: Cloyster|Icicle Spear|p1a: Calyrex
|-damage|p1a: Calyrex|70/100
|-damage|p1a: Calyrex|41/100
|-damage|p1a: Calyrex|15/100
|-damage|p1a: Calyrex|0 fnt
|faint|p1a: Calyrex
|-hitcount|p1: Calyrex|4
|
|-weather|SunnyDay|[upkeep]
|upkeep
|-message|4125al41 forfeited.
|
|win|Jakerocks73
|raw|4125al41's rating: 1589 &rarr; <strong>1565</strong><br />(-24 for losing)
|raw|Jakerocks73's rating: 1511 &rarr; <strong>1535</strong><br />(+24 for winning)
|l|☆4125al41
