|j|☆st_cccc
|j|☆Kyohei (Ubers)
|t:|1642411078
|gametype|singles
|player|p1|st_cccc|lass-gen4dp|1463
|player|p2|Kyohei (Ubers)|youngn|1525
|teamsize|p1|6
|teamsize|p2|6
|gen|8
|tier|[Gen 8] Ubers
|rated|
|rule|Sleep Clause Mod: Limit one foe put to sleep
|rule|Species Clause: Limit one of each Pokémon
|rule|OHKO Clause: OHKO moves are banned
|rule|Evasion Moves Clause: Evasion moves are banned
|rule|Endless Battle Clause: Forcing endless battles is banned
|rule|HP Percentage Mod: HP is shown in percentages
|rule|Dynamax Clause: You cannot dynamax
|clearpoke
|poke|p1|Yveltal|
|poke|p1|Necrozma-Dusk-Mane|
|poke|p1|Eternatus|
|poke|p1|Calyrex-Ice|
|poke|p1|Zygarde|
|poke|p1|Ferrothorn, F|
|poke|p2|Marshadow|
|poke|p2|Zygarde|
|poke|p2|Magearna|
|poke|p2|Yveltal|
|poke|p2|Calyrex-Ice|
|poke|p2|Eternatus|
|teampreview
|
|t:|1642411092
|start
|switch|p1a: Necrozma|Necrozma-Dusk-Mane|100/100
|switch|p2a: Shadow|Marshadow|100/100
|turn|1
|
|t:|1642411096
|switch|p1a: Zygarde|Zygarde|100/100
|move|p2a: Shadow|Poltergeist|p1a: Zygarde
|-activate|p1a: Zygarde|move: Poltergeist|Leftovers
|-damage|p1a: Zygarde|58/100
|-damage|p2a: Shadow|91/100|[from] item: Life Orb
|
|-heal|p1a: Zygarde|64/100|[from] item: Leftovers
|upkeep
|turn|2
|
|t:|1642411103
|move|p2a: Shadow|Close Combat|p1a: Zygarde
|-damage|p1a: Zygarde|18/100
|-unboost|p2a: Shadow|def|1
|-unboost|p2a: Shadow|spd|1
|-damage|p2a: Shadow|81/100|[from] item: Life Orb
|move|p1a: Zygarde|Thousand Arrows|p2a: Shadow
|-damage|p2a: Shadow|22/100
|
|-heal|p1a: Zygarde|24/100|[from] item: Leftovers
|-activate|p1a: Zygarde|ability: Power Construct
|detailschange|p1a: Zygarde|Zygarde-Complete
|-heal|p1a: Zygarde|50/100|[silent]
|upkeep
|turn|3
|
|t:|1642411108
|move|p2a: Shadow|Close Combat|p1a: Zygarde
|-damage|p1a: Zygarde|23/100
|-unboost|p2a: Shadow|def|1
|-unboost|p2a: Shadow|spd|1
|-damage|p2a: Shadow|12/100|[from] item: Life Orb
|move|p1a: Zygarde|Thousand Arrows|p2a: Shadow
|-damage|p2a: Shadow|0 fnt
|faint|p2a: Shadow
|
|-heal|p1a: Zygarde|29/100|[from] item: Leftovers
|upkeep
|
|t:|1642411113
|switch|p2a: Eternal Engine|Eternatus|100/100
|-ability|p2a: Eternal Engine|Pressure
|turn|4
|
|t:|1642411117
|switch|p1a: Necrozma|Necrozma-Dusk-Mane|100/100
|move|p2a: Eternal Engine|Dynamax Cannon|p1a: Necrozma
|-resisted|p1a: Necrozma
|-damage|p1a: Necrozma|78/100
|-damage|p2a: Eternal Engine|91/100|[from] item: Life Orb
|
|-heal|p1a: Necrozma|84/100|[from] item: Leftovers
|upkeep
|turn|5
|
|t:|1642411121
|move|p2a: Eternal Engine|Flamethrower|p1a: Necrozma
|-supereffective|p1a: Necrozma
|-damage|p1a: Necrozma|44/100
|-damage|p2a: Eternal Engine|81/100|[from] item: Life Orb
|move|p1a: Necrozma|Stealth Rock|p2a: Eternal Engine
|-sidestart|p2: Kyohei (Ubers)|move: Stealth Rock
|
|-heal|p1a: Necrozma|50/100|[from] item: Leftovers
|upkeep
|turn|6
|
|t:|1642411125
|move|p2a: Eternal Engine|Flamethrower|p1a: Necrozma
|-supereffective|p1a: Necrozma
|-damage|p1a: Necrozma|14/100
|-damage|p2a: Eternal Engine|71/100|[from] item: Life Orb
|move|p1a: Necrozma|Morning Sun|p1a: Necrozma
|-heal|p1a: Necrozma|64/100
|
|-heal|p1a: Necrozma|70/100|[from] item: Leftovers
|upkeep
|turn|7
|
|t:|1642411128
|switch|p2a: Ouroboros|Zygarde, shiny|100/100
|-damage|p2a: Ouroboros|94/100|[from] Stealth Rock
|move|p1a: Necrozma|Morning Sun|p1a: Necrozma
|-heal|p1a: Necrozma|100/100
|
|-heal|p2a: Ouroboros|100/100|[from] item: Leftovers
|upkeep
|turn|8
|
|t:|1642411133
|switch|p1a: Calyrex|Calyrex-Ice|100/100
|-ability|p1a: Calyrex|As One
|-ability|p1a: Calyrex|Unnerve
|move|p2a: Ouroboros|Thousand Waves|p1a: Calyrex
|-damage|p1a: Calyrex|69/100
|-activate|p1a: Calyrex|trapped
|
|-heal|p1a: Calyrex|75/100|[from] item: Leftovers
|upkeep
|turn|9
|
|t:|1642411135
|switch|p2a: Madoka|Magearna|100/100
|-damage|p2a: Madoka|94/100|[from] Stealth Rock
|move|p1a: Calyrex|Substitute|p1a: Calyrex
|-start|p1a: Calyrex|Substitute
|-damage|p1a: Calyrex|50/100
|
|-heal|p1a: Calyrex|56/100|[from] item: Leftovers
|-heal|p2a: Madoka|100/100|[from] item: Leftovers
|upkeep
|turn|10
|
|t:|1642411138
|move|p1a: Calyrex|High Horsepower|p2a: Madoka
|-supereffective|p2a: Madoka
|-damage|p2a: Madoka|31/100
|move|p2a: Madoka|Iron Head|p1a: Calyrex
|-supereffective|p1a: Calyrex
|-end|p1a: Calyrex|Substitute
|
|-heal|p1a: Calyrex|62/100|[from] item: Leftovers
|-heal|p2a: Madoka|37/100|[from] item: Leftovers
|upkeep
|turn|11
|
|t:|1642411146
|switch|p2a: Samael|Yveltal|100/100
|-ability|p2a: Samael|Dark Aura
|move|p1a: Calyrex|Substitute|p1a: Calyrex
|-start|p1a: Calyrex|Substitute
|-damage|p1a: Calyrex|37/100
|
|-heal|p1a: Calyrex|44/100|[from] item: Leftovers
|upkeep
|turn|12
|
|t:|1642411149
|move|p2a: Samael|U-turn|p1a: Calyrex
|-supereffective|p1a: Calyrex
|-end|p1a: Calyrex|Substitute
|
|t:|1642411151
|switch|p2a: Madoka|Magearna|37/100|[from]move: U-turn
|-damage|p2a: Madoka|31/100|[from] Stealth Rock
|move|p1a: Calyrex|Glacial Lance|p2a: Madoka
|-resisted|p2a: Madoka
|-damage|p2a: Madoka|0 fnt
|faint|p2a: Madoka
|-ability|p1a: Calyrex|Chilling Neigh|boost
|-boost|p1a: Calyrex|atk|1
|
|-heal|p1a: Calyrex|50/100|[from] item: Leftovers
|upkeep
|
|t:|1642411153
|switch|p2a: Samael|Yveltal|100/100
|-ability|p2a: Samael|Dark Aura
|turn|13
|
|t:|1642411157
|switch|p1a: Zygarde|Zygarde-Complete|29/100
|move|p2a: Samael|Knock Off|p1a: Zygarde
|-damage|p1a: Zygarde|11/100
|-enditem|p1a: Zygarde|Leftovers|[from] move: Knock Off|[of] p2a: Samael
|
|upkeep
|turn|14
|
|t:|1642411160
|move|p2a: Samael|Defog|p1a: Zygarde
|-unboost|p1a: Zygarde|evasion|1
|-sideend|p2: Kyohei (Ubers)|Stealth Rock|[from] move: Defog|[of] p2a: Samael
|move|p1a: Zygarde|Coil|p1a: Zygarde
|-boost|p1a: Zygarde|atk|1
|-boost|p1a: Zygarde|def|1
|-boost|p1a: Zygarde|accuracy|1
|
|upkeep
|turn|15
|
|t:|1642411163
|move|p2a: Samael|U-turn|p1a: Zygarde
|-damage|p1a: Zygarde|6/100
|
|t:|1642411166
|switch|p2a: King Valgard|Calyrex-Ice|100/100|[from]move: U-turn
|-ability|p2a: King Valgard|As One
|-ability|p2a: King Valgard|Unnerve
|move|p1a: Zygarde|Thousand Arrows|p2a: King Valgard
|-damage|p2a: King Valgard|74/100
|
|upkeep
|turn|16
|
|t:|1642411173
|move|p1a: Zygarde|Thousand Arrows|p2a: King Valgard
|-damage|p2a: King Valgard|48/100
|move|p2a: King Valgard|Trick Room|p2a: King Valgard
|-fieldstart|move: Trick Room|[of] p2a: King Valgard
|
|upkeep
|turn|17
|
|t:|1642411183
|move|p2a: King Valgard|Glacial Lance|p1a: Zygarde
|-supereffective|p1a: Zygarde
|-damage|p1a: Zygarde|0 fnt
|faint|p1a: Zygarde
|-ability|p2a: King Valgard|Chilling Neigh|boost
|-boost|p2a: King Valgard|atk|1
|
|upkeep
|
|t:|1642411193
|switch|p1a: Necrozma|Necrozma-Dusk-Mane|100/100
|turn|18
|
|t:|1642411196
|move|p2a: King Valgard|High Horsepower|p1a: Necrozma
|-supereffective|p1a: Necrozma
|-damage|p1a: Necrozma|29/100
|move|p1a: Necrozma|Iron Head|p2a: King Valgard
|-supereffective|p2a: King Valgard
|-damage|p2a: King Valgard|0 fnt
|faint|p2a: King Valgard
|
|-heal|p1a: Necrozma|35/100|[from] item: Leftovers
|upkeep
|
|t:|1642411198
|switch|p2a: Ouroboros|Zygarde, shiny|100/100
|turn|19
|
|t:|1642411208
|move|p1a: Necrozma|Morning Sun|p1a: Necrozma
|-heal|p1a: Necrozma|85/100
|move|p2a: Ouroboros|Thousand Waves|p1a: Necrozma
|-supereffective|p1a: Necrozma
|-damage|p1a: Necrozma|42/100
|-activate|p1a: Necrozma|trapped
|
|-heal|p1a: Necrozma|48/100|[from] item: Leftovers
|upkeep
|turn|20
|
|t:|1642411213
|move|p1a: Necrozma|Iron Head|p2a: Ouroboros
|-damage|p2a: Ouroboros|73/100
|move|p2a: Ouroboros|Coil|p2a: Ouroboros
|-boost|p2a: Ouroboros|atk|1
|-boost|p2a: Ouroboros|def|1
|-boost|p2a: Ouroboros|accuracy|1
|
|-heal|p1a: Necrozma|54/100|[from] item: Leftovers
|-heal|p2a: Ouroboros|79/100|[from] item: Leftovers
|-fieldend|move: Trick Room
|upkeep
|turn|21
|
|t:|1642411215
|move|p2a: Ouroboros|Coil|p2a: Ouroboros
|-boost|p2a: Ouroboros|atk|1
|-boost|p2a: Ouroboros|def|1
|-boost|p2a: Ouroboros|accuracy|1
|move|p1a: Necrozma|Iron Head|p2a: Ouroboros
|-damage|p2a: Ouroboros|65/100
|
|-heal|p2a: Ouroboros|71/100|[from] item: Leftovers
|-heal|p1a: Necrozma|60/100|[from] item: Leftovers
|upkeep
|turn|22
|
|t:|1642411218
|move|p2a: Ouroboros|Coil|p2a: Ouroboros
|-boost|p2a: Ouroboros|atk|1
|-boost|p2a: Ouroboros|def|1
|-boost|p2a: Ouroboros|accuracy|1
|move|p1a: Necrozma|Iron Head|p2a: Ouroboros
|-damage|p2a: Ouroboros|60/100
|
|-heal|p2a: Ouroboros|67/100|[from] item: Leftovers
|-heal|p1a: Necrozma|66/100|[from] item: Leftovers
|upkeep
|turn|23
|
|t:|1642411220
|move|p2a: Ouroboros|Coil|p2a: Ouroboros
|-boost|p2a: Ouroboros|atk|1
|-boost|p2a: Ouroboros|def|1
|-boost|p2a: Ouroboros|accuracy|1
|move|p1a: Necrozma|Stealth Rock|p2a: Ouroboros
|-sidestart|p2: Kyohei (Ubers)|move: Stealth Rock
|
|-heal|p2a: Ouroboros|73/100|[from] item: Leftovers
|-heal|p1a: Necrozma|72/100|[from] item: Leftovers
|upkeep
|turn|24
|
|t:|1642411221
|move|p2a: Ouroboros|Coil|p2a: Ouroboros
|-boost|p2a: Ouroboros|atk|1
|-boost|p2a: Ouroboros|def|1
|-boost|p2a: Ouroboros|accuracy|1
|move|p1a: Necrozma|Iron Head|p2a: Ouroboros
|-damage|p2a: Ouroboros|65/100
|
|-heal|p2a: Ouroboros|71/100|[from] item: Leftovers
|-heal|p1a: Necrozma|78/100|[from] item: Leftovers
|upkeep
|turn|25
|
|t:|1642411224
|move|p2a: Ouroboros|Coil|p2a: Ouroboros
|-boost|p2a: Ouroboros|atk|1
|-boost|p2a: Ouroboros|def|1
|-boost|p2a: Ouroboros|accuracy|1
|move|p1a: Necrozma|Iron Head|p2a: Ouroboros
|-damage|p2a: Ouroboros|64/100
|
|-heal|p2a: Ouroboros|70/100|[from] item: Leftovers
|-heal|p1a: Necrozma|84/100|[from] item: Leftovers
|upkeep
|turn|26
|
|t:|1642411226
|move|p2a: Ouroboros|Scale Shot|p1a: Necrozma
|-resisted|p1a: Necrozma
|-damage|p1a: Necrozma|67/100
|-resisted|p1a: Necrozma
|-damage|p1a: Necrozma|53/100
|-hitcount|p1a: Necrozma|2
|-unboost|p2a: Ouroboros|def|1
|-boost|p2a: Ouroboros|spe|1
|move|p1a: Necrozma|Iron Head|p2a: Ouroboros
|-damage|p2a: Ouroboros|62/100
|
|-heal|p2a: Ouroboros|68/100|[from] item: Leftovers
|-heal|p1a: Necrozma|59/100|[from] item: Leftovers
|upkeep
|turn|27
|
|t:|1642411229
|move|p2a: Ouroboros|Scale Shot|p1a: Necrozma
|-resisted|p1a: Necrozma
|-damage|p1a: Necrozma|41/100
|-resisted|p1a: Necrozma
|-damage|p1a: Necrozma|26/100
|-resisted|p1a: Necrozma
|-damage|p1a: Necrozma|11/100
|-hitcount|p1a: Necrozma|3
|-unboost|p2a: Ouroboros|def|1
|-boost|p2a: Ouroboros|spe|1
|move|p1a: Necrozma|Iron Head|p2a: Ouroboros
|-damage|p2a: Ouroboros|59/100
|
|-heal|p2a: Ouroboros|65/100|[from] item: Leftovers
|-heal|p1a: Necrozma|17/100|[from] item: Leftovers
|upkeep
|turn|28
|
|t:|1642411232
|move|p2a: Ouroboros|Scale Shot|p1a: Necrozma
|-resisted|p1a: Necrozma
|-damage|p1a: Necrozma|1/100
|-resisted|p1a: Necrozma
|-damage|p1a: Necrozma|0 fnt
|faint|p1a: Necrozma
|-hitcount|p1: Necrozma|2
|-unboost|p2a: Ouroboros|def|1
|-boost|p2a: Ouroboros|spe|1
|
|-heal|p2a: Ouroboros|72/100|[from] item: Leftovers
|upkeep
|
|t:|1642411246
|switch|p1a: Ferrothorn|Ferrothorn, F|100/100
|turn|29
|
|t:|1642411248
|move|p2a: Ouroboros|Thousand Waves|p1a: Ferrothorn
|-damage|p1a: Ferrothorn|0 fnt
|faint|p1a: Ferrothorn
|
|-heal|p2a: Ouroboros|78/100|[from] item: Leftovers
|upkeep
|
|t:|1642411254
|switch|p1a: Eternatus|Eternatus|100/100
|-ability|p1a: Eternatus|Pressure
|turn|30
|
|t:|1642411256
|move|p2a: Ouroboros|Thousand Waves|p1a: Eternatus
|-supereffective|p1a: Eternatus
|-damage|p1a: Eternatus|0 fnt
|faint|p1a: Eternatus
|
|-heal|p2a: Ouroboros|84/100|[from] item: Leftovers
|upkeep
|-message|st_cccc forfeited.
|
|win|Kyohei (Ubers)
|raw|st_cccc's rating: 1463 &rarr; <strong>1447</strong><br />(-16 for losing)
|raw|Kyohei (Ubers)'s rating: 1525 &rarr; <strong>1541</strong><br />(+16 for winning)
|l|☆st_cccc
