|raw|<div class="broadcast-blue"><strong>This battle is required to be public due to a player having a name starting with 'ult4pdr'.</div>
|j|☆ULT4PDR Fc
|j|‽Grc111
|t:|1654212447
|gametype|singles
|player|p1|ULT4PDR Fc|#wcop2022canada|1535
|player|p2|Grc111|265|1625
|teamsize|p1|6
|teamsize|p2|6
|gen|8
|tier|[Gen 8] Ubers
|rated|
|rule|Sleep Clause Mod: Limit one foe put to sleep
|rule|Species Clause: Limit one of each Pokémon
|rule|OHKO Clause: OHKO moves are banned
|rule|Evasion Moves Clause: Evasion moves are banned
|rule|Endless Battle Clause: Forcing endless battles is banned
|rule|HP Percentage Mod: HP is shown in percentages
|rule|Dynamax Clause: You cannot dynamax
|clearpoke
|poke|p1|Shuckle, M|
|poke|p1|Marshadow|
|poke|p1|Weavile, M|
|poke|p1|Yveltal|
|poke|p1|Necrozma-Dusk-Mane|
|poke|p1|Eternatus|
|poke|p2|Calyrex-Shadow|
|poke|p2|Xerneas-*|
|poke|p2|Yveltal|
|poke|p2|Necrozma-Dusk-Mane|
|poke|p2|Eternatus|
|poke|p2|Zekrom|
|teampreview
|inactive|Battle timer is ON: inactive players will automatically lose when time's up. (requested by Grc111)
|
|t:|1654212474
|start
|switch|p1a: Shuckle|Shuckle, M|100/100
|switch|p2a: Eternatus|Eternatus|100/100
|-ability|p2a: Eternatus|Pressure
|turn|1
|
|t:|1654212477
|move|p2a: Eternatus|Dynamax Cannon|p1a: Shuckle
|-damage|p1a: Shuckle|66/100
|move|p1a: Shuckle|Sticky Web|p2a: Eternatus
|-sidestart|p2: Grc111|move: Sticky Web
|
|upkeep
|turn|2
|
|t:|1654212490
|move|p2a: Eternatus|Meteor Beam||[still]
|-prepare|p2a: Eternatus|Meteor Beam
|-boost|p2a: Eternatus|spa|1
|-enditem|p2a: Eternatus|Power Herb
|-anim|p2a: Eternatus|Meteor Beam|p1a: Shuckle
|-supereffective|p1a: Shuckle
|-damage|p1a: Shuckle|0 fnt
|faint|p1a: Shuckle
|
|upkeep
|
|t:|1654212494
|switch|p1a: Necrozma|Necrozma-Dusk-Mane|100/100
|turn|3
|
|t:|1654212496
|move|p2a: Eternatus|Flamethrower|p1a: Necrozma
|-supereffective|p1a: Necrozma
|-damage|p1a: Necrozma|34/100
|move|p1a: Necrozma|Sunsteel Strike|p2a: Eternatus
|-damage|p2a: Eternatus|40/100
|
|upkeep
|turn|4
|
|t:|1654212501
|move|p2a: Eternatus|Flamethrower|p1a: Necrozma
|-supereffective|p1a: Necrozma
|-damage|p1a: Necrozma|0 fnt
|faint|p1a: Necrozma
|
|upkeep
|
|t:|1654212502
|switch|p1a: Weavile|Weavile, M|100/100
|-ability|p1a: Weavile|Pressure
|turn|5
|
|t:|1654212507
|switch|p2a: Necrozma|Necrozma-Dusk-Mane|100/100
|-activate|p2a: Necrozma|move: Sticky Web
|-unboost|p2a: Necrozma|spe|1
|move|p1a: Weavile|Ice Shard|p2a: Necrozma
|-resisted|p2a: Necrozma
|-damage|p2a: Necrozma|92/100
|
|-heal|p2a: Necrozma|98/100|[from] item: Leftovers
|upkeep
|turn|6
|
|t:|1654212511
|move|p1a: Weavile|Swords Dance|p1a: Weavile
|-boost|p1a: Weavile|atk|2
|move|p2a: Necrozma|Sunsteel Strike|p1a: Weavile
|-supereffective|p1a: Weavile
|-damage|p1a: Weavile|0 fnt
|faint|p1a: Weavile
|
|-heal|p2a: Necrozma|100/100|[from] item: Leftovers
|upkeep
|
|t:|1654212513
|switch|p1a: Yveltal|Yveltal|100/100
|-ability|p1a: Yveltal|Dark Aura
|turn|7
|j| ult4pdr luna
|
|t:|1654212516
|move|p1a: Yveltal|Knock Off|p2a: Necrozma
|-supereffective|p2a: Necrozma
|-damage|p2a: Necrozma|11/100
|-enditem|p2a: Necrozma|Leftovers|[from] move: Knock Off|[of] p1a: Yveltal
|-damage|p1a: Yveltal|91/100|[from] item: Life Orb
|move|p2a: Necrozma|Sunsteel Strike|p1a: Yveltal
|-damage|p1a: Yveltal|39/100
|
|upkeep
|turn|8
|
|t:|1654212518
|move|p1a: Yveltal|Oblivion Wing|p2a: Necrozma
|-resisted|p2a: Necrozma
|-damage|p2a: Necrozma|0 fnt
|-heal|p1a: Yveltal|47/100|[from] drain|[of] p2a: Necrozma
|faint|p2a: Necrozma
|-damage|p1a: Yveltal|37/100|[from] item: Life Orb
|
|upkeep
|
|t:|1654212520
|switch|p2a: Xerneas|Xerneas|100/100
|-activate|p2a: Xerneas|move: Sticky Web
|-unboost|p2a: Xerneas|spe|1
|-ability|p2a: Xerneas|Fairy Aura
|turn|9
|j| Holy Ghost
|
|t:|1654212523
|move|p1a: Yveltal|Knock Off|p2a: Xerneas
|-resisted|p2a: Xerneas
|-damage|p2a: Xerneas|62/100
|-enditem|p2a: Xerneas|Power Herb|[from] move: Knock Off|[of] p1a: Yveltal
|-damage|p1a: Yveltal|27/100|[from] item: Life Orb
|move|p2a: Xerneas|Moonblast|p1a: Yveltal
|-supereffective|p1a: Yveltal
|-damage|p1a: Yveltal|0 fnt
|faint|p1a: Yveltal
|
|upkeep
|
|t:|1654212531
|switch|p1a: Eternatus|Eternatus|100/100
|-ability|p1a: Eternatus|Pressure
|turn|10
|
|t:|1654212539
|switch|p2a: Eternatus|Eternatus|40/100
|-activate|p2a: Eternatus|move: Sticky Web
|-unboost|p2a: Eternatus|spe|1
|-ability|p2a: Eternatus|Pressure
|move|p1a: Eternatus|Sludge Bomb|p2a: Eternatus
|-resisted|p2a: Eternatus
|-damage|p2a: Eternatus|18/100
|
|upkeep
|turn|11
|
|t:|1654212548
|move|p1a: Eternatus|Dynamax Cannon|p2a: Eternatus
|-supereffective|p2a: Eternatus
|-damage|p2a: Eternatus|0 fnt
|faint|p2a: Eternatus
|
|upkeep
|
|t:|1654212550
|switch|p2a: Calyrex|Calyrex-Shadow|100/100
|-ability|p2a: Calyrex|As One
|-ability|p2a: Calyrex|Unnerve
|-activate|p2a: Calyrex|move: Sticky Web
|-unboost|p2a: Calyrex|spe|1
|turn|12
|
|t:|1654212557
|move|p2a: Calyrex|Psyshock|p1a: Eternatus
|-supereffective|p1a: Eternatus
|-damage|p1a: Eternatus|10/100
|move|p1a: Eternatus|Dynamax Cannon|p2a: Calyrex
|-damage|p2a: Calyrex|47/100
|
|upkeep
|turn|13
|
|t:|1654212560
|move|p2a: Calyrex|Psyshock|p1a: Eternatus
|-supereffective|p1a: Eternatus
|-damage|p1a: Eternatus|0 fnt
|faint|p1a: Eternatus
|-ability|p2a: Calyrex|Grim Neigh|boost
|-boost|p2a: Calyrex|spa|1
|
|upkeep
|
|t:|1654212561
|switch|p1a: Marshadow|Marshadow|100/100
|turn|14
|
|t:|1654212562
|move|p1a: Marshadow|Shadow Sneak|p2a: Calyrex
|-supereffective|p2a: Calyrex
|-damage|p2a: Calyrex|0 fnt
|faint|p2a: Calyrex
|-damage|p1a: Marshadow|91/100|[from] item: Life Orb
|
|upkeep
|
|t:|1654212564
|switch|p2a: Xerneas|Xerneas|62/100
|-activate|p2a: Xerneas|move: Sticky Web
|-unboost|p2a: Xerneas|spe|1
|-ability|p2a: Xerneas|Fairy Aura
|turn|15
|
|t:|1654212565
|move|p1a: Marshadow|Spectral Thief|p2a: Xerneas
|-damage|p2a: Xerneas|11/100
|-damage|p1a: Marshadow|81/100|[from] item: Life Orb
|move|p2a: Xerneas|Moonblast|p1a: Marshadow
|-supereffective|p1a: Marshadow
|-damage|p1a: Marshadow|0 fnt
|faint|p1a: Marshadow
|
|win|Grc111
|raw|ULT4PDR Fc's rating: 1535 &rarr; <strong>1520</strong><br />(-15 for losing)
|raw|Grc111's rating: 1625 &rarr; <strong>1640</strong><br />(+15 for winning)
|l|☆ULT4PDR Fc
|l|‽Grc111
