|j|☆TaKuTo-SeNpAi
|j|☆phlippp
|player|p1|TaKuTo-SeNpAi|102|1495
|player|p2|phlippp|165|1247
|teamsize|p1|6
|teamsize|p2|6
|gametype|singles
|gen|8
|tier|[Gen 8] Ubers
|rated|
|clearpoke
|poke|p1|Reshiram|
|poke|p1|Lunala|
|poke|p1|Quagsire, M|
|poke|p1|Tyranitar, M|
|poke|p1|Corviknight, M|
|poke|p1|Excadrill, M|
|poke|p2|Reshiram|
|poke|p2|Eternatus|
|poke|p2|Zacian-Crowned|
|poke|p2|Marshadow|
|poke|p2|Melmetal|
|poke|p2|Toxapex, M|
|rule|Sleep Clause Mod: Limit one foe put to sleep
|rule|Species Clause: Limit one of each Pokémon
|rule|OHKO Clause: OHKO moves are banned
|rule|Evasion Moves Clause: Evasion moves are banned
|rule|Endless Battle Clause: Forcing endless battles is banned
|rule|HP Percentage Mod: HP is shown in percentages
|teampreview
|
|start
|switch|p1a: Tyranitar|Tyranitar, M, shiny|100/100
|switch|p2a: Melmetal|Melmetal|100/100
|-weather|Sandstorm|[from] ability: Sand Stream|[of] p1a: Tyranitar
|turn|1
|
|switch|p1a: Corviknight|Corviknight, M, shiny|100/100
|-ability|p1a: Corviknight|Pressure
|move|p2a: Melmetal|Body Press|p1a: Corviknight
|-damage|p1a: Corviknight|85/100
|
|-weather|Sandstorm|[upkeep]
|-heal|p1a: Corviknight|91/100|[from] item: Leftovers
|upkeep
|turn|2
|
|move|p1a: Corviknight|Taunt|p2a: Melmetal
|-start|p2a: Melmetal|move: Taunt
|cant|p2a: Melmetal|move: Taunt|Acid Armor
|
|-weather|Sandstorm|[upkeep]
|-heal|p1a: Corviknight|97/100|[from] item: Leftovers
|upkeep
|turn|3
|
|move|p1a: Corviknight|Body Press|p2a: Melmetal
|-supereffective|p2a: Melmetal
|-damage|p2a: Melmetal|71/100
|move|p2a: Melmetal|Body Press|p1a: Corviknight
|-damage|p1a: Corviknight|82/100
|
|-weather|Sandstorm|[upkeep]
|-heal|p1a: Corviknight|88/100|[from] item: Leftovers
|-heal|p2a: Melmetal|77/100|[from] item: Leftovers
|upkeep
|turn|4
|
|switch|p2a: Toxapex|Toxapex, M|100/100
|move|p1a: Corviknight|Body Press|p2a: Toxapex
|-resisted|p2a: Toxapex
|-damage|p2a: Toxapex|92/100
|
|-weather|Sandstorm|[upkeep]
|-damage|p2a: Toxapex|86/100|[from] Sandstorm
|-heal|p1a: Corviknight|94/100|[from] item: Leftovers
|-heal|p2a: Toxapex|92/100|[from] item: Black Sludge
|upkeep
|turn|5
|
|move|p1a: Corviknight|Taunt|p2a: Toxapex
|-start|p2a: Toxapex|move: Taunt
|move|p2a: Toxapex|Scald|p1a: Corviknight
|-damage|p1a: Corviknight|77/100
|
|-weather|none
|-heal|p1a: Corviknight|83/100|[from] item: Leftovers
|-heal|p2a: Toxapex|98/100|[from] item: Black Sludge
|upkeep
|turn|6
|
|switch|p1a: Lunala|Lunala, shiny|100/100
|switch|p2a: Eternatus|Eternatus|100/100
|-ability|p2a: Eternatus|Pressure
|
|upkeep
|turn|7
|
|move|p2a: Eternatus|Cosmic Power|p2a: Eternatus
|-boost|p2a: Eternatus|def|1
|-boost|p2a: Eternatus|spd|1
|move|p1a: Lunala|Thunder Wave|p2a: Eternatus
|-status|p2a: Eternatus|par
|
|upkeep
|turn|8
|
|move|p1a: Lunala|Hex|p2a: Eternatus
|-damage|p2a: Eternatus|74/100 par
|move|p2a: Eternatus|Cosmic Power|p2a: Eternatus
|-boost|p2a: Eternatus|def|1
|-boost|p2a: Eternatus|spd|1
|
|upkeep
|turn|9
|inactive|Battle timer is ON: inactive players will automatically lose when time's up. (requested by phlippp)
|
|switch|p1a: Quagsire|Quagsire, M, shiny|100/100
|move|p2a: Eternatus|Recover|p2a: Eternatus
|-heal|p2a: Eternatus|100/100 par
|
|upkeep
|turn|10
|
|cant|p2a: Eternatus|par
|move|p1a: Quagsire|Curse|p1a: Quagsire
|-unboost|p1a: Quagsire|spe|1
|-boost|p1a: Quagsire|atk|1
|-boost|p1a: Quagsire|def|1
|
|upkeep
|turn|11
|
|move|p2a: Eternatus|Cosmic Power|p2a: Eternatus
|-boost|p2a: Eternatus|def|1
|-boost|p2a: Eternatus|spd|1
|move|p1a: Quagsire|Earthquake|p2a: Eternatus
|-supereffective|p2a: Eternatus
|-damage|p2a: Eternatus|48/100 par
|-enditem|p2a: Eternatus|Weakness Policy
|-boost|p2a: Eternatus|atk|2|[from] item: Weakness Policy
|-boost|p2a: Eternatus|spa|2|[from] item: Weakness Policy
|
|upkeep
|turn|12
|
|move|p2a: Eternatus|Recover|p2a: Eternatus
|-heal|p2a: Eternatus|98/100 par
|move|p1a: Quagsire|Earthquake|p2a: Eternatus
|-supereffective|p2a: Eternatus
|-damage|p2a: Eternatus|41/100 par
|
|upkeep
|turn|13
|
|move|p2a: Eternatus|Dynamax Cannon|p1a: Quagsire
|-damage|p1a: Quagsire|41/100
|move|p1a: Quagsire|Earthquake|p2a: Eternatus
|-supereffective|p2a: Eternatus
|-damage|p2a: Eternatus|0 fnt
|faint|p2a: Eternatus
|
|-heal|p1a: Quagsire|47/100|[from] item: Leftovers
|upkeep
|
|switch|p2a: Marshadow|Marshadow|100/100
|turn|14
|
|switch|p1a: Corviknight|Corviknight, M, shiny|83/100
|-ability|p1a: Corviknight|Pressure
|move|p2a: Marshadow|Close Combat|p1a: Corviknight
|-damage|p1a: Corviknight|49/100
|-unboost|p2a: Marshadow|def|1
|-unboost|p2a: Marshadow|spd|1
|
|-heal|p1a: Corviknight|55/100|[from] item: Leftovers
|upkeep
|turn|15
|
|-start|p2a: Marshadow|Dynamax
|-heal|p2a: Marshadow|100/100|[silent]
|move|p2a: Marshadow|Max Knuckle|p1a: Corviknight
|-damage|p1a: Corviknight|24/100
|-boost|p2a: Marshadow|atk|1
|move|p1a: Corviknight|Roost|p1a: Corviknight
|-heal|p1a: Corviknight|74/100
|-singleturn|p1a: Corviknight|move: Roost
|
|-heal|p1a: Corviknight|80/100|[from] item: Leftovers
|upkeep
|turn|16
|
|move|p2a: Marshadow|Max Phantasm|p1a: Corviknight
|-damage|p1a: Corviknight|19/100
|-unboost|p1a: Corviknight|def|1
|move|p1a: Corviknight|Roost|p1a: Corviknight
|-heal|p1a: Corviknight|69/100
|-singleturn|p1a: Corviknight|move: Roost
|
|-heal|p1a: Corviknight|75/100|[from] item: Leftovers
|upkeep
|turn|17
|
|switch|p1a: Tyranitar|Tyranitar, M, shiny|100/100
|-weather|Sandstorm|[from] ability: Sand Stream|[of] p1a: Tyranitar
|move|p2a: Marshadow|Max Knuckle|p1a: Tyranitar
|-supereffective|p1a: Tyranitar
|-damage|p1a: Tyranitar|0 fnt
|-boost|p2a: Marshadow|atk|1
|faint|p1a: Tyranitar
|
|-weather|Sandstorm|[upkeep]
|-damage|p2a: Marshadow|97/100|[from] Sandstorm
|-end|p2a: Marshadow|Dynamax
|-heal|p2a: Marshadow|97/100|[silent]
|upkeep
|
|switch|p1a: Quagsire|Quagsire, M, shiny|47/100
|turn|18
|
|move|p2a: Marshadow|Close Combat|p1a: Quagsire
|-damage|p1a: Quagsire|6/100
|-unboost|p2a: Marshadow|def|1
|-unboost|p2a: Marshadow|spd|1
|move|p1a: Quagsire|Recover|p1a: Quagsire
|-heal|p1a: Quagsire|56/100
|
|-weather|Sandstorm|[upkeep]
|-damage|p2a: Marshadow|91/100|[from] Sandstorm
|-heal|p1a: Quagsire|62/100|[from] item: Leftovers
|upkeep
|turn|19
|
|switch|p2a: Toxapex|Toxapex, M|100/100
|move|p1a: Quagsire|Recover|p1a: Quagsire
|-heal|p1a: Quagsire|100/100
|
|-weather|Sandstorm|[upkeep]
|-damage|p2a: Toxapex|94/100|[from] Sandstorm
|-heal|p2a: Toxapex|100/100|[from] item: Black Sludge
|upkeep
|turn|20
|
|move|p2a: Toxapex|Scald|p1a: Quagsire
|-damage|p1a: Quagsire|78/100
|-status|p1a: Quagsire|brn
|move|p1a: Quagsire|Curse|p1a: Quagsire
|-unboost|p1a: Quagsire|spe|1
|-boost|p1a: Quagsire|atk|1
|-boost|p1a: Quagsire|def|1
|
|-weather|Sandstorm|[upkeep]
|-damage|p2a: Toxapex|94/100|[from] Sandstorm
|-heal|p2a: Toxapex|100/100|[from] item: Black Sludge
|-heal|p1a: Quagsire|84/100 brn|[from] item: Leftovers
|-damage|p1a: Quagsire|78/100 brn|[from] brn
|upkeep
|turn|21
|
|switch|p2a: Melmetal|Melmetal|77/100
|move|p1a: Quagsire|Curse|p1a: Quagsire
|-unboost|p1a: Quagsire|spe|1
|-boost|p1a: Quagsire|atk|1
|-boost|p1a: Quagsire|def|1
|
|-weather|none
|-heal|p2a: Melmetal|83/100|[from] item: Leftovers
|-heal|p1a: Quagsire|84/100 brn|[from] item: Leftovers
|-damage|p1a: Quagsire|78/100 brn|[from] brn
|upkeep
|turn|22
|
|move|p2a: Melmetal|Acid Armor|p2a: Melmetal
|-boost|p2a: Melmetal|def|2
|move|p1a: Quagsire|Earthquake|p2a: Melmetal
|-supereffective|p2a: Melmetal
|-damage|p2a: Melmetal|53/100
|
|-heal|p2a: Melmetal|60/100|[from] item: Leftovers
|-heal|p1a: Quagsire|84/100 brn|[from] item: Leftovers
|-damage|p1a: Quagsire|78/100 brn|[from] brn
|upkeep
|turn|23
|
|move|p2a: Melmetal|Acid Armor|p2a: Melmetal
|-boost|p2a: Melmetal|def|2
|move|p1a: Quagsire|Earthquake|p2a: Melmetal
|-supereffective|p2a: Melmetal
|-damage|p2a: Melmetal|27/100
|
|-heal|p2a: Melmetal|33/100|[from] item: Leftovers
|-heal|p1a: Quagsire|84/100 brn|[from] item: Leftovers
|-damage|p1a: Quagsire|78/100 brn|[from] brn
|upkeep
|turn|24
|
|move|p2a: Melmetal|Body Press|p1a: Quagsire
|-damage|p1a: Quagsire|70/100 brn
|move|p1a: Quagsire|Earthquake|p2a: Melmetal
|-supereffective|p2a: Melmetal
|-crit|p2a: Melmetal
|-damage|p2a: Melmetal|0 fnt
|faint|p2a: Melmetal
|
|-heal|p1a: Quagsire|76/100 brn|[from] item: Leftovers
|-damage|p1a: Quagsire|70/100 brn|[from] brn
|upkeep
|
|switch|p2a: Reshiram|Reshiram|100/100
|-ability|p2a: Reshiram|Turboblaze
|turn|25
|
|move|p2a: Reshiram|Blue Flare|p1a: Quagsire
|-resisted|p1a: Quagsire
|-damage|p1a: Quagsire|25/100 brn
|move|p1a: Quagsire|Recover|p1a: Quagsire
|-heal|p1a: Quagsire|75/100 brn
|
|-heal|p1a: Quagsire|81/100 brn|[from] item: Leftovers
|-damage|p1a: Quagsire|75/100 brn|[from] brn
|upkeep
|turn|26
|
|switch|p2a: Toxapex|Toxapex, M|100/100
|move|p1a: Quagsire|Earthquake|p2a: Toxapex
|-supereffective|p2a: Toxapex
|-damage|p2a: Toxapex|64/100
|
|-heal|p2a: Toxapex|70/100|[from] item: Black Sludge
|-heal|p1a: Quagsire|81/100 brn|[from] item: Leftovers
|-damage|p1a: Quagsire|75/100 brn|[from] brn
|upkeep
|turn|27
|
|move|p2a: Toxapex|Haze|p2a: Toxapex
|-clearallboost
|move|p1a: Quagsire|Earthquake|p2a: Toxapex
|-supereffective|p2a: Toxapex
|-damage|p2a: Toxapex|52/100
|
|-heal|p1a: Quagsire|81/100 brn|[from] item: Leftovers
|-heal|p2a: Toxapex|58/100|[from] item: Black Sludge
|-damage|p1a: Quagsire|75/100 brn|[from] brn
|upkeep
|turn|28
|
|switch|p2a: Zacian|Zacian-Crowned|100/100
|-ability|p2a: Zacian|Intrepid Sword|boost
|-boost|p2a: Zacian|atk|1
|switch|p1a: Lunala|Lunala, shiny|100/100
|
|upkeep
|turn|29
|
|move|p2a: Zacian|Swords Dance|p2a: Zacian
|-boost|p2a: Zacian|atk|2
|move|p1a: Lunala|Will-O-Wisp|p2a: Zacian
|-status|p2a: Zacian|brn
|
|-damage|p2a: Zacian|94/100 brn|[from] brn
|upkeep
|turn|30
|
|switch|p1a: Quagsire|Quagsire, M, shiny|75/100 brn
|move|p2a: Zacian|Swords Dance|p2a: Zacian
|-boost|p2a: Zacian|atk|2
|
|-heal|p1a: Quagsire|81/100 brn|[from] item: Leftovers
|-damage|p2a: Zacian|88/100 brn|[from] brn
|-damage|p1a: Quagsire|75/100 brn|[from] brn
|upkeep
|turn|31
|
|move|p2a: Zacian|Play Rough|p1a: Quagsire
|-damage|p1a: Quagsire|54/100 brn
|move|p1a: Quagsire|Earthquake|p2a: Zacian
|-supereffective|p2a: Zacian
|-damage|p2a: Zacian|63/100 brn
|
|-heal|p1a: Quagsire|60/100 brn|[from] item: Leftovers
|-damage|p2a: Zacian|57/100 brn|[from] brn
|-damage|p1a: Quagsire|54/100 brn|[from] brn
|upkeep
|turn|32
|
|move|p2a: Zacian|Play Rough|p1a: Quagsire
|-damage|p1a: Quagsire|33/100 brn
|move|p1a: Quagsire|Recover|p1a: Quagsire
|-heal|p1a: Quagsire|83/100 brn
|
|-heal|p1a: Quagsire|90/100 brn|[from] item: Leftovers
|-damage|p2a: Zacian|51/100 brn|[from] brn
|-damage|p1a: Quagsire|83/100 brn|[from] brn
|upkeep
|turn|33
|
|move|p2a: Zacian|Swords Dance|p2a: Zacian
|-boost|p2a: Zacian|atk|1
|move|p1a: Quagsire|Recover|p1a: Quagsire
|-heal|p1a: Quagsire|100/100 brn
|
|-damage|p2a: Zacian|45/100 brn|[from] brn
|-damage|p1a: Quagsire|94/100 brn|[from] brn
|upkeep
|turn|34
|
|move|p2a: Zacian|Play Rough|p1a: Quagsire
|-damage|p1a: Quagsire|74/100 brn
|move|p1a: Quagsire|Curse|p1a: Quagsire
|-unboost|p1a: Quagsire|spe|1
|-boost|p1a: Quagsire|atk|1
|-boost|p1a: Quagsire|def|1
|
|-heal|p1a: Quagsire|80/100 brn|[from] item: Leftovers
|-damage|p2a: Zacian|39/100 brn|[from] brn
|-damage|p1a: Quagsire|74/100 brn|[from] brn
|upkeep
|turn|35
|
|switch|p2a: Marshadow|Marshadow|91/100
|move|p1a: Quagsire|Earthquake|p2a: Marshadow
|-damage|p2a: Marshadow|65/100
|
|-heal|p1a: Quagsire|80/100 brn|[from] item: Leftovers
|-damage|p1a: Quagsire|74/100 brn|[from] brn
|upkeep
|turn|36
|
|switch|p1a: Corviknight|Corviknight, M, shiny|75/100
|-ability|p1a: Corviknight|Pressure
|move|p2a: Marshadow|Spectral Thief|p1a: Corviknight
|-damage|p1a: Corviknight|49/100
|
|-heal|p1a: Corviknight|55/100|[from] item: Leftovers
|upkeep
|turn|37
|
|switch|p2a: Toxapex|Toxapex, M|92/100
|move|p1a: Corviknight|Roost|p1a: Corviknight
|-heal|p1a: Corviknight|100/100
|-singleturn|p1a: Corviknight|move: Roost
|
|-heal|p2a: Toxapex|98/100|[from] item: Black Sludge
|upkeep
|turn|38
|
|switch|p1a: Reshiram|Reshiram, shiny|100/100
|-ability|p1a: Reshiram|Turboblaze
|switch|p2a: Reshiram|Reshiram|100/100
|-ability|p2a: Reshiram|Turboblaze
|
|upkeep
|turn|39
|
|move|p1a: Reshiram|Draco Meteor|p2a: Reshiram
|-supereffective|p2a: Reshiram
|-damage|p2a: Reshiram|0 fnt
|-unboost|p1a: Reshiram|spa|2
|faint|p2a: Reshiram
|
|upkeep
|
|switch|p2a: Zacian|Zacian-Crowned|39/100 brn
|-ability|p2a: Zacian|Intrepid Sword|boost
|-boost|p2a: Zacian|atk|1
|turn|40
|-message|phlippp forfeited.
|
|win|TaKuTo-SeNpAi
|l|☆phlippp
|raw|TaKuTo-SeNpAi's rating: 1496 &rarr; <strong>1503</strong><br />(+7 for winning)
|raw|phlippp's rating: 1248 &rarr; <strong>1238</strong><br />(-10 for losing)
