|j|☆Rell27
|j|☆nj07
|t:|1625021104
|gametype|singles
|player|p1|Rell27|169|1472
|player|p2|nj07|lucas-gen4pt|1475
|teamsize|p1|6
|teamsize|p2|6
|gen|8
|tier|[Gen 8] Ubers
|rated|
|rule|Sleep Clause Mod: Limit one foe put to sleep
|rule|Species Clause: Limit one of each Pokémon
|rule|OHKO Clause: OHKO moves are banned
|rule|Evasion Moves Clause: Evasion moves are banned
|rule|Endless Battle Clause: Forcing endless battles is banned
|rule|HP Percentage Mod: HP is shown in percentages
|rule|Dynamax Clause: You cannot dynamax
|clearpoke
|poke|p1|Eternatus|
|poke|p1|Necrozma-Dusk-Mane|
|poke|p1|Marshadow|
|poke|p1|Xerneas-*|
|poke|p1|Zygarde|
|poke|p1|Palkia|
|poke|p2|Genesect|
|poke|p2|Dracovish|
|poke|p2|Melmetal|
|poke|p2|Tyranitar, F|
|poke|p2|Kyurem-Black|
|poke|p2|Regieleki|
|teampreview
|
|t:|1625021124
|start
|switch|p1a: Zygarde|Zygarde|100/100
|switch|p2a: Tyranitar|Tyranitar, F|100/100
|-weather|Sandstorm|[from] ability: Sand Stream|[of] p2a: Tyranitar
|turn|1
|
|t:|1625021129
|move|p1a: Zygarde|Thousand Waves|p2a: Tyranitar
|-supereffective|p2a: Tyranitar
|-damage|p2a: Tyranitar|63/100
|-activate|p2a: Tyranitar|trapped
|move|p2a: Tyranitar|Stealth Rock|p1a: Zygarde
|-sidestart|p1: Rell27|move: Stealth Rock
|
|-weather|Sandstorm|[upkeep]
|upkeep
|turn|2
|
|t:|1625021135
|move|p1a: Zygarde|Coil|p1a: Zygarde
|-boost|p1a: Zygarde|atk|1
|-boost|p1a: Zygarde|def|1
|-boost|p1a: Zygarde|accuracy|1
|move|p2a: Tyranitar|Body Press|p1a: Zygarde
|-damage|p1a: Zygarde|91/100
|
|-weather|Sandstorm|[upkeep]
|-heal|p1a: Zygarde|97/100|[from] item: Leftovers
|upkeep
|turn|3
|inactive|Battle timer is ON: inactive players will automatically lose when time's up. (requested by nj07)
|
|t:|1625021146
|move|p1a: Zygarde|Scale Shot|p2a: Tyranitar
|-damage|p2a: Tyranitar|56/100
|-damage|p2a: Tyranitar|47/100
|-hitcount|p2a: Tyranitar|2
|-unboost|p1a: Zygarde|def|1
|-boost|p1a: Zygarde|spe|1
|move|p2a: Tyranitar|Body Press|p1a: Zygarde
|-damage|p1a: Zygarde|81/100
|
|-weather|Sandstorm|[upkeep]
|-heal|p1a: Zygarde|87/100|[from] item: Leftovers
|upkeep
|turn|4
|
|t:|1625021157
|move|p1a: Zygarde|Scale Shot|p2a: Tyranitar
|-crit|p2a: Tyranitar
|-damage|p2a: Tyranitar|33/100
|-damage|p2a: Tyranitar|24/100
|-damage|p2a: Tyranitar|16/100
|-damage|p2a: Tyranitar|7/100
|-hitcount|p2a: Tyranitar|4
|-unboost|p1a: Zygarde|def|1
|-boost|p1a: Zygarde|spe|1
|move|p2a: Tyranitar|Body Press|p1a: Zygarde
|-damage|p1a: Zygarde|63/100
|
|-weather|Sandstorm|[upkeep]
|-heal|p1a: Zygarde|69/100|[from] item: Leftovers
|upkeep
|turn|5
|
|t:|1625021166
|move|p1a: Zygarde|Coil|p1a: Zygarde
|-boost|p1a: Zygarde|atk|1
|-boost|p1a: Zygarde|def|1
|-boost|p1a: Zygarde|accuracy|1
|move|p2a: Tyranitar|Body Press|p1a: Zygarde
|-damage|p1a: Zygarde|55/100
|
|-weather|Sandstorm|[upkeep]
|-heal|p1a: Zygarde|61/100|[from] item: Leftovers
|upkeep
|turn|6
|j| 37c
|
|t:|1625021168
|move|p1a: Zygarde|Coil|p1a: Zygarde
|-boost|p1a: Zygarde|atk|1
|-boost|p1a: Zygarde|def|1
|-boost|p1a: Zygarde|accuracy|1
|move|p2a: Tyranitar|Body Press|p1a: Zygarde
|-damage|p1a: Zygarde|50/100
|
|-weather|Sandstorm|[upkeep]
|-heal|p1a: Zygarde|56/100|[from] item: Leftovers
|upkeep
|turn|7
|
|t:|1625021171
|move|p1a: Zygarde|Rest|p1a: Zygarde
|-status|p1a: Zygarde|slp|[from] move: Rest
|-heal|p1a: Zygarde|100/100 slp|[silent]
|move|p2a: Tyranitar|Body Press|p1a: Zygarde
|-damage|p1a: Zygarde|90/100 slp
|
|-weather|Sandstorm|[upkeep]
|-heal|p1a: Zygarde|96/100 slp|[from] item: Leftovers
|upkeep
|turn|8
|
|t:|1625021173
|cant|p1a: Zygarde|slp
|move|p2a: Tyranitar|Body Press|p1a: Zygarde
|-damage|p1a: Zygarde|86/100 slp
|
|-weather|none
|-heal|p1a: Zygarde|92/100 slp|[from] item: Leftovers
|upkeep
|turn|9
|
|t:|1625021175
|cant|p1a: Zygarde|slp
|move|p2a: Tyranitar|Body Press|p1a: Zygarde
|-damage|p1a: Zygarde|83/100 slp
|
|-heal|p1a: Zygarde|89/100 slp|[from] item: Leftovers
|upkeep
|turn|10
|
|t:|1625021179
|-curestatus|p1a: Zygarde|slp|[msg]
|move|p1a: Zygarde|Coil|p1a: Zygarde
|-boost|p1a: Zygarde|atk|1
|-boost|p1a: Zygarde|def|1
|-boost|p1a: Zygarde|accuracy|1
|move|p2a: Tyranitar|Body Press|p1a: Zygarde
|-damage|p1a: Zygarde|81/100
|
|-heal|p1a: Zygarde|87/100|[from] item: Leftovers
|upkeep
|turn|11
|
|t:|1625021183
|move|p1a: Zygarde|Coil|p1a: Zygarde
|-boost|p1a: Zygarde|atk|1
|-boost|p1a: Zygarde|def|1
|-boost|p1a: Zygarde|accuracy|1
|move|p2a: Tyranitar|Body Press|p1a: Zygarde
|-damage|p1a: Zygarde|80/100
|
|-heal|p1a: Zygarde|87/100|[from] item: Leftovers
|upkeep
|turn|12
|
|t:|1625021185
|move|p1a: Zygarde|Coil|p1a: Zygarde
|-boost|p1a: Zygarde|atk|1
|-boost|p1a: Zygarde|def|1
|-boost|p1a: Zygarde|accuracy|1
|move|p2a: Tyranitar|Body Press|p1a: Zygarde
|-damage|p1a: Zygarde|81/100
|
|-heal|p1a: Zygarde|87/100|[from] item: Leftovers
|upkeep
|turn|13
|
|t:|1625021193
|move|p1a: Zygarde|Scale Shot|p2a: Tyranitar
|-damage|p2a: Tyranitar|0 fnt
|faint|p2a: Tyranitar
|-hitcount|p2: Tyranitar|1
|-unboost|p1a: Zygarde|def|1
|-boost|p1a: Zygarde|spe|1
|
|-heal|p1a: Zygarde|93/100|[from] item: Leftovers
|upkeep
|
|t:|1625021216
|switch|p2a: Kyurem|Kyurem-Black|100/100
|-ability|p2a: Kyurem|Teravolt
|turn|14
|
|t:|1625021221
|move|p1a: Zygarde|Scale Shot|p2a: Kyurem
|-supereffective|p2a: Kyurem
|-damage|p2a: Kyurem|31/100
|-supereffective|p2a: Kyurem
|-damage|p2a: Kyurem|0 fnt
|faint|p2a: Kyurem
|-hitcount|p2: Kyurem|2
|-unboost|p1a: Zygarde|def|1
|-boost|p1a: Zygarde|spe|1
|
|-heal|p1a: Zygarde|99/100|[from] item: Leftovers
|upkeep
|-message|nj07 forfeited.
|
|win|Rell27
|raw|Rell27's rating: 1472 &rarr; <strong>1492</strong><br />(+20 for winning)
|raw|nj07's rating: 1475 &rarr; <strong>1455</strong><br />(-20 for losing)
|l|☆nj07
|l|☆Rell27
