|j|☆QiYu3
|j|☆ubertest45553
|player|p1|QiYu3|psychic-gen4|1516
|player|p2|ubertest45553|red|1394
|teamsize|p1|6
|teamsize|p2|6
|gametype|singles
|gen|8
|tier|[Gen 8] Ubers
|rated|
|clearpoke
|poke|p1|Melmetal|
|poke|p1|Reshiram|
|poke|p1|Hatterene, F|
|poke|p1|Necrozma-Dusk-Mane|
|poke|p1|Lunala|
|poke|p1|Mimikyu, L1, M|
|poke|p2|Necrozma-Dusk-Mane|
|poke|p2|Marshadow|
|poke|p2|Zacian-Crowned|
|poke|p2|Dracovish|
|poke|p2|Ditto|
|poke|p2|Shuckle, M|
|rule|Sleep Clause Mod: Limit one foe put to sleep
|rule|Species Clause: Limit one of each Pokémon
|rule|OHKO Clause: OHKO moves are banned
|rule|Evasion Moves Clause: Evasion moves are banned
|rule|Endless Battle Clause: Forcing endless battles is banned
|rule|HP Percentage Mod: HP is shown in percentages
|teampreview
|inactive|Battle timer is ON: inactive players will automatically lose when time's up. (requested by ubertest45553)
|c|☆QiYu3|?
|
|start
|switch|p1a: Lunala|Lunala|100/100
|switch|p2a: Dracovish|Dracovish, shiny|100/100
|turn|1
|
|move|p1a: Lunala|Moongeist Beam|p2a: Dracovish
|-damage|p2a: Dracovish|0 fnt
|faint|p2a: Dracovish
|
|upkeep
|
|switch|p2a: Shuckle|Shuckle, M|100/100
|turn|2
|
|switch|p1a: Hatterene|Hatterene, F|100/100
|move|p2a: Shuckle|Knock Off|p1a: Hatterene
|-damage|p1a: Hatterene|94/100
|-enditem|p1a: Hatterene|Life Orb|[from] move: Knock Off|[of] p2a: Shuckle
|
|upkeep
|turn|3
|
|move|p2a: Shuckle|Knock Off|p1a: Hatterene
|-damage|p1a: Hatterene|89/100
|move|p1a: Hatterene|Trick Room|p1a: Hatterene
|-fieldstart|move: Trick Room|[of] p1a: Hatterene
|
|upkeep
|turn|4
|
|move|p2a: Shuckle|Knock Off|p1a: Hatterene
|-damage|p1a: Hatterene|85/100
|move|p1a: Hatterene|Psychic|p2a: Shuckle
|-damage|p2a: Shuckle|68/100
|
|upkeep
|turn|5
|
|switch|p2a: Crowned Doge|Zacian-Crowned|100/100
|-ability|p2a: Crowned Doge|Intrepid Sword|boost
|-boost|p2a: Crowned Doge|atk|1
|move|p1a: Hatterene|Psychic|p2a: Crowned Doge
|-resisted|p2a: Crowned Doge
|-damage|p2a: Crowned Doge|75/100
|
|upkeep
|turn|6
|
|switch|p2a: Shuckle|Shuckle, M|68/100
|-start|p1a: Hatterene|Dynamax
|-formechange|p1a: Hatterene|Hatterene-Gmax
|-heal|p1a: Hatterene|85/100|[silent]
|move|p1a: Hatterene|Max Flare|p2a: Shuckle
|-damage|p2a: Shuckle|43/100
|-weather|SunnyDay
|
|-weather|SunnyDay|[upkeep]
|upkeep
|turn|7
|
|move|p1a: Hatterene|Max Guard|p1a: Hatterene
|-singleturn|p1a: Hatterene|Max Guard
|move|p2a: Shuckle|Knock Off|p1a: Hatterene
|-activate|p1a: Hatterene|move: Max Guard
|
|-weather|SunnyDay|[upkeep]
|-fieldend|move: Trick Room
|upkeep
|turn|8
|
|move|p1a: Hatterene|Max Flare|p2a: Shuckle
|-damage|p2a: Shuckle|2/100
|move|p2a: Shuckle|Knock Off|p1a: Hatterene
|-damage|p1a: Hatterene|83/100
|
|-weather|SunnyDay|[upkeep]
|-end|p1a: Hatterene|Dynamax
|-formechange|p1a: Hatterene|Hatterene
|-heal|p1a: Hatterene|83/100|[silent]
|upkeep
|turn|9
|
|switch|p2a: Ditto|Ditto, shiny|100/100
|-transform|p2a: Ditto|p1a: Hatterene|[from] ability: Imposter
|move|p1a: Hatterene|Trick Room|p1a: Hatterene
|-fieldstart|move: Trick Room|[of] p1a: Hatterene
|
|-weather|SunnyDay|[upkeep]
|upkeep
|turn|10
|
|move|p1a: Hatterene|Mystical Fire|p2a: Ditto
|-damage|p2a: Ditto|55/100
|-unboost|p2a: Ditto|spa|1
|move|p2a: Ditto|Mystical Fire|p1a: Hatterene
|-damage|p1a: Hatterene|53/100
|-unboost|p1a: Hatterene|spa|1
|
|-weather|none
|upkeep
|turn|11
|
|switch|p2a: Shuckle|Shuckle, M|2/100
|move|p1a: Hatterene|Mystical Fire|p2a: Shuckle
|-damage|p2a: Shuckle|0 fnt
|faint|p2a: Shuckle
|
|upkeep
|
|switch|p2a: Necrozma|Necrozma-Dusk-Mane|100/100
|turn|12
|
|move|p1a: Hatterene|Mystical Fire|p2a: Necrozma
|-supereffective|p2a: Necrozma
|-damage|p2a: Necrozma|70/100
|-enditem|p2a: Necrozma|Weakness Policy
|-boost|p2a: Necrozma|atk|2|[from] item: Weakness Policy
|-boost|p2a: Necrozma|spa|2|[from] item: Weakness Policy
|-unboost|p2a: Necrozma|spa|1
|move|p2a: Necrozma|Dragon Dance|p2a: Necrozma
|-boost|p2a: Necrozma|atk|1
|-boost|p2a: Necrozma|spe|1
|
|upkeep
|turn|13
|
|move|p1a: Hatterene|Mystical Fire|p2a: Necrozma
|-supereffective|p2a: Necrozma
|-damage|p2a: Necrozma|38/100
|-unboost|p2a: Necrozma|spa|1
|move|p2a: Necrozma|Dragon Dance|p2a: Necrozma
|-boost|p2a: Necrozma|atk|1
|-boost|p2a: Necrozma|spe|1
|
|-fieldend|move: Trick Room
|upkeep
|turn|14
|
|move|p2a: Necrozma|Sunsteel Strike|p1a: Hatterene
|-supereffective|p1a: Hatterene
|-damage|p1a: Hatterene|0 fnt
|faint|p1a: Hatterene
|
|upkeep
|
|switch|p1a: Mimikyu|Mimikyu, L1, M, shiny|100/100
|turn|15
|
|move|p2a: Necrozma|Sunsteel Strike|p1a: Mimikyu
|-supereffective|p1a: Mimikyu
|-enditem|p1a: Mimikyu|Focus Sash
|-damage|p1a: Mimikyu|9/100
|move|p1a: Mimikyu|Trick Room|p1a: Mimikyu
|-fieldstart|move: Trick Room|[of] p1a: Mimikyu
|
|upkeep
|turn|16
|
|move|p1a: Mimikyu|Destiny Bond|p1a: Mimikyu
|-singlemove|p1a: Mimikyu|Destiny Bond
|move|p2a: Necrozma|Dragon Dance|p2a: Necrozma
|-boost|p2a: Necrozma|atk|1
|-boost|p2a: Necrozma|spe|1
|
|upkeep
|turn|17
|
|move|p1a: Mimikyu|Curse|p2a: Necrozma
|-start|p2a: Necrozma|Curse|[of] p1a: Mimikyu
|-damage|p1a: Mimikyu|0 fnt
|faint|p1a: Mimikyu
|move|p2a: Necrozma|Sunsteel Strike|p1: Mimikyu|[notarget]
|-fail|p2a: Necrozma
|
|-damage|p2a: Necrozma|14/100|[from] Curse
|upkeep
|
|switch|p1a: Reshiram|Reshiram|100/100
|-ability|p1a: Reshiram|Turboblaze
|turn|18
|
|move|p1a: Reshiram|Earth Power|p2a: Necrozma
|-supereffective|p2a: Necrozma
|-damage|p2a: Necrozma|0 fnt
|-damage|p1a: Reshiram|91/100|[from] item: Life Orb
|faint|p2a: Necrozma
|
|upkeep
|
|switch|p2a: Marshadow|Marshadow|100/100
|turn|19
|
|-start|p2a: Marshadow|Dynamax
|-heal|p2a: Marshadow|100/100|[silent]
|move|p1a: Reshiram|Reflect|p1a: Reshiram
|-sidestart|p1: QiYu3|Reflect
|move|p2a: Marshadow|Max Knuckle|p1a: Reshiram
|-damage|p1a: Reshiram|71/100
|-boost|p2a: Marshadow|atk|1
|
|-fieldend|move: Trick Room
|upkeep
|turn|20
|
|move|p2a: Marshadow|Max Knuckle|p1a: Reshiram
|-damage|p1a: Reshiram|38/100
|-boost|p2a: Marshadow|atk|1
|move|p1a: Reshiram|Blue Flare|p2a: Marshadow
|-damage|p2a: Marshadow|39/100
|-damage|p1a: Reshiram|28/100|[from] item: Life Orb
|
|upkeep
|turn|21
|
|move|p2a: Marshadow|Max Knuckle|p1a: Reshiram
|-damage|p1a: Reshiram|0 fnt
|-boost|p2a: Marshadow|atk|1
|faint|p1a: Reshiram
|
|-end|p2a: Marshadow|Dynamax
|-heal|p2a: Marshadow|39/100|[silent]
|upkeep
|
|switch|p1a: Necrozma|Necrozma-Dusk-Mane|100/100
|turn|22
|c|☆ubertest45553|nice team
|
|move|p2a: Marshadow|Spectral Thief|p1a: Necrozma
|-supereffective|p1a: Necrozma
|-damage|p1a: Necrozma|39/100
|-enditem|p1a: Necrozma|Weakness Policy
|-boost|p1a: Necrozma|atk|2|[from] item: Weakness Policy
|-boost|p1a: Necrozma|spa|2|[from] item: Weakness Policy
|move|p1a: Necrozma|Trick Room|p1a: Necrozma
|-fieldstart|move: Trick Room|[of] p1a: Necrozma
|
|upkeep
|turn|23
|
|move|p1a: Necrozma|Sunsteel Strike|p2a: Marshadow
|-damage|p2a: Marshadow|0 fnt
|faint|p2a: Marshadow
|
|-sideend|p1: QiYu3|Reflect
|upkeep
|-message|ubertest45553 forfeited.
|
|win|QiYu3
|l|☆ubertest45553
|raw|QiYu3's rating: 1516 &rarr; <strong>1528</strong><br />(+12 for winning)
|raw|ubertest45553's rating: 1374 &rarr; <strong>1361</strong><br />(-13 for losing)
