|j|☆AshesRemainFallen
|j|☆HSV22
|t:|1637071732
|gametype|singles
|player|p1|AshesRemainFallen|winona|1634
|player|p2|HSV22|cynthia-gen4|1530
|teamsize|p1|6
|teamsize|p2|6
|gen|8
|tier|[Gen 8] Ubers
|rated|
|rule|Sleep Clause Mod: Limit one foe put to sleep
|rule|Species Clause: Limit one of each Pokémon
|rule|OHKO Clause: OHKO moves are banned
|rule|Evasion Moves Clause: Evasion moves are banned
|rule|Endless Battle Clause: Forcing endless battles is banned
|rule|HP Percentage Mod: HP is shown in percentages
|rule|Dynamax Clause: You cannot dynamax
|clearpoke
|poke|p1|Eternatus|
|poke|p1|Necrozma-Dusk-Mane|
|poke|p1|Groudon|
|poke|p1|Yveltal|
|poke|p1|Ho-Oh|
|poke|p1|Marshadow|
|poke|p2|Calyrex-Shadow|
|poke|p2|Eternatus|
|poke|p2|Yveltal|
|poke|p2|Necrozma-Dusk-Mane|
|poke|p2|Tangrowth, M|
|poke|p2|Kyogre|
|teampreview
|
|t:|1637071745
|start
|switch|p1a: Marshadow|Marshadow|100/100
|switch|p2a: Kyogre|Kyogre|100/100
|-weather|RainDance|[from] ability: Drizzle|[of] p2a: Kyogre
|turn|1
|inactive|Battle timer is ON: inactive players will automatically lose when time's up. (requested by HSV22)
|
|t:|1637071748
|switch|p1a: Eternatus|Eternatus|100/100
|-ability|p1a: Eternatus|Pressure
|move|p2a: Kyogre|Origin Pulse|p1a: Eternatus
|-resisted|p1a: Eternatus
|-damage|p1a: Eternatus|50/100
|
|-weather|RainDance|[upkeep]
|upkeep
|turn|2
|
|t:|1637071755
|move|p1a: Eternatus|Recover|p1a: Eternatus
|-heal|p1a: Eternatus|99/100
|move|p2a: Kyogre|Origin Pulse|p1a: Eternatus|[miss]
|-miss|p2a: Kyogre|p1a: Eternatus
|
|-weather|RainDance|[upkeep]
|upkeep
|turn|3
|
|t:|1637071769
|switch|p1a: Groudon|Groudon|100/100
|-weather|SunnyDay|[from] ability: Drought|[of] p1a: Groudon
|move|p2a: Kyogre|Origin Pulse|p1a: Groudon
|-supereffective|p1a: Groudon
|-damage|p1a: Groudon|2/100
|
|-weather|SunnyDay|[upkeep]
|-heal|p1a: Groudon|8/100|[from] item: Leftovers
|upkeep
|turn|4
|
|t:|1637071776
|switch|p1a: Eternatus|Eternatus|99/100
|-ability|p1a: Eternatus|Pressure
|move|p2a: Kyogre|Origin Pulse|p1a: Eternatus
|-resisted|p1a: Eternatus
|-damage|p1a: Eternatus|83/100
|
|-weather|SunnyDay|[upkeep]
|upkeep
|turn|5
|
|t:|1637071780
|switch|p2a: Necrozma|Necrozma-Dusk-Mane|100/100
|move|p1a: Eternatus|Mystical Fire|p2a: Necrozma
|-supereffective|p2a: Necrozma
|-damage|p2a: Necrozma|69/100
|-unboost|p2a: Necrozma|spa|1
|
|-weather|SunnyDay|[upkeep]
|-heal|p2a: Necrozma|75/100|[from] item: Leftovers
|upkeep
|turn|6
|
|t:|1637071786
|switch|p1a: Groudon|Groudon|8/100
|move|p2a: Necrozma|Morning Sun|p2a: Necrozma
|-heal|p2a: Necrozma|100/100
|
|-weather|SunnyDay|[upkeep]
|-heal|p1a: Groudon|14/100|[from] item: Leftovers
|upkeep
|turn|7
|
|t:|1637071790
|switch|p2a: Tangrowth|Tangrowth, M|100/100
|move|p1a: Groudon|Thunder Wave|p2a: Tangrowth
|-status|p2a: Tangrowth|par
|
|-weather|none
|-heal|p1a: Groudon|20/100|[from] item: Leftovers
|upkeep
|turn|8
|
|t:|1637071797
|move|p1a: Groudon|Precipice Blades|p2a: Tangrowth
|-resisted|p2a: Tangrowth
|-damage|p2a: Tangrowth|82/100 par
|move|p2a: Tangrowth|Sleep Powder|p1a: Groudon
|-status|p1a: Groudon|slp|[from] move: Sleep Powder
|
|-heal|p1a: Groudon|27/100 slp|[from] item: Leftovers
|upkeep
|turn|9
|
|t:|1637071803
|switch|p1a: Ho-Oh|Ho-Oh|100/100
|switch|p2a: Kyogre|Kyogre|100/100
|-weather|RainDance|[from] ability: Drizzle|[of] p2a: Kyogre
|
|-weather|RainDance|[upkeep]
|upkeep
|turn|10
|
|t:|1637071812
|switch|p1a: Eternatus|Eternatus|83/100
|-ability|p1a: Eternatus|Pressure
|move|p2a: Kyogre|Origin Pulse|p1a: Eternatus
|-resisted|p1a: Eternatus
|-damage|p1a: Eternatus|35/100
|
|-weather|RainDance|[upkeep]
|upkeep
|turn|11
|
|t:|1637071818
|move|p1a: Eternatus|Recover|p1a: Eternatus
|-heal|p1a: Eternatus|85/100
|move|p2a: Kyogre|Origin Pulse|p1a: Eternatus
|-resisted|p1a: Eternatus
|-damage|p1a: Eternatus|38/100
|
|-weather|RainDance|[upkeep]
|upkeep
|turn|12
|
|t:|1637071827
|switch|p2a: Necrozma|Necrozma-Dusk-Mane|100/100
|move|p1a: Eternatus|Recover|p1a: Eternatus
|-heal|p1a: Eternatus|89/100
|
|-weather|RainDance|[upkeep]
|upkeep
|turn|13
|
|t:|1637071836
|switch|p1a: Ho-Oh|Ho-Oh|100/100
|move|p2a: Necrozma|Stealth Rock|p1a: Ho-Oh
|-sidestart|p1: AshesRemainFallen|move: Stealth Rock
|
|-weather|none
|upkeep
|turn|14
|
|t:|1637071842
|switch|p2a: Kyogre|Kyogre|100/100
|-weather|RainDance|[from] ability: Drizzle|[of] p2a: Kyogre
|move|p1a: Ho-Oh|Sacred Fire|p2a: Kyogre|[miss]
|-miss|p1a: Ho-Oh|p2a: Kyogre
|
|-weather|RainDance|[upkeep]
|upkeep
|turn|15
|
|t:|1637071849
|switch|p1a: Eternatus|Eternatus|89/100
|-ability|p1a: Eternatus|Pressure
|move|p2a: Kyogre|Ice Beam|p1a: Eternatus
|-supereffective|p1a: Eternatus
|-damage|p1a: Eternatus|25/100
|
|-weather|RainDance|[upkeep]
|upkeep
|turn|16
|
|t:|1637071858
|switch|p2a: Yveltal|Yveltal, shiny|100/100
|-ability|p2a: Yveltal|Dark Aura
|move|p1a: Eternatus|Recover|p1a: Eternatus
|-heal|p1a: Eternatus|75/100
|
|-weather|RainDance|[upkeep]
|upkeep
|turn|17
|
|t:|1637071865
|move|p1a: Eternatus|Sludge Bomb|p2a: Yveltal
|-damage|p2a: Yveltal|74/100
|-status|p2a: Yveltal|psn
|move|p2a: Yveltal|Knock Off|p1a: Eternatus
|-damage|p1a: Eternatus|34/100
|-enditem|p1a: Eternatus|Heavy-Duty Boots|[from] move: Knock Off|[of] p2a: Yveltal
|
|-weather|RainDance|[upkeep]
|-damage|p2a: Yveltal|62/100 psn|[from] psn
|upkeep
|turn|18
|
|t:|1637071876
|switch|p2a: Eternatus|Eternatus|100/100
|-ability|p2a: Eternatus|Pressure
|move|p1a: Eternatus|Recover|p1a: Eternatus
|-heal|p1a: Eternatus|84/100
|
|-weather|none
|upkeep
|turn|19
|
|t:|1637071880
|switch|p1a: Necrozma|Necrozma-Dusk-Mane|100/100
|-damage|p1a: Necrozma|94/100|[from] Stealth Rock
|move|p2a: Eternatus|Dynamax Cannon|p1a: Necrozma
|-resisted|p1a: Necrozma
|-damage|p1a: Necrozma|80/100
|
|-heal|p1a: Necrozma|86/100|[from] item: Leftovers
|upkeep
|turn|20
|
|t:|1637071888
|move|p2a: Eternatus|Flamethrower|p1a: Necrozma
|-supereffective|p1a: Necrozma
|-damage|p1a: Necrozma|60/100
|move|p1a: Necrozma|Stealth Rock|p2a: Eternatus
|-sidestart|p2: HSV22|move: Stealth Rock
|
|-heal|p1a: Necrozma|66/100|[from] item: Leftovers
|upkeep
|turn|21
|
|t:|1637071898
|switch|p2a: Yveltal|Yveltal, shiny|62/100 psn
|-ability|p2a: Yveltal|Dark Aura
|move|p1a: Necrozma|Thunder Wave||[still]
|-fail|p1a: Necrozma
|
|-heal|p1a: Necrozma|73/100|[from] item: Leftovers
|-damage|p2a: Yveltal|49/100 psn|[from] psn
|upkeep
|turn|22
|
|t:|1637071914
|switch|p1a: Eternatus|Eternatus|84/100
|-damage|p1a: Eternatus|72/100|[from] Stealth Rock
|-ability|p1a: Eternatus|Pressure
|move|p2a: Yveltal|Roost|p2a: Yveltal
|-heal|p2a: Yveltal|99/100 psn
|-singleturn|p2a: Yveltal|move: Roost
|
|-damage|p2a: Yveltal|87/100 psn|[from] psn
|upkeep
|turn|23
|
|t:|1637071921
|move|p1a: Eternatus|Dynamax Cannon|p2a: Yveltal
|-damage|p2a: Yveltal|55/100 psn
|move|p2a: Yveltal|Defog|p1a: Eternatus
|-unboost|p1a: Eternatus|evasion|1
|-sideend|p1: AshesRemainFallen|Stealth Rock|[from] move: Defog|[of] p2a: Yveltal
|-sideend|p2: HSV22|Stealth Rock|[from] move: Defog|[of] p2a: Yveltal
|
|-damage|p2a: Yveltal|42/100 psn|[from] psn
|upkeep
|turn|24
|
|t:|1637071931
|move|p1a: Eternatus|Dynamax Cannon|p2a: Yveltal
|-damage|p2a: Yveltal|11/100 psn
|move|p2a: Yveltal|Roost|p2a: Yveltal
|-heal|p2a: Yveltal|61/100 psn
|-singleturn|p2a: Yveltal|move: Roost
|
|-damage|p2a: Yveltal|49/100 psn|[from] psn
|upkeep
|turn|25
|
|t:|1637071936
|move|p1a: Eternatus|Sludge Bomb|p2a: Yveltal
|-damage|p2a: Yveltal|20/100 psn
|move|p2a: Yveltal|Roost|p2a: Yveltal
|-heal|p2a: Yveltal|70/100 psn
|-singleturn|p2a: Yveltal|move: Roost
|
|-damage|p2a: Yveltal|58/100 psn|[from] psn
|upkeep
|turn|26
|
|t:|1637071956
|move|p1a: Eternatus|Sludge Bomb|p2a: Yveltal
|-damage|p2a: Yveltal|29/100 psn
|move|p2a: Yveltal|Roost|p2a: Yveltal
|-heal|p2a: Yveltal|79/100 psn
|-singleturn|p2a: Yveltal|move: Roost
|
|-damage|p2a: Yveltal|67/100 psn|[from] psn
|upkeep
|turn|27
|
|t:|1637071970
|switch|p2a: Necrozma|Necrozma-Dusk-Mane|100/100
|move|p1a: Eternatus|Sludge Bomb|p2a: Necrozma
|-immune|p2a: Necrozma
|
|upkeep
|turn|28
|
|t:|1637071983
|switch|p1a: Necrozma|Necrozma-Dusk-Mane|73/100
|move|p2a: Necrozma|Stealth Rock|p1a: Necrozma
|-sidestart|p1: AshesRemainFallen|move: Stealth Rock
|
|-heal|p1a: Necrozma|79/100|[from] item: Leftovers
|upkeep
|turn|29
|
|t:|1637071985
|move|p2a: Necrozma|Thunder Wave|p1a: Necrozma
|-status|p1a: Necrozma|par
|move|p1a: Necrozma|Stealth Rock|p2a: Necrozma
|-sidestart|p2: HSV22|move: Stealth Rock
|
|-heal|p1a: Necrozma|85/100 par|[from] item: Leftovers
|upkeep
|turn|30
|
|t:|1637071995
|switch|p2a: Yveltal|Yveltal, shiny|67/100 psn
|-ability|p2a: Yveltal|Dark Aura
|move|p1a: Necrozma|Thunder Wave||[still]
|-fail|p1a: Necrozma
|
|-heal|p1a: Necrozma|91/100 par|[from] item: Leftovers
|-damage|p2a: Yveltal|55/100 psn|[from] psn
|upkeep
|turn|31
|
|t:|1637072003
|switch|p1a: Eternatus|Eternatus|72/100
|-damage|p1a: Eternatus|59/100|[from] Stealth Rock
|-ability|p1a: Eternatus|Pressure
|move|p2a: Yveltal|Roost|p2a: Yveltal
|-heal|p2a: Yveltal|100/100 psn
|-singleturn|p2a: Yveltal|move: Roost
|
|-damage|p2a: Yveltal|88/100 psn|[from] psn
|upkeep
|turn|32
|
|t:|1637072008
|switch|p2a: Necrozma|Necrozma-Dusk-Mane|100/100
|-damage|p2a: Necrozma|94/100|[from] Stealth Rock
|move|p1a: Eternatus|Recover|p1a: Eternatus
|-heal|p1a: Eternatus|100/100
|
|-heal|p2a: Necrozma|100/100|[from] item: Leftovers
|upkeep
|turn|33
|
|t:|1637072019
|switch|p1a: Ho-Oh|Ho-Oh|100/100
|switch|p2a: Kyogre|Kyogre|100/100
|-damage|p2a: Kyogre|88/100|[from] Stealth Rock
|-weather|RainDance|[from] ability: Drizzle|[of] p2a: Kyogre
|
|-weather|RainDance|[upkeep]
|upkeep
|turn|34
|
|t:|1637072027
|switch|p1a: Eternatus|Eternatus|100/100
|-damage|p1a: Eternatus|88/100|[from] Stealth Rock
|-ability|p1a: Eternatus|Pressure
|move|p2a: Kyogre|Ice Beam|p1a: Eternatus
|-supereffective|p1a: Eternatus
|-crit|p1a: Eternatus
|-damage|p1a: Eternatus|0 fnt
|faint|p1a: Eternatus
|
|-weather|RainDance|[upkeep]
|upkeep
|
|t:|1637072034
|switch|p1a: Ho-Oh|Ho-Oh|100/100
|turn|35
|
|t:|1637072040
|switch|p2a: Eternatus|Eternatus|100/100
|-damage|p2a: Eternatus|88/100|[from] Stealth Rock
|-ability|p2a: Eternatus|Pressure
|move|p1a: Ho-Oh|Brave Bird|p2a: Eternatus
|-damage|p2a: Eternatus|50/100
|-damage|p1a: Ho-Oh|86/100|[from] Recoil
|
|-weather|RainDance|[upkeep]
|-heal|p2a: Eternatus|56/100|[from] item: Black Sludge
|upkeep
|turn|36
|
|t:|1637072067
|move|p2a: Eternatus|Toxic|p1a: Ho-Oh
|-status|p1a: Ho-Oh|tox
|move|p1a: Ho-Oh|Thunder Wave|p2a: Eternatus
|-status|p2a: Eternatus|par
|
|-weather|RainDance|[upkeep]
|-heal|p2a: Eternatus|62/100 par|[from] item: Black Sludge
|-damage|p1a: Ho-Oh|80/100 tox|[from] psn
|upkeep
|turn|37
|
|t:|1637072075
|switch|p1a: Marshadow|Marshadow|100/100
|-damage|p1a: Marshadow|94/100|[from] Stealth Rock
|move|p2a: Eternatus|Recover|p2a: Eternatus
|-heal|p2a: Eternatus|100/100 par
|
|-weather|none
|upkeep
|turn|38
|
|t:|1637072078
|switch|p2a: Tangrowth|Tangrowth, M|100/100 par
|-damage|p2a: Tangrowth|88/100 par|[from] Stealth Rock
|move|p1a: Marshadow|Ice Punch|p2a: Tangrowth
|-supereffective|p2a: Tangrowth
|-damage|p2a: Tangrowth|49/100 par
|-damage|p1a: Marshadow|78/100|[from] item: Rocky Helmet|[of] p2a: Tangrowth
|
|upkeep
|turn|39
|inactive|HSV22 has 120 seconds left.
|
|t:|1637072117
|switch|p1a: Ho-Oh|Ho-Oh|100/100 tox
|switch|p2a: Necrozma|Necrozma-Dusk-Mane|100/100
|-damage|p2a: Necrozma|94/100|[from] Stealth Rock
|
|-heal|p2a: Necrozma|100/100|[from] item: Leftovers
|-damage|p1a: Ho-Oh|94/100 tox|[from] psn
|upkeep
|turn|40
|
|t:|1637072122
|switch|p2a: Eternatus|Eternatus|100/100 par
|-damage|p2a: Eternatus|88/100 par|[from] Stealth Rock
|-ability|p2a: Eternatus|Pressure
|move|p1a: Ho-Oh|Sacred Fire|p2a: Eternatus
|-resisted|p2a: Eternatus
|-damage|p2a: Eternatus|71/100 par
|
|-heal|p2a: Eternatus|77/100 par|[from] item: Black Sludge
|-damage|p1a: Ho-Oh|82/100 tox|[from] psn
|upkeep
|turn|41
|
|t:|1637072129
|move|p1a: Ho-Oh|Brave Bird|p2a: Eternatus
|-damage|p2a: Eternatus|33/100 par
|-damage|p1a: Ho-Oh|67/100 tox|[from] Recoil
|move|p2a: Eternatus|Flamethrower|p1a: Ho-Oh
|-resisted|p1a: Ho-Oh
|-damage|p1a: Ho-Oh|59/100 tox
|
|-heal|p2a: Eternatus|39/100 par|[from] item: Black Sludge
|-damage|p1a: Ho-Oh|41/100 tox|[from] psn
|upkeep
|turn|42
|
|t:|1637072138
|move|p1a: Ho-Oh|Brave Bird|p2a: Eternatus
|-damage|p2a: Eternatus|0 fnt
|faint|p2a: Eternatus
|-damage|p1a: Ho-Oh|27/100 tox|[from] Recoil
|
|-damage|p1a: Ho-Oh|3/100 tox|[from] psn
|upkeep
|
|t:|1637072150
|switch|p2a: Yveltal|Yveltal, shiny|88/100 psn
|-ability|p2a: Yveltal|Dark Aura
|turn|43
|
|t:|1637072158
|move|p2a: Yveltal|Knock Off|p1a: Ho-Oh
|-damage|p1a: Ho-Oh|0 fnt
|-enditem|p1a: Ho-Oh|Heavy-Duty Boots|[from] move: Knock Off|[of] p2a: Yveltal
|faint|p1a: Ho-Oh
|
|-damage|p2a: Yveltal|76/100 psn|[from] psn
|upkeep
|
|t:|1637072164
|switch|p1a: Yveltal|Yveltal|100/100
|-ability|p1a: Yveltal|Dark Aura
|turn|44
|
|t:|1637072168
|move|p2a: Yveltal|Toxic|p1a: Yveltal
|-status|p1a: Yveltal|tox
|move|p1a: Yveltal|Foul Play|p2a: Yveltal
|-resisted|p2a: Yveltal
|-damage|p2a: Yveltal|52/100 psn
|
|-damage|p1a: Yveltal|94/100 tox|[from] psn
|-damage|p2a: Yveltal|40/100 psn|[from] psn
|upkeep
|turn|45
|
|t:|1637072172
|move|p2a: Yveltal|Roost|p2a: Yveltal
|-heal|p2a: Yveltal|90/100 psn
|-singleturn|p2a: Yveltal|move: Roost
|move|p1a: Yveltal|Taunt|p2a: Yveltal
|-start|p2a: Yveltal|move: Taunt
|
|-damage|p2a: Yveltal|78/100 psn|[from] psn
|-damage|p1a: Yveltal|82/100 tox|[from] psn
|upkeep
|turn|46
|
|t:|1637072178
|move|p1a: Yveltal|Foul Play|p2a: Yveltal
|-resisted|p2a: Yveltal
|-damage|p2a: Yveltal|54/100 psn
|move|p2a: Yveltal|Knock Off|p1a: Yveltal
|-resisted|p1a: Yveltal
|-damage|p1a: Yveltal|59/100 tox
|-enditem|p1a: Yveltal|Heavy-Duty Boots|[from] move: Knock Off|[of] p2a: Yveltal
|
|-damage|p2a: Yveltal|42/100 psn|[from] psn
|-damage|p1a: Yveltal|40/100 tox|[from] psn
|upkeep
|turn|47
|
|t:|1637072184
|switch|p2a: Kyogre|Kyogre|88/100
|-damage|p2a: Kyogre|76/100|[from] Stealth Rock
|-weather|RainDance|[from] ability: Drizzle|[of] p2a: Kyogre
|move|p1a: Yveltal|Foul Play|p2a: Kyogre
|-damage|p2a: Kyogre|37/100
|
|-weather|RainDance|[upkeep]
|-damage|p1a: Yveltal|16/100 tox|[from] psn
|upkeep
|turn|48
|
|t:|1637072194
|move|p1a: Yveltal|Foul Play|p2a: Kyogre
|-damage|p2a: Kyogre|0 fnt
|faint|p2a: Kyogre
|
|-weather|RainDance|[upkeep]
|-damage|p1a: Yveltal|0 fnt|[from] psn
|faint|p1a: Yveltal
|upkeep
|
|t:|1637072204
|switch|p1a: Marshadow|Marshadow|78/100
|switch|p2a: Necrozma|Necrozma-Dusk-Mane|100/100
|-damage|p1a: Marshadow|72/100|[from] Stealth Rock
|-damage|p2a: Necrozma|94/100|[from] Stealth Rock
|turn|49
|
|t:|1637072212
|move|p1a: Marshadow|Close Combat|p2a: Necrozma
|-damage|p2a: Necrozma|35/100
|-unboost|p1a: Marshadow|def|1
|-unboost|p1a: Marshadow|spd|1
|move|p2a: Necrozma|Iron Head|p1a: Marshadow
|-damage|p1a: Marshadow|0 fnt
|faint|p1a: Marshadow
|
|-weather|RainDance|[upkeep]
|-heal|p2a: Necrozma|41/100|[from] item: Leftovers
|upkeep
|-message|AshesRemainFallen forfeited.
|
|win|HSV22
|raw|AshesRemainFallen's rating: 1634 &rarr; <strong>1608</strong><br />(-26 for losing)
|raw|HSV22's rating: 1530 &rarr; <strong>1556</strong><br />(+26 for winning)
|l|☆AshesRemainFallen
|l|☆HSV22
||Ladder isn't responding, score probably updated but might not have (Request timeout).
