|j|☆Starfall
|j|☆ox04
|t:|1665238758
|gametype|singles
|player|p1|Starfall|serena|1545
|player|p2|ox04|red-gen7|1782
|teamsize|p1|6
|teamsize|p2|6
|gen|8
|tier|[Gen 8] Ubers
|rated|
|rule|Sleep Clause Mod: Limit one foe put to sleep
|rule|Species Clause: Limit one of each Pokémon
|rule|OHKO Clause: OHKO moves are banned
|rule|Evasion Items Clause: Evasion items are banned
|rule|Evasion Moves Clause: Evasion moves are banned
|rule|Endless Battle Clause: Forcing endless battles is banned
|rule|HP Percentage Mod: HP is shown in percentages
|rule|Dynamax Clause: You cannot dynamax
|clearpoke
|poke|p1|Necrozma-Dusk-Mane|
|poke|p1|Calyrex-Shadow|
|poke|p1|Eternatus|
|poke|p1|Groudon|
|poke|p1|Yveltal|
|poke|p1|Zekrom|
|poke|p2|Yveltal|
|poke|p2|Kyogre|
|poke|p2|Ferrothorn, F|
|poke|p2|Cinderace, M|
|poke|p2|Dialga|
|poke|p2|Genesect|
|teampreview
|inactive|Battle timer is ON: inactive players will automatically lose when time's up. (requested by Starfall)
|inactive|Starfall has 120 seconds left.
|
|t:|1665238794
|start
|switch|p1a: Octopus kNIGHT|Zekrom|100/100
|switch|p2a: Cinderace|Cinderace, M|100/100
|-ability|p1a: Octopus kNIGHT|Teravolt
|turn|1
|
|t:|1665238799
|move|p2a: Cinderace|U-turn|p1a: Octopus kNIGHT
|-start|p2a: Cinderace|typechange|Bug|[from] ability: Libero
|-damage|p1a: Octopus kNIGHT|58/100
|
|t:|1665238802
|switch|p2a: Ferrothorn|Ferrothorn, F|100/100|[from]move: U-turn
|move|p1a: Octopus kNIGHT|Bolt Strike|p2a: Ferrothorn
|-resisted|p2a: Ferrothorn
|-damage|p2a: Ferrothorn|64/100
|-damage|p1a: Octopus kNIGHT|46/100|[from] ability: Iron Barbs|[of] p2a: Ferrothorn
|-damage|p1a: Octopus kNIGHT|36/100|[from] item: Life Orb
|
|-heal|p2a: Ferrothorn|70/100|[from] item: Leftovers
|upkeep
|turn|2
|
|t:|1665238809
|move|p1a: Octopus kNIGHT|Roost|p1a: Octopus kNIGHT
|-heal|p1a: Octopus kNIGHT|86/100
|-singleturn|p1a: Octopus kNIGHT|move: Roost
|move|p2a: Ferrothorn|Leech Seed|p1a: Octopus kNIGHT
|-start|p1a: Octopus kNIGHT|move: Leech Seed
|
|-heal|p2a: Ferrothorn|76/100|[from] item: Leftovers
|-damage|p1a: Octopus kNIGHT|74/100|[from] Leech Seed|[of] p2a: Ferrothorn
|-heal|p2a: Ferrothorn|88/100|[silent]
|upkeep
|turn|3
|
|t:|1665238814
|switch|p1a: bishop|Yveltal|100/100
|-ability|p1a: bishop|Dark Aura
|move|p2a: Ferrothorn|Spikes|p1a: bishop
|-sidestart|p1: Starfall|Spikes
|
|-heal|p2a: Ferrothorn|95/100|[from] item: Leftovers
|upkeep
|turn|4
|
|t:|1665238817
|switch|p2a: Yveltal|Yveltal|100/100
|-ability|p2a: Yveltal|Dark Aura
|move|p1a: bishop|Knock Off|p2a: Yveltal
|-resisted|p2a: Yveltal
|-damage|p2a: Yveltal|82/100
|-enditem|p2a: Yveltal|Heavy-Duty Boots|[from] move: Knock Off|[of] p1a: bishop
|
|upkeep
|turn|5
|
|t:|1665238821
|move|p1a: bishop|Defog|p2a: Yveltal
|-unboost|p2a: Yveltal|evasion|1
|-sideend|p1: Starfall|Spikes|[from] move: Defog|[of] p1a: bishop
|move|p2a: Yveltal|Knock Off|p1a: bishop
|-resisted|p1a: bishop
|-damage|p1a: bishop|76/100
|-enditem|p1a: bishop|Heavy-Duty Boots|[from] move: Knock Off|[of] p2a: Yveltal
|
|upkeep
|turn|6
|
|t:|1665238825
|move|p1a: bishop|Knock Off|p2a: Yveltal
|-resisted|p2a: Yveltal
|-damage|p2a: Yveltal|69/100
|move|p2a: Yveltal|Knock Off|p1a: bishop
|-resisted|p1a: bishop
|-damage|p1a: bishop|62/100
|
|upkeep
|turn|7
|
|t:|1665238829
|move|p1a: bishop|Taunt|p2a: Yveltal
|-start|p2a: Yveltal|move: Taunt
|cant|p2a: Yveltal|move: Taunt|Roost
|
|upkeep
|turn|8
|
|t:|1665238837
|switch|p2a: Kyogre|Kyogre|100/100
|-weather|RainDance|[from] ability: Drizzle|[of] p2a: Kyogre
|move|p1a: bishop|Knock Off|p2a: Kyogre
|-damage|p2a: Kyogre|68/100
|-enditem|p2a: Kyogre|Leftovers|[from] move: Knock Off|[of] p1a: bishop
|
|-weather|RainDance|[upkeep]
|upkeep
|turn|9
|
|t:|1665238841
|switch|p1a: the ROOK|Groudon|100/100
|-weather|SunnyDay|[from] ability: Drought|[of] p1a: the ROOK
|move|p2a: Kyogre|Scald|p1a: the ROOK
|-supereffective|p1a: the ROOK
|-damage|p1a: the ROOK|62/100
|
|-weather|SunnyDay|[upkeep]
|-heal|p1a: the ROOK|68/100|[from] item: Leftovers
|upkeep
|turn|10
|
|t:|1665238847
|switch|p2a: Yveltal|Yveltal|69/100
|-ability|p2a: Yveltal|Dark Aura
|move|p1a: the ROOK|Stealth Rock|p2a: Yveltal
|-sidestart|p2: ox04|move: Stealth Rock
|
|-weather|SunnyDay|[upkeep]
|-heal|p1a: the ROOK|74/100|[from] item: Leftovers
|upkeep
|turn|11
|
|t:|1665238850
|move|p2a: Yveltal|Taunt|p1a: the ROOK
|-start|p1a: the ROOK|move: Taunt
|cant|p1a: the ROOK|move: Taunt|Toxic
|
|-weather|SunnyDay|[upkeep]
|-heal|p1a: the ROOK|80/100|[from] item: Leftovers
|upkeep
|turn|12
|
|t:|1665238857
|switch|p1a: Eternatus|Eternatus|100/100
|-ability|p1a: Eternatus|Pressure
|move|p2a: Yveltal|Defog|p1a: Eternatus
|-unboost|p1a: Eternatus|evasion|1
|-sideend|p2: ox04|Stealth Rock|[from] move: Defog|[of] p2a: Yveltal
|
|-weather|SunnyDay|[upkeep]
|upkeep
|turn|13
|
|t:|1665238859
|switch|p2a: Kyogre|Kyogre|68/100
|-weather|RainDance|[from] ability: Drizzle|[of] p2a: Kyogre
|move|p1a: Eternatus|Sludge Bomb|p2a: Kyogre
|-damage|p2a: Kyogre|41/100
|
|-weather|RainDance|[upkeep]
|upkeep
|turn|14
|
|t:|1665238863
|switch|p1a: the ROOK|Groudon|80/100
|-weather|SunnyDay|[from] ability: Drought|[of] p1a: the ROOK
|move|p2a: Kyogre|Thunder Wave|p1a: the ROOK
|-immune|p1a: the ROOK
|
|-weather|SunnyDay|[upkeep]
|-heal|p1a: the ROOK|87/100|[from] item: Leftovers
|upkeep
|turn|15
|
|t:|1665238868
|move|p2a: Kyogre|Scald|p1a: the ROOK
|-supereffective|p1a: the ROOK
|-damage|p1a: the ROOK|49/100
|move|p1a: the ROOK|Stealth Rock|p2a: Kyogre
|-sidestart|p2: ox04|move: Stealth Rock
|
|-weather|SunnyDay|[upkeep]
|-heal|p1a: the ROOK|56/100|[from] item: Leftovers
|upkeep
|turn|16
|
|t:|1665238871
|move|p2a: Kyogre|Rest|p2a: Kyogre
|-status|p2a: Kyogre|slp|[from] move: Rest
|-heal|p2a: Kyogre|100/100 slp|[silent]
|move|p1a: the ROOK|Earthquake|p2a: Kyogre
|-damage|p2a: Kyogre|67/100 slp
|
|-weather|SunnyDay|[upkeep]
|-heal|p1a: the ROOK|62/100|[from] item: Leftovers
|upkeep
|turn|17
|
|t:|1665238874
|cant|p2a: Kyogre|slp
|move|p2a: Kyogre|Sleep Talk|p2a: Kyogre
|move|p2a: Kyogre|Thunder Wave|p1a: the ROOK|[from]move: Sleep Talk
|-immune|p1a: the ROOK
|move|p1a: the ROOK|Earthquake|p2a: Kyogre
|-damage|p2a: Kyogre|35/100 slp
|
|-weather|SunnyDay|[upkeep]
|-heal|p1a: the ROOK|68/100|[from] item: Leftovers
|upkeep
|turn|18
|
|t:|1665238880
|switch|p1a: Octopus kNIGHT|Zekrom|74/100
|-ability|p1a: Octopus kNIGHT|Teravolt
|cant|p2a: Kyogre|slp
|move|p2a: Kyogre|Sleep Talk|p2a: Kyogre
|move|p2a: Kyogre|Scald|p1a: Octopus kNIGHT|[from]move: Sleep Talk
|-resisted|p1a: Octopus kNIGHT
|-damage|p1a: Octopus kNIGHT|64/100
|
|-weather|none
|upkeep
|turn|19
|
|t:|1665238890
|switch|p1a: Queen's Gambit|Calyrex-Shadow|100/100
|-ability|p1a: Queen's Gambit|As One
|-ability|p1a: Queen's Gambit|Unnerve
|switch|p2a: Ferrothorn|Ferrothorn, F|95/100
|-damage|p2a: Ferrothorn|88/100|[from] Stealth Rock
|
|-heal|p2a: Ferrothorn|95/100|[from] item: Leftovers
|upkeep
|turn|20
|
|t:|1665238895
|move|p1a: Queen's Gambit|Substitute|p1a: Queen's Gambit
|-start|p1a: Queen's Gambit|Substitute
|-damage|p1a: Queen's Gambit|76/100
|move|p2a: Ferrothorn|Leech Seed||[still]
|-fail|p2a: Ferrothorn
|
|-heal|p1a: Queen's Gambit|82/100|[from] item: Leftovers
|-heal|p2a: Ferrothorn|100/100|[from] item: Leftovers
|upkeep
|turn|21
|
|t:|1665238900
|move|p1a: Queen's Gambit|Astral Barrage|p2a: Ferrothorn
|-damage|p2a: Ferrothorn|51/100
|move|p2a: Ferrothorn|Gyro Ball|p1a: Queen's Gambit
|-end|p1a: Queen's Gambit|Substitute
|
|-heal|p1a: Queen's Gambit|88/100|[from] item: Leftovers
|-heal|p2a: Ferrothorn|57/100|[from] item: Leftovers
|upkeep
|turn|22
|
|t:|1665238908
|switch|p1a: Eternatus|Eternatus|100/100
|-ability|p1a: Eternatus|Pressure
|move|p2a: Ferrothorn|Gyro Ball|p1a: Eternatus
|-damage|p1a: Eternatus|63/100
|
|-heal|p1a: Eternatus|70/100|[from] item: Black Sludge
|-heal|p2a: Ferrothorn|64/100|[from] item: Leftovers
|upkeep
|turn|23
|
|t:|1665238923
|switch|p1a: the ROOK|Groudon|68/100
|-weather|SunnyDay|[from] ability: Drought|[of] p1a: the ROOK
|switch|p2a: Dialga|Dialga|100/100
|-damage|p2a: Dialga|94/100|[from] Stealth Rock
|-ability|p2a: Dialga|Pressure
|
|-weather|SunnyDay|[upkeep]
|-heal|p1a: the ROOK|74/100|[from] item: Leftovers
|upkeep
|turn|24
|
|t:|1665238928
|move|p2a: Dialga|Fire Blast|p1a: the ROOK|[miss]
|-miss|p2a: Dialga|p1a: the ROOK
|move|p1a: the ROOK|Earthquake|p2a: Dialga
|-supereffective|p2a: Dialga
|-damage|p2a: Dialga|11/100
|
|-weather|SunnyDay|[upkeep]
|-heal|p1a: the ROOK|80/100|[from] item: Leftovers
|upkeep
|turn|25
|
|t:|1665238936
|switch|p1a: Eternatus|Eternatus|70/100
|-ability|p1a: Eternatus|Pressure
|move|p2a: Dialga|Draco Meteor|p1a: Eternatus
|-supereffective|p1a: Eternatus
|-damage|p1a: Eternatus|0 fnt
|-unboost|p2a: Dialga|spa|2
|faint|p1a: Eternatus
|-damage|p2a: Dialga|1/100|[from] item: Life Orb
|
|-weather|SunnyDay|[upkeep]
|upkeep
|
|t:|1665238940
|switch|p1a: Queen's Gambit|Calyrex-Shadow|88/100
|-ability|p1a: Queen's Gambit|As One
|-ability|p1a: Queen's Gambit|Unnerve
|turn|26
|
|t:|1665238948
|move|p1a: Queen's Gambit|Astral Barrage|p2a: Dialga
|-damage|p2a: Dialga|0 fnt
|faint|p2a: Dialga
|-ability|p1a: Queen's Gambit|Grim Neigh|boost
|-boost|p1a: Queen's Gambit|spa|1
|
|-weather|SunnyDay|[upkeep]
|-heal|p1a: Queen's Gambit|94/100|[from] item: Leftovers
|upkeep
|
|t:|1665238952
|switch|p2a: Genesect|Genesect, shiny|100/100
|-damage|p2a: Genesect|88/100|[from] Stealth Rock
|-ability|p2a: Genesect|Download|boost
|-boost|p2a: Genesect|atk|1
|turn|27
|
|t:|1665238965
|move|p2a: Genesect|U-turn|p1a: Queen's Gambit
|-damage|p1a: Queen's Gambit|35/100
|
|t:|1665238968
|switch|p2a: Kyogre|Kyogre|35/100 slp|[from]move: U-turn
|-damage|p2a: Kyogre|22/100 slp|[from] Stealth Rock
|-weather|RainDance|[from] ability: Drizzle|[of] p2a: Kyogre
|move|p1a: Queen's Gambit|Substitute|p1a: Queen's Gambit
|-start|p1a: Queen's Gambit|Substitute
|-damage|p1a: Queen's Gambit|10/100
|
|-weather|RainDance|[upkeep]
|-heal|p1a: Queen's Gambit|16/100|[from] item: Leftovers
|upkeep
|turn|28
|
|t:|1665238983
|move|p1a: Queen's Gambit|Astral Barrage|p2a: Kyogre
|-damage|p2a: Kyogre|0 fnt
|faint|p2a: Kyogre
|-ability|p1a: Queen's Gambit|Grim Neigh|boost
|-boost|p1a: Queen's Gambit|spa|1
|
|-weather|RainDance|[upkeep]
|-heal|p1a: Queen's Gambit|22/100|[from] item: Leftovers
|upkeep
|
|t:|1665238988
|switch|p2a: Genesect|Genesect, shiny|88/100
|-damage|p2a: Genesect|76/100|[from] Stealth Rock
|-ability|p2a: Genesect|Download|boost
|-boost|p2a: Genesect|atk|1
|turn|29
|
|t:|1665238996
|move|p2a: Genesect|U-turn|p1a: Queen's Gambit
|-end|p1a: Queen's Gambit|Substitute
|
|t:|1665238998
|switch|p2a: Yveltal|Yveltal|69/100|[from]move: U-turn
|-damage|p2a: Yveltal|44/100|[from] Stealth Rock
|-ability|p2a: Yveltal|Dark Aura
|move|p1a: Queen's Gambit|Leech Seed|p2a: Yveltal|[miss]
|-miss|p1a: Queen's Gambit|p2a: Yveltal
|
|-weather|RainDance|[upkeep]
|-heal|p1a: Queen's Gambit|28/100|[from] item: Leftovers
|upkeep
|turn|30
|c|☆ox04|sorry
|
|t:|1665239005
|move|p1a: Queen's Gambit|Astral Barrage|p2a: Yveltal
|-resisted|p2a: Yveltal
|-damage|p2a: Yveltal|0 fnt
|faint|p2a: Yveltal
|-ability|p1a: Queen's Gambit|Grim Neigh|boost
|-boost|p1a: Queen's Gambit|spa|1
|
|-weather|RainDance|[upkeep]
|-heal|p1a: Queen's Gambit|35/100|[from] item: Leftovers
|upkeep
|
|t:|1665239008
|switch|p2a: Genesect|Genesect, shiny|76/100
|-damage|p2a: Genesect|63/100|[from] Stealth Rock
|-ability|p2a: Genesect|Download|boost
|-boost|p2a: Genesect|atk|1
|turn|31
|
|t:|1665239020
|switch|p1a: Octopus kNIGHT|Zekrom|64/100
|-ability|p1a: Octopus kNIGHT|Teravolt
|move|p2a: Genesect|U-turn|p1a: Octopus kNIGHT
|-damage|p1a: Octopus kNIGHT|16/100
|
|t:|1665239022
|switch|p2a: Cinderace|Cinderace, M|100/100|[from]move: U-turn
|-damage|p2a: Cinderace|76/100|[from] Stealth Rock
|
|-weather|none
|upkeep
|turn|32
|
|t:|1665239028
|move|p2a: Cinderace|U-turn|p1a: Octopus kNIGHT
|-start|p2a: Cinderace|typechange|Bug|[from] ability: Libero
|-damage|p1a: Octopus kNIGHT|0 fnt
|faint|p1a: Octopus kNIGHT
|
|t:|1665239029
|switch|p2a: Genesect|Genesect, shiny|63/100|[from]move: U-turn
|-damage|p2a: Genesect|51/100|[from] Stealth Rock
|
|upkeep
|
|t:|1665239032
|switch|p1a: King shuwroar.|Necrozma-Dusk-Mane|100/100
|turn|33
|
|t:|1665239037
|move|p2a: Genesect|U-turn|p1a: King shuwroar.
|-damage|p1a: King shuwroar.|75/100
|
|t:|1665239039
|switch|p2a: Ferrothorn|Ferrothorn, F|64/100|[from]move: U-turn
|-damage|p2a: Ferrothorn|57/100|[from] Stealth Rock
|move|p1a: King shuwroar.|Knock Off|p2a: Ferrothorn
|-damage|p2a: Ferrothorn|23/100
|-damage|p1a: King shuwroar.|63/100|[from] ability: Iron Barbs|[of] p2a: Ferrothorn
|-enditem|p2a: Ferrothorn|Leftovers|[from] move: Knock Off|[of] p1a: King shuwroar.
|
|-heal|p1a: King shuwroar.|69/100|[from] item: Leftovers
|upkeep
|turn|34
|
|t:|1665239043
|move|p1a: King shuwroar.|Knock Off|p2a: Ferrothorn
|-damage|p2a: Ferrothorn|1/100
|-damage|p1a: King shuwroar.|56/100|[from] ability: Iron Barbs|[of] p2a: Ferrothorn
|move|p2a: Ferrothorn|Leech Seed|p1a: King shuwroar.
|-start|p1a: King shuwroar.|move: Leech Seed
|
|-heal|p1a: King shuwroar.|63/100|[from] item: Leftovers
|-damage|p1a: King shuwroar.|50/100|[from] Leech Seed|[of] p2a: Ferrothorn
|-heal|p2a: Ferrothorn|14/100|[silent]
|upkeep
|turn|35
|
|t:|1665239060
|move|p1a: King shuwroar.|Morning Sun|p1a: King shuwroar.
|-heal|p1a: King shuwroar.|99/100
|move|p2a: Ferrothorn|Gyro Ball|p1a: King shuwroar.
|-resisted|p1a: King shuwroar.
|-damage|p1a: King shuwroar.|82/100
|
|-heal|p1a: King shuwroar.|89/100|[from] item: Leftovers
|-damage|p1a: King shuwroar.|76/100|[from] Leech Seed|[of] p2a: Ferrothorn
|-heal|p2a: Ferrothorn|27/100|[silent]
|upkeep
|turn|36
|
|t:|1665239066
|switch|p1a: the ROOK|Groudon|80/100
|-weather|SunnyDay|[from] ability: Drought|[of] p1a: the ROOK
|switch|p2a: Cinderace|Cinderace, M|76/100
|-damage|p2a: Cinderace|51/100|[from] Stealth Rock
|
|-weather|SunnyDay|[upkeep]
|-heal|p1a: the ROOK|87/100|[from] item: Leftovers
|upkeep
|turn|37
|
|t:|1665239073
|move|p1a: the ROOK|Protect|p1a: the ROOK
|-singleturn|p1a: the ROOK|Protect
|move|p2a: Cinderace|Pyro Ball|p1a: the ROOK
|-activate|p1a: the ROOK|move: Protect
|
|-weather|SunnyDay|[upkeep]
|-heal|p1a: the ROOK|93/100|[from] item: Leftovers
|upkeep
|turn|38
|
|t:|1665239080
|switch|p1a: bishop|Yveltal|62/100
|-ability|p1a: bishop|Dark Aura
|move|p2a: Cinderace|Pyro Ball|p1a: bishop
|-damage|p1a: bishop|0 fnt
|faint|p1a: bishop
|
|-weather|SunnyDay|[upkeep]
|upkeep
|
|t:|1665239082
|switch|p1a: Queen's Gambit|Calyrex-Shadow|35/100
|-ability|p1a: Queen's Gambit|As One
|-ability|p1a: Queen's Gambit|Unnerve
|turn|39
|
|t:|1665239086
|switch|p2a: Ferrothorn|Ferrothorn, F|27/100
|-damage|p2a: Ferrothorn|21/100|[from] Stealth Rock
|move|p1a: Queen's Gambit|Astral Barrage|p2a: Ferrothorn
|-damage|p2a: Ferrothorn|0 fnt
|faint|p2a: Ferrothorn
|-ability|p1a: Queen's Gambit|Grim Neigh|boost
|-boost|p1a: Queen's Gambit|spa|1
|
|-weather|SunnyDay|[upkeep]
|-heal|p1a: Queen's Gambit|41/100|[from] item: Leftovers
|upkeep
|
|t:|1665239088
|switch|p2a: Genesect|Genesect, shiny|51/100
|-damage|p2a: Genesect|39/100|[from] Stealth Rock
|-ability|p2a: Genesect|Download|boost
|-boost|p2a: Genesect|atk|1
|turn|40
|
|t:|1665239100
|switch|p1a: the ROOK|Groudon|93/100
|move|p2a: Genesect|U-turn|p1a: the ROOK
|-damage|p1a: the ROOK|67/100
|
|t:|1665239101
|switch|p2a: Cinderace|Cinderace, M|51/100|[from]move: U-turn
|-damage|p2a: Cinderace|26/100|[from] Stealth Rock
|
|-weather|none
|-heal|p1a: the ROOK|74/100|[from] item: Leftovers
|upkeep
|turn|41
|
|t:|1665239106
|move|p2a: Cinderace|Pyro Ball|p1a: the ROOK
|-damage|p1a: the ROOK|33/100
|move|p1a: the ROOK|Earthquake|p2a: Cinderace
|-supereffective|p2a: Cinderace
|-damage|p2a: Cinderace|0 fnt
|faint|p2a: Cinderace
|
|-heal|p1a: the ROOK|39/100|[from] item: Leftovers
|upkeep
|
|t:|1665239108
|switch|p2a: Genesect|Genesect, shiny|39/100
|-damage|p2a: Genesect|26/100|[from] Stealth Rock
|-ability|p2a: Genesect|Download|boost
|-boost|p2a: Genesect|spa|1
|turn|42
|
|t:|1665239111
|move|p1a: the ROOK|Protect|p1a: the ROOK
|-singleturn|p1a: the ROOK|Protect
|move|p2a: Genesect|Ice Beam|p1a: the ROOK
|-activate|p1a: the ROOK|move: Protect
|
|-heal|p1a: the ROOK|46/100|[from] item: Leftovers
|upkeep
|turn|43
|
|t:|1665239115
|move|p2a: Genesect|Ice Beam|p1a: the ROOK
|-supereffective|p1a: the ROOK
|-damage|p1a: the ROOK|0 fnt
|faint|p1a: the ROOK
|
|upkeep
|c|☆ox04|gg
|
|t:|1665239118
|switch|p1a: King shuwroar.|Necrozma-Dusk-Mane|76/100
|turn|44
|
|t:|1665239120
|move|p2a: Genesect|Ice Beam|p1a: King shuwroar.
|-resisted|p1a: King shuwroar.
|-crit|p1a: King shuwroar.
|-damage|p1a: King shuwroar.|53/100
|-status|p1a: King shuwroar.|frz
|cant|p1a: King shuwroar.|frz
|
|-heal|p1a: King shuwroar.|59/100 frz|[from] item: Leftovers
|upkeep
|turn|45
|
|t:|1665239125
|move|p2a: Genesect|Ice Beam|p1a: King shuwroar.
|-resisted|p1a: King shuwroar.
|-damage|p1a: King shuwroar.|45/100 frz
|cant|p1a: King shuwroar.|frz
|
|-heal|p1a: King shuwroar.|51/100 frz|[from] item: Leftovers
|upkeep
|turn|46
|
|t:|1665239127
|move|p2a: Genesect|Ice Beam|p1a: King shuwroar.
|-resisted|p1a: King shuwroar.
|-damage|p1a: King shuwroar.|35/100 frz
|cant|p1a: King shuwroar.|frz
|
|-heal|p1a: King shuwroar.|41/100 frz|[from] item: Leftovers
|upkeep
|turn|47
|
|t:|1665239129
|move|p2a: Genesect|Ice Beam|p1a: King shuwroar.
|-resisted|p1a: King shuwroar.
|-damage|p1a: King shuwroar.|26/100 frz
|cant|p1a: King shuwroar.|frz
|
|-heal|p1a: King shuwroar.|32/100 frz|[from] item: Leftovers
|upkeep
|turn|48
|c|☆ox04|oh no
|
|t:|1665239134
|move|p2a: Genesect|Ice Beam|p1a: King shuwroar.
|-resisted|p1a: King shuwroar.
|-damage|p1a: King shuwroar.|17/100 frz
|cant|p1a: King shuwroar.|frz
|
|-heal|p1a: King shuwroar.|24/100 frz|[from] item: Leftovers
|upkeep
|turn|49
|
|t:|1665239135
|move|p2a: Genesect|Ice Beam|p1a: King shuwroar.
|-resisted|p1a: King shuwroar.
|-damage|p1a: King shuwroar.|9/100 frz
|cant|p1a: King shuwroar.|frz
|
|-heal|p1a: King shuwroar.|15/100 frz|[from] item: Leftovers
|upkeep
|turn|50
|
|t:|1665239138
|move|p2a: Genesect|Ice Beam|p1a: King shuwroar.
|-resisted|p1a: King shuwroar.
|-damage|p1a: King shuwroar.|0 fnt
|faint|p1a: King shuwroar.
|
|upkeep
|c|☆ox04|sorry
|c|☆Starfall|gg
|c|☆ox04|I think u live
|
|t:|1665239148
|switch|p1a: Queen's Gambit|Calyrex-Shadow|41/100
|-ability|p1a: Queen's Gambit|As One
|-ability|p1a: Queen's Gambit|Unnerve
|turn|51
|
|t:|1665239151
|move|p2a: Genesect|Ice Beam|p1a: Queen's Gambit
|-crit|p1a: Queen's Gambit
|-damage|p1a: Queen's Gambit|0 fnt
|faint|p1a: Queen's Gambit
|
|win|ox04
|raw|Starfall's rating: 1545 &rarr; <strong>1537</strong><br />(-8 for losing)
|raw|ox04's rating: 1782 &rarr; <strong>1790</strong><br />(+8 for winning)
|c|☆ox04|god
|c|☆Starfall|alr
|c|☆ox04|wow
|c|☆Starfall|at least it was funny
|c|☆ox04|needed that crit to ko too btw
|c|☆ox04|max is 39%
||Ladder isn't responding, score probably updated but might not have (Request timeout).
