|j|☆Rell27
|j|☆Mak the ZekLord
|t:|1624558898
|gametype|singles
|player|p1|Rell27|266|1493
|player|p2|Mak the ZekLord|ash-kalos|1544
|teamsize|p1|6
|teamsize|p2|6
|gen|8
|tier|[Gen 8] Ubers
|rated|
|rule|Sleep Clause Mod: Limit one foe put to sleep
|rule|Species Clause: Limit one of each Pokémon
|rule|OHKO Clause: OHKO moves are banned
|rule|Evasion Moves Clause: Evasion moves are banned
|rule|Endless Battle Clause: Forcing endless battles is banned
|rule|HP Percentage Mod: HP is shown in percentages
|rule|Dynamax Clause: You cannot dynamax
|clearpoke
|poke|p1|Eternatus|
|poke|p1|Necrozma-Dusk-Mane|
|poke|p1|Kyogre|
|poke|p1|Xerneas-*|
|poke|p1|Calyrex-Shadow|
|poke|p1|Yveltal|
|poke|p2|Azumarill, M|
|poke|p2|Grimmsnarl, M|
|poke|p2|Calyrex-Ice|
|poke|p2|Necrozma-Dusk-Mane|
|poke|p2|Hatterene, F|
|poke|p2|Landorus, M|
|teampreview
|inactive|Battle timer is ON: inactive players will automatically lose when time's up. (requested by Mak the ZekLord)
|
|t:|1624558905
|start
|switch|p1a: Kyogre|Kyogre|100/100
|switch|p2a: Landorus|Landorus, M|100/100
|-weather|RainDance|[from] ability: Drizzle|[of] p1a: Kyogre
|turn|1
|
|t:|1624558907
|move|p1a: Kyogre|Water Spout|p2a: Landorus
|-supereffective|p2a: Landorus
|-enditem|p2a: Landorus|Focus Sash
|-damage|p2a: Landorus|1/100
|move|p2a: Landorus|Stealth Rock|p1a: Kyogre
|-sidestart|p1: Rell27|move: Stealth Rock
|
|-weather|RainDance|[upkeep]
|upkeep
|turn|2
|
|t:|1624558912
|move|p1a: Kyogre|Water Spout|p2a: Landorus
|-supereffective|p2a: Landorus
|-damage|p2a: Landorus|0 fnt
|faint|p2a: Landorus
|
|-weather|RainDance|[upkeep]
|upkeep
|
|t:|1624558916
|switch|p2a: Hats hats HATS|Hatterene, F|100/100
|turn|3
|
|t:|1624558920
|move|p1a: Kyogre|Water Spout|p2a: Hats hats HATS
|-enditem|p2a: Hats hats HATS|Focus Sash
|-damage|p2a: Hats hats HATS|1/100
|move|p2a: Hats hats HATS|Trick Room|p2a: Hats hats HATS
|-fieldstart|move: Trick Room|[of] p2a: Hats hats HATS
|
|-weather|RainDance|[upkeep]
|upkeep
|turn|4
|
|t:|1624558936
|move|p2a: Hats hats HATS|Misty Explosion|p1a: Kyogre
|-damage|p1a: Kyogre|59/100
|faint|p2a: Hats hats HATS
|move|p1a: Kyogre|Water Spout|p2: Hats hats HATS|[notarget]
|-fail|p1a: Kyogre
|
|-weather|RainDance|[upkeep]
|upkeep
|
|t:|1624558939
|switch|p2a: Broly but cute|Azumarill, M|100/100
|turn|5
|
|t:|1624558948
|switch|p1a: Eternatus|Eternatus|100/100
|-damage|p1a: Eternatus|88/100|[from] Stealth Rock
|-ability|p1a: Eternatus|Pressure
|move|p2a: Broly but cute|Belly Drum|p2a: Broly but cute
|-damage|p2a: Broly but cute|50/100
|-setboost|p2a: Broly but cute|atk|6|[from] move: Belly Drum
|-enditem|p2a: Broly but cute|Sitrus Berry|[eat]
|-heal|p2a: Broly but cute|75/100|[from] item: Sitrus Berry
|
|-weather|none
|upkeep
|turn|6
|
|t:|1624558961
|move|p2a: Broly but cute|Play Rough|p1a: Eternatus
|-damage|p1a: Eternatus|0 fnt
|faint|p1a: Eternatus
|
|upkeep
|
|t:|1624558976
|switch|p1a: Necrozma|Necrozma-Dusk-Mane|100/100
|-damage|p1a: Necrozma|94/100|[from] Stealth Rock
|turn|7
|
|t:|1624558979
|move|p2a: Broly but cute|Knock Off|p1a: Necrozma
|-supereffective|p1a: Necrozma
|-damage|p1a: Necrozma|0 fnt
|-enditem|p1a: Necrozma|Weakness Policy|[from] move: Knock Off|[of] p2a: Broly but cute
|faint|p1a: Necrozma
|
|-fieldend|move: Trick Room
|upkeep
|
|t:|1624558991
|switch|p1a: Xerneas|Xerneas|100/100
|-damage|p1a: Xerneas|88/100|[from] Stealth Rock
|-ability|p1a: Xerneas|Fairy Aura
|turn|8
|inactive|Rell27 has 120 seconds left.
|
|t:|1624559039
|move|p2a: Broly but cute|Aqua Jet|p1a: Xerneas
|-damage|p1a: Xerneas|20/100
|move|p1a: Xerneas|Defog|p2a: Broly but cute
|-unboost|p2a: Broly but cute|evasion|1
|-sideend|p1: Rell27|Stealth Rock|[from] move: Defog|[of] p1a: Xerneas
|
|upkeep
|turn|9
|
|t:|1624559048
|move|p2a: Broly but cute|Aqua Jet|p1a: Xerneas
|-damage|p1a: Xerneas|0 fnt
|faint|p1a: Xerneas
|
|upkeep
|
|t:|1624559052
|switch|p1a: Yveltal|Yveltal|100/100
|-ability|p1a: Yveltal|Dark Aura
|turn|10
|
|t:|1624559057
|move|p1a: Yveltal|Oblivion Wing|p2a: Broly but cute
|-crit|p2a: Broly but cute
|-damage|p2a: Broly but cute|0 fnt
|faint|p2a: Broly but cute
|-damage|p1a: Yveltal|91/100|[from] item: Life Orb
|
|upkeep
|
|t:|1624559061
|switch|p2a: Yo pimp is here|Grimmsnarl, M|100/100
|turn|11
|
|t:|1624559075
|move|p2a: Yo pimp is here|Light Screen|p2a: Yo pimp is here
|-sidestart|p2: Mak the ZekLord|move: Light Screen
|move|p1a: Yveltal|Knock Off|p2a: Yo pimp is here
|-resisted|p2a: Yo pimp is here
|-damage|p2a: Yo pimp is here|78/100
|-enditem|p2a: Yo pimp is here|Light Clay|[from] move: Knock Off|[of] p1a: Yveltal
|-damage|p1a: Yveltal|81/100|[from] item: Life Orb
|
|upkeep
|turn|12
|
|t:|1624559081
|move|p1a: Yveltal|Oblivion Wing|p2a: Yo pimp is here
|-damage|p2a: Yo pimp is here|58/100
|-heal|p1a: Yveltal|94/100|[from] drain|[of] p2a: Yo pimp is here
|-damage|p1a: Yveltal|84/100|[from] item: Life Orb
|move|p2a: Yo pimp is here|Spirit Break|p1a: Yveltal
|-supereffective|p1a: Yveltal
|-damage|p1a: Yveltal|35/100
|-unboost|p1a: Yveltal|spa|1
|
|upkeep
|turn|13
|
|t:|1624559088
|switch|p1a: Kyogre|Kyogre|59/100
|-weather|RainDance|[from] ability: Drizzle|[of] p1a: Kyogre
|move|p2a: Yo pimp is here|Spirit Break|p1a: Kyogre
|-damage|p1a: Kyogre|22/100
|-unboost|p1a: Kyogre|spa|1
|
|-weather|RainDance|[upkeep]
|upkeep
|turn|14
|
|t:|1624559092
|move|p1a: Kyogre|Origin Pulse|p2a: Yo pimp is here
|-damage|p2a: Yo pimp is here|33/100
|move|p2a: Yo pimp is here|Spirit Break|p1a: Kyogre
|-damage|p1a: Kyogre|0 fnt
|faint|p1a: Kyogre
|
|-weather|RainDance|[upkeep]
|upkeep
|
|t:|1624559102
|switch|p1a: Yveltal|Yveltal|35/100
|-ability|p1a: Yveltal|Dark Aura
|turn|15
|
|t:|1624559114
|move|p1a: Yveltal|Dark Pulse|p2a: Yo pimp is here
|-resisted|p2a: Yo pimp is here
|-damage|p2a: Yo pimp is here|26/100
|-damage|p1a: Yveltal|25/100|[from] item: Life Orb
|move|p2a: Yo pimp is here|Spirit Break|p1a: Yveltal
|-supereffective|p1a: Yveltal
|-damage|p1a: Yveltal|0 fnt
|faint|p1a: Yveltal
|
|-weather|RainDance|[upkeep]
|upkeep
|
|t:|1624559120
|switch|p1a: Calyrex|Calyrex-Shadow|100/100
|-ability|p1a: Calyrex|As One
|-ability|p1a: Calyrex|Unnerve
|turn|16
|
|t:|1624559128
|move|p1a: Calyrex|Draining Kiss|p2a: Yo pimp is here
|-supereffective|p2a: Yo pimp is here
|-damage|p2a: Yo pimp is here|10/100
|move|p2a: Yo pimp is here|Spirit Break|p1a: Calyrex
|-damage|p1a: Calyrex|62/100
|-unboost|p1a: Calyrex|spa|1
|
|-weather|RainDance|[upkeep]
|upkeep
|turn|17
|
|t:|1624559136
|move|p1a: Calyrex|Nasty Plot|p1a: Calyrex
|-boost|p1a: Calyrex|spa|2
|move|p2a: Yo pimp is here|Spirit Break|p1a: Calyrex
|-crit|p1a: Calyrex
|-damage|p1a: Calyrex|3/100
|-unboost|p1a: Calyrex|spa|1
|
|-weather|none
|upkeep
|turn|18
|
|t:|1624559143
|switch|p2a: Ice master chariot|Calyrex-Ice|100/100
|-ability|p2a: Ice master chariot|As One
|-ability|p2a: Ice master chariot|Unnerve
|move|p1a: Calyrex|Draining Kiss|p2a: Ice master chariot
|-damage|p2a: Ice master chariot|94/100
|-heal|p1a: Calyrex|9/100|[from] drain|[of] p2a: Ice master chariot
|
|-sideend|p2: Mak the ZekLord|move: Light Screen
|upkeep
|turn|19
|
|t:|1624559148
|move|p1a: Calyrex|Astral Barrage|p2a: Ice master chariot
|-supereffective|p2a: Ice master chariot
|-damage|p2a: Ice master chariot|0 fnt
|faint|p2a: Ice master chariot
|-ability|p1a: Calyrex|Grim Neigh|boost
|-boost|p1a: Calyrex|spa|1
|
|upkeep
|
|t:|1624559151
|switch|p2a: Yo pimp is here|Grimmsnarl, M|10/100
|turn|20
|
|t:|1624559158
|move|p2a: Yo pimp is here|Light Screen|p2a: Yo pimp is here
|-sidestart|p2: Mak the ZekLord|move: Light Screen
|move|p1a: Calyrex|Nasty Plot|p1a: Calyrex
|-boost|p1a: Calyrex|spa|2
|
|upkeep
|turn|21
|-message|Mak the ZekLord forfeited.
|
|win|Rell27
|raw|Rell27's rating: 1493 &rarr; <strong>1516</strong><br />(+23 for winning)
|raw|Mak the ZekLord's rating: 1544 &rarr; <strong>1521</strong><br />(-23 for losing)
|l|☆Mak the ZekLord
