|j|☆HaxxSel♔
|j|☆4125al41
|t:|1661677299
|gametype|singles
|player|p1|HaxxSel♔|adaman|1448
|player|p2|4125al41|steven|1670
|teamsize|p1|6
|teamsize|p2|6
|gen|8
|tier|[Gen 8] Ubers
|rated|
|rule|Sleep Clause Mod: Limit one foe put to sleep
|rule|Species Clause: Limit one of each Pokémon
|rule|OHKO Clause: OHKO moves are banned
|rule|Evasion Items Clause: Evasion items are banned
|rule|Evasion Moves Clause: Evasion moves are banned
|rule|Endless Battle Clause: Forcing endless battles is banned
|rule|HP Percentage Mod: HP is shown in percentages
|rule|Dynamax Clause: You cannot dynamax
|clearpoke
|poke|p1|Cloyster, F|
|poke|p1|Yveltal|
|poke|p1|Cinderace, M|
|poke|p1|Eternatus|
|poke|p1|Zekrom|
|poke|p1|Necrozma-Dusk-Mane|
|poke|p2|Marshadow|
|poke|p2|Eternatus|
|poke|p2|Calyrex-Shadow|
|poke|p2|Ho-Oh|
|poke|p2|Groudon|
|poke|p2|Xerneas-*|
|teampreview
|
|t:|1661677307
|start
|switch|p1a: Cloyster|Cloyster, F|100/100
|switch|p2a: Calyrex|Calyrex-Shadow|100/100
|-ability|p2a: Calyrex|As One
|-ability|p2a: Calyrex|Unnerve
|turn|1
|
|t:|1661677313
|move|p2a: Calyrex|Trick|p1a: Cloyster
|-activate|p2a: Calyrex|move: Trick|[of] p1a: Cloyster
|-item|p1a: Cloyster|Choice Specs|[from] move: Trick
|-item|p2a: Calyrex|Focus Sash|[from] move: Trick
|move|p1a: Cloyster|Spikes|p2a: Calyrex
|-sidestart|p2: 4125al41|Spikes
|
|upkeep
|turn|2
|
|t:|1661677326
|switch|p2a: Ho-Oh|Ho-Oh|100/100
|switch|p1a: Yveltal|Yveltal|100/100
|-ability|p1a: Yveltal|Dark Aura
|
|upkeep
|turn|3
|
|t:|1661677347
|switch|p1a: Cloyster|Cloyster, F|100/100
|move|p2a: Ho-Oh|Toxic|p1a: Cloyster
|-status|p1a: Cloyster|tox
|
|-damage|p1a: Cloyster|94/100 tox|[from] psn
|upkeep
|turn|4
|
|t:|1661677361
|switch|p1a: Eternatus|Eternatus|100/100
|-ability|p1a: Eternatus|Pressure
|move|p2a: Ho-Oh|Defog|p1a: Eternatus
|-unboost|p1a: Eternatus|evasion|1
|-sideend|p2: 4125al41|Spikes|[from] move: Defog|[of] p2a: Ho-Oh
|
|upkeep
|turn|5
|
|t:|1661677371
|switch|p2a: Groudon|Groudon|100/100
|-weather|SunnyDay|[from] ability: Drought|[of] p2a: Groudon
|move|p1a: Eternatus|Dynamax Cannon|p2a: Groudon
|-damage|p2a: Groudon|49/100
|
|-weather|SunnyDay|[upkeep]
|-heal|p2a: Groudon|55/100|[from] item: Leftovers
|upkeep
|turn|6
|
|t:|1661677382
|switch|p1a: Cloyster|Cloyster, F|94/100 tox
|move|p2a: Groudon|Precipice Blades|p1a: Cloyster|[miss]
|-miss|p2a: Groudon|p1a: Cloyster
|
|-weather|SunnyDay|[upkeep]
|-heal|p2a: Groudon|61/100|[from] item: Leftovers
|-damage|p1a: Cloyster|88/100 tox|[from] psn
|upkeep
|turn|7
|
|t:|1661677392
|switch|p2a: Ho-Oh|Ho-Oh|100/100
|move|p1a: Cloyster|Icicle Spear|p2a: Ho-Oh
|-damage|p2a: Ho-Oh|91/100
|-damage|p2a: Ho-Oh|83/100
|-damage|p2a: Ho-Oh|74/100
|-damage|p2a: Ho-Oh|64/100
|-damage|p2a: Ho-Oh|54/100
|-hitcount|p2a: Ho-Oh|5
|
|-weather|SunnyDay|[upkeep]
|-damage|p1a: Cloyster|76/100 tox|[from] psn
|upkeep
|turn|8
|
|t:|1661677403
|move|p1a: Cloyster|Icicle Spear|p2a: Ho-Oh
|-crit|p2a: Ho-Oh
|-damage|p2a: Ho-Oh|40/100
|-damage|p2a: Ho-Oh|31/100
|-damage|p2a: Ho-Oh|21/100
|-damage|p2a: Ho-Oh|12/100
|-damage|p2a: Ho-Oh|2/100
|-hitcount|p2a: Ho-Oh|5
|move|p2a: Ho-Oh|Sacred Fire|p1a: Cloyster
|-damage|p1a: Cloyster|16/100 tox
|
|-weather|SunnyDay|[upkeep]
|-damage|p1a: Cloyster|0 fnt|[from] psn
|faint|p1a: Cloyster
|upkeep
|
|t:|1661677418
|switch|p1a: Eternatus|Eternatus|100/100
|-ability|p1a: Eternatus|Pressure
|turn|9
|
|t:|1661677425
|switch|p2a: Calyrex|Calyrex-Shadow|100/100
|-ability|p2a: Calyrex|As One
|-ability|p2a: Calyrex|Unnerve
|move|p1a: Eternatus|Dynamax Cannon|p2a: Calyrex
|-damage|p2a: Calyrex|48/100
|
|-weather|none
|upkeep
|turn|10
|
|t:|1661677430
|switch|p1a: Yveltal|Yveltal|100/100
|-ability|p1a: Yveltal|Dark Aura
|move|p2a: Calyrex|Psyshock|p1a: Yveltal
|-immune|p1a: Yveltal
|
|upkeep
|turn|11
|
|t:|1661677440
|switch|p2a: Groudon|Groudon|61/100
|-weather|SunnyDay|[from] ability: Drought|[of] p2a: Groudon
|switch|p1a: Eternatus|Eternatus|100/100
|-ability|p1a: Eternatus|Pressure
|
|-weather|SunnyDay|[upkeep]
|-heal|p2a: Groudon|68/100|[from] item: Leftovers
|upkeep
|turn|12
|
|t:|1661677490
|switch|p1a: Zekrom|Zekrom|100/100
|-ability|p1a: Zekrom|Teravolt
|move|p2a: Groudon|Thunder Wave|p1a: Zekrom
|-immune|p1a: Zekrom
|
|-weather|SunnyDay|[upkeep]
|-heal|p2a: Groudon|74/100|[from] item: Leftovers
|upkeep
|turn|13
|
|t:|1661677509
|move|p1a: Zekrom|Dragon Claw|p2a: Groudon
|-damage|p2a: Groudon|49/100
|move|p2a: Groudon|Stealth Rock|p1a: Zekrom
|-sidestart|p1: HaxxSel♔|move: Stealth Rock
|
|-weather|SunnyDay|[upkeep]
|-heal|p2a: Groudon|55/100|[from] item: Leftovers
|upkeep
|turn|14
|
|t:|1661677519
|move|p1a: Zekrom|Dragon Claw|p2a: Groudon
|-damage|p2a: Groudon|31/100
|move|p2a: Groudon|Precipice Blades|p1a: Zekrom
|-supereffective|p1a: Zekrom
|-damage|p1a: Zekrom|0 fnt
|faint|p1a: Zekrom
|
|-weather|SunnyDay|[upkeep]
|-heal|p2a: Groudon|37/100|[from] item: Leftovers
|upkeep
|
|t:|1661677526
|switch|p1a: Eternatus|Eternatus|100/100
|-damage|p1a: Eternatus|88/100|[from] Stealth Rock
|-ability|p1a: Eternatus|Pressure
|turn|15
|
|t:|1661677536
|switch|p2a: Xerneas|Xerneas|100/100
|-ability|p2a: Xerneas|Fairy Aura
|move|p1a: Eternatus|Dynamax Cannon|p2a: Xerneas
|-immune|p2a: Xerneas
|
|-weather|none
|upkeep
|turn|16
|
|t:|1661677548
|switch|p2a: Eternatus|Eternatus|100/100
|-ability|p2a: Eternatus|Pressure
|move|p1a: Eternatus|Sludge Bomb|p2a: Eternatus
|-resisted|p2a: Eternatus
|-damage|p2a: Eternatus|80/100
|
|upkeep
|turn|17
|
|t:|1661677562
|switch|p1a: Necrozma|Necrozma-Dusk-Mane|100/100
|-damage|p1a: Necrozma|94/100|[from] Stealth Rock
|move|p2a: Eternatus|Dynamax Cannon|p1a: Necrozma
|-resisted|p1a: Necrozma
|-damage|p1a: Necrozma|70/100
|
|upkeep
|turn|18
|
|t:|1661677573
|switch|p2a: Ho-Oh|Ho-Oh|36/100
|move|p1a: Necrozma|Dragon Dance|p1a: Necrozma
|-boost|p1a: Necrozma|atk|1
|-boost|p1a: Necrozma|spe|1
|
|upkeep
|turn|19
|
|t:|1661677594
|move|p1a: Necrozma|Stone Edge|p2a: Ho-Oh
|-supereffective|p2a: Ho-Oh
|-damage|p2a: Ho-Oh|0 fnt
|faint|p2a: Ho-Oh
|
|upkeep
|
|t:|1661677609
|switch|p2a: tensa-zangetsu|Marshadow|100/100
|turn|20
|
|t:|1661677632
|switch|p1a: Cinderace|Cinderace, M|100/100
|-damage|p1a: Cinderace|76/100|[from] Stealth Rock
|move|p2a: tensa-zangetsu|Spectral Thief|p1a: Cinderace
|-damage|p1a: Cinderace|6/100
|
|upkeep
|turn|21
|
|t:|1661677639
|move|p2a: tensa-zangetsu|Shadow Sneak|p1a: Cinderace
|-damage|p1a: Cinderace|0 fnt
|faint|p1a: Cinderace
|
|upkeep
|
|t:|1661677646
|switch|p1a: Yveltal|Yveltal|100/100
|-damage|p1a: Yveltal|76/100|[from] Stealth Rock
|-ability|p1a: Yveltal|Dark Aura
|turn|22
|
|t:|1661677650
|switch|p2a: Groudon|Groudon|37/100
|-weather|SunnyDay|[from] ability: Drought|[of] p2a: Groudon
|move|p1a: Yveltal|Oblivion Wing|p2a: Groudon
|-damage|p2a: Groudon|0 fnt
|-heal|p1a: Yveltal|100/100|[from] drain|[of] p2a: Groudon
|faint|p2a: Groudon
|
|-weather|SunnyDay|[upkeep]
|upkeep
|
|t:|1661677652
|switch|p2a: Eternatus|Eternatus|80/100
|-ability|p2a: Eternatus|Pressure
|turn|23
|
|t:|1661677706
|switch|p1a: Necrozma|Necrozma-Dusk-Mane|70/100
|-damage|p1a: Necrozma|64/100|[from] Stealth Rock
|move|p2a: Eternatus|Meteor Beam||[still]
|-prepare|p2a: Eternatus|Meteor Beam
|-boost|p2a: Eternatus|spa|1
|-enditem|p2a: Eternatus|Power Herb
|-anim|p2a: Eternatus|Meteor Beam|p1a: Necrozma
|-resisted|p1a: Necrozma
|-damage|p1a: Necrozma|35/100
|
|-weather|SunnyDay|[upkeep]
|upkeep
|turn|24
|
|t:|1661677717
|move|p2a: Eternatus|Flamethrower|p1a: Necrozma
|-supereffective|p1a: Necrozma
|-damage|p1a: Necrozma|0 fnt
|faint|p1a: Necrozma
|
|-weather|SunnyDay|[upkeep]
|upkeep
|
|t:|1661677723
|switch|p1a: Eternatus|Eternatus|88/100
|-damage|p1a: Eternatus|76/100|[from] Stealth Rock
|-ability|p1a: Eternatus|Pressure
|turn|25
|
|t:|1661677727
|move|p1a: Eternatus|Dynamax Cannon|p2a: Eternatus
|-supereffective|p2a: Eternatus
|-damage|p2a: Eternatus|0 fnt
|faint|p2a: Eternatus
|
|-weather|SunnyDay|[upkeep]
|upkeep
|
|t:|1661677732
|switch|p2a: Xerneas|Xerneas|100/100
|-ability|p2a: Xerneas|Fairy Aura
|turn|26
|
|t:|1661677742
|move|p2a: Xerneas|Play Rough|p1a: Eternatus
|-damage|p1a: Eternatus|21/100
|move|p1a: Eternatus|Sludge Bomb|p2a: Xerneas
|-supereffective|p2a: Xerneas
|-damage|p2a: Xerneas|11/100
|-status|p2a: Xerneas|psn
|
|-weather|none
|-damage|p2a: Xerneas|0 fnt|[from] psn
|faint|p2a: Xerneas
|upkeep
|
|t:|1661677748
|switch|p2a: tensa-zangetsu|Marshadow|100/100
|turn|27
|
|t:|1661677750
|move|p2a: tensa-zangetsu|Shadow Sneak|p1a: Eternatus
|-crit|p1a: Eternatus
|-damage|p1a: Eternatus|0 fnt
|faint|p1a: Eternatus
|
|upkeep
|
|t:|1661677752
|switch|p1a: Yveltal|Yveltal|100/100
|-damage|p1a: Yveltal|76/100|[from] Stealth Rock
|-ability|p1a: Yveltal|Dark Aura
|turn|28
|
|t:|1661677756
|move|p2a: tensa-zangetsu|Close Combat|p1a: Yveltal
|-damage|p1a: Yveltal|17/100
|-unboost|p2a: tensa-zangetsu|def|1
|-unboost|p2a: tensa-zangetsu|spd|1
|move|p1a: Yveltal|Oblivion Wing|p2a: tensa-zangetsu
|-supereffective|p2a: tensa-zangetsu
|-enditem|p2a: tensa-zangetsu|Focus Sash
|-damage|p2a: tensa-zangetsu|1/100
|-heal|p1a: Yveltal|78/100|[from] drain|[of] p2a: tensa-zangetsu
|
|upkeep
|turn|29
|
|t:|1661677767
|move|p2a: tensa-zangetsu|Endeavor|p1a: Yveltal
|-damage|p1a: Yveltal|1/100
|move|p1a: Yveltal|Oblivion Wing|p2a: tensa-zangetsu
|-supereffective|p2a: tensa-zangetsu
|-damage|p2a: tensa-zangetsu|0 fnt
|-heal|p1a: Yveltal|1/100|[from] drain|[of] p2a: tensa-zangetsu
|faint|p2a: tensa-zangetsu
|
|upkeep
|
|t:|1661677772
|switch|p2a: Calyrex|Calyrex-Shadow|48/100
|-ability|p2a: Calyrex|As One
|-ability|p2a: Calyrex|Unnerve
|turn|30
|
|t:|1661677774
|move|p1a: Yveltal|Sucker Punch|p2a: Calyrex
|-supereffective|p2a: Calyrex
|-damage|p2a: Calyrex|0 fnt
|faint|p2a: Calyrex
|
|win|HaxxSel♔
|raw|HaxxSel♔'s rating: 1448 &rarr; <strong>1479</strong><br />(+31 for winning)
|raw|4125al41's rating: 1670 &rarr; <strong>1639</strong><br />(-31 for losing)
