|j|☆Jojos
|j|☆Lady Togekiss
|t:|1635075451
|gametype|singles
|player|p1|Jojos|gardenia|
|player|p2|Lady Togekiss|2|
|teamsize|p1|6
|teamsize|p2|6
|gen|8
|tier|[Gen 8] Ubers
|rated|Tournament battle
|rule|Sleep Clause Mod: Limit one foe put to sleep
|rule|Species Clause: Limit one of each Pokémon
|rule|OHKO Clause: OHKO moves are banned
|rule|Evasion Moves Clause: Evasion moves are banned
|rule|Endless Battle Clause: Forcing endless battles is banned
|rule|HP Percentage Mod: HP is shown in percentages
|rule|Dynamax Clause: You cannot dynamax
|clearpoke
|poke|p1|Lunala|
|poke|p1|Indeedee, M|
|poke|p1|Hawlucha, F|
|poke|p1|Bisharp, F|
|poke|p1|Accelgor, M|
|poke|p1|Volcarona, M|
|poke|p2|Yveltal|
|poke|p2|Aerodactyl, M|
|poke|p2|Dracovish|
|poke|p2|Eternatus|
|poke|p2|Calyrex-Shadow|
|poke|p2|Necrozma-Dusk-Mane|
|teampreview
|inactive|Battle timer is ON: inactive players will automatically lose when time's up. (requested by Lady Togekiss)
|inactive|Jojos also wants the timer to be on.
|c|☆Lady Togekiss|hf
|c|☆Jojos|gl
|j| Bekaray
|
|t:|1635075470
|start
|switch|p1a: Accelgor|Accelgor, M|100/100
|switch|p2a: 39|Aerodactyl, M|100/100
|-ability|p2a: 39|Pressure
|turn|1
|
|t:|1635075476
|move|p1a: Accelgor|Spikes|p2a: 39
|-sidestart|p2: Lady Togekiss|Spikes
|move|p2a: 39|Rock Tomb|p1a: Accelgor
|-supereffective|p1a: Accelgor
|-enditem|p1a: Accelgor|Focus Sash
|-damage|p1a: Accelgor|1/100
|-unboost|p1a: Accelgor|spe|1
|
|upkeep
|turn|2
|
|t:|1635075482
|move|p1a: Accelgor|Yawn|p2a: 39
|-start|p2a: 39|move: Yawn|[of] p1a: Accelgor
|move|p2a: 39|Rock Tomb|p1a: Accelgor
|-supereffective|p1a: Accelgor
|-damage|p1a: Accelgor|0 fnt
|faint|p1a: Accelgor
|
|upkeep
|
|t:|1635075500
|switch|p1a: Bisharp|Bisharp, F|100/100
|turn|3
|
|t:|1635075512
|move|p2a: 39|Stealth Rock|p1a: Bisharp
|-sidestart|p1: Jojos|move: Stealth Rock
|move|p1a: Bisharp|Rock Polish|p1a: Bisharp
|-boost|p1a: Bisharp|spe|2
|
|-end|p2a: 39|move: Yawn|[silent]
|-status|p2a: 39|slp
|upkeep
|turn|4
|
|t:|1635075527
|move|p1a: Bisharp|Swords Dance|p1a: Bisharp
|-boost|p1a: Bisharp|atk|2
|cant|p2a: 39|slp
|
|upkeep
|turn|5
|
|t:|1635075534
|move|p1a: Bisharp|Iron Head|p2a: 39
|-supereffective|p2a: 39
|-enditem|p2a: 39|Focus Sash
|-damage|p2a: 39|1/100 slp
|cant|p2a: 39|slp
|
|upkeep
|turn|6
|
|t:|1635075546
|move|p1a: Bisharp|Rock Polish|p1a: Bisharp
|-boost|p1a: Bisharp|spe|2
|-curestatus|p2a: 39|slp|[msg]
|move|p2a: 39|Tailwind|p2a: 39
|-sidestart|p2: Lady Togekiss|move: Tailwind
|
|upkeep
|turn|7
|
|t:|1635075558
|move|p2a: 39|Rock Tomb|p1a: Bisharp
|-resisted|p1a: Bisharp
|-damage|p1a: Bisharp|83/100
|-unboost|p1a: Bisharp|spe|1
|-ability|p1a: Bisharp|Defiant
|-boost|p1a: Bisharp|atk|2
|move|p1a: Bisharp|Rock Polish|p1a: Bisharp
|-boost|p1a: Bisharp|spe|2
|
|upkeep
|turn|8
|
|t:|1635075570
|move|p2a: 39|Rock Tomb|p1a: Bisharp
|-resisted|p1a: Bisharp
|-damage|p1a: Bisharp|66/100
|-unboost|p1a: Bisharp|spe|1
|-ability|p1a: Bisharp|Defiant
|-boost|p1a: Bisharp|atk|2
|move|p1a: Bisharp|Iron Head|p2a: 39
|-supereffective|p2a: 39
|-damage|p2a: 39|0 fnt
|faint|p2a: 39
|
|upkeep
|
|t:|1635075578
|switch|p2a: 51|Eternatus|100/100
|-damage|p2a: 51|88/100|[from] Spikes
|-ability|p2a: 51|Pressure
|turn|9
|
|t:|1635075582
|move|p2a: 51|Flamethrower|p1a: Bisharp
|-supereffective|p1a: Bisharp
|-damage|p1a: Bisharp|0 fnt
|faint|p1a: Bisharp
|
|-sideend|p2: Lady Togekiss|move: Tailwind
|upkeep
|
|t:|1635075590
|switch|p1a: Indeedee|Indeedee, M|100/100
|-damage|p1a: Indeedee|88/100|[from] Stealth Rock
|-fieldstart|move: Psychic Terrain|[from] ability: Psychic Surge|[of] p1a: Indeedee
|turn|10
|
|t:|1635075596
|switch|p2a: 36|Yveltal|100/100
|-ability|p2a: 36|Dark Aura
|move|p1a: Indeedee|Dazzling Gleam|p2a: 36
|-supereffective|p2a: 36
|-damage|p2a: 36|59/100
|
|upkeep
|turn|11
|
|t:|1635075605
|move|p2a: 36|Knock Off|p1a: Indeedee
|-supereffective|p1a: Indeedee
|-damage|p1a: Indeedee|0 fnt
|-enditem|p1a: Indeedee|Terrain Extender|[from] move: Knock Off|[of] p2a: 36
|faint|p1a: Indeedee
|
|upkeep
|
|t:|1635075607
|switch|p1a: Hawlucha|Hawlucha, F|100/100
|-damage|p1a: Hawlucha|88/100|[from] Stealth Rock
|-enditem|p1a: Hawlucha|Psychic Seed
|-boost|p1a: Hawlucha|spd|1|[from] item: Psychic Seed
|turn|12
|
|t:|1635075612
|switch|p2a: 59|Necrozma-Dusk-Mane|100/100
|-damage|p2a: 59|88/100|[from] Spikes
|move|p1a: Hawlucha|Swords Dance|p1a: Hawlucha
|-boost|p1a: Hawlucha|atk|2
|
|upkeep
|turn|13
|j| hatsuri
|c| hatsuri|jojoat
|
|t:|1635075631
|move|p1a: Hawlucha|Throat Chop|p2a: 59
|-supereffective|p2a: 59
|-damage|p2a: 59|34/100
|-start|p2a: 59|Throat Chop|[silent]
|move|p2a: 59|Trick Room|p2a: 59
|-fieldstart|move: Trick Room|[of] p2a: 59
|
|upkeep
|turn|14
|
|t:|1635075645
|move|p2a: 59|Sunsteel Strike|p1a: Hawlucha
|-damage|p1a: Hawlucha|0 fnt
|faint|p1a: Hawlucha
|-damage|p2a: 59|24/100|[from] item: Life Orb
|
|-end|p2a: 59|Throat Chop|[silent]
|upkeep
|inactive|Jojos has 120 seconds left.
|
|t:|1635075685
|switch|p1a: Lunala|Lunala|100/100
|-damage|p1a: Lunala|88/100|[from] Stealth Rock
|turn|15
|
|t:|1635075693
|move|p2a: 59|Sunsteel Strike|p1a: Lunala
|-damage|p1a: Lunala|13/100
|-damage|p2a: 59|14/100|[from] item: Life Orb
|move|p1a: Lunala|Trick|p2a: 59
|-activate|p1a: Lunala|move: Trick|[of] p2a: 59
|-item|p2a: 59|Choice Scarf|[from] move: Trick
|-item|p1a: Lunala|Life Orb|[from] move: Trick
|
|upkeep
|turn|16
|
|t:|1635075718
|move|p2a: 59|Stone Edge|p1a: Lunala
|-damage|p1a: Lunala|0 fnt
|faint|p1a: Lunala
|
|upkeep
|
|t:|1635075721
|switch|p1a: Volcarona|Volcarona, M|100/100
|turn|17
|
|t:|1635075734
|move|p2a: 59|Stone Edge|p1a: Volcarona|[miss]
|-miss|p2a: 59|p1a: Volcarona
|move|p1a: Volcarona|Quiver Dance|p1a: Volcarona
|-boost|p1a: Volcarona|spa|1
|-boost|p1a: Volcarona|spd|1
|-boost|p1a: Volcarona|spe|1
|
|-fieldend|move: Trick Room
|-fieldend|move: Psychic Terrain
|upkeep
|turn|18
|j| FROL1
|
|t:|1635075745
|move|p1a: Volcarona|Fiery Dance|p2a: 59
|-supereffective|p2a: 59
|-damage|p2a: 59|0 fnt
|-boost|p1a: Volcarona|spa|1
|faint|p2a: 59
|
|upkeep
|
|t:|1635075749
|switch|p2a: 51|Eternatus|88/100
|-damage|p2a: 51|76/100|[from] Spikes
|-ability|p2a: 51|Pressure
|turn|19
|
|t:|1635075757
|move|p1a: Volcarona|Safeguard|p1a: Volcarona
|-sidestart|p1: Jojos|Safeguard
|move|p2a: 51|Meteor Beam||[still]
|-prepare|p2a: 51|Meteor Beam
|-boost|p2a: 51|spa|1
|-enditem|p2a: 51|Power Herb
|-anim|p2a: 51|Meteor Beam|p1a: Volcarona
|-supereffective|p1a: Volcarona
|-damage|p1a: Volcarona|0 fnt
|faint|p1a: Volcarona
|
|win|Lady Togekiss
|n|☆Jojos|jojos
|n|☆Lady Togekiss|ladytogekiss
|n| Bekaray|bekaray
|n| hatsuri|hatsuri
|n| FROL1|frol1
