|j|☆Kingdra
|j|☆Dr.Camma
|t:|1604668762
|player|p1|Kingdra|101|1564
|player|p2|Dr.Camma|doctor|1343
|teamsize|p1|6
|teamsize|p2|6
|gametype|singles
|gen|8
|tier|[Gen 8] Ubers
|rated|
|clearpoke
|poke|p1|Calyrex-Shadow|
|poke|p1|Yveltal|
|poke|p1|Klefki, M|
|poke|p1|Ditto|
|poke|p1|Zacian-Crowned|
|poke|p1|Zygarde|
|poke|p2|Calyrex-Ice|
|poke|p2|Dialga|
|poke|p2|Dracovish|
|poke|p2|Hatterene, F|
|poke|p2|Lunala|
|poke|p2|Melmetal|
|rule|Sleep Clause Mod: Limit one foe put to sleep
|rule|Species Clause: Limit one of each Pokémon
|rule|OHKO Clause: OHKO moves are banned
|rule|Evasion Moves Clause: Evasion moves are banned
|rule|Endless Battle Clause: Forcing endless battles is banned
|rule|HP Percentage Mod: HP is shown in percentages
|teampreview
|inactive|Battle timer is ON: inactive players will automatically lose when time's up. (requested by Kingdra)
|
|t:|1604668769
|start
|switch|p1a: Klefki|Klefki, M|100/100
|switch|p2a: Melmetal|Melmetal|100/100
|turn|1
|
|t:|1604668775
|move|p1a: Klefki|Reflect|p1a: Klefki
|-sidestart|p1: Kingdra|Reflect
|move|p2a: Melmetal|Double Iron Bash|p1a: Klefki
|-damage|p1a: Klefki|82/100
|-damage|p1a: Klefki|66/100
|-hitcount|p1a: Klefki|2
|
|upkeep
|turn|2
|
|t:|1604668785
|switch|p2a: Hatterene|Hatterene, F|100/100
|move|p1a: Klefki|Spikes|p2a: Hatterene
|move|p2a: Hatterene|Spikes|p1a: Klefki|[from]Magic Bounce
|-sidestart|p1: Kingdra|Spikes
|
|upkeep
|turn|3
|
|t:|1604668791
|move|p1a: Klefki|Light Screen|p1a: Klefki
|-sidestart|p1: Kingdra|move: Light Screen
|move|p2a: Hatterene|Mystical Fire|p1a: Klefki
|-supereffective|p1a: Klefki
|-damage|p1a: Klefki|31/100
|-unboost|p1a: Klefki|spa|1
|
|upkeep
|turn|4
|
|t:|1604668799
|switch|p1a: Zacian|Zacian-Crowned|100/100
|-damage|p1a: Zacian|88/100|[from] Spikes
|-ability|p1a: Zacian|Intrepid Sword|boost
|-boost|p1a: Zacian|atk|1
|move|p2a: Hatterene|Trick Room|p2a: Hatterene
|-fieldstart|move: Trick Room|[of] p2a: Hatterene
|
|upkeep
|turn|5
|
|t:|1604668806
|move|p2a: Hatterene|Mystical Fire|p1a: Zacian
|-supereffective|p1a: Zacian
|-damage|p1a: Zacian|58/100
|-unboost|p1a: Zacian|spa|1
|move|p1a: Zacian|Behemoth Blade|p2a: Hatterene
|-supereffective|p2a: Hatterene
|-enditem|p2a: Hatterene|Focus Sash
|-damage|p2a: Hatterene|1/100
|
|upkeep
|turn|6
|
|t:|1604668817
|switch|p1a: Klefki|Klefki, M|31/100
|-damage|p1a: Klefki|19/100|[from] Spikes
|move|p2a: Hatterene|Mystical Fire|p1a: Klefki
|-supereffective|p1a: Klefki
|-damage|p1a: Klefki|0 fnt
|faint|p1a: Klefki
|
|upkeep
|
|t:|1604668824
|switch|p1a: Zygarde|Zygarde|100/100
|-damage|p1a: Zygarde|88/100|[from] Spikes
|turn|7
|
|t:|1604668828
|move|p2a: Hatterene|Draining Kiss|p1a: Zygarde
|-supereffective|p1a: Zygarde
|-damage|p1a: Zygarde|58/100
|-heal|p2a: Hatterene|26/100|[from] drain|[of] p1a: Zygarde
|-enditem|p1a: Zygarde|Weakness Policy
|-boost|p1a: Zygarde|atk|2|[from] item: Weakness Policy
|-boost|p1a: Zygarde|spa|2|[from] item: Weakness Policy
|move|p1a: Zygarde|Substitute|p1a: Zygarde
|-start|p1a: Zygarde|Substitute
|-damage|p1a: Zygarde|34/100
|
|-activate|p1a: Zygarde|ability: Power Construct
|detailschange|p1a: Zygarde|Zygarde-Complete
|-heal|p1a: Zygarde|59/100|[silent]
|upkeep
|turn|8
|
|t:|1604668841
|move|p2a: Hatterene|Draining Kiss|p1a: Zygarde
|-supereffective|p1a: Zygarde
|-end|p1a: Zygarde|Substitute
|-heal|p2a: Hatterene|47/100|[from] drain|[of] p1a: Zygarde
|move|p1a: Zygarde|Dragon Dance|p1a: Zygarde
|-boost|p1a: Zygarde|atk|1
|-boost|p1a: Zygarde|spe|1
|
|-sideend|p1: Kingdra|Reflect
|-fieldend|move: Trick Room
|upkeep
|turn|9
|
|t:|1604668849
|move|p1a: Zygarde|Thousand Arrows|p2a: Hatterene
|-damage|p2a: Hatterene|0 fnt
|faint|p2a: Hatterene
|
|upkeep
|j| You Can Offer Draw
|
|t:|1604668864
|switch|p2a: Lunala|Lunala|100/100
|turn|10
|
|t:|1604668869
|-start|p1a: Zygarde|Dynamax
|-heal|p1a: Zygarde|59/100|[silent]
|-start|p2a: Lunala|Dynamax
|-heal|p2a: Lunala|100/100|[silent]
|move|p1a: Zygarde|Max Quake|p2a: Lunala
|-damage|p2a: Lunala|72/100
|-boost|p1a: Zygarde|spd|1
|move|p2a: Lunala|Max Phantasm|p1a: Zygarde
|-damage|p1a: Zygarde|52/100
|-unboost|p1a: Zygarde|def|1
|
|-heal|p2a: Lunala|75/100|[from] item: Leftovers
|-sideend|p1: Kingdra|move: Light Screen
|upkeep
|turn|11
|
|t:|1604668883
|move|p2a: Lunala|Max Guard|p2a: Lunala
|-singleturn|p2a: Lunala|Max Guard
|move|p1a: Zygarde|Max Quake|p2a: Lunala
|-activate|p2a: Lunala|move: Max Guard
|
|-heal|p2a: Lunala|78/100|[from] item: Leftovers
|upkeep
|turn|12
|
|t:|1604668890
|move|p1a: Zygarde|Max Quake|p2a: Lunala
|-damage|p2a: Lunala|12/100
|-boost|p1a: Zygarde|spd|1
|move|p2a: Lunala|Max Phantasm|p1a: Zygarde
|-damage|p1a: Zygarde|44/100
|-unboost|p1a: Zygarde|def|1
|
|-heal|p2a: Lunala|15/100|[from] item: Leftovers
|-end|p1a: Zygarde|Dynamax
|-heal|p1a: Zygarde|44/100|[silent]
|-end|p2a: Lunala|Dynamax
|-heal|p2a: Lunala|15/100|[silent]
|upkeep
|turn|13
|
|t:|1604668904
|move|p1a: Zygarde|Thousand Arrows|p2a: Lunala
|-damage|p2a: Lunala|0 fnt
|faint|p2a: Lunala
|
|upkeep
|
|t:|1604668912
|switch|p2a: Dracovish|Dracovish|100/100
|turn|14
|
|t:|1604668917
|move|p1a: Zygarde|Thousand Arrows|p2a: Dracovish
|-damage|p2a: Dracovish|0 fnt
|faint|p2a: Dracovish
|
|upkeep
|-message|Dr.Camma forfeited.
|
|win|Kingdra
|l|☆Dr.Camma
