|raw|<div class="broadcast-blue"><strong>This battle is required to be public due to a player having a name starting with 'ULT8RQ'.</div>
|j|☆ULT8RQ Luna
|j|☆ULT8RQ fardin
|t:|1621136012
|gametype|singles
|player|p1|ULT8RQ Luna|cyclist|1729
|player|p2|ULT8RQ fardin|lucas|1805
|teamsize|p1|6
|teamsize|p2|6
|gen|8
|tier|[Gen 8] Ubers
|rated|
|rule|Sleep Clause Mod: Limit one foe put to sleep
|rule|Species Clause: Limit one of each Pokémon
|rule|OHKO Clause: OHKO moves are banned
|rule|Evasion Moves Clause: Evasion moves are banned
|rule|Endless Battle Clause: Forcing endless battles is banned
|rule|HP Percentage Mod: HP is shown in percentages
|rule|Dynamax Clause: You cannot dynamax
|clearpoke
|poke|p1|Yveltal|
|poke|p1|Eternatus|
|poke|p1|Necrozma-Dusk-Mane|
|poke|p1|Lunala|
|poke|p1|Blissey, F|
|poke|p1|Ditto|
|poke|p2|Lunala|
|poke|p2|Zygarde|
|poke|p2|Eternatus|
|poke|p2|Amoonguss, M|
|poke|p2|Tyranitar, F|
|poke|p2|Chansey, F|
|teampreview
|c|☆ULT8RQ Luna|...
|j| Based 4 Ghosters
|c|☆ULT8RQ fardin|;
|c|☆ULT8RQ fardin|hf
|c|☆ULT8RQ fardin|Based 4 Ghosters
|c| Based 4 Ghosters|go Black Nikka
|c|☆ULT8RQ Luna|do you wanna just offertie at 100 LMAO
|c| Based 4 Ghosters|I must support my creation
|c|☆ULT8RQ fardin|i dont have my stall breaker toxa
|
|t:|1621136064
|start
|switch|p1a: Yveltal|Yveltal|100/100
|switch|p2a: Tyranitar|Tyranitar, F|100/100
|-ability|p1a: Yveltal|Dark Aura
|-weather|Sandstorm|[from] ability: Sand Stream|[of] p2a: Tyranitar
|turn|1
|j| Xcellofantastic
|inactive|Battle timer is ON: inactive players will automatically lose when time's up. (requested by ULT8RQ Luna)
|j| bunny girl mai
|
|t:|1621136110
|switch|p1a: Eternatus|Eternatus|100/100
|-ability|p1a: Eternatus|Pressure
|switch|p2a: Amoonguss|Amoonguss, M|100/100
|
|-weather|Sandstorm|[upkeep]
|-damage|p1a: Eternatus|94/100|[from] Sandstorm
|-damage|p2a: Amoonguss|94/100|[from] Sandstorm
|-heal|p1a: Eternatus|100/100|[from] item: Black Sludge
|upkeep
|turn|2
|
|t:|1621136117
|switch|p1a: Blissey|Blissey, F|100/100
|switch|p2a: Tyranitar|Tyranitar, F|100/100
|
|-weather|Sandstorm|[upkeep]
|-damage|p1a: Blissey|94/100|[from] Sandstorm
|upkeep
|turn|3
|j| Dockiva ❦︎
|
|t:|1621136121
|move|p2a: Tyranitar|Stealth Rock|p1a: Blissey
|-sidestart|p1: ULT8RQ Luna|move: Stealth Rock
|move|p1a: Blissey|Seismic Toss|p2a: Tyranitar
|-damage|p2a: Tyranitar|76/100
|
|-weather|Sandstorm|[upkeep]
|-damage|p1a: Blissey|88/100|[from] Sandstorm
|upkeep
|turn|4
|j|+Aberforth
|j| ULT8RQ Lund
|inactive|ULT8RQ Luna has 120 seconds left.
|l| ULT8RQ Lund
|j| BasedWhat?
|
|t:|1621136162
|switch|p2a: Zygarde|Zygarde|100/100
|switch|p1a: Eternatus|Eternatus|100/100
|-damage|p1a: Eternatus|88/100|[from] Stealth Rock
|-ability|p1a: Eternatus|Pressure
|
|-weather|Sandstorm|[upkeep]
|-damage|p1a: Eternatus|82/100|[from] Sandstorm
|-heal|p1a: Eternatus|88/100|[from] item: Black Sludge
|upkeep
|turn|5
|c| BasedWhat?|luna what are you DOING
|j| TrueNora
|inactive|ULT8RQ fardin has 120 seconds left.
|
|t:|1621136200
|switch|p1a: Lunala|Lunala|100/100
|switch|p2a: Amoonguss|Amoonguss, M|100/100
|
|-weather|none
|upkeep
|turn|6
|
|t:|1621136212
|switch|p1a: Blissey|Blissey, F|88/100
|-damage|p1a: Blissey|76/100|[from] Stealth Rock
|switch|p2a: Zygarde|Zygarde|100/100
|
|upkeep
|turn|7
|c|☆ULT8RQ Luna|I MISSED
|
|t:|1621136219
|switch|p2a: Amoonguss|Amoonguss, M|100/100
|switch|p1a: Lunala|Lunala|100/100
|
|upkeep
|turn|8
|c|☆ULT8RQ Luna|A FUCKING PLAY ROUGH
|c|☆ULT8RQ Luna|CUZ LUND IS FUCKING DOGSHIT
|c|+Aberforth|lbn loses because he loses attention in 700 turns
|
|t:|1621136231
|switch|p1a: Blissey|Blissey, F|76/100
|-damage|p1a: Blissey|63/100|[from] Stealth Rock
|move|p2a: Amoonguss|Spore|p1a: Blissey
|-status|p1a: Blissey|slp|[from] move: Spore
|
|upkeep
|turn|9
|inactive|ULT8RQ Luna has 120 seconds left.
|l| bunny girl mai
|
|t:|1621136263
|switch|p1a: Yveltal|Yveltal|100/100
|-ability|p1a: Yveltal|Dark Aura
|switch|p2a: Zygarde|Zygarde|100/100
|
|upkeep
|turn|10
|c|☆ULT8RQ fardin|true stallers never lose attention.
|
|t:|1621136272
|switch|p2a: Amoonguss|Amoonguss, M|100/100
|move|p1a: Yveltal|Knock Off|p2a: Amoonguss
|-damage|p2a: Amoonguss|59/100
|-damage|p1a: Yveltal|84/100|[from] item: Rocky Helmet|[of] p2a: Amoonguss
|-enditem|p2a: Amoonguss|Rocky Helmet|[from] move: Knock Off|[of] p1a: Yveltal
|
|upkeep
|turn|11
|j| bunny girl mai
|c| BasedWhat?|fardin pls offer a tie bc luna losing this will result in a tilt greater than crad's 1700 -> 1350
|
|t:|1621136286
|move|p1a: Yveltal|Taunt|p2a: Amoonguss
|-start|p2a: Amoonguss|move: Taunt
|move|p2a: Amoonguss|Sludge Bomb|p1a: Yveltal
|-damage|p1a: Yveltal|66/100
|-status|p1a: Yveltal|psn
|
|-damage|p1a: Yveltal|54/100 psn|[from] psn
|upkeep
|turn|12
|c|☆ULT8RQ fardin|he asked me if i was laddering and i said yes
|c|☆ULT8RQ fardin|and now we met ;
|
|t:|1621136302
|switch|p2a: Tyranitar|Tyranitar, F|76/100
|-weather|Sandstorm|[from] ability: Sand Stream|[of] p2a: Tyranitar
|move|p1a: Yveltal|Roost|p1a: Yveltal
|-heal|p1a: Yveltal|100/100 psn
|-singleturn|p1a: Yveltal|move: Roost
|
|-weather|Sandstorm|[upkeep]
|-damage|p1a: Yveltal|94/100 psn|[from] Sandstorm
|-damage|p1a: Yveltal|82/100 psn|[from] psn
|upkeep
|turn|13
|
|t:|1621136315
|switch|p1a: Eternatus|Eternatus|88/100
|-damage|p1a: Eternatus|76/100|[from] Stealth Rock
|-ability|p1a: Eternatus|Pressure
|switch|p2a: Zygarde|Zygarde|100/100
|
|-weather|Sandstorm|[upkeep]
|-damage|p1a: Eternatus|69/100|[from] Sandstorm
|-heal|p1a: Eternatus|76/100|[from] item: Black Sludge
|upkeep
|turn|14
|
|t:|1621136323
|switch|p2a: Chansey|Chansey, F|100/100
|move|p1a: Eternatus|Dynamax Cannon|p2a: Chansey
|-damage|p2a: Chansey|88/100
|
|-weather|Sandstorm|[upkeep]
|-damage|p1a: Eternatus|69/100|[from] Sandstorm
|-damage|p2a: Chansey|82/100|[from] Sandstorm
|-heal|p1a: Eternatus|76/100|[from] item: Black Sludge
|upkeep
|turn|15
|
|t:|1621136331
|switch|p1a: Necrozma|Necrozma-Dusk-Mane|100/100
|-damage|p1a: Necrozma|94/100|[from] Stealth Rock
|switch|p2a: Amoonguss|Amoonguss, M|92/100
|
|-weather|Sandstorm|[upkeep]
|-damage|p2a: Amoonguss|86/100|[from] Sandstorm
|upkeep
|turn|16
|j| Lider Meliodas ★
|j| ULT8RQ Lund
|c|☆ULT8RQ fardin|he should win this tho
|
|t:|1621136352
|switch|p2a: Eternatus|Eternatus|100/100
|-ability|p2a: Eternatus|Pressure
|move|p1a: Necrozma|Stealth Rock|p2a: Eternatus
|-sidestart|p2: ULT8RQ fardin|move: Stealth Rock
|
|-weather|none
|upkeep
|turn|17
|c|☆ULT8RQ fardin|i have next to 0 chance
|
|t:|1621136367
|switch|p2a: Zygarde|Zygarde|100/100
|-damage|p2a: Zygarde|94/100|[from] Stealth Rock
|switch|p1a: Blissey|Blissey, F|63/100
|-damage|p1a: Blissey|51/100|[from] Stealth Rock
|
|-heal|p2a: Zygarde|100/100|[from] item: Leftovers
|upkeep
|turn|18
|l| bunny girl mai
|
|t:|1621136392
|switch|p1a: Lunala|Lunala|100/100
|move|p2a: Zygarde|Coil|p2a: Zygarde
|-boost|p2a: Zygarde|atk|1
|-boost|p2a: Zygarde|def|1
|-boost|p2a: Zygarde|accuracy|1
|
|upkeep
|turn|19
|c| BasedWhat?|luna will find a way to throw
|
|t:|1621136402
|switch|p2a: Eternatus|Eternatus|100/100
|-ability|p2a: Eternatus|Pressure
|move|p1a: Lunala|Will-O-Wisp|p2a: Eternatus
|-status|p2a: Eternatus|brn
|
|-damage|p2a: Eternatus|94/100 brn|[from] brn
|upkeep
|turn|20
|c|☆ULT8RQ Luna|stfu
|
|t:|1621136413
|switch|p2a: Lunala|Lunala|100/100
|switch|p1a: Blissey|Blissey, F|51/100
|-damage|p1a: Blissey|39/100|[from] Stealth Rock
|
|upkeep
|turn|21
|l| ULT8RQ Lund
|c| BasedWhat?|https://replay.pokemonshowdown.com/gen8monotyperandombattle-1341300249-v6iwxpgjkjjybxvkxlj5bzh8apwph34pw
|
|t:|1621136424
|switch|p2a: Zygarde|Zygarde|100/100
|-damage|p2a: Zygarde|94/100|[from] Stealth Rock
|move|p1a: Blissey|Soft-Boiled|p1a: Blissey
|-heal|p1a: Blissey|89/100
|
|-heal|p2a: Zygarde|100/100|[from] item: Leftovers
|upkeep
|turn|22
|c|☆ULT8RQ Luna|U WERE LUCKY ASF
|inactive|ULT8RQ Luna has 120 seconds left.
|c| Based 4 Ghosters|u could get locked for that...would be a shame if someone were to...report u ;)
|c| BasedWhat?|wait that one oh god
|
|t:|1621136482
|switch|p2a: Tyranitar|Tyranitar, F|76/100
|-weather|Sandstorm|[from] ability: Sand Stream|[of] p2a: Tyranitar
|switch|p1a: Lunala|Lunala|100/100
|
|-weather|Sandstorm|[upkeep]
|-damage|p1a: Lunala|94/100|[from] Sandstorm
|upkeep
|turn|23
|c| Based 4 Ghosters|loser of this match gets a special custom role in the discord
|c| BasedWhat?|didnt mean to incriminate
|
|t:|1621136493
|switch|p1a: Eternatus|Eternatus|76/100
|-damage|p1a: Eternatus|63/100|[from] Stealth Rock
|-ability|p1a: Eternatus|Pressure
|switch|p2a: Zygarde|Zygarde|100/100
|-damage|p2a: Zygarde|94/100|[from] Stealth Rock
|
|-weather|Sandstorm|[upkeep]
|-damage|p1a: Eternatus|57/100|[from] Sandstorm
|-heal|p1a: Eternatus|63/100|[from] item: Black Sludge
|-heal|p2a: Zygarde|100/100|[from] item: Leftovers
|upkeep
|turn|24
|inactive|ULT8RQ Luna has 90 seconds left.
|
|t:|1621136522
|switch|p2a: Tyranitar|Tyranitar, F|76/100
|move|p1a: Eternatus|Dynamax Cannon|p2a: Tyranitar
|-damage|p2a: Tyranitar|58/100
|
|-weather|Sandstorm|[upkeep]
|-damage|p1a: Eternatus|57/100|[from] Sandstorm
|-heal|p1a: Eternatus|63/100|[from] item: Black Sludge
|upkeep
|turn|25
|
|t:|1621136532
|switch|p2a: Amoonguss|Amoonguss, M|100/100
|-damage|p2a: Amoonguss|88/100|[from] Stealth Rock
|move|p1a: Eternatus|Recover|p1a: Eternatus
|-heal|p1a: Eternatus|100/100
|
|-weather|Sandstorm|[upkeep]
|-damage|p1a: Eternatus|94/100|[from] Sandstorm
|-damage|p2a: Amoonguss|82/100|[from] Sandstorm
|-heal|p1a: Eternatus|100/100|[from] item: Black Sludge
|upkeep
|turn|26
|j| us9 gojoo
|inactive|ULT8RQ Luna has 90 seconds left.
|
|t:|1621136555
|switch|p1a: Blissey|Blissey, F|89/100
|-damage|p1a: Blissey|76/100|[from] Stealth Rock
|switch|p2a: Tyranitar|Tyranitar, F|58/100
|
|-weather|none
|upkeep
|turn|27
|
|t:|1621136562
|switch|p2a: Zygarde|Zygarde|100/100
|-damage|p2a: Zygarde|94/100|[from] Stealth Rock
|switch|p1a: Eternatus|Eternatus|100/100
|-damage|p1a: Eternatus|88/100|[from] Stealth Rock
|-ability|p1a: Eternatus|Pressure
|
|-heal|p1a: Eternatus|94/100|[from] item: Black Sludge
|-heal|p2a: Zygarde|100/100|[from] item: Leftovers
|upkeep
|turn|28
|
|t:|1621136568
|switch|p1a: Lunala|Lunala|94/100
|switch|p2a: Tyranitar|Tyranitar, F|58/100
|-weather|Sandstorm|[from] ability: Sand Stream|[of] p2a: Tyranitar
|
|-weather|Sandstorm|[upkeep]
|-damage|p1a: Lunala|88/100|[from] Sandstorm
|upkeep
|turn|29
|
|t:|1621136573
|switch|p1a: Eternatus|Eternatus|94/100
|-damage|p1a: Eternatus|82/100|[from] Stealth Rock
|-ability|p1a: Eternatus|Pressure
|switch|p2a: Zygarde|Zygarde|100/100
|-damage|p2a: Zygarde|94/100|[from] Stealth Rock
|
|-weather|Sandstorm|[upkeep]
|-damage|p1a: Eternatus|76/100|[from] Sandstorm
|-heal|p1a: Eternatus|82/100|[from] item: Black Sludge
|-heal|p2a: Zygarde|100/100|[from] item: Leftovers
|upkeep
|turn|30
|
|t:|1621136582
|switch|p2a: Tyranitar|Tyranitar, F|58/100
|move|p1a: Eternatus|Dynamax Cannon|p2a: Tyranitar
|-damage|p2a: Tyranitar|38/100
|
|-weather|Sandstorm|[upkeep]
|-damage|p1a: Eternatus|76/100|[from] Sandstorm
|-heal|p1a: Eternatus|82/100|[from] item: Black Sludge
|upkeep
|turn|31
|
|t:|1621136587
|move|p2a: Tyranitar|Rest|p2a: Tyranitar
|-status|p2a: Tyranitar|slp|[from] move: Rest
|-heal|p2a: Tyranitar|100/100 slp|[silent]
|move|p1a: Eternatus|Dragon Tail|p2a: Tyranitar
|-damage|p2a: Tyranitar|89/100 slp
|drag|p2a: Zygarde|Zygarde|100/100
|-damage|p2a: Zygarde|94/100|[from] Stealth Rock
|
|-weather|Sandstorm|[upkeep]
|-damage|p1a: Eternatus|76/100|[from] Sandstorm
|-heal|p1a: Eternatus|82/100|[from] item: Black Sludge
|-heal|p2a: Zygarde|100/100|[from] item: Leftovers
|upkeep
|turn|32
|n| ULT8RQ Dionysus|aberforth
|
|t:|1621136596
|switch|p1a: Lunala|Lunala|88/100
|switch|p2a: Tyranitar|Tyranitar, F|89/100 slp
|
|-weather|none
|upkeep
|turn|33
|
|t:|1621136602
|switch|p1a: Ditto|Ditto|100/100
|-damage|p1a: Ditto|88/100|[from] Stealth Rock
|-transform|p1a: Ditto|p2a: Tyranitar|[from] ability: Imposter
|-weather|Sandstorm|[from] ability: Sand Stream|[of] p1a: Ditto
|cant|p2a: Tyranitar|slp
|
|-weather|Sandstorm|[upkeep]
|upkeep
|turn|34
|
|t:|1621136606
|switch|p2a: Amoonguss|Amoonguss, M|100/100
|-damage|p2a: Amoonguss|88/100|[from] Stealth Rock
|move|p1a: Ditto|Rock Blast|p2a: Amoonguss
|-damage|p2a: Amoonguss|80/100
|-damage|p2a: Amoonguss|72/100
|-hitcount|p2a: Amoonguss|2
|
|-weather|Sandstorm|[upkeep]
|-damage|p2a: Amoonguss|65/100|[from] Sandstorm
|upkeep
|turn|35
|
|t:|1621136611
|switch|p1a: Blissey|Blissey, F|76/100
|-damage|p1a: Blissey|64/100|[from] Stealth Rock
|move|p2a: Amoonguss|Sludge Bomb|p1a: Blissey
|-damage|p1a: Blissey|55/100
|
|-weather|Sandstorm|[upkeep]
|-damage|p1a: Blissey|49/100|[from] Sandstorm
|-damage|p2a: Amoonguss|59/100|[from] Sandstorm
|upkeep
|turn|36
|
|t:|1621136616
|switch|p2a: Tyranitar|Tyranitar, F|89/100 slp
|move|p1a: Blissey|Soft-Boiled|p1a: Blissey
|-heal|p1a: Blissey|99/100
|
|-weather|Sandstorm|[upkeep]
|-damage|p1a: Blissey|93/100|[from] Sandstorm
|upkeep
|turn|37
|
|t:|1621136619
|cant|p2a: Tyranitar|slp
|move|p1a: Blissey|Seismic Toss|p2a: Tyranitar
|-damage|p2a: Tyranitar|64/100 slp
|
|-weather|none
|upkeep
|turn|38
|
|t:|1621136625
|switch|p2a: Lunala|Lunala|100/100
|switch|p1a: Eternatus|Eternatus|82/100
|-damage|p1a: Eternatus|69/100|[from] Stealth Rock
|-ability|p1a: Eternatus|Pressure
|
|-heal|p1a: Eternatus|76/100|[from] item: Black Sludge
|upkeep
|turn|39
|
|t:|1621136630
|move|p1a: Eternatus|Toxic|p2a: Lunala
|-status|p2a: Lunala|tox
|move|p2a: Lunala|Will-O-Wisp|p1a: Eternatus
|-status|p1a: Eternatus|brn
|
|-heal|p1a: Eternatus|82/100 brn|[from] item: Black Sludge
|-damage|p1a: Eternatus|76/100 brn|[from] brn
|-damage|p2a: Lunala|94/100 tox|[from] psn
|upkeep
|turn|40
|
|t:|1621136637
|switch|p2a: Tyranitar|Tyranitar, F|64/100 slp
|-weather|Sandstorm|[from] ability: Sand Stream|[of] p2a: Tyranitar
|move|p1a: Eternatus|Dragon Tail|p2a: Tyranitar|[miss]
|-miss|p1a: Eternatus|p2a: Tyranitar
|
|-weather|Sandstorm|[upkeep]
|-damage|p1a: Eternatus|69/100 brn|[from] Sandstorm
|-heal|p1a: Eternatus|76/100 brn|[from] item: Black Sludge
|-damage|p1a: Eternatus|69/100 brn|[from] brn
|upkeep
|turn|41
|c| TrueNora|poggers?
|j| RenzoMRG
|
|t:|1621136646
|-curestatus|p2a: Tyranitar|slp|[msg]
|move|p2a: Tyranitar|Foul Play|p1a: Eternatus
|-damage|p1a: Eternatus|54/100 brn
|move|p1a: Eternatus|Dragon Tail|p2a: Tyranitar
|-damage|p2a: Tyranitar|58/100
|drag|p2a: Lunala|Lunala|94/100 tox
|
|-weather|Sandstorm|[upkeep]
|-damage|p1a: Eternatus|48/100 brn|[from] Sandstorm
|-damage|p2a: Lunala|88/100 tox|[from] Sandstorm
|-heal|p1a: Eternatus|54/100 brn|[from] item: Black Sludge
|-damage|p1a: Eternatus|48/100 brn|[from] brn
|-damage|p2a: Lunala|82/100 tox|[from] psn
|upkeep
|turn|42
|
|t:|1621136652
|move|p1a: Eternatus|Recover|p1a: Eternatus
|-heal|p1a: Eternatus|98/100 brn
|move|p2a: Lunala|Ice Beam|p1a: Eternatus
|-supereffective|p1a: Eternatus
|-damage|p1a: Eternatus|52/100 brn
|
|-weather|Sandstorm|[upkeep]
|-damage|p1a: Eternatus|46/100 brn|[from] Sandstorm
|-damage|p2a: Lunala|76/100 tox|[from] Sandstorm
|-heal|p1a: Eternatus|52/100 brn|[from] item: Black Sludge
|-damage|p1a: Eternatus|46/100 brn|[from] brn
|-damage|p2a: Lunala|64/100 tox|[from] psn
|upkeep
|turn|43
|
|t:|1621136661
|switch|p1a: Blissey|Blissey, F|93/100
|-damage|p1a: Blissey|81/100|[from] Stealth Rock
|switch|p2a: Amoonguss|Amoonguss, M|92/100
|-damage|p2a: Amoonguss|80/100|[from] Stealth Rock
|
|-weather|Sandstorm|[upkeep]
|-damage|p1a: Blissey|75/100|[from] Sandstorm
|-damage|p2a: Amoonguss|74/100|[from] Sandstorm
|upkeep
|turn|44
|
|t:|1621136678
|switch|p2a: Chansey|Chansey, F|82/100
|-damage|p2a: Chansey|69/100|[from] Stealth Rock
|move|p1a: Blissey|Aromatherapy|p1a: Blissey
|-activate|p1a: Blissey|move: Aromatherapy
|-curestatus|p1: Eternatus|brn|[msg]
|-curestatus|p1: Yveltal|psn|[msg]
|
|-weather|none
|upkeep
|turn|45
|n| zero389★|lidermeliodas
|l| us9 gojoo
|
|t:|1621136687
|switch|p1a: Eternatus|Eternatus|46/100
|-damage|p1a: Eternatus|33/100|[from] Stealth Rock
|-ability|p1a: Eternatus|Pressure
|move|p2a: Chansey|Heal Bell|p2a: Chansey
|-activate|p2a: Chansey|move: Heal Bell
|-curestatus|p2: Lunala|tox|[msg]
|-curestatus|p2: Eternatus|brn|[msg]
|
|-heal|p1a: Eternatus|40/100|[from] item: Black Sludge
|upkeep
|turn|46
|
|t:|1621136693
|switch|p2a: Tyranitar|Tyranitar, F|58/100
|-weather|Sandstorm|[from] ability: Sand Stream|[of] p2a: Tyranitar
|move|p1a: Eternatus|Dragon Tail|p2a: Tyranitar
|-damage|p2a: Tyranitar|46/100
|drag|p2a: Eternatus|Eternatus|94/100
|-ability|p2a: Eternatus|Pressure
|
|-weather|Sandstorm|[upkeep]
|-damage|p1a: Eternatus|33/100|[from] Sandstorm
|-damage|p2a: Eternatus|88/100|[from] Sandstorm
|-heal|p1a: Eternatus|40/100|[from] item: Black Sludge
|upkeep
|turn|47
|j| us9 gojoo
|l| us9 gojoo
|
|t:|1621136701
|switch|p2a: Tyranitar|Tyranitar, F|46/100
|move|p1a: Eternatus|Recover|p1a: Eternatus
|-heal|p1a: Eternatus|90/100
|
|-weather|Sandstorm|[upkeep]
|-damage|p1a: Eternatus|83/100|[from] Sandstorm
|-heal|p1a: Eternatus|90/100|[from] item: Black Sludge
|upkeep
|turn|48
|
|t:|1621136712
|move|p1a: Eternatus|Toxic|p2a: Tyranitar
|-status|p2a: Tyranitar|tox
|move|p2a: Tyranitar|Rest|p2a: Tyranitar
|-status|p2a: Tyranitar|slp|[from] move: Rest
|-heal|p2a: Tyranitar|100/100 slp|[silent]
|
|-weather|Sandstorm|[upkeep]
|-damage|p1a: Eternatus|83/100|[from] Sandstorm
|-heal|p1a: Eternatus|90/100|[from] item: Black Sludge
|upkeep
|turn|49
|
|t:|1621136716
|switch|p1a: Necrozma|Necrozma-Dusk-Mane|94/100
|-damage|p1a: Necrozma|88/100|[from] Stealth Rock
|cant|p2a: Tyranitar|slp
|
|-weather|Sandstorm|[upkeep]
|upkeep
|turn|50
|
|t:|1621136722
|switch|p2a: Amoonguss|Amoonguss, M|100/100
|-damage|p2a: Amoonguss|88/100|[from] Stealth Rock
|move|p1a: Necrozma|Toxic|p2a: Amoonguss
|-immune|p2a: Amoonguss
|
|-weather|none
|upkeep
|turn|51
|
|t:|1621136727
|switch|p1a: Blissey|Blissey, F|75/100
|-damage|p1a: Blissey|62/100|[from] Stealth Rock
|switch|p2a: Eternatus|Eternatus|88/100
|-ability|p2a: Eternatus|Pressure
|
|upkeep
|turn|52
|
|t:|1621136733
|switch|p2a: Tyranitar|Tyranitar, F|100/100 slp
|-weather|Sandstorm|[from] ability: Sand Stream|[of] p2a: Tyranitar
|move|p1a: Blissey|Soft-Boiled|p1a: Blissey
|-heal|p1a: Blissey|100/100
|
|-weather|Sandstorm|[upkeep]
|-damage|p1a: Blissey|94/100|[from] Sandstorm
|upkeep
|turn|53
|
|t:|1621136739
|cant|p2a: Tyranitar|slp
|move|p1a: Blissey|Seismic Toss|p2a: Tyranitar
|-damage|p2a: Tyranitar|76/100 slp
|
|-weather|Sandstorm|[upkeep]
|-damage|p1a: Blissey|88/100|[from] Sandstorm
|upkeep
|turn|54
|
|t:|1621136745
|switch|p2a: Zygarde|Zygarde|100/100
|-damage|p2a: Zygarde|94/100|[from] Stealth Rock
|switch|p1a: Eternatus|Eternatus|90/100
|-damage|p1a: Eternatus|77/100|[from] Stealth Rock
|-ability|p1a: Eternatus|Pressure
|
|-weather|Sandstorm|[upkeep]
|-damage|p1a: Eternatus|71/100|[from] Sandstorm
|-heal|p1a: Eternatus|77/100|[from] item: Black Sludge
|-heal|p2a: Zygarde|100/100|[from] item: Leftovers
|upkeep
|turn|55
|j| mc56556
|
|t:|1621136752
|switch|p2a: Amoonguss|Amoonguss, M|100/100
|-damage|p2a: Amoonguss|88/100|[from] Stealth Rock
|move|p1a: Eternatus|Dynamax Cannon|p2a: Amoonguss
|-damage|p2a: Amoonguss|45/100
|
|-weather|Sandstorm|[upkeep]
|-damage|p1a: Eternatus|71/100|[from] Sandstorm
|-damage|p2a: Amoonguss|38/100|[from] Sandstorm
|-heal|p1a: Eternatus|77/100|[from] item: Black Sludge
|upkeep
|turn|56
|
|t:|1621136758
|switch|p1a: Necrozma|Necrozma-Dusk-Mane|88/100
|-damage|p1a: Necrozma|82/100|[from] Stealth Rock
|switch|p2a: Tyranitar|Tyranitar, F|76/100 slp
|
|-weather|none
|upkeep
|turn|57
|
|t:|1621136763
|switch|p2a: Eternatus|Eternatus|88/100
|-ability|p2a: Eternatus|Pressure
|move|p1a: Necrozma|Sunsteel Strike|p2a: Eternatus
|-damage|p2a: Eternatus|51/100
|
|upkeep
|turn|58
|
|t:|1621136769
|switch|p1a: Yveltal|Yveltal|82/100
|-ability|p1a: Yveltal|Dark Aura
|move|p2a: Eternatus|Recover|p2a: Eternatus
|-heal|p2a: Eternatus|100/100
|
|upkeep
|turn|59
|
|t:|1621136774
|switch|p2a: Amoonguss|Amoonguss, M|72/100
|-damage|p2a: Amoonguss|59/100|[from] Stealth Rock
|move|p1a: Yveltal|Knock Off|p2a: Amoonguss
|-damage|p2a: Amoonguss|33/100
|
|upkeep
|turn|60
|
|t:|1621136779
|move|p1a: Yveltal|Taunt|p2a: Amoonguss
|-start|p2a: Amoonguss|move: Taunt
|cant|p2a: Amoonguss|move: Taunt|Synthesis
|
|upkeep
|turn|61
|
|t:|1621136785
|switch|p2a: Eternatus|Eternatus|100/100
|-ability|p2a: Eternatus|Pressure
|move|p1a: Yveltal|Knock Off|p2a: Eternatus
|-crit|p2a: Eternatus
|-damage|p2a: Eternatus|45/100
|-enditem|p2a: Eternatus|Heavy-Duty Boots|[from] move: Knock Off|[of] p1a: Yveltal
|
|upkeep
|turn|62
|
|t:|1621136792
|move|p2a: Eternatus|Recover|p2a: Eternatus
|-heal|p2a: Eternatus|95/100
|move|p1a: Yveltal|Taunt|p2a: Eternatus
|-start|p2a: Eternatus|move: Taunt
|
|upkeep
|turn|63
|
|t:|1621136797
|move|p2a: Eternatus|Sludge Bomb|p1a: Yveltal
|-damage|p1a: Yveltal|50/100
|move|p1a: Yveltal|Roost|p1a: Yveltal
|-heal|p1a: Yveltal|99/100
|-singleturn|p1a: Yveltal|move: Roost
|
|upkeep
|turn|64
|
|t:|1621136802
|switch|p1a: Blissey|Blissey, F|88/100
|-damage|p1a: Blissey|76/100|[from] Stealth Rock
|move|p2a: Eternatus|Sludge Bomb|p1a: Blissey
|-damage|p1a: Blissey|62/100
|
|upkeep
|turn|65
|
|t:|1621136807
|switch|p2a: Amoonguss|Amoonguss, M|66/100
|-damage|p2a: Amoonguss|54/100|[from] Stealth Rock
|switch|p1a: Necrozma|Necrozma-Dusk-Mane|82/100
|-damage|p1a: Necrozma|76/100|[from] Stealth Rock
|
|upkeep
|turn|66
|
|t:|1621136813
|switch|p2a: Zygarde|Zygarde|100/100
|-damage|p2a: Zygarde|94/100|[from] Stealth Rock
|move|p1a: Necrozma|Sunsteel Strike|p2a: Zygarde
|-damage|p2a: Zygarde|68/100
|
|-heal|p2a: Zygarde|74/100|[from] item: Leftovers
|upkeep
|turn|67
|
|t:|1621136817
|switch|p1a: Lunala|Lunala|88/100
|move|p2a: Zygarde|Coil|p2a: Zygarde
|-boost|p2a: Zygarde|atk|1
|-boost|p2a: Zygarde|def|1
|-boost|p2a: Zygarde|accuracy|1
|
|-heal|p2a: Zygarde|80/100|[from] item: Leftovers
|upkeep
|turn|68
|
|t:|1621136822
|switch|p2a: Tyranitar|Tyranitar, F|76/100 slp
|-weather|Sandstorm|[from] ability: Sand Stream|[of] p2a: Tyranitar
|move|p1a: Lunala|Roar|p2a: Tyranitar
|drag|p2a: Lunala|Lunala|64/100
|
|-weather|Sandstorm|[upkeep]
|-damage|p1a: Lunala|82/100|[from] Sandstorm
|-damage|p2a: Lunala|58/100|[from] Sandstorm
|upkeep
|turn|69
|
|t:|1621136832
|switch|p1a: Yveltal|Yveltal|99/100
|-ability|p1a: Yveltal|Dark Aura
|move|p2a: Lunala|Will-O-Wisp|p1a: Yveltal
|-status|p1a: Yveltal|brn
|
|-weather|Sandstorm|[upkeep]
|-damage|p1a: Yveltal|94/100 brn|[from] Sandstorm
|-damage|p2a: Lunala|52/100|[from] Sandstorm
|-damage|p1a: Yveltal|88/100 brn|[from] brn
|upkeep
|turn|70
|
|t:|1621136838
|switch|p2a: Amoonguss|Amoonguss, M|87/100
|-damage|p2a: Amoonguss|75/100|[from] Stealth Rock
|move|p1a: Yveltal|Knock Off|p2a: Amoonguss
|-damage|p2a: Amoonguss|61/100
|
|-weather|Sandstorm|[upkeep]
|-damage|p1a: Yveltal|82/100 brn|[from] Sandstorm
|-damage|p2a: Amoonguss|55/100|[from] Sandstorm
|-damage|p1a: Yveltal|76/100 brn|[from] brn
|upkeep
|turn|71
|
|t:|1621136846
|switch|p1a: Blissey|Blissey, F|62/100
|-damage|p1a: Blissey|50/100|[from] Stealth Rock
|move|p2a: Amoonguss|Foul Play|p1a: Blissey
|-damage|p1a: Blissey|48/100
|
|-weather|Sandstorm|[upkeep]
|-damage|p1a: Blissey|42/100|[from] Sandstorm
|-damage|p2a: Amoonguss|49/100|[from] Sandstorm
|upkeep
|turn|72
|
|t:|1621136849
|switch|p2a: Zygarde|Zygarde|80/100
|-damage|p2a: Zygarde|74/100|[from] Stealth Rock
|move|p1a: Blissey|Soft-Boiled|p1a: Blissey
|-heal|p1a: Blissey|92/100
|
|-weather|none
|-heal|p2a: Zygarde|80/100|[from] item: Leftovers
|upkeep
|turn|73
|
|t:|1621136853
|switch|p2a: Lunala|Lunala|52/100
|switch|p1a: Lunala|Lunala|82/100
|
|upkeep
|turn|74
|
|t:|1621136858
|move|p1a: Lunala|Will-O-Wisp|p2a: Lunala
|-status|p2a: Lunala|brn
|move|p2a: Lunala|Roost|p2a: Lunala
|-heal|p2a: Lunala|100/100 brn
|-singleturn|p2a: Lunala|move: Roost
|
|-damage|p2a: Lunala|94/100 brn|[from] brn
|upkeep
|turn|75
|
|t:|1621136865
|switch|p1a: Yveltal|Yveltal|76/100 brn
|-ability|p1a: Yveltal|Dark Aura
|move|p2a: Lunala|Will-O-Wisp|p1a: Yveltal
|-fail|p1a: Yveltal|brn
|
|-damage|p1a: Yveltal|70/100 brn|[from] brn
|-damage|p2a: Lunala|88/100 brn|[from] brn
|upkeep
|turn|76
|
|t:|1621136869
|switch|p2a: Amoonguss|Amoonguss, M|82/100
|-damage|p2a: Amoonguss|69/100|[from] Stealth Rock
|move|p1a: Yveltal|Knock Off|p2a: Amoonguss
|-damage|p2a: Amoonguss|56/100
|
|-damage|p1a: Yveltal|63/100 brn|[from] brn
|upkeep
|turn|77
|
|t:|1621136872
|move|p1a: Yveltal|Taunt|p2a: Amoonguss
|-start|p2a: Amoonguss|move: Taunt
|move|p2a: Amoonguss|Foul Play|p1a: Yveltal
|-resisted|p1a: Yveltal
|-damage|p1a: Yveltal|46/100 brn
|
|-damage|p1a: Yveltal|40/100 brn|[from] brn
|upkeep
|turn|78
|
|t:|1621136876
|move|p1a: Yveltal|Roost|p1a: Yveltal
|-heal|p1a: Yveltal|90/100 brn
|-singleturn|p1a: Yveltal|move: Roost
|move|p2a: Amoonguss|Foul Play|p1a: Yveltal
|-resisted|p1a: Yveltal
|-crit|p1a: Yveltal
|-damage|p1a: Yveltal|66/100 brn
|
|-damage|p1a: Yveltal|60/100 brn|[from] brn
|upkeep
|turn|79
|
|t:|1621136882
|switch|p1a: Eternatus|Eternatus|77/100
|-damage|p1a: Eternatus|65/100|[from] Stealth Rock
|-ability|p1a: Eternatus|Pressure
|switch|p2a: Zygarde|Zygarde|80/100
|-damage|p2a: Zygarde|74/100|[from] Stealth Rock
|
|-heal|p1a: Eternatus|71/100|[from] item: Black Sludge
|-heal|p2a: Zygarde|80/100|[from] item: Leftovers
|upkeep
|turn|80
|
|t:|1621136887
|switch|p2a: Amoonguss|Amoonguss, M|89/100
|-damage|p2a: Amoonguss|76/100|[from] Stealth Rock
|move|p1a: Eternatus|Dragon Tail|p2a: Amoonguss
|-damage|p2a: Amoonguss|64/100
|drag|p2a: Chansey|Chansey, F|69/100
|-damage|p2a: Chansey|57/100|[from] Stealth Rock
|
|-heal|p1a: Eternatus|77/100|[from] item: Black Sludge
|upkeep
|turn|81
|
|t:|1621136892
|switch|p1a: Ditto|Ditto|88/100
|-damage|p1a: Ditto|76/100|[from] Stealth Rock
|-transform|p1a: Ditto|p2a: Chansey|[from] ability: Imposter
|move|p2a: Chansey|Soft-Boiled|p2a: Chansey
|-heal|p2a: Chansey|100/100
|
|upkeep
|turn|82
|
|t:|1621136894
|move|p1a: Ditto|Heal Bell|p1a: Ditto
|-activate|p1a: Ditto|move: Heal Bell
|-curestatus|p1: Yveltal|brn|[msg]
|move|p2a: Chansey|Seismic Toss|p1a: Ditto
|-damage|p1a: Ditto|42/100
|
|upkeep
|turn|83
|
|t:|1621136906
|switch|p1a: Yveltal|Yveltal|60/100
|-ability|p1a: Yveltal|Dark Aura
|switch|p2a: Zygarde|Zygarde|80/100
|-damage|p2a: Zygarde|74/100|[from] Stealth Rock
|
|-heal|p2a: Zygarde|80/100|[from] item: Leftovers
|upkeep
|turn|84
|
|t:|1621136912
|switch|p2a: Amoonguss|Amoonguss, M|98/100
|-damage|p2a: Amoonguss|85/100|[from] Stealth Rock
|move|p1a: Yveltal|Knock Off|p2a: Amoonguss
|-damage|p2a: Amoonguss|59/100
|
|upkeep
|turn|85
|
|t:|1621136915
|switch|p1a: Eternatus|Eternatus|77/100
|-damage|p1a: Eternatus|65/100|[from] Stealth Rock
|-ability|p1a: Eternatus|Pressure
|move|p2a: Amoonguss|Sludge Bomb|p1a: Eternatus
|-resisted|p1a: Eternatus
|-damage|p1a: Eternatus|54/100
|
|-heal|p1a: Eternatus|61/100|[from] item: Black Sludge
|upkeep
|turn|86
|
|t:|1621136919
|move|p1a: Eternatus|Dynamax Cannon|p2a: Amoonguss
|-damage|p2a: Amoonguss|14/100
|move|p2a: Amoonguss|Spore|p1a: Eternatus
|-status|p1a: Eternatus|slp|[from] move: Spore
|
|-heal|p1a: Eternatus|67/100 slp|[from] item: Black Sludge
|upkeep
|turn|87
|
|t:|1621136924
|switch|p2a: Zygarde|Zygarde|80/100
|-damage|p2a: Zygarde|74/100|[from] Stealth Rock
|cant|p1a: Eternatus|slp
|
|-heal|p1a: Eternatus|73/100 slp|[from] item: Black Sludge
|-heal|p2a: Zygarde|80/100|[from] item: Leftovers
|upkeep
|turn|88
|
|t:|1621136927
|switch|p1a: Lunala|Lunala|82/100
|switch|p2a: Tyranitar|Tyranitar, F|76/100 slp
|-weather|Sandstorm|[from] ability: Sand Stream|[of] p2a: Tyranitar
|
|-weather|Sandstorm|[upkeep]
|-damage|p1a: Lunala|76/100|[from] Sandstorm
|upkeep
|turn|89
|
|t:|1621136935
|switch|p1a: Eternatus|Eternatus|73/100 slp
|-damage|p1a: Eternatus|61/100 slp|[from] Stealth Rock
|-ability|p1a: Eternatus|Pressure
|switch|p2a: Zygarde|Zygarde|80/100
|-damage|p2a: Zygarde|74/100|[from] Stealth Rock
|
|-weather|Sandstorm|[upkeep]
|-damage|p1a: Eternatus|54/100 slp|[from] Sandstorm
|-heal|p1a: Eternatus|61/100 slp|[from] item: Black Sludge
|-heal|p2a: Zygarde|80/100|[from] item: Leftovers
|upkeep
|turn|90
|
|t:|1621136942
|switch|p1a: Lunala|Lunala|76/100
|switch|p2a: Tyranitar|Tyranitar, F|76/100 slp
|
|-weather|Sandstorm|[upkeep]
|-damage|p1a: Lunala|70/100|[from] Sandstorm
|upkeep
|turn|91
|
|t:|1621136948
|switch|p1a: Eternatus|Eternatus|61/100 slp
|-damage|p1a: Eternatus|48/100 slp|[from] Stealth Rock
|-ability|p1a: Eternatus|Pressure
|-curestatus|p2a: Tyranitar|slp|[msg]
|move|p2a: Tyranitar|Foul Play|p1a: Eternatus
|-damage|p1a: Eternatus|34/100 slp
|
|-weather|Sandstorm|[upkeep]
|-damage|p1a: Eternatus|28/100 slp|[from] Sandstorm
|-heal|p1a: Eternatus|34/100 slp|[from] item: Black Sludge
|upkeep
|turn|92
|
|t:|1621136952
|cant|p1a: Eternatus|slp
|move|p2a: Tyranitar|Rock Blast|p1a: Eternatus
|-damage|p1a: Eternatus|28/100 slp
|-damage|p1a: Eternatus|21/100 slp
|-hitcount|p1a: Eternatus|2
|
|-weather|none
|-heal|p1a: Eternatus|28/100 slp|[from] item: Black Sludge
|upkeep
|turn|93
|
|t:|1621136959
|cant|p1a: Eternatus|slp
|move|p2a: Tyranitar|Rock Blast|p1a: Eternatus
|-damage|p1a: Eternatus|21/100 slp
|-damage|p1a: Eternatus|15/100 slp
|-damage|p1a: Eternatus|7/100 slp
|-hitcount|p1a: Eternatus|3
|
|-heal|p1a: Eternatus|14/100 slp|[from] item: Black Sludge
|upkeep
|turn|94
|
|t:|1621136962
|switch|p2a: Amoonguss|Amoonguss, M|48/100
|-damage|p2a: Amoonguss|35/100|[from] Stealth Rock
|-curestatus|p1a: Eternatus|slp|[msg]
|move|p1a: Eternatus|Recover|p1a: Eternatus
|-heal|p1a: Eternatus|64/100
|
|-heal|p1a: Eternatus|70/100|[from] item: Black Sludge
|upkeep
|turn|95
|c|☆ULT8RQ Luna|GOD PLEASE
|
|t:|1621136967
|switch|p2a: Lunala|Lunala|88/100 brn
|move|p1a: Eternatus|Dragon Tail|p2a: Lunala
|-damage|p2a: Lunala|80/100 brn
|drag|p2a: Eternatus|Eternatus|95/100
|-damage|p2a: Eternatus|82/100|[from] Stealth Rock
|-ability|p2a: Eternatus|Pressure
|
|-heal|p1a: Eternatus|76/100|[from] item: Black Sludge
|upkeep
|turn|96
|
|t:|1621136972
|move|p2a: Eternatus|Recover|p2a: Eternatus
|-heal|p2a: Eternatus|100/100
|move|p1a: Eternatus|Dragon Tail|p2a: Eternatus
|-supereffective|p2a: Eternatus
|-damage|p2a: Eternatus|78/100
|drag|p2a: Tyranitar|Tyranitar, F|76/100
|-weather|Sandstorm|[from] ability: Sand Stream|[of] p2a: Tyranitar
|
|-weather|Sandstorm|[upkeep]
|-damage|p1a: Eternatus|70/100|[from] Sandstorm
|-heal|p1a: Eternatus|76/100|[from] item: Black Sludge
|upkeep
|turn|97
|
|t:|1621136978
|move|p1a: Eternatus|Toxic|p2a: Tyranitar
|-status|p2a: Tyranitar|tox
|move|p2a: Tyranitar|Foul Play|p1a: Eternatus
|-damage|p1a: Eternatus|62/100
|
|-weather|Sandstorm|[upkeep]
|-damage|p1a: Eternatus|56/100|[from] Sandstorm
|-heal|p1a: Eternatus|62/100|[from] item: Black Sludge
|-damage|p2a: Tyranitar|70/100 tox|[from] psn
|upkeep
|turn|98
|c| ULT8RQ Dionysus|ur getting weirdly passionate at 1/8th of the way through the match
|
|t:|1621136983
|move|p1a: Eternatus|Recover|p1a: Eternatus
|-heal|p1a: Eternatus|100/100
|move|p2a: Tyranitar|Rest|p2a: Tyranitar
|-status|p2a: Tyranitar|slp|[from] move: Rest
|-heal|p2a: Tyranitar|100/100 slp|[silent]
|
|-weather|Sandstorm|[upkeep]
|-damage|p1a: Eternatus|94/100|[from] Sandstorm
|-heal|p1a: Eternatus|100/100|[from] item: Black Sludge
|upkeep
|turn|99
|c|☆ULT8RQ Luna|i mean its a pivotal turn abe
|
|t:|1621137004
|switch|p1a: Ditto|Ditto|42/100
|-damage|p1a: Ditto|30/100|[from] Stealth Rock
|-transform|p1a: Ditto|p2a: Tyranitar|[from] ability: Imposter
|cant|p2a: Tyranitar|slp
|
|-weather|Sandstorm|[upkeep]
|upkeep
|turn|100
|
|t:|1621137008
|move|p1a: Ditto|Rest|p1a: Ditto
|-status|p1a: Ditto|slp|[from] move: Rest
|-heal|p1a: Ditto|100/100 slp|[silent]
|cant|p2a: Tyranitar|slp
|
|-weather|none
|upkeep
|turn|101
|
|t:|1621137012
|switch|p1a: Eternatus|Eternatus|100/100
|-damage|p1a: Eternatus|88/100|[from] Stealth Rock
|-ability|p1a: Eternatus|Pressure
|-curestatus|p2a: Tyranitar|slp|[msg]
|move|p2a: Tyranitar|Rock Blast|p1a: Eternatus
|-damage|p1a: Eternatus|80/100
|-damage|p1a: Eternatus|74/100
|-damage|p1a: Eternatus|67/100
|-hitcount|p1a: Eternatus|3
|
|-heal|p1a: Eternatus|73/100|[from] item: Black Sludge
|upkeep
|turn|102
|
|t:|1621137018
|move|p1a: Eternatus|Toxic|p2a: Tyranitar
|-status|p2a: Tyranitar|tox
|move|p2a: Tyranitar|Foul Play|p1a: Eternatus
|-damage|p1a: Eternatus|59/100
|
|-heal|p1a: Eternatus|65/100|[from] item: Black Sludge
|-damage|p2a: Tyranitar|94/100 tox|[from] psn
|upkeep
|turn|103
|
|t:|1621137032
|switch|p1a: Ditto|Ditto|100/100 slp
|-damage|p1a: Ditto|88/100 slp|[from] Stealth Rock
|-transform|p1a: Ditto|p2a: Tyranitar|[from] ability: Imposter
|-weather|Sandstorm|[from] ability: Sand Stream|[of] p1a: Ditto
|move|p2a: Tyranitar|Foul Play|p1a: Ditto
|-resisted|p1a: Ditto
|-damage|p1a: Ditto|65/100 slp
|
|-weather|Sandstorm|[upkeep]
|-damage|p2a: Tyranitar|82/100 tox|[from] psn
|upkeep
|turn|104
|
|t:|1621137037
|switch|p1a: Eternatus|Eternatus|65/100
|-damage|p1a: Eternatus|53/100|[from] Stealth Rock
|-ability|p1a: Eternatus|Pressure
|switch|p2a: Amoonguss|Amoonguss, M|69/100
|-damage|p2a: Amoonguss|56/100|[from] Stealth Rock
|
|-weather|Sandstorm|[upkeep]
|-damage|p1a: Eternatus|47/100|[from] Sandstorm
|-damage|p2a: Amoonguss|50/100|[from] Sandstorm
|-heal|p1a: Eternatus|53/100|[from] item: Black Sludge
|upkeep
|turn|105
|
|t:|1621137042
|switch|p2a: Tyranitar|Tyranitar, F|82/100 tox
|move|p1a: Eternatus|Dynamax Cannon|p2a: Tyranitar
|-damage|p2a: Tyranitar|62/100 tox
|
|-weather|Sandstorm|[upkeep]
|-damage|p1a: Eternatus|47/100|[from] Sandstorm
|-heal|p1a: Eternatus|53/100|[from] item: Black Sludge
|-damage|p2a: Tyranitar|56/100 tox|[from] psn
|upkeep
|turn|106
|
|t:|1621137053
|switch|p2a: Lunala|Lunala|80/100 brn
|move|p1a: Eternatus|Recover|p1a: Eternatus
|-heal|p1a: Eternatus|100/100
|
|-weather|Sandstorm|[upkeep]
|-damage|p1a: Eternatus|94/100|[from] Sandstorm
|-damage|p2a: Lunala|74/100 brn|[from] Sandstorm
|-heal|p1a: Eternatus|100/100|[from] item: Black Sludge
|-damage|p2a: Lunala|67/100 brn|[from] brn
|upkeep
|turn|107
|c|☆ULT8RQ Luna|rest should be -6 priority imo
|
|t:|1621137062
|switch|p1a: Blissey|Blissey, F|92/100
|-damage|p1a: Blissey|79/100|[from] Stealth Rock
|move|p2a: Lunala|Will-O-Wisp|p1a: Blissey
|-status|p1a: Blissey|brn
|
|-weather|none
|-damage|p2a: Lunala|61/100 brn|[from] brn
|-damage|p1a: Blissey|73/100 brn|[from] brn
|upkeep
|turn|108
|
|t:|1621137066
|move|p2a: Lunala|Will-O-Wisp|p1a: Blissey
|-fail|p1a: Blissey|brn
|move|p1a: Blissey|Aromatherapy|p1a: Blissey
|-activate|p1a: Blissey|move: Aromatherapy
|-curestatus|p1a: Blissey|brn|[msg]
|-curestatus|p1: Ditto|slp|[msg]
|
|-damage|p2a: Lunala|55/100 brn|[from] brn
|upkeep
|turn|109
|
|t:|1621137069
|move|p2a: Lunala|Roost|p2a: Lunala
|-heal|p2a: Lunala|100/100 brn
|-singleturn|p2a: Lunala|move: Roost
|move|p1a: Blissey|Confide|p2a: Lunala
|-unboost|p2a: Lunala|spa|1
|
|-damage|p2a: Lunala|94/100 brn|[from] brn
|upkeep
|turn|110
|
|t:|1621137076
|move|p2a: Lunala|Ice Beam|p1a: Blissey
|-damage|p1a: Blissey|68/100
|move|p1a: Blissey|Seismic Toss|p2a: Lunala
|-immune|p2a: Lunala
|
|-damage|p2a: Lunala|88/100 brn|[from] brn
|upkeep
|turn|111
|
|t:|1621137082
|switch|p2a: Amoonguss|Amoonguss, M|83/100
|-damage|p2a: Amoonguss|71/100|[from] Stealth Rock
|move|p1a: Blissey|Seismic Toss|p2a: Amoonguss
|-damage|p2a: Amoonguss|47/100
|
|upkeep
|turn|112
|
|t:|1621137087
|move|p1a: Blissey|Seismic Toss|p2a: Amoonguss
|-damage|p2a: Amoonguss|24/100
|move|p2a: Amoonguss|Spore|p1a: Blissey
|-status|p1a: Blissey|slp|[from] move: Spore
|
|upkeep
|turn|113
|
|t:|1621137092
|cant|p1a: Blissey|slp
|move|p2a: Amoonguss|Spore|p1a: Blissey
|-fail|p1a: Blissey|slp
|
|upkeep
|turn|114
|
|t:|1621137096
|switch|p2a: Zygarde|Zygarde|80/100
|-damage|p2a: Zygarde|74/100|[from] Stealth Rock
|cant|p1a: Blissey|slp
|
|-heal|p2a: Zygarde|80/100|[from] item: Leftovers
|upkeep
|turn|115
|
|t:|1621137104
|switch|p2a: Tyranitar|Tyranitar, F|56/100 tox
|-weather|Sandstorm|[from] ability: Sand Stream|[of] p2a: Tyranitar
|-curestatus|p1a: Blissey|slp|[msg]
|move|p1a: Blissey|Seismic Toss|p2a: Tyranitar
|-damage|p2a: Tyranitar|31/100 tox
|
|-weather|Sandstorm|[upkeep]
|-damage|p1a: Blissey|62/100|[from] Sandstorm
|-damage|p2a: Tyranitar|25/100 tox|[from] psn
|upkeep
|turn|116
|
|t:|1621137110
|move|p2a: Tyranitar|Rest|p2a: Tyranitar
|-status|p2a: Tyranitar|slp|[from] move: Rest
|-heal|p2a: Tyranitar|100/100 slp|[silent]
|move|p1a: Blissey|Seismic Toss|p2a: Tyranitar
|-damage|p2a: Tyranitar|76/100 slp
|
|-weather|Sandstorm|[upkeep]
|-damage|p1a: Blissey|56/100|[from] Sandstorm
|upkeep
|turn|117
|
|t:|1621137115
|cant|p2a: Tyranitar|slp
|move|p1a: Blissey|Soft-Boiled|p1a: Blissey
|-heal|p1a: Blissey|100/100
|
|-weather|Sandstorm|[upkeep]
|-damage|p1a: Blissey|94/100|[from] Sandstorm
|upkeep
|turn|118
|
|t:|1621137118
|switch|p1a: Necrozma|Necrozma-Dusk-Mane|76/100
|-damage|p1a: Necrozma|70/100|[from] Stealth Rock
|cant|p2a: Tyranitar|slp
|
|-weather|Sandstorm|[upkeep]
|upkeep
|turn|119
|
|t:|1621137124
|switch|p2a: Eternatus|Eternatus|78/100
|-damage|p2a: Eternatus|66/100|[from] Stealth Rock
|-ability|p2a: Eternatus|Pressure
|move|p1a: Necrozma|Toxic|p2a: Eternatus
|-immune|p2a: Eternatus
|
|-weather|none
|upkeep
|turn|120
|
|t:|1621137131
|switch|p1a: Blissey|Blissey, F|94/100
|-damage|p1a: Blissey|82/100|[from] Stealth Rock
|move|p2a: Eternatus|Sludge Bomb|p1a: Blissey
|-damage|p1a: Blissey|69/100
|-status|p1a: Blissey|psn
|
|-damage|p1a: Blissey|56/100 psn|[from] psn
|upkeep
|turn|121
|
|t:|1621137135
|switch|p2a: Amoonguss|Amoonguss, M|58/100
|-damage|p2a: Amoonguss|45/100|[from] Stealth Rock
|move|p1a: Blissey|Soft-Boiled|p1a: Blissey
|-heal|p1a: Blissey|100/100 psn
|
|-damage|p1a: Blissey|88/100 psn|[from] psn
|upkeep
|turn|122
|
|t:|1621137140
|switch|p2a: Zygarde|Zygarde|80/100
|-damage|p2a: Zygarde|74/100|[from] Stealth Rock
|move|p1a: Blissey|Seismic Toss|p2a: Zygarde
|-damage|p2a: Zygarde|50/100
|
|-heal|p2a: Zygarde|56/100|[from] item: Leftovers
|-damage|p1a: Blissey|76/100 psn|[from] psn
|upkeep
|turn|123
|
|t:|1621137146
|switch|p2a: Amoonguss|Amoonguss, M|79/100
|-damage|p2a: Amoonguss|66/100|[from] Stealth Rock
|-curestatus|p1a: Blissey|psn|[from] ability: Natural Cure
|switch|p1a: Lunala|Lunala|70/100
|
|upkeep
|turn|124
|
|t:|1621137151
|switch|p2a: Tyranitar|Tyranitar, F|76/100 slp
|-weather|Sandstorm|[from] ability: Sand Stream|[of] p2a: Tyranitar
|move|p1a: Lunala|Ice Beam|p2a: Tyranitar
|-damage|p2a: Tyranitar|64/100 slp
|
|-weather|Sandstorm|[upkeep]
|-damage|p1a: Lunala|64/100|[from] Sandstorm
|upkeep
|turn|125
|
|t:|1621137157
|switch|p1a: Eternatus|Eternatus|100/100
|-damage|p1a: Eternatus|88/100|[from] Stealth Rock
|-ability|p1a: Eternatus|Pressure
|switch|p2a: Zygarde|Zygarde|56/100
|-damage|p2a: Zygarde|50/100|[from] Stealth Rock
|
|-weather|Sandstorm|[upkeep]
|-damage|p1a: Eternatus|82/100|[from] Sandstorm
|-heal|p1a: Eternatus|88/100|[from] item: Black Sludge
|-heal|p2a: Zygarde|56/100|[from] item: Leftovers
|upkeep
|turn|126
|
|t:|1621137162
|switch|p2a: Tyranitar|Tyranitar, F|64/100 slp
|move|p1a: Eternatus|Dragon Tail|p2a: Tyranitar
|-damage|p2a: Tyranitar|52/100 slp
|drag|p2a: Zygarde|Zygarde|56/100
|-damage|p2a: Zygarde|50/100|[from] Stealth Rock
|
|-weather|Sandstorm|[upkeep]
|-damage|p1a: Eternatus|82/100|[from] Sandstorm
|-heal|p1a: Eternatus|88/100|[from] item: Black Sludge
|-heal|p2a: Zygarde|56/100|[from] item: Leftovers
|upkeep
|turn|127
|
|t:|1621137168
|switch|p2a: Amoonguss|Amoonguss, M|99/100
|-damage|p2a: Amoonguss|87/100|[from] Stealth Rock
|move|p1a: Eternatus|Dynamax Cannon|p2a: Amoonguss
|-damage|p2a: Amoonguss|38/100
|
|-weather|Sandstorm|[upkeep]
|-damage|p1a: Eternatus|82/100|[from] Sandstorm
|-damage|p2a: Amoonguss|32/100|[from] Sandstorm
|-heal|p1a: Eternatus|88/100|[from] item: Black Sludge
|upkeep
|turn|128
|
|t:|1621137173
|switch|p1a: Yveltal|Yveltal|60/100
|-ability|p1a: Yveltal|Dark Aura
|switch|p2a: Chansey|Chansey, F|100/100
|-damage|p2a: Chansey|88/100|[from] Stealth Rock
|
|-weather|none
|upkeep
|turn|129
|
|t:|1621137178
|switch|p2a: Eternatus|Eternatus|66/100
|-damage|p2a: Eternatus|53/100|[from] Stealth Rock
|-ability|p2a: Eternatus|Pressure
|move|p1a: Yveltal|Taunt|p2a: Eternatus
|-start|p2a: Eternatus|move: Taunt
|
|upkeep
|turn|130
|
|t:|1621137194
|move|p2a: Eternatus|Sludge Bomb|p1a: Yveltal
|-damage|p1a: Yveltal|32/100
|-status|p1a: Yveltal|psn
|move|p1a: Yveltal|Roost|p1a: Yveltal
|-heal|p1a: Yveltal|82/100 psn
|-singleturn|p1a: Yveltal|move: Roost
|
|-damage|p1a: Yveltal|70/100 psn|[from] psn
|upkeep
|turn|131
|
|t:|1621137198
|switch|p1a: Blissey|Blissey, F|76/100
|-damage|p1a: Blissey|63/100|[from] Stealth Rock
|move|p2a: Eternatus|Sludge Bomb|p1a: Blissey
|-damage|p1a: Blissey|51/100
|
|-end|p2a: Eternatus|move: Taunt
|upkeep
|turn|132
|
|t:|1621137202
|move|p2a: Eternatus|Recover|p2a: Eternatus
|-heal|p2a: Eternatus|100/100
|move|p1a: Blissey|Soft-Boiled|p1a: Blissey
|-heal|p1a: Blissey|100/100
|
|upkeep
|turn|133
|
|t:|1621137207
|switch|p2a: Zygarde|Zygarde|56/100
|-damage|p2a: Zygarde|50/100|[from] Stealth Rock
|move|p1a: Blissey|Seismic Toss|p2a: Zygarde
|-damage|p2a: Zygarde|25/100
|
|-heal|p2a: Zygarde|31/100|[from] item: Leftovers
|-activate|p2a: Zygarde|ability: Power Construct
|detailschange|p2a: Zygarde|Zygarde-Complete
|-heal|p2a: Zygarde|55/100|[silent]
|upkeep
|turn|134
|
|t:|1621137212
|switch|p1a: Lunala|Lunala|64/100
|move|p2a: Zygarde|Coil|p2a: Zygarde
|-boost|p2a: Zygarde|atk|1
|-boost|p2a: Zygarde|def|1
|-boost|p2a: Zygarde|accuracy|1
|
|-heal|p2a: Zygarde|61/100|[from] item: Leftovers
|upkeep
|turn|135
|
|t:|1621137222
|switch|p1a: Necrozma|Necrozma-Dusk-Mane|70/100
|-damage|p1a: Necrozma|64/100|[from] Stealth Rock
|switch|p2a: Lunala|Lunala|88/100 brn
|
|-damage|p2a: Lunala|82/100 brn|[from] brn
|upkeep
|turn|136
|
|t:|1621137228
|switch|p2a: Zygarde|Zygarde-Complete|61/100
|-damage|p2a: Zygarde|55/100|[from] Stealth Rock
|switch|p1a: Blissey|Blissey, F|100/100
|-damage|p1a: Blissey|88/100|[from] Stealth Rock
|
|-heal|p2a: Zygarde|61/100|[from] item: Leftovers
|upkeep
|turn|137
|
|t:|1621137233
|switch|p1a: Lunala|Lunala|64/100
|move|p2a: Zygarde|Coil|p2a: Zygarde
|-boost|p2a: Zygarde|atk|1
|-boost|p2a: Zygarde|def|1
|-boost|p2a: Zygarde|accuracy|1
|
|-heal|p2a: Zygarde|68/100|[from] item: Leftovers
|upkeep
|turn|138
|
|t:|1621137237
|switch|p2a: Tyranitar|Tyranitar, F|52/100 slp
|-weather|Sandstorm|[from] ability: Sand Stream|[of] p2a: Tyranitar
|move|p1a: Lunala|Ice Beam|p2a: Tyranitar
|-damage|p2a: Tyranitar|41/100 slp
|
|-weather|Sandstorm|[upkeep]
|-damage|p1a: Lunala|58/100|[from] Sandstorm
|upkeep
|turn|139
|
|t:|1621137243
|switch|p1a: Yveltal|Yveltal|70/100 psn
|-ability|p1a: Yveltal|Dark Aura
|-curestatus|p2a: Tyranitar|slp|[msg]
|move|p2a: Tyranitar|Rest|p2a: Tyranitar
|-status|p2a: Tyranitar|slp|[from] move: Rest
|-heal|p2a: Tyranitar|100/100 slp|[silent]
|
|-weather|Sandstorm|[upkeep]
|-damage|p1a: Yveltal|63/100 psn|[from] Sandstorm
|-damage|p1a: Yveltal|51/100 psn|[from] psn
|upkeep
|turn|140
|
|t:|1621137249
|switch|p2a: Amoonguss|Amoonguss, M|65/100
|-damage|p2a: Amoonguss|53/100|[from] Stealth Rock
|move|p1a: Yveltal|Roost|p1a: Yveltal
|-heal|p1a: Yveltal|100/100 psn
|-singleturn|p1a: Yveltal|move: Roost
|
|-weather|Sandstorm|[upkeep]
|-damage|p1a: Yveltal|94/100 psn|[from] Sandstorm
|-damage|p2a: Amoonguss|46/100|[from] Sandstorm
|-damage|p1a: Yveltal|82/100 psn|[from] psn
|upkeep
|turn|141
|
|t:|1621137253
|move|p1a: Yveltal|Taunt|p2a: Amoonguss
|-start|p2a: Amoonguss|move: Taunt
|move|p2a: Amoonguss|Foul Play|p1a: Yveltal
|-resisted|p1a: Yveltal
|-damage|p1a: Yveltal|65/100 psn
|
|-weather|Sandstorm|[upkeep]
|-damage|p1a: Yveltal|59/100 psn|[from] Sandstorm
|-damage|p2a: Amoonguss|40/100|[from] Sandstorm
|-damage|p1a: Yveltal|46/100 psn|[from] psn
|upkeep
|turn|142
|
|t:|1621137256
|move|p1a: Yveltal|Roost|p1a: Yveltal
|-heal|p1a: Yveltal|96/100 psn
|-singleturn|p1a: Yveltal|move: Roost
|move|p2a: Amoonguss|Foul Play|p1a: Yveltal
|-resisted|p1a: Yveltal
|-damage|p1a: Yveltal|80/100 psn
|
|-weather|none
|-damage|p1a: Yveltal|68/100 psn|[from] psn
|upkeep
|turn|143
|c| Based 4 Ghosters|aint nothing like stall
|
|t:|1621137262
|switch|p1a: Eternatus|Eternatus|88/100
|-damage|p1a: Eternatus|76/100|[from] Stealth Rock
|-ability|p1a: Eternatus|Pressure
|move|p2a: Amoonguss|Foul Play|p1a: Eternatus
|-damage|p1a: Eternatus|66/100
|
|-heal|p1a: Eternatus|73/100|[from] item: Black Sludge
|-end|p2a: Amoonguss|move: Taunt
|upkeep
|turn|144
|
|t:|1621137269
|switch|p1a: Blissey|Blissey, F|88/100
|-damage|p1a: Blissey|76/100|[from] Stealth Rock
|switch|p2a: Tyranitar|Tyranitar, F|100/100 slp
|-weather|Sandstorm|[from] ability: Sand Stream|[of] p2a: Tyranitar
|
|-weather|Sandstorm|[upkeep]
|-damage|p1a: Blissey|70/100|[from] Sandstorm
|upkeep
|turn|145
|
|t:|1621137272
|cant|p2a: Tyranitar|slp
|move|p1a: Blissey|Seismic Toss|p2a: Tyranitar
|-damage|p2a: Tyranitar|76/100 slp
|
|-weather|Sandstorm|[upkeep]
|-damage|p1a: Blissey|63/100|[from] Sandstorm
|upkeep
|turn|146
|
|t:|1621137280
|switch|p2a: Zygarde|Zygarde-Complete|68/100
|-damage|p2a: Zygarde|61/100|[from] Stealth Rock
|move|p1a: Blissey|Aromatherapy|p1a: Blissey
|-activate|p1a: Blissey|move: Aromatherapy
|-curestatus|p1: Yveltal|psn|[msg]
|
|-weather|Sandstorm|[upkeep]
|-damage|p1a: Blissey|57/100|[from] Sandstorm
|-heal|p2a: Zygarde|68/100|[from] item: Leftovers
|upkeep
|turn|147
|
|t:|1621137286
|switch|p1a: Lunala|Lunala|58/100
|move|p2a: Zygarde|Coil|p2a: Zygarde
|-boost|p2a: Zygarde|atk|1
|-boost|p2a: Zygarde|def|1
|-boost|p2a: Zygarde|accuracy|1
|
|-weather|Sandstorm|[upkeep]
|-damage|p1a: Lunala|52/100|[from] Sandstorm
|-heal|p2a: Zygarde|74/100|[from] item: Leftovers
|upkeep
|turn|148
|
|t:|1621137297
|switch|p2a: Eternatus|Eternatus|100/100
|-damage|p2a: Eternatus|88/100|[from] Stealth Rock
|-ability|p2a: Eternatus|Pressure
|move|p1a: Lunala|Ice Beam|p2a: Eternatus
|-supereffective|p2a: Eternatus
|-damage|p2a: Eternatus|57/100
|
|-weather|none
|upkeep
|turn|149
|
|t:|1621137302
|switch|p1a: Blissey|Blissey, F|57/100
|-damage|p1a: Blissey|45/100|[from] Stealth Rock
|move|p2a: Eternatus|Toxic|p1a: Blissey
|-status|p1a: Blissey|tox
|
|-damage|p1a: Blissey|39/100 tox|[from] psn
|upkeep
|turn|150
|
|t:|1621137307
|move|p2a: Eternatus|Recover|p2a: Eternatus
|-heal|p2a: Eternatus|100/100
|move|p1a: Blissey|Soft-Boiled|p1a: Blissey
|-heal|p1a: Blissey|89/100 tox
|
|-damage|p1a: Blissey|76/100 tox|[from] psn
|upkeep
|turn|151
|c| ULT8RQ Dionysus|//offerdraw?
|c|☆ULT8RQ Luna|a tempting prospect i cannot lie
|
|t:|1621137324
|switch|p2a: Zygarde|Zygarde-Complete|74/100
|-damage|p2a: Zygarde|68/100|[from] Stealth Rock
|-curestatus|p1a: Blissey|tox|[from] ability: Natural Cure
|switch|p1a: Eternatus|Eternatus|73/100
|-damage|p1a: Eternatus|60/100|[from] Stealth Rock
|-ability|p1a: Eternatus|Pressure
|
|-heal|p1a: Eternatus|66/100|[from] item: Black Sludge
|-heal|p2a: Zygarde|74/100|[from] item: Leftovers
|upkeep
|turn|152
|c|☆ULT8RQ fardin|er sorry but i see some win paths
|
|t:|1621137348
|switch|p2a: Amoonguss|Amoonguss, M|73/100
|-damage|p2a: Amoonguss|61/100|[from] Stealth Rock
|move|p1a: Eternatus|Dragon Tail|p2a: Amoonguss
|-damage|p2a: Amoonguss|50/100
|drag|p2a: Eternatus|Eternatus|100/100
|-damage|p2a: Eternatus|88/100|[from] Stealth Rock
|-ability|p2a: Eternatus|Pressure
|
|-heal|p1a: Eternatus|73/100|[from] item: Black Sludge
|upkeep
|turn|153
|
|t:|1621137357
|switch|p1a: Blissey|Blissey, F|76/100
|-damage|p1a: Blissey|64/100|[from] Stealth Rock
|move|p2a: Eternatus|Shadow Ball|p1a: Blissey
|-immune|p1a: Blissey
|
|upkeep
|turn|154
|
|t:|1621137363
|switch|p2a: Zygarde|Zygarde-Complete|74/100
|-damage|p2a: Zygarde|68/100|[from] Stealth Rock
|switch|p1a: Lunala|Lunala|52/100
|
|-heal|p2a: Zygarde|74/100|[from] item: Leftovers
|upkeep
|turn|155
|
|t:|1621137372
|switch|p1a: Yveltal|Yveltal|68/100
|-ability|p1a: Yveltal|Dark Aura
|switch|p2a: Tyranitar|Tyranitar, F|76/100 slp
|-weather|Sandstorm|[from] ability: Sand Stream|[of] p2a: Tyranitar
|
|-weather|Sandstorm|[upkeep]
|-damage|p1a: Yveltal|62/100|[from] Sandstorm
|upkeep
|turn|156
|
|t:|1621137378
|switch|p2a: Amoonguss|Amoonguss, M|84/100
|-damage|p2a: Amoonguss|71/100|[from] Stealth Rock
|move|p1a: Yveltal|Knock Off|p2a: Amoonguss
|-damage|p2a: Amoonguss|45/100
|
|-weather|Sandstorm|[upkeep]
|-damage|p1a: Yveltal|56/100|[from] Sandstorm
|-damage|p2a: Amoonguss|39/100|[from] Sandstorm
|upkeep
|turn|157
|
|t:|1621137389
|move|p1a: Yveltal|Knock Off|p2a: Amoonguss
|-damage|p2a: Amoonguss|14/100
|move|p2a: Amoonguss|Sludge Bomb|p1a: Yveltal
|-damage|p1a: Yveltal|38/100
|
|-weather|Sandstorm|[upkeep]
|-damage|p1a: Yveltal|32/100|[from] Sandstorm
|-damage|p2a: Amoonguss|8/100|[from] Sandstorm
|upkeep
|turn|158
|
|t:|1621137393
|switch|p2a: Eternatus|Eternatus|88/100
|-damage|p2a: Eternatus|76/100|[from] Stealth Rock
|-ability|p2a: Eternatus|Pressure
|move|p1a: Yveltal|Roost|p1a: Yveltal
|-heal|p1a: Yveltal|82/100
|-singleturn|p1a: Yveltal|move: Roost
|
|-weather|Sandstorm|[upkeep]
|-damage|p2a: Eternatus|69/100|[from] Sandstorm
|-damage|p1a: Yveltal|76/100|[from] Sandstorm
|upkeep
|turn|159
|
|t:|1621137398
|move|p2a: Eternatus|Sludge Bomb|p1a: Yveltal
|-damage|p1a: Yveltal|46/100
|move|p1a: Yveltal|Defog|p2a: Eternatus
|-unboost|p2a: Eternatus|evasion|1
|-sideend|p2: ULT8RQ fardin|Stealth Rock|[from] move: Defog|[of] p1a: Yveltal
|-sideend|p1: ULT8RQ Luna|Stealth Rock|[from] move: Defog|[of] p1a: Yveltal
|
|-weather|none
|upkeep
|turn|160
|
|t:|1621137403
|move|p2a: Eternatus|Toxic|p1a: Yveltal
|-status|p1a: Yveltal|tox
|move|p1a: Yveltal|Roost|p1a: Yveltal
|-heal|p1a: Yveltal|96/100 tox
|-singleturn|p1a: Yveltal|move: Roost
|
|-damage|p1a: Yveltal|90/100 tox|[from] psn
|upkeep
|turn|161
|
|t:|1621137408
|switch|p2a: Amoonguss|Amoonguss, M|41/100
|switch|p1a: Blissey|Blissey, F|64/100
|
|upkeep
|turn|162
|
|t:|1621137414
|switch|p1a: Ditto|Ditto|65/100
|-transform|p1a: Ditto|p2a: Amoonguss|[from] ability: Imposter
|switch|p2a: Tyranitar|Tyranitar, F|76/100 slp
|-weather|Sandstorm|[from] ability: Sand Stream|[of] p2a: Tyranitar
|
|-weather|Sandstorm|[upkeep]
|-damage|p1a: Ditto|59/100|[from] Sandstorm
|upkeep
|turn|163
|
|t:|1621137422
|switch|p1a: Necrozma|Necrozma-Dusk-Mane|64/100
|cant|p2a: Tyranitar|slp
|
|-weather|Sandstorm|[upkeep]
|upkeep
|turn|164
|
|t:|1621137427
|switch|p2a: Lunala|Lunala|82/100 brn
|move|p1a: Necrozma|Sunsteel Strike|p2a: Lunala
|-damage|p2a: Lunala|54/100 brn
|
|-weather|Sandstorm|[upkeep]
|-damage|p2a: Lunala|48/100 brn|[from] Sandstorm
|-damage|p2a: Lunala|42/100 brn|[from] brn
|upkeep
|turn|165
|
|t:|1621137432
|move|p2a: Lunala|Will-O-Wisp|p1a: Necrozma
|-status|p1a: Necrozma|brn
|move|p1a: Necrozma|Stealth Rock|p2a: Lunala
|-sidestart|p2: ULT8RQ fardin|move: Stealth Rock
|
|-weather|Sandstorm|[upkeep]
|-damage|p2a: Lunala|36/100 brn|[from] Sandstorm
|-damage|p2a: Lunala|30/100 brn|[from] brn
|-damage|p1a: Necrozma|58/100 brn|[from] brn
|upkeep
|turn|166
|
|t:|1621137438
|switch|p1a: Yveltal|Yveltal|90/100 tox
|-ability|p1a: Yveltal|Dark Aura
|move|p2a: Lunala|Roost|p2a: Lunala
|-heal|p2a: Lunala|80/100 brn
|-singleturn|p2a: Lunala|move: Roost
|
|-weather|none
|-damage|p1a: Yveltal|84/100 tox|[from] psn
|-damage|p2a: Lunala|74/100 brn|[from] brn
|upkeep
|turn|167
|
|t:|1621137443
|switch|p2a: Amoonguss|Amoonguss, M|74/100
|-damage|p2a: Amoonguss|62/100|[from] Stealth Rock
|move|p1a: Yveltal|Knock Off|p2a: Amoonguss
|-damage|p2a: Amoonguss|36/100
|
|-damage|p1a: Yveltal|72/100 tox|[from] psn
|upkeep
|turn|168
|
|t:|1621137448
|move|p1a: Yveltal|Knock Off|p2a: Amoonguss
|-damage|p2a: Amoonguss|8/100
|move|p2a: Amoonguss|Foul Play|p1a: Yveltal
|-resisted|p1a: Yveltal
|-damage|p1a: Yveltal|56/100 tox
|
|-damage|p1a: Yveltal|38/100 tox|[from] psn
|upkeep
|turn|169
|
|t:|1621137454
|switch|p2a: Eternatus|Eternatus|69/100
|-damage|p2a: Eternatus|57/100|[from] Stealth Rock
|-ability|p2a: Eternatus|Pressure
|move|p1a: Yveltal|Roost|p1a: Yveltal
|-heal|p1a: Yveltal|88/100 tox
|-singleturn|p1a: Yveltal|move: Roost
|
|-damage|p1a: Yveltal|63/100 tox|[from] psn
|upkeep
|turn|170
|
|t:|1621137458
|switch|p1a: Blissey|Blissey, F|64/100
|move|p2a: Eternatus|Recover|p2a: Eternatus
|-heal|p2a: Eternatus|100/100
|
|upkeep
|turn|171
|
|t:|1621137463
|switch|p2a: Lunala|Lunala|74/100 brn
|move|p1a: Blissey|Seismic Toss|p2a: Lunala
|-immune|p2a: Lunala
|
|-damage|p2a: Lunala|68/100 brn|[from] brn
|upkeep
|turn|172
|
|t:|1621137467
|move|p2a: Lunala|Defog|p1a: Blissey
|-unboost|p1a: Blissey|evasion|1
|-sideend|p2: ULT8RQ fardin|Stealth Rock|[from] move: Defog|[of] p2a: Lunala
|move|p1a: Blissey|Aromatherapy|p1a: Blissey
|-activate|p1a: Blissey|move: Aromatherapy
|-curestatus|p1: Yveltal|tox|[msg]
|-curestatus|p1: Necrozma|brn|[msg]
|
|-damage|p2a: Lunala|62/100 brn|[from] brn
|upkeep
|turn|173
|
|t:|1621137473
|move|p2a: Lunala|Roost|p2a: Lunala
|-heal|p2a: Lunala|100/100 brn
|-singleturn|p2a: Lunala|move: Roost
|move|p1a: Blissey|Confide|p2a: Lunala
|-unboost|p2a: Lunala|spa|1
|
|-damage|p2a: Lunala|94/100 brn|[from] brn
|upkeep
|turn|174
|
|t:|1621137477
|switch|p1a: Ditto|Ditto|92/100
|-transform|p1a: Ditto|p2a: Lunala|[from] ability: Imposter
|move|p2a: Lunala|Will-O-Wisp|p1a: Ditto
|-status|p1a: Ditto|brn
|
|-damage|p1a: Ditto|86/100 brn|[from] brn
|-damage|p2a: Lunala|88/100 brn|[from] brn
|upkeep
|turn|175
|
|t:|1621137484
|switch|p2a: Chansey|Chansey, F|88/100
|move|p1a: Ditto|Ice Beam|p2a: Chansey
|-damage|p2a: Chansey|83/100
|
|-damage|p1a: Ditto|80/100 brn|[from] brn
|upkeep
|turn|176
|
|t:|1621137492
|switch|p1a: Yveltal|Yveltal|63/100
|-ability|p1a: Yveltal|Dark Aura
|switch|p2a: Eternatus|Eternatus|100/100
|-ability|p2a: Eternatus|Pressure
|
|upkeep
|turn|177
|
|t:|1621137496
|switch|p2a: Amoonguss|Amoonguss, M|41/100
|switch|p1a: Blissey|Blissey, F|64/100
|
|upkeep
|turn|178
|
|t:|1621137503
|switch|p1a: Ditto|Ditto|80/100 brn
|-transform|p1a: Ditto|p2a: Amoonguss|[from] ability: Imposter
|move|p2a: Amoonguss|Spore|p1a: Ditto
|-immune|p1a: Ditto
|
|-damage|p1a: Ditto|74/100 brn|[from] brn
|upkeep
|turn|179
|
|t:|1621137506
|switch|p2a: Tyranitar|Tyranitar, F|76/100 slp
|-weather|Sandstorm|[from] ability: Sand Stream|[of] p2a: Tyranitar
|move|p1a: Ditto|Sludge Bomb|p2a: Tyranitar
|-resisted|p2a: Tyranitar
|-damage|p2a: Tyranitar|71/100 slp
|
|-weather|Sandstorm|[upkeep]
|-damage|p1a: Ditto|68/100 brn|[from] Sandstorm
|-damage|p1a: Ditto|62/100 brn|[from] brn
|upkeep
|turn|180
|
|t:|1621137510
|switch|p1a: Eternatus|Eternatus|73/100
|-ability|p1a: Eternatus|Pressure
|-curestatus|p2a: Tyranitar|slp|[msg]
|move|p2a: Tyranitar|Stealth Rock|p1a: Eternatus
|-sidestart|p1: ULT8RQ Luna|move: Stealth Rock
|
|-weather|Sandstorm|[upkeep]
|-damage|p1a: Eternatus|66/100|[from] Sandstorm
|-heal|p1a: Eternatus|73/100|[from] item: Black Sludge
|upkeep
|turn|181
|
|t:|1621137516
|switch|p2a: Amoonguss|Amoonguss, M|75/100
|move|p1a: Eternatus|Toxic|p2a: Amoonguss
|-immune|p2a: Amoonguss
|
|-weather|Sandstorm|[upkeep]
|-damage|p1a: Eternatus|66/100|[from] Sandstorm
|-damage|p2a: Amoonguss|68/100|[from] Sandstorm
|-heal|p1a: Eternatus|73/100|[from] item: Black Sludge
|upkeep
|turn|182
|
|t:|1621137522
|switch|p1a: Blissey|Blissey, F|64/100
|-damage|p1a: Blissey|52/100|[from] Stealth Rock
|switch|p2a: Eternatus|Eternatus|100/100
|-ability|p2a: Eternatus|Pressure
|
|-weather|Sandstorm|[upkeep]
|-damage|p2a: Eternatus|94/100|[from] Sandstorm
|-damage|p1a: Blissey|45/100|[from] Sandstorm
|upkeep
|turn|183
|
|t:|1621137526
|switch|p2a: Zygarde|Zygarde-Complete|74/100
|move|p1a: Blissey|Soft-Boiled|p1a: Blissey
|-heal|p1a: Blissey|95/100
|
|-weather|none
|-heal|p2a: Zygarde|80/100|[from] item: Leftovers
|upkeep
|turn|184
|
|t:|1621137531
|switch|p1a: Lunala|Lunala|52/100
|move|p2a: Zygarde|Coil|p2a: Zygarde
|-boost|p2a: Zygarde|atk|1
|-boost|p2a: Zygarde|def|1
|-boost|p2a: Zygarde|accuracy|1
|
|-heal|p2a: Zygarde|86/100|[from] item: Leftovers
|upkeep
|turn|185
|
|t:|1621137536
|switch|p2a: Chansey|Chansey, F|83/100
|move|p1a: Lunala|Ice Beam|p2a: Chansey
|-damage|p2a: Chansey|76/100
|
|upkeep
|turn|186
|
|t:|1621137541
|switch|p2a: Amoonguss|Amoonguss, M|100/100
|move|p1a: Lunala|Roost|p1a: Lunala
|-heal|p1a: Lunala|100/100
|-singleturn|p1a: Lunala|move: Roost
|
|upkeep
|turn|187
|
|t:|1621137546
|switch|p2a: Tyranitar|Tyranitar, F|71/100
|-weather|Sandstorm|[from] ability: Sand Stream|[of] p2a: Tyranitar
|move|p1a: Lunala|Will-O-Wisp|p2a: Tyranitar
|-status|p2a: Tyranitar|brn
|
|-weather|Sandstorm|[upkeep]
|-damage|p1a: Lunala|94/100|[from] Sandstorm
|-damage|p2a: Tyranitar|64/100 brn|[from] brn
|upkeep
|turn|188
|
|t:|1621137553
|switch|p1a: Necrozma|Necrozma-Dusk-Mane|58/100
|-damage|p1a: Necrozma|52/100|[from] Stealth Rock
|switch|p2a: Amoonguss|Amoonguss, M|100/100
|
|-weather|Sandstorm|[upkeep]
|-damage|p2a: Amoonguss|94/100|[from] Sandstorm
|upkeep
|turn|189
|
|t:|1621137556
|move|p1a: Necrozma|Stealth Rock|p2a: Amoonguss
|-sidestart|p2: ULT8RQ fardin|move: Stealth Rock
|move|p2a: Amoonguss|Foul Play|p1a: Necrozma
|-supereffective|p1a: Necrozma
|-damage|p1a: Necrozma|29/100
|
|-weather|Sandstorm|[upkeep]
|-damage|p2a: Amoonguss|88/100|[from] Sandstorm
|upkeep
|turn|190
|
|t:|1621137563
|move|p1a: Necrozma|Moonlight|p1a: Necrozma
|-heal|p1a: Necrozma|54/100
|move|p2a: Amoonguss|Foul Play|p1a: Necrozma
|-supereffective|p1a: Necrozma
|-damage|p1a: Necrozma|30/100
|
|-weather|Sandstorm|[upkeep]
|-damage|p2a: Amoonguss|82/100|[from] Sandstorm
|upkeep
|turn|191
|
|t:|1621137566
|switch|p1a: Blissey|Blissey, F|95/100
|-damage|p1a: Blissey|83/100|[from] Stealth Rock
|move|p2a: Amoonguss|Foul Play|p1a: Blissey
|-damage|p1a: Blissey|81/100
|
|-weather|none
|upkeep
|turn|192
|
|t:|1621137573
|switch|p1a: Yveltal|Yveltal|63/100
|-ability|p1a: Yveltal|Dark Aura
|move|p2a: Amoonguss|Foul Play|p1a: Yveltal
|-resisted|p1a: Yveltal
|-damage|p1a: Yveltal|47/100
|
|upkeep
|turn|193
|
|t:|1621137576
|switch|p1a: Eternatus|Eternatus|73/100
|-damage|p1a: Eternatus|60/100|[from] Stealth Rock
|-ability|p1a: Eternatus|Pressure
|move|p2a: Amoonguss|Sludge Bomb|p1a: Eternatus
|-resisted|p1a: Eternatus
|-damage|p1a: Eternatus|48/100
|
|-heal|p1a: Eternatus|55/100|[from] item: Black Sludge
|upkeep
|turn|194
|
|t:|1621137584
|switch|p2a: Zygarde|Zygarde-Complete|86/100
|-damage|p2a: Zygarde|80/100|[from] Stealth Rock
|move|p1a: Eternatus|Dragon Tail|p2a: Zygarde
|-supereffective|p2a: Zygarde
|-damage|p2a: Zygarde|69/100
|drag|p2a: Amoonguss|Amoonguss, M|100/100
|-damage|p2a: Amoonguss|88/100|[from] Stealth Rock
|
|-heal|p1a: Eternatus|61/100|[from] item: Black Sludge
|upkeep
|turn|195
|
|t:|1621137593
|switch|p1a: Blissey|Blissey, F|81/100
|-damage|p1a: Blissey|69/100|[from] Stealth Rock
|move|p2a: Amoonguss|Spore|p1a: Blissey
|-status|p1a: Blissey|slp|[from] move: Spore
|
|upkeep
|turn|196
|
|t:|1621137599
|switch|p2a: Zygarde|Zygarde-Complete|69/100
|-damage|p2a: Zygarde|63/100|[from] Stealth Rock
|cant|p1a: Blissey|slp
|
|-heal|p2a: Zygarde|69/100|[from] item: Leftovers
|upkeep
|turn|197
|
|t:|1621137603
|-curestatus|p1a: Blissey|slp|[from] ability: Natural Cure
|switch|p1a: Lunala|Lunala|94/100
|move|p2a: Zygarde|Coil|p2a: Zygarde
|-boost|p2a: Zygarde|atk|1
|-boost|p2a: Zygarde|def|1
|-boost|p2a: Zygarde|accuracy|1
|
|-heal|p2a: Zygarde|75/100|[from] item: Leftovers
|upkeep
|turn|198
|
|t:|1621137608
|switch|p2a: Lunala|Lunala|88/100 brn
|move|p1a: Lunala|Roar|p2a: Lunala
|drag|p2a: Eternatus|Eternatus|94/100
|-damage|p2a: Eternatus|82/100|[from] Stealth Rock
|-ability|p2a: Eternatus|Pressure
|
|upkeep
|turn|199
|
|t:|1621137614
|switch|p2a: Lunala|Lunala|88/100 brn
|switch|p1a: Blissey|Blissey, F|69/100
|-damage|p1a: Blissey|56/100|[from] Stealth Rock
|
|-damage|p2a: Lunala|82/100 brn|[from] brn
|upkeep
|turn|200
|
|t:|1621137618
|switch|p1a: Ditto|Ditto|95/100 brn
|-damage|p1a: Ditto|83/100 brn|[from] Stealth Rock
|-transform|p1a: Ditto|p2a: Lunala|[from] ability: Imposter
|move|p2a: Lunala|Defog|p1a: Ditto
|-unboost|p1a: Ditto|evasion|1
|-sideend|p1: ULT8RQ Luna|Stealth Rock|[from] move: Defog|[of] p2a: Lunala
|-sideend|p2: ULT8RQ fardin|Stealth Rock|[from] move: Defog|[of] p2a: Lunala
|
|-damage|p1a: Ditto|77/100 brn|[from] brn
|-damage|p2a: Lunala|76/100 brn|[from] brn
|upkeep
|turn|201
|
|t:|1621137628
|switch|p1a: Necrozma|Necrozma-Dusk-Mane|30/100
|switch|p2a: Chansey|Chansey, F|76/100
|
|upkeep
|turn|202
|
|t:|1621137633
|move|p1a: Necrozma|Moonlight|p1a: Necrozma
|-heal|p1a: Necrozma|80/100
|move|p2a: Chansey|Seismic Toss|p1a: Necrozma
|-damage|p1a: Necrozma|55/100
|
|upkeep
|turn|203
|
|t:|1621137637
|move|p1a: Necrozma|Stealth Rock|p2a: Chansey
|-sidestart|p2: ULT8RQ fardin|move: Stealth Rock
|move|p2a: Chansey|Seismic Toss|p1a: Necrozma
|-damage|p1a: Necrozma|29/100
|
|upkeep
|turn|204
|
|t:|1621137643
|move|p1a: Necrozma|Moonlight|p1a: Necrozma
|-heal|p1a: Necrozma|79/100
|move|p2a: Chansey|Seismic Toss|p1a: Necrozma
|-damage|p1a: Necrozma|54/100
|
|upkeep
|turn|205
|
|t:|1621137647
|switch|p1a: Lunala|Lunala|94/100
|move|p2a: Chansey|Seismic Toss|p1a: Lunala
|-immune|p1a: Lunala
|
|upkeep
|turn|206
|
|t:|1621137653
|switch|p1a: Ditto|Ditto|77/100 brn
|-transform|p1a: Ditto|p2a: Chansey|[from] ability: Imposter
|move|p2a: Chansey|Seismic Toss|p1a: Ditto
|-damage|p1a: Ditto|44/100 brn
|
|-damage|p1a: Ditto|38/100 brn|[from] brn
|upkeep
|turn|207
|
|t:|1621137657
|switch|p2a: Lunala|Lunala|76/100 brn
|move|p1a: Ditto|Soft-Boiled|p1a: Ditto
|-heal|p1a: Ditto|88/100 brn
|
|-damage|p2a: Lunala|70/100 brn|[from] brn
|-damage|p1a: Ditto|82/100 brn|[from] brn
|upkeep
|turn|208
|j| Chrollo#7303
|
|t:|1621137663
|switch|p1a: Blissey|Blissey, F|56/100
|move|p2a: Lunala|Defog|p1a: Blissey
|-unboost|p1a: Blissey|evasion|1
|-sideend|p2: ULT8RQ fardin|Stealth Rock|[from] move: Defog|[of] p2a: Lunala
|
|-damage|p2a: Lunala|64/100 brn|[from] brn
|upkeep
|turn|209
|
|t:|1621137668
|switch|p2a: Tyranitar|Tyranitar, F|64/100 brn
|-weather|Sandstorm|[from] ability: Sand Stream|[of] p2a: Tyranitar
|move|p1a: Blissey|Seismic Toss|p2a: Tyranitar
|-damage|p2a: Tyranitar|40/100 brn
|
|-weather|Sandstorm|[upkeep]
|-damage|p1a: Blissey|50/100|[from] Sandstorm
|-damage|p2a: Tyranitar|33/100 brn|[from] brn
|upkeep
|turn|210
|
|t:|1621137673
|move|p2a: Tyranitar|Rest|p2a: Tyranitar
|-status|p2a: Tyranitar|slp|[from] move: Rest
|-heal|p2a: Tyranitar|100/100 slp|[silent]
|move|p1a: Blissey|Seismic Toss|p2a: Tyranitar
|-damage|p2a: Tyranitar|76/100 slp
|
|-weather|Sandstorm|[upkeep]
|-damage|p1a: Blissey|44/100|[from] Sandstorm
|upkeep
|turn|211
|j| us9 gojoo
|
|t:|1621137676
|cant|p2a: Tyranitar|slp
|move|p1a: Blissey|Soft-Boiled|p1a: Blissey
|-heal|p1a: Blissey|94/100
|
|-weather|Sandstorm|[upkeep]
|-damage|p1a: Blissey|88/100|[from] Sandstorm
|upkeep
|turn|212
|
|t:|1621137678
|switch|p1a: Necrozma|Necrozma-Dusk-Mane|54/100
|cant|p2a: Tyranitar|slp
|
|-weather|Sandstorm|[upkeep]
|upkeep
|turn|213
|
|t:|1621137683
|switch|p2a: Lunala|Lunala|64/100 brn
|move|p1a: Necrozma|Sunsteel Strike|p2a: Lunala
|-damage|p2a: Lunala|36/100 brn
|
|-weather|none
|-damage|p2a: Lunala|30/100 brn|[from] brn
|upkeep
|turn|214
|
|t:|1621137687
|move|p2a: Lunala|Roost|p2a: Lunala
|-heal|p2a: Lunala|80/100 brn
|-singleturn|p2a: Lunala|move: Roost
|move|p1a: Necrozma|Stealth Rock|p2a: Lunala
|-sidestart|p2: ULT8RQ fardin|move: Stealth Rock
|
|-damage|p2a: Lunala|74/100 brn|[from] brn
|upkeep
|turn|215
|
|t:|1621137689
|switch|p1a: Eternatus|Eternatus|61/100
|-ability|p1a: Eternatus|Pressure
|move|p2a: Lunala|Defog|p1a: Eternatus
|-unboost|p1a: Eternatus|evasion|1
|-sideend|p2: ULT8RQ fardin|Stealth Rock|[from] move: Defog|[of] p2a: Lunala
|
|-heal|p1a: Eternatus|67/100|[from] item: Black Sludge
|-damage|p2a: Lunala|68/100 brn|[from] brn
|upkeep
|turn|216
|
|t:|1621137694
|switch|p1a: Ditto|Ditto|82/100
|-transform|p1a: Ditto|p2a: Lunala|[from] ability: Imposter
|move|p2a: Lunala|Will-O-Wisp|p1a: Ditto
|-status|p1a: Ditto|brn
|
|-damage|p1a: Ditto|76/100 brn|[from] brn
|-damage|p2a: Lunala|62/100 brn|[from] brn
|upkeep
|turn|217
|c| Chrollo#7303|turn 200+?
|j| Bird Eye View
|
|t:|1621137703
|switch|p1a: Blissey|Blissey, F|88/100
|switch|p2a: Tyranitar|Tyranitar, F|76/100 slp
|-weather|Sandstorm|[from] ability: Sand Stream|[of] p2a: Tyranitar
|
|-weather|Sandstorm|[upkeep]
|-damage|p1a: Blissey|82/100|[from] Sandstorm
|upkeep
|turn|218
|
|t:|1621137708
|switch|p1a: Eternatus|Eternatus|67/100
|-ability|p1a: Eternatus|Pressure
|-curestatus|p2a: Tyranitar|slp|[msg]
|move|p2a: Tyranitar|Foul Play|p1a: Eternatus
|-damage|p1a: Eternatus|51/100
|
|-weather|Sandstorm|[upkeep]
|-damage|p1a: Eternatus|45/100|[from] Sandstorm
|-heal|p1a: Eternatus|51/100|[from] item: Black Sludge
|upkeep
|turn|219
|
|t:|1621137713
|switch|p2a: Eternatus|Eternatus|82/100
|-ability|p2a: Eternatus|Pressure
|move|p1a: Eternatus|Toxic|p2a: Eternatus
|-immune|p2a: Eternatus
|
|-weather|Sandstorm|[upkeep]
|-damage|p1a: Eternatus|45/100|[from] Sandstorm
|-damage|p2a: Eternatus|76/100|[from] Sandstorm
|-heal|p1a: Eternatus|51/100|[from] item: Black Sludge
|upkeep
|turn|220
|j| OmenKid
|
|t:|1621137717
|switch|p2a: Amoonguss|Amoonguss, M|100/100
|move|p1a: Eternatus|Recover|p1a: Eternatus
|-heal|p1a: Eternatus|100/100
|
|-weather|Sandstorm|[upkeep]
|-damage|p1a: Eternatus|94/100|[from] Sandstorm
|-damage|p2a: Amoonguss|94/100|[from] Sandstorm
|-heal|p1a: Eternatus|100/100|[from] item: Black Sludge
|upkeep
|turn|221
|c| BasedWhat?|this is just the beginning
|
|t:|1621137723
|switch|p1a: Blissey|Blissey, F|82/100
|move|p2a: Amoonguss|Spore|p1a: Blissey
|-status|p1a: Blissey|slp|[from] move: Spore
|
|-weather|none
|upkeep
|turn|222
|c|☆ULT8RQ Luna|^
|c|☆ULT8RQ Luna|sadly so/
|
|t:|1621137733
|switch|p2a: Tyranitar|Tyranitar, F|76/100
|-weather|Sandstorm|[from] ability: Sand Stream|[of] p2a: Tyranitar
|cant|p1a: Blissey|slp
|
|-weather|Sandstorm|[upkeep]
|-damage|p1a: Blissey|75/100 slp|[from] Sandstorm
|upkeep
|turn|223
|
|t:|1621137739
|-curestatus|p1a: Blissey|slp|[from] ability: Natural Cure
|switch|p1a: Eternatus|Eternatus|100/100
|-ability|p1a: Eternatus|Pressure
|move|p2a: Tyranitar|Stealth Rock|p1a: Eternatus
|-sidestart|p1: ULT8RQ Luna|move: Stealth Rock
|
|-weather|Sandstorm|[upkeep]
|-damage|p1a: Eternatus|94/100|[from] Sandstorm
|-heal|p1a: Eternatus|100/100|[from] item: Black Sludge
|upkeep
|turn|224
|j| ULT8RQ KB
|c| OmenKid|200 turn uber game
|
|t:|1621137747
|switch|p2a: Amoonguss|Amoonguss, M|100/100
|move|p1a: Eternatus|Dragon Tail|p2a: Amoonguss
|-damage|p2a: Amoonguss|88/100
|drag|p2a: Eternatus|Eternatus|76/100
|-ability|p2a: Eternatus|Pressure
|
|-weather|Sandstorm|[upkeep]
|-damage|p1a: Eternatus|94/100|[from] Sandstorm
|-damage|p2a: Eternatus|69/100|[from] Sandstorm
|-heal|p1a: Eternatus|100/100|[from] item: Black Sludge
|upkeep
|turn|225
|c| OmenKid|:skull:
|c| Based 4 Ghosters|if played optimally
|c| Based 4 Ghosters|this can easily go to 1000 turns
|
|t:|1621137759
|switch|p1a: Necrozma|Necrozma-Dusk-Mane|54/100
|-damage|p1a: Necrozma|48/100|[from] Stealth Rock
|move|p2a: Eternatus|Recover|p2a: Eternatus
|-heal|p2a: Eternatus|100/100
|
|-weather|Sandstorm|[upkeep]
|-damage|p2a: Eternatus|94/100|[from] Sandstorm
|upkeep
|turn|226
|
|t:|1621137767
|switch|p1a: Blissey|Blissey, F|75/100
|-damage|p1a: Blissey|63/100|[from] Stealth Rock
|move|p2a: Eternatus|Shadow Ball|p1a: Blissey
|-immune|p1a: Blissey
|
|-weather|none
|upkeep
|turn|227
|
|t:|1621137775
|switch|p2a: Zygarde|Zygarde-Complete|75/100
|switch|p1a: Eternatus|Eternatus|100/100
|-damage|p1a: Eternatus|88/100|[from] Stealth Rock
|-ability|p1a: Eternatus|Pressure
|
|-heal|p1a: Eternatus|94/100|[from] item: Black Sludge
|-heal|p2a: Zygarde|82/100|[from] item: Leftovers
|upkeep
|turn|228
|j| Anokana
|
|t:|1621137780
|switch|p2a: Eternatus|Eternatus|94/100
|-ability|p2a: Eternatus|Pressure
|move|p1a: Eternatus|Toxic|p2a: Eternatus
|-immune|p2a: Eternatus
|
|-heal|p1a: Eternatus|100/100|[from] item: Black Sludge
|upkeep
|turn|229
|
|t:|1621137789
|switch|p1a: Ditto|Ditto|76/100 brn
|-damage|p1a: Ditto|63/100 brn|[from] Stealth Rock
|-transform|p1a: Ditto|p2a: Eternatus|[from] ability: Imposter
|-ability|p1a: Ditto|Pressure
|switch|p2a: Amoonguss|Amoonguss, M|100/100
|
|-damage|p1a: Ditto|57/100 brn|[from] brn
|upkeep
|turn|230
|l| ULT8RQ KB
|
|t:|1621137798
|switch|p2a: Zygarde|Zygarde-Complete|82/100
|move|p1a: Ditto|Recover|p1a: Ditto
|-heal|p1a: Ditto|100/100 brn
|
|-heal|p2a: Zygarde|88/100|[from] item: Leftovers
|-damage|p1a: Ditto|94/100 brn|[from] brn
|upkeep
|turn|231
ULT8RQ Luna is offering a tie.
|c|☆ULT8RQ Luna|:heart:
ULT8RQ fardin rejected the tie.
|c|☆ULT8RQ Luna|i tried
|c|☆ULT8RQ fardin|soz i have a plan
|l| mc56556
|
|t:|1621137813
|switch|p1a: Lunala|Lunala|94/100
|move|p2a: Zygarde|Coil|p2a: Zygarde
|-boost|p2a: Zygarde|atk|1
|-boost|p2a: Zygarde|def|1
|-boost|p2a: Zygarde|accuracy|1
|
|-heal|p2a: Zygarde|94/100|[from] item: Leftovers
|upkeep
|turn|232
|
|t:|1621137820
|switch|p2a: Eternatus|Eternatus|94/100
|-ability|p2a: Eternatus|Pressure
|move|p1a: Lunala|Ice Beam|p2a: Eternatus
|-supereffective|p2a: Eternatus
|-damage|p2a: Eternatus|64/100
|
|upkeep
|turn|233
|
|t:|1621137826
|move|p2a: Eternatus|Toxic|p1a: Lunala
|-status|p1a: Lunala|tox
|move|p1a: Lunala|Ice Beam|p2a: Eternatus
|-supereffective|p2a: Eternatus
|-damage|p2a: Eternatus|33/100
|
|-damage|p1a: Lunala|88/100 tox|[from] psn
|upkeep
|turn|234
|
|t:|1621137830
|switch|p1a: Blissey|Blissey, F|63/100
|-damage|p1a: Blissey|51/100|[from] Stealth Rock
|move|p2a: Eternatus|Recover|p2a: Eternatus
|-heal|p2a: Eternatus|83/100
|
|upkeep
|turn|235
|
|t:|1621137836
|switch|p2a: Zygarde|Zygarde-Complete|94/100
|move|p1a: Blissey|Soft-Boiled|p1a: Blissey
|-heal|p1a: Blissey|100/100
|
|-heal|p2a: Zygarde|100/100|[from] item: Leftovers
|upkeep
|turn|236
|
|t:|1621137840
|switch|p1a: Lunala|Lunala|88/100 tox
|move|p2a: Zygarde|Coil|p2a: Zygarde
|-boost|p2a: Zygarde|atk|1
|-boost|p2a: Zygarde|def|1
|-boost|p2a: Zygarde|accuracy|1
|
|-damage|p1a: Lunala|82/100 tox|[from] psn
|upkeep
|turn|237
|
|t:|1621137846
|move|p1a: Lunala|Will-O-Wisp|p2a: Zygarde
|-status|p2a: Zygarde|brn
|move|p2a: Zygarde|Coil|p2a: Zygarde
|-boost|p2a: Zygarde|atk|1
|-boost|p2a: Zygarde|def|1
|-boost|p2a: Zygarde|accuracy|1
|
|-damage|p1a: Lunala|70/100 tox|[from] psn
|-damage|p2a: Zygarde|94/100 brn|[from] brn
|upkeep
|turn|238
|
|t:|1621137858
|move|p1a: Lunala|Will-O-Wisp|p2a: Zygarde
|-fail|p2a: Zygarde|brn
|move|p2a: Zygarde|Rest|p2a: Zygarde
|-status|p2a: Zygarde|slp|[from] move: Rest
|-heal|p2a: Zygarde|100/100 slp|[silent]
|
|-damage|p1a: Lunala|52/100 tox|[from] psn
|upkeep
|turn|239
|
|t:|1621137863
|switch|p1a: Yveltal|Yveltal|47/100
|-ability|p1a: Yveltal|Dark Aura
|cant|p2a: Zygarde|slp
|
|upkeep
|turn|240
|
|t:|1621137867
|move|p1a: Yveltal|Roost|p1a: Yveltal
|-heal|p1a: Yveltal|97/100
|-singleturn|p1a: Yveltal|move: Roost
|cant|p2a: Zygarde|slp
|
|upkeep
|turn|241
|
|t:|1621137874
|move|p1a: Yveltal|Taunt|p2a: Zygarde
|-start|p2a: Zygarde|move: Taunt
|-curestatus|p2a: Zygarde|slp|[msg]
|cant|p2a: Zygarde|move: Taunt|Coil
|
|upkeep
|turn|242
|
|t:|1621137880
|move|p1a: Yveltal|Knock Off|p2a: Zygarde
|-damage|p2a: Zygarde|91/100
|-enditem|p2a: Zygarde|Leftovers|[from] move: Knock Off|[of] p1a: Yveltal
|move|p2a: Zygarde|Scale Shot|p1a: Yveltal
|-damage|p1a: Yveltal|83/100
|-damage|p1a: Yveltal|66/100
|-hitcount|p1a: Yveltal|2
|-unboost|p2a: Zygarde|def|1
|-boost|p2a: Zygarde|spe|1
|
|upkeep
|turn|243
|inactive|ULT8RQ Luna has 120 seconds left.
|c| Chrollo#7303|please drag it till 420 or 666
|c| Anokana|LOL
|
|t:|1621137916
|switch|p1a: Ditto|Ditto|94/100 brn
|-damage|p1a: Ditto|82/100 brn|[from] Stealth Rock
|-transform|p1a: Ditto|p2a: Zygarde|[from] ability: Imposter
|move|p2a: Zygarde|Scale Shot|p1a: Ditto
|-supereffective|p1a: Ditto
|-damage|p1a: Ditto|64/100 brn
|-supereffective|p1a: Ditto
|-damage|p1a: Ditto|46/100 brn
|-hitcount|p1a: Ditto|2
|-unboost|p2a: Zygarde|def|1
|-boost|p2a: Zygarde|spe|1
|
|-damage|p1a: Ditto|40/100 brn|[from] brn
|-end|p2a: Zygarde|move: Taunt
|upkeep
|turn|244
|
|t:|1621137924
|move|p1a: Ditto|Rest|p1a: Ditto
|-status|p1a: Ditto|slp|[from] move: Rest
|-heal|p1a: Ditto|100/100 slp|[silent]
|move|p2a: Zygarde|Thousand Waves|p1a: Ditto
|-damage|p1a: Ditto|70/100 slp
|-activate|p1a: Ditto|trapped
|
|upkeep
|turn|245
|c|☆ULT8RQ Luna|GG
|c| Anokana|gg
|c|☆ULT8RQ fardin|gg
|c|☆ULT8RQ Luna|GGG
|c|☆ULT8RQ Luna|GGG
|inactive|ULT8RQ Luna has 90 seconds left.
|c|☆ULT8RQ Luna|GG
|c|☆ULT8RQ Luna|G
|c|☆ULT8RQ Luna|G
|c|☆ULT8RQ Luna|GG
|-message|ULT8RQ Luna forfeited.
|
|win|ULT8RQ fardin
|raw|ULT8RQ Luna's rating: 1742 &rarr; <strong>1726</strong><br />(-16 for losing)
|raw|ULT8RQ fardin's rating: 1805 &rarr; <strong>1821</strong><br />(+16 for winning)
|l|☆ULT8RQ Luna
|c| us9 gojoo|Cringe
|l| Bird Eye View
|l| ULT8RQ Dionysus
