|j|☆Certifiied
|j|☆clout XD
|t:|1618140257
|gametype|singles
|player|p1|Certifiied|2|1302
|player|p2|clout XD|battlegirl-gen4|1332
|teamsize|p1|6
|teamsize|p2|6
|gen|8
|tier|[Gen 8] Ubers
|rated|
|clearpoke
|poke|p1|Kyogre|
|poke|p1|Yveltal|
|poke|p1|Cinderace, F|
|poke|p1|Darmanitan-Galar, M|
|poke|p1|Xerneas|
|poke|p1|Calyrex-Shadow|
|poke|p2|Necrozma-Dusk-Mane|
|poke|p2|Yveltal|
|poke|p2|Cinderace, F|
|poke|p2|Dracovish|
|poke|p2|Marshadow|
|poke|p2|Lugia|
|rule|Sleep Clause Mod: Limit one foe put to sleep
|rule|Species Clause: Limit one of each Pokémon
|rule|OHKO Clause: OHKO moves are banned
|rule|Evasion Moves Clause: Evasion moves are banned
|rule|Endless Battle Clause: Forcing endless battles is banned
|rule|HP Percentage Mod: HP is shown in percentages
|rule|Dynamax Clause: You cannot dynamax
|teampreview
|inactive|Battle timer is ON: inactive players will automatically lose when time's up. (requested by Certifiied)
|
|t:|1618140273
|start
|switch|p1a: Cinderace|Cinderace, F|100/100
|switch|p2a: Cinderace|Cinderace, F|100/100
|turn|1
|
|t:|1618140285
|move|p1a: Cinderace|High Jump Kick|p2a: Cinderace
|-start|p1a: Cinderace|typechange|Fighting|[from] ability: Libero
|-damage|p2a: Cinderace|0 fnt
|-damage|p1a: Cinderace|91/100|[from] item: Life Orb
|faint|p2a: Cinderace
|
|upkeep
|c|☆clout XD|:o
|
|t:|1618140304
|switch|p2a: Dracovish|Dracovish|100/100
|turn|2
|
|t:|1618140310
|move|p1a: Cinderace|High Jump Kick|p2a: Dracovish
|-damage|p2a: Dracovish|10/100
|-damage|p1a: Cinderace|81/100|[from] item: Life Orb
|move|p2a: Dracovish|Fishious Rend|p1a: Cinderace
|-damage|p1a: Cinderace|0 fnt
|faint|p1a: Cinderace
|
|upkeep
|
|t:|1618140325
|switch|p1a: Yveltal|Yveltal|100/100
|-ability|p1a: Yveltal|Dark Aura
|turn|3
|
|t:|1618140333
|move|p1a: Yveltal|Sucker Punch|p2a: Dracovish
|-damage|p2a: Dracovish|0 fnt
|-damage|p1a: Yveltal|91/100|[from] item: Life Orb
|faint|p2a: Dracovish
|
|upkeep
|
|t:|1618140341
|switch|p2a: Necrozma|Necrozma-Dusk-Mane|100/100
|turn|4
|
|t:|1618140348
|move|p1a: Yveltal|Taunt|p2a: Necrozma
|-start|p2a: Necrozma|move: Taunt
|move|p2a: Necrozma|Stone Edge|p1a: Yveltal
|-supereffective|p1a: Yveltal
|-damage|p1a: Yveltal|16/100
|
|upkeep
|turn|5
|
|t:|1618140357
|move|p1a: Yveltal|Knock Off|p2a: Necrozma
|-supereffective|p2a: Necrozma
|-damage|p2a: Necrozma|0 fnt
|-enditem|p2a: Necrozma|Weakness Policy|[from] move: Knock Off|[of] p1a: Yveltal
|-damage|p1a: Yveltal|6/100|[from] item: Life Orb
|faint|p2a: Necrozma
|
|upkeep
|
|t:|1618140365
|switch|p2a: Marshadow|Marshadow|100/100
|turn|6
|
|t:|1618140369
|move|p2a: Marshadow|Shadow Sneak|p1a: Yveltal
|-resisted|p1a: Yveltal
|-damage|p1a: Yveltal|0 fnt
|faint|p1a: Yveltal
|
|upkeep
|
|t:|1618140379
|switch|p1a: Kyogre|Kyogre|100/100
|-weather|RainDance|[from] ability: Drizzle|[of] p1a: Kyogre
|turn|7
|inactive|Certifiied has 120 seconds left.
|l|☆Certifiied
|inactive|Certifiied disconnected and has a minute to reconnect!
|player|p1|
|inactive|Certifiied has 30 seconds to reconnect!
|j|☆Certifiied
|inactive|Certifiied reconnected and has 85 seconds left.
|player|p1|Certifiied|2
|
|t:|1618140446
|switch|p2a: Lugia|Lugia|100/100
|move|p1a: Kyogre|Water Spout|p2a: Lugia
|-damage|p2a: Lugia|62/100
|
|-weather|RainDance|[upkeep]
|upkeep
|turn|8
|inactive|Certifiied has 90 seconds left.
|
|t:|1618140473
|switch|p1a: Darmanitan|Darmanitan-Galar, M|100/100
|move|p2a: Lugia|Toxic|p1a: Darmanitan
|-status|p1a: Darmanitan|tox
|
|-weather|RainDance|[upkeep]
|-damage|p1a: Darmanitan|95/100 tox|[from] psn
|upkeep
|turn|9
|
|t:|1618140484
|move|p1a: Darmanitan|Icicle Crash|p2a: Lugia
|-supereffective|p2a: Lugia
|-damage|p2a: Lugia|0 fnt
|faint|p2a: Lugia
|
|-weather|RainDance|[upkeep]
|-damage|p1a: Darmanitan|83/100 tox|[from] psn
|upkeep
|inactive|clout XD has 120 seconds left.
|
|t:|1618140506
|switch|p2a: Yveltal|Yveltal|100/100
|-ability|p2a: Yveltal|Dark Aura
|turn|10
|
|t:|1618140514
|move|p1a: Darmanitan|Icicle Crash|p2a: Yveltal
|-supereffective|p2a: Yveltal
|-damage|p2a: Yveltal|0 fnt
|faint|p2a: Yveltal
|
|-weather|RainDance|[upkeep]
|-damage|p1a: Darmanitan|65/100 tox|[from] psn
|upkeep
|
|t:|1618140522
|switch|p2a: Marshadow|Marshadow|100/100
|turn|11
|
|t:|1618140527
|move|p1a: Darmanitan|Icicle Crash|p2a: Marshadow
|-damage|p2a: Marshadow|7/100
|move|p2a: Marshadow|Close Combat|p1a: Darmanitan
|-supereffective|p1a: Darmanitan
|-damage|p1a: Darmanitan|0 fnt
|-unboost|p2a: Marshadow|def|1
|-unboost|p2a: Marshadow|spd|1
|faint|p1a: Darmanitan
|
|-weather|none
|upkeep
|inactive|Certifiied has 120 seconds left.
|
|t:|1618140534
|switch|p1a: Kyogre|Kyogre|100/100
|-weather|RainDance|[from] ability: Drizzle|[of] p1a: Kyogre
|turn|12
|
|t:|1618140543
|move|p2a: Marshadow|Shadow Sneak|p1a: Kyogre
|-damage|p1a: Kyogre|65/100
|move|p1a: Kyogre|Water Spout|p2a: Marshadow
|-damage|p2a: Marshadow|0 fnt
|faint|p2a: Marshadow
|
|win|Certifiied
|raw|Certifiied's rating: 1302 &rarr; <strong>1324</strong><br />(+22 for winning)
|raw|clout XD's rating: 1332 &rarr; <strong>1310</strong><br />(-22 for losing)
