|j|☆TogeBirlHQ
|j|☆vgcfgvhbjnkm
|t:|1658943874
|gametype|singles
|player|p1|TogeBirlHQ|jogger|1441
|player|p2|vgcfgvhbjnkm|169|1304
|teamsize|p1|6
|teamsize|p2|6
|gen|8
|tier|[Gen 8] Ubers
|rated|
|rule|Sleep Clause Mod: Limit one foe put to sleep
|rule|Species Clause: Limit one of each Pokémon
|rule|OHKO Clause: OHKO moves are banned
|rule|Evasion Moves Clause: Evasion moves are banned
|rule|Endless Battle Clause: Forcing endless battles is banned
|rule|HP Percentage Mod: HP is shown in percentages
|rule|Dynamax Clause: You cannot dynamax
|clearpoke
|poke|p1|Blissey, F|
|poke|p1|Ho-Oh|
|poke|p1|Toxapex, F|
|poke|p1|Quagsire, M|
|poke|p1|Ferrothorn, M|
|poke|p1|Tyranitar, F|
|poke|p2|Calyrex-Shadow|
|poke|p2|Eternatus|
|poke|p2|Yveltal|
|poke|p2|Necrozma-Dusk-Mane|
|poke|p2|Marshadow|
|poke|p2|Ho-Oh|
|teampreview
|
|t:|1658943888
|start
|switch|p1a: Toxapex|Toxapex, F|100/100
|switch|p2a: Yveltal|Yveltal|100/100
|-ability|p2a: Yveltal|Dark Aura
|turn|1
|
|t:|1658943895
|move|p2a: Yveltal|Hone Claws|p2a: Yveltal
|-boost|p2a: Yveltal|atk|1
|-boost|p2a: Yveltal|accuracy|1
|move|p1a: Toxapex|Knock Off|p2a: Yveltal
|-resisted|p2a: Yveltal
|-crit|p2a: Yveltal
|-damage|p2a: Yveltal|88/100
|-enditem|p2a: Yveltal|Black Glasses|[from] move: Knock Off|[of] p1a: Toxapex
|
|upkeep
|turn|2
|
|t:|1658943902
|move|p2a: Yveltal|Knock Off|p1a: Toxapex
|-crit|p1a: Toxapex
|-damage|p1a: Toxapex|29/100
|move|p1a: Toxapex|Haze|p1a: Toxapex
|-clearallboost
|
|upkeep
|turn|3
|
|t:|1658943915
|switch|p1a: Ferrothorn|Ferrothorn, M|100/100
|move|p2a: Yveltal|Knock Off|p1a: Ferrothorn
|-damage|p1a: Ferrothorn|60/100
|-damage|p2a: Yveltal|75/100|[from] ability: Iron Barbs|[of] p1a: Ferrothorn
|-damage|p2a: Yveltal|59/100|[from] item: Rocky Helmet|[of] p1a: Ferrothorn
|-enditem|p1a: Ferrothorn|Rocky Helmet|[from] move: Knock Off|[of] p2a: Yveltal
|
|upkeep
|turn|4
|
|t:|1658943933
|switch|p1a: Toxapex|Toxapex, F|62/100
|move|p2a: Yveltal|Hone Claws|p2a: Yveltal
|-boost|p2a: Yveltal|atk|1
|-boost|p2a: Yveltal|accuracy|1
|
|upkeep
|turn|5
|
|t:|1658943947
|switch|p1a: Quagsire|Quagsire, M|100/100
|move|p2a: Yveltal|Knock Off|p1a: Quagsire
|-damage|p1a: Quagsire|45/100
|-enditem|p1a: Quagsire|Leftovers|[from] move: Knock Off|[of] p2a: Yveltal
|
|upkeep
|turn|6
|
|t:|1658943953
|move|p2a: Yveltal|Knock Off|p1a: Quagsire
|-damage|p1a: Quagsire|11/100
|move|p1a: Quagsire|Recover|p1a: Quagsire
|-heal|p1a: Quagsire|61/100
|
|upkeep
|turn|7
|
|t:|1658943961
|switch|p2a: Eternatus|Eternatus|100/100
|-ability|p2a: Eternatus|Pressure
|move|p1a: Quagsire|Recover|p1a: Quagsire
|-heal|p1a: Quagsire|100/100
|
|upkeep
|turn|8
|
|t:|1658943967
|switch|p1a: Blissey|Blissey, F|100/100
|move|p2a: Eternatus|Toxic|p1a: Blissey
|-status|p1a: Blissey|tox
|
|-damage|p1a: Blissey|94/100 tox|[from] psn
|upkeep
|turn|9
|
|t:|1658943977
|move|p2a: Eternatus|Dynamax Cannon|p1a: Blissey
|-damage|p1a: Blissey|80/100 tox
|move|p1a: Blissey|Wish|p1a: Blissey
|
|-damage|p1a: Blissey|68/100 tox|[from] psn
|upkeep
|turn|10
|
|t:|1658943985
|switch|p2a: Ho-Oh|Ho-Oh|100/100
|-curestatus|p1a: Blissey|tox|[from] ability: Natural Cure
|switch|p1a: Toxapex|Toxapex, F|96/100
|
|-heal|p1a: Toxapex|100/100|[from] move: Wish|[wisher] Blissey
|upkeep
|turn|11
|
|t:|1658943993
|switch|p2a: Necrozma|Necrozma-Dusk-Mane|100/100
|move|p1a: Toxapex|Knock Off|p2a: Necrozma
|-supereffective|p2a: Necrozma
|-damage|p2a: Necrozma|85/100
|-enditem|p2a: Necrozma|Leftovers|[from] move: Knock Off|[of] p1a: Toxapex
|
|upkeep
|turn|12
|
|t:|1658943998
|switch|p1a: Quagsire|Quagsire, M|100/100
|move|p2a: Necrozma|Stealth Rock|p1a: Quagsire
|-sidestart|p1: TogeBirlHQ|move: Stealth Rock
|
|upkeep
|turn|13
|
|t:|1658944014
|switch|p2a: Eternatus|Eternatus|100/100
|-ability|p2a: Eternatus|Pressure
|move|p1a: Quagsire|Earthquake|p2a: Eternatus
|-supereffective|p2a: Eternatus
|-damage|p2a: Eternatus|57/100
|
|upkeep
|turn|14
|
|t:|1658944023
|switch|p1a: Blissey|Blissey, F|68/100
|-damage|p1a: Blissey|56/100|[from] Stealth Rock
|move|p2a: Eternatus|Dynamax Cannon|p1a: Blissey
|-damage|p1a: Blissey|42/100
|
|upkeep
|turn|15
|
|t:|1658944031
|switch|p2a: Calyrex|Calyrex-Shadow|100/100
|-ability|p2a: Calyrex|As One
|-ability|p2a: Calyrex|Unnerve
|move|p1a: Blissey|Soft-Boiled|p1a: Blissey
|-heal|p1a: Blissey|92/100
|
|upkeep
|turn|16
|
|t:|1658944036
|switch|p1a: Tyranitar|Tyranitar, F|100/100
|-damage|p1a: Tyranitar|88/100|[from] Stealth Rock
|-weather|Sandstorm|[from] ability: Sand Stream|[of] p1a: Tyranitar
|move|p2a: Calyrex|Nasty Plot|p2a: Calyrex
|-boost|p2a: Calyrex|spa|2
|
|-weather|Sandstorm|[upkeep]
|-damage|p2a: Calyrex|94/100|[from] Sandstorm
|upkeep
|turn|17
|
|t:|1658944047
|switch|p2a: Eternatus|Eternatus|57/100
|-ability|p2a: Eternatus|Pressure
|move|p1a: Tyranitar|Foul Play|p2a: Eternatus
|-damage|p2a: Eternatus|41/100
|
|-weather|Sandstorm|[upkeep]
|-damage|p2a: Eternatus|35/100|[from] Sandstorm
|upkeep
|turn|18
|
|t:|1658944057
|switch|p1a: Toxapex|Toxapex, F|100/100
|-damage|p1a: Toxapex|88/100|[from] Stealth Rock
|move|p2a: Eternatus|Recover|p2a: Eternatus
|-heal|p2a: Eternatus|85/100
|
|-weather|Sandstorm|[upkeep]
|-damage|p2a: Eternatus|79/100|[from] Sandstorm
|-damage|p1a: Toxapex|82/100|[from] Sandstorm
|upkeep
|turn|19
|inactive|Battle timer is ON: inactive players will automatically lose when time's up. (requested by vgcfgvhbjnkm)
|
|t:|1658944064
|move|p2a: Eternatus|Dynamax Cannon|p1a: Toxapex
|-damage|p1a: Toxapex|39/100
|move|p1a: Toxapex|Scald|p2a: Eternatus
|-resisted|p2a: Eternatus
|-damage|p2a: Eternatus|74/100
|
|-weather|Sandstorm|[upkeep]
|-damage|p2a: Eternatus|68/100|[from] Sandstorm
|-damage|p1a: Toxapex|34/100|[from] Sandstorm
|upkeep
|turn|20
|
|t:|1658944072
|switch|p2a: Marshadow|Marshadow|100/100
|switch|p1a: Blissey|Blissey, F|92/100
|-damage|p1a: Blissey|79/100|[from] Stealth Rock
|
|-weather|none
|upkeep
|turn|21
|
|t:|1658944080
|switch|p1a: Toxapex|Toxapex, F|67/100
|-damage|p1a: Toxapex|55/100|[from] Stealth Rock
|move|p2a: Marshadow|Rock Tomb|p1a: Toxapex
|-damage|p1a: Toxapex|29/100
|-unboost|p1a: Toxapex|spe|1
|-damage|p2a: Marshadow|91/100|[from] item: Life Orb
|
|upkeep
|turn|22
|
|t:|1658944092
|switch|p1a: Ho-Oh|Ho-Oh|100/100
|move|p2a: Marshadow|Spectral Thief|p1a: Ho-Oh
|-damage|p1a: Ho-Oh|60/100
|-damage|p2a: Marshadow|81/100|[from] item: Life Orb
|
|upkeep
|turn|23
|
|t:|1658944106
|switch|p1a: Quagsire|Quagsire, M|100/100
|-damage|p1a: Quagsire|94/100|[from] Stealth Rock
|move|p2a: Marshadow|Rock Tomb|p1a: Quagsire
|-resisted|p1a: Quagsire
|-damage|p1a: Quagsire|80/100
|-unboost|p1a: Quagsire|spe|1
|-damage|p2a: Marshadow|71/100|[from] item: Life Orb
|
|upkeep
|turn|24
|
|t:|1658944127
|switch|p2a: Calyrex|Calyrex-Shadow|94/100
|-ability|p2a: Calyrex|As One
|-ability|p2a: Calyrex|Unnerve
|move|p1a: Quagsire|Recover|p1a: Quagsire
|-heal|p1a: Quagsire|100/100
|
|upkeep
|turn|25
|
|t:|1658944139
|switch|p1a: Ho-Oh|Ho-Oh|93/100
|move|p2a: Calyrex|Astral Barrage|p1a: Ho-Oh
|-damage|p1a: Ho-Oh|51/100
|
|upkeep
|turn|26
|
|t:|1658944146
|move|p2a: Calyrex|Astral Barrage|p1a: Ho-Oh
|-damage|p1a: Ho-Oh|8/100
|move|p1a: Ho-Oh|Defog|p2a: Calyrex
|-unboost|p2a: Calyrex|evasion|1
|-sideend|p1: TogeBirlHQ|Stealth Rock|[from] move: Defog|[of] p1a: Ho-Oh
|
|upkeep
|turn|27
|
|t:|1658944153
|switch|p2a: Necrozma|Necrozma-Dusk-Mane|85/100
|switch|p1a: Tyranitar|Tyranitar, F|88/100
|-weather|Sandstorm|[from] ability: Sand Stream|[of] p1a: Tyranitar
|
|-weather|Sandstorm|[upkeep]
|upkeep
|turn|28
|
|t:|1658944156
|switch|p1a: Ho-Oh|Ho-Oh|41/100
|move|p2a: Necrozma|Stealth Rock|p1a: Ho-Oh
|-sidestart|p1: TogeBirlHQ|move: Stealth Rock
|
|-weather|Sandstorm|[upkeep]
|-damage|p1a: Ho-Oh|35/100|[from] Sandstorm
|upkeep
|turn|29
|
|t:|1658944163
|switch|p1a: Quagsire|Quagsire, M|100/100
|-damage|p1a: Quagsire|94/100|[from] Stealth Rock
|move|p2a: Necrozma|Photon Geyser|p1a: Quagsire
|-damage|p1a: Quagsire|45/100
|
|-weather|Sandstorm|[upkeep]
|upkeep
|turn|30
|
|t:|1658944177
|move|p2a: Necrozma|Photon Geyser|p1a: Quagsire
|-damage|p1a: Quagsire|0 fnt
|faint|p1a: Quagsire
|
|-weather|Sandstorm|[upkeep]
|upkeep
|
|t:|1658944184
|switch|p1a: Ferrothorn|Ferrothorn, M|60/100
|-damage|p1a: Ferrothorn|54/100|[from] Stealth Rock
|turn|31
|
|t:|1658944188
|switch|p2a: Ho-Oh|Ho-Oh|100/100
|move|p1a: Ferrothorn|Leech Seed|p2a: Ho-Oh
|-start|p2a: Ho-Oh|move: Leech Seed
|
|-weather|none
|-damage|p2a: Ho-Oh|88/100|[from] Leech Seed|[of] p1a: Ferrothorn
|-heal|p1a: Ferrothorn|68/100|[silent]
|upkeep
|turn|32
|
|t:|1658944194
|switch|p1a: Ho-Oh|Ho-Oh|68/100
|move|p2a: Ho-Oh|Sacred Fire|p1a: Ho-Oh
|-resisted|p1a: Ho-Oh
|-damage|p1a: Ho-Oh|54/100
|
|-damage|p2a: Ho-Oh|76/100|[from] Leech Seed|[of] p1a: Ho-Oh
|-heal|p1a: Ho-Oh|66/100|[silent]
|upkeep
|turn|33
|
|t:|1658944203
|move|p1a: Ho-Oh|Defog|p2a: Ho-Oh
|-unboost|p2a: Ho-Oh|evasion|1
|-sideend|p1: TogeBirlHQ|Stealth Rock|[from] move: Defog|[of] p1a: Ho-Oh
|move|p2a: Ho-Oh|Thunder Wave|p1a: Ho-Oh
|-status|p1a: Ho-Oh|par
|
|-damage|p2a: Ho-Oh|64/100|[from] Leech Seed|[of] p1a: Ho-Oh
|-heal|p1a: Ho-Oh|78/100 par|[silent]
|upkeep
|turn|34
|
|t:|1658944212
|switch|p2a: Eternatus|Eternatus|68/100
|-ability|p2a: Eternatus|Pressure
|move|p1a: Ho-Oh|Sacred Fire|p2a: Eternatus
|-resisted|p2a: Eternatus
|-damage|p2a: Eternatus|53/100
|-status|p2a: Eternatus|brn
|
|-damage|p2a: Eternatus|47/100 brn|[from] brn
|upkeep
|turn|35
|
|t:|1658944219
|switch|p1a: Toxapex|Toxapex, F|62/100
|move|p2a: Eternatus|Toxic|p1a: Toxapex
|-immune|p1a: Toxapex
|
|-damage|p2a: Eternatus|41/100 brn|[from] brn
|upkeep
|turn|36
|
|t:|1658944227
|move|p2a: Eternatus|Recover|p2a: Eternatus
|-heal|p2a: Eternatus|91/100 brn
|move|p1a: Toxapex|Recover|p1a: Toxapex
|-heal|p1a: Toxapex|100/100
|
|-damage|p2a: Eternatus|84/100 brn|[from] brn
|upkeep
|turn|37
|
|t:|1658944236
|switch|p1a: Ho-Oh|Ho-Oh|100/100 par
|move|p2a: Eternatus|Dynamax Cannon|p1a: Ho-Oh
|-damage|p1a: Ho-Oh|75/100 par
|
|-damage|p2a: Eternatus|78/100 brn|[from] brn
|upkeep
|turn|38
|
|t:|1658944249
|switch|p1a: Toxapex|Toxapex, F|100/100
|move|p2a: Eternatus|Dynamax Cannon|p1a: Toxapex
|-damage|p1a: Toxapex|64/100
|
|-damage|p2a: Eternatus|72/100 brn|[from] brn
|upkeep
|turn|39
|
|t:|1658944255
|switch|p2a: Marshadow|Marshadow|71/100
|switch|p1a: Ho-Oh|Ho-Oh|100/100 par
|
|upkeep
|turn|40
|
|t:|1658944259
|switch|p1a: Toxapex|Toxapex, F|97/100
|move|p2a: Marshadow|Rock Tomb|p1a: Toxapex
|-damage|p1a: Toxapex|74/100
|-unboost|p1a: Toxapex|spe|1
|-damage|p2a: Marshadow|61/100|[from] item: Life Orb
|
|upkeep
|turn|41
|
|t:|1658944265
|switch|p2a: Necrozma|Necrozma-Dusk-Mane|85/100
|move|p1a: Toxapex|Scald|p2a: Necrozma
|-damage|p2a: Necrozma|71/100
|
|upkeep
|turn|42
|
|t:|1658944271
|switch|p1a: Ferrothorn|Ferrothorn, M|68/100
|move|p2a: Necrozma|Stealth Rock|p1a: Ferrothorn
|-sidestart|p1: TogeBirlHQ|move: Stealth Rock
|
|upkeep
|turn|43
|
|t:|1658944285
|switch|p2a: Ho-Oh|Ho-Oh|97/100
|switch|p1a: Ho-Oh|Ho-Oh|100/100 par
|
|upkeep
|turn|44
|
|t:|1658944294
|switch|p2a: Yveltal|Yveltal|59/100
|-ability|p2a: Yveltal|Dark Aura
|move|p1a: Ho-Oh|Defog|p2a: Yveltal
|-unboost|p2a: Yveltal|evasion|1
|-sideend|p1: TogeBirlHQ|Stealth Rock|[from] move: Defog|[of] p1a: Ho-Oh
|
|upkeep
|turn|45
|
|t:|1658944300
|switch|p1a: Toxapex|Toxapex, F|100/100
|move|p2a: Yveltal|Knock Off|p1a: Toxapex
|-damage|p1a: Toxapex|70/100
|
|upkeep
|turn|46
|
|t:|1658944305
|move|p2a: Yveltal|Hone Claws|p2a: Yveltal
|-boost|p2a: Yveltal|atk|1
|-boost|p2a: Yveltal|accuracy|1
|move|p1a: Toxapex|Scald|p2a: Yveltal
|-damage|p2a: Yveltal|45/100
|
|upkeep
|turn|47
|
|t:|1658944314
|move|p2a: Yveltal|Knock Off|p1a: Toxapex
|-damage|p1a: Toxapex|25/100
|move|p1a: Toxapex|Recover|p1a: Toxapex
|-heal|p1a: Toxapex|75/100
|
|upkeep
|turn|48
|
|t:|1658944320
|move|p2a: Yveltal|Hone Claws|p2a: Yveltal
|-boost|p2a: Yveltal|atk|1
|-boost|p2a: Yveltal|accuracy|1
|move|p1a: Toxapex|Scald|p2a: Yveltal
|-damage|p2a: Yveltal|32/100
|-status|p2a: Yveltal|brn
|
|-damage|p2a: Yveltal|26/100 brn|[from] brn
|upkeep
|turn|49
|
|t:|1658944328
|move|p2a: Yveltal|Hone Claws|p2a: Yveltal
|-boost|p2a: Yveltal|atk|1
|-boost|p2a: Yveltal|accuracy|1
|move|p1a: Toxapex|Haze|p1a: Toxapex
|-clearallboost
|
|-damage|p2a: Yveltal|20/100 brn|[from] brn
|upkeep
|turn|50
|
|t:|1658944333
|move|p2a: Yveltal|Roost|p2a: Yveltal
|-heal|p2a: Yveltal|70/100 brn
|-singleturn|p2a: Yveltal|move: Roost
|move|p1a: Toxapex|Scald|p2a: Yveltal
|-damage|p2a: Yveltal|56/100 brn
|
|-damage|p2a: Yveltal|50/100 brn|[from] brn
|upkeep
|turn|51
|
|t:|1658944344
|switch|p2a: Necrozma|Necrozma-Dusk-Mane|71/100
|move|p1a: Toxapex|Knock Off|p2a: Necrozma
|-supereffective|p2a: Necrozma
|-damage|p2a: Necrozma|60/100
|
|upkeep
|turn|52
|
|t:|1658944354
|switch|p1a: Ho-Oh|Ho-Oh|100/100 par
|move|p2a: Necrozma|Stealth Rock|p1a: Ho-Oh
|-sidestart|p1: TogeBirlHQ|move: Stealth Rock
|
|upkeep
|turn|53
|
|t:|1658944359
|move|p2a: Necrozma|Photon Geyser|p1a: Ho-Oh
|-damage|p1a: Ho-Oh|60/100 par
|move|p1a: Ho-Oh|Defog|p2a: Necrozma
|-unboost|p2a: Necrozma|evasion|1
|-sideend|p1: TogeBirlHQ|Stealth Rock|[from] move: Defog|[of] p1a: Ho-Oh
|
|upkeep
|turn|54
|
|t:|1658944371
|switch|p1a: Ferrothorn|Ferrothorn, M|68/100
|move|p2a: Necrozma|Stealth Rock|p1a: Ferrothorn
|-sidestart|p1: TogeBirlHQ|move: Stealth Rock
|
|upkeep
|turn|55
|
|t:|1658944379
|move|p2a: Necrozma|Earthquake|p1a: Ferrothorn
|-damage|p1a: Ferrothorn|45/100
|move|p1a: Ferrothorn|Leech Seed|p2a: Necrozma
|-start|p2a: Necrozma|move: Leech Seed
|
|-damage|p2a: Necrozma|48/100|[from] Leech Seed|[of] p1a: Ferrothorn
|-heal|p1a: Ferrothorn|58/100|[silent]
|upkeep
|turn|56
|
|t:|1658944383
|switch|p2a: Marshadow|Marshadow|61/100
|move|p1a: Ferrothorn|Iron Defense|p1a: Ferrothorn
|-boost|p1a: Ferrothorn|def|2
|
|upkeep
|turn|57
|
|t:|1658944391
|switch|p1a: Ho-Oh|Ho-Oh|93/100 par
|move|p2a: Marshadow|Spectral Thief|p1a: Ho-Oh
|-damage|p1a: Ho-Oh|56/100 par
|-damage|p2a: Marshadow|51/100|[from] item: Life Orb
|
|upkeep
|turn|58
|
|t:|1658944401
|switch|p1a: Toxapex|Toxapex, F|100/100
|-damage|p1a: Toxapex|88/100|[from] Stealth Rock
|move|p2a: Marshadow|Spectral Thief|p1a: Toxapex
|-damage|p1a: Toxapex|52/100
|-damage|p2a: Marshadow|41/100|[from] item: Life Orb
|
|upkeep
|turn|59
|
|t:|1658944417
|move|p2a: Marshadow|Spectral Thief|p1a: Toxapex
|-damage|p1a: Toxapex|16/100
|-damage|p2a: Marshadow|31/100|[from] item: Life Orb
|move|p1a: Toxapex|Recover|p1a: Toxapex
|-heal|p1a: Toxapex|66/100
|
|upkeep
|turn|60
|
|t:|1658944422
|switch|p2a: Necrozma|Necrozma-Dusk-Mane|48/100
|move|p1a: Toxapex|Recover|p1a: Toxapex
|-heal|p1a: Toxapex|100/100
|
|upkeep
|turn|61
|
|t:|1658944428
|switch|p1a: Ho-Oh|Ho-Oh|89/100 par
|move|p2a: Necrozma|Photon Geyser|p1a: Ho-Oh
|-damage|p1a: Ho-Oh|42/100 par
|
|upkeep
|turn|62
|inactive|TogeBirlHQ has 120 seconds left.
|
|t:|1658944466
|switch|p1a: Tyranitar|Tyranitar, F|88/100
|-damage|p1a: Tyranitar|76/100|[from] Stealth Rock
|-weather|Sandstorm|[from] ability: Sand Stream|[of] p1a: Tyranitar
|move|p2a: Necrozma|Photon Geyser|p1a: Tyranitar
|-immune|p1a: Tyranitar
|
|-weather|Sandstorm|[upkeep]
|upkeep
|turn|63
|inactive|TogeBirlHQ has 120 seconds left.
|
|t:|1658944475
|switch|p1a: Ho-Oh|Ho-Oh|76/100 par
|move|p2a: Necrozma|Sunsteel Strike|p1a: Ho-Oh
|-resisted|p1a: Ho-Oh
|-damage|p1a: Ho-Oh|53/100 par
|
|-weather|Sandstorm|[upkeep]
|-damage|p1a: Ho-Oh|47/100 par|[from] Sandstorm
|upkeep
|turn|64
|inactive|TogeBirlHQ has 120 seconds left.
|
|t:|1658944502
|move|p2a: Necrozma|Photon Geyser|p1a: Ho-Oh
|-damage|p1a: Ho-Oh|5/100 par
|move|p1a: Ho-Oh|Sacred Fire|p2a: Necrozma
|-supereffective|p2a: Necrozma
|-damage|p2a: Necrozma|3/100
|-status|p2a: Necrozma|brn
|
|-weather|Sandstorm|[upkeep]
|-damage|p1a: Ho-Oh|0 fnt|[from] Sandstorm
|faint|p1a: Ho-Oh
|-damage|p2a: Necrozma|0 fnt|[from] brn
|faint|p2a: Necrozma
|upkeep
|
|t:|1658944516
|switch|p1a: Toxapex|Toxapex, F|100/100
|switch|p2a: Ho-Oh|Ho-Oh|100/100
|-damage|p1a: Toxapex|88/100|[from] Stealth Rock
|turn|65
|
|t:|1658944531
|move|p2a: Ho-Oh|Thunder Wave|p1a: Toxapex|[miss]
|-miss|p2a: Ho-Oh|p1a: Toxapex
|move|p1a: Toxapex|Knock Off|p2a: Ho-Oh
|-damage|p2a: Ho-Oh|91/100
|-enditem|p2a: Ho-Oh|Heavy-Duty Boots|[from] move: Knock Off|[of] p1a: Toxapex
|
|-weather|Sandstorm|[upkeep]
|-damage|p2a: Ho-Oh|85/100|[from] Sandstorm
|-damage|p1a: Toxapex|82/100|[from] Sandstorm
|upkeep
|turn|66
|
|t:|1658944540
|switch|p1a: Tyranitar|Tyranitar, F|76/100
|-damage|p1a: Tyranitar|63/100|[from] Stealth Rock
|move|p2a: Ho-Oh|Thunder Wave|p1a: Tyranitar
|-status|p1a: Tyranitar|par
|
|-weather|none
|upkeep
|turn|67
|
|t:|1658944548
|switch|p2a: Eternatus|Eternatus|72/100 brn
|-ability|p2a: Eternatus|Pressure
|cant|p1a: Tyranitar|par
|
|-damage|p2a: Eternatus|66/100 brn|[from] brn
|upkeep
|turn|68
|
|t:|1658944552
|move|p2a: Eternatus|Dynamax Cannon|p1a: Tyranitar
|-damage|p1a: Tyranitar|36/100 par
|move|p1a: Tyranitar|Rest|p1a: Tyranitar
|-status|p1a: Tyranitar|slp|[from] move: Rest
|-heal|p1a: Tyranitar|100/100 slp|[silent]
|
|-damage|p2a: Eternatus|60/100 brn|[from] brn
|upkeep
|turn|69
|
|t:|1658944567
|switch|p2a: Marshadow|Marshadow|31/100
|switch|p1a: Toxapex|Toxapex, F|100/100
|-damage|p1a: Toxapex|88/100|[from] Stealth Rock
|
|upkeep
|turn|70
|
|t:|1658944579
|switch|p2a: Calyrex|Calyrex-Shadow|94/100
|-ability|p2a: Calyrex|As One
|-ability|p2a: Calyrex|Unnerve
|move|p1a: Toxapex|Knock Off|p2a: Calyrex
|-supereffective|p2a: Calyrex
|-damage|p2a: Calyrex|23/100
|-enditem|p2a: Calyrex|Focus Sash|[from] move: Knock Off|[of] p1a: Toxapex
|
|upkeep
|turn|71
|
|t:|1658944591
|switch|p1a: Tyranitar|Tyranitar, F|100/100 slp
|-damage|p1a: Tyranitar|88/100 slp|[from] Stealth Rock
|-weather|Sandstorm|[from] ability: Sand Stream|[of] p1a: Tyranitar
|move|p2a: Calyrex|Psyshock|p1a: Tyranitar
|-immune|p1a: Tyranitar
|
|-weather|Sandstorm|[upkeep]
|-damage|p2a: Calyrex|17/100|[from] Sandstorm
|upkeep
|turn|72
|
|t:|1658944608
|switch|p2a: Marshadow|Marshadow|31/100
|cant|p1a: Tyranitar|slp
|
|-weather|Sandstorm|[upkeep]
|-damage|p2a: Marshadow|24/100|[from] Sandstorm
|upkeep
|turn|73
|
|t:|1658944618
|switch|p2a: Ho-Oh|Ho-Oh|100/100
|switch|p1a: Toxapex|Toxapex, F|100/100
|-damage|p1a: Toxapex|88/100|[from] Stealth Rock
|
|-weather|Sandstorm|[upkeep]
|-damage|p2a: Ho-Oh|94/100|[from] Sandstorm
|-damage|p1a: Toxapex|82/100|[from] Sandstorm
|upkeep
|turn|74
|
|t:|1658944623
|switch|p1a: Tyranitar|Tyranitar, F|88/100 slp
|-damage|p1a: Tyranitar|76/100 slp|[from] Stealth Rock
|move|p2a: Ho-Oh|Brave Bird|p1a: Tyranitar
|-resisted|p1a: Tyranitar
|-damage|p1a: Tyranitar|55/100 slp
|-damage|p2a: Ho-Oh|88/100|[from] Recoil
|
|-weather|Sandstorm|[upkeep]
|-damage|p2a: Ho-Oh|82/100|[from] Sandstorm
|upkeep
|turn|75
|
|t:|1658944630
|move|p2a: Ho-Oh|Brave Bird|p1a: Tyranitar
|-resisted|p1a: Tyranitar
|-damage|p1a: Tyranitar|35/100 slp
|-damage|p2a: Ho-Oh|75/100|[from] Recoil
|cant|p1a: Tyranitar|slp
|
|-weather|none
|upkeep
|turn|76
|
|t:|1658944635
|move|p2a: Ho-Oh|Brave Bird|p1a: Tyranitar
|-resisted|p1a: Tyranitar
|-damage|p1a: Tyranitar|15/100 slp
|-damage|p2a: Ho-Oh|69/100|[from] Recoil
|-curestatus|p1a: Tyranitar|slp|[msg]
|move|p1a: Tyranitar|Rest|p1a: Tyranitar
|-status|p1a: Tyranitar|slp|[from] move: Rest
|-heal|p1a: Tyranitar|100/100 slp|[silent]
|
|upkeep
|turn|77
|
|t:|1658944647
|switch|p2a: Calyrex|Calyrex-Shadow|17/100
|-ability|p2a: Calyrex|As One
|-ability|p2a: Calyrex|Unnerve
|cant|p1a: Tyranitar|slp
|
|upkeep
|turn|78
|
|t:|1658944661
|move|p2a: Calyrex|Draining Kiss|p1a: Tyranitar
|-supereffective|p1a: Tyranitar
|-damage|p1a: Tyranitar|76/100 slp
|-heal|p2a: Calyrex|39/100|[from] drain|[of] p1a: Tyranitar
|cant|p1a: Tyranitar|slp
|
|upkeep
|turn|79
|
|t:|1658944670
|move|p2a: Calyrex|Nasty Plot|p2a: Calyrex
|-boost|p2a: Calyrex|spa|2
|-curestatus|p1a: Tyranitar|slp|[msg]
|move|p1a: Tyranitar|Foul Play|p2a: Calyrex
|-supereffective|p2a: Calyrex
|-damage|p2a: Calyrex|0 fnt
|faint|p2a: Calyrex
|
|upkeep
|
|t:|1658944672
|switch|p2a: Marshadow|Marshadow|24/100
|turn|80
|
|t:|1658944686
|switch|p2a: Eternatus|Eternatus|60/100 brn
|-ability|p2a: Eternatus|Pressure
|switch|p1a: Ferrothorn|Ferrothorn, M|58/100
|-damage|p1a: Ferrothorn|52/100|[from] Stealth Rock
|
|-damage|p2a: Eternatus|54/100 brn|[from] brn
|upkeep
|turn|81
|
|t:|1658944693
|switch|p1a: Toxapex|Toxapex, F|100/100
|-damage|p1a: Toxapex|88/100|[from] Stealth Rock
|move|p2a: Eternatus|Flamethrower|p1a: Toxapex
|-resisted|p1a: Toxapex
|-damage|p1a: Toxapex|76/100
|
|-damage|p2a: Eternatus|48/100 brn|[from] brn
|upkeep
|turn|82
|
|t:|1658944700
|move|p2a: Eternatus|Dynamax Cannon|p1a: Toxapex
|-damage|p1a: Toxapex|39/100
|move|p1a: Toxapex|Recover|p1a: Toxapex
|-heal|p1a: Toxapex|90/100
|
|-damage|p2a: Eternatus|42/100 brn|[from] brn
|upkeep
|turn|83
|
|t:|1658944707
|move|p2a: Eternatus|Recover|p2a: Eternatus
|-heal|p2a: Eternatus|92/100 brn
|move|p1a: Toxapex|Knock Off|p2a: Eternatus
|-damage|p2a: Eternatus|79/100 brn
|-enditem|p2a: Eternatus|Heavy-Duty Boots|[from] move: Knock Off|[of] p1a: Toxapex
|
|-damage|p2a: Eternatus|73/100 brn|[from] brn
|upkeep
|turn|84
|
|t:|1658944713
|move|p2a: Eternatus|Flamethrower|p1a: Toxapex
|-resisted|p1a: Toxapex
|-damage|p1a: Toxapex|77/100
|move|p1a: Toxapex|Knock Off|p2a: Eternatus
|-damage|p2a: Eternatus|65/100 brn
|
|-damage|p2a: Eternatus|59/100 brn|[from] brn
|upkeep
|turn|85
|
|t:|1658944724
|move|p2a: Eternatus|Recover|p2a: Eternatus
|-heal|p2a: Eternatus|100/100 brn
|move|p1a: Toxapex|Haze|p1a: Toxapex
|-clearallboost
|
|-damage|p2a: Eternatus|94/100 brn|[from] brn
|upkeep
|turn|86
|
|t:|1658944727
|move|p2a: Eternatus|Flamethrower|p1a: Toxapex
|-resisted|p1a: Toxapex
|-damage|p1a: Toxapex|65/100
|move|p1a: Toxapex|Haze|p1a: Toxapex
|-clearallboost
|
|-damage|p2a: Eternatus|88/100 brn|[from] brn
|upkeep
|turn|87
|
|t:|1658944735
|switch|p1a: Tyranitar|Tyranitar, F|76/100
|-damage|p1a: Tyranitar|63/100|[from] Stealth Rock
|-weather|Sandstorm|[from] ability: Sand Stream|[of] p1a: Tyranitar
|move|p2a: Eternatus|Flamethrower|p1a: Tyranitar
|-resisted|p1a: Tyranitar
|-damage|p1a: Tyranitar|57/100
|
|-weather|Sandstorm|[upkeep]
|-damage|p2a: Eternatus|82/100 brn|[from] Sandstorm
|-damage|p2a: Eternatus|76/100 brn|[from] brn
|upkeep
|turn|88
|
|t:|1658944747
|switch|p2a: Marshadow|Marshadow|24/100
|move|p1a: Tyranitar|Rest|p1a: Tyranitar
|-status|p1a: Tyranitar|slp|[from] move: Rest
|-heal|p1a: Tyranitar|100/100 slp|[silent]
|
|-weather|Sandstorm|[upkeep]
|-damage|p2a: Marshadow|18/100|[from] Sandstorm
|upkeep
|turn|89
|
|t:|1658944752
|switch|p1a: Toxapex|Toxapex, F|98/100
|-damage|p1a: Toxapex|86/100|[from] Stealth Rock
|move|p2a: Marshadow|Spectral Thief|p1a: Toxapex
|-damage|p1a: Toxapex|50/100
|-damage|p2a: Marshadow|8/100|[from] item: Life Orb
|
|-weather|Sandstorm|[upkeep]
|-damage|p2a: Marshadow|2/100|[from] Sandstorm
|-damage|p1a: Toxapex|44/100|[from] Sandstorm
|upkeep
|turn|90
|
|t:|1658944765
|switch|p1a: Ferrothorn|Ferrothorn, M|52/100
|-damage|p1a: Ferrothorn|46/100|[from] Stealth Rock
|move|p2a: Marshadow|Spectral Thief|p1a: Ferrothorn
|-damage|p1a: Ferrothorn|12/100
|-damage|p2a: Marshadow|0 fnt|[from] ability: Iron Barbs|[of] p1a: Ferrothorn
|faint|p2a: Marshadow
|
|-weather|Sandstorm|[upkeep]
|upkeep
|
|t:|1658944769
|switch|p2a: Ho-Oh|Ho-Oh|100/100
|turn|91
|
|t:|1658944780
|move|p2a: Ho-Oh|Brave Bird|p1a: Ferrothorn
|-crit|p1a: Ferrothorn
|-damage|p1a: Ferrothorn|0 fnt
|-damage|p2a: Ho-Oh|88/100|[from] ability: Iron Barbs|[of] p1a: Ferrothorn
|faint|p1a: Ferrothorn
|-damage|p2a: Ho-Oh|85/100|[from] Recoil
|
|-weather|none
|upkeep
|
|t:|1658944789
|switch|p1a: Tyranitar|Tyranitar, F|100/100 slp
|-damage|p1a: Tyranitar|88/100 slp|[from] Stealth Rock
|-weather|Sandstorm|[from] ability: Sand Stream|[of] p1a: Tyranitar
|turn|92
|
|t:|1658944798
|move|p2a: Ho-Oh|Brave Bird|p1a: Tyranitar
|-resisted|p1a: Tyranitar
|-damage|p1a: Tyranitar|69/100 slp
|-damage|p2a: Ho-Oh|79/100|[from] Recoil
|cant|p1a: Tyranitar|slp
|
|-weather|Sandstorm|[upkeep]
|-damage|p2a: Ho-Oh|73/100|[from] Sandstorm
|upkeep
|turn|93
|
|t:|1658944806
|move|p2a: Ho-Oh|Brave Bird|p1a: Tyranitar
|-resisted|p1a: Tyranitar
|-crit|p1a: Tyranitar
|-damage|p1a: Tyranitar|38/100 slp
|-damage|p2a: Ho-Oh|63/100|[from] Recoil
|cant|p1a: Tyranitar|slp
|
|-weather|Sandstorm|[upkeep]
|-damage|p2a: Ho-Oh|57/100|[from] Sandstorm
|upkeep
|turn|94
|
|t:|1658944813
|move|p2a: Ho-Oh|Brave Bird|p1a: Tyranitar
|-resisted|p1a: Tyranitar
|-damage|p1a: Tyranitar|18/100 slp
|-damage|p2a: Ho-Oh|50/100|[from] Recoil
|-curestatus|p1a: Tyranitar|slp|[msg]
|move|p1a: Tyranitar|Rest|p1a: Tyranitar
|-status|p1a: Tyranitar|slp|[from] move: Rest
|-heal|p1a: Tyranitar|100/100 slp|[silent]
|
|-weather|Sandstorm|[upkeep]
|-damage|p2a: Ho-Oh|44/100|[from] Sandstorm
|upkeep
|turn|95
|
|t:|1658944823
|switch|p2a: Yveltal|Yveltal|50/100 brn
|-ability|p2a: Yveltal|Dark Aura
|cant|p1a: Tyranitar|slp
|
|-weather|Sandstorm|[upkeep]
|-damage|p2a: Yveltal|44/100 brn|[from] Sandstorm
|-damage|p2a: Yveltal|38/100 brn|[from] brn
|upkeep
|turn|96
|
|t:|1658944828
|move|p2a: Yveltal|Roost|p2a: Yveltal
|-heal|p2a: Yveltal|88/100 brn
|-singleturn|p2a: Yveltal|move: Roost
|cant|p1a: Tyranitar|slp
|
|-weather|none
|-damage|p2a: Yveltal|82/100 brn|[from] brn
|upkeep
|turn|97
|
|t:|1658944839
|move|p2a: Yveltal|Hone Claws|p2a: Yveltal
|-boost|p2a: Yveltal|atk|1
|-boost|p2a: Yveltal|accuracy|1
|-curestatus|p1a: Tyranitar|slp|[msg]
|move|p1a: Tyranitar|Stealth Rock|p2a: Yveltal
|-sidestart|p2: vgcfgvhbjnkm|move: Stealth Rock
|
|-damage|p2a: Yveltal|76/100 brn|[from] brn
|upkeep
|turn|98
|
|t:|1658944847
|move|p2a: Yveltal|Knock Off|p1a: Tyranitar
|-resisted|p1a: Tyranitar
|-damage|p1a: Tyranitar|78/100
|-enditem|p1a: Tyranitar|Lagging Tail|[from] move: Knock Off|[of] p2a: Yveltal
|move|p1a: Tyranitar|Rock Blast|p2a: Yveltal
|-supereffective|p2a: Yveltal
|-damage|p2a: Yveltal|55/100 brn
|-supereffective|p2a: Yveltal
|-damage|p2a: Yveltal|33/100 brn
|-hitcount|p2a: Yveltal|2
|
|-damage|p2a: Yveltal|27/100 brn|[from] brn
|upkeep
|turn|99
|
|t:|1658944857
|move|p2a: Yveltal|Roost|p2a: Yveltal
|-heal|p2a: Yveltal|77/100 brn
|-singleturn|p2a: Yveltal|move: Roost
|move|p1a: Tyranitar|Rock Blast|p2a: Yveltal
|-damage|p2a: Yveltal|65/100 brn
|-damage|p2a: Yveltal|54/100 brn
|-hitcount|p2a: Yveltal|2
|
|-damage|p2a: Yveltal|48/100 brn|[from] brn
|upkeep
|turn|100
|
|t:|1658944859
|move|p2a: Yveltal|Roost|p2a: Yveltal
|-heal|p2a: Yveltal|98/100 brn
|-singleturn|p2a: Yveltal|move: Roost
|move|p1a: Tyranitar|Rock Blast|p2a: Yveltal
|-damage|p2a: Yveltal|88/100 brn
|-damage|p2a: Yveltal|78/100 brn
|-hitcount|p2a: Yveltal|2
|
|-damage|p2a: Yveltal|72/100 brn|[from] brn
|upkeep
|turn|101
|
|t:|1658944862
|move|p2a: Yveltal|Knock Off|p1a: Tyranitar
|-resisted|p1a: Tyranitar
|-crit|p1a: Tyranitar
|-damage|p1a: Tyranitar|56/100
|move|p1a: Tyranitar|Rock Blast|p2a: Yveltal
|-supereffective|p2a: Yveltal
|-damage|p2a: Yveltal|50/100 brn
|-supereffective|p2a: Yveltal
|-damage|p2a: Yveltal|28/100 brn
|-supereffective|p2a: Yveltal
|-damage|p2a: Yveltal|7/100 brn
|-hitcount|p2a: Yveltal|3
|
|-damage|p2a: Yveltal|1/100 brn|[from] brn
|upkeep
|turn|102
|
|t:|1658944868
|move|p2a: Yveltal|Roost|p2a: Yveltal
|-heal|p2a: Yveltal|51/100 brn
|-singleturn|p2a: Yveltal|move: Roost
|move|p1a: Tyranitar|Rock Blast|p2a: Yveltal
|-damage|p2a: Yveltal|40/100 brn
|-damage|p2a: Yveltal|29/100 brn
|-damage|p2a: Yveltal|19/100 brn
|-hitcount|p2a: Yveltal|3
|
|-damage|p2a: Yveltal|12/100 brn|[from] brn
|upkeep
|turn|103
|
|t:|1658944876
|move|p2a: Yveltal|Roost|p2a: Yveltal
|-heal|p2a: Yveltal|63/100 brn
|-singleturn|p2a: Yveltal|move: Roost
|move|p1a: Tyranitar|Rest|p1a: Tyranitar
|-status|p1a: Tyranitar|slp|[from] move: Rest
|-heal|p1a: Tyranitar|100/100 slp|[silent]
|
|-damage|p2a: Yveltal|56/100 brn|[from] brn
|upkeep
|turn|104
|
|t:|1658944882
|move|p2a: Yveltal|Hone Claws|p2a: Yveltal
|-boost|p2a: Yveltal|atk|1
|-boost|p2a: Yveltal|accuracy|1
|cant|p1a: Tyranitar|slp
|
|-damage|p2a: Yveltal|50/100 brn|[from] brn
|upkeep
|turn|105
|
|t:|1658944887
|move|p2a: Yveltal|Hone Claws|p2a: Yveltal
|-boost|p2a: Yveltal|atk|1
|-boost|p2a: Yveltal|accuracy|1
|cant|p1a: Tyranitar|slp
|
|-damage|p2a: Yveltal|44/100 brn|[from] brn
|upkeep
|turn|106
|
|t:|1658944891
|move|p2a: Yveltal|Roost|p2a: Yveltal
|-heal|p2a: Yveltal|94/100 brn
|-singleturn|p2a: Yveltal|move: Roost
|-curestatus|p1a: Tyranitar|slp|[msg]
|move|p1a: Tyranitar|Rock Blast|p2a: Yveltal
|-damage|p2a: Yveltal|84/100 brn
|-damage|p2a: Yveltal|74/100 brn
|-hitcount|p2a: Yveltal|2
|
|-damage|p2a: Yveltal|67/100 brn|[from] brn
|upkeep
|turn|107
|
|t:|1658944902
|move|p2a: Yveltal|Roost|p2a: Yveltal
|-heal|p2a: Yveltal|100/100 brn
|-singleturn|p2a: Yveltal|move: Roost
|move|p1a: Tyranitar|Rock Blast|p2a: Yveltal
|-damage|p2a: Yveltal|90/100 brn
|-damage|p2a: Yveltal|80/100 brn
|-hitcount|p2a: Yveltal|2
|
|-damage|p2a: Yveltal|74/100 brn|[from] brn
|upkeep
|turn|108
|
|t:|1658944905
|move|p2a: Yveltal|Knock Off|p1a: Tyranitar
|-resisted|p1a: Tyranitar
|-damage|p1a: Tyranitar|77/100
|move|p1a: Tyranitar|Rock Blast|p2a: Yveltal
|-supereffective|p2a: Yveltal
|-damage|p2a: Yveltal|53/100 brn
|-supereffective|p2a: Yveltal
|-damage|p2a: Yveltal|30/100 brn
|-supereffective|p2a: Yveltal
|-crit|p2a: Yveltal
|-damage|p2a: Yveltal|0 fnt
|faint|p2a: Yveltal
|-hitcount|p2: Yveltal|3
|
|upkeep
|
|t:|1658944910
|switch|p2a: Eternatus|Eternatus|76/100 brn
|-damage|p2a: Eternatus|64/100 brn|[from] Stealth Rock
|-ability|p2a: Eternatus|Pressure
|turn|109
|
|t:|1658944916
|switch|p1a: Blissey|Blissey, F|79/100
|-damage|p1a: Blissey|67/100|[from] Stealth Rock
|move|p2a: Eternatus|Flamethrower|p1a: Blissey
|-damage|p1a: Blissey|58/100
|
|-damage|p2a: Eternatus|58/100 brn|[from] brn
|upkeep
|turn|110
|
|t:|1658944923
|switch|p2a: Ho-Oh|Ho-Oh|78/100
|-damage|p2a: Ho-Oh|28/100|[from] Stealth Rock
|move|p1a: Blissey|Soft-Boiled|p1a: Blissey
|-heal|p1a: Blissey|100/100
|
|upkeep
|turn|111
|
|t:|1658944934
|move|p2a: Ho-Oh|Sacred Fire|p1a: Blissey
|-damage|p1a: Blissey|52/100
|move|p1a: Blissey|Soft-Boiled|p1a: Blissey
|-heal|p1a: Blissey|100/100
|
|upkeep
|turn|112
|
|t:|1658944945
|switch|p1a: Tyranitar|Tyranitar, F|77/100
|-damage|p1a: Tyranitar|65/100|[from] Stealth Rock
|-weather|Sandstorm|[from] ability: Sand Stream|[of] p1a: Tyranitar
|move|p2a: Ho-Oh|Sacred Fire|p1a: Tyranitar
|-resisted|p1a: Tyranitar
|-damage|p1a: Tyranitar|47/100
|-status|p1a: Tyranitar|brn
|
|-weather|Sandstorm|[upkeep]
|-damage|p2a: Ho-Oh|22/100|[from] Sandstorm
|-damage|p1a: Tyranitar|41/100 brn|[from] brn
|upkeep
|turn|113
|
|t:|1658944954
|move|p2a: Ho-Oh|Brave Bird|p1a: Tyranitar
|-resisted|p1a: Tyranitar
|-damage|p1a: Tyranitar|21/100 brn
|-damage|p2a: Ho-Oh|15/100|[from] Recoil
|move|p1a: Tyranitar|Rest|p1a: Tyranitar
|-status|p1a: Tyranitar|slp|[from] move: Rest
|-heal|p1a: Tyranitar|100/100 slp|[silent]
|
|-weather|Sandstorm|[upkeep]
|-damage|p2a: Ho-Oh|9/100|[from] Sandstorm
|upkeep
|turn|114
|-message|vgcfgvhbjnkm forfeited.
|
|win|TogeBirlHQ
|raw|TogeBirlHQ's rating: 1441 &rarr; <strong>1454</strong><br />(+13 for winning)
|raw|vgcfgvhbjnkm's rating: 1315 &rarr; <strong>1302</strong><br />(-13 for losing)
|l|☆vgcfgvhbjnkm
