|j|☆Ethlyn_FE4
|j|☆heyroar9
|player|p1|Ethlyn_FE4|211|1589
|player|p2|heyroar9|102|1389
|teamsize|p1|6
|teamsize|p2|6
|gametype|singles
|gen|8
|tier|[Gen 8] Ubers
|rated|
|clearpoke
|poke|p1|Primarina, F|
|poke|p1|Reshiram|
|poke|p1|Necrozma-Dusk-Mane|
|poke|p1|Mandibuzz, F|
|poke|p1|Excadrill, F|
|poke|p1|Lunala|
|poke|p2|Ninetales, M|
|poke|p2|Charizard, F|
|poke|p2|Zacian-Crowned|
|poke|p2|Darmanitan-Galar, F|
|poke|p2|Eternatus|
|poke|p2|Necrozma-Dusk-Mane|
|rule|Sleep Clause Mod: Limit one foe put to sleep
|rule|Species Clause: Limit one of each Pokémon
|rule|OHKO Clause: OHKO moves are banned
|rule|Evasion Moves Clause: Evasion moves are banned
|rule|Endless Battle Clause: Forcing endless battles is banned
|rule|HP Percentage Mod: HP is shown in percentages
|html|Ubers Dynamax Clause: Pokémon on the <a href="https://www.smogon.com/dex/ss/formats/uber/">Ubers Dynamax Banlist</a> cannot Dynamax.
|teampreview
|
|start
|switch|p1a: Primarina|Primarina, F|100/100
|switch|p2a: Ninetales|Ninetales, M, shiny|100/100
|-weather|SunnyDay|[from] ability: Drought|[of] p2a: Ninetales
|turn|1
|
|switch|p2a: Eternatus|Eternatus|100/100
|-ability|p2a: Eternatus|Pressure
|move|p1a: Primarina|Hydro Pump|p2a: Eternatus
|-resisted|p2a: Eternatus
|-damage|p2a: Eternatus|81/100
|
|-weather|SunnyDay|[upkeep]
|upkeep
|turn|2
|
|switch|p1a: Excadrill|Excadrill, F|100/100
|move|p2a: Eternatus|Flamethrower|p1a: Excadrill
|-supereffective|p1a: Excadrill
|-damage|p1a: Excadrill|0 fnt
|faint|p1a: Excadrill
|
|-weather|SunnyDay|[upkeep]
|upkeep
|
|switch|p1a: Reshiram|Reshiram|100/100
|-ability|p1a: Reshiram|Turboblaze
|turn|3
|
|move|p1a: Reshiram|Draco Meteor|p2a: Eternatus
|-supereffective|p2a: Eternatus
|-crit|p2a: Eternatus
|-damage|p2a: Eternatus|0 fnt
|-unboost|p1a: Reshiram|spa|2
|faint|p2a: Eternatus
|
|-weather|SunnyDay|[upkeep]
|upkeep
|
|switch|p2a: Charizard|Charizard, F, shiny|100/100
|turn|4
|
|switch|p1a: Lunala|Lunala|100/100
|-start|p2a: Charizard|Dynamax
|-heal|p2a: Charizard|100/100|[silent]
|move|p2a: Charizard|Max Airstream|p1a: Lunala
|-damage|p1a: Lunala|61/100
|-boost|p2a: Charizard|spe|1
|
|-weather|SunnyDay|[upkeep]
|-damage|p2a: Charizard|94/100|[from] ability: Solar Power|[of] p2a: Charizard
|upkeep
|turn|5
|
|move|p2a: Charizard|Max Flare|p1a: Lunala
|-damage|p1a: Lunala|0 fnt
|faint|p1a: Lunala
|
|-weather|SunnyDay|[upkeep]
|-damage|p2a: Charizard|88/100|[from] ability: Solar Power|[of] p2a: Charizard
|upkeep
|
|switch|p1a: Reshiram|Reshiram|100/100
|-ability|p1a: Reshiram|Turboblaze
|turn|6
|
|move|p2a: Charizard|Max Wyrmwind|p1a: Reshiram
|-supereffective|p1a: Reshiram
|-damage|p1a: Reshiram|0 fnt
|faint|p1a: Reshiram
|
|-weather|SunnyDay|[upkeep]
|-damage|p2a: Charizard|82/100|[from] ability: Solar Power|[of] p2a: Charizard
|-end|p2a: Charizard|Dynamax
|-heal|p2a: Charizard|82/100|[silent]
|upkeep
|
|switch|p1a: Primarina|Primarina, F|100/100
|turn|7
|
|-start|p1a: Primarina|Dynamax
|-heal|p1a: Primarina|100/100|[silent]
|move|p2a: Charizard|Solar Beam||[still]
|-prepare|p2a: Charizard|Solar Beam|p1a: Primarina
|-anim|p2a: Charizard|Solar Beam|p1a: Primarina
|-supereffective|p1a: Primarina
|-damage|p1a: Primarina|56/100
|move|p1a: Primarina|Max Geyser|p2a: Charizard
|-supereffective|p2a: Charizard
|-damage|p2a: Charizard|0 fnt
|-weather|RainDance
|faint|p2a: Charizard
|
|-weather|RainDance|[upkeep]
|upkeep
|
|switch|p2a: Ninetales|Ninetales, M, shiny|100/100
|-weather|SunnyDay|[from] ability: Drought|[of] p2a: Ninetales
|turn|8
|
|switch|p2a: Necrozma|Necrozma-Dusk-Mane|100/100
|move|p1a: Primarina|Max Geyser|p2a: Necrozma
|-damage|p2a: Necrozma|70/100
|-weather|RainDance
|
|-weather|RainDance|[upkeep]
|-heal|p2a: Necrozma|76/100|[from] item: Leftovers
|upkeep
|turn|9
|
|move|p2a: Necrozma|Stealth Rock|p1a: Primarina
|-sidestart|p1: Ethlyn_FE4|move: Stealth Rock
|move|p1a: Primarina|Max Geyser|p2a: Necrozma
|-damage|p2a: Necrozma|0 fnt
|faint|p2a: Necrozma
|
|-weather|RainDance|[upkeep]
|-end|p1a: Primarina|Dynamax
|-heal|p1a: Primarina|56/100|[silent]
|upkeep
|
|switch|p2a: Zacian|Zacian-Crowned|100/100
|-ability|p2a: Zacian|Intrepid Sword|boost
|-boost|p2a: Zacian|atk|1
|turn|10
|
|switch|p1a: Necrozma|Necrozma-Dusk-Mane|100/100
|-damage|p1a: Necrozma|94/100|[from] Stealth Rock
|move|p2a: Zacian|Behemoth Blade|p1a: Necrozma
|-resisted|p1a: Necrozma
|-damage|p1a: Necrozma|66/100
|
|-weather|RainDance|[upkeep]
|-heal|p1a: Necrozma|72/100|[from] item: Leftovers
|upkeep
|turn|11
|
|move|p2a: Zacian|Crunch|p1a: Necrozma
|-supereffective|p1a: Necrozma
|-damage|p1a: Necrozma|30/100
|move|p1a: Necrozma|Morning Sun|p1a: Necrozma
|-heal|p1a: Necrozma|55/100
|
|-weather|RainDance|[upkeep]
|-heal|p1a: Necrozma|61/100|[from] item: Leftovers
|upkeep
|turn|12
|
|move|p2a: Zacian|Crunch|p1a: Necrozma
|-supereffective|p1a: Necrozma
|-damage|p1a: Necrozma|18/100
|move|p1a: Necrozma|Morning Sun|p1a: Necrozma
|-heal|p1a: Necrozma|43/100
|
|-weather|none
|-heal|p1a: Necrozma|49/100|[from] item: Leftovers
|upkeep
|turn|13
|
|move|p2a: Zacian|Crunch|p1a: Necrozma
|-supereffective|p1a: Necrozma
|-damage|p1a: Necrozma|8/100
|move|p1a: Necrozma|Morning Sun|p1a: Necrozma
|-heal|p1a: Necrozma|58/100
|
|-heal|p1a: Necrozma|64/100|[from] item: Leftovers
|upkeep
|turn|14
|
|switch|p2a: Ninetales|Ninetales, M, shiny|100/100
|-weather|SunnyDay|[from] ability: Drought|[of] p2a: Ninetales
|move|p1a: Necrozma|Morning Sun|p1a: Necrozma
|-heal|p1a: Necrozma|100/100
|
|-weather|SunnyDay|[upkeep]
|upkeep
|turn|15
|
|switch|p1a: Mandibuzz|Mandibuzz, F|100/100
|move|p2a: Ninetales|Will-O-Wisp|p1a: Mandibuzz
|-status|p1a: Mandibuzz|brn
|
|-weather|SunnyDay|[upkeep]
|-damage|p1a: Mandibuzz|94/100 brn|[from] brn
|upkeep
|turn|16
|
|move|p2a: Ninetales|Flamethrower|p1a: Mandibuzz
|-damage|p1a: Mandibuzz|71/100 brn
|move|p1a: Mandibuzz|Toxic|p2a: Ninetales|[miss]
|-miss|p1a: Mandibuzz|p2a: Ninetales
|
|-weather|SunnyDay|[upkeep]
|-damage|p1a: Mandibuzz|65/100 brn|[from] brn
|upkeep
|turn|17
|
|switch|p2a: Darmanitan|Darmanitan-Galar, F|100/100
|move|p1a: Mandibuzz|Defog|p2a: Darmanitan
|-unboost|p2a: Darmanitan|evasion|1
|-sideend|p1: Ethlyn_FE4|Stealth Rock|[from] move: Defog|[of] p1a: Mandibuzz
|
|-weather|SunnyDay|[upkeep]
|-damage|p1a: Mandibuzz|59/100 brn|[from] brn
|upkeep
|turn|18
|
|switch|p1a: Primarina|Primarina, F|56/100
|move|p2a: Darmanitan|Flare Blitz|p1a: Primarina
|-resisted|p1a: Primarina
|-damage|p1a: Primarina|0 fnt
|-damage|p2a: Darmanitan|82/100|[from] Recoil
|faint|p1a: Primarina
|
|-weather|SunnyDay|[upkeep]
|upkeep
|
|switch|p1a: Necrozma|Necrozma-Dusk-Mane|100/100
|turn|19
|
|move|p2a: Darmanitan|Flare Blitz|p1a: Necrozma
|-supereffective|p1a: Necrozma
|-damage|p1a: Necrozma|21/100
|-damage|p2a: Darmanitan|52/100|[from] Recoil
|move|p1a: Necrozma|Sunsteel Strike|p2a: Darmanitan
|-supereffective|p2a: Darmanitan
|-damage|p2a: Darmanitan|0 fnt
|faint|p2a: Darmanitan
|
|-weather|SunnyDay|[upkeep]
|-heal|p1a: Necrozma|27/100|[from] item: Leftovers
|upkeep
|-message|Ethlyn_FE4 forfeited.
|
|win|heyroar9
|l|☆Ethlyn_FE4
||Ladder (probably) updated, but score could not be retrieved (Response not received).
