|j|☆Magikarp4000
|j|☆Canebavoso
|t:|1605737831
|player|p1|Magikarp4000|steven|1636
|player|p2|Canebavoso|giovanni|1474
|teamsize|p1|6
|teamsize|p2|6
|gametype|singles
|gen|8
|tier|[Gen 8] Ubers
|rated|
|clearpoke
|poke|p1|Yveltal|
|poke|p1|Kyogre|
|poke|p1|Zacian-Crowned|
|poke|p1|Calyrex-Shadow|
|poke|p1|Zygarde|
|poke|p1|Necrozma-Dusk-Mane|
|poke|p2|Palkia|
|poke|p2|Dialga|
|poke|p2|Kyogre|
|poke|p2|Zacian-Crowned|
|poke|p2|Calyrex-Shadow|
|poke|p2|Galvantula, M|
|rule|Sleep Clause Mod: Limit one foe put to sleep
|rule|Species Clause: Limit one of each Pokémon
|rule|OHKO Clause: OHKO moves are banned
|rule|Evasion Moves Clause: Evasion moves are banned
|rule|Endless Battle Clause: Forcing endless battles is banned
|rule|HP Percentage Mod: HP is shown in percentages
|rule|Dynamax Clause: You cannot dynamax
|teampreview
|c|☆Magikarp4000|glhf
|j| Excaliburro
|
|t:|1605737842
|start
|switch|p1a: Zacian|Zacian-Crowned|100/100
|switch|p2a: Galvantula|Galvantula, M|100/100
|-ability|p1a: Zacian|Intrepid Sword|boost
|-boost|p1a: Zacian|atk|1
|turn|1
|j| Viva la grasa
|
|t:|1605737846
|move|p1a: Zacian|Behemoth Blade|p2a: Galvantula
|-resisted|p2a: Galvantula
|-crit|p2a: Galvantula
|-enditem|p2a: Galvantula|Focus Sash
|-damage|p2a: Galvantula|1/100
|move|p2a: Galvantula|Thunder Wave|p1a: Zacian
|-status|p1a: Zacian|par
|
|upkeep
|turn|2
|
|t:|1605737848
|move|p2a: Galvantula|Sticky Web|p1a: Zacian
|-sidestart|p1: Magikarp4000|move: Sticky Web
|cant|p1a: Zacian|par
|
|upkeep
|turn|3
|c|☆Magikarp4000|..
|c|☆Canebavoso|Glhf
|
|t:|1605737865
|move|p2a: Galvantula|Volt Switch|p1a: Zacian
|-damage|p1a: Zacian|73/100 par
|
|t:|1605737869
|switch|p2a: Dialga|Dialga|100/100|[from]move: Volt Switch
|-ability|p2a: Dialga|Pressure
|move|p1a: Zacian|Behemoth Blade|p2a: Dialga
|-resisted|p2a: Dialga
|-damage|p2a: Dialga|66/100
|
|upkeep
|turn|4
|
|t:|1605737876
|move|p1a: Zacian|Close Combat|p2a: Dialga
|-supereffective|p2a: Dialga
|-damage|p2a: Dialga|0 fnt
|-unboost|p1a: Zacian|def|1
|-unboost|p1a: Zacian|spd|1
|faint|p2a: Dialga
|
|upkeep
|
|t:|1605737883
|switch|p2a: Calyrex|Calyrex-Shadow|100/100
|-ability|p2a: Calyrex|As One
|-ability|p2a: Calyrex|Unnerve|p1: Magikarp4000
|turn|5
|
|t:|1605737886
|switch|p1a: Yveltal|Yveltal|100/100
|-ability|p1a: Yveltal|Dark Aura
|move|p2a: Calyrex|Astral Barrage|p1a: Yveltal
|-resisted|p1a: Yveltal
|-damage|p1a: Yveltal|73/100
|-damage|p2a: Calyrex|91/100|[from] item: Life Orb
|
|upkeep
|turn|6
|
|t:|1605737890
|switch|p2a: Galvantula|Galvantula, M|1/100
|move|p1a: Yveltal|Foul Play|p2a: Galvantula
|-damage|p2a: Galvantula|0 fnt
|faint|p2a: Galvantula
|
|upkeep
|
|t:|1605737894
|switch|p2a: Kyogre|Kyogre|100/100
|-weather|RainDance|[from] ability: Drizzle|[of] p2a: Kyogre
|turn|7
|l| Viva la grasa
|
|t:|1605737898
|move|p1a: Yveltal|Sucker Punch|p2a: Kyogre
|-damage|p2a: Kyogre|54/100
|move|p2a: Kyogre|Origin Pulse|p1a: Yveltal
|-damage|p1a: Yveltal|18/100
|
|-weather|RainDance|[upkeep]
|upkeep
|turn|8
|
|t:|1605737903
|switch|p1a: Kyogre|Kyogre|100/100
|-activate|p1a: Kyogre|move: Sticky Web
|-unboost|p1a: Kyogre|spe|1
|move|p2a: Kyogre|Origin Pulse|p1a: Kyogre|[miss]
|-miss|p2a: Kyogre|p1a: Kyogre
|
|-weather|RainDance|[upkeep]
|upkeep
|turn|9
|
|t:|1605737909
|switch|p2a: Palkia|Palkia|100/100
|-ability|p2a: Palkia|Pressure
|move|p1a: Kyogre|Thunder|p2a: Palkia
|-damage|p2a: Palkia|58/100
|
|-weather|RainDance|[upkeep]
|upkeep
|turn|10
|
|t:|1605737912
|move|p2a: Palkia|Spacial Rend|p1a: Kyogre
|-crit|p1a: Kyogre
|-damage|p1a: Kyogre|33/100
|move|p1a: Kyogre|Thunder|p2a: Palkia
|-damage|p2a: Palkia|19/100
|
|-weather|RainDance|[upkeep]
|upkeep
|turn|11
|j| TannerFrmHghschool
|
|t:|1605737920
|move|p2a: Palkia|Spacial Rend|p1a: Kyogre
|-damage|p1a: Kyogre|0 fnt
|faint|p1a: Kyogre
|
|-weather|none
|upkeep
|l| TannerFrmHghschool
|
|t:|1605737929
|switch|p1a: Yveltal|Yveltal|18/100
|-ability|p1a: Yveltal|Dark Aura
|turn|12
|
|t:|1605737936
|switch|p2a: Zacian|Zacian-Crowned|100/100
|-ability|p2a: Zacian|Intrepid Sword|boost
|-boost|p2a: Zacian|atk|1
|move|p1a: Yveltal|Sucker Punch||[still]
|-fail|p1a: Yveltal
|
|upkeep
|turn|13
|
|t:|1605737942
|switch|p1a: Necrozma|Necrozma-Dusk-Mane|100/100
|-activate|p1a: Necrozma|move: Sticky Web
|-unboost|p1a: Necrozma|spe|1
|move|p2a: Zacian|Behemoth Blade|p1a: Necrozma
|-resisted|p1a: Necrozma
|-damage|p1a: Necrozma|74/100
|-damage|p2a: Zacian|84/100|[from] item: Rocky Helmet|[of] p1a: Necrozma
|
|upkeep
|turn|14
|
|t:|1605737946
|move|p2a: Zacian|Swords Dance|p2a: Zacian
|-boost|p2a: Zacian|atk|2
|move|p1a: Necrozma|Morning Sun|p1a: Necrozma
|-heal|p1a: Necrozma|100/100
|
|upkeep
|turn|15
|
|t:|1605737957
|move|p2a: Zacian|Close Combat|p1a: Necrozma
|-damage|p1a: Necrozma|32/100
|-unboost|p2a: Zacian|def|1
|-unboost|p2a: Zacian|spd|1
|-damage|p2a: Zacian|67/100|[from] item: Rocky Helmet|[of] p1a: Necrozma
|move|p1a: Necrozma|Sunsteel Strike|p2a: Zacian
|-damage|p2a: Zacian|0 fnt
|faint|p2a: Zacian
|
|upkeep
|
|t:|1605737963
|switch|p2a: Calyrex|Calyrex-Shadow|91/100
|-ability|p2a: Calyrex|As One
|-ability|p2a: Calyrex|Unnerve|p1: Magikarp4000
|turn|16
|c|☆Canebavoso|GG
|c|☆Magikarp4000|?
|c|☆Magikarp4000|wym?
|c|☆Canebavoso|U won
|c|☆Magikarp4000|maybe
|
|t:|1605737985
|move|p2a: Calyrex|Astral Barrage|p1a: Necrozma
|-supereffective|p1a: Necrozma
|-damage|p1a: Necrozma|0 fnt
|-damage|p2a: Calyrex|81/100|[from] item: Life Orb
|faint|p1a: Necrozma
|-ability|p2a: Calyrex|Grim Neigh|boost
|-boost|p2a: Calyrex|spa|1
|
|upkeep
|
|t:|1605737987
|switch|p1a: Yveltal|Yveltal|18/100
|-ability|p1a: Yveltal|Dark Aura
|turn|17
|
|t:|1605737995
|switch|p2a: Kyogre|Kyogre|54/100
|-weather|RainDance|[from] ability: Drizzle|[of] p2a: Kyogre
|move|p1a: Yveltal|Sucker Punch||[still]
|-fail|p1a: Yveltal
|
|-weather|RainDance|[upkeep]
|upkeep
|turn|18
|
|t:|1605738008
|switch|p1a: Zygarde|Zygarde|100/100
|-activate|p1a: Zygarde|move: Sticky Web
|-unboost|p1a: Zygarde|spe|1
|move|p2a: Kyogre|Origin Pulse|p1a: Zygarde
|-damage|p1a: Zygarde|20/100
|
|-weather|RainDance|[upkeep]
|-heal|p1a: Zygarde|26/100|[from] item: Leftovers
|-activate|p1a: Zygarde|ability: Power Construct
|detailschange|p1a: Zygarde|Zygarde-Complete
|-heal|p1a: Zygarde|51/100|[silent]
|upkeep
|turn|19
|
|t:|1605738015
|move|p2a: Kyogre|Origin Pulse|p1a: Zygarde
|-damage|p1a: Zygarde|2/100
|move|p1a: Zygarde|Glare|p2a: Kyogre
|-status|p2a: Kyogre|par
|
|-weather|RainDance|[upkeep]
|-heal|p1a: Zygarde|8/100|[from] item: Leftovers
|upkeep
|turn|20
|
|t:|1605738023
|move|p2a: Kyogre|Origin Pulse|p1a: Zygarde
|-damage|p1a: Zygarde|0 fnt
|faint|p1a: Zygarde
|
|-weather|RainDance|[upkeep]
|upkeep
|
|t:|1605738028
|switch|p1a: Calyrex|Calyrex-Shadow|100/100
|-ability|p1a: Calyrex|As One
|-ability|p1a: Calyrex|Unnerve|p2: Canebavoso
|-activate|p1a: Calyrex|move: Sticky Web
|-unboost|p1a: Calyrex|spe|1
|turn|21
|
|t:|1605738032
|move|p1a: Calyrex|Astral Barrage|p2a: Kyogre
|-damage|p2a: Kyogre|0 fnt
|faint|p2a: Kyogre
|-ability|p1a: Calyrex|Grim Neigh|boost
|-boost|p1a: Calyrex|spa|1
|
|-weather|none
|upkeep
|
|t:|1605738035
|switch|p2a: Palkia|Palkia|19/100
|-ability|p2a: Palkia|Pressure
|turn|22
|
|t:|1605738043
|move|p1a: Calyrex|Astral Barrage|p2a: Palkia
|-damage|p2a: Palkia|0 fnt
|faint|p2a: Palkia
|-ability|p1a: Calyrex|Grim Neigh|boost
|-boost|p1a: Calyrex|spa|1
|
|upkeep
|
|t:|1605738046
|switch|p2a: Calyrex|Calyrex-Shadow|81/100
|-ability|p2a: Calyrex|As One
|-ability|p2a: Calyrex|Unnerve|p1: Magikarp4000
|turn|23
|
|t:|1605738048
|move|p1a: Calyrex|Astral Barrage|p2a: Calyrex
|-supereffective|p2a: Calyrex
|-damage|p2a: Calyrex|0 fnt
|faint|p2a: Calyrex
|
|win|Magikarp4000
|c|☆Magikarp4000|gg
|c|☆Magikarp4000|wp
