|j|☆ubersohneubers
|j|☆Ginamax
|player|p1|ubersohneubers|cheryl|1734
|player|p2|Ginamax|swimmerf|1531
|teamsize|p1|6
|teamsize|p2|6
|gametype|singles
|gen|8
|tier|[Gen 8] Ubers
|rated|
|rule|Sleep Clause Mod: Limit one foe put to sleep
|rule|Species Clause: Limit one of each Pokémon
|rule|OHKO Clause: OHKO moves are banned
|rule|Evasion Moves Clause: Evasion moves are banned
|rule|Endless Battle Clause: Forcing endless battles is banned
|rule|HP Percentage Mod: HP is shown in percentages
|clearpoke
|poke|p1|Rotom-Heat|
|poke|p1|Dragapult, F|
|poke|p1|Eternatus|
|poke|p1|Excadrill, F|
|poke|p1|Tyranitar, F|
|poke|p1|Quagsire, F|
|poke|p2|Mew|
|poke|p2|Copperajah, M|
|poke|p2|Dracovish|
|poke|p2|Chandelure, F|
|poke|p2|Gothitelle, F|
|poke|p2|Zacian-*|
|teampreview
|inactive|Battle timer is ON: inactive players will automatically lose when time's up. (requested by ubersohneubers)
|
|start
|switch|p1a: Rotom|Rotom-Heat|100/100
|switch|p2a: Mew|Mew|100/100
|turn|1
|
|move|p1a: Rotom|Thunder Wave|p2a: Mew
|-status|p2a: Mew|par
|-activate|p2a: Mew|ability: Synchronize
|-immune|p1a: Rotom
|move|p2a: Mew|Trick Room|p2a: Mew
|-fieldstart|move: Trick Room|[of] p2a: Mew
|
|upkeep
|turn|2
|
|move|p2a: Mew|Stealth Rock|p1a: Rotom
|-sidestart|p1: ubersohneubers|move: Stealth Rock
|move|p1a: Rotom|Volt Switch|p2a: Mew
|-damage|p2a: Mew|79/100 par
|
|switch|p1a: Tyranitar|Tyranitar, F|100/100|[from]move: Volt Switch
|-damage|p1a: Tyranitar|88/100|[from] Stealth Rock
|-weather|Sandstorm|[from] ability: Sand Stream|[of] p1a: Tyranitar
|
|-weather|Sandstorm|[upkeep]
|-damage|p2a: Mew|73/100 par|[from] Sandstorm
|-heal|p1a: Tyranitar|94/100|[from] item: Leftovers
|upkeep
|turn|3
|
|move|p2a: Mew|Spikes|p1a: Tyranitar
|-sidestart|p1: ubersohneubers|Spikes
|move|p1a: Tyranitar|Stealth Rock|p2a: Mew
|-sidestart|p2: Ginamax|move: Stealth Rock
|
|-weather|Sandstorm|[upkeep]
|-damage|p2a: Mew|67/100 par|[from] Sandstorm
|-heal|p1a: Tyranitar|100/100|[from] item: Leftovers
|upkeep
|turn|4
|
|move|p2a: Mew|Self-Destruct|p1a: Tyranitar
|-resisted|p1a: Tyranitar
|-damage|p1a: Tyranitar|77/100
|faint|p2a: Mew
|move|p1a: Tyranitar|Earthquake|p2: Mew|[notarget]
|-fail|p1a: Tyranitar
|
|-weather|Sandstorm|[upkeep]
|-heal|p1a: Tyranitar|83/100|[from] item: Leftovers
|upkeep
|
|switch|p2a: Copperajah|Copperajah, M|100/100
|-damage|p2a: Copperajah|94/100|[from] Stealth Rock
|turn|5
|
|-start|p2a: Copperajah|Dynamax
|-formechange|p2a: Copperajah|Copperajah-Gmax
|-heal|p2a: Copperajah|94/100|[silent]
|move|p2a: Copperajah|G-Max Steelsurge|p1a: Tyranitar
|-supereffective|p1a: Tyranitar
|-damage|p1a: Tyranitar|0 fnt
|-sidestart|p1: ubersohneubers|move: G-Max Steelsurge
|-damage|p2a: Copperajah|90/100|[from] item: Life Orb
|faint|p1a: Tyranitar
|
|-weather|Sandstorm|[upkeep]
|-fieldend|move: Trick Room
|upkeep
|
|switch|p1a: Excadrill|Excadrill, F|100/100
|-damage|p1a: Excadrill|88/100|[from] Spikes
|-damage|p1a: Excadrill|85/100|[from] Stealth Rock
|-damage|p1a: Excadrill|79/100|[from] G-Max Steelsurge
|turn|6
|
|move|p1a: Excadrill|Rapid Spin|p2a: Copperajah
|-resisted|p2a: Copperajah
|-damage|p2a: Copperajah|86/100
|-sideend|p1: ubersohneubers|Spikes|[from] move: Rapid Spin|[of] p1a: Excadrill
|-sideend|p1: ubersohneubers|Stealth Rock|[from] move: Rapid Spin|[of] p1a: Excadrill
|-sideend|p1: ubersohneubers|G-Max Steelsurge|[from] move: Rapid Spin|[of] p1a: Excadrill
|-boost|p1a: Excadrill|spe|1
|move|p2a: Copperajah|Max Flare|p1a: Excadrill
|-supereffective|p1a: Excadrill
|-damage|p1a: Excadrill|0 fnt
|-weather|SunnyDay
|-damage|p2a: Copperajah|81/100|[from] item: Life Orb
|faint|p1a: Excadrill
|
|-weather|SunnyDay|[upkeep]
|upkeep
|
|switch|p1a: Rotom|Rotom-Heat|100/100
|turn|7
|
|move|p1a: Rotom|Overheat|p2a: Copperajah
|-supereffective|p2a: Copperajah
|-damage|p2a: Copperajah|15/100
|-unboost|p1a: Rotom|spa|2
|move|p2a: Copperajah|G-Max Steelsurge|p1a: Rotom
|-resisted|p1a: Rotom
|-damage|p1a: Rotom|82/100
|-sidestart|p1: ubersohneubers|move: G-Max Steelsurge
|-damage|p2a: Copperajah|10/100|[from] item: Life Orb
|
|-weather|SunnyDay|[upkeep]
|-heal|p1a: Rotom|88/100|[from] item: Leftovers
|-end|p2a: Copperajah|Dynamax
|-formechange|p2a: Copperajah|Copperajah
|-heal|p2a: Copperajah|11/100|[silent]
|upkeep
|turn|8
|
|move|p1a: Rotom|Volt Switch|p2a: Copperajah
|-damage|p2a: Copperajah|0 fnt
|faint|p2a: Copperajah
|
|switch|p1a: Eternatus|Eternatus|100/100|[from]move: Volt Switch
|-damage|p1a: Eternatus|88/100|[from] G-Max Steelsurge
|-ability|p1a: Eternatus|Pressure
|
|-weather|SunnyDay|[upkeep]
|-heal|p1a: Eternatus|94/100|[from] item: Black Sludge
|upkeep
|
|switch|p2a: Gothitelle|Gothitelle, F|100/100
|-damage|p2a: Gothitelle|88/100|[from] Stealth Rock
|turn|9
|
|move|p1a: Eternatus|Toxic|p2a: Gothitelle
|-status|p2a: Gothitelle|tox
|move|p2a: Gothitelle|Psychic|p1a: Eternatus
|-supereffective|p1a: Eternatus
|-damage|p1a: Eternatus|0 fnt
|faint|p1a: Eternatus
|
|-weather|SunnyDay|[upkeep]
|-damage|p2a: Gothitelle|82/100 tox|[from] psn
|upkeep
|
|switch|p1a: Dragapult|Dragapult, F|100/100
|-damage|p1a: Dragapult|88/100|[from] G-Max Steelsurge
|turn|10
|
|switch|p2a: Zacian|Zacian-Crowned|100/100
|-damage|p2a: Zacian|94/100|[from] Stealth Rock
|-ability|p2a: Zacian|Intrepid Sword|boost
|-boost|p2a: Zacian|atk|1
|move|p1a: Dragapult|Substitute|p1a: Dragapult
|-start|p1a: Dragapult|Substitute
|-damage|p1a: Dragapult|63/100
|
|-weather|none
|-heal|p1a: Dragapult|69/100|[from] item: Leftovers
|upkeep
|turn|11
|
|move|p2a: Zacian|Behemoth Blade|p1a: Dragapult
|-end|p1a: Dragapult|Substitute
|move|p1a: Dragapult|Thunder Wave|p2a: Zacian
|-status|p2a: Zacian|par
|
|-heal|p1a: Dragapult|76/100|[from] item: Leftovers
|upkeep
|turn|12
|
|switch|p1a: Rotom|Rotom-Heat|88/100
|-damage|p1a: Rotom|85/100|[from] G-Max Steelsurge
|move|p2a: Zacian|Behemoth Blade|p1a: Rotom
|-resisted|p1a: Rotom
|-damage|p1a: Rotom|66/100
|
|-heal|p1a: Rotom|72/100|[from] item: Leftovers
|upkeep
|turn|13
|
|switch|p2a: Chandelure|Chandelure, F|100/100
|move|p1a: Rotom|Nasty Plot|p1a: Rotom
|-boost|p1a: Rotom|spa|2
|
|-heal|p1a: Rotom|78/100|[from] item: Leftovers
|upkeep
|turn|14
|
|-start|p1a: Rotom|Dynamax
|-heal|p1a: Rotom|78/100|[silent]
|move|p1a: Rotom|Max Lightning|p2a: Chandelure
|-damage|p2a: Chandelure|0 fnt
|-fieldstart|move: Electric Terrain
|faint|p2a: Chandelure
|
|-heal|p1a: Rotom|81/100|[from] item: Leftovers
|upkeep
|
|switch|p2a: Dracovish|Dracovish|100/100
|-damage|p2a: Dracovish|88/100|[from] Stealth Rock
|turn|15
|
|move|p1a: Rotom|Max Lightning|p2a: Dracovish
|-damage|p2a: Dracovish|2/100
|move|p2a: Dracovish|Fishious Rend|p1a: Rotom
|-supereffective|p1a: Rotom
|-damage|p1a: Rotom|9/100
|
|-heal|p1a: Rotom|12/100|[from] item: Leftovers
|upkeep
|turn|16
|
|move|p1a: Rotom|Max Flare|p2a: Dracovish
|-resisted|p2a: Dracovish
|-damage|p2a: Dracovish|0 fnt
|-weather|SunnyDay
|faint|p2a: Dracovish
|
|-weather|SunnyDay|[upkeep]
|-heal|p1a: Rotom|15/100|[from] item: Leftovers
|-end|p1a: Rotom|Dynamax
|-heal|p1a: Rotom|15/100|[silent]
|upkeep
|
|switch|p2a: Gothitelle|Gothitelle, F|82/100 tox
|-damage|p2a: Gothitelle|70/100 tox|[from] Stealth Rock
|turn|17
|
|move|p1a: Rotom|Overheat|p2a: Gothitelle
|-damage|p2a: Gothitelle|0 fnt
|-unboost|p1a: Rotom|spa|2
|faint|p2a: Gothitelle
|
|-weather|SunnyDay|[upkeep]
|-heal|p1a: Rotom|21/100|[from] item: Leftovers
|upkeep
|c|☆Ginamax|gg
|
|switch|p2a: Zacian|Zacian-Crowned|94/100 par
|-damage|p2a: Zacian|88/100 par|[from] Stealth Rock
|-ability|p2a: Zacian|Intrepid Sword|boost
|-boost|p2a: Zacian|atk|1
|turn|18
|
|move|p1a: Rotom|Overheat|p2a: Zacian|[miss]
|-miss|p1a: Rotom|p2a: Zacian
|move|p2a: Zacian|Behemoth Blade|p1a: Rotom
|-resisted|p1a: Rotom
|-damage|p1a: Rotom|1/100
|
|-weather|SunnyDay|[upkeep]
|-heal|p1a: Rotom|7/100|[from] item: Leftovers
|-fieldend|move: Electric Terrain
|upkeep
|turn|19
|
|move|p1a: Rotom|Overheat|p2a: Zacian
|-supereffective|p2a: Zacian
|-damage|p2a: Zacian|0 fnt
|-unboost|p1a: Rotom|spa|2
|faint|p2a: Zacian
|
|win|ubersohneubers
