|j|☆85792195wwww
|j|☆caionamax
|t:|1647948012
|gametype|singles
|player|p1|85792195wwww|lady|1618
|player|p2|caionamax|sordward|1513
|teamsize|p1|6
|teamsize|p2|6
|gen|8
|tier|[Gen 8] Ubers
|rated|
|rule|Sleep Clause Mod: Limit one foe put to sleep
|rule|Species Clause: Limit one of each Pokémon
|rule|OHKO Clause: OHKO moves are banned
|rule|Evasion Moves Clause: Evasion moves are banned
|rule|Endless Battle Clause: Forcing endless battles is banned
|rule|HP Percentage Mod: HP is shown in percentages
|rule|Dynamax Clause: You cannot dynamax
|clearpoke
|poke|p1|Landorus-Therian, M|
|poke|p1|Excadrill, M|
|poke|p1|Tyranitar, F|
|poke|p1|Zekrom|
|poke|p1|Marshadow|
|poke|p1|Cloyster, F|
|poke|p2|Dwebble, F|
|poke|p2|Xerneas-*|
|poke|p2|Yveltal|
|poke|p2|Regieleki|
|poke|p2|Calyrex-Shadow|
|poke|p2|Necrozma-Dusk-Mane|
|teampreview
|inactive|Battle timer is ON: inactive players will automatically lose when time's up. (requested by caionamax)
|
|t:|1647948022
|start
|switch|p1a: Cloyster|Cloyster, F|100/100
|switch|p2a: Dwebble|Dwebble, F|100/100
|turn|1
|
|t:|1647948034
|move|p1a: Cloyster|Spikes|p2a: Dwebble
|-sidestart|p2: caionamax|Spikes
|move|p2a: Dwebble|Spikes|p1a: Cloyster
|-sidestart|p1: 85792195wwww|Spikes
|
|upkeep
|turn|2
|
|t:|1647948042
|move|p1a: Cloyster|Shell Smash|p1a: Cloyster
|-unboost|p1a: Cloyster|def|1
|-unboost|p1a: Cloyster|spd|1
|-boost|p1a: Cloyster|atk|2
|-boost|p1a: Cloyster|spa|2
|-boost|p1a: Cloyster|spe|2
|move|p2a: Dwebble|Knock Off|p1a: Cloyster
|-crit|p1a: Cloyster
|-damage|p1a: Cloyster|54/100
|-enditem|p1a: Cloyster|Focus Sash|[from] move: Knock Off|[of] p2a: Dwebble
|
|upkeep
|turn|3
|
|t:|1647948052
|move|p1a: Cloyster|Shell Smash|p1a: Cloyster
|-unboost|p1a: Cloyster|def|1
|-unboost|p1a: Cloyster|spd|1
|-boost|p1a: Cloyster|atk|2
|-boost|p1a: Cloyster|spa|2
|-boost|p1a: Cloyster|spe|2
|move|p2a: Dwebble|Rock Wrecker|p1a: Cloyster
|-supereffective|p1a: Cloyster
|-damage|p1a: Cloyster|0 fnt
|-mustrecharge|p2a: Dwebble
|faint|p1a: Cloyster
|
|upkeep
|c|☆caionamax|dabble
|
|t:|1647948063
|switch|p1a: Landorus|Landorus-Therian, M|100/100
|-ability|p1a: Landorus|Intimidate|boost
|-unboost|p2a: Dwebble|atk|1
|turn|4
|
|t:|1647948068
|move|p1a: Landorus|U-turn|p2a: Dwebble
|-damage|p2a: Dwebble|56/100
|-ability|p2a: Dwebble|Weak Armor|boost
|-unboost|p2a: Dwebble|def|1
|-boost|p2a: Dwebble|spe|2
|inactive|85792195wwww has 120 seconds left.
|
|t:|1647948095
|switch|p1a: Tyranitar|Tyranitar, F|100/100|[from]move: U-turn
|-damage|p1a: Tyranitar|88/100|[from] Spikes
|-weather|Sandstorm|[from] ability: Sand Stream|[of] p1a: Tyranitar
|cant|p2a: Dwebble|recharge
|
|-weather|Sandstorm|[upkeep]
|upkeep
|turn|5
|
|t:|1647948105
|move|p2a: Dwebble|Stealth Rock|p1a: Tyranitar
|-sidestart|p1: 85792195wwww|move: Stealth Rock
|move|p1a: Tyranitar|Dragon Dance|p1a: Tyranitar
|-boost|p1a: Tyranitar|atk|1
|-boost|p1a: Tyranitar|spe|1
|
|-weather|Sandstorm|[upkeep]
|upkeep
|turn|6
|
|t:|1647948117
|move|p2a: Dwebble|Knock Off|p1a: Tyranitar
|-resisted|p1a: Tyranitar
|-damage|p1a: Tyranitar|81/100
|-enditem|p1a: Tyranitar|Lum Berry|[from] move: Knock Off|[of] p2a: Dwebble
|move|p1a: Tyranitar|Dragon Dance|p1a: Tyranitar
|-boost|p1a: Tyranitar|atk|1
|-boost|p1a: Tyranitar|spe|1
|
|-weather|Sandstorm|[upkeep]
|upkeep
|turn|7
|
|t:|1647948127
|move|p1a: Tyranitar|Dragon Dance|p1a: Tyranitar
|-boost|p1a: Tyranitar|atk|1
|-boost|p1a: Tyranitar|spe|1
|move|p2a: Dwebble|Spikes|p1a: Tyranitar
|-sidestart|p1: 85792195wwww|Spikes
|
|-weather|Sandstorm|[upkeep]
|upkeep
|turn|8
|
|t:|1647948139
|move|p1a: Tyranitar|Dragon Dance|p1a: Tyranitar
|-boost|p1a: Tyranitar|atk|1
|-boost|p1a: Tyranitar|spe|1
|move|p2a: Dwebble|Spikes|p1a: Tyranitar
|-sidestart|p1: 85792195wwww|Spikes
|
|-weather|none
|upkeep
|turn|9
|
|t:|1647948151
|switch|p2a: Xerneas|Xerneas|100/100
|-damage|p2a: Xerneas|88/100|[from] Spikes
|-ability|p2a: Xerneas|Fairy Aura
|move|p1a: Tyranitar|Crunch|p2a: Xerneas
|-resisted|p2a: Xerneas
|-damage|p2a: Xerneas|35/100
|
|upkeep
|turn|10
|
|t:|1647948160
|move|p1a: Tyranitar|Crunch|p2a: Xerneas
|-resisted|p2a: Xerneas
|-damage|p2a: Xerneas|0 fnt
|faint|p2a: Xerneas
|
|upkeep
|
|t:|1647948166
|switch|p2a: Necrozma|Necrozma-Dusk-Mane|100/100
|-damage|p2a: Necrozma|88/100|[from] Spikes
|turn|11
|
|t:|1647948170
|move|p1a: Tyranitar|Crunch|p2a: Necrozma
|-supereffective|p2a: Necrozma
|-damage|p2a: Necrozma|0 fnt
|faint|p2a: Necrozma
|
|upkeep
|-message|caionamax forfeited.
|
|win|85792195wwww
|raw|85792195wwww's rating: 1618 &rarr; <strong>1632</strong><br />(+14 for winning)
|raw|caionamax's rating: 1513 &rarr; <strong>1499</strong><br />(-14 for losing)
|l|☆caionamax
