|j|☆LD8 nvzhuangkeai
|j|☆ban123456
|t:|1661056755
|gametype|singles
|player|p1|LD8 nvzhuangkeai|dawn|1608
|player|p2|ban123456|fisherman|1491
|teamsize|p1|6
|teamsize|p2|6
|gen|8
|tier|[Gen 8] Ubers
|rated|
|rule|Sleep Clause Mod: Limit one foe put to sleep
|rule|Species Clause: Limit one of each Pokémon
|rule|OHKO Clause: OHKO moves are banned
|rule|Evasion Items Clause: Evasion items are banned
|rule|Evasion Moves Clause: Evasion moves are banned
|rule|Endless Battle Clause: Forcing endless battles is banned
|rule|HP Percentage Mod: HP is shown in percentages
|rule|Dynamax Clause: You cannot dynamax
|clearpoke
|poke|p1|Necrozma-Dusk-Mane|
|poke|p1|Eternatus|
|poke|p1|Yveltal|
|poke|p1|Clefable, M|
|poke|p1|Dialga|
|poke|p1|Zygarde|
|poke|p2|Shuckle, M|
|poke|p2|Necrozma-Dusk-Mane|
|poke|p2|Marshadow|
|poke|p2|Weavile, M|
|poke|p2|Groudon|
|poke|p2|Yveltal|
|teampreview
|inactive|Battle timer is ON: inactive players will automatically lose when time's up. (requested by ban123456)
|
|t:|1661056762
|start
|switch|p1a: Necrozma|Necrozma-Dusk-Mane|100/100
|switch|p2a: Shuckle|Shuckle, M, shiny|100/100
|turn|1
|
|t:|1661056773
|move|p1a: Necrozma|Sunsteel Strike|p2a: Shuckle
|-supereffective|p2a: Shuckle
|-damage|p2a: Shuckle|19/100
|-enditem|p2a: Shuckle|Red Card|[of] p1a: Necrozma
|drag|p1a: Clefable|Clefable, M|100/100
|move|p2a: Shuckle|Sticky Web|p1a: Clefable
|-sidestart|p1: LD8 nvzhuangkeai|move: Sticky Web
|
|upkeep
|turn|2
|
|t:|1661056779
|move|p1a: Clefable|Moonblast|p2a: Shuckle
|-damage|p2a: Shuckle|0 fnt
|faint|p2a: Shuckle
|
|upkeep
|
|t:|1661056784
|switch|p2a: Necrozma|Necrozma-Dusk-Mane|100/100
|turn|3
|
|t:|1661056790
|switch|p1a: Zygarde|Zygarde|100/100
|-activate|p1a: Zygarde|move: Sticky Web
|-unboost|p1a: Zygarde|spe|1
|move|p2a: Necrozma|Dragon Dance|p2a: Necrozma
|-boost|p2a: Necrozma|atk|1
|-boost|p2a: Necrozma|spe|1
|
|upkeep
|turn|4
|
|t:|1661056796
|move|p2a: Necrozma|Sunsteel Strike|p1a: Zygarde
|-damage|p1a: Zygarde|32/100
|move|p1a: Zygarde|Coil|p1a: Zygarde
|-boost|p1a: Zygarde|atk|1
|-boost|p1a: Zygarde|def|1
|-boost|p1a: Zygarde|accuracy|1
|
|-heal|p1a: Zygarde|38/100|[from] item: Leftovers
|-activate|p1a: Zygarde|ability: Power Construct
|detailschange|p1a: Zygarde|Zygarde-Complete
|-heal|p1a: Zygarde|61/100|[silent]
|upkeep
|turn|5
|
|t:|1661056800
|move|p2a: Necrozma|Dragon Dance|p2a: Necrozma
|-boost|p2a: Necrozma|atk|1
|-boost|p2a: Necrozma|spe|1
|move|p1a: Zygarde|Thousand Waves|p2a: Necrozma
|-supereffective|p2a: Necrozma
|-damage|p2a: Necrozma|24/100
|-activate|p2a: Necrozma|trapped
|
|-heal|p1a: Zygarde|67/100|[from] item: Leftovers
|upkeep
|turn|6
|
|t:|1661056812
|move|p2a: Necrozma|Sunsteel Strike|p1a: Zygarde
|-damage|p1a: Zygarde|30/100
|move|p1a: Zygarde|Thousand Waves|p2a: Necrozma
|-supereffective|p2a: Necrozma
|-damage|p2a: Necrozma|0 fnt
|faint|p2a: Necrozma
|
|-heal|p1a: Zygarde|36/100|[from] item: Leftovers
|upkeep
|
|t:|1661056816
|switch|p2a: Marshadow|Marshadow|100/100
|turn|7
|
|t:|1661056842
|switch|p1a: Dialga|Dialga|100/100
|-activate|p1a: Dialga|move: Sticky Web
|-unboost|p1a: Dialga|spe|1
|-ability|p1a: Dialga|Pressure
|move|p2a: Marshadow|Spectral Thief|p1a: Dialga
|-damage|p1a: Dialga|56/100
|-damage|p2a: Marshadow|91/100|[from] item: Life Orb
|
|-heal|p1a: Dialga|62/100|[from] item: Leftovers
|upkeep
|turn|8
|
|t:|1661056854
|move|p2a: Marshadow|Bulk Up|p2a: Marshadow
|-boost|p2a: Marshadow|atk|1
|-boost|p2a: Marshadow|def|1
|move|p1a: Dialga|Dragon Breath|p2a: Marshadow
|-damage|p2a: Marshadow|58/100
|
|-heal|p1a: Dialga|68/100|[from] item: Leftovers
|upkeep
|turn|9
|
|t:|1661056869
|move|p2a: Marshadow|Low Kick|p1a: Dialga
|-supereffective|p1a: Dialga
|-crit|p1a: Dialga
|-damage|p1a: Dialga|0 fnt
|faint|p1a: Dialga
|-damage|p2a: Marshadow|48/100|[from] item: Life Orb
|
|upkeep
|
|t:|1661056875
|switch|p1a: Eternatus|Eternatus|100/100
|-activate|p1a: Eternatus|move: Sticky Web
|-unboost|p1a: Eternatus|spe|1
|-ability|p1a: Eternatus|Pressure
|turn|10
|l|☆LD8 nvzhuangkeai
|inactive|LD8 nvzhuangkeai disconnected and has a minute to reconnect!
|player|p1|
|
|t:|1661056900
|move|p2a: Marshadow|Spectral Thief|p1a: Eternatus
|-damage|p1a: Eternatus|15/100
|-damage|p2a: Marshadow|38/100|[from] item: Life Orb
|move|p1a: Eternatus|Dragon Pulse|p2a: Marshadow
|-damage|p2a: Marshadow|0 fnt
|faint|p2a: Marshadow
|
|upkeep
|
|t:|1661056902
|switch|p2a: Weavile|Weavile, M, shiny|100/100
|-ability|p2a: Weavile|Pressure
|turn|11
|inactive|LD8 nvzhuangkeai has 30 seconds to reconnect!
|j|☆LD8 nvzhuangkeai
|inactive|LD8 nvzhuangkeai reconnected and has 120 seconds left.
|player|p1|LD8 nvzhuangkeai|dawn
|
|t:|1661056937
|move|p2a: Weavile|Swords Dance|p2a: Weavile
|-boost|p2a: Weavile|atk|2
|move|p1a: Eternatus|Meteor Beam||[still]
|-prepare|p1a: Eternatus|Meteor Beam
|-boost|p1a: Eternatus|spa|1
|-enditem|p1a: Eternatus|Power Herb
|-anim|p1a: Eternatus|Meteor Beam|p2a: Weavile
|-supereffective|p2a: Weavile
|-enditem|p2a: Weavile|Focus Sash
|-damage|p2a: Weavile|1/100
|
|upkeep
|turn|12
|inactive|LD8 nvzhuangkeai has 120 seconds left.
|
|t:|1661056958
|move|p2a: Weavile|Knock Off|p1a: Eternatus
|-damage|p1a: Eternatus|0 fnt
|faint|p1a: Eternatus
|
|upkeep
|inactive|LD8 nvzhuangkeai has 120 seconds left.
|
|t:|1661056964
|switch|p1a: Necrozma|Necrozma-Dusk-Mane|100/100
|-activate|p1a: Necrozma|move: Sticky Web
|-unboost|p1a: Necrozma|spe|1
|turn|13
|
|t:|1661056972
|move|p2a: Weavile|Knock Off|p1a: Necrozma
|-supereffective|p1a: Necrozma
|-damage|p1a: Necrozma|0 fnt
|-enditem|p1a: Necrozma|Metal Coat|[from] move: Knock Off|[of] p2a: Weavile
|faint|p1a: Necrozma
|
|upkeep
|
|t:|1661056975
|switch|p1a: Yveltal|Yveltal|100/100
|-ability|p1a: Yveltal|Dark Aura
|turn|14
|
|t:|1661056977
|move|p1a: Yveltal|Sucker Punch||[still]
|-fail|p1a: Yveltal
|move|p2a: Weavile|Swords Dance|p2a: Weavile
|-boost|p2a: Weavile|atk|2
|
|upkeep
|turn|15
|
|t:|1661056983
|move|p2a: Weavile|Ice Shard|p1a: Yveltal
|-supereffective|p1a: Yveltal
|-damage|p1a: Yveltal|0 fnt
|faint|p1a: Yveltal
|
|upkeep
|-message|LD8 nvzhuangkeai forfeited.
|
|win|ban123456
|raw|LD8 nvzhuangkeai's rating: 1608 &rarr; <strong>1582</strong><br />(-26 for losing)
|raw|ban123456's rating: 1491 &rarr; <strong>1517</strong><br />(+26 for winning)
|l|☆LD8 nvzhuangkeai
