|j|☆Pika Sup
|j|☆Cnry
|inactive|Battle timer is ON: inactive players will automatically lose when time's up.
|t:|1669450136
|gametype|singles
|player|p1|Pika Sup|elaine|
|player|p2|Cnry|hugh|
|teamsize|p1|6
|teamsize|p2|6
|gen|8
|tier|[Gen 8] Ubers
|rated|Tournament battle
|rule|Sleep Clause Mod: Limit one foe put to sleep
|rule|Species Clause: Limit one of each Pokémon
|rule|OHKO Clause: OHKO moves are banned
|rule|Evasion Items Clause: Evasion items are banned
|rule|Evasion Moves Clause: Evasion moves are banned
|rule|Endless Battle Clause: Forcing endless battles is banned
|rule|HP Percentage Mod: HP is shown in percentages
|rule|Dynamax Clause: You cannot dynamax
|rule|2 Ability Clause: Limit 2 of each ability
|clearpoke
|poke|p1|Necrozma-Dusk-Mane|
|poke|p1|Eternatus|
|poke|p1|Xerneas-*|
|poke|p1|Rayquaza|
|poke|p1|Pheromosa|
|poke|p1|Zekrom|
|poke|p2|Kyogre|
|poke|p2|Yveltal|
|poke|p2|Eternatus|
|poke|p2|Xerneas-*|
|poke|p2|Rayquaza|
|poke|p2|Necrozma-Dusk-Mane|
|teampreview
|j|*Lady Monita ☽
|inactive|Pika Sup also wants the timer to be on.
|inactive|Cnry also wants the timer to be on.
|c|☆Cnry|glhf
|j| not missing now
|c|☆Pika Sup|Glhf
|
|t:|1669450149
|start
|switch|p1a: Necrozma|Necrozma-Dusk-Mane|100/100
|switch|p2a: Yveltal|Yveltal|100/100
|turn|1
|inactive|Pika Sup has 120 seconds left.
|
|t:|1669450183
|move|p1a: Necrozma|Reflect|p1a: Necrozma
|-sidestart|p1: Pika Sup|Reflect
|move|p2a: Yveltal|Dark Pulse|p1a: Necrozma
|-supereffective|p1a: Necrozma
|-damage|p1a: Necrozma|0 fnt
|faint|p1a: Necrozma
|-damage|p2a: Yveltal|91/100|[from] item: Life Orb
|
|upkeep
|inactive|Pika Sup has 120 seconds left.
|
|t:|1669450198
|switch|p1a: Eternatus|Eternatus|100/100
|turn|2
|
|t:|1669450205
|switch|p2a: Eternatus|Eternatus|100/100
|move|p1a: Eternatus|Meteor Beam||[still]
|-prepare|p1a: Eternatus|Meteor Beam
|-boost|p1a: Eternatus|spa|1
|-enditem|p1a: Eternatus|Power Herb
|-anim|p1a: Eternatus|Meteor Beam|p2a: Eternatus|[miss]
|-miss|p1a: Eternatus|p2a: Eternatus
|
|upkeep
|turn|3
|
|t:|1669450211
|move|p2a: Eternatus|Toxic|p1a: Eternatus
|-status|p1a: Eternatus|tox
|move|p1a: Eternatus|Dynamax Cannon|p2a: Eternatus
|-supereffective|p2a: Eternatus
|-crit|p2a: Eternatus
|-damage|p2a: Eternatus|0 fnt
|faint|p2a: Eternatus
|
|-damage|p1a: Eternatus|94/100 tox|[from] psn
|upkeep
|
|t:|1669450230
|switch|p2a: Necrozma|Necrozma-Dusk-Mane|100/100
|turn|4
|
|t:|1669450234
|switch|p2a: Kyogre|Kyogre|100/100
|-weather|PrimordialSea|[from] ability: Primordial Sea|[of] p2a: Kyogre
|move|p1a: Eternatus|Flamethrower||[still]
|-fail|p1a: Eternatus|Flamethrower|[from] Primordial Sea
|
|-weather|PrimordialSea|[upkeep]
|-damage|p1a: Eternatus|82/100 tox|[from] psn
|upkeep
|turn|5
|
|t:|1669450241
|-weather|none
|switch|p2a: Xerneas|Xerneas|100/100
|move|p1a: Eternatus|Dynamax Cannon|p2a: Xerneas
|-immune|p2a: Xerneas
|
|-damage|p1a: Eternatus|63/100 tox|[from] psn
|upkeep
|turn|6
|
|t:|1669450247
|move|p1a: Eternatus|Flamethrower|p2a: Xerneas
|-damage|p2a: Xerneas|58/100
|move|p2a: Xerneas|Geomancy||[still]
|-prepare|p2a: Xerneas|Geomancy
|-enditem|p2a: Xerneas|Power Herb
|-anim|p2a: Xerneas|Geomancy|p2a: Xerneas
|-boost|p2a: Xerneas|spa|2
|-boost|p2a: Xerneas|spd|2
|-boost|p2a: Xerneas|spe|2
|
|-damage|p1a: Eternatus|39/100 tox|[from] psn
|upkeep
|turn|7
|j| m1c0l45h
|
|t:|1669450257
|move|p2a: Xerneas|Moonblast|p1a: Eternatus
|-damage|p1a: Eternatus|0 fnt
|faint|p1a: Eternatus
|
|upkeep
|
|t:|1669450261
|switch|p1a: Rayquaza|Rayquaza|100/100
|turn|8
|
|t:|1669450263
|move|p1a: Rayquaza|Extreme Speed|p2a: Xerneas
|-damage|p2a: Xerneas|0 fnt
|faint|p2a: Xerneas
|-damage|p1a: Rayquaza|91/100|[from] item: Life Orb
|
|-sideend|p1: Pika Sup|Reflect
|upkeep
|
|t:|1669450269
|switch|p2a: Yveltal|Yveltal|91/100
|turn|9
|
|t:|1669450280
|move|p2a: Yveltal|Oblivion Wing|p1a: Rayquaza
|-damage|p1a: Rayquaza|10/100
|-heal|p2a: Yveltal|100/100|[from] drain|[of] p1a: Rayquaza
|-damage|p2a: Yveltal|91/100|[from] item: Life Orb
|move|p1a: Rayquaza|Stone Edge|p2a: Yveltal
|-supereffective|p2a: Yveltal
|-damage|p2a: Yveltal|0 fnt
|faint|p2a: Yveltal
|-damage|p1a: Rayquaza|0 fnt|[from] item: Life Orb
|faint|p1a: Rayquaza
|
|upkeep
|
|t:|1669450290
|switch|p2a: Necrozma|Necrozma-Dusk-Mane|100/100
|switch|p1a: Pheromosa|Pheromosa|100/100
|turn|10
|
|t:|1669450299
|move|p1a: Pheromosa|Close Combat|p2a: Necrozma
|-damage|p2a: Necrozma|29/100
|-unboost|p1a: Pheromosa|def|1
|-unboost|p1a: Pheromosa|spd|1
|move|p2a: Necrozma|Photon Geyser|p1a: Pheromosa
|-supereffective|p1a: Pheromosa
|-damage|p1a: Pheromosa|0 fnt
|faint|p1a: Pheromosa
|
|-heal|p2a: Necrozma|35/100|[from] item: Leftovers
|upkeep
|
|t:|1669450304
|switch|p1a: Zekrom|Zekrom|100/100
|turn|11
|
|t:|1669450312
|move|p1a: Zekrom|Dragon Dance|p1a: Zekrom
|-boost|p1a: Zekrom|atk|1
|-boost|p1a: Zekrom|spe|1
|move|p2a: Necrozma|Earthquake|p1a: Zekrom
|-supereffective|p1a: Zekrom
|-damage|p1a: Zekrom|24/100
|
|-heal|p2a: Necrozma|41/100|[from] item: Leftovers
|upkeep
|turn|12
|
|t:|1669450318
|move|p1a: Zekrom|Bolt Strike|p2a: Necrozma
|-damage|p2a: Necrozma|0 fnt
|faint|p2a: Necrozma
|-damage|p1a: Zekrom|14/100|[from] item: Life Orb
|
|upkeep
|
|t:|1669450320
|switch|p2a: Rayquaza|Rayquaza|100/100
|turn|13
|
|t:|1669450326
|move|p2a: Rayquaza|Extreme Speed|p1a: Zekrom
|-resisted|p1a: Zekrom
|-damage|p1a: Zekrom|0 fnt
|faint|p1a: Zekrom
|-damage|p2a: Rayquaza|91/100|[from] item: Life Orb
|
|upkeep
|
|t:|1669450328
|switch|p1a: Xerneas|Xerneas|100/100
|turn|14
|
|t:|1669450351
|move|p2a: Rayquaza|Extreme Speed|p1a: Xerneas
|-damage|p1a: Xerneas|27/100
|-damage|p2a: Rayquaza|81/100|[from] item: Life Orb
|move|p1a: Xerneas|Moonblast|p2a: Rayquaza
|-supereffective|p2a: Rayquaza
|-damage|p2a: Rayquaza|0 fnt
|faint|p2a: Rayquaza
|
|upkeep
|
|t:|1669450356
|switch|p2a: Kyogre|Kyogre|100/100
|-weather|PrimordialSea|[from] ability: Primordial Sea|[of] p2a: Kyogre
|turn|15
|c|☆Pika Sup|Gg
|
|t:|1669450361
|move|p2a: Kyogre|Origin Pulse|p1a: Xerneas|[miss]
|-miss|p2a: Kyogre|p1a: Xerneas
|move|p1a: Xerneas|Moonblast|p2a: Kyogre
|-damage|p2a: Kyogre|58/100
|
|-weather|PrimordialSea|[upkeep]
|upkeep
|turn|16
|c|☆Cnry|ggwp
|
|t:|1669450367
|move|p2a: Kyogre|Origin Pulse|p1a: Xerneas|[miss]
|-miss|p2a: Kyogre|p1a: Xerneas
|move|p1a: Xerneas|Thunder|p2a: Kyogre
|-supereffective|p2a: Kyogre
|-damage|p2a: Kyogre|0 fnt
|faint|p2a: Kyogre
|-weather|none
|
|win|Pika Sup
|n|☆Pika Sup|pikasup
|n|☆Cnry|cnry
|n|*Lady Monita ☽|ladymonita
|n| not missing now|notmissingnow
|n| m1c0l45h|m1c0l45h
