|j|☆FearNeverDies
|j|☆Holy Flatemo
|t:|1624341039
|gametype|singles
|player|p1|FearNeverDies|lyra|
|player|p2|Holy Flatemo|evelyn|
|teamsize|p1|6
|teamsize|p2|6
|gen|8
|tier|[Gen 8] Ubers
|rated|Tournament battle
|rule|Sleep Clause Mod: Limit one foe put to sleep
|rule|Species Clause: Limit one of each Pokémon
|rule|OHKO Clause: OHKO moves are banned
|rule|Evasion Moves Clause: Evasion moves are banned
|rule|Endless Battle Clause: Forcing endless battles is banned
|rule|HP Percentage Mod: HP is shown in percentages
|rule|Dynamax Clause: You cannot dynamax
|clearpoke
|poke|p1|Tyranitar, M|
|poke|p1|Giratina|
|poke|p1|Eternatus|
|poke|p1|Ho-Oh|
|poke|p1|Calyrex-Ice|
|poke|p1|Blissey, F|
|poke|p2|Kyogre|
|poke|p2|Dracovish|
|poke|p2|Necrozma-Dusk-Mane|
|poke|p2|Eternatus|
|poke|p2|Yveltal|
|poke|p2|Zygarde|
|teampreview
|inactive|Battle timer is ON: inactive players will automatically lose when time's up. (requested by Holy Flatemo)
|c|☆FearNeverDies|gl
|c|☆Holy Flatemo|cool
|c|☆Holy Flatemo|u2
|
|t:|1624341052
|start
|switch|p1a: Blissey|Blissey, F|100/100
|switch|p2a: Kyogre|Kyogre|100/100
|-weather|RainDance|[from] ability: Drizzle|[of] p2a: Kyogre
|turn|1
|
|t:|1624341058
|move|p2a: Kyogre|Block|p1a: Blissey
|-activate|p1a: Blissey|trapped
|move|p1a: Blissey|Seismic Toss|p2a: Kyogre
|-damage|p2a: Kyogre|76/100
|
|-weather|RainDance|[upkeep]
|-heal|p2a: Kyogre|82/100|[from] item: Leftovers
|upkeep
|turn|2
|
|t:|1624341070
|move|p2a: Kyogre|Rest|p2a: Kyogre
|-status|p2a: Kyogre|slp|[from] move: Rest
|-heal|p2a: Kyogre|100/100 slp|[silent]
|move|p1a: Blissey|Seismic Toss|p2a: Kyogre
|-damage|p2a: Kyogre|76/100 slp
|
|-weather|RainDance|[upkeep]
|-heal|p2a: Kyogre|82/100 slp|[from] item: Leftovers
|upkeep
|turn|3
|
|t:|1624341075
|cant|p2a: Kyogre|slp
|move|p1a: Blissey|Seismic Toss|p2a: Kyogre
|-damage|p2a: Kyogre|57/100 slp
|
|-weather|RainDance|[upkeep]
|-heal|p2a: Kyogre|63/100 slp|[from] item: Leftovers
|upkeep
|turn|4
|
|t:|1624341079
|cant|p2a: Kyogre|slp
|move|p1a: Blissey|Seismic Toss|p2a: Kyogre
|-damage|p2a: Kyogre|39/100 slp
|
|-weather|RainDance|[upkeep]
|-heal|p2a: Kyogre|45/100 slp|[from] item: Leftovers
|upkeep
|turn|5
|
|t:|1624341081
|-curestatus|p2a: Kyogre|slp|[msg]
|move|p2a: Kyogre|Rest|p2a: Kyogre
|-status|p2a: Kyogre|slp|[from] move: Rest
|-heal|p2a: Kyogre|100/100 slp|[silent]
|move|p1a: Blissey|Seismic Toss|p2a: Kyogre
|-damage|p2a: Kyogre|76/100 slp
|
|-weather|none
|-heal|p2a: Kyogre|82/100 slp|[from] item: Leftovers
|upkeep
|turn|6
|
|t:|1624341083
|cant|p2a: Kyogre|slp
|move|p1a: Blissey|Seismic Toss|p2a: Kyogre
|-damage|p2a: Kyogre|57/100 slp
|
|-heal|p2a: Kyogre|63/100 slp|[from] item: Leftovers
|upkeep
|turn|7
|
|t:|1624341086
|cant|p2a: Kyogre|slp
|move|p1a: Blissey|Seismic Toss|p2a: Kyogre
|-damage|p2a: Kyogre|39/100 slp
|
|-heal|p2a: Kyogre|45/100 slp|[from] item: Leftovers
|upkeep
|turn|8
|
|t:|1624341088
|-curestatus|p2a: Kyogre|slp|[msg]
|move|p2a: Kyogre|Rest|p2a: Kyogre
|-status|p2a: Kyogre|slp|[from] move: Rest
|-heal|p2a: Kyogre|100/100 slp|[silent]
|move|p1a: Blissey|Seismic Toss|p2a: Kyogre
|-damage|p2a: Kyogre|76/100 slp
|
|-heal|p2a: Kyogre|82/100 slp|[from] item: Leftovers
|upkeep
|turn|9
|
|t:|1624341090
|cant|p2a: Kyogre|slp
|move|p1a: Blissey|Seismic Toss|p2a: Kyogre
|-damage|p2a: Kyogre|57/100 slp
|
|-heal|p2a: Kyogre|63/100 slp|[from] item: Leftovers
|upkeep
|turn|10
|
|t:|1624341095
|cant|p2a: Kyogre|slp
|move|p1a: Blissey|Seismic Toss|p2a: Kyogre
|-damage|p2a: Kyogre|39/100 slp
|
|-heal|p2a: Kyogre|45/100 slp|[from] item: Leftovers
|upkeep
|turn|11
|
|t:|1624341097
|-curestatus|p2a: Kyogre|slp|[msg]
|move|p2a: Kyogre|Rest|p2a: Kyogre
|-status|p2a: Kyogre|slp|[from] move: Rest
|-heal|p2a: Kyogre|100/100 slp|[silent]
|move|p1a: Blissey|Seismic Toss|p2a: Kyogre
|-damage|p2a: Kyogre|76/100 slp
|
|-heal|p2a: Kyogre|82/100 slp|[from] item: Leftovers
|upkeep
|turn|12
|
|t:|1624341099
|cant|p2a: Kyogre|slp
|move|p1a: Blissey|Seismic Toss|p2a: Kyogre
|-damage|p2a: Kyogre|57/100 slp
|
|-heal|p2a: Kyogre|63/100 slp|[from] item: Leftovers
|upkeep
|turn|13
|
|t:|1624341100
|cant|p2a: Kyogre|slp
|move|p1a: Blissey|Seismic Toss|p2a: Kyogre
|-damage|p2a: Kyogre|39/100 slp
|
|-heal|p2a: Kyogre|45/100 slp|[from] item: Leftovers
|upkeep
|turn|14
|
|t:|1624341102
|-curestatus|p2a: Kyogre|slp|[msg]
|move|p2a: Kyogre|Rest|p2a: Kyogre
|-status|p2a: Kyogre|slp|[from] move: Rest
|-heal|p2a: Kyogre|100/100 slp|[silent]
|move|p1a: Blissey|Seismic Toss|p2a: Kyogre
|-damage|p2a: Kyogre|76/100 slp
|
|-heal|p2a: Kyogre|82/100 slp|[from] item: Leftovers
|upkeep
|turn|15
|
|t:|1624341104
|cant|p2a: Kyogre|slp
|move|p1a: Blissey|Seismic Toss|p2a: Kyogre
|-damage|p2a: Kyogre|57/100 slp
|
|-heal|p2a: Kyogre|63/100 slp|[from] item: Leftovers
|upkeep
|turn|16
|
|t:|1624341107
|cant|p2a: Kyogre|slp
|move|p1a: Blissey|Seismic Toss|p2a: Kyogre
|-damage|p2a: Kyogre|39/100 slp
|
|-heal|p2a: Kyogre|45/100 slp|[from] item: Leftovers
|upkeep
|turn|17
|
|t:|1624341108
|-curestatus|p2a: Kyogre|slp|[msg]
|move|p2a: Kyogre|Rest|p2a: Kyogre
|-status|p2a: Kyogre|slp|[from] move: Rest
|-heal|p2a: Kyogre|100/100 slp|[silent]
|move|p1a: Blissey|Seismic Toss|p2a: Kyogre
|-damage|p2a: Kyogre|76/100 slp
|
|-heal|p2a: Kyogre|82/100 slp|[from] item: Leftovers
|upkeep
|turn|18
|
|t:|1624341110
|cant|p2a: Kyogre|slp
|move|p1a: Blissey|Seismic Toss|p2a: Kyogre
|-damage|p2a: Kyogre|57/100 slp
|
|-heal|p2a: Kyogre|63/100 slp|[from] item: Leftovers
|upkeep
|turn|19
|
|t:|1624341112
|cant|p2a: Kyogre|slp
|move|p1a: Blissey|Seismic Toss|p2a: Kyogre
|-damage|p2a: Kyogre|39/100 slp
|
|-heal|p2a: Kyogre|45/100 slp|[from] item: Leftovers
|upkeep
|turn|20
|
|t:|1624341114
|-curestatus|p2a: Kyogre|slp|[msg]
|move|p2a: Kyogre|Rest|p2a: Kyogre
|-status|p2a: Kyogre|slp|[from] move: Rest
|-heal|p2a: Kyogre|100/100 slp|[silent]
|move|p1a: Blissey|Seismic Toss|p2a: Kyogre
|-damage|p2a: Kyogre|76/100 slp
|
|-heal|p2a: Kyogre|82/100 slp|[from] item: Leftovers
|upkeep
|turn|21
|
|t:|1624341116
|cant|p2a: Kyogre|slp
|move|p1a: Blissey|Seismic Toss|p2a: Kyogre
|-damage|p2a: Kyogre|57/100 slp
|
|-heal|p2a: Kyogre|63/100 slp|[from] item: Leftovers
|upkeep
|turn|22
|
|t:|1624341118
|cant|p2a: Kyogre|slp
|move|p1a: Blissey|Seismic Toss|p2a: Kyogre
|-damage|p2a: Kyogre|39/100 slp
|
|-heal|p2a: Kyogre|45/100 slp|[from] item: Leftovers
|upkeep
|turn|23
|
|t:|1624341120
|-curestatus|p2a: Kyogre|slp|[msg]
|move|p2a: Kyogre|Rest|p2a: Kyogre
|-status|p2a: Kyogre|slp|[from] move: Rest
|-heal|p2a: Kyogre|100/100 slp|[silent]
|move|p1a: Blissey|Seismic Toss|p2a: Kyogre
|-damage|p2a: Kyogre|76/100 slp
|
|-heal|p2a: Kyogre|82/100 slp|[from] item: Leftovers
|upkeep
|turn|24
|
|t:|1624341125
|cant|p2a: Kyogre|slp
|move|p1a: Blissey|Seismic Toss|p2a: Kyogre
|-damage|p2a: Kyogre|57/100 slp
|
|-heal|p2a: Kyogre|63/100 slp|[from] item: Leftovers
|upkeep
|turn|25
|
|t:|1624341131
|cant|p2a: Kyogre|slp
|move|p1a: Blissey|Seismic Toss|p2a: Kyogre
|-damage|p2a: Kyogre|39/100 slp
|
|-heal|p2a: Kyogre|45/100 slp|[from] item: Leftovers
|upkeep
|turn|26
|
|t:|1624341133
|-curestatus|p2a: Kyogre|slp|[msg]
|move|p2a: Kyogre|Rest|p2a: Kyogre
|-status|p2a: Kyogre|slp|[from] move: Rest
|-heal|p2a: Kyogre|100/100 slp|[silent]
|move|p1a: Blissey|Seismic Toss|p2a: Kyogre
|-damage|p2a: Kyogre|76/100 slp
|
|-heal|p2a: Kyogre|82/100 slp|[from] item: Leftovers
|upkeep
|turn|27
|
|t:|1624341151
|cant|p2a: Kyogre|slp
|move|p1a: Blissey|Seismic Toss|p2a: Kyogre
|-damage|p2a: Kyogre|57/100 slp
|
|-heal|p2a: Kyogre|63/100 slp|[from] item: Leftovers
|upkeep
|turn|28
|
|t:|1624341154
|cant|p2a: Kyogre|slp
|move|p1a: Blissey|Seismic Toss|p2a: Kyogre
|-damage|p2a: Kyogre|39/100 slp
|
|-heal|p2a: Kyogre|45/100 slp|[from] item: Leftovers
|upkeep
|turn|29
|
|t:|1624341158
|-curestatus|p2a: Kyogre|slp|[msg]
|move|p2a: Kyogre|Rest|p2a: Kyogre
|-status|p2a: Kyogre|slp|[from] move: Rest
|-heal|p2a: Kyogre|100/100 slp|[silent]
|move|p1a: Blissey|Seismic Toss|p2a: Kyogre
|-damage|p2a: Kyogre|76/100 slp
|
|-heal|p2a: Kyogre|82/100 slp|[from] item: Leftovers
|upkeep
|turn|30
|
|t:|1624341160
|cant|p2a: Kyogre|slp
|move|p1a: Blissey|Seismic Toss|p2a: Kyogre
|-damage|p2a: Kyogre|57/100 slp
|
|-heal|p2a: Kyogre|63/100 slp|[from] item: Leftovers
|upkeep
|turn|31
|
|t:|1624341162
|cant|p2a: Kyogre|slp
|move|p1a: Blissey|Seismic Toss|p2a: Kyogre
|-damage|p2a: Kyogre|39/100 slp
|
|-heal|p2a: Kyogre|45/100 slp|[from] item: Leftovers
|upkeep
|turn|32
|
|t:|1624341164
|-curestatus|p2a: Kyogre|slp|[msg]
|move|p2a: Kyogre|Rest|p2a: Kyogre
|-status|p2a: Kyogre|slp|[from] move: Rest
|-heal|p2a: Kyogre|100/100 slp|[silent]
|move|p1a: Blissey|Seismic Toss|p2a: Kyogre
|-damage|p2a: Kyogre|76/100 slp
|
|-heal|p2a: Kyogre|82/100 slp|[from] item: Leftovers
|upkeep
|turn|33
|
|t:|1624341166
|cant|p2a: Kyogre|slp
|move|p1a: Blissey|Confide|p2a: Kyogre
|-unboost|p2a: Kyogre|spa|1
|
|-heal|p2a: Kyogre|88/100 slp|[from] item: Leftovers
|upkeep
|turn|34
|
|t:|1624341169
|cant|p2a: Kyogre|slp
|move|p1a: Blissey|Confide|p2a: Kyogre
|-unboost|p2a: Kyogre|spa|1
|
|-heal|p2a: Kyogre|94/100 slp|[from] item: Leftovers
|upkeep
|turn|35
|
|t:|1624341173
|-curestatus|p2a: Kyogre|slp|[msg]
|move|p2a: Kyogre|Rest|p2a: Kyogre
|-status|p2a: Kyogre|slp|[from] move: Rest
|-heal|p2a: Kyogre|100/100 slp|[silent]
|move|p1a: Blissey|Confide|p2a: Kyogre
|-unboost|p2a: Kyogre|spa|1
|
|upkeep
|turn|36
|
|t:|1624341178
|cant|p2a: Kyogre|slp
|move|p1a: Blissey|Confide|p2a: Kyogre
|-unboost|p2a: Kyogre|spa|1
|
|upkeep
|turn|37
|
|t:|1624341184
|cant|p2a: Kyogre|slp
|move|p1a: Blissey|Confide|p2a: Kyogre
|-unboost|p2a: Kyogre|spa|1
|
|upkeep
|turn|38
|
|t:|1624341189
|-curestatus|p2a: Kyogre|slp|[msg]
|move|p2a: Kyogre|Block||[still]
|-fail|p2a: Kyogre
|move|p1a: Blissey|Confide|p2a: Kyogre
|-unboost|p2a: Kyogre|spa|1
|
|upkeep
|turn|39
|
|t:|1624341193
|move|p2a: Kyogre|Block||[still]
|-fail|p2a: Kyogre
|move|p1a: Blissey|Confide|p2a: Kyogre
|-unboost|p2a: Kyogre|spa|0
|
|upkeep
|turn|40
|
|t:|1624341195
|move|p2a: Kyogre|Block||[still]
|-fail|p2a: Kyogre
|move|p1a: Blissey|Confide|p2a: Kyogre
|-unboost|p2a: Kyogre|spa|0
|
|upkeep
|turn|41
|
|t:|1624341198
|move|p2a: Kyogre|Calm Mind|p2a: Kyogre
|-boost|p2a: Kyogre|spa|1
|-boost|p2a: Kyogre|spd|1
|move|p1a: Blissey|Confide|p2a: Kyogre
|-unboost|p2a: Kyogre|spa|1
|
|upkeep
|turn|42
|
|t:|1624341200
|move|p2a: Kyogre|Calm Mind|p2a: Kyogre
|-boost|p2a: Kyogre|spa|1
|-boost|p2a: Kyogre|spd|1
|move|p1a: Blissey|Confide|p2a: Kyogre
|-unboost|p2a: Kyogre|spa|1
|
|upkeep
|turn|43
|
|t:|1624341202
|move|p2a: Kyogre|Calm Mind|p2a: Kyogre
|-boost|p2a: Kyogre|spa|1
|-boost|p2a: Kyogre|spd|1
|move|p1a: Blissey|Confide|p2a: Kyogre
|-unboost|p2a: Kyogre|spa|1
|
|upkeep
|turn|44
|
|t:|1624341209
|move|p2a: Kyogre|Calm Mind|p2a: Kyogre
|-boost|p2a: Kyogre|spa|1
|-boost|p2a: Kyogre|spd|1
|move|p1a: Blissey|Confide|p2a: Kyogre
|-unboost|p2a: Kyogre|spa|1
|
|upkeep
|turn|45
|
|t:|1624341211
|move|p2a: Kyogre|Calm Mind|p2a: Kyogre
|-boost|p2a: Kyogre|spa|1
|-boost|p2a: Kyogre|spd|1
|move|p1a: Blissey|Confide|p2a: Kyogre
|-unboost|p2a: Kyogre|spa|1
|
|upkeep
|turn|46
|
|t:|1624341218
|move|p2a: Kyogre|Calm Mind|p2a: Kyogre
|-boost|p2a: Kyogre|spa|1
|-boost|p2a: Kyogre|spd|1
|move|p1a: Blissey|Confide|p2a: Kyogre
|-unboost|p2a: Kyogre|spa|1
|
|upkeep
|turn|47
|
|t:|1624341220
|move|p2a: Kyogre|Calm Mind|p2a: Kyogre
|-boost|p2a: Kyogre|spa|1
|-boost|p2a: Kyogre|spd|0
|move|p1a: Blissey|Confide|p2a: Kyogre
|-unboost|p2a: Kyogre|spa|1
|
|upkeep
|turn|48
|
|t:|1624341221
|move|p2a: Kyogre|Calm Mind|p2a: Kyogre
|-boost|p2a: Kyogre|spa|1
|-boost|p2a: Kyogre|spd|0
|move|p1a: Blissey|Confide|p2a: Kyogre
|-unboost|p2a: Kyogre|spa|1
|
|upkeep
|turn|49
|
|t:|1624341223
|move|p2a: Kyogre|Calm Mind|p2a: Kyogre
|-boost|p2a: Kyogre|spa|1
|-boost|p2a: Kyogre|spd|0
|move|p1a: Blissey|Confide|p2a: Kyogre
|-unboost|p2a: Kyogre|spa|1
|
|upkeep
|turn|50
|j| wjhfruej
|
|t:|1624341247
|move|p2a: Kyogre|Scald|p1a: Blissey
|-damage|p1a: Blissey|98/100
|move|p1a: Blissey|Confide|p2a: Kyogre
|-unboost|p2a: Kyogre|spa|0
|
|upkeep
|turn|51
|
|t:|1624341250
|move|p2a: Kyogre|Scald|p1a: Blissey
|-damage|p1a: Blissey|94/100
|move|p1a: Blissey|Confide|p2a: Kyogre
|-unboost|p2a: Kyogre|spa|0
|
|upkeep
|turn|52
|
|t:|1624341267
|move|p2a: Kyogre|Scald|p1a: Blissey
|-damage|p1a: Blissey|91/100
|move|p1a: Blissey|Confide|p2a: Kyogre
|-unboost|p2a: Kyogre|spa|0
|
|upkeep
|turn|53
|
|t:|1624341274
|move|p2a: Kyogre|Scald|p1a: Blissey
|-crit|p1a: Blissey
|-damage|p1a: Blissey|73/100
|-status|p1a: Blissey|brn
|move|p1a: Blissey|Confide|p2a: Kyogre
|-unboost|p2a: Kyogre|spa|0
|
|-damage|p1a: Blissey|67/100 brn|[from] brn
|upkeep
|turn|54
|
|t:|1624341280
|move|p2a: Kyogre|Calm Mind|p2a: Kyogre
|-boost|p2a: Kyogre|spa|1
|-boost|p2a: Kyogre|spd|0
|move|p1a: Blissey|Confide|p2a: Kyogre
|-unboost|p2a: Kyogre|spa|1
|
|-damage|p1a: Blissey|61/100 brn|[from] brn
|upkeep
|turn|55
|
|t:|1624341283
|move|p2a: Kyogre|Calm Mind|p2a: Kyogre
|-boost|p2a: Kyogre|spa|1
|-boost|p2a: Kyogre|spd|0
|move|p1a: Blissey|Confide|p2a: Kyogre
|-unboost|p2a: Kyogre|spa|1
|
|-damage|p1a: Blissey|55/100 brn|[from] brn
|upkeep
|turn|56
|
|t:|1624341285
|move|p2a: Kyogre|Calm Mind|p2a: Kyogre
|-boost|p2a: Kyogre|spa|1
|-boost|p2a: Kyogre|spd|0
|move|p1a: Blissey|Confide|p2a: Kyogre
|-unboost|p2a: Kyogre|spa|1
|
|-damage|p1a: Blissey|49/100 brn|[from] brn
|upkeep
|turn|57
|
|t:|1624341288
|move|p2a: Kyogre|Calm Mind|p2a: Kyogre
|-boost|p2a: Kyogre|spa|1
|-boost|p2a: Kyogre|spd|0
|move|p1a: Blissey|Confide|p2a: Kyogre
|-unboost|p2a: Kyogre|spa|1
|
|-damage|p1a: Blissey|43/100 brn|[from] brn
|upkeep
|turn|58
|
|t:|1624341290
|move|p2a: Kyogre|Calm Mind|p2a: Kyogre
|-boost|p2a: Kyogre|spa|1
|-boost|p2a: Kyogre|spd|0
|move|p1a: Blissey|Confide|p2a: Kyogre
|-unboost|p2a: Kyogre|spa|1
|
|-damage|p1a: Blissey|37/100 brn|[from] brn
|upkeep
|turn|59
|
|t:|1624341292
|move|p2a: Kyogre|Calm Mind|p2a: Kyogre
|-boost|p2a: Kyogre|spa|1
|-boost|p2a: Kyogre|spd|0
|move|p1a: Blissey|Confide|p2a: Kyogre
|-unboost|p2a: Kyogre|spa|1
|
|-damage|p1a: Blissey|30/100 brn|[from] brn
|upkeep
|turn|60
|
|t:|1624341296
|move|p2a: Kyogre|Calm Mind|p2a: Kyogre
|-boost|p2a: Kyogre|spa|1
|-boost|p2a: Kyogre|spd|0
|move|p1a: Blissey|Soft-Boiled|p1a: Blissey
|-heal|p1a: Blissey|80/100 brn
|
|-damage|p1a: Blissey|74/100 brn|[from] brn
|upkeep
|turn|61
|
|t:|1624341298
|move|p2a: Kyogre|Calm Mind|p2a: Kyogre
|-boost|p2a: Kyogre|spa|1
|-boost|p2a: Kyogre|spd|0
|move|p1a: Blissey|Confide|p2a: Kyogre
|-unboost|p2a: Kyogre|spa|1
|
|-damage|p1a: Blissey|68/100 brn|[from] brn
|upkeep
|turn|62
|
|t:|1624341303
|move|p2a: Kyogre|Scald|p1a: Blissey
|-damage|p1a: Blissey|64/100 brn
|move|p1a: Blissey|Confide|p2a: Kyogre
|-unboost|p2a: Kyogre|spa|1
|
|-damage|p1a: Blissey|58/100 brn|[from] brn
|upkeep
|turn|63
|
|t:|1624341307
|move|p2a: Kyogre|Scald|p1a: Blissey
|-damage|p1a: Blissey|55/100 brn
|move|p1a: Blissey|Confide|p2a: Kyogre
|-unboost|p2a: Kyogre|spa|0
|
|-damage|p1a: Blissey|49/100 brn|[from] brn
|upkeep
|turn|64
|
|t:|1624341311
|move|p2a: Kyogre|Scald|p1a: Blissey
|-damage|p1a: Blissey|46/100 brn
|move|p1a: Blissey|Confide|p2a: Kyogre
|-unboost|p2a: Kyogre|spa|0
|
|-damage|p1a: Blissey|40/100 brn|[from] brn
|upkeep
|turn|65
|
|t:|1624341316
|move|p2a: Kyogre|Calm Mind|p2a: Kyogre
|-boost|p2a: Kyogre|spa|1
|-boost|p2a: Kyogre|spd|0
|move|p1a: Blissey|Confide|p2a: Kyogre
|-unboost|p2a: Kyogre|spa|1
|
|-damage|p1a: Blissey|34/100 brn|[from] brn
|upkeep
|turn|66
|
|t:|1624341319
|move|p2a: Kyogre|Calm Mind|p2a: Kyogre
|-boost|p2a: Kyogre|spa|1
|-boost|p2a: Kyogre|spd|0
|move|p1a: Blissey|Soft-Boiled|p1a: Blissey
|-heal|p1a: Blissey|84/100 brn
|
|-damage|p1a: Blissey|78/100 brn|[from] brn
|upkeep
|turn|67
|
|t:|1624341321
|move|p2a: Kyogre|Calm Mind|p2a: Kyogre
|-boost|p2a: Kyogre|spa|1
|-boost|p2a: Kyogre|spd|0
|move|p1a: Blissey|Soft-Boiled|p1a: Blissey
|-heal|p1a: Blissey|100/100 brn
|
|-damage|p1a: Blissey|94/100 brn|[from] brn
|upkeep
|turn|68
|
|t:|1624341323
|move|p2a: Kyogre|Calm Mind|p2a: Kyogre
|-boost|p2a: Kyogre|spa|1
|-boost|p2a: Kyogre|spd|0
|move|p1a: Blissey|Soft-Boiled|p1a: Blissey
|-heal|p1a: Blissey|100/100 brn
|
|-damage|p1a: Blissey|94/100 brn|[from] brn
|upkeep
|turn|69
|
|t:|1624341326
|move|p2a: Kyogre|Calm Mind|p2a: Kyogre
|-boost|p2a: Kyogre|spa|1
|-boost|p2a: Kyogre|spd|0
|move|p1a: Blissey|Soft-Boiled|p1a: Blissey
|-heal|p1a: Blissey|100/100 brn
|
|-damage|p1a: Blissey|94/100 brn|[from] brn
|upkeep
|turn|70
|
|t:|1624341329
|move|p2a: Kyogre|Calm Mind|p2a: Kyogre
|-boost|p2a: Kyogre|spa|1
|-boost|p2a: Kyogre|spd|0
|move|p1a: Blissey|Soft-Boiled|p1a: Blissey
|-heal|p1a: Blissey|100/100 brn
|
|-damage|p1a: Blissey|94/100 brn|[from] brn
|upkeep
|turn|71
|
|t:|1624341332
|move|p2a: Kyogre|Calm Mind|p2a: Kyogre
|-boost|p2a: Kyogre|spa|1
|-boost|p2a: Kyogre|spd|0
|move|p1a: Blissey|Soft-Boiled|p1a: Blissey
|-heal|p1a: Blissey|100/100 brn
|
|-damage|p1a: Blissey|94/100 brn|[from] brn
|upkeep
|turn|72
|
|t:|1624341340
|move|p2a: Kyogre|Calm Mind|p2a: Kyogre
|-boost|p2a: Kyogre|spa|1
|-boost|p2a: Kyogre|spd|0
|move|p1a: Blissey|Soft-Boiled|p1a: Blissey
|-heal|p1a: Blissey|100/100 brn
|
|-damage|p1a: Blissey|94/100 brn|[from] brn
|upkeep
|turn|73
|
|t:|1624341342
|move|p2a: Kyogre|Calm Mind|p2a: Kyogre
|-boost|p2a: Kyogre|spa|1
|-boost|p2a: Kyogre|spd|0
|move|p1a: Blissey|Soft-Boiled|p1a: Blissey
|-heal|p1a: Blissey|100/100 brn
|
|-damage|p1a: Blissey|94/100 brn|[from] brn
|upkeep
|turn|74
|
|t:|1624341344
|move|p2a: Kyogre|Calm Mind|p2a: Kyogre
|-boost|p2a: Kyogre|spa|1
|-boost|p2a: Kyogre|spd|0
|move|p1a: Blissey|Soft-Boiled|p1a: Blissey
|-heal|p1a: Blissey|100/100 brn
|
|-damage|p1a: Blissey|94/100 brn|[from] brn
|upkeep
|turn|75
|
|t:|1624341347
|move|p2a: Kyogre|Calm Mind|p2a: Kyogre
|-boost|p2a: Kyogre|spa|1
|-boost|p2a: Kyogre|spd|0
|move|p1a: Blissey|Soft-Boiled|p1a: Blissey
|-heal|p1a: Blissey|100/100 brn
|
|-damage|p1a: Blissey|94/100 brn|[from] brn
|upkeep
|turn|76
|
|t:|1624341348
|move|p2a: Kyogre|Calm Mind|p2a: Kyogre
|-boost|p2a: Kyogre|spa|1
|-boost|p2a: Kyogre|spd|0
|move|p1a: Blissey|Soft-Boiled|p1a: Blissey
|-heal|p1a: Blissey|100/100 brn
|
|-damage|p1a: Blissey|94/100 brn|[from] brn
|upkeep
|turn|77
|
|t:|1624341350
|move|p2a: Kyogre|Calm Mind|p2a: Kyogre
|-boost|p2a: Kyogre|spa|1
|-boost|p2a: Kyogre|spd|0
|move|p1a: Blissey|Soft-Boiled|p1a: Blissey
|-heal|p1a: Blissey|100/100 brn
|
|-damage|p1a: Blissey|94/100 brn|[from] brn
|upkeep
|turn|78
|
|t:|1624341352
|move|p2a: Kyogre|Scald|p1a: Blissey
|-damage|p1a: Blissey|48/100 brn
|move|p1a: Blissey|Soft-Boiled|p1a: Blissey
|-heal|p1a: Blissey|98/100 brn
|
|-damage|p1a: Blissey|92/100 brn|[from] brn
|upkeep
|turn|79
|
|t:|1624341358
|move|p2a: Kyogre|Calm Mind|p2a: Kyogre
|-boost|p2a: Kyogre|spa|0
|-boost|p2a: Kyogre|spd|0
|move|p1a: Blissey|Aromatherapy|p1a: Blissey
|-activate|p1a: Blissey|move: Aromatherapy
|-curestatus|p1a: Blissey|brn|[msg]
|
|upkeep
|turn|80
|
|t:|1624341361
|move|p2a: Kyogre|Calm Mind|p2a: Kyogre
|-boost|p2a: Kyogre|spa|0
|-boost|p2a: Kyogre|spd|0
|move|p1a: Blissey|Aromatherapy||[still]
|-activate|p1a: Blissey|move: Aromatherapy
|-fail|p1a: Blissey
|
|upkeep
|turn|81
|
|t:|1624341363
|move|p2a: Kyogre|Scald|p1a: Blissey
|-damage|p1a: Blissey|42/100
|-status|p1a: Blissey|brn
|move|p1a: Blissey|Aromatherapy|p1a: Blissey
|-activate|p1a: Blissey|move: Aromatherapy
|-curestatus|p1a: Blissey|brn|[msg]
|
|upkeep
|turn|82
|
|t:|1624341366
|move|p2a: Kyogre|Scald|p1a: Blissey
|-damage|p1a: Blissey|0 fnt
|faint|p1a: Blissey
|
|upkeep
|
|t:|1624341368
|switch|p1a: Eternatus|Eternatus|100/100
|-ability|p1a: Eternatus|Pressure
|turn|83
|
|t:|1624341370
|move|p1a: Eternatus|Mystical Fire|p2a: Kyogre
|-resisted|p2a: Kyogre
|-damage|p2a: Kyogre|99/100
|-unboost|p2a: Kyogre|spa|1
|move|p2a: Kyogre|Block|p1a: Eternatus
|-activate|p1a: Eternatus|trapped
|
|-heal|p2a: Kyogre|100/100|[from] item: Leftovers
|upkeep
|turn|84
|
|t:|1624341374
|move|p1a: Eternatus|Mystical Fire|p2a: Kyogre
|-resisted|p2a: Kyogre
|-damage|p2a: Kyogre|99/100
|-unboost|p2a: Kyogre|spa|1
|move|p2a: Kyogre|Scald|p1a: Eternatus
|-resisted|p1a: Eternatus
|-damage|p1a: Eternatus|52/100
|-status|p1a: Eternatus|brn
|
|-heal|p2a: Kyogre|100/100|[from] item: Leftovers
|-damage|p1a: Eternatus|46/100 brn|[from] brn
|upkeep
|turn|85
|
|t:|1624341376
|move|p1a: Eternatus|Recover|p1a: Eternatus
|-heal|p1a: Eternatus|96/100 brn
|move|p2a: Kyogre|Scald|p1a: Eternatus
|-resisted|p1a: Eternatus
|-damage|p1a: Eternatus|53/100 brn
|
|-damage|p1a: Eternatus|47/100 brn|[from] brn
|upkeep
|turn|86
|j| PokeDuels
|
|t:|1624341380
|move|p1a: Eternatus|Recover|p1a: Eternatus
|-heal|p1a: Eternatus|97/100 brn
|move|p2a: Kyogre|Scald|p1a: Eternatus
|-resisted|p1a: Eternatus
|-damage|p1a: Eternatus|48/100 brn
|
|-damage|p1a: Eternatus|42/100 brn|[from] brn
|upkeep
|turn|87
|
|t:|1624341382
|move|p1a: Eternatus|Recover|p1a: Eternatus
|-heal|p1a: Eternatus|92/100 brn
|move|p2a: Kyogre|Scald|p1a: Eternatus
|-resisted|p1a: Eternatus
|-damage|p1a: Eternatus|44/100 brn
|
|-damage|p1a: Eternatus|38/100 brn|[from] brn
|upkeep
|turn|88
|
|t:|1624341385
|move|p1a: Eternatus|Recover|p1a: Eternatus
|-heal|p1a: Eternatus|88/100 brn
|move|p2a: Kyogre|Scald|p1a: Eternatus
|-resisted|p1a: Eternatus
|-damage|p1a: Eternatus|41/100 brn
|
|-damage|p1a: Eternatus|35/100 brn|[from] brn
|upkeep
|turn|89
|
|t:|1624341387
|move|p1a: Eternatus|Recover|p1a: Eternatus
|-heal|p1a: Eternatus|85/100 brn
|move|p2a: Kyogre|Scald|p1a: Eternatus
|-resisted|p1a: Eternatus
|-damage|p1a: Eternatus|40/100 brn
|
|-damage|p1a: Eternatus|34/100 brn|[from] brn
|upkeep
|turn|90
|
|t:|1624341390
|move|p1a: Eternatus|Recover|p1a: Eternatus
|-heal|p1a: Eternatus|84/100 brn
|move|p2a: Kyogre|Scald|p1a: Eternatus
|-resisted|p1a: Eternatus
|-damage|p1a: Eternatus|37/100 brn
|
|-damage|p1a: Eternatus|31/100 brn|[from] brn
|upkeep
|turn|91
|
|t:|1624341394
|move|p1a: Eternatus|Recover|p1a: Eternatus
|-heal|p1a: Eternatus|81/100 brn
|move|p2a: Kyogre|Block||[still]
|-fail|p2a: Kyogre
|
|-damage|p1a: Eternatus|75/100 brn|[from] brn
|upkeep
|turn|92
|
|t:|1624341399
|move|p1a: Eternatus|Recover|p1a: Eternatus
|-heal|p1a: Eternatus|100/100 brn
|move|p2a: Kyogre|Rest|p2a: Kyogre
|-fail|p2a: Kyogre|heal
|
|-damage|p1a: Eternatus|94/100 brn|[from] brn
|upkeep
|turn|93
|
|t:|1624341403
|move|p1a: Eternatus|Recover|p1a: Eternatus
|-heal|p1a: Eternatus|100/100 brn
|move|p2a: Kyogre|Rest|p2a: Kyogre
|-fail|p2a: Kyogre|heal
|
|-damage|p1a: Eternatus|94/100 brn|[from] brn
|upkeep
|turn|94
|
|t:|1624341409
|move|p1a: Eternatus|Recover|p1a: Eternatus
|-heal|p1a: Eternatus|100/100 brn
|move|p2a: Kyogre|Rest|p2a: Kyogre
|-fail|p2a: Kyogre|heal
|
|-damage|p1a: Eternatus|94/100 brn|[from] brn
|upkeep
|turn|95
|
|t:|1624341413
|switch|p2a: Necrozma|Necrozma-Dusk-Mane|100/100
|move|p1a: Eternatus|Mystical Fire|p2a: Necrozma
|-supereffective|p2a: Necrozma
|-damage|p2a: Necrozma|81/100
|-unboost|p2a: Necrozma|spa|1
|
|-damage|p1a: Eternatus|88/100 brn|[from] brn
|upkeep
|turn|96
|
|t:|1624341416
|switch|p1a: Ho-Oh|Ho-Oh|100/100
|switch|p2a: Kyogre|Kyogre|100/100
|-weather|RainDance|[from] ability: Drizzle|[of] p2a: Kyogre
|
|-weather|RainDance|[upkeep]
|upkeep
|turn|97
|c|☆FearNeverDies|oh no
|c|☆FearNeverDies|waht are you gonna do?
|
|t:|1624341425
|switch|p2a: Dracovish|Dracovish|100/100
|move|p1a: Ho-Oh|Thunder Wave|p2a: Dracovish
|-status|p2a: Dracovish|par
|
|-weather|RainDance|[upkeep]
|upkeep
|turn|98
|
|t:|1624341429
|switch|p1a: Eternatus|Eternatus|88/100 brn
|-ability|p1a: Eternatus|Pressure
|move|p2a: Dracovish|Fishious Rend|p1a: Eternatus
|-resisted|p1a: Eternatus
|-damage|p1a: Eternatus|9/100 brn
|
|-weather|RainDance|[upkeep]
|-damage|p1a: Eternatus|3/100 brn|[from] brn
|upkeep
|turn|99
|
|t:|1624341438
|switch|p2a: Zygarde|Zygarde|100/100
|move|p1a: Eternatus|Recover|p1a: Eternatus
|-heal|p1a: Eternatus|53/100 brn
|
|-weather|RainDance|[upkeep]
|-damage|p1a: Eternatus|47/100 brn|[from] brn
|upkeep
|turn|100
|
|t:|1624341446
|switch|p1a: Calyrex|Calyrex-Ice|100/100
|-ability|p1a: Calyrex|As One
|-ability|p1a: Calyrex|Unnerve
|move|p2a: Zygarde|Coil|p2a: Zygarde
|-boost|p2a: Zygarde|atk|1
|-boost|p2a: Zygarde|def|1
|-boost|p2a: Zygarde|accuracy|1
|
|-weather|none
|upkeep
|turn|101
|
|t:|1624341452
|move|p2a: Zygarde|Glare|p1a: Calyrex
|-status|p1a: Calyrex|par
|move|p1a: Calyrex|Body Press|p2a: Zygarde
|-damage|p2a: Zygarde|88/100
|
|-heal|p2a: Zygarde|95/100|[from] item: Leftovers
|upkeep
|turn|102
|
|t:|1624341455
|move|p2a: Zygarde|Coil|p2a: Zygarde
|-boost|p2a: Zygarde|atk|1
|-boost|p2a: Zygarde|def|1
|-boost|p2a: Zygarde|accuracy|1
|move|p1a: Calyrex|Leech Seed|p2a: Zygarde
|-start|p2a: Zygarde|move: Leech Seed
|
|-heal|p2a: Zygarde|100/100|[from] item: Leftovers
|-damage|p2a: Zygarde|88/100|[from] Leech Seed|[of] p1a: Calyrex
|upkeep
|turn|103
|
|t:|1624341457
|move|p2a: Zygarde|Thousand Arrows|p1a: Calyrex
|-damage|p1a: Calyrex|72/100 par
|move|p1a: Calyrex|Iron Defense|p1a: Calyrex
|-boost|p1a: Calyrex|def|2
|
|-heal|p2a: Zygarde|94/100|[from] item: Leftovers
|-damage|p2a: Zygarde|82/100|[from] Leech Seed|[of] p1a: Calyrex
|-heal|p1a: Calyrex|84/100 par|[silent]
|upkeep
|turn|104
|c|☆FearNeverDies|wrong move
|
|t:|1624341465
|switch|p2a: Necrozma|Necrozma-Dusk-Mane|81/100
|move|p1a: Calyrex|Iron Defense|p1a: Calyrex
|-boost|p1a: Calyrex|def|2
|
|upkeep
|turn|105
|
|t:|1624341467
|move|p2a: Necrozma|Stealth Rock|p1a: Calyrex
|-sidestart|p1: FearNeverDies|move: Stealth Rock
|move|p1a: Calyrex|Leech Seed|p2a: Necrozma
|-start|p2a: Necrozma|move: Leech Seed
|
|-damage|p2a: Necrozma|69/100|[from] Leech Seed|[of] p1a: Calyrex
|-heal|p1a: Calyrex|96/100 par|[silent]
|upkeep
|turn|106
|
|t:|1624341471
|switch|p2a: Eternatus|Eternatus|100/100
|-ability|p2a: Eternatus|Pressure
|cant|p1a: Calyrex|par
|
|upkeep
|turn|107
|
|t:|1624341476
|switch|p2a: Kyogre|Kyogre|100/100
|-weather|RainDance|[from] ability: Drizzle|[of] p2a: Kyogre
|move|p1a: Calyrex|Glacial Lance|p2a: Kyogre
|-resisted|p2a: Kyogre
|-damage|p2a: Kyogre|79/100
|
|-weather|RainDance|[upkeep]
|-heal|p2a: Kyogre|85/100|[from] item: Leftovers
|upkeep
|turn|108
|
|t:|1624341481
|move|p2a: Kyogre|Rest|p2a: Kyogre
|-status|p2a: Kyogre|slp|[from] move: Rest
|-heal|p2a: Kyogre|100/100 slp|[silent]
|move|p1a: Calyrex|Iron Defense|p1a: Calyrex
|-boost|p1a: Calyrex|def|2
|
|-weather|RainDance|[upkeep]
|upkeep
|turn|109
|
|t:|1624341483
|cant|p2a: Kyogre|slp
|cant|p1a: Calyrex|par
|
|-weather|RainDance|[upkeep]
|upkeep
|turn|110
|
|t:|1624341487
|switch|p2a: Dracovish|Dracovish|100/100 par
|move|p1a: Calyrex|Leech Seed|p2a: Dracovish
|-start|p2a: Dracovish|move: Leech Seed
|
|-weather|RainDance|[upkeep]
|-damage|p2a: Dracovish|88/100 par|[from] Leech Seed|[of] p1a: Calyrex
|-heal|p1a: Calyrex|100/100 par|[silent]
|upkeep
|turn|111
|
|t:|1624341490
|move|p2a: Dracovish|Fishious Rend|p1a: Calyrex
|-damage|p1a: Calyrex|74/100 par
|move|p1a: Calyrex|Glacial Lance|p2a: Dracovish
|-damage|p2a: Dracovish|9/100 par
|
|-weather|none
|-damage|p2a: Dracovish|0 fnt|[from] Leech Seed|[of] p1a: Calyrex
|-heal|p1a: Calyrex|80/100 par|[silent]
|faint|p2a: Dracovish
|upkeep
|
|t:|1624341494
|switch|p2a: Eternatus|Eternatus|100/100
|-ability|p2a: Eternatus|Pressure
|turn|112
|
|t:|1624341496
|move|p2a: Eternatus|Flamethrower|p1a: Calyrex
|-supereffective|p1a: Calyrex
|-damage|p1a: Calyrex|44/100 par
|move|p1a: Calyrex|Glacial Lance|p2a: Eternatus
|-supereffective|p2a: Eternatus
|-damage|p2a: Eternatus|0 fnt
|faint|p2a: Eternatus
|-ability|p1a: Calyrex|Chilling Neigh|boost
|-boost|p1a: Calyrex|atk|1
|
|upkeep
|c|☆Holy Flatemo|yea gg
|c|☆FearNeverDies|ez
|-message|Holy Flatemo forfeited.
|
|win|FearNeverDies
|n|☆FearNeverDies|fearneverdies
|n|☆Holy Flatemo|holyflatemo
|n| wjhfruej|wjhfruej
|n| PokeDuels|pokeduels
|l|☆Holy Flatemo
|l|☆FearNeverDies
