|j|☆ultw5r chessmaster
|j|☆heyroar9
|player|p1|ultw5r chessmaster|169|1239
|player|p2|heyroar9|102|1142
|teamsize|p1|6
|teamsize|p2|6
|gametype|singles
|gen|8
|tier|[Gen 8] Ubers
|rated|
|clearpoke
|poke|p1|Necrozma-Dusk-Mane|
|poke|p1|Zacian-Crowned|
|poke|p1|Charizard, M|
|poke|p1|Mandibuzz, F|
|poke|p1|Marshadow|
|poke|p1|Dragapult, M|
|poke|p2|Ninetales, M|
|poke|p2|Charizard, M|
|poke|p2|Zacian-Crowned|
|poke|p2|Darmanitan-Galar, F|
|poke|p2|Eternatus|
|poke|p2|Necrozma-Dusk-Mane|
|rule|Sleep Clause Mod: Limit one foe put to sleep
|rule|Species Clause: Limit one of each Pokémon
|rule|OHKO Clause: OHKO moves are banned
|rule|Evasion Moves Clause: Evasion moves are banned
|rule|Endless Battle Clause: Forcing endless battles is banned
|rule|HP Percentage Mod: HP is shown in percentages
|html|Ubers Dynamax Clause: Pokémon on the <a href="https://www.smogon.com/dex/ss/formats/uber/">Ubers Dynamax Banlist</a> cannot Dynamax.
|teampreview
|
|start
|switch|p1a: Charizard|Charizard, M|100/100
|switch|p2a: Darmanitan|Darmanitan-Galar, F|100/100
|turn|1
|inactive|Battle timer is ON: inactive players will automatically lose when time's up. (requested by ultw5r chessmaster)
|
|move|p2a: Darmanitan|U-turn|p1a: Charizard
|-resisted|p1a: Charizard
|-damage|p1a: Charizard|85/100
|
|switch|p2a: Ninetales|Ninetales, M, shiny|100/100|[from]move: U-turn
|-weather|SunnyDay|[from] ability: Drought|[of] p2a: Ninetales
|move|p1a: Charizard|Flare Blitz|p2a: Ninetales
|-resisted|p2a: Ninetales
|-damage|p2a: Ninetales|55/100
|-damage|p1a: Charizard|67/100|[from] Recoil
|
|-weather|SunnyDay|[upkeep]
|upkeep
|turn|2
|
|switch|p2a: Eternatus|Eternatus|100/100
|-ability|p2a: Eternatus|Pressure
|move|p1a: Charizard|Air Slash|p2a: Eternatus
|-damage|p2a: Eternatus|77/100
|
|-weather|SunnyDay|[upkeep]
|upkeep
|turn|3
|
|move|p2a: Eternatus|Dynamax Cannon|p1a: Charizard
|-damage|p1a: Charizard|0 fnt
|faint|p1a: Charizard
|
|-weather|SunnyDay|[upkeep]
|upkeep
|
|switch|p1a: Zacian|Zacian-Crowned|100/100
|-ability|p1a: Zacian|Intrepid Sword|boost
|-boost|p1a: Zacian|atk|1
|turn|4
|
|switch|p2a: Necrozma|Necrozma-Dusk-Mane|100/100
|move|p1a: Zacian|Psychic Fangs|p2a: Necrozma
|-resisted|p2a: Necrozma
|-damage|p2a: Necrozma|94/100
|
|-weather|SunnyDay|[upkeep]
|-heal|p2a: Necrozma|99/100|[from] item: Leftovers
|upkeep
|turn|5
|
|move|p1a: Zacian|Fire Fang|p2a: Necrozma
|-supereffective|p2a: Necrozma
|-damage|p2a: Necrozma|47/100
|-status|p2a: Necrozma|brn
|move|p2a: Necrozma|Stealth Rock|p1a: Zacian
|-sidestart|p1: ultw5r chessmaster|move: Stealth Rock
|
|-weather|SunnyDay|[upkeep]
|-heal|p2a: Necrozma|53/100 brn|[from] item: Leftovers
|-damage|p2a: Necrozma|47/100 brn|[from] brn
|upkeep
|turn|6
|
|move|p1a: Zacian|Fire Fang|p2a: Necrozma
|-supereffective|p2a: Necrozma
|-damage|p2a: Necrozma|0 fnt
|faint|p2a: Necrozma
|
|-weather|SunnyDay|[upkeep]
|upkeep
|
|switch|p2a: Darmanitan|Darmanitan-Galar, F|100/100
|turn|7
|
|move|p2a: Darmanitan|Flare Blitz|p1a: Zacian
|-supereffective|p1a: Zacian
|-damage|p1a: Zacian|0 fnt
|-damage|p2a: Darmanitan|70/100|[from] Recoil
|faint|p1a: Zacian
|
|-weather|SunnyDay|[upkeep]
|upkeep
|
|switch|p1a: Mandibuzz|Mandibuzz, F|100/100
|turn|8
|
|-start|p2a: Darmanitan|Dynamax
|-heal|p2a: Darmanitan|70/100|[silent]
|move|p2a: Darmanitan|Max Hailstorm|p1a: Mandibuzz
|-supereffective|p1a: Mandibuzz
|-damage|p1a: Mandibuzz|0 fnt
|-weather|Hail
|faint|p1a: Mandibuzz
|
|-weather|Hail|[upkeep]
|upkeep
|-message|ultw5r chessmaster forfeited.
|
|win|heyroar9
|l|☆ultw5r chessmaster
||Ladder (probably) updated, but score could not be retrieved (Response not received).
