|j|☆jackeroffer
|j|☆AdenJ
|t:|1641243342
|gametype|singles
|player|p1|jackeroffer|sage|1357
|player|p2|AdenJ|veteran|1495
|teamsize|p1|6
|teamsize|p2|6
|gen|8
|tier|[Gen 8] Ubers
|rated|
|rule|Sleep Clause Mod: Limit one foe put to sleep
|rule|Species Clause: Limit one of each Pokémon
|rule|OHKO Clause: OHKO moves are banned
|rule|Evasion Moves Clause: Evasion moves are banned
|rule|Endless Battle Clause: Forcing endless battles is banned
|rule|HP Percentage Mod: HP is shown in percentages
|rule|Dynamax Clause: You cannot dynamax
|clearpoke
|poke|p1|Kyogre|
|poke|p1|Yveltal|
|poke|p1|Groudon|
|poke|p1|Cinderace, F|
|poke|p1|Necrozma-Dusk-Mane|
|poke|p1|Mewtwo|
|poke|p2|Calyrex-Ice|
|poke|p2|Magearna|
|poke|p2|Palkia|
|poke|p2|Ho-Oh|
|poke|p2|Urshifu-*, M|
|poke|p2|Groudon|
|teampreview
|
|t:|1641243351
|start
|switch|p1a: Mewtwo|Mewtwo|100/100
|switch|p2a: Palkia|Palkia, shiny|100/100
|-ability|p1a: Mewtwo|Pressure
|-ability|p2a: Palkia|Pressure
|turn|1
|
|t:|1641243373
|switch|p2a: Ho-Oh|Ho-Oh|100/100
|move|p1a: Mewtwo|Psystrike|p2a: Ho-Oh
|-damage|p2a: Ho-Oh|34/100
|-damage|p1a: Mewtwo|91/100|[from] item: Life Orb
|
|upkeep
|turn|2
|
|t:|1641243383
|switch|p2a: Magearna|Magearna|100/100
|move|p1a: Mewtwo|Psystrike|p2a: Magearna
|-resisted|p2a: Magearna
|-damage|p2a: Magearna|71/100
|-damage|p1a: Mewtwo|81/100|[from] item: Life Orb
|
|-heal|p2a: Magearna|77/100|[from] item: Leftovers
|upkeep
|turn|3
|
|t:|1641243391
|move|p1a: Mewtwo|Fire Blast|p2a: Magearna
|-supereffective|p2a: Magearna
|-damage|p2a: Magearna|0 fnt
|faint|p2a: Magearna
|-damage|p1a: Mewtwo|71/100|[from] item: Life Orb
|
|upkeep
|
|t:|1641243397
|switch|p2a: Urshifu|Urshifu, M|100/100
|turn|4
|
|t:|1641243406
|switch|p1a: Yveltal|Yveltal|100/100
|-ability|p1a: Yveltal|Dark Aura
|move|p2a: Urshifu|Sucker Punch||[still]
|-fail|p2a: Urshifu
|
|upkeep
|turn|5
|
|t:|1641243412
|switch|p2a: Ho-Oh|Ho-Oh|67/100
|move|p1a: Yveltal|Knock Off|p2a: Ho-Oh
|-damage|p2a: Ho-Oh|0 fnt
|-enditem|p2a: Ho-Oh|Heavy-Duty Boots|[from] move: Knock Off|[of] p1a: Yveltal
|faint|p2a: Ho-Oh
|
|upkeep
|
|t:|1641243424
|switch|p2a: Groudon|Groudon|100/100
|-weather|SunnyDay|[from] ability: Drought|[of] p2a: Groudon
|turn|6
|
|t:|1641243432
|move|p1a: Yveltal|Taunt|p2a: Groudon
|-start|p2a: Groudon|move: Taunt
|cant|p2a: Groudon|move: Taunt|Toxic
|
|-weather|SunnyDay|[upkeep]
|upkeep
|turn|7
|c|☆AdenJ|you read me like I'm a 10 year old
|
|t:|1641243449
|move|p1a: Yveltal|Knock Off|p2a: Groudon
|-damage|p2a: Groudon|62/100
|-enditem|p2a: Groudon|Leftovers|[from] move: Knock Off|[of] p1a: Yveltal
|move|p2a: Groudon|Stone Edge|p1a: Yveltal|[miss]
|-miss|p2a: Groudon|p1a: Yveltal
|
|-weather|SunnyDay|[upkeep]
|upkeep
|turn|8
|c|☆jackeroffer|sorry buddy
|
|t:|1641243457
|move|p1a: Yveltal|Sucker Punch|p2a: Groudon
|-damage|p2a: Groudon|31/100
|move|p2a: Groudon|Stone Edge|p1a: Yveltal
|-supereffective|p1a: Yveltal
|-damage|p1a: Yveltal|39/100
|
|-weather|SunnyDay|[upkeep]
|-end|p2a: Groudon|move: Taunt
|upkeep
|turn|9
|
|t:|1641243466
|move|p1a: Yveltal|Taunt|p2a: Groudon
|-start|p2a: Groudon|move: Taunt
|move|p2a: Groudon|Stone Edge|p1a: Yveltal
|-supereffective|p1a: Yveltal
|-damage|p1a: Yveltal|0 fnt
|faint|p1a: Yveltal
|
|-weather|SunnyDay|[upkeep]
|upkeep
|
|t:|1641243475
|switch|p1a: Cinderace|Cinderace, F|100/100
|turn|10
|
|t:|1641243486
|move|p1a: Cinderace|Pyro Ball|p2a: Groudon|[miss]
|-miss|p1a: Cinderace|p2a: Groudon
|move|p2a: Groudon|Earthquake|p1a: Cinderace
|-supereffective|p1a: Cinderace
|-damage|p1a: Cinderace|0 fnt
|faint|p1a: Cinderace
|
|-weather|none
|upkeep
|j| LostFleetTres
|c|☆AdenJ|tough luck
|
|t:|1641243498
|switch|p1a: Kyogre|Kyogre|100/100
|-weather|RainDance|[from] ability: Drizzle|[of] p1a: Kyogre
|turn|11
|
|t:|1641243508
|switch|p2a: Palkia|Palkia, shiny|100/100
|-ability|p2a: Palkia|Pressure
|move|p1a: Kyogre|Substitute|p1a: Kyogre
|-start|p1a: Kyogre|Substitute
|-damage|p1a: Kyogre|75/100
|
|-weather|RainDance|[upkeep]
|-heal|p1a: Kyogre|82/100|[from] item: Leftovers
|upkeep
|turn|12
|
|t:|1641243516
|move|p2a: Palkia|Thunder|p1a: Kyogre
|-supereffective|p1a: Kyogre
|-end|p1a: Kyogre|Substitute
|move|p1a: Kyogre|Thunder Wave|p2a: Palkia|[miss]
|-miss|p1a: Kyogre|p2a: Palkia
|
|-weather|RainDance|[upkeep]
|-heal|p1a: Kyogre|88/100|[from] item: Leftovers
|upkeep
|turn|13
|
|t:|1641243525
|switch|p1a: Groudon|Groudon|100/100
|-weather|SunnyDay|[from] ability: Drought|[of] p1a: Groudon
|move|p2a: Palkia|Thunder|p1a: Groudon
|-immune|p1a: Groudon
|
|-weather|SunnyDay|[upkeep]
|upkeep
|turn|14
|
|t:|1641243537
|move|p2a: Palkia|Hydro Pump|p1a: Groudon
|-supereffective|p1a: Groudon
|-damage|p1a: Groudon|21/100
|move|p1a: Groudon|Rock Polish|p1a: Groudon
|-boost|p1a: Groudon|spe|2
|
|-weather|SunnyDay|[upkeep]
|upkeep
|turn|15
|
|t:|1641243544
|switch|p2a: Groudon|Groudon|31/100
|move|p1a: Groudon|Precipice Blades|p2a: Groudon
|-damage|p2a: Groudon|0 fnt
|faint|p2a: Groudon
|-damage|p1a: Groudon|11/100|[from] item: Life Orb
|
|-weather|SunnyDay|[upkeep]
|upkeep
|
|t:|1641243549
|switch|p2a: Urshifu|Urshifu, M|100/100
|turn|16
|
|t:|1641243557
|move|p1a: Groudon|Swords Dance|p1a: Groudon
|-boost|p1a: Groudon|atk|2
|move|p2a: Urshifu|Wicked Blow|p1a: Groudon
|-crit|p1a: Groudon
|-damage|p1a: Groudon|0 fnt
|faint|p1a: Groudon
|
|-weather|SunnyDay|[upkeep]
|upkeep
|
|t:|1641243565
|switch|p1a: Kyogre|Kyogre|88/100
|-weather|RainDance|[from] ability: Drizzle|[of] p1a: Kyogre
|turn|17
|
|t:|1641243569
|switch|p2a: Palkia|Palkia, shiny|100/100
|-ability|p2a: Palkia|Pressure
|move|p1a: Kyogre|Thunder Wave|p2a: Palkia
|-status|p2a: Palkia|par
|
|-weather|RainDance|[upkeep]
|-heal|p1a: Kyogre|94/100|[from] item: Leftovers
|upkeep
|turn|18
|
|t:|1641243579
|switch|p1a: Necrozma|Necrozma-Dusk-Mane|100/100
|move|p2a: Palkia|Thunder|p1a: Necrozma
|-damage|p1a: Necrozma|72/100
|-status|p1a: Necrozma|par
|
|-weather|RainDance|[upkeep]
|-heal|p1a: Necrozma|78/100 par|[from] item: Leftovers
|upkeep
|turn|19
|
|t:|1641243587
|switch|p2a: Urshifu|Urshifu, M|100/100
|move|p1a: Necrozma|Dragon Dance|p1a: Necrozma
|-boost|p1a: Necrozma|atk|1
|-boost|p1a: Necrozma|spe|1
|
|-weather|RainDance|[upkeep]
|-heal|p1a: Necrozma|84/100 par|[from] item: Leftovers
|upkeep
|turn|20
|
|t:|1641243595
|move|p2a: Urshifu|Bulk Up|p2a: Urshifu
|-boost|p2a: Urshifu|atk|1
|-boost|p2a: Urshifu|def|1
|move|p1a: Necrozma|Sunsteel Strike|p2a: Urshifu
|-damage|p2a: Urshifu|43/100
|
|-weather|RainDance|[upkeep]
|-heal|p1a: Necrozma|90/100 par|[from] item: Leftovers
|upkeep
|turn|21
|
|t:|1641243604
|move|p2a: Urshifu|Wicked Blow|p1a: Necrozma
|-supereffective|p1a: Necrozma
|-crit|p1a: Necrozma
|-damage|p1a: Necrozma|0 fnt
|faint|p1a: Necrozma
|
|-weather|none
|upkeep
|
|t:|1641243611
|switch|p1a: Mewtwo|Mewtwo|71/100
|-ability|p1a: Mewtwo|Pressure
|turn|22
|
|t:|1641243615
|move|p2a: Urshifu|Sucker Punch|p1a: Mewtwo
|-supereffective|p1a: Mewtwo
|-damage|p1a: Mewtwo|0 fnt
|faint|p1a: Mewtwo
|
|upkeep
|c|☆jackeroffer|forgot about sucker punch lol
|
|t:|1641243626
|switch|p1a: Kyogre|Kyogre|94/100
|-weather|RainDance|[from] ability: Drizzle|[of] p1a: Kyogre
|turn|23
|
|t:|1641243631
|move|p2a: Urshifu|Wicked Blow|p1a: Kyogre
|-crit|p1a: Kyogre
|-damage|p1a: Kyogre|0 fnt
|faint|p1a: Kyogre
|
|win|AdenJ
|raw|jackeroffer's rating: 1357 &rarr; <strong>1345</strong><br />(-12 for losing)
|raw|AdenJ's rating: 1495 &rarr; <strong>1507</strong><br />(+12 for winning)
|l|☆jackeroffer
|c|☆AdenJ|gg
|l| LostFleetTres
||Ladder isn't responding, score probably updated but might not have (Request timeout).
