|j|☆Malkobaran
|j|☆ULT9NS Cursed
|t:|1653755606
|gametype|singles
|player|p1|Malkobaran|169|1696
|player|p2|ULT9NS Cursed|lucas|1769
|teamsize|p1|6
|teamsize|p2|6
|gen|8
|tier|[Gen 8] Ubers
|rated|
|rule|Sleep Clause Mod: Limit one foe put to sleep
|rule|Species Clause: Limit one of each Pokémon
|rule|OHKO Clause: OHKO moves are banned
|rule|Evasion Moves Clause: Evasion moves are banned
|rule|Endless Battle Clause: Forcing endless battles is banned
|rule|HP Percentage Mod: HP is shown in percentages
|rule|Dynamax Clause: You cannot dynamax
|clearpoke
|poke|p1|Calyrex-Shadow|
|poke|p1|Eternatus|
|poke|p1|Marshadow|
|poke|p1|Necrozma-Dusk-Mane|
|poke|p1|Yveltal|
|poke|p1|Regieleki|
|poke|p2|Shuckle, M|
|poke|p2|Weavile, F|
|poke|p2|Yveltal|
|poke|p2|Calyrex-Shadow|
|poke|p2|Necrozma-Dusk-Mane|
|poke|p2|Groudon|
|teampreview
|inactive|Battle timer is ON: inactive players will automatically lose when time's up. (requested by ULT9NS Cursed)
|
|t:|1653755623
|start
|switch|p1a: Necrozma|Necrozma-Dusk-Mane|100/100
|switch|p2a: Shuckle|Shuckle, M|100/100
|turn|1
|
|t:|1653755632
|move|p1a: Necrozma|Stealth Rock|p2a: Shuckle
|-sidestart|p2: ULT9NS Cursed|move: Stealth Rock
|move|p2a: Shuckle|Sticky Web|p1a: Necrozma
|-sidestart|p1: Malkobaran|move: Sticky Web
|
|upkeep
|turn|2
|
|t:|1653755634
|move|p1a: Necrozma|Sunsteel Strike|p2a: Shuckle
|-supereffective|p2a: Shuckle
|-damage|p2a: Shuckle|38/100
|-enditem|p2a: Shuckle|Red Card|[of] p1a: Necrozma
|drag|p1a: Regieleki|Regieleki|100/100
|move|p2a: Shuckle|Stealth Rock|p1a: Regieleki
|-sidestart|p1: Malkobaran|move: Stealth Rock
|
|upkeep
|turn|3
|
|t:|1653755640
|move|p1a: Regieleki|Rapid Spin|p2a: Shuckle
|-resisted|p2a: Shuckle
|-damage|p2a: Shuckle|35/100
|-boost|p1a: Regieleki|spe|1
|-sideend|p1: Malkobaran|Stealth Rock|[from] move: Rapid Spin|[of] p1a: Regieleki
|-sideend|p1: Malkobaran|Sticky Web|[from] move: Rapid Spin|[of] p1a: Regieleki
|move|p2a: Shuckle|Encore|p1a: Regieleki
|-start|p1a: Regieleki|Encore
|
|upkeep
|turn|4
|
|t:|1653755645
|switch|p1a: Necrozma|Necrozma-Dusk-Mane|100/100
|move|p2a: Shuckle|Sticky Web|p1a: Necrozma
|-sidestart|p1: Malkobaran|move: Sticky Web
|
|upkeep
|turn|5
|
|t:|1653755648
|move|p1a: Necrozma|Sunsteel Strike|p2a: Shuckle
|-supereffective|p2a: Shuckle
|-damage|p2a: Shuckle|0 fnt
|faint|p2a: Shuckle
|
|upkeep
|
|t:|1653755650
|switch|p2a: Groudon|Groudon|100/100
|-damage|p2a: Groudon|94/100|[from] Stealth Rock
|-weather|SunnyDay|[from] ability: Drought|[of] p2a: Groudon
|turn|6
|
|t:|1653755659
|move|p2a: Groudon|Rock Polish|p2a: Groudon
|-boost|p2a: Groudon|spe|2
|move|p1a: Necrozma|Sunsteel Strike|p2a: Groudon
|-damage|p2a: Groudon|58/100
|
|-weather|SunnyDay|[upkeep]
|-heal|p2a: Groudon|65/100|[from] item: Leftovers
|upkeep
|turn|7
|
|t:|1653755663
|move|p2a: Groudon|Precipice Blades|p1a: Necrozma
|-supereffective|p1a: Necrozma
|-damage|p1a: Necrozma|47/100
|move|p1a: Necrozma|Sunsteel Strike|p2a: Groudon
|-damage|p2a: Groudon|29/100
|
|-weather|SunnyDay|[upkeep]
|-heal|p2a: Groudon|35/100|[from] item: Leftovers
|-heal|p1a: Necrozma|53/100|[from] item: Leftovers
|upkeep
|turn|8
|
|t:|1653755667
|move|p2a: Groudon|Precipice Blades|p1a: Necrozma
|-supereffective|p1a: Necrozma
|-damage|p1a: Necrozma|0 fnt
|faint|p1a: Necrozma
|
|-weather|SunnyDay|[upkeep]
|-heal|p2a: Groudon|41/100|[from] item: Leftovers
|upkeep
|
|t:|1653755673
|switch|p1a: Regieleki|Regieleki|100/100
|turn|9
|
|t:|1653755682
|move|p1a: Regieleki|Rapid Spin|p2a: Groudon
|-damage|p2a: Groudon|35/100
|-boost|p1a: Regieleki|spe|1
|-sideend|p1: Malkobaran|Sticky Web|[from] move: Rapid Spin|[of] p1a: Regieleki
|move|p2a: Groudon|Precipice Blades|p1a: Regieleki
|-supereffective|p1a: Regieleki
|-crit|p1a: Regieleki
|-damage|p1a: Regieleki|0 fnt
|faint|p1a: Regieleki
|
|-weather|SunnyDay|[upkeep]
|-heal|p2a: Groudon|41/100|[from] item: Leftovers
|upkeep
|
|t:|1653755685
|switch|p1a: Calyrex|Calyrex-Shadow|100/100
|-ability|p1a: Calyrex|As One
|-ability|p1a: Calyrex|Unnerve
|turn|10
|
|t:|1653755689
|move|p2a: Groudon|Precipice Blades|p1a: Calyrex
|-damage|p1a: Calyrex|17/100
|move|p1a: Calyrex|Astral Barrage|p2a: Groudon
|-damage|p2a: Groudon|0 fnt
|faint|p2a: Groudon
|-ability|p1a: Calyrex|Grim Neigh|boost
|-boost|p1a: Calyrex|spa|1
|
|-weather|none
|upkeep
|j| AnalQueefQueen
|j|%ironwater@!
|
|t:|1653755702
|switch|p2a: Weavile|Weavile, F|100/100
|-damage|p2a: Weavile|76/100|[from] Stealth Rock
|-ability|p2a: Weavile|Pressure
|turn|11
|
|t:|1653755706
|switch|p1a: Yveltal|Yveltal|100/100
|-ability|p1a: Yveltal|Dark Aura
|move|p2a: Weavile|Ice Shard|p1a: Yveltal
|-supereffective|p1a: Yveltal
|-damage|p1a: Yveltal|68/100
|
|upkeep
|turn|12
|
|t:|1653755709
|move|p2a: Weavile|Triple Axel|p1a: Yveltal
|-supereffective|p1a: Yveltal
|-damage|p1a: Yveltal|50/100
|-supereffective|p1a: Yveltal
|-damage|p1a: Yveltal|15/100
|-supereffective|p1a: Yveltal
|-damage|p1a: Yveltal|0 fnt
|faint|p1a: Yveltal
|-hitcount|p1: Yveltal|3
|
|upkeep
|
|t:|1653755721
|switch|p1a: Marshadow|Marshadow|100/100
|turn|13
|
|t:|1653755723
|move|p1a: Marshadow|Close Combat|p2a: Weavile
|-supereffective|p2a: Weavile
|-damage|p2a: Weavile|0 fnt
|-unboost|p1a: Marshadow|def|1
|-unboost|p1a: Marshadow|spd|1
|faint|p2a: Weavile
|
|upkeep
|
|t:|1653755738
|switch|p2a: Necrozma|Necrozma-Dusk-Mane|100/100
|-damage|p2a: Necrozma|94/100|[from] Stealth Rock
|turn|14
|
|t:|1653755740
|switch|p1a: Calyrex|Calyrex-Shadow|17/100
|-ability|p1a: Calyrex|As One
|-ability|p1a: Calyrex|Unnerve
|move|p2a: Necrozma|Sunsteel Strike|p1a: Calyrex
|-damage|p1a: Calyrex|0 fnt
|faint|p1a: Calyrex
|-damage|p2a: Necrozma|85/100|[from] item: Life Orb
|
|upkeep
|
|t:|1653755745
|switch|p1a: Eternatus|Eternatus|100/100
|-ability|p1a: Eternatus|Pressure
|turn|15
|l| AnalQueefQueen
|
|t:|1653755754
|switch|p2a: Calyrex|Calyrex-Shadow|100/100
|-ability|p2a: Calyrex|As One
|-ability|p2a: Calyrex|Unnerve
|-damage|p2a: Calyrex|88/100|[from] Stealth Rock
|move|p1a: Eternatus|Flamethrower|p2a: Calyrex
|-damage|p2a: Calyrex|59/100
|
|upkeep
|turn|16
|
|t:|1653755760
|move|p2a: Calyrex|Psyshock|p1a: Eternatus
|-supereffective|p1a: Eternatus
|-damage|p1a: Eternatus|24/100
|move|p1a: Eternatus|Dynamax Cannon|p2a: Calyrex
|-damage|p2a: Calyrex|7/100
|
|upkeep
|turn|17
|
|t:|1653755763
|move|p2a: Calyrex|Astral Barrage|p1a: Eternatus
|-crit|p1a: Eternatus
|-damage|p1a: Eternatus|0 fnt
|faint|p1a: Eternatus
|-ability|p2a: Calyrex|Grim Neigh|boost
|-boost|p2a: Calyrex|spa|1
|
|upkeep
|
|t:|1653755765
|switch|p1a: Marshadow|Marshadow|100/100
|turn|18
|
|t:|1653755768
|move|p1a: Marshadow|Shadow Sneak|p2a: Calyrex
|-supereffective|p2a: Calyrex
|-damage|p2a: Calyrex|0 fnt
|faint|p2a: Calyrex
|
|upkeep
|
|t:|1653755770
|switch|p2a: Yveltal|Yveltal|100/100
|-damage|p2a: Yveltal|76/100|[from] Stealth Rock
|-ability|p2a: Yveltal|Dark Aura
|turn|19
|
|t:|1653755773
|move|p1a: Marshadow|Bulk Up|p1a: Marshadow
|-boost|p1a: Marshadow|atk|1
|-boost|p1a: Marshadow|def|1
|move|p2a: Yveltal|Oblivion Wing|p1a: Marshadow
|-supereffective|p1a: Marshadow
|-enditem|p1a: Marshadow|Focus Sash
|-damage|p1a: Marshadow|1/100
|-heal|p2a: Yveltal|100/100|[from] drain|[of] p1a: Marshadow
|-damage|p2a: Yveltal|91/100|[from] item: Life Orb
|
|upkeep
|turn|20
|
|t:|1653755778
|move|p2a: Yveltal|Sucker Punch|p1a: Marshadow
|-damage|p1a: Marshadow|0 fnt
|faint|p1a: Marshadow
|-damage|p2a: Yveltal|81/100|[from] item: Life Orb
|
|win|ULT9NS Cursed
|raw|Malkobaran's rating: 1696 &rarr; <strong>1680</strong><br />(-16 for losing)
|raw|ULT9NS Cursed's rating: 1769 &rarr; <strong>1785</strong><br />(+16 for winning)
|l|☆Malkobaran
|j| aaykk
|j| Lunala
|l| Lunala
|l|%ironwater
||Ladder isn't responding, score probably updated but might not have (Request timeout).
