|j|☆Luna's Bann3d Now
|j|☆Didoy2
|t:|1599682802
|player|p1|Luna's Bann3d Now|youngcouple-gen4dp|1680
|player|p2|Didoy2|102|1370
|teamsize|p1|6
|teamsize|p2|6
|gametype|singles
|gen|8
|tier|[Gen 8] Ubers
|rated|
|clearpoke
|poke|p1|Blastoise, M|
|poke|p1|Eternatus|
|poke|p1|Klefki, M|
|poke|p1|Zacian-Crowned|
|poke|p1|Lunala|
|poke|p1|Necrozma-Dusk-Mane|
|poke|p2|Necrozma-Dusk-Mane|
|poke|p2|Melmetal|
|poke|p2|Grimmsnarl, M|
|poke|p2|Lunala|
|poke|p2|Hatterene, F|
|poke|p2|Cloyster, M|
|rule|Sleep Clause Mod: Limit one foe put to sleep
|rule|Species Clause: Limit one of each Pokémon
|rule|OHKO Clause: OHKO moves are banned
|rule|Evasion Moves Clause: Evasion moves are banned
|rule|Endless Battle Clause: Forcing endless battles is banned
|rule|HP Percentage Mod: HP is shown in percentages
|html|Ubers Dynamax Clause: Pokémon on the <a href="https://www.smogon.com/dex/ss/formats/uber/">Ubers Dynamax Banlist</a> cannot Dynamax.
|teampreview
|inactive|Battle timer is ON: inactive players will automatically lose when time's up. (requested by Didoy2)
|
|t:|1599682828
|start
|switch|p1a: Necrozma|Necrozma-Dusk-Mane|100/100
|switch|p2a: Cloyster|Cloyster, M|100/100
|turn|1
|
|t:|1599682836
|move|p2a: Cloyster|Shell Smash|p2a: Cloyster
|-unboost|p2a: Cloyster|def|1
|-unboost|p2a: Cloyster|spd|1
|-boost|p2a: Cloyster|atk|2
|-boost|p2a: Cloyster|spa|2
|-boost|p2a: Cloyster|spe|2
|move|p1a: Necrozma|Thunder Wave|p2a: Cloyster|[miss]
|-miss|p1a: Necrozma|p2a: Cloyster
|
|upkeep
|turn|2
|
|t:|1599682842
|move|p2a: Cloyster|Spikes|p1a: Necrozma
|-sidestart|p1: Luna's Bann3d Now|Spikes
|move|p1a: Necrozma|Thunder Wave|p2a: Cloyster
|-status|p2a: Cloyster|par
|
|upkeep
|turn|3
|
|t:|1599682847
|move|p2a: Cloyster|Liquidation|p1a: Necrozma
|-damage|p1a: Necrozma|62/100
|-unboost|p1a: Necrozma|def|1
|-damage|p2a: Cloyster|84/100 par|[from] item: Rocky Helmet|[of] p1a: Necrozma
|move|p1a: Necrozma|Sunsteel Strike|p2a: Cloyster
|-damage|p2a: Cloyster|15/100 par
|
|upkeep
|turn|4
|
|t:|1599682853
|switch|p1a: Eternatus|Eternatus|100/100
|-damage|p1a: Eternatus|88/100|[from] Spikes
|-ability|p1a: Eternatus|Pressure
|move|p2a: Cloyster|Liquidation|p1a: Eternatus
|-resisted|p1a: Eternatus
|-damage|p1a: Eternatus|68/100
|
|-heal|p1a: Eternatus|74/100|[from] item: Black Sludge
|upkeep
|turn|5
|
|t:|1599682863
|move|p1a: Eternatus|Flamethrower|p2a: Cloyster
|-damage|p2a: Cloyster|0 fnt
|faint|p2a: Cloyster
|
|-heal|p1a: Eternatus|80/100|[from] item: Black Sludge
|upkeep
|
|t:|1599682867
|switch|p2a: Hatterene|Hatterene, F|100/100
|turn|6
|
|t:|1599682883
|switch|p1a: Necrozma|Necrozma-Dusk-Mane|62/100
|-damage|p1a: Necrozma|49/100|[from] Spikes
|move|p2a: Hatterene|Trick Room|p2a: Hatterene
|-fieldstart|move: Trick Room|[of] p2a: Hatterene
|
|upkeep
|turn|7
|inactive|Didoy2 has 120 seconds left.
|
|t:|1599682913
|switch|p1a: Eternatus|Eternatus|80/100
|-damage|p1a: Eternatus|68/100|[from] Spikes
|-ability|p1a: Eternatus|Pressure
|-start|p2a: Hatterene|Dynamax
|-formechange|p2a: Hatterene|Hatterene-Gmax
|-heal|p2a: Hatterene|100/100|[silent]
|move|p2a: Hatterene|Max Phantasm|p1a: Eternatus
|-crit|p1a: Eternatus
|-damage|p1a: Eternatus|0 fnt
|-damage|p2a: Hatterene|96/100|[from] item: Life Orb
|faint|p1a: Eternatus
|
|upkeep
|
|t:|1599682931
|switch|p1a: Klefki|Klefki, M|100/100
|-damage|p1a: Klefki|88/100|[from] Spikes
|turn|8
|
|t:|1599682939
|switch|p1a: Lunala|Lunala|100/100
|-damage|p1a: Lunala|88/100|[from] Spikes
|move|p2a: Hatterene|Max Mindstorm|p1a: Lunala
|-resisted|p1a: Lunala
|-damage|p1a: Lunala|50/100
|-fieldstart|move: Psychic Terrain
|-damage|p2a: Hatterene|91/100|[from] item: Life Orb
|
|upkeep
|turn|9
|
|t:|1599682948
|switch|p1a: Klefki|Klefki, M|88/100
|-damage|p1a: Klefki|76/100|[from] Spikes
|move|p2a: Hatterene|Max Phantasm|p1a: Klefki
|-damage|p1a: Klefki|0 fnt
|-damage|p2a: Hatterene|86/100|[from] item: Life Orb
|faint|p1a: Klefki
|
|-end|p2a: Hatterene|Dynamax
|-formechange|p2a: Hatterene|Hatterene
|-heal|p2a: Hatterene|86/100|[silent]
|upkeep
|
|t:|1599682951
|switch|p1a: Zacian|Zacian-Crowned|100/100
|-damage|p1a: Zacian|88/100|[from] Spikes
|-ability|p1a: Zacian|Intrepid Sword|boost
|-boost|p1a: Zacian|atk|1
|turn|10
|
|t:|1599682964
|move|p2a: Hatterene|Shadow Ball|p1a: Zacian
|-damage|p1a: Zacian|51/100
|-unboost|p1a: Zacian|spd|1
|-damage|p2a: Hatterene|76/100|[from] item: Life Orb
|move|p1a: Zacian|Behemoth Blade|p2a: Hatterene
|-supereffective|p2a: Hatterene
|-damage|p2a: Hatterene|0 fnt
|faint|p2a: Hatterene
|
|-fieldend|move: Trick Room
|upkeep
|
|t:|1599682973
|switch|p2a: Necrozma|Necrozma-Dusk-Mane|100/100
|turn|11
|
|t:|1599682978
|switch|p1a: Necrozma|Necrozma-Dusk-Mane|49/100
|-damage|p1a: Necrozma|37/100|[from] Spikes
|move|p2a: Necrozma|Trick Room|p2a: Necrozma
|-fieldstart|move: Trick Room|[of] p2a: Necrozma
|
|upkeep
|turn|12
|j| killer whale squa
|
|t:|1599682993
|move|p2a: Necrozma|Earthquake|p1a: Necrozma
|-supereffective|p1a: Necrozma
|-damage|p1a: Necrozma|2/100
|move|p1a: Necrozma|Morning Sun|p1a: Necrozma
|-heal|p1a: Necrozma|52/100
|
|-fieldend|move: Psychic Terrain
|upkeep
|turn|13
|
|t:|1599683005
|switch|p2a: Lunala|Lunala|100/100
|move|p1a: Necrozma|Morning Sun|p1a: Necrozma
|-heal|p1a: Necrozma|100/100
|
|upkeep
|turn|14
|
|t:|1599683019
|move|p2a: Lunala|Moongeist Beam|p1a: Necrozma
|-supereffective|p1a: Necrozma
|-damage|p1a: Necrozma|27/100
|move|p1a: Necrozma|Thunder Wave|p2a: Lunala
|-status|p2a: Lunala|par
|
|upkeep
|turn|15
|j| faisal shourov
|
|t:|1599683025
|switch|p1a: Zacian|Zacian-Crowned|51/100
|-damage|p1a: Zacian|38/100|[from] Spikes
|-ability|p1a: Zacian|Intrepid Sword|boost
|-boost|p1a: Zacian|atk|1
|move|p2a: Lunala|Moongeist Beam|p1a: Zacian
|-damage|p1a: Zacian|0 fnt
|faint|p1a: Zacian
|
|-fieldend|move: Trick Room
|upkeep
|
|t:|1599683032
|switch|p1a: Lunala|Lunala|50/100
|-damage|p1a: Lunala|37/100|[from] Spikes
|turn|16
|
|t:|1599683037
|switch|p2a: Grimmsnarl|Grimmsnarl, M|100/100
|move|p1a: Lunala|Moongeist Beam|p2a: Grimmsnarl
|-resisted|p2a: Grimmsnarl
|-damage|p2a: Grimmsnarl|73/100
|
|upkeep
|turn|17
|
|t:|1599683043
|switch|p1a: Necrozma|Necrozma-Dusk-Mane|27/100
|-damage|p1a: Necrozma|15/100|[from] Spikes
|move|p2a: Grimmsnarl|Light Screen|p2a: Grimmsnarl
|-sidestart|p2: Didoy2|move: Light Screen
|
|upkeep
|turn|18
|
|t:|1599683049
|move|p2a: Grimmsnarl|Taunt|p1a: Necrozma
|-start|p1a: Necrozma|move: Taunt
|move|p1a: Necrozma|Sunsteel Strike|p2a: Grimmsnarl
|-supereffective|p2a: Grimmsnarl
|-damage|p2a: Grimmsnarl|0 fnt
|faint|p2a: Grimmsnarl
|
|upkeep
|
|t:|1599683059
|switch|p2a: Lunala|Lunala|100/100 par
|turn|19
|
|t:|1599683064
|move|p1a: Necrozma|Sunsteel Strike|p2a: Lunala
|-damage|p2a: Lunala|80/100 par
|move|p2a: Lunala|Trick Room|p2a: Lunala
|-fieldstart|move: Trick Room|[of] p2a: Lunala
|
|upkeep
|turn|20
|
|t:|1599683068
|move|p2a: Lunala|Moongeist Beam|p1a: Necrozma
|-supereffective|p1a: Necrozma
|-damage|p1a: Necrozma|0 fnt
|faint|p1a: Necrozma
|
|upkeep
|
|t:|1599683071
|switch|p1a: Lunala|Lunala|37/100
|-damage|p1a: Lunala|25/100|[from] Spikes
|turn|21
|
|t:|1599683074
|move|p2a: Lunala|Moongeist Beam|p1a: Lunala
|-supereffective|p1a: Lunala
|-damage|p1a: Lunala|0 fnt
|faint|p1a: Lunala
|
|upkeep
|
|t:|1599683078
|switch|p1a: Blastoise|Blastoise, M|100/100
|-damage|p1a: Blastoise|88/100|[from] Spikes
|turn|22
|
|t:|1599683081
|-start|p1a: Blastoise|Dynamax
|-formechange|p1a: Blastoise|Blastoise-Gmax
|-heal|p1a: Blastoise|88/100|[silent]
|move|p2a: Lunala|Moongeist Beam|p1a: Blastoise
|-damage|p1a: Blastoise|58/100
|move|p1a: Blastoise|Max Darkness|p2a: Lunala
|-supereffective|p2a: Lunala
|-damage|p2a: Lunala|27/100 par
|-unboost|p2a: Lunala|spd|1
|
|upkeep
|turn|23
|
|t:|1599683090
|move|p1a: Blastoise|Max Guard|p1a: Blastoise
|-singleturn|p1a: Blastoise|Max Guard
|move|p2a: Lunala|Moongeist Beam|p1a: Blastoise
|-activate|p1a: Blastoise|move: Max Guard
|
|-fieldend|move: Trick Room
|upkeep
|turn|24
|
|t:|1599683094
|move|p1a: Blastoise|G-Max Cannonade|p2a: Lunala
|-damage|p2a: Lunala|0 fnt
|-sidestart|p2: Didoy2|G-Max Cannonade
|faint|p2a: Lunala
|
|-sideend|p2: Didoy2|move: Light Screen
|-end|p1a: Blastoise|Dynamax
|-formechange|p1a: Blastoise|Blastoise
|-heal|p1a: Blastoise|58/100|[silent]
|upkeep
|
|t:|1599683099
|switch|p2a: Necrozma|Necrozma-Dusk-Mane|100/100
|turn|25
|
|t:|1599683101
|move|p1a: Blastoise|Dark Pulse|p2a: Necrozma
|-supereffective|p2a: Necrozma
|-damage|p2a: Necrozma|75/100
|-enditem|p2a: Necrozma|Weakness Policy
|-boost|p2a: Necrozma|atk|2|[from] item: Weakness Policy
|-boost|p2a: Necrozma|spa|2|[from] item: Weakness Policy
|move|p2a: Necrozma|Trick Room|p2a: Necrozma
|-fieldstart|move: Trick Room|[of] p2a: Necrozma
|
|-damage|p2a: Necrozma|58/100|[from] G-Max Cannonade
|upkeep
|turn|26
|
|t:|1599683105
|move|p2a: Necrozma|Photon Geyser|p1a: Blastoise
|-damage|p1a: Blastoise|0 fnt
|faint|p1a: Blastoise
|
|win|Didoy2
|c|☆Didoy2|gg
|l|☆Luna's Bann3d Now
|l| faisal shourov
|c|☆Didoy2|sry for your ladder
||Ladder (probably) updated, but score could not be retrieved (Request timeout).
