|j|☆willcoxw
|j|☆LittleSpookz
|player|p1|willcoxw|clair|1725
|player|p2|LittleSpookz|morty|1676
|teamsize|p1|6
|teamsize|p2|6
|gametype|singles
|gen|8
|tier|[Gen 8] Ubers
|rated|
|clearpoke
|poke|p1|Eternatus|
|poke|p1|Lunala|
|poke|p1|Ferrothorn, M|
|poke|p1|Dragapult, M|
|poke|p1|Necrozma-Dusk-Mane|
|poke|p1|Zacian-Crowned|
|poke|p2|Marshadow|
|poke|p2|Zacian-Crowned|
|poke|p2|Reshiram|
|poke|p2|Torkoal, F|
|poke|p2|Dugtrio, M|
|poke|p2|Corviknight, F|
|rule|Sleep Clause Mod: Limit one foe put to sleep
|rule|Species Clause: Limit one of each Pokémon
|rule|OHKO Clause: OHKO moves are banned
|rule|Evasion Moves Clause: Evasion moves are banned
|rule|Endless Battle Clause: Forcing endless battles is banned
|rule|HP Percentage Mod: HP is shown in percentages
|html|Ubers Dynamax Clause: Pokémon on the <a href="https://www.smogon.com/dex/ss/formats/uber/">Ubers Dynamax Banlist</a> cannot Dynamax.
|teampreview
|c|☆LittleSpookz|hf
|
|start
|switch|p1a: Ferrothorn|Ferrothorn, M|100/100
|switch|p2a: Undefeated|Torkoal, F|100/100
|-weather|SunnyDay|[from] ability: Drought|[of] p2a: Undefeated
|turn|1
|
|move|p1a: Ferrothorn|Stealth Rock|p2a: Undefeated
|-sidestart|p2: LittleSpookz|move: Stealth Rock
|move|p2a: Undefeated|Stealth Rock|p1a: Ferrothorn
|-sidestart|p1: willcoxw|move: Stealth Rock
|
|-weather|SunnyDay|[upkeep]
|upkeep
|turn|2
|
|move|p1a: Ferrothorn|Knock Off|p2a: Undefeated
|-damage|p2a: Undefeated|88/100
|-enditem|p2a: Undefeated|Heat Rock|[from] move: Knock Off|[of] p1a: Ferrothorn
|move|p2a: Undefeated|Lava Plume|p1a: Ferrothorn
|-supereffective|p1a: Ferrothorn
|-damage|p1a: Ferrothorn|0 fnt
|faint|p1a: Ferrothorn
|
|-weather|SunnyDay|[upkeep]
|upkeep
|
|switch|p1a: Lunala|Lunala|100/100
|turn|3
|
|move|p1a: Lunala|Moongeist Beam|p2a: Undefeated
|-damage|p2a: Undefeated|12/100
|move|p2a: Undefeated|Lava Plume|p1a: Lunala
|-damage|p1a: Lunala|87/100
|-status|p1a: Lunala|brn
|
|-weather|SunnyDay|[upkeep]
|-damage|p1a: Lunala|81/100 brn|[from] brn
|upkeep
|turn|4
|
|move|p1a: Lunala|Moonblast|p2a: Undefeated
|-resisted|p2a: Undefeated
|-damage|p2a: Undefeated|0 fnt
|faint|p2a: Undefeated
|
|-weather|SunnyDay|[upkeep]
|-damage|p1a: Lunala|75/100 brn|[from] brn
|upkeep
|
|switch|p2a: YU-GI-OH|Reshiram|100/100
|-damage|p2a: YU-GI-OH|76/100|[from] Stealth Rock
|-ability|p2a: YU-GI-OH|Turboblaze
|turn|5
|
|move|p2a: YU-GI-OH|Blue Flare|p1a: Lunala
|-damage|p1a: Lunala|0 fnt
|faint|p1a: Lunala
|
|-weather|SunnyDay|[upkeep]
|upkeep
|
|switch|p1a: Eternatus|Eternatus|100/100
|-damage|p1a: Eternatus|88/100|[from] Stealth Rock
|-ability|p1a: Eternatus|Pressure
|turn|6
|
|switch|p2a: Best Boi|Zacian-Crowned|100/100
|-damage|p2a: Best Boi|94/100|[from] Stealth Rock
|-ability|p2a: Best Boi|Intrepid Sword|boost
|-boost|p2a: Best Boi|atk|1
|move|p1a: Eternatus|Dynamax Cannon|p2a: Best Boi
|-immune|p2a: Best Boi
|
|-weather|SunnyDay|[upkeep]
|-heal|p1a: Eternatus|94/100|[from] item: Black Sludge
|upkeep
|turn|7
|
|move|p2a: Best Boi|Behemoth Blade|p1a: Eternatus
|-damage|p1a: Eternatus|15/100
|move|p1a: Eternatus|Flamethrower|p2a: Best Boi
|-supereffective|p2a: Best Boi
|-damage|p2a: Best Boi|0 fnt
|faint|p2a: Best Boi
|
|-weather|SunnyDay|[upkeep]
|-heal|p1a: Eternatus|21/100|[from] item: Black Sludge
|upkeep
|
|switch|p2a: Trio Trio Trio|Dugtrio, M|100/100
|-damage|p2a: Trio Trio Trio|94/100|[from] Stealth Rock
|turn|8
|j| Dimitri Serafim
|
|move|p2a: Trio Trio Trio|Earthquake|p1a: Eternatus
|-supereffective|p1a: Eternatus
|-damage|p1a: Eternatus|0 fnt
|faint|p1a: Eternatus
|
|-weather|none
|upkeep
|c| Dimitri Serafim|gg
|l| Dimitri Serafim
|
|switch|p1a: Necrozma|Necrozma-Dusk-Mane|100/100
|-damage|p1a: Necrozma|94/100|[from] Stealth Rock
|turn|9
|
|switch|p2a: Best Birb|Corviknight, F, shiny|100/100
|-damage|p2a: Best Birb|88/100|[from] Stealth Rock
|-ability|p2a: Best Birb|Pressure
|move|p1a: Necrozma|Thunder Wave|p2a: Best Birb
|-status|p2a: Best Birb|par
|
|-heal|p1a: Necrozma|100/100|[from] item: Leftovers
|-heal|p2a: Best Birb|94/100 par|[from] item: Leftovers
|upkeep
|turn|10
|
|-start|p2a: Best Birb|Dynamax
|-formechange|p2a: Best Birb|Corviknight-Gmax
|-heal|p2a: Best Birb|94/100 par|[silent]
|move|p1a: Necrozma|Knock Off|p2a: Best Birb
|-damage|p2a: Best Birb|85/100 par
|-enditem|p2a: Best Birb|Leftovers|[from] move: Knock Off|[of] p1a: Necrozma
|move|p2a: Best Birb|G-Max Wind Rage|p1a: Necrozma
|-resisted|p1a: Necrozma
|-damage|p1a: Necrozma|90/100
|-sideend|p1: willcoxw|Stealth Rock|[from] move: G-Max Wind Rage|[of] p2a: Best Birb
|-sideend|p2: LittleSpookz|Stealth Rock|[from] move: G-Max Wind Rage|[of] p2a: Best Birb
|
|-heal|p1a: Necrozma|96/100|[from] item: Leftovers
|upkeep
|turn|11
|j| Dimitri Serafim
|
|switch|p1a: Zacian|Zacian-Crowned|100/100
|-ability|p1a: Zacian|Intrepid Sword|boost
|-boost|p1a: Zacian|atk|1
|move|p2a: Best Birb|G-Max Wind Rage|p1a: Zacian
|-resisted|p1a: Zacian
|-damage|p1a: Zacian|79/100
|
|upkeep
|turn|12
|
|move|p1a: Zacian|Swords Dance|p1a: Zacian
|-boost|p1a: Zacian|atk|2
|move|p2a: Best Birb|G-Max Wind Rage|p1a: Zacian
|-resisted|p1a: Zacian
|-damage|p1a: Zacian|61/100
|
|-end|p2a: Best Birb|Dynamax
|-formechange|p2a: Best Birb|Corviknight
|-heal|p2a: Best Birb|85/100 par|[silent]
|upkeep
|turn|13
|
|move|p1a: Zacian|Substitute|p1a: Zacian
|-start|p1a: Zacian|Substitute
|-damage|p1a: Zacian|36/100
|move|p2a: Best Birb|U-turn|p1a: Zacian
|-resisted|p1a: Zacian
|-activate|p1a: Zacian|move: Substitute|[damage]
|
|switch|p2a: Spookz|Marshadow|100/100|[from]move: U-turn
|
|upkeep
|turn|14
|
|switch|p1a: Necrozma|Necrozma-Dusk-Mane|96/100
|move|p2a: Spookz|Spectral Thief|p1a: Necrozma
|-supereffective|p1a: Necrozma
|-damage|p1a: Necrozma|57/100
|
|-heal|p1a: Necrozma|63/100|[from] item: Leftovers
|upkeep
|turn|15
|
|switch|p2a: Best Birb|Corviknight, F, shiny|85/100 par
|-ability|p2a: Best Birb|Pressure
|move|p1a: Necrozma|Moonlight|p1a: Necrozma
|-heal|p1a: Necrozma|100/100
|
|upkeep
|turn|16
|
|switch|p1a: Zacian|Zacian-Crowned|36/100
|-ability|p1a: Zacian|Intrepid Sword|boost
|-boost|p1a: Zacian|atk|1
|cant|p2a: Best Birb|par
|
|upkeep
|turn|17
|
|move|p1a: Zacian|Sacred Sword|p2a: Best Birb
|-damage|p2a: Best Birb|50/100 par
|cant|p2a: Best Birb|par
|
|upkeep
|turn|18
|
|move|p1a: Zacian|Substitute|p1a: Zacian
|-start|p1a: Zacian|Substitute
|-damage|p1a: Zacian|11/100
|move|p2a: Best Birb|Roost|p2a: Best Birb
|-heal|p2a: Best Birb|99/100 par
|-singleturn|p2a: Best Birb|move: Roost
|
|upkeep
|turn|19
|
|move|p1a: Zacian|Sacred Sword|p2a: Best Birb
|-damage|p2a: Best Birb|63/100 par
|move|p2a: Best Birb|U-turn|p1a: Zacian
|-resisted|p1a: Zacian
|-activate|p1a: Zacian|move: Substitute|[damage]
|
|switch|p2a: Spookz|Marshadow|100/100|[from]move: U-turn
|
|upkeep
|turn|20
|
|move|p1a: Zacian|Behemoth Blade|p2a: Spookz
|-enditem|p2a: Spookz|Focus Sash
|-damage|p2a: Spookz|1/100
|move|p2a: Spookz|Spectral Thief||[still]
|-clearpositiveboost|p1a: Zacian|p2a: Spookz|move: Spectral Thief
|-boost|p2a: Spookz|atk|1
|-anim|p2a: Spookz|Spectral Thief|p1a: Zacian
|-damage|p1a: Zacian|0 fnt
|faint|p1a: Zacian
|
|upkeep
|
|switch|p1a: Necrozma|Necrozma-Dusk-Mane|100/100
|turn|21
|
|move|p2a: Spookz|Close Combat|p1a: Necrozma
|-damage|p1a: Necrozma|45/100
|-unboost|p2a: Spookz|def|1
|-unboost|p2a: Spookz|spd|1
|move|p1a: Necrozma|Knock Off|p2a: Spookz
|-damage|p2a: Spookz|0 fnt
|faint|p2a: Spookz
|
|-heal|p1a: Necrozma|52/100|[from] item: Leftovers
|upkeep
|
|switch|p2a: YU-GI-OH|Reshiram|76/100
|-ability|p2a: YU-GI-OH|Turboblaze
|turn|22
|
|move|p2a: YU-GI-OH|Blue Flare|p1a: Necrozma
|-supereffective|p1a: Necrozma
|-damage|p1a: Necrozma|0 fnt
|faint|p1a: Necrozma
|
|upkeep
|
|switch|p1a: Dragapult|Dragapult, M|100/100
|turn|23
|
|switch|p2a: Best Birb|Corviknight, F, shiny|63/100 par
|-ability|p2a: Best Birb|Pressure
|-start|p1a: Dragapult|Dynamax
|-heal|p1a: Dragapult|100/100|[silent]
|move|p1a: Dragapult|Max Wyrmwind|p2a: Best Birb
|-resisted|p2a: Best Birb
|-damage|p2a: Best Birb|41/100 par
|-unboost|p2a: Best Birb|atk|1
|
|upkeep
|turn|24
|
|move|p1a: Dragapult|Max Wyrmwind|p2a: Best Birb
|-resisted|p2a: Best Birb
|-damage|p2a: Best Birb|17/100 par
|-unboost|p2a: Best Birb|atk|1
|move|p2a: Best Birb|Roost|p2a: Best Birb
|-heal|p2a: Best Birb|67/100 par
|-singleturn|p2a: Best Birb|move: Roost
|
|upkeep
|turn|25
|
|move|p1a: Dragapult|Max Guard|p1a: Dragapult
|-singleturn|p1a: Dragapult|Max Guard
|move|p2a: Best Birb|Roost|p2a: Best Birb
|-heal|p2a: Best Birb|100/100 par
|-singleturn|p2a: Best Birb|move: Roost
|
|-end|p1a: Dragapult|Dynamax
|-heal|p1a: Dragapult|100/100|[silent]
|upkeep
|turn|26
|
|move|p1a: Dragapult|Substitute|p1a: Dragapult
|-start|p1a: Dragapult|Substitute
|-damage|p1a: Dragapult|76/100
|move|p2a: Best Birb|U-turn|p1a: Dragapult
|-resisted|p1a: Dragapult
|-activate|p1a: Dragapult|move: Substitute|[damage]
|
|switch|p2a: Trio Trio Trio|Dugtrio, M|94/100|[from]move: U-turn
|
|upkeep
|turn|27
|
|move|p2a: Trio Trio Trio|Earthquake|p1a: Dragapult
|-end|p1a: Dragapult|Substitute
|move|p1a: Dragapult|Dragon Dance|p1a: Dragapult
|-boost|p1a: Dragapult|atk|1
|-boost|p1a: Dragapult|spe|1
|
|upkeep
|turn|28
|
|move|p1a: Dragapult|Phantom Force||[still]
|-prepare|p1a: Dragapult|Phantom Force|p2a: Trio Trio Trio
|move|p2a: Trio Trio Trio|Earthquake|p1a: Dragapult|[miss]
|-miss|p2a: Trio Trio Trio|p1a: Dragapult
|
|upkeep
|turn|29
|
|switch|p2a: Best Birb|Corviknight, F, shiny|100/100 par
|-ability|p2a: Best Birb|Pressure
|move|p1a: Dragapult|Phantom Force|p2a: Best Birb|[from]lockedmove
|-damage|p2a: Best Birb|58/100 par
|
|upkeep
|turn|30
|
|move|p1a: Dragapult|Phantom Force||[still]
|-prepare|p1a: Dragapult|Phantom Force|p2a: Best Birb
|move|p2a: Best Birb|Roost|p2a: Best Birb
|-heal|p2a: Best Birb|100/100 par
|-singleturn|p2a: Best Birb|move: Roost
|
|upkeep
|turn|31
|
|move|p1a: Dragapult|Phantom Force|p2a: Best Birb|[from]lockedmove
|-damage|p2a: Best Birb|58/100 par
|move|p2a: Best Birb|Taunt|p1a: Dragapult
|-start|p1a: Dragapult|move: Taunt
|
|upkeep
|turn|32
|j| Bobsor
|
|move|p1a: Dragapult|Phantom Force||[still]
|-prepare|p1a: Dragapult|Phantom Force|p2a: Best Birb
|move|p2a: Best Birb|Roost|p2a: Best Birb
|-heal|p2a: Best Birb|100/100 par
|-singleturn|p2a: Best Birb|move: Roost
|
|upkeep
|turn|33
|
|move|p1a: Dragapult|Phantom Force|p2a: Best Birb|[from]lockedmove
|-damage|p2a: Best Birb|58/100 par
|move|p2a: Best Birb|Brave Bird|p1a: Dragapult
|-damage|p1a: Dragapult|30/100
|-damage|p2a: Best Birb|46/100 par|[from] Recoil
|
|upkeep
|turn|34
|
|move|p1a: Dragapult|Phantom Force||[still]
|-prepare|p1a: Dragapult|Phantom Force|p2a: Best Birb
|move|p2a: Best Birb|Roost|p2a: Best Birb
|-heal|p2a: Best Birb|96/100 par
|-singleturn|p2a: Best Birb|move: Roost
|
|-end|p1a: Dragapult|move: Taunt
|upkeep
|turn|35
|
|move|p1a: Dragapult|Phantom Force|p2a: Best Birb|[from]lockedmove
|-damage|p2a: Best Birb|50/100 par
|move|p2a: Best Birb|Brave Bird|p1a: Dragapult
|-damage|p1a: Dragapult|0 fnt
|-damage|p2a: Best Birb|43/100 par|[from] Recoil
|faint|p1a: Dragapult
|
|win|LittleSpookz
|c| Dimitri Serafim|wp
|c|☆LittleSpookz|gg
|l|☆willcoxw
|l|☆LittleSpookz
|raw|willcoxw's rating: 1725 &rarr; <strong>1702</strong><br />(-23 for losing)
|raw|LittleSpookz's rating: 1676 &rarr; <strong>1699</strong><br />(+23 for winning)
