|j|☆Whitedevil12345678
|j|☆nico2097
|t:|1665564486
|gametype|singles
|player|p1|Whitedevil12345678|blue-gen3two|1465
|player|p2|nico2097|hiker-gen4|1578
|teamsize|p1|6
|teamsize|p2|6
|gen|8
|tier|[Gen 8] Ubers
|rated|
|rule|Sleep Clause Mod: Limit one foe put to sleep
|rule|Species Clause: Limit one of each Pokémon
|rule|OHKO Clause: OHKO moves are banned
|rule|Evasion Items Clause: Evasion items are banned
|rule|Evasion Moves Clause: Evasion moves are banned
|rule|Endless Battle Clause: Forcing endless battles is banned
|rule|HP Percentage Mod: HP is shown in percentages
|rule|Dynamax Clause: You cannot dynamax
|clearpoke
|poke|p1|Naganadel|
|poke|p1|Darmanitan-Galar, M|
|poke|p1|Pheromosa|
|poke|p1|Cinderace, M|
|poke|p1|Stakataka|
|poke|p1|Calyrex-Shadow|
|poke|p2|Hatterene, F|
|poke|p2|Porygon2|
|poke|p2|Calyrex-Ice|
|poke|p2|Melmetal|
|poke|p2|Dracovish|
|poke|p2|Kyogre|
|teampreview
|inactive|Battle timer is ON: inactive players will automatically lose when time's up. (requested by nico2097)
|inactive|Whitedevil12345678 also wants the timer to be on.
|
|t:|1665564498
|start
|switch|p1a: Darmanitan|Darmanitan-Galar, M, shiny|100/100
|switch|p2a: Hatterene|Hatterene, F|100/100
|turn|1
|
|t:|1665564503
|move|p1a: Darmanitan|U-turn|p2a: Hatterene
|-damage|p2a: Hatterene|59/100
|
|t:|1665564512
|switch|p1a: Stakataka|Stakataka|100/100|[from]move: U-turn
|-item|p1a: Stakataka|Air Balloon
|move|p2a: Hatterene|Trick Room|p2a: Hatterene
|-fieldstart|move: Trick Room|[of] p2a: Hatterene
|
|upkeep
|turn|2
|
|t:|1665564515
|move|p1a: Stakataka|Gyro Ball|p2a: Hatterene
|-supereffective|p2a: Hatterene
|-crit|p2a: Hatterene
|-damage|p2a: Hatterene|0 fnt
|faint|p2a: Hatterene
|-ability|p1a: Stakataka|Beast Boost|boost
|-boost|p1a: Stakataka|atk|1
|
|upkeep
|
|t:|1665564527
|switch|p2a: Calyrex|Calyrex-Ice|100/100
|-ability|p2a: Calyrex|As One
|-ability|p2a: Calyrex|Unnerve
|turn|3
|
|t:|1665564537
|switch|p2a: Dracovish|Dracovish|100/100
|move|p1a: Stakataka|Stone Edge|p2a: Dracovish
|-damage|p2a: Dracovish|26/100
|
|upkeep
|turn|4
|
|t:|1665564544
|move|p1a: Stakataka|Earthquake|p2a: Dracovish
|-damage|p2a: Dracovish|0 fnt
|faint|p2a: Dracovish
|-ability|p1a: Stakataka|Beast Boost|boost
|-boost|p1a: Stakataka|atk|1
|
|upkeep
|
|t:|1665564547
|switch|p2a: Porygon2|Porygon2|100/100
|turn|5
|
|t:|1665564552
|move|p1a: Stakataka|Gyro Ball|p2a: Porygon2
|-damage|p2a: Porygon2|51/100
|move|p2a: Porygon2|Foul Play|p1a: Stakataka
|-damage|p1a: Stakataka|41/100
|-enditem|p1a: Stakataka|Air Balloon
|
|-fieldend|move: Trick Room
|upkeep
|turn|6
|
|t:|1665564562
|switch|p1a: Cinderace|Cinderace, M|100/100
|move|p2a: Porygon2|Foul Play|p1a: Cinderace
|-crit|p1a: Cinderace
|-damage|p1a: Cinderace|21/100
|
|upkeep
|turn|7
|
|t:|1665564565
|move|p1a: Cinderace|High Jump Kick|p2a: Porygon2
|-start|p1a: Cinderace|typechange|Fighting|[from] ability: Libero
|-supereffective|p2a: Porygon2
|-damage|p2a: Porygon2|0 fnt
|faint|p2a: Porygon2
|
|upkeep
|
|t:|1665564569
|switch|p2a: Melmetal|Melmetal|100/100
|turn|8
|c|☆nico2097|Gg
|
|t:|1665564574
|move|p1a: Cinderace|Pyro Ball|p2a: Melmetal
|-start|p1a: Cinderace|typechange|Fire|[from] ability: Libero
|-supereffective|p2a: Melmetal
|-damage|p2a: Melmetal|29/100
|move|p2a: Melmetal|Double Iron Bash|p1a: Cinderace
|-resisted|p1a: Cinderace
|-damage|p1a: Cinderace|0 fnt
|faint|p1a: Cinderace
|-hitcount|p1: Cinderace|1
|
|upkeep
|
|t:|1665564582
|switch|p1a: Calyrex|Calyrex-Shadow|100/100
|-ability|p1a: Calyrex|As One
|-ability|p1a: Calyrex|Unnerve
|turn|9
|
|t:|1665564585
|switch|p2a: Kyogre|Kyogre|100/100
|-weather|RainDance|[from] ability: Drizzle|[of] p2a: Kyogre
|move|p1a: Calyrex|Astral Barrage|p2a: Kyogre
|-damage|p2a: Kyogre|54/100
|
|-weather|RainDance|[upkeep]
|upkeep
|turn|10
|
|t:|1665564591
|move|p1a: Calyrex|Giga Drain|p2a: Kyogre
|-supereffective|p2a: Kyogre
|-damage|p2a: Kyogre|15/100
|move|p2a: Kyogre|Thunder|p1a: Calyrex
|-damage|p1a: Calyrex|30/100
|-status|p1a: Calyrex|par
|
|-weather|RainDance|[upkeep]
|upkeep
|turn|11
|
|t:|1665564598
|cant|p1a: Calyrex|par
|move|p2a: Kyogre|Thunder|p1a: Calyrex
|-damage|p1a: Calyrex|0 fnt
|faint|p1a: Calyrex
|
|-weather|RainDance|[upkeep]
|upkeep
|
|t:|1665564603
|switch|p1a: Pheromosa|Pheromosa|100/100
|turn|12
|
|t:|1665564606
|move|p1a: Pheromosa|Bug Buzz|p2a: Kyogre
|-damage|p2a: Kyogre|0 fnt
|faint|p2a: Kyogre
|-ability|p1a: Pheromosa|Beast Boost|boost
|-boost|p1a: Pheromosa|spa|1
|
|-weather|RainDance|[upkeep]
|upkeep
|
|t:|1665564611
|switch|p2a: Melmetal|Melmetal|29/100
|turn|13
|
|t:|1665564614
|move|p1a: Pheromosa|Bug Buzz|p2a: Melmetal
|-resisted|p2a: Melmetal
|-damage|p2a: Melmetal|0 fnt
|faint|p2a: Melmetal
|-ability|p1a: Pheromosa|Beast Boost|boost
|-boost|p1a: Pheromosa|spa|1
|
|-weather|none
|upkeep
|
|t:|1665564617
|switch|p2a: Calyrex|Calyrex-Ice|100/100
|-ability|p2a: Calyrex|As One
|-ability|p2a: Calyrex|Unnerve
|turn|14
|
|t:|1665564619
|move|p1a: Pheromosa|Bug Buzz|p2a: Calyrex
|-supereffective|p2a: Calyrex
|-damage|p2a: Calyrex|0 fnt
|faint|p2a: Calyrex
|
|win|Whitedevil12345678
|raw|Whitedevil12345678's rating: 1465 &rarr; <strong>1491</strong><br />(+26 for winning)
|raw|nico2097's rating: 1578 &rarr; <strong>1552</strong><br />(-26 for losing)
|l|☆nico2097
