|j|☆Lets Play Hugemon
|j|☆RIP_Player
|t:|1624282137
|gametype|singles
|player|p1|Lets Play Hugemon|policeman-gen4|
|player|p2|RIP_Player|firebreather|
|teamsize|p1|6
|teamsize|p2|6
|gen|8
|tier|[Gen 8] Ubers
|rated|Tournament battle
|rule|Sleep Clause Mod: Limit one foe put to sleep
|rule|Species Clause: Limit one of each Pokémon
|rule|OHKO Clause: OHKO moves are banned
|rule|Evasion Moves Clause: Evasion moves are banned
|rule|Endless Battle Clause: Forcing endless battles is banned
|rule|HP Percentage Mod: HP is shown in percentages
|rule|Dynamax Clause: You cannot dynamax
|clearpoke
|poke|p1|Yveltal|
|poke|p1|Necrozma-Dusk-Mane|
|poke|p1|Eternatus|
|poke|p1|Ho-Oh|
|poke|p1|Ditto|
|poke|p1|Calyrex-Shadow|
|poke|p2|Umbreon, F|
|poke|p2|Toxapex, M|
|poke|p2|Yveltal|
|poke|p2|Xerneas-*|
|poke|p2|Marshadow|
|poke|p2|Heatran, F|
|teampreview
|inactive|Battle timer is ON: inactive players will automatically lose when time's up. (requested by RIP_Player)
|
|t:|1624282157
|start
|switch|p1a: Yveltal|Yveltal|100/100
|switch|p2a: Yveltal|Yveltal|100/100
|-ability|p2a: Yveltal|Dark Aura
|-ability|p1a: Yveltal|Dark Aura
|turn|1
|
|t:|1624282162
|move|p2a: Yveltal|Knock Off|p1a: Yveltal
|-resisted|p1a: Yveltal
|-crit|p1a: Yveltal
|-damage|p1a: Yveltal|45/100
|-enditem|p1a: Yveltal|Heavy-Duty Boots|[from] move: Knock Off|[of] p2a: Yveltal
|move|p1a: Yveltal|Knock Off|p2a: Yveltal
|-resisted|p2a: Yveltal
|-damage|p2a: Yveltal|76/100
|-enditem|p2a: Yveltal|Choice Band|[from] move: Knock Off|[of] p1a: Yveltal
|
|upkeep
|turn|2
|
|t:|1624282169
|move|p2a: Yveltal|Rock Slide|p1a: Yveltal
|-supereffective|p1a: Yveltal
|-damage|p1a: Yveltal|4/100
|move|p1a: Yveltal|Roost|p1a: Yveltal
|-heal|p1a: Yveltal|54/100
|-singleturn|p1a: Yveltal|move: Roost
|
|upkeep
|turn|3
|
|t:|1624282184
|move|p2a: Yveltal|Body Slam|p1a: Yveltal
|-damage|p1a: Yveltal|31/100
|move|p1a: Yveltal|Roost|p1a: Yveltal
|-heal|p1a: Yveltal|81/100
|-singleturn|p1a: Yveltal|move: Roost
|
|upkeep
|turn|4
|
|t:|1624282189
|switch|p1a: Eternatus|Eternatus|100/100
|-ability|p1a: Eternatus|Pressure
|move|p2a: Yveltal|Body Slam|p1a: Eternatus
|-damage|p1a: Eternatus|78/100
|
|upkeep
|turn|5
|
|t:|1624282196
|switch|p2a: Heatran|Heatran, F|100/100
|move|p1a: Eternatus|Toxic|p2a: Heatran
|-immune|p2a: Heatran
|
|upkeep
|turn|6
|
|t:|1624282207
|switch|p1a: Ho-Oh|Ho-Oh|100/100
|move|p2a: Heatran|Stealth Rock|p1a: Ho-Oh
|-sidestart|p1: Lets Play Hugemon|move: Stealth Rock
|
|upkeep
|turn|7
|
|t:|1624282215
|move|p1a: Ho-Oh|Thunder Wave|p2a: Heatran
|-status|p2a: Heatran|par
|move|p2a: Heatran|Lava Plume|p1a: Ho-Oh
|-resisted|p1a: Ho-Oh
|-damage|p1a: Ho-Oh|91/100
|
|upkeep
|turn|8
|
|t:|1624282230
|switch|p2a: Yveltal|Yveltal|76/100
|-ability|p2a: Yveltal|Dark Aura
|move|p1a: Ho-Oh|Defog|p2a: Yveltal
|-unboost|p2a: Yveltal|evasion|1
|-sideend|p1: Lets Play Hugemon|Stealth Rock|[from] move: Defog|[of] p1a: Ho-Oh
|
|upkeep
|turn|9
|
|t:|1624282239
|switch|p1a: Eternatus|Eternatus|78/100
|-ability|p1a: Eternatus|Pressure
|move|p2a: Yveltal|Knock Off|p1a: Eternatus
|-damage|p1a: Eternatus|29/100
|-enditem|p1a: Eternatus|Heavy-Duty Boots|[from] move: Knock Off|[of] p2a: Yveltal
|
|upkeep
|turn|10
|
|t:|1624282258
|switch|p2a: Heatran|Heatran, F|100/100 par
|move|p1a: Eternatus|Recover|p1a: Eternatus
|-heal|p1a: Eternatus|79/100
|
|upkeep
|turn|11
|
|t:|1624282269
|switch|p1a: Ho-Oh|Ho-Oh|100/100
|move|p2a: Heatran|Stealth Rock|p1a: Ho-Oh
|-sidestart|p1: Lets Play Hugemon|move: Stealth Rock
|
|upkeep
|turn|12
|
|t:|1624282292
|switch|p2a: Yveltal|Yveltal|76/100
|-ability|p2a: Yveltal|Dark Aura
|move|p1a: Ho-Oh|Defog|p2a: Yveltal
|-unboost|p2a: Yveltal|evasion|1
|-sideend|p1: Lets Play Hugemon|Stealth Rock|[from] move: Defog|[of] p1a: Ho-Oh
|
|upkeep
|turn|13
|
|t:|1624282304
|switch|p1a: Eternatus|Eternatus|79/100
|-ability|p1a: Eternatus|Pressure
|move|p2a: Yveltal|Knock Off|p1a: Eternatus
|-damage|p1a: Eternatus|46/100
|
|upkeep
|turn|14
|inactive|RIP_Player has 120 seconds left.
|
|t:|1624282337
|switch|p2a: Heatran|Heatran, F|100/100 par
|switch|p1a: Yveltal|Yveltal|81/100
|-ability|p1a: Yveltal|Dark Aura
|
|upkeep
|turn|15
|inactive|RIP_Player has 90 seconds left.
|
|t:|1624282378
|switch|p2a: Xerneas|Xerneas|100/100
|-ability|p2a: Xerneas|Fairy Aura
|move|p1a: Yveltal|Taunt|p2a: Xerneas
|-start|p2a: Xerneas|move: Taunt
|
|upkeep
|turn|16
|
|t:|1624282386
|switch|p1a: Necrozma|Necrozma-Dusk-Mane|100/100
|move|p2a: Xerneas|Moonblast|p1a: Necrozma
|-resisted|p1a: Necrozma
|-damage|p1a: Necrozma|78/100
|-unboost|p1a: Necrozma|spa|1
|
|upkeep
|turn|17
|inactive|RIP_Player has 90 seconds left.
|
|t:|1624282402
|switch|p2a: Toxapex|Toxapex, M|100/100
|move|p1a: Necrozma|Stealth Rock|p2a: Toxapex
|-sidestart|p2: RIP_Player|move: Stealth Rock
|
|upkeep
|turn|18
|
|t:|1624282414
|switch|p1a: Calyrex|Calyrex-Shadow|100/100
|-ability|p1a: Calyrex|As One
|-ability|p1a: Calyrex|Unnerve
|move|p2a: Toxapex|Scald|p1a: Calyrex
|-damage|p1a: Calyrex|85/100
|
|upkeep
|turn|19
|inactive|RIP_Player has 90 seconds left.
|
|t:|1624282452
|switch|p2a: Umbreon|Umbreon, F|100/100
|-damage|p2a: Umbreon|88/100|[from] Stealth Rock
|move|p1a: Calyrex|Trick|p2a: Umbreon
|-activate|p1a: Calyrex|move: Trick|[of] p2a: Umbreon
|-item|p2a: Umbreon|Choice Specs|[from] move: Trick
|-item|p1a: Calyrex|Leftovers|[from] move: Trick
|
|-heal|p1a: Calyrex|91/100|[from] item: Leftovers
|upkeep
|turn|20
|
|t:|1624282468
|switch|p1a: Yveltal|Yveltal|81/100
|-ability|p1a: Yveltal|Dark Aura
|move|p2a: Umbreon|Toxic|p1a: Yveltal
|-status|p1a: Yveltal|tox
|
|-damage|p1a: Yveltal|75/100 tox|[from] psn
|upkeep
|turn|21
|
|t:|1624282488
|switch|p1a: Ditto|Ditto|100/100
|-transform|p1a: Ditto|p2a: Umbreon|[from] ability: Imposter
|switch|p2a: Xerneas|Xerneas|100/100
|-damage|p2a: Xerneas|88/100|[from] Stealth Rock
|-ability|p2a: Xerneas|Fairy Aura
|
|-heal|p2a: Xerneas|94/100|[from] item: Leftovers
|upkeep
|turn|22
|inactive|RIP_Player has 60 seconds left.
|
|t:|1624282519
|switch|p1a: Ho-Oh|Ho-Oh|100/100
|move|p2a: Xerneas|Defog|p1a: Ho-Oh
|-unboost|p1a: Ho-Oh|evasion|1
|-sideend|p2: RIP_Player|Stealth Rock|[from] move: Defog|[of] p2a: Xerneas
|
|-heal|p2a: Xerneas|99/100|[from] item: Leftovers
|upkeep
|turn|23
|inactive|RIP_Player has 60 seconds left.
|
|t:|1624282524
|switch|p2a: Heatran|Heatran, F|100/100 par
|move|p1a: Ho-Oh|Brave Bird|p2a: Heatran
|-resisted|p2a: Heatran
|-damage|p2a: Heatran|79/100 par
|-damage|p1a: Ho-Oh|94/100|[from] Recoil
|
|-heal|p2a: Heatran|85/100 par|[from] item: Leftovers
|upkeep
|turn|24
|
|t:|1624282539
|move|p1a: Ho-Oh|Brave Bird|p2a: Heatran
|-resisted|p2a: Heatran
|-damage|p2a: Heatran|61/100 par
|-damage|p1a: Ho-Oh|87/100|[from] Recoil
|move|p2a: Heatran|Stealth Rock|p1a: Ho-Oh
|-sidestart|p1: Lets Play Hugemon|move: Stealth Rock
|
|-heal|p2a: Heatran|68/100 par|[from] item: Leftovers
|upkeep
|turn|25
|
|t:|1624282553
|switch|p2a: Toxapex|Toxapex, M|100/100
|move|p1a: Ho-Oh|Defog|p2a: Toxapex
|-unboost|p2a: Toxapex|evasion|1
|-sideend|p1: Lets Play Hugemon|Stealth Rock|[from] move: Defog|[of] p1a: Ho-Oh
|
|upkeep
|turn|26
|
|t:|1624282561
|switch|p1a: Eternatus|Eternatus|46/100
|-ability|p1a: Eternatus|Pressure
|move|p2a: Toxapex|Toxic|p1a: Eternatus
|-immune|p1a: Eternatus
|
|upkeep
|turn|27
|
|t:|1624282566
|switch|p2a: Heatran|Heatran, F|68/100 par
|move|p1a: Eternatus|Recover|p1a: Eternatus
|-heal|p1a: Eternatus|96/100
|
|-heal|p2a: Heatran|74/100 par|[from] item: Leftovers
|upkeep
|turn|28
|
|t:|1624282575
|switch|p1a: Ho-Oh|Ho-Oh|100/100
|move|p2a: Heatran|Stealth Rock|p1a: Ho-Oh
|-sidestart|p1: Lets Play Hugemon|move: Stealth Rock
|
|-heal|p2a: Heatran|80/100 par|[from] item: Leftovers
|upkeep
|turn|29
|
|t:|1624282583
|switch|p2a: Toxapex|Toxapex, M|100/100
|move|p1a: Ho-Oh|Defog|p2a: Toxapex
|-unboost|p2a: Toxapex|evasion|1
|-sideend|p1: Lets Play Hugemon|Stealth Rock|[from] move: Defog|[of] p1a: Ho-Oh
|
|upkeep
|turn|30
|
|t:|1624282588
|switch|p1a: Eternatus|Eternatus|96/100
|-ability|p1a: Eternatus|Pressure
|move|p2a: Toxapex|Scald|p1a: Eternatus
|-resisted|p1a: Eternatus
|-damage|p1a: Eternatus|92/100
|
|upkeep
|turn|31
|
|t:|1624282594
|switch|p1a: Necrozma|Necrozma-Dusk-Mane|78/100
|switch|p2a: Heatran|Heatran, F|80/100 par
|
|-heal|p2a: Heatran|86/100 par|[from] item: Leftovers
|upkeep
|turn|32
|
|t:|1624282598
|switch|p2a: Yveltal|Yveltal|76/100
|-ability|p2a: Yveltal|Dark Aura
|move|p1a: Necrozma|Stealth Rock|p2a: Yveltal
|-sidestart|p2: RIP_Player|move: Stealth Rock
|
|upkeep
|turn|33
|
|t:|1624282605
|switch|p1a: Eternatus|Eternatus|92/100
|-ability|p1a: Eternatus|Pressure
|move|p2a: Yveltal|Knock Off|p1a: Eternatus
|-damage|p1a: Eternatus|56/100
|
|upkeep
|turn|34
|
|t:|1624282615
|move|p2a: Yveltal|Body Slam|p1a: Eternatus
|-damage|p1a: Eternatus|34/100
|move|p1a: Eternatus|Recover|p1a: Eternatus
|-heal|p1a: Eternatus|84/100
|
|upkeep
|turn|35
|
|t:|1624282620
|move|p2a: Yveltal|Body Slam|p1a: Eternatus
|-damage|p1a: Eternatus|64/100
|move|p1a: Eternatus|Toxic|p2a: Yveltal
|-status|p2a: Yveltal|tox
|
|-damage|p2a: Yveltal|70/100 tox|[from] psn
|upkeep
|turn|36
|
|t:|1624282630
|switch|p2a: Heatran|Heatran, F|86/100 par
|-damage|p2a: Heatran|74/100 par|[from] Stealth Rock
|move|p1a: Eternatus|Recover|p1a: Eternatus
|-heal|p1a: Eternatus|100/100
|
|-heal|p2a: Heatran|80/100 par|[from] item: Leftovers
|upkeep
|turn|37
|
|t:|1624282633
|switch|p1a: Necrozma|Necrozma-Dusk-Mane|78/100
|move|p2a: Heatran|Stealth Rock|p1a: Necrozma
|-sidestart|p1: Lets Play Hugemon|move: Stealth Rock
|
|-heal|p2a: Heatran|86/100 par|[from] item: Leftovers
|upkeep
|turn|38
|
|t:|1624282638
|move|p1a: Necrozma|Earthquake|p2a: Heatran
|-supereffective|p2a: Heatran
|-damage|p2a: Heatran|0 fnt
|faint|p2a: Heatran
|
|upkeep
|
|t:|1624282640
|switch|p2a: Xerneas|Xerneas|99/100
|-damage|p2a: Xerneas|88/100|[from] Stealth Rock
|-ability|p2a: Xerneas|Fairy Aura
|turn|39
|
|t:|1624282645
|move|p2a: Xerneas|Defog|p1a: Necrozma
|-unboost|p1a: Necrozma|evasion|1
|-sideend|p1: Lets Play Hugemon|Stealth Rock|[from] move: Defog|[of] p2a: Xerneas
|-sideend|p2: RIP_Player|Stealth Rock|[from] move: Defog|[of] p2a: Xerneas
|move|p1a: Necrozma|Sunsteel Strike|p2a: Xerneas
|-supereffective|p2a: Xerneas
|-damage|p2a: Xerneas|32/100
|
|-heal|p2a: Xerneas|38/100|[from] item: Leftovers
|upkeep
|turn|40
|
|t:|1624282652
|move|p2a: Xerneas|Thunder Wave|p1a: Necrozma
|-status|p1a: Necrozma|par
|move|p1a: Necrozma|Stealth Rock|p2a: Xerneas
|-sidestart|p2: RIP_Player|move: Stealth Rock
|
|-heal|p2a: Xerneas|44/100|[from] item: Leftovers
|upkeep
|turn|41
|
|t:|1624282656
|move|p2a: Xerneas|Defog|p1a: Necrozma
|-unboost|p1a: Necrozma|evasion|1
|-sideend|p2: RIP_Player|Stealth Rock|[from] move: Defog|[of] p2a: Xerneas
|move|p1a: Necrozma|Sunsteel Strike|p2a: Xerneas
|-supereffective|p2a: Xerneas
|-damage|p2a: Xerneas|0 fnt
|faint|p2a: Xerneas
|
|upkeep
|
|t:|1624282662
|switch|p2a: Yveltal|Yveltal|70/100 tox
|-ability|p2a: Yveltal|Dark Aura
|turn|42
|
|t:|1624282666
|switch|p1a: Eternatus|Eternatus|100/100
|-ability|p1a: Eternatus|Pressure
|move|p2a: Yveltal|Knock Off|p1a: Eternatus
|-crit|p1a: Eternatus
|-damage|p1a: Eternatus|50/100
|
|-damage|p2a: Yveltal|64/100 tox|[from] psn
|upkeep
|turn|43
|
|t:|1624282672
|move|p2a: Yveltal|Body Slam|p1a: Eternatus
|-damage|p1a: Eternatus|26/100
|move|p1a: Eternatus|Recover|p1a: Eternatus
|-heal|p1a: Eternatus|76/100
|
|-damage|p2a: Yveltal|52/100 tox|[from] psn
|upkeep
|turn|44
|
|t:|1624282681
|move|p2a: Yveltal|Body Slam|p1a: Eternatus
|-damage|p1a: Eternatus|56/100
|move|p1a: Eternatus|Dynamax Cannon|p2a: Yveltal
|-damage|p2a: Yveltal|13/100 tox
|
|-damage|p2a: Yveltal|0 fnt|[from] psn
|faint|p2a: Yveltal
|upkeep
|
|t:|1624282684
|switch|p2a: Marshadow|Marshadow|100/100
|turn|45
|
|t:|1624282690
|switch|p1a: Necrozma|Necrozma-Dusk-Mane|78/100 par
|move|p2a: Marshadow|Swagger|p1a: Necrozma
|-boost|p1a: Necrozma|atk|2
|-start|p1a: Necrozma|confusion
|
|upkeep
|turn|46
|
|t:|1624282697
|move|p2a: Marshadow|Spectral Thief||[still]
|-clearpositiveboost|p1a: Necrozma|p2a: Marshadow|move: Spectral Thief
|-boost|p2a: Marshadow|atk|2
|-anim|p2a: Marshadow|Spectral Thief|p1a: Necrozma
|-supereffective|p1a: Necrozma
|-damage|p1a: Necrozma|5/100 par
|-damage|p2a: Marshadow|84/100|[from] item: Rocky Helmet|[of] p1a: Necrozma
|-activate|p1a: Necrozma|confusion
|move|p1a: Necrozma|Stealth Rock|p2a: Marshadow
|-sidestart|p2: RIP_Player|move: Stealth Rock
|
|upkeep
|turn|47
|
|t:|1624282708
|move|p2a: Marshadow|Swagger|p1a: Necrozma
|-boost|p1a: Necrozma|atk|2
|-activate|p1a: Necrozma|confusion
|-damage|p1a: Necrozma|0 fnt|[from] confusion
|faint|p1a: Necrozma
|
|upkeep
|
|t:|1624282713
|switch|p1a: Ditto|Ditto|100/100
|-transform|p1a: Ditto|p2a: Marshadow|[from] ability: Imposter
|turn|48
|
|t:|1624282722
|switch|p2a: Toxapex|Toxapex, M|100/100
|-damage|p2a: Toxapex|88/100|[from] Stealth Rock
|move|p1a: Ditto|Shadow Sneak|p2a: Toxapex
|-damage|p2a: Toxapex|50/100
|
|-heal|p2a: Toxapex|56/100|[from] item: Black Sludge
|upkeep
|turn|49
|
|t:|1624282726
|switch|p1a: Calyrex|Calyrex-Shadow|91/100
|-ability|p1a: Calyrex|As One
|-ability|p1a: Calyrex|Unnerve
|move|p2a: Toxapex|Baneful Bunker||[still]
|-fail|p2a: Toxapex
|
|-heal|p1a: Calyrex|97/100|[from] item: Leftovers
|-heal|p2a: Toxapex|62/100|[from] item: Black Sludge
|upkeep
|turn|50
|
|t:|1624282730
|switch|p2a: Umbreon|Umbreon, F|88/100
|-damage|p2a: Umbreon|76/100|[from] Stealth Rock
|move|p1a: Calyrex|Astral Barrage|p2a: Umbreon
|-resisted|p2a: Umbreon
|-damage|p2a: Umbreon|57/100
|
|-heal|p1a: Calyrex|100/100|[from] item: Leftovers
|upkeep
|turn|51
|
|t:|1624282739
|switch|p1a: Ho-Oh|Ho-Oh|100/100
|move|p2a: Umbreon|Wish|p2a: Umbreon
|
|upkeep
|turn|52
|
|t:|1624282747
|switch|p2a: Marshadow|Marshadow|84/100
|-damage|p2a: Marshadow|78/100|[from] Stealth Rock
|move|p1a: Ho-Oh|Brave Bird|p2a: Marshadow
|-supereffective|p2a: Marshadow
|-damage|p2a: Marshadow|0 fnt
|faint|p2a: Marshadow
|-damage|p1a: Ho-Oh|81/100|[from] Recoil
|
|upkeep
|-message|RIP_Player forfeited.
|
|win|Lets Play Hugemon
|n|☆Lets Play Hugemon|letsplayhugemon
|n|☆RIP_Player|ripplayer
|l|☆RIP_Player
