|j|☆Mekontchou111
|j|☆Shooriken
|t:|1664712362
|gametype|singles
|player|p1|Mekontchou111|169|1371
|player|p2|Shooriken|scientist-gen4|1484
|teamsize|p1|6
|teamsize|p2|6
|gen|8
|tier|[Gen 8] Ubers
|rated|
|rule|Sleep Clause Mod: Limit one foe put to sleep
|rule|Species Clause: Limit one of each Pokémon
|rule|OHKO Clause: OHKO moves are banned
|rule|Evasion Items Clause: Evasion items are banned
|rule|Evasion Moves Clause: Evasion moves are banned
|rule|Endless Battle Clause: Forcing endless battles is banned
|rule|HP Percentage Mod: HP is shown in percentages
|rule|Dynamax Clause: You cannot dynamax
|clearpoke
|poke|p1|Hatterene, F|
|poke|p1|Dracovish|
|poke|p1|Melmetal|
|poke|p1|Porygon2|
|poke|p1|Calyrex-Ice|
|poke|p1|Magearna|
|poke|p2|Calyrex-Ice|
|poke|p2|Melmetal|
|poke|p2|Dracovish|
|poke|p2|Porygon2|
|poke|p2|Magearna|
|poke|p2|Whimsicott, F|
|teampreview
|c|☆Shooriken|Hf
|c|☆Mekontchou111|yup
|inactive|Battle timer is ON: inactive players will automatically lose when time's up. (requested by Mekontchou111)
|
|t:|1664712410
|start
|switch|p1a: Dracovish|Dracovish|100/100
|switch|p2a: Whimsicott|Whimsicott, F|100/100
|turn|1
|
|t:|1664712419
|switch|p1a: Melmetal|Melmetal|100/100
|move|p2a: Whimsicott|Switcheroo|p1a: Melmetal
|-activate|p2a: Whimsicott|move: Trick|[of] p1a: Melmetal
|-item|p1a: Melmetal|Lagging Tail|[from] move: Switcheroo
|-item|p2a: Whimsicott|Choice Band|[from] move: Switcheroo
|
|upkeep
|turn|2
|inactive|Mekontchou111 has 120 seconds left.
|
|t:|1664712455
|move|p2a: Whimsicott|U-turn|p1a: Melmetal
|-resisted|p1a: Melmetal
|-damage|p1a: Melmetal|96/100
|
|t:|1664712458
|switch|p2a: Dracovish|Dracovish|100/100|[from]move: U-turn
|move|p1a: Melmetal|Double Iron Bash|p2a: Dracovish
|-resisted|p2a: Dracovish
|-damage|p2a: Dracovish|80/100
|-resisted|p2a: Dracovish
|-damage|p2a: Dracovish|60/100
|-hitcount|p2a: Dracovish|2
|
|upkeep
|turn|3
|inactive|Mekontchou111 has 120 seconds left.
|
|t:|1664712483
|move|p2a: Dracovish|Fishious Rend|p1a: Melmetal
|-damage|p1a: Melmetal|0 fnt
|faint|p1a: Melmetal
|
|upkeep
|inactive|Mekontchou111 has 90 seconds left.
|
|t:|1664712510
|switch|p1a: Magearna|Magearna|100/100
|turn|4
|
|t:|1664712515
|move|p1a: Magearna|Misty Explosion|p2a: Dracovish
|-supereffective|p2a: Dracovish
|-damage|p2a: Dracovish|0 fnt
|faint|p1a: Magearna
|faint|p2a: Dracovish
|
|upkeep
|
|t:|1664712536
|switch|p1a: Porygon2|Porygon2|100/100
|switch|p2a: Porygon2|Porygon2|100/100
|turn|5
|
|t:|1664712548
|move|p1a: Porygon2|Teleport|p1a: Porygon2
|
|t:|1664712550
|switch|p1a: Dracovish|Dracovish|100/100|[from]move: Teleport
|move|p2a: Porygon2|Trick Room|p2a: Porygon2
|-fieldstart|move: Trick Room|[of] p2a: Porygon2
|
|upkeep
|turn|6
|inactive|Mekontchou111 has 90 seconds left.
|
|t:|1664712576
|move|p2a: Porygon2|Foul Play|p1a: Dracovish
|-damage|p1a: Dracovish|75/100
|move|p1a: Dracovish|Fishious Rend|p2a: Porygon2
|-damage|p2a: Porygon2|42/100
|
|upkeep
|turn|7
|
|t:|1664712592
|move|p2a: Porygon2|Foul Play|p1a: Dracovish
|-damage|p1a: Dracovish|51/100
|move|p1a: Dracovish|Fishious Rend|p2a: Porygon2
|-damage|p2a: Porygon2|0 fnt
|faint|p2a: Porygon2
|
|upkeep
|
|t:|1664712598
|switch|p2a: Melmetal|Melmetal|100/100
|turn|8
|
|t:|1664712606
|switch|p1a: Porygon2|Porygon2|100/100
|move|p2a: Melmetal|Double Iron Bash|p1a: Porygon2
|-damage|p1a: Porygon2|75/100
|-damage|p1a: Porygon2|49/100
|-hitcount|p1a: Porygon2|2
|-damage|p2a: Melmetal|91/100|[from] item: Life Orb
|
|upkeep
|turn|9
|
|t:|1664712613
|move|p2a: Melmetal|Double Iron Bash|p1a: Porygon2
|-damage|p1a: Porygon2|23/100
|-damage|p1a: Porygon2|0 fnt
|faint|p1a: Porygon2
|-hitcount|p1: Porygon2|2
|-damage|p2a: Melmetal|81/100|[from] item: Life Orb
|
|-fieldend|move: Trick Room
|upkeep
|
|t:|1664712618
|switch|p1a: Dracovish|Dracovish|51/100
|turn|10
|
|t:|1664712622
|switch|p2a: Whimsicott|Whimsicott, F|100/100
|move|p1a: Dracovish|Fishious Rend|p2a: Whimsicott
|-resisted|p2a: Whimsicott
|-damage|p2a: Whimsicott|1/100
|
|upkeep
|turn|11
|
|t:|1664712640
|switch|p1a: Calyrex|Calyrex-Ice|100/100
|-ability|p1a: Calyrex|As One
|-ability|p1a: Calyrex|Unnerve
|move|p2a: Whimsicott|U-turn|p1a: Calyrex
|-supereffective|p1a: Calyrex
|-crit|p1a: Calyrex
|-damage|p1a: Calyrex|72/100
|-enditem|p1a: Calyrex|Weakness Policy
|-boost|p1a: Calyrex|atk|2|[from] item: Weakness Policy
|-boost|p1a: Calyrex|spa|2|[from] item: Weakness Policy
|
|t:|1664712656
|switch|p2a: Magearna|Magearna|100/100|[from]move: U-turn
|
|upkeep
|turn|12
|
|t:|1664712670
|move|p1a: Calyrex|High Horsepower|p2a: Magearna
|-supereffective|p2a: Magearna
|-damage|p2a: Magearna|2/100
|move|p2a: Magearna|Volt Switch|p1a: Calyrex
|-damage|p1a: Calyrex|57/100
|inactive|Shooriken has 120 seconds left.
|
|t:|1664712687
|switch|p2a: Whimsicott|Whimsicott, F|1/100|[from]move: Volt Switch
|
|upkeep
|turn|13
|inactive|Shooriken has 120 seconds left.
|
|t:|1664712703
|move|p2a: Whimsicott|U-turn|p1a: Calyrex
|-supereffective|p1a: Calyrex
|-damage|p1a: Calyrex|35/100
|
|t:|1664712706
|switch|p2a: Magearna|Magearna|2/100|[from]move: U-turn
|move|p1a: Calyrex|High Horsepower|p2a: Magearna
|-supereffective|p2a: Magearna
|-damage|p2a: Magearna|0 fnt
|faint|p2a: Magearna
|-ability|p1a: Calyrex|Chilling Neigh|boost
|-boost|p1a: Calyrex|atk|1
|
|upkeep
|
|t:|1664712709
|switch|p2a: Calyrex|Calyrex-Ice|100/100
|-ability|p2a: Calyrex|As One
|-ability|p2a: Calyrex|Unnerve
|turn|14
|
|t:|1664712714
|move|p1a: Calyrex|High Horsepower|p2a: Calyrex
|-damage|p2a: Calyrex|35/100
|move|p2a: Calyrex|Trick Room|p2a: Calyrex
|-fieldstart|move: Trick Room|[of] p2a: Calyrex
|
|upkeep
|turn|15
|
|t:|1664712729
|move|p2a: Calyrex|Glacial Lance|p1a: Calyrex
|-resisted|p1a: Calyrex
|-damage|p1a: Calyrex|8/100
|move|p1a: Calyrex|Trick Room|p1a: Calyrex
|-fieldend|move: Trick Room
|
|upkeep
|turn|16
|c|☆Shooriken|Gg
|-message|Shooriken forfeited.
|
|win|Mekontchou111
|raw|Mekontchou111's rating: 1371 &rarr; <strong>1397</strong><br />(+26 for winning)
|raw|Shooriken's rating: 1484 &rarr; <strong>1458</strong><br />(-26 for losing)
|l|☆Shooriken
