|j|☆Zicofool
|j|☆Disney Sucks
|t:|1656126855
|gametype|singles
|player|p1|Zicofool|iris-gen5bw2|1269
|player|p2|Disney Sucks|linebacker|1386
|teamsize|p1|6
|teamsize|p2|6
|gen|8
|tier|[Gen 8] Ubers
|rated|
|rule|Sleep Clause Mod: Limit one foe put to sleep
|rule|Species Clause: Limit one of each Pokémon
|rule|OHKO Clause: OHKO moves are banned
|rule|Evasion Moves Clause: Evasion moves are banned
|rule|Endless Battle Clause: Forcing endless battles is banned
|rule|HP Percentage Mod: HP is shown in percentages
|rule|Dynamax Clause: You cannot dynamax
|clearpoke
|poke|p1|Dialga|
|poke|p1|Skarmory, M|
|poke|p1|Reshiram|
|poke|p1|Calyrex-Ice|
|poke|p1|Spiritomb, M|
|poke|p1|Araquanid, F|
|poke|p2|Landorus, M|
|poke|p2|Slurpuff, M|
|poke|p2|Groudon|
|poke|p2|Reshiram|
|poke|p2|Eternatus|
|poke|p2|Yveltal|
|teampreview
|
|t:|1656126865
|start
|switch|p1a: Calyrex|Calyrex-Ice|100/100
|switch|p2a: Slurpuff|Slurpuff, M|100/100
|-ability|p1a: Calyrex|As One
|-ability|p1a: Calyrex|Unnerve
|turn|1
|
|t:|1656126871
|move|p2a: Slurpuff|Yawn|p1a: Calyrex
|-start|p1a: Calyrex|move: Yawn|[of] p2a: Slurpuff
|move|p1a: Calyrex|Glacial Lance|p2a: Slurpuff
|-enditem|p2a: Slurpuff|Focus Sash
|-damage|p2a: Slurpuff|1/100
|
|upkeep
|turn|2
|
|t:|1656126879
|switch|p1a: Skarmory|Skarmory, M|100/100
|move|p2a: Slurpuff|Sticky Web|p1a: Skarmory
|-sidestart|p1: Zicofool|move: Sticky Web
|
|upkeep
|turn|3
|
|t:|1656126882
|move|p2a: Slurpuff|Magic Coat|p2a: Slurpuff
|-singleturn|p2a: Slurpuff|move: Magic Coat
|move|p1a: Skarmory|Defog|p2a: Slurpuff
|move|p2a: Slurpuff|Defog|p1a: Skarmory|[from]Magic Coat
|-unboost|p1a: Skarmory|evasion|1
|-sideend|p1: Zicofool|Sticky Web|[from] move: Defog|[of] p2a: Slurpuff
|
|upkeep
|turn|4
|
|t:|1656126886
|move|p2a: Slurpuff|Sticky Web|p1a: Skarmory
|-sidestart|p1: Zicofool|move: Sticky Web
|move|p1a: Skarmory|Whirlwind|p2a: Slurpuff
|drag|p2a: Eternatus|Eternatus|100/100
|-ability|p2a: Eternatus|Pressure
|
|upkeep
|turn|5
|
|t:|1656126890
|move|p2a: Eternatus|Mystical Fire|p1a: Skarmory
|-supereffective|p1a: Skarmory
|-damage|p1a: Skarmory|38/100
|-unboost|p1a: Skarmory|spa|1
|move|p1a: Skarmory|Defog|p2a: Eternatus
|-unboost|p2a: Eternatus|evasion|1
|-sideend|p1: Zicofool|Sticky Web|[from] move: Defog|[of] p1a: Skarmory
|
|upkeep
|turn|6
|
|t:|1656126896
|switch|p1a: Dialga|Dialga|100/100
|-ability|p1a: Dialga|Pressure
|move|p2a: Eternatus|Mystical Fire|p1a: Dialga
|-damage|p1a: Dialga|82/100
|-unboost|p1a: Dialga|spa|1
|
|-heal|p1a: Dialga|88/100|[from] item: Leftovers
|upkeep
|turn|7
|
|t:|1656126905
|switch|p2a: Groudon|Groudon|100/100
|-weather|SunnyDay|[from] ability: Drought|[of] p2a: Groudon
|move|p1a: Dialga|Flash Cannon|p2a: Groudon
|-damage|p2a: Groudon|78/100
|
|-weather|SunnyDay|[upkeep]
|-heal|p1a: Dialga|95/100|[from] item: Leftovers
|upkeep
|turn|8
|
|t:|1656126914
|switch|p1a: Araquanid|Araquanid, F|100/100
|move|p2a: Groudon|Stealth Rock|p1a: Araquanid
|-sidestart|p1: Zicofool|move: Stealth Rock
|
|-weather|SunnyDay|[upkeep]
|upkeep
|turn|9
|
|t:|1656126919
|switch|p2a: Slurpuff|Slurpuff, M|1/100
|move|p1a: Araquanid|Liquidation|p2a: Slurpuff
|-damage|p2a: Slurpuff|0 fnt
|faint|p2a: Slurpuff
|
|-weather|SunnyDay|[upkeep]
|upkeep
|
|t:|1656126940
|switch|p2a: Reshiram|Reshiram|100/100
|-ability|p2a: Reshiram|Turboblaze
|turn|10
|
|t:|1656126942
|move|p2a: Reshiram|Blue Flare|p1a: Araquanid
|-damage|p1a: Araquanid|17/100
|move|p1a: Araquanid|Liquidation|p2a: Reshiram
|-damage|p2a: Reshiram|49/100
|
|-weather|SunnyDay|[upkeep]
|upkeep
|turn|11
|
|t:|1656126947
|switch|p1a: Reshiram|Reshiram|100/100
|-damage|p1a: Reshiram|76/100|[from] Stealth Rock
|-ability|p1a: Reshiram|Turboblaze
|move|p2a: Reshiram|Blue Flare|p1a: Reshiram
|-resisted|p1a: Reshiram
|-damage|p1a: Reshiram|51/100
|
|-weather|SunnyDay|[upkeep]
|upkeep
|turn|12
|
|t:|1656126954
|move|p2a: Reshiram|Earth Power|p1a: Reshiram
|-supereffective|p1a: Reshiram
|-damage|p1a: Reshiram|0 fnt
|faint|p1a: Reshiram
|
|-weather|SunnyDay|[upkeep]
|upkeep
|
|t:|1656126973
|switch|p1a: Spiritomb|Spiritomb, M|100/100
|-damage|p1a: Spiritomb|88/100|[from] Stealth Rock
|turn|13
|c|☆Disney Sucks|IM BAWLING MY EYES OUT RN
|c|☆Disney Sucks|RIP RESHIRAM
|
|t:|1656126985
|move|p2a: Reshiram|Blue Flare|p1a: Spiritomb
|-damage|p1a: Spiritomb|0 fnt
|faint|p1a: Spiritomb
|
|-weather|SunnyDay|[upkeep]
|upkeep
|
|t:|1656126991
|switch|p1a: Dialga|Dialga|95/100
|-damage|p1a: Dialga|88/100|[from] Stealth Rock
|-ability|p1a: Dialga|Pressure
|turn|14
|
|t:|1656126996
|move|p2a: Reshiram|Blue Flare|p1a: Dialga
|-damage|p1a: Dialga|0 fnt
|faint|p1a: Dialga
|
|-weather|none
|upkeep
|
|t:|1656127000
|switch|p1a: Calyrex|Calyrex-Ice|100/100
|-ability|p1a: Calyrex|As One
|-ability|p1a: Calyrex|Unnerve
|-damage|p1a: Calyrex|75/100|[from] Stealth Rock
|turn|15
|
|t:|1656127002
|move|p2a: Reshiram|Blue Flare|p1a: Calyrex
|-supereffective|p1a: Calyrex
|-damage|p1a: Calyrex|11/100
|move|p1a: Calyrex|Glacial Lance|p2a: Reshiram
|-damage|p2a: Reshiram|0 fnt
|faint|p2a: Reshiram
|-ability|p1a: Calyrex|Chilling Neigh|boost
|-boost|p1a: Calyrex|atk|1
|
|upkeep
|
|t:|1656127009
|switch|p2a: Yveltal|Yveltal|100/100
|-ability|p2a: Yveltal|Dark Aura
|turn|16
|
|t:|1656127013
|move|p2a: Yveltal|Knock Off|p1a: Calyrex
|-supereffective|p1a: Calyrex
|-damage|p1a: Calyrex|0 fnt
|-enditem|p1a: Calyrex|Assault Vest|[from] move: Knock Off|[of] p2a: Yveltal
|faint|p1a: Calyrex
|
|upkeep
|
|t:|1656127017
|switch|p1a: Skarmory|Skarmory, M|38/100
|-damage|p1a: Skarmory|25/100|[from] Stealth Rock
|turn|17
|
|t:|1656127019
|move|p2a: Yveltal|Knock Off|p1a: Skarmory
|-damage|p1a: Skarmory|0 fnt
|-damage|p2a: Yveltal|84/100|[from] item: Rocky Helmet|[of] p1a: Skarmory
|-enditem|p1a: Skarmory|Rocky Helmet|[from] move: Knock Off|[of] p2a: Yveltal
|faint|p1a: Skarmory
|
|upkeep
|c|☆Zicofool|gg
|
|t:|1656127024
|switch|p1a: Araquanid|Araquanid, F|17/100
|-damage|p1a: Araquanid|0 fnt|[from] Stealth Rock
|faint|p1a: Araquanid
|
|win|Disney Sucks
|raw|Zicofool's rating: 1269 &rarr; <strong>1252</strong><br />(-17 for losing)
|raw|Disney Sucks's rating: 1386 &rarr; <strong>1400</strong><br />(+14 for winning)
|c|☆Disney Sucks|gg
|l|☆Zicofool
||Ladder isn't responding, score probably updated but might not have (Request timeout).
