|j|☆caionamax
|j|☆AwwNards
|t:|1667496555
|gametype|singles
|player|p1|caionamax|hilbert-wonderlauncher|1359
|player|p2|AwwNards|169|1281
|teamsize|p1|6
|teamsize|p2|6
|gen|8
|tier|[Gen 8] Ubers
|rated|
|rule|Sleep Clause Mod: Limit one foe put to sleep
|rule|Species Clause: Limit one of each Pokémon
|rule|OHKO Clause: OHKO moves are banned
|rule|Evasion Items Clause: Evasion items are banned
|rule|Evasion Moves Clause: Evasion moves are banned
|rule|Endless Battle Clause: Forcing endless battles is banned
|rule|HP Percentage Mod: HP is shown in percentages
|rule|Dynamax Clause: You cannot dynamax
|clearpoke
|poke|p1|Rotom-Wash|
|poke|p1|Clefable, F|
|poke|p1|Necrozma-Dusk-Mane|
|poke|p1|Weavile, M|
|poke|p1|Yveltal|
|poke|p1|Eternatus|
|poke|p2|Yveltal|
|poke|p2|Eternatus|
|poke|p2|Ho-Oh|
|poke|p2|Necrozma-Dusk-Mane|
|poke|p2|Calyrex-Shadow|
|poke|p2|Groudon|
|teampreview
|inactive|Battle timer is ON: inactive players will automatically lose when time's up. (requested by AwwNards)
|
|t:|1667496566
|start
|switch|p1a: Weavile|Weavile, M|100/100
|switch|p2a: Necrozma|Necrozma-Dusk-Mane|100/100
|-ability|p1a: Weavile|Pressure
|turn|1
|
|t:|1667496572
|switch|p1a: Rotom|Rotom-Wash|100/100
|move|p2a: Necrozma|Stealth Rock|p1a: Rotom
|-sidestart|p1: caionamax|move: Stealth Rock
|
|upkeep
|turn|2
|
|t:|1667496581
|move|p1a: Rotom|Will-O-Wisp|p2a: Necrozma
|-status|p2a: Necrozma|brn
|move|p2a: Necrozma|Sunsteel Strike|p1a: Rotom
|-resisted|p1a: Rotom
|-damage|p1a: Rotom|96/100
|
|-heal|p1a: Rotom|100/100|[from] item: Leftovers
|-damage|p2a: Necrozma|94/100 brn|[from] brn
|upkeep
|turn|3
|
|t:|1667496607
|switch|p2a: Eternatus|Eternatus|100/100
|-ability|p2a: Eternatus|Pressure
|move|p1a: Rotom|Volt Switch|p2a: Eternatus
|-resisted|p2a: Eternatus
|-damage|p2a: Eternatus|90/100
|inactive|caionamax has 120 seconds left.
|
|t:|1667496631
|switch|p1a: Necrozma|Necrozma-Dusk-Mane|100/100|[from]move: Volt Switch
|-damage|p1a: Necrozma|94/100|[from] Stealth Rock
|
|-heal|p1a: Necrozma|100/100|[from] item: Leftovers
|upkeep
|turn|4
|
|t:|1667496640
|switch|p2a: Necrozma|Necrozma-Dusk-Mane|94/100 brn
|move|p1a: Necrozma|Stealth Rock|p2a: Necrozma
|-sidestart|p2: AwwNards|move: Stealth Rock
|
|-damage|p2a: Necrozma|88/100 brn|[from] brn
|upkeep
|turn|5
|inactive|caionamax has 120 seconds left.
|
|t:|1667496653
|switch|p1a: Rotom|Rotom-Wash|100/100
|-damage|p1a: Rotom|88/100|[from] Stealth Rock
|move|p2a: Necrozma|Thunder Wave|p1a: Rotom
|-immune|p1a: Rotom
|
|-heal|p1a: Rotom|94/100|[from] item: Leftovers
|-damage|p2a: Necrozma|82/100 brn|[from] brn
|upkeep
|turn|6
|
|t:|1667496664
|switch|p2a: Eternatus|Eternatus|90/100
|-damage|p2a: Eternatus|77/100|[from] Stealth Rock
|-ability|p2a: Eternatus|Pressure
|move|p1a: Rotom|Volt Switch|p2a: Eternatus
|-resisted|p2a: Eternatus
|-damage|p2a: Eternatus|66/100
|
|t:|1667496669
|switch|p1a: Necrozma|Necrozma-Dusk-Mane|100/100|[from]move: Volt Switch
|-damage|p1a: Necrozma|94/100|[from] Stealth Rock
|
|-heal|p1a: Necrozma|100/100|[from] item: Leftovers
|upkeep
|turn|7
|
|t:|1667496675
|move|p2a: Eternatus|Flamethrower|p1a: Necrozma
|-supereffective|p1a: Necrozma
|-damage|p1a: Necrozma|60/100
|-damage|p2a: Eternatus|56/100|[from] item: Life Orb
|move|p1a: Necrozma|Thunder Wave|p2a: Eternatus
|-status|p2a: Eternatus|par
|
|-heal|p1a: Necrozma|66/100|[from] item: Leftovers
|upkeep
|turn|8
|
|t:|1667496689
|switch|p1a: Eternatus|Eternatus|100/100
|-ability|p1a: Eternatus|Pressure
|move|p2a: Eternatus|Recover|p2a: Eternatus
|-heal|p2a: Eternatus|100/100 par
|
|upkeep
|turn|9
|
|t:|1667496697
|switch|p1a: Necrozma|Necrozma-Dusk-Mane|66/100
|-damage|p1a: Necrozma|60/100|[from] Stealth Rock
|switch|p2a: Necrozma|Necrozma-Dusk-Mane|82/100 brn
|-damage|p2a: Necrozma|76/100 brn|[from] Stealth Rock
|
|-heal|p1a: Necrozma|66/100|[from] item: Leftovers
|-damage|p2a: Necrozma|70/100 brn|[from] brn
|upkeep
|turn|10
|
|t:|1667496716
|switch|p1a: Rotom|Rotom-Wash|94/100
|-damage|p1a: Rotom|82/100|[from] Stealth Rock
|move|p2a: Necrozma|Thunder Wave|p1a: Rotom|[miss]
|-miss|p2a: Necrozma|p1a: Rotom
|
|-heal|p1a: Rotom|88/100|[from] item: Leftovers
|-damage|p2a: Necrozma|64/100 brn|[from] brn
|upkeep
|turn|11
|
|t:|1667496727
|move|p1a: Rotom|Hydro Pump|p2a: Necrozma
|-damage|p2a: Necrozma|32/100 brn
|move|p2a: Necrozma|Moonlight|p2a: Necrozma
|-heal|p2a: Necrozma|82/100 brn
|
|-heal|p1a: Rotom|94/100|[from] item: Leftovers
|-damage|p2a: Necrozma|76/100 brn|[from] brn
|upkeep
|turn|12
|
|t:|1667496748
|switch|p2a: Yveltal|Yveltal|100/100
|-ability|p2a: Yveltal|Dark Aura
|move|p1a: Rotom|Volt Switch|p2a: Yveltal
|-supereffective|p2a: Yveltal
|-damage|p2a: Yveltal|59/100
|
|t:|1667496752
|switch|p1a: Yveltal|Yveltal|100/100|[from]move: Volt Switch
|-ability|p1a: Yveltal|Dark Aura
|
|upkeep
|turn|13
|
|t:|1667496755
|move|p1a: Yveltal|Defog|p2a: Yveltal
|-unboost|p2a: Yveltal|evasion|1
|-sideend|p2: AwwNards|Stealth Rock|[from] move: Defog|[of] p1a: Yveltal
|-sideend|p1: caionamax|Stealth Rock|[from] move: Defog|[of] p1a: Yveltal
|move|p2a: Yveltal|Roost|p2a: Yveltal
|-heal|p2a: Yveltal|100/100
|-singleturn|p2a: Yveltal|move: Roost
|
|upkeep
|turn|14
|
|t:|1667496768
|move|p1a: Yveltal|U-turn|p2a: Yveltal
|-damage|p2a: Yveltal|84/100
|
|t:|1667496770
|switch|p1a: Clefable|Clefable, F, shiny|100/100|[from]move: U-turn
|move|p2a: Yveltal|Knock Off|p1a: Clefable
|-resisted|p1a: Clefable
|-damage|p1a: Clefable|73/100
|-enditem|p1a: Clefable|Leftovers|[from] move: Knock Off|[of] p2a: Yveltal
|
|upkeep
|turn|15
|
|t:|1667496773
|switch|p2a: Necrozma|Necrozma-Dusk-Mane|76/100 brn
|move|p1a: Clefable|Knock Off|p2a: Necrozma
|-supereffective|p2a: Necrozma
|-damage|p2a: Necrozma|63/100 brn
|-enditem|p2a: Necrozma|Weakness Policy
|-boost|p2a: Necrozma|atk|2|[from] item: Weakness Policy
|-boost|p2a: Necrozma|spa|2|[from] item: Weakness Policy
|
|-damage|p2a: Necrozma|57/100 brn|[from] brn
|upkeep
|turn|16
|
|t:|1667496777
|switch|p1a: Rotom|Rotom-Wash|94/100
|move|p2a: Necrozma|Sunsteel Strike|p1a: Rotom
|-resisted|p1a: Rotom
|-damage|p1a: Rotom|85/100
|
|-heal|p1a: Rotom|91/100|[from] item: Leftovers
|-damage|p2a: Necrozma|51/100 brn|[from] brn
|upkeep
|turn|17
|
|t:|1667496787
|move|p1a: Rotom|Volt Switch|p2a: Necrozma
|-damage|p2a: Necrozma|32/100 brn
|
|t:|1667496788
|switch|p1a: Necrozma|Necrozma-Dusk-Mane|66/100|[from]move: Volt Switch
|move|p2a: Necrozma|Moonlight|p2a: Necrozma
|-heal|p2a: Necrozma|82/100 brn
|
|-heal|p1a: Necrozma|72/100|[from] item: Leftovers
|-damage|p2a: Necrozma|76/100 brn|[from] brn
|upkeep
|turn|18
|
|t:|1667496794
|move|p1a: Necrozma|Stealth Rock|p2a: Necrozma
|-sidestart|p2: AwwNards|move: Stealth Rock
|move|p2a: Necrozma|Thunder Wave|p1a: Necrozma
|-status|p1a: Necrozma|par
|
|-heal|p1a: Necrozma|78/100 par|[from] item: Leftovers
|-damage|p2a: Necrozma|70/100 brn|[from] brn
|upkeep
|turn|19
|
|t:|1667496800
|switch|p1a: Rotom|Rotom-Wash|91/100
|move|p2a: Necrozma|Stealth Rock|p1a: Rotom
|-sidestart|p1: caionamax|move: Stealth Rock
|
|-heal|p1a: Rotom|97/100|[from] item: Leftovers
|-damage|p2a: Necrozma|64/100 brn|[from] brn
|upkeep
|turn|20
|
|t:|1667496810
|move|p1a: Rotom|Hydro Pump|p2a: Necrozma
|-damage|p2a: Necrozma|33/100 brn
|move|p2a: Necrozma|Thunder Wave|p1a: Rotom
|-immune|p1a: Rotom
|
|-heal|p1a: Rotom|100/100|[from] item: Leftovers
|-damage|p2a: Necrozma|27/100 brn|[from] brn
|upkeep
|turn|21
|
|t:|1667496819
|move|p1a: Rotom|Volt Switch|p2a: Necrozma
|-damage|p2a: Necrozma|8/100 brn
|
|t:|1667496826
|switch|p1a: Yveltal|Yveltal|100/100|[from]move: Volt Switch
|-ability|p1a: Yveltal|Dark Aura
|move|p2a: Necrozma|Moonlight|p2a: Necrozma
|-heal|p2a: Necrozma|58/100 brn
|
|-damage|p2a: Necrozma|52/100 brn|[from] brn
|upkeep
|turn|22
|
|t:|1667496833
|move|p1a: Yveltal|U-turn|p2a: Necrozma
|-damage|p2a: Necrozma|41/100 brn
|
|t:|1667496841
|switch|p1a: Rotom|Rotom-Wash|100/100|[from]move: U-turn
|-damage|p1a: Rotom|88/100|[from] Stealth Rock
|move|p2a: Necrozma|Thunder Wave|p1a: Rotom
|-immune|p1a: Rotom
|
|-heal|p1a: Rotom|94/100|[from] item: Leftovers
|-damage|p2a: Necrozma|35/100 brn|[from] brn
|upkeep
|turn|23
|
|t:|1667496845
|move|p1a: Rotom|Hydro Pump|p2a: Necrozma
|-damage|p2a: Necrozma|5/100 brn
|move|p2a: Necrozma|Moonlight|p2a: Necrozma
|-heal|p2a: Necrozma|55/100 brn
|
|-heal|p1a: Rotom|99/100|[from] item: Leftovers
|-damage|p2a: Necrozma|49/100 brn|[from] brn
|upkeep
|turn|24
|
|t:|1667496850
|move|p1a: Rotom|Will-O-Wisp|p2a: Necrozma
|-fail|p2a: Necrozma|brn
|move|p2a: Necrozma|Moonlight|p2a: Necrozma
|-heal|p2a: Necrozma|99/100 brn
|
|-heal|p1a: Rotom|100/100|[from] item: Leftovers
|-damage|p2a: Necrozma|93/100 brn|[from] brn
|upkeep
|turn|25
|
|t:|1667496863
|switch|p2a: Eternatus|Eternatus|100/100 par
|-damage|p2a: Eternatus|88/100 par|[from] Stealth Rock
|-ability|p2a: Eternatus|Pressure
|move|p1a: Rotom|Will-O-Wisp||[still]
|-fail|p1a: Rotom
|
|upkeep
|turn|26
|
|t:|1667496877
|move|p1a: Rotom|Volt Switch|p2a: Eternatus
|-resisted|p2a: Eternatus
|-damage|p2a: Eternatus|78/100 par
|
|t:|1667496881
|switch|p1a: Clefable|Clefable, F, shiny|73/100|[from]move: Volt Switch
|cant|p2a: Eternatus|par
|
|upkeep
|turn|27
|
|t:|1667496906
|move|p2a: Eternatus|Sludge Bomb|p1a: Clefable
|-supereffective|p1a: Clefable
|-damage|p1a: Clefable|0 fnt
|faint|p1a: Clefable
|-damage|p2a: Eternatus|68/100 par|[from] item: Life Orb
|
|upkeep
|
|t:|1667496918
|switch|p1a: Weavile|Weavile, M|100/100
|-damage|p1a: Weavile|76/100|[from] Stealth Rock
|-ability|p1a: Weavile|Pressure
|turn|28
|
|t:|1667496941
|move|p1a: Weavile|Triple Axel|p2a: Eternatus
|-supereffective|p2a: Eternatus
|-damage|p2a: Eternatus|42/100 par
|-hitcount|p2a: Eternatus|1
|move|p2a: Eternatus|Flamethrower|p1a: Weavile
|-supereffective|p1a: Weavile
|-damage|p1a: Weavile|0 fnt
|faint|p1a: Weavile
|-damage|p2a: Eternatus|32/100 par|[from] item: Life Orb
|
|upkeep
|c|☆AwwNards|RIP
|
|t:|1667496947
|switch|p1a: Eternatus|Eternatus|100/100
|-ability|p1a: Eternatus|Pressure
|turn|29
|c|☆AwwNards|sorry
|
|t:|1667496951
|switch|p2a: Necrozma|Necrozma-Dusk-Mane|93/100 brn
|-damage|p2a: Necrozma|87/100 brn|[from] Stealth Rock
|move|p1a: Eternatus|Dynamax Cannon|p2a: Necrozma
|-resisted|p2a: Necrozma
|-damage|p2a: Necrozma|70/100 brn
|
|-damage|p2a: Necrozma|64/100 brn|[from] brn
|upkeep
|turn|30
|
|t:|1667496960
|switch|p1a: Rotom|Rotom-Wash|100/100
|-damage|p1a: Rotom|88/100|[from] Stealth Rock
|move|p2a: Necrozma|Thunder Wave|p1a: Rotom|[miss]
|-miss|p2a: Necrozma|p1a: Rotom
|
|-heal|p1a: Rotom|94/100|[from] item: Leftovers
|-damage|p2a: Necrozma|58/100 brn|[from] brn
|upkeep
|turn|31
|
|t:|1667496966
|move|p1a: Rotom|Will-O-Wisp|p2a: Necrozma|[miss]
|-miss|p1a: Rotom|p2a: Necrozma
|move|p2a: Necrozma|Sunsteel Strike|p1a: Rotom
|-resisted|p1a: Rotom
|-crit|p1a: Rotom
|-damage|p1a: Rotom|88/100
|
|-heal|p1a: Rotom|94/100|[from] item: Leftovers
|-damage|p2a: Necrozma|52/100 brn|[from] brn
|upkeep
|turn|32
|
|t:|1667496969
|move|p1a: Rotom|Will-O-Wisp|p2a: Necrozma|[miss]
|-miss|p1a: Rotom|p2a: Necrozma
|move|p2a: Necrozma|Thunder Wave|p1a: Rotom
|-immune|p1a: Rotom
|
|-heal|p1a: Rotom|99/100|[from] item: Leftovers
|-damage|p2a: Necrozma|46/100 brn|[from] brn
|upkeep
|turn|33
|
|t:|1667496976
|move|p1a: Rotom|Will-O-Wisp|p2a: Necrozma
|-fail|p2a: Necrozma|brn
|move|p2a: Necrozma|Moonlight|p2a: Necrozma
|-heal|p2a: Necrozma|96/100 brn
|
|-heal|p1a: Rotom|100/100|[from] item: Leftovers
|-damage|p2a: Necrozma|90/100 brn|[from] brn
|upkeep
|turn|34
|
|t:|1667496981
|switch|p2a: Eternatus|Eternatus|32/100 par
|-damage|p2a: Eternatus|20/100 par|[from] Stealth Rock
|-ability|p2a: Eternatus|Pressure
|move|p1a: Rotom|Will-O-Wisp||[still]
|-fail|p1a: Rotom
|
|upkeep
|turn|35
|
|t:|1667496985
|move|p1a: Rotom|Volt Switch|p2a: Eternatus
|-resisted|p2a: Eternatus
|-damage|p2a: Eternatus|10/100 par
|
|t:|1667496988
|switch|p1a: Necrozma|Necrozma-Dusk-Mane|78/100 par|[from]move: Volt Switch
|-damage|p1a: Necrozma|72/100 par|[from] Stealth Rock
|move|p2a: Eternatus|Recover|p2a: Eternatus
|-heal|p2a: Eternatus|60/100 par
|
|-heal|p1a: Necrozma|78/100 par|[from] item: Leftovers
|upkeep
|turn|36
|
|t:|1667496992
|move|p2a: Eternatus|Recover|p2a: Eternatus
|-heal|p2a: Eternatus|100/100 par
|move|p1a: Necrozma|Iron Head|p2a: Eternatus
|-damage|p2a: Eternatus|66/100 par
|
|-heal|p1a: Necrozma|84/100 par|[from] item: Leftovers
|upkeep
|turn|37
|
|t:|1667496995
|move|p2a: Eternatus|Flamethrower|p1a: Necrozma
|-supereffective|p1a: Necrozma
|-damage|p1a: Necrozma|44/100 par
|-damage|p2a: Eternatus|56/100 par|[from] item: Life Orb
|move|p1a: Necrozma|Iron Head|p2a: Eternatus
|-damage|p2a: Eternatus|21/100 par
|
|-heal|p1a: Necrozma|50/100 par|[from] item: Leftovers
|upkeep
|turn|38
|
|t:|1667496999
|move|p2a: Eternatus|Recover|p2a: Eternatus
|-heal|p2a: Eternatus|71/100 par
|move|p1a: Necrozma|Iron Head|p2a: Eternatus
|-damage|p2a: Eternatus|35/100 par
|
|-heal|p1a: Necrozma|56/100 par|[from] item: Leftovers
|upkeep
|turn|39
|
|t:|1667497002
|move|p2a: Eternatus|Recover|p2a: Eternatus
|-heal|p2a: Eternatus|85/100 par
|move|p1a: Necrozma|Iron Head|p2a: Eternatus
|-damage|p2a: Eternatus|53/100 par
|
|-heal|p1a: Necrozma|62/100 par|[from] item: Leftovers
|upkeep
|turn|40
|
|t:|1667497008
|move|p2a: Eternatus|Flamethrower|p1a: Necrozma
|-supereffective|p1a: Necrozma
|-crit|p1a: Necrozma
|-damage|p1a: Necrozma|2/100 par
|-damage|p2a: Eternatus|43/100 par|[from] item: Life Orb
|move|p1a: Necrozma|Iron Head|p2a: Eternatus
|-damage|p2a: Eternatus|10/100 par
|
|-heal|p1a: Necrozma|8/100 par|[from] item: Leftovers
|upkeep
|turn|41
|
|t:|1667497012
|move|p2a: Eternatus|Flamethrower|p1a: Necrozma
|-supereffective|p1a: Necrozma
|-damage|p1a: Necrozma|0 fnt
|faint|p1a: Necrozma
|-damage|p2a: Eternatus|0 fnt|[from] item: Life Orb
|faint|p2a: Eternatus
|
|upkeep
|inactive|AwwNards has 120 seconds left.
|
|t:|1667497043
|switch|p2a: Calyrex|Calyrex-Shadow|100/100
|switch|p1a: Rotom|Rotom-Wash|100/100
|-ability|p2a: Calyrex|As One
|-ability|p2a: Calyrex|Unnerve
|-damage|p2a: Calyrex|88/100|[from] Stealth Rock
|-damage|p1a: Rotom|88/100|[from] Stealth Rock
|turn|42
|
|t:|1667497046
|switch|p1a: Yveltal|Yveltal|100/100
|-ability|p1a: Yveltal|Dark Aura
|move|p2a: Calyrex|Astral Barrage|p1a: Yveltal
|-resisted|p1a: Yveltal
|-damage|p1a: Yveltal|75/100
|
|upkeep
|turn|43
|
|t:|1667497049
|move|p2a: Calyrex|Draining Kiss|p1a: Yveltal
|-supereffective|p1a: Yveltal
|-damage|p1a: Yveltal|46/100
|-heal|p2a: Calyrex|100/100|[from] drain|[of] p1a: Yveltal
|move|p1a: Yveltal|Knock Off|p2a: Calyrex
|-supereffective|p2a: Calyrex
|-enditem|p2a: Calyrex|Focus Sash
|-damage|p2a: Calyrex|1/100
|
|upkeep
|turn|44
|
|t:|1667497061
|switch|p2a: Yveltal|Yveltal|84/100
|-ability|p2a: Yveltal|Dark Aura
|move|p1a: Yveltal|Roost|p1a: Yveltal
|-heal|p1a: Yveltal|96/100
|-singleturn|p1a: Yveltal|move: Roost
|
|upkeep
|turn|45
|
|t:|1667497065
|move|p1a: Yveltal|Knock Off|p2a: Yveltal
|-resisted|p2a: Yveltal
|-damage|p2a: Yveltal|61/100
|-enditem|p2a: Yveltal|Heavy-Duty Boots|[from] move: Knock Off|[of] p1a: Yveltal
|move|p2a: Yveltal|Knock Off|p1a: Yveltal
|-resisted|p1a: Yveltal
|-damage|p1a: Yveltal|61/100
|-enditem|p1a: Yveltal|Heavy-Duty Boots|[from] move: Knock Off|[of] p2a: Yveltal
|
|upkeep
|turn|46
|
|t:|1667497069
|move|p1a: Yveltal|Roost|p1a: Yveltal
|-heal|p1a: Yveltal|100/100
|-singleturn|p1a: Yveltal|move: Roost
|move|p2a: Yveltal|Roost|p2a: Yveltal
|-heal|p2a: Yveltal|100/100
|-singleturn|p2a: Yveltal|move: Roost
|
|upkeep
|turn|47
|
|t:|1667497076
|move|p1a: Yveltal|Knock Off|p2a: Yveltal
|-resisted|p2a: Yveltal
|-damage|p2a: Yveltal|85/100
|move|p2a: Yveltal|Taunt|p1a: Yveltal
|-start|p1a: Yveltal|move: Taunt
|
|upkeep
|turn|48
|
|t:|1667497085
|move|p1a: Yveltal|Knock Off|p2a: Yveltal
|-resisted|p2a: Yveltal
|-damage|p2a: Yveltal|71/100
|move|p2a: Yveltal|Knock Off|p1a: Yveltal
|-resisted|p1a: Yveltal
|-damage|p1a: Yveltal|80/100
|
|upkeep
|turn|49
|
|t:|1667497097
|move|p1a: Yveltal|Knock Off|p2a: Yveltal
|-resisted|p2a: Yveltal
|-damage|p2a: Yveltal|57/100
|move|p2a: Yveltal|Knock Off|p1a: Yveltal
|-resisted|p1a: Yveltal
|-damage|p1a: Yveltal|60/100
|
|upkeep
|turn|50
|
|t:|1667497101
|move|p1a: Yveltal|Knock Off|p2a: Yveltal
|-resisted|p2a: Yveltal
|-damage|p2a: Yveltal|42/100
|move|p2a: Yveltal|Knock Off|p1a: Yveltal
|-resisted|p1a: Yveltal
|-damage|p1a: Yveltal|36/100
|
|-end|p1a: Yveltal|move: Taunt
|upkeep
|turn|51
|
|t:|1667497105
|move|p1a: Yveltal|Roost|p1a: Yveltal
|-heal|p1a: Yveltal|86/100
|-singleturn|p1a: Yveltal|move: Roost
|move|p2a: Yveltal|Taunt|p1a: Yveltal
|-start|p1a: Yveltal|move: Taunt
|
|upkeep
|turn|52
|
|t:|1667497109
|move|p1a: Yveltal|U-turn|p2a: Yveltal
|-damage|p2a: Yveltal|25/100
|
|t:|1667497111
|switch|p1a: Eternatus|Eternatus|100/100|[from]move: U-turn
|-ability|p1a: Eternatus|Pressure
|move|p2a: Yveltal|Roost|p2a: Yveltal
|-heal|p2a: Yveltal|75/100
|-singleturn|p2a: Yveltal|move: Roost
|
|upkeep
|turn|53
|
|t:|1667497116
|move|p1a: Eternatus|Toxic|p2a: Yveltal
|-status|p2a: Yveltal|tox
|move|p2a: Yveltal|Knock Off|p1a: Eternatus
|-damage|p1a: Eternatus|44/100
|-enditem|p1a: Eternatus|Heavy-Duty Boots|[from] move: Knock Off|[of] p2a: Yveltal
|
|-damage|p2a: Yveltal|69/100 tox|[from] psn
|upkeep
|turn|54
|j| maglc 003
|
|t:|1667497121
|move|p1a: Eternatus|Recover|p1a: Eternatus
|-heal|p1a: Eternatus|94/100
|move|p2a: Yveltal|Knock Off|p1a: Eternatus
|-damage|p1a: Eternatus|58/100
|
|-damage|p2a: Yveltal|57/100 tox|[from] psn
|upkeep
|turn|55
|
|t:|1667497128
|move|p1a: Eternatus|Recover|p1a: Eternatus
|-heal|p1a: Eternatus|100/100
|move|p2a: Yveltal|Taunt|p1a: Eternatus
|-start|p1a: Eternatus|move: Taunt
|
|-damage|p2a: Yveltal|39/100 tox|[from] psn
|upkeep
|turn|56
|
|t:|1667497133
|switch|p2a: Ho-Oh|Ho-Oh|100/100
|move|p1a: Eternatus|Dynamax Cannon|p2a: Ho-Oh
|-damage|p2a: Ho-Oh|79/100
|
|upkeep
|turn|57
|
|t:|1667497137
|switch|p1a: Rotom|Rotom-Wash|88/100
|-damage|p1a: Rotom|76/100|[from] Stealth Rock
|move|p2a: Ho-Oh|Thunder Wave|p1a: Rotom
|-immune|p1a: Rotom
|
|-heal|p1a: Rotom|82/100|[from] item: Leftovers
|upkeep
|turn|58
|c|☆AwwNards|god damn this is such a good game lmao
|
|t:|1667497155
|switch|p2a: Necrozma|Necrozma-Dusk-Mane|90/100 brn
|-damage|p2a: Necrozma|84/100 brn|[from] Stealth Rock
|move|p1a: Rotom|Hydro Pump|p2a: Necrozma
|-damage|p2a: Necrozma|50/100 brn
|
|-heal|p1a: Rotom|88/100|[from] item: Leftovers
|-damage|p2a: Necrozma|44/100 brn|[from] brn
|upkeep
|turn|59
|
|t:|1667497164
|move|p1a: Rotom|Will-O-Wisp|p2a: Necrozma
|-fail|p2a: Necrozma|brn
|move|p2a: Necrozma|Moonlight|p2a: Necrozma
|-heal|p2a: Necrozma|94/100 brn
|
|-heal|p1a: Rotom|94/100|[from] item: Leftovers
|-damage|p2a: Necrozma|88/100 brn|[from] brn
|upkeep
|turn|60
|
|t:|1667497172
|switch|p2a: Ho-Oh|Ho-Oh|100/100
|move|p1a: Rotom|Will-O-Wisp|p2a: Ho-Oh
|-immune|p2a: Ho-Oh
|
|-heal|p1a: Rotom|99/100|[from] item: Leftovers
|upkeep
|turn|61
|
|t:|1667497192
|move|p2a: Ho-Oh|Defog|p1a: Rotom
|-unboost|p1a: Rotom|evasion|1
|-sideend|p1: caionamax|Stealth Rock|[from] move: Defog|[of] p2a: Ho-Oh
|-sideend|p2: AwwNards|Stealth Rock|[from] move: Defog|[of] p2a: Ho-Oh
|move|p1a: Rotom|Will-O-Wisp|p2a: Ho-Oh
|-immune|p2a: Ho-Oh
|
|-heal|p1a: Rotom|100/100|[from] item: Leftovers
|upkeep
|turn|62
|
|t:|1667497200
|move|p1a: Rotom|Volt Switch|p2a: Ho-Oh
|-supereffective|p2a: Ho-Oh
|-damage|p2a: Ho-Oh|77/100
|
|t:|1667497202
|switch|p1a: Eternatus|Eternatus|100/100|[from]move: Volt Switch
|-ability|p1a: Eternatus|Pressure
|move|p2a: Ho-Oh|Whirlwind|p1a: Eternatus
|drag|p1a: Rotom|Rotom-Wash|100/100
|
|upkeep
|turn|63
|
|t:|1667497208
|move|p2a: Ho-Oh|Sacred Fire|p1a: Rotom
|-resisted|p1a: Rotom
|-damage|p1a: Rotom|85/100
|move|p1a: Rotom|Volt Switch|p2a: Ho-Oh
|-supereffective|p2a: Ho-Oh
|-damage|p2a: Ho-Oh|55/100
|
|t:|1667497212
|switch|p1a: Yveltal|Yveltal|86/100|[from]move: Volt Switch
|-ability|p1a: Yveltal|Dark Aura
|
|upkeep
|turn|64
|j| diegoyuhhi
|inactive|caionamax has 120 seconds left.
|
|t:|1667497249
|switch|p1a: Rotom|Rotom-Wash|85/100
|switch|p2a: Necrozma|Necrozma-Dusk-Mane|88/100 brn
|
|-heal|p1a: Rotom|91/100|[from] item: Leftovers
|-damage|p2a: Necrozma|82/100 brn|[from] brn
|upkeep
|turn|65
|
|t:|1667497254
|move|p1a: Rotom|Pain Split|p2a: Necrozma
|-sethp|p2a: Necrozma|75/100 brn|[from] move: Pain Split|[silent]
|-sethp|p1a: Rotom|99/100|[from] move: Pain Split
|move|p2a: Necrozma|Stealth Rock|p1a: Rotom
|-sidestart|p1: caionamax|move: Stealth Rock
|
|-heal|p1a: Rotom|100/100|[from] item: Leftovers
|-damage|p2a: Necrozma|69/100 brn|[from] brn
|upkeep
|turn|66
|
|t:|1667497267
|move|p1a: Rotom|Volt Switch|p2a: Necrozma
|-damage|p2a: Necrozma|49/100 brn
|
|t:|1667497270
|switch|p1a: Yveltal|Yveltal|86/100|[from]move: Volt Switch
|-damage|p1a: Yveltal|61/100|[from] Stealth Rock
|-ability|p1a: Yveltal|Dark Aura
|move|p2a: Necrozma|Thunder Wave|p1a: Yveltal
|-status|p1a: Yveltal|par
|
|-damage|p2a: Necrozma|43/100 brn|[from] brn
|upkeep
|turn|67
|
|t:|1667497283
|switch|p1a: Rotom|Rotom-Wash|100/100
|-damage|p1a: Rotom|88/100|[from] Stealth Rock
|move|p2a: Necrozma|Moonlight|p2a: Necrozma
|-heal|p2a: Necrozma|93/100 brn
|
|-heal|p1a: Rotom|94/100|[from] item: Leftovers
|-damage|p2a: Necrozma|87/100 brn|[from] brn
|upkeep
|turn|68
|c|☆AwwNards|omg something finally happened
|
|t:|1667497296
|switch|p2a: Ho-Oh|Ho-Oh|88/100
|move|p1a: Rotom|Will-O-Wisp|p2a: Ho-Oh
|-immune|p2a: Ho-Oh
|
|-heal|p1a: Rotom|99/100|[from] item: Leftovers
|upkeep
|turn|69
|
|t:|1667497310
|move|p1a: Rotom|Hydro Pump|p2a: Ho-Oh
|-supereffective|p2a: Ho-Oh
|-damage|p2a: Ho-Oh|57/100
|move|p2a: Ho-Oh|Whirlwind|p1a: Rotom
|drag|p1a: Yveltal|Yveltal|61/100 par
|-damage|p1a: Yveltal|37/100 par|[from] Stealth Rock
|-ability|p1a: Yveltal|Dark Aura
|
|upkeep
|turn|70
|
|t:|1667497317
|switch|p1a: Rotom|Rotom-Wash|99/100
|-damage|p1a: Rotom|88/100|[from] Stealth Rock
|move|p2a: Ho-Oh|Sacred Fire|p1a: Rotom
|-resisted|p1a: Rotom
|-damage|p1a: Rotom|71/100
|-status|p1a: Rotom|brn
|
|-heal|p1a: Rotom|77/100 brn|[from] item: Leftovers
|-damage|p1a: Rotom|71/100 brn|[from] brn
|upkeep
|turn|71
|
|t:|1667497321
|switch|p2a: Necrozma|Necrozma-Dusk-Mane|87/100 brn
|move|p1a: Rotom|Volt Switch|p2a: Necrozma
|-damage|p2a: Necrozma|66/100 brn
|
|t:|1667497332
|switch|p1a: Eternatus|Eternatus|100/100|[from]move: Volt Switch
|-damage|p1a: Eternatus|88/100|[from] Stealth Rock
|-ability|p1a: Eternatus|Pressure
|
|-damage|p2a: Necrozma|60/100 brn|[from] brn
|upkeep
|turn|72
|
|t:|1667497347
|switch|p1a: Rotom|Rotom-Wash|71/100 brn
|-damage|p1a: Rotom|59/100 brn|[from] Stealth Rock
|move|p2a: Necrozma|Thunder Wave||[still]
|-fail|p2a: Necrozma
|
|-heal|p1a: Rotom|65/100 brn|[from] item: Leftovers
|-damage|p1a: Rotom|59/100 brn|[from] brn
|-damage|p2a: Necrozma|54/100 brn|[from] brn
|upkeep
|turn|73
|
|t:|1667497352
|switch|p2a: Ho-Oh|Ho-Oh|90/100
|move|p1a: Rotom|Pain Split|p2a: Ho-Oh
|-sethp|p2a: Ho-Oh|66/100|[from] move: Pain Split|[silent]
|-sethp|p1a: Rotom|91/100 brn|[from] move: Pain Split
|
|-heal|p1a: Rotom|97/100 brn|[from] item: Leftovers
|-damage|p1a: Rotom|91/100 brn|[from] brn
|upkeep
|turn|74
|l| diegoyuhhi
|
|t:|1667497364
|move|p1a: Rotom|Volt Switch|p2a: Ho-Oh
|-supereffective|p2a: Ho-Oh
|-damage|p2a: Ho-Oh|45/100
|
|t:|1667497366
|switch|p1a: Eternatus|Eternatus|88/100|[from]move: Volt Switch
|-damage|p1a: Eternatus|76/100|[from] Stealth Rock
|-ability|p1a: Eternatus|Pressure
|move|p2a: Ho-Oh|Whirlwind|p1a: Eternatus
|drag|p1a: Rotom|Rotom-Wash|91/100 brn
|-damage|p1a: Rotom|78/100 brn|[from] Stealth Rock
|
|-heal|p1a: Rotom|84/100 brn|[from] item: Leftovers
|-damage|p1a: Rotom|78/100 brn|[from] brn
|upkeep
|turn|75
|
|t:|1667497375
|switch|p2a: Necrozma|Necrozma-Dusk-Mane|54/100 brn
|move|p1a: Rotom|Volt Switch|p2a: Necrozma
|-damage|p2a: Necrozma|35/100 brn
|
|t:|1667497379
|switch|p1a: Eternatus|Eternatus|76/100|[from]move: Volt Switch
|-damage|p1a: Eternatus|63/100|[from] Stealth Rock
|-ability|p1a: Eternatus|Pressure
|
|-damage|p2a: Necrozma|29/100 brn|[from] brn
|upkeep
|turn|76
|
|t:|1667497386
|switch|p1a: Rotom|Rotom-Wash|78/100 brn
|-damage|p1a: Rotom|66/100 brn|[from] Stealth Rock
|switch|p2a: Yveltal|Yveltal|39/100 tox
|-ability|p2a: Yveltal|Dark Aura
|
|-heal|p1a: Rotom|72/100 brn|[from] item: Leftovers
|-damage|p2a: Yveltal|32/100 tox|[from] psn
|-damage|p1a: Rotom|66/100 brn|[from] brn
|upkeep
|turn|77
|
|t:|1667497391
|switch|p2a: Necrozma|Necrozma-Dusk-Mane|29/100 brn
|switch|p1a: Yveltal|Yveltal|37/100 par
|-damage|p1a: Yveltal|12/100 par|[from] Stealth Rock
|-ability|p1a: Yveltal|Dark Aura
|
|-damage|p2a: Necrozma|23/100 brn|[from] brn
|upkeep
|turn|78
|
|t:|1667497407
|switch|p1a: Rotom|Rotom-Wash|66/100 brn
|-damage|p1a: Rotom|54/100 brn|[from] Stealth Rock
|move|p2a: Necrozma|Sunsteel Strike|p1a: Rotom
|-resisted|p1a: Rotom
|-damage|p1a: Rotom|49/100 brn
|
|-heal|p1a: Rotom|55/100 brn|[from] item: Leftovers
|-damage|p1a: Rotom|49/100 brn|[from] brn
|-damage|p2a: Necrozma|17/100 brn|[from] brn
|upkeep
|turn|79
|
|t:|1667497437
|move|p1a: Rotom|Volt Switch|p2a: Necrozma
|-damage|p2a: Necrozma|0 fnt
|faint|p2a: Necrozma
|
|t:|1667497455
|switch|p1a: Yveltal|Yveltal|12/100 par|[from]move: Volt Switch
|-damage|p1a: Yveltal|0 fnt|[from] Stealth Rock
|faint|p1a: Yveltal
|
|upkeep
|inactive|AwwNards has 120 seconds left.
|
|t:|1667497473
|switch|p1a: Eternatus|Eternatus|63/100
|switch|p2a: Groudon|Groudon|100/100
|-damage|p1a: Eternatus|51/100|[from] Stealth Rock
|-ability|p1a: Eternatus|Pressure
|-weather|SunnyDay|[from] ability: Drought|[of] p2a: Groudon
|turn|80
|inactive|AwwNards has 120 seconds left.
|
|t:|1667497479
|switch|p1a: Rotom|Rotom-Wash|49/100 brn
|-damage|p1a: Rotom|37/100 brn|[from] Stealth Rock
|move|p2a: Groudon|Precipice Blades|p1a: Rotom
|-immune|p1a: Rotom|[from] ability: Levitate
|
|-weather|SunnyDay|[upkeep]
|-heal|p1a: Rotom|43/100 brn|[from] item: Leftovers
|-damage|p1a: Rotom|37/100 brn|[from] brn
|upkeep
|turn|81
|
|t:|1667497482
|move|p2a: Groudon|Heat Crash|p1a: Rotom
|-resisted|p1a: Rotom
|-damage|p1a: Rotom|9/100 brn
|move|p1a: Rotom|Will-O-Wisp|p2a: Groudon
|-status|p2a: Groudon|brn
|
|-weather|SunnyDay|[upkeep]
|-heal|p1a: Rotom|15/100 brn|[from] item: Leftovers
|-damage|p2a: Groudon|94/100 brn|[from] brn
|-damage|p1a: Rotom|9/100 brn|[from] brn
|upkeep
|turn|82
|inactive|AwwNards has 120 seconds left.
|
|t:|1667497493
|switch|p2a: Calyrex|Calyrex-Shadow|1/100
|-ability|p2a: Calyrex|As One
|-ability|p2a: Calyrex|Unnerve
|move|p1a: Rotom|Pain Split|p2a: Calyrex
|-sethp|p2a: Calyrex|4/100|[from] move: Pain Split|[silent]
|-sethp|p1a: Rotom|5/100 brn|[from] move: Pain Split
|
|-weather|SunnyDay|[upkeep]
|-heal|p1a: Rotom|11/100 brn|[from] item: Leftovers
|-damage|p1a: Rotom|5/100 brn|[from] brn
|upkeep
|turn|83
|c|☆caionamax|man
|c|☆caionamax|gg
|c|☆AwwNards|hahaahhah gg
|j| thb1
|c|☆AwwNards|this  was so fun
|
|t:|1667497508
|move|p2a: Calyrex|Astral Barrage|p1a: Rotom
|-damage|p1a: Rotom|0 fnt
|faint|p1a: Rotom
|-ability|p2a: Calyrex|Grim Neigh|boost
|-boost|p2a: Calyrex|spa|1
|
|-weather|SunnyDay|[upkeep]
|upkeep
|
|t:|1667497512
|switch|p1a: Eternatus|Eternatus|51/100
|-damage|p1a: Eternatus|39/100|[from] Stealth Rock
|-ability|p1a: Eternatus|Pressure
|turn|84
|c|☆caionamax|intense game
|c|☆AwwNards|for r eal bro
|c|☆caionamax|my team wasn't so solid
|c|☆AwwNards|i was shaking
|c|☆AwwNards|nah ur team is so good dude
|c|☆AwwNards|just losing boots on yveltal screwed you
|j| Shinyboi999
|c|☆AwwNards|rotom walled me to death
|l| maglc 003
|inactive|caionamax has 120 seconds left.
|c|☆caionamax|rotom is a great mon
|l| thb1
|c|☆caionamax|it just sits and does things
|c|☆AwwNards|for real hahahaahhah
|
|t:|1667497555
|move|p2a: Calyrex|Astral Barrage|p1a: Eternatus
|-damage|p1a: Eternatus|0 fnt
|faint|p1a: Eternatus
|
|win|AwwNards
|raw|caionamax's rating: 1359 &rarr; <strong>1335</strong><br />(-24 for losing)
|raw|AwwNards's rating: 1281 &rarr; <strong>1312</strong><br />(+31 for winning)
|c|☆AwwNards|pain split rotom is legendary
