|j|☆ubersohneubers
|j|☆Jam power
|player|p1|ubersohneubers|cheryl|1435
|player|p2|Jam power|151|1200
|teamsize|p1|6
|teamsize|p2|6
|gametype|singles
|gen|8
|tier|[Gen 8] Ubers
|rated|
|rule|Sleep Clause Mod: Limit one foe put to sleep
|rule|Species Clause: Limit one of each Pokémon
|rule|OHKO Clause: OHKO moves are banned
|rule|Moody Clause: Moody is banned
|rule|Evasion Moves Clause: Evasion moves are banned
|rule|Endless Battle Clause: Forcing endless battles is banned
|rule|HP Percentage Mod: HP is shown in percentages
|clearpoke
|poke|p1|Umbreon, M|item
|poke|p1|Quagsire, M|item
|poke|p1|Corviknight, F|item
|poke|p1|Ditto|item
|poke|p1|Zacian-Crowned|item
|poke|p1|Gothitelle, F|item
|poke|p2|Araquanid, M|item
|poke|p2|Eternatus|item
|poke|p2|Rotom-Heat|item
|poke|p2|Mudsdale, F|item
|poke|p2|Bronzong|item
|poke|p2|Darmanitan-Galar, F|item
|teampreview
|inactive|Battle timer is ON: inactive players will automatically lose when time's up. (requested by Jam power)
|
|start
|switch|p1a: Corviknight|Corviknight, F|100/100
|switch|p2a: Araquanid|Araquanid, M|100/100
|-ability|p1a: Corviknight|Pressure
|turn|1
|j| Das ist jut
|j|‽fotown
|
|move|p1a: Corviknight|Bulk Up|p1a: Corviknight
|-boost|p1a: Corviknight|atk|1
|-boost|p1a: Corviknight|def|1
|move|p2a: Araquanid|Sticky Web|p1a: Corviknight
|-sidestart|p1: ubersohneubers|move: Sticky Web
|
|upkeep
|turn|2
|
|move|p1a: Corviknight|Defog|p2a: Araquanid
|-unboost|p2a: Araquanid|evasion|1
|-sideend|p1: ubersohneubers|Sticky Web|[from] move: Defog|[of] p1a: Corviknight
|move|p2a: Araquanid|Liquidation|p1a: Corviknight
|-damage|p1a: Corviknight|65/100
|-damage|p2a: Araquanid|90/100|[from] item: Life Orb
|
|-heal|p1a: Corviknight|71/100|[from] item: Leftovers
|upkeep
|turn|3
|
|switch|p2a: Rotom|Rotom-Heat|100/100
|move|p1a: Corviknight|Brave Bird|p2a: Rotom
|-resisted|p2a: Rotom
|-damage|p2a: Rotom|64/100
|-damage|p1a: Corviknight|64/100|[from] Recoil
|
|-heal|p1a: Corviknight|70/100|[from] item: Leftovers
|upkeep
|turn|4
|j| AmazingMo
|j| TenderDickmeat
|inactive|ubersohneubers has 120 seconds left.
|
|switch|p1a: Umbreon|Umbreon, M|100/100
|move|p2a: Rotom|Trick|p1a: Umbreon
|-activate|p2a: Rotom|move: Trick|[of] p1a: Umbreon
|-item|p1a: Umbreon|Choice Scarf|[from] move: Trick
|-item|p2a: Rotom|Leftovers|[from] move: Trick
|
|-heal|p2a: Rotom|70/100|[from] item: Leftovers
|upkeep
|turn|5
|
|move|p2a: Rotom|Overheat|p1a: Umbreon
|-damage|p1a: Umbreon|70/100
|-unboost|p2a: Rotom|spa|2
|move|p1a: Umbreon|Wish|p1a: Umbreon
|
|-heal|p2a: Rotom|76/100|[from] item: Leftovers
|upkeep
|turn|6
|
|switch|p2a: Araquanid|Araquanid, M|90/100
|switch|p1a: Quagsire|Quagsire, M|100/100
|
|upkeep
|turn|7
|
|switch|p1a: Corviknight|Corviknight, F|70/100
|-ability|p1a: Corviknight|Pressure
|move|p2a: Araquanid|Liquidation|p1a: Corviknight
|-damage|p1a: Corviknight|23/100
|-damage|p2a: Araquanid|80/100|[from] item: Life Orb
|
|-heal|p1a: Corviknight|30/100|[from] item: Leftovers
|upkeep
|turn|8
|
|move|p1a: Corviknight|Roost|p1a: Corviknight
|-heal|p1a: Corviknight|80/100
|-singleturn|p1a: Corviknight|move: Roost
|move|p2a: Araquanid|Liquidation|p1a: Corviknight
|-damage|p1a: Corviknight|33/100
|-damage|p2a: Araquanid|70/100|[from] item: Life Orb
|
|-heal|p1a: Corviknight|39/100|[from] item: Leftovers
|upkeep
|turn|9
|
|move|p1a: Corviknight|Roost|p1a: Corviknight
|-heal|p1a: Corviknight|89/100
|-singleturn|p1a: Corviknight|move: Roost
|move|p2a: Araquanid|Liquidation|p1a: Corviknight
|-damage|p1a: Corviknight|37/100
|-damage|p2a: Araquanid|60/100|[from] item: Life Orb
|
|-heal|p1a: Corviknight|43/100|[from] item: Leftovers
|upkeep
|turn|10
|
|move|p1a: Corviknight|Roost|p1a: Corviknight
|-heal|p1a: Corviknight|93/100
|-singleturn|p1a: Corviknight|move: Roost
|move|p2a: Araquanid|Liquidation|p1a: Corviknight
|-crit|p1a: Corviknight
|-damage|p1a: Corviknight|18/100
|-damage|p2a: Araquanid|50/100|[from] item: Life Orb
|
|-heal|p1a: Corviknight|24/100|[from] item: Leftovers
|upkeep
|turn|11
|
|switch|p2a: Rotom|Rotom-Heat|76/100
|move|p1a: Corviknight|Roost|p1a: Corviknight
|-heal|p1a: Corviknight|74/100
|-singleturn|p1a: Corviknight|move: Roost
|
|-heal|p2a: Rotom|83/100|[from] item: Leftovers
|-heal|p1a: Corviknight|80/100|[from] item: Leftovers
|upkeep
|turn|12
|
|switch|p1a: Quagsire|Quagsire, M|100/100
|move|p2a: Rotom|Volt Switch|p1a: Quagsire
|-immune|p1a: Quagsire
|
|-heal|p2a: Rotom|89/100|[from] item: Leftovers
|upkeep
|turn|13
|
|switch|p2a: Bronzong|Bronzong|100/100
|move|p1a: Quagsire|Scald|p2a: Bronzong
|-damage|p2a: Bronzong|85/100
|
|-heal|p2a: Bronzong|91/100|[from] item: Leftovers
|upkeep
|turn|14
|
|switch|p1a: Corviknight|Corviknight, F|80/100
|-ability|p1a: Corviknight|Pressure
|move|p2a: Bronzong|Calm Mind|p2a: Bronzong
|-boost|p2a: Bronzong|spa|1
|-boost|p2a: Bronzong|spd|1
|
|-heal|p1a: Corviknight|86/100|[from] item: Leftovers
|-heal|p2a: Bronzong|98/100|[from] item: Leftovers
|upkeep
|turn|15
|
|switch|p1a: Gothitelle|Gothitelle, F|100/100
|move|p2a: Bronzong|Calm Mind|p2a: Bronzong
|-boost|p2a: Bronzong|spa|1
|-boost|p2a: Bronzong|spd|1
|
|-heal|p2a: Bronzong|100/100|[from] item: Leftovers
|upkeep
|turn|16
|
|move|p1a: Gothitelle|Cosmic Power|p1a: Gothitelle
|-boost|p1a: Gothitelle|def|1
|-boost|p1a: Gothitelle|spd|1
|move|p2a: Bronzong|Calm Mind|p2a: Bronzong
|-boost|p2a: Bronzong|spa|1
|-boost|p2a: Bronzong|spd|1
|
|upkeep
|turn|17
|
|move|p1a: Gothitelle|Cosmic Power|p1a: Gothitelle
|-boost|p1a: Gothitelle|def|1
|-boost|p1a: Gothitelle|spd|1
|move|p2a: Bronzong|Flash Cannon|p1a: Gothitelle
|-damage|p1a: Gothitelle|63/100
|
|-heal|p1a: Gothitelle|69/100|[from] item: Leftovers
|upkeep
|turn|18
|
|move|p1a: Gothitelle|Cosmic Power|p1a: Gothitelle
|-boost|p1a: Gothitelle|def|1
|-boost|p1a: Gothitelle|spd|1
|move|p2a: Bronzong|Flash Cannon|p1a: Gothitelle
|-damage|p1a: Gothitelle|40/100
|
|-heal|p1a: Gothitelle|46/100|[from] item: Leftovers
|upkeep
|turn|19
|
|move|p1a: Gothitelle|Cosmic Power|p1a: Gothitelle
|-boost|p1a: Gothitelle|def|1
|-boost|p1a: Gothitelle|spd|1
|move|p2a: Bronzong|Calm Mind|p2a: Bronzong
|-boost|p2a: Bronzong|spa|1
|-boost|p2a: Bronzong|spd|1
|
|-heal|p1a: Gothitelle|52/100|[from] item: Leftovers
|upkeep
|turn|20
|
|move|p1a: Gothitelle|Cosmic Power|p1a: Gothitelle
|-boost|p1a: Gothitelle|def|1
|-boost|p1a: Gothitelle|spd|1
|move|p2a: Bronzong|Calm Mind|p2a: Bronzong
|-boost|p2a: Bronzong|spa|1
|-boost|p2a: Bronzong|spd|1
|
|-heal|p1a: Gothitelle|58/100|[from] item: Leftovers
|upkeep
|turn|21
|
|move|p1a: Gothitelle|Cosmic Power|p1a: Gothitelle
|-boost|p1a: Gothitelle|def|1
|-boost|p1a: Gothitelle|spd|1
|move|p2a: Bronzong|Calm Mind|p2a: Bronzong
|-boost|p2a: Bronzong|spa|1
|-boost|p2a: Bronzong|spd|1
|
|-heal|p1a: Gothitelle|64/100|[from] item: Leftovers
|upkeep
|turn|22
|
|move|p1a: Gothitelle|Stored Power|p2a: Bronzong
|-resisted|p2a: Bronzong
|-damage|p2a: Bronzong|96/100
|move|p2a: Bronzong|Flash Cannon|p1a: Gothitelle
|-damage|p1a: Gothitelle|36/100
|
|-heal|p1a: Gothitelle|42/100|[from] item: Leftovers
|-heal|p2a: Bronzong|100/100|[from] item: Leftovers
|upkeep
|turn|23
|
|move|p1a: Gothitelle|Taunt|p2a: Bronzong
|-start|p2a: Bronzong|move: Taunt
|move|p2a: Bronzong|Flash Cannon|p1a: Gothitelle
|-damage|p1a: Gothitelle|10/100
|
|-heal|p1a: Gothitelle|16/100|[from] item: Leftovers
|upkeep
|turn|24
|
|move|p1a: Gothitelle|Rest|p1a: Gothitelle
|-status|p1a: Gothitelle|slp|[from] move: Rest
|-heal|p1a: Gothitelle|100/100 slp|[silent]
|move|p2a: Bronzong|Flash Cannon|p1a: Gothitelle
|-damage|p1a: Gothitelle|72/100 slp
|-unboost|p1a: Gothitelle|spd|1
|
|-heal|p1a: Gothitelle|78/100 slp|[from] item: Leftovers
|upkeep
|turn|25
|
|switch|p1a: Quagsire|Quagsire, M|100/100
|move|p2a: Bronzong|Flash Cannon|p1a: Quagsire
|-resisted|p1a: Quagsire
|-damage|p1a: Quagsire|81/100
|
|-heal|p1a: Quagsire|88/100|[from] item: Leftovers
|-end|p2a: Bronzong|move: Taunt
|upkeep
|turn|26
|
|move|p1a: Quagsire|Scald|p2a: Bronzong
|-damage|p2a: Bronzong|84/100
|move|p2a: Bronzong|Psychic|p1a: Quagsire
|-damage|p1a: Quagsire|43/100
|
|-heal|p1a: Quagsire|49/100|[from] item: Leftovers
|-heal|p2a: Bronzong|90/100|[from] item: Leftovers
|upkeep
|turn|27
|
|move|p1a: Quagsire|Protect|p1a: Quagsire
|-singleturn|p1a: Quagsire|Protect
|move|p2a: Bronzong|Psychic|p1a: Quagsire
|-activate|p1a: Quagsire|move: Protect
|
|-heal|p1a: Quagsire|55/100|[from] item: Leftovers
|-heal|p2a: Bronzong|97/100|[from] item: Leftovers
|upkeep
|turn|28
|
|move|p1a: Quagsire|Scald|p2a: Bronzong
|-damage|p2a: Bronzong|81/100
|move|p2a: Bronzong|Psychic|p1a: Quagsire
|-damage|p1a: Quagsire|10/100
|
|-heal|p1a: Quagsire|16/100|[from] item: Leftovers
|-heal|p2a: Bronzong|87/100|[from] item: Leftovers
|upkeep
|turn|29
|
|move|p1a: Quagsire|Protect|p1a: Quagsire
|-singleturn|p1a: Quagsire|Protect
|move|p2a: Bronzong|Psychic|p1a: Quagsire
|-activate|p1a: Quagsire|move: Protect
|
|-heal|p1a: Quagsire|22/100|[from] item: Leftovers
|-heal|p2a: Bronzong|93/100|[from] item: Leftovers
|upkeep
|turn|30
|
|move|p1a: Quagsire|Recover|p1a: Quagsire
|-heal|p1a: Quagsire|72/100
|move|p2a: Bronzong|Flash Cannon|p1a: Quagsire
|-resisted|p1a: Quagsire
|-damage|p1a: Quagsire|50/100
|
|-heal|p1a: Quagsire|57/100|[from] item: Leftovers
|-heal|p2a: Bronzong|99/100|[from] item: Leftovers
|upkeep
|turn|31
|
|move|p1a: Quagsire|Protect|p1a: Quagsire
|-singleturn|p1a: Quagsire|Protect
|move|p2a: Bronzong|Psychic|p1a: Quagsire
|-activate|p1a: Quagsire|move: Protect
|
|-heal|p1a: Quagsire|63/100|[from] item: Leftovers
|-heal|p2a: Bronzong|100/100|[from] item: Leftovers
|upkeep
|turn|32
|
|move|p1a: Quagsire|Recover|p1a: Quagsire
|-heal|p1a: Quagsire|100/100
|move|p2a: Bronzong|Psychic|p1a: Quagsire
|-damage|p1a: Quagsire|53/100
|
|-heal|p1a: Quagsire|59/100|[from] item: Leftovers
|upkeep
|turn|33
|
|move|p1a: Quagsire|Protect|p1a: Quagsire
|-singleturn|p1a: Quagsire|Protect
|move|p2a: Bronzong|Calm Mind|p2a: Bronzong
|-boost|p2a: Bronzong|spa|0
|-boost|p2a: Bronzong|spd|0
|
|-heal|p1a: Quagsire|65/100|[from] item: Leftovers
|upkeep
|turn|34
|
|move|p1a: Quagsire|Scald|p2a: Bronzong
|-damage|p2a: Bronzong|86/100
|move|p2a: Bronzong|Psychic|p1a: Quagsire
|-damage|p1a: Quagsire|18/100
|
|-heal|p1a: Quagsire|24/100|[from] item: Leftovers
|-heal|p2a: Bronzong|92/100|[from] item: Leftovers
|upkeep
|turn|35
|
|-start|p2a: Bronzong|Dynamax
|-heal|p2a: Bronzong|92/100|[silent]
|move|p1a: Quagsire|Recover|p1a: Quagsire
|-heal|p1a: Quagsire|74/100
|move|p2a: Bronzong|Max Mindstorm|p1a: Quagsire
|-damage|p1a: Quagsire|5/100
|-fieldstart|move: Psychic Terrain
|
|-heal|p1a: Quagsire|11/100|[from] item: Leftovers
|-heal|p2a: Bronzong|98/100|[from] item: Leftovers
|upkeep
|turn|36
|
|switch|p1a: Umbreon|Umbreon, M|70/100
|move|p2a: Bronzong|Max Steelspike|p1a: Umbreon
|-damage|p1a: Umbreon|0 fnt
|-boost|p2a: Bronzong|def|1
|faint|p1a: Umbreon
|
|-heal|p2a: Bronzong|100/100|[from] item: Leftovers
|upkeep
|
|switch|p1a: Ditto|Ditto|100/100
|-transform|p1a: Ditto|p2a: Bronzong|[from] ability: Imposter
|turn|37
|
|move|p1a: Ditto|Flash Cannon|p2a: Bronzong
|-resisted|p2a: Bronzong
|-damage|p2a: Bronzong|93/100
|move|p2a: Bronzong|Max Mindstorm|p1a: Ditto
|-resisted|p1a: Ditto
|-damage|p1a: Ditto|88/100
|
|-heal|p2a: Bronzong|99/100|[from] item: Leftovers
|-end|p2a: Bronzong|Dynamax
|-heal|p2a: Bronzong|99/100|[silent]
|upkeep
|turn|38
|
|move|p1a: Ditto|Flash Cannon|p2a: Bronzong
|-resisted|p2a: Bronzong
|-damage|p2a: Bronzong|85/100
|move|p2a: Bronzong|Calm Mind|p2a: Bronzong
|-boost|p2a: Bronzong|spa|0
|-boost|p2a: Bronzong|spd|0
|
|-heal|p2a: Bronzong|91/100|[from] item: Leftovers
|upkeep
|turn|39
|
|move|p1a: Ditto|Flash Cannon|p2a: Bronzong
|-resisted|p2a: Bronzong
|-damage|p2a: Bronzong|76/100
|move|p2a: Bronzong|Psychic|p1a: Ditto
|-resisted|p1a: Ditto
|-damage|p1a: Ditto|78/100
|
|-heal|p2a: Bronzong|82/100|[from] item: Leftovers
|-fieldend|move: Psychic Terrain
|upkeep
|turn|40
|
|move|p1a: Ditto|Flash Cannon|p2a: Bronzong
|-resisted|p2a: Bronzong
|-damage|p2a: Bronzong|68/100
|move|p2a: Bronzong|Calm Mind|p2a: Bronzong
|-boost|p2a: Bronzong|spa|0
|-boost|p2a: Bronzong|spd|0
|
|-heal|p2a: Bronzong|74/100|[from] item: Leftovers
|upkeep
|turn|41
|
|switch|p1a: Gothitelle|Gothitelle, F|78/100 slp
|move|p2a: Bronzong|Flash Cannon|p1a: Gothitelle
|-damage|p1a: Gothitelle|0 fnt
|faint|p1a: Gothitelle
|
|-heal|p2a: Bronzong|80/100|[from] item: Leftovers
|upkeep
|
|switch|p1a: Quagsire|Quagsire, M|11/100
|turn|42
|
|move|p1a: Quagsire|Recover|p1a: Quagsire
|-heal|p1a: Quagsire|61/100
|move|p2a: Bronzong|Psychic|p1a: Quagsire
|-damage|p1a: Quagsire|15/100
|
|-heal|p1a: Quagsire|21/100|[from] item: Leftovers
|-heal|p2a: Bronzong|86/100|[from] item: Leftovers
|upkeep
|turn|43
|
|move|p1a: Quagsire|Recover|p1a: Quagsire
|-heal|p1a: Quagsire|71/100
|move|p2a: Bronzong|Psychic|p1a: Quagsire
|-damage|p1a: Quagsire|27/100
|
|-heal|p1a: Quagsire|33/100|[from] item: Leftovers
|-heal|p2a: Bronzong|93/100|[from] item: Leftovers
|upkeep
|turn|44
|
|switch|p2a: Darmanitan|Darmanitan-Galar, F|100/100
|move|p1a: Quagsire|Recover|p1a: Quagsire
|-heal|p1a: Quagsire|83/100
|
|-heal|p1a: Quagsire|90/100|[from] item: Leftovers
|upkeep
|turn|45
|
|switch|p1a: Zacian|Zacian-Crowned|100/100
|-ability|p1a: Zacian|Intrepid Sword|boost
|-boost|p1a: Zacian|atk|1
|move|p2a: Darmanitan|Icicle Crash|p1a: Zacian
|-resisted|p1a: Zacian
|-damage|p1a: Zacian|51/100
|
|upkeep
|turn|46
|
|switch|p2a: Rotom|Rotom-Heat|89/100
|move|p1a: Zacian|Close Combat|p2a: Rotom
|-damage|p2a: Rotom|0 fnt
|-unboost|p1a: Zacian|def|1
|-unboost|p1a: Zacian|spd|1
|faint|p2a: Rotom
|
|upkeep
|
|switch|p2a: Mudsdale|Mudsdale, F|100/100
|turn|47
|
|switch|p1a: Corviknight|Corviknight, F|86/100
|-ability|p1a: Corviknight|Pressure
|move|p2a: Mudsdale|Earthquake|p1a: Corviknight
|-immune|p1a: Corviknight
|
|-heal|p1a: Corviknight|93/100|[from] item: Leftovers
|upkeep
|turn|48
|
|switch|p2a: Eternatus|Eternatus|100/100
|-ability|p2a: Eternatus|Pressure
|move|p1a: Corviknight|Bulk Up|p1a: Corviknight
|-boost|p1a: Corviknight|atk|1
|-boost|p1a: Corviknight|def|1
|
|-heal|p1a: Corviknight|99/100|[from] item: Leftovers
|upkeep
|turn|49
|inactive|ubersohneubers has 120 seconds left.
|inactive|ubersohneubers has 90 seconds left.
|
|-start|p1a: Corviknight|Dynamax
|-heal|p1a: Corviknight|99/100|[silent]
|move|p2a: Eternatus|Flamethrower|p1a: Corviknight
|-supereffective|p1a: Corviknight
|-damage|p1a: Corviknight|47/100
|move|p1a: Corviknight|Max Airstream|p2a: Eternatus
|-damage|p2a: Eternatus|43/100
|-boost|p1a: Corviknight|spe|1
|
|-heal|p1a: Corviknight|53/100|[from] item: Leftovers
|upkeep
|turn|50
|inactive|ubersohneubers has 90 seconds left.
|
|switch|p2a: Darmanitan|Darmanitan-Galar, F|100/100
|move|p1a: Corviknight|Max Guard||[still]
|-fail|p1a: Corviknight
|
|-heal|p1a: Corviknight|59/100|[from] item: Leftovers
|upkeep
|turn|51
|
|move|p2a: Darmanitan|Brick Break|p1a: Corviknight
|-crit|p1a: Corviknight
|-damage|p1a: Corviknight|31/100
|move|p1a: Corviknight|Max Airstream|p2a: Darmanitan
|-damage|p2a: Darmanitan|0 fnt
|-boost|p1a: Corviknight|spe|1
|faint|p2a: Darmanitan
|
|-heal|p1a: Corviknight|37/100|[from] item: Leftovers
|-end|p1a: Corviknight|Dynamax
|-heal|p1a: Corviknight|37/100|[silent]
|upkeep
|
|switch|p2a: Araquanid|Araquanid, M|50/100
|turn|52
|
|move|p1a: Corviknight|Roost|p1a: Corviknight
|-heal|p1a: Corviknight|87/100
|-singleturn|p1a: Corviknight|move: Roost
|move|p2a: Araquanid|Liquidation|p1a: Corviknight
|-damage|p1a: Corviknight|53/100
|-damage|p2a: Araquanid|40/100|[from] item: Life Orb
|
|-heal|p1a: Corviknight|59/100|[from] item: Leftovers
|upkeep
|turn|53
|
|move|p1a: Corviknight|Roost|p1a: Corviknight
|-heal|p1a: Corviknight|100/100
|-singleturn|p1a: Corviknight|move: Roost
|move|p2a: Araquanid|Liquidation|p1a: Corviknight
|-damage|p1a: Corviknight|69/100
|-damage|p2a: Araquanid|30/100|[from] item: Life Orb
|
|-heal|p1a: Corviknight|75/100|[from] item: Leftovers
|upkeep
|turn|54
|
|switch|p2a: Mudsdale|Mudsdale, F|100/100
|move|p1a: Corviknight|Brave Bird|p2a: Mudsdale
|-damage|p2a: Mudsdale|50/100
|-ability|p2a: Mudsdale|Stamina|boost
|-boost|p2a: Mudsdale|def|1
|-damage|p1a: Corviknight|59/100|[from] Recoil
|
|-heal|p1a: Corviknight|65/100|[from] item: Leftovers
|-heal|p2a: Mudsdale|56/100|[from] item: Leftovers
|upkeep
|turn|55
|
|move|p1a: Corviknight|Bulk Up|p1a: Corviknight
|-boost|p1a: Corviknight|atk|1
|-boost|p1a: Corviknight|def|1
|move|p2a: Mudsdale|Rest|p2a: Mudsdale
|-status|p2a: Mudsdale|slp|[from] move: Rest
|-heal|p2a: Mudsdale|100/100 slp|[silent]
|
|-heal|p1a: Corviknight|71/100|[from] item: Leftovers
|upkeep
|turn|56
|
|switch|p2a: Eternatus|Eternatus|43/100
|-ability|p2a: Eternatus|Pressure
|move|p1a: Corviknight|Bulk Up|p1a: Corviknight
|-boost|p1a: Corviknight|atk|1
|-boost|p1a: Corviknight|def|1
|
|-heal|p1a: Corviknight|77/100|[from] item: Leftovers
|upkeep
|turn|57
|l| AmazingMo
|-message|Jam power forfeited.
|
|win|ubersohneubers
|l|☆Jam power
