|j|☆hanshappy
|j|☆Ryriss
|t:|1662554168
|gametype|singles
|player|p1|hanshappy|101|1428
|player|p2|Ryriss|hilbert|1459
|teamsize|p1|6
|teamsize|p2|6
|gen|8
|tier|[Gen 8] Ubers
|rated|
|rule|Sleep Clause Mod: Limit one foe put to sleep
|rule|Species Clause: Limit one of each Pokémon
|rule|OHKO Clause: OHKO moves are banned
|rule|Evasion Items Clause: Evasion items are banned
|rule|Evasion Moves Clause: Evasion moves are banned
|rule|Endless Battle Clause: Forcing endless battles is banned
|rule|HP Percentage Mod: HP is shown in percentages
|rule|Dynamax Clause: You cannot dynamax
|clearpoke
|poke|p1|Yveltal|
|poke|p1|Eternatus|
|poke|p1|Necrozma-Dusk-Mane|
|poke|p1|Cloyster, M|
|poke|p1|Xerneas-*|
|poke|p1|Groudon|
|poke|p2|Giratina-Origin|
|poke|p2|Groudon|
|poke|p2|Genesect|
|poke|p2|Kyurem-Black|
|poke|p2|Lugia|
|poke|p2|Yveltal|
|teampreview
|inactive|Battle timer is ON: inactive players will automatically lose when time's up. (requested by hanshappy)
|
|t:|1662554192
|start
|switch|p1a: Groudon|Groudon|100/100
|switch|p2a: Lugia|Lugia|100/100
|-ability|p2a: Lugia|Pressure
|-weather|SunnyDay|[from] ability: Drought|[of] p1a: Groudon
|turn|1
|
|t:|1662554200
|move|p2a: Lugia|Safeguard|p2a: Lugia
|-sidestart|p2: Ryriss|Safeguard
|move|p1a: Groudon|Toxic|p2a: Lugia
|-activate|p2a: Lugia|move: Safeguard
|
|-weather|SunnyDay|[upkeep]
|upkeep
|turn|2
|
|t:|1662554206
|move|p2a: Lugia|Reflect|p2a: Lugia
|-sidestart|p2: Ryriss|Reflect
|move|p1a: Groudon|Stealth Rock|p2a: Lugia
|-sidestart|p2: Ryriss|move: Stealth Rock
|
|-weather|SunnyDay|[upkeep]
|upkeep
|turn|3
|
|t:|1662554211
|move|p2a: Lugia|Light Screen|p2a: Lugia
|-sidestart|p2: Ryriss|move: Light Screen
|move|p1a: Groudon|Rock Tomb|p2a: Lugia
|-supereffective|p2a: Lugia
|-crit|p2a: Lugia
|-damage|p2a: Lugia|51/100
|-unboost|p2a: Lugia|spe|1
|
|-weather|SunnyDay|[upkeep]
|upkeep
|turn|4
|
|t:|1662554222
|switch|p2a: Giratina|Giratina-Origin|100/100
|-damage|p2a: Giratina|88/100|[from] Stealth Rock
|move|p1a: Groudon|Rock Tomb|p2a: Giratina
|-damage|p2a: Giratina|79/100
|-unboost|p2a: Giratina|spe|1
|
|-weather|SunnyDay|[upkeep]
|upkeep
|turn|5
|
|t:|1662554232
|move|p1a: Groudon|Rock Tomb|p2a: Giratina|[miss]
|-miss|p1a: Groudon|p2a: Giratina
|move|p2a: Giratina|Will-O-Wisp|p1a: Groudon
|-status|p1a: Groudon|brn
|
|-weather|none
|-damage|p1a: Groudon|94/100 brn|[from] brn
|-sideend|p2: Ryriss|Safeguard
|upkeep
|turn|6
|
|t:|1662554242
|move|p1a: Groudon|Toxic|p2a: Giratina|[miss]
|-miss|p1a: Groudon|p2a: Giratina
|move|p2a: Giratina|Draco Meteor|p1a: Groudon
|-damage|p1a: Groudon|39/100 brn
|-unboost|p2a: Giratina|spa|2
|
|-heal|p1a: Groudon|45/100 brn|[from] item: Leftovers
|-damage|p1a: Groudon|39/100 brn|[from] brn
|upkeep
|turn|7
|
|t:|1662554252
|move|p1a: Groudon|Toxic|p2a: Giratina
|-status|p2a: Giratina|tox
|move|p2a: Giratina|Poltergeist|p1a: Groudon
|-activate|p1a: Groudon|move: Poltergeist|Leftovers
|-damage|p1a: Groudon|0 fnt
|faint|p1a: Groudon
|
|-damage|p2a: Giratina|73/100 tox|[from] psn
|upkeep
|
|t:|1662554263
|switch|p1a: Cloyster|Cloyster, M|100/100
|turn|8
|
|t:|1662554268
|move|p1a: Cloyster|Shell Smash|p1a: Cloyster
|-unboost|p1a: Cloyster|def|1
|-unboost|p1a: Cloyster|spd|1
|-boost|p1a: Cloyster|atk|2
|-boost|p1a: Cloyster|spa|2
|-boost|p1a: Cloyster|spe|2
|move|p2a: Giratina|Draco Meteor|p1a: Cloyster|[miss]
|-miss|p2a: Giratina|p1a: Cloyster
|
|-damage|p2a: Giratina|61/100 tox|[from] psn
|upkeep
|turn|9
|
|t:|1662554281
|move|p1a: Cloyster|Icicle Spear|p2a: Giratina
|-supereffective|p2a: Giratina
|-damage|p2a: Giratina|46/100 tox
|-supereffective|p2a: Giratina
|-damage|p2a: Giratina|32/100 tox
|-supereffective|p2a: Giratina
|-damage|p2a: Giratina|17/100 tox
|-supereffective|p2a: Giratina
|-crit|p2a: Giratina
|-damage|p2a: Giratina|0 fnt
|faint|p2a: Giratina
|-hitcount|p2: Giratina|4
|
|-sideend|p2: Ryriss|Reflect
|upkeep
|inactive|Ryriss has 120 seconds left.
|
|t:|1662554308
|switch|p2a: Kyurem|Kyurem-Black|100/100
|-ability|p2a: Kyurem|Teravolt
|turn|10
|
|t:|1662554316
|move|p1a: Cloyster|Icicle Spear|p2a: Kyurem
|-damage|p2a: Kyurem|83/100
|-crit|p2a: Kyurem
|-damage|p2a: Kyurem|54/100
|-damage|p2a: Kyurem|36/100
|-damage|p2a: Kyurem|18/100
|-damage|p2a: Kyurem|0 fnt
|faint|p2a: Kyurem
|-hitcount|p2: Kyurem|5
|
|-sideend|p2: Ryriss|move: Light Screen
|upkeep
|inactive|Ryriss has 120 seconds left.
|
|t:|1662554341
|switch|p2a: Genesect|Genesect, shiny|100/100
|-ability|p2a: Genesect|Download|boost
|-boost|p2a: Genesect|spa|1
|turn|11
|
|t:|1662554352
|move|p1a: Cloyster|Icicle Spear|p2a: Genesect
|-resisted|p2a: Genesect
|-damage|p2a: Genesect|90/100
|-resisted|p2a: Genesect
|-damage|p2a: Genesect|77/100
|-resisted|p2a: Genesect
|-damage|p2a: Genesect|64/100
|-resisted|p2a: Genesect
|-damage|p2a: Genesect|52/100
|-resisted|p2a: Genesect
|-crit|p2a: Genesect
|-damage|p2a: Genesect|33/100
|-hitcount|p2a: Genesect|5
|move|p2a: Genesect|Shift Gear|p2a: Genesect
|-boost|p2a: Genesect|spe|2
|-boost|p2a: Genesect|atk|1
|
|upkeep
|turn|12
|
|t:|1662554365
|move|p2a: Genesect|Iron Head|p1a: Cloyster
|-damage|p1a: Cloyster|37/100
|move|p1a: Cloyster|Icicle Spear|p2a: Genesect
|-resisted|p2a: Genesect
|-damage|p2a: Genesect|21/100
|-resisted|p2a: Genesect
|-damage|p2a: Genesect|11/100
|-resisted|p2a: Genesect
|-damage|p2a: Genesect|0 fnt
|faint|p2a: Genesect
|-hitcount|p2: Genesect|3
|
|upkeep
|-message|Ryriss forfeited.
|
|win|hanshappy
|raw|hanshappy's rating: 1428 &rarr; <strong>1450</strong><br />(+22 for winning)
|raw|Ryriss's rating: 1459 &rarr; <strong>1437</strong><br />(-22 for losing)
|l|☆Ryriss
||Ladder isn't responding, score probably updated but might not have (Request timeout).
