|j|☆Ryriss
|j|☆click x frewn
|t:|1641401508
|gametype|singles
|player|p1|Ryriss|hilbert|1288
|player|p2|click x frewn|lady|1494
|teamsize|p1|6
|teamsize|p2|6
|gen|8
|tier|[Gen 8] Ubers
|rated|
|rule|Sleep Clause Mod: Limit one foe put to sleep
|rule|Species Clause: Limit one of each Pokémon
|rule|OHKO Clause: OHKO moves are banned
|rule|Evasion Moves Clause: Evasion moves are banned
|rule|Endless Battle Clause: Forcing endless battles is banned
|rule|HP Percentage Mod: HP is shown in percentages
|rule|Dynamax Clause: You cannot dynamax
|clearpoke
|poke|p1|Giratina-Origin|
|poke|p1|Groudon|
|poke|p1|Genesect|
|poke|p1|Kyurem-Black|
|poke|p1|Lugia|
|poke|p1|Yveltal|
|poke|p2|Shuckle, M|
|poke|p2|Yveltal|
|poke|p2|Regieleki|
|poke|p2|Xerneas-*|
|poke|p2|Zekrom|
|poke|p2|Calyrex-Shadow|
|teampreview
|
|t:|1641401518
|start
|switch|p1a: Lugia|Lugia|100/100
|switch|p2a: Shuckle|Shuckle, M|100/100
|-ability|p1a: Lugia|Pressure
|turn|1
|inactive|Battle timer is ON: inactive players will automatically lose when time's up. (requested by click x frewn)
|
|t:|1641401526
|move|p1a: Lugia|Reflect|p1a: Lugia
|-sidestart|p1: Ryriss|Reflect
|move|p2a: Shuckle|Stealth Rock|p1a: Lugia
|-sidestart|p1: Ryriss|move: Stealth Rock
|
|upkeep
|turn|2
|
|t:|1641401531
|move|p1a: Lugia|Light Screen|p1a: Lugia
|-sidestart|p1: Ryriss|move: Light Screen
|move|p2a: Shuckle|Encore|p1a: Lugia
|-start|p1a: Lugia|Encore
|
|upkeep
|turn|3
|
|t:|1641401545
|switch|p1a: Yveltal|Yveltal|100/100
|-damage|p1a: Yveltal|76/100|[from] Stealth Rock
|-ability|p1a: Yveltal|Dark Aura
|move|p2a: Shuckle|Sticky Web|p1a: Yveltal
|-sidestart|p1: Ryriss|move: Sticky Web
|
|upkeep
|turn|4
|
|t:|1641401553
|move|p1a: Yveltal|Dark Pulse|p2a: Shuckle
|-damage|p2a: Shuckle|60/100
|-enditem|p2a: Shuckle|Red Card|[of] p1a: Yveltal
|drag|p1a: Genesect|Genesect, shiny|100/100
|-ability|p1a: Genesect|Download|boost
|-boost|p1a: Genesect|spa|1
|move|p2a: Shuckle|Encore||[still]
|-fail|p2a: Shuckle
|
|upkeep
|turn|5
|
|t:|1641401562
|move|p1a: Genesect|Iron Head|p2a: Shuckle
|-supereffective|p2a: Shuckle
|-damage|p2a: Shuckle|27/100
|cant|p2a: Shuckle|flinch
|
|upkeep
|turn|6
|
|t:|1641401568
|move|p1a: Genesect|Iron Head|p2a: Shuckle
|-supereffective|p2a: Shuckle
|-damage|p2a: Shuckle|0 fnt
|faint|p2a: Shuckle
|
|upkeep
|
|t:|1641401575
|switch|p2a: Yveltal|Yveltal|100/100
|-ability|p2a: Yveltal|Dark Aura
|turn|7
|
|t:|1641401581
|switch|p1a: Lugia|Lugia|100/100
|-damage|p1a: Lugia|75/100|[from] Stealth Rock
|-ability|p1a: Lugia|Pressure
|move|p2a: Yveltal|Knock Off|p1a: Lugia
|-supereffective|p1a: Lugia
|-damage|p1a: Lugia|18/100
|-enditem|p1a: Lugia|Light Clay|[from] move: Knock Off|[of] p2a: Yveltal
|-damage|p2a: Yveltal|91/100|[from] item: Life Orb
|
|upkeep
|turn|8
|
|t:|1641401592
|move|p1a: Lugia|Thunder Wave|p2a: Yveltal
|-status|p2a: Yveltal|par
|move|p2a: Yveltal|Taunt|p1a: Lugia
|-start|p1a: Lugia|move: Taunt
|
|-sideend|p1: Ryriss|Reflect
|upkeep
|turn|9
|
|t:|1641401609
|switch|p1a: Groudon|Groudon|100/100
|-weather|SunnyDay|[from] ability: Drought|[of] p1a: Groudon
|move|p2a: Yveltal|Knock Off|p1a: Groudon
|-damage|p1a: Groudon|42/100
|-enditem|p1a: Groudon|Heavy-Duty Boots|[from] move: Knock Off|[of] p2a: Yveltal
|-damage|p2a: Yveltal|81/100 par|[from] item: Life Orb
|
|-weather|SunnyDay|[upkeep]
|-sideend|p1: Ryriss|move: Light Screen
|upkeep
|turn|10
|
|t:|1641401620
|move|p2a: Yveltal|Sucker Punch||[still]
|-fail|p2a: Yveltal
|move|p1a: Groudon|Rock Polish|p1a: Groudon
|-boost|p1a: Groudon|spe|2
|
|-weather|SunnyDay|[upkeep]
|upkeep
|turn|11
|
|t:|1641401627
|move|p2a: Yveltal|Sucker Punch||[still]
|-fail|p2a: Yveltal
|move|p1a: Groudon|Swords Dance|p1a: Groudon
|-boost|p1a: Groudon|atk|2
|
|-weather|SunnyDay|[upkeep]
|upkeep
|turn|12
|
|t:|1641401634
|move|p2a: Yveltal|Sucker Punch|p1a: Groudon
|-damage|p1a: Groudon|0 fnt
|faint|p1a: Groudon
|-damage|p2a: Yveltal|71/100 par|[from] item: Life Orb
|
|-weather|SunnyDay|[upkeep]
|upkeep
|
|t:|1641401641
|switch|p1a: Kyurem|Kyurem-Black|100/100
|-ability|p1a: Kyurem|Teravolt
|turn|13
|
|t:|1641401646
|move|p2a: Yveltal|Sucker Punch||[still]
|-fail|p2a: Yveltal
|move|p1a: Kyurem|Dragon Dance|p1a: Kyurem
|-boost|p1a: Kyurem|atk|1
|-boost|p1a: Kyurem|spe|1
|
|-weather|none
|upkeep
|turn|14
|
|t:|1641401653
|move|p1a: Kyurem|Icicle Spear|p2a: Yveltal
|-supereffective|p2a: Yveltal
|-damage|p2a: Yveltal|27/100 par
|-supereffective|p2a: Yveltal
|-damage|p2a: Yveltal|0 fnt
|faint|p2a: Yveltal
|-hitcount|p2: Yveltal|2
|
|upkeep
|
|t:|1641401659
|switch|p2a: Regieleki|Regieleki|100/100
|turn|15
|
|t:|1641401663
|move|p2a: Regieleki|Explosion|p1a: Kyurem
|-damage|p1a: Kyurem|9/100
|faint|p2a: Regieleki
|move|p1a: Kyurem|Dragon Claw|p2: Regieleki|[notarget]
|-fail|p1a: Kyurem
|
|upkeep
|
|t:|1641401671
|switch|p2a: Xerneas|Xerneas|100/100
|-ability|p2a: Xerneas|Fairy Aura
|turn|16
|
|t:|1641401676
|move|p1a: Kyurem|Icicle Spear|p2a: Xerneas
|-crit|p2a: Xerneas
|-damage|p2a: Xerneas|72/100
|-damage|p2a: Xerneas|51/100
|-hitcount|p2a: Xerneas|2
|move|p2a: Xerneas|Moonblast|p1a: Kyurem
|-supereffective|p1a: Kyurem
|-damage|p1a: Kyurem|0 fnt
|faint|p1a: Kyurem
|
|upkeep
|
|t:|1641401686
|switch|p1a: Lugia|Lugia|18/100
|-damage|p1a: Lugia|0 fnt|[from] Stealth Rock
|faint|p1a: Lugia
|
|t:|1641401691
|switch|p1a: Genesect|Genesect, shiny|100/100
|-ability|p1a: Genesect|Download|boost
|-boost|p1a: Genesect|atk|1
|turn|17
|
|t:|1641401696
|move|p1a: Genesect|Shift Gear|p1a: Genesect
|-boost|p1a: Genesect|spe|2
|-boost|p1a: Genesect|atk|1
|move|p2a: Xerneas|Substitute|p2a: Xerneas
|-start|p2a: Xerneas|Substitute
|-damage|p2a: Xerneas|26/100
|
|upkeep
|turn|18
|
|t:|1641401705
|move|p1a: Genesect|Iron Head|p2a: Xerneas
|-supereffective|p2a: Xerneas
|-end|p2a: Xerneas|Substitute
|move|p2a: Xerneas|Focus Blast|p1a: Genesect
|-damage|p1a: Genesect|51/100
|
|upkeep
|turn|19
|
|t:|1641401712
|move|p1a: Genesect|Iron Head|p2a: Xerneas
|-supereffective|p2a: Xerneas
|-damage|p2a: Xerneas|0 fnt
|faint|p2a: Xerneas
|
|upkeep
|
|t:|1641401719
|switch|p2a: Calyrex|Calyrex-Shadow|100/100
|-ability|p2a: Calyrex|As One
|-ability|p2a: Calyrex|Unnerve
|turn|20
|
|t:|1641401725
|move|p1a: Genesect|Iron Head|p2a: Calyrex
|-damage|p2a: Calyrex|29/100
|move|p2a: Calyrex|Astral Barrage|p1a: Genesect
|-damage|p1a: Genesect|0 fnt
|faint|p1a: Genesect
|-ability|p2a: Calyrex|Grim Neigh|boost
|-boost|p2a: Calyrex|spa|1
|
|upkeep
|
|t:|1641401735
|switch|p1a: Giratina|Giratina-Origin|100/100
|-damage|p1a: Giratina|88/100|[from] Stealth Rock
|turn|21
|
|t:|1641401740
|move|p1a: Giratina|Shadow Sneak|p2a: Calyrex
|-supereffective|p2a: Calyrex
|-damage|p2a: Calyrex|0 fnt
|faint|p2a: Calyrex
|
|upkeep
|
|t:|1641401744
|switch|p2a: Zekrom|Zekrom|100/100
|-ability|p2a: Zekrom|Teravolt
|turn|22
|
|t:|1641401748
|move|p2a: Zekrom|Substitute|p2a: Zekrom
|-start|p2a: Zekrom|Substitute
|-damage|p2a: Zekrom|76/100
|move|p1a: Giratina|Draco Meteor|p2a: Zekrom
|-supereffective|p2a: Zekrom
|-end|p2a: Zekrom|Substitute
|-unboost|p1a: Giratina|spa|2
|
|-heal|p2a: Zekrom|82/100|[from] item: Leftovers
|upkeep
|turn|23
|
|t:|1641401758
|move|p2a: Zekrom|Substitute|p2a: Zekrom
|-start|p2a: Zekrom|Substitute
|-damage|p2a: Zekrom|57/100
|move|p1a: Giratina|Poltergeist|p2a: Zekrom
|-activate|p2a: Zekrom|move: Poltergeist|Leftovers
|-end|p2a: Zekrom|Substitute
|
|-heal|p2a: Zekrom|63/100|[from] item: Leftovers
|upkeep
|turn|24
|
|t:|1641401769
|move|p2a: Zekrom|Dragon Claw|p1a: Giratina
|-supereffective|p1a: Giratina
|-damage|p1a: Giratina|21/100
|move|p1a: Giratina|Poltergeist|p2a: Zekrom
|-activate|p2a: Zekrom|move: Poltergeist|Leftovers
|-damage|p2a: Zekrom|7/100
|
|-heal|p2a: Zekrom|13/100|[from] item: Leftovers
|upkeep
|turn|25
|
|t:|1641401779
|move|p1a: Giratina|Shadow Sneak|p2a: Zekrom
|-damage|p2a: Zekrom|0 fnt
|faint|p2a: Zekrom
|
|win|Ryriss
|raw|Ryriss's rating: 1288 &rarr; <strong>1326</strong><br />(+38 for winning)
|raw|click x frewn's rating: 1494 &rarr; <strong>1463</strong><br />(-31 for losing)
|c|☆click x frewn|gg
|c|☆click x frewn|wp
