|raw|<div class="broadcast-blue"><strong>This battle is required to be public due to a player having a name starting with 'ULT8RQ'.</div>
|j|☆I Crit My Panties
|j|☆ult8rq qian
|t:|1621028269
|gametype|singles
|player|p1|I Crit My Panties|2|1569
|player|p2|ult8rq qian|101|1781
|teamsize|p1|6
|teamsize|p2|6
|gen|8
|tier|[Gen 8] Ubers
|rated|
|rule|Sleep Clause Mod: Limit one foe put to sleep
|rule|Species Clause: Limit one of each Pokémon
|rule|OHKO Clause: OHKO moves are banned
|rule|Evasion Moves Clause: Evasion moves are banned
|rule|Endless Battle Clause: Forcing endless battles is banned
|rule|HP Percentage Mod: HP is shown in percentages
|rule|Dynamax Clause: You cannot dynamax
|clearpoke
|poke|p1|Yveltal|
|poke|p1|Necrozma-Dusk-Mane|
|poke|p1|Eternatus|
|poke|p1|Xerneas-*|
|poke|p1|Ho-Oh|
|poke|p1|Calyrex-Shadow|
|poke|p2|Necrozma-Dusk-Mane|
|poke|p2|Zygarde|
|poke|p2|Zacian-*|
|poke|p2|Ho-Oh|
|poke|p2|Yveltal|
|poke|p2|Eternatus|
|teampreview
|j| ULT8RQ bilelfam3D
|j| Fc04
|inactive|Battle timer is ON: inactive players will automatically lose when time's up. (requested by I Crit My Panties)
|j| Frostigar479
|
|t:|1621028285
|start
|switch|p1a: Yveltal|Yveltal|100/100
|switch|p2a: Ho-Oh|Ho-Oh|100/100
|-ability|p1a: Yveltal|Dark Aura
|turn|1
|
|t:|1621028293
|move|p1a: Yveltal|Knock Off|p2a: Ho-Oh
|-damage|p2a: Ho-Oh|65/100
|-enditem|p2a: Ho-Oh|Heavy-Duty Boots|[from] move: Knock Off|[of] p1a: Yveltal
|move|p2a: Ho-Oh|Thunder Wave|p1a: Yveltal
|-status|p1a: Yveltal|par
|
|upkeep
|turn|2
|
|t:|1621028301
|switch|p1a: Eternatus|Eternatus|100/100
|-ability|p1a: Eternatus|Pressure
|move|p2a: Ho-Oh|Sacred Fire|p1a: Eternatus
|-resisted|p1a: Eternatus
|-damage|p1a: Eternatus|84/100
|-status|p1a: Eternatus|brn
|
|-heal|p1a: Eternatus|90/100 brn|[from] item: Black Sludge
|-damage|p1a: Eternatus|84/100 brn|[from] brn
|upkeep
|turn|3
|j| Indercover
|
|t:|1621028306
|switch|p2a: Necrozma|Necrozma-Dusk-Mane|100/100
|move|p1a: Eternatus|Flamethrower|p2a: Necrozma
|-supereffective|p2a: Necrozma
|-damage|p2a: Necrozma|66/100
|
|-heal|p1a: Eternatus|90/100 brn|[from] item: Black Sludge
|-heal|p2a: Necrozma|72/100|[from] item: Leftovers
|-damage|p1a: Eternatus|84/100 brn|[from] brn
|upkeep
|turn|4
|
|t:|1621028311
|switch|p1a: Necrozma|Necrozma-Dusk-Mane|100/100
|move|p2a: Necrozma|Stealth Rock|p1a: Necrozma
|-sidestart|p1: I Crit My Panties|move: Stealth Rock
|
|-heal|p2a: Necrozma|78/100|[from] item: Leftovers
|upkeep
|turn|5
|j| bunny girl mai
|
|t:|1621028319
|move|p2a: Necrozma|Earthquake|p1a: Necrozma
|-supereffective|p1a: Necrozma
|-damage|p1a: Necrozma|76/100
|move|p1a: Necrozma|Stealth Rock|p2a: Necrozma
|-sidestart|p2: ult8rq qian|move: Stealth Rock
|
|-heal|p2a: Necrozma|84/100|[from] item: Leftovers
|upkeep
|turn|6
|
|t:|1621028323
|switch|p2a: Yveltal|Yveltal|100/100
|-ability|p2a: Yveltal|Dark Aura
|move|p1a: Necrozma|Earthquake|p2a: Yveltal
|-immune|p2a: Yveltal
|
|upkeep
|turn|7
|
|t:|1621028329
|move|p2a: Yveltal|U-turn|p1a: Necrozma
|-damage|p1a: Necrozma|66/100
|-damage|p2a: Yveltal|84/100|[from] item: Rocky Helmet|[of] p1a: Necrozma
|
|t:|1621028332
|switch|p2a: Zygarde|Zygarde|100/100|[from]move: U-turn
|-damage|p2a: Zygarde|94/100|[from] Stealth Rock
|move|p1a: Necrozma|Morning Sun|p1a: Necrozma
|-heal|p1a: Necrozma|100/100
|
|-heal|p2a: Zygarde|100/100|[from] item: Leftovers
|upkeep
|turn|8
|j| ULT8RQ fardin ❤
|
|t:|1621028337
|switch|p1a: Xerneas|Xerneas|100/100
|-damage|p1a: Xerneas|88/100|[from] Stealth Rock
|-ability|p1a: Xerneas|Fairy Aura
|move|p2a: Zygarde|Glare|p1a: Xerneas
|-status|p1a: Xerneas|par
|
|-heal|p1a: Xerneas|94/100 par|[from] item: Leftovers
|upkeep
|turn|9
|
|t:|1621028341
|switch|p2a: Necrozma|Necrozma-Dusk-Mane|84/100
|-damage|p2a: Necrozma|78/100|[from] Stealth Rock
|move|p1a: Xerneas|Aromatherapy|p1a: Xerneas
|-activate|p1a: Xerneas|move: Aromatherapy
|-curestatus|p1a: Xerneas|par|[msg]
|-curestatus|p1: Eternatus|brn|[msg]
|-curestatus|p1: Yveltal|par|[msg]
|
|-heal|p1a: Xerneas|99/100|[from] item: Leftovers
|-heal|p2a: Necrozma|84/100|[from] item: Leftovers
|upkeep
|turn|10
|
|t:|1621028349
|switch|p1a: Yveltal|Yveltal|100/100
|-ability|p1a: Yveltal|Dark Aura
|switch|p2a: Eternatus|Eternatus|100/100
|-damage|p2a: Eternatus|88/100|[from] Stealth Rock
|-ability|p2a: Eternatus|Pressure
|
|-heal|p2a: Eternatus|94/100|[from] item: Black Sludge
|upkeep
|turn|11
|
|t:|1621028355
|move|p2a: Eternatus|Dynamax Cannon|p1a: Yveltal
|-damage|p1a: Yveltal|75/100
|move|p1a: Yveltal|Knock Off|p2a: Eternatus
|-damage|p2a: Eternatus|54/100
|-enditem|p2a: Eternatus|Black Sludge|[from] move: Knock Off|[of] p1a: Yveltal
|
|upkeep
|turn|12
|
|t:|1621028358
|move|p2a: Eternatus|Recover|p2a: Eternatus
|-heal|p2a: Eternatus|100/100
|move|p1a: Yveltal|U-turn|p2a: Eternatus
|-resisted|p2a: Eternatus
|-damage|p2a: Eternatus|93/100
|
|t:|1621028367
|switch|p1a: Calyrex|Calyrex-Shadow|100/100|[from]move: U-turn
|-ability|p1a: Calyrex|As One
|-ability|p1a: Calyrex|Unnerve
|-damage|p1a: Calyrex|88/100|[from] Stealth Rock
|
|upkeep
|turn|13
|
|t:|1621028370
|switch|p2a: Yveltal|Yveltal|84/100
|-ability|p2a: Yveltal|Dark Aura
|move|p1a: Calyrex|Trick|p2a: Yveltal
|-activate|p1a: Calyrex|move: Trick|[of] p2a: Yveltal
|-item|p2a: Yveltal|Choice Scarf|[from] move: Trick
|-item|p1a: Calyrex|Heavy-Duty Boots|[from] move: Trick
|
|upkeep
|turn|14
|
|t:|1621028374
|switch|p1a: Yveltal|Yveltal|75/100
|-ability|p1a: Yveltal|Dark Aura
|move|p2a: Yveltal|Defog|p1a: Yveltal
|-unboost|p1a: Yveltal|evasion|1
|-sideend|p1: I Crit My Panties|Stealth Rock|[from] move: Defog|[of] p2a: Yveltal
|-sideend|p2: ult8rq qian|Stealth Rock|[from] move: Defog|[of] p2a: Yveltal
|
|upkeep
|turn|15
|
|t:|1621028378
|switch|p2a: Ho-Oh|Ho-Oh|98/100
|move|p1a: Yveltal|U-turn|p2a: Ho-Oh
|-resisted|p2a: Ho-Oh
|-damage|p2a: Ho-Oh|95/100
|
|t:|1621028381
|switch|p1a: Eternatus|Eternatus|84/100|[from]move: U-turn
|-ability|p1a: Eternatus|Pressure
|
|-heal|p1a: Eternatus|90/100|[from] item: Black Sludge
|upkeep
|turn|16
|
|t:|1621028383
|move|p1a: Eternatus|Toxic|p2a: Ho-Oh
|-status|p2a: Ho-Oh|tox
|move|p2a: Ho-Oh|Thunder Wave|p1a: Eternatus|[miss]
|-miss|p2a: Ho-Oh|p1a: Eternatus
|
|-heal|p1a: Eternatus|97/100|[from] item: Black Sludge
|-damage|p2a: Ho-Oh|89/100 tox|[from] psn
|upkeep
|turn|17
|
|t:|1621028388
|switch|p1a: Necrozma|Necrozma-Dusk-Mane|100/100
|move|p2a: Ho-Oh|Thunder Wave|p1a: Necrozma
|-status|p1a: Necrozma|par
|
|-damage|p2a: Ho-Oh|76/100 tox|[from] psn
|upkeep
|turn|18
|
|t:|1621028394
|switch|p2a: Yveltal|Yveltal|84/100
|-ability|p2a: Yveltal|Dark Aura
|move|p1a: Necrozma|Stealth Rock|p2a: Yveltal
|-sidestart|p2: ult8rq qian|move: Stealth Rock
|
|upkeep
|turn|19
|j| Luna's Bann3d N0w
|
|t:|1621028399
|move|p2a: Yveltal|Defog|p1a: Necrozma
|-unboost|p1a: Necrozma|evasion|1
|-sideend|p2: ult8rq qian|Stealth Rock|[from] move: Defog|[of] p2a: Yveltal
|move|p1a: Necrozma|Stealth Rock|p2a: Yveltal
|-sidestart|p2: ult8rq qian|move: Stealth Rock
|
|upkeep
|turn|20
|
|t:|1621028401
|move|p2a: Yveltal|Defog|p1a: Necrozma
|-unboost|p1a: Necrozma|evasion|1
|-sideend|p2: ult8rq qian|Stealth Rock|[from] move: Defog|[of] p2a: Yveltal
|move|p1a: Necrozma|Sunsteel Strike|p2a: Yveltal
|-damage|p2a: Yveltal|46/100
|
|upkeep
|turn|21
|j| corvere
|
|t:|1621028404
|switch|p2a: Ho-Oh|Ho-Oh|100/100 tox
|move|p1a: Necrozma|Stealth Rock|p2a: Ho-Oh
|-sidestart|p2: ult8rq qian|move: Stealth Rock
|
|-damage|p2a: Ho-Oh|94/100 tox|[from] psn
|upkeep
|turn|22
|l| Frostigar479
|
|t:|1621028407
|switch|p1a: Eternatus|Eternatus|97/100
|-ability|p1a: Eternatus|Pressure
|move|p2a: Ho-Oh|Defog|p1a: Eternatus
|-unboost|p1a: Eternatus|evasion|1
|-sideend|p2: ult8rq qian|Stealth Rock|[from] move: Defog|[of] p2a: Ho-Oh
|
|-heal|p1a: Eternatus|100/100|[from] item: Black Sludge
|-damage|p2a: Ho-Oh|82/100 tox|[from] psn
|upkeep
|turn|23
|l| Indercover
|j| Big Bad Cover
|
|t:|1621028416
|move|p1a: Eternatus|Flamethrower|p2a: Ho-Oh
|-resisted|p2a: Ho-Oh
|-damage|p2a: Ho-Oh|75/100 tox
|move|p2a: Ho-Oh|Thunder Wave|p1a: Eternatus
|-status|p1a: Eternatus|par
|
|-damage|p2a: Ho-Oh|56/100 tox|[from] psn
|upkeep
|turn|24
|
|t:|1621028420
|switch|p2a: Necrozma|Necrozma-Dusk-Mane|84/100
|move|p1a: Eternatus|Flamethrower|p2a: Necrozma
|-supereffective|p2a: Necrozma
|-damage|p2a: Necrozma|49/100
|
|-heal|p2a: Necrozma|55/100|[from] item: Leftovers
|upkeep
|turn|25
|
|t:|1621028425
|switch|p1a: Necrozma|Necrozma-Dusk-Mane|100/100 par
|move|p2a: Necrozma|Morning Sun|p2a: Necrozma
|-heal|p2a: Necrozma|100/100
|
|upkeep
|turn|26
|n| BIG BAD COVER|bigbadcover
|
|t:|1621028429
|switch|p2a: Ho-Oh|Ho-Oh|89/100 tox
|move|p1a: Necrozma|Stealth Rock|p2a: Ho-Oh
|-sidestart|p2: ult8rq qian|move: Stealth Rock
|
|-damage|p2a: Ho-Oh|83/100 tox|[from] psn
|upkeep
|turn|27
|
|t:|1621028434
|move|p2a: Ho-Oh|Defog|p1a: Necrozma
|-unboost|p1a: Necrozma|evasion|1
|-sideend|p2: ult8rq qian|Stealth Rock|[from] move: Defog|[of] p2a: Ho-Oh
|move|p1a: Necrozma|Stealth Rock|p2a: Ho-Oh
|-sidestart|p2: ult8rq qian|move: Stealth Rock
|
|-damage|p2a: Ho-Oh|70/100 tox|[from] psn
|upkeep
|turn|28
|
|t:|1621028439
|move|p2a: Ho-Oh|Defog|p1a: Necrozma
|-unboost|p1a: Necrozma|evasion|1
|-sideend|p2: ult8rq qian|Stealth Rock|[from] move: Defog|[of] p2a: Ho-Oh
|move|p1a: Necrozma|Stealth Rock|p2a: Ho-Oh
|-sidestart|p2: ult8rq qian|move: Stealth Rock
|
|-damage|p2a: Ho-Oh|51/100 tox|[from] psn
|upkeep
|turn|29
|
|t:|1621028445
|switch|p2a: Zygarde|Zygarde|100/100
|-damage|p2a: Zygarde|94/100|[from] Stealth Rock
|move|p1a: Necrozma|Stealth Rock||[still]
|-fail|p1a: Necrozma
|
|-heal|p2a: Zygarde|100/100|[from] item: Leftovers
|upkeep
|turn|30
|
|t:|1621028453
|switch|p2a: Necrozma|Necrozma-Dusk-Mane|100/100
|-damage|p2a: Necrozma|94/100|[from] Stealth Rock
|switch|p1a: Xerneas|Xerneas|99/100
|-ability|p1a: Xerneas|Fairy Aura
|
|-heal|p1a: Xerneas|100/100|[from] item: Leftovers
|-heal|p2a: Necrozma|100/100|[from] item: Leftovers
|upkeep
|turn|31
|
|t:|1621028458
|switch|p1a: Ho-Oh|Ho-Oh|100/100
|move|p2a: Necrozma|Stealth Rock|p1a: Ho-Oh
|-sidestart|p1: I Crit My Panties|move: Stealth Rock
|
|upkeep
|turn|32
|
|t:|1621028462
|switch|p2a: Zygarde|Zygarde|100/100
|-damage|p2a: Zygarde|94/100|[from] Stealth Rock
|move|p1a: Ho-Oh|Sacred Fire|p2a: Zygarde
|-resisted|p2a: Zygarde
|-damage|p2a: Zygarde|84/100
|
|-heal|p2a: Zygarde|90/100|[from] item: Leftovers
|upkeep
|turn|33
|
|t:|1621028470
|switch|p2a: Zacian|Zacian|100/100
|-damage|p2a: Zacian|88/100|[from] Stealth Rock
|-ability|p2a: Zacian|Intrepid Sword|boost
|-boost|p2a: Zacian|atk|1
|switch|p1a: Xerneas|Xerneas|100/100
|-damage|p1a: Xerneas|88/100|[from] Stealth Rock
|-ability|p1a: Xerneas|Fairy Aura
|
|-heal|p1a: Xerneas|94/100|[from] item: Leftovers
|upkeep
|turn|34
|
|t:|1621028473
|switch|p1a: Necrozma|Necrozma-Dusk-Mane|100/100 par
|-damage|p1a: Necrozma|94/100 par|[from] Stealth Rock
|move|p2a: Zacian|Crunch|p1a: Necrozma
|-supereffective|p1a: Necrozma
|-damage|p1a: Necrozma|44/100 par
|-damage|p2a: Zacian|72/100|[from] item: Rocky Helmet|[of] p1a: Necrozma
|
|upkeep
|turn|35
|
|t:|1621028479
|switch|p2a: Eternatus|Eternatus|93/100
|-damage|p2a: Eternatus|80/100|[from] Stealth Rock
|-ability|p2a: Eternatus|Pressure
|switch|p1a: Yveltal|Yveltal|75/100
|-ability|p1a: Yveltal|Dark Aura
|
|upkeep
|turn|36
|
|t:|1621028483
|move|p2a: Eternatus|Dynamax Cannon|p1a: Yveltal
|-damage|p1a: Yveltal|49/100
|move|p1a: Yveltal|U-turn|p2a: Eternatus
|-resisted|p2a: Eternatus
|-damage|p2a: Eternatus|73/100
|
|t:|1621028487
|switch|p1a: Calyrex|Calyrex-Shadow|88/100|[from]move: U-turn
|-ability|p1a: Calyrex|As One
|-ability|p1a: Calyrex|Unnerve
|
|upkeep
|turn|37
|
|t:|1621028492
|move|p1a: Calyrex|Astral Barrage|p2a: Eternatus
|-damage|p2a: Eternatus|31/100
|move|p2a: Eternatus|Mystical Fire|p1a: Calyrex
|-damage|p1a: Calyrex|65/100
|-unboost|p1a: Calyrex|spa|1
|
|upkeep
|turn|38
|
|t:|1621028497
|move|p1a: Calyrex|Psyshock|p2a: Eternatus
|-supereffective|p2a: Eternatus
|-damage|p2a: Eternatus|0 fnt
|faint|p2a: Eternatus
|-ability|p1a: Calyrex|Grim Neigh|boost
|-boost|p1a: Calyrex|spa|1
|
|upkeep
|
|t:|1621028500
|switch|p2a: Yveltal|Yveltal|46/100
|-damage|p2a: Yveltal|21/100|[from] Stealth Rock
|-ability|p2a: Yveltal|Dark Aura
|turn|39
|
|t:|1621028504
|switch|p1a: Xerneas|Xerneas|94/100
|-damage|p1a: Xerneas|82/100|[from] Stealth Rock
|-ability|p1a: Xerneas|Fairy Aura
|move|p2a: Yveltal|U-turn|p1a: Xerneas
|-resisted|p1a: Xerneas
|-damage|p1a: Xerneas|77/100
|
|t:|1621028505
|switch|p2a: Zacian|Zacian|72/100|[from]move: U-turn
|-damage|p2a: Zacian|59/100|[from] Stealth Rock
|-ability|p2a: Zacian|Intrepid Sword|boost
|-boost|p2a: Zacian|atk|1
|
|-heal|p1a: Xerneas|83/100|[from] item: Leftovers
|upkeep
|turn|40
|
|t:|1621028509
|switch|p1a: Necrozma|Necrozma-Dusk-Mane|44/100 par
|-damage|p1a: Necrozma|38/100 par|[from] Stealth Rock
|move|p2a: Zacian|Wild Charge|p1a: Necrozma
|-damage|p1a: Necrozma|0 fnt
|-damage|p2a: Zacian|43/100|[from] item: Rocky Helmet|[of] p1a: Necrozma
|faint|p1a: Necrozma
|-damage|p2a: Zacian|31/100|[from] Recoil
|
|upkeep
|
|t:|1621028519
|switch|p1a: Eternatus|Eternatus|100/100 par
|-damage|p1a: Eternatus|88/100 par|[from] Stealth Rock
|-ability|p1a: Eternatus|Pressure
|turn|41
|j| g8hate
|
|t:|1621028524
|switch|p2a: Necrozma|Necrozma-Dusk-Mane|100/100
|-damage|p2a: Necrozma|94/100|[from] Stealth Rock
|move|p1a: Eternatus|Flamethrower|p2a: Necrozma
|-supereffective|p2a: Necrozma
|-damage|p2a: Necrozma|60/100
|
|-heal|p2a: Necrozma|66/100|[from] item: Leftovers
|-heal|p1a: Eternatus|94/100 par|[from] item: Black Sludge
|upkeep
|turn|42
|
|t:|1621028532
|switch|p2a: Zacian|Zacian|31/100
|-damage|p2a: Zacian|19/100|[from] Stealth Rock
|-ability|p2a: Zacian|Intrepid Sword|boost
|-boost|p2a: Zacian|atk|1
|switch|p1a: Ho-Oh|Ho-Oh|100/100
|
|upkeep
|turn|43
|
|t:|1621028535
|switch|p1a: Eternatus|Eternatus|94/100 par
|-damage|p1a: Eternatus|82/100 par|[from] Stealth Rock
|-ability|p1a: Eternatus|Pressure
|move|p2a: Zacian|Wild Charge|p1a: Eternatus
|-resisted|p1a: Eternatus
|-damage|p1a: Eternatus|55/100 par
|-damage|p2a: Zacian|9/100|[from] Recoil
|
|-heal|p1a: Eternatus|61/100 par|[from] item: Black Sludge
|upkeep
|turn|44
|
|t:|1621028541
|switch|p2a: Zygarde|Zygarde|90/100
|-damage|p2a: Zygarde|84/100|[from] Stealth Rock
|move|p1a: Eternatus|Recover|p1a: Eternatus
|-heal|p1a: Eternatus|100/100 par
|
|-heal|p2a: Zygarde|90/100|[from] item: Leftovers
|upkeep
|turn|45
|
|t:|1621028546
|switch|p1a: Xerneas|Xerneas|83/100
|-damage|p1a: Xerneas|70/100|[from] Stealth Rock
|-ability|p1a: Xerneas|Fairy Aura
|move|p2a: Zygarde|Thousand Arrows|p1a: Xerneas
|-damage|p1a: Xerneas|51/100
|
|-heal|p2a: Zygarde|96/100|[from] item: Leftovers
|-heal|p1a: Xerneas|57/100|[from] item: Leftovers
|upkeep
|turn|46
|
|t:|1621028551
|switch|p2a: Ho-Oh|Ho-Oh|85/100 tox
|-damage|p2a: Ho-Oh|35/100 tox|[from] Stealth Rock
|move|p1a: Xerneas|Moonblast|p2a: Ho-Oh
|-resisted|p2a: Ho-Oh
|-damage|p2a: Ho-Oh|20/100 tox
|
|-heal|p1a: Xerneas|63/100|[from] item: Leftovers
|-damage|p2a: Ho-Oh|14/100 tox|[from] psn
|upkeep
|turn|47
|
|t:|1621028561
|switch|p1a: Eternatus|Eternatus|100/100 par
|-damage|p1a: Eternatus|88/100 par|[from] Stealth Rock
|-ability|p1a: Eternatus|Pressure
|move|p2a: Ho-Oh|Defog|p1a: Eternatus
|-unboost|p1a: Eternatus|evasion|1
|-sideend|p1: I Crit My Panties|Stealth Rock|[from] move: Defog|[of] p2a: Ho-Oh
|-sideend|p2: ult8rq qian|Stealth Rock|[from] move: Defog|[of] p2a: Ho-Oh
|
|-heal|p1a: Eternatus|94/100 par|[from] item: Black Sludge
|-damage|p2a: Ho-Oh|1/100 tox|[from] psn
|upkeep
|turn|48
|
|t:|1621028567
|switch|p2a: Necrozma|Necrozma-Dusk-Mane|66/100
|move|p1a: Eternatus|Flamethrower|p2a: Necrozma
|-supereffective|p2a: Necrozma
|-damage|p2a: Necrozma|32/100
|
|-heal|p2a: Necrozma|38/100|[from] item: Leftovers
|-heal|p1a: Eternatus|100/100 par|[from] item: Black Sludge
|upkeep
|turn|49
|
|t:|1621028572
|switch|p1a: Calyrex|Calyrex-Shadow|65/100
|-ability|p1a: Calyrex|As One
|-ability|p1a: Calyrex|Unnerve
|move|p2a: Necrozma|Morning Sun|p2a: Necrozma
|-heal|p2a: Necrozma|88/100
|
|-heal|p2a: Necrozma|94/100|[from] item: Leftovers
|upkeep
|turn|50
|
|t:|1621028577
|move|p1a: Calyrex|Astral Barrage|p2a: Necrozma
|-supereffective|p2a: Necrozma
|-damage|p2a: Necrozma|9/100
|move|p2a: Necrozma|Sunsteel Strike|p1a: Calyrex
|-damage|p1a: Calyrex|4/100
|
|-heal|p2a: Necrozma|15/100|[from] item: Leftovers
|upkeep
|turn|51
|
|t:|1621028586
|switch|p2a: Ho-Oh|Ho-Oh|34/100 tox
|move|p1a: Calyrex|Astral Barrage|p2a: Ho-Oh
|-damage|p2a: Ho-Oh|0 fnt
|faint|p2a: Ho-Oh
|-ability|p1a: Calyrex|Grim Neigh|boost
|-boost|p1a: Calyrex|spa|1
|
|upkeep
|
|t:|1621028587
|switch|p2a: Yveltal|Yveltal|21/100
|-ability|p2a: Yveltal|Dark Aura
|turn|52
|
|t:|1621028591
|switch|p1a: Yveltal|Yveltal|49/100
|-ability|p1a: Yveltal|Dark Aura
|move|p2a: Yveltal|U-turn|p1a: Yveltal
|-damage|p1a: Yveltal|34/100
|
|t:|1621028600
|switch|p2a: Zacian|Zacian|9/100|[from]move: U-turn
|-ability|p2a: Zacian|Intrepid Sword|boost
|-boost|p2a: Zacian|atk|1
|
|upkeep
|turn|53
|
|t:|1621028604
|move|p1a: Yveltal|Sucker Punch|p2a: Zacian
|-resisted|p2a: Zacian
|-damage|p2a: Zacian|0 fnt
|faint|p2a: Zacian
|
|upkeep
|
|t:|1621028605
|switch|p2a: Zygarde|Zygarde|96/100
|turn|54
|j| dNeon
|
|t:|1621028609
|move|p2a: Zygarde|Glare|p1a: Yveltal
|-status|p1a: Yveltal|par
|move|p1a: Yveltal|U-turn|p2a: Zygarde
|-damage|p2a: Zygarde|85/100
|
|t:|1621028612
|switch|p1a: Xerneas|Xerneas|63/100|[from]move: U-turn
|-ability|p1a: Xerneas|Fairy Aura
|
|-heal|p2a: Zygarde|91/100|[from] item: Leftovers
|-heal|p1a: Xerneas|70/100|[from] item: Leftovers
|upkeep
|turn|55
|
|t:|1621028615
|move|p2a: Zygarde|Glare|p1a: Xerneas
|-status|p1a: Xerneas|par
|move|p1a: Xerneas|Aromatherapy|p1a: Xerneas
|-activate|p1a: Xerneas|move: Aromatherapy
|-curestatus|p1a: Xerneas|par|[msg]
|-curestatus|p1: Yveltal|par|[msg]
|-curestatus|p1: Eternatus|par|[msg]
|
|-heal|p2a: Zygarde|97/100|[from] item: Leftovers
|-heal|p1a: Xerneas|76/100|[from] item: Leftovers
|upkeep
|turn|56
|
|t:|1621028617
|move|p2a: Zygarde|Glare|p1a: Xerneas
|-status|p1a: Xerneas|par
|move|p1a: Xerneas|Moonblast|p2a: Zygarde
|-supereffective|p2a: Zygarde
|-damage|p2a: Zygarde|0 fnt
|faint|p2a: Zygarde
|
|-heal|p1a: Xerneas|82/100 par|[from] item: Leftovers
|upkeep
|
|t:|1621028619
|switch|p2a: Necrozma|Necrozma-Dusk-Mane|15/100
|turn|57
|
|t:|1621028622
|switch|p1a: Ho-Oh|Ho-Oh|100/100
|move|p2a: Necrozma|Morning Sun|p2a: Necrozma
|-heal|p2a: Necrozma|65/100
|
|-heal|p2a: Necrozma|71/100|[from] item: Leftovers
|upkeep
|turn|58
|
|t:|1621028624
|move|p1a: Ho-Oh|Sacred Fire|p2a: Necrozma
|-supereffective|p2a: Necrozma
|-damage|p2a: Necrozma|33/100
|-status|p2a: Necrozma|brn
|move|p2a: Necrozma|Stealth Rock|p1a: Ho-Oh
|-sidestart|p1: I Crit My Panties|move: Stealth Rock
|
|-heal|p2a: Necrozma|39/100 brn|[from] item: Leftovers
|-damage|p2a: Necrozma|33/100 brn|[from] brn
|upkeep
|turn|59
|-message|ult8rq qian forfeited.
|
|win|I Crit My Panties
|raw|I Crit My Panties's rating: 1570 &rarr; <strong>1601</strong><br />(+31 for winning)
|raw|ult8rq qian's rating: 1781 &rarr; <strong>1750</strong><br />(-31 for losing)
|l|☆ult8rq qian
|l| Luna's Bann3d N0w
|l| bunny girl mai
|l| Fc04
|l| ULT8RQ bilelfam3D
|c|☆I Crit My Panties|Ouch
|c|☆I Crit My Panties|That hurt lol
||Ladder isn't responding, score probably updated but might not have (Request timeout).
|c|☆I Crit My Panties|xD
