|j|☆HaxxSel♔
|j|☆Dun 26
|t:|1661674218
|gametype|singles
|player|p1|HaxxSel♔|adaman|1409
|player|p2|Dun 26|skyla|1684
|teamsize|p1|6
|teamsize|p2|6
|gen|8
|tier|[Gen 8] Ubers
|rated|
|rule|Sleep Clause Mod: Limit one foe put to sleep
|rule|Species Clause: Limit one of each Pokémon
|rule|OHKO Clause: OHKO moves are banned
|rule|Evasion Items Clause: Evasion items are banned
|rule|Evasion Moves Clause: Evasion moves are banned
|rule|Endless Battle Clause: Forcing endless battles is banned
|rule|HP Percentage Mod: HP is shown in percentages
|rule|Dynamax Clause: You cannot dynamax
|clearpoke
|poke|p1|Cloyster, M|
|poke|p1|Yveltal|
|poke|p1|Cinderace, M|
|poke|p1|Eternatus|
|poke|p1|Zekrom|
|poke|p1|Necrozma-Dusk-Mane|
|poke|p2|Excadrill, M|
|poke|p2|Darmanitan-Galar, F|
|poke|p2|Yveltal|
|poke|p2|Xerneas-*|
|poke|p2|Necrozma-Dusk-Mane|
|poke|p2|Dracovish|
|teampreview
|
|t:|1661674233
|start
|switch|p1a: Cloyster|Cloyster, M|100/100
|switch|p2a: Xerneas|Xerneas|100/100
|-ability|p2a: Xerneas|Fairy Aura
|turn|1
|inactive|Battle timer is ON: inactive players will automatically lose when time's up. (requested by Dun 26)
|
|t:|1661674271
|move|p2a: Xerneas|Moonblast|p1a: Cloyster
|-crit|p1a: Cloyster
|-enditem|p1a: Cloyster|Focus Sash
|-damage|p1a: Cloyster|1/100
|-unboost|p1a: Cloyster|spa|1
|move|p1a: Cloyster|Spikes|p2a: Xerneas
|-sidestart|p2: Dun 26|Spikes
|
|upkeep
|turn|2
|
|t:|1661674275
|move|p2a: Xerneas|Moonblast|p1a: Cloyster
|-damage|p1a: Cloyster|0 fnt
|faint|p1a: Cloyster
|
|upkeep
|
|t:|1661674295
|switch|p1a: Cinderace|Cinderace, M|100/100
|turn|3
|
|t:|1661674304
|switch|p2a: NOBBRAIN|Dracovish|100/100
|-damage|p2a: NOBBRAIN|88/100|[from] Spikes
|move|p1a: Cinderace|Bulk Up|p1a: Cinderace
|-start|p1a: Cinderace|typechange|Fighting|[from] ability: Libero
|-boost|p1a: Cinderace|atk|1
|-boost|p1a: Cinderace|def|1
|
|upkeep
|turn|4
|
|t:|1661674313
|move|p1a: Cinderace|Double-Edge|p2a: NOBBRAIN
|-start|p1a: Cinderace|typechange|Normal|[from] ability: Libero
|-enditem|p1a: Cinderace|Normal Gem|[from] gem
|-damage|p2a: NOBBRAIN|0 fnt
|faint|p2a: NOBBRAIN
|-damage|p1a: Cinderace|67/100|[from] Recoil
|
|upkeep
|j| omefar
|
|t:|1661674316
|switch|p2a: Yveltal|Yveltal|100/100
|-ability|p2a: Yveltal|Dark Aura
|turn|5
|inactive|HaxxSel♔ has 120 seconds left.
|
|t:|1661674357
|move|p1a: Cinderace|Pyro Ball|p2a: Yveltal
|-start|p1a: Cinderace|typechange|Fire|[from] ability: Libero
|-damage|p2a: Yveltal|23/100
|move|p2a: Yveltal|Oblivion Wing|p1a: Cinderace
|-damage|p1a: Cinderace|0 fnt
|-heal|p2a: Yveltal|62/100|[from] drain|[of] p1a: Cinderace
|faint|p1a: Cinderace
|-damage|p2a: Yveltal|52/100|[from] item: Life Orb
|
|upkeep
|
|t:|1661674373
|switch|p1a: Eternatus|Eternatus|100/100
|-ability|p1a: Eternatus|Pressure
|turn|6
|
|t:|1661674384
|move|p1a: Eternatus|Meteor Beam||[still]
|-prepare|p1a: Eternatus|Meteor Beam
|-boost|p1a: Eternatus|spa|1
|-enditem|p1a: Eternatus|Power Herb
|-anim|p1a: Eternatus|Meteor Beam|p2a: Yveltal
|-supereffective|p2a: Yveltal
|-damage|p2a: Yveltal|0 fnt
|faint|p2a: Yveltal
|
|upkeep
|
|t:|1661674387
|switch|p2a: Necrozma|Necrozma-Dusk-Mane|100/100
|-damage|p2a: Necrozma|88/100|[from] Spikes
|turn|7
|
|t:|1661674397
|move|p1a: Eternatus|Flamethrower|p2a: Necrozma
|-supereffective|p2a: Necrozma
|-damage|p2a: Necrozma|33/100
|-status|p2a: Necrozma|brn
|-enditem|p2a: Necrozma|Weakness Policy
|-boost|p2a: Necrozma|atk|2|[from] item: Weakness Policy
|-boost|p2a: Necrozma|spa|2|[from] item: Weakness Policy
|move|p2a: Necrozma|Trick Room|p2a: Necrozma
|-fieldstart|move: Trick Room|[of] p2a: Necrozma
|
|-damage|p2a: Necrozma|27/100 brn|[from] brn
|upkeep
|turn|8
|
|t:|1661674419
|move|p2a: Necrozma|Sunsteel Strike|p1a: Eternatus
|-damage|p1a: Eternatus|40/100
|move|p1a: Eternatus|Flamethrower|p2a: Necrozma
|-supereffective|p2a: Necrozma
|-damage|p2a: Necrozma|0 fnt
|faint|p2a: Necrozma
|
|upkeep
|
|t:|1661674422
|switch|p2a: Excadrill|Excadrill, M|100/100
|-damage|p2a: Excadrill|88/100|[from] Spikes
|-ability|p2a: Excadrill|Mold Breaker
|turn|9
|inactive|HaxxSel♔ has 90 seconds left.
|l| omefar
|
|t:|1661674455
|switch|p1a: Zekrom|Zekrom|100/100
|-ability|p1a: Zekrom|Teravolt
|move|p2a: Excadrill|Earthquake|p1a: Zekrom
|-supereffective|p1a: Zekrom
|-damage|p1a: Zekrom|16/100
|
|-heal|p1a: Zekrom|22/100|[from] item: Leftovers
|upkeep
|turn|10
|inactive|HaxxSel♔ has 90 seconds left.
|
|t:|1661674474
|move|p2a: Excadrill|Rapid Spin|p1a: Zekrom
|-damage|p1a: Zekrom|7/100
|-boost|p2a: Excadrill|spe|1
|-sideend|p2: Dun 26|Spikes|[from] move: Rapid Spin|[of] p2a: Excadrill
|move|p1a: Zekrom|Bolt Strike|p2a: Excadrill
|-immune|p2a: Excadrill
|
|-heal|p1a: Zekrom|13/100|[from] item: Leftovers
|upkeep
|turn|11
|inactive|HaxxSel♔ has 90 seconds left.
|
|t:|1661674485
|move|p1a: Zekrom|Dragon Claw|p2a: Excadrill
|-resisted|p2a: Excadrill
|-damage|p2a: Excadrill|52/100
|move|p2a: Excadrill|Stealth Rock|p1a: Zekrom
|-sidestart|p1: HaxxSel♔|move: Stealth Rock
|
|-heal|p1a: Zekrom|19/100|[from] item: Leftovers
|-fieldend|move: Trick Room
|upkeep
|turn|12
|
|t:|1661674493
|move|p2a: Excadrill|Earthquake|p1a: Zekrom
|-supereffective|p1a: Zekrom
|-crit|p1a: Zekrom
|-damage|p1a: Zekrom|0 fnt
|faint|p1a: Zekrom
|
|upkeep
|inactive|HaxxSel♔ has 90 seconds left.
|inactive|HaxxSel♔ has 60 seconds left.
|inactive|HaxxSel♔ has 30 seconds left.
|inactive|HaxxSel♔ has 20 seconds left.
|
|t:|1661674578
|switch|p1a: Yveltal|Yveltal|100/100
|-damage|p1a: Yveltal|76/100|[from] Stealth Rock
|-ability|p1a: Yveltal|Dark Aura
|turn|13
|inactive|HaxxSel♔ has 30 seconds left this turn.
|
|t:|1661674584
|move|p1a: Yveltal|Sucker Punch|p2a: Excadrill
|-damage|p2a: Excadrill|0 fnt
|faint|p2a: Excadrill
|
|upkeep
|inactive|HaxxSel♔ has 30 seconds left this turn.
|
|t:|1661674590
|switch|p2a: OUGABOUGA|Darmanitan-Galar, F|100/100
|turn|14
|inactive|HaxxSel♔ has 30 seconds left.
|inactive|HaxxSel♔ has 20 seconds left.
|inactive|HaxxSel♔ has 15 seconds left.
|
|t:|1661674620
|move|p1a: Yveltal|Dark Pulse|p2a: OUGABOUGA
|-damage|p2a: OUGABOUGA|0 fnt
|faint|p2a: OUGABOUGA
|
|upkeep
|inactive|HaxxSel♔ has 20 seconds left this turn.
|-message|Dun 26 forfeited.
|
|win|HaxxSel♔
|inactive|HaxxSel♔ has 25 seconds left this turn.
|raw|HaxxSel♔'s rating: 1409 &rarr; <strong>1441</strong><br />(+32 for winning)
|raw|Dun 26's rating: 1651 &rarr; <strong>1619</strong><br />(-32 for losing)
|l|☆Dun 26
