|j|☆RIP_Player
|j|☆Jeran 重力
|inactive|Battle timer is ON: inactive players will automatically lose when time's up.
|t:|1627752659
|gametype|singles
|player|p1|RIP_Player|firebreather|
|player|p2|Jeran 重力|argenta|
|teamsize|p1|6
|teamsize|p2|6
|gen|8
|tier|[Gen 8] Ubers
|rated|Tournament battle
|rule|Sleep Clause Mod: Limit one foe put to sleep
|rule|Species Clause: Limit one of each Pokémon
|rule|OHKO Clause: OHKO moves are banned
|rule|Evasion Moves Clause: Evasion moves are banned
|rule|Endless Battle Clause: Forcing endless battles is banned
|rule|HP Percentage Mod: HP is shown in percentages
|rule|Dynamax Clause: You cannot dynamax
|clearpoke
|poke|p1|Umbreon, M|
|poke|p1|Toxapex, F|
|poke|p1|Yveltal|
|poke|p1|Xerneas-*|
|poke|p1|Marshadow|
|poke|p1|Heatran, M|
|poke|p2|Yveltal|
|poke|p2|Eternatus|
|poke|p2|Necrozma-Dusk-Mane|
|poke|p2|Ferrothorn, F|
|poke|p2|Calyrex-Shadow|
|poke|p2|Zygarde|
|teampreview
|j|*Lady Monita
|inactive|RIP_Player also wants the timer to be on.
|j| OMFG guy@!
|j| Elite 4 Jasmin
|j| pelippertheseagull
|c| OMFG guy|Gl both
|j| des121
|
|t:|1627752675
|start
|switch|p1a: Gilgamesh|Yveltal|100/100
|switch|p2a: Calyrex|Calyrex-Shadow|100/100
|-ability|p2a: Calyrex|As One
|-ability|p2a: Calyrex|Unnerve
|-ability|p1a: Gilgamesh|Dark Aura
|turn|1
|j| ScottOBrian
|n| OMFG guy|omfgguy
|j| VibeOverLuke
|
|t:|1627752682
|switch|p2a: Eternatus|Eternatus|100/100
|-ability|p2a: Eternatus|Pressure
|move|p1a: Gilgamesh|Sucker Punch||[still]
|-fail|p1a: Gilgamesh
|
|upkeep
|turn|2
|j| Omarinator
|
|t:|1627752688
|switch|p1a: Quetzalcoatl|Heatran, M|100/100
|move|p2a: Eternatus|Toxic|p1a: Quetzalcoatl
|-immune|p1a: Quetzalcoatl
|
|upkeep
|turn|3
|
|t:|1627752696
|switch|p2a: Zygarde|Zygarde|100/100
|move|p1a: Quetzalcoatl|Stealth Rock|p2a: Zygarde
|-sidestart|p2: Jeran 重力|move: Stealth Rock
|
|upkeep
|turn|4
|
|t:|1627752702
|switch|p1a: Rin Tohsaka|Xerneas|100/100
|-ability|p1a: Rin Tohsaka|Fairy Aura
|move|p2a: Zygarde|Thousand Arrows|p1a: Rin Tohsaka
|-damage|p1a: Rin Tohsaka|79/100
|
|-heal|p1a: Rin Tohsaka|85/100|[from] item: Leftovers
|upkeep
|turn|5
|
|t:|1627752713
|switch|p2a: Necrozma|Necrozma-Dusk-Mane|100/100
|-damage|p2a: Necrozma|94/100|[from] Stealth Rock
|move|p1a: Rin Tohsaka|Moonblast|p2a: Necrozma
|-resisted|p2a: Necrozma
|-damage|p2a: Necrozma|78/100
|
|-heal|p1a: Rin Tohsaka|91/100|[from] item: Leftovers
|-heal|p2a: Necrozma|84/100|[from] item: Leftovers
|upkeep
|turn|6
|
|t:|1627752718
|switch|p1a: Gilles de Rais|Toxapex, F|100/100
|move|p2a: Necrozma|Stealth Rock|p1a: Gilles de Rais
|-sidestart|p1: RIP_Player|move: Stealth Rock
|
|-heal|p2a: Necrozma|90/100|[from] item: Leftovers
|upkeep
|turn|7
|j| Cold27
|
|t:|1627752728
|move|p2a: Necrozma|Thunder Wave|p1a: Gilles de Rais
|-status|p1a: Gilles de Rais|par
|move|p1a: Gilles de Rais|Scald|p2a: Necrozma
|-damage|p2a: Necrozma|80/100
|
|-heal|p2a: Necrozma|86/100|[from] item: Leftovers
|upkeep
|turn|8
|j| Rei Primata
|
|t:|1627752736
|switch|p2a: Ferrothorn|Ferrothorn, F|100/100
|-damage|p2a: Ferrothorn|94/100|[from] Stealth Rock
|cant|p1a: Gilles de Rais|par
|
|-heal|p2a: Ferrothorn|100/100|[from] item: Leftovers
|upkeep
|turn|9
|
|t:|1627752740
|switch|p1a: Quetzalcoatl|Heatran, M|100/100
|-damage|p1a: Quetzalcoatl|88/100|[from] Stealth Rock
|move|p2a: Ferrothorn|Spikes|p1a: Quetzalcoatl
|-sidestart|p1: RIP_Player|Spikes
|
|-heal|p1a: Quetzalcoatl|94/100|[from] item: Leftovers
|upkeep
|turn|10
|
|t:|1627752743
|switch|p2a: Zygarde|Zygarde|100/100
|-damage|p2a: Zygarde|94/100|[from] Stealth Rock
|move|p1a: Quetzalcoatl|Lava Plume|p2a: Zygarde
|-resisted|p2a: Zygarde
|-damage|p2a: Zygarde|76/100
|
|-heal|p2a: Zygarde|82/100|[from] item: Leftovers
|-heal|p1a: Quetzalcoatl|100/100|[from] item: Leftovers
|upkeep
|turn|11
|
|t:|1627752747
|switch|p1a: Rin Tohsaka|Xerneas|91/100
|-damage|p1a: Rin Tohsaka|79/100|[from] Spikes
|-damage|p1a: Rin Tohsaka|66/100|[from] Stealth Rock
|-ability|p1a: Rin Tohsaka|Fairy Aura
|move|p2a: Zygarde|Thousand Arrows|p1a: Rin Tohsaka
|-damage|p1a: Rin Tohsaka|44/100
|
|-heal|p2a: Zygarde|88/100|[from] item: Leftovers
|-heal|p1a: Rin Tohsaka|50/100|[from] item: Leftovers
|upkeep
|turn|12
|l| pelippertheseagull
|
|t:|1627752753
|switch|p2a: Necrozma|Necrozma-Dusk-Mane|86/100
|-damage|p2a: Necrozma|80/100|[from] Stealth Rock
|move|p1a: Rin Tohsaka|Defog|p2a: Necrozma
|-unboost|p2a: Necrozma|evasion|1
|-sideend|p2: Jeran 重力|Stealth Rock|[from] move: Defog|[of] p1a: Rin Tohsaka
|-sideend|p1: RIP_Player|Spikes|[from] move: Defog|[of] p1a: Rin Tohsaka
|-sideend|p1: RIP_Player|Stealth Rock|[from] move: Defog|[of] p1a: Rin Tohsaka
|
|-heal|p1a: Rin Tohsaka|56/100|[from] item: Leftovers
|-heal|p2a: Necrozma|86/100|[from] item: Leftovers
|upkeep
|turn|13
|
|t:|1627752757
|switch|p1a: Gilgamesh|Yveltal|100/100
|-ability|p1a: Gilgamesh|Dark Aura
|move|p2a: Necrozma|Stealth Rock|p1a: Gilgamesh
|-sidestart|p1: RIP_Player|move: Stealth Rock
|
|-heal|p2a: Necrozma|92/100|[from] item: Leftovers
|upkeep
|turn|14
|
|t:|1627752762
|switch|p2a: Eternatus|Eternatus|100/100
|-ability|p2a: Eternatus|Pressure
|move|p1a: Gilgamesh|Knock Off|p2a: Eternatus
|-damage|p2a: Eternatus|25/100
|-enditem|p2a: Eternatus|Black Sludge|[from] move: Knock Off|[of] p1a: Gilgamesh
|
|upkeep
|turn|15
|j| xxmubasherxx
|
|t:|1627752771
|move|p2a: Eternatus|Recover|p2a: Eternatus
|-heal|p2a: Eternatus|76/100
|move|p1a: Gilgamesh|Knock Off|p2a: Eternatus
|-damage|p2a: Eternatus|23/100
|
|upkeep
|turn|16
|
|t:|1627752783
|move|p2a: Eternatus|Recover|p2a: Eternatus
|-heal|p2a: Eternatus|73/100
|move|p1a: Gilgamesh|Knock Off|p2a: Eternatus
|-damage|p2a: Eternatus|26/100
|
|upkeep
|turn|17
|
|t:|1627752792
|move|p2a: Eternatus|Recover|p2a: Eternatus
|-heal|p2a: Eternatus|76/100
|move|p1a: Gilgamesh|Knock Off|p2a: Eternatus
|-damage|p2a: Eternatus|26/100
|
|upkeep
|turn|18
|
|t:|1627752796
|move|p2a: Eternatus|Recover|p2a: Eternatus
|-heal|p2a: Eternatus|76/100
|move|p1a: Gilgamesh|Knock Off|p2a: Eternatus
|-damage|p2a: Eternatus|23/100
|
|upkeep
|turn|19
|
|t:|1627752800
|move|p2a: Eternatus|Recover|p2a: Eternatus
|-heal|p2a: Eternatus|73/100
|move|p1a: Gilgamesh|Knock Off|p2a: Eternatus
|-damage|p2a: Eternatus|24/100
|
|upkeep
|turn|20
|
|t:|1627752804
|move|p2a: Eternatus|Recover|p2a: Eternatus
|-heal|p2a: Eternatus|75/100
|move|p1a: Gilgamesh|Knock Off|p2a: Eternatus
|-damage|p2a: Eternatus|26/100
|
|upkeep
|turn|21
|
|t:|1627752807
|move|p2a: Eternatus|Recover|p2a: Eternatus
|-heal|p2a: Eternatus|76/100
|move|p1a: Gilgamesh|Knock Off|p2a: Eternatus
|-damage|p2a: Eternatus|25/100
|
|upkeep
|turn|22
|
|t:|1627752809
|move|p2a: Eternatus|Recover|p2a: Eternatus
|-heal|p2a: Eternatus|75/100
|move|p1a: Gilgamesh|Knock Off|p2a: Eternatus
|-damage|p2a: Eternatus|23/100
|
|upkeep
|turn|23
|
|t:|1627752819
|switch|p1a: Quetzalcoatl|Heatran, M|100/100
|-damage|p1a: Quetzalcoatl|88/100|[from] Stealth Rock
|move|p2a: Eternatus|Recover|p2a: Eternatus
|-heal|p2a: Eternatus|73/100
|
|-heal|p1a: Quetzalcoatl|94/100|[from] item: Leftovers
|upkeep
|turn|24
|
|t:|1627752825
|switch|p2a: Zygarde|Zygarde|88/100
|move|p1a: Quetzalcoatl|Stealth Rock|p2a: Zygarde
|-sidestart|p2: Jeran 重力|move: Stealth Rock
|
|-heal|p2a: Zygarde|94/100|[from] item: Leftovers
|-heal|p1a: Quetzalcoatl|100/100|[from] item: Leftovers
|upkeep
|turn|25
|
|t:|1627752832
|switch|p2a: Calyrex|Calyrex-Shadow|100/100
|-ability|p2a: Calyrex|As One
|-ability|p2a: Calyrex|Unnerve
|-damage|p2a: Calyrex|88/100|[from] Stealth Rock
|switch|p1a: Rin Tohsaka|Xerneas|56/100
|-damage|p1a: Rin Tohsaka|43/100|[from] Stealth Rock
|-ability|p1a: Rin Tohsaka|Fairy Aura
|
|-heal|p1a: Rin Tohsaka|50/100|[from] item: Leftovers
|upkeep
|turn|26
|
|t:|1627752835
|switch|p1a: Berserker|Umbreon, M|100/100
|-damage|p1a: Berserker|88/100|[from] Stealth Rock
|move|p2a: Calyrex|Astral Barrage|p1a: Berserker
|-resisted|p1a: Berserker
|-damage|p1a: Berserker|61/100
|
|-heal|p1a: Berserker|68/100|[from] item: Leftovers
|upkeep
|turn|27
|j| wesh papillon
|
|t:|1627752842
|switch|p2a: Ferrothorn|Ferrothorn, F|100/100
|-damage|p2a: Ferrothorn|94/100|[from] Stealth Rock
|move|p1a: Berserker|Wish|p1a: Berserker
|
|-heal|p1a: Berserker|74/100|[from] item: Leftovers
|-heal|p2a: Ferrothorn|100/100|[from] item: Leftovers
|upkeep
|turn|28
|
|t:|1627752850
|switch|p1a: Rin Tohsaka|Xerneas|50/100
|-damage|p1a: Rin Tohsaka|37/100|[from] Stealth Rock
|-ability|p1a: Rin Tohsaka|Fairy Aura
|move|p2a: Ferrothorn|Spikes|p1a: Rin Tohsaka
|-sidestart|p1: RIP_Player|Spikes
|
|-heal|p1a: Rin Tohsaka|80/100|[from] move: Wish|[wisher] Berserker
|-heal|p1a: Rin Tohsaka|86/100|[from] item: Leftovers
|upkeep
|turn|29
|
|t:|1627752857
|switch|p2a: Necrozma|Necrozma-Dusk-Mane|92/100
|-damage|p2a: Necrozma|86/100|[from] Stealth Rock
|move|p1a: Rin Tohsaka|Defog|p2a: Necrozma
|-unboost|p2a: Necrozma|evasion|1
|-sideend|p2: Jeran 重力|Stealth Rock|[from] move: Defog|[of] p1a: Rin Tohsaka
|-sideend|p1: RIP_Player|Spikes|[from] move: Defog|[of] p1a: Rin Tohsaka
|-sideend|p1: RIP_Player|Stealth Rock|[from] move: Defog|[of] p1a: Rin Tohsaka
|
|-heal|p1a: Rin Tohsaka|93/100|[from] item: Leftovers
|-heal|p2a: Necrozma|92/100|[from] item: Leftovers
|upkeep
|turn|30
|
|t:|1627752864
|switch|p1a: Berserker|Umbreon, M|74/100
|move|p2a: Necrozma|Stealth Rock|p1a: Berserker
|-sidestart|p1: RIP_Player|move: Stealth Rock
|
|-heal|p2a: Necrozma|98/100|[from] item: Leftovers
|-heal|p1a: Berserker|80/100|[from] item: Leftovers
|upkeep
|turn|31
|j| FOREST CAVE ????
|
|t:|1627752880
|switch|p2a: Ferrothorn|Ferrothorn, F|100/100
|move|p1a: Berserker|Toxic|p2a: Ferrothorn
|-immune|p2a: Ferrothorn
|
|-heal|p1a: Berserker|86/100|[from] item: Leftovers
|upkeep
|turn|32
|j| default0
|
|t:|1627752886
|switch|p1a: Quetzalcoatl|Heatran, M|100/100
|-damage|p1a: Quetzalcoatl|88/100|[from] Stealth Rock
|move|p2a: Ferrothorn|Leech Seed|p1a: Quetzalcoatl
|-start|p1a: Quetzalcoatl|move: Leech Seed
|
|-heal|p1a: Quetzalcoatl|94/100|[from] item: Leftovers
|-damage|p1a: Quetzalcoatl|82/100|[from] Leech Seed|[of] p2a: Ferrothorn
|upkeep
|turn|33
|
|t:|1627752892
|switch|p1a: Rin Tohsaka|Xerneas|93/100
|-damage|p1a: Rin Tohsaka|80/100|[from] Stealth Rock
|-ability|p1a: Rin Tohsaka|Fairy Aura
|switch|p2a: Zygarde|Zygarde|94/100
|
|-heal|p2a: Zygarde|100/100|[from] item: Leftovers
|-heal|p1a: Rin Tohsaka|86/100|[from] item: Leftovers
|upkeep
|turn|34
|
|t:|1627752903
|switch|p2a: Necrozma|Necrozma-Dusk-Mane|98/100
|move|p1a: Rin Tohsaka|Defog|p2a: Necrozma
|-unboost|p2a: Necrozma|evasion|1
|-sideend|p1: RIP_Player|Stealth Rock|[from] move: Defog|[of] p1a: Rin Tohsaka
|
|-heal|p1a: Rin Tohsaka|92/100|[from] item: Leftovers
|-heal|p2a: Necrozma|100/100|[from] item: Leftovers
|upkeep
|turn|35
|
|t:|1627752907
|switch|p1a: Gilgamesh|Yveltal|100/100
|-ability|p1a: Gilgamesh|Dark Aura
|move|p2a: Necrozma|Stealth Rock|p1a: Gilgamesh
|-sidestart|p1: RIP_Player|move: Stealth Rock
|
|upkeep
|turn|36
|l| wesh papillon
|j| D3STR0Y3R900
|l| OMFG guy
|inactive|RIP_Player has 120 seconds left.
|
|t:|1627752961
|switch|p2a: Eternatus|Eternatus|73/100
|-ability|p2a: Eternatus|Pressure
|move|p1a: Gilgamesh|Knock Off|p2a: Eternatus
|-damage|p2a: Eternatus|27/100
|
|upkeep
|turn|37
|
|t:|1627752966
|move|p2a: Eternatus|Recover|p2a: Eternatus
|-heal|p2a: Eternatus|77/100
|move|p1a: Gilgamesh|Knock Off|p2a: Eternatus
|-damage|p2a: Eternatus|23/100
|
|upkeep
|turn|38
|
|t:|1627752968
|switch|p1a: Quetzalcoatl|Heatran, M|82/100
|-damage|p1a: Quetzalcoatl|69/100|[from] Stealth Rock
|move|p2a: Eternatus|Recover|p2a: Eternatus
|-heal|p2a: Eternatus|73/100
|
|-heal|p1a: Quetzalcoatl|76/100|[from] item: Leftovers
|upkeep
|turn|39
|c| Omarinator|not this again
|
|t:|1627752977
|switch|p2a: Zygarde|Zygarde|100/100
|move|p1a: Quetzalcoatl|Stealth Rock|p2a: Zygarde
|-sidestart|p2: Jeran 重力|move: Stealth Rock
|
|-heal|p1a: Quetzalcoatl|82/100|[from] item: Leftovers
|upkeep
|turn|40
|
|t:|1627752983
|switch|p2a: Calyrex|Calyrex-Shadow|88/100
|-ability|p2a: Calyrex|As One
|-ability|p2a: Calyrex|Unnerve
|-damage|p2a: Calyrex|76/100|[from] Stealth Rock
|switch|p1a: Rin Tohsaka|Xerneas|92/100
|-damage|p1a: Rin Tohsaka|80/100|[from] Stealth Rock
|-ability|p1a: Rin Tohsaka|Fairy Aura
|
|-heal|p1a: Rin Tohsaka|86/100|[from] item: Leftovers
|upkeep
|turn|41
|
|t:|1627752985
|switch|p1a: Emiya Archer|Marshadow|100/100
|-damage|p1a: Emiya Archer|94/100|[from] Stealth Rock
|move|p2a: Calyrex|Trick|p1a: Emiya Archer
|-activate|p2a: Calyrex|move: Trick|[of] p1a: Emiya Archer
|-item|p1a: Emiya Archer|Choice Specs|[from] move: Trick
|-item|p2a: Calyrex|Focus Sash|[from] move: Trick
|
|upkeep
|turn|42
|c| xxmubasherxx|long ass battle
|
|t:|1627753013
|switch|p2a: Ferrothorn|Ferrothorn, F|100/100
|-damage|p2a: Ferrothorn|94/100|[from] Stealth Rock
|move|p1a: Emiya Archer|Close Combat|p2a: Ferrothorn
|-supereffective|p2a: Ferrothorn
|-damage|p2a: Ferrothorn|25/100
|-unboost|p1a: Emiya Archer|def|1
|-unboost|p1a: Emiya Archer|spd|1
|-damage|p1a: Emiya Archer|82/100|[from] ability: Iron Barbs|[of] p2a: Ferrothorn
|
|-heal|p2a: Ferrothorn|32/100|[from] item: Leftovers
|upkeep
|turn|43
|inactive|RIP_Player has 120 seconds left.
|
|t:|1627753032
|switch|p1a: Gilgamesh|Yveltal|100/100
|-damage|p1a: Gilgamesh|76/100|[from] Stealth Rock
|-ability|p1a: Gilgamesh|Dark Aura
|switch|p2a: Calyrex|Calyrex-Shadow|76/100
|-ability|p2a: Calyrex|As One
|-ability|p2a: Calyrex|Unnerve
|-damage|p2a: Calyrex|64/100|[from] Stealth Rock
|
|upkeep
|turn|44
|
|t:|1627753042
|switch|p2a: Eternatus|Eternatus|73/100
|-damage|p2a: Eternatus|61/100|[from] Stealth Rock
|-ability|p2a: Eternatus|Pressure
|move|p1a: Gilgamesh|Knock Off|p2a: Eternatus
|-damage|p2a: Eternatus|13/100
|
|upkeep
|turn|45
|j| ThrohValencia
|
|t:|1627753048
|move|p2a: Eternatus|Recover|p2a: Eternatus
|-heal|p2a: Eternatus|63/100
|move|p1a: Gilgamesh|Knock Off|p2a: Eternatus
|-damage|p2a: Eternatus|9/100
|
|upkeep
|turn|46
|
|t:|1627753053
|move|p2a: Eternatus|Recover|p2a: Eternatus
|-heal|p2a: Eternatus|59/100
|move|p1a: Gilgamesh|Knock Off|p2a: Eternatus
|-damage|p2a: Eternatus|6/100
|
|upkeep
|turn|47
|l| D3STR0Y3R900
|
|t:|1627753057
|move|p2a: Eternatus|Recover|p2a: Eternatus
|-heal|p2a: Eternatus|56/100
|move|p1a: Gilgamesh|Knock Off|p2a: Eternatus
|-damage|p2a: Eternatus|4/100
|
|upkeep
|turn|48
|
|t:|1627753061
|move|p2a: Eternatus|Recover|p2a: Eternatus
|-heal|p2a: Eternatus|54/100
|move|p1a: Gilgamesh|Knock Off|p2a: Eternatus
|-damage|p2a: Eternatus|5/100
|
|upkeep
|turn|49
|
|t:|1627753076
|switch|p1a: Quetzalcoatl|Heatran, M|82/100
|-damage|p1a: Quetzalcoatl|69/100|[from] Stealth Rock
|move|p2a: Eternatus|Recover|p2a: Eternatus
|-heal|p2a: Eternatus|55/100
|
|-heal|p1a: Quetzalcoatl|76/100|[from] item: Leftovers
|upkeep
|turn|50
|
|t:|1627753089
|switch|p2a: Zygarde|Zygarde|100/100
|-damage|p2a: Zygarde|94/100|[from] Stealth Rock
|move|p1a: Quetzalcoatl|Lava Plume|p2a: Zygarde
|-resisted|p2a: Zygarde
|-damage|p2a: Zygarde|79/100
|-status|p2a: Zygarde|brn
|
|-heal|p2a: Zygarde|85/100 brn|[from] item: Leftovers
|-heal|p1a: Quetzalcoatl|82/100|[from] item: Leftovers
|-damage|p2a: Zygarde|79/100 brn|[from] brn
|upkeep
|turn|51
|
|t:|1627753097
|switch|p1a: Rin Tohsaka|Xerneas|86/100
|-damage|p1a: Rin Tohsaka|74/100|[from] Stealth Rock
|-ability|p1a: Rin Tohsaka|Fairy Aura
|move|p2a: Zygarde|Thousand Arrows|p1a: Rin Tohsaka
|-damage|p1a: Rin Tohsaka|64/100
|
|-heal|p2a: Zygarde|85/100 brn|[from] item: Leftovers
|-heal|p1a: Rin Tohsaka|70/100|[from] item: Leftovers
|-damage|p2a: Zygarde|79/100 brn|[from] brn
|upkeep
|turn|52
|
|t:|1627753108
|switch|p2a: Necrozma|Necrozma-Dusk-Mane|100/100
|-damage|p2a: Necrozma|94/100|[from] Stealth Rock
|move|p1a: Rin Tohsaka|Thunder Wave|p2a: Necrozma
|-status|p2a: Necrozma|par
|
|-heal|p1a: Rin Tohsaka|76/100|[from] item: Leftovers
|-heal|p2a: Necrozma|100/100 par|[from] item: Leftovers
|upkeep
|turn|53
|j| OMFG guy
|
|t:|1627753114
|move|p1a: Rin Tohsaka|Defog|p2a: Necrozma
|-unboost|p2a: Necrozma|evasion|1
|-sideend|p2: Jeran 重力|Stealth Rock|[from] move: Defog|[of] p1a: Rin Tohsaka
|-sideend|p1: RIP_Player|Stealth Rock|[from] move: Defog|[of] p1a: Rin Tohsaka
|move|p2a: Necrozma|Thunder Wave|p1a: Rin Tohsaka
|-status|p1a: Rin Tohsaka|par
|
|-heal|p1a: Rin Tohsaka|82/100 par|[from] item: Leftovers
|upkeep
|turn|54
|
|t:|1627753120
|switch|p2a: Calyrex|Calyrex-Shadow|64/100
|-ability|p2a: Calyrex|As One
|-ability|p2a: Calyrex|Unnerve
|move|p1a: Rin Tohsaka|Aromatherapy|p1a: Rin Tohsaka
|-activate|p1a: Rin Tohsaka|move: Aromatherapy
|-curestatus|p1a: Rin Tohsaka|par|[msg]
|-curestatus|p1: Gilles de Rais|par|[msg]
|
|-heal|p1a: Rin Tohsaka|88/100|[from] item: Leftovers
|upkeep
|turn|55
|
|t:|1627753125
|switch|p1a: Berserker|Umbreon, M|86/100
|move|p2a: Calyrex|Trick|p1a: Berserker
|-activate|p2a: Calyrex|move: Trick|[of] p1a: Berserker
|-item|p1a: Berserker|Focus Sash|[from] move: Trick
|-item|p2a: Calyrex|Leftovers|[from] move: Trick
|
|-heal|p2a: Calyrex|70/100|[from] item: Leftovers
|upkeep
|turn|56
|
|t:|1627753134
|switch|p2a: Ferrothorn|Ferrothorn, F|32/100
|move|p1a: Berserker|Wish|p1a: Berserker
|
|-heal|p2a: Ferrothorn|38/100|[from] item: Leftovers
|upkeep
|turn|57
|
|t:|1627753138
|switch|p1a: Quetzalcoatl|Heatran, M|82/100
|move|p2a: Ferrothorn|Body Press|p1a: Quetzalcoatl
|-supereffective|p1a: Quetzalcoatl
|-crit|p1a: Quetzalcoatl
|-damage|p1a: Quetzalcoatl|2/100
|
|-heal|p1a: Quetzalcoatl|53/100|[from] move: Wish|[wisher] Berserker
|-heal|p1a: Quetzalcoatl|59/100|[from] item: Leftovers
|-heal|p2a: Ferrothorn|44/100|[from] item: Leftovers
|upkeep
|turn|58
|l| xxmubasherxx
|
|t:|1627753153
|switch|p2a: Zygarde|Zygarde|79/100 brn
|move|p1a: Quetzalcoatl|Magma Storm|p2a: Zygarde|[miss]
|-miss|p1a: Quetzalcoatl|p2a: Zygarde
|
|-heal|p2a: Zygarde|85/100 brn|[from] item: Leftovers
|-heal|p1a: Quetzalcoatl|65/100|[from] item: Leftovers
|-damage|p2a: Zygarde|79/100 brn|[from] brn
|upkeep
|turn|59
|
|t:|1627753156
|switch|p1a: Rin Tohsaka|Xerneas|88/100
|-ability|p1a: Rin Tohsaka|Fairy Aura
|move|p2a: Zygarde|Thousand Arrows|p1a: Rin Tohsaka
|-damage|p1a: Rin Tohsaka|78/100
|
|-heal|p2a: Zygarde|85/100 brn|[from] item: Leftovers
|-heal|p1a: Rin Tohsaka|84/100|[from] item: Leftovers
|-damage|p2a: Zygarde|79/100 brn|[from] brn
|upkeep
|turn|60
|
|t:|1627753171
|switch|p1a: Emiya Archer|Marshadow|82/100
|move|p2a: Zygarde|Thousand Arrows|p1a: Emiya Archer
|-damage|p1a: Emiya Archer|57/100
|
|-heal|p2a: Zygarde|85/100 brn|[from] item: Leftovers
|-damage|p2a: Zygarde|79/100 brn|[from] brn
|upkeep
|turn|61
|
|t:|1627753186
|switch|p2a: Yveltal|Yveltal|100/100
|-ability|p2a: Yveltal|Dark Aura
|move|p1a: Emiya Archer|Spectral Thief|p2a: Yveltal
|-resisted|p2a: Yveltal
|-damage|p2a: Yveltal|80/100
|
|upkeep
|turn|62
|
|t:|1627753193
|switch|p1a: Gilgamesh|Yveltal|76/100
|-ability|p1a: Gilgamesh|Dark Aura
|move|p2a: Yveltal|U-turn|p1a: Gilgamesh
|-damage|p1a: Gilgamesh|58/100
|j| Meminger21
|
|t:|1627753202
|switch|p2a: Eternatus|Eternatus|55/100|[from]move: U-turn
|-ability|p2a: Eternatus|Pressure
|
|upkeep
|turn|63
|
|t:|1627753205
|move|p2a: Eternatus|Dynamax Cannon|p1a: Gilgamesh
|-damage|p1a: Gilgamesh|18/100
|move|p1a: Gilgamesh|Dual Wingbeat|p2a: Eternatus
|-damage|p2a: Eternatus|31/100
|-damage|p2a: Eternatus|8/100
|-hitcount|p2a: Eternatus|2
|
|upkeep
|turn|64
|l| des121
|c| OMFG guy|This will take more than 100 turns
|
|t:|1627753221
|switch|p1a: Quetzalcoatl|Heatran, M|65/100
|move|p2a: Eternatus|Dynamax Cannon|p1a: Quetzalcoatl
|-resisted|p1a: Quetzalcoatl
|-damage|p1a: Quetzalcoatl|51/100
|
|-heal|p1a: Quetzalcoatl|57/100|[from] item: Leftovers
|upkeep
|turn|65
|
|t:|1627753240
|switch|p2a: Zygarde|Zygarde|79/100 brn
|move|p1a: Quetzalcoatl|Magma Storm|p2a: Zygarde
|-resisted|p2a: Zygarde
|-damage|p2a: Zygarde|56/100 brn
|-activate|p2a: Zygarde|move: Magma Storm|[of] p1a: Quetzalcoatl
|
|-heal|p2a: Zygarde|62/100 brn|[from] item: Leftovers
|-heal|p1a: Quetzalcoatl|63/100|[from] item: Leftovers
|-damage|p2a: Zygarde|56/100 brn|[from] brn
|-damage|p2a: Zygarde|43/100 brn|[from] move: Magma Storm|[partiallytrapped]
|-activate|p2a: Zygarde|ability: Power Construct
|detailschange|p2a: Zygarde|Zygarde-Complete
|-heal|p2a: Zygarde|65/100 brn|[silent]
|upkeep
|turn|66
|j|^ihavebestsandteam
|inactive|RIP_Player has 120 seconds left.
|
|t:|1627753277
|switch|p1a: Rin Tohsaka|Xerneas|84/100
|-ability|p1a: Rin Tohsaka|Fairy Aura
|move|p2a: Zygarde|Thousand Arrows|p1a: Rin Tohsaka
|-damage|p1a: Rin Tohsaka|74/100
|
|-heal|p2a: Zygarde|71/100 brn|[from] item: Leftovers
|-heal|p1a: Rin Tohsaka|81/100|[from] item: Leftovers
|-damage|p2a: Zygarde|65/100 brn|[from] brn
|-end|p2a: Zygarde|Magma Storm|[partiallytrapped]|[silent]
|upkeep
|turn|67
|inactive|RIP_Player has 120 seconds left.
|
|t:|1627753295
|switch|p2a: Necrozma|Necrozma-Dusk-Mane|100/100 par
|switch|p1a: Quetzalcoatl|Heatran, M|63/100
|
|-heal|p1a: Quetzalcoatl|70/100|[from] item: Leftovers
|upkeep
|turn|68
|
|t:|1627753304
|move|p1a: Quetzalcoatl|Magma Storm|p2a: Necrozma|[miss]
|-miss|p1a: Quetzalcoatl|p2a: Necrozma
|cant|p2a: Necrozma|par
|
|-heal|p1a: Quetzalcoatl|76/100|[from] item: Leftovers
|upkeep
|turn|69
|
|t:|1627753312
|move|p1a: Quetzalcoatl|Magma Storm|p2a: Necrozma
|-supereffective|p2a: Necrozma
|-damage|p2a: Necrozma|63/100 par
|-activate|p2a: Necrozma|move: Magma Storm|[of] p1a: Quetzalcoatl
|move|p2a: Necrozma|Stealth Rock|p1a: Quetzalcoatl
|-sidestart|p1: RIP_Player|move: Stealth Rock
|
|-heal|p1a: Quetzalcoatl|82/100|[from] item: Leftovers
|-heal|p2a: Necrozma|69/100 par|[from] item: Leftovers
|-damage|p2a: Necrozma|57/100 par|[from] move: Magma Storm|[partiallytrapped]
|upkeep
|turn|70
|inactive|RIP_Player has 120 seconds left.
|
|t:|1627753328
|move|p1a: Quetzalcoatl|Lava Plume|p2a: Necrozma
|-supereffective|p2a: Necrozma
|-damage|p2a: Necrozma|26/100 par
|move|p2a: Necrozma|Morning Sun|p2a: Necrozma
|-heal|p2a: Necrozma|76/100 par
|
|-heal|p1a: Quetzalcoatl|88/100|[from] item: Leftovers
|-heal|p2a: Necrozma|82/100 par|[from] item: Leftovers
|-damage|p2a: Necrozma|69/100 par|[from] move: Magma Storm|[partiallytrapped]
|upkeep
|turn|71
|c| OMFG guy|Come on Jeran 重力 u got this
|
|t:|1627753338
|move|p1a: Quetzalcoatl|Magma Storm|p2a: Necrozma
|-supereffective|p2a: Necrozma
|-damage|p2a: Necrozma|32/100 par
|cant|p2a: Necrozma|par
|
|-heal|p1a: Quetzalcoatl|95/100|[from] item: Leftovers
|-heal|p2a: Necrozma|38/100 par|[from] item: Leftovers
|-damage|p2a: Necrozma|25/100 par|[from] move: Magma Storm|[partiallytrapped]
|upkeep
|turn|72
|
|t:|1627753343
|move|p1a: Quetzalcoatl|Lava Plume|p2a: Necrozma
|-supereffective|p2a: Necrozma
|-damage|p2a: Necrozma|0 fnt
|faint|p2a: Necrozma
|
|-heal|p1a: Quetzalcoatl|100/100|[from] item: Leftovers
|upkeep
|c| Omarinator|NOOOO MORE RECOVERY D:
|j| erickpro20
|
|t:|1627753350
|switch|p2a: Zygarde|Zygarde-Complete|65/100 brn
|turn|73
|
|t:|1627753354
|switch|p2a: Calyrex|Calyrex-Shadow|70/100
|-ability|p2a: Calyrex|As One
|-ability|p2a: Calyrex|Unnerve
|switch|p1a: Rin Tohsaka|Xerneas|81/100
|-damage|p1a: Rin Tohsaka|68/100|[from] Stealth Rock
|-ability|p1a: Rin Tohsaka|Fairy Aura
|
|-heal|p2a: Calyrex|76/100|[from] item: Leftovers
|-heal|p1a: Rin Tohsaka|74/100|[from] item: Leftovers
|upkeep
|turn|74
|l| erickpro20
|j| Tayro117
|
|t:|1627753363
|switch|p1a: Berserker|Umbreon, M|86/100
|-damage|p1a: Berserker|73/100|[from] Stealth Rock
|move|p2a: Calyrex|Nasty Plot|p2a: Calyrex
|-boost|p2a: Calyrex|spa|2
|
|-heal|p2a: Calyrex|82/100|[from] item: Leftovers
|upkeep
|turn|75
|
|t:|1627753372
|switch|p2a: Ferrothorn|Ferrothorn, F|44/100
|move|p1a: Berserker|Foul Play|p2a: Ferrothorn
|-damage|p2a: Ferrothorn|30/100
|-damage|p1a: Berserker|61/100|[from] ability: Iron Barbs|[of] p2a: Ferrothorn
|
|-heal|p2a: Ferrothorn|37/100|[from] item: Leftovers
|upkeep
|turn|76
|
|t:|1627753380
|move|p1a: Berserker|Wish|p1a: Berserker
|move|p2a: Ferrothorn|Leech Seed|p1a: Berserker
|-start|p1a: Berserker|move: Leech Seed
|
|-heal|p2a: Ferrothorn|43/100|[from] item: Leftovers
|-damage|p1a: Berserker|48/100|[from] Leech Seed|[of] p2a: Ferrothorn
|-heal|p2a: Ferrothorn|57/100|[silent]
|upkeep
|turn|77
|
|t:|1627753389
|switch|p1a: Rin Tohsaka|Xerneas|74/100
|-damage|p1a: Rin Tohsaka|62/100|[from] Stealth Rock
|-ability|p1a: Rin Tohsaka|Fairy Aura
|switch|p2a: Calyrex|Calyrex-Shadow|82/100
|-ability|p2a: Calyrex|As One
|-ability|p2a: Calyrex|Unnerve
|
|-heal|p1a: Rin Tohsaka|100/100|[from] move: Wish|[wisher] Berserker
|-heal|p2a: Calyrex|88/100|[from] item: Leftovers
|upkeep
|turn|78
|
|t:|1627753396
|switch|p1a: Gilgamesh|Yveltal|18/100
|-damage|p1a: Gilgamesh|0 fnt|[from] Stealth Rock
|faint|p1a: Gilgamesh
|move|p2a: Calyrex|Nasty Plot|p2a: Calyrex
|-boost|p2a: Calyrex|spa|2
|
|-heal|p2a: Calyrex|94/100|[from] item: Leftovers
|upkeep
|
|t:|1627753399
|switch|p1a: Berserker|Umbreon, M|48/100
|-damage|p1a: Berserker|36/100|[from] Stealth Rock
|turn|79
|j| erickpro20
|inactive|Jeran 重力 has 120 seconds left.
|j| Paulao Bacanao
|c| Paulao Bacanao|VAI RIPE
|inactive|Jeran 重力 has 90 seconds left.
|
|t:|1627753463
|switch|p1a: Gilles de Rais|Toxapex, F|100/100
|-damage|p1a: Gilles de Rais|88/100|[from] Stealth Rock
|move|p2a: Calyrex|Astral Barrage|p1a: Gilles de Rais
|-damage|p1a: Gilles de Rais|0 fnt
|faint|p1a: Gilles de Rais
|-ability|p2a: Calyrex|Grim Neigh|boost
|-boost|p2a: Calyrex|spa|1
|
|-heal|p2a: Calyrex|100/100|[from] item: Leftovers
|upkeep
|
|t:|1627753473
|switch|p1a: Emiya Archer|Marshadow|57/100
|-damage|p1a: Emiya Archer|51/100|[from] Stealth Rock
|turn|80
|
|t:|1627753480
|switch|p2a: Ferrothorn|Ferrothorn, F|57/100
|move|p1a: Emiya Archer|Shadow Sneak|p2a: Ferrothorn
|-damage|p2a: Ferrothorn|39/100
|-damage|p1a: Emiya Archer|38/100|[from] ability: Iron Barbs|[of] p2a: Ferrothorn
|
|-heal|p2a: Ferrothorn|46/100|[from] item: Leftovers
|upkeep
|turn|81
|
|t:|1627753488
|switch|p1a: Quetzalcoatl|Heatran, M|100/100
|-damage|p1a: Quetzalcoatl|88/100|[from] Stealth Rock
|move|p2a: Ferrothorn|Leech Seed|p1a: Quetzalcoatl
|-start|p1a: Quetzalcoatl|move: Leech Seed
|
|-heal|p1a: Quetzalcoatl|94/100|[from] item: Leftovers
|-heal|p2a: Ferrothorn|52/100|[from] item: Leftovers
|-damage|p1a: Quetzalcoatl|82/100|[from] Leech Seed|[of] p2a: Ferrothorn
|-heal|p2a: Ferrothorn|66/100|[silent]
|upkeep
|turn|82
|
|t:|1627753495
|switch|p2a: Calyrex|Calyrex-Shadow|100/100
|-ability|p2a: Calyrex|As One
|-ability|p2a: Calyrex|Unnerve
|move|p1a: Quetzalcoatl|Stealth Rock|p2a: Calyrex
|-sidestart|p2: Jeran 重力|move: Stealth Rock
|
|-heal|p1a: Quetzalcoatl|88/100|[from] item: Leftovers
|-damage|p1a: Quetzalcoatl|76/100|[from] Leech Seed|[of] p2a: Calyrex
|upkeep
|turn|83
|
|t:|1627753508
|switch|p1a: Berserker|Umbreon, M|36/100
|-damage|p1a: Berserker|24/100|[from] Stealth Rock
|move|p2a: Calyrex|Astral Barrage|p1a: Berserker
|-resisted|p1a: Berserker
|-damage|p1a: Berserker|4/100
|
|upkeep
|turn|84
|
|t:|1627753515
|move|p2a: Calyrex|Astral Barrage|p1a: Berserker
|-resisted|p1a: Berserker
|-damage|p1a: Berserker|0 fnt
|faint|p1a: Berserker
|-ability|p2a: Calyrex|Grim Neigh|boost
|-boost|p2a: Calyrex|spa|1
|
|upkeep
|
|t:|1627753518
|switch|p1a: Emiya Archer|Marshadow|38/100
|-damage|p1a: Emiya Archer|32/100|[from] Stealth Rock
|turn|85
|inactive|Jeran 重力 has 120 seconds left.
|
|t:|1627753537
|switch|p2a: Eternatus|Eternatus|8/100
|-damage|p2a: Eternatus|0 fnt|[from] Stealth Rock
|faint|p2a: Eternatus
|move|p1a: Emiya Archer|Close Combat|p2: Eternatus|[notarget]
|-fail|p1a: Emiya Archer
|
|upkeep
|
|t:|1627753540
|switch|p2a: Calyrex|Calyrex-Shadow|100/100
|-ability|p2a: Calyrex|As One
|-ability|p2a: Calyrex|Unnerve
|-damage|p2a: Calyrex|88/100|[from] Stealth Rock
|turn|86
|c| Paulao Bacanao|come o rabo desse gringo
|
|t:|1627753549
|switch|p1a: Quetzalcoatl|Heatran, M|76/100
|-damage|p1a: Quetzalcoatl|63/100|[from] Stealth Rock
|move|p2a: Calyrex|Nasty Plot|p2a: Calyrex
|-boost|p2a: Calyrex|spa|2
|
|-heal|p2a: Calyrex|94/100|[from] item: Leftovers
|-heal|p1a: Quetzalcoatl|69/100|[from] item: Leftovers
|upkeep
|turn|87
|
|t:|1627753557
|move|p2a: Calyrex|Astral Barrage|p1a: Quetzalcoatl
|-damage|p1a: Quetzalcoatl|0 fnt
|faint|p1a: Quetzalcoatl
|-ability|p2a: Calyrex|Grim Neigh|boost
|-boost|p2a: Calyrex|spa|1
|
|-heal|p2a: Calyrex|100/100|[from] item: Leftovers
|upkeep
|
|t:|1627753559
|switch|p1a: Emiya Archer|Marshadow|32/100
|-damage|p1a: Emiya Archer|26/100|[from] Stealth Rock
|turn|88
|
|t:|1627753571
|switch|p2a: Zygarde|Zygarde-Complete|65/100 brn
|-damage|p2a: Zygarde|59/100 brn|[from] Stealth Rock
|move|p1a: Emiya Archer|Shadow Sneak|p2a: Zygarde
|-damage|p2a: Zygarde|45/100 brn
|
|-heal|p2a: Zygarde|52/100 brn|[from] item: Leftovers
|-damage|p2a: Zygarde|45/100 brn|[from] brn
|upkeep
|turn|89
|
|t:|1627753577
|switch|p1a: Rin Tohsaka|Xerneas|100/100
|-damage|p1a: Rin Tohsaka|88/100|[from] Stealth Rock
|-ability|p1a: Rin Tohsaka|Fairy Aura
|switch|p2a: Ferrothorn|Ferrothorn, F|66/100
|-damage|p2a: Ferrothorn|59/100|[from] Stealth Rock
|
|-heal|p1a: Rin Tohsaka|94/100|[from] item: Leftovers
|-heal|p2a: Ferrothorn|66/100|[from] item: Leftovers
|upkeep
|turn|90
|
|t:|1627753587
|move|p1a: Rin Tohsaka|Thunder Wave|p2a: Ferrothorn
|-status|p2a: Ferrothorn|par
|move|p2a: Ferrothorn|Leech Seed|p1a: Rin Tohsaka
|-start|p1a: Rin Tohsaka|move: Leech Seed
|
|-heal|p1a: Rin Tohsaka|99/100|[from] item: Leftovers
|-heal|p2a: Ferrothorn|72/100 par|[from] item: Leftovers
|-damage|p1a: Rin Tohsaka|88/100|[from] Leech Seed|[of] p2a: Ferrothorn
|-heal|p2a: Ferrothorn|88/100 par|[silent]
|upkeep
|turn|91
|
|t:|1627753594
|move|p1a: Rin Tohsaka|Defog|p2a: Ferrothorn
|-unboost|p2a: Ferrothorn|evasion|1
|-sideend|p2: Jeran 重力|Stealth Rock|[from] move: Defog|[of] p1a: Rin Tohsaka
|-sideend|p1: RIP_Player|Stealth Rock|[from] move: Defog|[of] p1a: Rin Tohsaka
|move|p2a: Ferrothorn|Leech Seed||[still]
|-fail|p2a: Ferrothorn
|
|-heal|p1a: Rin Tohsaka|94/100|[from] item: Leftovers
|-heal|p2a: Ferrothorn|94/100 par|[from] item: Leftovers
|-damage|p1a: Rin Tohsaka|81/100|[from] Leech Seed|[of] p2a: Ferrothorn
|-heal|p2a: Ferrothorn|100/100 par|[silent]
|upkeep
|turn|92
|
|t:|1627753602
|switch|p1a: Emiya Archer|Marshadow|26/100
|move|p2a: Ferrothorn|Leech Seed|p1a: Emiya Archer
|-start|p1a: Emiya Archer|move: Leech Seed
|
|-damage|p1a: Emiya Archer|13/100|[from] Leech Seed|[of] p2a: Ferrothorn
|upkeep
|turn|93
|
|t:|1627753606
|switch|p2a: Yveltal|Yveltal|80/100
|-ability|p2a: Yveltal|Dark Aura
|move|p1a: Emiya Archer|Close Combat|p2a: Yveltal
|-damage|p2a: Yveltal|34/100
|-unboost|p1a: Emiya Archer|def|1
|-unboost|p1a: Emiya Archer|spd|1
|
|-damage|p1a: Emiya Archer|1/100|[from] Leech Seed|[of] p2a: Yveltal
|-heal|p2a: Yveltal|43/100|[silent]
|upkeep
|turn|94
|
|t:|1627753611
|switch|p1a: Rin Tohsaka|Xerneas|81/100
|-ability|p1a: Rin Tohsaka|Fairy Aura
|switch|p2a: Calyrex|Calyrex-Shadow|100/100
|-ability|p2a: Calyrex|As One
|-ability|p2a: Calyrex|Unnerve
|
|-heal|p1a: Rin Tohsaka|88/100|[from] item: Leftovers
|upkeep
|turn|95
|j| sma890
|
|t:|1627753616
|switch|p2a: Ferrothorn|Ferrothorn, F|100/100 par
|move|p1a: Rin Tohsaka|Thunder Wave|p2a: Ferrothorn
|-fail|p2a: Ferrothorn|par
|
|-heal|p1a: Rin Tohsaka|94/100|[from] item: Leftovers
|upkeep
|turn|96
|
|t:|1627753619
|move|p1a: Rin Tohsaka|Moonblast|p2a: Ferrothorn
|-resisted|p2a: Ferrothorn
|-damage|p2a: Ferrothorn|78/100 par
|-unboost|p2a: Ferrothorn|spa|1
|move|p2a: Ferrothorn|Leech Seed|p1a: Rin Tohsaka
|-start|p1a: Rin Tohsaka|move: Leech Seed
|
|-heal|p1a: Rin Tohsaka|99/100|[from] item: Leftovers
|-heal|p2a: Ferrothorn|84/100 par|[from] item: Leftovers
|-damage|p1a: Rin Tohsaka|87/100|[from] Leech Seed|[of] p2a: Ferrothorn
|-heal|p2a: Ferrothorn|99/100 par|[silent]
|upkeep
|turn|97
|
|t:|1627753629
|move|p1a: Rin Tohsaka|Moonblast|p2a: Ferrothorn
|-resisted|p2a: Ferrothorn
|-damage|p2a: Ferrothorn|77/100 par
|move|p2a: Ferrothorn|Leech Seed||[still]
|-fail|p2a: Ferrothorn
|
|-heal|p1a: Rin Tohsaka|93/100|[from] item: Leftovers
|-heal|p2a: Ferrothorn|83/100 par|[from] item: Leftovers
|-damage|p1a: Rin Tohsaka|81/100|[from] Leech Seed|[of] p2a: Ferrothorn
|-heal|p2a: Ferrothorn|99/100 par|[silent]
|upkeep
|turn|98
|l| sma890
|
|t:|1627753637
|switch|p1a: Emiya Archer|Marshadow|1/100
|move|p2a: Ferrothorn|Spikes|p1a: Emiya Archer
|-sidestart|p1: RIP_Player|Spikes
|
|-heal|p2a: Ferrothorn|100/100 par|[from] item: Leftovers
|upkeep
|turn|99
|
|t:|1627753647
|move|p1a: Emiya Archer|Close Combat|p2a: Ferrothorn
|-supereffective|p2a: Ferrothorn
|-damage|p2a: Ferrothorn|28/100 par
|-unboost|p1a: Emiya Archer|def|1
|-unboost|p1a: Emiya Archer|spd|1
|-damage|p1a: Emiya Archer|0 fnt|[from] ability: Iron Barbs|[of] p2a: Ferrothorn
|faint|p1a: Emiya Archer
|move|p2a: Ferrothorn|Spikes|p1: Emiya Archer
|-sidestart|p1: RIP_Player|Spikes
|
|-heal|p2a: Ferrothorn|35/100 par|[from] item: Leftovers
|upkeep
|
|t:|1627753651
|switch|p1a: Rin Tohsaka|Xerneas|81/100
|-damage|p1a: Rin Tohsaka|64/100|[from] Spikes
|-ability|p1a: Rin Tohsaka|Fairy Aura
|turn|100
|
|t:|1627753653
|move|p1a: Rin Tohsaka|Moonblast|p2a: Ferrothorn
|-resisted|p2a: Ferrothorn
|-damage|p2a: Ferrothorn|14/100 par
|move|p2a: Ferrothorn|Leech Seed|p1a: Rin Tohsaka
|-start|p1a: Rin Tohsaka|move: Leech Seed
|
|-heal|p1a: Rin Tohsaka|70/100|[from] item: Leftovers
|-heal|p2a: Ferrothorn|20/100 par|[from] item: Leftovers
|-damage|p1a: Rin Tohsaka|58/100|[from] Leech Seed|[of] p2a: Ferrothorn
|-heal|p2a: Ferrothorn|36/100 par|[silent]
|upkeep
|turn|101
|c| OMFG guy|Gg
|
|t:|1627753659
|move|p1a: Rin Tohsaka|Moonblast|p2a: Ferrothorn
|-resisted|p2a: Ferrothorn
|-damage|p2a: Ferrothorn|13/100 par
|move|p2a: Ferrothorn|Body Press|p1a: Rin Tohsaka
|-resisted|p1a: Rin Tohsaka
|-damage|p1a: Rin Tohsaka|49/100
|
|-heal|p1a: Rin Tohsaka|55/100|[from] item: Leftovers
|-heal|p2a: Ferrothorn|19/100 par|[from] item: Leftovers
|-damage|p1a: Rin Tohsaka|43/100|[from] Leech Seed|[of] p2a: Ferrothorn
|-heal|p2a: Ferrothorn|35/100 par|[silent]
|upkeep
|turn|102
|j| sceptile008
|l| erickpro20
|n| BTS IS ASS|forestcave
|
|t:|1627753666
|move|p1a: Rin Tohsaka|Moonblast|p2a: Ferrothorn
|-resisted|p2a: Ferrothorn
|-damage|p2a: Ferrothorn|12/100 par
|move|p2a: Ferrothorn|Body Press|p1a: Rin Tohsaka
|-resisted|p1a: Rin Tohsaka
|-damage|p1a: Rin Tohsaka|34/100
|
|-heal|p1a: Rin Tohsaka|40/100|[from] item: Leftovers
|-heal|p2a: Ferrothorn|18/100 par|[from] item: Leftovers
|-damage|p1a: Rin Tohsaka|28/100|[from] Leech Seed|[of] p2a: Ferrothorn
|-heal|p2a: Ferrothorn|34/100 par|[silent]
|upkeep
|turn|103
|
|t:|1627753669
|move|p1a: Rin Tohsaka|Moonblast|p2a: Ferrothorn
|-resisted|p2a: Ferrothorn
|-damage|p2a: Ferrothorn|13/100 par
|move|p2a: Ferrothorn|Body Press|p1a: Rin Tohsaka
|-resisted|p1a: Rin Tohsaka
|-damage|p1a: Rin Tohsaka|20/100
|
|-heal|p1a: Rin Tohsaka|26/100|[from] item: Leftovers
|-heal|p2a: Ferrothorn|20/100 par|[from] item: Leftovers
|-damage|p1a: Rin Tohsaka|13/100|[from] Leech Seed|[of] p2a: Ferrothorn
|-heal|p2a: Ferrothorn|36/100 par|[silent]
|upkeep
|turn|104
|
|t:|1627753671
|move|p1a: Rin Tohsaka|Moonblast|p2a: Ferrothorn
|-resisted|p2a: Ferrothorn
|-damage|p2a: Ferrothorn|13/100 par
|cant|p2a: Ferrothorn|par
|
|-heal|p1a: Rin Tohsaka|20/100|[from] item: Leftovers
|-heal|p2a: Ferrothorn|19/100 par|[from] item: Leftovers
|-damage|p1a: Rin Tohsaka|7/100|[from] Leech Seed|[of] p2a: Ferrothorn
|-heal|p2a: Ferrothorn|35/100 par|[silent]
|upkeep
|turn|105
|c| OMFG guy|Plot twist
|l| ScottOBrian
|l| BTS IS ASS
|
|t:|1627753676
|move|p1a: Rin Tohsaka|Moonblast|p2a: Ferrothorn
|-resisted|p2a: Ferrothorn
|-damage|p2a: Ferrothorn|14/100 par
|-unboost|p2a: Ferrothorn|spa|1
|move|p2a: Ferrothorn|Body Press|p1a: Rin Tohsaka
|-resisted|p1a: Rin Tohsaka
|-damage|p1a: Rin Tohsaka|0 fnt
|faint|p1a: Rin Tohsaka
|
|win|Jeran 重力
|n|☆RIP_Player|ripplayer
|n|☆Jeran 重力|jeran
|n|*Lady Monita|ladymonita
|n| Elite 4 Jasmin|elite4jasmin
|n| VibeOverLuke|vibeoverluke
|n| Omarinator|omarinator
|n| Cold27|cold27
|n| Rei Primata|reiprimata
|n| default0|default0
|n| ThrohValencia|throhvalencia
|n| OMFG guy|omfgguy
|n| Meminger21|meminger21
|n| ihavebestsandteam|ihavebestsandteam
|n| Tayro117|tayro117
|n| Paulao Bacanao|paulaobacanao
|n| sceptile008|sceptile008
|l|*Lady Monita
|l| Tayro117
|l| Elite 4 Jasmin
|l|☆RIP_Player
|l| ihavebestsandteam
|l|☆Jeran 重力
