|raw|<div class="broadcast-blue"><strong>This battle is required to be public due to a player having a name starting with 'ult9ns'.</div>
|j|☆ULT9NS Flatemo
|j|☆bald ben
|t:|1653816406
|gametype|singles
|player|p1|ULT9NS Flatemo|evelyn|1562
|player|p2|bald ben|ninjaboy|1481
|teamsize|p1|6
|teamsize|p2|6
|gen|8
|tier|[Gen 8] Ubers
|rated|
|rule|Sleep Clause Mod: Limit one foe put to sleep
|rule|Species Clause: Limit one of each Pokémon
|rule|OHKO Clause: OHKO moves are banned
|rule|Evasion Moves Clause: Evasion moves are banned
|rule|Endless Battle Clause: Forcing endless battles is banned
|rule|HP Percentage Mod: HP is shown in percentages
|rule|Dynamax Clause: You cannot dynamax
|clearpoke
|poke|p1|Aerodactyl, M|
|poke|p1|Yveltal|
|poke|p1|Weavile, M|
|poke|p1|Zekrom|
|poke|p1|Necrozma-Dusk-Mane|
|poke|p1|Marshadow|
|poke|p2|Yveltal|
|poke|p2|Shedinja|
|poke|p2|Klefki, F|
|poke|p2|Dugtrio, M|
|poke|p2|Xerneas-*|
|poke|p2|Calyrex-Shadow|
|teampreview
|inactive|Battle timer is ON: inactive players will automatically lose when time's up. (requested by bald ben)
|inactive|ULT9NS Flatemo also wants the timer to be on.
|
|t:|1653816413
|start
|switch|p1a: F15E Strike Eagle|Aerodactyl, M|100/100
|switch|p2a: Yveltal|Yveltal|100/100
|-ability|p1a: F15E Strike Eagle|Pressure
|-ability|p2a: Yveltal|Dark Aura
|turn|1
|
|t:|1653816425
|move|p1a: F15E Strike Eagle|Rock Tomb|p2a: Yveltal
|-supereffective|p2a: Yveltal
|-damage|p2a: Yveltal|58/100
|-unboost|p2a: Yveltal|spe|1
|move|p2a: Yveltal|U-turn|p1a: F15E Strike Eagle
|-resisted|p1a: F15E Strike Eagle
|-damage|p1a: F15E Strike Eagle|76/100
|
|t:|1653816429
|switch|p2a: Calyrex|Calyrex-Shadow|100/100|[from]move: U-turn
|-ability|p2a: Calyrex|As One
|-ability|p2a: Calyrex|Unnerve
|
|upkeep
|turn|2
|
|t:|1653816434
|switch|p2a: Klefki|Klefki, F|100/100
|switch|p1a: Gloster Meteor|Yveltal|100/100
|-ability|p1a: Gloster Meteor|Dark Aura
|
|upkeep
|turn|3
|
|t:|1653816437
|switch|p1a: F15E Strike Eagle|Aerodactyl, M|76/100
|-ability|p1a: F15E Strike Eagle|Pressure
|move|p2a: Klefki|Spikes|p1a: F15E Strike Eagle
|-sidestart|p1: ULT9NS Flatemo|Spikes
|
|upkeep
|turn|4
|
|t:|1653816447
|move|p1a: F15E Strike Eagle|Stealth Rock|p2a: Klefki
|-sidestart|p2: bald ben|move: Stealth Rock
|move|p2a: Klefki|Play Rough|p1a: F15E Strike Eagle
|-damage|p1a: F15E Strike Eagle|23/100
|
|upkeep
|turn|5
|
|t:|1653816451
|move|p1a: F15E Strike Eagle|Taunt|p2a: Klefki
|-start|p2a: Klefki|move: Taunt
|move|p2a: Klefki|Play Rough|p1a: F15E Strike Eagle
|-damage|p1a: F15E Strike Eagle|0 fnt
|faint|p1a: F15E Strike Eagle
|
|upkeep
|
|t:|1653816479
|switch|p1a: Mayano Top Gun|Necrozma-Dusk-Mane|100/100
|-damage|p1a: Mayano Top Gun|88/100|[from] Spikes
|turn|6
|
|t:|1653816485
|move|p1a: Mayano Top Gun|Dragon Dance|p1a: Mayano Top Gun
|-boost|p1a: Mayano Top Gun|atk|1
|-boost|p1a: Mayano Top Gun|spe|1
|move|p2a: Klefki|Play Rough|p1a: Mayano Top Gun
|-resisted|p1a: Mayano Top Gun
|-damage|p1a: Mayano Top Gun|75/100
|
|upkeep
|turn|7
|
|t:|1653816490
|switch|p2a: Calyrex|Calyrex-Shadow|100/100
|-ability|p2a: Calyrex|As One
|-ability|p2a: Calyrex|Unnerve
|-damage|p2a: Calyrex|88/100|[from] Stealth Rock
|move|p1a: Mayano Top Gun|Earthquake|p2a: Calyrex
|-damage|p2a: Calyrex|0 fnt
|faint|p2a: Calyrex
|-damage|p1a: Mayano Top Gun|65/100|[from] item: Life Orb
|
|upkeep
|
|t:|1653816495
|switch|p2a: Yveltal|Yveltal|58/100
|-damage|p2a: Yveltal|33/100|[from] Stealth Rock
|-ability|p2a: Yveltal|Dark Aura
|turn|8
|
|t:|1653816516
|move|p2a: Yveltal|Sucker Punch|p1a: Mayano Top Gun
|-supereffective|p1a: Mayano Top Gun
|-damage|p1a: Mayano Top Gun|0 fnt
|faint|p1a: Mayano Top Gun
|
|upkeep
|
|t:|1653816519
|switch|p1a: PGM Hécate II|Weavile, M|100/100
|-damage|p1a: PGM Hécate II|88/100|[from] Spikes
|-ability|p1a: PGM Hécate II|Pressure
|turn|9
|
|t:|1653816523
|switch|p2a: Xerneas|Xerneas|100/100
|-damage|p2a: Xerneas|88/100|[from] Stealth Rock
|-ability|p2a: Xerneas|Fairy Aura
|move|p1a: PGM Hécate II|Ice Shard|p2a: Xerneas
|-damage|p2a: Xerneas|77/100
|-enditem|p2a: Xerneas|Kee Berry|[eat]
|-boost|p2a: Xerneas|def|1|[from] item: Kee Berry
|
|upkeep
|turn|10
|
|t:|1653816537
|move|p1a: PGM Hécate II|Triple Axel|p2a: Xerneas
|-damage|p2a: Xerneas|73/100
|-damage|p2a: Xerneas|66/100
|-damage|p2a: Xerneas|55/100
|-hitcount|p2a: Xerneas|3
|move|p2a: Xerneas|Geomancy||[still]
|-prepare|p2a: Xerneas|Geomancy
|
|upkeep
|turn|11
|c|☆bald ben|:p
|
|t:|1653816564
|move|p1a: PGM Hécate II|Triple Axel|p2a: Xerneas
|-damage|p2a: Xerneas|51/100
|-damage|p2a: Xerneas|44/100
|-damage|p2a: Xerneas|34/100
|-hitcount|p2a: Xerneas|3
|move|p2a: Xerneas|Geomancy|p2a: Xerneas|[from]lockedmove
|-boost|p2a: Xerneas|spa|2
|-boost|p2a: Xerneas|spd|2
|-boost|p2a: Xerneas|spe|2
|
|upkeep
|turn|12
|
|t:|1653816572
|move|p1a: PGM Hécate II|Ice Shard|p2a: Xerneas
|-damage|p2a: Xerneas|26/100
|move|p2a: Xerneas|Moonblast|p1a: PGM Hécate II
|-supereffective|p1a: PGM Hécate II
|-damage|p1a: PGM Hécate II|0 fnt
|faint|p1a: PGM Hécate II
|
|upkeep
|
|t:|1653816575
|switch|p1a: El Condor Pasa|Marshadow|100/100
|-damage|p1a: El Condor Pasa|88/100|[from] Spikes
|turn|13
|
|t:|1653816576
|move|p1a: El Condor Pasa|Shadow Sneak|p2a: Xerneas
|-damage|p2a: Xerneas|11/100
|-damage|p1a: El Condor Pasa|79/100|[from] item: Life Orb
|move|p2a: Xerneas|Moonblast|p1a: El Condor Pasa
|-supereffective|p1a: El Condor Pasa
|-damage|p1a: El Condor Pasa|0 fnt
|faint|p1a: El Condor Pasa
|
|upkeep
|
|t:|1653816578
|switch|p1a: Gloster Meteor|Yveltal|100/100
|-ability|p1a: Gloster Meteor|Dark Aura
|turn|14
|
|t:|1653816580
|move|p1a: Gloster Meteor|Sucker Punch||[still]
|-fail|p1a: Gloster Meteor
|move|p2a: Xerneas|Block|p1a: Gloster Meteor
|-activate|p1a: Gloster Meteor|trapped
|
|upkeep
|turn|15
|
|t:|1653816587
|move|p2a: Xerneas|Rest|p2a: Xerneas
|-status|p2a: Xerneas|slp|[from] move: Rest
|-heal|p2a: Xerneas|100/100 slp|[silent]
|move|p1a: Gloster Meteor|Knock Off|p2a: Xerneas
|-resisted|p2a: Xerneas
|-damage|p2a: Xerneas|89/100 slp
|-damage|p1a: Gloster Meteor|91/100|[from] item: Life Orb
|
|upkeep
|turn|16
|
|t:|1653816590
|cant|p2a: Xerneas|slp
|move|p1a: Gloster Meteor|Hone Claws|p1a: Gloster Meteor
|-boost|p1a: Gloster Meteor|atk|1
|-boost|p1a: Gloster Meteor|accuracy|1
|
|upkeep
|turn|17
|
|t:|1653816594
|cant|p2a: Xerneas|slp
|move|p1a: Gloster Meteor|Dual Wingbeat|p2a: Xerneas
|-damage|p2a: Xerneas|74/100 slp
|-damage|p2a: Xerneas|58/100 slp
|-hitcount|p2a: Xerneas|2
|-damage|p1a: Gloster Meteor|81/100|[from] item: Life Orb
|
|upkeep
|turn|18
|
|t:|1653816601
|move|p1a: Gloster Meteor|Sucker Punch|p2a: Xerneas
|-resisted|p2a: Xerneas
|-damage|p2a: Xerneas|39/100 slp
|-damage|p1a: Gloster Meteor|71/100|[from] item: Life Orb
|-curestatus|p2a: Xerneas|slp|[msg]
|move|p2a: Xerneas|Moonblast|p1a: Gloster Meteor
|-supereffective|p1a: Gloster Meteor
|-damage|p1a: Gloster Meteor|0 fnt
|faint|p1a: Gloster Meteor
|
|upkeep
|-message|ULT9NS Flatemo forfeited.
|
|win|bald ben
|raw|ULT9NS Flatemo's rating: 1534 &rarr; <strong>1511</strong><br />(-23 for losing)
|raw|bald ben's rating: 1481 &rarr; <strong>1504</strong><br />(+23 for winning)
|l|☆ULT9NS Flatemo
|l|☆bald ben
|j|☆bald ben
|player|p2|bald ben|ninjaboy
