|j|☆SmolTuna
|j|☆XErick17x
|t:|1652022070
|gametype|singles
|player|p1|SmolTuna|ghetsis-gen5bw|1334
|player|p2|XErick17x|nate|1438
|teamsize|p1|6
|teamsize|p2|6
|gen|8
|tier|[Gen 8] Ubers
|rated|
|rule|Sleep Clause Mod: Limit one foe put to sleep
|rule|Species Clause: Limit one of each Pokémon
|rule|OHKO Clause: OHKO moves are banned
|rule|Evasion Moves Clause: Evasion moves are banned
|rule|Endless Battle Clause: Forcing endless battles is banned
|rule|HP Percentage Mod: HP is shown in percentages
|rule|Dynamax Clause: You cannot dynamax
|clearpoke
|poke|p1|Yveltal|
|poke|p1|Necrozma-Dusk-Mane|
|poke|p1|Eternatus|
|poke|p1|Darmanitan-Galar, F|
|poke|p1|Kyogre|
|poke|p1|Ho-Oh|
|poke|p2|Calyrex-Shadow|
|poke|p2|Groudon|
|poke|p2|Yveltal|
|poke|p2|Necrozma-Dusk-Mane|
|poke|p2|Kyogre|
|poke|p2|Eternatus|
|teampreview
|inactive|Battle timer is ON: inactive players will automatically lose when time's up. (requested by XErick17x)
|
|t:|1652022078
|start
|switch|p1a: ChoiceScarf|Darmanitan-Galar, F|100/100
|switch|p2a: Yveltal|Yveltal|100/100
|-ability|p2a: Yveltal|Dark Aura
|turn|1
|
|t:|1652022082
|move|p1a: ChoiceScarf|Icicle Crash|p2a: Yveltal
|-supereffective|p2a: Yveltal
|-damage|p2a: Yveltal|0 fnt
|faint|p2a: Yveltal
|
|upkeep
|
|t:|1652022086
|switch|p2a: Necrozma|Necrozma-Dusk-Mane|100/100
|turn|2
|
|t:|1652022091
|switch|p1a: Ho-Oh|Ho-Oh, shiny|100/100
|move|p2a: Necrozma|Toxic|p1a: Ho-Oh
|-status|p1a: Ho-Oh|tox
|
|-damage|p1a: Ho-Oh|94/100 tox|[from] psn
|upkeep
|turn|3
|
|t:|1652022097
|move|p1a: Ho-Oh|Sacred Fire|p2a: Necrozma
|-supereffective|p2a: Necrozma
|-damage|p2a: Necrozma|67/100
|move|p2a: Necrozma|Knock Off|p1a: Ho-Oh
|-damage|p1a: Ho-Oh|74/100 tox
|-enditem|p1a: Ho-Oh|Heavy-Duty Boots|[from] move: Knock Off|[of] p2a: Necrozma
|
|-damage|p1a: Ho-Oh|62/100 tox|[from] psn
|upkeep
|turn|4
|
|t:|1652022104
|switch|p1a: Kyogre|Kyogre, shiny|100/100
|-weather|RainDance|[from] ability: Drizzle|[of] p1a: Kyogre
|move|p2a: Necrozma|Stealth Rock|p1a: Kyogre
|-sidestart|p1: SmolTuna|move: Stealth Rock
|
|-weather|RainDance|[upkeep]
|upkeep
|turn|5
|
|t:|1652022108
|switch|p2a: Eternatus|Eternatus|100/100
|-ability|p2a: Eternatus|Pressure
|move|p1a: Kyogre|Water Spout|p2a: Eternatus
|-resisted|p2a: Eternatus
|-damage|p2a: Eternatus|24/100
|
|-weather|RainDance|[upkeep]
|-heal|p2a: Eternatus|30/100|[from] item: Black Sludge
|upkeep
|turn|6
|
|t:|1652022118
|move|p2a: Eternatus|Mystical Fire|p1a: Kyogre
|-resisted|p1a: Kyogre
|-damage|p1a: Kyogre|96/100
|-unboost|p1a: Kyogre|spa|1
|move|p1a: Kyogre|Water Spout|p2a: Eternatus
|-resisted|p2a: Eternatus
|-damage|p2a: Eternatus|0 fnt
|faint|p2a: Eternatus
|
|-weather|RainDance|[upkeep]
|upkeep
|
|t:|1652022126
|switch|p2a: Calyrex|Calyrex-Shadow|100/100
|-ability|p2a: Calyrex|As One
|-ability|p2a: Calyrex|Unnerve
|turn|7
|
|t:|1652022132
|switch|p1a: Ho-Oh|Ho-Oh, shiny|95/100 tox
|-damage|p1a: Ho-Oh|45/100 tox|[from] Stealth Rock
|move|p2a: Calyrex|Nasty Plot|p2a: Calyrex
|-boost|p2a: Calyrex|spa|2
|
|-weather|RainDance|[upkeep]
|-damage|p1a: Ho-Oh|39/100 tox|[from] psn
|upkeep
|turn|8
|
|t:|1652022137
|move|p2a: Calyrex|Astral Barrage|p1a: Ho-Oh
|-damage|p1a: Ho-Oh|0 fnt
|faint|p1a: Ho-Oh
|-ability|p2a: Calyrex|Grim Neigh|boost
|-boost|p2a: Calyrex|spa|1
|
|-weather|none
|upkeep
|
|t:|1652022143
|switch|p1a: ChoiceScarf|Darmanitan-Galar, F|100/100
|-damage|p1a: ChoiceScarf|76/100|[from] Stealth Rock
|turn|9
|
|t:|1652022156
|move|p1a: ChoiceScarf|Icicle Crash|p2a: Calyrex
|-damage|p2a: Calyrex|16/100
|move|p2a: Calyrex|Draining Kiss|p1a: ChoiceScarf
|-damage|p1a: ChoiceScarf|0 fnt
|-heal|p2a: Calyrex|74/100|[from] drain|[of] p1a: ChoiceScarf
|faint|p1a: ChoiceScarf
|-ability|p2a: Calyrex|Grim Neigh|boost
|-boost|p2a: Calyrex|spa|1
|
|upkeep
|
|t:|1652022160
|switch|p1a: Yveltal|Yveltal, shiny|100/100
|-damage|p1a: Yveltal|76/100|[from] Stealth Rock
|-ability|p1a: Yveltal|Dark Aura
|turn|10
|
|t:|1652022172
|move|p1a: Yveltal|Sucker Punch||[still]
|-fail|p1a: Yveltal
|move|p2a: Calyrex|Nasty Plot|p2a: Calyrex
|-boost|p2a: Calyrex|spa|2
|
|upkeep
|turn|11
|
|t:|1652022176
|move|p1a: Yveltal|Sucker Punch|p2a: Calyrex
|-supereffective|p2a: Calyrex
|-damage|p2a: Calyrex|0 fnt
|faint|p2a: Calyrex
|-damage|p1a: Yveltal|66/100|[from] item: Life Orb
|
|upkeep
|
|t:|1652022180
|switch|p2a: Kyogre|Kyogre|100/100
|-weather|RainDance|[from] ability: Drizzle|[of] p2a: Kyogre
|turn|12
|
|t:|1652022185
|move|p2a: Kyogre|Thunder|p1a: Yveltal
|-supereffective|p1a: Yveltal
|-damage|p1a: Yveltal|0 fnt
|faint|p1a: Yveltal
|
|-weather|RainDance|[upkeep]
|upkeep
|
|t:|1652022188
|switch|p1a: Eternatus|Eternatus|100/100
|-damage|p1a: Eternatus|88/100|[from] Stealth Rock
|-ability|p1a: Eternatus|Pressure
|turn|13
|
|t:|1652022193
|switch|p2a: Groudon|Groudon|100/100
|-weather|SunnyDay|[from] ability: Drought|[of] p2a: Groudon
|move|p1a: Eternatus|Toxic|p2a: Groudon
|-status|p2a: Groudon|tox
|
|-weather|SunnyDay|[upkeep]
|-heal|p1a: Eternatus|94/100|[from] item: Black Sludge
|-damage|p2a: Groudon|94/100 tox|[from] psn
|upkeep
|turn|14
|
|t:|1652022202
|move|p1a: Eternatus|Dynamax Cannon|p2a: Groudon
|-damage|p2a: Groudon|43/100 tox
|move|p2a: Groudon|Precipice Blades|p1a: Eternatus
|-supereffective|p1a: Eternatus
|-damage|p1a: Eternatus|0 fnt
|faint|p1a: Eternatus
|
|-weather|SunnyDay|[upkeep]
|-heal|p2a: Groudon|49/100 tox|[from] item: Leftovers
|-damage|p2a: Groudon|37/100 tox|[from] psn
|upkeep
|
|t:|1652022206
|switch|p1a: Kyogre|Kyogre, shiny|96/100
|-damage|p1a: Kyogre|84/100|[from] Stealth Rock
|-weather|RainDance|[from] ability: Drizzle|[of] p1a: Kyogre
|turn|15
|
|t:|1652022212
|move|p2a: Groudon|Precipice Blades|p1a: Kyogre
|-damage|p1a: Kyogre|2/100
|move|p1a: Kyogre|Origin Pulse|p2a: Groudon
|-supereffective|p2a: Groudon
|-damage|p2a: Groudon|0 fnt
|faint|p2a: Groudon
|
|-weather|RainDance|[upkeep]
|upkeep
|
|t:|1652022214
|switch|p2a: Kyogre|Kyogre|100/100
|turn|16
|
|t:|1652022217
|move|p2a: Kyogre|Water Spout|p1a: Kyogre
|-resisted|p1a: Kyogre
|-damage|p1a: Kyogre|0 fnt
|faint|p1a: Kyogre
|
|-weather|RainDance|[upkeep]
|upkeep
|
|t:|1652022219
|switch|p1a: Necrozma|Necrozma-Dusk-Mane, shiny|100/100
|-damage|p1a: Necrozma|94/100|[from] Stealth Rock
|turn|17
|c|☆SmolTuna|gg
|
|t:|1652022224
|move|p2a: Kyogre|Water Spout|p1a: Necrozma
|-damage|p1a: Necrozma|0 fnt
|faint|p1a: Necrozma
|
|win|XErick17x
|raw|SmolTuna's rating: 1334 &rarr; <strong>1320</strong><br />(-14 for losing)
|raw|XErick17x's rating: 1438 &rarr; <strong>1452</strong><br />(+14 for winning)
|c|☆XErick17x|gg
|l|☆SmolTuna
|l|☆XErick17x
||Ladder isn't responding, score probably updated but might not have (Request timeout).
|j|☆XErick17x
|player|p2|XErick17x|nate
|l|☆XErick17x
|player|p2|
|j|☆XErick17x
|player|p2|XErick17x|nate
|l|☆XErick17x
|player|p2|
|j|☆XErick17x
|player|p2|XErick17x|nate
|l|☆XErick17x
|player|p2|
|j|☆XErick17x
|player|p2|XErick17x|nate
