|j|☆Chunkomucho
|j|☆Dynamax Verlisify
|player|p1|Chunkomucho|erika|1461
|player|p2|Dynamax Verlisify|mallow|1511
|teamsize|p1|6
|teamsize|p2|6
|gametype|singles
|gen|8
|tier|[Gen 8] Ubers
|rated|
|clearpoke
|poke|p1|Eternatus|
|poke|p1|Hatterene, F|
|poke|p1|Toxapex, M|
|poke|p1|Corviknight, M|
|poke|p1|Quagsire, M|
|poke|p1|Tyranitar, M|
|poke|p2|Kyurem-White|
|poke|p2|Dugtrio, M|
|poke|p2|Corviknight, F|
|poke|p2|Tyranitar, M|
|poke|p2|Marshadow|
|poke|p2|Zacian-Crowned|
|rule|Sleep Clause Mod: Limit one foe put to sleep
|rule|Species Clause: Limit one of each Pokémon
|rule|OHKO Clause: OHKO moves are banned
|rule|Evasion Moves Clause: Evasion moves are banned
|rule|Endless Battle Clause: Forcing endless battles is banned
|rule|HP Percentage Mod: HP is shown in percentages
|html|Ubers Dynamax Clause: Pokémon on the <a href="https://www.smogon.com/dex/ss/formats/uber/">Ubers Dynamax Banlist</a> cannot Dynamax.
|teampreview
|inactive|Battle timer is ON: inactive players will automatically lose when time's up. (requested by Chunkomucho)
|
|start
|switch|p1a: Corviknight|Corviknight, M|100/100
|switch|p2a: Kyurem|Kyurem-White|100/100
|-ability|p2a: Kyurem|Turboblaze
|-ability|p1a: Corviknight|Pressure
|turn|1
|
|switch|p1a: Tyranitar|Tyranitar, M|100/100
|-weather|Sandstorm|[from] ability: Sand Stream|[of] p1a: Tyranitar
|move|p2a: Kyurem|Fusion Flare|p1a: Tyranitar
|-resisted|p1a: Tyranitar
|-damage|p1a: Tyranitar|90/100
|-damage|p2a: Kyurem|91/100|[from] item: Life Orb
|
|-weather|Sandstorm|[upkeep]
|-damage|p2a: Kyurem|84/100|[from] Sandstorm
|upkeep
|turn|2
|
|move|p2a: Kyurem|Focus Blast|p1a: Tyranitar
|-supereffective|p1a: Tyranitar
|-damage|p1a: Tyranitar|0 fnt
|-damage|p2a: Kyurem|74/100|[from] item: Life Orb
|faint|p1a: Tyranitar
|
|-weather|Sandstorm|[upkeep]
|-damage|p2a: Kyurem|68/100|[from] Sandstorm
|upkeep
|j| phlippp
|
|switch|p1a: Himiko|Hatterene, F, shiny|100/100
|turn|3
|
|switch|p2a: Corviknight|Corviknight, F|100/100
|-ability|p2a: Corviknight|Pressure
|move|p1a: Himiko|Trick Room|p1a: Himiko
|-fieldstart|move: Trick Room|[of] p1a: Himiko
|
|-weather|Sandstorm|[upkeep]
|-damage|p1a: Himiko|95/100|[from] Sandstorm
|upkeep
|turn|4
|
|-start|p1a: Himiko|Dynamax
|-formechange|p1a: Himiko|Hatterene-Gmax
|-heal|p1a: Himiko|95/100|[silent]
|move|p1a: Himiko|Max Flare|p2a: Corviknight
|-supereffective|p2a: Corviknight
|-damage|p2a: Corviknight|0 fnt
|-weather|SunnyDay
|-damage|p1a: Himiko|90/100|[from] item: Life Orb
|faint|p2a: Corviknight
|
|-weather|SunnyDay|[upkeep]
|upkeep
|
|switch|p2a: Tyranitar|Tyranitar, M|100/100
|-weather|Sandstorm|[from] ability: Sand Stream|[of] p2a: Tyranitar
|turn|5
|
|move|p1a: Himiko|G-Max Smite|p2a: Tyranitar
|-supereffective|p2a: Tyranitar
|-damage|p2a: Tyranitar|19/100
|-start|p2a: Tyranitar|confusion
|-damage|p1a: Himiko|85/100|[from] item: Life Orb
|-activate|p2a: Tyranitar|confusion
|move|p2a: Tyranitar|Snarl|p1a: Himiko
|-damage|p1a: Himiko|76/100
|-unboost|p1a: Himiko|spa|1
|
|-weather|Sandstorm|[upkeep]
|-damage|p1a: Himiko|73/100|[from] Sandstorm
|-heal|p2a: Tyranitar|25/100|[from] item: Leftovers
|upkeep
|turn|6
|
|move|p1a: Himiko|G-Max Smite|p2a: Tyranitar
|-supereffective|p2a: Tyranitar
|-damage|p2a: Tyranitar|0 fnt
|-damage|p1a: Himiko|68/100|[from] item: Life Orb
|faint|p2a: Tyranitar
|
|-weather|Sandstorm|[upkeep]
|-damage|p1a: Himiko|65/100|[from] Sandstorm
|-end|p1a: Himiko|Dynamax
|-formechange|p1a: Himiko|Hatterene
|-heal|p1a: Himiko|65/100|[silent]
|upkeep
|
|switch|p2a: Marshadow|Marshadow|100/100
|turn|7
|
|move|p2a: Marshadow|Shadow Sneak|p1a: Himiko
|-supereffective|p1a: Himiko
|-damage|p1a: Himiko|0 fnt
|-damage|p2a: Marshadow|91/100|[from] item: Life Orb
|faint|p1a: Himiko
|
|-weather|Sandstorm|[upkeep]
|-damage|p2a: Marshadow|84/100|[from] Sandstorm
|-fieldend|move: Trick Room
|upkeep
|
|switch|p1a: Corviknight|Corviknight, M|100/100
|-ability|p1a: Corviknight|Pressure
|turn|8
|
|move|p2a: Marshadow|Close Combat|p1a: Corviknight
|-damage|p1a: Corviknight|52/100
|-unboost|p2a: Marshadow|def|1
|-unboost|p2a: Marshadow|spd|1
|-damage|p2a: Marshadow|68/100|[from] item: Rocky Helmet|[of] p1a: Corviknight
|-damage|p2a: Marshadow|58/100|[from] item: Life Orb
|move|p1a: Corviknight|U-turn|p2a: Marshadow
|-resisted|p2a: Marshadow
|-damage|p2a: Marshadow|51/100
|
|switch|p1a: Toxapex|Toxapex, M|100/100|[from]move: U-turn
|
|-weather|Sandstorm|[upkeep]
|-damage|p2a: Marshadow|44/100|[from] Sandstorm
|-damage|p1a: Toxapex|94/100|[from] Sandstorm
|upkeep
|turn|9
|
|switch|p2a: Dugtrio|Dugtrio, M|100/100
|move|p1a: Toxapex|Knock Off|p2a: Dugtrio
|-damage|p2a: Dugtrio|59/100
|-enditem|p2a: Dugtrio|Choice Scarf|[from] move: Knock Off|[of] p1a: Toxapex
|
|-weather|none
|upkeep
|turn|10
|
|switch|p1a: Corviknight|Corviknight, M|52/100
|-ability|p1a: Corviknight|Pressure
|move|p2a: Dugtrio|Earthquake|p1a: Corviknight
|-immune|p1a: Corviknight
|
|upkeep
|turn|11
|
|switch|p2a: Zacian|Zacian-Crowned|100/100
|-ability|p2a: Zacian|Intrepid Sword|boost
|-boost|p2a: Zacian|atk|1
|move|p1a: Corviknight|Roost|p1a: Corviknight
|-heal|p1a: Corviknight|100/100
|-singleturn|p1a: Corviknight|move: Roost
|
|upkeep
|turn|12
|
|move|p2a: Zacian|Substitute|p2a: Zacian
|-start|p2a: Zacian|Substitute
|-damage|p2a: Zacian|76/100
|move|p1a: Corviknight|U-turn|p2a: Zacian
|-resisted|p2a: Zacian
|-activate|p2a: Zacian|move: Substitute|[damage]
|
|switch|p1a: Quagsire|Quagsire, M|100/100|[from]move: U-turn
|
|upkeep
|turn|13
|
|move|p2a: Zacian|Play Rough|p1a: Quagsire
|-damage|p1a: Quagsire|53/100
|move|p1a: Quagsire|Earthquake|p2a: Zacian
|-supereffective|p2a: Zacian
|-end|p2a: Zacian|Substitute
|
|upkeep
|turn|14
|
|switch|p2a: Dugtrio|Dugtrio, M|59/100
|move|p1a: Quagsire|Recover|p1a: Quagsire
|-heal|p1a: Quagsire|100/100
|
|upkeep
|turn|15
|
|switch|p1a: Corviknight|Corviknight, M|100/100
|-ability|p1a: Corviknight|Pressure
|move|p2a: Dugtrio|Toxic|p1a: Corviknight
|-immune|p1a: Corviknight
|
|upkeep
|turn|16
|
|move|p2a: Dugtrio|Stone Edge|p1a: Corviknight
|-damage|p1a: Corviknight|80/100
|move|p1a: Corviknight|Body Press|p2a: Dugtrio
|-damage|p2a: Dugtrio|0 fnt
|faint|p2a: Dugtrio
|
|upkeep
|
|switch|p2a: Kyurem|Kyurem-White|68/100
|-ability|p2a: Kyurem|Turboblaze
|turn|17
|
|move|p2a: Kyurem|Roost|p2a: Kyurem
|-heal|p2a: Kyurem|100/100
|-singleturn|p2a: Kyurem|move: Roost
|move|p1a: Corviknight|U-turn|p2a: Kyurem
|-damage|p2a: Kyurem|87/100
|
|switch|p1a: Eternatus|Eternatus|100/100|[from]move: U-turn
|-ability|p1a: Eternatus|Pressure
|
|upkeep
|turn|18
|
|move|p1a: Eternatus|Dynamax Cannon|p2a: Kyurem
|-supereffective|p2a: Kyurem
|-damage|p2a: Kyurem|0 fnt
|-damage|p1a: Eternatus|91/100|[from] item: Life Orb
|faint|p2a: Kyurem
|
|upkeep
|-message|Dynamax Verlisify forfeited.
|
|win|Chunkomucho
|l|☆Dynamax Verlisify
||Ladder (probably) updated, but score could not be retrieved (Response not received).
