|j|☆AndrewB_73
|j|☆cxcould
|t:|1650702064
|gametype|singles
|player|p1|AndrewB_73|wattson|1339
|player|p2|cxcould|dawn|1562
|teamsize|p1|6
|teamsize|p2|6
|gen|8
|tier|[Gen 8] Ubers
|rated|
|rule|Sleep Clause Mod: Limit one foe put to sleep
|rule|Species Clause: Limit one of each Pokémon
|rule|OHKO Clause: OHKO moves are banned
|rule|Evasion Moves Clause: Evasion moves are banned
|rule|Endless Battle Clause: Forcing endless battles is banned
|rule|HP Percentage Mod: HP is shown in percentages
|rule|Dynamax Clause: You cannot dynamax
|clearpoke
|poke|p1|Groudon|
|poke|p1|Ho-Oh|
|poke|p1|Kyurem-White|
|poke|p1|Magearna|
|poke|p1|Yveltal|
|poke|p1|Eternatus|
|poke|p2|Toxapex, M|
|poke|p2|Blissey, F|
|poke|p2|Yveltal|
|poke|p2|Lunala|
|poke|p2|Eternatus|
|poke|p2|Zygarde|
|teampreview
|c|☆AndrewB_73|GL/HF
|
|t:|1650702074
|start
|switch|p1a: Shit Distributor|Groudon, shiny|100/100
|switch|p2a: Toxapex|Toxapex, M|100/100
|-weather|SunnyDay|[from] ability: Drought|[of] p1a: Shit Distributor
|turn|1
|inactive|Battle timer is ON: inactive players will automatically lose when time's up. (requested by AndrewB_73)
|
|t:|1650702089
|move|p1a: Shit Distributor|Stealth Rock|p2a: Toxapex
|-sidestart|p2: cxcould|move: Stealth Rock
|move|p2a: Toxapex|Knock Off|p1a: Shit Distributor
|-damage|p1a: Shit Distributor|91/100
|-enditem|p1a: Shit Distributor|Heat Rock|[from] move: Knock Off|[of] p2a: Toxapex
|
|-weather|SunnyDay|[upkeep]
|upkeep
|turn|2
|
|t:|1650702099
|switch|p1a: Biscuit|Magearna|100/100
|switch|p2a: Zygarde|Zygarde|100/100
|-damage|p2a: Zygarde|94/100|[from] Stealth Rock
|
|-weather|SunnyDay|[upkeep]
|-heal|p2a: Zygarde|100/100|[from] item: Leftovers
|upkeep
|turn|3
|
|t:|1650702113
|switch|p2a: Toxapex|Toxapex, M|100/100
|-damage|p2a: Toxapex|88/100|[from] Stealth Rock
|move|p1a: Biscuit|Fleur Cannon|p2a: Toxapex
|-resisted|p2a: Toxapex
|-damage|p2a: Toxapex|65/100
|-unboost|p1a: Biscuit|spa|2
|
|-weather|SunnyDay|[upkeep]
|-heal|p2a: Toxapex|71/100|[from] item: Black Sludge
|upkeep
|turn|4
|
|t:|1650702122
|move|p1a: Biscuit|Volt Switch|p2a: Toxapex
|-supereffective|p2a: Toxapex
|-damage|p2a: Toxapex|53/100
|
|t:|1650702125
|switch|p1a: Shit Distributor|Groudon, shiny|91/100|[from]move: Volt Switch
|move|p2a: Toxapex|Knock Off|p1a: Shit Distributor
|-damage|p1a: Shit Distributor|84/100
|
|-weather|SunnyDay|[upkeep]
|-heal|p2a: Toxapex|59/100|[from] item: Black Sludge
|upkeep
|turn|5
|
|t:|1650702134
|switch|p1a: Comrade|Kyurem-White, shiny|100/100
|-ability|p1a: Comrade|Turboblaze
|switch|p2a: Zygarde|Zygarde|100/100
|-damage|p2a: Zygarde|94/100|[from] Stealth Rock
|
|-weather|SunnyDay|[upkeep]
|-heal|p2a: Zygarde|100/100|[from] item: Leftovers
|upkeep
|turn|6
|
|t:|1650702146
|switch|p1a: Boss Music|Yveltal, shiny|100/100
|-ability|p1a: Boss Music|Dark Aura
|switch|p2a: Blissey|Blissey, F|100/100
|-damage|p2a: Blissey|88/100|[from] Stealth Rock
|
|-weather|SunnyDay|[upkeep]
|upkeep
|turn|7
|
|t:|1650702154
|switch|p2a: Toxapex|Toxapex, M|92/100
|-damage|p2a: Toxapex|80/100|[from] Stealth Rock
|move|p1a: Boss Music|Knock Off|p2a: Toxapex
|-damage|p2a: Toxapex|38/100
|-enditem|p2a: Toxapex|Black Sludge|[from] move: Knock Off|[of] p1a: Boss Music
|
|-weather|SunnyDay|[upkeep]
|upkeep
|turn|8
|
|t:|1650702165
|move|p1a: Boss Music|U-turn|p2a: Toxapex
|-resisted|p2a: Toxapex
|-crit|p2a: Toxapex
|-damage|p2a: Toxapex|30/100
|
|t:|1650702168
|switch|p1a: Shit Distributor|Groudon, shiny|84/100|[from]move: U-turn
|move|p2a: Toxapex|Recover|p2a: Toxapex
|-heal|p2a: Toxapex|80/100
|
|-weather|none
|upkeep
|turn|9
|
|t:|1650702175
|switch|p1a: Biscuit|Magearna|100/100
|switch|p2a: Zygarde|Zygarde|100/100
|-damage|p2a: Zygarde|94/100|[from] Stealth Rock
|
|-heal|p2a: Zygarde|100/100|[from] item: Leftovers
|upkeep
|turn|10
|
|t:|1650702182
|switch|p2a: Toxapex|Toxapex, M|100/100
|-damage|p2a: Toxapex|88/100|[from] Stealth Rock
|move|p1a: Biscuit|Volt Switch|p2a: Toxapex
|-supereffective|p2a: Toxapex
|-damage|p2a: Toxapex|52/100
|
|t:|1650702192
|switch|p1a: Shit Distributor|Groudon, shiny|84/100|[from]move: Volt Switch
|-weather|SunnyDay|[from] ability: Drought|[of] p1a: Shit Distributor
|
|-weather|SunnyDay|[upkeep]
|upkeep
|turn|11
|
|t:|1650702198
|switch|p1a: Slinkie|Eternatus|100/100
|-ability|p1a: Slinkie|Pressure
|switch|p2a: Zygarde|Zygarde|100/100
|-damage|p2a: Zygarde|94/100|[from] Stealth Rock
|
|-weather|SunnyDay|[upkeep]
|-heal|p2a: Zygarde|100/100|[from] item: Leftovers
|upkeep
|turn|12
|
|t:|1650702210
|switch|p1a: Ass Kickin Chicken|Ho-Oh, shiny|100/100
|switch|p2a: Toxapex|Toxapex, M|85/100
|-damage|p2a: Toxapex|73/100|[from] Stealth Rock
|
|-weather|SunnyDay|[upkeep]
|upkeep
|turn|13
|
|t:|1650702216
|move|p1a: Ass Kickin Chicken|Earthquake|p2a: Toxapex
|-supereffective|p2a: Toxapex
|-damage|p2a: Toxapex|33/100
|move|p2a: Toxapex|Knock Off|p1a: Ass Kickin Chicken
|-damage|p1a: Ass Kickin Chicken|86/100
|-enditem|p1a: Ass Kickin Chicken|Heavy-Duty Boots|[from] move: Knock Off|[of] p2a: Toxapex
|
|-weather|SunnyDay|[upkeep]
|upkeep
|turn|14
|
|t:|1650702229
|switch|p2a: Zygarde|Zygarde|100/100
|-damage|p2a: Zygarde|94/100|[from] Stealth Rock
|move|p1a: Ass Kickin Chicken|Sacred Fire|p2a: Zygarde
|-resisted|p2a: Zygarde
|-damage|p2a: Zygarde|75/100
|
|-weather|none
|-heal|p2a: Zygarde|81/100|[from] item: Leftovers
|upkeep
|turn|15
|
|t:|1650702240
|switch|p1a: Shit Distributor|Groudon, shiny|84/100
|-weather|SunnyDay|[from] ability: Drought|[of] p1a: Shit Distributor
|move|p2a: Zygarde|Glare|p1a: Shit Distributor
|-status|p1a: Shit Distributor|par
|
|-weather|SunnyDay|[upkeep]
|-heal|p2a: Zygarde|87/100|[from] item: Leftovers
|upkeep
|turn|16
|
|t:|1650702255
|switch|p1a: Biscuit|Magearna|100/100
|move|p2a: Zygarde|Thousand Arrows|p1a: Biscuit
|-supereffective|p1a: Biscuit
|-damage|p1a: Biscuit|65/100
|
|-weather|SunnyDay|[upkeep]
|-heal|p2a: Zygarde|93/100|[from] item: Leftovers
|-heal|p1a: Biscuit|71/100|[from] item: Leftovers
|upkeep
|turn|17
|
|t:|1650702264
|switch|p2a: Toxapex|Toxapex, M|66/100
|-damage|p2a: Toxapex|54/100|[from] Stealth Rock
|move|p1a: Biscuit|Pain Split|p2a: Toxapex
|-sethp|p2a: Toxapex|70/100|[from] move: Pain Split|[silent]
|-sethp|p1a: Biscuit|58/100|[from] move: Pain Split
|
|-weather|SunnyDay|[upkeep]
|-heal|p1a: Biscuit|64/100|[from] item: Leftovers
|upkeep
|turn|18
|
|t:|1650702282
|move|p1a: Biscuit|Volt Switch|p2a: Toxapex
|-supereffective|p2a: Toxapex
|-damage|p2a: Toxapex|36/100
|
|t:|1650702291
|switch|p1a: Ass Kickin Chicken|Ho-Oh, shiny|100/100|[from]move: Volt Switch
|move|p2a: Toxapex|Recover|p2a: Toxapex
|-heal|p2a: Toxapex|86/100
|
|-weather|SunnyDay|[upkeep]
|upkeep
|turn|19
|inactive|cxcould has 120 seconds left.
|
|t:|1650702325
|switch|p1a: Boss Music|Yveltal, shiny|100/100
|-ability|p1a: Boss Music|Dark Aura
|move|p2a: Toxapex|Knock Off|p1a: Boss Music
|-resisted|p1a: Boss Music
|-damage|p1a: Boss Music|91/100
|-enditem|p1a: Boss Music|Black Glasses|[from] move: Knock Off|[of] p2a: Toxapex
|
|-weather|none
|upkeep
|turn|20
|
|t:|1650702334
|move|p1a: Boss Music|U-turn|p2a: Toxapex
|-resisted|p2a: Toxapex
|-damage|p2a: Toxapex|81/100
|
|t:|1650702341
|switch|p1a: Comrade|Kyurem-White, shiny|100/100|[from]move: U-turn
|-ability|p1a: Comrade|Turboblaze
|move|p2a: Toxapex|Knock Off|p1a: Comrade
|-damage|p1a: Comrade|86/100
|-enditem|p1a: Comrade|Utility Umbrella|[from] move: Knock Off|[of] p2a: Toxapex
|
|upkeep
|turn|21
|
|t:|1650702350
|switch|p2a: Lunala|Lunala|100/100
|move|p1a: Comrade|Freeze-Dry|p2a: Lunala
|-damage|p2a: Lunala|86/100
|
|upkeep
|turn|22
|
|t:|1650702360
|switch|p1a: Biscuit|Magearna|64/100
|move|p2a: Lunala|Roost|p2a: Lunala
|-heal|p2a: Lunala|100/100
|-singleturn|p2a: Lunala|move: Roost
|
|-heal|p1a: Biscuit|70/100|[from] item: Leftovers
|upkeep
|turn|23
|
|t:|1650702374
|switch|p2a: Toxapex|Toxapex, M|100/100
|-damage|p2a: Toxapex|88/100|[from] Stealth Rock
|move|p1a: Biscuit|Volt Switch|p2a: Toxapex
|-supereffective|p2a: Toxapex
|-damage|p2a: Toxapex|55/100
|
|t:|1650702381
|switch|p1a: Comrade|Kyurem-White, shiny|86/100|[from]move: Volt Switch
|-ability|p1a: Comrade|Turboblaze
|
|upkeep
|turn|24
|
|t:|1650702402
|switch|p1a: Boss Music|Yveltal, shiny|91/100
|-ability|p1a: Boss Music|Dark Aura
|switch|p2a: Blissey|Blissey, F|88/100
|-damage|p2a: Blissey|76/100|[from] Stealth Rock
|
|upkeep
|turn|25
|
|t:|1650702410
|switch|p2a: Toxapex|Toxapex, M|89/100
|-damage|p2a: Toxapex|76/100|[from] Stealth Rock
|move|p1a: Boss Music|Knock Off|p2a: Toxapex
|-damage|p2a: Toxapex|53/100
|
|upkeep
|turn|26
|
|t:|1650702417
|move|p1a: Boss Music|Dark Pulse|p2a: Toxapex
|-damage|p2a: Toxapex|14/100
|move|p2a: Toxapex|Recover|p2a: Toxapex
|-heal|p2a: Toxapex|64/100
|
|upkeep
|turn|27
|
|t:|1650702422
|switch|p2a: Yveltal|Yveltal|100/100
|-ability|p2a: Yveltal|Dark Aura
|move|p1a: Boss Music|U-turn|p2a: Yveltal
|-damage|p2a: Yveltal|85/100
|
|t:|1650702428
|switch|p1a: Biscuit|Magearna|70/100|[from]move: U-turn
|
|-heal|p1a: Biscuit|76/100|[from] item: Leftovers
|upkeep
|turn|28
|
|t:|1650702453
|switch|p2a: Toxapex|Toxapex, M|97/100
|-damage|p2a: Toxapex|85/100|[from] Stealth Rock
|move|p1a: Biscuit|Volt Switch|p2a: Toxapex
|-supereffective|p2a: Toxapex
|-damage|p2a: Toxapex|53/100
|
|t:|1650702461
|switch|p1a: Comrade|Kyurem-White, shiny|86/100|[from]move: Volt Switch
|-ability|p1a: Comrade|Turboblaze
|
|upkeep
|turn|29
|
|t:|1650702476
|switch|p2a: Lunala|Lunala|100/100
|move|p1a: Comrade|Freeze-Dry|p2a: Lunala
|-damage|p2a: Lunala|85/100
|
|upkeep
|turn|30
|
|t:|1650702491
|move|p1a: Comrade|Freeze-Dry|p2a: Lunala
|-damage|p2a: Lunala|53/100
|move|p2a: Lunala|Roost|p2a: Lunala
|-heal|p2a: Lunala|100/100
|-singleturn|p2a: Lunala|move: Roost
|
|upkeep
|turn|31
|
|t:|1650702497
|move|p1a: Comrade|Freeze-Dry|p2a: Lunala
|-damage|p2a: Lunala|86/100
|move|p2a: Lunala|Will-O-Wisp|p1a: Comrade
|-status|p1a: Comrade|brn
|
|-damage|p1a: Comrade|80/100 brn|[from] brn
|upkeep
|turn|32
|
|t:|1650702505
|switch|p1a: Boss Music|Yveltal, shiny|91/100
|-ability|p1a: Boss Music|Dark Aura
|move|p2a: Lunala|Roost|p2a: Lunala
|-heal|p2a: Lunala|100/100
|-singleturn|p2a: Lunala|move: Roost
|
|upkeep
|turn|33
|
|t:|1650702519
|switch|p2a: Eternatus|Eternatus|100/100
|-damage|p2a: Eternatus|88/100|[from] Stealth Rock
|-ability|p2a: Eternatus|Pressure
|move|p1a: Boss Music|U-turn|p2a: Eternatus
|-resisted|p2a: Eternatus
|-damage|p2a: Eternatus|83/100
|
|t:|1650702531
|switch|p1a: Shit Distributor|Groudon, shiny|84/100 par|[from]move: U-turn
|-weather|SunnyDay|[from] ability: Drought|[of] p1a: Shit Distributor
|
|-weather|SunnyDay|[upkeep]
|-heal|p2a: Eternatus|89/100|[from] item: Black Sludge
|upkeep
|turn|34
|
|t:|1650702543
|switch|p2a: Yveltal|Yveltal|85/100
|-ability|p2a: Yveltal|Dark Aura
|switch|p1a: Biscuit|Magearna|76/100
|
|-weather|SunnyDay|[upkeep]
|-heal|p1a: Biscuit|82/100|[from] item: Leftovers
|upkeep
|turn|35
|
|t:|1650702553
|switch|p2a: Toxapex|Toxapex, M|87/100
|-damage|p2a: Toxapex|74/100|[from] Stealth Rock
|move|p1a: Biscuit|Heal Bell|p1a: Biscuit
|-activate|p1a: Biscuit|move: Heal Bell
|-curestatus|p1: Shit Distributor|par|[msg]
|-curestatus|p1: Comrade|brn|[msg]
|
|-weather|SunnyDay|[upkeep]
|-heal|p1a: Biscuit|88/100|[from] item: Leftovers
|upkeep
|turn|36
|
|t:|1650702562
|switch|p2a: Zygarde|Zygarde|93/100
|-damage|p2a: Zygarde|87/100|[from] Stealth Rock
|move|p1a: Biscuit|Volt Switch|p2a: Zygarde
|-immune|p2a: Zygarde
|
|-weather|SunnyDay|[upkeep]
|-heal|p2a: Zygarde|93/100|[from] item: Leftovers
|-heal|p1a: Biscuit|94/100|[from] item: Leftovers
|upkeep
|turn|37
|
|t:|1650702572
|switch|p2a: Toxapex|Toxapex, M|100/100
|-damage|p2a: Toxapex|88/100|[from] Stealth Rock
|switch|p1a: Comrade|Kyurem-White, shiny|80/100
|-ability|p1a: Comrade|Turboblaze
|
|-weather|none
|upkeep
|turn|38
|
|t:|1650702591
|switch|p1a: Boss Music|Yveltal, shiny|91/100
|-ability|p1a: Boss Music|Dark Aura
|switch|p2a: Blissey|Blissey, F|76/100
|-damage|p2a: Blissey|63/100|[from] Stealth Rock
|
|upkeep
|turn|39
|
|t:|1650702598
|switch|p2a: Toxapex|Toxapex, M|100/100
|-damage|p2a: Toxapex|88/100|[from] Stealth Rock
|move|p1a: Boss Music|Knock Off|p2a: Toxapex
|-damage|p2a: Toxapex|66/100
|
|upkeep
|turn|40
|
|t:|1650702609
|move|p1a: Boss Music|U-turn|p2a: Toxapex
|-resisted|p2a: Toxapex
|-damage|p2a: Toxapex|61/100
|
|t:|1650702614
|switch|p1a: Comrade|Kyurem-White, shiny|80/100|[from]move: U-turn
|-ability|p1a: Comrade|Turboblaze
|move|p2a: Toxapex|Knock Off|p1a: Comrade
|-damage|p1a: Comrade|70/100
|
|upkeep
|turn|41
|
|t:|1650702622
|switch|p1a: Boss Music|Yveltal, shiny|91/100
|-ability|p1a: Boss Music|Dark Aura
|switch|p2a: Lunala|Lunala|100/100
|
|upkeep
|turn|42
|
|t:|1650702632
|switch|p2a: Toxapex|Toxapex, M|94/100
|-damage|p2a: Toxapex|82/100|[from] Stealth Rock
|move|p1a: Boss Music|Knock Off|p2a: Toxapex
|-damage|p2a: Toxapex|61/100
|
|upkeep
|turn|43
|
|t:|1650702638
|move|p1a: Boss Music|Dark Pulse|p2a: Toxapex
|-damage|p2a: Toxapex|17/100
|move|p2a: Toxapex|Knock Off|p1a: Boss Music
|-resisted|p1a: Boss Music
|-damage|p1a: Boss Music|84/100
|
|upkeep
|turn|44
|
|t:|1650702644
|switch|p2a: Yveltal|Yveltal|85/100
|-ability|p2a: Yveltal|Dark Aura
|move|p1a: Boss Music|Knock Off|p2a: Yveltal
|-resisted|p2a: Yveltal
|-damage|p2a: Yveltal|64/100
|-enditem|p2a: Yveltal|Heavy-Duty Boots|[from] move: Knock Off|[of] p1a: Boss Music
|
|upkeep
|turn|45
|
|t:|1650702654
|switch|p1a: Biscuit|Magearna|94/100
|move|p2a: Yveltal|Defog|p1a: Biscuit
|-unboost|p1a: Biscuit|evasion|1
|-sideend|p2: cxcould|Stealth Rock|[from] move: Defog|[of] p2a: Yveltal
|
|-heal|p1a: Biscuit|100/100|[from] item: Leftovers
|upkeep
|turn|46
|
|t:|1650702664
|move|p2a: Yveltal|Roost|p2a: Yveltal
|-heal|p2a: Yveltal|100/100
|-singleturn|p2a: Yveltal|move: Roost
|move|p1a: Biscuit|Fleur Cannon|p2a: Yveltal
|-supereffective|p2a: Yveltal
|-damage|p2a: Yveltal|41/100
|-unboost|p1a: Biscuit|spa|2
|
|upkeep
|turn|47
|
|t:|1650702674
|move|p2a: Yveltal|Roost|p2a: Yveltal
|-heal|p2a: Yveltal|91/100
|-singleturn|p2a: Yveltal|move: Roost
|move|p1a: Biscuit|Volt Switch|p2a: Yveltal
|-damage|p2a: Yveltal|86/100
|
|t:|1650702680
|switch|p1a: Comrade|Kyurem-White, shiny|70/100|[from]move: Volt Switch
|-ability|p1a: Comrade|Turboblaze
|
|upkeep
|turn|48
|
|t:|1650702695
|switch|p1a: Shit Distributor|Groudon, shiny|84/100
|-weather|SunnyDay|[from] ability: Drought|[of] p1a: Shit Distributor
|move|p2a: Yveltal|Snarl|p1a: Shit Distributor|[miss]
|-miss|p2a: Yveltal|p1a: Shit Distributor
|
|-weather|SunnyDay|[upkeep]
|upkeep
|turn|49
|
|t:|1650702703
|switch|p1a: Biscuit|Magearna|100/100
|move|p2a: Yveltal|Snarl|p1a: Biscuit
|-resisted|p1a: Biscuit
|-damage|p1a: Biscuit|88/100
|-unboost|p1a: Biscuit|spa|1
|
|-weather|SunnyDay|[upkeep]
|-heal|p1a: Biscuit|94/100|[from] item: Leftovers
|upkeep
|turn|50
|
|t:|1650702711
|switch|p2a: Zygarde|Zygarde|93/100
|move|p1a: Biscuit|Volt Switch|p2a: Zygarde
|-immune|p2a: Zygarde
|
|-weather|SunnyDay|[upkeep]
|-heal|p2a: Zygarde|99/100|[from] item: Leftovers
|-heal|p1a: Biscuit|99/100|[from] item: Leftovers
|upkeep
|turn|51
|
|t:|1650702719
|switch|p1a: Boss Music|Yveltal, shiny|84/100
|-ability|p1a: Boss Music|Dark Aura
|move|p2a: Zygarde|Glare|p1a: Boss Music
|-status|p1a: Boss Music|par
|
|-weather|SunnyDay|[upkeep]
|-heal|p2a: Zygarde|100/100|[from] item: Leftovers
|upkeep
|turn|52
|
|t:|1650702729
|switch|p2a: Toxapex|Toxapex, M|50/100
|move|p1a: Boss Music|U-turn|p2a: Toxapex
|-resisted|p2a: Toxapex
|-damage|p2a: Toxapex|44/100
|
|t:|1650702733
|switch|p1a: Shit Distributor|Groudon, shiny|84/100|[from]move: U-turn
|
|-weather|none
|upkeep
|turn|53
|
|t:|1650702741
|switch|p2a: Yveltal|Yveltal|86/100
|-ability|p2a: Yveltal|Dark Aura
|move|p1a: Shit Distributor|Stealth Rock|p2a: Yveltal
|-sidestart|p2: cxcould|move: Stealth Rock
|
|upkeep
|turn|54
|
|t:|1650702747
|move|p1a: Shit Distributor|Stone Edge|p2a: Yveltal
|-supereffective|p2a: Yveltal
|-damage|p2a: Yveltal|15/100
|move|p2a: Yveltal|Defog|p1a: Shit Distributor
|-unboost|p1a: Shit Distributor|evasion|1
|-sideend|p2: cxcould|Stealth Rock|[from] move: Defog|[of] p2a: Yveltal
|
|upkeep
|turn|55
|
|t:|1650702754
|move|p1a: Shit Distributor|Stealth Rock|p2a: Yveltal
|-sidestart|p2: cxcould|move: Stealth Rock
|move|p2a: Yveltal|Roost|p2a: Yveltal
|-heal|p2a: Yveltal|65/100
|-singleturn|p2a: Yveltal|move: Roost
|
|upkeep
|turn|56
|
|t:|1650702761
|switch|p2a: Zygarde|Zygarde|100/100
|-damage|p2a: Zygarde|94/100|[from] Stealth Rock
|move|p1a: Shit Distributor|Stone Edge|p2a: Zygarde|[miss]
|-miss|p1a: Shit Distributor|p2a: Zygarde
|
|-heal|p2a: Zygarde|100/100|[from] item: Leftovers
|upkeep
|turn|57
|
|t:|1650702771
|switch|p1a: Boss Music|Yveltal, shiny|84/100 par
|-ability|p1a: Boss Music|Dark Aura
|move|p2a: Zygarde|Thousand Arrows|p1a: Boss Music
|-damage|p1a: Boss Music|53/100 par
|-start|p1a: Boss Music|Smack Down
|
|upkeep
|turn|58
|
|t:|1650702780
|switch|p1a: Comrade|Kyurem-White, shiny|70/100
|-ability|p1a: Comrade|Turboblaze
|move|p2a: Zygarde|Thousand Arrows|p1a: Comrade
|-damage|p1a: Comrade|43/100
|
|upkeep
|turn|59
|
|t:|1650702793
|switch|p2a: Lunala|Lunala|100/100
|move|p1a: Comrade|Roost|p1a: Comrade
|-heal|p1a: Comrade|93/100
|-singleturn|p1a: Comrade|move: Roost
|
|upkeep
|turn|60
|
|t:|1650702800
|switch|p1a: Biscuit|Magearna|99/100
|move|p2a: Lunala|Ice Beam|p1a: Biscuit
|-resisted|p1a: Biscuit
|-damage|p1a: Biscuit|88/100
|
|-heal|p1a: Biscuit|94/100|[from] item: Leftovers
|upkeep
|turn|61
|
|t:|1650702812
|switch|p2a: Eternatus|Eternatus|89/100
|-damage|p2a: Eternatus|77/100|[from] Stealth Rock
|-ability|p2a: Eternatus|Pressure
|move|p1a: Biscuit|Heal Bell|p1a: Biscuit
|-activate|p1a: Biscuit|move: Heal Bell
|-curestatus|p1: Boss Music|par|[msg]
|
|-heal|p2a: Eternatus|83/100|[from] item: Black Sludge
|-heal|p1a: Biscuit|99/100|[from] item: Leftovers
|upkeep
|turn|62
|
|t:|1650702823
|move|p2a: Eternatus|Cosmic Power|p2a: Eternatus
|-boost|p2a: Eternatus|def|1
|-boost|p2a: Eternatus|spd|1
|move|p1a: Biscuit|Volt Switch|p2a: Eternatus
|-resisted|p2a: Eternatus
|-damage|p2a: Eternatus|77/100
|
|t:|1650702835
|switch|p1a: Comrade|Kyurem-White, shiny|93/100|[from]move: Volt Switch
|-ability|p1a: Comrade|Turboblaze
|
|-heal|p2a: Eternatus|84/100|[from] item: Black Sludge
|upkeep
|turn|63
|
|t:|1650702842
|switch|p1a: Biscuit|Magearna|99/100
|move|p2a: Eternatus|Cosmic Power|p2a: Eternatus
|-boost|p2a: Eternatus|def|1
|-boost|p2a: Eternatus|spd|1
|
|-heal|p2a: Eternatus|90/100|[from] item: Black Sludge
|-heal|p1a: Biscuit|100/100|[from] item: Leftovers
|upkeep
|turn|64
|
|t:|1650702852
|move|p2a: Eternatus|Cosmic Power|p2a: Eternatus
|-boost|p2a: Eternatus|def|1
|-boost|p2a: Eternatus|spd|1
|move|p1a: Biscuit|Volt Switch|p2a: Eternatus
|-resisted|p2a: Eternatus
|-damage|p2a: Eternatus|87/100
|
|t:|1650702861
|switch|p1a: Boss Music|Yveltal, shiny|53/100|[from]move: Volt Switch
|-ability|p1a: Boss Music|Dark Aura
|
|-heal|p2a: Eternatus|93/100|[from] item: Black Sludge
|upkeep
|turn|65
|
|t:|1650702870
|move|p2a: Eternatus|Cosmic Power|p2a: Eternatus
|-boost|p2a: Eternatus|def|1
|-boost|p2a: Eternatus|spd|1
|move|p1a: Boss Music|Oblivion Wing|p2a: Eternatus
|-damage|p2a: Eternatus|83/100
|-heal|p1a: Boss Music|60/100|[from] drain|[of] p2a: Eternatus
|
|-heal|p2a: Eternatus|89/100|[from] item: Black Sludge
|upkeep
|turn|66
|
|t:|1650702879
|move|p2a: Eternatus|Cosmic Power|p2a: Eternatus
|-boost|p2a: Eternatus|def|1
|-boost|p2a: Eternatus|spd|1
|move|p1a: Boss Music|Knock Off|p2a: Eternatus
|-damage|p2a: Eternatus|79/100
|-enditem|p2a: Eternatus|Black Sludge|[from] move: Knock Off|[of] p1a: Boss Music
|
|upkeep
|turn|67
|
|t:|1650702886
|move|p2a: Eternatus|Cosmic Power|p2a: Eternatus
|-boost|p2a: Eternatus|def|1
|-boost|p2a: Eternatus|spd|1
|move|p1a: Boss Music|U-turn|p2a: Eternatus
|-resisted|p2a: Eternatus
|-damage|p2a: Eternatus|78/100
|
|t:|1650702891
|switch|p1a: Biscuit|Magearna|100/100|[from]move: U-turn
|
|upkeep
|turn|68
|
|t:|1650702904
|move|p2a: Eternatus|Recover|p2a: Eternatus
|-heal|p2a: Eternatus|100/100
|move|p1a: Biscuit|Volt Switch|p2a: Eternatus
|-resisted|p2a: Eternatus
|-crit|p2a: Eternatus
|-damage|p2a: Eternatus|88/100
|
|t:|1650702913
|switch|p1a: Shit Distributor|Groudon, shiny|84/100|[from]move: Volt Switch
|-weather|SunnyDay|[from] ability: Drought|[of] p1a: Shit Distributor
|
|-weather|SunnyDay|[upkeep]
|upkeep
|turn|69
|
|t:|1650702931
|switch|p1a: Biscuit|Magearna|100/100
|move|p2a: Eternatus|Dynamax Cannon|p1a: Biscuit
|-immune|p1a: Biscuit
|
|-weather|SunnyDay|[upkeep]
|upkeep
|turn|70
|
|t:|1650702939
|switch|p1a: Ass Kickin Chicken|Ho-Oh, shiny|100/100
|move|p2a: Eternatus|Meteor Beam||[still]
|-prepare|p2a: Eternatus|Meteor Beam
|-boost|p2a: Eternatus|spa|1
|
|-weather|SunnyDay|[upkeep]
|upkeep
|turn|71
|
|t:|1650702947
|switch|p1a: Biscuit|Magearna|100/100
|move|p2a: Eternatus|Meteor Beam|p1a: Biscuit|[from]lockedmove
|-resisted|p1a: Biscuit
|-damage|p1a: Biscuit|80/100
|
|-weather|SunnyDay|[upkeep]
|-heal|p1a: Biscuit|86/100|[from] item: Leftovers
|upkeep
|turn|72
|
|t:|1650702961
|move|p2a: Eternatus|Meteor Beam||[still]
|-prepare|p2a: Eternatus|Meteor Beam
|-boost|p2a: Eternatus|spa|1
|move|p1a: Biscuit|Pain Split|p2a: Eternatus
|-sethp|p2a: Eternatus|79/100|[from] move: Pain Split|[silent]
|-sethp|p1a: Biscuit|98/100|[from] move: Pain Split
|
|-weather|none
|-heal|p1a: Biscuit|100/100|[from] item: Leftovers
|upkeep
|turn|73
|
|t:|1650702970
|move|p2a: Eternatus|Meteor Beam|p1a: Biscuit|[from]lockedmove
|-resisted|p1a: Biscuit
|-damage|p1a: Biscuit|75/100
|move|p1a: Biscuit|Fleur Cannon|p2a: Eternatus
|-damage|p2a: Eternatus|68/100
|-unboost|p1a: Biscuit|spa|2
|
|-heal|p1a: Biscuit|81/100|[from] item: Leftovers
|upkeep
|turn|74
|
|t:|1650702980
|move|p2a: Eternatus|Meteor Beam||[still]
|-prepare|p2a: Eternatus|Meteor Beam
|-boost|p2a: Eternatus|spa|1
|move|p1a: Biscuit|Fleur Cannon|p2a: Eternatus
|-damage|p2a: Eternatus|62/100
|-unboost|p1a: Biscuit|spa|2
|
|-heal|p1a: Biscuit|87/100|[from] item: Leftovers
|upkeep
|turn|75
|
|t:|1650702988
|move|p2a: Eternatus|Meteor Beam|p1a: Biscuit|[from]lockedmove
|-resisted|p1a: Biscuit
|-damage|p1a: Biscuit|51/100
|move|p1a: Biscuit|Pain Split|p2a: Eternatus
|-sethp|p2a: Eternatus|51/100|[from] move: Pain Split|[silent]
|-sethp|p1a: Biscuit|64/100|[from] move: Pain Split
|
|-heal|p1a: Biscuit|70/100|[from] item: Leftovers
|upkeep
|turn|76
|
|t:|1650702996
|move|p2a: Eternatus|Meteor Beam||[still]
|-prepare|p2a: Eternatus|Meteor Beam
|-boost|p2a: Eternatus|spa|1
|move|p1a: Biscuit|Fleur Cannon|p2a: Eternatus
|-crit|p2a: Eternatus
|-damage|p2a: Eternatus|0 fnt
|-unboost|p1a: Biscuit|spa|2
|faint|p2a: Eternatus
|-ability|p1a: Biscuit|Soul-Heart|boost
|-boost|p1a: Biscuit|spa|1
|
|-heal|p1a: Biscuit|76/100|[from] item: Leftovers
|upkeep
|
|t:|1650703004
|switch|p2a: Zygarde|Zygarde|100/100
|-damage|p2a: Zygarde|94/100|[from] Stealth Rock
|turn|77
|c|☆AndrewB_73|I’m so sorry
|
|t:|1650703015
|switch|p1a: Comrade|Kyurem-White, shiny|93/100
|-ability|p1a: Comrade|Turboblaze
|move|p2a: Zygarde|Glare|p1a: Comrade
|-status|p1a: Comrade|par
|
|-heal|p2a: Zygarde|100/100|[from] item: Leftovers
|upkeep
|turn|78
|
|t:|1650703026
|switch|p2a: Lunala|Lunala|100/100
|switch|p1a: Slinkie|Eternatus|100/100
|-ability|p1a: Slinkie|Pressure
|
|upkeep
|turn|79
|
|t:|1650703036
|switch|p1a: Comrade|Kyurem-White, shiny|93/100 par
|-ability|p1a: Comrade|Turboblaze
|move|p2a: Lunala|Will-O-Wisp||[still]
|-fail|p2a: Lunala
|
|upkeep
|turn|80
|
|t:|1650703046
|switch|p1a: Boss Music|Yveltal, shiny|60/100
|-ability|p1a: Boss Music|Dark Aura
|move|p2a: Lunala|Ice Beam|p1a: Boss Music
|-supereffective|p1a: Boss Music
|-damage|p1a: Boss Music|17/100
|
|upkeep
|turn|81
|
|t:|1650703061
|switch|p2a: Toxapex|Toxapex, M|77/100
|-damage|p2a: Toxapex|65/100|[from] Stealth Rock
|move|p1a: Boss Music|U-turn|p2a: Toxapex
|-resisted|p2a: Toxapex
|-damage|p2a: Toxapex|58/100
|
|t:|1650703067
|switch|p1a: Shit Distributor|Groudon, shiny|84/100|[from]move: U-turn
|-weather|SunnyDay|[from] ability: Drought|[of] p1a: Shit Distributor
|
|-weather|SunnyDay|[upkeep]
|upkeep
|turn|82
|
|t:|1650703075
|switch|p2a: Lunala|Lunala|100/100
|move|p1a: Shit Distributor|Precipice Blades|p2a: Lunala
|-damage|p2a: Lunala|78/100
|
|-weather|SunnyDay|[upkeep]
|upkeep
|turn|83
|
|t:|1650703085
|switch|p1a: Ass Kickin Chicken|Ho-Oh, shiny|100/100
|move|p2a: Lunala|Roost|p2a: Lunala
|-heal|p2a: Lunala|100/100
|-singleturn|p2a: Lunala|move: Roost
|
|-weather|SunnyDay|[upkeep]
|upkeep
|turn|84
|
|t:|1650703094
|switch|p2a: Zygarde|Zygarde|100/100
|-damage|p2a: Zygarde|94/100|[from] Stealth Rock
|switch|p1a: Slinkie|Eternatus|100/100
|-ability|p1a: Slinkie|Pressure
|
|-weather|SunnyDay|[upkeep]
|-heal|p2a: Zygarde|100/100|[from] item: Leftovers
|upkeep
|turn|85
|
|t:|1650703104
|switch|p2a: Toxapex|Toxapex, M|92/100
|-damage|p2a: Toxapex|79/100|[from] Stealth Rock
|move|p1a: Slinkie|Dynamax Cannon|p2a: Toxapex
|-damage|p2a: Toxapex|34/100
|
|-weather|none
|upkeep
|turn|86
|
|t:|1650703111
|switch|p1a: Boss Music|Yveltal, shiny|17/100
|-ability|p1a: Boss Music|Dark Aura
|switch|p2a: Lunala|Lunala|100/100
|
|upkeep
|turn|87
|
|t:|1650703127
|move|p1a: Boss Music|U-turn|p2a: Lunala
|-damage|p2a: Lunala|95/100
|
|t:|1650703131
|switch|p1a: Comrade|Kyurem-White, shiny|93/100 par|[from]move: U-turn
|-ability|p1a: Comrade|Turboblaze
|move|p2a: Lunala|Ice Beam|p1a: Comrade
|-damage|p1a: Comrade|70/100 par
|
|upkeep
|turn|88
|
|t:|1650703141
|move|p2a: Lunala|Roost|p2a: Lunala
|-heal|p2a: Lunala|100/100
|-singleturn|p2a: Lunala|move: Roost
|move|p1a: Comrade|Roost|p1a: Comrade
|-heal|p1a: Comrade|100/100 par
|-singleturn|p1a: Comrade|move: Roost
|
|upkeep
|turn|89
|
|t:|1650703150
|switch|p1a: Ass Kickin Chicken|Ho-Oh, shiny|100/100
|move|p2a: Lunala|Roar|p1a: Ass Kickin Chicken
|drag|p1a: Biscuit|Magearna|76/100
|
|-heal|p1a: Biscuit|82/100|[from] item: Leftovers
|upkeep
|turn|90
|
|t:|1650703165
|switch|p1a: Slinkie|Eternatus|100/100
|-ability|p1a: Slinkie|Pressure
|move|p2a: Lunala|Will-O-Wisp|p1a: Slinkie
|-status|p1a: Slinkie|brn
|
|-damage|p1a: Slinkie|94/100 brn|[from] brn
|upkeep
|turn|91
|
|t:|1650703175
|switch|p2a: Toxapex|Toxapex, M|67/100
|-damage|p2a: Toxapex|55/100|[from] Stealth Rock
|move|p1a: Slinkie|Flamethrower|p2a: Toxapex
|-resisted|p2a: Toxapex
|-damage|p2a: Toxapex|40/100
|
|-damage|p1a: Slinkie|88/100 brn|[from] brn
|upkeep
|turn|92
|
|t:|1650703192
|switch|p2a: Blissey|Blissey, F|63/100
|-damage|p2a: Blissey|51/100|[from] Stealth Rock
|move|p1a: Slinkie|Dynamax Cannon|p2a: Blissey
|-damage|p2a: Blissey|35/100
|
|-damage|p1a: Slinkie|82/100 brn|[from] brn
|upkeep
|turn|93
|
|t:|1650703200
|switch|p1a: Boss Music|Yveltal, shiny|17/100
|-ability|p1a: Boss Music|Dark Aura
|move|p2a: Blissey|Soft-Boiled|p2a: Blissey
|-heal|p2a: Blissey|85/100
|
|upkeep
|turn|94
|
|t:|1650703208
|switch|p2a: Toxapex|Toxapex, M|73/100
|-damage|p2a: Toxapex|61/100|[from] Stealth Rock
|move|p1a: Boss Music|Knock Off|p2a: Toxapex
|-damage|p2a: Toxapex|37/100
|
|upkeep
|turn|95
|
|t:|1650703217
|move|p1a: Boss Music|Oblivion Wing|p2a: Toxapex
|-damage|p2a: Toxapex|6/100
|-heal|p1a: Boss Music|34/100|[from] drain|[of] p2a: Toxapex
|move|p2a: Toxapex|Recover|p2a: Toxapex
|-heal|p2a: Toxapex|56/100
|
|upkeep
|turn|96
|
|t:|1650703225
|switch|p2a: Yveltal|Yveltal|65/100
|-damage|p2a: Yveltal|40/100|[from] Stealth Rock
|-ability|p2a: Yveltal|Dark Aura
|move|p1a: Boss Music|Oblivion Wing|p2a: Yveltal
|-damage|p2a: Yveltal|20/100
|-heal|p1a: Boss Music|50/100|[from] drain|[of] p2a: Yveltal
|
|upkeep
|turn|97
|
|t:|1650703235
|move|p1a: Boss Music|U-turn|p2a: Yveltal
|-damage|p2a: Yveltal|3/100
|
|t:|1650703245
|switch|p1a: Biscuit|Magearna|82/100|[from]move: U-turn
|move|p2a: Yveltal|Roost|p2a: Yveltal
|-heal|p2a: Yveltal|53/100
|-singleturn|p2a: Yveltal|move: Roost
|
|-heal|p1a: Biscuit|88/100|[from] item: Leftovers
|upkeep
|turn|98
|inactive|AndrewB_73 has 120 seconds left.
|
|t:|1650703256
|switch|p1a: Boss Music|Yveltal, shiny|50/100
|-ability|p1a: Boss Music|Dark Aura
|move|p2a: Yveltal|Roost|p2a: Yveltal
|-heal|p2a: Yveltal|100/100
|-singleturn|p2a: Yveltal|move: Roost
|
|upkeep
|turn|99
|inactive|AndrewB_73 has 120 seconds left.
|
|t:|1650703263
|move|p1a: Boss Music|Oblivion Wing|p2a: Yveltal
|-damage|p2a: Yveltal|81/100
|-heal|p1a: Boss Music|66/100|[from] drain|[of] p2a: Yveltal
|move|p2a: Yveltal|Defog|p1a: Boss Music
|-unboost|p1a: Boss Music|evasion|1
|-sideend|p2: cxcould|Stealth Rock|[from] move: Defog|[of] p2a: Yveltal
|
|upkeep
|turn|100
|inactive|AndrewB_73 has 120 seconds left.
|
|t:|1650703271
|move|p1a: Boss Music|U-turn|p2a: Yveltal
|-damage|p2a: Yveltal|64/100
|
|t:|1650703274
|switch|p1a: Shit Distributor|Groudon, shiny|84/100|[from]move: U-turn
|-weather|SunnyDay|[from] ability: Drought|[of] p1a: Shit Distributor
|move|p2a: Yveltal|Snarl|p1a: Shit Distributor
|-damage|p1a: Shit Distributor|57/100
|-unboost|p1a: Shit Distributor|spa|1
|
|-weather|SunnyDay|[upkeep]
|upkeep
|turn|101
|
|t:|1650703284
|move|p1a: Shit Distributor|Stone Edge|p2a: Yveltal
|-supereffective|p2a: Yveltal
|-damage|p2a: Yveltal|0 fnt
|faint|p2a: Yveltal
|
|-weather|SunnyDay|[upkeep]
|upkeep
|
|t:|1650703293
|switch|p2a: Lunala|Lunala|100/100
|turn|102
|
|t:|1650703298
|switch|p1a: Ass Kickin Chicken|Ho-Oh, shiny|100/100
|move|p2a: Lunala|Ice Beam|p1a: Ass Kickin Chicken
|-damage|p1a: Ass Kickin Chicken|85/100
|
|-weather|SunnyDay|[upkeep]
|upkeep
|turn|103
|
|t:|1650703308
|switch|p2a: Toxapex|Toxapex, M|89/100
|move|p1a: Ass Kickin Chicken|Sacred Fire|p2a: Toxapex
|-resisted|p2a: Toxapex
|-damage|p2a: Toxapex|65/100
|-status|p2a: Toxapex|brn
|
|-weather|SunnyDay|[upkeep]
|-damage|p2a: Toxapex|59/100 brn|[from] brn
|upkeep
|turn|104
|
|t:|1650703317
|switch|p2a: Lunala|Lunala|100/100
|move|p1a: Ass Kickin Chicken|Earthquake|p2a: Lunala
|-damage|p2a: Lunala|90/100
|
|-weather|none
|upkeep
|turn|105
|
|t:|1650703324
|switch|p2a: Toxapex|Toxapex, M|93/100 brn
|move|p1a: Ass Kickin Chicken|Sacred Fire|p2a: Toxapex
|-resisted|p2a: Toxapex
|-damage|p2a: Toxapex|77/100 brn
|
|-damage|p2a: Toxapex|71/100 brn|[from] brn
|upkeep
|turn|106
|
|t:|1650703331
|move|p1a: Ass Kickin Chicken|Earthquake|p2a: Toxapex
|-supereffective|p2a: Toxapex
|-crit|p2a: Toxapex
|-damage|p2a: Toxapex|9/100 brn
|move|p2a: Toxapex|Spite|p1a: Ass Kickin Chicken
|-activate|p1a: Ass Kickin Chicken|move: Spite|Earthquake|4
|
|-damage|p2a: Toxapex|3/100 brn|[from] brn
|upkeep
|turn|107
|
|t:|1650703339
|switch|p1a: Boss Music|Yveltal, shiny|66/100
|-ability|p1a: Boss Music|Dark Aura
|switch|p2a: Zygarde|Zygarde|100/100
|
|upkeep
|turn|108
|
|t:|1650703348
|move|p1a: Boss Music|Knock Off|p2a: Zygarde
|-damage|p2a: Zygarde|70/100
|-enditem|p2a: Zygarde|Leftovers|[from] move: Knock Off|[of] p1a: Boss Music
|move|p2a: Zygarde|Glare|p1a: Boss Music
|-status|p1a: Boss Music|par
|
|upkeep
|turn|109
|
|t:|1650703357
|move|p2a: Zygarde|Thousand Arrows|p1a: Boss Music
|-damage|p1a: Boss Music|39/100 par
|-start|p1a: Boss Music|Smack Down
|move|p1a: Boss Music|U-turn|p2a: Zygarde
|-damage|p2a: Zygarde|60/100
|
|t:|1650703365
|switch|p1a: Slinkie|Eternatus|82/100 brn|[from]move: U-turn
|-ability|p1a: Slinkie|Pressure
|
|-damage|p1a: Slinkie|76/100 brn|[from] brn
|upkeep
|turn|110
|
|t:|1650703371
|switch|p2a: Blissey|Blissey, F|85/100
|move|p1a: Slinkie|Dynamax Cannon|p2a: Blissey
|-damage|p2a: Blissey|71/100
|
|-damage|p1a: Slinkie|70/100 brn|[from] brn
|upkeep
|turn|111
|
|t:|1650703378
|switch|p1a: Ass Kickin Chicken|Ho-Oh, shiny|100/100
|move|p2a: Blissey|Stealth Rock|p1a: Ass Kickin Chicken
|-sidestart|p1: AndrewB_73|move: Stealth Rock
|
|upkeep
|turn|112
|
|t:|1650703384
|switch|p2a: Toxapex|Toxapex, M|37/100 brn
|move|p1a: Ass Kickin Chicken|Defog|p2a: Toxapex
|-unboost|p2a: Toxapex|evasion|1
|-sideend|p1: AndrewB_73|Stealth Rock|[from] move: Defog|[of] p1a: Ass Kickin Chicken
|
|-damage|p2a: Toxapex|31/100 brn|[from] brn
|upkeep
|turn|113
|
|t:|1650703395
|switch|p1a: Biscuit|Magearna|88/100
|switch|p2a: Zygarde|Zygarde|60/100
|
|-heal|p1a: Biscuit|94/100|[from] item: Leftovers
|upkeep
|turn|114
|
|t:|1650703404
|move|p2a: Zygarde|Thousand Arrows|p1a: Biscuit
|-supereffective|p1a: Biscuit
|-damage|p1a: Biscuit|58/100
|move|p1a: Biscuit|Heal Bell|p1a: Biscuit
|-activate|p1a: Biscuit|move: Heal Bell
|-curestatus|p1: Comrade|par|[msg]
|-curestatus|p1: Slinkie|brn|[msg]
|-curestatus|p1: Boss Music|par|[msg]
|
|-heal|p1a: Biscuit|64/100|[from] item: Leftovers
|upkeep
|turn|115
|-message|cxcould forfeited.
|
|win|AndrewB_73
|raw|AndrewB_73's rating: 1339 &rarr; <strong>1371</strong><br />(+32 for winning)
|raw|cxcould's rating: 1571 &rarr; <strong>1539</strong><br />(-32 for losing)
|l|☆cxcould
|j|☆cxcould
|player|p2|cxcould|dawn
|c|☆AndrewB_73|Lol GG
