|raw|<div class="broadcast-blue"><strong>This battle is required to be public due to a player having a name starting with 'ult4pdr'.</div>
|j|☆ULT4PDR 周杰伦Jay
|j|☆ULT9NS 369
|t:|1654398246
|gametype|singles
|player|p1|ULT4PDR 周杰伦Jay|dawn|1721
|player|p2|ULT9NS 369|dawn|1721
|teamsize|p1|6
|teamsize|p2|6
|gen|8
|tier|[Gen 8] Ubers
|rated|
|rule|Sleep Clause Mod: Limit one foe put to sleep
|rule|Species Clause: Limit one of each Pokémon
|rule|OHKO Clause: OHKO moves are banned
|rule|Evasion Moves Clause: Evasion moves are banned
|rule|Endless Battle Clause: Forcing endless battles is banned
|rule|HP Percentage Mod: HP is shown in percentages
|rule|Dynamax Clause: You cannot dynamax
|clearpoke
|poke|p1|Zekrom|
|poke|p1|Necrozma-Dusk-Mane|
|poke|p1|Yveltal|
|poke|p1|Eternatus|
|poke|p1|Lunala|
|poke|p1|Kyogre|
|poke|p2|Calyrex-Shadow|
|poke|p2|Xerneas-*|
|poke|p2|Eternatus|
|poke|p2|Groudon|
|poke|p2|Yveltal|
|poke|p2|Excadrill, F|
|teampreview
|inactive|Battle timer is ON: inactive players will automatically lose when time's up. (requested by ULT9NS 369)
|j| ULT4PDR gostop
|
|t:|1654398319
|start
|switch|p1a: Eternatus|Eternatus|100/100
|switch|p2a: Excadrill|Excadrill, F|100/100
|-ability|p1a: Eternatus|Pressure
|-ability|p2a: Excadrill|Mold Breaker
|turn|1
|
|t:|1654398323
|move|p1a: Eternatus|Flamethrower|p2a: Excadrill
|-supereffective|p2a: Excadrill
|-damage|p2a: Excadrill|26/100
|move|p2a: Excadrill|Stealth Rock|p1a: Eternatus
|-sidestart|p1: ULT4PDR 周杰伦Jay|move: Stealth Rock
|
|upkeep
|turn|2
|
|t:|1654398327
|move|p1a: Eternatus|Flamethrower|p2a: Excadrill
|-supereffective|p2a: Excadrill
|-damage|p2a: Excadrill|0 fnt
|faint|p2a: Excadrill
|
|upkeep
|
|t:|1654398330
|switch|p2a: Eternatus|Eternatus|100/100
|-ability|p2a: Eternatus|Pressure
|turn|3
|
|t:|1654398333
|switch|p1a: Necrozma|Necrozma-Dusk-Mane|100/100
|-damage|p1a: Necrozma|94/100|[from] Stealth Rock
|move|p2a: Eternatus|Meteor Beam||[still]
|-prepare|p2a: Eternatus|Meteor Beam
|-boost|p2a: Eternatus|spa|1
|-enditem|p2a: Eternatus|Power Herb
|-anim|p2a: Eternatus|Meteor Beam|p1a: Necrozma
|-resisted|p1a: Necrozma
|-damage|p1a: Necrozma|75/100
|
|-heal|p1a: Necrozma|81/100|[from] item: Leftovers
|upkeep
|turn|4
|
|t:|1654398346
|move|p2a: Eternatus|Dynamax Cannon|p1a: Necrozma
|-resisted|p1a: Necrozma
|-damage|p1a: Necrozma|57/100
|move|p1a: Necrozma|Thunder Wave|p2a: Eternatus
|-status|p2a: Eternatus|par
|
|-heal|p1a: Necrozma|63/100|[from] item: Leftovers
|upkeep
|turn|5
|
|t:|1654398357
|move|p1a: Necrozma|Morning Sun|p1a: Necrozma
|-heal|p1a: Necrozma|100/100
|move|p2a: Eternatus|Flamethrower|p1a: Necrozma
|-supereffective|p1a: Necrozma
|-damage|p1a: Necrozma|52/100
|
|-heal|p1a: Necrozma|58/100|[from] item: Leftovers
|upkeep
|turn|6
|
|t:|1654398372
|move|p1a: Necrozma|Iron Head|p2a: Eternatus
|-damage|p2a: Eternatus|64/100 par
|move|p2a: Eternatus|Flamethrower|p1a: Necrozma
|-supereffective|p1a: Necrozma
|-damage|p1a: Necrozma|14/100
|-status|p1a: Necrozma|brn
|
|-heal|p1a: Necrozma|20/100 brn|[from] item: Leftovers
|-damage|p1a: Necrozma|14/100 brn|[from] brn
|upkeep
|turn|7
|
|t:|1654398379
|move|p1a: Necrozma|Morning Sun|p1a: Necrozma
|-heal|p1a: Necrozma|64/100 brn
|cant|p2a: Eternatus|par
|
|-heal|p1a: Necrozma|70/100 brn|[from] item: Leftovers
|-damage|p1a: Necrozma|64/100 brn|[from] brn
|upkeep
|turn|8
|j| Separation
|
|t:|1654398395
|switch|p1a: Eternatus|Eternatus|100/100
|-ability|p1a: Eternatus|Pressure
|move|p2a: Eternatus|Dynamax Cannon|p1a: Eternatus
|-supereffective|p1a: Eternatus
|-damage|p1a: Eternatus|0 fnt
|faint|p1a: Eternatus
|
|upkeep
|c| ULT4PDR gostop|666
|inactive|ULT4PDR 周杰伦Jay has 120 seconds left.
|
|t:|1654398427
|switch|p1a: Kyogre|Kyogre|100/100
|-damage|p1a: Kyogre|88/100|[from] Stealth Rock
|-weather|RainDance|[from] ability: Drizzle|[of] p1a: Kyogre
|turn|9
|
|t:|1654398445
|move|p1a: Kyogre|Ice Beam|p2a: Eternatus
|-supereffective|p2a: Eternatus
|-damage|p2a: Eternatus|0 fnt
|faint|p2a: Eternatus
|
|-weather|RainDance|[upkeep]
|upkeep
|
|t:|1654398459
|switch|p2a: Calyrex|Calyrex-Shadow|100/100
|-ability|p2a: Calyrex|As One
|-ability|p2a: Calyrex|Unnerve
|turn|10
|
|t:|1654398462
|switch|p1a: Yveltal|Yveltal|100/100
|-ability|p1a: Yveltal|Dark Aura
|move|p2a: Calyrex|Astral Barrage|p1a: Yveltal
|-resisted|p1a: Yveltal
|-damage|p1a: Yveltal|79/100
|
|-weather|RainDance|[upkeep]
|upkeep
|turn|11
|
|t:|1654398472
|switch|p2a: Xerneas|Xerneas|100/100
|-ability|p2a: Xerneas|Fairy Aura
|move|p1a: Yveltal|Knock Off|p2a: Xerneas
|-resisted|p2a: Xerneas
|-damage|p2a: Xerneas|75/100
|-enditem|p2a: Xerneas|Power Herb|[from] move: Knock Off|[of] p1a: Yveltal
|
|-weather|RainDance|[upkeep]
|upkeep
|turn|12
|j| skimmythegod
|inactive|ULT9NS 369 has 120 seconds left.
|
|t:|1654398506
|switch|p2a: Yveltal|Yveltal|100/100
|-ability|p2a: Yveltal|Dark Aura
|switch|p1a: Necrozma|Necrozma-Dusk-Mane|64/100 brn
|-damage|p1a: Necrozma|58/100 brn|[from] Stealth Rock
|
|-weather|RainDance|[upkeep]
|-heal|p1a: Necrozma|64/100 brn|[from] item: Leftovers
|-damage|p1a: Necrozma|58/100 brn|[from] brn
|upkeep
|turn|13
|
|t:|1654398509
|switch|p2a: Xerneas|Xerneas|75/100
|-ability|p2a: Xerneas|Fairy Aura
|switch|p1a: Yveltal|Yveltal|79/100
|-ability|p1a: Yveltal|Dark Aura
|
|-weather|none
|upkeep
|turn|14
|inactive|ULT9NS 369 has 120 seconds left.
|c| ULT4PDR gostop|鸡头有没有全看这把
|
|t:|1654398556
|switch|p2a: Calyrex|Calyrex-Shadow|100/100
|-ability|p2a: Calyrex|As One
|-ability|p2a: Calyrex|Unnerve
|move|p1a: Yveltal|Knock Off|p2a: Calyrex
|-supereffective|p2a: Calyrex
|-damage|p2a: Calyrex|0 fnt
|-enditem|p2a: Calyrex|Choice Scarf|[from] move: Knock Off|[of] p1a: Yveltal
|faint|p2a: Calyrex
|
|upkeep
|
|t:|1654398564
|switch|p2a: Groudon|Groudon|100/100
|-weather|SunnyDay|[from] ability: Drought|[of] p2a: Groudon
|turn|15
|c| ULT4PDR gostop|鸡头有了
|
|t:|1654398591
|switch|p1a: Lunala|Lunala|100/100
|move|p2a: Groudon|Heat Crash|p1a: Lunala
|-damage|p1a: Lunala|64/100
|-damage|p2a: Groudon|91/100|[from] item: Life Orb
|
|-weather|SunnyDay|[upkeep]
|upkeep
|turn|16
|
|t:|1654398598
|move|p1a: Lunala|Roost|p1a: Lunala
|-heal|p1a: Lunala|100/100
|-singleturn|p1a: Lunala|move: Roost
|move|p2a: Groudon|Rock Polish|p2a: Groudon
|-boost|p2a: Groudon|spe|2
|
|-weather|SunnyDay|[upkeep]
|upkeep
|turn|17
|
|t:|1654398613
|move|p2a: Groudon|Heat Crash|p1a: Lunala
|-damage|p1a: Lunala|62/100
|-damage|p2a: Groudon|81/100|[from] item: Life Orb
|move|p1a: Lunala|Will-O-Wisp|p2a: Groudon
|-status|p2a: Groudon|brn
|
|-weather|SunnyDay|[upkeep]
|-damage|p2a: Groudon|74/100 brn|[from] brn
|upkeep
|turn|18
|
|t:|1654398620
|move|p2a: Groudon|Heat Crash|p1a: Lunala
|-damage|p1a: Lunala|25/100
|-damage|p2a: Groudon|64/100 brn|[from] item: Life Orb
|move|p1a: Lunala|Roost|p1a: Lunala
|-heal|p1a: Lunala|75/100
|-singleturn|p1a: Lunala|move: Roost
|
|-weather|SunnyDay|[upkeep]
|-damage|p2a: Groudon|58/100 brn|[from] brn
|upkeep
|turn|19
|
|t:|1654398624
|move|p2a: Groudon|Heat Crash|p1a: Lunala
|-damage|p1a: Lunala|38/100
|-damage|p2a: Groudon|48/100 brn|[from] item: Life Orb
|move|p1a: Lunala|Roost|p1a: Lunala
|-heal|p1a: Lunala|88/100
|-singleturn|p1a: Lunala|move: Roost
|
|-weather|none
|-damage|p2a: Groudon|42/100 brn|[from] brn
|upkeep
|turn|20
|inactive|ULT9NS 369 has 120 seconds left.
|
|t:|1654398640
|move|p2a: Groudon|Earthquake|p1a: Lunala
|-damage|p1a: Lunala|56/100
|-damage|p2a: Groudon|32/100 brn|[from] item: Life Orb
|move|p1a: Lunala|Roost|p1a: Lunala
|-heal|p1a: Lunala|100/100
|-singleturn|p1a: Lunala|move: Roost
|
|-damage|p2a: Groudon|26/100 brn|[from] brn
|upkeep
|turn|21
|
|t:|1654398645
|move|p2a: Groudon|Earthquake|p1a: Lunala
|-damage|p1a: Lunala|85/100
|-damage|p2a: Groudon|16/100 brn|[from] item: Life Orb
|move|p1a: Lunala|Ice Beam|p2a: Groudon
|-supereffective|p2a: Groudon
|-damage|p2a: Groudon|0 fnt
|faint|p2a: Groudon
|
|upkeep
|
|t:|1654398657
|switch|p2a: Xerneas|Xerneas|75/100
|-ability|p2a: Xerneas|Fairy Aura
|turn|22
|
|t:|1654398665
|switch|p1a: Necrozma|Necrozma-Dusk-Mane|58/100 brn
|-damage|p1a: Necrozma|52/100 brn|[from] Stealth Rock
|move|p2a: Xerneas|Moonblast|p1a: Necrozma
|-resisted|p1a: Necrozma
|-damage|p1a: Necrozma|33/100 brn
|
|-heal|p1a: Necrozma|39/100 brn|[from] item: Leftovers
|-damage|p1a: Necrozma|33/100 brn|[from] brn
|upkeep
|turn|23
|
|t:|1654398669
|move|p2a: Xerneas|Moonblast|p1a: Necrozma
|-resisted|p1a: Necrozma
|-damage|p1a: Necrozma|15/100 brn
|move|p1a: Necrozma|Morning Sun|p1a: Necrozma
|-heal|p1a: Necrozma|65/100 brn
|
|-heal|p1a: Necrozma|71/100 brn|[from] item: Leftovers
|-damage|p1a: Necrozma|65/100 brn|[from] brn
|upkeep
|turn|24
|
|t:|1654398677
|move|p2a: Xerneas|Moonblast|p1a: Necrozma
|-resisted|p1a: Necrozma
|-damage|p1a: Necrozma|43/100 brn
|move|p1a: Necrozma|Thunder Wave|p2a: Xerneas
|-status|p2a: Xerneas|par
|
|-heal|p1a: Necrozma|49/100 brn|[from] item: Leftovers
|-damage|p1a: Necrozma|43/100 brn|[from] brn
|upkeep
|turn|25
|
|t:|1654398680
|move|p1a: Necrozma|Morning Sun|p1a: Necrozma
|-heal|p1a: Necrozma|93/100 brn
|move|p2a: Xerneas|Moonblast|p1a: Necrozma
|-resisted|p1a: Necrozma
|-damage|p1a: Necrozma|72/100 brn
|
|-heal|p1a: Necrozma|78/100 brn|[from] item: Leftovers
|-damage|p1a: Necrozma|72/100 brn|[from] brn
|upkeep
|turn|26
|l| skimmythegod
|
|t:|1654398687
|move|p1a: Necrozma|Iron Head|p2a: Xerneas
|-supereffective|p2a: Xerneas
|-damage|p2a: Xerneas|35/100 par
|move|p2a: Xerneas|Moonblast|p1a: Necrozma
|-resisted|p1a: Necrozma
|-damage|p1a: Necrozma|53/100 brn
|-unboost|p1a: Necrozma|spa|1
|
|-heal|p1a: Necrozma|59/100 brn|[from] item: Leftovers
|-damage|p1a: Necrozma|53/100 brn|[from] brn
|upkeep
|turn|27
|
|t:|1654398691
|move|p1a: Necrozma|Morning Sun|p1a: Necrozma
|-heal|p1a: Necrozma|100/100 brn
|move|p2a: Xerneas|Moonblast|p1a: Necrozma
|-resisted|p1a: Necrozma
|-damage|p1a: Necrozma|82/100 brn
|
|-heal|p1a: Necrozma|88/100 brn|[from] item: Leftovers
|-damage|p1a: Necrozma|82/100 brn|[from] brn
|upkeep
|turn|28
|j| Musashi 109
|
|t:|1654398700
|move|p1a: Necrozma|Iron Head|p2a: Xerneas
|-supereffective|p2a: Xerneas
|-damage|p2a: Xerneas|0 fnt
|faint|p2a: Xerneas
|
|-heal|p1a: Necrozma|88/100 brn|[from] item: Leftovers
|-damage|p1a: Necrozma|82/100 brn|[from] brn
|upkeep
|
|t:|1654398710
|switch|p2a: Yveltal|Yveltal|100/100
|-ability|p2a: Yveltal|Dark Aura
|turn|29
|
|t:|1654398714
|move|p2a: Yveltal|Dark Pulse|p1a: Necrozma
|-supereffective|p1a: Necrozma
|-damage|p1a: Necrozma|33/100 brn
|cant|p1a: Necrozma|flinch
|
|-heal|p1a: Necrozma|39/100 brn|[from] item: Leftovers
|-damage|p1a: Necrozma|33/100 brn|[from] brn
|upkeep
|turn|30
|
|t:|1654398722
|move|p2a: Yveltal|Oblivion Wing|p1a: Necrozma
|-resisted|p1a: Necrozma
|-damage|p1a: Necrozma|21/100 brn
|move|p1a: Necrozma|Thunder Wave|p2a: Yveltal
|-status|p2a: Yveltal|par
|
|-heal|p1a: Necrozma|27/100 brn|[from] item: Leftovers
|-damage|p1a: Necrozma|21/100 brn|[from] brn
|upkeep
|turn|31
|
|t:|1654398727
|move|p1a: Necrozma|Iron Head|p2a: Yveltal
|-damage|p2a: Yveltal|83/100 par
|cant|p2a: Yveltal|flinch
|
|-heal|p1a: Necrozma|27/100 brn|[from] item: Leftovers
|-damage|p1a: Necrozma|21/100 brn|[from] brn
|upkeep
|turn|32
|
|t:|1654398731
|move|p1a: Necrozma|Iron Head|p2a: Yveltal
|-damage|p2a: Yveltal|64/100 par
|cant|p2a: Yveltal|flinch
|
|-heal|p1a: Necrozma|27/100 brn|[from] item: Leftovers
|-damage|p1a: Necrozma|21/100 brn|[from] brn
|upkeep
|turn|33
|
|t:|1654398733
|move|p1a: Necrozma|Iron Head|p2a: Yveltal
|-damage|p2a: Yveltal|46/100 par
|move|p2a: Yveltal|Dark Pulse|p1a: Necrozma
|-supereffective|p1a: Necrozma
|-damage|p1a: Necrozma|0 fnt
|faint|p1a: Necrozma
|
|upkeep
|
|t:|1654398738
|switch|p1a: Kyogre|Kyogre|88/100
|-damage|p1a: Kyogre|76/100|[from] Stealth Rock
|-weather|RainDance|[from] ability: Drizzle|[of] p1a: Kyogre
|turn|34
|
|t:|1654398740
|move|p1a: Kyogre|Ice Beam|p2a: Yveltal
|-supereffective|p2a: Yveltal
|-damage|p2a: Yveltal|0 fnt
|faint|p2a: Yveltal
|
|win|ULT4PDR 周杰伦Jay
|raw|ULT4PDR 周杰伦Jay's rating: 1721 &rarr; <strong>1741</strong><br />(+20 for winning)
|raw|ULT9NS 369's rating: 1721 &rarr; <strong>1701</strong><br />(-20 for losing)
|l| ULT4PDR gostop
|l|☆ULT4PDR 周杰伦Jay
|j| ULT4PDR 693
|l|☆ULT9NS 369
||Ladder isn't responding, score probably updated but might not have (Request timeout).
|l| Separation
|j| ULT4PDR gostop
|l| ULT4PDR gostop
|j| gewwge
|l| gewwge
|l| Musashi 109
|j| uult1 x
|l| ULT4PDR 693
|l| uult1 x
|j| Dark Combo
