|j|☆TaKuTo-SeNpAi
|j|☆DUCAJUNGKO
|player|p1|TaKuTo-SeNpAi|anabel|
|player|p2|DUCAJUNGKO|acetrainer-gen4dp|
|teamsize|p1|6
|teamsize|p2|6
|gametype|singles
|gen|8
|tier|[Gen 8] Ubers
|rated|Tournament battle
|clearpoke
|poke|p1|Reshiram|
|poke|p1|Zekrom|
|poke|p1|Necrozma-Dusk-Mane|
|poke|p1|Lunala|
|poke|p1|Eternatus|
|poke|p1|Ditto|
|poke|p2|Zacian-Crowned|
|poke|p2|Kyurem-White|
|poke|p2|Necrozma-Dusk-Mane|
|poke|p2|Marshadow|
|poke|p2|Eternatus|
|poke|p2|Melmetal|
|rule|Sleep Clause Mod: Limit one foe put to sleep
|rule|Species Clause: Limit one of each Pokémon
|rule|OHKO Clause: OHKO moves are banned
|rule|Evasion Moves Clause: Evasion moves are banned
|rule|Endless Battle Clause: Forcing endless battles is banned
|rule|HP Percentage Mod: HP is shown in percentages
|teampreview
|j|+kingbaruk
|j|%shrang
|inactive|Battle timer is ON: inactive players will automatically lose when time's up. (requested by TaKuTo-SeNpAi)
|
|start
|switch|p1a: Necrozma|Necrozma-Dusk-Mane, shiny|100/100
|switch|p2a: Necrozma|Necrozma-Dusk-Mane|100/100
|turn|1
|inactive|DUCAJUNGKO has 120 seconds left.
|
|move|p1a: Necrozma|Thunder Wave|p2a: Necrozma|[miss]
|-miss|p1a: Necrozma|p2a: Necrozma
|move|p2a: Necrozma|Stealth Rock|p1a: Necrozma
|-sidestart|p1: TaKuTo-SeNpAi|move: Stealth Rock
|
|upkeep
|turn|2
|j| SarcasmAndSalt
|
|move|p1a: Necrozma|Thunder Wave|p2a: Necrozma|[miss]
|-miss|p1a: Necrozma|p2a: Necrozma
|move|p2a: Necrozma|Earthquake|p1a: Necrozma
|-supereffective|p1a: Necrozma
|-damage|p1a: Necrozma|66/100
|
|-heal|p1a: Necrozma|72/100|[from] item: Leftovers
|upkeep
|turn|3
|inactive|DUCAJUNGKO has 120 seconds left.
|
|move|p1a: Necrozma|Thunder Wave|p2a: Necrozma
|-status|p2a: Necrozma|par
|move|p2a: Necrozma|Earthquake|p1a: Necrozma
|-supereffective|p1a: Necrozma
|-damage|p1a: Necrozma|39/100
|
|-heal|p1a: Necrozma|45/100|[from] item: Leftovers
|upkeep
|turn|4
|inactive|DUCAJUNGKO has 120 seconds left.
|
|move|p1a: Necrozma|Morning Sun|p1a: Necrozma
|-heal|p1a: Necrozma|95/100
|move|p2a: Necrozma|Earthquake|p1a: Necrozma
|-supereffective|p1a: Necrozma
|-damage|p1a: Necrozma|62/100
|
|-heal|p1a: Necrozma|68/100|[from] item: Leftovers
|upkeep
|turn|5
|
|switch|p2a: Melmetal|Melmetal|100/100
|move|p1a: Necrozma|Stealth Rock|p2a: Melmetal
|-sidestart|p2: DUCAJUNGKO|move: Stealth Rock
|
|-heal|p1a: Necrozma|74/100|[from] item: Leftovers
|upkeep
|turn|6
|inactive|TaKuTo-SeNpAi has 120 seconds left.
|
|switch|p1a: Lunala|Lunala, shiny|100/100
|move|p2a: Melmetal|Earthquake|p1a: Lunala
|-damage|p1a: Lunala|76/100
|
|upkeep
|turn|7
|
|switch|p2a: Marshadow|Marshadow|100/100
|-damage|p2a: Marshadow|94/100|[from] Stealth Rock
|move|p1a: Lunala|Will-O-Wisp|p2a: Marshadow
|-status|p2a: Marshadow|brn
|
|-damage|p2a: Marshadow|88/100 brn|[from] brn
|upkeep
|turn|8
|inactive|TaKuTo-SeNpAi has 120 seconds left.
|inactive|TaKuTo-SeNpAi has 90 seconds left.
|
|switch|p1a: Eternatus|Eternatus|100/100
|-damage|p1a: Eternatus|88/100|[from] Stealth Rock
|-ability|p1a: Eternatus|Pressure
|move|p2a: Marshadow|Spectral Thief|p1a: Eternatus
|-damage|p1a: Eternatus|70/100
|
|-damage|p2a: Marshadow|82/100 brn|[from] brn
|upkeep
|turn|9
|inactive|TaKuTo-SeNpAi has 90 seconds left.
|l|%shrang
|
|move|p1a: Eternatus|Shadow Ball|p2a: Marshadow
|-supereffective|p2a: Marshadow
|-damage|p2a: Marshadow|3/100 brn
|move|p2a: Marshadow|Spectral Thief|p1a: Eternatus
|-damage|p1a: Eternatus|52/100
|
|-damage|p2a: Marshadow|0 fnt|[from] brn
|faint|p2a: Marshadow
|upkeep
|j| DatMapache
|
|switch|p2a: Necrozma|Necrozma-Dusk-Mane|100/100 par
|-damage|p2a: Necrozma|94/100 par|[from] Stealth Rock
|turn|10
|
|switch|p1a: Lunala|Lunala, shiny|76/100
|move|p2a: Necrozma|Earthquake|p1a: Lunala
|-damage|p1a: Lunala|39/100
|
|-heal|p2a: Necrozma|100/100 par|[from] item: Leftovers
|upkeep
|turn|11
|
|move|p1a: Lunala|Roost|p1a: Lunala
|-heal|p1a: Lunala|89/100
|-singleturn|p1a: Lunala|move: Roost
|cant|p2a: Necrozma|par
|
|upkeep
|turn|12
|
|move|p1a: Lunala|Hex|p2a: Necrozma
|-supereffective|p2a: Necrozma
|-damage|p2a: Necrozma|34/100 par
|move|p2a: Necrozma|Sunsteel Strike|p1a: Lunala
|-damage|p1a: Lunala|40/100
|
|-heal|p2a: Necrozma|40/100 par|[from] item: Leftovers
|upkeep
|turn|13
|
|move|p1a: Lunala|Hex|p2a: Necrozma
|-supereffective|p2a: Necrozma
|-crit|p2a: Necrozma
|-damage|p2a: Necrozma|0 fnt
|faint|p2a: Necrozma
|
|upkeep
|
|switch|p2a: Zacian|Zacian-Crowned|100/100
|-damage|p2a: Zacian|94/100|[from] Stealth Rock
|-ability|p2a: Zacian|Intrepid Sword|boost
|-boost|p2a: Zacian|atk|1
|turn|14
|inactive|TaKuTo-SeNpAi has 120 seconds left.
|
|switch|p1a: Necrozma|Necrozma-Dusk-Mane, shiny|74/100
|-damage|p1a: Necrozma|68/100|[from] Stealth Rock
|move|p2a: Zacian|Behemoth Blade|p1a: Necrozma
|-resisted|p1a: Necrozma
|-damage|p1a: Necrozma|44/100
|
|-heal|p1a: Necrozma|50/100|[from] item: Leftovers
|upkeep
|turn|15
|inactive|TaKuTo-SeNpAi has 120 seconds left.
|
|switch|p2a: Melmetal|Melmetal|100/100
|-damage|p2a: Melmetal|94/100|[from] Stealth Rock
|move|p1a: Necrozma|Thunder Wave|p2a: Melmetal
|-status|p2a: Melmetal|par
|
|-heal|p1a: Necrozma|57/100|[from] item: Leftovers
|upkeep
|turn|16
|inactive|TaKuTo-SeNpAi has 120 seconds left.
|
|switch|p1a: Lunala|Lunala, shiny|40/100
|cant|p2a: Melmetal|par
|
|upkeep
|turn|17
|
|move|p1a: Lunala|Roost|p1a: Lunala
|-heal|p1a: Lunala|90/100
|-singleturn|p1a: Lunala|move: Roost
|cant|p2a: Melmetal|par
|
|upkeep
|turn|18
|
|move|p1a: Lunala|Hex|p2a: Melmetal
|-damage|p2a: Melmetal|32/100 par
|move|p2a: Melmetal|Double Iron Bash|p1a: Lunala
|-damage|p1a: Lunala|39/100
|-damage|p1a: Lunala|0 fnt
|-hitcount|p1a: Lunala|2
|faint|p1a: Lunala
|
|upkeep
|inactive|TaKuTo-SeNpAi has 120 seconds left.
|
|switch|p1a: Eternatus|Eternatus|52/100
|-damage|p1a: Eternatus|40/100|[from] Stealth Rock
|-ability|p1a: Eternatus|Pressure
|turn|19
|
|move|p1a: Eternatus|Flamethrower|p2a: Melmetal
|-supereffective|p2a: Melmetal
|-damage|p2a: Melmetal|0 fnt
|faint|p2a: Melmetal
|
|upkeep
|
|switch|p2a: Eternatus|Eternatus|100/100
|-damage|p2a: Eternatus|88/100|[from] Stealth Rock
|-ability|p2a: Eternatus|Pressure
|turn|20
|
|switch|p1a: Necrozma|Necrozma-Dusk-Mane, shiny|57/100
|-damage|p1a: Necrozma|50/100|[from] Stealth Rock
|move|p2a: Eternatus|Dynamax Cannon|p1a: Necrozma
|-resisted|p1a: Necrozma
|-damage|p1a: Necrozma|32/100
|
|-heal|p2a: Eternatus|94/100|[from] item: Black Sludge
|-heal|p1a: Necrozma|38/100|[from] item: Leftovers
|upkeep
|turn|21
|
|move|p2a: Eternatus|Flamethrower|p1a: Necrozma
|-supereffective|p1a: Necrozma
|-damage|p1a: Necrozma|6/100
|move|p1a: Necrozma|Thunder Wave|p2a: Eternatus
|-status|p2a: Eternatus|par
|
|-heal|p2a: Eternatus|100/100 par|[from] item: Black Sludge
|-heal|p1a: Necrozma|12/100|[from] item: Leftovers
|upkeep
|turn|22
|
|move|p2a: Eternatus|Flamethrower|p1a: Necrozma
|-supereffective|p1a: Necrozma
|-damage|p1a: Necrozma|0 fnt
|faint|p1a: Necrozma
|
|upkeep
|inactive|TaKuTo-SeNpAi has 120 seconds left.
|j|%shrang
|l|%shrang
|
|switch|p1a: Reshiram|Reshiram, shiny|100/100
|-damage|p1a: Reshiram|76/100|[from] Stealth Rock
|-ability|p1a: Reshiram|Turboblaze
|turn|23
|
|move|p1a: Reshiram|Mystical Fire|p2a: Eternatus
|-resisted|p2a: Eternatus
|-damage|p2a: Eternatus|87/100 par
|-unboost|p2a: Eternatus|spa|1
|move|p2a: Eternatus|Dynamax Cannon|p1a: Reshiram
|-supereffective|p1a: Reshiram
|-damage|p1a: Reshiram|40/100
|
|-heal|p1a: Reshiram|46/100|[from] item: Leftovers
|-heal|p2a: Eternatus|93/100 par|[from] item: Black Sludge
|upkeep
|turn|24
|
|move|p1a: Reshiram|Roost|p1a: Reshiram
|-heal|p1a: Reshiram|96/100
|-singleturn|p1a: Reshiram|move: Roost
|move|p2a: Eternatus|Dynamax Cannon|p1a: Reshiram
|-supereffective|p1a: Reshiram
|-damage|p1a: Reshiram|61/100
|
|-heal|p1a: Reshiram|67/100|[from] item: Leftovers
|-heal|p2a: Eternatus|99/100 par|[from] item: Black Sludge
|upkeep
|turn|25
|
|switch|p2a: Kyurem|Kyurem-White|100/100
|-damage|p2a: Kyurem|76/100|[from] Stealth Rock
|-ability|p2a: Kyurem|Turboblaze
|move|p1a: Reshiram|Mystical Fire|p2a: Kyurem
|-damage|p2a: Kyurem|43/100
|-unboost|p2a: Kyurem|spa|1
|
|-heal|p1a: Reshiram|73/100|[from] item: Leftovers
|upkeep
|turn|26
|
|move|p2a: Kyurem|Draco Meteor|p1a: Reshiram
|-supereffective|p1a: Reshiram
|-damage|p1a: Reshiram|0 fnt
|-unboost|p2a: Kyurem|spa|2
|faint|p1a: Reshiram
|
|upkeep
|inactive|TaKuTo-SeNpAi has 90 seconds left.
|
|switch|p1a: Zekrom|Zekrom, shiny|100/100
|-damage|p1a: Zekrom|88/100|[from] Stealth Rock
|-ability|p1a: Zekrom|Teravolt
|turn|27
|inactive|TaKuTo-SeNpAi has 90 seconds left.
|
|switch|p2a: Zacian|Zacian-Crowned|94/100
|-damage|p2a: Zacian|88/100|[from] Stealth Rock
|-ability|p2a: Zacian|Intrepid Sword|boost
|-boost|p2a: Zacian|atk|1
|move|p1a: Zekrom|Dragon Dance|p1a: Zekrom
|-boost|p1a: Zekrom|atk|1
|-boost|p1a: Zekrom|spe|1
|
|-heal|p1a: Zekrom|94/100|[from] item: Leftovers
|upkeep
|turn|28
|inactive|TaKuTo-SeNpAi has 90 seconds left.
|
|-start|p1a: Zekrom|Dynamax
|-heal|p1a: Zekrom|94/100|[silent]
|move|p2a: Zacian|Play Rough|p1a: Zekrom
|-supereffective|p1a: Zekrom
|-damage|p1a: Zekrom|27/100
|move|p1a: Zekrom|Max Lightning|p2a: Zacian
|-damage|p2a: Zacian|0 fnt
|-fieldstart|move: Electric Terrain
|faint|p2a: Zacian
|
|-heal|p1a: Zekrom|30/100|[from] item: Leftovers
|upkeep
|
|switch|p2a: Kyurem|Kyurem-White|43/100
|-damage|p2a: Kyurem|18/100|[from] Stealth Rock
|-ability|p2a: Kyurem|Turboblaze
|turn|29
|j|%shrang
|
|-start|p2a: Kyurem|Dynamax
|-heal|p2a: Kyurem|18/100|[silent]
|move|p1a: Zekrom|Max Wyrmwind|p2a: Kyurem
|-supereffective|p2a: Kyurem
|-damage|p2a: Kyurem|0 fnt
|faint|p2a: Kyurem
|
|-heal|p1a: Zekrom|33/100|[from] item: Leftovers
|upkeep
|
|switch|p2a: Eternatus|Eternatus|99/100 par
|-damage|p2a: Eternatus|87/100 par|[from] Stealth Rock
|-ability|p2a: Eternatus|Pressure
|turn|30
|
|move|p1a: Zekrom|Max Wyrmwind|p2a: Eternatus
|-supereffective|p2a: Eternatus
|-damage|p2a: Eternatus|0 fnt
|faint|p2a: Eternatus
|
|win|TaKuTo-SeNpAi
|l|☆DUCAJUNGKO
