|html|<div class="broadcast-blue"><strong>[Gen 8] Ubers is currently suspecting Zacian! For information on how to participate check out the <a href="https://www.smogon.com/forums/threads/np-ss-ubers-stage-7-heroes-zacian-hero-suspect-test.3685323/">suspect thread</a>.</strong></div>
|j|☆MegaRngesus
|j|☆Rell27
|t:|1623041512
|gametype|singles
|player|p1|MegaRngesus|burglar|1351
|player|p2|Rell27|102|1541
|teamsize|p1|6
|teamsize|p2|6
|gen|8
|tier|[Gen 8] Ubers
|rated|
|rule|Sleep Clause Mod: Limit one foe put to sleep
|rule|Species Clause: Limit one of each Pokémon
|rule|OHKO Clause: OHKO moves are banned
|rule|Evasion Moves Clause: Evasion moves are banned
|rule|Endless Battle Clause: Forcing endless battles is banned
|rule|HP Percentage Mod: HP is shown in percentages
|rule|Dynamax Clause: You cannot dynamax
|clearpoke
|poke|p1|Kyogre|
|poke|p1|Palkia|
|poke|p1|Marshadow|
|poke|p1|Yveltal|
|poke|p1|Kyurem-White|
|poke|p1|Scizor, M|
|poke|p2|Necrozma-Dusk-Mane|
|poke|p2|Eternatus|
|poke|p2|Calyrex-Shadow|
|poke|p2|Yveltal|
|poke|p2|Xerneas-*|
|poke|p2|Ho-Oh|
|teampreview
|inactive|Battle timer is ON: inactive players will automatically lose when time's up. (requested by MegaRngesus)
|
|t:|1623041523
|start
|switch|p1a: Kyogre|Kyogre|100/100
|switch|p2a: Eternatus|Eternatus|100/100
|-weather|RainDance|[from] ability: Drizzle|[of] p1a: Kyogre
|-ability|p2a: Eternatus|Pressure
|turn|1
|
|t:|1623041535
|move|p1a: Kyogre|Ice Beam|p2a: Eternatus
|-supereffective|p2a: Eternatus
|-damage|p2a: Eternatus|44/100
|move|p2a: Eternatus|Sludge Bomb|p1a: Kyogre
|-damage|p1a: Kyogre|51/100
|-damage|p2a: Eternatus|34/100|[from] item: Life Orb
|
|-weather|RainDance|[upkeep]
|upkeep
|turn|2
|
|t:|1623041539
|switch|p2a: Ho-Oh|Ho-Oh|100/100
|move|p1a: Kyogre|Ice Beam|p2a: Ho-Oh
|-damage|p2a: Ho-Oh|81/100
|
|-weather|RainDance|[upkeep]
|upkeep
|turn|3
|
|t:|1623041543
|switch|p1a: Palkia|Palkia, shiny|100/100
|-ability|p1a: Palkia|Pressure
|move|p2a: Ho-Oh|Thunder Wave|p1a: Palkia
|-status|p1a: Palkia|par
|
|-weather|RainDance|[upkeep]
|upkeep
|turn|4
|
|t:|1623041555
|switch|p2a: Necrozma|Necrozma-Dusk-Mane|100/100
|move|p1a: Palkia|Hydro Pump|p2a: Necrozma
|-damage|p2a: Necrozma|21/100
|
|-weather|RainDance|[upkeep]
|upkeep
|turn|5
|
|t:|1623041560
|move|p2a: Necrozma|Stealth Rock|p1a: Palkia
|-sidestart|p1: MegaRngesus|move: Stealth Rock
|cant|p1a: Palkia|par
|
|-weather|none
|upkeep
|turn|6
|
|t:|1623041562
|move|p2a: Necrozma|Photon Geyser|p1a: Palkia
|-damage|p1a: Palkia|54/100 par
|cant|p1a: Palkia|par
|
|upkeep
|turn|7
|
|t:|1623041570
|switch|p1a: Yveltal|Yveltal, shiny|100/100
|-ability|p1a: Yveltal|Dark Aura
|move|p2a: Necrozma|Moonlight|p2a: Necrozma
|-heal|p2a: Necrozma|71/100
|
|upkeep
|turn|8
|
|t:|1623041574
|switch|p2a: Xerneas|Xerneas|100/100
|-ability|p2a: Xerneas|Fairy Aura
|move|p1a: Yveltal|Defog|p2a: Xerneas
|-unboost|p2a: Xerneas|evasion|1
|-sideend|p1: MegaRngesus|Stealth Rock|[from] move: Defog|[of] p1a: Yveltal
|
|upkeep
|turn|9
|
|t:|1623041581
|switch|p1a: Scizor|Scizor, M|100/100
|move|p2a: Xerneas|Moonblast|p1a: Scizor
|-resisted|p1a: Scizor
|-damage|p1a: Scizor|56/100
|-unboost|p1a: Scizor|spa|1
|
|upkeep
|turn|10
|
|t:|1623041584
|switch|p2a: Necrozma|Necrozma-Dusk-Mane|71/100
|move|p1a: Scizor|Bullet Punch|p2a: Necrozma
|-resisted|p2a: Necrozma
|-damage|p2a: Necrozma|54/100
|-damage|p1a: Scizor|39/100|[from] item: Rocky Helmet|[of] p2a: Necrozma
|
|upkeep
|turn|11
|
|t:|1623041588
|switch|p1a: Kyogre|Kyogre|51/100
|-weather|RainDance|[from] ability: Drizzle|[of] p1a: Kyogre
|move|p2a: Necrozma|Stealth Rock|p1a: Kyogre
|-sidestart|p1: MegaRngesus|move: Stealth Rock
|
|-weather|RainDance|[upkeep]
|upkeep
|turn|12
|
|t:|1623041593
|move|p1a: Kyogre|Origin Pulse|p2a: Necrozma
|-damage|p2a: Necrozma|0 fnt
|faint|p2a: Necrozma
|
|-weather|RainDance|[upkeep]
|upkeep
|
|t:|1623041597
|switch|p2a: Yveltal|Yveltal|100/100
|-ability|p2a: Yveltal|Dark Aura
|turn|13
|
|t:|1623041600
|move|p2a: Yveltal|Sucker Punch|p1a: Kyogre
|-damage|p1a: Kyogre|0 fnt
|faint|p1a: Kyogre
|-damage|p2a: Yveltal|91/100|[from] item: Life Orb
|
|-weather|RainDance|[upkeep]
|upkeep
|
|t:|1623041603
|switch|p1a: Yveltal|Yveltal, shiny|100/100
|-ability|p1a: Yveltal|Dark Aura
|turn|14
|
|t:|1623041608
|switch|p2a: Xerneas|Xerneas|100/100
|-ability|p2a: Xerneas|Fairy Aura
|move|p1a: Yveltal|Defog|p2a: Xerneas
|-unboost|p2a: Xerneas|evasion|1
|-sideend|p1: MegaRngesus|Stealth Rock|[from] move: Defog|[of] p1a: Yveltal
|
|-weather|RainDance|[upkeep]
|upkeep
|turn|15
|
|t:|1623041614
|switch|p1a: Palkia|Palkia, shiny|54/100 par
|-ability|p1a: Palkia|Pressure
|move|p2a: Xerneas|Moonblast|p1a: Palkia
|-supereffective|p1a: Palkia
|-damage|p1a: Palkia|0 fnt
|faint|p1a: Palkia
|
|-weather|none
|upkeep
|
|t:|1623041617
|switch|p1a: Scizor|Scizor, M|39/100
|turn|16
|
|t:|1623041625
|switch|p2a: Ho-Oh|Ho-Oh|100/100
|move|p1a: Scizor|Bullet Punch|p2a: Ho-Oh
|-resisted|p2a: Ho-Oh
|-damage|p2a: Ho-Oh|76/100
|
|upkeep
|turn|17
|
|t:|1623041628
|switch|p1a: Kyurem|Kyurem-White, shiny|100/100
|-ability|p1a: Kyurem|Turboblaze
|move|p2a: Ho-Oh|Sacred Fire|p1a: Kyurem
|-damage|p1a: Kyurem|46/100
|-status|p1a: Kyurem|brn
|
|-damage|p1a: Kyurem|40/100 brn|[from] brn
|upkeep
|turn|18
|
|t:|1623041635
|move|p1a: Kyurem|Ice Beam|p2a: Ho-Oh
|-damage|p2a: Ho-Oh|29/100
|move|p2a: Ho-Oh|Sacred Fire|p1a: Kyurem
|-damage|p1a: Kyurem|0 fnt
|faint|p1a: Kyurem
|
|upkeep
|
|t:|1623041639
|switch|p1a: Yveltal|Yveltal, shiny|100/100
|-ability|p1a: Yveltal|Dark Aura
|turn|19
|
|t:|1623041641
|switch|p2a: Xerneas|Xerneas|100/100
|-ability|p2a: Xerneas|Fairy Aura
|move|p1a: Yveltal|Oblivion Wing|p2a: Xerneas
|-damage|p2a: Xerneas|60/100
|
|upkeep
|turn|20
|
|t:|1623041650
|switch|p1a: Marshadow|Marshadow|100/100
|move|p2a: Xerneas|Moonblast|p1a: Marshadow
|-supereffective|p1a: Marshadow
|-damage|p1a: Marshadow|0 fnt
|faint|p1a: Marshadow
|
|upkeep
|
|t:|1623041653
|switch|p1a: Scizor|Scizor, M|39/100
|turn|21
|
|t:|1623041655
|switch|p2a: Ho-Oh|Ho-Oh|63/100
|move|p1a: Scizor|U-turn|p2a: Ho-Oh
|-resisted|p2a: Ho-Oh
|-damage|p2a: Ho-Oh|50/100
|
|t:|1623041657
|switch|p1a: Yveltal|Yveltal, shiny|100/100|[from]move: U-turn
|-ability|p1a: Yveltal|Dark Aura
|
|upkeep
|turn|22
|
|t:|1623041664
|move|p1a: Yveltal|Oblivion Wing|p2a: Ho-Oh
|-damage|p2a: Ho-Oh|24/100
|move|p2a: Ho-Oh|Thunder Wave|p1a: Yveltal
|-status|p1a: Yveltal|par
|
|upkeep
|turn|23
|
|t:|1623041668
|move|p2a: Ho-Oh|Roost|p2a: Ho-Oh
|-heal|p2a: Ho-Oh|74/100
|-singleturn|p2a: Ho-Oh|move: Roost
|move|p1a: Yveltal|Oblivion Wing|p2a: Ho-Oh
|-damage|p2a: Ho-Oh|51/100
|
|upkeep
|turn|24
|c|☆MegaRngesus|Ouch ggs
|-message|MegaRngesus forfeited.
|
|win|Rell27
|raw|MegaRngesus's rating: 1351 &rarr; <strong>1341</strong><br />(-10 for losing)
|raw|Rell27's rating: 1541 &rarr; <strong>1551</strong><br />(+10 for winning)
|l|☆MegaRngesus
|l|☆Rell27
|j|☆Rell27
|player|p2|Rell27|102
