|raw|<div class="broadcast-blue"><strong>This battle is required to be public due to a player having a name starting with 'lt94je'.</div>
|j|☆LT94JE tj
|j|☆noobiste
|t:|1661630971
|gametype|singles
|player|p1|LT94JE tj|#uplxdurians|
|player|p2|noobiste|265|
|teamsize|p1|6
|teamsize|p2|6
|gen|8
|tier|[Gen 8] Ubers
|rule|Sleep Clause Mod: Limit one foe put to sleep
|rule|Species Clause: Limit one of each Pokémon
|rule|OHKO Clause: OHKO moves are banned
|rule|Evasion Items Clause: Evasion items are banned
|rule|Evasion Moves Clause: Evasion moves are banned
|rule|Endless Battle Clause: Forcing endless battles is banned
|rule|HP Percentage Mod: HP is shown in percentages
|rule|Dynamax Clause: You cannot dynamax
|clearpoke
|poke|p1|Tapu Koko|
|poke|p1|Yveltal|
|poke|p1|Solgaleo|
|poke|p1|Eternatus|
|poke|p1|Dugtrio, M|
|poke|p1|Pheromosa|
|poke|p2|Melmetal, L99|
|poke|p2|Hatterene, F|
|poke|p2|Calyrex-Ice|
|poke|p2|Kyogre|
|poke|p2|Magearna|
|poke|p2|Yveltal|
|teampreview
|inactive|Battle timer is ON: inactive players will automatically lose when time's up. (requested by LT94JE tj)
|c|☆noobiste|best of one ,right ?
|c|☆LT94JE tj|yes
|c|☆LT94JE tj|hf
|c|☆noobiste|hf
|inactive|LT94JE tj has 270 seconds left.
|inactive|noobiste has 270 seconds left.
|
|t:|1661631014
|start
|switch|p1a: Tapu Koko|Tapu Koko|100/100
|switch|p2a: C+5|Calyrex-Ice|100/100
|-ability|p2a: C+5|As One
|-ability|p2a: C+5|Unnerve
|-fieldstart|move: Electric Terrain|[from] ability: Electric Surge|[of] p1a: Tapu Koko
|turn|1
|
|t:|1661631017
|move|p1a: Tapu Koko|Volt Switch|p2a: C+5
|-damage|p2a: C+5|59/100
|
|t:|1661631020
|switch|p1a: Solgaleo|Solgaleo|100/100|[from]move: Volt Switch
|move|p2a: C+5|Trick Room|p2a: C+5
|-fieldstart|move: Trick Room|[of] p2a: C+5
|
|upkeep
|turn|2
|
|t:|1661631028
|switch|p2a: S 15|Kyogre|100/100
|-weather|RainDance|[from] ability: Drizzle|[of] p2a: S 15
|move|p1a: Solgaleo|Future Sight|p2a: S 15
|-start|p1a: Solgaleo|move: Future Sight
|
|-weather|RainDance|[upkeep]
|upkeep
|turn|3
|inactive|LT94JE tj has 270 seconds left.
|
|t:|1661631081
|switch|p1a: Yveltal|Yveltal|100/100
|-ability|p1a: Yveltal|Dark Aura
|move|p2a: S 15|Water Spout|p1a: Yveltal
|-damage|p1a: Yveltal|0 fnt
|faint|p1a: Yveltal
|
|-weather|RainDance|[upkeep]
|upkeep
|
|t:|1661631085
|switch|p1a: Eternatus|Eternatus|100/100
|-ability|p1a: Eternatus|Pressure
|turn|4
|
|t:|1661631098
|switch|p2a: c5|Magearna|100/100
|move|p1a: Eternatus|Draco Meteor|p2a: c5
|-immune|p2a: c5
|
|-weather|RainDance|[upkeep]
|-end|p2a: c5|move: Future Sight
|-resisted|p2a: c5
|-damage|p2a: c5|85/100
|-heal|p2a: c5|91/100|[from] item: Leftovers
|upkeep
|turn|5
|inactive|LT94JE tj has 270 seconds left.
|
|t:|1661631112
|switch|p2a: Yveltal|Yveltal|100/100
|-ability|p2a: Yveltal|Dark Aura
|switch|p1a: Jeff|Dugtrio, M|100/100
|
|-weather|RainDance|[upkeep]
|-fieldend|move: Trick Room
|-fieldend|move: Electric Terrain
|upkeep
|turn|6
|
|t:|1661631120
|switch|p1a: Tapu Koko|Tapu Koko|100/100
|-fieldstart|move: Electric Terrain|[from] ability: Electric Surge|[of] p1a: Tapu Koko
|move|p2a: Yveltal|Knock Off|p1a: Tapu Koko
|-resisted|p1a: Tapu Koko
|-damage|p1a: Tapu Koko|52/100
|-enditem|p1a: Tapu Koko|Choice Specs|[from] move: Knock Off|[of] p2a: Yveltal
|
|-weather|none
|upkeep
|turn|7
|
|t:|1661631138
|switch|p2a: C+5|Calyrex-Ice|59/100
|-ability|p2a: C+5|As One
|-ability|p2a: C+5|Unnerve
|move|p1a: Tapu Koko|Thunderbolt|p2a: C+5
|-damage|p2a: C+5|25/100
|-status|p2a: C+5|par
|
|upkeep
|turn|8
|
|t:|1661631149
|move|p1a: Tapu Koko|Volt Switch|p2a: C+5
|-damage|p2a: C+5|0 fnt
|faint|p2a: C+5
|inactive|LT94JE tj has 270 seconds left.
|
|t:|1661631172
|switch|p1a: Pheromosa|Pheromosa|100/100|[from]move: Volt Switch
|
|upkeep
|inactive|noobiste has 270 seconds left.
|
|t:|1661631205
|switch|p2a: c5|Magearna|91/100
|turn|9
|
|t:|1661631210
|move|p1a: Pheromosa|U-turn|p2a: c5
|-resisted|p2a: c5
|-damage|p2a: c5|83/100
|
|t:|1661631213
|switch|p1a: Solgaleo|Solgaleo|100/100|[from]move: U-turn
|move|p2a: c5|Trick Room|p2a: c5
|-fieldstart|move: Trick Room|[of] p2a: c5
|
|-heal|p2a: c5|90/100|[from] item: Leftovers
|upkeep
|turn|10
|
|t:|1661631218
|move|p2a: c5|Volt Switch|p1a: Solgaleo
|-damage|p1a: Solgaleo|85/100
|
|t:|1661631221
|switch|p2a: S 15|Kyogre|100/100|[from]move: Volt Switch
|-weather|RainDance|[from] ability: Drizzle|[of] p2a: S 15
|move|p1a: Solgaleo|Teleport|p1a: Solgaleo
|
|t:|1661631224
|switch|p1a: Eternatus|Eternatus|100/100|[from]move: Teleport
|-ability|p1a: Eternatus|Pressure
|
|-weather|RainDance|[upkeep]
|-fieldend|move: Electric Terrain
|upkeep
|turn|11
|
|t:|1661631242
|move|p2a: S 15|Ice Beam|p1a: Eternatus
|-supereffective|p1a: Eternatus
|-damage|p1a: Eternatus|21/100
|-status|p1a: Eternatus|frz
|cant|p1a: Eternatus|frz
|
|-weather|RainDance|[upkeep]
|upkeep
|turn|12
|c|☆LT94JE tj|cmon
|c|☆LT94JE tj|lol
|
|t:|1661631257
|switch|p2a: Yveltal|Yveltal|100/100
|-ability|p2a: Yveltal|Dark Aura
|switch|p1a: Solgaleo|Solgaleo|85/100
|
|-weather|RainDance|[upkeep]
|-heal|p1a: Solgaleo|92/100|[from] item: Leftovers
|upkeep
|turn|13
|
|t:|1661631262
|switch|p1a: Tapu Koko|Tapu Koko|52/100
|-fieldstart|move: Electric Terrain|[from] ability: Electric Surge|[of] p1a: Tapu Koko
|move|p2a: Yveltal|Knock Off|p1a: Tapu Koko
|-resisted|p1a: Tapu Koko
|-damage|p1a: Tapu Koko|14/100
|
|-weather|RainDance|[upkeep]
|-fieldend|move: Trick Room
|upkeep
|turn|14
|
|t:|1661631270
|move|p2a: Yveltal|Sucker Punch|p1a: Tapu Koko
|-resisted|p1a: Tapu Koko
|-damage|p1a: Tapu Koko|0 fnt
|faint|p1a: Tapu Koko
|
|-weather|none
|upkeep
|c|☆LT94JE tj|yeah
|c|☆LT94JE tj|w/e
|-message|LT94JE tj forfeited.
|
|win|noobiste
|l|☆LT94JE tj
