|j|☆nico2097
|j|☆niki564
|t:|1664452851
|gametype|singles
|player|p1|nico2097|hiker-gen4|1401
|player|p2|niki564|266|1325
|teamsize|p1|6
|teamsize|p2|6
|gen|8
|tier|[Gen 8] Ubers
|rated|
|rule|Sleep Clause Mod: Limit one foe put to sleep
|rule|Species Clause: Limit one of each Pokémon
|rule|OHKO Clause: OHKO moves are banned
|rule|Evasion Items Clause: Evasion items are banned
|rule|Evasion Moves Clause: Evasion moves are banned
|rule|Endless Battle Clause: Forcing endless battles is banned
|rule|HP Percentage Mod: HP is shown in percentages
|rule|Dynamax Clause: You cannot dynamax
|clearpoke
|poke|p1|Hatterene, F|
|poke|p1|Porygon2|
|poke|p1|Calyrex-Ice|
|poke|p1|Melmetal|
|poke|p1|Dracovish|
|poke|p1|Kyogre|
|poke|p2|Kyurem-White|
|poke|p2|Yveltal|
|poke|p2|Magnezone|
|poke|p2|Zamazenta-*|
|poke|p2|Rillaboom, F|
|poke|p2|Slowbro, M|
|teampreview
|inactive|Battle timer is ON: inactive players will automatically lose when time's up. (requested by nico2097)
|
|t:|1664452860
|start
|switch|p1a: Hatterene|Hatterene, F|100/100
|switch|p2a: Zamazenta|Zamazenta-Crowned|100/100
|-ability|p2a: Zamazenta|Dauntless Shield|boost
|-boost|p2a: Zamazenta|def|1
|turn|1
|
|t:|1664452868
|move|p2a: Zamazenta|Behemoth Bash|p1a: Hatterene
|-supereffective|p1a: Hatterene
|-enditem|p1a: Hatterene|Focus Sash
|-damage|p1a: Hatterene|1/100
|move|p1a: Hatterene|Trick Room|p1a: Hatterene
|-fieldstart|move: Trick Room|[of] p1a: Hatterene
|
|upkeep
|turn|2
|
|t:|1664452880
|switch|p2a: Yveltal|Yveltal|100/100
|-ability|p2a: Yveltal|Dark Aura
|move|p1a: Hatterene|Healing Wish|p1a: Hatterene
|faint|p1a: Hatterene
|
|upkeep
|
|t:|1664452884
|switch|p1a: Melmetal|Melmetal|100/100
|turn|3
|
|t:|1664452891
|switch|p2a: Slowbro|Slowbro, M|100/100
|move|p1a: Melmetal|Double Iron Bash|p2a: Slowbro
|-resisted|p2a: Slowbro
|-damage|p2a: Slowbro|80/100
|-damage|p1a: Melmetal|84/100|[from] item: Rocky Helmet|[of] p2a: Slowbro
|-resisted|p2a: Slowbro
|-damage|p2a: Slowbro|62/100
|-damage|p1a: Melmetal|67/100|[from] item: Rocky Helmet|[of] p2a: Slowbro
|-hitcount|p2a: Slowbro|2
|
|upkeep
|turn|4
|
|t:|1664452904
|switch|p1a: Kyogre|Kyogre|100/100
|-weather|RainDance|[from] ability: Drizzle|[of] p1a: Kyogre
|move|p2a: Slowbro|Toxic|p1a: Kyogre
|-status|p1a: Kyogre|tox
|
|-weather|RainDance|[upkeep]
|-damage|p1a: Kyogre|94/100 tox|[from] psn
|upkeep
|turn|5
|
|t:|1664452926
|switch|p2a: Magnezone|Magnezone|100/100
|move|p1a: Kyogre|Water Spout|p2a: Magnezone
|-ability|p2a: Magnezone|Sturdy
|-damage|p2a: Magnezone|1/100
|
|-weather|RainDance|[upkeep]
|-damage|p1a: Kyogre|82/100 tox|[from] psn
|-fieldend|move: Trick Room
|upkeep
|turn|6
|-enditem|p2a: Magnezone|Custap Berry|[eat]
|-activate|p2a: Magnezone|item: Custap Berry|[consumed]
|
|t:|1664452937
|switch|p1a: Porygon2|Porygon2|100/100
|move|p2a: Magnezone|Thunderbolt|p1a: Porygon2
|-damage|p1a: Porygon2|65/100
|
|-weather|RainDance|[upkeep]
|upkeep
|turn|7
|
|t:|1664452945
|move|p2a: Magnezone|Thunderbolt|p1a: Porygon2
|-damage|p1a: Porygon2|31/100
|move|p1a: Porygon2|Trick Room|p1a: Porygon2
|-fieldstart|move: Trick Room|[of] p1a: Porygon2
|
|-weather|RainDance|[upkeep]
|upkeep
|turn|8
|
|t:|1664452951
|move|p1a: Porygon2|Recover|p1a: Porygon2
|-heal|p1a: Porygon2|81/100
|move|p2a: Magnezone|Thunderbolt|p1a: Porygon2
|-damage|p1a: Porygon2|48/100
|
|-weather|none
|upkeep
|turn|9
|
|t:|1664452957
|move|p1a: Porygon2|Foul Play|p2a: Magnezone
|-damage|p2a: Magnezone|0 fnt
|faint|p2a: Magnezone
|
|upkeep
|
|t:|1664452964
|switch|p2a: Zamazenta|Zamazenta-Crowned|100/100
|-ability|p2a: Zamazenta|Dauntless Shield|boost
|-boost|p2a: Zamazenta|def|1
|turn|10
|inactive|nico2097 has 120 seconds left.
|
|t:|1664452999
|move|p2a: Zamazenta|Close Combat|p1a: Porygon2
|-supereffective|p1a: Porygon2
|-damage|p1a: Porygon2|0 fnt
|-unboost|p2a: Zamazenta|def|1
|-unboost|p2a: Zamazenta|spd|1
|faint|p1a: Porygon2
|
|upkeep
|
|t:|1664453002
|switch|p1a: Kyogre|Kyogre|82/100 tox
|-heal|p1a: Kyogre|100/100|[from] move: Healing Wish
|-weather|RainDance|[from] ability: Drizzle|[of] p1a: Kyogre
|turn|11
|
|t:|1664453030
|switch|p2a: Kyurem|Kyurem-White|100/100
|-ability|p2a: Kyurem|Turboblaze
|move|p1a: Kyogre|Water Spout|p2a: Kyurem
|-resisted|p2a: Kyurem
|-damage|p2a: Kyurem|7/100
|
|-weather|RainDance|[upkeep]
|-fieldend|move: Trick Room
|upkeep
|turn|12
|
|t:|1664453040
|switch|p1a: Melmetal|Melmetal|67/100
|move|p2a: Kyurem|Draco Meteor|p1a: Melmetal|[miss]
|-miss|p2a: Kyurem|p1a: Melmetal
|
|-weather|RainDance|[upkeep]
|upkeep
|turn|13
|
|t:|1664453052
|switch|p2a: Slowbro|Slowbro, M|96/100
|move|p1a: Melmetal|Double Iron Bash|p2a: Slowbro
|-resisted|p2a: Slowbro
|-damage|p2a: Slowbro|77/100
|-damage|p1a: Melmetal|51/100|[from] item: Rocky Helmet|[of] p2a: Slowbro
|-resisted|p2a: Slowbro
|-damage|p2a: Slowbro|59/100
|-damage|p1a: Melmetal|34/100|[from] item: Rocky Helmet|[of] p2a: Slowbro
|-hitcount|p2a: Slowbro|2
|
|-weather|RainDance|[upkeep]
|upkeep
|turn|14
|
|t:|1664453063
|switch|p1a: Calyrex|Calyrex-Ice|100/100
|-ability|p1a: Calyrex|As One
|-ability|p1a: Calyrex|Unnerve
|move|p2a: Slowbro|Teleport|p2a: Slowbro
|
|t:|1664453071
|switch|p2a: Yveltal|Yveltal|100/100|[from]move: Teleport
|-ability|p2a: Yveltal|Dark Aura
|
|-weather|RainDance|[upkeep]
|upkeep
|turn|15
|
|t:|1664453078
|move|p2a: Yveltal|Foul Play|p1a: Calyrex
|-supereffective|p1a: Calyrex
|-damage|p1a: Calyrex|0 fnt
|faint|p1a: Calyrex
|
|-weather|none
|upkeep
|
|t:|1664453085
|switch|p1a: Kyogre|Kyogre|100/100
|-weather|RainDance|[from] ability: Drizzle|[of] p1a: Kyogre
|turn|16
|
|t:|1664453089
|move|p2a: Yveltal|Foul Play|p1a: Kyogre
|-damage|p1a: Kyogre|66/100
|move|p1a: Kyogre|Origin Pulse|p2a: Yveltal
|-damage|p2a: Yveltal|21/100
|
|-weather|RainDance|[upkeep]
|upkeep
|turn|17
|
|t:|1664453104
|move|p2a: Yveltal|U-turn|p1a: Kyogre
|-damage|p1a: Kyogre|48/100
|
|t:|1664453107
|switch|p2a: Slowbro|Slowbro, M|92/100|[from]move: U-turn
|move|p1a: Kyogre|Origin Pulse|p2a: Slowbro|[miss]
|-miss|p1a: Kyogre|p2a: Slowbro
|
|-weather|RainDance|[upkeep]
|upkeep
|turn|18
|
|t:|1664453120
|move|p1a: Kyogre|Origin Pulse|p2a: Slowbro
|-resisted|p2a: Slowbro
|-damage|p2a: Slowbro|5/100
|move|p2a: Slowbro|Future Sight|p1a: Kyogre
|-start|p2a: Slowbro|move: Future Sight
|
|-weather|RainDance|[upkeep]
|upkeep
|turn|19
|
|t:|1664453130
|switch|p2a: Rillaboom|Rillaboom, F|100/100
|-fieldstart|move: Grassy Terrain|[from] ability: Grassy Surge|[of] p2a: Rillaboom
|move|p1a: Kyogre|Origin Pulse|p2a: Rillaboom
|-resisted|p2a: Rillaboom
|-damage|p2a: Rillaboom|12/100
|
|-weather|RainDance|[upkeep]
|-heal|p2a: Rillaboom|18/100|[from] Grassy Terrain
|-heal|p1a: Kyogre|54/100|[from] Grassy Terrain
|upkeep
|turn|20
|
|t:|1664453156
|switch|p1a: Melmetal|Melmetal|34/100
|move|p2a: Rillaboom|Grassy Glide|p1a: Melmetal
|-resisted|p1a: Melmetal
|-damage|p1a: Melmetal|11/100
|
|-weather|none
|-end|p1a: Melmetal|move: Future Sight
|-resisted|p1a: Melmetal
|-damage|p1a: Melmetal|0 fnt
|faint|p1a: Melmetal
|-heal|p2a: Rillaboom|24/100|[from] Grassy Terrain
|upkeep
|
|t:|1664453159
|switch|p1a: Dracovish|Dracovish|100/100
|turn|21
|
|t:|1664453169
|move|p2a: Rillaboom|Grassy Glide|p1a: Dracovish
|-damage|p1a: Dracovish|31/100
|move|p1a: Dracovish|Crunch|p2a: Rillaboom
|-damage|p2a: Rillaboom|0 fnt
|faint|p2a: Rillaboom
|
|-heal|p1a: Dracovish|37/100|[from] Grassy Terrain
|upkeep
|
|t:|1664453177
|switch|p2a: Kyurem|Kyurem-White|7/100
|-ability|p2a: Kyurem|Turboblaze
|turn|22
|
|t:|1664453181
|move|p2a: Kyurem|Freeze-Dry|p1a: Dracovish
|-supereffective|p1a: Dracovish
|-damage|p1a: Dracovish|0 fnt
|faint|p1a: Dracovish
|
|-heal|p2a: Kyurem|13/100|[from] Grassy Terrain
|upkeep
|
|t:|1664453184
|switch|p1a: Kyogre|Kyogre|54/100
|-weather|RainDance|[from] ability: Drizzle|[of] p1a: Kyogre
|turn|23
|
|t:|1664453189
|move|p2a: Kyurem|Freeze-Dry|p1a: Kyogre
|-supereffective|p1a: Kyogre
|-damage|p1a: Kyogre|0 fnt
|faint|p1a: Kyogre
|
|win|niki564
|raw|nico2097's rating: 1401 &rarr; <strong>1377</strong><br />(-24 for losing)
|raw|niki564's rating: 1325 &rarr; <strong>1349</strong><br />(+24 for winning)
|l|☆niki564
