|j|☆LD8 nvzhuangkeai
|j|☆ox04
|t:|1661765230
|gametype|singles
|player|p1|LD8 nvzhuangkeai|dawn|1692
|player|p2|ox04|red-gen7|1701
|teamsize|p1|6
|teamsize|p2|6
|gen|8
|tier|[Gen 8] Ubers
|rated|
|rule|Sleep Clause Mod: Limit one foe put to sleep
|rule|Species Clause: Limit one of each Pokémon
|rule|OHKO Clause: OHKO moves are banned
|rule|Evasion Items Clause: Evasion items are banned
|rule|Evasion Moves Clause: Evasion moves are banned
|rule|Endless Battle Clause: Forcing endless battles is banned
|rule|HP Percentage Mod: HP is shown in percentages
|rule|Dynamax Clause: You cannot dynamax
|clearpoke
|poke|p1|Necrozma-Dusk-Mane|
|poke|p1|Eternatus|
|poke|p1|Yveltal|
|poke|p1|Dialga|
|poke|p1|Lunala|
|poke|p1|Groudon|
|poke|p2|Marshadow|
|poke|p2|Yveltal|
|poke|p2|Kyogre|
|poke|p2|Ho-Oh|
|poke|p2|Zygarde|
|poke|p2|Genesect|
|teampreview
|inactive|Battle timer is ON: inactive players will automatically lose when time's up. (requested by ox04)
|
|t:|1661765241
|start
|switch|p1a: Eternatus|Eternatus|100/100
|switch|p2a: Yveltal|Yveltal, shiny|100/100
|-ability|p1a: Eternatus|Pressure
|-item|p1a: Eternatus|Air Balloon
|-ability|p2a: Yveltal|Dark Aura
|turn|1
|
|t:|1661765246
|switch|p2a: Genesect|Genesect, shiny|100/100
|-ability|p2a: Genesect|Download|boost
|-boost|p2a: Genesect|atk|1
|move|p1a: Eternatus|Confuse Ray|p2a: Genesect
|-start|p2a: Genesect|confusion
|
|upkeep
|turn|2
|
|t:|1661765250
|switch|p2a: Ho-Oh|Ho-Oh|100/100
|move|p1a: Eternatus|Flamethrower|p2a: Ho-Oh
|-resisted|p2a: Ho-Oh
|-damage|p2a: Ho-Oh|93/100
|
|upkeep
|turn|3
|c|☆ox04|oh god
|
|t:|1661765261
|switch|p1a: Dialga|Dialga|100/100
|-ability|p1a: Dialga|Pressure
|move|p2a: Ho-Oh|Thunder Wave|p1a: Dialga
|-status|p1a: Dialga|par
|
|upkeep
|turn|4
|
|t:|1661765272
|switch|p2a: Zygarde|Zygarde|100/100
|move|p1a: Dialga|Stealth Rock|p2a: Zygarde
|-sidestart|p2: ox04|move: Stealth Rock
|
|upkeep
|turn|5
|
|t:|1661765286
|switch|p1a: Lunala|Lunala|100/100
|move|p2a: Zygarde|Substitute|p2a: Zygarde
|-start|p2a: Zygarde|Substitute
|-damage|p2a: Zygarde|75/100
|
|-heal|p2a: Zygarde|82/100|[from] item: Leftovers
|upkeep
|turn|6
|
|t:|1661765292
|move|p1a: Lunala|Ice Beam|p2a: Zygarde
|-supereffective|p2a: Zygarde
|-end|p2a: Zygarde|Substitute
|move|p2a: Zygarde|Glare|p1a: Lunala
|-status|p1a: Lunala|par
|
|-heal|p2a: Zygarde|88/100|[from] item: Leftovers
|upkeep
|turn|7
|
|t:|1661765296
|switch|p2a: Ho-Oh|Ho-Oh|100/100
|move|p1a: Lunala|Ice Beam|p2a: Ho-Oh
|-damage|p2a: Ho-Oh|85/100
|
|upkeep
|turn|8
|
|t:|1661765301
|switch|p1a: Dialga|Dialga|100/100 par
|-ability|p1a: Dialga|Pressure
|move|p2a: Ho-Oh|Defog|p1a: Dialga
|-unboost|p1a: Dialga|evasion|1
|-sideend|p2: ox04|Stealth Rock|[from] move: Defog|[of] p2a: Ho-Oh
|
|upkeep
|turn|9
|
|t:|1661765307
|switch|p2a: Kyogre|Kyogre|100/100
|-weather|RainDance|[from] ability: Drizzle|[of] p2a: Kyogre
|move|p1a: Dialga|Stealth Rock|p2a: Kyogre
|-sidestart|p2: ox04|move: Stealth Rock
|
|-weather|RainDance|[upkeep]
|upkeep
|turn|10
|
|t:|1661765315
|move|p2a: Kyogre|Water Spout|p1a: Dialga
|-resisted|p1a: Dialga
|-damage|p1a: Dialga|38/100 par
|cant|p1a: Dialga|par
|
|-weather|RainDance|[upkeep]
|-heal|p1a: Dialga|45/100 par|[from] item: Leftovers
|upkeep
|turn|11
|
|t:|1661765333
|switch|p1a: Eternatus|Eternatus|100/100
|-ability|p1a: Eternatus|Pressure
|-item|p1a: Eternatus|Air Balloon
|move|p2a: Kyogre|Water Spout|p1a: Eternatus
|-resisted|p1a: Eternatus
|-damage|p1a: Eternatus|37/100
|-enditem|p1a: Eternatus|Air Balloon
|
|-weather|RainDance|[upkeep]
|upkeep
|turn|12
|
|t:|1661765339
|switch|p2a: Ho-Oh|Ho-Oh|100/100
|move|p1a: Eternatus|Recover|p1a: Eternatus
|-heal|p1a: Eternatus|87/100
|
|-weather|RainDance|[upkeep]
|upkeep
|turn|13
|
|t:|1661765343
|switch|p1a: Dialga|Dialga|45/100 par
|-ability|p1a: Dialga|Pressure
|move|p2a: Ho-Oh|Defog|p1a: Dialga
|-unboost|p1a: Dialga|evasion|1
|-sideend|p2: ox04|Stealth Rock|[from] move: Defog|[of] p2a: Ho-Oh
|
|-weather|none
|-heal|p1a: Dialga|51/100 par|[from] item: Leftovers
|upkeep
|turn|14
|
|t:|1661765346
|move|p2a: Ho-Oh|Sacred Fire|p1a: Dialga
|-damage|p1a: Dialga|10/100 par
|move|p1a: Dialga|Rest|p1a: Dialga
|-status|p1a: Dialga|slp|[from] move: Rest
|-heal|p1a: Dialga|100/100 slp|[silent]
|
|upkeep
|turn|15
|
|t:|1661765353
|switch|p2a: Marshadow|Marshadow|100/100
|cant|p1a: Dialga|slp
|
|upkeep
|turn|16
|
|t:|1661765357
|switch|p1a: Eternatus|Eternatus|87/100
|-ability|p1a: Eternatus|Pressure
|move|p2a: Marshadow|Bulk Up|p2a: Marshadow
|-boost|p2a: Marshadow|atk|1
|-boost|p2a: Marshadow|def|1
|
|upkeep
|turn|17
|
|t:|1661765360
|move|p1a: Eternatus|Dynamax Cannon|p2a: Marshadow
|-damage|p2a: Marshadow|44/100
|move|p2a: Marshadow|Spectral Thief|p1a: Eternatus
|-damage|p1a: Eternatus|27/100
|-damage|p2a: Marshadow|34/100|[from] item: Life Orb
|
|upkeep
|turn|18
|
|t:|1661765363
|switch|p1a: Yveltal|Yveltal|100/100
|-ability|p1a: Yveltal|Dark Aura
|move|p2a: Marshadow|Shadow Sneak|p1a: Yveltal
|-resisted|p1a: Yveltal
|-damage|p1a: Yveltal|76/100
|-damage|p2a: Marshadow|24/100|[from] item: Life Orb
|
|upkeep
|turn|19
|
|t:|1661765365
|move|p1a: Yveltal|Sucker Punch|p2a: Marshadow
|-damage|p2a: Marshadow|0 fnt
|faint|p2a: Marshadow
|
|upkeep
|
|t:|1661765372
|switch|p2a: Yveltal|Yveltal, shiny|100/100
|-ability|p2a: Yveltal|Dark Aura
|turn|20
|
|t:|1661765376
|move|p1a: Yveltal|Foul Play|p2a: Yveltal
|-resisted|p2a: Yveltal
|-damage|p2a: Yveltal|80/100
|move|p2a: Yveltal|Oblivion Wing|p1a: Yveltal
|-damage|p1a: Yveltal|34/100
|-heal|p2a: Yveltal|100/100|[from] drain|[of] p1a: Yveltal
|-damage|p2a: Yveltal|91/100|[from] item: Life Orb
|
|upkeep
|turn|21
|
|t:|1661765380
|move|p1a: Yveltal|Roost|p1a: Yveltal
|-heal|p1a: Yveltal|84/100
|-singleturn|p1a: Yveltal|move: Roost
|move|p2a: Yveltal|Oblivion Wing|p1a: Yveltal
|-damage|p1a: Yveltal|47/100
|-heal|p2a: Yveltal|100/100|[from] drain|[of] p1a: Yveltal
|-damage|p2a: Yveltal|91/100|[from] item: Life Orb
|
|upkeep
|turn|22
|
|t:|1661765383
|move|p1a: Yveltal|Roost|p1a: Yveltal
|-heal|p1a: Yveltal|97/100
|-singleturn|p1a: Yveltal|move: Roost
|move|p2a: Yveltal|Taunt|p1a: Yveltal
|-start|p1a: Yveltal|move: Taunt
|
|upkeep
|turn|23
|
|t:|1661765391
|switch|p1a: Necrozma|Necrozma-Dusk-Mane|100/100
|move|p2a: Yveltal|Oblivion Wing|p1a: Necrozma
|-resisted|p1a: Necrozma
|-damage|p1a: Necrozma|78/100
|-heal|p2a: Yveltal|100/100|[from] drain|[of] p1a: Necrozma
|-damage|p2a: Yveltal|91/100|[from] item: Life Orb
|
|upkeep
|turn|24
|
|t:|1661765405
|switch|p2a: Zygarde|Zygarde|88/100
|move|p1a: Necrozma|Sunsteel Strike|p2a: Zygarde
|-damage|p2a: Zygarde|42/100
|
|-heal|p2a: Zygarde|48/100|[from] item: Leftovers
|-activate|p2a: Zygarde|ability: Power Construct
|detailschange|p2a: Zygarde|Zygarde-Complete
|-heal|p2a: Zygarde|66/100|[silent]
|upkeep
|turn|25
|
|t:|1661765416
|switch|p1a: Lunala|Lunala|100/100 par
|switch|p2a: Yveltal|Yveltal, shiny|91/100
|-ability|p2a: Yveltal|Dark Aura
|
|upkeep
|turn|26
|
|t:|1661765422
|switch|p1a: Yveltal|Yveltal|97/100
|-ability|p1a: Yveltal|Dark Aura
|move|p2a: Yveltal|Dark Pulse|p1a: Yveltal
|-resisted|p1a: Yveltal
|-damage|p1a: Yveltal|73/100
|-damage|p2a: Yveltal|81/100|[from] item: Life Orb
|
|upkeep
|turn|27
|
|t:|1661765425
|move|p1a: Yveltal|Roost|p1a: Yveltal
|-heal|p1a: Yveltal|100/100
|-singleturn|p1a: Yveltal|move: Roost
|move|p2a: Yveltal|Taunt|p1a: Yveltal
|-start|p1a: Yveltal|move: Taunt
|
|upkeep
|turn|28
|
|t:|1661765427
|switch|p1a: Necrozma|Necrozma-Dusk-Mane|78/100
|move|p2a: Yveltal|Oblivion Wing|p1a: Necrozma
|-resisted|p1a: Necrozma
|-damage|p1a: Necrozma|55/100
|-heal|p2a: Yveltal|95/100|[from] drain|[of] p1a: Necrozma
|-damage|p2a: Yveltal|85/100|[from] item: Life Orb
|
|upkeep
|turn|29
|
|t:|1661765430
|move|p2a: Yveltal|Dark Pulse|p1a: Necrozma
|-supereffective|p1a: Necrozma
|-damage|p1a: Necrozma|0 fnt
|faint|p1a: Necrozma
|-damage|p2a: Yveltal|75/100|[from] item: Life Orb
|
|upkeep
|
|t:|1661765432
|switch|p1a: Eternatus|Eternatus|27/100
|-ability|p1a: Eternatus|Pressure
|turn|30
|
|t:|1661765435
|move|p1a: Eternatus|Recover|p1a: Eternatus
|-heal|p1a: Eternatus|77/100
|move|p2a: Yveltal|Taunt|p1a: Eternatus
|-start|p1a: Eternatus|move: Taunt
|
|upkeep
|turn|31
|
|t:|1661765438
|move|p1a: Eternatus|Dynamax Cannon|p2a: Yveltal
|-damage|p2a: Yveltal|33/100
|move|p2a: Yveltal|Oblivion Wing|p1a: Eternatus
|-damage|p1a: Eternatus|40/100
|-heal|p2a: Yveltal|67/100|[from] drain|[of] p1a: Eternatus
|-damage|p2a: Yveltal|57/100|[from] item: Life Orb
|
|upkeep
|turn|32
|
|t:|1661765444
|move|p1a: Eternatus|Dynamax Cannon|p2a: Yveltal
|-damage|p2a: Yveltal|14/100
|move|p2a: Yveltal|Dark Pulse|p1a: Eternatus
|-damage|p1a: Eternatus|0 fnt
|faint|p1a: Eternatus
|-damage|p2a: Yveltal|4/100|[from] item: Life Orb
|
|upkeep
|
|t:|1661765446
|switch|p1a: Yveltal|Yveltal|100/100
|-ability|p1a: Yveltal|Dark Aura
|turn|33
|
|t:|1661765452
|move|p2a: Yveltal|Oblivion Wing|p1a: Yveltal
|-damage|p1a: Yveltal|63/100
|-heal|p2a: Yveltal|33/100|[from] drain|[of] p1a: Yveltal
|-damage|p2a: Yveltal|23/100|[from] item: Life Orb
|move|p1a: Yveltal|Foul Play|p2a: Yveltal
|-resisted|p2a: Yveltal
|-damage|p2a: Yveltal|2/100
|
|upkeep
|turn|34
|c|☆ox04|yea it was a speed tie
|
|t:|1661765460
|move|p1a: Yveltal|Sucker Punch||[still]
|-fail|p1a: Yveltal
|move|p2a: Yveltal|Taunt|p1a: Yveltal
|-start|p1a: Yveltal|move: Taunt
|
|upkeep
|turn|35
|
|t:|1661765465
|move|p2a: Yveltal|Sucker Punch|p1a: Yveltal
|-resisted|p1a: Yveltal
|-damage|p1a: Yveltal|42/100
|-damage|p2a: Yveltal|0 fnt|[from] item: Life Orb
|faint|p2a: Yveltal
|move|p1a: Yveltal|Foul Play|p2: Yveltal|[notarget]
|-fail|p1a: Yveltal
|
|upkeep
|
|t:|1661765467
|switch|p2a: Genesect|Genesect, shiny|100/100
|-ability|p2a: Genesect|Download|boost
|-boost|p2a: Genesect|atk|1
|turn|36
|
|t:|1661765471
|switch|p1a: Dialga|Dialga|100/100 slp
|-ability|p1a: Dialga|Pressure
|move|p2a: Genesect|U-turn|p1a: Dialga
|-resisted|p1a: Dialga
|-damage|p1a: Dialga|83/100 slp
|
|t:|1661765477
|switch|p2a: Kyogre|Kyogre|100/100|[from]move: U-turn
|-weather|RainDance|[from] ability: Drizzle|[of] p2a: Kyogre
|
|-weather|RainDance|[upkeep]
|-heal|p1a: Dialga|89/100 slp|[from] item: Leftovers
|upkeep
|turn|37
|
|t:|1661765484
|move|p2a: Kyogre|Scald|p1a: Dialga
|-resisted|p1a: Dialga
|-damage|p1a: Dialga|58/100 slp
|cant|p1a: Dialga|slp
|
|-weather|RainDance|[upkeep]
|-heal|p1a: Dialga|64/100 slp|[from] item: Leftovers
|upkeep
|turn|38
|
|t:|1661765487
|move|p2a: Kyogre|Scald|p1a: Dialga
|-resisted|p1a: Dialga
|-damage|p1a: Dialga|31/100 slp
|-curestatus|p1a: Dialga|slp|[msg]
|move|p1a: Dialga|Stealth Rock|p2a: Kyogre
|-sidestart|p2: ox04|move: Stealth Rock
|
|-weather|RainDance|[upkeep]
|-heal|p1a: Dialga|38/100|[from] item: Leftovers
|upkeep
|turn|39
|
|t:|1661765489
|move|p2a: Kyogre|Scald|p1a: Dialga
|-resisted|p1a: Dialga
|-damage|p1a: Dialga|7/100
|-status|p1a: Dialga|brn
|move|p1a: Dialga|Rest|p1a: Dialga
|-status|p1a: Dialga|slp|[from] move: Rest
|-heal|p1a: Dialga|100/100 slp|[silent]
|
|-weather|RainDance|[upkeep]
|upkeep
|turn|40
|
|t:|1661765491
|move|p2a: Kyogre|Scald|p1a: Dialga
|-resisted|p1a: Dialga
|-damage|p1a: Dialga|70/100 slp
|cant|p1a: Dialga|slp
|
|-weather|none
|-heal|p1a: Dialga|76/100 slp|[from] item: Leftovers
|upkeep
|turn|41
|
|t:|1661765495
|switch|p2a: Zygarde|Zygarde-Complete|66/100
|-damage|p2a: Zygarde|60/100|[from] Stealth Rock
|cant|p1a: Dialga|slp
|
|-heal|p1a: Dialga|82/100 slp|[from] item: Leftovers
|-heal|p2a: Zygarde|66/100|[from] item: Leftovers
|upkeep
|turn|42
|
|t:|1661765500
|-curestatus|p1a: Dialga|slp|[msg]
|move|p1a: Dialga|Dragon Breath|p2a: Zygarde
|-supereffective|p2a: Zygarde
|-crit|p2a: Zygarde
|-damage|p2a: Zygarde|13/100
|move|p2a: Zygarde|Thousand Arrows|p1a: Dialga
|-supereffective|p1a: Dialga
|-damage|p1a: Dialga|25/100
|
|-heal|p1a: Dialga|31/100|[from] item: Leftovers
|-heal|p2a: Zygarde|19/100|[from] item: Leftovers
|upkeep
|turn|43
|
|t:|1661765506
|move|p1a: Dialga|Dragon Breath|p2a: Zygarde
|-supereffective|p2a: Zygarde
|-damage|p2a: Zygarde|0 fnt
|faint|p2a: Zygarde
|
|-heal|p1a: Dialga|37/100|[from] item: Leftovers
|upkeep
|
|t:|1661765508
|switch|p2a: Kyogre|Kyogre|100/100
|-damage|p2a: Kyogre|88/100|[from] Stealth Rock
|-weather|RainDance|[from] ability: Drizzle|[of] p2a: Kyogre
|turn|44
|
|t:|1661765516
|switch|p1a: Lunala|Lunala|100/100 par
|move|p2a: Kyogre|Water Spout|p1a: Lunala
|-damage|p1a: Lunala|38/100 par
|
|-weather|RainDance|[upkeep]
|upkeep
|turn|45
|
|t:|1661765519
|move|p2a: Kyogre|Water Spout|p1a: Lunala
|-damage|p1a: Lunala|0 fnt
|faint|p1a: Lunala
|
|-weather|RainDance|[upkeep]
|upkeep
|
|t:|1661765521
|switch|p1a: Groudon|Groudon|100/100
|-weather|SunnyDay|[from] ability: Drought|[of] p1a: Groudon
|turn|46
|
|t:|1661765529
|move|p2a: Kyogre|Water Spout|p1a: Groudon
|-supereffective|p1a: Groudon
|-damage|p1a: Groudon|0 fnt
|faint|p1a: Groudon
|
|-weather|SunnyDay|[upkeep]
|upkeep
|
|t:|1661765531
|switch|p1a: Dialga|Dialga|37/100
|-ability|p1a: Dialga|Pressure
|turn|47
|
|t:|1661765533
|switch|p2a: Ho-Oh|Ho-Oh|100/100
|move|p1a: Dialga|Rest|p1a: Dialga
|-status|p1a: Dialga|slp|[from] move: Rest
|-heal|p1a: Dialga|100/100 slp|[silent]
|
|-weather|SunnyDay|[upkeep]
|upkeep
|turn|48
|
|t:|1661765535
|cant|p1a: Dialga|slp
|move|p2a: Ho-Oh|Sacred Fire|p1a: Dialga
|-damage|p1a: Dialga|38/100 slp
|
|-weather|SunnyDay|[upkeep]
|-heal|p1a: Dialga|45/100 slp|[from] item: Leftovers
|upkeep
|turn|49
|c|☆ox04|gg
|
|t:|1661765540
|switch|p1a: Yveltal|Yveltal|42/100
|-ability|p1a: Yveltal|Dark Aura
|move|p2a: Ho-Oh|Sacred Fire|p1a: Yveltal
|-damage|p1a: Yveltal|0 fnt
|faint|p1a: Yveltal
|
|-weather|SunnyDay|[upkeep]
|upkeep
|
|t:|1661765542
|switch|p1a: Dialga|Dialga|45/100 slp
|-ability|p1a: Dialga|Pressure
|turn|50
|
|t:|1661765543
|cant|p1a: Dialga|slp
|move|p2a: Ho-Oh|Sacred Fire|p1a: Dialga
|-damage|p1a: Dialga|0 fnt
|faint|p1a: Dialga
|
|win|ox04
|raw|LD8 nvzhuangkeai's rating: 1692 &rarr; <strong>1673</strong><br />(-19 for losing)
|raw|ox04's rating: 1701 &rarr; <strong>1720</strong><br />(+19 for winning)
|c|☆ox04|so close
|c|☆ox04|wp
|c|☆LD8 nvzhuangkeai|gg
|l|☆ox04
|l|☆LD8 nvzhuangkeai
|j|☆ox04
|player|p2|ox04|red-gen7
