|j|☆hjuyttdd
|j|☆Skimmythegod
|t:|1634281459
|gametype|singles
|player|p1|hjuyttdd|aromalady|
|player|p2|Skimmythegod|unknown|
|teamsize|p1|6
|teamsize|p2|6
|gen|8
|tier|[Gen 8] Ubers
|rated|Tournament battle
|rule|Sleep Clause Mod: Limit one foe put to sleep
|rule|Species Clause: Limit one of each Pokémon
|rule|OHKO Clause: OHKO moves are banned
|rule|Evasion Moves Clause: Evasion moves are banned
|rule|Endless Battle Clause: Forcing endless battles is banned
|rule|HP Percentage Mod: HP is shown in percentages
|rule|Dynamax Clause: You cannot dynamax
|clearpoke
|poke|p1|Yveltal|
|poke|p1|Necrozma-Dusk-Mane|
|poke|p1|Xerneas-*|
|poke|p1|Giratina|
|poke|p1|Ho-Oh|
|poke|p1|Blissey, F|
|poke|p2|Slurpuff, F|
|poke|p2|Drapion, F|
|poke|p2|Necrozma-Dusk-Mane|
|poke|p2|Yveltal|
|poke|p2|Eternatus|
|poke|p2|Xerneas-*|
|teampreview
|j| JamboreeJourney
|c|☆hjuyttdd|oh no
|c|☆hjuyttdd|drapion'4
|j| cursedstar
|c|☆hjuyttdd|my only weakness
|
|t:|1634281490
|start
|switch|p1a: Ho-Oh|Ho-Oh|100/100
|switch|p2a: Drapion|Drapion, F|100/100
|turn|1
|inactive|Battle timer is ON: inactive players will automatically lose when time's up. (requested by hjuyttdd)
|
|t:|1634281498
|switch|p2a: Eternatus|Eternatus|100/100
|-ability|p2a: Eternatus|Pressure
|switch|p1a: Xerneas|Xerneas|100/100
|-ability|p1a: Xerneas|Fairy Aura
|-item|p1a: Xerneas|Air Balloon
|
|upkeep
|turn|2
|j| FearNeverDies
|
|t:|1634281503
|switch|p2a: Drapion|Drapion, F|100/100
|switch|p1a: Blissey|Blissey, F|100/100
|
|upkeep
|turn|3
|
|t:|1634281514
|switch|p1a: Giratina|Giratina|100/100
|-ability|p1a: Giratina|Pressure
|move|p2a: Drapion|Swords Dance|p2a: Drapion
|-boost|p2a: Drapion|atk|2
|
|upkeep
|turn|4
|
|t:|1634281518
|move|p2a: Drapion|Knock Off|p1a: Giratina
|-supereffective|p1a: Giratina
|-damage|p1a: Giratina|19/100
|-enditem|p1a: Giratina|Leftovers|[from] move: Knock Off|[of] p2a: Drapion
|-damage|p2a: Drapion|91/100|[from] item: Life Orb
|move|p1a: Giratina|Will-O-Wisp|p2a: Drapion
|-status|p2a: Drapion|brn
|
|-damage|p2a: Drapion|84/100 brn|[from] brn
|upkeep
|turn|5
|c|☆Skimmythegod|wtf
|c|☆hjuyttdd|ez
|
|t:|1634281530
|switch|p1a: Yveltal|Yveltal|100/100
|-ability|p1a: Yveltal|Dark Aura
|move|p2a: Drapion|Swords Dance|p2a: Drapion
|-boost|p2a: Drapion|atk|2
|
|-damage|p2a: Drapion|78/100 brn|[from] brn
|upkeep
|turn|6
|
|t:|1634281536
|switch|p2a: Slurpuff|Slurpuff, F|100/100
|move|p1a: Yveltal|Foul Play|p2a: Slurpuff
|-resisted|p2a: Slurpuff
|-damage|p2a: Slurpuff|66/100
|
|upkeep
|turn|7
|
|t:|1634281546
|switch|p1a: Ho-Oh|Ho-Oh|100/100
|switch|p2a: Eternatus|Eternatus|100/100
|-ability|p2a: Eternatus|Pressure
|
|upkeep
|turn|8
|
|t:|1634281551
|switch|p2a: Necrozma|Necrozma-Dusk-Mane|100/100
|switch|p1a: Blissey|Blissey, F|100/100
|
|upkeep
|turn|9
|
|t:|1634281555
|switch|p1a: Necrozma|Necrozma-Dusk-Mane|100/100
|move|p2a: Necrozma|Sunsteel Strike|p1a: Necrozma
|-resisted|p1a: Necrozma
|-damage|p1a: Necrozma|81/100
|
|-heal|p1a: Necrozma|87/100|[from] item: Leftovers
|upkeep
|turn|10
|
|t:|1634281558
|move|p2a: Necrozma|Swords Dance|p2a: Necrozma
|-boost|p2a: Necrozma|atk|2
|move|p1a: Necrozma|Swords Dance|p1a: Necrozma
|-boost|p1a: Necrozma|atk|2
|
|-heal|p1a: Necrozma|93/100|[from] item: Leftovers
|upkeep
|turn|11
|
|t:|1634281563
|move|p2a: Necrozma|Earthquake|p1a: Necrozma
|-supereffective|p1a: Necrozma
|-damage|p1a: Necrozma|16/100
|move|p1a: Necrozma|Earthquake|p2a: Necrozma
|-supereffective|p2a: Necrozma
|-damage|p2a: Necrozma|12/100
|-enditem|p2a: Necrozma|Weakness Policy
|-boost|p2a: Necrozma|atk|2|[from] item: Weakness Policy
|-boost|p2a: Necrozma|spa|2|[from] item: Weakness Policy
|
|-heal|p1a: Necrozma|22/100|[from] item: Leftovers
|upkeep
|turn|12
|
|t:|1634281575
|switch|p1a: Giratina|Giratina|19/100
|-ability|p1a: Giratina|Pressure
|move|p2a: Necrozma|Sunsteel Strike|p1a: Giratina
|-damage|p1a: Giratina|0 fnt
|faint|p1a: Giratina
|
|upkeep
|
|t:|1634281578
|switch|p1a: Yveltal|Yveltal|100/100
|-ability|p1a: Yveltal|Dark Aura
|turn|13
|
|t:|1634281583
|switch|p2a: Slurpuff|Slurpuff, F|66/100
|move|p1a: Yveltal|Foul Play|p2a: Slurpuff
|-resisted|p2a: Slurpuff
|-damage|p2a: Slurpuff|33/100
|
|upkeep
|turn|14
|
|t:|1634281586
|move|p1a: Yveltal|Foul Play|p2a: Slurpuff
|-resisted|p2a: Slurpuff
|-crit|p2a: Slurpuff
|-damage|p2a: Slurpuff|0 fnt
|faint|p2a: Slurpuff
|
|upkeep
|
|t:|1634281590
|switch|p2a: Eternatus|Eternatus|100/100
|-ability|p2a: Eternatus|Pressure
|turn|15
|
|t:|1634281594
|switch|p2a: Yveltal|Yveltal|100/100
|-ability|p2a: Yveltal|Dark Aura
|switch|p1a: Blissey|Blissey, F|100/100
|
|upkeep
|turn|16
|
|t:|1634281599
|switch|p1a: Xerneas|Xerneas|100/100
|-ability|p1a: Xerneas|Fairy Aura
|-item|p1a: Xerneas|Air Balloon
|move|p2a: Yveltal|Taunt|p1a: Xerneas
|-start|p1a: Xerneas|move: Taunt
|
|upkeep
|turn|17
|
|t:|1634281606
|switch|p2a: Drapion|Drapion, F|78/100 brn
|move|p1a: Xerneas|Moonblast|p2a: Drapion
|-damage|p2a: Drapion|0 fnt
|faint|p2a: Drapion
|
|upkeep
|
|t:|1634281614
|switch|p2a: Xerneas|Xerneas|100/100
|-ability|p2a: Xerneas|Fairy Aura
|turn|18
|
|t:|1634281619
|switch|p1a: Ho-Oh|Ho-Oh|100/100
|move|p2a: Xerneas|Geomancy||[still]
|-prepare|p2a: Xerneas|Geomancy
|-enditem|p2a: Xerneas|Power Herb
|-anim|p2a: Xerneas|Geomancy|p2a: Xerneas
|-boost|p2a: Xerneas|spa|2
|-boost|p2a: Xerneas|spd|2
|-boost|p2a: Xerneas|spe|2
|
|upkeep
|turn|19
|
|t:|1634281621
|move|p2a: Xerneas|Thunder|p1a: Ho-Oh
|-supereffective|p1a: Ho-Oh
|-damage|p1a: Ho-Oh|0 fnt
|faint|p1a: Ho-Oh
|
|upkeep
|
|t:|1634281624
|switch|p1a: Blissey|Blissey, F|100/100
|turn|20
|
|t:|1634281627
|move|p2a: Xerneas|Focus Blast|p1a: Blissey
|-supereffective|p1a: Blissey
|-damage|p1a: Blissey|51/100
|move|p1a: Blissey|Confide|p2a: Xerneas
|-unboost|p2a: Xerneas|spa|1
|
|upkeep
|turn|21
|j| Ubers' Ruthless
|
|t:|1634281633
|switch|p2a: Necrozma|Necrozma-Dusk-Mane|12/100
|move|p1a: Blissey|Soft-Boiled|p1a: Blissey
|-heal|p1a: Blissey|100/100
|
|upkeep
|turn|22
|
|t:|1634281639
|switch|p1a: Yveltal|Yveltal|100/100
|-ability|p1a: Yveltal|Dark Aura
|move|p2a: Necrozma|Sunsteel Strike|p1a: Yveltal
|-damage|p1a: Yveltal|47/100
|
|upkeep
|turn|23
|
|t:|1634281645
|move|p1a: Yveltal|Roost|p1a: Yveltal
|-heal|p1a: Yveltal|97/100
|-singleturn|p1a: Yveltal|move: Roost
|move|p2a: Necrozma|Sunsteel Strike|p1a: Yveltal
|-damage|p1a: Yveltal|37/100
|
|upkeep
|turn|24
|
|t:|1634281651
|move|p1a: Yveltal|Foul Play|p2a: Necrozma
|-supereffective|p2a: Necrozma
|-damage|p2a: Necrozma|0 fnt
|faint|p2a: Necrozma
|
|upkeep
|
|t:|1634281657
|switch|p2a: Yveltal|Yveltal|100/100
|-ability|p2a: Yveltal|Dark Aura
|turn|25
|
|t:|1634281660
|switch|p1a: Xerneas|Xerneas|100/100
|-ability|p1a: Xerneas|Fairy Aura
|-item|p1a: Xerneas|Air Balloon
|move|p2a: Yveltal|Oblivion Wing|p1a: Xerneas
|-damage|p1a: Xerneas|55/100
|-enditem|p1a: Xerneas|Air Balloon
|-damage|p2a: Yveltal|91/100|[from] item: Life Orb
|
|upkeep
|turn|26
|
|t:|1634281664
|switch|p2a: Eternatus|Eternatus|100/100
|-ability|p2a: Eternatus|Pressure
|move|p1a: Xerneas|Moonblast|p2a: Eternatus
|-damage|p2a: Eternatus|50/100
|
|upkeep
|turn|27
|
|t:|1634281668
|switch|p1a: Blissey|Blissey, F|100/100
|move|p2a: Eternatus|Sludge Bomb|p1a: Blissey
|-damage|p1a: Blissey|86/100
|
|upkeep
|turn|28
|
|t:|1634281671
|switch|p2a: Yveltal|Yveltal|91/100
|-ability|p2a: Yveltal|Dark Aura
|move|p1a: Blissey|Stealth Rock|p2a: Yveltal
|-sidestart|p2: Skimmythegod|move: Stealth Rock
|
|upkeep
|turn|29
|
|t:|1634281681
|move|p2a: Yveltal|Taunt|p1a: Blissey
|-start|p1a: Blissey|move: Taunt
|move|p1a: Blissey|Seismic Toss|p2a: Yveltal
|-damage|p2a: Yveltal|65/100
|
|upkeep
|turn|30
|
|t:|1634281683
|switch|p1a: Necrozma|Necrozma-Dusk-Mane|22/100
|move|p2a: Yveltal|Sucker Punch||[still]
|-fail|p2a: Yveltal
|
|-heal|p1a: Necrozma|28/100|[from] item: Leftovers
|upkeep
|turn|31
|
|t:|1634281691
|switch|p1a: Blissey|Blissey, F|86/100
|move|p2a: Yveltal|Dark Pulse|p1a: Blissey
|-damage|p1a: Blissey|65/100
|-damage|p2a: Yveltal|55/100|[from] item: Life Orb
|
|upkeep
|turn|32
|
|t:|1634281698
|switch|p1a: Necrozma|Necrozma-Dusk-Mane|28/100
|move|p2a: Yveltal|Oblivion Wing|p1a: Necrozma
|-resisted|p1a: Necrozma
|-damage|p1a: Necrozma|7/100
|-heal|p2a: Yveltal|72/100|[from] drain|[of] p1a: Necrozma
|-damage|p2a: Yveltal|62/100|[from] item: Life Orb
|
|-heal|p1a: Necrozma|13/100|[from] item: Leftovers
|upkeep
|turn|33
|j| TheDarkRising
|
|t:|1634281701
|move|p2a: Yveltal|Oblivion Wing|p1a: Necrozma
|-resisted|p1a: Necrozma
|-damage|p1a: Necrozma|0 fnt
|-heal|p2a: Yveltal|71/100|[from] drain|[of] p1a: Necrozma
|faint|p1a: Necrozma
|-damage|p2a: Yveltal|61/100|[from] item: Life Orb
|
|upkeep
|
|t:|1634281708
|switch|p1a: Xerneas|Xerneas|55/100
|-ability|p1a: Xerneas|Fairy Aura
|turn|34
|
|t:|1634281711
|switch|p2a: Xerneas|Xerneas|100/100
|-damage|p2a: Xerneas|88/100|[from] Stealth Rock
|-ability|p2a: Xerneas|Fairy Aura
|move|p1a: Xerneas|Moonblast|p2a: Xerneas
|-damage|p2a: Xerneas|44/100
|-unboost|p2a: Xerneas|spa|1
|
|upkeep
|turn|35
|
|t:|1634281725
|switch|p1a: Blissey|Blissey, F|65/100
|move|p2a: Xerneas|Moonblast|p1a: Blissey
|-damage|p1a: Blissey|51/100
|
|upkeep
|turn|36
|
|t:|1634281728
|move|p2a: Xerneas|Moonblast|p1a: Blissey
|-damage|p1a: Blissey|37/100
|move|p1a: Blissey|Seismic Toss|p2a: Xerneas
|-damage|p2a: Xerneas|18/100
|
|upkeep
|turn|37
|
|t:|1634281731
|switch|p2a: Yveltal|Yveltal|61/100
|-damage|p2a: Yveltal|36/100|[from] Stealth Rock
|-ability|p2a: Yveltal|Dark Aura
|move|p1a: Blissey|Soft-Boiled|p1a: Blissey
|-heal|p1a: Blissey|87/100
|
|upkeep
|turn|38
|
|t:|1634281739
|move|p2a: Yveltal|Oblivion Wing|p1a: Blissey
|-damage|p1a: Blissey|72/100
|-heal|p2a: Yveltal|57/100|[from] drain|[of] p1a: Blissey
|-damage|p2a: Yveltal|47/100|[from] item: Life Orb
|move|p1a: Blissey|Confide|p2a: Yveltal
|-unboost|p2a: Yveltal|spa|1
|
|upkeep
|turn|39
|
|t:|1634281756
|move|p2a: Yveltal|Oblivion Wing|p1a: Blissey
|-damage|p1a: Blissey|62/100
|-heal|p2a: Yveltal|62/100|[from] drain|[of] p1a: Blissey
|-damage|p2a: Yveltal|52/100|[from] item: Life Orb
|move|p1a: Blissey|Seismic Toss|p2a: Yveltal
|-damage|p2a: Yveltal|26/100
|
|upkeep
|turn|40
|
|t:|1634281762
|move|p2a: Yveltal|Taunt|p1a: Blissey
|-start|p1a: Blissey|move: Taunt
|cant|p1a: Blissey|move: Taunt|Soft-Boiled
|
|upkeep
|turn|41
|
|t:|1634281769
|switch|p1a: Xerneas|Xerneas|55/100
|-ability|p1a: Xerneas|Fairy Aura
|move|p2a: Yveltal|Oblivion Wing|p1a: Xerneas
|-damage|p1a: Xerneas|29/100
|-heal|p2a: Yveltal|49/100|[from] drain|[of] p1a: Xerneas
|-damage|p2a: Yveltal|39/100|[from] item: Life Orb
|
|upkeep
|turn|42
|c|☆Skimmythegod|what
|c|☆Skimmythegod|it did 45
|
|t:|1634281787
|move|p2a: Yveltal|Oblivion Wing|p1a: Xerneas
|-damage|p1a: Xerneas|3/100
|-heal|p2a: Yveltal|61/100|[from] drain|[of] p1a: Xerneas
|-damage|p2a: Yveltal|51/100|[from] item: Life Orb
|move|p1a: Xerneas|Rest|p1a: Xerneas
|-status|p1a: Xerneas|slp|[from] move: Rest
|-heal|p1a: Xerneas|100/100 slp|[silent]
|
|upkeep
|turn|43
|
|t:|1634281793
|switch|p2a: Eternatus|Eternatus|50/100
|-damage|p2a: Eternatus|38/100|[from] Stealth Rock
|-ability|p2a: Eternatus|Pressure
|cant|p1a: Xerneas|slp
|move|p1a: Xerneas|Sleep Talk|p1a: Xerneas
|move|p1a: Xerneas|Moonblast|p2a: Eternatus|[from]move: Sleep Talk
|-damage|p2a: Eternatus|0 fnt
|faint|p2a: Eternatus
|
|upkeep
|j| kauoyger fan
|c|☆Skimmythegod|ok
|-message|Skimmythegod forfeited.
|
|win|hjuyttdd
|n|☆hjuyttdd|hjuyttdd
|n|☆Skimmythegod|skimmythegod
|n| JamboreeJourney|jamboreejourney
|n| cursedstar|cursedstar
|n| FearNeverDies|fearneverdies
|n| Ubers' Ruthless|ubersruthless
|n| TheDarkRising|thedarkrising
|n| kauoyger fan|kauoygerfan
