|j|☆Ryrissu
|j|☆Brolyer
|t:|1636727298
|gametype|singles
|player|p1|Ryrissu|hilbert|1181
|player|p2|Brolyer|cyrus|1153
|teamsize|p1|6
|teamsize|p2|6
|gen|8
|tier|[Gen 8] Ubers
|rated|
|rule|Sleep Clause Mod: Limit one foe put to sleep
|rule|Species Clause: Limit one of each Pokémon
|rule|OHKO Clause: OHKO moves are banned
|rule|Evasion Moves Clause: Evasion moves are banned
|rule|Endless Battle Clause: Forcing endless battles is banned
|rule|HP Percentage Mod: HP is shown in percentages
|rule|Dynamax Clause: You cannot dynamax
|clearpoke
|poke|p1|Giratina-Origin|
|poke|p1|Zekrom|
|poke|p1|Genesect|
|poke|p1|Kyurem-Black|
|poke|p1|Lugia|
|poke|p1|Yveltal|
|poke|p2|Calyrex-Shadow|
|poke|p2|Ferrothorn, M|
|poke|p2|Grimmsnarl, M|
|poke|p2|Zygarde|
|poke|p2|Lugia|
|poke|p2|Xerneas-*|
|teampreview
|
|t:|1636727302
|start
|switch|p1a: Lugia|Lugia|100/100
|switch|p2a: Ferrothorn|Ferrothorn, M|100/100
|turn|1
|
|t:|1636727309
|move|p1a: Lugia|Reflect|p1a: Lugia
|-sidestart|p1: Ryrissu|Reflect
|move|p2a: Ferrothorn|Toxic|p1a: Lugia
|-status|p1a: Lugia|tox
|
|-damage|p1a: Lugia|94/100 tox|[from] psn
|upkeep
|turn|2
|
|t:|1636727316
|move|p1a: Lugia|Light Screen|p1a: Lugia
|-sidestart|p1: Ryrissu|move: Light Screen
|move|p2a: Ferrothorn|Leech Seed|p1a: Lugia
|-start|p1a: Lugia|move: Leech Seed
|
|-damage|p1a: Lugia|82/100 tox|[from] Leech Seed|[of] p2a: Ferrothorn
|-damage|p1a: Lugia|69/100 tox|[from] psn
|upkeep
|turn|3
|
|t:|1636727326
|move|p1a: Lugia|Safeguard|p1a: Lugia
|-sidestart|p1: Ryrissu|Safeguard
|move|p2a: Ferrothorn|Gyro Ball|p1a: Lugia
|-damage|p1a: Lugia|55/100 tox
|
|-damage|p1a: Lugia|42/100 tox|[from] Leech Seed|[of] p2a: Ferrothorn
|-damage|p1a: Lugia|23/100 tox|[from] psn
|upkeep
|turn|4
|
|t:|1636727335
|move|p2a: Ferrothorn|Protect|p2a: Ferrothorn
|-singleturn|p2a: Ferrothorn|Protect
|move|p1a: Lugia|Thunder Wave|p2a: Ferrothorn
|-activate|p2a: Ferrothorn|move: Protect
|
|-damage|p1a: Lugia|11/100 tox|[from] Leech Seed|[of] p2a: Ferrothorn
|-damage|p1a: Lugia|0 fnt|[from] psn
|faint|p1a: Lugia
|upkeep
|
|t:|1636727345
|switch|p1a: Yveltal|Yveltal|100/100
|-ability|p1a: Yveltal|Dark Aura
|turn|5
|
|t:|1636727351
|move|p1a: Yveltal|Heat Wave|p2a: Ferrothorn
|-supereffective|p2a: Ferrothorn
|-damage|p2a: Ferrothorn|0 fnt
|faint|p2a: Ferrothorn
|
|upkeep
|
|t:|1636727359
|switch|p2a: Grimmsnarl|Grimmsnarl, M, shiny|100/100
|turn|6
|
|t:|1636727363
|move|p2a: Grimmsnarl|Light Screen|p2a: Grimmsnarl
|-sidestart|p2: Brolyer|move: Light Screen
|move|p1a: Yveltal|Oblivion Wing|p2a: Grimmsnarl
|-damage|p2a: Grimmsnarl|76/100
|
|upkeep
|turn|7
|
|t:|1636727371
|move|p1a: Yveltal|Oblivion Wing|p2a: Grimmsnarl
|-damage|p2a: Grimmsnarl|52/100
|move|p2a: Grimmsnarl|Drain Punch|p1a: Yveltal
|-damage|p1a: Yveltal|88/100
|-heal|p2a: Grimmsnarl|58/100|[from] drain|[of] p1a: Yveltal
|
|-sideend|p1: Ryrissu|Safeguard
|upkeep
|turn|8
|
|t:|1636727382
|move|p2a: Grimmsnarl|Reflect|p2a: Grimmsnarl
|-sidestart|p2: Brolyer|Reflect
|move|p1a: Yveltal|Oblivion Wing|p2a: Grimmsnarl
|-damage|p2a: Grimmsnarl|37/100
|-heal|p1a: Yveltal|100/100|[from] drain|[of] p2a: Grimmsnarl
|
|-sideend|p1: Ryrissu|Reflect
|upkeep
|turn|9
|
|t:|1636727390
|move|p1a: Yveltal|Oblivion Wing|p2a: Grimmsnarl
|-damage|p2a: Grimmsnarl|13/100
|move|p2a: Grimmsnarl|Spirit Break|p1a: Yveltal
|-supereffective|p1a: Yveltal
|-crit|p1a: Yveltal
|-damage|p1a: Yveltal|0 fnt
|faint|p1a: Yveltal
|
|-sideend|p1: Ryrissu|move: Light Screen
|upkeep
|
|t:|1636727413
|switch|p1a: Zekrom|Zekrom|100/100
|-ability|p1a: Zekrom|Teravolt
|turn|10
|
|t:|1636727417
|move|p1a: Zekrom|Fusion Bolt|p2a: Grimmsnarl
|-damage|p2a: Grimmsnarl|0 fnt
|faint|p2a: Grimmsnarl
|
|upkeep
|
|t:|1636727421
|switch|p2a: Xerneas|Xerneas|100/100
|-ability|p2a: Xerneas|Fairy Aura
|turn|11
|
|t:|1636727426
|switch|p1a: Genesect|Genesect, shiny|100/100
|-ability|p1a: Genesect|Download|boost
|-boost|p1a: Genesect|atk|1
|move|p2a: Xerneas|Geomancy||[still]
|-prepare|p2a: Xerneas|Geomancy
|-enditem|p2a: Xerneas|Power Herb
|-anim|p2a: Xerneas|Geomancy|p2a: Xerneas
|-boost|p2a: Xerneas|spa|2
|-boost|p2a: Xerneas|spd|2
|-boost|p2a: Xerneas|spe|2
|
|upkeep
|turn|12
|
|t:|1636727443
|move|p2a: Xerneas|Moonblast|p1a: Genesect
|-resisted|p1a: Genesect
|-damage|p1a: Genesect|29/100
|-unboost|p1a: Genesect|spa|1
|move|p1a: Genesect|Shift Gear|p1a: Genesect
|-boost|p1a: Genesect|spe|2
|-boost|p1a: Genesect|atk|1
|
|upkeep
|turn|13
|
|t:|1636727451
|move|p1a: Genesect|Iron Head|p2a: Xerneas
|-supereffective|p2a: Xerneas
|-damage|p2a: Xerneas|49/100
|move|p2a: Xerneas|Moonblast|p1a: Genesect
|-resisted|p1a: Genesect
|-damage|p1a: Genesect|0 fnt
|faint|p1a: Genesect
|
|-sideend|p2: Brolyer|move: Light Screen
|upkeep
|-message|Ryrissu forfeited.
|
|win|Brolyer
|raw|Ryrissu's rating: 1181 &rarr; <strong>1154</strong><br />(-27 for losing)
|raw|Brolyer's rating: 1153 &rarr; <strong>1180</strong><br />(+27 for winning)
|l|☆Ryrissu
