|j|☆85792195wwww
|j|☆cxcould
|t:|1629448101
|gametype|singles
|player|p1|85792195wwww|lady-gen4|1630
|player|p2|cxcould|dawn|1518
|teamsize|p1|6
|teamsize|p2|6
|gen|8
|tier|[Gen 8] Ubers
|rated|
|rule|Sleep Clause Mod: Limit one foe put to sleep
|rule|Species Clause: Limit one of each Pokémon
|rule|OHKO Clause: OHKO moves are banned
|rule|Evasion Moves Clause: Evasion moves are banned
|rule|Endless Battle Clause: Forcing endless battles is banned
|rule|HP Percentage Mod: HP is shown in percentages
|rule|Dynamax Clause: You cannot dynamax
|clearpoke
|poke|p1|Rayquaza|
|poke|p1|Cinderace, M|
|poke|p1|Terrakion|
|poke|p1|Kyogre|
|poke|p1|Landorus-Therian, M|
|poke|p1|Tyranitar, F|
|poke|p2|Necrozma-Dusk-Mane|
|poke|p2|Yveltal|
|poke|p2|Kyogre|
|poke|p2|Calyrex-Shadow|
|poke|p2|Zygarde|
|poke|p2|Eternatus|
|teampreview
|inactive|Battle timer is ON: inactive players will automatically lose when time's up. (requested by cxcould)
|
|t:|1629448122
|start
|switch|p1a: Terrakion|Terrakion|100/100
|switch|p2a: Zygarde|Zygarde|100/100
|turn|1
|
|t:|1629448129
|move|p1a: Terrakion|Taunt|p2a: Zygarde
|-start|p2a: Zygarde|move: Taunt
|move|p2a: Zygarde|Thousand Arrows|p1a: Terrakion
|-supereffective|p1a: Terrakion
|-damage|p1a: Terrakion|26/100
|
|upkeep
|turn|2
|
|t:|1629448136
|move|p1a: Terrakion|Stealth Rock|p2a: Zygarde
|-sidestart|p2: cxcould|move: Stealth Rock
|move|p2a: Zygarde|Thousand Arrows|p1a: Terrakion
|-supereffective|p1a: Terrakion
|-damage|p1a: Terrakion|0 fnt
|faint|p1a: Terrakion
|
|upkeep
|
|t:|1629448146
|switch|p1a: Rayquaza|Rayquaza|100/100
|-ability|p1a: Rayquaza|Air Lock
|turn|3
|
|t:|1629448157
|move|p1a: Rayquaza|Dragon Dance|p1a: Rayquaza
|-boost|p1a: Rayquaza|atk|1
|-boost|p1a: Rayquaza|spe|1
|move|p2a: Zygarde|Thousand Arrows|p1a: Rayquaza
|-crit|p1a: Rayquaza
|-damage|p1a: Rayquaza|48/100
|-start|p1a: Rayquaza|Smack Down
|
|-end|p2a: Zygarde|move: Taunt
|upkeep
|turn|4
|
|t:|1629448167
|move|p1a: Rayquaza|Ice Beam|p2a: Zygarde
|-supereffective|p2a: Zygarde
|-damage|p2a: Zygarde|0 fnt
|faint|p2a: Zygarde
|-damage|p1a: Rayquaza|38/100|[from] item: Life Orb
|
|upkeep
|
|t:|1629448178
|switch|p2a: Calyrex|Calyrex-Shadow|100/100
|-ability|p2a: Calyrex|As One
|-ability|p2a: Calyrex|Unnerve
|-damage|p2a: Calyrex|88/100|[from] Stealth Rock
|turn|5
|
|t:|1629448187
|switch|p1a: Tyranitar|Tyranitar, F|100/100
|-weather|Sandstorm|[from] ability: Sand Stream|[of] p1a: Tyranitar
|move|p2a: Calyrex|Trick|p1a: Tyranitar
|-activate|p2a: Calyrex|move: Trick|[of] p1a: Tyranitar
|-item|p1a: Tyranitar|Choice Scarf|[from] move: Trick
|-item|p2a: Calyrex|Expert Belt|[from] move: Trick
|
|-weather|Sandstorm|[upkeep]
|-damage|p2a: Calyrex|82/100|[from] Sandstorm
|upkeep
|turn|6
|
|t:|1629448202
|switch|p2a: Necrozma|Necrozma-Dusk-Mane|100/100
|-damage|p2a: Necrozma|94/100|[from] Stealth Rock
|switch|p1a: Landorus|Landorus-Therian, M|100/100
|-ability|p1a: Landorus|Intimidate|boost
|-unboost|p2a: Necrozma|atk|1
|
|-weather|Sandstorm|[upkeep]
|upkeep
|turn|7
|
|t:|1629448212
|switch|p2a: Yveltal|Yveltal, shiny|100/100
|-ability|p2a: Yveltal|Dark Aura
|move|p1a: Landorus|U-turn|p2a: Yveltal
|-damage|p2a: Yveltal|75/100
|
|t:|1629448223
|switch|p1a: Cinderace|Cinderace, M|100/100|[from]move: U-turn
|
|-weather|Sandstorm|[upkeep]
|-damage|p1a: Cinderace|95/100|[from] Sandstorm
|-damage|p2a: Yveltal|69/100|[from] Sandstorm
|upkeep
|turn|8
|
|t:|1629448230
|move|p1a: Cinderace|Gunk Shot|p2a: Yveltal
|-start|p1a: Cinderace|typechange|Poison|[from] ability: Libero
|-damage|p2a: Yveltal|9/100
|move|p2a: Yveltal|Oblivion Wing|p1a: Cinderace
|-damage|p1a: Cinderace|56/100
|-heal|p2a: Yveltal|31/100|[from] drain|[of] p1a: Cinderace
|
|-weather|Sandstorm|[upkeep]
|-damage|p1a: Cinderace|50/100|[from] Sandstorm
|-damage|p2a: Yveltal|25/100|[from] Sandstorm
|upkeep
|turn|9
|
|t:|1629448246
|switch|p2a: Eternatus|Eternatus|100/100
|-damage|p2a: Eternatus|88/100|[from] Stealth Rock
|-ability|p2a: Eternatus|Pressure
|move|p1a: Cinderace|U-turn|p2a: Eternatus
|-start|p1a: Cinderace|typechange|Bug|[from] ability: Libero
|-resisted|p2a: Eternatus
|-damage|p2a: Eternatus|74/100
|
|t:|1629448261
|switch|p1a: Landorus|Landorus-Therian, M|100/100|[from]move: U-turn
|-ability|p1a: Landorus|Intimidate|boost
|-unboost|p2a: Eternatus|atk|1
|
|-weather|none
|-heal|p2a: Eternatus|80/100|[from] item: Leftovers
|upkeep
|turn|10
|
|t:|1629448270
|move|p1a: Landorus|Earthquake|p2a: Eternatus
|-supereffective|p2a: Eternatus
|-damage|p2a: Eternatus|0 fnt
|faint|p2a: Eternatus
|
|upkeep
|
|t:|1629448273
|switch|p2a: Yveltal|Yveltal, shiny|25/100
|-ability|p2a: Yveltal|Dark Aura
|turn|11
|
|t:|1629448283
|switch|p1a: Cinderace|Cinderace, M|50/100
|move|p2a: Yveltal|Oblivion Wing|p1a: Cinderace
|-damage|p1a: Cinderace|8/100
|-heal|p2a: Yveltal|49/100|[from] drain|[of] p1a: Cinderace
|
|upkeep
|turn|12
|
|t:|1629448294
|switch|p1a: Tyranitar|Tyranitar, F|100/100
|-weather|Sandstorm|[from] ability: Sand Stream|[of] p1a: Tyranitar
|move|p2a: Yveltal|Oblivion Wing|p1a: Tyranitar
|-resisted|p1a: Tyranitar
|-damage|p1a: Tyranitar|87/100
|-heal|p2a: Yveltal|58/100|[from] drain|[of] p1a: Tyranitar
|
|-weather|Sandstorm|[upkeep]
|-damage|p2a: Yveltal|52/100|[from] Sandstorm
|upkeep
|turn|13
|
|t:|1629448311
|switch|p2a: Necrozma|Necrozma-Dusk-Mane|94/100
|-damage|p2a: Necrozma|88/100|[from] Stealth Rock
|move|p1a: Tyranitar|Dragon Dance|p1a: Tyranitar
|-boost|p1a: Tyranitar|atk|1
|-boost|p1a: Tyranitar|spe|1
|
|-weather|Sandstorm|[upkeep]
|upkeep
|turn|14
|
|t:|1629448335
|switch|p1a: Kyogre|Kyogre|100/100
|-weather|RainDance|[from] ability: Drizzle|[of] p1a: Kyogre
|switch|p2a: Kyogre|Kyogre|100/100
|-damage|p2a: Kyogre|88/100|[from] Stealth Rock
|
|-weather|RainDance|[upkeep]
|-heal|p2a: Kyogre|94/100|[from] item: Leftovers
|upkeep
|turn|15
|
|t:|1629448358
|switch|p1a: Cinderace|Cinderace, M|8/100
|move|p2a: Kyogre|Substitute|p2a: Kyogre
|-start|p2a: Kyogre|Substitute
|-damage|p2a: Kyogre|69/100
|
|-weather|RainDance|[upkeep]
|-heal|p2a: Kyogre|75/100|[from] item: Leftovers
|upkeep
|turn|16
|
|t:|1629448367
|move|p1a: Cinderace|U-turn|p2a: Kyogre
|-start|p1a: Cinderace|typechange|Bug|[from] ability: Libero
|-end|p2a: Kyogre|Substitute
|
|t:|1629448371
|switch|p1a: Rayquaza|Rayquaza|38/100|[from]move: U-turn
|-ability|p1a: Rayquaza|Air Lock
|move|p2a: Kyogre|Calm Mind|p2a: Kyogre
|-boost|p2a: Kyogre|spa|1
|-boost|p2a: Kyogre|spd|1
|
|-weather|RainDance|[upkeep]
|-heal|p2a: Kyogre|82/100|[from] item: Leftovers
|upkeep
|turn|17
|
|t:|1629448382
|switch|p2a: Necrozma|Necrozma-Dusk-Mane|88/100
|-damage|p2a: Necrozma|82/100|[from] Stealth Rock
|move|p1a: Rayquaza|Dragon Ascent|p2a: Necrozma
|-resisted|p2a: Necrozma
|-damage|p2a: Necrozma|59/100
|-unboost|p1a: Rayquaza|def|1
|-unboost|p1a: Rayquaza|spd|1
|-damage|p1a: Rayquaza|22/100|[from] item: Rocky Helmet|[of] p2a: Necrozma
|-damage|p1a: Rayquaza|12/100|[from] item: Life Orb
|
|-weather|RainDance|[upkeep]
|upkeep
|turn|18
|
|t:|1629448395
|move|p1a: Rayquaza|V-create|p2a: Necrozma|[miss]
|-miss|p1a: Rayquaza|p2a: Necrozma
|move|p2a: Necrozma|Stealth Rock|p1a: Rayquaza
|-sidestart|p1: 85792195wwww|move: Stealth Rock
|
|-weather|none
|upkeep
|turn|19
|
|t:|1629448403
|move|p1a: Rayquaza|Dragon Dance|p1a: Rayquaza
|-boost|p1a: Rayquaza|atk|1
|-boost|p1a: Rayquaza|spe|1
|move|p2a: Necrozma|Morning Sun|p2a: Necrozma
|-heal|p2a: Necrozma|100/100
|
|upkeep
|turn|20
|
|t:|1629448411
|move|p1a: Rayquaza|V-create|p2a: Necrozma
|-supereffective|p2a: Necrozma
|-damage|p2a: Necrozma|0 fnt
|-unboost|p1a: Rayquaza|spe|1
|-unboost|p1a: Rayquaza|def|1
|-unboost|p1a: Rayquaza|spd|1
|-damage|p1a: Rayquaza|0 fnt|[from] item: Rocky Helmet|[of] p2a: Necrozma
|faint|p2a: Necrozma
|faint|p1a: Rayquaza
|
|upkeep
|
|t:|1629448431
|switch|p1a: Kyogre|Kyogre|100/100
|switch|p2a: Yveltal|Yveltal, shiny|52/100
|-ability|p2a: Yveltal|Dark Aura
|-damage|p1a: Kyogre|88/100|[from] Stealth Rock
|-weather|RainDance|[from] ability: Drizzle|[of] p1a: Kyogre
|turn|21
|
|t:|1629448449
|switch|p2a: Kyogre|Kyogre|82/100
|-damage|p2a: Kyogre|69/100|[from] Stealth Rock
|switch|p1a: Tyranitar|Tyranitar, F|87/100
|-damage|p1a: Tyranitar|75/100|[from] Stealth Rock
|-weather|Sandstorm|[from] ability: Sand Stream|[of] p1a: Tyranitar
|
|-weather|Sandstorm|[upkeep]
|-damage|p2a: Kyogre|63/100|[from] Sandstorm
|-heal|p2a: Kyogre|69/100|[from] item: Leftovers
|upkeep
|turn|22
|
|t:|1629448462
|switch|p1a: Cinderace|Cinderace, M|8/100
|-damage|p1a: Cinderace|0 fnt|[from] Stealth Rock
|faint|p1a: Cinderace
|move|p2a: Kyogre|Scald|p1: Cinderace|[notarget]
|-fail|p2a: Kyogre
|
|-weather|Sandstorm|[upkeep]
|-damage|p2a: Kyogre|63/100|[from] Sandstorm
|-heal|p2a: Kyogre|69/100|[from] item: Leftovers
|upkeep
|
|t:|1629448475
|switch|p1a: Landorus|Landorus-Therian, M|100/100
|-damage|p1a: Landorus|88/100|[from] Stealth Rock
|-ability|p1a: Landorus|Intimidate|boost
|-unboost|p2a: Kyogre|atk|1
|turn|23
|
|t:|1629448488
|switch|p2a: Yveltal|Yveltal, shiny|52/100
|-ability|p2a: Yveltal|Dark Aura
|move|p1a: Landorus|U-turn|p2a: Yveltal
|-damage|p2a: Yveltal|28/100
|
|t:|1629448494
|switch|p1a: Tyranitar|Tyranitar, F|75/100|[from]move: U-turn
|-damage|p1a: Tyranitar|62/100|[from] Stealth Rock
|
|-weather|Sandstorm|[upkeep]
|-damage|p2a: Yveltal|22/100|[from] Sandstorm
|upkeep
|turn|24
|
|t:|1629448505
|move|p1a: Tyranitar|Crunch|p2a: Yveltal
|-resisted|p2a: Yveltal
|-damage|p2a: Yveltal|0 fnt
|faint|p2a: Yveltal
|
|-weather|Sandstorm|[upkeep]
|upkeep
|
|t:|1629448508
|switch|p2a: Kyogre|Kyogre|69/100
|-damage|p2a: Kyogre|57/100|[from] Stealth Rock
|-weather|RainDance|[from] ability: Drizzle|[of] p2a: Kyogre
|turn|25
|
|t:|1629448517
|move|p1a: Tyranitar|Crunch|p2a: Kyogre
|-damage|p2a: Kyogre|23/100
|-unboost|p2a: Kyogre|def|1
|move|p2a: Kyogre|Substitute|p2a: Kyogre
|-fail|p2a: Kyogre|move: Substitute|[weak]
|
|-weather|RainDance|[upkeep]
|-heal|p2a: Kyogre|29/100|[from] item: Leftovers
|upkeep
|turn|26
|
|t:|1629448529
|move|p1a: Tyranitar|Crunch|p2a: Kyogre
|-damage|p2a: Kyogre|0 fnt
|faint|p2a: Kyogre
|
|-weather|RainDance|[upkeep]
|upkeep
|-message|cxcould forfeited.
|
|win|85792195wwww
|raw|85792195wwww's rating: 1630 &rarr; <strong>1644</strong><br />(+14 for winning)
|raw|cxcould's rating: 1518 &rarr; <strong>1504</strong><br />(-14 for losing)
|l|☆cxcould
|j|☆cxcould
|player|p2|cxcould|dawn
|inactive|Battle timer is ON: inactive players will automatically lose when time's up. (requested by cxcould)
