|j|☆Qiyu4
|j|☆JKongh
|player|p1|Qiyu4|swimmer-gen4dp|
|player|p2|JKongh|lillie-z|
|teamsize|p1|6
|teamsize|p2|6
|gametype|singles
|gen|8
|tier|[Gen 8] Ubers
|clearpoke
|poke|p1|Zacian-*|
|poke|p1|Eternatus|
|poke|p1|Excadrill, M|
|poke|p1|Hippowdon, F|
|poke|p1|Ditto|
|poke|p1|Darmanitan-Galar, F|
|poke|p2|Zacian-*|
|poke|p2|Eternatus|
|poke|p2|Quagsire, M|
|poke|p2|Ditto|
|poke|p2|Gothitelle, M|
|poke|p2|Corviknight, F|
|rule|Sleep Clause Mod: Limit one foe put to sleep
|rule|Species Clause: Limit one of each Pokémon
|rule|OHKO Clause: OHKO moves are banned
|rule|Evasion Moves Clause: Evasion moves are banned
|rule|Endless Battle Clause: Forcing endless battles is banned
|rule|HP Percentage Mod: HP is shown in percentages
|teampreview
|
|start
|switch|p1a: Darmanitan|Darmanitan-Galar, F|100/100
|switch|p2a: Zacian|Zacian-Crowned|100/100
|-ability|p2a: Zacian|Intrepid Sword|boost
|-boost|p2a: Zacian|atk|1
|turn|1
|
|switch|p2a: Quagsire|Quagsire, M|100/100
|move|p1a: Darmanitan|Flare Blitz|p2a: Quagsire
|-resisted|p2a: Quagsire
|-damage|p2a: Quagsire|76/100
|-damage|p1a: Darmanitan|84/100|[from] item: Rocky Helmet|[of] p2a: Quagsire
|-damage|p1a: Darmanitan|75/100|[from] Recoil
|
|upkeep
|turn|2
|
|switch|p1a: Eternatus|Eternatus|100/100
|-ability|p1a: Eternatus|Pressure
|move|p2a: Quagsire|Earthquake|p1a: Eternatus
|-supereffective|p1a: Eternatus
|-damage|p1a: Eternatus|53/100
|
|-heal|p1a: Eternatus|59/100|[from] item: Black Sludge
|upkeep
|turn|3
|
|switch|p2a: Zacian|Zacian-Crowned|100/100
|-ability|p2a: Zacian|Intrepid Sword|boost
|-boost|p2a: Zacian|atk|1
|move|p1a: Eternatus|Dynamax Cannon|p2a: Zacian
|-immune|p2a: Zacian
|
|-heal|p1a: Eternatus|66/100|[from] item: Black Sludge
|upkeep
|turn|4
|
|switch|p1a: Hippowdon|Hippowdon, F|100/100
|-weather|Sandstorm|[from] ability: Sand Stream|[of] p1a: Hippowdon
|move|p2a: Zacian|Substitute|p2a: Zacian
|-start|p2a: Zacian|Substitute
|-damage|p2a: Zacian|76/100
|
|-weather|Sandstorm|[upkeep]
|upkeep
|turn|5
|
|move|p2a: Zacian|Play Rough|p1a: Hippowdon
|-damage|p1a: Hippowdon|53/100
|move|p1a: Hippowdon|Roar|p2a: Zacian
|drag|p2a: Gothitelle|Gothitelle, M|100/100
|
|-weather|Sandstorm|[upkeep]
|-damage|p2a: Gothitelle|94/100|[from] Sandstorm
|-heal|p2a: Gothitelle|100/100|[from] item: Leftovers
|-heal|p1a: Hippowdon|59/100|[from] item: Leftovers
|upkeep
|turn|6
|
|move|p2a: Gothitelle|Cosmic Power|p2a: Gothitelle
|-boost|p2a: Gothitelle|def|1
|-boost|p2a: Gothitelle|spd|1
|move|p1a: Hippowdon|Earthquake|p2a: Gothitelle
|-damage|p2a: Gothitelle|74/100
|
|-weather|Sandstorm|[upkeep]
|-damage|p2a: Gothitelle|68/100|[from] Sandstorm
|-heal|p2a: Gothitelle|74/100|[from] item: Leftovers
|-heal|p1a: Hippowdon|65/100|[from] item: Leftovers
|upkeep
|turn|7
|
|move|p2a: Gothitelle|Stored Power|p1a: Hippowdon
|-damage|p1a: Hippowdon|44/100
|move|p1a: Hippowdon|Roar|p2a: Gothitelle
|drag|p2a: Eternatus|Eternatus|100/100
|-ability|p2a: Eternatus|Pressure
|
|-weather|Sandstorm|[upkeep]
|-damage|p2a: Eternatus|94/100|[from] Sandstorm
|-heal|p1a: Hippowdon|50/100|[from] item: Leftovers
|upkeep
|turn|8
|
|switch|p1a: Zacian|Zacian-Crowned|100/100
|-ability|p1a: Zacian|Intrepid Sword|boost
|-boost|p1a: Zacian|atk|1
|move|p2a: Eternatus|Substitute|p2a: Eternatus
|-start|p2a: Eternatus|Substitute
|-damage|p2a: Eternatus|69/100
|
|-weather|none
|upkeep
|turn|9
|
|move|p1a: Zacian|Behemoth Blade|p2a: Eternatus
|-end|p2a: Eternatus|Substitute
|move|p2a: Eternatus|Flamethrower|p1a: Zacian
|-supereffective|p1a: Zacian
|-damage|p1a: Zacian|2/100
|-damage|p2a: Eternatus|59/100|[from] item: Life Orb
|
|upkeep
|turn|10
|
|switch|p2a: Quagsire|Quagsire, M|76/100
|move|p1a: Zacian|Play Rough|p2a: Quagsire
|-crit|p2a: Quagsire
|-damage|p2a: Quagsire|12/100
|-damage|p1a: Zacian|0 fnt|[from] item: Rocky Helmet|[of] p2a: Quagsire
|faint|p1a: Zacian
|
|upkeep
|
|switch|p1a: Darmanitan|Darmanitan-Galar, F|75/100
|turn|11
|
|move|p1a: Darmanitan|U-turn|p2a: Quagsire
|-damage|p2a: Quagsire|0 fnt
|-damage|p1a: Darmanitan|58/100|[from] item: Rocky Helmet|[of] p2a: Quagsire
|faint|p2a: Quagsire
|
|switch|p1a: Hippowdon|Hippowdon, F|50/100|[from]move: U-turn
|-weather|Sandstorm|[from] ability: Sand Stream|[of] p1a: Hippowdon
|
|-weather|Sandstorm|[upkeep]
|-heal|p1a: Hippowdon|57/100|[from] item: Leftovers
|upkeep
|
|switch|p2a: Eternatus|Eternatus|59/100
|-ability|p2a: Eternatus|Pressure
|turn|12
|
|move|p2a: Eternatus|Dynamax Cannon|p1a: Hippowdon
|-damage|p1a: Hippowdon|0 fnt
|-damage|p2a: Eternatus|49/100|[from] item: Life Orb
|faint|p1a: Hippowdon
|
|-weather|Sandstorm|[upkeep]
|-damage|p2a: Eternatus|43/100|[from] Sandstorm
|upkeep
|
|switch|p1a: Excadrill|Excadrill, M|100/100
|turn|13
|
|switch|p2a: Corviknight|Corviknight, F|100/100
|-ability|p2a: Corviknight|Pressure
|move|p1a: Excadrill|Swords Dance|p1a: Excadrill
|-boost|p1a: Excadrill|atk|2
|
|-weather|Sandstorm|[upkeep]
|upkeep
|turn|14
|
|-start|p2a: Corviknight|Dynamax
|-heal|p2a: Corviknight|100/100|[silent]
|move|p2a: Corviknight|Max Guard|p2a: Corviknight
|-singleturn|p2a: Corviknight|Max Guard
|move|p1a: Excadrill|Rock Slide|p2a: Corviknight
|-activate|p2a: Corviknight|move: Max Guard
|
|-weather|Sandstorm|[upkeep]
|upkeep
|turn|15
|
|move|p1a: Excadrill|Swords Dance|p1a: Excadrill
|-boost|p1a: Excadrill|atk|2
|move|p2a: Corviknight|Max Knuckle|p1a: Excadrill
|-supereffective|p1a: Excadrill
|-damage|p1a: Excadrill|47/100
|-boost|p2a: Corviknight|atk|1
|
|-weather|none
|upkeep
|turn|16
|
|-start|p1a: Excadrill|Dynamax
|-heal|p1a: Excadrill|47/100|[silent]
|move|p2a: Corviknight|Max Guard|p2a: Corviknight
|-singleturn|p2a: Corviknight|Max Guard
|move|p1a: Excadrill|Max Rockfall|p2a: Corviknight
|-activate|p2a: Corviknight|move: Max Guard
|
|-end|p2a: Corviknight|Dynamax
|-heal|p2a: Corviknight|100/100|[silent]
|upkeep
|turn|17
|
|move|p1a: Excadrill|Max Rockfall|p2a: Corviknight
|-damage|p2a: Corviknight|18/100
|-weather|Sandstorm
|move|p2a: Corviknight|Body Press|p1a: Excadrill
|-supereffective|p1a: Excadrill
|-damage|p1a: Excadrill|8/100
|
|-weather|Sandstorm|[upkeep]
|-heal|p2a: Corviknight|24/100|[from] item: Leftovers
|upkeep
|turn|18
|
|-end|p1a: Excadrill|Dynamax
|-heal|p1a: Excadrill|8/100|[silent]
|switch|p1a: Eternatus|Eternatus|66/100
|-ability|p1a: Eternatus|Pressure
|move|p2a: Corviknight|U-turn|p1a: Eternatus
|-resisted|p1a: Eternatus
|-damage|p1a: Eternatus|58/100
|
|switch|p2a: Ditto|Ditto|100/100|[from]move: U-turn
|-transform|p2a: Ditto|p1a: Eternatus|[from] ability: Imposter
|-ability|p2a: Ditto|Pressure
|
|-weather|Sandstorm|[upkeep]
|-damage|p2a: Ditto|94/100|[from] Sandstorm
|-damage|p1a: Eternatus|51/100|[from] Sandstorm
|-heal|p1a: Eternatus|58/100|[from] item: Black Sludge
|upkeep
|turn|19
|
|switch|p1a: Darmanitan|Darmanitan-Galar, F|58/100
|move|p2a: Ditto|Dynamax Cannon|p1a: Darmanitan
|-damage|p1a: Darmanitan|0 fnt
|faint|p1a: Darmanitan
|
|-weather|Sandstorm|[upkeep]
|-damage|p2a: Ditto|88/100|[from] Sandstorm
|upkeep
|
|switch|p1a: Excadrill|Excadrill, M|8/100
|turn|20
|
|switch|p1a: Eternatus|Eternatus|58/100
|-ability|p1a: Eternatus|Pressure
|switch|p2a: Gothitelle|Gothitelle, M|74/100
|
|-weather|Sandstorm|[upkeep]
|-damage|p1a: Eternatus|51/100|[from] Sandstorm
|-damage|p2a: Gothitelle|68/100|[from] Sandstorm
|-heal|p1a: Eternatus|58/100|[from] item: Black Sludge
|-heal|p2a: Gothitelle|74/100|[from] item: Leftovers
|upkeep
|turn|21
|
|move|p1a: Eternatus|Substitute|p1a: Eternatus
|-start|p1a: Eternatus|Substitute
|-damage|p1a: Eternatus|33/100
|move|p2a: Gothitelle|Cosmic Power|p2a: Gothitelle
|-boost|p2a: Gothitelle|def|1
|-boost|p2a: Gothitelle|spd|1
|
|-weather|none
|-heal|p1a: Eternatus|39/100|[from] item: Black Sludge
|-heal|p2a: Gothitelle|80/100|[from] item: Leftovers
|upkeep
|turn|22
|
|move|p1a: Eternatus|Dynamax Cannon|p2a: Gothitelle
|-damage|p2a: Gothitelle|54/100
|move|p2a: Gothitelle|Cosmic Power|p2a: Gothitelle
|-boost|p2a: Gothitelle|def|1
|-boost|p2a: Gothitelle|spd|1
|
|-heal|p1a: Eternatus|45/100|[from] item: Black Sludge
|-heal|p2a: Gothitelle|60/100|[from] item: Leftovers
|upkeep
|turn|23
|
|move|p1a: Eternatus|Dynamax Cannon|p2a: Gothitelle
|-damage|p2a: Gothitelle|38/100
|move|p2a: Gothitelle|Cosmic Power|p2a: Gothitelle
|-boost|p2a: Gothitelle|def|1
|-boost|p2a: Gothitelle|spd|1
|
|-heal|p1a: Eternatus|51/100|[from] item: Black Sludge
|-heal|p2a: Gothitelle|44/100|[from] item: Leftovers
|upkeep
|turn|24
|
|move|p1a: Eternatus|Dynamax Cannon|p2a: Gothitelle
|-damage|p2a: Gothitelle|29/100
|move|p2a: Gothitelle|Cosmic Power|p2a: Gothitelle
|-boost|p2a: Gothitelle|def|1
|-boost|p2a: Gothitelle|spd|1
|
|-heal|p1a: Eternatus|57/100|[from] item: Black Sludge
|-heal|p2a: Gothitelle|35/100|[from] item: Leftovers
|upkeep
|turn|25
|
|move|p1a: Eternatus|Dynamax Cannon|p2a: Gothitelle
|-damage|p2a: Gothitelle|22/100
|move|p2a: Gothitelle|Rest|p2a: Gothitelle
|-status|p2a: Gothitelle|slp|[from] move: Rest
|-heal|p2a: Gothitelle|100/100 slp|[silent]
|
|-heal|p1a: Eternatus|63/100|[from] item: Black Sludge
|upkeep
|turn|26
|
|cant|p2a: Gothitelle|slp
|move|p1a: Eternatus|Dynamax Cannon|p2a: Gothitelle
|-damage|p2a: Gothitelle|87/100 slp
|
|-heal|p1a: Eternatus|69/100|[from] item: Black Sludge
|-heal|p2a: Gothitelle|93/100 slp|[from] item: Leftovers
|upkeep
|turn|27
|
|move|p1a: Eternatus|Dynamax Cannon|p2a: Gothitelle
|-damage|p2a: Gothitelle|79/100 slp
|cant|p2a: Gothitelle|slp
|
|-heal|p1a: Eternatus|75/100|[from] item: Black Sludge
|-heal|p2a: Gothitelle|85/100 slp|[from] item: Leftovers
|upkeep
|turn|28
|
|move|p1a: Eternatus|Flamethrower|p2a: Gothitelle
|-damage|p2a: Gothitelle|77/100 slp
|-curestatus|p2a: Gothitelle|slp|[msg]
|move|p2a: Gothitelle|Cosmic Power|p2a: Gothitelle
|-boost|p2a: Gothitelle|def|1
|-boost|p2a: Gothitelle|spd|1
|
|-heal|p1a: Eternatus|81/100|[from] item: Black Sludge
|-heal|p2a: Gothitelle|83/100|[from] item: Leftovers
|upkeep
|turn|29
|
|move|p1a: Eternatus|Flamethrower|p2a: Gothitelle
|-damage|p2a: Gothitelle|75/100
|move|p2a: Gothitelle|Cosmic Power|p2a: Gothitelle
|-boost|p2a: Gothitelle|def|1
|-boost|p2a: Gothitelle|spd|1
|
|-heal|p1a: Eternatus|87/100|[from] item: Black Sludge
|-heal|p2a: Gothitelle|82/100|[from] item: Leftovers
|upkeep
|turn|30
|
|move|p1a: Eternatus|Dynamax Cannon|p2a: Gothitelle
|-damage|p2a: Gothitelle|70/100
|move|p2a: Gothitelle|Stored Power|p1a: Eternatus
|-supereffective|p1a: Eternatus
|-end|p1a: Eternatus|Substitute
|
|-heal|p1a: Eternatus|93/100|[from] item: Black Sludge
|-heal|p2a: Gothitelle|76/100|[from] item: Leftovers
|upkeep
|turn|31
|
|switch|p2a: Corviknight|Corviknight, F|24/100
|-ability|p2a: Corviknight|Pressure
|move|p1a: Eternatus|Flamethrower|p2a: Corviknight
|-supereffective|p2a: Corviknight
|-damage|p2a: Corviknight|0 fnt
|faint|p2a: Corviknight
|
|-heal|p1a: Eternatus|99/100|[from] item: Black Sludge
|upkeep
|
|switch|p2a: Ditto|Ditto|88/100
|-transform|p2a: Ditto|p1a: Eternatus|[from] ability: Imposter
|-ability|p2a: Ditto|Pressure
|turn|32
|
|move|p2a: Ditto|Dynamax Cannon|p1a: Eternatus
|-supereffective|p1a: Eternatus
|-damage|p1a: Eternatus|0 fnt
|faint|p1a: Eternatus
|
|upkeep
|c|☆Qiyu4|gg
|c|☆JKongh|gg
|-message|Qiyu4 forfeited.
|
|win|JKongh
|l|☆Qiyu4
