|j|☆Luna's Bann3d Now
|j|☆Lost Thoughts
|t:|1599700375
|player|p1|Luna's Bann3d Now|youngcouple-gen4dp|1759
|player|p2|Lost Thoughts|will|1676
|teamsize|p1|6
|teamsize|p2|6
|gametype|singles
|gen|8
|tier|[Gen 8] Ubers
|rated|
|clearpoke
|poke|p1|Blastoise, M|
|poke|p1|Eternatus|
|poke|p1|Klefki, F|
|poke|p1|Zacian-Crowned|
|poke|p1|Lunala|
|poke|p1|Necrozma-Dusk-Mane|
|poke|p2|Volcarona, F|
|poke|p2|Eternatus|
|poke|p2|Lunala|
|poke|p2|Mandibuzz, F|
|poke|p2|Necrozma-Dusk-Mane|
|poke|p2|Ditto|
|rule|Sleep Clause Mod: Limit one foe put to sleep
|rule|Species Clause: Limit one of each Pokémon
|rule|OHKO Clause: OHKO moves are banned
|rule|Evasion Moves Clause: Evasion moves are banned
|rule|Endless Battle Clause: Forcing endless battles is banned
|rule|HP Percentage Mod: HP is shown in percentages
|html|Ubers Dynamax Clause: Pokémon on the <a href="https://www.smogon.com/dex/ss/formats/uber/">Ubers Dynamax Banlist</a> cannot Dynamax.
|teampreview
|
|t:|1599700393
|start
|switch|p1a: Zacian|Zacian-Crowned|100/100
|switch|p2a: Necrozma|Necrozma-Dusk-Mane|100/100
|-ability|p1a: Zacian|Intrepid Sword|boost
|-boost|p1a: Zacian|atk|1
|turn|1
|
|t:|1599700398
|move|p1a: Zacian|Close Combat|p2a: Necrozma
|-damage|p2a: Necrozma|53/100
|-unboost|p1a: Zacian|def|1
|-unboost|p1a: Zacian|spd|1
|move|p2a: Necrozma|Thunder Wave|p1a: Zacian
|-status|p1a: Zacian|par
|
|-heal|p2a: Necrozma|59/100|[from] item: Leftovers
|upkeep
|turn|2
|
|t:|1599700404
|switch|p1a: Klefki|Klefki, F|100/100
|move|p2a: Necrozma|Morning Sun|p2a: Necrozma
|-heal|p2a: Necrozma|100/100
|
|upkeep
|turn|3
|
|t:|1599700424
|move|p1a: Klefki|Thunder Wave|p2a: Necrozma
|-status|p2a: Necrozma|par
|move|p2a: Necrozma|Sunsteel Strike|p1a: Klefki
|-damage|p1a: Klefki|57/100
|-enditem|p1a: Klefki|Red Card|[of] p2a: Necrozma
|drag|p2a: Eternatus|Eternatus|100/100
|-ability|p2a: Eternatus|Pressure
|
|upkeep
|turn|4
|
|t:|1599700429
|switch|p2a: Necrozma|Necrozma-Dusk-Mane|100/100 par
|move|p1a: Klefki|Thunder Wave|p2a: Necrozma
|-fail|p2a: Necrozma|par
|
|upkeep
|turn|5
|
|t:|1599700434
|switch|p1a: Necrozma|Necrozma-Dusk-Mane|100/100
|move|p2a: Necrozma|Sunsteel Strike|p1a: Necrozma
|-resisted|p1a: Necrozma
|-damage|p1a: Necrozma|86/100
|-damage|p2a: Necrozma|84/100 par|[from] item: Rocky Helmet|[of] p1a: Necrozma
|
|-heal|p2a: Necrozma|90/100 par|[from] item: Leftovers
|upkeep
|turn|6
|
|t:|1599700438
|move|p1a: Necrozma|Stealth Rock|p2a: Necrozma
|-sidestart|p2: Lost Thoughts|move: Stealth Rock
|move|p2a: Necrozma|Stealth Rock|p1a: Necrozma
|-sidestart|p1: Luna's Bann3d Now|move: Stealth Rock
|
|-heal|p2a: Necrozma|96/100 par|[from] item: Leftovers
|upkeep
|turn|7
|
|t:|1599700442
|switch|p1a: Klefki|Klefki, F|57/100
|-damage|p1a: Klefki|51/100|[from] Stealth Rock
|cant|p2a: Necrozma|par
|
|-heal|p2a: Necrozma|100/100 par|[from] item: Leftovers
|upkeep
|turn|8
|
|t:|1599700448
|move|p1a: Klefki|Spikes|p2a: Necrozma
|-sidestart|p2: Lost Thoughts|Spikes
|move|p2a: Necrozma|Sunsteel Strike|p1a: Klefki
|-damage|p1a: Klefki|10/100
|
|upkeep
|turn|9
|
|t:|1599700464
|move|p1a: Klefki|Foul Play|p2a: Necrozma
|-supereffective|p2a: Necrozma
|-damage|p2a: Necrozma|77/100 par
|cant|p2a: Necrozma|par
|
|-heal|p2a: Necrozma|83/100 par|[from] item: Leftovers
|upkeep
|turn|10
|
|t:|1599700469
|move|p1a: Klefki|Spikes|p2a: Necrozma
|-sidestart|p2: Lost Thoughts|Spikes
|cant|p2a: Necrozma|par
|
|-heal|p2a: Necrozma|89/100 par|[from] item: Leftovers
|upkeep
|turn|11
|
|t:|1599700472
|move|p1a: Klefki|Spikes|p2a: Necrozma
|-sidestart|p2: Lost Thoughts|Spikes
|move|p2a: Necrozma|Sunsteel Strike|p1a: Klefki
|-damage|p1a: Klefki|0 fnt
|faint|p1a: Klefki
|
|-heal|p2a: Necrozma|95/100 par|[from] item: Leftovers
|upkeep
|
|t:|1599700474
|switch|p1a: Blastoise|Blastoise, M|100/100
|-damage|p1a: Blastoise|88/100|[from] Stealth Rock
|turn|12
|
|t:|1599700482
|move|p1a: Blastoise|Shell Smash|p1a: Blastoise
|-unboost|p1a: Blastoise|def|1
|-unboost|p1a: Blastoise|spd|1
|-boost|p1a: Blastoise|atk|2
|-boost|p1a: Blastoise|spa|2
|-boost|p1a: Blastoise|spe|2
|move|p2a: Necrozma|Thunder Wave|p1a: Blastoise
|-status|p1a: Blastoise|par
|-enditem|p1a: Blastoise|Lum Berry|[eat]
|-curestatus|p1a: Blastoise|par|[msg]
|
|-heal|p2a: Necrozma|100/100 par|[from] item: Leftovers
|upkeep
|turn|13
|
|t:|1599700501
|-start|p1a: Blastoise|Dynamax
|-formechange|p1a: Blastoise|Blastoise-Gmax
|-heal|p1a: Blastoise|88/100|[silent]
|move|p1a: Blastoise|G-Max Cannonade|p2a: Necrozma
|-damage|p2a: Necrozma|9/100 par
|-sidestart|p2: Lost Thoughts|G-Max Cannonade
|move|p2a: Necrozma|Thunder Wave|p1a: Blastoise
|-status|p1a: Blastoise|par
|
|-heal|p2a: Necrozma|15/100 par|[from] item: Leftovers
|-damage|p2a: Necrozma|0 fnt|[from] G-Max Cannonade
|faint|p2a: Necrozma
|upkeep
|
|t:|1599700507
|switch|p2a: Eternatus|Eternatus|100/100
|-ability|p2a: Eternatus|Pressure
|turn|14
|
|t:|1599700512
|move|p2a: Eternatus|Dynamax Cannon|p1a: Blastoise
|-damage|p1a: Blastoise|5/100 par
|move|p1a: Blastoise|Max Hailstorm|p2a: Eternatus
|-supereffective|p2a: Eternatus
|-damage|p2a: Eternatus|0 fnt
|-weather|Hail
|faint|p2a: Eternatus
|
|-weather|Hail|[upkeep]
|-damage|p1a: Blastoise|2/100 par|[from] Hail
|upkeep
|
|t:|1599700535
|switch|p2a: Ditto|Ditto|100/100
|-damage|p2a: Ditto|88/100|[from] Stealth Rock
|-damage|p2a: Ditto|63/100|[from] Spikes
|-transform|p2a: Ditto|p1a: Blastoise|[from] ability: Imposter
|turn|15
|
|t:|1599700544
|move|p2a: Ditto|Ice Beam|p1a: Blastoise
|-resisted|p1a: Blastoise
|-damage|p1a: Blastoise|0 fnt
|faint|p1a: Blastoise
|
|-weather|Hail|[upkeep]
|-damage|p2a: Ditto|57/100|[from] Hail
|upkeep
|
|t:|1599700547
|switch|p1a: Necrozma|Necrozma-Dusk-Mane|86/100
|-damage|p1a: Necrozma|80/100|[from] Stealth Rock
|turn|16
|
|t:|1599700552
|switch|p2a: Mandibuzz|Mandibuzz, F|100/100
|move|p1a: Necrozma|Thunder Wave|p2a: Mandibuzz
|-status|p2a: Mandibuzz|par
|
|-weather|Hail|[upkeep]
|-damage|p1a: Necrozma|74/100|[from] Hail
|-damage|p2a: Mandibuzz|84/100 par|[from] G-Max Cannonade
|-sideend|p2: Lost Thoughts|G-Max Cannonade
|upkeep
|turn|17
|
|t:|1599700562
|switch|p1a: Eternatus|Eternatus|100/100
|-damage|p1a: Eternatus|88/100|[from] Stealth Rock
|-ability|p1a: Eternatus|Pressure
|cant|p2a: Mandibuzz|par
|
|-weather|Hail|[upkeep]
|-damage|p1a: Eternatus|82/100|[from] Hail
|upkeep
|turn|18
|
|t:|1599700567
|move|p1a: Eternatus|Dynamax Cannon|p2a: Mandibuzz
|-damage|p2a: Mandibuzz|53/100 par
|cant|p2a: Mandibuzz|par
|
|-weather|none
|upkeep
|turn|19
|j| FinnPowerLord
|
|t:|1599700585
|move|p1a: Eternatus|Dynamax Cannon|p2a: Mandibuzz
|-damage|p2a: Mandibuzz|26/100 par
|cant|p2a: Mandibuzz|par
|
|upkeep
|turn|20
|c|☆Lost Thoughts|...
|
|t:|1599700592
|move|p1a: Eternatus|Dynamax Cannon|p2a: Mandibuzz
|-damage|p2a: Mandibuzz|0 fnt
|faint|p2a: Mandibuzz
|
|upkeep
|
|t:|1599700600
|switch|p2a: Lunala|Lunala|100/100
|-damage|p2a: Lunala|88/100|[from] Stealth Rock
|-damage|p2a: Lunala|63/100|[from] Spikes
|turn|21
|
|t:|1599700604
|move|p1a: Eternatus|Toxic|p2a: Lunala
|-status|p2a: Lunala|tox
|move|p2a: Lunala|Moongeist Beam|p1a: Eternatus
|-damage|p1a: Eternatus|25/100
|
|-damage|p2a: Lunala|57/100 tox|[from] psn
|upkeep
|turn|22
|
|t:|1599700606
|move|p1a: Eternatus|Recover|p1a: Eternatus
|-heal|p1a: Eternatus|75/100
|move|p2a: Lunala|Moongeist Beam|p1a: Eternatus
|-damage|p1a: Eternatus|14/100
|
|-damage|p2a: Lunala|45/100 tox|[from] psn
|upkeep
|turn|23
|
|t:|1599700612
|move|p1a: Eternatus|Dynamax Cannon|p2a: Lunala
|-damage|p2a: Lunala|6/100 tox
|move|p2a: Lunala|Moongeist Beam|p1a: Eternatus
|-damage|p1a: Eternatus|0 fnt
|faint|p1a: Eternatus
|
|-damage|p2a: Lunala|0 fnt|[from] psn
|faint|p2a: Lunala
|upkeep
|
|t:|1599700620
|switch|p1a: Necrozma|Necrozma-Dusk-Mane|74/100
|switch|p2a: Volcarona|Volcarona, F|100/100
|-damage|p1a: Necrozma|68/100|[from] Stealth Rock
|turn|24
|
|t:|1599700623
|move|p2a: Volcarona|Safeguard|p2a: Volcarona
|-sidestart|p2: Lost Thoughts|Safeguard
|move|p1a: Necrozma|Thunder Wave|p2a: Volcarona
|-activate|p2a: Volcarona|move: Safeguard
|
|upkeep
|turn|25
|
|t:|1599700625
|switch|p1a: Lunala|Lunala|100/100
|-damage|p1a: Lunala|88/100|[from] Stealth Rock
|move|p2a: Volcarona|Quiver Dance|p2a: Volcarona
|-boost|p2a: Volcarona|spa|1
|-boost|p2a: Volcarona|spd|1
|-boost|p2a: Volcarona|spe|1
|
|upkeep
|turn|26
|
|t:|1599700627
|-start|p2a: Volcarona|Dynamax
|-heal|p2a: Volcarona|100/100|[silent]
|move|p1a: Lunala|Psyshock|p2a: Volcarona
|-damage|p2a: Volcarona|69/100
|move|p2a: Volcarona|Max Flare|p1a: Lunala
|-damage|p1a: Lunala|0 fnt
|-weather|SunnyDay
|faint|p1a: Lunala
|
|-weather|SunnyDay|[upkeep]
|upkeep
|j| SnipeNora
|c|☆Luna's Bann3d Now|gg
|c|☆Lost Thoughts|gg
|
|t:|1599700632
|switch|p1a: Zacian|Zacian-Crowned|100/100 par
|-damage|p1a: Zacian|94/100 par|[from] Stealth Rock
|-ability|p1a: Zacian|Intrepid Sword|boost
|-boost|p1a: Zacian|atk|1
|turn|27
|
|t:|1599700635
|move|p2a: Volcarona|Max Flare|p1a: Zacian
|-supereffective|p1a: Zacian
|-damage|p1a: Zacian|0 fnt
|faint|p1a: Zacian
|
|-weather|SunnyDay|[upkeep]
|upkeep
|c| SnipeNora|yikers
|
|t:|1599700649
|switch|p1a: Necrozma|Necrozma-Dusk-Mane|68/100
|-damage|p1a: Necrozma|62/100|[from] Stealth Rock
|turn|28
|
|t:|1599700652
|move|p2a: Volcarona|Max Flare|p1a: Necrozma
|-supereffective|p1a: Necrozma
|-damage|p1a: Necrozma|0 fnt
|faint|p1a: Necrozma
|
|win|Lost Thoughts
|l|☆Luna's Bann3d Now
|raw|Luna&apos;s Bann3d Now's rating: 1759 &rarr; <strong>1734</strong><br />(-25 for losing)
|raw|Lost Thoughts's rating: 1676 &rarr; <strong>1701</strong><br />(+25 for winning)
