|j|☆4125al41
|j|☆WhirlingFortress66
|t:|1629479340
|gametype|singles
|player|p1|4125al41|steven|
|player|p2|WhirlingFortress66|ghetsis-gen5bw|
|teamsize|p1|6
|teamsize|p2|6
|gen|8
|tier|[Gen 8] Ubers
|rated|Tournament battle
|rule|Sleep Clause Mod: Limit one foe put to sleep
|rule|Species Clause: Limit one of each Pokémon
|rule|OHKO Clause: OHKO moves are banned
|rule|Evasion Moves Clause: Evasion moves are banned
|rule|Endless Battle Clause: Forcing endless battles is banned
|rule|HP Percentage Mod: HP is shown in percentages
|rule|Dynamax Clause: You cannot dynamax
|clearpoke
|poke|p1|Marshadow|
|poke|p1|Eternatus|
|poke|p1|Calyrex-Shadow|
|poke|p1|Ho-Oh|
|poke|p1|Groudon|
|poke|p1|Xerneas-*|
|poke|p2|Magearna|
|poke|p2|Calyrex-Ice|
|poke|p2|Dracovish|
|poke|p2|Ho-Oh|
|poke|p2|Necrozma-Dawn-Wings|
|poke|p2|Yveltal|
|teampreview
|inactive|Battle timer is ON: inactive players will automatically lose when time's up. (requested by WhirlingFortress66)
|inactive|4125al41 has 120 seconds left.
|
|t:|1629479380
|start
|switch|p1a: Xerneas|Xerneas|100/100
|switch|p2a: Ho-Oh|Ho-Oh, shiny|100/100
|-ability|p1a: Xerneas|Fairy Aura
|turn|1
|inactive|WhirlingFortress66 has 120 seconds left.
|
|t:|1629479421
|switch|p1a: Eternatus|Eternatus|100/100
|-ability|p1a: Eternatus|Pressure
|move|p2a: Ho-Oh|Toxic|p1a: Eternatus
|-immune|p1a: Eternatus
|
|upkeep
|turn|2
|
|t:|1629479428
|move|p1a: Eternatus|Flamethrower|p2a: Ho-Oh
|-resisted|p2a: Ho-Oh
|-damage|p2a: Ho-Oh|92/100
|move|p2a: Ho-Oh|Scorching Sands|p1a: Eternatus
|-supereffective|p1a: Eternatus
|-damage|p1a: Eternatus|72/100
|
|upkeep
|turn|3
|
|t:|1629479432
|move|p1a: Eternatus|Meteor Beam||[still]
|-prepare|p1a: Eternatus|Meteor Beam
|-boost|p1a: Eternatus|spa|1
|-enditem|p1a: Eternatus|Power Herb
|-anim|p1a: Eternatus|Meteor Beam|p2a: Ho-Oh
|-supereffective|p2a: Ho-Oh
|-damage|p2a: Ho-Oh|0 fnt
|faint|p2a: Ho-Oh
|
|upkeep
|
|t:|1629479436
|switch|p2a: Calyrex|Calyrex-Ice|100/100
|-ability|p2a: Calyrex|As One
|-ability|p2a: Calyrex|Unnerve
|turn|4
|
|t:|1629479442
|move|p1a: Eternatus|Flamethrower|p2a: Calyrex
|-supereffective|p2a: Calyrex
|-damage|p2a: Calyrex|27/100
|-enditem|p2a: Calyrex|Weakness Policy
|-boost|p2a: Calyrex|atk|2|[from] item: Weakness Policy
|-boost|p2a: Calyrex|spa|2|[from] item: Weakness Policy
|move|p2a: Calyrex|Glacial Lance|p1a: Eternatus
|-supereffective|p1a: Eternatus
|-damage|p1a: Eternatus|0 fnt
|faint|p1a: Eternatus
|-ability|p2a: Calyrex|Chilling Neigh|boost
|-boost|p2a: Calyrex|atk|1
|
|upkeep
|
|t:|1629479447
|switch|p1a: tensa-zangetsu|Marshadow|100/100
|turn|5
|
|t:|1629479451
|move|p1a: tensa-zangetsu|Close Combat|p2a: Calyrex
|-crit|p2a: Calyrex
|-damage|p2a: Calyrex|0 fnt
|-unboost|p1a: tensa-zangetsu|def|1
|-unboost|p1a: tensa-zangetsu|spd|1
|faint|p2a: Calyrex
|
|upkeep
|
|t:|1629479454
|switch|p2a: Magearna|Magearna|100/100
|turn|6
|
|t:|1629479457
|switch|p1a: Groudon|Groudon|100/100
|-weather|SunnyDay|[from] ability: Drought|[of] p1a: Groudon
|move|p2a: Magearna|Trick Room|p2a: Magearna
|-fieldstart|move: Trick Room|[of] p2a: Magearna
|
|-weather|SunnyDay|[upkeep]
|upkeep
|turn|7
|
|t:|1629479461
|switch|p2a: Yveltal|Yveltal|100/100
|-ability|p2a: Yveltal|Dark Aura
|move|p1a: Groudon|Precipice Blades|p2a: Yveltal
|-immune|p2a: Yveltal
|
|-weather|SunnyDay|[upkeep]
|upkeep
|turn|8
|
|t:|1629479465
|switch|p1a: Xerneas|Xerneas|100/100
|-ability|p1a: Xerneas|Fairy Aura
|move|p2a: Yveltal|Knock Off|p1a: Xerneas
|-resisted|p1a: Xerneas
|-damage|p1a: Xerneas|75/100
|-enditem|p1a: Xerneas|Choice Scarf|[from] move: Knock Off|[of] p2a: Yveltal
|
|-weather|SunnyDay|[upkeep]
|upkeep
|turn|9
|
|t:|1629479474
|switch|p2a: Magearna|Magearna|100/100
|switch|p1a: Groudon|Groudon|100/100
|
|-weather|SunnyDay|[upkeep]
|upkeep
|turn|10
|
|t:|1629479480
|switch|p2a: Yveltal|Yveltal|100/100
|-ability|p2a: Yveltal|Dark Aura
|move|p1a: Groudon|Thunder Wave|p2a: Yveltal
|-status|p2a: Yveltal|par
|
|-weather|none
|-fieldend|move: Trick Room
|upkeep
|turn|11
|
|t:|1629479483
|move|p1a: Groudon|Stone Edge|p2a: Yveltal|[miss]
|-miss|p1a: Groudon|p2a: Yveltal
|move|p2a: Yveltal|Knock Off|p1a: Groudon
|-damage|p1a: Groudon|74/100
|-enditem|p1a: Groudon|Leftovers|[from] move: Knock Off|[of] p2a: Yveltal
|
|upkeep
|turn|12
|
|t:|1629479488
|switch|p2a: Magearna|Magearna|100/100
|move|p1a: Groudon|Stone Edge|p2a: Magearna
|-resisted|p2a: Magearna
|-damage|p2a: Magearna|86/100
|
|upkeep
|turn|13
|-message|WhirlingFortress66 forfeited.
|
|win|4125al41
|n|☆4125al41|4125al41
|n|☆WhirlingFortress66|whirlingfortress66
