|j|☆TogeBirlHQ
|j|☆Kage UwU
|t:|1662575237
|gametype|singles
|player|p1|TogeBirlHQ|nate|1671
|player|p2|Kage UwU|1|1507
|teamsize|p1|6
|teamsize|p2|6
|gen|8
|tier|[Gen 8] Ubers
|rated|
|rule|Sleep Clause Mod: Limit one foe put to sleep
|rule|Species Clause: Limit one of each Pokémon
|rule|OHKO Clause: OHKO moves are banned
|rule|Evasion Items Clause: Evasion items are banned
|rule|Evasion Moves Clause: Evasion moves are banned
|rule|Endless Battle Clause: Forcing endless battles is banned
|rule|HP Percentage Mod: HP is shown in percentages
|rule|Dynamax Clause: You cannot dynamax
|clearpoke
|poke|p1|Ho-Oh|
|poke|p1|Eternatus|
|poke|p1|Necrozma-Dusk-Mane|
|poke|p1|Yveltal|
|poke|p1|Marshadow|
|poke|p1|Xerneas-*|
|poke|p2|Aerodactyl, M|
|poke|p2|Calyrex-Shadow|
|poke|p2|Zekrom|
|poke|p2|Yveltal|
|poke|p2|Marshadow|
|poke|p2|Necrozma-Dusk-Mane|
|teampreview
|
|t:|1662575261
|start
|switch|p1a: Necrozma|Necrozma-Dusk-Mane|100/100
|switch|p2a: Un|Aerodactyl, M|100/100
|-ability|p2a: Un|Pressure
|turn|1
|
|t:|1662575269
|move|p2a: Un|Taunt|p1a: Necrozma
|-start|p1a: Necrozma|move: Taunt
|move|p1a: Necrozma|Iron Head|p2a: Un
|-supereffective|p2a: Un
|-enditem|p2a: Un|Focus Sash
|-damage|p2a: Un|1/100
|
|upkeep
|turn|2
|
|t:|1662575276
|move|p2a: Un|Stealth Rock|p1a: Necrozma
|-sidestart|p1: TogeBirlHQ|move: Stealth Rock
|move|p1a: Necrozma|Iron Head|p2a: Un
|-supereffective|p2a: Un
|-crit|p2a: Un
|-damage|p2a: Un|0 fnt
|faint|p2a: Un
|
|upkeep
|
|t:|1662575282
|switch|p2a: qui|Zekrom|100/100
|-ability|p2a: qui|Teravolt
|turn|3
|
|t:|1662575287
|switch|p1a: Eternatus|Eternatus|100/100
|-damage|p1a: Eternatus|88/100|[from] Stealth Rock
|-ability|p1a: Eternatus|Pressure
|move|p2a: qui|Dragon Dance|p2a: qui
|-boost|p2a: qui|atk|1
|-boost|p2a: qui|spe|1
|
|upkeep
|turn|4
|
|t:|1662575295
|move|p1a: Eternatus|Draco Meteor|p2a: qui
|-supereffective|p2a: qui
|-damage|p2a: qui|0 fnt
|-unboost|p1a: Eternatus|spa|2
|faint|p2a: qui
|
|upkeep
|
|t:|1662575301
|switch|p2a: bananes|Necrozma-Dusk-Mane|100/100
|turn|5
|
|t:|1662575310
|switch|p1a: Necrozma|Necrozma-Dusk-Mane|100/100
|-damage|p1a: Necrozma|94/100|[from] Stealth Rock
|move|p2a: bananes|Dragon Dance|p2a: bananes
|-boost|p2a: bananes|atk|1
|-boost|p2a: bananes|spe|1
|
|-heal|p1a: Necrozma|100/100|[from] item: Leftovers
|upkeep
|turn|6
|
|t:|1662575319
|move|p2a: bananes|Earthquake|p1a: Necrozma
|-supereffective|p1a: Necrozma
|-damage|p1a: Necrozma|32/100
|move|p1a: Necrozma|Thunder Wave|p2a: bananes
|-status|p2a: bananes|par
|
|-heal|p1a: Necrozma|38/100|[from] item: Leftovers
|upkeep
|turn|7
|
|t:|1662575326
|move|p1a: Necrozma|Iron Head|p2a: bananes
|-resisted|p2a: bananes
|-damage|p2a: bananes|84/100 par
|move|p2a: bananes|Earthquake|p1a: Necrozma
|-supereffective|p1a: Necrozma
|-damage|p1a: Necrozma|0 fnt
|faint|p1a: Necrozma
|
|upkeep
|
|t:|1662575346
|switch|p1a: Ho-Oh|Ho-Oh|100/100
|-damage|p1a: Ho-Oh|51/100|[from] Stealth Rock
|turn|8
|
|t:|1662575351
|move|p1a: Ho-Oh|Flare Blitz|p2a: bananes
|-supereffective|p2a: bananes
|-damage|p2a: bananes|0 fnt
|faint|p2a: bananes
|-damage|p1a: Ho-Oh|26/100|[from] Recoil
|
|upkeep
|
|t:|1662575358
|switch|p2a: singe|Calyrex-Shadow|100/100
|-ability|p2a: singe|As One
|-ability|p2a: singe|Unnerve
|turn|9
|
|t:|1662575363
|switch|p2a: mange|Yveltal|100/100
|-ability|p2a: mange|Dark Aura
|switch|p1a: Yveltal|Yveltal|100/100
|-ability|p1a: Yveltal|Dark Aura
|
|upkeep
|turn|10
|
|t:|1662575371
|switch|p1a: Xerneas|Xerneas|100/100
|-damage|p1a: Xerneas|88/100|[from] Stealth Rock
|-ability|p1a: Xerneas|Fairy Aura
|-item|p1a: Xerneas|Air Balloon
|move|p2a: mange|Knock Off|p1a: Xerneas
|-resisted|p1a: Xerneas
|-damage|p1a: Xerneas|65/100
|-enditem|p1a: Xerneas|Air Balloon
|
|upkeep
|turn|11
|
|t:|1662575384
|move|p2a: mange|Knock Off|p1a: Xerneas
|-resisted|p1a: Xerneas
|-damage|p1a: Xerneas|50/100
|move|p1a: Xerneas|Moonblast|p2a: mange
|-supereffective|p2a: mange
|-crit|p2a: mange
|-damage|p2a: mange|0 fnt
|faint|p2a: mange
|
|upkeep
|
|t:|1662575391
|switch|p2a: singe|Calyrex-Shadow|100/100
|-ability|p2a: singe|As One
|-ability|p2a: singe|Unnerve
|turn|12
|
|t:|1662575400
|switch|p1a: Yveltal|Yveltal|100/100
|-ability|p1a: Yveltal|Dark Aura
|move|p2a: singe|Nasty Plot|p2a: singe
|-boost|p2a: singe|spa|2
|
|upkeep
|turn|13
|
|t:|1662575406
|move|p2a: singe|Draining Kiss|p1a: Yveltal
|-supereffective|p1a: Yveltal
|-damage|p1a: Yveltal|46/100
|move|p1a: Yveltal|Foul Play|p2a: singe
|-supereffective|p2a: singe
|-enditem|p2a: singe|Focus Sash
|-damage|p2a: singe|1/100
|
|upkeep
|turn|14
|
|t:|1662575414
|move|p2a: singe|Draining Kiss|p1a: Yveltal
|-supereffective|p1a: Yveltal
|-damage|p1a: Yveltal|0 fnt
|-heal|p2a: singe|41/100|[from] drain|[of] p1a: Yveltal
|faint|p1a: Yveltal
|-ability|p2a: singe|Grim Neigh|boost
|-boost|p2a: singe|spa|1
|
|upkeep
|
|t:|1662575416
|switch|p1a: Marshadow|Marshadow|100/100
|-damage|p1a: Marshadow|94/100|[from] Stealth Rock
|turn|15
|
|t:|1662575424
|switch|p2a: des|Marshadow|100/100
|move|p1a: Marshadow|Shadow Sneak|p2a: des
|-supereffective|p2a: des
|-damage|p2a: des|0 fnt
|faint|p2a: des
|
|upkeep
|-message|Kage UwU forfeited.
|
|win|TogeBirlHQ
|raw|TogeBirlHQ's rating: 1671 &rarr; <strong>1682</strong><br />(+11 for winning)
|raw|Kage UwU's rating: 1507 &rarr; <strong>1496</strong><br />(-11 for losing)
|l|☆Kage UwU
