|j|☆85792195wwww
|j|☆Scavet
|t:|1648811217
|gametype|singles
|player|p1|85792195wwww|lady|1481
|player|p2|Scavet|brendan-contest|1486
|teamsize|p1|6
|teamsize|p2|6
|gen|8
|tier|[Gen 8] Ubers
|rated|
|rule|Sleep Clause Mod: Limit one foe put to sleep
|rule|Species Clause: Limit one of each Pokémon
|rule|OHKO Clause: OHKO moves are banned
|rule|Evasion Moves Clause: Evasion moves are banned
|rule|Endless Battle Clause: Forcing endless battles is banned
|rule|HP Percentage Mod: HP is shown in percentages
|rule|Dynamax Clause: You cannot dynamax
|clearpoke
|poke|p1|Groudon|
|poke|p1|Excadrill, M|
|poke|p1|Tyranitar, M|
|poke|p1|Zekrom|
|poke|p1|Magnezone|
|poke|p1|Cloyster, F|
|poke|p2|Calyrex-Shadow|
|poke|p2|Yveltal|
|poke|p2|Darmanitan-Galar, M|
|poke|p2|Necrozma-Dusk-Mane|
|poke|p2|Zekrom|
|poke|p2|Zygarde|
|teampreview
|inactive|Battle timer is ON: inactive players will automatically lose when time's up. (requested by Scavet)
|inactive|Scavet has 120 seconds left.
|
|t:|1648811252
|start
|switch|p1a: Cloyster|Cloyster, F|100/100
|switch|p2a: Darmanitan|Darmanitan-Galar, M|100/100
|turn|1
|inactive|Scavet has 120 seconds left.
|
|t:|1648811284
|move|p2a: Darmanitan|Rock Slide|p1a: Cloyster
|-supereffective|p1a: Cloyster
|-damage|p1a: Cloyster|29/100
|move|p1a: Cloyster|Spikes|p2a: Darmanitan
|-sidestart|p2: Scavet|Spikes
|
|upkeep
|turn|2
|inactive|Scavet has 120 seconds left.
|
|t:|1648811296
|switch|p1a: Groudon|Groudon|100/100
|-weather|SunnyDay|[from] ability: Drought|[of] p1a: Groudon
|move|p2a: Darmanitan|Rock Slide|p1a: Groudon
|-resisted|p1a: Groudon
|-damage|p1a: Groudon|87/100
|
|-weather|SunnyDay|[upkeep]
|upkeep
|turn|3
|inactive|Scavet has 120 seconds left.
|
|t:|1648811326
|switch|p2a: Zygarde|Zygarde|100/100
|-damage|p2a: Zygarde|88/100|[from] Spikes
|switch|p1a: Cloyster|Cloyster, F|29/100
|
|-weather|SunnyDay|[upkeep]
|-heal|p2a: Zygarde|94/100|[from] item: Leftovers
|upkeep
|turn|4
|
|t:|1648811337
|switch|p2a: Necrozma|Necrozma-Dusk-Mane|100/100
|-damage|p2a: Necrozma|88/100|[from] Spikes
|move|p1a: Cloyster|Icicle Spear|p2a: Necrozma
|-resisted|p2a: Necrozma
|-damage|p2a: Necrozma|84/100
|-resisted|p2a: Necrozma
|-damage|p2a: Necrozma|80/100
|-resisted|p2a: Necrozma
|-damage|p2a: Necrozma|76/100
|-resisted|p2a: Necrozma
|-damage|p2a: Necrozma|72/100
|-resisted|p2a: Necrozma
|-damage|p2a: Necrozma|68/100
|-hitcount|p2a: Necrozma|5
|
|-weather|SunnyDay|[upkeep]
|-heal|p2a: Necrozma|74/100|[from] item: Leftovers
|upkeep
|turn|5
|
|t:|1648811353
|switch|p1a: Magnezone|Magnezone|100/100
|move|p2a: Necrozma|Stealth Rock|p1a: Magnezone
|-sidestart|p1: 85792195wwww|move: Stealth Rock
|
|-weather|SunnyDay|[upkeep]
|-heal|p2a: Necrozma|80/100|[from] item: Leftovers
|upkeep
|turn|6
|
|t:|1648811367
|move|p1a: Magnezone|Substitute|p1a: Magnezone
|-start|p1a: Magnezone|Substitute
|-damage|p1a: Magnezone|76/100
|move|p2a: Necrozma|Morning Sun|p2a: Necrozma
|-heal|p2a: Necrozma|100/100
|
|-weather|none
|-heal|p1a: Magnezone|82/100|[from] item: Leftovers
|upkeep
|turn|7
|
|t:|1648811377
|move|p1a: Magnezone|Iron Defense|p1a: Magnezone
|-boost|p1a: Magnezone|def|2
|move|p2a: Necrozma|Sunsteel Strike|p1a: Magnezone
|-resisted|p1a: Magnezone
|-activate|p1a: Magnezone|move: Substitute|[damage]
|
|-heal|p1a: Magnezone|88/100|[from] item: Leftovers
|upkeep
|turn|8
|
|t:|1648811386
|move|p1a: Magnezone|Iron Defense|p1a: Magnezone
|-boost|p1a: Magnezone|def|2
|move|p2a: Necrozma|Sunsteel Strike|p1a: Magnezone
|-resisted|p1a: Magnezone
|-activate|p1a: Magnezone|move: Substitute|[damage]
|
|-heal|p1a: Magnezone|94/100|[from] item: Leftovers
|upkeep
|turn|9
|
|t:|1648811395
|move|p1a: Magnezone|Iron Defense|p1a: Magnezone
|-boost|p1a: Magnezone|def|2
|move|p2a: Necrozma|Sunsteel Strike|p1a: Magnezone
|-resisted|p1a: Magnezone
|-activate|p1a: Magnezone|move: Substitute|[damage]
|
|-heal|p1a: Magnezone|99/100|[from] item: Leftovers
|upkeep
|turn|10
|
|t:|1648811403
|move|p1a: Magnezone|Body Press|p2a: Necrozma
|-damage|p2a: Necrozma|28/100
|move|p2a: Necrozma|Sunsteel Strike|p1a: Magnezone
|-resisted|p1a: Magnezone
|-crit|p1a: Magnezone
|-activate|p1a: Magnezone|move: Substitute|[damage]
|
|-heal|p1a: Magnezone|100/100|[from] item: Leftovers
|-heal|p2a: Necrozma|34/100|[from] item: Leftovers
|upkeep
|turn|11
|
|t:|1648811414
|move|p1a: Magnezone|Body Press|p2a: Necrozma
|-damage|p2a: Necrozma|0 fnt
|faint|p2a: Necrozma
|
|upkeep
|
|t:|1648811423
|switch|p2a: Calyrex|Calyrex-Shadow|100/100
|-ability|p2a: Calyrex|As One
|-ability|p2a: Calyrex|Unnerve
|-damage|p2a: Calyrex|88/100|[from] Spikes
|turn|12
|
|t:|1648811433
|move|p2a: Calyrex|Astral Barrage|p1a: Magnezone
|-end|p1a: Magnezone|Substitute
|move|p1a: Magnezone|Thunderbolt|p2a: Calyrex
|-damage|p2a: Calyrex|47/100
|
|upkeep
|turn|13
|
|t:|1648811441
|switch|p2a: Darmanitan|Darmanitan-Galar, M|100/100
|-damage|p2a: Darmanitan|88/100|[from] Spikes
|switch|p1a: Tyranitar|Tyranitar, M|100/100
|-damage|p1a: Tyranitar|88/100|[from] Stealth Rock
|-weather|Sandstorm|[from] ability: Sand Stream|[of] p1a: Tyranitar
|
|-weather|Sandstorm|[upkeep]
|-damage|p2a: Darmanitan|82/100|[from] Sandstorm
|upkeep
|turn|14
|
|t:|1648811457
|switch|p1a: Magnezone|Magnezone|100/100
|-damage|p1a: Magnezone|95/100|[from] Stealth Rock
|move|p2a: Darmanitan|U-turn|p1a: Magnezone
|-resisted|p1a: Magnezone
|-damage|p1a: Magnezone|80/100
|
|t:|1648811470
|switch|p2a: Zygarde|Zygarde|94/100|[from]move: U-turn
|-damage|p2a: Zygarde|82/100|[from] Spikes
|
|-weather|Sandstorm|[upkeep]
|-heal|p2a: Zygarde|88/100|[from] item: Leftovers
|-heal|p1a: Magnezone|86/100|[from] item: Leftovers
|upkeep
|turn|15
|
|t:|1648811486
|switch|p1a: Cloyster|Cloyster, F|29/100
|-damage|p1a: Cloyster|4/100|[from] Stealth Rock
|move|p2a: Zygarde|Toxic|p1a: Cloyster
|-status|p1a: Cloyster|tox
|
|-weather|Sandstorm|[upkeep]
|-damage|p1a: Cloyster|0 fnt|[from] Sandstorm
|faint|p1a: Cloyster
|-heal|p2a: Zygarde|94/100|[from] item: Leftovers
|upkeep
|
|t:|1648811500
|switch|p1a: Zekrom|Zekrom|100/100
|-damage|p1a: Zekrom|88/100|[from] Stealth Rock
|-ability|p1a: Zekrom|Teravolt
|turn|16
|
|t:|1648811516
|move|p1a: Zekrom|Substitute|p1a: Zekrom
|-start|p1a: Zekrom|Substitute
|-damage|p1a: Zekrom|63/100
|move|p2a: Zygarde|Thousand Arrows|p1a: Zekrom
|-supereffective|p1a: Zekrom
|-end|p1a: Zekrom|Substitute
|
|-weather|Sandstorm|[upkeep]
|-damage|p1a: Zekrom|57/100|[from] Sandstorm
|-heal|p2a: Zygarde|99/100|[from] item: Leftovers
|upkeep
|turn|17
|
|t:|1648811530
|move|p1a: Zekrom|Outrage|p2a: Zygarde
|-supereffective|p2a: Zygarde
|-damage|p2a: Zygarde|3/100
|move|p2a: Zygarde|Thousand Arrows|p1a: Zekrom
|-supereffective|p1a: Zekrom
|-damage|p1a: Zekrom|0 fnt
|faint|p1a: Zekrom
|
|-weather|Sandstorm|[upkeep]
|-heal|p2a: Zygarde|9/100|[from] item: Leftovers
|-activate|p2a: Zygarde|ability: Power Construct
|detailschange|p2a: Zygarde|Zygarde-Complete
|-heal|p2a: Zygarde|43/100|[silent]
|upkeep
|
|t:|1648811547
|switch|p1a: Groudon|Groudon|87/100
|-damage|p1a: Groudon|81/100|[from] Stealth Rock
|-weather|SunnyDay|[from] ability: Drought|[of] p1a: Groudon
|turn|18
|
|t:|1648811556
|move|p2a: Zygarde|Substitute|p2a: Zygarde
|-start|p2a: Zygarde|Substitute
|-damage|p2a: Zygarde|18/100
|move|p1a: Groudon|Precipice Blades|p2a: Zygarde
|-end|p2a: Zygarde|Substitute
|-damage|p1a: Groudon|71/100|[from] item: Life Orb
|
|-weather|SunnyDay|[upkeep]
|-heal|p2a: Zygarde|25/100|[from] item: Leftovers
|upkeep
|turn|19
|
|t:|1648811566
|move|p2a: Zygarde|Thousand Arrows|p1a: Groudon
|-damage|p1a: Groudon|46/100
|move|p1a: Groudon|Precipice Blades|p2a: Zygarde
|-damage|p2a: Zygarde|0 fnt
|faint|p2a: Zygarde
|-damage|p1a: Groudon|36/100|[from] item: Life Orb
|
|-weather|SunnyDay|[upkeep]
|upkeep
|
|t:|1648811573
|switch|p2a: Darmanitan|Darmanitan-Galar, M|82/100
|-damage|p2a: Darmanitan|70/100|[from] Spikes
|turn|20
|inactive|Scavet has 120 seconds left.
|
|t:|1648811627
|move|p2a: Darmanitan|Icicle Crash|p1a: Groudon
|-supereffective|p1a: Groudon
|-damage|p1a: Groudon|0 fnt
|faint|p1a: Groudon
|
|-weather|SunnyDay|[upkeep]
|upkeep
|
|t:|1648811634
|switch|p1a: Magnezone|Magnezone|86/100
|-damage|p1a: Magnezone|80/100|[from] Stealth Rock
|turn|21
|j| Ryriss
|
|t:|1648811649
|switch|p2a: Yveltal|Yveltal|100/100
|-ability|p2a: Yveltal|Dark Aura
|move|p1a: Magnezone|Thunderbolt|p2a: Yveltal
|-supereffective|p2a: Yveltal
|-crit|p2a: Yveltal
|-damage|p2a: Yveltal|41/100
|
|-weather|SunnyDay|[upkeep]
|-heal|p1a: Magnezone|86/100|[from] item: Leftovers
|upkeep
|turn|22
|
|t:|1648811660
|move|p2a: Yveltal|Roost|p2a: Yveltal
|-heal|p2a: Yveltal|91/100
|-singleturn|p2a: Yveltal|move: Roost
|move|p1a: Magnezone|Thunderbolt|p2a: Yveltal
|-damage|p2a: Yveltal|71/100
|
|-weather|none
|-heal|p1a: Magnezone|92/100|[from] item: Leftovers
|upkeep
|turn|23
|inactive|Scavet has 120 seconds left.
|
|t:|1648811675
|move|p2a: Yveltal|Snarl|p1a: Magnezone
|-damage|p1a: Magnezone|55/100
|-unboost|p1a: Magnezone|spa|1
|move|p1a: Magnezone|Iron Defense|p1a: Magnezone
|-boost|p1a: Magnezone|def|2
|
|-heal|p1a: Magnezone|61/100|[from] item: Leftovers
|upkeep
|turn|24
|inactive|Scavet has 120 seconds left.
|
|t:|1648811694
|move|p2a: Yveltal|Snarl|p1a: Magnezone
|-damage|p1a: Magnezone|23/100
|-unboost|p1a: Magnezone|spa|1
|move|p1a: Magnezone|Body Press|p2a: Yveltal
|-damage|p2a: Yveltal|30/100
|
|-heal|p1a: Magnezone|29/100|[from] item: Leftovers
|upkeep
|turn|25
|
|t:|1648811712
|move|p2a: Yveltal|Snarl|p1a: Magnezone
|-damage|p1a: Magnezone|0 fnt
|faint|p1a: Magnezone
|
|upkeep
|inactive|85792195wwww has 120 seconds left.
|
|t:|1648811731
|switch|p1a: Excadrill|Excadrill, M|100/100
|-damage|p1a: Excadrill|97/100|[from] Stealth Rock
|turn|26
|
|t:|1648811738
|move|p1a: Excadrill|Iron Head|p2a: Yveltal
|-damage|p2a: Yveltal|0 fnt
|faint|p2a: Yveltal
|-damage|p1a: Excadrill|87/100|[from] item: Life Orb
|
|upkeep
|
|t:|1648811747
|switch|p2a: Darmanitan|Darmanitan-Galar, M|70/100
|-damage|p2a: Darmanitan|58/100|[from] Spikes
|turn|27
|inactive|Scavet has 120 seconds left.
|
|t:|1648811768
|switch|p1a: Tyranitar|Tyranitar, M|88/100
|-damage|p1a: Tyranitar|76/100|[from] Stealth Rock
|-weather|Sandstorm|[from] ability: Sand Stream|[of] p1a: Tyranitar
|move|p2a: Darmanitan|Icicle Crash|p1a: Tyranitar
|-damage|p1a: Tyranitar|24/100
|
|-weather|Sandstorm|[upkeep]
|-damage|p2a: Darmanitan|52/100|[from] Sandstorm
|upkeep
|turn|28
|inactive|Scavet has 120 seconds left.
|
|t:|1648811779
|switch|p2a: Zekrom|Zekrom|100/100
|-damage|p2a: Zekrom|88/100|[from] Spikes
|-ability|p2a: Zekrom|Teravolt
|move|p1a: Tyranitar|Crunch|p2a: Zekrom
|-damage|p2a: Zekrom|49/100
|
|-weather|Sandstorm|[upkeep]
|-damage|p2a: Zekrom|43/100|[from] Sandstorm
|-heal|p2a: Zekrom|49/100|[from] item: Leftovers
|upkeep
|turn|29
|inactive|Scavet has 120 seconds left.
|
|t:|1648811806
|move|p2a: Zekrom|Dragon Claw|p1a: Tyranitar
|-damage|p1a: Tyranitar|0 fnt
|faint|p1a: Tyranitar
|
|-weather|Sandstorm|[upkeep]
|-damage|p2a: Zekrom|43/100|[from] Sandstorm
|-heal|p2a: Zekrom|49/100|[from] item: Leftovers
|upkeep
|
|t:|1648811814
|switch|p1a: Excadrill|Excadrill, M|87/100
|-damage|p1a: Excadrill|84/100|[from] Stealth Rock
|turn|30
|
|t:|1648811820
|switch|p2a: Calyrex|Calyrex-Shadow|47/100
|-ability|p2a: Calyrex|As One
|-ability|p2a: Calyrex|Unnerve
|-damage|p2a: Calyrex|34/100|[from] Spikes
|move|p1a: Excadrill|Earthquake|p2a: Calyrex
|-damage|p2a: Calyrex|0 fnt
|faint|p2a: Calyrex
|-damage|p1a: Excadrill|74/100|[from] item: Life Orb
|
|-weather|Sandstorm|[upkeep]
|upkeep
|
|t:|1648811826
|switch|p2a: Zekrom|Zekrom|49/100
|-damage|p2a: Zekrom|37/100|[from] Spikes
|-ability|p2a: Zekrom|Teravolt
|turn|31
|
|t:|1648811851
|move|p1a: Excadrill|Earthquake|p2a: Zekrom
|-supereffective|p2a: Zekrom
|-damage|p2a: Zekrom|0 fnt
|faint|p2a: Zekrom
|-damage|p1a: Excadrill|64/100|[from] item: Life Orb
|
|-weather|Sandstorm|[upkeep]
|upkeep
|inactive|Scavet has 90 seconds left.
|
|t:|1648811862
|switch|p2a: Darmanitan|Darmanitan-Galar, M|52/100
|-damage|p2a: Darmanitan|40/100|[from] Spikes
|turn|32
|
|t:|1648811866
|move|p1a: Excadrill|Iron Head|p2a: Darmanitan
|-supereffective|p2a: Darmanitan
|-damage|p2a: Darmanitan|0 fnt
|faint|p2a: Darmanitan
|-damage|p1a: Excadrill|55/100|[from] item: Life Orb
|
|win|85792195wwww
|raw|85792195wwww's rating: 1481 &rarr; <strong>1501</strong><br />(+20 for winning)
|raw|Scavet's rating: 1486 &rarr; <strong>1466</strong><br />(-20 for losing)
|l|☆Scavet
