|j|☆iamnotagenius
|j|☆zokua
|inactive|Battle timer is ON: inactive players will automatically lose when time's up.
|t:|1632150942
|gametype|singles
|player|p1|iamnotagenius|101|
|player|p2|zokua|102|
|teamsize|p1|6
|teamsize|p2|6
|gen|8
|tier|[Gen 8] Ubers
|rated|Tournament battle
|rule|Sleep Clause Mod: Limit one foe put to sleep
|rule|Species Clause: Limit one of each Pokémon
|rule|OHKO Clause: OHKO moves are banned
|rule|Evasion Moves Clause: Evasion moves are banned
|rule|Endless Battle Clause: Forcing endless battles is banned
|rule|HP Percentage Mod: HP is shown in percentages
|rule|Dynamax Clause: You cannot dynamax
|clearpoke
|poke|p1|Calyrex-Shadow|
|poke|p1|Yveltal|
|poke|p1|Darmanitan-Galar, M|
|poke|p1|Necrozma-Dusk-Mane|
|poke|p1|Zekrom|
|poke|p1|Zygarde|
|poke|p2|Yveltal|
|poke|p2|Necrozma-Dusk-Mane|
|poke|p2|Eternatus|
|poke|p2|Xerneas-*|
|poke|p2|Ho-Oh|
|poke|p2|Calyrex-Shadow|
|teampreview
|j|*Lady Monita
|inactive|zokua also wants the timer to be on.
|j| wesh papillon
|j| Kingston9629
|j| miss rage
|j| BarneyIsEvil
|c|☆iamnotagenius|glhf, time for me to choke
|c|☆zokua|it wont matter
|j| pigsaysoinkoink111
|c|☆zokua|glhf
|inactive|iamnotagenius has 120 seconds left.
|
|t:|1632150990
|start
|switch|p1a: Darmanitan|Darmanitan-Galar, M|100/100
|switch|p2a: Yveltal|Yveltal|100/100
|-ability|p2a: Yveltal|Dark Aura
|turn|1
|j|@sirmrwhale ♆@!
|j| PyroTheGeomance
|
|t:|1632151005
|switch|p2a: Necrozma|Necrozma-Dusk-Mane|100/100
|move|p1a: Darmanitan|U-turn|p2a: Necrozma
|-damage|p2a: Necrozma|79/100
|-damage|p1a: Darmanitan|84/100|[from] item: Rocky Helmet|[of] p2a: Necrozma
|
|t:|1632151013
|switch|p1a: Zekrom|Zekrom|100/100|[from]move: U-turn
|-ability|p1a: Zekrom|Teravolt
|
|upkeep
|turn|2
|
|t:|1632151032
|move|p1a: Zekrom|Bolt Strike|p2a: Necrozma
|-damage|p2a: Necrozma|42/100
|-damage|p1a: Zekrom|84/100|[from] item: Rocky Helmet|[of] p2a: Necrozma
|move|p2a: Necrozma|Earthquake|p1a: Zekrom
|-supereffective|p1a: Zekrom
|-damage|p1a: Zekrom|23/100
|
|-heal|p1a: Zekrom|29/100|[from] item: Leftovers
|upkeep
|turn|3
|
|t:|1632151040
|switch|p1a: Yveltal|Yveltal|100/100
|-ability|p1a: Yveltal|Dark Aura
|move|p2a: Necrozma|Morning Sun|p2a: Necrozma
|-heal|p2a: Necrozma|92/100
|
|upkeep
|turn|4
|
|t:|1632151044
|switch|p2a: Xerneas|Xerneas|100/100
|-ability|p2a: Xerneas|Fairy Aura
|move|p1a: Yveltal|Knock Off|p2a: Xerneas
|-resisted|p2a: Xerneas
|-damage|p2a: Xerneas|83/100
|-enditem|p2a: Xerneas|Leftovers|[from] move: Knock Off|[of] p1a: Yveltal
|
|upkeep
|turn|5
|
|t:|1632151049
|switch|p1a: Necrozma|Necrozma-Dusk-Mane|100/100
|move|p2a: Xerneas|Thunder Wave|p1a: Necrozma
|-status|p1a: Necrozma|par
|
|upkeep
|turn|6
|
|t:|1632151059
|switch|p2a: Yveltal|Yveltal|100/100
|-ability|p2a: Yveltal|Dark Aura
|move|p1a: Necrozma|Thunder Wave|p2a: Yveltal
|-status|p2a: Yveltal|par
|
|upkeep
|turn|7
|j| Figpancake
|j| Luiw~!
|
|t:|1632151064
|switch|p1a: Yveltal|Yveltal|100/100
|-ability|p1a: Yveltal|Dark Aura
|move|p2a: Yveltal|Knock Off|p1a: Yveltal
|-resisted|p1a: Yveltal
|-damage|p1a: Yveltal|78/100
|-enditem|p1a: Yveltal|Heavy-Duty Boots|[from] move: Knock Off|[of] p2a: Yveltal
|
|upkeep
|turn|8
|c| BarneyIsEvil|Xerneas without power herb whaaa?
|
|t:|1632151070
|switch|p2a: Xerneas|Xerneas|83/100
|-ability|p2a: Xerneas|Fairy Aura
|move|p1a: Yveltal|Knock Off|p2a: Xerneas
|-resisted|p2a: Xerneas
|-damage|p2a: Xerneas|73/100
|
|upkeep
|turn|9
|l| PyroTheGeomance
|
|t:|1632151081
|switch|p2a: Calyrex|Calyrex-Shadow|100/100
|-ability|p2a: Calyrex|As One
|-ability|p2a: Calyrex|Unnerve
|switch|p1a: Necrozma|Necrozma-Dusk-Mane|100/100 par
|
|upkeep
|turn|10
|
|t:|1632151088
|move|p2a: Calyrex|Trick|p1a: Necrozma
|-activate|p2a: Calyrex|move: Trick|[of] p1a: Necrozma
|-item|p1a: Necrozma|Choice Scarf|[from] move: Trick
|-item|p2a: Calyrex|Leftovers|[from] move: Trick
|move|p1a: Necrozma|Thunder Wave|p2a: Calyrex
|-status|p2a: Calyrex|par
|
|upkeep
|turn|11
|
|t:|1632151094
|move|p2a: Calyrex|Astral Barrage|p1a: Necrozma
|-supereffective|p1a: Necrozma
|-damage|p1a: Necrozma|29/100 par
|move|p1a: Necrozma|Thunder Wave|p2a: Calyrex
|-fail|p2a: Calyrex|par
|
|upkeep
|turn|12
|c|☆iamnotagenius|oops
|l| BarneyIsEvil
|
|t:|1632151106
|switch|p1a: Yveltal|Yveltal|78/100
|-ability|p1a: Yveltal|Dark Aura
|move|p2a: Calyrex|Astral Barrage|p1a: Yveltal
|-resisted|p1a: Yveltal
|-crit|p1a: Yveltal
|-damage|p1a: Yveltal|47/100
|
|upkeep
|turn|13
|
|t:|1632151121
|switch|p2a: Xerneas|Xerneas|73/100
|-ability|p2a: Xerneas|Fairy Aura
|move|p1a: Yveltal|Roost|p1a: Yveltal
|-heal|p1a: Yveltal|97/100
|-singleturn|p1a: Yveltal|move: Roost
|
|upkeep
|turn|14
|l| Figpancake
|
|t:|1632151127
|switch|p1a: Necrozma|Necrozma-Dusk-Mane|29/100 par
|move|p2a: Xerneas|Moonblast|p1a: Necrozma
|-resisted|p1a: Necrozma
|-damage|p1a: Necrozma|14/100 par
|
|upkeep
|turn|15
|j| DavidYGreninja
|
|t:|1632151132
|move|p2a: Xerneas|Moonblast|p1a: Necrozma
|-resisted|p1a: Necrozma
|-damage|p1a: Necrozma|0 fnt
|faint|p1a: Necrozma
|
|upkeep
|c|☆zokua|and your team has no 0 defense anymore
|
|t:|1632151148
|switch|p1a: Calyrex|Calyrex-Shadow|100/100
|-ability|p1a: Calyrex|As One
|-ability|p1a: Calyrex|Unnerve
|turn|16
|
|t:|1632151160
|switch|p1a: Darmanitan|Darmanitan-Galar, M|84/100
|switch|p2a: Yveltal|Yveltal|100/100 par
|-ability|p2a: Yveltal|Dark Aura
|
|upkeep
|turn|17
|
|t:|1632151174
|switch|p2a: Necrozma|Necrozma-Dusk-Mane|92/100
|move|p1a: Darmanitan|Icicle Crash|p2a: Necrozma
|-resisted|p2a: Necrozma
|-damage|p2a: Necrozma|74/100
|
|upkeep
|turn|18
|l| Luiw~!
|
|t:|1632151181
|switch|p1a: Zekrom|Zekrom|29/100
|-ability|p1a: Zekrom|Teravolt
|move|p2a: Necrozma|Stealth Rock|p1a: Zekrom
|-sidestart|p1: iamnotagenius|move: Stealth Rock
|
|-heal|p1a: Zekrom|35/100|[from] item: Leftovers
|upkeep
|turn|19
|j| Hoopa590
|
|t:|1632151194
|move|p1a: Zekrom|Bolt Strike|p2a: Necrozma
|-damage|p2a: Necrozma|38/100
|-damage|p1a: Zekrom|19/100|[from] item: Rocky Helmet|[of] p2a: Necrozma
|move|p2a: Necrozma|Morning Sun|p2a: Necrozma
|-heal|p2a: Necrozma|88/100
|
|-heal|p1a: Zekrom|25/100|[from] item: Leftovers
|upkeep
|turn|20
|
|t:|1632151203
|move|p1a: Zekrom|Bolt Strike|p2a: Necrozma
|-damage|p2a: Necrozma|47/100
|-damage|p1a: Zekrom|9/100|[from] item: Rocky Helmet|[of] p2a: Necrozma
|move|p2a: Necrozma|Sunsteel Strike|p1a: Zekrom
|-resisted|p1a: Zekrom
|-damage|p1a: Zekrom|0 fnt
|faint|p1a: Zekrom
|
|upkeep
|j| DaocExtremePT
|l| DavidYGreninja
|inactive|iamnotagenius has 120 seconds left.
|j| daniYSB
|c|☆zokua|dont forfeit  i want to win 6-0 thanks
|c|☆iamnotagenius|wasn't planning on ff my man
|
|t:|1632151262
|switch|p1a: Darmanitan|Darmanitan-Galar, M|84/100
|-damage|p1a: Darmanitan|59/100|[from] Stealth Rock
|turn|21
|c|☆zokua|good
|
|t:|1632151274
|switch|p2a: Ho-Oh|Ho-Oh|100/100
|move|p1a: Darmanitan|U-turn|p2a: Ho-Oh
|-resisted|p2a: Ho-Oh
|-damage|p2a: Ho-Oh|93/100
|j| Dark Red 979
|
|t:|1632151280
|switch|p1a: Zygarde|Zygarde|100/100|[from]move: U-turn
|-damage|p1a: Zygarde|94/100|[from] Stealth Rock
|
|-heal|p1a: Zygarde|100/100|[from] item: Leftovers
|upkeep
|turn|22
|
|t:|1632151287
|move|p1a: Zygarde|Thousand Arrows|p2a: Ho-Oh
|-damage|p2a: Ho-Oh|67/100
|-start|p2a: Ho-Oh|Smack Down
|move|p2a: Ho-Oh|Whirlwind|p1a: Zygarde
|drag|p1a: Darmanitan|Darmanitan-Galar, M|59/100
|-damage|p1a: Darmanitan|34/100|[from] Stealth Rock
|
|upkeep
|turn|23
|
|t:|1632151293
|move|p1a: Darmanitan|Rock Slide|p2a: Ho-Oh
|-supereffective|p2a: Ho-Oh
|-damage|p2a: Ho-Oh|0 fnt
|faint|p2a: Ho-Oh
|
|upkeep
|c|☆zokua|damn
|c|☆iamnotagenius|but i will stop the 6-0
|
|t:|1632151300
|switch|p2a: Xerneas|Xerneas|73/100
|-ability|p2a: Xerneas|Fairy Aura
|turn|24
|c|☆iamnotagenius|:)
|
|t:|1632151313
|move|p1a: Darmanitan|Rock Slide|p2a: Xerneas
|-damage|p2a: Xerneas|51/100
|move|p2a: Xerneas|Aromatherapy|p2a: Xerneas
|-activate|p2a: Xerneas|move: Aromatherapy
|-curestatus|p2: Yveltal|par|[msg]
|-curestatus|p2: Calyrex|par|[msg]
|
|upkeep
|turn|25
|inactive|iamnotagenius has 120 seconds left.
|c|☆zokua|5-0 is still good
|
|t:|1632151339
|switch|p1a: Yveltal|Yveltal|97/100
|-damage|p1a: Yveltal|72/100|[from] Stealth Rock
|-ability|p1a: Yveltal|Dark Aura
|move|p2a: Xerneas|Moonblast|p1a: Yveltal
|-supereffective|p1a: Yveltal
|-damage|p1a: Yveltal|11/100
|
|upkeep
|turn|26
|j| ObnoxiousTrainer
|
|t:|1632151346
|move|p2a: Xerneas|Moonblast|p1a: Yveltal
|-supereffective|p1a: Yveltal
|-damage|p1a: Yveltal|0 fnt
|faint|p1a: Yveltal
|
|upkeep
|
|t:|1632151350
|switch|p1a: Calyrex|Calyrex-Shadow|100/100
|-ability|p1a: Calyrex|As One
|-ability|p1a: Calyrex|Unnerve
|-damage|p1a: Calyrex|88/100|[from] Stealth Rock
|turn|27
|j| Luiw~!
|inactive|iamnotagenius has 120 seconds left.
|c|☆zokua|wesh papillion commen ta fait pour perdre vs lui
|
|t:|1632151366
|switch|p2a: Yveltal|Yveltal|100/100
|-ability|p2a: Yveltal|Dark Aura
|move|p1a: Calyrex|Astral Barrage|p2a: Yveltal
|-resisted|p2a: Yveltal
|-damage|p2a: Yveltal|66/100
|
|upkeep
|turn|28
|
|t:|1632151370
|switch|p1a: Zygarde|Zygarde|100/100
|-damage|p1a: Zygarde|94/100|[from] Stealth Rock
|move|p2a: Yveltal|Knock Off|p1a: Zygarde
|-damage|p1a: Zygarde|56/100
|-enditem|p1a: Zygarde|Leftovers|[from] move: Knock Off|[of] p2a: Yveltal
|
|upkeep
|turn|29
|inactive|iamnotagenius has 120 seconds left.
|
|t:|1632151395
|switch|p2a: Xerneas|Xerneas|51/100
|-ability|p2a: Xerneas|Fairy Aura
|move|p1a: Zygarde|Toxic|p2a: Xerneas
|-status|p2a: Xerneas|tox
|
|-damage|p2a: Xerneas|45/100 tox|[from] psn
|upkeep
|turn|30
|j| AndyPiper
|inactive|iamnotagenius has 120 seconds left.
|
|t:|1632151403
|move|p1a: Zygarde|Substitute|p1a: Zygarde
|-start|p1a: Zygarde|Substitute
|-damage|p1a: Zygarde|31/100
|move|p2a: Xerneas|Moonblast|p1a: Zygarde
|-supereffective|p1a: Zygarde
|-end|p1a: Zygarde|Substitute
|
|-damage|p2a: Xerneas|32/100 tox|[from] psn
|-activate|p1a: Zygarde|ability: Power Construct
|detailschange|p1a: Zygarde|Zygarde-Complete
|-heal|p1a: Zygarde|57/100|[silent]
|upkeep
|turn|31
|inactive|iamnotagenius has 120 seconds left.
|
|t:|1632151416
|move|p1a: Zygarde|Substitute|p1a: Zygarde
|-start|p1a: Zygarde|Substitute
|-damage|p1a: Zygarde|32/100
|move|p2a: Xerneas|Moonblast|p1a: Zygarde
|-supereffective|p1a: Zygarde
|-crit|p1a: Zygarde
|-end|p1a: Zygarde|Substitute
|
|-damage|p2a: Xerneas|14/100 tox|[from] psn
|upkeep
|turn|32
|
|t:|1632151421
|move|p1a: Zygarde|Thousand Arrows|p2a: Xerneas
|-damage|p2a: Xerneas|0 fnt
|faint|p2a: Xerneas
|
|upkeep
|
|t:|1632151423
|switch|p2a: Eternatus|Eternatus|100/100
|-ability|p2a: Eternatus|Pressure
|turn|33
|
|t:|1632151436
|move|p2a: Eternatus|Dynamax Cannon|p1a: Zygarde
|-supereffective|p1a: Zygarde
|-damage|p1a: Zygarde|0 fnt
|faint|p1a: Zygarde
|
|upkeep
|
|t:|1632151438
|switch|p1a: Darmanitan|Darmanitan-Galar, M|34/100
|-damage|p1a: Darmanitan|10/100|[from] Stealth Rock
|turn|34
|l| DaocExtremePT
|
|t:|1632151452
|switch|p2a: Necrozma|Necrozma-Dusk-Mane|47/100
|move|p1a: Darmanitan|Flare Blitz|p2a: Necrozma
|-supereffective|p2a: Necrozma
|-damage|p2a: Necrozma|0 fnt
|-damage|p1a: Darmanitan|0 fnt|[from] item: Rocky Helmet|[of] p2a: Necrozma
|faint|p2a: Necrozma
|faint|p1a: Darmanitan
|
|upkeep
|
|t:|1632151459
|switch|p1a: Calyrex|Calyrex-Shadow|88/100
|switch|p2a: Yveltal|Yveltal|66/100
|-ability|p1a: Calyrex|As One
|-ability|p1a: Calyrex|Unnerve
|-damage|p1a: Calyrex|76/100|[from] Stealth Rock
|-ability|p2a: Yveltal|Dark Aura
|turn|35
|c|☆iamnotagenius|guess you'll have to settle for 3-0
|c|☆iamnotagenius|gg
|j| TR Hurricane
|c|☆zokua|gg
|
|t:|1632151469
|move|p1a: Calyrex|Astral Barrage|p2a: Yveltal
|-resisted|p2a: Yveltal
|-damage|p2a: Yveltal|31/100
|move|p2a: Yveltal|Knock Off|p1a: Calyrex
|-supereffective|p1a: Calyrex
|-damage|p1a: Calyrex|0 fnt
|-enditem|p1a: Calyrex|Choice Specs|[from] move: Knock Off|[of] p2a: Yveltal
|faint|p1a: Calyrex
|
|win|zokua
|n|☆iamnotagenius|iamnotagenius
|n|☆zokua|zokua
|n|*Lady Monita|ladymonita
|n| wesh papillon|weshpapillon
|n| Kingston9629|kingston9629
|n| miss rage|missrage
|n| pigsaysoinkoink111|pigsaysoinkoink111
|n| sirmrwhale ♆@!|sirmrwhale
|n| Hoopa590|hoopa590
|n| daniYSB|daniysb
|n| Dark Red 979|darkred979
|n| ObnoxiousTrainer|obnoxioustrainer
|n| Luiw~!|luiw
|n| AndyPiper|andypiper
|n| TR Hurricane|trhurricane
|l|*Lady Monita
|l|☆zokua
|l| ObnoxiousTrainer
|l| AndyPiper
|l| Hoopa590
|l| Luiw~!
|l| daniYSB
|l| pigsaysoinkoink111
