|j|☆pinkdragontamer
|j|☆King Billu
|t:|1624689179
|gametype|singles
|player|p1|pinkdragontamer|burglar-gen1|
|player|p2|King Billu|rood|
|teamsize|p1|6
|teamsize|p2|6
|gen|8
|tier|[Gen 8] Ubers
|rule|Sleep Clause Mod: Limit one foe put to sleep
|rule|Species Clause: Limit one of each Pokémon
|rule|OHKO Clause: OHKO moves are banned
|rule|Evasion Moves Clause: Evasion moves are banned
|rule|Endless Battle Clause: Forcing endless battles is banned
|rule|HP Percentage Mod: HP is shown in percentages
|rule|Dynamax Clause: You cannot dynamax
|clearpoke
|poke|p1|Ho-Oh|
|poke|p1|Groudon|
|poke|p1|Necrozma-Dusk-Mane|
|poke|p1|Eternatus|
|poke|p1|Calyrex-Shadow|
|poke|p1|Yveltal|
|poke|p2|Kyogre|
|poke|p2|Giratina-Origin|
|poke|p2|Necrozma-Dusk-Mane|
|poke|p2|Calyrex-Shadow|
|poke|p2|Ferrothorn, F|
|poke|p2|Yveltal|
|teampreview
|c|☆pinkdragontamer|hf
|c|☆King Billu|hf
|c|☆King Billu|yo gimme one sec
|c|☆pinkdragontamer|lmk when youre good
|c|☆pinkdragontamer|can you do /publicroom when you can?
|j| KnightwalkerX
|c|☆King Billu|/log King Billu made this room public.
|c|☆King Billu|back
|c|☆King Billu|thx
|
|t:|1624689303
|start
|switch|p1a: Eternatus|Eternatus|100/100
|switch|p2a: Calyrex|Calyrex-Shadow|100/100
|-ability|p2a: Calyrex|As One
|-ability|p2a: Calyrex|Unnerve
|-ability|p1a: Eternatus|Pressure
|turn|1
|c|☆pinkdragontamer|hf
|inactive|Battle timer is ON: inactive players will automatically lose when time's up. (requested by pinkdragontamer)
|l| KnightwalkerX
|
|t:|1624689314
|switch|p1a: Yveltal|Yveltal, shiny|100/100
|-ability|p1a: Yveltal|Dark Aura
|move|p2a: Calyrex|Astral Barrage|p1a: Yveltal
|-resisted|p1a: Yveltal
|-damage|p1a: Yveltal|60/100
|
|upkeep
|turn|2
|
|t:|1624689323
|switch|p2a: Yveltal|Yveltal|100/100
|-ability|p2a: Yveltal|Dark Aura
|move|p1a: Yveltal|Toxic|p2a: Yveltal
|-status|p2a: Yveltal|tox
|
|-damage|p2a: Yveltal|94/100 tox|[from] psn
|upkeep
|turn|3
|
|t:|1624689329
|move|p1a: Yveltal|Roost|p1a: Yveltal
|-heal|p1a: Yveltal|100/100
|-singleturn|p1a: Yveltal|move: Roost
|move|p2a: Yveltal|Toxic|p1a: Yveltal
|-status|p1a: Yveltal|tox
|
|-damage|p1a: Yveltal|94/100 tox|[from] psn
|-damage|p2a: Yveltal|82/100 tox|[from] psn
|upkeep
|turn|4
|j| KnightwalkerX
|
|t:|1624689333
|switch|p1a: Eternatus|Eternatus|100/100
|-ability|p1a: Eternatus|Pressure
|move|p2a: Yveltal|Knock Off|p1a: Eternatus
|-damage|p1a: Eternatus|62/100
|-enditem|p1a: Eternatus|Black Sludge|[from] move: Knock Off|[of] p2a: Yveltal
|
|-damage|p2a: Yveltal|64/100 tox|[from] psn
|upkeep
|turn|5
|
|t:|1624689337
|switch|p2a: Necrozma|Necrozma-Dusk-Mane|100/100
|move|p1a: Eternatus|Recover|p1a: Eternatus
|-heal|p1a: Eternatus|100/100
|
|upkeep
|turn|6
|
|t:|1624689347
|switch|p1a: Groudon|Groudon|100/100
|-weather|SunnyDay|[from] ability: Drought|[of] p1a: Groudon
|switch|p2a: Calyrex|Calyrex-Shadow|100/100
|-ability|p2a: Calyrex|As One
|-ability|p2a: Calyrex|Unnerve
|
|-weather|SunnyDay|[upkeep]
|upkeep
|turn|7
|j| pkmn cypher 2013
|j| NXVISH Frito
|j| mc56556
|
|t:|1624689359
|switch|p1a: Yveltal|Yveltal, shiny|94/100 tox
|-ability|p1a: Yveltal|Dark Aura
|move|p2a: Calyrex|Trick|p1a: Yveltal
|-activate|p2a: Calyrex|move: Trick|[of] p1a: Yveltal
|-item|p1a: Yveltal|Choice Specs|[from] move: Trick
|-item|p2a: Calyrex|Heavy-Duty Boots|[from] move: Trick
|
|-weather|SunnyDay|[upkeep]
|-damage|p1a: Yveltal|88/100 tox|[from] psn
|upkeep
|turn|8
|
|t:|1624689373
|switch|p2a: Yveltal|Yveltal|64/100 tox
|-ability|p2a: Yveltal|Dark Aura
|switch|p1a: Ho-Oh|Ho-Oh|100/100
|
|-weather|SunnyDay|[upkeep]
|-damage|p2a: Yveltal|58/100 tox|[from] psn
|upkeep
|turn|9
|
|t:|1624689380
|move|p2a: Yveltal|Roost|p2a: Yveltal
|-heal|p2a: Yveltal|100/100 tox
|-singleturn|p2a: Yveltal|move: Roost
|move|p1a: Ho-Oh|Thunder Wave||[still]
|-fail|p1a: Ho-Oh
|
|-weather|SunnyDay|[upkeep]
|-damage|p2a: Yveltal|88/100 tox|[from] psn
|upkeep
|turn|10
|c| mc56556|Let's go, PDT!
|j|+Aberforth
|
|t:|1624689388
|move|p2a: Yveltal|Knock Off|p1a: Ho-Oh
|-damage|p1a: Ho-Oh|61/100
|-enditem|p1a: Ho-Oh|Heavy-Duty Boots|[from] move: Knock Off|[of] p2a: Yveltal
|move|p1a: Ho-Oh|Thunder Wave|p2a: Yveltal|[miss]
|-miss|p1a: Ho-Oh|p2a: Yveltal
|
|-weather|none
|-damage|p2a: Yveltal|70/100 tox|[from] psn
|upkeep
|turn|11
|j| MrToastD
|j| Goat heart ❤
|
|t:|1624689406
|switch|p2a: Calyrex|Calyrex-Shadow|100/100
|-ability|p2a: Calyrex|As One
|-ability|p2a: Calyrex|Unnerve
|move|p1a: Ho-Oh|Thunder Wave|p2a: Calyrex
|-status|p2a: Calyrex|par
|
|upkeep
|turn|12
|
|t:|1624689413
|switch|p1a: Yveltal|Yveltal, shiny|88/100 tox
|-ability|p1a: Yveltal|Dark Aura
|cant|p2a: Calyrex|par
|
|-damage|p1a: Yveltal|82/100 tox|[from] psn
|upkeep
|turn|13
|
|t:|1624689426
|switch|p2a: Yveltal|Yveltal|70/100 tox
|-ability|p2a: Yveltal|Dark Aura
|move|p1a: Yveltal|Foul Play|p2a: Yveltal
|-resisted|p2a: Yveltal
|-damage|p2a: Yveltal|46/100 tox
|
|-damage|p1a: Yveltal|70/100 tox|[from] psn
|-damage|p2a: Yveltal|40/100 tox|[from] psn
|upkeep
|turn|14
|c| MrToastD|It's always nice to see a Ho-Oh. Such a well designed Pokemon. :)
|
|t:|1624689433
|switch|p1a: Eternatus|Eternatus|100/100
|-ability|p1a: Eternatus|Pressure
|move|p2a: Yveltal|Roost|p2a: Yveltal
|-heal|p2a: Yveltal|90/100 tox
|-singleturn|p2a: Yveltal|move: Roost
|
|-damage|p2a: Yveltal|78/100 tox|[from] psn
|upkeep
|turn|15
|
|t:|1624689437
|switch|p2a: Necrozma|Necrozma-Dusk-Mane|100/100
|move|p1a: Eternatus|Flamethrower|p2a: Necrozma
|-supereffective|p2a: Necrozma
|-damage|p2a: Necrozma|73/100
|
|-heal|p2a: Necrozma|79/100|[from] item: Leftovers
|upkeep
|turn|16
|
|t:|1624689445
|switch|p1a: Ho-Oh|Ho-Oh|94/100
|move|p2a: Necrozma|Stealth Rock|p1a: Ho-Oh
|-sidestart|p1: pinkdragontamer|move: Stealth Rock
|
|-heal|p2a: Necrozma|85/100|[from] item: Leftovers
|upkeep
|turn|17
|
|t:|1624689457
|move|p1a: Ho-Oh|Defog|p2a: Necrozma
|-unboost|p2a: Necrozma|evasion|1
|-sideend|p1: pinkdragontamer|Stealth Rock|[from] move: Defog|[of] p1a: Ho-Oh
|move|p2a: Necrozma|Thunder Wave|p1a: Ho-Oh
|-status|p1a: Ho-Oh|par
|
|-heal|p2a: Necrozma|91/100|[from] item: Leftovers
|upkeep
|turn|18
|
|t:|1624689463
|move|p2a: Necrozma|Stealth Rock|p1a: Ho-Oh
|-sidestart|p1: pinkdragontamer|move: Stealth Rock
|move|p1a: Ho-Oh|Sacred Fire|p2a: Necrozma
|-supereffective|p2a: Necrozma
|-damage|p2a: Necrozma|52/100
|
|-heal|p2a: Necrozma|58/100|[from] item: Leftovers
|upkeep
|turn|19
|
|t:|1624689470
|switch|p2a: Giratina|Giratina-Origin|100/100
|move|p1a: Ho-Oh|Defog|p2a: Giratina
|-unboost|p2a: Giratina|evasion|1
|-sideend|p1: pinkdragontamer|Stealth Rock|[from] move: Defog|[of] p1a: Ho-Oh
|
|upkeep
|turn|20
|
|t:|1624689479
|switch|p1a: Eternatus|Eternatus|100/100
|-ability|p1a: Eternatus|Pressure
|move|p2a: Giratina|Stone Edge|p1a: Eternatus
|-damage|p1a: Eternatus|76/100
|
|upkeep
|turn|21
|
|t:|1624689488
|switch|p1a: Groudon|Groudon|100/100
|-weather|SunnyDay|[from] ability: Drought|[of] p1a: Groudon
|switch|p2a: Necrozma|Necrozma-Dusk-Mane|58/100
|
|-weather|SunnyDay|[upkeep]
|-heal|p2a: Necrozma|64/100|[from] item: Leftovers
|upkeep
|turn|22
|
|t:|1624689491
|switch|p2a: Giratina|Giratina-Origin|100/100
|move|p1a: Groudon|Substitute|p1a: Groudon
|-start|p1a: Groudon|Substitute
|-damage|p1a: Groudon|76/100
|
|-weather|SunnyDay|[upkeep]
|-heal|p1a: Groudon|82/100|[from] item: Leftovers
|upkeep
|turn|23
|
|t:|1624689495
|move|p1a: Groudon|Stone Edge|p2a: Giratina
|-damage|p2a: Giratina|78/100
|move|p2a: Giratina|Poltergeist|p1a: Groudon
|-activate|p1a: Groudon|move: Poltergeist|Leftovers
|-end|p1a: Groudon|Substitute
|
|-weather|SunnyDay|[upkeep]
|-heal|p1a: Groudon|88/100|[from] item: Leftovers
|upkeep
|turn|24
|
|t:|1624689502
|move|p1a: Groudon|Bulk Up|p1a: Groudon
|-boost|p1a: Groudon|atk|1
|-boost|p1a: Groudon|def|1
|move|p2a: Giratina|Poltergeist|p1a: Groudon
|-activate|p1a: Groudon|move: Poltergeist|Leftovers
|-damage|p1a: Groudon|62/100
|
|-weather|SunnyDay|[upkeep]
|-heal|p1a: Groudon|68/100|[from] item: Leftovers
|upkeep
|turn|25
|
|t:|1624689508
|move|p1a: Groudon|Stone Edge|p2a: Giratina|[miss]
|-miss|p1a: Groudon|p2a: Giratina
|move|p2a: Giratina|Dragon Tail|p1a: Groudon
|-damage|p1a: Groudon|55/100
|drag|p1a: Necrozma|Necrozma-Dusk-Mane|100/100
|
|-weather|none
|upkeep
|turn|26
|j| Jase duken
|
|t:|1624689518
|switch|p1a: Ho-Oh|Ho-Oh|100/100 par
|move|p2a: Giratina|Poltergeist||[still]
|-fail|p2a: Giratina
|
|upkeep
|turn|27
|c| MrToastD|oof
|
|t:|1624689529
|switch|p1a: Eternatus|Eternatus|76/100
|-ability|p1a: Eternatus|Pressure
|move|p2a: Giratina|Dragon Tail|p1a: Eternatus
|-supereffective|p1a: Eternatus
|-damage|p1a: Eternatus|16/100
|drag|p1a: Ho-Oh|Ho-Oh|100/100 par
|
|upkeep
|turn|28
|c| MrToastD|Stone Miss strikes again.
|c| Jase duken|Go king billu
|j| Aurella
|
|t:|1624689552
|switch|p1a: Groudon|Groudon|55/100
|-weather|SunnyDay|[from] ability: Drought|[of] p1a: Groudon
|move|p2a: Giratina|Stone Edge|p1a: Groudon|[miss]
|-miss|p2a: Giratina|p1a: Groudon
|
|-weather|SunnyDay|[upkeep]
|-heal|p1a: Groudon|62/100|[from] item: Leftovers
|upkeep
|turn|29
|c| Aurella|main???
|
|t:|1624689557
|move|p1a: Groudon|Stone Edge|p2a: Giratina
|-damage|p2a: Giratina|55/100
|move|p2a: Giratina|Poltergeist|p1a: Groudon
|-activate|p1a: Groudon|move: Poltergeist|Leftovers
|-damage|p1a: Groudon|24/100
|
|-weather|SunnyDay|[upkeep]
|-heal|p1a: Groudon|30/100|[from] item: Leftovers
|upkeep
|turn|30
|
|t:|1624689564
|switch|p1a: Ho-Oh|Ho-Oh|100/100 par
|move|p2a: Giratina|Poltergeist||[still]
|-fail|p2a: Giratina
|
|-weather|SunnyDay|[upkeep]
|upkeep
|turn|31
|
|t:|1624689573
|switch|p1a: Necrozma|Necrozma-Dusk-Mane|100/100
|move|p2a: Giratina|Stone Edge|p1a: Necrozma
|-resisted|p1a: Necrozma
|-damage|p1a: Necrozma|87/100
|
|-weather|SunnyDay|[upkeep]
|-heal|p1a: Necrozma|93/100|[from] item: Leftovers
|upkeep
|turn|32
|c| MrToastD|Out of curiosity, how viable is Lugia in this Gen's Ubers?
|
|t:|1624689584
|move|p2a: Giratina|Poltergeist|p1a: Necrozma
|-activate|p1a: Necrozma|move: Poltergeist|Leftovers
|-supereffective|p1a: Necrozma
|-damage|p1a: Necrozma|17/100
|move|p1a: Necrozma|Stealth Rock|p2a: Giratina
|-sidestart|p2: King Billu|move: Stealth Rock
|
|-weather|none
|-heal|p1a: Necrozma|23/100|[from] item: Leftovers
|upkeep
|turn|33
|
|t:|1624689596
|switch|p1a: Ho-Oh|Ho-Oh|100/100 par
|move|p2a: Giratina|Dragon Tail|p1a: Ho-Oh
|-damage|p1a: Ho-Oh|75/100 par
|drag|p1a: Eternatus|Eternatus|16/100
|-ability|p1a: Eternatus|Pressure
|
|upkeep
|turn|34
|
|t:|1624689603
|switch|p2a: Necrozma|Necrozma-Dusk-Mane|64/100
|-damage|p2a: Necrozma|58/100|[from] Stealth Rock
|move|p1a: Eternatus|Recover|p1a: Eternatus
|-heal|p1a: Eternatus|66/100
|
|-heal|p2a: Necrozma|64/100|[from] item: Leftovers
|upkeep
|turn|35
|
|t:|1624689607
|switch|p1a: Calyrex|Calyrex-Shadow|100/100
|-ability|p1a: Calyrex|As One
|-ability|p1a: Calyrex|Unnerve
|move|p2a: Necrozma|Stealth Rock|p1a: Calyrex
|-sidestart|p1: pinkdragontamer|move: Stealth Rock
|
|-heal|p2a: Necrozma|70/100|[from] item: Leftovers
|upkeep
|turn|36
|
|t:|1624689613
|switch|p2a: Yveltal|Yveltal|78/100 tox
|-ability|p2a: Yveltal|Dark Aura
|move|p1a: Calyrex|Trick|p2a: Yveltal
|-activate|p1a: Calyrex|move: Trick|[of] p2a: Yveltal
|-item|p2a: Yveltal|Choice Scarf|[from] move: Trick
|-item|p1a: Calyrex|Heavy-Duty Boots|[from] move: Trick
|
|-damage|p2a: Yveltal|72/100 tox|[from] psn
|upkeep
|turn|37
|j| BlueStar522
|
|t:|1624689630
|switch|p1a: Eternatus|Eternatus|66/100
|-damage|p1a: Eternatus|54/100|[from] Stealth Rock
|-ability|p1a: Eternatus|Pressure
|move|p2a: Yveltal|Knock Off|p1a: Eternatus
|-damage|p1a: Eternatus|23/100
|
|-damage|p2a: Yveltal|60/100 tox|[from] psn
|upkeep
|turn|38
|l| Jase duken
|
|t:|1624689640
|switch|p2a: Necrozma|Necrozma-Dusk-Mane|70/100
|-damage|p2a: Necrozma|64/100|[from] Stealth Rock
|move|p1a: Eternatus|Recover|p1a: Eternatus
|-heal|p1a: Eternatus|73/100
|
|-heal|p2a: Necrozma|70/100|[from] item: Leftovers
|upkeep
|turn|39
|l| BlueStar522
|
|t:|1624689653
|switch|p1a: Ho-Oh|Ho-Oh|100/100 par
|-damage|p1a: Ho-Oh|50/100 par|[from] Stealth Rock
|move|p2a: Necrozma|Sunsteel Strike|p1a: Ho-Oh
|-resisted|p1a: Ho-Oh
|-crit|p1a: Ho-Oh
|-damage|p1a: Ho-Oh|24/100 par
|
|-heal|p2a: Necrozma|76/100|[from] item: Leftovers
|upkeep
|turn|40
|j| Luna's Bann3d N0w
|n| Luna's Bann3d Now|lunasbann3dn0w
|j|+baconeatinassassin
|
|t:|1624689687
|move|p2a: Necrozma|Sunsteel Strike|p1a: Ho-Oh
|-resisted|p1a: Ho-Oh
|-damage|p1a: Ho-Oh|8/100 par
|cant|p1a: Ho-Oh|par
|
|-heal|p2a: Necrozma|82/100|[from] item: Leftovers
|upkeep
|turn|41
|
|t:|1624689694
|switch|p1a: Eternatus|Eternatus|73/100
|-damage|p1a: Eternatus|61/100|[from] Stealth Rock
|-ability|p1a: Eternatus|Pressure
|move|p2a: Necrozma|Sunsteel Strike|p1a: Eternatus
|-damage|p1a: Eternatus|23/100
|
|-heal|p2a: Necrozma|88/100|[from] item: Leftovers
|upkeep
|turn|42
|
|t:|1624689702
|move|p1a: Eternatus|Recover|p1a: Eternatus
|-heal|p1a: Eternatus|73/100
|move|p2a: Necrozma|Thunder Wave|p1a: Eternatus
|-status|p1a: Eternatus|par
|
|-heal|p2a: Necrozma|94/100|[from] item: Leftovers
|upkeep
|turn|43
|
|t:|1624689713
|move|p2a: Necrozma|Sunsteel Strike|p1a: Eternatus
|-damage|p1a: Eternatus|38/100 par
|move|p1a: Eternatus|Recover|p1a: Eternatus
|-heal|p1a: Eternatus|88/100 par
|
|-heal|p2a: Necrozma|99/100|[from] item: Leftovers
|upkeep
|turn|44
|
|t:|1624689735
|switch|p2a: Kyogre|Kyogre|100/100
|-damage|p2a: Kyogre|88/100|[from] Stealth Rock
|-weather|RainDance|[from] ability: Drizzle|[of] p2a: Kyogre
|switch|p1a: Calyrex|Calyrex-Shadow|100/100
|-ability|p1a: Calyrex|As One
|-ability|p1a: Calyrex|Unnerve
|
|-weather|RainDance|[upkeep]
|-heal|p2a: Kyogre|94/100|[from] item: Leftovers
|upkeep
|turn|45
|
|t:|1624689744
|move|p1a: Calyrex|Aromatherapy|p1a: Calyrex
|-activate|p1a: Calyrex|move: Aromatherapy
|-curestatus|p1: Yveltal|tox|[msg]
|-curestatus|p1: Eternatus|par|[msg]
|-curestatus|p1: Ho-Oh|par|[msg]
|move|p2a: Kyogre|Scald|p1a: Calyrex
|-crit|p1a: Calyrex
|-damage|p1a: Calyrex|19/100
|-status|p1a: Calyrex|brn
|
|-weather|RainDance|[upkeep]
|-heal|p2a: Kyogre|100/100|[from] item: Leftovers
|-damage|p1a: Calyrex|13/100 brn|[from] brn
|upkeep
|turn|46
|
|t:|1624689755
|switch|p1a: Eternatus|Eternatus|88/100
|-damage|p1a: Eternatus|76/100|[from] Stealth Rock
|-ability|p1a: Eternatus|Pressure
|move|p2a: Kyogre|Scald|p1a: Eternatus
|-resisted|p1a: Eternatus
|-damage|p1a: Eternatus|57/100
|
|-weather|RainDance|[upkeep]
|upkeep
|turn|47
|
|t:|1624689765
|move|p1a: Eternatus|Recover|p1a: Eternatus
|-heal|p1a: Eternatus|100/100
|move|p2a: Kyogre|Calm Mind|p2a: Kyogre
|-boost|p2a: Kyogre|spa|1
|-boost|p2a: Kyogre|spd|1
|
|-weather|RainDance|[upkeep]
|upkeep
|turn|48
|
|t:|1624689768
|move|p1a: Eternatus|Toxic|p2a: Kyogre
|-status|p2a: Kyogre|tox
|move|p2a: Kyogre|Scald|p1a: Eternatus
|-resisted|p1a: Eternatus
|-damage|p1a: Eternatus|75/100
|-status|p1a: Eternatus|brn
|
|-weather|none
|-damage|p2a: Kyogre|94/100 tox|[from] psn
|-damage|p1a: Eternatus|69/100 brn|[from] brn
|upkeep
|turn|49
|
|t:|1624689780
|switch|p2a: Necrozma|Necrozma-Dusk-Mane|99/100
|-damage|p2a: Necrozma|94/100|[from] Stealth Rock
|move|p1a: Eternatus|Dynamax Cannon|p2a: Necrozma
|-resisted|p2a: Necrozma
|-damage|p2a: Necrozma|81/100
|
|-heal|p2a: Necrozma|87/100|[from] item: Leftovers
|-damage|p1a: Eternatus|62/100 brn|[from] brn
|upkeep
|turn|50
|l| NXVISH Frito
|
|t:|1624689802
|move|p1a: Eternatus|Recover|p1a: Eternatus
|-heal|p1a: Eternatus|100/100 brn
|move|p2a: Necrozma|Thunder Wave||[still]
|-fail|p2a: Necrozma
|
|-heal|p2a: Necrozma|93/100|[from] item: Leftovers
|-damage|p1a: Eternatus|94/100 brn|[from] brn
|upkeep
|turn|51
|
|t:|1624689809
|move|p1a: Eternatus|Flamethrower|p2a: Necrozma
|-supereffective|p2a: Necrozma
|-damage|p2a: Necrozma|66/100
|move|p2a: Necrozma|Thunder Wave||[still]
|-fail|p2a: Necrozma
|
|-heal|p2a: Necrozma|72/100|[from] item: Leftovers
|-damage|p1a: Eternatus|88/100 brn|[from] brn
|upkeep
|turn|52
|
|t:|1624689821
|switch|p2a: Kyogre|Kyogre|94/100 tox
|-damage|p2a: Kyogre|82/100 tox|[from] Stealth Rock
|-weather|RainDance|[from] ability: Drizzle|[of] p2a: Kyogre
|move|p1a: Eternatus|Flamethrower|p2a: Kyogre
|-resisted|p2a: Kyogre
|-damage|p2a: Kyogre|77/100 tox
|
|-weather|RainDance|[upkeep]
|-heal|p2a: Kyogre|83/100 tox|[from] item: Leftovers
|-damage|p2a: Kyogre|77/100 tox|[from] psn
|-damage|p1a: Eternatus|82/100 brn|[from] brn
|upkeep
|turn|53
|
|t:|1624689827
|move|p1a: Eternatus|Dynamax Cannon|p2a: Kyogre
|-damage|p2a: Kyogre|44/100 tox
|move|p2a: Kyogre|Rest|p2a: Kyogre
|-status|p2a: Kyogre|slp|[from] move: Rest
|-heal|p2a: Kyogre|100/100 slp|[silent]
|
|-weather|RainDance|[upkeep]
|-damage|p1a: Eternatus|76/100 brn|[from] brn
|upkeep
|turn|54
|c| MrToastD|Dang. Necrozma is bulky. Took a Super Effective Flamethrower like a champ.
|j| LeBarBURR2
|j| Ray713
|j| BlueStar522
|
|t:|1624689852
|switch|p1a: Calyrex|Calyrex-Shadow|13/100 brn
|-ability|p1a: Calyrex|As One
|-ability|p1a: Calyrex|Unnerve
|switch|p2a: Necrozma|Necrozma-Dusk-Mane|72/100
|-damage|p2a: Necrozma|66/100|[from] Stealth Rock
|
|-weather|RainDance|[upkeep]
|-heal|p2a: Necrozma|72/100|[from] item: Leftovers
|-damage|p1a: Calyrex|6/100 brn|[from] brn
|upkeep
|turn|55
|raw|<div class="broadcast-red"><strong>Moderated chat was set to +!</strong><br />Only users of rank + and higher can talk.</div>
|
|t:|1624689859
|switch|p2a: Yveltal|Yveltal|60/100 tox
|-damage|p2a: Yveltal|35/100 tox|[from] Stealth Rock
|-ability|p2a: Yveltal|Dark Aura
|move|p1a: Calyrex|Aromatherapy|p1a: Calyrex
|-activate|p1a: Calyrex|move: Aromatherapy
|-curestatus|p1a: Calyrex|brn|[msg]
|-curestatus|p1: Eternatus|brn|[msg]
|
|-weather|RainDance|[upkeep]
|-damage|p2a: Yveltal|29/100 tox|[from] psn
|upkeep
|turn|56
|
|t:|1624689870
|switch|p1a: Yveltal|Yveltal, shiny|70/100
|-damage|p1a: Yveltal|45/100|[from] Stealth Rock
|-ability|p1a: Yveltal|Dark Aura
|move|p2a: Yveltal|Roost|p2a: Yveltal
|-heal|p2a: Yveltal|79/100 tox
|-singleturn|p2a: Yveltal|move: Roost
|
|-weather|none
|-damage|p2a: Yveltal|67/100 tox|[from] psn
|upkeep
|turn|57
|
|t:|1624689877
|switch|p2a: Ferrothorn|Ferrothorn, F|100/100
|-damage|p2a: Ferrothorn|94/100|[from] Stealth Rock
|move|p1a: Yveltal|Roost|p1a: Yveltal
|-heal|p1a: Yveltal|95/100
|-singleturn|p1a: Yveltal|move: Roost
|
|-heal|p2a: Ferrothorn|100/100|[from] item: Leftovers
|upkeep
|turn|58
|
|t:|1624689888
|switch|p1a: Groudon|Groudon|30/100
|-damage|p1a: Groudon|24/100|[from] Stealth Rock
|-weather|SunnyDay|[from] ability: Drought|[of] p1a: Groudon
|move|p2a: Ferrothorn|Leech Seed|p1a: Groudon
|-start|p1a: Groudon|move: Leech Seed
|
|-weather|SunnyDay|[upkeep]
|-heal|p1a: Groudon|30/100|[from] item: Leftovers
|-damage|p1a: Groudon|18/100|[from] Leech Seed|[of] p2a: Ferrothorn
|upkeep
|turn|59
|
|t:|1624689912
|switch|p1a: Eternatus|Eternatus|76/100
|-damage|p1a: Eternatus|63/100|[from] Stealth Rock
|-ability|p1a: Eternatus|Pressure
|move|p2a: Ferrothorn|Spikes|p1a: Eternatus
|-sidestart|p1: pinkdragontamer|Spikes
|
|-weather|SunnyDay|[upkeep]
|upkeep
|turn|60
|
|t:|1624689921
|switch|p2a: Necrozma|Necrozma-Dusk-Mane|72/100
|-damage|p2a: Necrozma|66/100|[from] Stealth Rock
|move|p1a: Eternatus|Dynamax Cannon|p2a: Necrozma
|-resisted|p2a: Necrozma
|-damage|p2a: Necrozma|52/100
|
|-weather|SunnyDay|[upkeep]
|-heal|p2a: Necrozma|58/100|[from] item: Leftovers
|upkeep
|turn|61
|
|t:|1624689928
|switch|p1a: Calyrex|Calyrex-Shadow|6/100
|-ability|p1a: Calyrex|As One
|-ability|p1a: Calyrex|Unnerve
|move|p2a: Necrozma|Thunder Wave|p1a: Calyrex
|-status|p1a: Calyrex|par
|
|-weather|SunnyDay|[upkeep]
|-heal|p2a: Necrozma|64/100|[from] item: Leftovers
|upkeep
|turn|62
|
|t:|1624689934
|switch|p2a: Yveltal|Yveltal|67/100 tox
|-damage|p2a: Yveltal|42/100 tox|[from] Stealth Rock
|-ability|p2a: Yveltal|Dark Aura
|move|p1a: Calyrex|Astral Barrage|p2a: Yveltal
|-resisted|p2a: Yveltal
|-damage|p2a: Yveltal|19/100 tox
|
|-weather|none
|-damage|p2a: Yveltal|13/100 tox|[from] psn
|upkeep
|turn|63
|
|t:|1624689944
|move|p2a: Yveltal|Roost|p2a: Yveltal
|-heal|p2a: Yveltal|63/100 tox
|-singleturn|p2a: Yveltal|move: Roost
|cant|p1a: Calyrex|par
|
|-damage|p2a: Yveltal|51/100 tox|[from] psn
|upkeep
|turn|64
|
|t:|1624689959
|switch|p2a: Ferrothorn|Ferrothorn, F|100/100
|-damage|p2a: Ferrothorn|94/100|[from] Stealth Rock
|cant|p1a: Calyrex|par
|
|-heal|p2a: Ferrothorn|100/100|[from] item: Leftovers
|upkeep
|turn|65
|
|t:|1624689967
|switch|p1a: Eternatus|Eternatus|63/100
|-damage|p1a: Eternatus|51/100|[from] Spikes
|-damage|p1a: Eternatus|38/100|[from] Stealth Rock
|-ability|p1a: Eternatus|Pressure
|move|p2a: Ferrothorn|Leech Seed|p1a: Eternatus
|-start|p1a: Eternatus|move: Leech Seed
|
|-damage|p1a: Eternatus|26/100|[from] Leech Seed|[of] p2a: Ferrothorn
|upkeep
|turn|66
|
|t:|1624689973
|switch|p2a: Calyrex|Calyrex-Shadow|100/100 par
|-ability|p2a: Calyrex|As One
|-ability|p2a: Calyrex|Unnerve
|move|p1a: Eternatus|Recover|p1a: Eternatus
|-heal|p1a: Eternatus|76/100
|
|-damage|p1a: Eternatus|63/100|[from] Leech Seed|[of] p2a: Calyrex
|upkeep
|turn|67
|
|t:|1624689976
|switch|p1a: Yveltal|Yveltal, shiny|95/100
|-damage|p1a: Yveltal|70/100|[from] Stealth Rock
|-ability|p1a: Yveltal|Dark Aura
|move|p2a: Calyrex|Aromatherapy|p2a: Calyrex
|-activate|p2a: Calyrex|move: Aromatherapy
|-curestatus|p2a: Calyrex|par|[msg]
|-curestatus|p2: Kyogre|slp|[msg]
|-curestatus|p2: Yveltal|tox|[msg]
|
|upkeep
|turn|68
|
|t:|1624689984
|switch|p2a: Ferrothorn|Ferrothorn, F|100/100
|-damage|p2a: Ferrothorn|94/100|[from] Stealth Rock
|move|p1a: Yveltal|Foul Play|p2a: Ferrothorn
|-damage|p2a: Ferrothorn|65/100
|-damage|p1a: Yveltal|58/100|[from] ability: Iron Barbs|[of] p2a: Ferrothorn
|
|-heal|p2a: Ferrothorn|72/100|[from] item: Leftovers
|upkeep
|turn|69
|
|t:|1624689993
|switch|p1a: Eternatus|Eternatus|63/100
|-damage|p1a: Eternatus|51/100|[from] Spikes
|-damage|p1a: Eternatus|38/100|[from] Stealth Rock
|-ability|p1a: Eternatus|Pressure
|move|p2a: Ferrothorn|Leech Seed|p1a: Eternatus
|-start|p1a: Eternatus|move: Leech Seed
|
|-heal|p2a: Ferrothorn|78/100|[from] item: Leftovers
|-damage|p1a: Eternatus|26/100|[from] Leech Seed|[of] p2a: Ferrothorn
|-heal|p2a: Ferrothorn|95/100|[silent]
|upkeep
|turn|70
|
|t:|1624690000
|switch|p2a: Calyrex|Calyrex-Shadow|100/100
|-ability|p2a: Calyrex|As One
|-ability|p2a: Calyrex|Unnerve
|move|p1a: Eternatus|Recover|p1a: Eternatus
|-heal|p1a: Eternatus|76/100
|
|-damage|p1a: Eternatus|63/100|[from] Leech Seed|[of] p2a: Calyrex
|upkeep
|turn|71
|
|t:|1624690006
|move|p2a: Calyrex|Astral Barrage|p1a: Eternatus
|-damage|p1a: Eternatus|20/100
|move|p1a: Eternatus|Recover|p1a: Eternatus
|-heal|p1a: Eternatus|70/100
|
|-damage|p1a: Eternatus|57/100|[from] Leech Seed|[of] p2a: Calyrex
|upkeep
|turn|72
|
|t:|1624690013
|switch|p1a: Yveltal|Yveltal, shiny|58/100
|-damage|p1a: Yveltal|33/100|[from] Stealth Rock
|-ability|p1a: Yveltal|Dark Aura
|move|p2a: Calyrex|Psyshock|p1a: Yveltal
|-immune|p1a: Yveltal
|
|upkeep
|turn|73
|
|t:|1624690017
|switch|p2a: Ferrothorn|Ferrothorn, F|95/100
|-damage|p2a: Ferrothorn|89/100|[from] Stealth Rock
|move|p1a: Yveltal|Roost|p1a: Yveltal
|-heal|p1a: Yveltal|83/100
|-singleturn|p1a: Yveltal|move: Roost
|
|-heal|p2a: Ferrothorn|95/100|[from] item: Leftovers
|upkeep
|turn|74
|
|t:|1624690025
|switch|p1a: Eternatus|Eternatus|57/100
|-damage|p1a: Eternatus|45/100|[from] Spikes
|-damage|p1a: Eternatus|33/100|[from] Stealth Rock
|-ability|p1a: Eternatus|Pressure
|move|p2a: Ferrothorn|Leech Seed|p1a: Eternatus
|-start|p1a: Eternatus|move: Leech Seed
|
|-heal|p2a: Ferrothorn|100/100|[from] item: Leftovers
|-damage|p1a: Eternatus|20/100|[from] Leech Seed|[of] p2a: Ferrothorn
|upkeep
|turn|75
|
|t:|1624690028
|switch|p2a: Calyrex|Calyrex-Shadow|100/100
|-ability|p2a: Calyrex|As One
|-ability|p2a: Calyrex|Unnerve
|move|p1a: Eternatus|Recover|p1a: Eternatus
|-heal|p1a: Eternatus|70/100
|
|-damage|p1a: Eternatus|58/100|[from] Leech Seed|[of] p2a: Calyrex
|upkeep
|turn|76
|
|t:|1624690043
|switch|p2a: Ferrothorn|Ferrothorn, F|100/100
|-damage|p2a: Ferrothorn|94/100|[from] Stealth Rock
|move|p1a: Eternatus|Recover|p1a: Eternatus
|-heal|p1a: Eternatus|100/100
|
|-heal|p2a: Ferrothorn|100/100|[from] item: Leftovers
|-damage|p1a: Eternatus|88/100|[from] Leech Seed|[of] p2a: Ferrothorn
|upkeep
|turn|77
|
|t:|1624690053
|switch|p1a: Yveltal|Yveltal, shiny|83/100
|-damage|p1a: Yveltal|58/100|[from] Stealth Rock
|-ability|p1a: Yveltal|Dark Aura
|switch|p2a: Necrozma|Necrozma-Dusk-Mane|64/100
|-damage|p2a: Necrozma|58/100|[from] Stealth Rock
|
|-heal|p2a: Necrozma|64/100|[from] item: Leftovers
|upkeep
|turn|78
|
|t:|1624690058
|move|p1a: Yveltal|Foul Play|p2a: Necrozma
|-supereffective|p2a: Necrozma
|-damage|p2a: Necrozma|0 fnt
|faint|p2a: Necrozma
|
|upkeep
|
|t:|1624690064
|switch|p2a: Ferrothorn|Ferrothorn, F|100/100
|-damage|p2a: Ferrothorn|94/100|[from] Stealth Rock
|turn|79
|
|t:|1624690081
|switch|p1a: Eternatus|Eternatus|88/100
|-damage|p1a: Eternatus|76/100|[from] Stealth Rock
|-damage|p1a: Eternatus|63/100|[from] Spikes
|-ability|p1a: Eternatus|Pressure
|move|p2a: Ferrothorn|Leech Seed|p1a: Eternatus
|-start|p1a: Eternatus|move: Leech Seed
|
|-heal|p2a: Ferrothorn|100/100|[from] item: Leftovers
|-damage|p1a: Eternatus|51/100|[from] Leech Seed|[of] p2a: Ferrothorn
|upkeep
|turn|80
|
|t:|1624690089
|switch|p1a: Yveltal|Yveltal, shiny|58/100
|-damage|p1a: Yveltal|33/100|[from] Stealth Rock
|-ability|p1a: Yveltal|Dark Aura
|switch|p2a: Kyogre|Kyogre|100/100
|-damage|p2a: Kyogre|88/100|[from] Stealth Rock
|-weather|RainDance|[from] ability: Drizzle|[of] p2a: Kyogre
|
|-weather|RainDance|[upkeep]
|-heal|p2a: Kyogre|94/100|[from] item: Leftovers
|upkeep
|turn|81
|
|t:|1624690096
|move|p1a: Yveltal|Roost|p1a: Yveltal
|-heal|p1a: Yveltal|83/100
|-singleturn|p1a: Yveltal|move: Roost
|move|p2a: Kyogre|Calm Mind|p2a: Kyogre
|-boost|p2a: Kyogre|spa|1
|-boost|p2a: Kyogre|spd|1
|
|-weather|RainDance|[upkeep]
|-heal|p2a: Kyogre|100/100|[from] item: Leftovers
|upkeep
|turn|82
|
|t:|1624690103
|switch|p1a: Groudon|Groudon|18/100
|-damage|p1a: Groudon|5/100|[from] Spikes
|-damage|p1a: Groudon|0 fnt|[from] Stealth Rock
|faint|p1a: Groudon
|move|p2a: Kyogre|Calm Mind|p2a: Kyogre
|-boost|p2a: Kyogre|spa|1
|-boost|p2a: Kyogre|spd|1
|
|-weather|RainDance|[upkeep]
|upkeep
|
|t:|1624690114
|switch|p1a: Eternatus|Eternatus|51/100
|-damage|p1a: Eternatus|38/100|[from] Spikes
|-damage|p1a: Eternatus|26/100|[from] Stealth Rock
|-ability|p1a: Eternatus|Pressure
|turn|83
|
|t:|1624690117
|move|p1a: Eternatus|Recover|p1a: Eternatus
|-heal|p1a: Eternatus|76/100
|move|p2a: Kyogre|Scald|p1a: Eternatus
|-resisted|p1a: Eternatus
|-damage|p1a: Eternatus|39/100
|
|-weather|RainDance|[upkeep]
|upkeep
|turn|84
|
|t:|1624690120
|move|p1a: Eternatus|Toxic|p2a: Kyogre
|-status|p2a: Kyogre|tox
|move|p2a: Kyogre|Scald|p1a: Eternatus
|-resisted|p1a: Eternatus
|-damage|p1a: Eternatus|4/100
|
|-weather|none
|-damage|p2a: Kyogre|94/100 tox|[from] psn
|upkeep
|turn|85
|
|t:|1624690125
|move|p1a: Eternatus|Recover|p1a: Eternatus
|-heal|p1a: Eternatus|54/100
|move|p2a: Kyogre|Calm Mind|p2a: Kyogre
|-boost|p2a: Kyogre|spa|1
|-boost|p2a: Kyogre|spd|1
|
|-heal|p2a: Kyogre|100/100 tox|[from] item: Leftovers
|-damage|p2a: Kyogre|88/100 tox|[from] psn
|upkeep
|turn|86
|
|t:|1624690133
|switch|p1a: Yveltal|Yveltal, shiny|83/100
|-damage|p1a: Yveltal|58/100|[from] Stealth Rock
|-ability|p1a: Yveltal|Dark Aura
|move|p2a: Kyogre|Scald|p1a: Yveltal
|-damage|p1a: Yveltal|0 fnt
|faint|p1a: Yveltal
|
|-heal|p2a: Kyogre|94/100 tox|[from] item: Leftovers
|-damage|p2a: Kyogre|76/100 tox|[from] psn
|upkeep
|
|t:|1624690142
|switch|p1a: Eternatus|Eternatus|54/100
|-damage|p1a: Eternatus|41/100|[from] Stealth Rock
|-damage|p1a: Eternatus|29/100|[from] Spikes
|-ability|p1a: Eternatus|Pressure
|turn|87
|
|t:|1624690147
|move|p1a: Eternatus|Recover|p1a: Eternatus
|-heal|p1a: Eternatus|79/100
|move|p2a: Kyogre|Rest|p2a: Kyogre
|-status|p2a: Kyogre|slp|[from] move: Rest
|-heal|p2a: Kyogre|100/100 slp|[silent]
|
|upkeep
|turn|88
|
|t:|1624690152
|switch|p1a: Calyrex|Calyrex-Shadow|6/100 par
|-ability|p1a: Calyrex|As One
|-ability|p1a: Calyrex|Unnerve
|cant|p2a: Kyogre|slp
|move|p2a: Kyogre|Sleep Talk|p2a: Kyogre
|move|p2a: Kyogre|Rest||[from]move: Sleep Talk|[still]
|-fail|p2a: Kyogre
|
|upkeep
|turn|89
|
|t:|1624690154
|cant|p2a: Kyogre|slp
|move|p2a: Kyogre|Sleep Talk|p2a: Kyogre
|move|p2a: Kyogre|Rest||[from]move: Sleep Talk|[still]
|-fail|p2a: Kyogre
|move|p1a: Calyrex|Aromatherapy|p1a: Calyrex
|-activate|p1a: Calyrex|move: Aromatherapy
|-curestatus|p1a: Calyrex|par|[msg]
|
|upkeep
|turn|90
|
|t:|1624690160
|switch|p1a: Eternatus|Eternatus|79/100
|-damage|p1a: Eternatus|67/100|[from] Stealth Rock
|-damage|p1a: Eternatus|54/100|[from] Spikes
|-ability|p1a: Eternatus|Pressure
|-curestatus|p2a: Kyogre|slp|[msg]
|move|p2a: Kyogre|Scald|p1a: Eternatus
|-resisted|p1a: Eternatus
|-damage|p1a: Eternatus|26/100
|
|upkeep
|turn|91
|
|t:|1624690165
|move|p1a: Eternatus|Recover|p1a: Eternatus
|-heal|p1a: Eternatus|76/100
|move|p2a: Kyogre|Calm Mind|p2a: Kyogre
|-boost|p2a: Kyogre|spa|1
|-boost|p2a: Kyogre|spd|1
|
|upkeep
|turn|92
|
|t:|1624690168
|move|p1a: Eternatus|Toxic|p2a: Kyogre
|-status|p2a: Kyogre|tox
|move|p2a: Kyogre|Calm Mind|p2a: Kyogre
|-boost|p2a: Kyogre|spa|1
|-boost|p2a: Kyogre|spd|1
|
|-damage|p2a: Kyogre|94/100 tox|[from] psn
|upkeep
|turn|93
|
|t:|1624690172
|move|p1a: Eternatus|Dynamax Cannon|p2a: Kyogre
|-damage|p2a: Kyogre|86/100 tox
|move|p2a: Kyogre|Calm Mind|p2a: Kyogre
|-boost|p2a: Kyogre|spa|1
|-boost|p2a: Kyogre|spd|1
|
|-heal|p2a: Kyogre|92/100 tox|[from] item: Leftovers
|-damage|p2a: Kyogre|80/100 tox|[from] psn
|upkeep
|turn|94
|
|t:|1624690175
|switch|p1a: Necrozma|Necrozma-Dusk-Mane|23/100
|-damage|p1a: Necrozma|11/100|[from] Spikes
|-damage|p1a: Necrozma|5/100|[from] Stealth Rock
|move|p2a: Kyogre|Scald|p1a: Necrozma
|-damage|p1a: Necrozma|0 fnt
|faint|p1a: Necrozma
|
|-heal|p2a: Kyogre|86/100 tox|[from] item: Leftovers
|-damage|p2a: Kyogre|67/100 tox|[from] psn
|upkeep
|
|t:|1624690179
|switch|p1a: Eternatus|Eternatus|76/100
|-damage|p1a: Eternatus|63/100|[from] Spikes
|-damage|p1a: Eternatus|51/100|[from] Stealth Rock
|-ability|p1a: Eternatus|Pressure
|turn|95
|
|t:|1624690181
|move|p1a: Eternatus|Flamethrower|p2a: Kyogre
|-resisted|p2a: Kyogre
|-damage|p2a: Kyogre|65/100 tox
|move|p2a: Kyogre|Rest|p2a: Kyogre
|-status|p2a: Kyogre|slp|[from] move: Rest
|-heal|p2a: Kyogre|100/100 slp|[silent]
|
|upkeep
|turn|96
|
|t:|1624690184
|switch|p1a: Calyrex|Calyrex-Shadow|6/100
|-ability|p1a: Calyrex|As One
|-ability|p1a: Calyrex|Unnerve
|cant|p2a: Kyogre|slp
|move|p2a: Kyogre|Sleep Talk|p2a: Kyogre
|move|p2a: Kyogre|Calm Mind|p2a: Kyogre|[from]move: Sleep Talk
|-boost|p2a: Kyogre|spa|0
|-boost|p2a: Kyogre|spd|0
|
|upkeep
|turn|97
|
|t:|1624690187
|move|p1a: Calyrex|Psyshock|p2a: Kyogre
|-damage|p2a: Kyogre|66/100 slp
|cant|p2a: Kyogre|slp
|move|p2a: Kyogre|Sleep Talk|p2a: Kyogre
|move|p2a: Kyogre|Scald|p1a: Calyrex|[from]move: Sleep Talk
|-damage|p1a: Calyrex|0 fnt
|faint|p1a: Calyrex
|
|-heal|p2a: Kyogre|72/100 slp|[from] item: Leftovers
|upkeep
|c|☆pinkdragontamer|gg
|-message|pinkdragontamer forfeited.
|
|win|King Billu
|c|☆King Billu|gg
|l|☆pinkdragontamer
|l|+baconeatinassassin
