|j|☆ray712
|j|☆GS Cross
|player|p1|ray712|ethan|1521
|player|p2|GS Cross|cynthia-gen4|1444
|teamsize|p1|6
|teamsize|p2|6
|gametype|singles
|gen|8
|tier|[Gen 8] Ubers
|rated|
|clearpoke
|poke|p1|Zacian-*|
|poke|p1|Ferrothorn, M|
|poke|p1|Tyranitar, M|
|poke|p1|Dugtrio, F|
|poke|p1|Corviknight, M|
|poke|p1|Eternatus|
|poke|p2|Arcanine, M|
|poke|p2|Gyarados, M|
|poke|p2|Zacian-*|
|poke|p2|Tyranitar, F|
|poke|p2|Eternatus|
|poke|p2|Corviknight, F|
|rule|Sleep Clause Mod: Limit one foe put to sleep
|rule|Species Clause: Limit one of each Pokémon
|rule|OHKO Clause: OHKO moves are banned
|rule|Evasion Moves Clause: Evasion moves are banned
|rule|Endless Battle Clause: Forcing endless battles is banned
|rule|HP Percentage Mod: HP is shown in percentages
|teampreview
|
|start
|switch|p1a: Tyranitar|Tyranitar, M|100/100
|switch|p2a: Corviknight|Corviknight, F|100/100
|-ability|p2a: Corviknight|Pressure
|-weather|Sandstorm|[from] ability: Sand Stream|[of] p1a: Tyranitar
|turn|1
|
|switch|p1a: Ferrothorn|Ferrothorn, M|100/100
|move|p2a: Corviknight|Body Press|p1a: Ferrothorn
|-supereffective|p1a: Ferrothorn
|-damage|p1a: Ferrothorn|72/100
|-damage|p2a: Corviknight|88/100|[from] ability: Iron Barbs|[of] p1a: Ferrothorn
|
|-weather|Sandstorm|[upkeep]
|-heal|p2a: Corviknight|94/100|[from] item: Leftovers
|-heal|p1a: Ferrothorn|78/100|[from] item: Leftovers
|upkeep
|turn|2
|j| parlimantum
|
|move|p2a: Corviknight|Iron Defense|p2a: Corviknight
|-boost|p2a: Corviknight|def|2
|move|p1a: Ferrothorn|Leech Seed|p2a: Corviknight
|-start|p2a: Corviknight|move: Leech Seed
|
|-weather|Sandstorm|[upkeep]
|-heal|p2a: Corviknight|100/100|[from] item: Leftovers
|-heal|p1a: Ferrothorn|84/100|[from] item: Leftovers
|-damage|p2a: Corviknight|88/100|[from] Leech Seed|[of] p1a: Ferrothorn
|-heal|p1a: Ferrothorn|98/100|[silent]
|upkeep
|turn|3
|
|move|p2a: Corviknight|Body Press|p1a: Ferrothorn
|-supereffective|p1a: Ferrothorn
|-damage|p1a: Ferrothorn|40/100
|-damage|p2a: Corviknight|75/100|[from] ability: Iron Barbs|[of] p1a: Ferrothorn
|move|p1a: Ferrothorn|Knock Off|p2a: Corviknight
|-damage|p2a: Corviknight|69/100
|-enditem|p2a: Corviknight|Leftovers|[from] move: Knock Off|[of] p1a: Ferrothorn
|
|-weather|Sandstorm|[upkeep]
|-heal|p1a: Ferrothorn|47/100|[from] item: Leftovers
|-damage|p2a: Corviknight|57/100|[from] Leech Seed|[of] p1a: Ferrothorn
|-heal|p1a: Ferrothorn|61/100|[silent]
|upkeep
|turn|4
|
|switch|p1a: Eternatus|Eternatus|100/100
|-ability|p1a: Eternatus|Pressure
|move|p2a: Corviknight|Iron Defense|p2a: Corviknight
|-boost|p2a: Corviknight|def|2
|
|-weather|Sandstorm|[upkeep]
|-damage|p1a: Eternatus|94/100|[from] Sandstorm
|-damage|p2a: Corviknight|44/100|[from] Leech Seed|[of] p1a: Eternatus
|-heal|p1a: Eternatus|100/100|[silent]
|upkeep
|turn|5
|
|switch|p2a: Tyranitar|Tyranitar, F|100/100
|move|p1a: Eternatus|Dragon Pulse|p2a: Tyranitar
|-damage|p2a: Tyranitar|78/100
|
|-weather|none
|-heal|p2a: Tyranitar|84/100|[from] item: Leftovers
|upkeep
|turn|6
|
|switch|p2a: Corviknight|Corviknight, F|44/100
|-ability|p2a: Corviknight|Pressure
|move|p1a: Eternatus|Dragon Pulse|p2a: Corviknight
|-resisted|p2a: Corviknight
|-damage|p2a: Corviknight|15/100
|
|upkeep
|turn|7
|
|switch|p2a: Zacian|Zacian-Crowned|100/100
|-ability|p2a: Zacian|Intrepid Sword|boost
|-boost|p2a: Zacian|atk|1
|move|p1a: Eternatus|Dragon Pulse|p2a: Zacian
|-immune|p2a: Zacian
|
|upkeep
|turn|8
|
|switch|p1a: Corviknight|Corviknight, M|100/100
|-ability|p1a: Corviknight|Pressure
|move|p2a: Zacian|Behemoth Blade|p1a: Corviknight
|-resisted|p1a: Corviknight
|-damage|p1a: Corviknight|70/100
|-damage|p2a: Zacian|84/100|[from] item: Rocky Helmet|[of] p1a: Corviknight
|
|upkeep
|turn|9
|
|switch|p2a: Arcanine|Arcanine, M|100/100
|-ability|p2a: Arcanine|Intimidate|boost
|-unboost|p1a: Corviknight|atk|1
|move|p1a: Corviknight|Roost|p1a: Corviknight
|-heal|p1a: Corviknight|100/100
|-singleturn|p1a: Corviknight|move: Roost
|
|upkeep
|turn|10
|
|switch|p1a: Eternatus|Eternatus|100/100
|-ability|p1a: Eternatus|Pressure
|move|p2a: Arcanine|Will-O-Wisp|p1a: Eternatus
|-status|p1a: Eternatus|brn
|
|-damage|p1a: Eternatus|94/100 brn|[from] brn
|upkeep
|turn|11
|
|switch|p2a: Tyranitar|Tyranitar, F|84/100
|-weather|Sandstorm|[from] ability: Sand Stream|[of] p2a: Tyranitar
|move|p1a: Eternatus|Dragon Pulse|p2a: Tyranitar
|-damage|p2a: Tyranitar|62/100
|
|-weather|Sandstorm|[upkeep]
|-damage|p1a: Eternatus|88/100 brn|[from] Sandstorm
|-heal|p2a: Tyranitar|69/100|[from] item: Leftovers
|-damage|p1a: Eternatus|82/100 brn|[from] brn
|upkeep
|turn|12
|
|move|p1a: Eternatus|Cosmic Power|p1a: Eternatus
|-boost|p1a: Eternatus|def|1
|-boost|p1a: Eternatus|spd|1
|move|p2a: Tyranitar|Stealth Rock|p1a: Eternatus
|-sidestart|p1: ray712|move: Stealth Rock
|
|-weather|Sandstorm|[upkeep]
|-damage|p1a: Eternatus|76/100 brn|[from] Sandstorm
|-heal|p2a: Tyranitar|75/100|[from] item: Leftovers
|-damage|p1a: Eternatus|70/100 brn|[from] brn
|upkeep
|turn|13
|
|move|p1a: Eternatus|Cosmic Power|p1a: Eternatus
|-boost|p1a: Eternatus|def|1
|-boost|p1a: Eternatus|spd|1
|move|p2a: Tyranitar|Snarl|p1a: Eternatus
|-damage|p1a: Eternatus|64/100 brn
|-unboost|p1a: Eternatus|spa|1
|
|-weather|Sandstorm|[upkeep]
|-damage|p1a: Eternatus|58/100 brn|[from] Sandstorm
|-heal|p2a: Tyranitar|81/100|[from] item: Leftovers
|-damage|p1a: Eternatus|52/100 brn|[from] brn
|upkeep
|turn|14
|
|move|p1a: Eternatus|Recover|p1a: Eternatus
|-heal|p1a: Eternatus|100/100 brn
|move|p2a: Tyranitar|Snarl|p1a: Eternatus
|-damage|p1a: Eternatus|95/100 brn
|-unboost|p1a: Eternatus|spa|1
|
|-weather|Sandstorm|[upkeep]
|-damage|p1a: Eternatus|89/100 brn|[from] Sandstorm
|-heal|p2a: Tyranitar|87/100|[from] item: Leftovers
|-damage|p1a: Eternatus|83/100 brn|[from] brn
|upkeep
|turn|15
|
|switch|p2a: Corviknight|Corviknight, F|15/100
|-ability|p2a: Corviknight|Pressure
|move|p1a: Eternatus|Cosmic Power|p1a: Eternatus
|-boost|p1a: Eternatus|def|1
|-boost|p1a: Eternatus|spd|1
|
|-weather|none
|-damage|p1a: Eternatus|77/100 brn|[from] brn
|upkeep
|turn|16
|
|switch|p2a: Tyranitar|Tyranitar, F|87/100
|-weather|Sandstorm|[from] ability: Sand Stream|[of] p2a: Tyranitar
|move|p1a: Eternatus|Flamethrower|p2a: Tyranitar
|-resisted|p2a: Tyranitar
|-damage|p2a: Tyranitar|83/100
|
|-weather|Sandstorm|[upkeep]
|-damage|p1a: Eternatus|70/100 brn|[from] Sandstorm
|-heal|p2a: Tyranitar|89/100|[from] item: Leftovers
|-damage|p1a: Eternatus|64/100 brn|[from] brn
|upkeep
|turn|17
|
|move|p1a: Eternatus|Flamethrower|p2a: Tyranitar
|-resisted|p2a: Tyranitar
|-damage|p2a: Tyranitar|85/100
|move|p2a: Tyranitar|Snarl|p1a: Eternatus
|-damage|p1a: Eternatus|59/100 brn
|-unboost|p1a: Eternatus|spa|1
|
|-weather|Sandstorm|[upkeep]
|-damage|p1a: Eternatus|53/100 brn|[from] Sandstorm
|-heal|p2a: Tyranitar|91/100|[from] item: Leftovers
|-damage|p1a: Eternatus|47/100 brn|[from] brn
|upkeep
|turn|18
|
|move|p1a: Eternatus|Recover|p1a: Eternatus
|-heal|p1a: Eternatus|97/100 brn
|move|p2a: Tyranitar|Snarl|p1a: Eternatus
|-damage|p1a: Eternatus|92/100 brn
|-unboost|p1a: Eternatus|spa|1
|
|-weather|Sandstorm|[upkeep]
|-damage|p1a: Eternatus|86/100 brn|[from] Sandstorm
|-heal|p2a: Tyranitar|97/100|[from] item: Leftovers
|-damage|p1a: Eternatus|80/100 brn|[from] brn
|upkeep
|turn|19
|
|switch|p1a: Corviknight|Corviknight, M|100/100
|-damage|p1a: Corviknight|88/100|[from] Stealth Rock
|-ability|p1a: Corviknight|Pressure
|move|p2a: Tyranitar|Snarl|p1a: Corviknight
|-damage|p1a: Corviknight|72/100
|-unboost|p1a: Corviknight|spa|1
|
|-weather|Sandstorm|[upkeep]
|-heal|p2a: Tyranitar|100/100|[from] item: Leftovers
|upkeep
|turn|20
|
|switch|p2a: Corviknight|Corviknight, F|15/100
|-ability|p2a: Corviknight|Pressure
|move|p1a: Corviknight|Defog|p2a: Corviknight
|-unboost|p2a: Corviknight|evasion|1
|-sideend|p1: ray712|Stealth Rock|[from] move: Defog|[of] p1a: Corviknight
|
|-weather|none
|upkeep
|turn|21
|
|move|p2a: Corviknight|Roost|p2a: Corviknight
|-heal|p2a: Corviknight|64/100
|-singleturn|p2a: Corviknight|move: Roost
|move|p1a: Corviknight|Body Press|p2a: Corviknight
|-supereffective|p2a: Corviknight
|-damage|p2a: Corviknight|33/100
|
|upkeep
|turn|22
|
|switch|p1a: Ferrothorn|Ferrothorn, M|61/100
|move|p2a: Corviknight|Roost|p2a: Corviknight
|-heal|p2a: Corviknight|83/100
|-singleturn|p2a: Corviknight|move: Roost
|
|-heal|p1a: Ferrothorn|67/100|[from] item: Leftovers
|upkeep
|turn|23
|
|switch|p2a: Arcanine|Arcanine, M|100/100
|-ability|p2a: Arcanine|Intimidate|boost
|-unboost|p1a: Ferrothorn|atk|1
|move|p1a: Ferrothorn|Leech Seed|p2a: Arcanine
|-start|p2a: Arcanine|move: Leech Seed
|
|-heal|p1a: Ferrothorn|73/100|[from] item: Leftovers
|-damage|p2a: Arcanine|88/100|[from] Leech Seed|[of] p1a: Ferrothorn
|-heal|p1a: Ferrothorn|87/100|[silent]
|upkeep
|turn|24
|
|switch|p1a: Eternatus|Eternatus|80/100 brn
|-ability|p1a: Eternatus|Pressure
|move|p2a: Arcanine|Will-O-Wisp|p1a: Eternatus|[miss]
|-miss|p2a: Arcanine|p1a: Eternatus
|
|-heal|p2a: Arcanine|94/100|[from] item: Leftovers
|-damage|p2a: Arcanine|82/100|[from] Leech Seed|[of] p1a: Eternatus
|-heal|p1a: Eternatus|90/100 brn|[silent]
|-damage|p1a: Eternatus|84/100 brn|[from] brn
|upkeep
|turn|25
|
|switch|p2a: Tyranitar|Tyranitar, F|100/100
|-weather|Sandstorm|[from] ability: Sand Stream|[of] p2a: Tyranitar
|move|p1a: Eternatus|Flamethrower|p2a: Tyranitar
|-resisted|p2a: Tyranitar
|-damage|p2a: Tyranitar|93/100
|
|-weather|Sandstorm|[upkeep]
|-damage|p1a: Eternatus|78/100 brn|[from] Sandstorm
|-heal|p2a: Tyranitar|99/100|[from] item: Leftovers
|-damage|p1a: Eternatus|72/100 brn|[from] brn
|upkeep
|turn|26
|
|switch|p1a: Ferrothorn|Ferrothorn, M|87/100
|move|p2a: Tyranitar|Stealth Rock|p1a: Ferrothorn
|-sidestart|p1: ray712|move: Stealth Rock
|
|-weather|Sandstorm|[upkeep]
|-heal|p2a: Tyranitar|100/100|[from] item: Leftovers
|-heal|p1a: Ferrothorn|93/100|[from] item: Leftovers
|upkeep
|turn|27
|
|move|p2a: Tyranitar|Thunder Wave|p1a: Ferrothorn
|-status|p1a: Ferrothorn|par
|move|p1a: Ferrothorn|Spikes|p2a: Tyranitar
|-sidestart|p2: GS Cross|Spikes
|
|-weather|Sandstorm|[upkeep]
|-heal|p1a: Ferrothorn|99/100 par|[from] item: Leftovers
|upkeep
|turn|28
|
|switch|p2a: Arcanine|Arcanine, M|82/100
|-damage|p2a: Arcanine|70/100|[from] Spikes
|-ability|p2a: Arcanine|Intimidate|boost
|-unboost|p1a: Ferrothorn|atk|1
|move|p1a: Ferrothorn|Spikes|p2a: Arcanine
|-sidestart|p2: GS Cross|Spikes
|
|-weather|Sandstorm|[upkeep]
|-damage|p2a: Arcanine|64/100|[from] Sandstorm
|-heal|p2a: Arcanine|70/100|[from] item: Leftovers
|-heal|p1a: Ferrothorn|100/100 par|[from] item: Leftovers
|upkeep
|turn|29
|
|switch|p1a: Tyranitar|Tyranitar, M|100/100
|-damage|p1a: Tyranitar|88/100|[from] Stealth Rock
|move|p2a: Arcanine|Flamethrower|p1a: Tyranitar
|-resisted|p1a: Tyranitar
|-damage|p1a: Tyranitar|82/100
|
|-weather|none
|-heal|p2a: Arcanine|76/100|[from] item: Leftovers
|upkeep
|turn|30
|
|move|p2a: Arcanine|Will-O-Wisp|p1a: Tyranitar|[miss]
|-miss|p2a: Arcanine|p1a: Tyranitar
|move|p1a: Tyranitar|Stealth Rock|p2a: Arcanine
|-sidestart|p2: GS Cross|move: Stealth Rock
|
|-heal|p2a: Arcanine|82/100|[from] item: Leftovers
|upkeep
|turn|31
|
|switch|p1a: Eternatus|Eternatus|72/100 brn
|-damage|p1a: Eternatus|60/100 brn|[from] Stealth Rock
|-ability|p1a: Eternatus|Pressure
|move|p2a: Arcanine|Will-O-Wisp|p1a: Eternatus|[miss]
|-miss|p2a: Arcanine|p1a: Eternatus
|
|-heal|p2a: Arcanine|88/100|[from] item: Leftovers
|-damage|p1a: Eternatus|54/100 brn|[from] brn
|upkeep
|turn|32
|
|switch|p2a: Tyranitar|Tyranitar, F|100/100
|-damage|p2a: Tyranitar|88/100|[from] Stealth Rock
|-damage|p2a: Tyranitar|72/100|[from] Spikes
|-weather|Sandstorm|[from] ability: Sand Stream|[of] p2a: Tyranitar
|move|p1a: Eternatus|Recover|p1a: Eternatus
|-heal|p1a: Eternatus|100/100 brn
|
|-weather|Sandstorm|[upkeep]
|-damage|p1a: Eternatus|94/100 brn|[from] Sandstorm
|-heal|p2a: Tyranitar|78/100|[from] item: Leftovers
|-damage|p1a: Eternatus|88/100 brn|[from] brn
|upkeep
|turn|33
|
|move|p1a: Eternatus|Cosmic Power|p1a: Eternatus
|-boost|p1a: Eternatus|def|1
|-boost|p1a: Eternatus|spd|1
|move|p2a: Tyranitar|Snarl|p1a: Eternatus
|-damage|p1a: Eternatus|80/100 brn
|-unboost|p1a: Eternatus|spa|1
|
|-weather|Sandstorm|[upkeep]
|-damage|p1a: Eternatus|74/100 brn|[from] Sandstorm
|-heal|p2a: Tyranitar|84/100|[from] item: Leftovers
|-damage|p1a: Eternatus|68/100 brn|[from] brn
|upkeep
|turn|34
|
|move|p1a: Eternatus|Cosmic Power|p1a: Eternatus
|-boost|p1a: Eternatus|def|1
|-boost|p1a: Eternatus|spd|1
|move|p2a: Tyranitar|Earthquake|p1a: Eternatus
|-supereffective|p1a: Eternatus
|-damage|p1a: Eternatus|44/100 brn
|
|-weather|Sandstorm|[upkeep]
|-damage|p1a: Eternatus|38/100 brn|[from] Sandstorm
|-heal|p2a: Tyranitar|90/100|[from] item: Leftovers
|-damage|p1a: Eternatus|32/100 brn|[from] brn
|upkeep
|turn|35
|
|move|p1a: Eternatus|Recover|p1a: Eternatus
|-heal|p1a: Eternatus|82/100 brn
|move|p2a: Tyranitar|Earthquake|p1a: Eternatus
|-supereffective|p1a: Eternatus
|-damage|p1a: Eternatus|58/100 brn
|
|-weather|Sandstorm|[upkeep]
|-damage|p1a: Eternatus|52/100 brn|[from] Sandstorm
|-heal|p2a: Tyranitar|96/100|[from] item: Leftovers
|-damage|p1a: Eternatus|46/100 brn|[from] brn
|upkeep
|turn|36
|
|move|p1a: Eternatus|Recover|p1a: Eternatus
|-heal|p1a: Eternatus|96/100 brn
|move|p2a: Tyranitar|Snarl|p1a: Eternatus
|-damage|p1a: Eternatus|89/100 brn
|-unboost|p1a: Eternatus|spa|1
|
|-weather|none
|-heal|p2a: Tyranitar|100/100|[from] item: Leftovers
|-damage|p1a: Eternatus|83/100 brn|[from] brn
|upkeep
|turn|37
|
|switch|p1a: Corviknight|Corviknight, M|72/100
|-damage|p1a: Corviknight|60/100|[from] Stealth Rock
|-ability|p1a: Corviknight|Pressure
|switch|p2a: Gyarados|Gyarados, M|100/100
|-ability|p2a: Gyarados|Intimidate|boost
|-unboost|p1a: Corviknight|atk|1
|
|upkeep
|turn|38
|
|move|p2a: Gyarados|Dragon Dance|p2a: Gyarados
|-boost|p2a: Gyarados|atk|1
|-boost|p2a: Gyarados|spe|1
|move|p1a: Corviknight|Iron Defense|p1a: Corviknight
|-boost|p1a: Corviknight|def|2
|
|upkeep
|turn|39
|
|move|p2a: Gyarados|Dragon Dance|p2a: Gyarados
|-boost|p2a: Gyarados|atk|1
|-boost|p2a: Gyarados|spe|1
|move|p1a: Corviknight|Iron Defense|p1a: Corviknight
|-boost|p1a: Corviknight|def|2
|
|upkeep
|turn|40
|
|move|p2a: Gyarados|Dragon Dance|p2a: Gyarados
|-boost|p2a: Gyarados|atk|1
|-boost|p2a: Gyarados|spe|1
|move|p1a: Corviknight|Roost|p1a: Corviknight
|-heal|p1a: Corviknight|100/100
|-singleturn|p1a: Corviknight|move: Roost
|
|upkeep
|turn|41
|
|move|p2a: Gyarados|Dragon Dance|p2a: Gyarados
|-boost|p2a: Gyarados|atk|1
|-boost|p2a: Gyarados|spe|1
|move|p1a: Corviknight|Iron Defense|p1a: Corviknight
|-boost|p1a: Corviknight|def|2
|
|upkeep
|turn|42
|
|move|p2a: Gyarados|Dragon Dance|p2a: Gyarados
|-boost|p2a: Gyarados|atk|1
|-boost|p2a: Gyarados|spe|1
|move|p1a: Corviknight|Body Press|p2a: Gyarados
|-resisted|p2a: Gyarados
|-damage|p2a: Gyarados|37/100
|
|upkeep
|turn|43
|
|-start|p2a: Gyarados|Dynamax
|-heal|p2a: Gyarados|37/100|[silent]
|move|p2a: Gyarados|Max Geyser|p1a: Corviknight
|-damage|p1a: Corviknight|64/100
|-weather|RainDance
|move|p1a: Corviknight|Body Press|p2a: Gyarados
|-resisted|p2a: Gyarados
|-damage|p2a: Gyarados|4/100
|
|-weather|RainDance|[upkeep]
|upkeep
|turn|44
|
|-start|p1a: Corviknight|Dynamax
|-heal|p1a: Corviknight|64/100|[silent]
|move|p2a: Gyarados|Max Geyser|p1a: Corviknight
|-damage|p1a: Corviknight|40/100
|move|p1a: Corviknight|Max Knuckle|p2a: Gyarados
|-resisted|p2a: Gyarados
|-damage|p2a: Gyarados|0 fnt
|-boost|p1a: Corviknight|atk|1
|faint|p2a: Gyarados
|
|-weather|RainDance|[upkeep]
|upkeep
|
|switch|p2a: Corviknight|Corviknight, F|83/100
|-damage|p2a: Corviknight|71/100|[from] Stealth Rock
|-ability|p2a: Corviknight|Pressure
|turn|45
|
|move|p2a: Corviknight|Defog|p1a: Corviknight
|-unboost|p1a: Corviknight|evasion|1
|-sideend|p1: ray712|Stealth Rock|[from] move: Defog|[of] p2a: Corviknight
|-sideend|p2: GS Cross|Spikes|[from] move: Defog|[of] p2a: Corviknight
|-sideend|p2: GS Cross|Stealth Rock|[from] move: Defog|[of] p2a: Corviknight
|move|p1a: Corviknight|Max Knuckle|p2a: Corviknight
|-damage|p2a: Corviknight|60/100
|-boost|p1a: Corviknight|atk|1
|
|-weather|RainDance|[upkeep]
|upkeep
|turn|46
|
|switch|p2a: Arcanine|Arcanine, M|88/100
|-ability|p2a: Arcanine|Intimidate|boost
|-unboost|p1a: Corviknight|atk|1
|move|p1a: Corviknight|Max Knuckle|p2a: Arcanine
|-damage|p2a: Arcanine|75/100
|-boost|p1a: Corviknight|atk|1
|
|-weather|RainDance|[upkeep]
|-heal|p2a: Arcanine|81/100|[from] item: Leftovers
|-end|p1a: Corviknight|Dynamax
|-heal|p1a: Corviknight|40/100|[silent]
|upkeep
|turn|47
|
|switch|p1a: Tyranitar|Tyranitar, M|82/100
|-weather|Sandstorm|[from] ability: Sand Stream|[of] p1a: Tyranitar
|move|p2a: Arcanine|Will-O-Wisp|p1a: Tyranitar
|-status|p1a: Tyranitar|brn
|
|-weather|Sandstorm|[upkeep]
|-damage|p2a: Arcanine|75/100|[from] Sandstorm
|-heal|p2a: Arcanine|81/100|[from] item: Leftovers
|-damage|p1a: Tyranitar|76/100 brn|[from] brn
|upkeep
|turn|48
|
|switch|p2a: Tyranitar|Tyranitar, F|100/100
|move|p1a: Tyranitar|Stealth Rock|p2a: Tyranitar
|-sidestart|p2: GS Cross|move: Stealth Rock
|
|-weather|Sandstorm|[upkeep]
|-damage|p1a: Tyranitar|70/100 brn|[from] brn
|upkeep
|turn|49
|
|switch|p1a: Corviknight|Corviknight, M|40/100
|-ability|p1a: Corviknight|Pressure
|move|p2a: Tyranitar|Stealth Rock|p1a: Corviknight
|-sidestart|p1: ray712|move: Stealth Rock
|
|-weather|Sandstorm|[upkeep]
|upkeep
|turn|50
|
|move|p2a: Tyranitar|Thunder Wave|p1a: Corviknight
|-status|p1a: Corviknight|par
|cant|p1a: Corviknight|par
|
|-weather|Sandstorm|[upkeep]
|upkeep
|turn|51
|j| LasagnaSucker
|
|switch|p2a: Eternatus|Eternatus|100/100
|-damage|p2a: Eternatus|88/100|[from] Stealth Rock
|-ability|p2a: Eternatus|Pressure
|move|p1a: Corviknight|Roost|p1a: Corviknight
|-heal|p1a: Corviknight|90/100 par
|-singleturn|p1a: Corviknight|move: Roost
|
|-weather|none
|upkeep
|turn|52
|
|switch|p1a: Tyranitar|Tyranitar, M|70/100 brn
|-damage|p1a: Tyranitar|57/100 brn|[from] Stealth Rock
|-weather|Sandstorm|[from] ability: Sand Stream|[of] p1a: Tyranitar
|move|p2a: Eternatus|Dynamax Cannon|p1a: Tyranitar
|-damage|p1a: Tyranitar|29/100 brn
|-damage|p2a: Eternatus|78/100|[from] item: Life Orb
|
|-weather|Sandstorm|[upkeep]
|-damage|p2a: Eternatus|72/100|[from] Sandstorm
|-damage|p1a: Tyranitar|23/100 brn|[from] brn
|upkeep
|turn|53
|
|move|p2a: Eternatus|Dynamax Cannon|p1a: Tyranitar
|-damage|p1a: Tyranitar|0 fnt
|-damage|p2a: Eternatus|62/100|[from] item: Life Orb
|faint|p1a: Tyranitar
|
|-weather|Sandstorm|[upkeep]
|-damage|p2a: Eternatus|56/100|[from] Sandstorm
|upkeep
|
|switch|p1a: Dugtrio|Dugtrio, F|100/100
|-damage|p1a: Dugtrio|94/100|[from] Stealth Rock
|turn|54
|
|move|p1a: Dugtrio|Earthquake|p2a: Eternatus
|-supereffective|p2a: Eternatus
|-damage|p2a: Eternatus|0 fnt
|faint|p2a: Eternatus
|
|-weather|Sandstorm|[upkeep]
|upkeep
|
|switch|p2a: Corviknight|Corviknight, F|60/100
|-damage|p2a: Corviknight|47/100|[from] Stealth Rock
|-ability|p2a: Corviknight|Pressure
|turn|55
|
|switch|p1a: Eternatus|Eternatus|83/100 brn
|-damage|p1a: Eternatus|71/100 brn|[from] Stealth Rock
|-ability|p1a: Eternatus|Pressure
|move|p2a: Corviknight|Defog|p1a: Eternatus
|-unboost|p1a: Eternatus|evasion|1
|-sideend|p1: ray712|Stealth Rock|[from] move: Defog|[of] p2a: Corviknight
|-sideend|p2: GS Cross|Stealth Rock|[from] move: Defog|[of] p2a: Corviknight
|
|-weather|Sandstorm|[upkeep]
|-damage|p1a: Eternatus|65/100 brn|[from] Sandstorm
|-damage|p1a: Eternatus|59/100 brn|[from] brn
|upkeep
|turn|56
|
|switch|p2a: Tyranitar|Tyranitar, F|100/100
|move|p1a: Eternatus|Flamethrower|p2a: Tyranitar
|-resisted|p2a: Tyranitar
|-damage|p2a: Tyranitar|93/100
|
|-weather|none
|-heal|p2a: Tyranitar|99/100|[from] item: Leftovers
|-damage|p1a: Eternatus|53/100 brn|[from] brn
|upkeep
|turn|57
|
|switch|p1a: Corviknight|Corviknight, M|90/100 par
|-ability|p1a: Corviknight|Pressure
|move|p2a: Tyranitar|Stealth Rock|p1a: Corviknight
|-sidestart|p1: ray712|move: Stealth Rock
|
|-heal|p2a: Tyranitar|100/100|[from] item: Leftovers
|upkeep
|turn|58
|
|switch|p2a: Arcanine|Arcanine, M|81/100
|-ability|p2a: Arcanine|Intimidate|boost
|-unboost|p1a: Corviknight|atk|1
|move|p1a: Corviknight|Defog|p2a: Arcanine
|-unboost|p2a: Arcanine|evasion|1
|-sideend|p1: ray712|Stealth Rock|[from] move: Defog|[of] p1a: Corviknight
|
|-heal|p2a: Arcanine|87/100|[from] item: Leftovers
|upkeep
|turn|59
|
|switch|p2a: Tyranitar|Tyranitar, F|100/100
|-weather|Sandstorm|[from] ability: Sand Stream|[of] p2a: Tyranitar
|switch|p1a: Eternatus|Eternatus|53/100 brn
|-ability|p1a: Eternatus|Pressure
|
|-weather|Sandstorm|[upkeep]
|-damage|p1a: Eternatus|47/100 brn|[from] Sandstorm
|-damage|p1a: Eternatus|41/100 brn|[from] brn
|upkeep
|turn|60
|
|switch|p1a: Ferrothorn|Ferrothorn, M|100/100 par
|move|p2a: Tyranitar|Stealth Rock|p1a: Ferrothorn
|-sidestart|p1: ray712|move: Stealth Rock
|
|-weather|Sandstorm|[upkeep]
|upkeep
|turn|61
|
|switch|p2a: Arcanine|Arcanine, M|87/100
|-ability|p2a: Arcanine|Intimidate|boost
|-unboost|p1a: Ferrothorn|atk|1
|cant|p1a: Ferrothorn|par
|
|-weather|Sandstorm|[upkeep]
|-damage|p2a: Arcanine|81/100|[from] Sandstorm
|-heal|p2a: Arcanine|87/100|[from] item: Leftovers
|upkeep
|turn|62
|
|switch|p1a: Eternatus|Eternatus|41/100 brn
|-damage|p1a: Eternatus|28/100 brn|[from] Stealth Rock
|-ability|p1a: Eternatus|Pressure
|move|p2a: Arcanine|Flamethrower|p1a: Eternatus
|-resisted|p1a: Eternatus
|-damage|p1a: Eternatus|16/100 brn
|
|-weather|Sandstorm|[upkeep]
|-damage|p1a: Eternatus|10/100 brn|[from] Sandstorm
|-damage|p2a: Arcanine|81/100|[from] Sandstorm
|-heal|p2a: Arcanine|87/100|[from] item: Leftovers
|-damage|p1a: Eternatus|4/100 brn|[from] brn
|upkeep
|turn|63
|
|switch|p2a: Zacian|Zacian-Crowned|84/100
|-ability|p2a: Zacian|Intrepid Sword|boost
|-boost|p2a: Zacian|atk|1
|move|p1a: Eternatus|Recover|p1a: Eternatus
|-heal|p1a: Eternatus|54/100 brn
|
|-weather|none
|-damage|p1a: Eternatus|48/100 brn|[from] brn
|upkeep
|turn|64
|
|switch|p1a: Corviknight|Corviknight, M|90/100 par
|-damage|p1a: Corviknight|78/100 par|[from] Stealth Rock
|-ability|p1a: Corviknight|Pressure
|move|p2a: Zacian|Swords Dance|p2a: Zacian
|-boost|p2a: Zacian|atk|2
|
|upkeep
|turn|65
|
|move|p2a: Zacian|Close Combat|p1a: Corviknight
|-damage|p1a: Corviknight|0 fnt
|-damage|p2a: Zacian|67/100|[from] item: Rocky Helmet|[of] p1a: Corviknight
|-unboost|p2a: Zacian|def|1
|-unboost|p2a: Zacian|spd|1
|faint|p1a: Corviknight
|
|upkeep
|
|switch|p1a: Dugtrio|Dugtrio, F|94/100
|-damage|p1a: Dugtrio|88/100|[from] Stealth Rock
|turn|66
|
|move|p1a: Dugtrio|Earthquake|p2a: Zacian
|-supereffective|p2a: Zacian
|-damage|p2a: Zacian|0 fnt
|faint|p2a: Zacian
|
|upkeep
|
|switch|p2a: Corviknight|Corviknight, F|47/100
|-ability|p2a: Corviknight|Pressure
|turn|67
|
|switch|p1a: Ferrothorn|Ferrothorn, M|100/100 par
|-damage|p1a: Ferrothorn|94/100 par|[from] Stealth Rock
|move|p2a: Corviknight|Roost|p2a: Corviknight
|-heal|p2a: Corviknight|97/100
|-singleturn|p2a: Corviknight|move: Roost
|
|-heal|p1a: Ferrothorn|100/100 par|[from] item: Leftovers
|upkeep
|turn|68
|
|move|p2a: Corviknight|Iron Defense|p2a: Corviknight
|-boost|p2a: Corviknight|def|2
|move|p1a: Ferrothorn|Leech Seed|p2a: Corviknight
|-start|p2a: Corviknight|move: Leech Seed
|
|-damage|p2a: Corviknight|85/100|[from] Leech Seed|[of] p1a: Ferrothorn
|upkeep
|turn|69
|
|switch|p1a: Eternatus|Eternatus|48/100 brn
|-damage|p1a: Eternatus|35/100 brn|[from] Stealth Rock
|-ability|p1a: Eternatus|Pressure
|move|p2a: Corviknight|Iron Defense|p2a: Corviknight
|-boost|p2a: Corviknight|def|2
|
|-damage|p2a: Corviknight|72/100|[from] Leech Seed|[of] p1a: Eternatus
|-heal|p1a: Eternatus|46/100 brn|[silent]
|-damage|p1a: Eternatus|40/100 brn|[from] brn
|upkeep
|turn|70
|
|switch|p2a: Tyranitar|Tyranitar, F|100/100
|-weather|Sandstorm|[from] ability: Sand Stream|[of] p2a: Tyranitar
|move|p1a: Eternatus|Recover|p1a: Eternatus
|-heal|p1a: Eternatus|90/100 brn
|
|-weather|Sandstorm|[upkeep]
|-damage|p1a: Eternatus|84/100 brn|[from] Sandstorm
|-damage|p1a: Eternatus|78/100 brn|[from] brn
|upkeep
|turn|71
|
|switch|p1a: Ferrothorn|Ferrothorn, M|100/100 par
|-damage|p1a: Ferrothorn|94/100 par|[from] Stealth Rock
|move|p2a: Tyranitar|Earthquake|p1a: Ferrothorn
|-damage|p1a: Ferrothorn|78/100 par
|
|-weather|Sandstorm|[upkeep]
|-heal|p1a: Ferrothorn|85/100 par|[from] item: Leftovers
|upkeep
|turn|72
|
|switch|p2a: Arcanine|Arcanine, M|87/100
|-ability|p2a: Arcanine|Intimidate|boost
|-unboost|p1a: Ferrothorn|atk|1
|move|p1a: Ferrothorn|Spikes|p2a: Arcanine
|-sidestart|p2: GS Cross|Spikes
|
|-weather|Sandstorm|[upkeep]
|-damage|p2a: Arcanine|81/100|[from] Sandstorm
|-heal|p2a: Arcanine|87/100|[from] item: Leftovers
|-heal|p1a: Ferrothorn|91/100 par|[from] item: Leftovers
|upkeep
|turn|73
|
|switch|p1a: Eternatus|Eternatus|78/100 brn
|-damage|p1a: Eternatus|66/100 brn|[from] Stealth Rock
|-ability|p1a: Eternatus|Pressure
|move|p2a: Arcanine|Snarl|p1a: Eternatus
|-crit|p1a: Eternatus
|-damage|p1a: Eternatus|50/100 brn
|-unboost|p1a: Eternatus|spa|1
|
|-weather|Sandstorm|[upkeep]
|-damage|p1a: Eternatus|44/100 brn|[from] Sandstorm
|-damage|p2a: Arcanine|81/100|[from] Sandstorm
|-heal|p2a: Arcanine|87/100|[from] item: Leftovers
|-damage|p1a: Eternatus|38/100 brn|[from] brn
|upkeep
|turn|74
|
|move|p1a: Eternatus|Recover|p1a: Eternatus
|-heal|p1a: Eternatus|88/100 brn
|move|p2a: Arcanine|Snarl|p1a: Eternatus
|-damage|p1a: Eternatus|78/100 brn
|-unboost|p1a: Eternatus|spa|1
|
|-weather|none
|-heal|p2a: Arcanine|93/100|[from] item: Leftovers
|-damage|p1a: Eternatus|72/100 brn|[from] brn
|upkeep
|turn|75
|
|move|p1a: Eternatus|Cosmic Power|p1a: Eternatus
|-boost|p1a: Eternatus|def|1
|-boost|p1a: Eternatus|spd|1
|move|p2a: Arcanine|Flamethrower|p1a: Eternatus
|-resisted|p1a: Eternatus
|-damage|p1a: Eternatus|63/100 brn
|
|-heal|p2a: Arcanine|99/100|[from] item: Leftovers
|-damage|p1a: Eternatus|57/100 brn|[from] brn
|upkeep
|turn|76
|
|move|p1a: Eternatus|Cosmic Power|p1a: Eternatus
|-boost|p1a: Eternatus|def|1
|-boost|p1a: Eternatus|spd|1
|move|p2a: Arcanine|Snarl|p1a: Eternatus
|-damage|p1a: Eternatus|52/100 brn
|-unboost|p1a: Eternatus|spa|1
|
|-heal|p2a: Arcanine|100/100|[from] item: Leftovers
|-damage|p1a: Eternatus|46/100 brn|[from] brn
|upkeep
|turn|77
|
|move|p1a: Eternatus|Cosmic Power|p1a: Eternatus
|-boost|p1a: Eternatus|def|1
|-boost|p1a: Eternatus|spd|1
|move|p2a: Arcanine|Snarl|p1a: Eternatus
|-damage|p1a: Eternatus|42/100 brn
|-unboost|p1a: Eternatus|spa|1
|
|-damage|p1a: Eternatus|36/100 brn|[from] brn
|upkeep
|turn|78
|
|switch|p2a: Corviknight|Corviknight, F|72/100
|-ability|p2a: Corviknight|Pressure
|move|p1a: Eternatus|Recover|p1a: Eternatus
|-heal|p1a: Eternatus|86/100 brn
|
|-damage|p1a: Eternatus|80/100 brn|[from] brn
|upkeep
|turn|79
|
|move|p1a: Eternatus|Cosmic Power|p1a: Eternatus
|-boost|p1a: Eternatus|def|1
|-boost|p1a: Eternatus|spd|1
|move|p2a: Corviknight|Iron Defense|p2a: Corviknight
|-boost|p2a: Corviknight|def|2
|
|-damage|p1a: Eternatus|74/100 brn|[from] brn
|upkeep
|turn|80
|
|move|p1a: Eternatus|Flamethrower|p2a: Corviknight
|-supereffective|p2a: Corviknight
|-damage|p2a: Corviknight|49/100
|move|p2a: Corviknight|Iron Defense|p2a: Corviknight
|-boost|p2a: Corviknight|def|2
|
|-damage|p1a: Eternatus|68/100 brn|[from] brn
|upkeep
|turn|81
|
|move|p1a: Eternatus|Flamethrower|p2a: Corviknight
|-supereffective|p2a: Corviknight
|-damage|p2a: Corviknight|20/100
|-status|p2a: Corviknight|brn
|move|p2a: Corviknight|Roost|p2a: Corviknight
|-heal|p2a: Corviknight|70/100 brn
|-singleturn|p2a: Corviknight|move: Roost
|
|-damage|p1a: Eternatus|62/100 brn|[from] brn
|-damage|p2a: Corviknight|64/100 brn|[from] brn
|upkeep
|turn|82
|
|move|p1a: Eternatus|Flamethrower|p2a: Corviknight
|-supereffective|p2a: Corviknight
|-damage|p2a: Corviknight|30/100 brn
|move|p2a: Corviknight|Roost|p2a: Corviknight
|-heal|p2a: Corviknight|80/100 brn
|-singleturn|p2a: Corviknight|move: Roost
|
|-damage|p1a: Eternatus|56/100 brn|[from] brn
|-damage|p2a: Corviknight|73/100 brn|[from] brn
|upkeep
|turn|83
|
|move|p1a: Eternatus|Cosmic Power|p1a: Eternatus
|-boost|p1a: Eternatus|def|1
|-boost|p1a: Eternatus|spd|1
|move|p2a: Corviknight|Iron Defense|p2a: Corviknight
|-boost|p2a: Corviknight|def|2
|
|-damage|p1a: Eternatus|50/100 brn|[from] brn
|-damage|p2a: Corviknight|67/100 brn|[from] brn
|upkeep
|turn|84
|
|move|p1a: Eternatus|Flamethrower|p2a: Corviknight
|-supereffective|p2a: Corviknight
|-damage|p2a: Corviknight|43/100 brn
|move|p2a: Corviknight|Body Press|p1a: Eternatus
|-resisted|p1a: Eternatus
|-damage|p1a: Eternatus|44/100 brn
|
|-damage|p1a: Eternatus|38/100 brn|[from] brn
|-damage|p2a: Corviknight|37/100 brn|[from] brn
|upkeep
|turn|85
|
|switch|p2a: Tyranitar|Tyranitar, F|100/100
|-damage|p2a: Tyranitar|88/100|[from] Spikes
|-weather|Sandstorm|[from] ability: Sand Stream|[of] p2a: Tyranitar
|move|p1a: Eternatus|Cosmic Power|p1a: Eternatus
|-boost|p1a: Eternatus|def|1
|-boost|p1a: Eternatus|spd|1
|
|-weather|Sandstorm|[upkeep]
|-damage|p1a: Eternatus|32/100 brn|[from] Sandstorm
|-heal|p2a: Tyranitar|94/100|[from] item: Leftovers
|-damage|p1a: Eternatus|26/100 brn|[from] brn
|upkeep
|turn|86
|
|move|p1a: Eternatus|Recover|p1a: Eternatus
|-heal|p1a: Eternatus|76/100 brn
|move|p2a: Tyranitar|Snarl|p1a: Eternatus
|-damage|p1a: Eternatus|72/100 brn
|-unboost|p1a: Eternatus|spa|1
|
|-weather|Sandstorm|[upkeep]
|-damage|p1a: Eternatus|66/100 brn|[from] Sandstorm
|-heal|p2a: Tyranitar|100/100|[from] item: Leftovers
|-damage|p1a: Eternatus|60/100 brn|[from] brn
|upkeep
|turn|87
|
|move|p1a: Eternatus|Cosmic Power|p1a: Eternatus
|-boost|p1a: Eternatus|def|0
|-boost|p1a: Eternatus|spd|0
|move|p2a: Tyranitar|Snarl|p1a: Eternatus
|-damage|p1a: Eternatus|57/100 brn
|-unboost|p1a: Eternatus|spa|1
|
|-weather|Sandstorm|[upkeep]
|-damage|p1a: Eternatus|51/100 brn|[from] Sandstorm
|-damage|p1a: Eternatus|45/100 brn|[from] brn
|upkeep
|turn|88
|
|move|p1a: Eternatus|Recover|p1a: Eternatus
|-heal|p1a: Eternatus|95/100 brn
|move|p2a: Tyranitar|Snarl|p1a: Eternatus
|-damage|p1a: Eternatus|92/100 brn
|
|-weather|Sandstorm|[upkeep]
|-damage|p1a: Eternatus|86/100 brn|[from] Sandstorm
|-damage|p1a: Eternatus|80/100 brn|[from] brn
|upkeep
|turn|89
|
|switch|p1a: Ferrothorn|Ferrothorn, M|91/100 par
|-damage|p1a: Ferrothorn|85/100 par|[from] Stealth Rock
|switch|p2a: Corviknight|Corviknight, F|37/100 brn
|-ability|p2a: Corviknight|Pressure
|
|-weather|none
|-heal|p1a: Ferrothorn|91/100 par|[from] item: Leftovers
|-damage|p2a: Corviknight|31/100 brn|[from] brn
|upkeep
|turn|90
|
|move|p2a: Corviknight|Roost|p2a: Corviknight
|-heal|p2a: Corviknight|81/100 brn
|-singleturn|p2a: Corviknight|move: Roost
|cant|p1a: Ferrothorn|par
|
|-heal|p1a: Ferrothorn|97/100 par|[from] item: Leftovers
|-damage|p2a: Corviknight|74/100 brn|[from] brn
|upkeep
|turn|91
|
|move|p2a: Corviknight|Defog|p1a: Ferrothorn
|-unboost|p1a: Ferrothorn|evasion|1
|-sideend|p1: ray712|Stealth Rock|[from] move: Defog|[of] p2a: Corviknight
|-sideend|p2: GS Cross|Spikes|[from] move: Defog|[of] p2a: Corviknight
|cant|p1a: Ferrothorn|par
|
|-heal|p1a: Ferrothorn|100/100 par|[from] item: Leftovers
|-damage|p2a: Corviknight|68/100 brn|[from] brn
|upkeep
|turn|92
|
|switch|p2a: Arcanine|Arcanine, M|100/100
|-ability|p2a: Arcanine|Intimidate|boost
|-unboost|p1a: Ferrothorn|atk|1
|move|p1a: Ferrothorn|Spikes|p2a: Arcanine
|-sidestart|p2: GS Cross|Spikes
|
|upkeep
|turn|93
|
|switch|p1a: Eternatus|Eternatus|80/100 brn
|-ability|p1a: Eternatus|Pressure
|move|p2a: Arcanine|Flamethrower|p1a: Eternatus
|-resisted|p1a: Eternatus
|-damage|p1a: Eternatus|69/100 brn
|
|-damage|p1a: Eternatus|63/100 brn|[from] brn
|upkeep
|turn|94
|
|switch|p2a: Tyranitar|Tyranitar, F|100/100
|-damage|p2a: Tyranitar|88/100|[from] Spikes
|-weather|Sandstorm|[from] ability: Sand Stream|[of] p2a: Tyranitar
|move|p1a: Eternatus|Dragon Pulse|p2a: Tyranitar
|-damage|p2a: Tyranitar|65/100
|
|-weather|Sandstorm|[upkeep]
|-damage|p1a: Eternatus|57/100 brn|[from] Sandstorm
|-heal|p2a: Tyranitar|71/100|[from] item: Leftovers
|-damage|p1a: Eternatus|51/100 brn|[from] brn
|upkeep
|turn|95
|
|switch|p1a: Dugtrio|Dugtrio, F|88/100
|move|p2a: Tyranitar|Earthquake|p1a: Dugtrio
|-damage|p1a: Dugtrio|13/100
|
|-weather|Sandstorm|[upkeep]
|-heal|p2a: Tyranitar|77/100|[from] item: Leftovers
|upkeep
|turn|96
|
|move|p1a: Dugtrio|Earthquake|p2a: Tyranitar
|-supereffective|p2a: Tyranitar
|-damage|p2a: Tyranitar|9/100
|move|p2a: Tyranitar|Earthquake|p1a: Dugtrio
|-damage|p1a: Dugtrio|0 fnt
|faint|p1a: Dugtrio
|
|-weather|Sandstorm|[upkeep]
|-heal|p2a: Tyranitar|15/100|[from] item: Leftovers
|upkeep
|
|switch|p1a: Ferrothorn|Ferrothorn, M|100/100 par
|turn|97
|
|move|p2a: Tyranitar|Stealth Rock|p1a: Ferrothorn
|-sidestart|p1: ray712|move: Stealth Rock
|move|p1a: Ferrothorn|Leech Seed|p2a: Tyranitar
|-start|p2a: Tyranitar|move: Leech Seed
|
|-weather|Sandstorm|[upkeep]
|-heal|p2a: Tyranitar|22/100|[from] item: Leftovers
|-damage|p2a: Tyranitar|9/100|[from] Leech Seed|[of] p1a: Ferrothorn
|upkeep
|turn|98
|
|switch|p2a: Corviknight|Corviknight, F|68/100 brn
|-ability|p2a: Corviknight|Pressure
|move|p1a: Ferrothorn|Knock Off|p2a: Corviknight
|-damage|p2a: Corviknight|60/100 brn
|
|-weather|none
|-damage|p2a: Corviknight|54/100 brn|[from] brn
|upkeep
|turn|99
|
|move|p2a: Corviknight|Roost|p2a: Corviknight
|-heal|p2a: Corviknight|100/100 brn
|-singleturn|p2a: Corviknight|move: Roost
|move|p1a: Ferrothorn|Leech Seed|p2a: Corviknight
|-start|p2a: Corviknight|move: Leech Seed
|
|-damage|p2a: Corviknight|88/100 brn|[from] Leech Seed|[of] p1a: Ferrothorn
|-damage|p2a: Corviknight|82/100 brn|[from] brn
|upkeep
|turn|100
|
|move|p2a: Corviknight|Defog|p1a: Ferrothorn
|-unboost|p1a: Ferrothorn|evasion|1
|-sideend|p1: ray712|Stealth Rock|[from] move: Defog|[of] p2a: Corviknight
|-sideend|p2: GS Cross|Spikes|[from] move: Defog|[of] p2a: Corviknight
|move|p1a: Ferrothorn|Spikes|p2a: Corviknight
|-sidestart|p2: GS Cross|Spikes
|
|-damage|p2a: Corviknight|69/100 brn|[from] Leech Seed|[of] p1a: Ferrothorn
|-damage|p2a: Corviknight|63/100 brn|[from] brn
|upkeep
|turn|101
|
|switch|p2a: Arcanine|Arcanine, M|100/100
|-damage|p2a: Arcanine|88/100|[from] Spikes
|-ability|p2a: Arcanine|Intimidate|boost
|-unboost|p1a: Ferrothorn|atk|1
|switch|p1a: Eternatus|Eternatus|51/100 brn
|-ability|p1a: Eternatus|Pressure
|
|-heal|p2a: Arcanine|94/100|[from] item: Leftovers
|-damage|p1a: Eternatus|45/100 brn|[from] brn
|upkeep
|turn|102
|
|move|p1a: Eternatus|Recover|p1a: Eternatus
|-heal|p1a: Eternatus|95/100 brn
|move|p2a: Arcanine|Snarl|p1a: Eternatus
|-damage|p1a: Eternatus|85/100 brn
|-unboost|p1a: Eternatus|spa|1
|
|-heal|p2a: Arcanine|99/100|[from] item: Leftovers
|-damage|p1a: Eternatus|79/100 brn|[from] brn
|upkeep
|turn|103
|j| TTTech_
|
|move|p1a: Eternatus|Cosmic Power|p1a: Eternatus
|-boost|p1a: Eternatus|def|1
|-boost|p1a: Eternatus|spd|1
|move|p2a: Arcanine|Snarl|p1a: Eternatus
|-damage|p1a: Eternatus|72/100 brn
|-unboost|p1a: Eternatus|spa|1
|
|-heal|p2a: Arcanine|100/100|[from] item: Leftovers
|-damage|p1a: Eternatus|66/100 brn|[from] brn
|upkeep
|turn|104
|
|move|p1a: Eternatus|Cosmic Power|p1a: Eternatus
|-boost|p1a: Eternatus|def|1
|-boost|p1a: Eternatus|spd|1
|move|p2a: Arcanine|Snarl|p1a: Eternatus
|-damage|p1a: Eternatus|61/100 brn
|-unboost|p1a: Eternatus|spa|1
|
|-damage|p1a: Eternatus|55/100 brn|[from] brn
|upkeep
|turn|105
|
|move|p1a: Eternatus|Cosmic Power|p1a: Eternatus
|-boost|p1a: Eternatus|def|1
|-boost|p1a: Eternatus|spd|1
|move|p2a: Arcanine|Snarl|p1a: Eternatus
|-damage|p1a: Eternatus|50/100 brn
|-unboost|p1a: Eternatus|spa|1
|
|-damage|p1a: Eternatus|44/100 brn|[from] brn
|upkeep
|turn|106
|
|switch|p2a: Corviknight|Corviknight, F|63/100 brn
|-ability|p2a: Corviknight|Pressure
|move|p1a: Eternatus|Recover|p1a: Eternatus
|-heal|p1a: Eternatus|94/100 brn
|
|-damage|p1a: Eternatus|88/100 brn|[from] brn
|-damage|p2a: Corviknight|57/100 brn|[from] brn
|upkeep
|turn|107
|j| JustKarpingAround
|
|move|p1a: Eternatus|Flamethrower|p2a: Corviknight
|-supereffective|p2a: Corviknight
|-damage|p2a: Corviknight|33/100 brn
|move|p2a: Corviknight|Defog|p1a: Eternatus
|-unboost|p1a: Eternatus|evasion|1
|-sideend|p2: GS Cross|Spikes|[from] move: Defog|[of] p2a: Corviknight
|
|-damage|p1a: Eternatus|82/100 brn|[from] brn
|-damage|p2a: Corviknight|27/100 brn|[from] brn
|upkeep
|turn|108
|
|move|p1a: Eternatus|Flamethrower|p2a: Corviknight
|-supereffective|p2a: Corviknight
|-damage|p2a: Corviknight|0 fnt
|faint|p2a: Corviknight
|
|-damage|p1a: Eternatus|76/100 brn|[from] brn
|upkeep
|
|switch|p2a: Tyranitar|Tyranitar, F|9/100
|-weather|Sandstorm|[from] ability: Sand Stream|[of] p2a: Tyranitar
|turn|109
|
|move|p1a: Eternatus|Dragon Pulse|p2a: Tyranitar
|-damage|p2a: Tyranitar|2/100
|move|p2a: Tyranitar|Stealth Rock|p1a: Eternatus
|-sidestart|p1: ray712|move: Stealth Rock
|
|-weather|Sandstorm|[upkeep]
|-damage|p1a: Eternatus|70/100 brn|[from] Sandstorm
|-heal|p2a: Tyranitar|8/100|[from] item: Leftovers
|-damage|p1a: Eternatus|64/100 brn|[from] brn
|upkeep
|turn|110
|
|move|p1a: Eternatus|Dragon Pulse|p2a: Tyranitar
|-damage|p2a: Tyranitar|0 fnt
|faint|p2a: Tyranitar
|
|-weather|Sandstorm|[upkeep]
|-damage|p1a: Eternatus|58/100 brn|[from] Sandstorm
|-damage|p1a: Eternatus|52/100 brn|[from] brn
|upkeep
|
|switch|p2a: Arcanine|Arcanine, M|100/100
|-ability|p2a: Arcanine|Intimidate|boost
|-unboost|p1a: Eternatus|atk|1
|turn|111
|
|move|p1a: Eternatus|Dragon Pulse|p2a: Arcanine
|-damage|p2a: Arcanine|74/100
|move|p2a: Arcanine|Flamethrower|p1a: Eternatus
|-resisted|p1a: Eternatus
|-damage|p1a: Eternatus|47/100 brn
|
|-weather|Sandstorm|[upkeep]
|-damage|p1a: Eternatus|41/100 brn|[from] Sandstorm
|-damage|p2a: Arcanine|68/100|[from] Sandstorm
|-heal|p2a: Arcanine|74/100|[from] item: Leftovers
|-damage|p1a: Eternatus|35/100 brn|[from] brn
|upkeep
|turn|112
|
|move|p1a: Eternatus|Dragon Pulse|p2a: Arcanine
|-damage|p2a: Arcanine|41/100
|move|p2a: Arcanine|Flamethrower|p1a: Eternatus
|-resisted|p1a: Eternatus
|-damage|p1a: Eternatus|30/100 brn
|
|-weather|Sandstorm|[upkeep]
|-damage|p1a: Eternatus|24/100 brn|[from] Sandstorm
|-damage|p2a: Arcanine|35/100|[from] Sandstorm
|-heal|p2a: Arcanine|41/100|[from] item: Leftovers
|-damage|p1a: Eternatus|18/100 brn|[from] brn
|upkeep
|turn|113
|
|move|p1a: Eternatus|Dragon Pulse|p2a: Arcanine
|-damage|p2a: Arcanine|4/100
|move|p2a: Arcanine|Morning Sun|p2a: Arcanine
|-heal|p2a: Arcanine|29/100
|
|-weather|none
|-heal|p2a: Arcanine|35/100|[from] item: Leftovers
|-damage|p1a: Eternatus|12/100 brn|[from] brn
|upkeep
|turn|114
|
|move|p1a: Eternatus|Dragon Pulse|p2a: Arcanine
|-damage|p2a: Arcanine|0 fnt
|faint|p2a: Arcanine
|
|win|ray712
|l|☆GS Cross
|raw|ray712's rating: 1522 &rarr; <strong>1537</strong><br />(+15 for winning)
|raw|GS Cross's rating: 1444 &rarr; <strong>1428</strong><br />(-16 for losing)
|l|☆ray712
|l| JustKarpingAround
|l| LasagnaSucker
|j|☆GS Cross
|player|p2|GS Cross|cynthia-gen4
