|j|☆AxilosLeKasos
|j|☆puissance du feu
|t:|1668412217
|gametype|singles
|player|p1|AxilosLeKasos|169|1290
|player|p2|puissance du feu|blackbelt-gen4dp|1308
|teamsize|p1|6
|teamsize|p2|6
|gen|8
|tier|[Gen 8] Ubers
|rated|
|rule|Sleep Clause Mod: Limit one foe put to sleep
|rule|Species Clause: Limit one of each Pokémon
|rule|OHKO Clause: OHKO moves are banned
|rule|Evasion Items Clause: Evasion items are banned
|rule|Evasion Moves Clause: Evasion moves are banned
|rule|Endless Battle Clause: Forcing endless battles is banned
|rule|HP Percentage Mod: HP is shown in percentages
|rule|Dynamax Clause: You cannot dynamax
|clearpoke
|poke|p1|Yveltal|
|poke|p1|Dialga|
|poke|p1|Eternatus|
|poke|p1|Dracovish|
|poke|p1|Giratina-Origin|
|poke|p1|Blissey, F|
|poke|p2|Skarmory, F|
|poke|p2|Porygon2|
|poke|p2|Melmetal|
|poke|p2|Hatterene, F|
|poke|p2|Blissey, F|
|poke|p2|Shuckle, F|
|teampreview
|inactive|Battle timer is ON: inactive players will automatically lose when time's up. (requested by puissance du feu)
|
|t:|1668412225
|start
|switch|p1a: Yveltal|Yveltal|100/100
|switch|p2a: Sanitot|Shuckle, F|100/100
|-ability|p1a: Yveltal|Dark Aura
|turn|1
|
|t:|1668412229
|move|p1a: Yveltal|Sucker Punch||[still]
|-fail|p1a: Yveltal
|move|p2a: Sanitot|Encore|p1a: Yveltal
|-start|p1a: Yveltal|Encore
|
|upkeep
|turn|2
|
|t:|1668412240
|switch|p1a: Dracovish|Dracovish|100/100
|move|p2a: Sanitot|Toxic|p1a: Dracovish
|-status|p1a: Dracovish|tox
|
|-damage|p1a: Dracovish|94/100 tox|[from] psn
|upkeep
|turn|3
|
|t:|1668412252
|move|p1a: Dracovish|Fishious Rend|p2a: Sanitot
|-supereffective|p2a: Sanitot
|-ability|p2a: Sanitot|Sturdy
|-damage|p2a: Sanitot|1/100
|move|p2a: Sanitot|Knock Off|p1a: Dracovish
|-damage|p1a: Dracovish|89/100 tox
|-enditem|p1a: Dracovish|Choice Scarf|[from] move: Knock Off|[of] p2a: Sanitot
|
|-damage|p1a: Dracovish|76/100 tox|[from] psn
|upkeep
|turn|4
|
|t:|1668412263
|move|p1a: Dracovish|Fishious Rend|p2a: Sanitot
|-supereffective|p2a: Sanitot
|-damage|p2a: Sanitot|0 fnt
|faint|p2a: Sanitot
|
|-damage|p1a: Dracovish|58/100 tox|[from] psn
|upkeep
|
|t:|1668412269
|switch|p2a: Relax|Skarmory, F|100/100
|turn|5
|
|t:|1668412275
|switch|p1a: Yveltal|Yveltal|100/100
|-ability|p1a: Yveltal|Dark Aura
|move|p2a: Relax|Roost||[still]
|-fail|p2a: Relax|heal
|
|upkeep
|turn|6
|
|t:|1668412281
|move|p1a: Yveltal|Taunt|p2a: Relax
|-start|p2a: Relax|move: Taunt
|move|p2a: Relax|Body Press|p1a: Yveltal
|-damage|p1a: Yveltal|73/100
|
|upkeep
|turn|7
|
|t:|1668412288
|move|p1a: Yveltal|Knock Off|p2a: Relax
|-damage|p2a: Relax|49/100
|-damage|p1a: Yveltal|57/100|[from] item: Rocky Helmet|[of] p2a: Relax
|-enditem|p2a: Relax|Rocky Helmet|[from] move: Knock Off|[of] p1a: Yveltal
|-damage|p1a: Yveltal|47/100|[from] item: Life Orb
|move|p2a: Relax|Body Press|p1a: Yveltal
|-damage|p1a: Yveltal|18/100
|
|upkeep
|turn|8
|
|t:|1668412297
|move|p1a: Yveltal|Sucker Punch|p2a: Relax
|-damage|p2a: Relax|13/100
|-damage|p1a: Yveltal|8/100|[from] item: Life Orb
|move|p2a: Relax|Body Press|p1a: Yveltal
|-damage|p1a: Yveltal|0 fnt
|faint|p1a: Yveltal
|
|-end|p2a: Relax|move: Taunt
|upkeep
|
|t:|1668412309
|switch|p1a: Giratina|Giratina-Origin|100/100
|turn|9
|
|t:|1668412321
|move|p1a: Giratina|Shadow Sneak|p2a: Relax
|-damage|p2a: Relax|3/100
|move|p2a: Relax|Spikes|p1a: Giratina
|-sidestart|p1: AxilosLeKasos|Spikes
|
|upkeep
|turn|10
|
|t:|1668412340
|switch|p2a: Polatona|Porygon2|100/100
|-ability|p2a: Polatona|Levitate|[from] ability: Trace|[of] p1a: Giratina
|move|p1a: Giratina|Shadow Sneak|p2a: Polatona
|-immune|p2a: Polatona
|
|upkeep
|turn|11
|
|t:|1668412348
|switch|p1a: Eternatus|Eternatus|100/100
|-damage|p1a: Eternatus|88/100|[from] Spikes
|-ability|p1a: Eternatus|Pressure
|move|p2a: Polatona|Trick Room|p2a: Polatona
|-fieldstart|move: Trick Room|[of] p2a: Polatona
|
|-heal|p1a: Eternatus|94/100|[from] item: Leftovers
|upkeep
|turn|12
|
|t:|1668412359
|move|p1a: Eternatus|Cosmic Power|p1a: Eternatus
|-boost|p1a: Eternatus|def|1
|-boost|p1a: Eternatus|spd|1
|move|p2a: Polatona|Teleport|p2a: Polatona
|
|t:|1668412370
|switch|p2a: Relax|Skarmory, F|3/100|[from]move: Teleport
|
|-heal|p1a: Eternatus|100/100|[from] item: Leftovers
|upkeep
|turn|13
|
|t:|1668412376
|move|p2a: Relax|Spikes|p1a: Eternatus
|-sidestart|p1: AxilosLeKasos|Spikes
|move|p1a: Eternatus|Cosmic Power|p1a: Eternatus
|-boost|p1a: Eternatus|def|1
|-boost|p1a: Eternatus|spd|1
|
|upkeep
|turn|14
|
|t:|1668412382
|move|p2a: Relax|Spikes|p1a: Eternatus
|-sidestart|p1: AxilosLeKasos|Spikes
|move|p1a: Eternatus|Cosmic Power|p1a: Eternatus
|-boost|p1a: Eternatus|def|1
|-boost|p1a: Eternatus|spd|1
|
|upkeep
|turn|15
|
|t:|1668412389
|move|p1a: Eternatus|Cosmic Power|p1a: Eternatus
|-boost|p1a: Eternatus|def|1
|-boost|p1a: Eternatus|spd|1
|move|p2a: Relax|Roar|p1a: Eternatus
|drag|p1a: Dialga|Dialga|100/100
|-damage|p1a: Dialga|76/100|[from] Spikes
|-ability|p1a: Dialga|Pressure
|
|-fieldend|move: Trick Room
|upkeep
|turn|16
|
|t:|1668412400
|move|p1a: Dialga|Flash Cannon|p2a: Relax
|-resisted|p2a: Relax
|-damage|p2a: Relax|0 fnt
|faint|p2a: Relax
|
|upkeep
|
|t:|1668412406
|switch|p2a: Polatona|Porygon2|100/100
|-ability|p2a: Polatona|Pressure|[from] ability: Trace|[of] p1a: Dialga
|-ability|p2a: Polatona|Pressure
|turn|17
|
|t:|1668412412
|move|p1a: Dialga|Thunder Wave|p2a: Polatona
|-status|p2a: Polatona|par
|cant|p2a: Polatona|par
|
|upkeep
|turn|18
|
|t:|1668412417
|move|p1a: Dialga|Draco Meteor|p2a: Polatona
|-damage|p2a: Polatona|61/100 par
|-unboost|p1a: Dialga|spa|2
|move|p2a: Polatona|Trick Room|p2a: Polatona
|-fieldstart|move: Trick Room|[of] p2a: Polatona
|
|upkeep
|turn|19
|
|t:|1668412431
|switch|p2a: Bio|Blissey, F|100/100
|switch|p1a: Dracovish|Dracovish|58/100 tox
|-damage|p1a: Dracovish|33/100 tox|[from] Spikes
|
|-damage|p1a: Dracovish|26/100 tox|[from] psn
|upkeep
|turn|20
|
|t:|1668412458
|switch|p2a: Polatona|Porygon2|61/100 par
|-ability|p2a: Polatona|Strong Jaw|[from] ability: Trace|[of] p1a: Dracovish
|move|p1a: Dracovish|Fishious Rend|p2a: Polatona
|-damage|p2a: Polatona|0 fnt
|faint|p2a: Polatona
|
|-damage|p1a: Dracovish|14/100 tox|[from] psn
|upkeep
|inactive|puissance du feu has 120 seconds left.
|
|t:|1668412471
|switch|p2a: Mono..|Melmetal|100/100
|turn|21
|inactive|puissance du feu has 120 seconds left.
|
|t:|1668412491
|move|p2a: Mono..|Double Iron Bash|p1a: Dracovish
|-resisted|p1a: Dracovish
|-crit|p1a: Dracovish
|-damage|p1a: Dracovish|0 fnt
|faint|p1a: Dracovish
|-hitcount|p1: Dracovish|1
|
|upkeep
|
|t:|1668412503
|switch|p1a: Eternatus|Eternatus|100/100
|-damage|p1a: Eternatus|76/100|[from] Spikes
|-ability|p1a: Eternatus|Pressure
|turn|22
|
|t:|1668412509
|move|p2a: Mono..|Double Iron Bash|p1a: Eternatus
|-damage|p1a: Eternatus|17/100
|-crit|p1a: Eternatus
|-damage|p1a: Eternatus|0 fnt
|faint|p1a: Eternatus
|-hitcount|p1: Eternatus|2
|
|-fieldend|move: Trick Room
|upkeep
|
|t:|1668412520
|switch|p1a: Dialga|Dialga|76/100
|-damage|p1a: Dialga|51/100|[from] Spikes
|-ability|p1a: Dialga|Pressure
|turn|23
|
|t:|1668412526
|switch|p2a: Bio|Blissey, F|100/100
|move|p1a: Dialga|Thunder Wave|p2a: Bio
|-status|p2a: Bio|par
|
|upkeep
|turn|24
|
|t:|1668412536
|move|p1a: Dialga|Dragon Pulse|p2a: Bio
|-damage|p2a: Bio|79/100 par
|move|p2a: Bio|Aromatherapy|p2a: Bio
|-activate|p2a: Bio|move: Aromatherapy
|-curestatus|p2a: Bio|par|[msg]
|
|-heal|p2a: Bio|85/100|[from] item: Leftovers
|upkeep
|turn|25
|
|t:|1668412553
|move|p1a: Dialga|Dragon Pulse|p2a: Bio
|-damage|p2a: Bio|62/100
|move|p2a: Bio|Soft-Boiled|p2a: Bio
|-heal|p2a: Bio|100/100
|
|upkeep
|turn|26
|
|t:|1668412561
|switch|p1a: Giratina|Giratina-Origin|100/100
|switch|p2a: Heeeee|Hatterene, F|100/100
|
|upkeep
|turn|27
|
|t:|1668412570
|move|p1a: Giratina|Iron Head|p2a: Heeeee
|-supereffective|p2a: Heeeee
|-damage|p2a: Heeeee|62/100
|move|p2a: Heeeee|Trick Room|p2a: Heeeee
|-fieldstart|move: Trick Room|[of] p2a: Heeeee
|
|upkeep
|turn|28
|
|t:|1668412579
|move|p2a: Heeeee|Dazzling Gleam|p1a: Giratina
|-supereffective|p1a: Giratina
|-damage|p1a: Giratina|29/100
|move|p1a: Giratina|Iron Head|p2a: Heeeee
|-supereffective|p2a: Heeeee
|-damage|p2a: Heeeee|24/100
|
|upkeep
|turn|29
|j| zhusuji
|
|t:|1668412593
|switch|p2a: Mono..|Melmetal|100/100
|move|p1a: Giratina|Shadow Sneak|p2a: Mono..
|-damage|p2a: Mono..|90/100
|
|upkeep
|turn|30
|c|☆puissance du feu|Gg
|inactive|AxilosLeKasos has 120 seconds left.
|
|t:|1668412633
|move|p2a: Mono..|Double Iron Bash|p1a: Giratina
|-damage|p1a: Giratina|0 fnt
|faint|p1a: Giratina
|-hitcount|p1: Giratina|1
|
|upkeep
|
|t:|1668412641
|switch|p1a: Blissey|Blissey, F|100/100
|-damage|p1a: Blissey|76/100|[from] Spikes
|turn|31
|
|t:|1668412647
|move|p2a: Mono..|Double Iron Bash|p1a: Blissey
|-damage|p1a: Blissey|0 fnt
|faint|p1a: Blissey
|-hitcount|p1: Blissey|1
|
|-fieldend|move: Trick Room
|upkeep
|c|☆AxilosLeKasos|nike tes morts sur le vieux port
|n|‽AxilosLeKasos|axiloslekasos
|c|&|/log AxilosLeKasos was locked from talking by Artemis (☆AxilosLeKasos: nike tes morts sur le vieux port)
|c|&|/raw <small>This action was done automatically. Want to learn more about the AI? <a href="https://www.smogon.com/forums/threads/3570628/#post-9056769">Visit the information thread</a>.</small>
|inactive|AxilosLeKasos has 120 seconds left.
|-message|AxilosLeKasos forfeited.
|
|win|puissance du feu
|raw|AxilosLeKasos's rating: 1290 &rarr; <strong>1266</strong><br />(-24 for losing)
|raw|puissance du feu's rating: 1308 &rarr; <strong>1327</strong><br />(+19 for winning)
|l|‽AxilosLeKasos
|c|☆puissance du feu|Ca va mec ?
||Ladder isn't responding, score probably updated but might not have (Request timeout).
