|j|☆Fumi1
|j|☆Dontrion
|t:|1670163209
|gametype|singles
|player|p1|Fumi1|102|1301
|player|p2|Dontrion|acetrainer-gen4dp|1497
|teamsize|p1|6
|teamsize|p2|6
|gen|8
|tier|[Gen 8] Ubers
|rated|
|rule|Sleep Clause Mod: Limit one foe put to sleep
|rule|Species Clause: Limit one of each Pokémon
|rule|OHKO Clause: OHKO moves are banned
|rule|Evasion Items Clause: Evasion items are banned
|rule|Evasion Moves Clause: Evasion moves are banned
|rule|Endless Battle Clause: Forcing endless battles is banned
|rule|HP Percentage Mod: HP is shown in percentages
|rule|Dynamax Clause: You cannot dynamax
|clearpoke
|poke|p1|Eternatus|
|poke|p1|Groudon|
|poke|p1|Xerneas-*|
|poke|p1|Yveltal|
|poke|p1|Necrozma-Dusk-Mane|
|poke|p1|Calyrex-Shadow|
|poke|p2|Ho-Oh|
|poke|p2|Zygarde|
|poke|p2|Yveltal|
|poke|p2|Xerneas-*|
|poke|p2|Necrozma-Dusk-Mane|
|poke|p2|Blissey, F|
|teampreview
|inactive|Battle timer is ON: inactive players will automatically lose when time's up. (requested by Dontrion)
|inactive|Dontrion has 120 seconds left.
|inactive|Dontrion has 90 seconds left.
|
|t:|1670163275
|start
|switch|p1a: Calyrex|Calyrex-Shadow|100/100
|switch|p2a: Yveltal|Yveltal|100/100
|-ability|p1a: Calyrex|As One
|-ability|p1a: Calyrex|Unnerve
|-ability|p2a: Yveltal|Dark Aura
|turn|1
|
|t:|1670163285
|switch|p1a: Xerneas|Xerneas|100/100
|-ability|p1a: Xerneas|Fairy Aura
|move|p2a: Yveltal|U-turn|p1a: Xerneas
|-resisted|p1a: Xerneas
|-damage|p1a: Xerneas|95/100
|
|t:|1670163296
|switch|p2a: Blissey|Blissey, F|100/100|[from] U-turn
|
|-heal|p1a: Xerneas|100/100|[from] item: Leftovers
|upkeep
|turn|2
|c|☆Fumi1|HAHAHAAHHA
|c|☆Dontrion|oh wait
|c|☆Fumi1|hi donny
|c|☆Fumi1|x)
|c|☆Dontrion|i didnt realize
|c|☆Fumi1|me either
|
|t:|1670163320
|switch|p1a: Necrozma|Necrozma-Dusk-Mane|100/100
|move|p2a: Blissey|Seismic Toss|p1a: Necrozma
|-damage|p1a: Necrozma|75/100
|-damage|p2a: Blissey|84/100|[from] item: Rocky Helmet|[of] p1a: Necrozma
|
|upkeep
|turn|3
|
|t:|1670163330
|switch|p2a: Zygarde|Zygarde|100/100
|move|p1a: Necrozma|Stealth Rock|p2a: Zygarde
|-sidestart|p2: Dontrion|move: Stealth Rock
|
|upkeep
|turn|4
|c|☆Fumi1|xDDDDDDDDDDD
|
|t:|1670163335
|switch|p1a: Eternatus|Eternatus|100/100
|-ability|p1a: Eternatus|Pressure
|move|p2a: Zygarde|Glare|p1a: Eternatus
|-status|p1a: Eternatus|par
|
|upkeep
|turn|5
|c|☆Dontrion|rocks mean nothing
|
|t:|1670163343
|switch|p2a: Blissey|Blissey, F|84/100
|-damage|p2a: Blissey|72/100|[from] Stealth Rock
|cant|p1a: Eternatus|par
|
|upkeep
|turn|6
|
|t:|1670163348
|cant|p1a: Eternatus|par
|move|p2a: Blissey|Confide|p1a: Eternatus
|-unboost|p1a: Eternatus|spa|1
|
|upkeep
|turn|7
|
|t:|1670163353
|move|p1a: Eternatus|Toxic Spikes|p2a: Blissey
|-sidestart|p2: Dontrion|move: Toxic Spikes
|move|p2a: Blissey|Confide|p1a: Eternatus
|-unboost|p1a: Eternatus|spa|1
|
|upkeep
|turn|8
|
|t:|1670163358
|switch|p1a: Xerneas|Xerneas|100/100
|-ability|p1a: Xerneas|Fairy Aura
|switch|p2a: Yveltal|Yveltal|100/100
|-ability|p2a: Yveltal|Dark Aura
|
|upkeep
|turn|9
|
|t:|1670163366
|switch|p2a: Blissey|Blissey, F|72/100
|-damage|p2a: Blissey|59/100|[from] Stealth Rock
|-status|p2a: Blissey|psn
|move|p1a: Xerneas|Moonblast|p2a: Blissey
|-damage|p2a: Blissey|41/100 psn
|-unboost|p2a: Blissey|spa|1
|
|-damage|p2a: Blissey|29/100 psn|[from] psn
|upkeep
|turn|10
|
|t:|1670163375
|move|p1a: Xerneas|Aromatherapy|p1a: Xerneas
|-activate|p1a: Xerneas|move: Aromatherapy
|-curestatus|p1: Eternatus|par|[msg]
|move|p2a: Blissey|Soft-Boiled|p2a: Blissey
|-heal|p2a: Blissey|79/100 psn
|
|-damage|p2a: Blissey|66/100 psn|[from] psn
|upkeep
|turn|11
|c|☆Dontrion|yikes
|
|t:|1670163385
|switch|p1a: Eternatus|Eternatus|100/100
|-ability|p1a: Eternatus|Pressure
|-curestatus|p2a: Blissey|psn|[from] ability: Natural Cure
|switch|p2a: Ho-Oh|Ho-Oh|100/100
|
|upkeep
|turn|12
|
|t:|1670163388
|move|p2a: Ho-Oh|Defog|p1a: Eternatus
|-unboost|p1a: Eternatus|evasion|1
|-sideend|p2: Dontrion|Toxic Spikes|[from] move: Defog|[of] p2a: Ho-Oh
|-sideend|p2: Dontrion|Stealth Rock|[from] move: Defog|[of] p2a: Ho-Oh
|move|p1a: Eternatus|Dragon Tail|p2a: Ho-Oh
|-damage|p2a: Ho-Oh|89/100
|drag|p2a: Blissey|Blissey, F|66/100
|
|upkeep
|turn|13
|
|t:|1670163403
|switch|p2a: Xerneas|Xerneas|100/100
|-ability|p2a: Xerneas|Fairy Aura
|move|p1a: Eternatus|Toxic Spikes|p2a: Xerneas
|-sidestart|p2: Dontrion|move: Toxic Spikes
|
|upkeep
|turn|14
|
|t:|1670163416
|switch|p1a: Necrozma|Necrozma-Dusk-Mane|75/100
|switch|p2a: Necrozma|Necrozma-Dusk-Mane|100/100
|
|upkeep
|turn|15
|c|☆Fumi1|dang
|c|☆Fumi1|heavy duty boots
|
|t:|1670163424
|move|p2a: Necrozma|Thunder Wave|p1a: Necrozma
|-status|p1a: Necrozma|par
|move|p1a: Necrozma|Thunder Wave|p2a: Necrozma
|-status|p2a: Necrozma|par
|
|upkeep
|turn|16
|
|t:|1670163430
|move|p1a: Necrozma|Stealth Rock|p2a: Necrozma
|-sidestart|p2: Dontrion|move: Stealth Rock
|cant|p2a: Necrozma|par
|
|upkeep
|turn|17
|
|t:|1670163444
|switch|p1a: Yveltal|Yveltal|100/100
|-ability|p1a: Yveltal|Dark Aura
|move|p2a: Necrozma|Stealth Rock|p1a: Yveltal
|-sidestart|p1: Fumi1|move: Stealth Rock
|
|upkeep
|turn|18
|
|t:|1670163453
|move|p1a: Yveltal|Foul Play|p2a: Necrozma
|-supereffective|p2a: Necrozma
|-damage|p2a: Necrozma|54/100 par
|-damage|p1a: Yveltal|84/100|[from] item: Rocky Helmet|[of] p2a: Necrozma
|move|p2a: Necrozma|Thunder Wave|p1a: Yveltal
|-status|p1a: Yveltal|par
|
|upkeep
|turn|19
|
|t:|1670163460
|move|p1a: Yveltal|Snarl|p2a: Necrozma
|-supereffective|p2a: Necrozma
|-damage|p2a: Necrozma|13/100 par
|-unboost|p2a: Necrozma|spa|1
|move|p2a: Necrozma|Moonlight|p2a: Necrozma
|-heal|p2a: Necrozma|63/100 par
|
|upkeep
|turn|20
|
|t:|1670163468
|switch|p2a: Yveltal|Yveltal|100/100
|-ability|p2a: Yveltal|Dark Aura
|move|p1a: Yveltal|Foul Play|p2a: Yveltal
|-resisted|p2a: Yveltal
|-damage|p2a: Yveltal|80/100
|
|upkeep
|turn|21
|
|t:|1670163479
|switch|p1a: Eternatus|Eternatus|100/100
|-damage|p1a: Eternatus|88/100|[from] Stealth Rock
|-ability|p1a: Eternatus|Pressure
|move|p2a: Yveltal|Defog|p1a: Eternatus
|-unboost|p1a: Eternatus|evasion|1
|-sideend|p1: Fumi1|Stealth Rock|[from] move: Defog|[of] p2a: Yveltal
|-sideend|p2: Dontrion|Toxic Spikes|[from] move: Defog|[of] p2a: Yveltal
|-sideend|p2: Dontrion|Stealth Rock|[from] move: Defog|[of] p2a: Yveltal
|
|-heal|p1a: Eternatus|94/100|[from] item: Black Sludge
|upkeep
|turn|22
|
|t:|1670163486
|move|p2a: Yveltal|Knock Off|p1a: Eternatus
|-damage|p1a: Eternatus|50/100
|-enditem|p1a: Eternatus|Black Sludge|[from] move: Knock Off|[of] p2a: Yveltal
|move|p1a: Eternatus|Dragon Tail|p2a: Yveltal
|-damage|p2a: Yveltal|68/100
|drag|p2a: Ho-Oh|Ho-Oh|100/100
|
|upkeep
|turn|23
|
|t:|1670163496
|switch|p2a: Necrozma|Necrozma-Dusk-Mane|63/100 par
|move|p1a: Eternatus|Recover|p1a: Eternatus
|-heal|p1a: Eternatus|99/100
|
|upkeep
|turn|24
|
|t:|1670163506
|switch|p1a: Necrozma|Necrozma-Dusk-Mane|75/100 par
|cant|p2a: Necrozma|par
|
|upkeep
|turn|25
|
|t:|1670163512
|switch|p2a: Ho-Oh|Ho-Oh|100/100
|move|p1a: Necrozma|Stealth Rock|p2a: Ho-Oh
|-sidestart|p2: Dontrion|move: Stealth Rock
|
|upkeep
|turn|26
|
|t:|1670163519
|switch|p1a: Yveltal|Yveltal|84/100 par
|-ability|p1a: Yveltal|Dark Aura
|move|p2a: Ho-Oh|Defog|p1a: Yveltal
|-unboost|p1a: Yveltal|evasion|1
|-sideend|p2: Dontrion|Stealth Rock|[from] move: Defog|[of] p2a: Ho-Oh
|
|upkeep
|turn|27
|c|☆Dontrion|Need to log off the server for this one :C
|c|☆Dontrion|needs my attention
|
|t:|1670163549
|cant|p1a: Yveltal|par
|move|p2a: Ho-Oh|Whirlwind|p1a: Yveltal
|drag|p1a: Necrozma|Necrozma-Dusk-Mane|75/100 par
|
|upkeep
|turn|28
|
|t:|1670163561
|switch|p1a: Yveltal|Yveltal|84/100 par
|-ability|p1a: Yveltal|Dark Aura
|move|p2a: Ho-Oh|Sacred Fire|p1a: Yveltal
|-damage|p1a: Yveltal|46/100 par
|
|upkeep
|turn|29
|
|t:|1670163569
|switch|p2a: Yveltal|Yveltal|68/100
|-ability|p2a: Yveltal|Dark Aura
|move|p1a: Yveltal|Roost|p1a: Yveltal
|-heal|p1a: Yveltal|96/100 par
|-singleturn|p1a: Yveltal|move: Roost
|
|upkeep
|turn|30
|
|t:|1670163583
|switch|p1a: Eternatus|Eternatus|99/100
|-ability|p1a: Eternatus|Pressure
|move|p2a: Yveltal|Knock Off|p1a: Eternatus
|-damage|p1a: Eternatus|73/100
|
|upkeep
|turn|31
|
|t:|1670163589
|move|p1a: Eternatus|Toxic Spikes|p2a: Yveltal
|-sidestart|p2: Dontrion|move: Toxic Spikes
|move|p2a: Yveltal|Roost|p2a: Yveltal
|-heal|p2a: Yveltal|100/100
|-singleturn|p2a: Yveltal|move: Roost
|
|upkeep
|turn|32
|
|t:|1670163592
|move|p1a: Eternatus|Toxic Spikes|p2a: Yveltal
|-sidestart|p2: Dontrion|move: Toxic Spikes
|move|p2a: Yveltal|Defog|p1a: Eternatus
|-unboost|p1a: Eternatus|evasion|1
|-sideend|p2: Dontrion|Toxic Spikes|[from] move: Defog|[of] p2a: Yveltal
|
|upkeep
|turn|33
|
|t:|1670163595
|move|p2a: Yveltal|Knock Off|p1a: Eternatus
|-damage|p1a: Eternatus|43/100
|move|p1a: Eternatus|Dragon Tail|p2a: Yveltal
|-damage|p2a: Yveltal|88/100
|drag|p2a: Zygarde|Zygarde|100/100
|
|upkeep
|turn|34
|
|t:|1670163600
|move|p1a: Eternatus|Recover|p1a: Eternatus
|-heal|p1a: Eternatus|93/100
|move|p2a: Zygarde|Thousand Arrows|p1a: Eternatus
|-supereffective|p1a: Eternatus
|-damage|p1a: Eternatus|46/100
|
|upkeep
|turn|35
|
|t:|1670163606
|move|p2a: Zygarde|Glare|p1a: Eternatus
|-status|p1a: Eternatus|par
|move|p1a: Eternatus|Dragon Tail|p2a: Zygarde
|-supereffective|p2a: Zygarde
|-damage|p2a: Zygarde|84/100
|drag|p2a: Xerneas|Xerneas|100/100
|-ability|p2a: Xerneas|Fairy Aura
|
|upkeep
|turn|36
|
|t:|1670163625
|switch|p1a: Xerneas|Xerneas|100/100
|-ability|p1a: Xerneas|Fairy Aura
|move|p2a: Xerneas|Moonblast|p1a: Xerneas
|-damage|p1a: Xerneas|42/100
|
|-heal|p1a: Xerneas|48/100|[from] item: Leftovers
|upkeep
|turn|37
|c|☆Dontrion|im close
|
|t:|1670163637
|move|p2a: Xerneas|Moonblast|p1a: Xerneas
|-crit|p1a: Xerneas
|-damage|p1a: Xerneas|0 fnt
|faint|p1a: Xerneas
|
|upkeep
|
|t:|1670163642
|switch|p1a: Calyrex|Calyrex-Shadow|100/100
|-ability|p1a: Calyrex|As One
|-ability|p1a: Calyrex|Unnerve
|turn|38
|c|☆Fumi1|pretty sure its gg
|c|☆Fumi1|i made a mistake
|
|t:|1670163659
|switch|p1a: Necrozma|Necrozma-Dusk-Mane|75/100 par
|switch|p2a: Yveltal|Yveltal|88/100
|-ability|p2a: Yveltal|Dark Aura
|
|upkeep
|turn|39
|c|☆Dontrion|what was your mistakae
|
|t:|1670163666
|switch|p1a: Eternatus|Eternatus|46/100 par
|-ability|p1a: Eternatus|Pressure
|move|p2a: Yveltal|Knock Off|p1a: Eternatus
|-damage|p1a: Eternatus|16/100 par
|
|upkeep
|turn|40
|
|t:|1670163672
|switch|p1a: Groudon|Groudon|100/100
|-weather|SunnyDay|[from] ability: Drought|[of] p1a: Groudon
|move|p2a: Yveltal|Knock Off|p1a: Groudon
|-damage|p1a: Groudon|73/100
|-enditem|p1a: Groudon|Leftovers|[from] move: Knock Off|[of] p2a: Yveltal
|
|-weather|SunnyDay|[upkeep]
|upkeep
|turn|41
|
|t:|1670163678
|switch|p2a: Zygarde|Zygarde|84/100
|move|p1a: Groudon|Thunder Wave|p2a: Zygarde
|-immune|p2a: Zygarde
|
|-weather|SunnyDay|[upkeep]
|-heal|p2a: Zygarde|90/100|[from] item: Leftovers
|upkeep
|turn|42
|
|t:|1670163683
|move|p2a: Zygarde|Glare|p1a: Groudon
|-status|p1a: Groudon|par
|move|p1a: Groudon|Swords Dance|p1a: Groudon
|-boost|p1a: Groudon|atk|2
|
|-weather|SunnyDay|[upkeep]
|-heal|p2a: Zygarde|96/100|[from] item: Leftovers
|upkeep
|turn|43
|
|t:|1670163686
|move|p2a: Zygarde|Coil|p2a: Zygarde
|-boost|p2a: Zygarde|atk|1
|-boost|p2a: Zygarde|def|1
|-boost|p2a: Zygarde|accuracy|1
|move|p1a: Groudon|Earthquake|p2a: Zygarde
|-damage|p2a: Zygarde|58/100
|
|-weather|SunnyDay|[upkeep]
|-heal|p2a: Zygarde|65/100|[from] item: Leftovers
|upkeep
|turn|44
|
|t:|1670163697
|move|p2a: Zygarde|Coil|p2a: Zygarde
|-boost|p2a: Zygarde|atk|1
|-boost|p2a: Zygarde|def|1
|-boost|p2a: Zygarde|accuracy|1
|move|p1a: Groudon|Swords Dance|p1a: Groudon
|-boost|p1a: Groudon|atk|2
|
|-weather|none
|-heal|p2a: Zygarde|71/100|[from] item: Leftovers
|upkeep
|turn|45
|
|t:|1670163701
|move|p2a: Zygarde|Coil|p2a: Zygarde
|-boost|p2a: Zygarde|atk|1
|-boost|p2a: Zygarde|def|1
|-boost|p2a: Zygarde|accuracy|1
|move|p1a: Groudon|Earthquake|p2a: Zygarde
|-damage|p2a: Zygarde|39/100
|
|-heal|p2a: Zygarde|45/100|[from] item: Leftovers
|-activate|p2a: Zygarde|ability: Power Construct
|detailschange|p2a: Zygarde|Zygarde-Complete
|-heal|p2a: Zygarde|64/100|[silent]
|upkeep
|turn|46
|c|☆Fumi1|ggs
|c|☆Dontrion|gg
|
|t:|1670163725
|move|p2a: Zygarde|Thousand Arrows|p1a: Groudon
|-damage|p1a: Groudon|37/100 par
|move|p1a: Groudon|Earthquake|p2a: Zygarde
|-crit|p2a: Zygarde
|-damage|p2a: Zygarde|0 fnt
|faint|p2a: Zygarde
|
|upkeep
|c|☆Dontrion|like i said my team is pretty hard to break lol
|c|☆Dontrion|well
|
|t:|1670163736
|switch|p2a: Xerneas|Xerneas|100/100
|-ability|p2a: Xerneas|Fairy Aura
|turn|47
|
|t:|1670163742
|move|p2a: Xerneas|Moonblast|p1a: Groudon
|-damage|p1a: Groudon|0 fnt
|faint|p1a: Groudon
|
|upkeep
|c|☆Dontrion|still ggs
|
|t:|1670163745
|switch|p1a: Necrozma|Necrozma-Dusk-Mane|75/100 par
|turn|48
|
|t:|1670163749
|switch|p2a: Yveltal|Yveltal|88/100
|-ability|p2a: Yveltal|Dark Aura
|move|p1a: Necrozma|Thunder Wave|p2a: Yveltal
|-status|p2a: Yveltal|par
|
|upkeep
|turn|49
|c|☆Fumi1|yup
|
|t:|1670163758
|switch|p1a: Yveltal|Yveltal|96/100 par
|-ability|p1a: Yveltal|Dark Aura
|cant|p2a: Yveltal|par
|
|upkeep
|turn|50
|
|t:|1670163771
|switch|p2a: Blissey|Blissey, F|66/100
|move|p1a: Yveltal|Foul Play|p2a: Blissey
|-damage|p2a: Blissey|56/100
|
|upkeep
|turn|51
|
|t:|1670163783
|cant|p1a: Yveltal|par
|move|p2a: Blissey|Aromatherapy|p2a: Blissey
|-activate|p2a: Blissey|move: Aromatherapy
|-curestatus|p2: Yveltal|par|[msg]
|-curestatus|p2: Necrozma|par|[msg]
|
|upkeep
|turn|52
|c|☆Fumi1|ggs
|c|☆Fumi1|i lost my xern
|c|☆Fumi1|tourney gonmna be fun
|
|t:|1670163807
|switch|p1a: Necrozma|Necrozma-Dusk-Mane|75/100 par
|move|p2a: Blissey|Soft-Boiled|p2a: Blissey
|-heal|p2a: Blissey|100/100
|
|upkeep
|turn|53
|c|☆Dontrion|I think ubers is a 10x better tier
|
|t:|1670163814
|switch|p2a: Necrozma|Necrozma-Dusk-Mane|63/100
|move|p1a: Necrozma|Thunder Wave|p2a: Necrozma
|-status|p2a: Necrozma|par
|
|upkeep
|turn|54
|c|☆Fumi1|no batton pass sh8t
|
|t:|1670163822
|cant|p1a: Necrozma|par
|move|p2a: Necrozma|Stealth Rock|p1a: Necrozma
|-sidestart|p1: Fumi1|move: Stealth Rock
|
|upkeep
|turn|55
|c|☆Dontrion|yup
|
|t:|1670163826
|move|p2a: Necrozma|Moonlight|p2a: Necrozma
|-heal|p2a: Necrozma|100/100 par
|move|p1a: Necrozma|Stealth Rock|p2a: Necrozma
|-sidestart|p2: Dontrion|move: Stealth Rock
|
|upkeep
|turn|56
|
|t:|1670163833
|switch|p2a: Yveltal|Yveltal|88/100
|-ability|p2a: Yveltal|Dark Aura
|switch|p1a: Yveltal|Yveltal|96/100 par
|-ability|p1a: Yveltal|Dark Aura
|
|upkeep
|turn|57
|c|☆Dontrion|LOL
|
|t:|1670163840
|move|p2a: Yveltal|Knock Off|p1a: Yveltal
|-resisted|p1a: Yveltal
|-crit|p1a: Yveltal
|-damage|p1a: Yveltal|57/100 par
|-enditem|p1a: Yveltal|Heavy-Duty Boots|[from] move: Knock Off|[of] p2a: Yveltal
|move|p1a: Yveltal|Foul Play|p2a: Yveltal
|-resisted|p2a: Yveltal
|-damage|p2a: Yveltal|69/100
|
|upkeep
|turn|58
|
|t:|1670163846
|move|p2a: Yveltal|Defog|p1a: Yveltal
|-unboost|p1a: Yveltal|evasion|1
|-sideend|p1: Fumi1|Stealth Rock|[from] move: Defog|[of] p2a: Yveltal
|-sideend|p2: Dontrion|Stealth Rock|[from] move: Defog|[of] p2a: Yveltal
|move|p1a: Yveltal|Roost|p1a: Yveltal
|-heal|p1a: Yveltal|100/100 par
|-singleturn|p1a: Yveltal|move: Roost
|
|upkeep
|turn|59
|
|t:|1670163869
|move|p2a: Yveltal|U-turn|p1a: Yveltal
|-damage|p1a: Yveltal|83/100 par
|c|☆Dontrion|i just need one thing before i can sweep :C
|
|t:|1670163876
|switch|p2a: Ho-Oh|Ho-Oh|100/100|[from] U-turn
|move|p1a: Yveltal|Foul Play|p2a: Ho-Oh
|-damage|p2a: Ho-Oh|63/100
|
|upkeep
|turn|60
|
|t:|1670163890
|switch|p2a: Yveltal|Yveltal|69/100
|-ability|p2a: Yveltal|Dark Aura
|move|p1a: Yveltal|Foul Play|p2a: Yveltal
|-resisted|p2a: Yveltal
|-damage|p2a: Yveltal|48/100
|
|upkeep
|turn|61
|
|t:|1670163897
|move|p2a: Yveltal|Roost|p2a: Yveltal
|-heal|p2a: Yveltal|98/100
|-singleturn|p2a: Yveltal|move: Roost
|move|p1a: Yveltal|Snarl|p2a: Yveltal
|-resisted|p2a: Yveltal
|-damage|p2a: Yveltal|89/100
|-unboost|p2a: Yveltal|spa|1
|
|upkeep
|turn|62
|
|t:|1670163909
|move|p2a: Yveltal|Knock Off|p1a: Yveltal
|-resisted|p1a: Yveltal
|-crit|p1a: Yveltal
|-damage|p1a: Yveltal|57/100 par
|move|p1a: Yveltal|Snarl|p2a: Yveltal
|-resisted|p2a: Yveltal
|-damage|p2a: Yveltal|79/100
|-unboost|p2a: Yveltal|spa|1
|
|upkeep
|turn|63
|
|t:|1670163914
|move|p2a: Yveltal|U-turn|p1a: Yveltal
|-damage|p1a: Yveltal|39/100 par
|
|t:|1670163917
|switch|p2a: Xerneas|Xerneas|100/100|[from] U-turn
|-ability|p2a: Xerneas|Fairy Aura
|move|p1a: Yveltal|Roost|p1a: Yveltal
|-heal|p1a: Yveltal|89/100 par
|-singleturn|p1a: Yveltal|move: Roost
|
|upkeep
|turn|64
|
|t:|1670163926
|switch|p1a: Necrozma|Necrozma-Dusk-Mane|75/100 par
|move|p2a: Xerneas|Moonblast|p1a: Necrozma
|-resisted|p1a: Necrozma
|-damage|p1a: Necrozma|45/100 par
|
|upkeep
|turn|65
|
|t:|1670163935
|switch|p2a: Yveltal|Yveltal|79/100
|-ability|p2a: Yveltal|Dark Aura
|cant|p1a: Necrozma|par
|
|upkeep
|turn|66
|
|t:|1670163940
|switch|p1a: Yveltal|Yveltal|89/100 par
|-ability|p1a: Yveltal|Dark Aura
|move|p2a: Yveltal|U-turn|p1a: Yveltal
|-damage|p1a: Yveltal|72/100 par
|
|t:|1670163942
|switch|p2a: Xerneas|Xerneas|100/100|[from] U-turn
|-ability|p2a: Xerneas|Fairy Aura
|
|upkeep
|turn|67
|c|☆Dontrion|now its ggs
|
|t:|1670163952
|move|p2a: Xerneas|Geomancy||[still]
|-prepare|p2a: Xerneas|Geomancy
|-enditem|p2a: Xerneas|Power Herb
|-anim|p2a: Xerneas|Geomancy|p2a: Xerneas
|-boost|p2a: Xerneas|spa|2
|-boost|p2a: Xerneas|spd|2
|-boost|p2a: Xerneas|spe|2
|move|p1a: Yveltal|Snarl|p2a: Xerneas
|-resisted|p2a: Xerneas
|-damage|p2a: Xerneas|94/100
|-unboost|p2a: Xerneas|spa|1
|
|upkeep
|turn|68
|
|t:|1670163969
|switch|p1a: Eternatus|Eternatus|16/100 par
|-ability|p1a: Eternatus|Pressure
|move|p2a: Xerneas|Moonblast|p1a: Eternatus
|-damage|p1a: Eternatus|0 fnt
|faint|p1a: Eternatus
|
|upkeep
|
|t:|1670163971
|switch|p1a: Calyrex|Calyrex-Shadow|100/100
|-ability|p1a: Calyrex|As One
|-ability|p1a: Calyrex|Unnerve
|turn|69
|
|t:|1670163985
|move|p2a: Xerneas|Moonblast|p1a: Calyrex
|-damage|p1a: Calyrex|0 fnt
|faint|p1a: Calyrex
|
|upkeep
|
|t:|1670163989
|switch|p1a: Necrozma|Necrozma-Dusk-Mane|45/100 par
|turn|70
|c|☆Fumi1|gg
|c|☆Dontrion|ur not sash :O
|
|t:|1670163997
|move|p2a: Xerneas|Moonblast|p1a: Necrozma
|-resisted|p1a: Necrozma
|-damage|p1a: Necrozma|0 fnt
|faint|p1a: Necrozma
|
|upkeep
|c|☆Fumi1|naugh
|
|t:|1670164001
|switch|p1a: Yveltal|Yveltal|72/100 par
|-ability|p1a: Yveltal|Dark Aura
|turn|71
|c|☆Dontrion|are you specs? lol
|c|☆Fumi1|messed up with xern icl
|
|t:|1670164009
|move|p2a: Xerneas|Moonblast|p1a: Yveltal
|-supereffective|p1a: Yveltal
|-damage|p1a: Yveltal|0 fnt
|faint|p1a: Yveltal
|
|win|Dontrion
|raw|Fumi1's rating: 1301 &rarr; <strong>1291</strong><br />(-10 for losing)
|raw|Dontrion's rating: 1497 &rarr; <strong>1507</strong><br />(+10 for winning)
|c|☆Fumi1|idk what team to use yet
|c|☆Dontrion|ggs really good game
|c|☆Fumi1|ggs
|c|☆Dontrion|im on ladder now
|c|☆Dontrion|:d
|c|☆Fumi1|will be interesting what team i bring to the tourney
|c|☆Dontrion|same
|c|☆Fumi1|hopefully i wont get K/O first round
|c|☆Dontrion|lol
|c|☆Dontrion|i need to win tourney bad
||Ladder isn't responding, score probably updated but might not have (Request timeout).
|c|☆Fumi1|first time tourne
|c|☆Dontrion|really imporant for cross
|c|☆Fumi1|for me
|c|☆Dontrion|ah
|c|☆Dontrion|gl
|c|☆Fumi1|so i might get the jitters lol
|c|☆Dontrion|idc about the tourney itself, i just need to place in order to make cross server lol
|c|☆Dontrion|so its really important
|l|☆Dontrion
