|j|☆noobiste
|j|☆adricabello
|t:|1597744456
|player|p1|noobiste|rood|1566
|player|p2|adricabello|wallace|1289
|teamsize|p1|6
|teamsize|p2|6
|gametype|singles
|gen|8
|tier|[Gen 8] Ubers
|rated|
|clearpoke
|poke|p1|Zacian|
|poke|p1|Blissey, F|
|poke|p1|Quagsire, M|
|poke|p1|Ferrothorn, M|
|poke|p1|Eternatus|
|poke|p1|Lunala|
|poke|p2|Necrozma-Dusk-Mane|
|poke|p2|Marshadow|
|poke|p2|Mewtwo|
|poke|p2|Zacian-Crowned|
|poke|p2|Eternatus|
|poke|p2|Kyurem-Black|
|rule|Sleep Clause Mod: Limit one foe put to sleep
|rule|Species Clause: Limit one of each Pokémon
|rule|OHKO Clause: OHKO moves are banned
|rule|Evasion Moves Clause: Evasion moves are banned
|rule|Endless Battle Clause: Forcing endless battles is banned
|rule|HP Percentage Mod: HP is shown in percentages
|html|Ubers Dynamax Clause: Pokémon on the <a href="https://www.smogon.com/dex/ss/formats/uber/">Ubers Dynamax Banlist</a> cannot Dynamax.
|teampreview
|inactive|Battle timer is ON: inactive players will automatically lose when time's up. (requested by adricabello)
|
|t:|1597744483
|start
|switch|p1a: Ferrothorn|Ferrothorn, M|100/100
|switch|p2a: Zacian|Zacian-Crowned|100/100
|-ability|p2a: Zacian|Intrepid Sword|boost
|-boost|p2a: Zacian|atk|1
|turn|1
|
|t:|1597744489
|switch|p1a: Quagsire|Quagsire, M|100/100
|move|p2a: Zacian|Fire Fang|p1a: Quagsire
|-resisted|p1a: Quagsire
|-damage|p1a: Quagsire|91/100
|
|-heal|p1a: Quagsire|97/100|[from] item: Leftovers
|upkeep
|turn|2
|
|t:|1597744500
|move|p2a: Zacian|Play Rough|p1a: Quagsire
|-damage|p1a: Quagsire|56/100
|move|p1a: Quagsire|Earthquake|p2a: Zacian
|-supereffective|p2a: Zacian
|-damage|p2a: Zacian|46/100
|
|-heal|p1a: Quagsire|62/100|[from] item: Leftovers
|upkeep
|turn|3
|
|t:|1597744516
|move|p2a: Zacian|Play Rough|p1a: Quagsire
|-damage|p1a: Quagsire|23/100
|-unboost|p1a: Quagsire|atk|1
|move|p1a: Quagsire|Recover|p1a: Quagsire
|-heal|p1a: Quagsire|73/100
|
|-heal|p1a: Quagsire|79/100|[from] item: Leftovers
|upkeep
|turn|4
|
|t:|1597744522
|move|p2a: Zacian|Play Rough|p1a: Quagsire
|-damage|p1a: Quagsire|41/100
|move|p1a: Quagsire|Recover|p1a: Quagsire
|-heal|p1a: Quagsire|91/100
|
|-heal|p1a: Quagsire|97/100|[from] item: Leftovers
|upkeep
|turn|5
|
|t:|1597744527
|move|p2a: Zacian|Behemoth Blade|p1a: Quagsire
|-resisted|p1a: Quagsire
|-damage|p1a: Quagsire|76/100
|move|p1a: Quagsire|Curse|p1a: Quagsire
|-unboost|p1a: Quagsire|spe|1
|-boost|p1a: Quagsire|atk|1
|-boost|p1a: Quagsire|def|1
|
|-heal|p1a: Quagsire|82/100|[from] item: Leftovers
|upkeep
|turn|6
|
|t:|1597744532
|move|p2a: Zacian|Close Combat|p1a: Quagsire
|-damage|p1a: Quagsire|59/100
|-unboost|p2a: Zacian|def|1
|-unboost|p2a: Zacian|spd|1
|move|p1a: Quagsire|Curse|p1a: Quagsire
|-unboost|p1a: Quagsire|spe|1
|-boost|p1a: Quagsire|atk|1
|-boost|p1a: Quagsire|def|1
|
|-heal|p1a: Quagsire|65/100|[from] item: Leftovers
|upkeep
|turn|7
|
|t:|1597744538
|move|p2a: Zacian|Play Rough|p1a: Quagsire
|-damage|p1a: Quagsire|43/100
|move|p1a: Quagsire|Recover|p1a: Quagsire
|-heal|p1a: Quagsire|93/100
|
|-heal|p1a: Quagsire|99/100|[from] item: Leftovers
|upkeep
|turn|8
|
|t:|1597744543
|move|p2a: Zacian|Play Rough|p1a: Quagsire
|-damage|p1a: Quagsire|79/100
|move|p1a: Quagsire|Earthquake|p2a: Zacian
|-supereffective|p2a: Zacian
|-damage|p2a: Zacian|0 fnt
|faint|p2a: Zacian
|
|-heal|p1a: Quagsire|85/100|[from] item: Leftovers
|upkeep
|
|t:|1597744546
|switch|p2a: Mewtwo|Mewtwo, shiny|100/100
|-ability|p2a: Mewtwo|Pressure
|turn|9
|
|t:|1597744562
|switch|p1a: Blissey|Blissey, F|100/100
|move|p2a: Mewtwo|Energy Ball|p1a: Blissey
|-crit|p1a: Blissey
|-damage|p1a: Blissey|72/100
|
|upkeep
|turn|10
|
|t:|1597744573
|switch|p2a: Marshadow|Marshadow|100/100
|move|p1a: Blissey|Stealth Rock|p2a: Marshadow
|-sidestart|p2: adricabello|move: Stealth Rock
|
|upkeep
|turn|11
|
|t:|1597744579
|switch|p1a: Eternatus|Eternatus|100/100
|-ability|p1a: Eternatus|Pressure
|move|p2a: Marshadow|Close Combat|p1a: Eternatus
|-resisted|p1a: Eternatus
|-damage|p1a: Eternatus|75/100
|-unboost|p2a: Marshadow|def|1
|-unboost|p2a: Marshadow|spd|1
|
|upkeep
|turn|12
|
|t:|1597744588
|move|p1a: Eternatus|Toxic Spikes|p2a: Marshadow
|-sidestart|p2: adricabello|move: Toxic Spikes
|move|p2a: Marshadow|Bulk Up|p2a: Marshadow
|-boost|p2a: Marshadow|atk|1
|-boost|p2a: Marshadow|def|1
|
|upkeep
|turn|13
|
|t:|1597744595
|switch|p1a: Quagsire|Quagsire, M|85/100
|move|p2a: Marshadow|Spectral Thief|p1a: Quagsire
|-damage|p1a: Quagsire|54/100
|
|-heal|p1a: Quagsire|60/100|[from] item: Leftovers
|upkeep
|turn|14
|
|t:|1597744604
|move|p2a: Marshadow|Bulk Up|p2a: Marshadow
|-boost|p2a: Marshadow|atk|1
|-boost|p2a: Marshadow|def|1
|move|p1a: Quagsire|Recover|p1a: Quagsire
|-heal|p1a: Quagsire|100/100
|
|upkeep
|turn|15
|
|t:|1597744612
|move|p2a: Marshadow|Bulk Up|p2a: Marshadow
|-boost|p2a: Marshadow|atk|1
|-boost|p2a: Marshadow|def|1
|move|p1a: Quagsire|Toxic|p2a: Marshadow
|-status|p2a: Marshadow|tox
|
|-damage|p2a: Marshadow|94/100 tox|[from] psn
|upkeep
|turn|16
|
|t:|1597744618
|move|p2a: Marshadow|Spectral Thief|p1a: Quagsire
|-damage|p1a: Quagsire|70/100
|move|p1a: Quagsire|Earthquake|p2a: Marshadow
|-damage|p2a: Marshadow|59/100 tox
|
|-heal|p1a: Quagsire|76/100|[from] item: Leftovers
|-damage|p2a: Marshadow|46/100 tox|[from] psn
|upkeep
|turn|17
|j| Jony012
|
|t:|1597744643
|move|p2a: Marshadow|Close Combat|p1a: Quagsire
|-damage|p1a: Quagsire|36/100
|-unboost|p2a: Marshadow|def|1
|-unboost|p2a: Marshadow|spd|1
|move|p1a: Quagsire|Recover|p1a: Quagsire
|-heal|p1a: Quagsire|86/100
|
|-heal|p1a: Quagsire|92/100|[from] item: Leftovers
|-damage|p2a: Marshadow|28/100 tox|[from] psn
|upkeep
|turn|18
|l| Jony012
|
|t:|1597744653
|move|p2a: Marshadow|Spectral Thief|p1a: Quagsire
|-damage|p1a: Quagsire|62/100
|move|p1a: Quagsire|Earthquake|p2a: Marshadow
|-damage|p2a: Marshadow|0 fnt
|faint|p2a: Marshadow
|
|-heal|p1a: Quagsire|68/100|[from] item: Leftovers
|upkeep
|
|t:|1597744656
|switch|p2a: Necrozma|Necrozma-Dusk-Mane, shiny|100/100
|-damage|p2a: Necrozma|94/100|[from] Stealth Rock
|turn|19
|inactive|noobiste has 120 seconds left.
|
|t:|1597744692
|move|p2a: Necrozma|Cosmic Power|p2a: Necrozma
|-boost|p2a: Necrozma|def|1
|-boost|p2a: Necrozma|spd|1
|move|p1a: Quagsire|Recover|p1a: Quagsire
|-heal|p1a: Quagsire|100/100
|
|-heal|p2a: Necrozma|100/100|[from] item: Leftovers
|upkeep
|turn|20
|
|t:|1597744700
|move|p2a: Necrozma|Stealth Rock|p1a: Quagsire
|-sidestart|p1: noobiste|move: Stealth Rock
|move|p1a: Quagsire|Curse|p1a: Quagsire
|-unboost|p1a: Quagsire|spe|1
|-boost|p1a: Quagsire|atk|1
|-boost|p1a: Quagsire|def|1
|
|upkeep
|turn|21
|
|t:|1597744709
|move|p2a: Necrozma|Cosmic Power|p2a: Necrozma
|-boost|p2a: Necrozma|def|1
|-boost|p2a: Necrozma|spd|1
|move|p1a: Quagsire|Curse|p1a: Quagsire
|-unboost|p1a: Quagsire|spe|1
|-boost|p1a: Quagsire|atk|1
|-boost|p1a: Quagsire|def|1
|
|upkeep
|turn|22
|
|t:|1597744716
|move|p2a: Necrozma|Psychic Fangs|p1a: Quagsire
|-damage|p1a: Quagsire|82/100
|move|p1a: Quagsire|Curse|p1a: Quagsire
|-unboost|p1a: Quagsire|spe|1
|-boost|p1a: Quagsire|atk|1
|-boost|p1a: Quagsire|def|1
|
|-heal|p1a: Quagsire|88/100|[from] item: Leftovers
|upkeep
|turn|23
|
|t:|1597744722
|move|p2a: Necrozma|Psychic Fangs|p1a: Quagsire
|-damage|p1a: Quagsire|72/100
|move|p1a: Quagsire|Curse|p1a: Quagsire
|-unboost|p1a: Quagsire|spe|1
|-boost|p1a: Quagsire|atk|1
|-boost|p1a: Quagsire|def|1
|
|-heal|p1a: Quagsire|78/100|[from] item: Leftovers
|upkeep
|turn|24
|
|t:|1597744730
|move|p2a: Necrozma|Psychic Fangs|p1a: Quagsire
|-damage|p1a: Quagsire|64/100
|move|p1a: Quagsire|Curse|p1a: Quagsire
|-unboost|p1a: Quagsire|spe|1
|-boost|p1a: Quagsire|atk|1
|-boost|p1a: Quagsire|def|1
|
|-heal|p1a: Quagsire|70/100|[from] item: Leftovers
|upkeep
|turn|25
|
|t:|1597744734
|move|p2a: Necrozma|Psychic Fangs|p1a: Quagsire
|-damage|p1a: Quagsire|58/100
|move|p1a: Quagsire|Curse|p1a: Quagsire
|-unboost|p1a: Quagsire|spe|1
|-boost|p1a: Quagsire|atk|1
|-boost|p1a: Quagsire|def|1
|
|-heal|p1a: Quagsire|64/100|[from] item: Leftovers
|upkeep
|turn|26
|
|t:|1597744738
|move|p2a: Necrozma|Psychic Fangs|p1a: Quagsire
|-damage|p1a: Quagsire|55/100
|move|p1a: Quagsire|Recover|p1a: Quagsire
|-heal|p1a: Quagsire|100/100
|
|upkeep
|turn|27
|
|t:|1597744747
|move|p2a: Necrozma|Cosmic Power|p2a: Necrozma
|-boost|p2a: Necrozma|def|1
|-boost|p2a: Necrozma|spd|1
|move|p1a: Quagsire|Earthquake|p2a: Necrozma
|-supereffective|p2a: Necrozma
|-damage|p2a: Necrozma|0 fnt
|faint|p2a: Necrozma
|
|upkeep
|
|t:|1597744756
|switch|p2a: Mewtwo|Mewtwo, shiny|100/100
|-damage|p2a: Mewtwo|88/100|[from] Stealth Rock
|-status|p2a: Mewtwo|psn
|-ability|p2a: Mewtwo|Pressure
|turn|28
|
|t:|1597744771
|switch|p1a: Blissey|Blissey, F|72/100
|-damage|p1a: Blissey|60/100|[from] Stealth Rock
|move|p2a: Mewtwo|Energy Ball|p1a: Blissey
|-damage|p1a: Blissey|41/100
|
|-damage|p2a: Mewtwo|76/100 psn|[from] psn
|upkeep
|turn|29
|c|☆adricabello|come on coward
|c|☆noobiste|lol
|
|t:|1597744782
|move|p2a: Mewtwo|Energy Ball|p1a: Blissey
|-damage|p1a: Blissey|22/100
|move|p1a: Blissey|Seismic Toss|p2a: Mewtwo
|-damage|p2a: Mewtwo|47/100 psn
|
|-damage|p2a: Mewtwo|35/100 psn|[from] psn
|upkeep
|turn|30
|
|t:|1597744788
|switch|p2a: Eternatus|Eternatus|100/100
|-sideend|p2: adricabello|move: Toxic Spikes|[of] p2a: Eternatus
|-damage|p2a: Eternatus|88/100|[from] Stealth Rock
|-ability|p2a: Eternatus|Pressure
|move|p1a: Blissey|Soft-Boiled|p1a: Blissey
|-heal|p1a: Blissey|72/100
|
|-heal|p2a: Eternatus|94/100|[from] item: Black Sludge
|upkeep
|turn|31
|
|t:|1597744797
|move|p2a: Eternatus|Dragon Dance|p2a: Eternatus
|-boost|p2a: Eternatus|atk|1
|-boost|p2a: Eternatus|spe|1
|move|p1a: Blissey|Teleport|p1a: Blissey
|
|t:|1597744802
|switch|p1a: Quagsire|Quagsire, M|100/100|[from]move: Teleport
|-damage|p1a: Quagsire|94/100|[from] Stealth Rock
|
|-heal|p2a: Eternatus|100/100|[from] item: Black Sludge
|-heal|p1a: Quagsire|100/100|[from] item: Leftovers
|upkeep
|turn|32
|j| Jony012
|
|t:|1597744806
|move|p2a: Eternatus|Dynamax Cannon|p1a: Quagsire
|-damage|p1a: Quagsire|24/100
|move|p1a: Quagsire|Earthquake|p2a: Eternatus
|-supereffective|p2a: Eternatus
|-damage|p2a: Eternatus|48/100
|
|-heal|p2a: Eternatus|54/100|[from] item: Black Sludge
|-heal|p1a: Quagsire|30/100|[from] item: Leftovers
|upkeep
|turn|33
|l| Jony012
|
|t:|1597744811
|move|p2a: Eternatus|Dynamax Cannon|p1a: Quagsire
|-damage|p1a: Quagsire|0 fnt
|faint|p1a: Quagsire
|
|-heal|p2a: Eternatus|60/100|[from] item: Black Sludge
|upkeep
|c|☆adricabello|biiiiiiiiiiiiitch
|c|☆adricabello|hahahahahahahahaha
|c|☆adricabello|good bye quagsireeeeeeeeee
|c|☆adricabello|bye bye bye
|inactive|noobiste has 120 seconds left.
|c|☆noobiste|are you crazy lol ?
|c|☆adricabello|i am gonna lose but im glad that i killed that blue bitch
|c|☆adricabello|muhahahaa
|
|t:|1597744871
|switch|p1a: Lunala|Lunala|100/100
|turn|34
|
|t:|1597744877
|move|p2a: Eternatus|Sludge Bomb|p1a: Lunala
|-resisted|p1a: Lunala
|-damage|p1a: Lunala|91/100
|move|p1a: Lunala|Calm Mind|p1a: Lunala
|-boost|p1a: Lunala|spa|1
|-boost|p1a: Lunala|spd|1
|
|-heal|p2a: Eternatus|66/100|[from] item: Black Sludge
|upkeep
|turn|35
|
|t:|1597744882
|move|p2a: Eternatus|Dynamax Cannon|p1a: Lunala
|-damage|p1a: Lunala|61/100
|move|p1a: Lunala|Calm Mind|p1a: Lunala
|-boost|p1a: Lunala|spa|1
|-boost|p1a: Lunala|spd|1
|
|-heal|p2a: Eternatus|72/100|[from] item: Black Sludge
|upkeep
|turn|36
|
|t:|1597744886
|move|p2a: Eternatus|Dynamax Cannon|p1a: Lunala
|-damage|p1a: Lunala|39/100
|move|p1a: Lunala|Roost|p1a: Lunala
|-heal|p1a: Lunala|89/100
|-singleturn|p1a: Lunala|move: Roost
|
|-heal|p2a: Eternatus|79/100|[from] item: Black Sludge
|upkeep
|turn|37
|
|t:|1597744892
|move|p2a: Eternatus|Dynamax Cannon|p1a: Lunala
|-damage|p1a: Lunala|66/100
|move|p1a: Lunala|Moongeist Beam|p2a: Eternatus
|-damage|p2a: Eternatus|0 fnt
|faint|p2a: Eternatus
|
|upkeep
|
|t:|1597744896
|switch|p2a: Mewtwo|Mewtwo, shiny|35/100 psn
|-damage|p2a: Mewtwo|22/100 psn|[from] Stealth Rock
|-ability|p2a: Mewtwo|Pressure
|turn|38
|
|t:|1597744903
|move|p2a: Mewtwo|Blizzard|p1a: Lunala
|-damage|p1a: Lunala|45/100
|move|p1a: Lunala|Moongeist Beam|p2a: Mewtwo
|-supereffective|p2a: Mewtwo
|-damage|p2a: Mewtwo|0 fnt
|faint|p2a: Mewtwo
|
|upkeep
|
|t:|1597744906
|switch|p2a: Kyurem|Kyurem-Black|100/100
|-damage|p2a: Kyurem|76/100|[from] Stealth Rock
|-ability|p2a: Kyurem|Teravolt
|turn|39
|
|t:|1597744919
|move|p1a: Lunala|Moongeist Beam|p2a: Kyurem
|-crit|p2a: Kyurem
|-damage|p2a: Kyurem|0 fnt
|faint|p2a: Kyurem
|
|win|noobiste
|raw|noobiste's rating: 1566 &rarr; <strong>1572</strong><br />(+6 for winning)
|raw|adricabello's rating: 1289 &rarr; <strong>1280</strong><br />(-9 for losing)
|c|☆adricabello|byeeeeeeeeeeeeeeeeeeee
|c|☆adricabello|ehhehehehehehehe
