|j|☆Chicken man zero
|j|☆nutbustas
|t:|1663473793
|gametype|singles
|player|p1|Chicken man zero|gentleman-gen4|1611
|player|p2|nutbustas|n-masters|1518
|teamsize|p1|6
|teamsize|p2|6
|gen|8
|tier|[Gen 8] Ubers
|rated|
|rule|Sleep Clause Mod: Limit one foe put to sleep
|rule|Species Clause: Limit one of each Pokémon
|rule|OHKO Clause: OHKO moves are banned
|rule|Evasion Items Clause: Evasion items are banned
|rule|Evasion Moves Clause: Evasion moves are banned
|rule|Endless Battle Clause: Forcing endless battles is banned
|rule|HP Percentage Mod: HP is shown in percentages
|rule|Dynamax Clause: You cannot dynamax
|clearpoke
|poke|p1|Glalie, F|
|poke|p1|Magnezone|
|poke|p1|Xerneas-*|
|poke|p1|Eternatus|
|poke|p1|Necrozma-Dusk-Mane|
|poke|p1|Yveltal|
|poke|p2|Rayquaza|
|poke|p2|Ho-Oh|
|poke|p2|Eternatus|
|poke|p2|Xerneas-*|
|poke|p2|Necrozma-Dusk-Mane|
|poke|p2|Yveltal|
|teampreview
|j| Aubrey O'Day
|c|☆nutbustas|yo
|c|☆nutbustas|wsg again
|c|☆Chicken man zero|Sup
|c|☆Chicken man zero|hf bro
|c|☆nutbustas|you mind not turning timer on for a bit
|c|☆Chicken man zero|Aight
|c|☆nutbustas|im in another game and thought i was gonna get another rando
|c|☆nutbustas|https://play.pokemonshowdown.com/battle-gen8ubers-1667054045-7n30kf7pqyhdcs61ow045rp49257gszpw
|c|☆nutbustas|aight
|c|☆nutbustas|thanks man
|
|t:|1663474037
|start
|switch|p1a: Yveltal|Yveltal|100/100
|switch|p2a: Rayquaza|Rayquaza|100/100
|-ability|p1a: Yveltal|Dark Aura
|-ability|p2a: Rayquaza|Air Lock
|turn|1
|
|t:|1663474047
|move|p1a: Yveltal|Knock Off|p2a: Rayquaza
|-damage|p2a: Rayquaza|34/100
|-enditem|p2a: Rayquaza|Choice Band|[from] move: Knock Off|[of] p1a: Yveltal
|move|p2a: Rayquaza|Dragon Ascent|p1a: Yveltal
|-damage|p1a: Yveltal|40/100
|-unboost|p2a: Rayquaza|def|1
|-unboost|p2a: Rayquaza|spd|1
|
|upkeep
|turn|2
|
|t:|1663474053
|switch|p2a: Xerneas|Xerneas|100/100
|-ability|p2a: Xerneas|Fairy Aura
|move|p1a: Yveltal|Knock Off|p2a: Xerneas
|-resisted|p2a: Xerneas
|-damage|p2a: Xerneas|85/100
|-enditem|p2a: Xerneas|Leftovers|[from] move: Knock Off|[of] p1a: Yveltal
|
|upkeep
|turn|3
|
|t:|1663474058
|switch|p1a: Necrozma|Necrozma-Dusk-Mane|100/100
|switch|p2a: Eternatus|Eternatus|100/100
|-ability|p2a: Eternatus|Pressure
|
|upkeep
|turn|4
|
|t:|1663474063
|switch|p2a: Yveltal|Yveltal|100/100
|-ability|p2a: Yveltal|Dark Aura
|move|p1a: Necrozma|Stealth Rock|p2a: Yveltal
|-sidestart|p2: nutbustas|move: Stealth Rock
|
|upkeep
|turn|5
|
|t:|1663474069
|switch|p1a: Yveltal|Yveltal|40/100
|-ability|p1a: Yveltal|Dark Aura
|move|p2a: Yveltal|Knock Off|p1a: Yveltal
|-resisted|p1a: Yveltal
|-damage|p1a: Yveltal|16/100
|-enditem|p1a: Yveltal|Heavy-Duty Boots|[from] move: Knock Off|[of] p2a: Yveltal
|
|upkeep
|turn|6
|
|t:|1663474072
|move|p2a: Yveltal|U-turn|p1a: Yveltal
|-damage|p1a: Yveltal|0 fnt
|faint|p1a: Yveltal
|
|t:|1663474076
|switch|p2a: Necrozma|Necrozma-Dusk-Mane|100/100|[from]move: U-turn
|-damage|p2a: Necrozma|94/100|[from] Stealth Rock
|
|-heal|p2a: Necrozma|100/100|[from] item: Leftovers
|upkeep
|
|t:|1663474080
|switch|p1a: Magnezone|Magnezone|100/100
|-item|p1a: Magnezone|Air Balloon
|turn|7
|
|t:|1663474085
|move|p1a: Magnezone|Magnet Rise|p1a: Magnezone
|-start|p1a: Magnezone|Magnet Rise
|move|p2a: Necrozma|Thunder Wave|p1a: Magnezone
|-immune|p1a: Magnezone
|
|upkeep
|turn|8
|c|☆nutbustas|im dumb lol
|c|☆nutbustas|fire
|
|t:|1663474093
|move|p1a: Magnezone|Iron Defense|p1a: Magnezone
|-boost|p1a: Magnezone|def|2
|move|p2a: Necrozma|Stealth Rock|p1a: Magnezone
|-sidestart|p1: Chicken man zero|move: Stealth Rock
|
|upkeep
|turn|9
|
|t:|1663474095
|move|p1a: Magnezone|Iron Defense|p1a: Magnezone
|-boost|p1a: Magnezone|def|2
|move|p2a: Necrozma|Sunsteel Strike|p1a: Magnezone
|-resisted|p1a: Magnezone
|-damage|p1a: Magnezone|97/100
|-enditem|p1a: Magnezone|Air Balloon
|
|upkeep
|turn|10
|
|t:|1663474096
|move|p1a: Magnezone|Iron Defense|p1a: Magnezone
|-boost|p1a: Magnezone|def|2
|move|p2a: Necrozma|Sunsteel Strike|p1a: Magnezone
|-resisted|p1a: Magnezone
|-damage|p1a: Magnezone|94/100
|
|upkeep
|turn|11
|
|t:|1663474098
|move|p1a: Magnezone|Body Press|p2a: Necrozma
|-damage|p2a: Necrozma|44/100
|move|p2a: Necrozma|Sunsteel Strike|p1a: Magnezone
|-resisted|p1a: Magnezone
|-damage|p1a: Magnezone|91/100
|
|-heal|p2a: Necrozma|50/100|[from] item: Leftovers
|-end|p1a: Magnezone|Magnet Rise
|upkeep
|turn|12
|
|t:|1663474100
|move|p1a: Magnezone|Body Press|p2a: Necrozma
|-damage|p2a: Necrozma|0 fnt
|faint|p2a: Necrozma
|
|upkeep
|
|t:|1663474106
|switch|p2a: Eternatus|Eternatus|100/100
|-ability|p2a: Eternatus|Pressure
|turn|13
|
|t:|1663474109
|move|p2a: Eternatus|Mystical Fire|p1a: Magnezone
|-supereffective|p1a: Magnezone
|-damage|p1a: Magnezone|28/100
|-unboost|p1a: Magnezone|spa|1
|move|p1a: Magnezone|Discharge|p2a: Eternatus
|-resisted|p2a: Eternatus
|-damage|p2a: Eternatus|93/100
|-status|p2a: Eternatus|par
|
|upkeep
|turn|14
|
|t:|1663474116
|move|p1a: Magnezone|Body Press|p2a: Eternatus
|-resisted|p2a: Eternatus
|-damage|p2a: Eternatus|56/100 par
|move|p2a: Eternatus|Mystical Fire|p1a: Magnezone
|-supereffective|p1a: Magnezone
|-damage|p1a: Magnezone|0 fnt
|faint|p1a: Magnezone
|
|upkeep
|
|t:|1663474137
|switch|p1a: Zooted up|Glalie, F, shiny|100/100
|-damage|p1a: Zooted up|75/100|[from] Stealth Rock
|turn|15
|
|t:|1663474140
|switch|p2a: Ho-Oh|Ho-Oh|100/100
|move|p1a: Zooted up|Protect||[still]
|-fail|p1a: Zooted up
|
|-heal|p1a: Zooted up|82/100|[from] item: Leftovers
|-ability|p1a: Zooted up|Moody|boost
|-boost|p1a: Zooted up|spa|2
|-unboost|p1a: Zooted up|atk|1
|upkeep
|turn|16
|
|t:|1663474145
|move|p1a: Zooted up|Substitute|p1a: Zooted up
|-start|p1a: Zooted up|Substitute
|-damage|p1a: Zooted up|57/100
|move|p2a: Ho-Oh|Sacred Fire|p1a: Zooted up
|-supereffective|p1a: Zooted up
|-end|p1a: Zooted up|Substitute
|
|-heal|p1a: Zooted up|63/100|[from] item: Leftovers
|-ability|p1a: Zooted up|Moody|boost
|-boost|p1a: Zooted up|spd|2
|-unboost|p1a: Zooted up|def|1
|upkeep
|turn|17
|
|t:|1663474148
|move|p1a: Zooted up|Protect|p1a: Zooted up
|-singleturn|p1a: Zooted up|Protect
|move|p2a: Ho-Oh|Sacred Fire|p1a: Zooted up
|-activate|p1a: Zooted up|move: Protect
|
|-heal|p1a: Zooted up|69/100|[from] item: Leftovers
|-ability|p1a: Zooted up|Moody|boost
|-boost|p1a: Zooted up|spd|2
|-unboost|p1a: Zooted up|atk|1
|upkeep
|turn|18
|
|t:|1663474151
|move|p1a: Zooted up|Substitute|p1a: Zooted up
|-start|p1a: Zooted up|Substitute
|-damage|p1a: Zooted up|44/100
|move|p2a: Ho-Oh|Whirlwind|p1a: Zooted up
|drag|p1a: Xerneas|Xerneas|100/100
|-damage|p1a: Xerneas|88/100|[from] Stealth Rock
|-ability|p1a: Xerneas|Fairy Aura
|
|upkeep
|turn|19
|
|t:|1663474155
|switch|p1a: Eternatus|Eternatus|100/100
|-damage|p1a: Eternatus|88/100|[from] Stealth Rock
|-ability|p1a: Eternatus|Pressure
|move|p2a: Ho-Oh|Thunder Wave|p1a: Eternatus
|-status|p1a: Eternatus|par
|
|upkeep
|turn|20
|
|t:|1663474161
|move|p2a: Ho-Oh|Defog|p1a: Eternatus
|-unboost|p1a: Eternatus|evasion|1
|-enditem|p1a: Eternatus|Eject Pack
|-sideend|p1: Chicken man zero|Stealth Rock|[from] move: Defog|[of] p2a: Ho-Oh
|-sideend|p2: nutbustas|Stealth Rock|[from] move: Defog|[of] p2a: Ho-Oh
|
|t:|1663474169
|switch|p1a: Zooted up|Glalie, F, shiny|44/100
|
|-heal|p1a: Zooted up|50/100|[from] item: Leftovers
|-ability|p1a: Zooted up|Moody|boost
|-boost|p1a: Zooted up|spa|2
|-unboost|p1a: Zooted up|spe|1
|upkeep
|turn|21
|
|t:|1663474172
|move|p1a: Zooted up|Protect|p1a: Zooted up
|-singleturn|p1a: Zooted up|Protect
|move|p2a: Ho-Oh|Sacred Fire|p1a: Zooted up
|-activate|p1a: Zooted up|move: Protect
|
|-heal|p1a: Zooted up|56/100|[from] item: Leftovers
|-ability|p1a: Zooted up|Moody|boost
|-boost|p1a: Zooted up|spe|2
|-unboost|p1a: Zooted up|atk|1
|upkeep
|turn|22
|
|t:|1663474175
|switch|p1a: Eternatus|Eternatus|88/100 par
|-ability|p1a: Eternatus|Pressure
|move|p2a: Ho-Oh|Sacred Fire|p1a: Eternatus
|-resisted|p1a: Eternatus
|-damage|p1a: Eternatus|71/100 par
|
|upkeep
|turn|23
|
|t:|1663474181
|switch|p2a: Rayquaza|Rayquaza|34/100
|-ability|p2a: Rayquaza|Air Lock
|move|p1a: Eternatus|Toxic|p2a: Rayquaza
|-status|p2a: Rayquaza|tox
|
|-damage|p2a: Rayquaza|28/100 tox|[from] psn
|upkeep
|turn|24
|
|t:|1663474188
|switch|p1a: Necrozma|Necrozma-Dusk-Mane|100/100
|move|p2a: Rayquaza|Dragon Ascent|p1a: Necrozma
|-resisted|p1a: Necrozma
|-crit|p1a: Necrozma
|-damage|p1a: Necrozma|65/100
|-unboost|p2a: Rayquaza|def|1
|-unboost|p2a: Rayquaza|spd|1
|
|-heal|p1a: Necrozma|71/100|[from] item: Leftovers
|-damage|p2a: Rayquaza|16/100 tox|[from] psn
|upkeep
|turn|25
|
|t:|1663474196
|switch|p2a: Ho-Oh|Ho-Oh|100/100
|move|p1a: Necrozma|Moonlight|p1a: Necrozma
|-heal|p1a: Necrozma|100/100
|
|upkeep
|turn|26
|
|t:|1663474202
|switch|p1a: Eternatus|Eternatus|71/100 par
|-ability|p1a: Eternatus|Pressure
|switch|p2a: Rayquaza|Rayquaza|16/100 tox
|-ability|p2a: Rayquaza|Air Lock
|
|-damage|p2a: Rayquaza|10/100 tox|[from] psn
|upkeep
|turn|27
|
|t:|1663474205
|switch|p1a: Necrozma|Necrozma-Dusk-Mane|100/100
|move|p2a: Rayquaza|V-create|p1a: Necrozma
|-supereffective|p1a: Necrozma
|-damage|p1a: Necrozma|29/100
|-unboost|p2a: Rayquaza|spe|1
|-unboost|p2a: Rayquaza|def|1
|-unboost|p2a: Rayquaza|spd|1
|
|-heal|p1a: Necrozma|35/100|[from] item: Leftovers
|-damage|p2a: Rayquaza|0 fnt|[from] psn
|faint|p2a: Rayquaza
|upkeep
|
|t:|1663474210
|switch|p2a: Yveltal|Yveltal|100/100
|-ability|p2a: Yveltal|Dark Aura
|turn|28
|
|t:|1663474214
|switch|p1a: Eternatus|Eternatus|71/100 par
|-ability|p1a: Eternatus|Pressure
|move|p2a: Yveltal|Knock Off|p1a: Eternatus
|-damage|p1a: Eternatus|43/100 par
|
|upkeep
|turn|29
|
|t:|1663474220
|move|p2a: Yveltal|U-turn|p1a: Eternatus
|-resisted|p1a: Eternatus
|-damage|p1a: Eternatus|35/100 par
|
|t:|1663474223
|switch|p2a: Xerneas|Xerneas|85/100|[from]move: U-turn
|-ability|p2a: Xerneas|Fairy Aura
|move|p1a: Eternatus|Recover|p1a: Eternatus
|-heal|p1a: Eternatus|85/100 par
|
|upkeep
|turn|30
|
|t:|1663474227
|move|p2a: Xerneas|Moonblast|p1a: Eternatus
|-damage|p1a: Eternatus|53/100 par
|-unboost|p1a: Eternatus|spa|1
|cant|p1a: Eternatus|par
|
|upkeep
|turn|31
|
|t:|1663474234
|switch|p1a: Necrozma|Necrozma-Dusk-Mane|35/100
|move|p2a: Xerneas|Moonblast|p1a: Necrozma
|-resisted|p1a: Necrozma
|-damage|p1a: Necrozma|19/100
|
|-heal|p1a: Necrozma|25/100|[from] item: Leftovers
|upkeep
|turn|32
|
|t:|1663474237
|switch|p2a: Ho-Oh|Ho-Oh|100/100
|move|p1a: Necrozma|Moonlight|p1a: Necrozma
|-heal|p1a: Necrozma|75/100
|
|-heal|p1a: Necrozma|81/100|[from] item: Leftovers
|upkeep
|turn|33
|
|t:|1663474241
|switch|p1a: Eternatus|Eternatus|53/100 par
|-ability|p1a: Eternatus|Pressure
|move|p2a: Ho-Oh|Sacred Fire|p1a: Eternatus
|-resisted|p1a: Eternatus
|-damage|p1a: Eternatus|35/100 par
|
|upkeep
|turn|34
|
|t:|1663474245
|switch|p2a: Eternatus|Eternatus|56/100 par
|-ability|p2a: Eternatus|Pressure
|move|p1a: Eternatus|Recover|p1a: Eternatus
|-heal|p1a: Eternatus|85/100 par
|
|upkeep
|turn|35
|
|t:|1663474248
|switch|p1a: Necrozma|Necrozma-Dusk-Mane|81/100
|move|p2a: Eternatus|Mystical Fire|p1a: Necrozma
|-supereffective|p1a: Necrozma
|-crit|p1a: Necrozma
|-damage|p1a: Necrozma|49/100
|-unboost|p1a: Necrozma|spa|1
|
|-heal|p1a: Necrozma|55/100|[from] item: Leftovers
|upkeep
|turn|36
|
|t:|1663474252
|switch|p2a: Yveltal|Yveltal|100/100
|-ability|p2a: Yveltal|Dark Aura
|move|p1a: Necrozma|Moonlight|p1a: Necrozma
|-heal|p1a: Necrozma|100/100
|
|upkeep
|turn|37
|
|t:|1663474254
|switch|p1a: Eternatus|Eternatus|85/100 par
|-ability|p1a: Eternatus|Pressure
|move|p2a: Yveltal|Knock Off|p1a: Eternatus
|-damage|p1a: Eternatus|56/100 par
|
|upkeep
|turn|38
|
|t:|1663474257
|move|p2a: Yveltal|Knock Off|p1a: Eternatus
|-damage|p1a: Eternatus|28/100 par
|cant|p1a: Eternatus|par
|
|upkeep
|turn|39
|
|t:|1663474281
|switch|p1a: Xerneas|Xerneas|88/100
|-ability|p1a: Xerneas|Fairy Aura
|move|p2a: Yveltal|Knock Off|p1a: Xerneas
|-resisted|p1a: Xerneas
|-damage|p1a: Xerneas|67/100
|-enditem|p1a: Xerneas|Power Herb|[from] move: Knock Off|[of] p2a: Yveltal
|
|upkeep
|turn|40
|
|t:|1663474285
|move|p2a: Yveltal|U-turn|p1a: Xerneas
|-resisted|p1a: Xerneas
|-damage|p1a: Xerneas|59/100
|
|t:|1663474287
|switch|p2a: Ho-Oh|Ho-Oh|100/100|[from]move: U-turn
|move|p1a: Xerneas|Thunder|p2a: Ho-Oh
|-supereffective|p2a: Ho-Oh
|-damage|p2a: Ho-Oh|55/100
|
|upkeep
|turn|41
|
|t:|1663474296
|switch|p2a: Xerneas|Xerneas|85/100
|-ability|p2a: Xerneas|Fairy Aura
|move|p1a: Xerneas|Substitute|p1a: Xerneas
|-start|p1a: Xerneas|Substitute
|-damage|p1a: Xerneas|34/100
|
|upkeep
|turn|42
|
|t:|1663474298
|move|p2a: Xerneas|Moonblast|p1a: Xerneas
|-end|p1a: Xerneas|Substitute
|move|p1a: Xerneas|Moonblast|p2a: Xerneas
|-damage|p2a: Xerneas|31/100
|
|upkeep
|turn|43
|
|t:|1663474304
|move|p1a: Xerneas|Thunder|p2a: Xerneas|[miss]
|-miss|p1a: Xerneas|p2a: Xerneas
|move|p2a: Xerneas|Moonblast|p1a: Xerneas
|-damage|p1a: Xerneas|0 fnt
|faint|p1a: Xerneas
|
|upkeep
|
|t:|1663474307
|switch|p1a: Necrozma|Necrozma-Dusk-Mane|100/100
|turn|44
|c|☆nutbustas|mb
|
|t:|1663474310
|switch|p2a: Ho-Oh|Ho-Oh|88/100
|switch|p1a: Zooted up|Glalie, F, shiny|56/100
|
|-heal|p1a: Zooted up|62/100|[from] item: Leftovers
|-ability|p1a: Zooted up|Moody|boost
|-boost|p1a: Zooted up|def|2
|-unboost|p1a: Zooted up|atk|1
|upkeep
|turn|45
|
|t:|1663474315
|move|p1a: Zooted up|Taunt|p2a: Ho-Oh
|-start|p2a: Ho-Oh|move: Taunt
|move|p2a: Ho-Oh|Sacred Fire|p1a: Zooted up
|-supereffective|p1a: Zooted up
|-damage|p1a: Zooted up|13/100
|
|-heal|p1a: Zooted up|19/100|[from] item: Leftovers
|-ability|p1a: Zooted up|Moody|boost
|-boost|p1a: Zooted up|def|2
|-unboost|p1a: Zooted up|spd|1
|upkeep
|turn|46
|
|t:|1663474321
|switch|p2a: Yveltal|Yveltal|100/100
|-ability|p2a: Yveltal|Dark Aura
|move|p1a: Zooted up|Freeze-Dry|p2a: Yveltal
|-supereffective|p2a: Yveltal
|-damage|p2a: Yveltal|69/100
|
|-heal|p1a: Zooted up|25/100|[from] item: Leftovers
|-ability|p1a: Zooted up|Moody|boost
|-boost|p1a: Zooted up|atk|2
|-unboost|p1a: Zooted up|spa|1
|upkeep
|turn|47
|
|t:|1663474325
|move|p1a: Zooted up|Protect|p1a: Zooted up
|-singleturn|p1a: Zooted up|Protect
|move|p2a: Yveltal|Knock Off|p1a: Zooted up
|-activate|p1a: Zooted up|move: Protect
|
|-heal|p1a: Zooted up|32/100|[from] item: Leftovers
|-ability|p1a: Zooted up|Moody|boost
|-boost|p1a: Zooted up|atk|2
|-unboost|p1a: Zooted up|spe|1
|upkeep
|turn|48
|
|t:|1663474334
|switch|p1a: Eternatus|Eternatus|28/100 par
|-ability|p1a: Eternatus|Pressure
|move|p2a: Yveltal|Knock Off|p1a: Eternatus
|-damage|p1a: Eternatus|0 fnt
|faint|p1a: Eternatus
|
|upkeep
|
|t:|1663474336
|switch|p1a: Zooted up|Glalie, F, shiny|32/100
|turn|49
|
|t:|1663474338
|move|p1a: Zooted up|Protect|p1a: Zooted up
|-singleturn|p1a: Zooted up|Protect
|move|p2a: Yveltal|Knock Off|p1a: Zooted up
|-activate|p1a: Zooted up|move: Protect
|
|-heal|p1a: Zooted up|38/100|[from] item: Leftovers
|-ability|p1a: Zooted up|Moody|boost
|-boost|p1a: Zooted up|def|2
|-unboost|p1a: Zooted up|atk|1
|upkeep
|turn|50
|
|t:|1663474360
|switch|p1a: Necrozma|Necrozma-Dusk-Mane|100/100
|move|p2a: Yveltal|Knock Off|p1a: Necrozma
|-supereffective|p1a: Necrozma
|-damage|p1a: Necrozma|45/100
|-enditem|p1a: Necrozma|Leftovers|[from] move: Knock Off|[of] p2a: Yveltal
|
|upkeep
|turn|51
|
|t:|1663474365
|move|p2a: Yveltal|U-turn|p1a: Necrozma
|-crit|p1a: Necrozma
|-damage|p1a: Necrozma|22/100
|
|t:|1663474367
|switch|p2a: Ho-Oh|Ho-Oh|100/100|[from]move: U-turn
|move|p1a: Necrozma|Moonlight|p1a: Necrozma
|-heal|p1a: Necrozma|72/100
|
|upkeep
|turn|52
|
|t:|1663474374
|move|p1a: Necrozma|Moonlight|p1a: Necrozma
|-heal|p1a: Necrozma|100/100
|move|p2a: Ho-Oh|Thunder Wave|p1a: Necrozma
|-status|p1a: Necrozma|par
|
|upkeep
|turn|53
|
|t:|1663474378
|switch|p2a: Yveltal|Yveltal|69/100
|-ability|p2a: Yveltal|Dark Aura
|move|p1a: Necrozma|Stealth Rock|p2a: Yveltal
|-sidestart|p2: nutbustas|move: Stealth Rock
|
|upkeep
|turn|54
|
|t:|1663474383
|switch|p2a: Ho-Oh|Ho-Oh|100/100
|move|p1a: Necrozma|Sunsteel Strike|p2a: Ho-Oh
|-resisted|p2a: Ho-Oh
|-damage|p2a: Ho-Oh|84/100
|
|upkeep
|turn|55
|
|t:|1663474390
|move|p2a: Ho-Oh|Thunder Wave|p1a: Necrozma
|-fail|p1a: Necrozma|par
|move|p1a: Necrozma|Sunsteel Strike|p2a: Ho-Oh
|-resisted|p2a: Ho-Oh
|-damage|p2a: Ho-Oh|67/100
|
|upkeep
|turn|56
|
|t:|1663474393
|switch|p1a: Zooted up|Glalie, F, shiny|38/100
|move|p2a: Ho-Oh|Defog|p1a: Zooted up
|-unboost|p1a: Zooted up|evasion|1
|-sideend|p2: nutbustas|Stealth Rock|[from] move: Defog|[of] p2a: Ho-Oh
|
|-heal|p1a: Zooted up|44/100|[from] item: Leftovers
|-ability|p1a: Zooted up|Moody|boost
|-boost|p1a: Zooted up|spd|2
|-unboost|p1a: Zooted up|def|1
|upkeep
|turn|57
|
|t:|1663474398
|move|p1a: Zooted up|Taunt|p2a: Ho-Oh
|-start|p2a: Ho-Oh|move: Taunt
|cant|p2a: Ho-Oh|move: Taunt|Thunder Wave
|
|-heal|p1a: Zooted up|50/100|[from] item: Leftovers
|-ability|p1a: Zooted up|Moody|boost
|-boost|p1a: Zooted up|def|2
|-unboost|p1a: Zooted up|spd|1
|upkeep
|turn|58
|
|t:|1663474401
|switch|p2a: Yveltal|Yveltal|69/100
|-ability|p2a: Yveltal|Dark Aura
|move|p1a: Zooted up|Substitute|p1a: Zooted up
|-start|p1a: Zooted up|Substitute
|-damage|p1a: Zooted up|25/100
|
|-heal|p1a: Zooted up|31/100|[from] item: Leftovers
|-ability|p1a: Zooted up|Moody|boost
|-boost|p1a: Zooted up|spd|2
|-unboost|p1a: Zooted up|atk|1
|upkeep
|turn|59
|
|t:|1663474412
|move|p1a: Zooted up|Protect|p1a: Zooted up
|-singleturn|p1a: Zooted up|Protect
|move|p2a: Yveltal|Knock Off|p1a: Zooted up
|-activate|p1a: Zooted up|move: Protect
|
|-heal|p1a: Zooted up|37/100|[from] item: Leftovers
|-ability|p1a: Zooted up|Moody|boost
|-boost|p1a: Zooted up|atk|2
|-unboost|p1a: Zooted up|spa|1
|upkeep
|turn|60
|
|t:|1663474421
|move|p2a: Yveltal|Knock Off|p1a: Zooted up
|-end|p1a: Zooted up|Substitute
|move|p1a: Zooted up|Freeze-Dry|p2a: Yveltal
|-supereffective|p2a: Yveltal
|-damage|p2a: Yveltal|51/100
|-status|p2a: Yveltal|frz
|
|-heal|p1a: Zooted up|43/100|[from] item: Leftovers
|-ability|p1a: Zooted up|Moody|boost
|-boost|p1a: Zooted up|atk|2
|-unboost|p1a: Zooted up|spe|1
|upkeep
|turn|61
|
|t:|1663474435
|cant|p2a: Yveltal|frz
|move|p1a: Zooted up|Substitute|p1a: Zooted up
|-start|p1a: Zooted up|Substitute
|-damage|p1a: Zooted up|18/100
|
|-heal|p1a: Zooted up|24/100|[from] item: Leftovers
|-ability|p1a: Zooted up|Moody|boost
|-boost|p1a: Zooted up|spa|2
|-unboost|p1a: Zooted up|spe|1
|upkeep
|turn|62
|c|☆nutbustas|oh no
|c|☆Chicken man zero|Rip
|
|t:|1663474446
|move|p1a: Zooted up|Protect|p1a: Zooted up
|-singleturn|p1a: Zooted up|Protect
|cant|p2a: Yveltal|frz
|
|-heal|p1a: Zooted up|30/100|[from] item: Leftovers
|-ability|p1a: Zooted up|Moody|boost
|-boost|p1a: Zooted up|spa|2
|-unboost|p1a: Zooted up|spe|1
|upkeep
|turn|63
|c|☆nutbustas|wtf
|
|t:|1663474457
|cant|p2a: Yveltal|frz
|move|p1a: Zooted up|Substitute|p1a: Zooted up
|-fail|p1a: Zooted up|move: Substitute
|
|-heal|p1a: Zooted up|36/100|[from] item: Leftovers
|-ability|p1a: Zooted up|Moody|boost
|-boost|p1a: Zooted up|atk|2
|-unboost|p1a: Zooted up|spa|1
|upkeep
|turn|64
|
|t:|1663474459
|move|p1a: Zooted up|Protect|p1a: Zooted up
|-singleturn|p1a: Zooted up|Protect
|cant|p2a: Yveltal|frz
|
|-heal|p1a: Zooted up|42/100|[from] item: Leftovers
|-ability|p1a: Zooted up|Moody|boost
|-boost|p1a: Zooted up|spa|2
|-unboost|p1a: Zooted up|def|1
|upkeep
|turn|65
|
|t:|1663474462
|cant|p2a: Yveltal|frz
|move|p1a: Zooted up|Substitute|p1a: Zooted up
|-fail|p1a: Zooted up|move: Substitute
|
|-heal|p1a: Zooted up|48/100|[from] item: Leftovers
|-ability|p1a: Zooted up|Moody|boost
|-boost|p1a: Zooted up|spd|2
|-unboost|p1a: Zooted up|spa|1
|upkeep
|turn|66
|
|t:|1663474464
|move|p1a: Zooted up|Protect|p1a: Zooted up
|-singleturn|p1a: Zooted up|Protect
|-curestatus|p2a: Yveltal|frz|[msg]
|move|p2a: Yveltal|Knock Off|p1a: Zooted up
|-activate|p1a: Zooted up|move: Protect
|
|-heal|p1a: Zooted up|54/100|[from] item: Leftovers
|-ability|p1a: Zooted up|Moody|boost
|-boost|p1a: Zooted up|def|2
|-unboost|p1a: Zooted up|spe|1
|upkeep
|turn|67
|
|t:|1663474470
|move|p2a: Yveltal|Knock Off|p1a: Zooted up
|-end|p1a: Zooted up|Substitute
|move|p1a: Zooted up|Freeze-Dry|p2a: Yveltal
|-supereffective|p2a: Yveltal
|-damage|p2a: Yveltal|0 fnt
|faint|p2a: Yveltal
|
|-heal|p1a: Zooted up|60/100|[from] item: Leftovers
|-ability|p1a: Zooted up|Moody|boost
|-boost|p1a: Zooted up|def|2
|-unboost|p1a: Zooted up|spa|1
|upkeep
|
|t:|1663474475
|switch|p2a: Xerneas|Xerneas|31/100
|-ability|p2a: Xerneas|Fairy Aura
|turn|68
|c|☆nutbustas|unfreeze
|c|☆nutbustas|gg
|
|t:|1663474482
|move|p2a: Xerneas|Aromatherapy|p2a: Xerneas
|-activate|p2a: Xerneas|move: Aromatherapy
|-curestatus|p2: Eternatus|par|[msg]
|move|p1a: Zooted up|Freeze-Dry|p2a: Xerneas
|-damage|p2a: Xerneas|0 fnt
|faint|p2a: Xerneas
|
|-heal|p1a: Zooted up|66/100|[from] item: Leftovers
|-ability|p1a: Zooted up|Moody|boost
|-boost|p1a: Zooted up|atk|1
|-unboost|p1a: Zooted up|spd|1
|upkeep
|
|t:|1663474485
|switch|p2a: Eternatus|Eternatus|56/100
|-ability|p2a: Eternatus|Pressure
|turn|69
|
|t:|1663474489
|move|p1a: Zooted up|Protect|p1a: Zooted up
|-singleturn|p1a: Zooted up|Protect
|move|p2a: Eternatus|Toxic|p1a: Zooted up
|-activate|p1a: Zooted up|move: Protect
|
|-heal|p1a: Zooted up|72/100|[from] item: Leftovers
|-ability|p1a: Zooted up|Moody|boost
|-boost|p1a: Zooted up|def|2
|-unboost|p1a: Zooted up|atk|1
|upkeep
|turn|70
|
|t:|1663474496
|move|p2a: Eternatus|Mystical Fire|p1a: Zooted up
|-supereffective|p1a: Zooted up
|-damage|p1a: Zooted up|54/100
|-unboost|p1a: Zooted up|spa|1
|move|p1a: Zooted up|Freeze-Dry|p2a: Eternatus
|-supereffective|p2a: Eternatus
|-damage|p2a: Eternatus|19/100
|
|-heal|p1a: Zooted up|60/100|[from] item: Leftovers
|-ability|p1a: Zooted up|Moody|boost
|-boost|p1a: Zooted up|atk|1
|-unboost|p1a: Zooted up|spe|1
|upkeep
|turn|71
|
|t:|1663474499
|move|p2a: Eternatus|Recover|p2a: Eternatus
|-heal|p2a: Eternatus|69/100
|move|p1a: Zooted up|Freeze-Dry|p2a: Eternatus
|-supereffective|p2a: Eternatus
|-damage|p2a: Eternatus|34/100
|
|-heal|p1a: Zooted up|66/100|[from] item: Leftovers
|-ability|p1a: Zooted up|Moody|boost
|-boost|p1a: Zooted up|spa|2
|-unboost|p1a: Zooted up|spe|1
|upkeep
|turn|72
|
|t:|1663474505
|move|p2a: Eternatus|Toxic|p1a: Zooted up
|-status|p1a: Zooted up|tox
|move|p1a: Zooted up|Substitute|p1a: Zooted up
|-start|p1a: Zooted up|Substitute
|-damage|p1a: Zooted up|41/100 tox
|
|-heal|p1a: Zooted up|47/100 tox|[from] item: Leftovers
|-damage|p1a: Zooted up|41/100 tox|[from] psn
|-ability|p1a: Zooted up|Moody|boost
|-boost|p1a: Zooted up|spd|2
|-unboost|p1a: Zooted up|def|1
|upkeep
|turn|73
|
|t:|1663474507
|move|p2a: Eternatus|Recover|p2a: Eternatus
|-heal|p2a: Eternatus|84/100
|move|p1a: Zooted up|Freeze-Dry|p2a: Eternatus
|-supereffective|p2a: Eternatus
|-damage|p2a: Eternatus|22/100
|
|-heal|p1a: Zooted up|47/100 tox|[from] item: Leftovers
|-damage|p1a: Zooted up|35/100 tox|[from] psn
|-ability|p1a: Zooted up|Moody|boost
|-boost|p1a: Zooted up|spa|2
|-unboost|p1a: Zooted up|atk|1
|upkeep
|turn|74
|
|t:|1663474510
|move|p2a: Eternatus|Recover|p2a: Eternatus
|-heal|p2a: Eternatus|72/100
|move|p1a: Zooted up|Freeze-Dry|p2a: Eternatus
|-supereffective|p2a: Eternatus
|-damage|p2a: Eternatus|0 fnt
|faint|p2a: Eternatus
|
|-heal|p1a: Zooted up|41/100 tox|[from] item: Leftovers
|-damage|p1a: Zooted up|23/100 tox|[from] psn
|-ability|p1a: Zooted up|Moody|boost
|-boost|p1a: Zooted up|def|1
|-unboost|p1a: Zooted up|spa|1
|upkeep
|
|t:|1663474512
|switch|p2a: Ho-Oh|Ho-Oh|100/100
|turn|75
|
|t:|1663474519
|move|p1a: Zooted up|Freeze-Dry|p2a: Ho-Oh
|-damage|p2a: Ho-Oh|67/100
|move|p2a: Ho-Oh|Whirlwind|p1a: Zooted up
|drag|p1a: Necrozma|Necrozma-Dusk-Mane|100/100 par
|
|upkeep
|turn|76
|
|t:|1663474524
|switch|p1a: Zooted up|Glalie, F, shiny|23/100 tox
|move|p2a: Ho-Oh|Thunder Wave||[still]
|-fail|p2a: Ho-Oh
|
|-heal|p1a: Zooted up|29/100 tox|[from] item: Leftovers
|-damage|p1a: Zooted up|23/100 tox|[from] psn
|-ability|p1a: Zooted up|Moody|boost
|-boost|p1a: Zooted up|atk|2
|-unboost|p1a: Zooted up|spa|1
|upkeep
|turn|77
|
|t:|1663474528
|move|p1a: Zooted up|Taunt|p2a: Ho-Oh
|-start|p2a: Ho-Oh|move: Taunt
|cant|p2a: Ho-Oh|move: Taunt|Whirlwind
|
|-heal|p1a: Zooted up|29/100 tox|[from] item: Leftovers
|-damage|p1a: Zooted up|17/100 tox|[from] psn
|-ability|p1a: Zooted up|Moody|boost
|-boost|p1a: Zooted up|spe|2
|-unboost|p1a: Zooted up|def|1
|upkeep
|turn|78
|
|t:|1663474531
|switch|p1a: Necrozma|Necrozma-Dusk-Mane|100/100 par
|-activate|p2a: Ho-Oh|move: Struggle
|move|p2a: Ho-Oh|Struggle|p1a: Necrozma
|-crit|p1a: Necrozma
|-damage|p1a: Necrozma|85/100 par
|-damage|p2a: Ho-Oh|42/100|[from] recoil
|
|upkeep
|turn|79
|
|t:|1663474533
|-activate|p2a: Ho-Oh|move: Struggle
|move|p2a: Ho-Oh|Struggle|p1a: Necrozma
|-damage|p1a: Necrozma|75/100 par
|-damage|p2a: Ho-Oh|17/100|[from] recoil
|move|p1a: Necrozma|Sunsteel Strike|p2a: Ho-Oh
|-resisted|p2a: Ho-Oh
|-damage|p2a: Ho-Oh|1/100
|
|-end|p2a: Ho-Oh|move: Taunt
|upkeep
|turn|80
|c|☆Chicken man zero|gg
|c|☆nutbustas|mannnnnn
|c|☆nutbustas|gg
|
|t:|1663474540
|move|p2a: Ho-Oh|Thunder Wave|p1a: Necrozma
|-fail|p1a: Necrozma|par
|move|p1a: Necrozma|Sunsteel Strike|p2a: Ho-Oh
|-resisted|p2a: Ho-Oh
|-damage|p2a: Ho-Oh|0 fnt
|faint|p2a: Ho-Oh
|
|win|Chicken man zero
|raw|Chicken man zero's rating: 1611 &rarr; <strong>1626</strong><br />(+15 for winning)
|raw|nutbustas's rating: 1527 &rarr; <strong>1512</strong><br />(-15 for losing)
|l|☆nutbustas
|l| Aubrey O'Day
||Ladder isn't responding, score probably updated but might not have (Request timeout).
