|j|☆Zoro#3904
|j|☆LD8 nvzhuangkeai
|t:|1662202642
|gametype|singles
|player|p1|Zoro#3904|dragontamer|1468
|player|p2|LD8 nvzhuangkeai|dawn|1715
|teamsize|p1|6
|teamsize|p2|6
|gen|8
|tier|[Gen 8] Ubers
|rated|
|rule|Sleep Clause Mod: Limit one foe put to sleep
|rule|Species Clause: Limit one of each Pokémon
|rule|OHKO Clause: OHKO moves are banned
|rule|Evasion Items Clause: Evasion items are banned
|rule|Evasion Moves Clause: Evasion moves are banned
|rule|Endless Battle Clause: Forcing endless battles is banned
|rule|HP Percentage Mod: HP is shown in percentages
|rule|Dynamax Clause: You cannot dynamax
|clearpoke
|poke|p1|Calyrex-Shadow|
|poke|p1|Kyogre|
|poke|p1|Pheromosa|
|poke|p1|Kartana|
|poke|p1|Yveltal|
|poke|p1|Galvantula, F|
|poke|p2|Kyogre|
|poke|p2|Azumarill, F|
|poke|p2|Landorus-Therian, M|
|poke|p2|Yveltal|
|poke|p2|Necrozma-Dusk-Mane|
|poke|p2|Eternatus|
|teampreview
|
|t:|1662202661
|start
|switch|p1a: spider lay web|Galvantula, F, shiny|100/100
|switch|p2a: Landorus|Landorus-Therian, M|100/100
|-ability|p2a: Landorus|Intimidate|boost
|-unboost|p1a: spider lay web|atk|1
|turn|1
|
|t:|1662202671
|move|p1a: spider lay web|Sticky Web|p2a: Landorus
|-sidestart|p2: LD8 nvzhuangkeai|move: Sticky Web
|move|p2a: Landorus|U-turn|p1a: spider lay web
|-crit|p1a: spider lay web
|-damage|p1a: spider lay web|23/100
|
|t:|1662202678
|switch|p2a: Eternatus|Eternatus|100/100|[from]move: U-turn
|-activate|p2a: Eternatus|move: Sticky Web
|-unboost|p2a: Eternatus|spe|1
|-ability|p2a: Eternatus|Pressure
|
|upkeep
|turn|2
|
|t:|1662202680
|switch|p2a: Landorus|Landorus-Therian, M|100/100
|-ability|p2a: Landorus|Intimidate|boost
|-unboost|p1a: spider lay web|atk|1
|move|p1a: spider lay web|Thunder Wave|p2a: Landorus
|-immune|p2a: Landorus
|
|upkeep
|turn|3
|
|t:|1662202683
|move|p1a: spider lay web|Toxic|p2a: Landorus
|-status|p2a: Landorus|tox
|move|p2a: Landorus|U-turn|p1a: spider lay web
|-damage|p1a: spider lay web|0 fnt
|faint|p1a: spider lay web
|
|t:|1662202689
|switch|p2a: Azumarill|Azumarill, F|100/100|[from]move: U-turn
|-activate|p2a: Azumarill|move: Sticky Web
|-unboost|p2a: Azumarill|spe|1
|
|upkeep
|
|t:|1662202693
|switch|p1a: Kartana|Kartana, shiny|100/100
|turn|4
|
|t:|1662202695
|move|p1a: Kartana|Leaf Blade|p2a: Azumarill
|-ability|p2a: Azumarill|Sap Sipper|boost
|-boost|p2a: Azumarill|atk|1
|move|p2a: Azumarill|Whirlpool|p1a: Kartana
|-resisted|p1a: Kartana
|-damage|p1a: Kartana|87/100
|-activate|p1a: Kartana|move: Whirlpool|[of] p2a: Azumarill
|
|-damage|p1a: Kartana|75/100|[from] move: Whirlpool|[partiallytrapped]
|upkeep
|turn|5
|
|t:|1662202708
|move|p1a: Kartana|Smart Strike|p2a: Azumarill
|-damage|p2a: Azumarill|39/100
|-damage|p1a: Kartana|65/100|[from] item: Life Orb
|move|p2a: Azumarill|Perish Song|p2a: Azumarill
|-start|p1a: Kartana|perish3|[silent]
|-start|p2a: Azumarill|perish3|[silent]
|-fieldactivate|move: Perish Song
|
|-heal|p2a: Azumarill|46/100|[from] item: Leftovers
|-damage|p1a: Kartana|53/100|[from] move: Whirlpool|[partiallytrapped]
|-start|p1a: Kartana|perish3
|-start|p2a: Azumarill|perish3
|upkeep
|turn|6
|
|t:|1662202720
|switch|p2a: Necrozma|Necrozma-Dusk-Mane|100/100
|-activate|p2a: Necrozma|move: Sticky Web
|-unboost|p2a: Necrozma|spe|1
|move|p1a: Kartana|Smart Strike|p2a: Necrozma
|-resisted|p2a: Necrozma
|-damage|p2a: Necrozma|79/100
|-damage|p1a: Kartana|43/100|[from] item: Life Orb
|
|-heal|p2a: Necrozma|85/100|[from] item: Leftovers
|-end|p1a: Kartana|Whirlpool|[partiallytrapped]|[silent]
|-start|p1a: Kartana|perish2
|upkeep
|turn|7
|
|t:|1662202737
|move|p1a: Kartana|Knock Off|p2a: Necrozma
|-supereffective|p2a: Necrozma
|-damage|p2a: Necrozma|25/100
|-enditem|p2a: Necrozma|Leftovers|[from] move: Knock Off|[of] p1a: Kartana
|-damage|p1a: Kartana|34/100|[from] item: Life Orb
|move|p2a: Necrozma|Stealth Rock|p1a: Kartana
|-sidestart|p1: Zoro#3904|move: Stealth Rock
|
|-start|p1a: Kartana|perish1
|upkeep
|turn|8
|
|t:|1662202740
|switch|p2a: Yveltal|Yveltal|100/100
|-ability|p2a: Yveltal|Dark Aura
|move|p1a: Kartana|Knock Off|p2a: Yveltal
|-resisted|p2a: Yveltal
|-damage|p2a: Yveltal|73/100
|-enditem|p2a: Yveltal|Heavy-Duty Boots|[from] move: Knock Off|[of] p1a: Kartana
|-damage|p1a: Kartana|24/100|[from] item: Life Orb
|
|-start|p1a: Kartana|perish0
|upkeep
|faint|p1a: Kartana
|
|t:|1662202751
|switch|p1a: Pheromosa|Pheromosa, shiny|100/100
|-damage|p1a: Pheromosa|88/100|[from] Stealth Rock
|turn|9
|
|t:|1662202764
|switch|p2a: Azumarill|Azumarill, F|46/100
|-activate|p2a: Azumarill|move: Sticky Web
|-unboost|p2a: Azumarill|spe|1
|move|p1a: Pheromosa|Triple Axel|p2a: Azumarill|[miss]
|-miss|p1a: Pheromosa|p2a: Azumarill
|
|-heal|p2a: Azumarill|52/100|[from] item: Leftovers
|upkeep
|turn|10
|
|t:|1662202773
|move|p1a: Pheromosa|Poison Jab|p2a: Azumarill
|-supereffective|p2a: Azumarill
|-damage|p2a: Azumarill|0 fnt
|faint|p2a: Azumarill
|-ability|p1a: Pheromosa|Beast Boost|boost
|-boost|p1a: Pheromosa|spe|1
|-damage|p1a: Pheromosa|78/100|[from] item: Life Orb
|
|upkeep
|
|t:|1662202778
|switch|p2a: Kyogre|Kyogre|100/100
|-activate|p2a: Kyogre|move: Sticky Web
|-unboost|p2a: Kyogre|spe|1
|-weather|RainDance|[from] ability: Drizzle|[of] p2a: Kyogre
|turn|11
|
|t:|1662202789
|move|p1a: Pheromosa|Drill Run|p2a: Kyogre
|-damage|p2a: Kyogre|77/100
|-damage|p1a: Pheromosa|68/100|[from] item: Life Orb
|move|p2a: Kyogre|Scald|p1a: Pheromosa
|-damage|p1a: Pheromosa|0 fnt
|faint|p1a: Pheromosa
|
|-weather|RainDance|[upkeep]
|-heal|p2a: Kyogre|83/100|[from] item: Leftovers
|upkeep
|
|t:|1662202795
|switch|p1a: Yveltal|Yveltal|100/100
|-damage|p1a: Yveltal|76/100|[from] Stealth Rock
|-ability|p1a: Yveltal|Dark Aura
|turn|12
|
|t:|1662202799
|move|p1a: Yveltal|Knock Off|p2a: Kyogre
|-damage|p2a: Kyogre|34/100
|-enditem|p2a: Kyogre|Leftovers|[from] move: Knock Off|[of] p1a: Yveltal
|move|p2a: Kyogre|Scald|p1a: Yveltal
|-damage|p1a: Yveltal|21/100
|
|-weather|RainDance|[upkeep]
|upkeep
|turn|13
|
|t:|1662202803
|move|p1a: Yveltal|Sucker Punch|p2a: Kyogre
|-damage|p2a: Kyogre|0 fnt
|faint|p2a: Kyogre
|
|-weather|RainDance|[upkeep]
|upkeep
|
|t:|1662202805
|switch|p2a: Landorus|Landorus-Therian, M|100/100 tox
|-ability|p2a: Landorus|Intimidate|boost
|-unboost|p1a: Yveltal|atk|1
|turn|14
|
|t:|1662202808
|move|p1a: Yveltal|Knock Off|p2a: Landorus
|-damage|p2a: Landorus|41/100 tox
|-enditem|p2a: Landorus|Leftovers|[from] move: Knock Off|[of] p1a: Yveltal
|move|p2a: Landorus|U-turn|p1a: Yveltal
|-damage|p1a: Yveltal|0 fnt
|faint|p1a: Yveltal
|
|t:|1662202811
|switch|p2a: Eternatus|Eternatus|100/100|[from]move: U-turn
|-activate|p2a: Eternatus|move: Sticky Web
|-unboost|p2a: Eternatus|spe|1
|-ability|p2a: Eternatus|Pressure
|
|-weather|RainDance|[upkeep]
|upkeep
|
|t:|1662202822
|switch|p1a: Kyogre|Kyogre|100/100
|-damage|p1a: Kyogre|88/100|[from] Stealth Rock
|turn|15
|
|t:|1662202841
|move|p1a: Kyogre|Ice Beam|p2a: Eternatus
|-supereffective|p2a: Eternatus
|-damage|p2a: Eternatus|41/100
|-enditem|p2a: Eternatus|Eject Button
|
|t:|1662202847
|switch|p2a: Necrozma|Necrozma-Dusk-Mane|25/100
|-activate|p2a: Necrozma|move: Sticky Web
|-unboost|p2a: Necrozma|spe|1
|
|-weather|none
|upkeep
|turn|16
|
|t:|1662202851
|move|p1a: Kyogre|Ice Beam|p2a: Necrozma
|-resisted|p2a: Necrozma
|-damage|p2a: Necrozma|10/100
|move|p2a: Necrozma|Thunder Wave|p1a: Kyogre
|-status|p1a: Kyogre|par
|
|upkeep
|turn|17
|
|t:|1662202853
|move|p1a: Kyogre|Ice Beam|p2a: Necrozma
|-resisted|p2a: Necrozma
|-crit|p2a: Necrozma
|-damage|p2a: Necrozma|0 fnt
|faint|p2a: Necrozma
|
|upkeep
|
|t:|1662202856
|switch|p2a: Eternatus|Eternatus|41/100
|-activate|p2a: Eternatus|move: Sticky Web
|-unboost|p2a: Eternatus|spe|1
|-ability|p2a: Eternatus|Pressure
|turn|18
|
|t:|1662202858
|move|p2a: Eternatus|Recover|p2a: Eternatus
|-heal|p2a: Eternatus|91/100
|move|p1a: Kyogre|Ice Beam|p2a: Eternatus
|-supereffective|p2a: Eternatus
|-damage|p2a: Eternatus|29/100
|
|upkeep
|turn|19
|
|t:|1662202861
|move|p2a: Eternatus|Dynamax Cannon|p1a: Kyogre
|-damage|p1a: Kyogre|49/100 par
|move|p1a: Kyogre|Ice Beam|p2a: Eternatus
|-supereffective|p2a: Eternatus
|-damage|p2a: Eternatus|0 fnt
|faint|p2a: Eternatus
|
|upkeep
|
|t:|1662202863
|switch|p2a: Landorus|Landorus-Therian, M|41/100 tox
|-ability|p2a: Landorus|Intimidate|boost
|-unboost|p1a: Kyogre|atk|1
|turn|20
|
|t:|1662202866
|move|p2a: Landorus|Earthquake|p1a: Kyogre
|-damage|p1a: Kyogre|0 fnt
|faint|p1a: Kyogre
|
|-damage|p2a: Landorus|35/100 tox|[from] psn
|upkeep
|
|t:|1662202868
|switch|p1a: horsey|Calyrex-Shadow|100/100
|-ability|p1a: horsey|As One
|-ability|p1a: horsey|Unnerve
|-damage|p1a: horsey|88/100|[from] Stealth Rock
|turn|21
|
|t:|1662202871
|move|p1a: horsey|Astral Barrage|p2a: Landorus
|-damage|p2a: Landorus|0 fnt
|faint|p2a: Landorus
|-ability|p1a: horsey|Grim Neigh|boost
|-boost|p1a: horsey|spa|1
|
|upkeep
|
|t:|1662202873
|switch|p2a: Yveltal|Yveltal|73/100
|-ability|p2a: Yveltal|Dark Aura
|turn|22
|
|t:|1662202875
|move|p2a: Yveltal|Sucker Punch||[still]
|-fail|p2a: Yveltal
|move|p1a: horsey|Substitute|p1a: horsey
|-start|p1a: horsey|Substitute
|-damage|p1a: horsey|63/100
|
|upkeep
|turn|23
|
|t:|1662202877
|move|p1a: horsey|Draining Kiss|p2a: Yveltal
|-supereffective|p2a: Yveltal
|-damage|p2a: Yveltal|32/100
|-heal|p1a: horsey|100/100|[from] drain|[of] p2a: Yveltal
|move|p2a: Yveltal|Knock Off|p1a: horsey
|-supereffective|p1a: horsey
|-end|p1a: horsey|Substitute
|
|upkeep
|turn|24
|
|t:|1662202882
|move|p1a: horsey|Draining Kiss|p2a: Yveltal
|-supereffective|p2a: Yveltal
|-damage|p2a: Yveltal|0 fnt
|faint|p2a: Yveltal
|
|win|Zoro#3904
|raw|Zoro#3904's rating: 1449 &rarr; <strong>1482</strong><br />(+33 for winning)
|raw|LD8 nvzhuangkeai's rating: 1715 &rarr; <strong>1682</strong><br />(-33 for losing)
|c|☆Zoro#3904|gg
|l|☆LD8 nvzhuangkeai
