|j|☆Pkmn3443
|j|☆PokeDuels
|t:|1633997885
|gametype|singles
|player|p1|Pkmn3443|2|1578
|player|p2|PokeDuels|2|1663
|teamsize|p1|6
|teamsize|p2|6
|gen|8
|tier|[Gen 8] Ubers
|rated|
|rule|Sleep Clause Mod: Limit one foe put to sleep
|rule|Species Clause: Limit one of each Pokémon
|rule|OHKO Clause: OHKO moves are banned
|rule|Evasion Moves Clause: Evasion moves are banned
|rule|Endless Battle Clause: Forcing endless battles is banned
|rule|HP Percentage Mod: HP is shown in percentages
|rule|Dynamax Clause: You cannot dynamax
|clearpoke
|poke|p1|Calyrex-Shadow|
|poke|p1|Necrozma-Dusk-Mane|
|poke|p1|Ho-Oh|
|poke|p1|Eternatus|
|poke|p1|Marshadow|
|poke|p1|Yveltal|
|poke|p2|Tyranitar, M|
|poke|p2|Eternatus|
|poke|p2|Zygarde|
|poke|p2|Ho-Oh|
|poke|p2|Necrozma-Dusk-Mane|
|poke|p2|Tapu Bulu|
|teampreview
|
|t:|1633997906
|start
|switch|p1a: Calyrex|Calyrex-Shadow|100/100
|switch|p2a: Eternatus|Eternatus|100/100
|-ability|p1a: Calyrex|As One
|-ability|p1a: Calyrex|Unnerve
|-ability|p2a: Eternatus|Pressure
|-item|p2a: Eternatus|Air Balloon
|turn|1
|
|t:|1633997911
|switch|p2a: Tyranitar|Tyranitar, M|100/100
|-weather|Sandstorm|[from] ability: Sand Stream|[of] p2a: Tyranitar
|move|p1a: Calyrex|Trick|p2a: Tyranitar
|-activate|p1a: Calyrex|move: Trick|[of] p2a: Tyranitar
|-item|p2a: Tyranitar|Choice Scarf|[from] move: Trick
|-item|p1a: Calyrex|Leftovers|[from] move: Trick
|
|-weather|Sandstorm|[upkeep]
|-damage|p1a: Calyrex|94/100|[from] Sandstorm
|-heal|p1a: Calyrex|100/100|[from] item: Leftovers
|upkeep
|turn|2
|
|t:|1633997914
|switch|p1a: Eternatus|Eternatus|100/100
|-ability|p1a: Eternatus|Pressure
|move|p2a: Tyranitar|Stealth Rock|p1a: Eternatus
|-sidestart|p1: Pkmn3443|move: Stealth Rock
|
|-weather|Sandstorm|[upkeep]
|-damage|p1a: Eternatus|94/100|[from] Sandstorm
|-heal|p1a: Eternatus|100/100|[from] item: Black Sludge
|upkeep
|turn|3
|
|t:|1633997921
|switch|p2a: Necrozma|Necrozma-Dusk-Mane|100/100
|move|p1a: Eternatus|Toxic|p2a: Necrozma
|-immune|p2a: Necrozma
|
|-weather|Sandstorm|[upkeep]
|-damage|p1a: Eternatus|94/100|[from] Sandstorm
|-heal|p1a: Eternatus|100/100|[from] item: Black Sludge
|upkeep
|turn|4
|
|t:|1633997926
|switch|p1a: Ho-Oh|Ho-Oh|100/100
|move|p2a: Necrozma|Thunder Wave|p1a: Ho-Oh
|-status|p1a: Ho-Oh|par
|
|-weather|Sandstorm|[upkeep]
|-damage|p1a: Ho-Oh|94/100 par|[from] Sandstorm
|upkeep
|turn|5
|
|t:|1633997936
|switch|p2a: Tyranitar|Tyranitar, M|100/100
|move|p1a: Ho-Oh|Defog|p2a: Tyranitar
|-unboost|p2a: Tyranitar|evasion|1
|-sideend|p1: Pkmn3443|Stealth Rock|[from] move: Defog|[of] p1a: Ho-Oh
|
|-weather|none
|upkeep
|turn|6
|
|t:|1633997939
|switch|p1a: Eternatus|Eternatus|100/100
|-ability|p1a: Eternatus|Pressure
|move|p2a: Tyranitar|Stealth Rock|p1a: Eternatus
|-sidestart|p1: Pkmn3443|move: Stealth Rock
|
|upkeep
|turn|7
|
|t:|1633997942
|switch|p1a: Ho-Oh|Ho-Oh|100/100 par
|switch|p2a: Necrozma|Necrozma-Dusk-Mane|100/100
|
|upkeep
|turn|8
|
|t:|1633997945
|switch|p2a: Tyranitar|Tyranitar, M|100/100
|-weather|Sandstorm|[from] ability: Sand Stream|[of] p2a: Tyranitar
|move|p1a: Ho-Oh|Defog|p2a: Tyranitar
|-unboost|p2a: Tyranitar|evasion|1
|-sideend|p1: Pkmn3443|Stealth Rock|[from] move: Defog|[of] p1a: Ho-Oh
|
|-weather|Sandstorm|[upkeep]
|-damage|p1a: Ho-Oh|94/100 par|[from] Sandstorm
|upkeep
|turn|9
|
|t:|1633997951
|switch|p1a: Eternatus|Eternatus|100/100
|-ability|p1a: Eternatus|Pressure
|move|p2a: Tyranitar|Stealth Rock|p1a: Eternatus
|-sidestart|p1: Pkmn3443|move: Stealth Rock
|
|-weather|Sandstorm|[upkeep]
|-damage|p1a: Eternatus|94/100|[from] Sandstorm
|-heal|p1a: Eternatus|100/100|[from] item: Black Sludge
|upkeep
|turn|10
|
|t:|1633997953
|switch|p1a: Ho-Oh|Ho-Oh|100/100 par
|switch|p2a: Necrozma|Necrozma-Dusk-Mane|100/100
|
|-weather|Sandstorm|[upkeep]
|-damage|p1a: Ho-Oh|94/100 par|[from] Sandstorm
|upkeep
|turn|11
|
|t:|1633997955
|switch|p2a: Tyranitar|Tyranitar, M|100/100
|cant|p1a: Ho-Oh|par
|
|-weather|Sandstorm|[upkeep]
|-damage|p1a: Ho-Oh|88/100 par|[from] Sandstorm
|upkeep
|turn|12
|
|t:|1633997957
|switch|p1a: Eternatus|Eternatus|100/100
|-damage|p1a: Eternatus|88/100|[from] Stealth Rock
|-ability|p1a: Eternatus|Pressure
|move|p2a: Tyranitar|Stone Edge|p1a: Eternatus|[miss]
|-miss|p2a: Tyranitar|p1a: Eternatus
|
|-weather|none
|-heal|p1a: Eternatus|94/100|[from] item: Black Sludge
|upkeep
|turn|13
|
|t:|1633997968
|switch|p2a: Ho-Oh|Ho-Oh|100/100
|move|p1a: Eternatus|Toxic|p2a: Ho-Oh
|-status|p2a: Ho-Oh|tox
|
|-heal|p1a: Eternatus|100/100|[from] item: Black Sludge
|-damage|p2a: Ho-Oh|94/100 tox|[from] psn
|upkeep
|turn|14
|
|t:|1633997970
|switch|p1a: Ho-Oh|Ho-Oh|100/100 par
|move|p2a: Ho-Oh|Thunder Wave|p1a: Ho-Oh
|-fail|p1a: Ho-Oh|par
|
|-damage|p2a: Ho-Oh|82/100 tox|[from] psn
|upkeep
|turn|15
|
|t:|1633997974
|move|p2a: Ho-Oh|Brave Bird|p1a: Ho-Oh
|-damage|p1a: Ho-Oh|61/100 par
|-damage|p2a: Ho-Oh|69/100 tox|[from] Recoil
|move|p1a: Ho-Oh|Defog|p2a: Ho-Oh
|-unboost|p2a: Ho-Oh|evasion|1
|-sideend|p1: Pkmn3443|Stealth Rock|[from] move: Defog|[of] p1a: Ho-Oh
|
|-damage|p2a: Ho-Oh|50/100 tox|[from] psn
|upkeep
|turn|16
|
|t:|1633997977
|switch|p1a: Eternatus|Eternatus|100/100
|-ability|p1a: Eternatus|Pressure
|move|p2a: Ho-Oh|Brave Bird|p1a: Eternatus
|-damage|p1a: Eternatus|50/100
|-damage|p2a: Ho-Oh|31/100 tox|[from] Recoil
|
|-heal|p1a: Eternatus|56/100|[from] item: Black Sludge
|-damage|p2a: Ho-Oh|6/100 tox|[from] psn
|upkeep
|turn|17
|
|t:|1633997980
|switch|p2a: Necrozma|Necrozma-Dusk-Mane|100/100
|move|p1a: Eternatus|Recover|p1a: Eternatus
|-heal|p1a: Eternatus|100/100
|
|upkeep
|turn|18
|
|t:|1633997985
|switch|p1a: Ho-Oh|Ho-Oh|94/100 par
|move|p2a: Necrozma|Stealth Rock|p1a: Ho-Oh
|-sidestart|p1: Pkmn3443|move: Stealth Rock
|
|upkeep
|turn|19
|
|t:|1633997991
|switch|p2a: Ho-Oh|Ho-Oh|39/100 tox
|move|p1a: Ho-Oh|Defog|p2a: Ho-Oh
|-unboost|p2a: Ho-Oh|evasion|1
|-sideend|p1: Pkmn3443|Stealth Rock|[from] move: Defog|[of] p1a: Ho-Oh
|
|-damage|p2a: Ho-Oh|32/100 tox|[from] psn
|upkeep
|turn|20
|
|t:|1633997997
|switch|p2a: Tyranitar|Tyranitar, M|100/100
|-weather|Sandstorm|[from] ability: Sand Stream|[of] p2a: Tyranitar
|cant|p1a: Ho-Oh|par
|
|-weather|Sandstorm|[upkeep]
|-damage|p1a: Ho-Oh|88/100 par|[from] Sandstorm
|upkeep
|turn|21
|
|t:|1633998003
|switch|p1a: Eternatus|Eternatus|100/100
|-ability|p1a: Eternatus|Pressure
|move|p2a: Tyranitar|Foul Play|p1a: Eternatus
|-damage|p1a: Eternatus|84/100
|
|-weather|Sandstorm|[upkeep]
|-damage|p1a: Eternatus|77/100|[from] Sandstorm
|-heal|p1a: Eternatus|84/100|[from] item: Black Sludge
|upkeep
|turn|22
|
|t:|1633998008
|switch|p1a: Ho-Oh|Ho-Oh|100/100 par
|switch|p2a: Ho-Oh|Ho-Oh|66/100 tox
|
|-weather|Sandstorm|[upkeep]
|-damage|p2a: Ho-Oh|59/100 tox|[from] Sandstorm
|-damage|p1a: Ho-Oh|94/100 par|[from] Sandstorm
|-damage|p2a: Ho-Oh|53/100 tox|[from] psn
|upkeep
|turn|23
|
|t:|1633998012
|switch|p2a: Tyranitar|Tyranitar, M|100/100
|cant|p1a: Ho-Oh|par
|
|-weather|Sandstorm|[upkeep]
|-damage|p1a: Ho-Oh|88/100 par|[from] Sandstorm
|upkeep
|turn|24
|
|t:|1633998016
|switch|p1a: Eternatus|Eternatus|84/100
|-ability|p1a: Eternatus|Pressure
|move|p2a: Tyranitar|Stealth Rock|p1a: Eternatus
|-sidestart|p1: Pkmn3443|move: Stealth Rock
|
|-weather|none
|-heal|p1a: Eternatus|90/100|[from] item: Black Sludge
|upkeep
|turn|25
|
|t:|1633998022
|switch|p1a: Ho-Oh|Ho-Oh|100/100 par
|switch|p2a: Ho-Oh|Ho-Oh|86/100 tox
|
|-damage|p2a: Ho-Oh|80/100 tox|[from] psn
|upkeep
|turn|26
|
|t:|1633998025
|move|p2a: Ho-Oh|Brave Bird|p1a: Ho-Oh
|-damage|p1a: Ho-Oh|55/100 par
|-damage|p2a: Ho-Oh|65/100 tox|[from] Recoil
|move|p1a: Ho-Oh|Defog|p2a: Ho-Oh
|-unboost|p2a: Ho-Oh|evasion|1
|-sideend|p1: Pkmn3443|Stealth Rock|[from] move: Defog|[of] p1a: Ho-Oh
|
|-damage|p2a: Ho-Oh|52/100 tox|[from] psn
|upkeep
|turn|27
|
|t:|1633998032
|switch|p1a: Eternatus|Eternatus|90/100
|-ability|p1a: Eternatus|Pressure
|move|p2a: Ho-Oh|Thunder Wave|p1a: Eternatus
|-status|p1a: Eternatus|par
|
|-heal|p1a: Eternatus|96/100 par|[from] item: Black Sludge
|-damage|p2a: Ho-Oh|34/100 tox|[from] psn
|upkeep
|turn|28
|
|t:|1633998035
|switch|p2a: Necrozma|Necrozma-Dusk-Mane|100/100
|switch|p1a: Ho-Oh|Ho-Oh|88/100 par
|
|upkeep
|turn|29
|
|t:|1633998037
|switch|p2a: Ho-Oh|Ho-Oh|67/100 tox
|switch|p1a: Eternatus|Eternatus|96/100 par
|-ability|p1a: Eternatus|Pressure
|
|-heal|p1a: Eternatus|100/100 par|[from] item: Black Sludge
|-damage|p2a: Ho-Oh|61/100 tox|[from] psn
|upkeep
|turn|30
|
|t:|1633998043
|switch|p1a: Necrozma|Necrozma-Dusk-Mane|100/100
|move|p2a: Ho-Oh|Brave Bird|p1a: Necrozma
|-resisted|p1a: Necrozma
|-crit|p1a: Necrozma
|-damage|p1a: Necrozma|74/100
|-damage|p2a: Ho-Oh|44/100 tox|[from] item: Rocky Helmet|[of] p1a: Necrozma
|-damage|p2a: Ho-Oh|36/100 tox|[from] Recoil
|
|-damage|p2a: Ho-Oh|23/100 tox|[from] psn
|upkeep
|turn|31
|
|t:|1633998047
|switch|p2a: Necrozma|Necrozma-Dusk-Mane|100/100
|move|p1a: Necrozma|Stealth Rock|p2a: Necrozma
|-sidestart|p2: PokeDuels|move: Stealth Rock
|
|upkeep
|turn|32
|
|t:|1633998051
|move|p2a: Necrozma|Stealth Rock|p1a: Necrozma
|-sidestart|p1: Pkmn3443|move: Stealth Rock
|move|p1a: Necrozma|Knock Off|p2a: Necrozma
|-supereffective|p2a: Necrozma
|-damage|p2a: Necrozma|64/100
|-enditem|p2a: Necrozma|Leftovers|[from] move: Knock Off|[of] p1a: Necrozma
|
|upkeep
|turn|33
|
|t:|1633998053
|move|p2a: Necrozma|Thunder Wave|p1a: Necrozma
|-status|p1a: Necrozma|par
|move|p1a: Necrozma|Knock Off|p2a: Necrozma
|-supereffective|p2a: Necrozma
|-damage|p2a: Necrozma|42/100
|
|upkeep
|turn|34
|
|t:|1633998056
|move|p2a: Necrozma|Moonlight|p2a: Necrozma
|-heal|p2a: Necrozma|92/100
|move|p1a: Necrozma|Knock Off|p2a: Necrozma
|-supereffective|p2a: Necrozma
|-damage|p2a: Necrozma|68/100
|
|upkeep
|turn|35
|
|t:|1633998067
|switch|p2a: Zygarde|Zygarde|100/100
|-damage|p2a: Zygarde|94/100|[from] Stealth Rock
|move|p1a: Necrozma|Knock Off|p2a: Zygarde
|-damage|p2a: Zygarde|71/100
|-enditem|p2a: Zygarde|Leftovers|[from] move: Knock Off|[of] p1a: Necrozma
|
|upkeep
|turn|36
|
|t:|1633998071
|switch|p1a: Ho-Oh|Ho-Oh|100/100 par
|move|p2a: Zygarde|Thousand Arrows|p1a: Ho-Oh
|-damage|p1a: Ho-Oh|81/100 par
|-start|p1a: Ho-Oh|Smack Down
|
|upkeep
|turn|37
|
|t:|1633998074
|move|p2a: Zygarde|Thousand Arrows|p1a: Ho-Oh
|-supereffective|p1a: Ho-Oh
|-damage|p1a: Ho-Oh|42/100 par
|move|p1a: Ho-Oh|Toxic|p2a: Zygarde
|-status|p2a: Zygarde|tox
|
|-damage|p2a: Zygarde|65/100 tox|[from] psn
|upkeep
|turn|38
|
|t:|1633998080
|switch|p1a: Calyrex|Calyrex-Shadow|100/100
|-ability|p1a: Calyrex|As One
|-ability|p1a: Calyrex|Unnerve
|-damage|p1a: Calyrex|88/100|[from] Stealth Rock
|move|p2a: Zygarde|Glare|p1a: Calyrex
|-status|p1a: Calyrex|par
|
|-heal|p1a: Calyrex|94/100 par|[from] item: Leftovers
|-damage|p2a: Zygarde|53/100 tox|[from] psn
|upkeep
|turn|39
|
|t:|1633998085
|switch|p2a: Tyranitar|Tyranitar, M|100/100
|-damage|p2a: Tyranitar|88/100|[from] Stealth Rock
|-weather|Sandstorm|[from] ability: Sand Stream|[of] p2a: Tyranitar
|move|p1a: Calyrex|Aromatherapy|p1a: Calyrex
|-activate|p1a: Calyrex|move: Aromatherapy
|-curestatus|p1a: Calyrex|par|[msg]
|-curestatus|p1: Eternatus|par|[msg]
|-curestatus|p1: Necrozma|par|[msg]
|-curestatus|p1: Ho-Oh|par|[msg]
|
|-weather|Sandstorm|[upkeep]
|-damage|p1a: Calyrex|88/100|[from] Sandstorm
|-heal|p1a: Calyrex|94/100|[from] item: Leftovers
|upkeep
|turn|40
|
|t:|1633998091
|switch|p1a: Eternatus|Eternatus|100/100
|-damage|p1a: Eternatus|88/100|[from] Stealth Rock
|-ability|p1a: Eternatus|Pressure
|switch|p2a: Ho-Oh|Ho-Oh|56/100 tox
|
|-weather|Sandstorm|[upkeep]
|-damage|p1a: Eternatus|82/100|[from] Sandstorm
|-damage|p2a: Ho-Oh|50/100 tox|[from] Sandstorm
|-heal|p1a: Eternatus|88/100|[from] item: Black Sludge
|-damage|p2a: Ho-Oh|44/100 tox|[from] psn
|upkeep
|turn|41
|
|t:|1633998096
|switch|p2a: Necrozma|Necrozma-Dusk-Mane|68/100
|-damage|p2a: Necrozma|62/100|[from] Stealth Rock
|move|p1a: Eternatus|Dynamax Cannon|p2a: Necrozma
|-resisted|p2a: Necrozma
|-damage|p2a: Necrozma|46/100
|
|-weather|Sandstorm|[upkeep]
|-damage|p1a: Eternatus|82/100|[from] Sandstorm
|-heal|p1a: Eternatus|88/100|[from] item: Black Sludge
|upkeep
|turn|42
|
|t:|1633998099
|move|p1a: Eternatus|Flamethrower|p2a: Necrozma
|-supereffective|p2a: Necrozma
|-damage|p2a: Necrozma|18/100
|move|p2a: Necrozma|Thunder Wave|p1a: Eternatus
|-status|p1a: Eternatus|par
|
|-weather|Sandstorm|[upkeep]
|-damage|p1a: Eternatus|82/100 par|[from] Sandstorm
|-heal|p1a: Eternatus|88/100 par|[from] item: Black Sludge
|upkeep
|turn|43
|
|t:|1633998102
|move|p2a: Necrozma|Moonlight|p2a: Necrozma
|-heal|p2a: Necrozma|43/100
|move|p1a: Eternatus|Flamethrower|p2a: Necrozma
|-supereffective|p2a: Necrozma
|-damage|p2a: Necrozma|17/100
|
|-weather|none
|-heal|p1a: Eternatus|94/100 par|[from] item: Black Sludge
|upkeep
|turn|44
|
|t:|1633998105
|move|p2a: Necrozma|Moonlight|p2a: Necrozma
|-heal|p2a: Necrozma|67/100
|cant|p1a: Eternatus|par
|
|-heal|p1a: Eternatus|100/100 par|[from] item: Black Sludge
|upkeep
|turn|45
|
|t:|1633998110
|switch|p2a: Ho-Oh|Ho-Oh|77/100 tox
|move|p1a: Eternatus|Flamethrower|p2a: Ho-Oh
|-resisted|p2a: Ho-Oh
|-damage|p2a: Ho-Oh|69/100 tox
|
|-damage|p2a: Ho-Oh|63/100 tox|[from] psn
|upkeep
|turn|46
|
|t:|1633998117
|switch|p2a: Eternatus|Eternatus|100/100
|-damage|p2a: Eternatus|88/100|[from] Stealth Rock
|-ability|p2a: Eternatus|Pressure
|-item|p2a: Eternatus|Air Balloon
|cant|p1a: Eternatus|par
|
|upkeep
|turn|47
|
|t:|1633998122
|switch|p1a: Ho-Oh|Ho-Oh|76/100
|move|p2a: Eternatus|Toxic Spikes|p1a: Ho-Oh
|-sidestart|p1: Pkmn3443|move: Toxic Spikes
|
|upkeep
|turn|48
|
|t:|1633998131
|switch|p2a: Zygarde|Zygarde|53/100 tox
|-damage|p2a: Zygarde|47/100 tox|[from] Stealth Rock
|switch|p1a: Eternatus|Eternatus|100/100 par
|-damage|p1a: Eternatus|88/100 par|[from] Stealth Rock
|-sideend|p1: Pkmn3443|move: Toxic Spikes|[of] p1a: Eternatus
|-ability|p1a: Eternatus|Pressure
|
|-heal|p1a: Eternatus|94/100 par|[from] item: Black Sludge
|-damage|p2a: Zygarde|41/100 tox|[from] psn
|-activate|p2a: Zygarde|ability: Power Construct
|detailschange|p2a: Zygarde|Zygarde-Complete
|-heal|p2a: Zygarde|63/100 tox|[silent]
|upkeep
|turn|49
|
|t:|1633998139
|switch|p2a: Ho-Oh|Ho-Oh|96/100 tox
|move|p1a: Eternatus|Dynamax Cannon|p2a: Ho-Oh
|-damage|p2a: Ho-Oh|71/100 tox
|
|-heal|p1a: Eternatus|100/100 par|[from] item: Black Sludge
|-damage|p2a: Ho-Oh|65/100 tox|[from] psn
|upkeep
|turn|50
|
|t:|1633998145
|switch|p2a: Zygarde|Zygarde-Complete|63/100 tox
|-damage|p2a: Zygarde|57/100 tox|[from] Stealth Rock
|switch|p1a: Ho-Oh|Ho-Oh|100/100
|
|-damage|p2a: Zygarde|51/100 tox|[from] psn
|upkeep
|turn|51
|
|t:|1633998154
|switch|p1a: Eternatus|Eternatus|100/100 par
|-damage|p1a: Eternatus|88/100 par|[from] Stealth Rock
|-ability|p1a: Eternatus|Pressure
|move|p2a: Zygarde|Thousand Arrows|p1a: Eternatus
|-supereffective|p1a: Eternatus
|-damage|p1a: Eternatus|41/100 par
|
|-heal|p1a: Eternatus|47/100 par|[from] item: Black Sludge
|-damage|p2a: Zygarde|38/100 tox|[from] psn
|upkeep
|turn|52
|
|t:|1633998161
|switch|p1a: Ho-Oh|Ho-Oh|100/100
|move|p2a: Zygarde|Thousand Arrows|p1a: Ho-Oh
|-damage|p1a: Ho-Oh|80/100
|-start|p1a: Ho-Oh|Smack Down
|
|-damage|p2a: Zygarde|19/100 tox|[from] psn
|upkeep
|turn|53
|
|t:|1633998165
|move|p2a: Zygarde|Rest|p2a: Zygarde
|-status|p2a: Zygarde|slp|[from] move: Rest
|-heal|p2a: Zygarde|100/100 slp|[silent]
|move|p1a: Ho-Oh|Sacred Fire|p2a: Zygarde
|-resisted|p2a: Zygarde
|-damage|p2a: Zygarde|92/100 slp
|
|upkeep
|turn|54
|
|t:|1633998172
|switch|p2a: Ho-Oh|Ho-Oh|98/100 tox
|switch|p1a: Eternatus|Eternatus|47/100 par
|-damage|p1a: Eternatus|35/100 par|[from] Stealth Rock
|-ability|p1a: Eternatus|Pressure
|
|-heal|p1a: Eternatus|41/100 par|[from] item: Black Sludge
|-damage|p2a: Ho-Oh|92/100 tox|[from] psn
|upkeep
|turn|55
|
|t:|1633998179
|move|p2a: Ho-Oh|Sacred Fire|p1a: Eternatus
|-resisted|p1a: Eternatus
|-damage|p1a: Eternatus|22/100 par
|move|p1a: Eternatus|Recover|p1a: Eternatus
|-heal|p1a: Eternatus|72/100 par
|
|-heal|p1a: Eternatus|78/100 par|[from] item: Black Sludge
|-damage|p2a: Ho-Oh|79/100 tox|[from] psn
|upkeep
|turn|56
|
|t:|1633998187
|switch|p1a: Ho-Oh|Ho-Oh|100/100
|move|p2a: Ho-Oh|Brave Bird|p1a: Ho-Oh
|-damage|p1a: Ho-Oh|56/100
|-damage|p2a: Ho-Oh|64/100 tox|[from] Recoil
|
|-damage|p2a: Ho-Oh|46/100 tox|[from] psn
|upkeep
|turn|57
|
|t:|1633998190
|switch|p1a: Eternatus|Eternatus|78/100 par
|-damage|p1a: Eternatus|66/100 par|[from] Stealth Rock
|-ability|p1a: Eternatus|Pressure
|move|p2a: Ho-Oh|Thunder Wave|p1a: Eternatus
|-fail|p1a: Eternatus|par
|
|-heal|p1a: Eternatus|72/100 par|[from] item: Black Sludge
|-damage|p2a: Ho-Oh|21/100 tox|[from] psn
|upkeep
|turn|58
|
|t:|1633998193
|switch|p2a: Tyranitar|Tyranitar, M|88/100
|-damage|p2a: Tyranitar|76/100|[from] Stealth Rock
|-weather|Sandstorm|[from] ability: Sand Stream|[of] p2a: Tyranitar
|switch|p1a: Ho-Oh|Ho-Oh|89/100
|
|-weather|Sandstorm|[upkeep]
|-damage|p1a: Ho-Oh|83/100|[from] Sandstorm
|upkeep
|turn|59
|
|t:|1633998197
|switch|p2a: Ho-Oh|Ho-Oh|54/100 tox
|switch|p1a: Eternatus|Eternatus|72/100 par
|-damage|p1a: Eternatus|59/100 par|[from] Stealth Rock
|-ability|p1a: Eternatus|Pressure
|
|-weather|Sandstorm|[upkeep]
|-damage|p2a: Ho-Oh|48/100 tox|[from] Sandstorm
|-damage|p1a: Eternatus|53/100 par|[from] Sandstorm
|-heal|p1a: Eternatus|59/100 par|[from] item: Black Sludge
|-damage|p2a: Ho-Oh|41/100 tox|[from] psn
|upkeep
|turn|60
|
|t:|1633998200
|switch|p2a: Zygarde|Zygarde-Complete|92/100 slp
|-damage|p2a: Zygarde|86/100 slp|[from] Stealth Rock
|move|p1a: Eternatus|Recover|p1a: Eternatus
|-heal|p1a: Eternatus|100/100 par
|
|-weather|Sandstorm|[upkeep]
|-damage|p1a: Eternatus|94/100 par|[from] Sandstorm
|-heal|p1a: Eternatus|100/100 par|[from] item: Black Sludge
|upkeep
|turn|61
|
|t:|1633998205
|switch|p2a: Ho-Oh|Ho-Oh|75/100 tox
|switch|p1a: Ho-Oh|Ho-Oh|100/100
|
|-weather|Sandstorm|[upkeep]
|-damage|p2a: Ho-Oh|68/100 tox|[from] Sandstorm
|-damage|p1a: Ho-Oh|94/100|[from] Sandstorm
|-damage|p2a: Ho-Oh|62/100 tox|[from] psn
|upkeep
|turn|62
|
|t:|1633998210
|switch|p2a: Zygarde|Zygarde-Complete|86/100 slp
|-damage|p2a: Zygarde|79/100 slp|[from] Stealth Rock
|switch|p1a: Eternatus|Eternatus|100/100 par
|-damage|p1a: Eternatus|88/100 par|[from] Stealth Rock
|-ability|p1a: Eternatus|Pressure
|
|-weather|none
|-heal|p1a: Eternatus|94/100 par|[from] item: Black Sludge
|upkeep
|turn|63
|
|t:|1633998214
|switch|p2a: Eternatus|Eternatus|88/100
|-damage|p2a: Eternatus|76/100|[from] Stealth Rock
|-ability|p2a: Eternatus|Pressure
|-item|p2a: Eternatus|Air Balloon
|switch|p1a: Ho-Oh|Ho-Oh|100/100
|
|upkeep
|turn|64
|
|t:|1633998220
|move|p2a: Eternatus|Toxic Spikes|p1a: Ho-Oh
|-sidestart|p1: Pkmn3443|move: Toxic Spikes
|move|p1a: Ho-Oh|Sacred Fire|p2a: Eternatus
|-resisted|p2a: Eternatus
|-damage|p2a: Eternatus|60/100
|-status|p2a: Eternatus|brn
|-enditem|p2a: Eternatus|Air Balloon
|
|-damage|p2a: Eternatus|53/100 brn|[from] brn
|upkeep
|turn|65
|j| SunQdl
|
|t:|1633998225
|switch|p1a: Eternatus|Eternatus|94/100 par
|-damage|p1a: Eternatus|82/100 par|[from] Stealth Rock
|-sideend|p1: Pkmn3443|move: Toxic Spikes|[of] p1a: Eternatus
|-ability|p1a: Eternatus|Pressure
|move|p2a: Eternatus|Draco Meteor|p1a: Eternatus
|-supereffective|p1a: Eternatus
|-damage|p1a: Eternatus|16/100 par
|-unboost|p2a: Eternatus|spa|2
|
|-heal|p1a: Eternatus|22/100 par|[from] item: Black Sludge
|-damage|p2a: Eternatus|47/100 brn|[from] brn
|upkeep
|turn|66
|
|t:|1633998234
|switch|p1a: Ho-Oh|Ho-Oh|100/100
|move|p2a: Eternatus|Recover|p2a: Eternatus
|-heal|p2a: Eternatus|97/100 brn
|
|-damage|p2a: Eternatus|91/100 brn|[from] brn
|upkeep
|turn|67
|
|t:|1633998237
|switch|p2a: Ho-Oh|Ho-Oh|95/100 tox
|move|p1a: Ho-Oh|Defog|p2a: Ho-Oh
|-unboost|p2a: Ho-Oh|evasion|1
|-sideend|p2: PokeDuels|Stealth Rock|[from] move: Defog|[of] p1a: Ho-Oh
|-sideend|p1: Pkmn3443|Stealth Rock|[from] move: Defog|[of] p1a: Ho-Oh
|
|-damage|p2a: Ho-Oh|89/100 tox|[from] psn
|upkeep
|turn|68
|
|t:|1633998244
|move|p2a: Ho-Oh|Sacred Fire|p1a: Ho-Oh
|-resisted|p1a: Ho-Oh
|-damage|p1a: Ho-Oh|82/100
|move|p1a: Ho-Oh|Toxic|p2a: Ho-Oh
|-fail|p2a: Ho-Oh|tox
|
|-damage|p2a: Ho-Oh|76/100 tox|[from] psn
|upkeep
|turn|69
|
|t:|1633998249
|move|p2a: Ho-Oh|Thunder Wave|p1a: Ho-Oh
|-status|p1a: Ho-Oh|par
|cant|p1a: Ho-Oh|par
|
|-damage|p2a: Ho-Oh|58/100 tox|[from] psn
|upkeep
|turn|70
|
|t:|1633998257
|switch|p2a: Tyranitar|Tyranitar, M|76/100
|-weather|Sandstorm|[from] ability: Sand Stream|[of] p2a: Tyranitar
|move|p1a: Ho-Oh|Toxic|p2a: Tyranitar
|-status|p2a: Tyranitar|tox
|
|-weather|Sandstorm|[upkeep]
|-damage|p1a: Ho-Oh|76/100 par|[from] Sandstorm
|-damage|p2a: Tyranitar|70/100 tox|[from] psn
|upkeep
|turn|71
|
|t:|1633998263
|switch|p1a: Necrozma|Necrozma-Dusk-Mane|74/100
|move|p2a: Tyranitar|Rest|p2a: Tyranitar
|-status|p2a: Tyranitar|slp|[from] move: Rest
|-heal|p2a: Tyranitar|100/100 slp|[silent]
|
|-weather|Sandstorm|[upkeep]
|upkeep
|turn|72
|
|t:|1633998269
|switch|p2a: Necrozma|Necrozma-Dusk-Mane|67/100
|switch|p1a: Eternatus|Eternatus|22/100 par
|-ability|p1a: Eternatus|Pressure
|
|-weather|Sandstorm|[upkeep]
|-damage|p1a: Eternatus|16/100 par|[from] Sandstorm
|-heal|p1a: Eternatus|22/100 par|[from] item: Black Sludge
|upkeep
|turn|73
|
|t:|1633998273
|switch|p1a: Ho-Oh|Ho-Oh|100/100 par
|move|p2a: Necrozma|Sunsteel Strike|p1a: Ho-Oh
|-resisted|p1a: Ho-Oh
|-damage|p1a: Ho-Oh|82/100 par
|
|-weather|Sandstorm|[upkeep]
|-damage|p1a: Ho-Oh|76/100 par|[from] Sandstorm
|upkeep
|turn|74
|
|t:|1633998294
|switch|p2a: Ho-Oh|Ho-Oh|91/100 tox
|move|p1a: Ho-Oh|Sacred Fire|p2a: Ho-Oh
|-resisted|p2a: Ho-Oh
|-damage|p2a: Ho-Oh|72/100 tox
|
|-weather|none
|-damage|p2a: Ho-Oh|66/100 tox|[from] psn
|upkeep
|turn|75
|j| Gcshjibvc
|
|t:|1633998308
|switch|p2a: Eternatus|Eternatus|91/100 brn
|-ability|p2a: Eternatus|Pressure
|move|p1a: Ho-Oh|Toxic||[still]
|-fail|p1a: Ho-Oh
|
|-damage|p2a: Eternatus|85/100 brn|[from] brn
|upkeep
|turn|76
|
|t:|1633998315
|switch|p2a: Ho-Oh|Ho-Oh|99/100 tox
|switch|p1a: Necrozma|Necrozma-Dusk-Mane|74/100
|
|-damage|p2a: Ho-Oh|93/100 tox|[from] psn
|upkeep
|turn|77
|
|t:|1633998322
|switch|p2a: Necrozma|Necrozma-Dusk-Mane|67/100
|move|p1a: Necrozma|Stealth Rock|p2a: Necrozma
|-sidestart|p2: PokeDuels|move: Stealth Rock
|
|upkeep
|turn|78
|
|t:|1633998329
|move|p2a: Necrozma|Stealth Rock|p1a: Necrozma
|-sidestart|p1: Pkmn3443|move: Stealth Rock
|move|p1a: Necrozma|Knock Off|p2a: Necrozma
|-supereffective|p2a: Necrozma
|-damage|p2a: Necrozma|43/100
|
|upkeep
|turn|79
|
|t:|1633998331
|move|p2a: Necrozma|Thunder Wave|p1a: Necrozma
|-status|p1a: Necrozma|par
|move|p1a: Necrozma|Knock Off|p2a: Necrozma
|-supereffective|p2a: Necrozma
|-damage|p2a: Necrozma|19/100
|
|upkeep
|turn|80
|
|t:|1633998333
|move|p2a: Necrozma|Moonlight|p2a: Necrozma
|-heal|p2a: Necrozma|69/100
|move|p1a: Necrozma|Knock Off|p2a: Necrozma
|-supereffective|p2a: Necrozma
|-damage|p2a: Necrozma|47/100
|
|upkeep
|turn|81
|
|t:|1633998336
|move|p2a: Necrozma|Moonlight|p2a: Necrozma
|-heal|p2a: Necrozma|97/100
|move|p1a: Necrozma|Knock Off|p2a: Necrozma
|-supereffective|p2a: Necrozma
|-damage|p2a: Necrozma|73/100
|
|upkeep
|turn|82
|
|t:|1633998338
|switch|p2a: Zygarde|Zygarde-Complete|79/100 slp
|-damage|p2a: Zygarde|73/100 slp|[from] Stealth Rock
|move|p1a: Necrozma|Knock Off|p2a: Zygarde
|-damage|p2a: Zygarde|64/100 slp
|
|upkeep
|turn|83
|
|t:|1633998344
|switch|p2a: Ho-Oh|Ho-Oh|100/100 tox
|switch|p1a: Eternatus|Eternatus|22/100 par
|-damage|p1a: Eternatus|10/100 par|[from] Stealth Rock
|-ability|p1a: Eternatus|Pressure
|
|-heal|p1a: Eternatus|16/100 par|[from] item: Black Sludge
|-damage|p2a: Ho-Oh|94/100 tox|[from] psn
|upkeep
|turn|84
|
|t:|1633998348
|switch|p1a: Ho-Oh|Ho-Oh|100/100 par
|move|p2a: Ho-Oh|Whirlwind|p1a: Ho-Oh
|drag|p1a: Calyrex|Calyrex-Shadow|94/100
|-ability|p1a: Calyrex|As One
|-ability|p1a: Calyrex|Unnerve
|-damage|p1a: Calyrex|82/100|[from] Stealth Rock
|
|-heal|p1a: Calyrex|88/100|[from] item: Leftovers
|-damage|p2a: Ho-Oh|82/100 tox|[from] psn
|upkeep
|turn|85
|
|t:|1633998357
|switch|p2a: Tyranitar|Tyranitar, M|100/100 slp
|-damage|p2a: Tyranitar|88/100 slp|[from] Stealth Rock
|-weather|Sandstorm|[from] ability: Sand Stream|[of] p2a: Tyranitar
|move|p1a: Calyrex|Aromatherapy|p1a: Calyrex
|-activate|p1a: Calyrex|move: Aromatherapy
|-curestatus|p1: Ho-Oh|par|[msg]
|-curestatus|p1: Necrozma|par|[msg]
|-curestatus|p1: Eternatus|par|[msg]
|
|-weather|Sandstorm|[upkeep]
|-damage|p1a: Calyrex|82/100|[from] Sandstorm
|-heal|p1a: Calyrex|88/100|[from] item: Leftovers
|upkeep
|turn|86
|
|t:|1633998366
|switch|p1a: Eternatus|Eternatus|16/100
|-damage|p1a: Eternatus|3/100|[from] Stealth Rock
|-ability|p1a: Eternatus|Pressure
|cant|p2a: Tyranitar|slp
|
|-weather|Sandstorm|[upkeep]
|-damage|p1a: Eternatus|0 fnt|[from] Sandstorm
|faint|p1a: Eternatus
|upkeep
|
|t:|1633998378
|switch|p1a: Marshadow|Marshadow|100/100
|-damage|p1a: Marshadow|94/100|[from] Stealth Rock
|turn|87
|
|t:|1633998386
|switch|p2a: Tapu Bulu|Tapu Bulu|100/100
|-damage|p2a: Tapu Bulu|88/100|[from] Stealth Rock
|-fieldstart|move: Grassy Terrain|[from] ability: Grassy Surge|[of] p2a: Tapu Bulu
|move|p1a: Marshadow|Spectral Thief|p2a: Tapu Bulu
|-damage|p2a: Tapu Bulu|37/100
|-enditem|p2a: Tapu Bulu|Sitrus Berry|[eat]
|-heal|p2a: Tapu Bulu|62/100|[from] item: Sitrus Berry
|
|-weather|Sandstorm|[upkeep]
|-damage|p1a: Marshadow|88/100|[from] Sandstorm
|-damage|p2a: Tapu Bulu|56/100|[from] Sandstorm
|-heal|p1a: Marshadow|94/100|[from] Grassy Terrain
|-heal|p2a: Tapu Bulu|62/100|[from] Grassy Terrain
|upkeep
|turn|88
|
|t:|1633998397
|switch|p1a: Ho-Oh|Ho-Oh|100/100
|move|p2a: Tapu Bulu|Leech Seed|p1a: Ho-Oh
|-start|p1a: Ho-Oh|move: Leech Seed
|
|-weather|Sandstorm|[upkeep]
|-damage|p1a: Ho-Oh|94/100|[from] Sandstorm
|-damage|p2a: Tapu Bulu|56/100|[from] Sandstorm
|-heal|p2a: Tapu Bulu|62/100|[from] Grassy Terrain
|-damage|p1a: Ho-Oh|82/100|[from] Leech Seed|[of] p2a: Tapu Bulu
|-heal|p2a: Tapu Bulu|77/100|[silent]
|upkeep
|turn|89
|
|t:|1633998404
|switch|p1a: Yveltal|Yveltal|100/100
|-ability|p1a: Yveltal|Dark Aura
|switch|p2a: Zygarde|Zygarde-Complete|64/100 slp
|-damage|p2a: Zygarde|58/100 slp|[from] Stealth Rock
|
|-weather|none
|-heal|p2a: Zygarde|64/100 slp|[from] Grassy Terrain
|upkeep
|turn|90
|
|t:|1633998414
|switch|p2a: Eternatus|Eternatus|85/100 brn
|-damage|p2a: Eternatus|73/100 brn|[from] Stealth Rock
|-ability|p2a: Eternatus|Pressure
|move|p1a: Yveltal|Oblivion Wing|p2a: Eternatus
|-damage|p2a: Eternatus|50/100 brn
|
|-heal|p2a: Eternatus|56/100 brn|[from] Grassy Terrain
|-damage|p2a: Eternatus|50/100 brn|[from] brn
|upkeep
|turn|91
|
|t:|1633998421
|switch|p1a: Marshadow|Marshadow|94/100
|-damage|p1a: Marshadow|88/100|[from] Stealth Rock
|move|p2a: Eternatus|Recover|p2a: Eternatus
|-heal|p2a: Eternatus|99/100 brn
|
|-heal|p1a: Marshadow|94/100|[from] Grassy Terrain
|-heal|p2a: Eternatus|100/100 brn|[from] Grassy Terrain
|-damage|p2a: Eternatus|94/100 brn|[from] brn
|-fieldend|move: Grassy Terrain
|upkeep
|turn|92
|
|t:|1633998428
|move|p1a: Marshadow|Spectral Thief|p2a: Eternatus
|-damage|p2a: Eternatus|31/100 brn
|move|p2a: Eternatus|Draco Meteor|p1a: Marshadow
|-damage|p1a: Marshadow|26/100
|-unboost|p2a: Eternatus|spa|2
|
|-damage|p2a: Eternatus|25/100 brn|[from] brn
|upkeep
|turn|93
|
|t:|1633998436
|switch|p2a: Tyranitar|Tyranitar, M|88/100 slp
|-damage|p2a: Tyranitar|76/100 slp|[from] Stealth Rock
|-weather|Sandstorm|[from] ability: Sand Stream|[of] p2a: Tyranitar
|move|p1a: Marshadow|Spectral Thief|p2a: Tyranitar
|-resisted|p2a: Tyranitar
|-damage|p2a: Tyranitar|54/100 slp
|
|-weather|Sandstorm|[upkeep]
|-damage|p1a: Marshadow|20/100|[from] Sandstorm
|upkeep
|turn|94
|
|t:|1633998445
|switch|p2a: Tapu Bulu|Tapu Bulu|77/100
|-damage|p2a: Tapu Bulu|65/100|[from] Stealth Rock
|-fieldstart|move: Grassy Terrain|[from] ability: Grassy Surge|[of] p2a: Tapu Bulu
|move|p1a: Marshadow|Spectral Thief|p2a: Tapu Bulu
|-damage|p2a: Tapu Bulu|18/100
|
|-weather|Sandstorm|[upkeep]
|-damage|p1a: Marshadow|14/100|[from] Sandstorm
|-damage|p2a: Tapu Bulu|12/100|[from] Sandstorm
|-heal|p1a: Marshadow|20/100|[from] Grassy Terrain
|-heal|p2a: Tapu Bulu|18/100|[from] Grassy Terrain
|upkeep
|turn|95
|
|t:|1633998454
|switch|p2a: Ho-Oh|Ho-Oh|100/100 tox
|move|p1a: Marshadow|Spectral Thief|p2a: Ho-Oh
|-damage|p2a: Ho-Oh|35/100 tox
|
|-weather|Sandstorm|[upkeep]
|-damage|p1a: Marshadow|14/100|[from] Sandstorm
|-damage|p2a: Ho-Oh|29/100 tox|[from] Sandstorm
|-heal|p1a: Marshadow|20/100|[from] Grassy Terrain
|-damage|p2a: Ho-Oh|23/100 tox|[from] psn
|upkeep
|turn|96
|
|t:|1633998459
|switch|p2a: Zygarde|Zygarde-Complete|64/100 slp
|-damage|p2a: Zygarde|58/100 slp|[from] Stealth Rock
|move|p1a: Marshadow|Spectral Thief|p2a: Zygarde
|-damage|p2a: Zygarde|26/100 slp
|
|-weather|Sandstorm|[upkeep]
|-damage|p1a: Marshadow|14/100|[from] Sandstorm
|-heal|p1a: Marshadow|20/100|[from] Grassy Terrain
|-heal|p2a: Zygarde|32/100 slp|[from] Grassy Terrain
|upkeep
|turn|97
|
|t:|1633998472
|move|p1a: Marshadow|Spectral Thief|p2a: Zygarde
|-damage|p2a: Zygarde|1/100 slp
|cant|p2a: Zygarde|slp
|
|-weather|none
|-heal|p1a: Marshadow|26/100|[from] Grassy Terrain
|-heal|p2a: Zygarde|7/100 slp|[from] Grassy Terrain
|upkeep
|turn|98
|
|t:|1633998480
|move|p1a: Marshadow|Spectral Thief|p2a: Zygarde
|-damage|p2a: Zygarde|0 fnt
|faint|p2a: Zygarde
|
|-heal|p1a: Marshadow|32/100|[from] Grassy Terrain
|-fieldend|move: Grassy Terrain
|upkeep
|
|t:|1633998481
|switch|p2a: Necrozma|Necrozma-Dusk-Mane|73/100
|-damage|p2a: Necrozma|67/100|[from] Stealth Rock
|turn|99
|
|t:|1633998498
|switch|p1a: Ho-Oh|Ho-Oh|100/100
|move|p2a: Necrozma|Sunsteel Strike|p1a: Ho-Oh
|-resisted|p1a: Ho-Oh
|-damage|p1a: Ho-Oh|82/100
|
|upkeep
|turn|100
|
|t:|1633998526
|switch|p2a: Eternatus|Eternatus|25/100 brn
|-damage|p2a: Eternatus|12/100 brn|[from] Stealth Rock
|-ability|p2a: Eternatus|Pressure
|move|p1a: Ho-Oh|Whirlwind|p2a: Eternatus
|drag|p2a: Ho-Oh|Ho-Oh|56/100 tox
|
|-damage|p2a: Ho-Oh|50/100 tox|[from] psn
|upkeep
|turn|101
|-message|PokeDuels forfeited.
|
|win|Pkmn3443
|raw|Pkmn3443's rating: 1578 &rarr; <strong>1603</strong><br />(+25 for winning)
|raw|PokeDuels's rating: 1663 &rarr; <strong>1638</strong><br />(-25 for losing)
|l|☆PokeDuels
