|j|☆testinthisgarbage
|j|☆PokeDuels
|t:|1617817242
|gametype|singles
|player|p1|testinthisgarbage|preschooler|1506
|player|p2|PokeDuels|2|1496
|teamsize|p1|6
|teamsize|p2|6
|gen|8
|tier|[Gen 8] Ubers
|rated|
|clearpoke
|poke|p1|Froslass, F|
|poke|p1|Grimmsnarl, M|
|poke|p1|Xerneas|
|poke|p1|Zekrom|
|poke|p1|Groudon|
|poke|p1|Necrozma-Dusk-Mane|
|poke|p2|Yveltal|
|poke|p2|Necrozma-Dusk-Mane|
|poke|p2|Ho-Oh|
|poke|p2|Calyrex-Shadow|
|poke|p2|Tangrowth, F|
|poke|p2|Blissey, F|
|rule|Sleep Clause Mod: Limit one foe put to sleep
|rule|Species Clause: Limit one of each Pokémon
|rule|OHKO Clause: OHKO moves are banned
|rule|Evasion Moves Clause: Evasion moves are banned
|rule|Endless Battle Clause: Forcing endless battles is banned
|rule|HP Percentage Mod: HP is shown in percentages
|rule|Dynamax Clause: You cannot dynamax
|teampreview
|
|t:|1617817266
|start
|switch|p1a: Froslass|Froslass, F|100/100
|switch|p2a: Ho-Oh|Ho-Oh|100/100
|turn|1
|
|t:|1617817271
|move|p1a: Froslass|Spikes|p2a: Ho-Oh
|-sidestart|p2: PokeDuels|Spikes
|move|p2a: Ho-Oh|Thunder Wave|p1a: Froslass
|-status|p1a: Froslass|par
|
|upkeep
|turn|2
|
|t:|1617817274
|move|p2a: Ho-Oh|Defog|p1a: Froslass
|-unboost|p1a: Froslass|evasion|1
|-sideend|p2: PokeDuels|Spikes|[from] move: Defog|[of] p2a: Ho-Oh
|move|p1a: Froslass|Icy Wind|p2a: Ho-Oh
|-damage|p2a: Ho-Oh|89/100
|-unboost|p2a: Ho-Oh|spe|1
|
|upkeep
|turn|3
|
|t:|1617817279
|move|p1a: Froslass|Icy Wind|p2a: Ho-Oh
|-damage|p2a: Ho-Oh|76/100
|-unboost|p2a: Ho-Oh|spe|1
|move|p2a: Ho-Oh|Sacred Fire|p1a: Froslass
|-supereffective|p1a: Froslass
|-enditem|p1a: Froslass|Focus Sash
|-damage|p1a: Froslass|1/100 par
|
|upkeep
|turn|4
|
|t:|1617817285
|switch|p2a: Yveltal|Yveltal|100/100
|-ability|p2a: Yveltal|Dark Aura
|cant|p1a: Froslass|par
|
|upkeep
|turn|5
|
|t:|1617817293
|switch|p1a: Grimmsnarl|Grimmsnarl, M|100/100
|move|p2a: Yveltal|Knock Off|p1a: Grimmsnarl
|-resisted|p1a: Grimmsnarl
|-damage|p1a: Grimmsnarl|86/100
|-enditem|p1a: Grimmsnarl|Light Clay|[from] move: Knock Off|[of] p2a: Yveltal
|
|upkeep
|turn|6
|
|t:|1617817301
|switch|p2a: Necrozma|Necrozma-Dusk-Mane|100/100
|switch|p1a: Froslass|Froslass, F|1/100 par
|
|upkeep
|turn|7
|
|t:|1617817303
|move|p2a: Necrozma|Sunsteel Strike|p1a: Froslass
|-supereffective|p1a: Froslass
|-damage|p1a: Froslass|0 fnt
|faint|p1a: Froslass
|
|upkeep
|
|t:|1617817309
|switch|p1a: Zekrom|Zekrom|100/100
|-ability|p1a: Zekrom|Teravolt
|-item|p1a: Zekrom|Air Balloon
|turn|8
|inactive|Battle timer is ON: inactive players will automatically lose when time's up. (requested by testinthisgarbage)
|
|t:|1617817328
|move|p1a: Zekrom|Dragon Dance|p1a: Zekrom
|-boost|p1a: Zekrom|atk|1
|-boost|p1a: Zekrom|spe|1
|move|p2a: Necrozma|Sunsteel Strike|p1a: Zekrom
|-resisted|p1a: Zekrom
|-damage|p1a: Zekrom|78/100
|-enditem|p1a: Zekrom|Air Balloon
|
|upkeep
|turn|9
|
|t:|1617817337
|move|p1a: Zekrom|Dragon Dance|p1a: Zekrom
|-boost|p1a: Zekrom|atk|1
|-boost|p1a: Zekrom|spe|1
|move|p2a: Necrozma|Earthquake|p1a: Zekrom
|-supereffective|p1a: Zekrom
|-damage|p1a: Zekrom|23/100
|
|upkeep
|turn|10
|
|t:|1617817344
|switch|p2a: Tangrowth|Tangrowth, F|100/100
|move|p1a: Zekrom|Bolt Strike|p2a: Tangrowth
|-resisted|p2a: Tangrowth
|-damage|p2a: Tangrowth|60/100
|-damage|p1a: Zekrom|7/100|[from] item: Rocky Helmet|[of] p2a: Tangrowth
|
|upkeep
|turn|11
|
|t:|1617817354
|move|p1a: Zekrom|Dragon Claw|p2a: Tangrowth
|-damage|p2a: Tangrowth|13/100
|-damage|p1a: Zekrom|0 fnt|[from] item: Rocky Helmet|[of] p2a: Tangrowth
|faint|p1a: Zekrom
|move|p2a: Tangrowth|Knock Off|p1: Zekrom|[notarget]
|-fail|p2a: Tangrowth
|
|upkeep
|
|t:|1617817359
|switch|p1a: Necrozma|Necrozma-Dusk-Mane|100/100
|turn|12
|
|t:|1617817366
|switch|p2a: Calyrex|Calyrex-Shadow|100/100
|-ability|p2a: Calyrex|As One
|-ability|p2a: Calyrex|Unnerve
|move|p1a: Necrozma|Dragon Dance|p1a: Necrozma
|-boost|p1a: Necrozma|atk|1
|-boost|p1a: Necrozma|spe|1
|
|upkeep
|turn|13
|
|t:|1617817370
|switch|p1a: Grimmsnarl|Grimmsnarl, M|86/100
|move|p2a: Calyrex|Astral Barrage|p1a: Grimmsnarl
|-resisted|p1a: Grimmsnarl
|-damage|p1a: Grimmsnarl|44/100
|
|upkeep
|turn|14
|
|t:|1617817382
|switch|p2a: Tangrowth|Tangrowth, F|46/100
|move|p1a: Grimmsnarl|Light Screen|p1a: Grimmsnarl
|-sidestart|p1: testinthisgarbage|move: Light Screen
|
|upkeep
|turn|15
|inactive|testinthisgarbage has 120 seconds left.
|
|t:|1617817414
|switch|p1a: Necrozma|Necrozma-Dusk-Mane|100/100
|switch|p2a: Yveltal|Yveltal|100/100
|-ability|p2a: Yveltal|Dark Aura
|
|upkeep
|turn|16
|
|t:|1617817428
|move|p1a: Necrozma|Dragon Dance|p1a: Necrozma
|-boost|p1a: Necrozma|atk|1
|-boost|p1a: Necrozma|spe|1
|move|p2a: Yveltal|Knock Off|p1a: Necrozma
|-supereffective|p1a: Necrozma
|-damage|p1a: Necrozma|34/100
|-enditem|p1a: Necrozma|Weakness Policy
|-boost|p1a: Necrozma|atk|2|[from] item: Weakness Policy
|-boost|p1a: Necrozma|spa|2|[from] item: Weakness Policy
|
|upkeep
|turn|17
|
|t:|1617817436
|move|p1a: Necrozma|Dragon Dance|p1a: Necrozma
|-boost|p1a: Necrozma|atk|1
|-boost|p1a: Necrozma|spe|1
|move|p2a: Yveltal|Knock Off|p1a: Necrozma
|-supereffective|p1a: Necrozma
|-damage|p1a: Necrozma|0 fnt
|faint|p1a: Necrozma
|
|upkeep
|
|t:|1617817446
|switch|p1a: Grimmsnarl|Grimmsnarl, M|44/100
|turn|18
|
|t:|1617817471
|switch|p2a: Tangrowth|Tangrowth, F|79/100
|move|p1a: Grimmsnarl|Play Rough|p2a: Tangrowth|[miss]
|-miss|p1a: Grimmsnarl|p2a: Tangrowth
|
|-sideend|p1: testinthisgarbage|move: Light Screen
|upkeep
|turn|19
|
|t:|1617817478
|move|p1a: Grimmsnarl|Light Screen|p1a: Grimmsnarl
|-sidestart|p1: testinthisgarbage|move: Light Screen
|move|p2a: Tangrowth|Toxic|p1a: Grimmsnarl
|-status|p1a: Grimmsnarl|tox
|
|-damage|p1a: Grimmsnarl|38/100 tox|[from] psn
|upkeep
|turn|20
|
|t:|1617817483
|switch|p2a: Ho-Oh|Ho-Oh|100/100
|move|p1a: Grimmsnarl|Reflect|p1a: Grimmsnarl
|-sidestart|p1: testinthisgarbage|Reflect
|
|-damage|p1a: Grimmsnarl|26/100 tox|[from] psn
|upkeep
|turn|21
|
|t:|1617817486
|move|p1a: Grimmsnarl|Taunt|p2a: Ho-Oh
|-start|p2a: Ho-Oh|move: Taunt
|cant|p2a: Ho-Oh|move: Taunt|Defog
|
|-damage|p1a: Grimmsnarl|8/100 tox|[from] psn
|upkeep
|turn|22
|
|t:|1617817504
|switch|p2a: Calyrex|Calyrex-Shadow|100/100
|-ability|p2a: Calyrex|As One
|-ability|p2a: Calyrex|Unnerve
|move|p1a: Grimmsnarl|Play Rough|p2a: Calyrex|[miss]
|-miss|p1a: Grimmsnarl|p2a: Calyrex
|
|-damage|p1a: Grimmsnarl|0 fnt|[from] psn
|faint|p1a: Grimmsnarl
|upkeep
|
|t:|1617817511
|switch|p1a: Xerneas|Xerneas|100/100
|-ability|p1a: Xerneas|Fairy Aura
|turn|23
|
|t:|1617817515
|move|p2a: Calyrex|Trick|p1a: Xerneas
|-activate|p2a: Calyrex|move: Trick|[of] p1a: Xerneas
|-item|p1a: Xerneas|Choice Specs|[from] move: Trick
|-item|p2a: Calyrex|Power Herb|[from] move: Trick
|move|p1a: Xerneas|Geomancy||[still]
|-prepare|p1a: Xerneas|Geomancy
|
|-sideend|p1: testinthisgarbage|move: Light Screen
|upkeep
|turn|24
|
|t:|1617817531
|move|p2a: Calyrex|Psyshock|p1a: Xerneas
|-damage|p1a: Xerneas|60/100
|move|p1a: Xerneas|Geomancy|p1a: Xerneas|[from]lockedmove
|-boost|p1a: Xerneas|spa|2
|-boost|p1a: Xerneas|spd|2
|-boost|p1a: Xerneas|spe|2
|
|-sideend|p1: testinthisgarbage|Reflect
|upkeep
|turn|25
|
|t:|1617817538
|move|p1a: Xerneas|Geomancy||[still]
|-prepare|p1a: Xerneas|Geomancy
|move|p2a: Calyrex|Psyshock|p1a: Xerneas
|-damage|p1a: Xerneas|20/100
|
|upkeep
|turn|26
|
|t:|1617817561
|switch|p2a: Tangrowth|Tangrowth, F|100/100
|move|p1a: Xerneas|Geomancy|p1a: Xerneas|[from]lockedmove
|-boost|p1a: Xerneas|spa|2
|-boost|p1a: Xerneas|spd|2
|-boost|p1a: Xerneas|spe|2
|
|upkeep
|turn|27
|
|t:|1617817566
|move|p1a: Xerneas|Geomancy||[still]
|-prepare|p1a: Xerneas|Geomancy
|move|p2a: Tangrowth|Leech Seed|p1a: Xerneas
|-start|p1a: Xerneas|move: Leech Seed
|
|-damage|p1a: Xerneas|7/100|[from] Leech Seed|[of] p2a: Tangrowth
|upkeep
|turn|28
|
|t:|1617817580
|switch|p2a: Calyrex|Calyrex-Shadow|100/100
|-ability|p2a: Calyrex|As One
|-ability|p2a: Calyrex|Unnerve
|move|p1a: Xerneas|Geomancy|p1a: Xerneas|[from]lockedmove
|-boost|p1a: Xerneas|spa|2
|-boost|p1a: Xerneas|spd|2
|-boost|p1a: Xerneas|spe|2
|
|-damage|p1a: Xerneas|0 fnt|[from] Leech Seed|[of] p2a: Calyrex
|faint|p1a: Xerneas
|upkeep
|
|t:|1617817582
|switch|p1a: Groudon|Groudon|100/100
|-weather|SunnyDay|[from] ability: Drought|[of] p1a: Groudon
|turn|29
|
|t:|1617817584
|move|p2a: Calyrex|Will-O-Wisp|p1a: Groudon
|-status|p1a: Groudon|brn
|move|p1a: Groudon|Rock Polish|p1a: Groudon
|-boost|p1a: Groudon|spe|2
|
|-weather|SunnyDay|[upkeep]
|-damage|p1a: Groudon|94/100 brn|[from] brn
|upkeep
|turn|30
|
|t:|1617817589
|move|p1a: Groudon|Swords Dance|p1a: Groudon
|-boost|p1a: Groudon|atk|2
|move|p2a: Calyrex|Astral Barrage|p1a: Groudon
|-crit|p1a: Groudon
|-damage|p1a: Groudon|0 fnt
|faint|p1a: Groudon
|
|win|PokeDuels
|raw|testinthisgarbage's rating: 1506 &rarr; <strong>1485</strong><br />(-21 for losing)
|raw|PokeDuels's rating: 1496 &rarr; <strong>1517</strong><br />(+21 for winning)
|l|☆testinthisgarbage
||Ladder isn't responding, score probably updated but might not have (Request timeout).
