|j|☆I like Lovely
|j|☆fard~in
|player|p1|I like Lovely|102|1502
|player|p2|fard~in|lucas|1738
|teamsize|p1|6
|teamsize|p2|6
|gametype|singles
|gen|8
|tier|[Gen 8] Ubers
|rated|
|rule|Sleep Clause Mod: Limit one foe put to sleep
|rule|Species Clause: Limit one of each Pokémon
|rule|OHKO Clause: OHKO moves are banned
|rule|Evasion Moves Clause: Evasion moves are banned
|rule|Endless Battle Clause: Forcing endless battles is banned
|rule|HP Percentage Mod: HP is shown in percentages
|clearpoke
|poke|p1|Corviknight, M|
|poke|p1|Eternatus|
|poke|p1|Quagsire, F|
|poke|p1|Zacian-Crowned|
|poke|p1|Ditto|
|poke|p1|Toxapex, F|
|poke|p2|Tyranitar, F|
|poke|p2|Corviknight, F|
|poke|p2|Conkeldurr, M|
|poke|p2|Zacian-Crowned|
|poke|p2|Eternatus|
|poke|p2|Quagsire, M|
|teampreview
|
|start
|switch|p1a: Corviknight|Corviknight, M|100/100
|switch|p2a: Eternatus|Eternatus|100/100
|-ability|p2a: Eternatus|Pressure
|-ability|p1a: Corviknight|Pressure
|turn|1
|inactive|Battle timer is ON: inactive players will automatically lose when time's up. (requested by fard~in)
|
|switch|p1a: Toxapex|Toxapex, F|100/100
|move|p2a: Eternatus|Flamethrower|p1a: Toxapex
|-resisted|p1a: Toxapex
|-crit|p1a: Toxapex
|-damage|p1a: Toxapex|86/100
|-status|p1a: Toxapex|brn
|
|-damage|p1a: Toxapex|79/100 brn|[from] brn
|upkeep
|turn|2
|
|move|p2a: Eternatus|Flamethrower|p1a: Toxapex
|-resisted|p1a: Toxapex
|-damage|p1a: Toxapex|71/100 brn
|move|p1a: Toxapex|Toxic Spikes|p2a: Eternatus
|-sidestart|p2: fard~in|move: Toxic Spikes
|
|-damage|p1a: Toxapex|64/100 brn|[from] brn
|upkeep
|turn|3
|
|switch|p2a: Corviknight|Corviknight, F|100/100
|-ability|p2a: Corviknight|Pressure
|move|p1a: Toxapex|Recover|p1a: Toxapex
|-heal|p1a: Toxapex|100/100 brn
|
|-damage|p1a: Toxapex|94/100 brn|[from] brn
|upkeep
|turn|4
|
|switch|p2a: Eternatus|Eternatus|100/100
|-sideend|p2: fard~in|move: Toxic Spikes|[of] p2a: Eternatus
|-ability|p2a: Eternatus|Pressure
|switch|p1a: Corviknight|Corviknight, M|100/100
|-ability|p1a: Corviknight|Pressure
|
|upkeep
|turn|5
|
|switch|p2a: Conkeldurr|Conkeldurr, M|100/100
|switch|p1a: Toxapex|Toxapex, F|100/100 brn
|
|-damage|p1a: Toxapex|94/100 brn|[from] brn
|upkeep
|turn|6
|
|switch|p1a: Corviknight|Corviknight, M|100/100
|-ability|p1a: Corviknight|Pressure
|move|p2a: Conkeldurr|Substitute|p2a: Conkeldurr
|-start|p2a: Conkeldurr|Substitute
|-damage|p2a: Conkeldurr|76/100
|
|upkeep
|turn|7
|
|move|p2a: Conkeldurr|Thunder Punch|p1a: Corviknight
|-supereffective|p1a: Corviknight
|-damage|p1a: Corviknight|39/100
|move|p1a: Corviknight|Body Press|p2a: Conkeldurr
|-crit|p2a: Conkeldurr
|-end|p2a: Conkeldurr|Substitute
|
|-heal|p1a: Corviknight|46/100|[from] item: Leftovers
|upkeep
|turn|8
|
|switch|p1a: Quagsire|Quagsire, F|100/100
|move|p2a: Conkeldurr|Ice Punch|p1a: Quagsire
|-damage|p1a: Quagsire|66/100
|
|-heal|p1a: Quagsire|72/100|[from] item: Leftovers
|upkeep
|turn|9
|j| Drop a Draco Homie
|
|move|p2a: Conkeldurr|Drain Punch|p1a: Quagsire
|-damage|p1a: Quagsire|31/100
|-heal|p2a: Conkeldurr|97/100|[from] drain|[of] p1a: Quagsire
|-damage|p2a: Conkeldurr|88/100|[from] item: Life Orb
|move|p1a: Quagsire|Recover|p1a: Quagsire
|-heal|p1a: Quagsire|81/100
|
|-heal|p1a: Quagsire|88/100|[from] item: Leftovers
|upkeep
|turn|10
|c| Drop a Draco Homie|fardin that team is OP
|
|switch|p2a: Eternatus|Eternatus|100/100
|-ability|p2a: Eternatus|Pressure
|move|p1a: Quagsire|Toxic|p2a: Eternatus
|-immune|p2a: Eternatus
|
|-heal|p1a: Quagsire|94/100|[from] item: Leftovers
|upkeep
|turn|11
|c| Drop a Draco Homie|when sample time comes
|
|switch|p2a: Conkeldurr|Conkeldurr, M|88/100
|switch|p1a: Toxapex|Toxapex, F|100/100 brn
|
|-damage|p1a: Toxapex|94/100 brn|[from] brn
|upkeep
|turn|12
|c| Drop a Draco Homie|you should submit it
|c|☆fard~in|its
|c| Drop a Draco Homie|OP
|c|☆fard~in|pretty generic
|c|☆fard~in|sure others made the same
|
|switch|p1a: Quagsire|Quagsire, F|94/100
|move|p2a: Conkeldurr|Drain Punch|p1a: Quagsire
|-damage|p1a: Quagsire|51/100
|-heal|p2a: Conkeldurr|100/100|[from] drain|[of] p1a: Quagsire
|-damage|p2a: Conkeldurr|91/100|[from] item: Life Orb
|
|-heal|p1a: Quagsire|57/100|[from] item: Leftovers
|upkeep
|turn|13
|c| Drop a Draco Homie|I'm p sure this is the best team
|c| Drop a Draco Homie|atm
|
|move|p2a: Conkeldurr|Drain Punch|p1a: Quagsire
|-damage|p1a: Quagsire|15/100
|-heal|p2a: Conkeldurr|100/100|[from] drain|[of] p1a: Quagsire
|-damage|p2a: Conkeldurr|91/100|[from] item: Life Orb
|move|p1a: Quagsire|Recover|p1a: Quagsire
|-heal|p1a: Quagsire|65/100
|
|-heal|p1a: Quagsire|71/100|[from] item: Leftovers
|upkeep
|turn|14
|c|☆fard~in|peope need to step up their game
|c|☆fard~in|i built this for ag
|
|move|p2a: Conkeldurr|Drain Punch|p1a: Quagsire
|-damage|p1a: Quagsire|31/100
|-heal|p2a: Conkeldurr|100/100|[from] drain|[of] p1a: Quagsire
|-damage|p2a: Conkeldurr|91/100|[from] item: Life Orb
|move|p1a: Quagsire|Recover|p1a: Quagsire
|-heal|p1a: Quagsire|81/100
|
|-heal|p1a: Quagsire|88/100|[from] item: Leftovers
|upkeep
|turn|15
|
|switch|p2a: Eternatus|Eternatus|100/100
|-ability|p2a: Eternatus|Pressure
|switch|p1a: Zacian|Zacian-Crowned|100/100
|-ability|p1a: Zacian|Intrepid Sword|boost
|-boost|p1a: Zacian|atk|1
|
|upkeep
|turn|16
|c| Drop a Draco Homie|the only odd mon is conkeldurr
|
|move|p1a: Zacian|Psychic Fangs|p2a: Eternatus
|-supereffective|p2a: Eternatus
|-damage|p2a: Eternatus|33/100
|move|p2a: Eternatus|Flamethrower|p1a: Zacian
|-supereffective|p1a: Zacian
|-damage|p1a: Zacian|51/100
|
|-heal|p2a: Eternatus|40/100|[from] item: Leftovers
|upkeep
|turn|17
|c| Drop a Draco Homie|everything else is synergistic
|
|switch|p2a: Quagsire|Quagsire, M|100/100
|move|p1a: Zacian|Psychic Fangs|p2a: Quagsire
|-damage|p2a: Quagsire|74/100
|
|-heal|p2a: Quagsire|80/100|[from] item: Leftovers
|upkeep
|turn|18
|c|☆fard~in|i need conk to 1v1 shit
|c|☆fard~in|also its supposed to be
|c|☆fard~in|taunt
|c| Drop a Draco Homie|ahh
|c|☆fard~in|for shit like quaf
|
|switch|p1a: Eternatus|Eternatus|100/100
|-ability|p1a: Eternatus|Pressure
|move|p2a: Quagsire|Recover|p2a: Quagsire
|-heal|p2a: Quagsire|100/100
|
|upkeep
|turn|19
|
|switch|p1a: Corviknight|Corviknight, M|46/100
|-ability|p1a: Corviknight|Pressure
|switch|p2a: Tyranitar|Tyranitar, F|100/100
|-weather|Sandstorm|[from] ability: Sand Stream|[of] p2a: Tyranitar
|
|-weather|Sandstorm|[upkeep]
|-heal|p1a: Corviknight|52/100|[from] item: Leftovers
|upkeep
|turn|20
|
|switch|p2a: Conkeldurr|Conkeldurr, M|91/100
|move|p1a: Corviknight|Roost|p1a: Corviknight
|-heal|p1a: Corviknight|100/100
|-singleturn|p1a: Corviknight|move: Roost
|
|-weather|Sandstorm|[upkeep]
|-damage|p2a: Conkeldurr|85/100|[from] Sandstorm
|upkeep
|turn|21
|
|move|p2a: Conkeldurr|Substitute|p2a: Conkeldurr
|-start|p2a: Conkeldurr|Substitute
|-damage|p2a: Conkeldurr|60/100
|move|p1a: Corviknight|U-turn|p2a: Conkeldurr
|-resisted|p2a: Conkeldurr
|-activate|p2a: Conkeldurr|move: Substitute|[damage]
|
|switch|p1a: Quagsire|Quagsire, F|88/100|[from]move: U-turn
|
|-weather|Sandstorm|[upkeep]
|-damage|p2a: Conkeldurr|54/100|[from] Sandstorm
|-heal|p1a: Quagsire|94/100|[from] item: Leftovers
|upkeep
|turn|22
|
|move|p2a: Conkeldurr|Drain Punch|p1a: Quagsire
|-damage|p1a: Quagsire|50/100
|-heal|p2a: Conkeldurr|78/100|[from] drain|[of] p1a: Quagsire
|-damage|p2a: Conkeldurr|68/100|[from] item: Life Orb
|move|p1a: Quagsire|Earthquake|p2a: Conkeldurr
|-end|p2a: Conkeldurr|Substitute
|
|-weather|Sandstorm|[upkeep]
|-damage|p2a: Conkeldurr|62/100|[from] Sandstorm
|-heal|p1a: Quagsire|56/100|[from] item: Leftovers
|upkeep
|turn|23
|
|move|p2a: Conkeldurr|Drain Punch|p1a: Quagsire
|-damage|p1a: Quagsire|16/100
|-heal|p2a: Conkeldurr|83/100|[from] drain|[of] p1a: Quagsire
|-damage|p2a: Conkeldurr|73/100|[from] item: Life Orb
|move|p1a: Quagsire|Recover|p1a: Quagsire
|-heal|p1a: Quagsire|66/100
|
|-weather|none
|-heal|p1a: Quagsire|72/100|[from] item: Leftovers
|upkeep
|turn|24
|
|move|p2a: Conkeldurr|Drain Punch|p1a: Quagsire
|-damage|p1a: Quagsire|29/100
|-heal|p2a: Conkeldurr|97/100|[from] drain|[of] p1a: Quagsire
|-damage|p2a: Conkeldurr|87/100|[from] item: Life Orb
|move|p1a: Quagsire|Recover|p1a: Quagsire
|-heal|p1a: Quagsire|79/100
|
|-heal|p1a: Quagsire|85/100|[from] item: Leftovers
|upkeep
|turn|25
|
|switch|p2a: Corviknight|Corviknight, F|100/100
|-ability|p2a: Corviknight|Pressure
|move|p1a: Quagsire|Scald|p2a: Corviknight
|-damage|p2a: Corviknight|82/100
|-status|p2a: Corviknight|brn
|
|-heal|p2a: Corviknight|88/100 brn|[from] item: Leftovers
|-heal|p1a: Quagsire|91/100|[from] item: Leftovers
|-damage|p2a: Corviknight|82/100 brn|[from] brn
|upkeep
|turn|26
|
|switch|p2a: Eternatus|Eternatus|40/100
|-ability|p2a: Eternatus|Pressure
|move|p1a: Quagsire|Earthquake|p2a: Eternatus
|-supereffective|p2a: Eternatus
|-damage|p2a: Eternatus|5/100
|
|-heal|p2a: Eternatus|11/100|[from] item: Leftovers
|-heal|p1a: Quagsire|97/100|[from] item: Leftovers
|upkeep
|turn|27
|
|switch|p1a: Toxapex|Toxapex, F|100/100 brn
|move|p2a: Eternatus|Recover|p2a: Eternatus
|-heal|p2a: Eternatus|61/100
|
|-heal|p2a: Eternatus|68/100|[from] item: Leftovers
|-damage|p1a: Toxapex|94/100 brn|[from] brn
|upkeep
|turn|28
|
|switch|p2a: Tyranitar|Tyranitar, F|100/100
|-weather|Sandstorm|[from] ability: Sand Stream|[of] p2a: Tyranitar
|move|p1a: Toxapex|Toxic Spikes|p2a: Tyranitar
|-sidestart|p2: fard~in|move: Toxic Spikes
|
|-weather|Sandstorm|[upkeep]
|-damage|p1a: Toxapex|88/100 brn|[from] Sandstorm
|-damage|p1a: Toxapex|82/100 brn|[from] brn
|upkeep
|turn|29
|
|move|p2a: Tyranitar|Stealth Rock|p1a: Toxapex
|-sidestart|p1: I like Lovely|move: Stealth Rock
|move|p1a: Toxapex|Toxic Spikes|p2a: Tyranitar
|-sidestart|p2: fard~in|move: Toxic Spikes
|
|-weather|Sandstorm|[upkeep]
|-damage|p1a: Toxapex|75/100 brn|[from] Sandstorm
|-damage|p1a: Toxapex|69/100 brn|[from] brn
|upkeep
|turn|30
|
|switch|p1a: Eternatus|Eternatus|100/100
|-damage|p1a: Eternatus|88/100|[from] Stealth Rock
|-ability|p1a: Eternatus|Pressure
|move|p2a: Tyranitar|Earthquake|p1a: Eternatus
|-supereffective|p1a: Eternatus
|-damage|p1a: Eternatus|49/100
|
|-weather|Sandstorm|[upkeep]
|-damage|p1a: Eternatus|43/100|[from] Sandstorm
|-heal|p1a: Eternatus|49/100|[from] item: Black Sludge
|upkeep
|turn|31
|
|move|p1a: Eternatus|Recover|p1a: Eternatus
|-heal|p1a: Eternatus|99/100
|move|p2a: Tyranitar|Earthquake|p1a: Eternatus
|-supereffective|p1a: Eternatus
|-damage|p1a: Eternatus|57/100
|
|-weather|Sandstorm|[upkeep]
|-damage|p1a: Eternatus|51/100|[from] Sandstorm
|-heal|p1a: Eternatus|57/100|[from] item: Black Sludge
|upkeep
|turn|32
|
|switch|p2a: Zacian|Zacian-Crowned|100/100
|-ability|p2a: Zacian|Intrepid Sword|boost
|-boost|p2a: Zacian|atk|1
|move|p1a: Eternatus|Recover|p1a: Eternatus
|-heal|p1a: Eternatus|100/100
|
|-weather|none
|upkeep
|turn|33
|
|switch|p2a: Tyranitar|Tyranitar, F|100/100
|-status|p2a: Tyranitar|tox
|-weather|Sandstorm|[from] ability: Sand Stream|[of] p2a: Tyranitar
|switch|p1a: Quagsire|Quagsire, F|97/100
|-damage|p1a: Quagsire|91/100|[from] Stealth Rock
|
|-weather|Sandstorm|[upkeep]
|-heal|p1a: Quagsire|97/100|[from] item: Leftovers
|-damage|p2a: Tyranitar|94/100 tox|[from] psn
|upkeep
|turn|34
|
|switch|p2a: Eternatus|Eternatus|68/100
|-sideend|p2: fard~in|move: Toxic Spikes|[of] p2a: Eternatus
|-ability|p2a: Eternatus|Pressure
|switch|p1a: Eternatus|Eternatus|100/100
|-damage|p1a: Eternatus|88/100|[from] Stealth Rock
|-ability|p1a: Eternatus|Pressure
|
|-weather|Sandstorm|[upkeep]
|-damage|p1a: Eternatus|82/100|[from] Sandstorm
|-damage|p2a: Eternatus|61/100|[from] Sandstorm
|-heal|p1a: Eternatus|88/100|[from] item: Black Sludge
|-heal|p2a: Eternatus|68/100|[from] item: Leftovers
|upkeep
|turn|35
|
|switch|p2a: Tyranitar|Tyranitar, F|94/100 tox
|move|p1a: Eternatus|Dynamax Cannon|p2a: Tyranitar
|-damage|p2a: Tyranitar|69/100 tox
|
|-weather|Sandstorm|[upkeep]
|-damage|p1a: Eternatus|82/100|[from] Sandstorm
|-heal|p1a: Eternatus|88/100|[from] item: Black Sludge
|-heal|p2a: Tyranitar|75/100 tox|[from] item: Leftovers
|-damage|p2a: Tyranitar|69/100 tox|[from] psn
|upkeep
|turn|36
|
|move|p1a: Eternatus|Substitute|p1a: Eternatus
|-start|p1a: Eternatus|Substitute
|-damage|p1a: Eternatus|63/100
|move|p2a: Tyranitar|Rest|p2a: Tyranitar
|-status|p2a: Tyranitar|slp|[from] move: Rest
|-heal|p2a: Tyranitar|100/100 slp|[silent]
|
|-weather|Sandstorm|[upkeep]
|-damage|p1a: Eternatus|57/100|[from] Sandstorm
|-heal|p1a: Eternatus|63/100|[from] item: Black Sludge
|upkeep
|turn|37
|
|move|p1a: Eternatus|Recover|p1a: Eternatus
|-heal|p1a: Eternatus|100/100
|cant|p2a: Tyranitar|slp
|
|-weather|none
|upkeep
|turn|38
|
|switch|p1a: Corviknight|Corviknight, M|100/100
|-damage|p1a: Corviknight|88/100|[from] Stealth Rock
|-ability|p1a: Corviknight|Pressure
|cant|p2a: Tyranitar|slp
|
|-heal|p1a: Corviknight|94/100|[from] item: Leftovers
|upkeep
|turn|39
|
|switch|p2a: Eternatus|Eternatus|68/100
|-ability|p2a: Eternatus|Pressure
|move|p1a: Corviknight|Defog|p2a: Eternatus
|-unboost|p2a: Eternatus|evasion|1
|-sideend|p1: I like Lovely|Stealth Rock|[from] move: Defog|[of] p1a: Corviknight
|
|-heal|p2a: Eternatus|74/100|[from] item: Leftovers
|-heal|p1a: Corviknight|100/100|[from] item: Leftovers
|upkeep
|turn|40
|
|switch|p2a: Conkeldurr|Conkeldurr, M|87/100
|switch|p1a: Toxapex|Toxapex, F|100/100 brn
|
|-damage|p1a: Toxapex|94/100 brn|[from] brn
|upkeep
|turn|41
|
|move|p2a: Conkeldurr|Substitute|p2a: Conkeldurr
|-start|p2a: Conkeldurr|Substitute
|-damage|p2a: Conkeldurr|62/100
|move|p1a: Toxapex|Stockpile|p1a: Toxapex
|-start|p1a: Toxapex|stockpile1
|-boost|p1a: Toxapex|def|1
|-boost|p1a: Toxapex|spd|1
|
|-damage|p1a: Toxapex|88/100 brn|[from] brn
|upkeep
|turn|42
|
|move|p2a: Conkeldurr|Thunder Punch|p1a: Toxapex
|-supereffective|p1a: Toxapex
|-damage|p1a: Toxapex|30/100 brn
|move|p1a: Toxapex|Recover|p1a: Toxapex
|-heal|p1a: Toxapex|80/100 brn
|
|-damage|p1a: Toxapex|74/100 brn|[from] brn
|upkeep
|turn|43
|
|switch|p1a: Quagsire|Quagsire, F|97/100
|move|p2a: Conkeldurr|Thunder Punch|p1a: Quagsire
|-immune|p1a: Quagsire
|
|-heal|p1a: Quagsire|100/100|[from] item: Leftovers
|upkeep
|turn|44
|
|switch|p1a: Eternatus|Eternatus|100/100
|-ability|p1a: Eternatus|Pressure
|move|p2a: Conkeldurr|Drain Punch|p1a: Eternatus
|-resisted|p1a: Eternatus
|-damage|p1a: Eternatus|82/100
|-heal|p2a: Conkeldurr|74/100|[from] drain|[of] p1a: Eternatus
|-damage|p2a: Conkeldurr|64/100|[from] item: Life Orb
|
|-heal|p1a: Eternatus|88/100|[from] item: Black Sludge
|upkeep
|turn|45
|
|move|p1a: Eternatus|Substitute|p1a: Eternatus
|-start|p1a: Eternatus|Substitute
|-damage|p1a: Eternatus|63/100
|move|p2a: Conkeldurr|Ice Punch|p1a: Eternatus
|-supereffective|p1a: Eternatus
|-end|p1a: Eternatus|Substitute
|
|-heal|p1a: Eternatus|69/100|[from] item: Black Sludge
|upkeep
|turn|46
|
|move|p1a: Eternatus|Recover|p1a: Eternatus
|-heal|p1a: Eternatus|100/100
|move|p2a: Conkeldurr|Ice Punch|p1a: Eternatus
|-supereffective|p1a: Eternatus
|-damage|p1a: Eternatus|43/100
|
|-heal|p1a: Eternatus|49/100|[from] item: Black Sludge
|upkeep
|turn|47
|
|move|p1a: Eternatus|Recover|p1a: Eternatus
|-heal|p1a: Eternatus|99/100
|move|p2a: Conkeldurr|Ice Punch|p1a: Eternatus
|-supereffective|p1a: Eternatus
|-damage|p1a: Eternatus|36/100
|
|-heal|p1a: Eternatus|43/100|[from] item: Black Sludge
|upkeep
|turn|48
|
|switch|p1a: Corviknight|Corviknight, M|100/100
|-ability|p1a: Corviknight|Pressure
|move|p2a: Conkeldurr|Ice Punch|p1a: Corviknight
|-damage|p1a: Corviknight|70/100
|
|-heal|p1a: Corviknight|76/100|[from] item: Leftovers
|upkeep
|turn|49
|
|switch|p1a: Quagsire|Quagsire, F|100/100
|move|p2a: Conkeldurr|Drain Punch|p1a: Quagsire
|-crit|p1a: Quagsire
|-damage|p1a: Quagsire|43/100
|-heal|p2a: Conkeldurr|96/100|[from] drain|[of] p1a: Quagsire
|-damage|p2a: Conkeldurr|86/100|[from] item: Life Orb
|
|-heal|p1a: Quagsire|49/100|[from] item: Leftovers
|upkeep
|turn|50
|
|move|p2a: Conkeldurr|Ice Punch|p1a: Quagsire
|-damage|p1a: Quagsire|14/100
|move|p1a: Quagsire|Recover|p1a: Quagsire
|-heal|p1a: Quagsire|64/100
|
|-heal|p1a: Quagsire|70/100|[from] item: Leftovers
|upkeep
|turn|51
|
|move|p2a: Conkeldurr|Ice Punch|p1a: Quagsire
|-damage|p1a: Quagsire|37/100
|move|p1a: Quagsire|Recover|p1a: Quagsire
|-heal|p1a: Quagsire|87/100
|
|-heal|p1a: Quagsire|93/100|[from] item: Leftovers
|upkeep
|turn|52
|
|move|p2a: Conkeldurr|Drain Punch|p1a: Quagsire
|-damage|p1a: Quagsire|49/100
|-heal|p2a: Conkeldurr|100/100|[from] drain|[of] p1a: Quagsire
|-damage|p2a: Conkeldurr|91/100|[from] item: Life Orb
|move|p1a: Quagsire|Earthquake|p2a: Conkeldurr
|-end|p2a: Conkeldurr|Substitute
|
|-heal|p1a: Quagsire|55/100|[from] item: Leftovers
|upkeep
|turn|53
|
|switch|p2a: Eternatus|Eternatus|74/100
|-ability|p2a: Eternatus|Pressure
|move|p1a: Quagsire|Recover|p1a: Quagsire
|-heal|p1a: Quagsire|100/100
|
|-heal|p2a: Eternatus|80/100|[from] item: Leftovers
|upkeep
|turn|54
|
|switch|p1a: Toxapex|Toxapex, F|100/100 brn
|move|p2a: Eternatus|Dragon Tail|p1a: Toxapex
|-damage|p1a: Toxapex|87/100 brn
|drag|p1a: Eternatus|Eternatus|43/100
|-ability|p1a: Eternatus|Pressure
|
|-heal|p1a: Eternatus|49/100|[from] item: Black Sludge
|-heal|p2a: Eternatus|86/100|[from] item: Leftovers
|upkeep
|turn|55
|j| ray712
|inactive|I like Lovely has 120 seconds left.
|
|switch|p2a: Tyranitar|Tyranitar, F|100/100 slp
|-weather|Sandstorm|[from] ability: Sand Stream|[of] p2a: Tyranitar
|move|p1a: Eternatus|Recover|p1a: Eternatus
|-heal|p1a: Eternatus|99/100
|
|-weather|Sandstorm|[upkeep]
|-damage|p1a: Eternatus|93/100|[from] Sandstorm
|-heal|p1a: Eternatus|99/100|[from] item: Black Sludge
|upkeep
|turn|56
|
|switch|p1a: Corviknight|Corviknight, M|76/100
|-ability|p1a: Corviknight|Pressure
|-curestatus|p2a: Tyranitar|slp|[msg]
|move|p2a: Tyranitar|Stealth Rock|p1a: Corviknight
|-sidestart|p1: I like Lovely|move: Stealth Rock
|
|-weather|Sandstorm|[upkeep]
|-heal|p1a: Corviknight|82/100|[from] item: Leftovers
|upkeep
|turn|57
|
|switch|p2a: Corviknight|Corviknight, F|82/100 brn
|-ability|p2a: Corviknight|Pressure
|move|p1a: Corviknight|Defog|p2a: Corviknight
|-unboost|p2a: Corviknight|evasion|1
|-sideend|p1: I like Lovely|Stealth Rock|[from] move: Defog|[of] p1a: Corviknight
|
|-weather|Sandstorm|[upkeep]
|-heal|p2a: Corviknight|88/100 brn|[from] item: Leftovers
|-heal|p1a: Corviknight|88/100|[from] item: Leftovers
|-damage|p2a: Corviknight|82/100 brn|[from] brn
|upkeep
|turn|58
|
|move|p2a: Corviknight|Iron Defense|p2a: Corviknight
|-boost|p2a: Corviknight|def|2
|move|p1a: Corviknight|U-turn|p2a: Corviknight
|-resisted|p2a: Corviknight
|-damage|p2a: Corviknight|81/100 brn
|
|switch|p1a: Toxapex|Toxapex, F|100/100 brn|[from]move: U-turn
|
|-weather|Sandstorm|[upkeep]
|-damage|p1a: Toxapex|94/100 brn|[from] Sandstorm
|-heal|p2a: Corviknight|87/100 brn|[from] item: Leftovers
|-damage|p2a: Corviknight|81/100 brn|[from] brn
|-damage|p1a: Toxapex|88/100 brn|[from] brn
|upkeep
|turn|59
|
|switch|p2a: Tyranitar|Tyranitar, F|100/100
|move|p1a: Toxapex|Toxic Spikes|p2a: Tyranitar
|-sidestart|p2: fard~in|move: Toxic Spikes
|
|-weather|none
|-damage|p1a: Toxapex|82/100 brn|[from] brn
|upkeep
|turn|60
|
|switch|p1a: Zacian|Zacian-Crowned|51/100
|-ability|p1a: Zacian|Intrepid Sword|boost
|-boost|p1a: Zacian|atk|1
|move|p2a: Tyranitar|Earthquake|p1a: Zacian
|-supereffective|p1a: Zacian
|-damage|p1a: Zacian|0 fnt
|faint|p1a: Zacian
|
|upkeep
|c|☆fard~in|bop
|c|☆I like Lovely|Ya pretty desperate
|inactive|I like Lovely has 120 seconds left.
|
|switch|p1a: Corviknight|Corviknight, M|88/100
|-ability|p1a: Corviknight|Pressure
|turn|61
|c|☆fard~in|yh this was ur best chance
|c|☆fard~in|cause corvi is p low for zac too
|
|switch|p2a: Eternatus|Eternatus|86/100
|-sideend|p2: fard~in|move: Toxic Spikes|[of] p2a: Eternatus
|-ability|p2a: Eternatus|Pressure
|move|p1a: Corviknight|U-turn|p2a: Eternatus
|-resisted|p2a: Eternatus
|-crit|p2a: Eternatus
|-damage|p2a: Eternatus|79/100
|
|switch|p1a: Ditto|Ditto|100/100|[from]move: U-turn
|-transform|p1a: Ditto|p2a: Eternatus|[from] ability: Imposter
|-ability|p1a: Ditto|Pressure
|
|-heal|p2a: Eternatus|86/100|[from] item: Leftovers
|upkeep
|turn|62
|inactive|I like Lovely has 90 seconds left.
|
|switch|p1a: Eternatus|Eternatus|99/100
|-ability|p1a: Eternatus|Pressure
|switch|p2a: Tyranitar|Tyranitar, F|100/100
|-weather|Sandstorm|[from] ability: Sand Stream|[of] p2a: Tyranitar
|
|-weather|Sandstorm|[upkeep]
|-damage|p1a: Eternatus|93/100|[from] Sandstorm
|-heal|p1a: Eternatus|99/100|[from] item: Black Sludge
|upkeep
|turn|63
|inactive|I like Lovely has 90 seconds left.
|
|switch|p1a: Corviknight|Corviknight, M|88/100
|-ability|p1a: Corviknight|Pressure
|move|p2a: Tyranitar|Stealth Rock|p1a: Corviknight
|-sidestart|p1: I like Lovely|move: Stealth Rock
|
|-weather|Sandstorm|[upkeep]
|-heal|p1a: Corviknight|95/100|[from] item: Leftovers
|upkeep
|turn|64
|inactive|I like Lovely has 90 seconds left.
|
|switch|p2a: Eternatus|Eternatus|86/100
|-ability|p2a: Eternatus|Pressure
|move|p1a: Corviknight|Defog|p2a: Eternatus
|-unboost|p2a: Eternatus|evasion|1
|-sideend|p1: I like Lovely|Stealth Rock|[from] move: Defog|[of] p1a: Corviknight
|
|-weather|Sandstorm|[upkeep]
|-damage|p2a: Eternatus|79/100|[from] Sandstorm
|-heal|p2a: Eternatus|86/100|[from] item: Leftovers
|-heal|p1a: Corviknight|100/100|[from] item: Leftovers
|upkeep
|turn|65
|inactive|I like Lovely has 90 seconds left.
|
|switch|p2a: Corviknight|Corviknight, F|81/100 brn
|-ability|p2a: Corviknight|Pressure
|switch|p1a: Toxapex|Toxapex, F|100/100 brn
|
|-weather|Sandstorm|[upkeep]
|-damage|p1a: Toxapex|94/100 brn|[from] Sandstorm
|-heal|p2a: Corviknight|87/100 brn|[from] item: Leftovers
|-damage|p2a: Corviknight|81/100 brn|[from] brn
|-damage|p1a: Toxapex|88/100 brn|[from] brn
|upkeep
|turn|66
|
|switch|p2a: Tyranitar|Tyranitar, F|100/100
|switch|p1a: Ditto|Ditto|100/100
|-transform|p1a: Ditto|p2a: Tyranitar|[from] ability: Imposter
|
|-weather|none
|upkeep
|turn|67
|
|switch|p1a: Corviknight|Corviknight, M|100/100
|-ability|p1a: Corviknight|Pressure
|switch|p2a: Corviknight|Corviknight, F|81/100 brn
|-ability|p2a: Corviknight|Pressure
|
|-heal|p2a: Corviknight|87/100 brn|[from] item: Leftovers
|-damage|p2a: Corviknight|81/100 brn|[from] brn
|upkeep
|turn|68
|
|switch|p2a: Eternatus|Eternatus|86/100
|-ability|p2a: Eternatus|Pressure
|switch|p1a: Ditto|Ditto|100/100
|-transform|p1a: Ditto|p2a: Eternatus|[from] ability: Imposter
|-ability|p1a: Ditto|Pressure
|
|-heal|p2a: Eternatus|92/100|[from] item: Leftovers
|upkeep
|turn|69
|
|switch|p2a: Tyranitar|Tyranitar, F|100/100
|-weather|Sandstorm|[from] ability: Sand Stream|[of] p2a: Tyranitar
|move|p1a: Ditto|Dragon Tail|p2a: Tyranitar|[miss]
|-miss|p1a: Ditto|p2a: Tyranitar
|
|-weather|Sandstorm|[upkeep]
|-damage|p1a: Ditto|94/100|[from] Sandstorm
|upkeep
|turn|70
|
|switch|p1a: Quagsire|Quagsire, F|100/100
|move|p2a: Tyranitar|Stealth Rock|p1a: Quagsire
|-sidestart|p1: I like Lovely|move: Stealth Rock
|
|-weather|Sandstorm|[upkeep]
|upkeep
|turn|71
|
|switch|p2a: Eternatus|Eternatus|92/100
|-ability|p2a: Eternatus|Pressure
|switch|p1a: Corviknight|Corviknight, M|100/100
|-damage|p1a: Corviknight|88/100|[from] Stealth Rock
|-ability|p1a: Corviknight|Pressure
|
|-weather|Sandstorm|[upkeep]
|-damage|p2a: Eternatus|86/100|[from] Sandstorm
|-heal|p2a: Eternatus|92/100|[from] item: Leftovers
|-heal|p1a: Corviknight|94/100|[from] item: Leftovers
|upkeep
|turn|72
|
|move|p2a: Eternatus|Flamethrower|p1a: Corviknight
|-supereffective|p1a: Corviknight
|-damage|p1a: Corviknight|37/100
|move|p1a: Corviknight|Defog|p2a: Eternatus
|-unboost|p2a: Eternatus|evasion|1
|-sideend|p1: I like Lovely|Stealth Rock|[from] move: Defog|[of] p1a: Corviknight
|
|-weather|Sandstorm|[upkeep]
|-damage|p2a: Eternatus|86/100|[from] Sandstorm
|-heal|p2a: Eternatus|92/100|[from] item: Leftovers
|-heal|p1a: Corviknight|43/100|[from] item: Leftovers
|upkeep
|turn|73
|
|switch|p2a: Tyranitar|Tyranitar, F|100/100
|switch|p1a: Eternatus|Eternatus|99/100
|-ability|p1a: Eternatus|Pressure
|
|-weather|none
|-heal|p1a: Eternatus|100/100|[from] item: Black Sludge
|upkeep
|turn|74
|
|switch|p1a: Corviknight|Corviknight, M|43/100
|-ability|p1a: Corviknight|Pressure
|move|p2a: Tyranitar|Stealth Rock|p1a: Corviknight
|-sidestart|p1: I like Lovely|move: Stealth Rock
|
|-heal|p1a: Corviknight|50/100|[from] item: Leftovers
|upkeep
|turn|75
|
|switch|p2a: Eternatus|Eternatus|92/100
|-ability|p2a: Eternatus|Pressure
|move|p1a: Corviknight|Defog|p2a: Eternatus
|-unboost|p2a: Eternatus|evasion|1
|-sideend|p1: I like Lovely|Stealth Rock|[from] move: Defog|[of] p1a: Corviknight
|
|-heal|p2a: Eternatus|98/100|[from] item: Leftovers
|-heal|p1a: Corviknight|56/100|[from] item: Leftovers
|upkeep
|turn|76
|c|☆I like Lovely|I like
|c|☆I like Lovely|Always switch into pressure on the defog
|inactive|I like Lovely has 120 seconds left.
|
|switch|p2a: Corviknight|Corviknight, F|81/100 brn
|-ability|p2a: Corviknight|Pressure
|switch|p1a: Eternatus|Eternatus|100/100
|-ability|p1a: Eternatus|Pressure
|
|-heal|p2a: Corviknight|87/100 brn|[from] item: Leftovers
|-damage|p2a: Corviknight|81/100 brn|[from] brn
|upkeep
|turn|77
|inactive|I like Lovely has 120 seconds left.
|
|switch|p1a: Ditto|Ditto|94/100
|-transform|p1a: Ditto|p2a: Corviknight|[from] ability: Imposter
|-ability|p1a: Ditto|Pressure
|switch|p2a: Tyranitar|Tyranitar, F|100/100
|-weather|Sandstorm|[from] ability: Sand Stream|[of] p2a: Tyranitar
|
|-weather|Sandstorm|[upkeep]
|upkeep
|turn|78
|
|switch|p2a: Eternatus|Eternatus|98/100
|-ability|p2a: Eternatus|Pressure
|move|p1a: Ditto|Body Press|p2a: Eternatus
|-resisted|p2a: Eternatus
|-damage|p2a: Eternatus|91/100
|
|-weather|Sandstorm|[upkeep]
|-damage|p2a: Eternatus|84/100|[from] Sandstorm
|-heal|p2a: Eternatus|91/100|[from] item: Leftovers
|upkeep
|turn|79
|
|switch|p2a: Quagsire|Quagsire, M|100/100
|switch|p1a: Toxapex|Toxapex, F|100/100 brn
|
|-weather|Sandstorm|[upkeep]
|-damage|p1a: Toxapex|94/100 brn|[from] Sandstorm
|-damage|p1a: Toxapex|88/100 brn|[from] brn
|upkeep
|turn|80
|
|switch|p2a: Tyranitar|Tyranitar, F|100/100
|move|p1a: Toxapex|Toxic Spikes|p2a: Tyranitar
|-sidestart|p2: fard~in|move: Toxic Spikes
|
|-weather|Sandstorm|[upkeep]
|-damage|p1a: Toxapex|82/100 brn|[from] Sandstorm
|-damage|p1a: Toxapex|75/100 brn|[from] brn
|upkeep
|turn|81
|j| t-yeu
|
|switch|p1a: Corviknight|Corviknight, M|56/100
|-ability|p1a: Corviknight|Pressure
|move|p2a: Tyranitar|Stealth Rock|p1a: Corviknight
|-sidestart|p1: I like Lovely|move: Stealth Rock
|
|-weather|none
|-heal|p1a: Corviknight|62/100|[from] item: Leftovers
|upkeep
|turn|82
|
|switch|p2a: Eternatus|Eternatus|91/100
|-sideend|p2: fard~in|move: Toxic Spikes|[of] p2a: Eternatus
|-ability|p2a: Eternatus|Pressure
|move|p1a: Corviknight|Defog|p2a: Eternatus
|-unboost|p2a: Eternatus|evasion|1
|-sideend|p1: I like Lovely|Stealth Rock|[from] move: Defog|[of] p1a: Corviknight
|
|-heal|p2a: Eternatus|97/100|[from] item: Leftovers
|-heal|p1a: Corviknight|68/100|[from] item: Leftovers
|upkeep
|turn|83
|
|switch|p2a: Corviknight|Corviknight, F|81/100 brn
|-ability|p2a: Corviknight|Pressure
|switch|p1a: Toxapex|Toxapex, F|100/100 brn
|
|-heal|p2a: Corviknight|87/100 brn|[from] item: Leftovers
|-damage|p2a: Corviknight|81/100 brn|[from] brn
|-damage|p1a: Toxapex|94/100 brn|[from] brn
|upkeep
|turn|84
|
|switch|p2a: Tyranitar|Tyranitar, F|100/100
|-weather|Sandstorm|[from] ability: Sand Stream|[of] p2a: Tyranitar
|switch|p1a: Ditto|Ditto|94/100
|-transform|p1a: Ditto|p2a: Tyranitar|[from] ability: Imposter
|
|-weather|Sandstorm|[upkeep]
|upkeep
|turn|85
|
|switch|p2a: Conkeldurr|Conkeldurr, M|91/100
|move|p1a: Ditto|Stealth Rock|p2a: Conkeldurr
|-sidestart|p2: fard~in|move: Stealth Rock
|
|-weather|Sandstorm|[upkeep]
|-damage|p2a: Conkeldurr|85/100|[from] Sandstorm
|upkeep
|turn|86
|
|switch|p1a: Toxapex|Toxapex, F|100/100 brn
|move|p2a: Conkeldurr|Substitute|p2a: Conkeldurr
|-start|p2a: Conkeldurr|Substitute
|-damage|p2a: Conkeldurr|60/100
|
|-weather|Sandstorm|[upkeep]
|-damage|p2a: Conkeldurr|54/100|[from] Sandstorm
|-damage|p1a: Toxapex|94/100 brn|[from] Sandstorm
|-damage|p1a: Toxapex|88/100 brn|[from] brn
|upkeep
|turn|87
|
|switch|p1a: Eternatus|Eternatus|100/100
|-ability|p1a: Eternatus|Pressure
|move|p2a: Conkeldurr|Ice Punch|p1a: Eternatus
|-supereffective|p1a: Eternatus
|-crit|p1a: Eternatus
|-damage|p1a: Eternatus|6/100
|
|-weather|Sandstorm|[upkeep]
|-damage|p1a: Eternatus|0 fnt|[from] Sandstorm
|-damage|p2a: Conkeldurr|48/100|[from] Sandstorm
|faint|p1a: Eternatus
|upkeep
|c| Drop a Draco Homie|now it's hopeless
|
|switch|p1a: Quagsire|Quagsire, F|100/100
|turn|88
|c|☆fard~in|srry but it made things a hundred turns faster ;
|c| Drop a Draco Homie|that team is just unbreakable
|
|switch|p1a: Toxapex|Toxapex, F|100/100 brn
|move|p2a: Conkeldurr|Drain Punch|p1a: Toxapex
|-resisted|p1a: Toxapex
|-damage|p1a: Toxapex|76/100 brn
|-heal|p2a: Conkeldurr|58/100|[from] drain|[of] p1a: Toxapex
|-damage|p2a: Conkeldurr|48/100|[from] item: Life Orb
|
|-weather|none
|-damage|p1a: Toxapex|70/100 brn|[from] brn
|upkeep
|turn|89
|
|switch|p1a: Quagsire|Quagsire, F|100/100
|move|p2a: Conkeldurr|Thunder Punch|p1a: Quagsire
|-immune|p1a: Quagsire
|
|upkeep
|turn|90
|
|switch|p1a: Toxapex|Toxapex, F|100/100 brn
|move|p2a: Conkeldurr|Drain Punch|p1a: Toxapex
|-resisted|p1a: Toxapex
|-damage|p1a: Toxapex|76/100 brn
|-heal|p2a: Conkeldurr|58/100|[from] drain|[of] p1a: Toxapex
|-damage|p2a: Conkeldurr|49/100|[from] item: Life Orb
|
|-damage|p1a: Toxapex|70/100 brn|[from] brn
|upkeep
|turn|91
|c| Drop a Draco Homie|quite literally the perfect ss ubers teams
|c| Drop a Draco Homie|team*
|c|☆fard~in|lol no
|c|☆fard~in|rain
|
|switch|p1a: Quagsire|Quagsire, F|100/100
|move|p2a: Conkeldurr|Ice Punch|p1a: Quagsire
|-damage|p1a: Quagsire|67/100
|
|-heal|p1a: Quagsire|73/100|[from] item: Leftovers
|upkeep
|turn|92
|c|☆fard~in|is a struggle
|c| Drop a Draco Homie|weather teams are bad
|c| Drop a Draco Homie|imo
|
|move|p2a: Conkeldurr|Drain Punch|p1a: Quagsire
|-damage|p1a: Quagsire|29/100
|-heal|p2a: Conkeldurr|72/100|[from] drain|[of] p1a: Quagsire
|-damage|p2a: Conkeldurr|63/100|[from] item: Life Orb
|move|p1a: Quagsire|Recover|p1a: Quagsire
|-heal|p1a: Quagsire|79/100
|
|-heal|p1a: Quagsire|86/100|[from] item: Leftovers
|upkeep
|turn|93
|c| Drop a Draco Homie|like they ct meta shit
|
|switch|p1a: Toxapex|Toxapex, F|100/100 brn
|move|p2a: Conkeldurr|Ice Punch|p1a: Toxapex
|-resisted|p1a: Toxapex
|-damage|p1a: Toxapex|82/100 brn
|
|-damage|p1a: Toxapex|75/100 brn|[from] brn
|upkeep
|turn|94
|
|switch|p1a: Quagsire|Quagsire, F|86/100
|move|p2a: Conkeldurr|Ice Punch|p1a: Quagsire
|-damage|p1a: Quagsire|48/100
|
|-heal|p1a: Quagsire|54/100|[from] item: Leftovers
|upkeep
|turn|95
|
|move|p2a: Conkeldurr|Ice Punch|p1a: Quagsire
|-damage|p1a: Quagsire|18/100
|move|p1a: Quagsire|Recover|p1a: Quagsire
|-heal|p1a: Quagsire|68/100
|
|-heal|p1a: Quagsire|74/100|[from] item: Leftovers
|upkeep
|turn|96
|
|move|p2a: Conkeldurr|Thunder Punch|p1a: Quagsire
|-immune|p1a: Quagsire
|move|p1a: Quagsire|Recover|p1a: Quagsire
|-heal|p1a: Quagsire|100/100
|
|upkeep
|turn|97
|
|switch|p1a: Toxapex|Toxapex, F|100/100 brn
|move|p2a: Conkeldurr|Drain Punch|p1a: Toxapex
|-resisted|p1a: Toxapex
|-damage|p1a: Toxapex|79/100 brn
|-heal|p2a: Conkeldurr|72/100|[from] drain|[of] p1a: Toxapex
|-damage|p2a: Conkeldurr|62/100|[from] item: Life Orb
|
|-damage|p1a: Toxapex|73/100 brn|[from] brn
|upkeep
|turn|98
|
|switch|p1a: Quagsire|Quagsire, F|100/100
|move|p2a: Conkeldurr|Thunder Punch|p1a: Quagsire
|-immune|p1a: Quagsire
|
|upkeep
|turn|99
|
|move|p2a: Conkeldurr|Thunder Punch|p1a: Quagsire
|-immune|p1a: Quagsire
|move|p1a: Quagsire|Earthquake|p2a: Conkeldurr
|-end|p2a: Conkeldurr|Substitute
|
|upkeep
|turn|100
|
|switch|p2a: Corviknight|Corviknight, F|81/100 brn
|-damage|p2a: Corviknight|68/100 brn|[from] Stealth Rock
|-ability|p2a: Corviknight|Pressure
|move|p1a: Quagsire|Earthquake|p2a: Corviknight
|-immune|p2a: Corviknight
|
|-heal|p2a: Corviknight|74/100 brn|[from] item: Leftovers
|-damage|p2a: Corviknight|68/100 brn|[from] brn
|upkeep
|turn|101
|inactive|I like Lovely has 120 seconds left.
|
|switch|p1a: Corviknight|Corviknight, M|68/100
|-ability|p1a: Corviknight|Pressure
|move|p2a: Corviknight|Defog|p1a: Corviknight
|-unboost|p1a: Corviknight|evasion|1
|-sideend|p2: fard~in|Stealth Rock|[from] move: Defog|[of] p2a: Corviknight
|
|-heal|p2a: Corviknight|74/100 brn|[from] item: Leftovers
|-heal|p1a: Corviknight|75/100|[from] item: Leftovers
|-damage|p2a: Corviknight|68/100 brn|[from] brn
|upkeep
|turn|102
|
|switch|p2a: Eternatus|Eternatus|97/100
|-ability|p2a: Eternatus|Pressure
|switch|p1a: Ditto|Ditto|94/100
|-transform|p1a: Ditto|p2a: Eternatus|[from] ability: Imposter
|-ability|p1a: Ditto|Pressure
|
|-heal|p2a: Eternatus|100/100|[from] item: Leftovers
|upkeep
|turn|103
|
|switch|p2a: Tyranitar|Tyranitar, F|100/100
|-weather|Sandstorm|[from] ability: Sand Stream|[of] p2a: Tyranitar
|move|p1a: Ditto|Toxic|p2a: Tyranitar
|-status|p2a: Tyranitar|tox
|
|-weather|Sandstorm|[upkeep]
|-damage|p1a: Ditto|88/100|[from] Sandstorm
|-damage|p2a: Tyranitar|94/100 tox|[from] psn
|upkeep
|turn|104
|
|switch|p1a: Corviknight|Corviknight, M|75/100
|-ability|p1a: Corviknight|Pressure
|move|p2a: Tyranitar|Stealth Rock|p1a: Corviknight
|-sidestart|p1: I like Lovely|move: Stealth Rock
|
|-weather|Sandstorm|[upkeep]
|-heal|p2a: Tyranitar|100/100 tox|[from] item: Leftovers
|-heal|p1a: Corviknight|81/100|[from] item: Leftovers
|-damage|p2a: Tyranitar|88/100 tox|[from] psn
|upkeep
|turn|105
|
|switch|p2a: Corviknight|Corviknight, F|68/100 brn
|-ability|p2a: Corviknight|Pressure
|move|p1a: Corviknight|Defog|p2a: Corviknight
|-unboost|p2a: Corviknight|evasion|1
|-sideend|p1: I like Lovely|Stealth Rock|[from] move: Defog|[of] p1a: Corviknight
|
|-weather|Sandstorm|[upkeep]
|-heal|p2a: Corviknight|74/100 brn|[from] item: Leftovers
|-heal|p1a: Corviknight|87/100|[from] item: Leftovers
|-damage|p2a: Corviknight|68/100 brn|[from] brn
|upkeep
|turn|106
|
|switch|p2a: Eternatus|Eternatus|100/100
|-ability|p2a: Eternatus|Pressure
|switch|p1a: Ditto|Ditto|88/100
|-transform|p1a: Ditto|p2a: Eternatus|[from] ability: Imposter
|-ability|p1a: Ditto|Pressure
|
|-weather|Sandstorm|[upkeep]
|-damage|p1a: Ditto|82/100|[from] Sandstorm
|-damage|p2a: Eternatus|94/100|[from] Sandstorm
|-heal|p2a: Eternatus|100/100|[from] item: Leftovers
|upkeep
|turn|107
|
|switch|p1a: Corviknight|Corviknight, M|87/100
|-ability|p1a: Corviknight|Pressure
|switch|p2a: Tyranitar|Tyranitar, F|88/100 tox
|
|-weather|none
|-heal|p2a: Tyranitar|94/100 tox|[from] item: Leftovers
|-heal|p1a: Corviknight|93/100|[from] item: Leftovers
|-damage|p2a: Tyranitar|88/100 tox|[from] psn
|upkeep
|turn|108
|
|switch|p2a: Eternatus|Eternatus|100/100
|-ability|p2a: Eternatus|Pressure
|move|p1a: Corviknight|Body Press|p2a: Eternatus
|-resisted|p2a: Eternatus
|-damage|p2a: Eternatus|93/100
|
|-heal|p2a: Eternatus|99/100|[from] item: Leftovers
|-heal|p1a: Corviknight|99/100|[from] item: Leftovers
|upkeep
|turn|109
|
|switch|p2a: Corviknight|Corviknight, F|68/100 brn
|-ability|p2a: Corviknight|Pressure
|switch|p1a: Toxapex|Toxapex, F|100/100 brn
|
|-heal|p2a: Corviknight|74/100 brn|[from] item: Leftovers
|-damage|p2a: Corviknight|68/100 brn|[from] brn
|-damage|p1a: Toxapex|94/100 brn|[from] brn
|upkeep
|turn|110
|
|switch|p2a: Tyranitar|Tyranitar, F|88/100 tox
|-weather|Sandstorm|[from] ability: Sand Stream|[of] p2a: Tyranitar
|switch|p1a: Ditto|Ditto|82/100
|-transform|p1a: Ditto|p2a: Tyranitar|[from] ability: Imposter
|
|-weather|Sandstorm|[upkeep]
|-heal|p2a: Tyranitar|94/100 tox|[from] item: Leftovers
|-damage|p2a: Tyranitar|88/100 tox|[from] psn
|upkeep
|turn|111
|inactive|I like Lovely has 90 seconds left.
|
|switch|p2a: Corviknight|Corviknight, F|68/100 brn
|-ability|p2a: Corviknight|Pressure
|move|p1a: Ditto|Stealth Rock|p2a: Corviknight
|-sidestart|p2: fard~in|move: Stealth Rock
|
|-weather|Sandstorm|[upkeep]
|-heal|p2a: Corviknight|74/100 brn|[from] item: Leftovers
|-damage|p2a: Corviknight|68/100 brn|[from] brn
|upkeep
|turn|112
|
|switch|p1a: Corviknight|Corviknight, M|99/100
|-ability|p1a: Corviknight|Pressure
|move|p2a: Corviknight|Roost|p2a: Corviknight
|-heal|p2a: Corviknight|100/100 brn
|-singleturn|p2a: Corviknight|move: Roost
|
|-weather|Sandstorm|[upkeep]
|-heal|p1a: Corviknight|100/100|[from] item: Leftovers
|-damage|p2a: Corviknight|94/100 brn|[from] brn
|upkeep
|turn|113
|
|switch|p1a: Ditto|Ditto|82/100
|-transform|p1a: Ditto|p2a: Corviknight|[from] ability: Imposter
|-ability|p1a: Ditto|Pressure
|move|p2a: Corviknight|Defog|p1a: Ditto
|-unboost|p1a: Ditto|evasion|1
|-sideend|p2: fard~in|Stealth Rock|[from] move: Defog|[of] p2a: Corviknight
|
|-weather|Sandstorm|[upkeep]
|-heal|p2a: Corviknight|100/100 brn|[from] item: Leftovers
|-damage|p2a: Corviknight|94/100 brn|[from] brn
|upkeep
|turn|114
|
|switch|p2a: Quagsire|Quagsire, M|100/100
|move|p1a: Ditto|Roost|p1a: Ditto
|-heal|p1a: Ditto|100/100
|-singleturn|p1a: Ditto|move: Roost
|
|-weather|none
|upkeep
|turn|115
|
|switch|p1a: Toxapex|Toxapex, F|100/100 brn
|move|p2a: Quagsire|Toxic||[still]
|-fail|p2a: Quagsire
|
|-damage|p1a: Toxapex|94/100 brn|[from] brn
|upkeep
|turn|116
|
|switch|p2a: Tyranitar|Tyranitar, F|88/100 tox
|-weather|Sandstorm|[from] ability: Sand Stream|[of] p2a: Tyranitar
|move|p1a: Toxapex|Toxic Spikes|p2a: Tyranitar
|-sidestart|p2: fard~in|move: Toxic Spikes
|
|-weather|Sandstorm|[upkeep]
|-damage|p1a: Toxapex|88/100 brn|[from] Sandstorm
|-heal|p2a: Tyranitar|94/100 tox|[from] item: Leftovers
|-damage|p2a: Tyranitar|88/100 tox|[from] psn
|-damage|p1a: Toxapex|82/100 brn|[from] brn
|upkeep
|turn|117
|
|switch|p1a: Corviknight|Corviknight, M|100/100
|-ability|p1a: Corviknight|Pressure
|move|p2a: Tyranitar|Stealth Rock|p1a: Corviknight
|-sidestart|p1: I like Lovely|move: Stealth Rock
|
|-weather|Sandstorm|[upkeep]
|-heal|p2a: Tyranitar|94/100 tox|[from] item: Leftovers
|-damage|p2a: Tyranitar|82/100 tox|[from] psn
|upkeep
|turn|118
|inactive|I like Lovely has 60 seconds left.
|
|switch|p2a: Eternatus|Eternatus|99/100
|-sideend|p2: fard~in|move: Toxic Spikes|[of] p2a: Eternatus
|-ability|p2a: Eternatus|Pressure
|switch|p1a: Ditto|Ditto|100/100
|-damage|p1a: Ditto|88/100|[from] Stealth Rock
|-transform|p1a: Ditto|p2a: Eternatus|[from] ability: Imposter
|-ability|p1a: Ditto|Pressure
|
|-weather|Sandstorm|[upkeep]
|-damage|p1a: Ditto|82/100|[from] Sandstorm
|-damage|p2a: Eternatus|93/100|[from] Sandstorm
|-heal|p2a: Eternatus|99/100|[from] item: Leftovers
|upkeep
|turn|119
|inactive|I like Lovely has 60 seconds left.
|
|switch|p2a: Tyranitar|Tyranitar, F|82/100 tox
|move|p1a: Ditto|Dragon Tail|p2a: Tyranitar|[miss]
|-miss|p1a: Ditto|p2a: Tyranitar
|
|-weather|Sandstorm|[upkeep]
|-damage|p1a: Ditto|76/100|[from] Sandstorm
|-heal|p2a: Tyranitar|88/100 tox|[from] item: Leftovers
|-damage|p2a: Tyranitar|82/100 tox|[from] psn
|upkeep
|turn|120
|inactive|I like Lovely has 60 seconds left.
|
|switch|p1a: Corviknight|Corviknight, M|100/100
|-damage|p1a: Corviknight|88/100|[from] Stealth Rock
|-ability|p1a: Corviknight|Pressure
|switch|p2a: Eternatus|Eternatus|99/100
|-ability|p2a: Eternatus|Pressure
|
|-weather|none
|-heal|p2a: Eternatus|100/100|[from] item: Leftovers
|-heal|p1a: Corviknight|94/100|[from] item: Leftovers
|upkeep
|turn|121
|
|switch|p2a: Corviknight|Corviknight, F|94/100 brn
|-ability|p2a: Corviknight|Pressure
|move|p1a: Corviknight|U-turn|p2a: Corviknight
|-resisted|p2a: Corviknight
|-damage|p2a: Corviknight|92/100 brn
|
|switch|p1a: Ditto|Ditto|76/100|[from]move: U-turn
|-damage|p1a: Ditto|64/100|[from] Stealth Rock
|-transform|p1a: Ditto|p2a: Corviknight|[from] ability: Imposter
|-ability|p1a: Ditto|Pressure
|
|-heal|p2a: Corviknight|98/100 brn|[from] item: Leftovers
|-damage|p2a: Corviknight|92/100 brn|[from] brn
|upkeep
|turn|122
|
|switch|p2a: Conkeldurr|Conkeldurr, M|62/100
|move|p1a: Ditto|Defog|p2a: Conkeldurr
|-unboost|p2a: Conkeldurr|evasion|1
|-sideend|p1: I like Lovely|Stealth Rock|[from] move: Defog|[of] p1a: Ditto
|
|upkeep
|turn|123
|
|switch|p1a: Quagsire|Quagsire, F|100/100
|move|p2a: Conkeldurr|Ice Punch|p1a: Quagsire
|-damage|p1a: Quagsire|67/100
|
|-heal|p1a: Quagsire|73/100|[from] item: Leftovers
|upkeep
|turn|124
|
|move|p2a: Conkeldurr|Thunder Punch|p1a: Quagsire
|-immune|p1a: Quagsire
|move|p1a: Quagsire|Toxic|p2a: Conkeldurr
|-status|p2a: Conkeldurr|tox
|
|-heal|p1a: Quagsire|79/100|[from] item: Leftovers
|-damage|p2a: Conkeldurr|56/100 tox|[from] psn
|upkeep
|turn|125
|
|move|p2a: Conkeldurr|Drain Punch|p1a: Quagsire
|-damage|p1a: Quagsire|40/100
|-heal|p2a: Conkeldurr|77/100 tox|[from] drain|[of] p1a: Quagsire
|-damage|p2a: Conkeldurr|67/100 tox|[from] item: Life Orb
|move|p1a: Quagsire|Recover|p1a: Quagsire
|-heal|p1a: Quagsire|90/100
|
|-heal|p1a: Quagsire|96/100|[from] item: Leftovers
|-damage|p2a: Conkeldurr|55/100 tox|[from] psn
|upkeep
|turn|126
|
|switch|p2a: Eternatus|Eternatus|100/100
|-ability|p2a: Eternatus|Pressure
|switch|p1a: Toxapex|Toxapex, F|100/100 brn
|
|-damage|p1a: Toxapex|94/100 brn|[from] brn
|upkeep
|turn|127
|
|switch|p2a: Quagsire|Quagsire, M|100/100
|switch|p1a: Ditto|Ditto|64/100
|-transform|p1a: Ditto|p2a: Quagsire|[from] ability: Imposter
|
|upkeep
|turn|128
|inactive|I like Lovely has 30 seconds left.
|
|switch|p1a: Corviknight|Corviknight, M|94/100
|-ability|p1a: Corviknight|Pressure
|move|p2a: Quagsire|Toxic|p1a: Corviknight|[miss]
|-miss|p2a: Quagsire|p1a: Corviknight
|
|-heal|p1a: Corviknight|100/100|[from] item: Leftovers
|upkeep
|turn|129
|inactive|I like Lovely has 30 seconds left.
|inactive|I like Lovely has 20 seconds left.
|inactive|I like Lovely has 15 seconds left.
|inactive|I like Lovely has 10 seconds left.
|inactive|I like Lovely has 5 seconds left.
|-message|I like Lovely lost due to inactivity.
|
|win|fard~in
|raw|I like Lovely's rating: 1502 &rarr; <strong>1493</strong><br />(-9 for losing)
|raw|fard~in's rating: 1738 &rarr; <strong>1747</strong><br />(+9 for winning)
|l|☆fard~in
|c| Drop a Draco Homie|lol
