|j|☆Chunkomucho
|j|☆Pupper dude
|player|p1|Chunkomucho|erika|1496
|player|p2|Pupper dude|102|1480
|teamsize|p1|6
|teamsize|p2|6
|gametype|singles
|gen|8
|tier|[Gen 8] Ubers
|rated|
|clearpoke
|poke|p1|Cinderace, F|
|poke|p1|Zacian-Crowned|
|poke|p1|Mewtwo|
|poke|p1|Dracovish|
|poke|p1|Shuckle, M|
|poke|p1|Eternatus|
|poke|p2|Melmetal|
|poke|p2|Zacian-Crowned|
|poke|p2|Araquanid, F|
|poke|p2|Marshadow|
|poke|p2|Quagsire, F|
|poke|p2|Pyukumuku, F|
|rule|Sleep Clause Mod: Limit one foe put to sleep
|rule|Species Clause: Limit one of each Pokémon
|rule|OHKO Clause: OHKO moves are banned
|rule|Evasion Moves Clause: Evasion moves are banned
|rule|Endless Battle Clause: Forcing endless battles is banned
|rule|HP Percentage Mod: HP is shown in percentages
|html|Ubers Dynamax Clause: Pokémon on the <a href="https://www.smogon.com/dex/ss/formats/uber/">Ubers Dynamax Banlist</a> cannot Dynamax.
|teampreview
|inactive|Battle timer is ON: inactive players will automatically lose when time's up. (requested by Chunkomucho)
|
|start
|switch|p1a: Dracovish|Dracovish|100/100
|switch|p2a: Araquanid|Araquanid, F|100/100
|turn|1
|
|move|p1a: Dracovish|Substitute|p1a: Dracovish
|-start|p1a: Dracovish|Substitute
|-damage|p1a: Dracovish|76/100
|move|p2a: Araquanid|Sticky Web|p1a: Dracovish
|-sidestart|p1: Chunkomucho|move: Sticky Web
|
|upkeep
|turn|2
|
|move|p1a: Dracovish|Fishious Rend|p2a: Araquanid
|-resisted|p2a: Araquanid
|-damage|p2a: Araquanid|58/100
|move|p2a: Araquanid|Scald|p1a: Dracovish
|-resisted|p1a: Dracovish
|-crit|p1a: Dracovish
|-activate|p1a: Dracovish|move: Substitute|[damage]
|
|-heal|p2a: Araquanid|64/100|[from] item: Leftovers
|upkeep
|turn|3
|
|move|p1a: Dracovish|Fishious Rend|p2a: Araquanid
|-resisted|p2a: Araquanid
|-damage|p2a: Araquanid|15/100
|move|p2a: Araquanid|Scald|p1a: Dracovish
|-resisted|p1a: Dracovish
|-end|p1a: Dracovish|Substitute
|
|-heal|p2a: Araquanid|21/100|[from] item: Leftovers
|upkeep
|turn|4
|
|move|p1a: Dracovish|Substitute|p1a: Dracovish
|-start|p1a: Dracovish|Substitute
|-damage|p1a: Dracovish|51/100
|move|p2a: Araquanid|Scald|p1a: Dracovish
|-resisted|p1a: Dracovish
|-activate|p1a: Dracovish|move: Substitute|[damage]
|
|-heal|p2a: Araquanid|27/100|[from] item: Leftovers
|upkeep
|turn|5
|
|move|p1a: Dracovish|Fishious Rend|p2a: Araquanid
|-resisted|p2a: Araquanid
|-damage|p2a: Araquanid|0 fnt
|faint|p2a: Araquanid
|
|upkeep
|inactive|Pupper dude has 120 seconds left.
|
|switch|p2a: Quagsire|Quagsire, F|100/100
|turn|6
|
|move|p1a: Dracovish|Fishious Rend|p2a: Quagsire
|-damage|p2a: Quagsire|6/100
|move|p2a: Quagsire|Curse|p2a: Quagsire
|-unboost|p2a: Quagsire|spe|1
|-boost|p2a: Quagsire|atk|1
|-boost|p2a: Quagsire|def|1
|
|-heal|p2a: Quagsire|12/100|[from] item: Leftovers
|upkeep
|turn|7
|inactive|Pupper dude has 120 seconds left.
|-message|Pupper dude forfeited.
|
|win|Chunkomucho
|l|☆Pupper dude
||Ladder (probably) updated, but score could not be retrieved (Response not received).
