|j|☆I like Lovely
|j|☆Silver2195
|player|p1|I like Lovely|waiter-gen4dp|1581
|player|p2|Silver2195|102|1556
|teamsize|p1|6
|teamsize|p2|6
|gametype|singles
|gen|8
|tier|[Gen 8] Ubers
|rated|
|clearpoke
|poke|p1|Zacian-*|
|poke|p1|Quagsire, F|
|poke|p1|Gothitelle, F|
|poke|p1|Sableye, F|
|poke|p1|Reuniclus, M|
|poke|p1|Clefable, F|
|poke|p2|Zacian-*|
|poke|p2|Ditto|
|poke|p2|Eternatus|
|poke|p2|Toxapex, F|
|poke|p2|Corviknight, F|
|poke|p2|Quagsire, M|
|rule|Sleep Clause Mod: Limit one foe put to sleep
|rule|Species Clause: Limit one of each Pokémon
|rule|OHKO Clause: OHKO moves are banned
|rule|Evasion Moves Clause: Evasion moves are banned
|rule|Endless Battle Clause: Forcing endless battles is banned
|rule|HP Percentage Mod: HP is shown in percentages
|teampreview
|
|start
|switch|p1a: Sableye|Sableye, F|100/100
|switch|p2a: Zacian|Zacian-Crowned|100/100
|-ability|p2a: Zacian|Intrepid Sword|boost
|-boost|p2a: Zacian|atk|1
|turn|1
|
|move|p1a: Sableye|Will-O-Wisp|p2a: Zacian|[miss]
|-miss|p1a: Sableye|p2a: Zacian
|move|p2a: Zacian|Play Rough|p1a: Sableye
|-supereffective|p1a: Sableye
|-damage|p1a: Sableye|0 fnt
|faint|p1a: Sableye
|
|upkeep
|
|switch|p1a: Quagsire|Quagsire, F|100/100
|turn|2
|
|switch|p2a: Corviknight|Corviknight, F|100/100
|-ability|p2a: Corviknight|Pressure
|move|p1a: Quagsire|Scald|p2a: Corviknight
|-damage|p2a: Corviknight|82/100
|
|-heal|p2a: Corviknight|88/100|[from] item: Leftovers
|upkeep
|turn|3
|
|move|p2a: Corviknight|Body Press|p1a: Quagsire
|-damage|p1a: Quagsire|80/100
|move|p1a: Quagsire|Scald|p2a: Corviknight
|-damage|p2a: Corviknight|70/100
|-status|p2a: Corviknight|brn
|
|-heal|p2a: Corviknight|77/100 brn|[from] item: Leftovers
|-damage|p2a: Corviknight|70/100 brn|[from] brn
|upkeep
|turn|4
|
|move|p2a: Corviknight|Roost|p2a: Corviknight
|-heal|p2a: Corviknight|100/100 brn
|-singleturn|p2a: Corviknight|move: Roost
|move|p1a: Quagsire|Recover|p1a: Quagsire
|-heal|p1a: Quagsire|100/100
|
|-damage|p2a: Corviknight|94/100 brn|[from] brn
|upkeep
|turn|5
|
|switch|p1a: Reuniclus|Reuniclus, M|100/100
|move|p2a: Corviknight|Body Press|p1a: Reuniclus
|-resisted|p1a: Reuniclus
|-damage|p1a: Reuniclus|93/100
|
|-heal|p2a: Corviknight|100/100 brn|[from] item: Leftovers
|-damage|p2a: Corviknight|94/100 brn|[from] brn
|upkeep
|turn|6
|
|move|p2a: Corviknight|U-turn|p1a: Reuniclus
|-supereffective|p1a: Reuniclus
|-damage|p1a: Reuniclus|79/100
|
|switch|p2a: Toxapex|Toxapex, F|100/100|[from]move: U-turn
|move|p1a: Reuniclus|Future Sight|p2a: Toxapex
|-start|p1a: Reuniclus|move: Future Sight
|
|upkeep
|turn|7
|
|move|p1a: Reuniclus|Psychic|p2a: Toxapex
|-supereffective|p2a: Toxapex
|-damage|p2a: Toxapex|35/100
|move|p2a: Toxapex|Toxic Spikes|p1a: Reuniclus
|-sidestart|p1: I like Lovely|move: Toxic Spikes
|
|-heal|p2a: Toxapex|42/100|[from] item: Black Sludge
|upkeep
|turn|8
|
|switch|p2a: Corviknight|Corviknight, F|94/100 brn
|-ability|p2a: Corviknight|Pressure
|move|p1a: Reuniclus|Psychic|p2a: Corviknight
|-resisted|p2a: Corviknight
|-damage|p2a: Corviknight|69/100 brn
|
|-end|p2a: Corviknight|move: Future Sight
|-resisted|p2a: Corviknight
|-damage|p2a: Corviknight|39/100 brn
|-heal|p2a: Corviknight|45/100 brn|[from] item: Leftovers
|-damage|p2a: Corviknight|39/100 brn|[from] brn
|upkeep
|turn|9
|
|switch|p1a: Clefable|Clefable, F|100/100
|-status|p1a: Clefable|psn
|move|p2a: Corviknight|Roost|p2a: Corviknight
|-heal|p2a: Corviknight|89/100 brn
|-singleturn|p2a: Corviknight|move: Roost
|
|-heal|p2a: Corviknight|95/100 brn|[from] item: Leftovers
|-damage|p2a: Corviknight|89/100 brn|[from] brn
|upkeep
|turn|10
|
|move|p2a: Corviknight|U-turn|p1a: Clefable
|-resisted|p1a: Clefable
|-damage|p1a: Clefable|98/100 psn
|
|switch|p2a: Toxapex|Toxapex, F|75/100|[from]move: U-turn
|move|p1a: Clefable|Wish|p1a: Clefable
|
|-heal|p1a: Clefable|100/100 psn|[from] item: Leftovers
|-heal|p2a: Toxapex|81/100|[from] item: Black Sludge
|upkeep
|turn|11
|
|move|p1a: Clefable|Baton Pass|p1a: Clefable
|
|switch|p1a: Gothitelle|Gothitelle, F|100/100|[from]move: Baton Pass
|-status|p1a: Gothitelle|psn
|move|p2a: Toxapex|Toxic Spikes|p1a: Gothitelle
|-sidestart|p1: I like Lovely|move: Toxic Spikes
|
|-heal|p2a: Toxapex|87/100|[from] item: Black Sludge
|-damage|p1a: Gothitelle|88/100 psn|[from] psn
|upkeep
|turn|12
|
|move|p1a: Gothitelle|Cosmic Power|p1a: Gothitelle
|-boost|p1a: Gothitelle|def|1
|-boost|p1a: Gothitelle|spd|1
|move|p2a: Toxapex|Haze|p2a: Toxapex
|-clearallboost
|
|-heal|p1a: Gothitelle|94/100 psn|[from] item: Leftovers
|-heal|p2a: Toxapex|94/100|[from] item: Black Sludge
|-damage|p1a: Gothitelle|82/100 psn|[from] psn
|upkeep
|turn|13
|
|move|p1a: Gothitelle|Rest|p1a: Gothitelle
|-status|p1a: Gothitelle|slp|[from] move: Rest
|-heal|p1a: Gothitelle|100/100 slp|[silent]
|move|p2a: Toxapex|Haze|p2a: Toxapex
|-clearallboost
|
|-heal|p2a: Toxapex|99/100|[from] item: Black Sludge
|upkeep
|turn|14
|
|cant|p1a: Gothitelle|slp
|move|p2a: Toxapex|Scald|p1a: Gothitelle
|-damage|p1a: Gothitelle|84/100 slp
|
|-heal|p1a: Gothitelle|90/100 slp|[from] item: Leftovers
|-heal|p2a: Toxapex|100/100|[from] item: Black Sludge
|upkeep
|turn|15
|
|cant|p1a: Gothitelle|slp
|move|p2a: Toxapex|Scald|p1a: Gothitelle
|-damage|p1a: Gothitelle|76/100 slp
|
|-heal|p1a: Gothitelle|82/100 slp|[from] item: Leftovers
|upkeep
|turn|16
|
|-curestatus|p1a: Gothitelle|slp|[msg]
|move|p1a: Gothitelle|Cosmic Power|p1a: Gothitelle
|-boost|p1a: Gothitelle|def|1
|-boost|p1a: Gothitelle|spd|1
|move|p2a: Toxapex|Haze|p2a: Toxapex
|-clearallboost
|
|-heal|p1a: Gothitelle|88/100|[from] item: Leftovers
|upkeep
|turn|17
|
|move|p1a: Gothitelle|Cosmic Power|p1a: Gothitelle
|-boost|p1a: Gothitelle|def|1
|-boost|p1a: Gothitelle|spd|1
|move|p2a: Toxapex|Scald|p1a: Gothitelle
|-damage|p1a: Gothitelle|77/100
|
|-heal|p1a: Gothitelle|83/100|[from] item: Leftovers
|upkeep
|turn|18
|
|move|p1a: Gothitelle|Nasty Plot|p1a: Gothitelle
|-boost|p1a: Gothitelle|spa|2
|move|p2a: Toxapex|Haze|p2a: Toxapex
|-clearallboost
|
|-heal|p1a: Gothitelle|89/100|[from] item: Leftovers
|upkeep
|turn|19
|
|move|p1a: Gothitelle|Nasty Plot|p1a: Gothitelle
|-boost|p1a: Gothitelle|spa|2
|move|p2a: Toxapex|Scald|p1a: Gothitelle
|-damage|p1a: Gothitelle|74/100
|
|-heal|p1a: Gothitelle|80/100|[from] item: Leftovers
|upkeep
|turn|20
|
|move|p1a: Gothitelle|Stored Power|p2a: Toxapex
|-supereffective|p2a: Toxapex
|-damage|p2a: Toxapex|53/100
|move|p2a: Toxapex|Haze|p2a: Toxapex
|-clearallboost
|
|-heal|p1a: Gothitelle|87/100|[from] item: Leftovers
|-heal|p2a: Toxapex|59/100|[from] item: Black Sludge
|upkeep
|turn|21
|
|move|p1a: Gothitelle|Nasty Plot|p1a: Gothitelle
|-boost|p1a: Gothitelle|spa|2
|move|p2a: Toxapex|Recover|p2a: Toxapex
|-heal|p2a: Toxapex|100/100
|
|-heal|p1a: Gothitelle|93/100|[from] item: Leftovers
|upkeep
|turn|22
|
|-start|p1a: Gothitelle|Dynamax
|-heal|p1a: Gothitelle|93/100|[silent]
|move|p1a: Gothitelle|Max Mindstorm|p2a: Toxapex
|-supereffective|p2a: Toxapex
|-damage|p2a: Toxapex|0 fnt
|-fieldstart|move: Psychic Terrain
|faint|p2a: Toxapex
|
|-heal|p1a: Gothitelle|96/100|[from] item: Leftovers
|upkeep
|
|switch|p2a: Zacian|Zacian-Crowned|100/100
|-ability|p2a: Zacian|Intrepid Sword|boost
|-boost|p2a: Zacian|atk|1
|turn|23
|
|move|p2a: Zacian|Behemoth Blade|p1a: Gothitelle
|-damage|p1a: Gothitelle|18/100
|move|p1a: Gothitelle|Max Mindstorm|p2a: Zacian
|-resisted|p2a: Zacian
|-damage|p2a: Zacian|52/100
|
|-heal|p1a: Gothitelle|21/100|[from] item: Leftovers
|upkeep
|turn|24
|
|move|p2a: Zacian|Behemoth Blade|p1a: Gothitelle
|-damage|p1a: Gothitelle|0 fnt
|faint|p1a: Gothitelle
|
|upkeep
|
|switch|p1a: Zacian|Zacian-Crowned|100/100
|-ability|p1a: Zacian|Intrepid Sword|boost
|-boost|p1a: Zacian|atk|1
|turn|25
|
|switch|p2a: Quagsire|Quagsire, M|100/100
|move|p1a: Zacian|Behemoth Blade|p2a: Quagsire
|-resisted|p2a: Quagsire
|-damage|p2a: Quagsire|80/100
|
|upkeep
|turn|26
|
|switch|p1a: Reuniclus|Reuniclus, M|100/100
|-status|p1a: Reuniclus|tox
|move|p2a: Quagsire|Recover|p2a: Quagsire
|-heal|p2a: Quagsire|100/100
|
|-damage|p1a: Reuniclus|94/100 tox|[from] psn
|-fieldend|move: Psychic Terrain
|upkeep
|turn|27
|
|switch|p2a: Corviknight|Corviknight, F|89/100 brn
|-ability|p2a: Corviknight|Pressure
|move|p1a: Reuniclus|Future Sight|p2a: Corviknight
|-start|p1a: Reuniclus|move: Future Sight
|
|-heal|p2a: Corviknight|95/100 brn|[from] item: Leftovers
|-damage|p2a: Corviknight|89/100 brn|[from] brn
|-damage|p1a: Reuniclus|82/100 tox|[from] psn
|upkeep
|turn|28
|-message|I like Lovely forfeited.
|
|win|Silver2195
|l|☆I like Lovely
|raw|I like Lovely's rating: 1581 &rarr; <strong>1560</strong><br />(-21 for losing)
|raw|Silver2195's rating: 1556 &rarr; <strong>1577</strong><br />(+21 for winning)
