|j|☆I like Lovely
|j|☆new meta is broken
|player|p1|I like Lovely|23|1399
|player|p2|new meta is broken|palmer|1352
|teamsize|p1|6
|teamsize|p2|6
|gametype|singles
|gen|8
|tier|[Gen 8] Ubers
|rated|
|rule|Sleep Clause Mod: Limit one foe put to sleep
|rule|Species Clause: Limit one of each Pokémon
|rule|OHKO Clause: OHKO moves are banned
|rule|Evasion Moves Clause: Evasion moves are banned
|rule|Endless Battle Clause: Forcing endless battles is banned
|rule|HP Percentage Mod: HP is shown in percentages
|clearpoke
|poke|p1|Zacian-Crowned|
|poke|p1|Quagsire, M|
|poke|p1|Eternatus|
|poke|p1|Ditto|
|poke|p1|Dragapult, M|
|poke|p1|Ferrothorn, F|
|poke|p2|Pyukumuku, M|
|poke|p2|Excadrill, M|
|poke|p2|Rotom-Heat|
|poke|p2|Zacian-Crowned|
|poke|p2|Zamazenta|
|poke|p2|Eternatus|
|teampreview
|inactive|Battle timer is ON: inactive players will automatically lose when time's up. (requested by new meta is broken)
|
|start
|switch|p1a: Dragapult|Dragapult, M|100/100
|switch|p2a: Excadrill|Excadrill, M|100/100
|-ability|p2a: Excadrill|Mold Breaker
|turn|1
|
|move|p2a: Excadrill|Earthquake|p1a: Dragapult
|-damage|p1a: Dragapult|30/100
|move|p1a: Dragapult|Fire Blast|p2a: Excadrill
|-supereffective|p2a: Excadrill
|-damage|p2a: Excadrill|0 fnt
|faint|p2a: Excadrill
|
|upkeep
|
|switch|p2a: Zacian|Zacian-Crowned|100/100
|-ability|p2a: Zacian|Intrepid Sword|boost
|-boost|p2a: Zacian|atk|1
|turn|2
|
|move|p2a: Zacian|Play Rough|p1a: Dragapult
|-supereffective|p1a: Dragapult
|-damage|p1a: Dragapult|0 fnt
|faint|p1a: Dragapult
|
|upkeep
|
|switch|p1a: Quagsire|Quagsire, M|100/100
|turn|3
|
|switch|p2a: Eternatus|Eternatus|100/100
|-ability|p2a: Eternatus|Pressure
|move|p1a: Quagsire|Scald|p2a: Eternatus
|-resisted|p2a: Eternatus
|-damage|p2a: Eternatus|93/100
|
|-heal|p2a: Eternatus|99/100|[from] item: Black Sludge
|upkeep
|turn|4
|
|switch|p1a: Zacian|Zacian-Crowned|100/100
|-ability|p1a: Zacian|Intrepid Sword|boost
|-boost|p1a: Zacian|atk|1
|move|p2a: Eternatus|Cosmic Power|p2a: Eternatus
|-boost|p2a: Eternatus|def|1
|-boost|p2a: Eternatus|spd|1
|
|-heal|p2a: Eternatus|100/100|[from] item: Black Sludge
|upkeep
|turn|5
|
|move|p1a: Zacian|Psychic Fangs|p2a: Eternatus
|-supereffective|p2a: Eternatus
|-crit|p2a: Eternatus
|-damage|p2a: Eternatus|6/100
|move|p2a: Eternatus|Flamethrower|p1a: Zacian
|-supereffective|p1a: Zacian
|-damage|p1a: Zacian|49/100
|
|-heal|p2a: Eternatus|12/100|[from] item: Black Sludge
|upkeep
|turn|6
|
|switch|p2a: Pyukumuku|Pyukumuku, M|100/100
|move|p1a: Zacian|Psychic Fangs|p2a: Pyukumuku
|-damage|p2a: Pyukumuku|75/100
|
|-heal|p2a: Pyukumuku|81/100|[from] item: Leftovers
|upkeep
|turn|7
|
|switch|p1a: Ferrothorn|Ferrothorn, F|100/100
|move|p2a: Pyukumuku|Soak|p1a: Ferrothorn
|-start|p1a: Ferrothorn|typechange|Water
|
|-heal|p2a: Pyukumuku|87/100|[from] item: Leftovers
|upkeep
|turn|8
|
|switch|p1a: Eternatus|Eternatus|100/100
|-ability|p1a: Eternatus|Pressure
|move|p2a: Pyukumuku|Reflect|p2a: Pyukumuku
|-sidestart|p2: new meta is broken|Reflect
|
|-heal|p2a: Pyukumuku|93/100|[from] item: Leftovers
|upkeep
|turn|9
|j| primalkiki
|
|switch|p2a: Zacian|Zacian-Crowned|100/100
|-ability|p2a: Zacian|Intrepid Sword|boost
|-boost|p2a: Zacian|atk|1
|move|p1a: Eternatus|Flamethrower|p2a: Zacian
|-supereffective|p2a: Zacian
|-damage|p2a: Zacian|37/100
|
|upkeep
|turn|10
|
|move|p1a: Eternatus|Flamethrower|p2a: Zacian
|-supereffective|p2a: Zacian
|-damage|p2a: Zacian|0 fnt
|faint|p2a: Zacian
|
|upkeep
|
|switch|p2a: Pyukumuku|Pyukumuku, M|93/100
|turn|11
|
|switch|p1a: Ferrothorn|Ferrothorn, F|100/100
|move|p2a: Pyukumuku|Soak|p1a: Ferrothorn
|-start|p1a: Ferrothorn|typechange|Water
|
|-heal|p2a: Pyukumuku|99/100|[from] item: Leftovers
|upkeep
|turn|12
|
|switch|p1a: Eternatus|Eternatus|100/100
|-ability|p1a: Eternatus|Pressure
|switch|p2a: Eternatus|Eternatus|12/100
|-ability|p2a: Eternatus|Pressure
|
|-heal|p2a: Eternatus|19/100|[from] item: Black Sludge
|-sideend|p2: new meta is broken|Reflect
|upkeep
|turn|13
|
|switch|p2a: Pyukumuku|Pyukumuku, M|99/100
|move|p1a: Eternatus|Dynamax Cannon|p2a: Pyukumuku
|-damage|p2a: Pyukumuku|41/100
|
|-heal|p2a: Pyukumuku|47/100|[from] item: Leftovers
|upkeep
|turn|14
|inactive|I like Lovely has 120 seconds left.
|inactive|I like Lovely has 90 seconds left.
|inactive|I like Lovely has 60 seconds left.
|
|move|p1a: Eternatus|Dynamax Cannon|p2a: Pyukumuku
|-damage|p2a: Pyukumuku|0 fnt
|faint|p2a: Pyukumuku
|
|upkeep
|
|switch|p2a: Zamazenta|Zamazenta|100/100
|-ability|p2a: Zamazenta|Dauntless Shield|boost
|-boost|p2a: Zamazenta|def|1
|turn|15
|
|move|p1a: Eternatus|Dynamax Cannon|p2a: Zamazenta
|-damage|p2a: Zamazenta|52/100
|move|p2a: Zamazenta|Psychic Fangs|p1a: Eternatus
|-supereffective|p1a: Eternatus
|-damage|p1a: Eternatus|49/100
|
|upkeep
|turn|16
|
|move|p1a: Eternatus|Dynamax Cannon|p2a: Zamazenta
|-damage|p2a: Zamazenta|6/100
|-enditem|p2a: Zamazenta|Salac Berry|[eat]
|-boost|p2a: Zamazenta|spe|1
|move|p2a: Zamazenta|Psychic Fangs|p1a: Eternatus
|-supereffective|p1a: Eternatus
|-damage|p1a: Eternatus|0 fnt
|faint|p1a: Eternatus
|
|upkeep
|
|switch|p1a: Ditto|Ditto|100/100
|-transform|p1a: Ditto|p2a: Zamazenta|[from] ability: Imposter
|-ability|p1a: Ditto|Dauntless Shield|boost
|-boost|p1a: Ditto|def|1
|turn|17
|
|move|p1a: Ditto|Psychic Fangs|p2a: Zamazenta
|-supereffective|p2a: Zamazenta
|-damage|p2a: Zamazenta|0 fnt
|faint|p2a: Zamazenta
|
|upkeep
|
|switch|p2a: Rotom|Rotom-Heat|100/100
|turn|18
|
|move|p1a: Ditto|Psychic Fangs|p2a: Rotom
|-damage|p2a: Rotom|54/100
|move|p2a: Rotom|Will-O-Wisp|p1a: Ditto
|-status|p1a: Ditto|brn
|
|-damage|p1a: Ditto|94/100 brn|[from] brn
|upkeep
|turn|19
|inactive|I like Lovely has 90 seconds left.
|
|switch|p1a: Quagsire|Quagsire, M|100/100
|-start|p2a: Rotom|Dynamax
|-heal|p2a: Rotom|54/100|[silent]
|move|p2a: Rotom|Max Flare|p1a: Quagsire
|-resisted|p1a: Quagsire
|-damage|p1a: Quagsire|60/100
|-weather|SunnyDay
|
|-weather|SunnyDay|[upkeep]
|-heal|p1a: Quagsire|66/100|[from] item: Leftovers
|upkeep
|turn|20
|
|-hint|Dynamax ended.
|switch|p2a: Eternatus|Eternatus|19/100
|-ability|p2a: Eternatus|Pressure
|-start|p1a: Quagsire|Dynamax
|-heal|p1a: Quagsire|66/100|[silent]
|move|p1a: Quagsire|Max Geyser|p2a: Eternatus
|-resisted|p2a: Eternatus
|-damage|p2a: Eternatus|13/100
|-weather|RainDance
|
|-weather|RainDance|[upkeep]
|-heal|p2a: Eternatus|19/100|[from] item: Black Sludge
|-heal|p1a: Quagsire|72/100|[from] item: Leftovers
|upkeep
|turn|21
|
|move|p2a: Eternatus|Recover|p2a: Eternatus
|-heal|p2a: Eternatus|69/100
|move|p1a: Quagsire|Max Quake|p2a: Eternatus
|-supereffective|p2a: Eternatus
|-damage|p2a: Eternatus|27/100
|-boost|p1a: Quagsire|spd|1
|
|-weather|RainDance|[upkeep]
|-heal|p2a: Eternatus|33/100|[from] item: Black Sludge
|-heal|p1a: Quagsire|78/100|[from] item: Leftovers
|upkeep
|turn|22
|
|move|p2a: Eternatus|Recover|p2a: Eternatus
|-heal|p2a: Eternatus|83/100
|move|p1a: Quagsire|Max Quake|p2a: Eternatus
|-supereffective|p2a: Eternatus
|-damage|p2a: Eternatus|45/100
|-boost|p1a: Quagsire|spd|1
|
|-weather|RainDance|[upkeep]
|-heal|p2a: Eternatus|51/100|[from] item: Black Sludge
|-heal|p1a: Quagsire|85/100|[from] item: Leftovers
|-end|p1a: Quagsire|Dynamax
|-heal|p1a: Quagsire|85/100|[silent]
|upkeep
|turn|23
|inactive|I like Lovely has 120 seconds left.
|
|move|p2a: Eternatus|Recover|p2a: Eternatus
|-heal|p2a: Eternatus|100/100
|move|p1a: Quagsire|Stockpile|p1a: Quagsire
|-start|p1a: Quagsire|stockpile1
|-boost|p1a: Quagsire|def|1
|-boost|p1a: Quagsire|spd|1
|
|-weather|RainDance|[upkeep]
|-heal|p1a: Quagsire|91/100|[from] item: Leftovers
|upkeep
|turn|24
|inactive|I like Lovely has 120 seconds left.
|
|move|p2a: Eternatus|Cosmic Power|p2a: Eternatus
|-boost|p2a: Eternatus|def|1
|-boost|p2a: Eternatus|spd|1
|move|p1a: Quagsire|Scald|p2a: Eternatus
|-resisted|p2a: Eternatus
|-damage|p2a: Eternatus|90/100
|
|-weather|none
|-heal|p2a: Eternatus|96/100|[from] item: Black Sludge
|-heal|p1a: Quagsire|97/100|[from] item: Leftovers
|upkeep
|turn|25
|
|move|p2a: Eternatus|Toxic|p1a: Quagsire
|-status|p1a: Quagsire|tox
|move|p1a: Quagsire|Scald|p2a: Eternatus
|-resisted|p2a: Eternatus
|-damage|p2a: Eternatus|89/100
|-status|p2a: Eternatus|brn
|
|-heal|p2a: Eternatus|95/100 brn|[from] item: Black Sludge
|-heal|p1a: Quagsire|100/100 tox|[from] item: Leftovers
|-damage|p2a: Eternatus|89/100 brn|[from] brn
|-damage|p1a: Quagsire|94/100 tox|[from] psn
|upkeep
|turn|26
|
|move|p2a: Eternatus|Cosmic Power|p2a: Eternatus
|-boost|p2a: Eternatus|def|1
|-boost|p2a: Eternatus|spd|1
|move|p1a: Quagsire|Earthquake|p2a: Eternatus
|-supereffective|p2a: Eternatus
|-damage|p2a: Eternatus|57/100 brn
|
|-heal|p2a: Eternatus|63/100 brn|[from] item: Black Sludge
|-heal|p1a: Quagsire|100/100 tox|[from] item: Leftovers
|-damage|p2a: Eternatus|57/100 brn|[from] brn
|-damage|p1a: Quagsire|88/100 tox|[from] psn
|upkeep
|turn|27
|
|switch|p1a: Zacian|Zacian-Crowned|49/100
|-ability|p1a: Zacian|Intrepid Sword|boost
|-boost|p1a: Zacian|atk|1
|move|p2a: Eternatus|Recover|p2a: Eternatus
|-heal|p2a: Eternatus|100/100 brn
|
|-damage|p2a: Eternatus|94/100 brn|[from] brn
|upkeep
|turn|28
|
|move|p1a: Zacian|Psychic Fangs|p2a: Eternatus
|-supereffective|p2a: Eternatus
|-damage|p2a: Eternatus|62/100 brn
|move|p2a: Eternatus|Flamethrower|p1a: Zacian
|-supereffective|p1a: Zacian
|-damage|p1a: Zacian|0 fnt
|faint|p1a: Zacian
|
|-heal|p2a: Eternatus|68/100 brn|[from] item: Black Sludge
|-damage|p2a: Eternatus|62/100 brn|[from] brn
|upkeep
|
|switch|p1a: Ferrothorn|Ferrothorn, F|100/100
|turn|29
|j| egalvanc ✘
|
|move|p2a: Eternatus|Flamethrower|p1a: Ferrothorn
|-supereffective|p1a: Ferrothorn
|-damage|p1a: Ferrothorn|0 fnt
|faint|p1a: Ferrothorn
|
|-heal|p2a: Eternatus|68/100 brn|[from] item: Black Sludge
|-damage|p2a: Eternatus|62/100 brn|[from] brn
|upkeep
|
|switch|p1a: Ditto|Ditto|94/100 brn
|-transform|p1a: Ditto|p2a: Eternatus|[from] ability: Imposter
|-ability|p1a: Ditto|Pressure
|turn|30
|
|move|p1a: Ditto|Flamethrower|p2a: Eternatus
|-resisted|p2a: Eternatus
|-damage|p2a: Eternatus|56/100 brn
|move|p2a: Eternatus|Recover|p2a: Eternatus
|-heal|p2a: Eternatus|100/100 brn
|
|-damage|p1a: Ditto|88/100 brn|[from] brn
|-damage|p2a: Eternatus|94/100 brn|[from] brn
|upkeep
|turn|31
|-message|I like Lovely forfeited.
|
|win|new meta is broken
|l|☆I like Lovely
|raw|I like Lovely's rating: 1399 &rarr; <strong>1377</strong><br />(-22 for losing)
|raw|new meta is broken's rating: 1353 &rarr; <strong>1375</strong><br />(+22 for winning)
