|raw|<div class="broadcast-blue"><strong>This battle is required to be public due to a player having a name starting with 'ult9ns'.</div>
|j|☆Enraged Ares
|j|☆ULT9NS Orchid
|t:|1653415140
|gametype|singles
|player|p1|Enraged Ares|riley|1575
|player|p2|ULT9NS Orchid|winona-gen6|1597
|teamsize|p1|6
|teamsize|p2|6
|gen|8
|tier|[Gen 8] Ubers
|rated|
|rule|Sleep Clause Mod: Limit one foe put to sleep
|rule|Species Clause: Limit one of each Pokémon
|rule|OHKO Clause: OHKO moves are banned
|rule|Evasion Moves Clause: Evasion moves are banned
|rule|Endless Battle Clause: Forcing endless battles is banned
|rule|HP Percentage Mod: HP is shown in percentages
|rule|Dynamax Clause: You cannot dynamax
|clearpoke
|poke|p1|Indeedee, M|
|poke|p1|Dracovish|
|poke|p1|Palkia|
|poke|p1|Calyrex-Ice|
|poke|p1|Dialga|
|poke|p1|Magearna|
|poke|p2|Kyogre|
|poke|p2|Necrozma-Dusk-Mane|
|poke|p2|Dracovish|
|poke|p2|Ho-Oh|
|poke|p2|Eternatus|
|poke|p2|Yveltal|
|teampreview
|inactive|Battle timer is ON: inactive players will automatically lose when time's up. (requested by Enraged Ares)
|
|t:|1653415149
|start
|switch|p1a: Dialga|Dialga, shiny|100/100
|switch|p2a: Yveltal|Yveltal|100/100
|-ability|p2a: Yveltal|Dark Aura
|-ability|p1a: Dialga|Pressure
|-item|p1a: Dialga|Air Balloon
|turn|1
|
|t:|1653415154
|move|p2a: Yveltal|Foul Play|p1a: Dialga
|-damage|p1a: Dialga|68/100
|-enditem|p1a: Dialga|Air Balloon
|move|p1a: Dialga|Stealth Rock|p2a: Yveltal
|-sidestart|p2: ULT9NS Orchid|move: Stealth Rock
|
|upkeep
|turn|2
|
|t:|1653415161
|move|p2a: Yveltal|Foul Play|p1a: Dialga
|-damage|p1a: Dialga|37/100
|move|p1a: Dialga|Trick Room|p1a: Dialga
|-fieldstart|move: Trick Room|[of] p1a: Dialga
|
|upkeep
|turn|3
|
|t:|1653415163
|move|p1a: Dialga|Steel Beam|p2a: Yveltal
|-damage|p2a: Yveltal|35/100
|-damage|p1a: Dialga|0 fnt|[from] mindblown
|faint|p1a: Dialga
|move|p2a: Yveltal|Roost|p2a: Yveltal
|-heal|p2a: Yveltal|85/100
|-singleturn|p2a: Yveltal|move: Roost
|
|upkeep
|
|t:|1653415170
|switch|p1a: Dracovish|Dracovish, shiny|100/100
|turn|4
|
|t:|1653415182
|move|p2a: Yveltal|Sucker Punch|p1a: Dracovish
|-damage|p1a: Dracovish|63/100
|move|p1a: Dracovish|Fishious Rend|p2a: Yveltal
|-damage|p2a: Yveltal|19/100
|
|upkeep
|turn|5
|
|t:|1653415185
|move|p2a: Yveltal|Sucker Punch|p1a: Dracovish
|-damage|p1a: Dracovish|27/100
|move|p1a: Dracovish|Fishious Rend|p2a: Yveltal
|-damage|p2a: Yveltal|0 fnt
|faint|p2a: Yveltal
|
|upkeep
|j| reje
|
|t:|1653415204
|switch|p2a: Eternatus|Eternatus|100/100
|-damage|p2a: Eternatus|88/100|[from] Stealth Rock
|-ability|p2a: Eternatus|Pressure
|turn|6
|
|t:|1653415208
|switch|p1a: Magearna|Magearna|100/100
|move|p2a: Eternatus|Recover|p2a: Eternatus
|-heal|p2a: Eternatus|100/100
|
|-fieldend|move: Trick Room
|upkeep
|turn|7
|j| jojos le pipi
|
|t:|1653415221
|switch|p2a: Necrozma|Necrozma-Dusk-Mane|100/100
|-damage|p2a: Necrozma|94/100|[from] Stealth Rock
|move|p1a: Magearna|Trick Room|p1a: Magearna
|-fieldstart|move: Trick Room|[of] p1a: Magearna
|
|-heal|p2a: Necrozma|100/100|[from] item: Leftovers
|upkeep
|turn|8
|
|t:|1653415224
|move|p1a: Magearna|Volt Switch|p2a: Necrozma
|-damage|p2a: Necrozma|80/100
|-damage|p1a: Magearna|91/100|[from] item: Life Orb
|
|t:|1653415226
|switch|p1a: Dracovish|Dracovish, shiny|27/100|[from]move: Volt Switch
|move|p2a: Necrozma|Stealth Rock|p1a: Dracovish
|-sidestart|p1: Enraged Ares|move: Stealth Rock
|
|-heal|p2a: Necrozma|86/100|[from] item: Leftovers
|upkeep
|turn|9
|
|t:|1653415236
|switch|p2a: Eternatus|Eternatus|100/100
|-damage|p2a: Eternatus|88/100|[from] Stealth Rock
|-ability|p2a: Eternatus|Pressure
|move|p1a: Dracovish|Fishious Rend|p2a: Eternatus
|-resisted|p2a: Eternatus
|-damage|p2a: Eternatus|21/100
|
|-heal|p2a: Eternatus|28/100|[from] item: Black Sludge
|upkeep
|turn|10
|
|t:|1653415238
|switch|p2a: Dracovish|Dracovish|100/100
|-damage|p2a: Dracovish|88/100|[from] Stealth Rock
|move|p1a: Dracovish|Fishious Rend|p2a: Dracovish
|-resisted|p2a: Dracovish
|-damage|p2a: Dracovish|46/100
|
|upkeep
|turn|11
|
|t:|1653415262
|switch|p1a: Indeedee|Indeedee, M, shiny|100/100
|-damage|p1a: Indeedee|88/100|[from] Stealth Rock
|-fieldstart|move: Psychic Terrain|[from] ability: Psychic Surge|[of] p1a: Indeedee
|move|p2a: Dracovish|Fishious Rend|p1a: Indeedee
|-damage|p1a: Indeedee|0 fnt
|faint|p1a: Indeedee
|
|-fieldend|move: Trick Room
|upkeep
|
|t:|1653415264
|switch|p1a: Palkia|Palkia, shiny|100/100
|-damage|p1a: Palkia|88/100|[from] Stealth Rock
|-ability|p1a: Palkia|Pressure
|turn|12
|
|t:|1653415275
|move|p2a: Dracovish|Fishious Rend|p1a: Palkia
|-resisted|p1a: Palkia
|-damage|p1a: Palkia|49/100
|move|p1a: Palkia|Trick Room|p1a: Palkia
|-fieldstart|move: Trick Room|[of] p1a: Palkia
|
|upkeep
|turn|13
|
|t:|1653415284
|switch|p2a: Ho-Oh|Ho-Oh|100/100
|move|p1a: Palkia|Hydro Pump|p2a: Ho-Oh|[miss]
|-miss|p1a: Palkia|p2a: Ho-Oh
|
|upkeep
|turn|14
|j| ULT9NS Hamilton
|
|t:|1653415295
|move|p1a: Palkia|Hydro Pump|p2a: Ho-Oh
|-supereffective|p2a: Ho-Oh
|-crit|p2a: Ho-Oh
|-damage|p2a: Ho-Oh|0 fnt
|faint|p2a: Ho-Oh
|
|upkeep
|
|t:|1653415299
|switch|p2a: Necrozma|Necrozma-Dusk-Mane|86/100
|-damage|p2a: Necrozma|80/100|[from] Stealth Rock
|turn|15
|
|t:|1653415303
|move|p1a: Palkia|Hydro Pump|p2a: Necrozma
|-damage|p2a: Necrozma|22/100
|move|p2a: Necrozma|Moonlight|p2a: Necrozma
|-heal|p2a: Necrozma|72/100
|
|-heal|p2a: Necrozma|78/100|[from] item: Leftovers
|upkeep
|turn|16
|
|t:|1653415316
|move|p1a: Palkia|Hydro Pump|p2a: Necrozma
|-damage|p2a: Necrozma|28/100
|move|p2a: Necrozma|Thunder Wave|p1a: Palkia
|-status|p1a: Palkia|par
|
|-heal|p2a: Necrozma|34/100|[from] item: Leftovers
|-fieldend|move: Trick Room
|upkeep
|turn|17
|
|t:|1653415325
|move|p2a: Necrozma|Iron Head|p1a: Palkia
|-resisted|p1a: Palkia
|-damage|p1a: Palkia|30/100 par
|cant|p1a: Palkia|par
|
|-heal|p2a: Necrozma|40/100|[from] item: Leftovers
|upkeep
|turn|18
|
|t:|1653415330
|move|p2a: Necrozma|Iron Head|p1a: Palkia
|-resisted|p1a: Palkia
|-damage|p1a: Palkia|12/100 par
|cant|p1a: Palkia|par
|
|-heal|p2a: Necrozma|46/100|[from] item: Leftovers
|-fieldend|move: Psychic Terrain
|upkeep
|turn|19
|
|t:|1653415335
|move|p2a: Necrozma|Iron Head|p1a: Palkia
|-resisted|p1a: Palkia
|-damage|p1a: Palkia|0 fnt
|faint|p1a: Palkia
|
|-heal|p2a: Necrozma|52/100|[from] item: Leftovers
|upkeep
|
|t:|1653415339
|switch|p1a: Magearna|Magearna|91/100
|-damage|p1a: Magearna|85/100|[from] Stealth Rock
|turn|20
|
|t:|1653415355
|move|p2a: Necrozma|Moonlight|p2a: Necrozma
|-heal|p2a: Necrozma|100/100
|move|p1a: Magearna|Trick Room|p1a: Magearna
|-fieldstart|move: Trick Room|[of] p1a: Magearna
|
|upkeep
|turn|21
|
|t:|1653415359
|move|p1a: Magearna|Misty Explosion|p2a: Necrozma
|-resisted|p2a: Necrozma
|-damage|p2a: Necrozma|75/100
|faint|p1a: Magearna
|move|p2a: Necrozma|Iron Head|p1: Magearna|[notarget]
|-fail|p2a: Necrozma
|
|-heal|p2a: Necrozma|81/100|[from] item: Leftovers
|upkeep
|
|t:|1653415361
|switch|p1a: Dracovish|Dracovish, shiny|27/100
|-damage|p1a: Dracovish|14/100|[from] Stealth Rock
|turn|22
|
|t:|1653415371
|switch|p2a: Eternatus|Eternatus|28/100
|-damage|p2a: Eternatus|15/100|[from] Stealth Rock
|-ability|p2a: Eternatus|Pressure
|move|p1a: Dracovish|Fishious Rend|p2a: Eternatus
|-resisted|p2a: Eternatus
|-damage|p2a: Eternatus|0 fnt
|faint|p2a: Eternatus
|
|upkeep
|
|t:|1653415374
|switch|p2a: Kyogre|Kyogre|100/100
|-damage|p2a: Kyogre|88/100|[from] Stealth Rock
|-weather|RainDance|[from] ability: Drizzle|[of] p2a: Kyogre
|turn|23
|
|t:|1653415376
|move|p1a: Dracovish|Fishious Rend|p2a: Kyogre
|-resisted|p2a: Kyogre
|-damage|p2a: Kyogre|4/100
|move|p2a: Kyogre|Thunder Wave|p1a: Dracovish
|-status|p1a: Dracovish|par
|
|-weather|RainDance|[upkeep]
|-heal|p2a: Kyogre|10/100|[from] item: Leftovers
|upkeep
|turn|24
|
|t:|1653415399
|switch|p1a: Calyrex|Calyrex-Ice|100/100
|-ability|p1a: Calyrex|As One
|-ability|p1a: Calyrex|Unnerve
|move|p2a: Kyogre|Calm Mind|p2a: Kyogre
|-boost|p2a: Kyogre|spa|1
|-boost|p2a: Kyogre|spd|1
|
|-weather|RainDance|[upkeep]
|-heal|p2a: Kyogre|17/100|[from] item: Leftovers
|-fieldend|move: Trick Room
|upkeep
|turn|25
|
|t:|1653415407
|move|p2a: Kyogre|Surf|p1a: Calyrex
|-damage|p1a: Calyrex|37/100
|move|p1a: Calyrex|Trick Room|p1a: Calyrex
|-fieldstart|move: Trick Room|[of] p1a: Calyrex
|
|-weather|RainDance|[upkeep]
|-heal|p2a: Kyogre|23/100|[from] item: Leftovers
|upkeep
|turn|26
|
|t:|1653415413
|move|p1a: Calyrex|High Horsepower|p2a: Kyogre
|-damage|p2a: Kyogre|0 fnt
|faint|p2a: Kyogre
|-ability|p1a: Calyrex|Chilling Neigh|boost
|-boost|p1a: Calyrex|atk|1
|
|-weather|RainDance|[upkeep]
|upkeep
|
|t:|1653415415
|switch|p2a: Necrozma|Necrozma-Dusk-Mane|81/100
|-damage|p2a: Necrozma|75/100|[from] Stealth Rock
|turn|27
|
|t:|1653415418
|move|p1a: Calyrex|High Horsepower|p2a: Necrozma
|-supereffective|p2a: Necrozma
|-damage|p2a: Necrozma|14/100
|move|p2a: Necrozma|Moonlight|p2a: Necrozma
|-heal|p2a: Necrozma|38/100
|
|-weather|none
|-heal|p2a: Necrozma|44/100|[from] item: Leftovers
|upkeep
|turn|28
|j| ULT9NS Fog
|
|t:|1653415424
|move|p1a: Calyrex|High Horsepower|p2a: Necrozma
|-supereffective|p2a: Necrozma
|-damage|p2a: Necrozma|0 fnt
|faint|p2a: Necrozma
|-ability|p1a: Calyrex|Chilling Neigh|boost
|-boost|p1a: Calyrex|atk|1
|
|upkeep
|
|t:|1653415426
|switch|p2a: Dracovish|Dracovish|46/100
|-damage|p2a: Dracovish|34/100|[from] Stealth Rock
|turn|29
|
|t:|1653415430
|move|p1a: Calyrex|Glacial Lance|p2a: Dracovish
|-damage|p2a: Dracovish|0 fnt
|faint|p2a: Dracovish
|
|win|Enraged Ares
|raw|Enraged Ares's rating: 1575 &rarr; <strong>1594</strong><br />(+19 for winning)
|raw|ULT9NS Orchid's rating: 1565 &rarr; <strong>1546</strong><br />(-19 for losing)
|l|☆ULT9NS Orchid
|n| Paradise Seeker|enragedares
||Ladder isn't responding, score probably updated but might not have (Request timeout).
|l| Paradise Seeker
|j| Paradise Seeker
|l| Paradise Seeker
|l| reje
|l| ULT9NS Hamilton
|l| jojos le pipi
|j| Pokemh
|l| ULT9NS Fog
