|raw|<div class="broadcast-blue"><strong>This battle is required to be public due to a player having a name starting with 'ult9ns'.</div>
|j|☆ULT9NS Aniki
|j|☆Yati426
|t:|1653771709
|gametype|singles
|player|p1|ULT9NS Aniki|cowgirl|1593
|player|p2|Yati426|falkner|1581
|teamsize|p1|6
|teamsize|p2|6
|gen|8
|tier|[Gen 8] Ubers
|rated|
|rule|Sleep Clause Mod: Limit one foe put to sleep
|rule|Species Clause: Limit one of each Pokémon
|rule|OHKO Clause: OHKO moves are banned
|rule|Evasion Moves Clause: Evasion moves are banned
|rule|Endless Battle Clause: Forcing endless battles is banned
|rule|HP Percentage Mod: HP is shown in percentages
|rule|Dynamax Clause: You cannot dynamax
|clearpoke
|poke|p1|Yveltal|
|poke|p1|Kyogre|
|poke|p1|Ferrothorn, M|
|poke|p1|Necrozma-Dusk-Mane|
|poke|p1|Marshadow|
|poke|p1|Eternatus|
|poke|p2|Yveltal|
|poke|p2|Toxapex, F|
|poke|p2|Shedinja|
|poke|p2|Steelix, M|
|poke|p2|Blissey, F|
|poke|p2|Corviknight, F|
|teampreview
|
|t:|1653771720
|start
|switch|p1a: Ferrothorn|Ferrothorn, M|100/100
|switch|p2a: Yveltal|Yveltal|100/100
|-ability|p2a: Yveltal|Dark Aura
|turn|1
|
|t:|1653771722
|move|p2a: Yveltal|Substitute|p2a: Yveltal
|-start|p2a: Yveltal|Substitute
|-damage|p2a: Yveltal|75/100
|move|p1a: Ferrothorn|Leech Seed||[still]
|-fail|p1a: Ferrothorn
|
|upkeep
|turn|2
|j| Just respect it
|
|t:|1653771725
|switch|p1a: Eternatus|Eternatus|100/100
|-ability|p1a: Eternatus|Pressure
|move|p2a: Yveltal|Knock Off|p1a: Eternatus
|-damage|p1a: Eternatus|67/100
|-enditem|p1a: Eternatus|Power Herb|[from] move: Knock Off|[of] p2a: Yveltal
|
|upkeep
|turn|3
|
|t:|1653771728
|move|p1a: Eternatus|Dynamax Cannon|p2a: Yveltal
|-activate|p2a: Yveltal|move: Substitute|[damage]
|move|p2a: Yveltal|Substitute|p2a: Yveltal
|-fail|p2a: Yveltal|move: Substitute
|
|upkeep
|turn|4
|
|t:|1653771731
|move|p1a: Eternatus|Flamethrower|p2a: Yveltal
|-end|p2a: Yveltal|Substitute
|move|p2a: Yveltal|Roost|p2a: Yveltal
|-heal|p2a: Yveltal|100/100
|-singleturn|p2a: Yveltal|move: Roost
|
|upkeep
|turn|5
|
|t:|1653771734
|move|p1a: Eternatus|Recover|p1a: Eternatus
|-heal|p1a: Eternatus|100/100
|move|p2a: Yveltal|Substitute|p2a: Yveltal
|-start|p2a: Yveltal|Substitute
|-damage|p2a: Yveltal|75/100
|
|upkeep
|turn|6
|
|t:|1653771737
|move|p1a: Eternatus|Flamethrower|p2a: Yveltal
|-activate|p2a: Yveltal|move: Substitute|[damage]
|move|p2a: Yveltal|Knock Off|p1a: Eternatus
|-damage|p1a: Eternatus|78/100
|
|upkeep
|turn|7
|
|t:|1653771739
|move|p1a: Eternatus|Flamethrower|p2a: Yveltal
|-end|p2a: Yveltal|Substitute
|move|p2a: Yveltal|Substitute|p2a: Yveltal
|-start|p2a: Yveltal|Substitute
|-damage|p2a: Yveltal|50/100
|
|upkeep
|turn|8
|
|t:|1653771741
|move|p1a: Eternatus|Flamethrower|p2a: Yveltal
|-activate|p2a: Yveltal|move: Substitute|[damage]
|move|p2a: Yveltal|Roost|p2a: Yveltal
|-heal|p2a: Yveltal|100/100
|-singleturn|p2a: Yveltal|move: Roost
|
|upkeep
|turn|9
|
|t:|1653771744
|switch|p2a: Toxapex|Toxapex, F|100/100
|move|p1a: Eternatus|Flamethrower|p2a: Toxapex
|-resisted|p2a: Toxapex
|-damage|p2a: Toxapex|88/100
|
|upkeep
|turn|10
|
|t:|1653771746
|switch|p1a: Ferrothorn|Ferrothorn, M|100/100
|move|p2a: Toxapex|Scald|p1a: Ferrothorn
|-resisted|p1a: Ferrothorn
|-damage|p1a: Ferrothorn|95/100
|
|-heal|p1a: Ferrothorn|100/100|[from] item: Leftovers
|upkeep
|turn|11
|
|t:|1653771749
|switch|p2a: Corviknight|Corviknight, F|100/100
|-ability|p2a: Corviknight|Pressure
|move|p1a: Ferrothorn|Spikes|p2a: Corviknight
|-sidestart|p2: Yati426|Spikes
|
|upkeep
|turn|12
|
|t:|1653771752
|switch|p2a: Toxapex|Toxapex, F|100/100
|-damage|p2a: Toxapex|88/100|[from] Spikes
|move|p1a: Ferrothorn|Knock Off|p2a: Toxapex
|-damage|p2a: Toxapex|80/100
|
|upkeep
|turn|13
|
|t:|1653771759
|switch|p1a: Kyogre|Kyogre|100/100
|-weather|RainDance|[from] ability: Drizzle|[of] p1a: Kyogre
|move|p2a: Toxapex|Scald|p1a: Kyogre
|-resisted|p1a: Kyogre
|-damage|p1a: Kyogre|93/100
|
|-weather|RainDance|[upkeep]
|-heal|p1a: Kyogre|99/100|[from] item: Leftovers
|upkeep
|turn|14
|
|t:|1653771762
|switch|p2a: Shedinja|Shedinja|100/100
|move|p1a: Kyogre|Scald|p2a: Shedinja
|-immune|p2a: Shedinja|[from] ability: Wonder Guard
|
|-weather|RainDance|[upkeep]
|-heal|p1a: Kyogre|100/100|[from] item: Leftovers
|upkeep
|turn|15
|
|t:|1653771766
|switch|p2a: Blissey|Blissey, F|100/100
|move|p1a: Kyogre|Roar|p2a: Blissey
|drag|p2a: Yveltal|Yveltal|100/100
|-ability|p2a: Yveltal|Dark Aura
|
|-weather|RainDance|[upkeep]
|upkeep
|turn|16
|
|t:|1653771769
|move|p2a: Yveltal|Knock Off|p1a: Kyogre
|-damage|p1a: Kyogre|68/100
|-enditem|p1a: Kyogre|Leftovers|[from] move: Knock Off|[of] p2a: Yveltal
|move|p1a: Kyogre|Scald|p2a: Yveltal
|-damage|p2a: Yveltal|69/100
|
|-weather|RainDance|[upkeep]
|upkeep
|turn|17
|
|t:|1653771774
|switch|p2a: Shedinja|Shedinja|100/100
|move|p1a: Kyogre|Scald|p2a: Shedinja
|-immune|p2a: Shedinja|[from] ability: Wonder Guard
|
|-weather|none
|upkeep
|turn|18
|
|t:|1653771779
|switch|p1a: Eternatus|Eternatus|78/100
|-ability|p1a: Eternatus|Pressure
|move|p2a: Shedinja|Will-O-Wisp|p1a: Eternatus|[miss]
|-miss|p2a: Shedinja|p1a: Eternatus
|
|upkeep
|turn|19
|
|t:|1653771786
|switch|p1a: Marshadow|Marshadow|100/100
|switch|p2a: Toxapex|Toxapex, F|100/100
|-damage|p2a: Toxapex|88/100|[from] Spikes
|
|upkeep
|turn|20
|
|t:|1653771789
|switch|p1a: Ferrothorn|Ferrothorn, M|100/100
|move|p2a: Toxapex|Scald|p1a: Ferrothorn
|-resisted|p1a: Ferrothorn
|-damage|p1a: Ferrothorn|95/100
|
|-heal|p1a: Ferrothorn|100/100|[from] item: Leftovers
|upkeep
|turn|21
|
|t:|1653771792
|switch|p2a: Corviknight|Corviknight, F|100/100
|-ability|p2a: Corviknight|Pressure
|move|p1a: Ferrothorn|Spikes|p2a: Corviknight
|-sidestart|p2: Yati426|Spikes
|
|upkeep
|turn|22
|
|t:|1653771794
|move|p2a: Corviknight|Defog|p1a: Ferrothorn
|-unboost|p1a: Ferrothorn|evasion|1
|-sideend|p2: Yati426|Spikes|[from] move: Defog|[of] p2a: Corviknight
|move|p1a: Ferrothorn|Leech Seed|p2a: Corviknight
|-start|p2a: Corviknight|move: Leech Seed
|
|-damage|p2a: Corviknight|88/100|[from] Leech Seed|[of] p1a: Ferrothorn
|upkeep
|turn|23
|
|t:|1653771803
|switch|p2a: Toxapex|Toxapex, F|100/100
|move|p1a: Ferrothorn|Spikes|p2a: Toxapex
|-sidestart|p2: Yati426|Spikes
|
|upkeep
|turn|24
|
|t:|1653771805
|move|p2a: Toxapex|Scald|p1a: Ferrothorn
|-resisted|p1a: Ferrothorn
|-damage|p1a: Ferrothorn|95/100
|-status|p1a: Ferrothorn|brn
|move|p1a: Ferrothorn|Leech Seed|p2a: Toxapex
|-start|p2a: Toxapex|move: Leech Seed
|
|-heal|p1a: Ferrothorn|100/100 brn|[from] item: Leftovers
|-damage|p2a: Toxapex|88/100|[from] Leech Seed|[of] p1a: Ferrothorn
|-damage|p1a: Ferrothorn|94/100 brn|[from] brn
|upkeep
|turn|25
|
|t:|1653771811
|switch|p2a: Corviknight|Corviknight, F|88/100
|-ability|p2a: Corviknight|Pressure
|switch|p1a: Eternatus|Eternatus|78/100
|-ability|p1a: Eternatus|Pressure
|
|-heal|p2a: Corviknight|94/100|[from] item: Leftovers
|upkeep
|turn|26
|
|t:|1653771816
|switch|p2a: Blissey|Blissey, F|100/100
|move|p1a: Eternatus|Flamethrower|p2a: Blissey
|-damage|p2a: Blissey|93/100
|
|upkeep
|turn|27
|
|t:|1653771819
|switch|p1a: Marshadow|Marshadow|100/100
|switch|p2a: Toxapex|Toxapex, F|100/100
|-damage|p2a: Toxapex|88/100|[from] Spikes
|
|upkeep
|turn|28
|
|t:|1653771823
|switch|p1a: Ferrothorn|Ferrothorn, M|94/100 brn
|move|p2a: Toxapex|Haze|p2a: Toxapex
|-clearallboost
|
|-heal|p1a: Ferrothorn|100/100 brn|[from] item: Leftovers
|-damage|p1a: Ferrothorn|94/100 brn|[from] brn
|upkeep
|turn|29
|
|t:|1653771829
|switch|p2a: Corviknight|Corviknight, F|94/100
|-ability|p2a: Corviknight|Pressure
|move|p1a: Ferrothorn|Knock Off|p2a: Corviknight
|-damage|p2a: Corviknight|88/100
|-enditem|p2a: Corviknight|Leftovers|[from] move: Knock Off|[of] p1a: Ferrothorn
|
|-heal|p1a: Ferrothorn|100/100 brn|[from] item: Leftovers
|-damage|p1a: Ferrothorn|94/100 brn|[from] brn
|upkeep
|turn|30
|
|t:|1653771832
|switch|p1a: Eternatus|Eternatus|78/100
|-ability|p1a: Eternatus|Pressure
|move|p2a: Corviknight|Body Press|p1a: Eternatus
|-resisted|p1a: Eternatus
|-damage|p1a: Eternatus|70/100
|
|upkeep
|turn|31
|
|t:|1653771836
|switch|p2a: Blissey|Blissey, F|93/100
|move|p1a: Eternatus|Flamethrower|p2a: Blissey
|-damage|p2a: Blissey|84/100
|
|upkeep
|turn|32
|
|t:|1653771839
|switch|p1a: Necrozma|Necrozma-Dusk-Mane|100/100
|switch|p2a: Yveltal|Yveltal|69/100
|-ability|p2a: Yveltal|Dark Aura
|
|upkeep
|turn|33
|
|t:|1653771842
|move|p2a: Yveltal|Knock Off|p1a: Necrozma
|-supereffective|p1a: Necrozma
|-damage|p1a: Necrozma|49/100
|-enditem|p1a: Necrozma|Leftovers|[from] move: Knock Off|[of] p2a: Yveltal
|move|p1a: Necrozma|Stealth Rock|p2a: Yveltal
|-sidestart|p2: Yati426|move: Stealth Rock
|
|upkeep
|turn|34
|
|t:|1653771846
|switch|p2a: Corviknight|Corviknight, F|88/100
|-damage|p2a: Corviknight|76/100|[from] Stealth Rock
|-ability|p2a: Corviknight|Pressure
|move|p1a: Necrozma|Moonlight|p1a: Necrozma
|-heal|p1a: Necrozma|99/100
|
|upkeep
|turn|35
|
|t:|1653771849
|move|p1a: Necrozma|Thunder Wave|p2a: Corviknight
|-status|p2a: Corviknight|par
|move|p2a: Corviknight|Defog|p1a: Necrozma
|-unboost|p1a: Necrozma|evasion|1
|-sideend|p2: Yati426|Spikes|[from] move: Defog|[of] p2a: Corviknight
|-sideend|p2: Yati426|Stealth Rock|[from] move: Defog|[of] p2a: Corviknight
|
|upkeep
|turn|36
|
|t:|1653771851
|switch|p2a: Steelix|Steelix, M|100/100
|move|p1a: Necrozma|Stealth Rock|p2a: Steelix
|-sidestart|p2: Yati426|move: Stealth Rock
|
|upkeep
|turn|37
|
|t:|1653771854
|switch|p1a: Kyogre|Kyogre|68/100
|-weather|RainDance|[from] ability: Drizzle|[of] p1a: Kyogre
|move|p2a: Steelix|Stealth Rock|p1a: Kyogre
|-sidestart|p1: ULT9NS Aniki|move: Stealth Rock
|
|-weather|RainDance|[upkeep]
|upkeep
|turn|38
|
|t:|1653771858
|switch|p2a: Shedinja|Shedinja|100/100
|move|p1a: Kyogre|Roar|p2a: Shedinja
|drag|p2a: Yveltal|Yveltal|69/100
|-ability|p2a: Yveltal|Dark Aura
|
|-weather|RainDance|[upkeep]
|upkeep
|turn|39
|
|t:|1653771863
|move|p2a: Yveltal|Oblivion Wing|p1a: Kyogre
|-damage|p1a: Kyogre|45/100
|-heal|p2a: Yveltal|85/100|[from] drain|[of] p1a: Kyogre
|move|p1a: Kyogre|Scald|p2a: Yveltal
|-damage|p2a: Yveltal|54/100
|
|-weather|RainDance|[upkeep]
|upkeep
|turn|40
|
|t:|1653771865
|move|p2a: Yveltal|Roost|p2a: Yveltal
|-heal|p2a: Yveltal|100/100
|-singleturn|p2a: Yveltal|move: Roost
|move|p1a: Kyogre|Scald|p2a: Yveltal
|-crit|p2a: Yveltal
|-damage|p2a: Yveltal|56/100
|
|-weather|RainDance|[upkeep]
|upkeep
|turn|41
|
|t:|1653771869
|move|p2a: Yveltal|Roost|p2a: Yveltal
|-heal|p2a: Yveltal|100/100
|-singleturn|p2a: Yveltal|move: Roost
|move|p1a: Kyogre|Scald|p2a: Yveltal
|-damage|p2a: Yveltal|70/100
|
|-weather|none
|upkeep
|turn|42
|
|t:|1653771871
|move|p2a: Yveltal|Oblivion Wing|p1a: Kyogre
|-damage|p1a: Kyogre|25/100
|-heal|p2a: Yveltal|84/100|[from] drain|[of] p1a: Kyogre
|move|p1a: Kyogre|Scald|p2a: Yveltal
|-damage|p2a: Yveltal|62/100
|-status|p2a: Yveltal|brn
|
|-damage|p2a: Yveltal|56/100 brn|[from] brn
|upkeep
|turn|43
|
|t:|1653771874
|move|p2a: Yveltal|Oblivion Wing|p1a: Kyogre
|-crit|p1a: Kyogre
|-damage|p1a: Kyogre|0 fnt
|-heal|p2a: Yveltal|72/100 brn|[from] drain|[of] p1a: Kyogre
|faint|p1a: Kyogre
|
|-damage|p2a: Yveltal|66/100 brn|[from] brn
|upkeep
|c|☆ULT9NS Aniki|lol
|c|☆ULT9NS Aniki|right as i click rest
|
|t:|1653771883
|switch|p1a: Yveltal|Yveltal|100/100
|-ability|p1a: Yveltal|Dark Aura
|turn|44
|
|t:|1653771887
|switch|p2a: Toxapex|Toxapex, F|100/100
|-damage|p2a: Toxapex|88/100|[from] Stealth Rock
|move|p1a: Yveltal|Hone Claws|p1a: Yveltal
|-boost|p1a: Yveltal|atk|1
|-boost|p1a: Yveltal|accuracy|1
|
|upkeep
|turn|45
|
|t:|1653771889
|move|p1a: Yveltal|Knock Off|p2a: Toxapex
|-damage|p2a: Toxapex|47/100
|move|p2a: Toxapex|Scald|p1a: Yveltal
|-damage|p1a: Yveltal|86/100
|-status|p1a: Yveltal|brn
|
|-damage|p1a: Yveltal|80/100 brn|[from] brn
|upkeep
|turn|46
|c|☆ULT9NS Aniki|and first try as well
|
|t:|1653771896
|switch|p1a: Ferrothorn|Ferrothorn, M|94/100 brn
|-damage|p1a: Ferrothorn|88/100 brn|[from] Stealth Rock
|move|p2a: Toxapex|Recover|p2a: Toxapex
|-heal|p2a: Toxapex|97/100
|
|-heal|p1a: Ferrothorn|94/100 brn|[from] item: Leftovers
|-damage|p1a: Ferrothorn|88/100 brn|[from] brn
|upkeep
|turn|47
|
|t:|1653771903
|switch|p2a: Yveltal|Yveltal|66/100 brn
|-ability|p2a: Yveltal|Dark Aura
|move|p1a: Ferrothorn|Leech Seed|p2a: Yveltal
|-start|p2a: Yveltal|move: Leech Seed
|
|-heal|p1a: Ferrothorn|94/100 brn|[from] item: Leftovers
|-damage|p2a: Yveltal|53/100 brn|[from] Leech Seed|[of] p1a: Ferrothorn
|-heal|p1a: Ferrothorn|100/100 brn|[silent]
|-damage|p2a: Yveltal|47/100 brn|[from] brn
|-damage|p1a: Ferrothorn|94/100 brn|[from] brn
|upkeep
|turn|48
|
|t:|1653771917
|switch|p2a: Toxapex|Toxapex, F|100/100
|-damage|p2a: Toxapex|88/100|[from] Stealth Rock
|move|p1a: Ferrothorn|Knock Off|p2a: Toxapex
|-damage|p2a: Toxapex|84/100
|
|-heal|p1a: Ferrothorn|100/100 brn|[from] item: Leftovers
|-damage|p1a: Ferrothorn|94/100 brn|[from] brn
|upkeep
|turn|49
|
|t:|1653771934
|switch|p2a: Corviknight|Corviknight, F|76/100 par
|-damage|p2a: Corviknight|63/100 par|[from] Stealth Rock
|-ability|p2a: Corviknight|Pressure
|switch|p1a: Eternatus|Eternatus|70/100
|-damage|p1a: Eternatus|57/100|[from] Stealth Rock
|-ability|p1a: Eternatus|Pressure
|
|upkeep
|turn|50
|
|t:|1653771936
|switch|p2a: Blissey|Blissey, F|84/100
|move|p1a: Eternatus|Flamethrower|p2a: Blissey
|-damage|p2a: Blissey|76/100
|
|upkeep
|turn|51
|
|t:|1653771939
|move|p1a: Eternatus|Recover|p1a: Eternatus
|-heal|p1a: Eternatus|100/100
|move|p2a: Blissey|Wish|p2a: Blissey
|
|upkeep
|turn|52
|
|t:|1653771942
|switch|p2a: Yveltal|Yveltal|47/100 brn
|-ability|p2a: Yveltal|Dark Aura
|move|p1a: Eternatus|Flamethrower|p2a: Yveltal
|-damage|p2a: Yveltal|32/100 brn
|
|-heal|p2a: Yveltal|100/100 brn|[from] move: Wish|[wisher] Blissey
|-damage|p2a: Yveltal|94/100 brn|[from] brn
|upkeep
|turn|53
|
|t:|1653771946
|switch|p2a: Blissey|Blissey, F|76/100
|move|p1a: Eternatus|Meteor Beam||[still]
|-prepare|p1a: Eternatus|Meteor Beam
|-boost|p1a: Eternatus|spa|1
|
|upkeep
|turn|54
|
|t:|1653771948
|move|p1a: Eternatus|Meteor Beam|p2a: Blissey|[from]lockedmove
|-damage|p2a: Blissey|62/100
|move|p2a: Blissey|Aromatherapy|p2a: Blissey
|-activate|p2a: Blissey|move: Aromatherapy
|-curestatus|p2: Yveltal|brn|[msg]
|-curestatus|p2: Corviknight|par|[msg]
|
|upkeep
|turn|55
|
|t:|1653771952
|move|p1a: Eternatus|Meteor Beam||[still]
|-prepare|p1a: Eternatus|Meteor Beam
|-boost|p1a: Eternatus|spa|1
|move|p2a: Blissey|Soft-Boiled|p2a: Blissey
|-heal|p2a: Blissey|100/100
|
|upkeep
|turn|56
|
|t:|1653771956
|move|p1a: Eternatus|Meteor Beam|p2a: Blissey|[from]lockedmove|[miss]
|-miss|p1a: Eternatus|p2a: Blissey
|move|p2a: Blissey|Confide|p1a: Eternatus
|-unboost|p1a: Eternatus|spa|1
|
|upkeep
|turn|57
|
|t:|1653771959
|switch|p1a: Ferrothorn|Ferrothorn, M|94/100 brn
|-damage|p1a: Ferrothorn|88/100 brn|[from] Stealth Rock
|move|p2a: Blissey|Confide|p1a: Ferrothorn
|-unboost|p1a: Ferrothorn|spa|1
|
|-heal|p1a: Ferrothorn|94/100 brn|[from] item: Leftovers
|-damage|p1a: Ferrothorn|88/100 brn|[from] brn
|upkeep
|turn|58
|
|t:|1653771963
|switch|p2a: Corviknight|Corviknight, F|63/100
|-damage|p2a: Corviknight|51/100|[from] Stealth Rock
|-ability|p2a: Corviknight|Pressure
|switch|p1a: Eternatus|Eternatus|100/100
|-damage|p1a: Eternatus|88/100|[from] Stealth Rock
|-ability|p1a: Eternatus|Pressure
|
|upkeep
|turn|59
|
|t:|1653771966
|switch|p2a: Blissey|Blissey, F|100/100
|move|p1a: Eternatus|Flamethrower|p2a: Blissey
|-damage|p2a: Blissey|92/100
|
|upkeep
|turn|60
|
|t:|1653771968
|switch|p1a: Marshadow|Marshadow|100/100
|-damage|p1a: Marshadow|94/100|[from] Stealth Rock
|move|p2a: Blissey|Wish|p2a: Blissey
|
|upkeep
|turn|61
|
|t:|1653771972
|switch|p1a: Eternatus|Eternatus|88/100
|-damage|p1a: Eternatus|76/100|[from] Stealth Rock
|-ability|p1a: Eternatus|Pressure
|switch|p2a: Corviknight|Corviknight, F|51/100
|-damage|p2a: Corviknight|38/100|[from] Stealth Rock
|-ability|p2a: Corviknight|Pressure
|
|-heal|p2a: Corviknight|100/100|[from] move: Wish|[wisher] Blissey
|upkeep
|turn|62
|
|t:|1653771976
|switch|p2a: Toxapex|Toxapex, F|100/100
|-damage|p2a: Toxapex|88/100|[from] Stealth Rock
|move|p1a: Eternatus|Flamethrower|p2a: Toxapex
|-resisted|p2a: Toxapex
|-crit|p2a: Toxapex
|-damage|p2a: Toxapex|71/100
|
|upkeep
|turn|63
|
|t:|1653771980
|switch|p1a: Ferrothorn|Ferrothorn, M|88/100 brn
|-damage|p1a: Ferrothorn|82/100 brn|[from] Stealth Rock
|switch|p2a: Blissey|Blissey, F|92/100
|
|-heal|p1a: Ferrothorn|88/100 brn|[from] item: Leftovers
|-damage|p1a: Ferrothorn|82/100 brn|[from] brn
|upkeep
|turn|64
|
|t:|1653771985
|switch|p2a: Toxapex|Toxapex, F|100/100
|-damage|p2a: Toxapex|88/100|[from] Stealth Rock
|move|p1a: Ferrothorn|Knock Off|p2a: Toxapex
|-damage|p2a: Toxapex|84/100
|
|-heal|p1a: Ferrothorn|88/100 brn|[from] item: Leftovers
|-damage|p1a: Ferrothorn|82/100 brn|[from] brn
|upkeep
|turn|65
|
|t:|1653771989
|switch|p2a: Yveltal|Yveltal|94/100
|-ability|p2a: Yveltal|Dark Aura
|move|p1a: Ferrothorn|Spikes|p2a: Yveltal
|-sidestart|p2: Yati426|Spikes
|
|-heal|p1a: Ferrothorn|88/100 brn|[from] item: Leftovers
|-damage|p1a: Ferrothorn|82/100 brn|[from] brn
|upkeep
|turn|66
|
|t:|1653771993
|switch|p1a: Eternatus|Eternatus|76/100
|-damage|p1a: Eternatus|63/100|[from] Stealth Rock
|-ability|p1a: Eternatus|Pressure
|move|p2a: Yveltal|Substitute|p2a: Yveltal
|-start|p2a: Yveltal|Substitute
|-damage|p2a: Yveltal|69/100
|
|upkeep
|turn|67
|
|t:|1653771996
|move|p1a: Eternatus|Meteor Beam||[still]
|-prepare|p1a: Eternatus|Meteor Beam
|-boost|p1a: Eternatus|spa|1
|move|p2a: Yveltal|Knock Off|p1a: Eternatus
|-damage|p1a: Eternatus|42/100
|
|upkeep
|turn|68
|
|t:|1653771999
|move|p1a: Eternatus|Meteor Beam|p2a: Yveltal|[from]lockedmove
|-supereffective|p2a: Yveltal
|-end|p2a: Yveltal|Substitute
|move|p2a: Yveltal|Roost|p2a: Yveltal
|-heal|p2a: Yveltal|100/100
|-singleturn|p2a: Yveltal|move: Roost
|
|upkeep
|turn|69
|
|t:|1653772002
|switch|p2a: Blissey|Blissey, F|92/100
|move|p1a: Eternatus|Recover|p1a: Eternatus
|-heal|p1a: Eternatus|92/100
|
|upkeep
|turn|70
|
|t:|1653772007
|move|p1a: Eternatus|Meteor Beam||[still]
|-prepare|p1a: Eternatus|Meteor Beam
|-boost|p1a: Eternatus|spa|1
|move|p2a: Blissey|Confide|p1a: Eternatus
|-unboost|p1a: Eternatus|spa|1
|
|upkeep
|turn|71
|
|t:|1653772010
|move|p1a: Eternatus|Meteor Beam|p2a: Blissey|[from]lockedmove|[miss]
|-miss|p1a: Eternatus|p2a: Blissey
|move|p2a: Blissey|Confide|p1a: Eternatus
|-unboost|p1a: Eternatus|spa|1
|
|upkeep
|turn|72
|
|t:|1653772014
|switch|p2a: Toxapex|Toxapex, F|100/100
|-damage|p2a: Toxapex|88/100|[from] Stealth Rock
|-damage|p2a: Toxapex|75/100|[from] Spikes
|move|p1a: Eternatus|Meteor Beam||[still]
|-prepare|p1a: Eternatus|Meteor Beam
|-boost|p1a: Eternatus|spa|1
|
|upkeep
|turn|73
|
|t:|1653772017
|move|p2a: Toxapex|Baneful Bunker|p2a: Toxapex
|-singleturn|p2a: Toxapex|move: Protect
|move|p1a: Eternatus|Meteor Beam|p2a: Toxapex|[from]lockedmove
|-activate|p2a: Toxapex|move: Protect
|
|upkeep
|turn|74
|
|t:|1653772019
|switch|p1a: Marshadow|Marshadow|94/100
|-damage|p1a: Marshadow|88/100|[from] Stealth Rock
|switch|p2a: Blissey|Blissey, F|92/100
|
|upkeep
|turn|75
|
|t:|1653772022
|switch|p2a: Toxapex|Toxapex, F|100/100
|-damage|p2a: Toxapex|88/100|[from] Stealth Rock
|-damage|p2a: Toxapex|75/100|[from] Spikes
|move|p1a: Marshadow|Spectral Thief|p2a: Toxapex
|-damage|p2a: Toxapex|42/100
|-damage|p1a: Marshadow|78/100|[from] item: Life Orb
|
|upkeep
|turn|76
|
|t:|1653772029
|switch|p1a: Ferrothorn|Ferrothorn, M|82/100 brn
|-damage|p1a: Ferrothorn|75/100 brn|[from] Stealth Rock
|move|p2a: Toxapex|Recover|p2a: Toxapex
|-heal|p2a: Toxapex|92/100
|
|-heal|p1a: Ferrothorn|82/100 brn|[from] item: Leftovers
|-damage|p1a: Ferrothorn|75/100 brn|[from] brn
|upkeep
|turn|77
|
|t:|1653772032
|switch|p1a: Eternatus|Eternatus|92/100
|-damage|p1a: Eternatus|80/100|[from] Stealth Rock
|-ability|p1a: Eternatus|Pressure
|move|p2a: Toxapex|Baneful Bunker||[still]
|-fail|p2a: Toxapex
|
|upkeep
|turn|78
|
|t:|1653772037
|switch|p1a: Yveltal|Yveltal|80/100 brn
|-ability|p1a: Yveltal|Dark Aura
|move|p2a: Toxapex|Scald|p1a: Yveltal
|-damage|p1a: Yveltal|67/100 brn
|
|-damage|p1a: Yveltal|61/100 brn|[from] brn
|upkeep
|turn|79
|
|t:|1653772043
|move|p1a: Yveltal|Roost|p1a: Yveltal
|-heal|p1a: Yveltal|100/100 brn
|-singleturn|p1a: Yveltal|move: Roost
|move|p2a: Toxapex|Haze|p2a: Toxapex
|-clearallboost
|
|-damage|p1a: Yveltal|94/100 brn|[from] brn
|upkeep
|turn|80
|
|t:|1653772045
|switch|p2a: Yveltal|Yveltal|100/100
|-ability|p2a: Yveltal|Dark Aura
|move|p1a: Yveltal|Hone Claws|p1a: Yveltal
|-boost|p1a: Yveltal|atk|1
|-boost|p1a: Yveltal|accuracy|1
|
|-damage|p1a: Yveltal|88/100 brn|[from] brn
|upkeep
|turn|81
|
|t:|1653772047
|move|p1a: Yveltal|Knock Off|p2a: Yveltal
|-resisted|p2a: Yveltal
|-damage|p2a: Yveltal|79/100
|-enditem|p2a: Yveltal|Heavy-Duty Boots|[from] move: Knock Off|[of] p1a: Yveltal
|move|p2a: Yveltal|Knock Off|p1a: Yveltal
|-resisted|p1a: Yveltal
|-damage|p1a: Yveltal|66/100 brn
|-enditem|p1a: Yveltal|Heavy-Duty Boots|[from] move: Knock Off|[of] p2a: Yveltal
|
|-damage|p1a: Yveltal|60/100 brn|[from] brn
|upkeep
|turn|82
|
|t:|1653772050
|move|p1a: Yveltal|Roost|p1a: Yveltal
|-heal|p1a: Yveltal|100/100 brn
|-singleturn|p1a: Yveltal|move: Roost
|move|p2a: Yveltal|Oblivion Wing|p1a: Yveltal
|-damage|p1a: Yveltal|70/100 brn
|-heal|p2a: Yveltal|99/100|[from] drain|[of] p1a: Yveltal
|
|-damage|p1a: Yveltal|64/100 brn|[from] brn
|upkeep
|turn|83
|
|t:|1653772053
|move|p1a: Yveltal|Roost|p1a: Yveltal
|-heal|p1a: Yveltal|100/100 brn
|-singleturn|p1a: Yveltal|move: Roost
|move|p2a: Yveltal|Knock Off|p1a: Yveltal
|-resisted|p1a: Yveltal
|-damage|p1a: Yveltal|87/100 brn
|
|-damage|p1a: Yveltal|80/100 brn|[from] brn
|upkeep
|turn|84
|
|t:|1653772056
|switch|p1a: Eternatus|Eternatus|80/100
|-damage|p1a: Eternatus|67/100|[from] Stealth Rock
|-ability|p1a: Eternatus|Pressure
|move|p2a: Yveltal|Knock Off|p1a: Eternatus
|-damage|p1a: Eternatus|47/100
|
|upkeep
|turn|85
|
|t:|1653772062
|switch|p2a: Blissey|Blissey, F|92/100
|move|p1a: Eternatus|Recover|p1a: Eternatus
|-heal|p1a: Eternatus|97/100
|
|upkeep
|turn|86
|
|t:|1653772065
|switch|p1a: Ferrothorn|Ferrothorn, M|75/100 brn
|-damage|p1a: Ferrothorn|69/100 brn|[from] Stealth Rock
|switch|p2a: Toxapex|Toxapex, F|100/100
|-damage|p2a: Toxapex|88/100|[from] Stealth Rock
|-damage|p2a: Toxapex|75/100|[from] Spikes
|
|-heal|p1a: Ferrothorn|75/100 brn|[from] item: Leftovers
|-damage|p1a: Ferrothorn|69/100 brn|[from] brn
|upkeep
|turn|87
|j|%Seldanna
|
|t:|1653772068
|switch|p2a: Corviknight|Corviknight, F|100/100
|-damage|p2a: Corviknight|88/100|[from] Stealth Rock
|-ability|p2a: Corviknight|Pressure
|move|p1a: Ferrothorn|Leech Seed|p2a: Corviknight
|-start|p2a: Corviknight|move: Leech Seed
|
|-heal|p1a: Ferrothorn|75/100 brn|[from] item: Leftovers
|-damage|p2a: Corviknight|75/100|[from] Leech Seed|[of] p1a: Ferrothorn
|-heal|p1a: Ferrothorn|90/100 brn|[silent]
|-damage|p1a: Ferrothorn|83/100 brn|[from] brn
|upkeep
|turn|88
|
|t:|1653772071
|switch|p2a: Toxapex|Toxapex, F|100/100
|-damage|p2a: Toxapex|88/100|[from] Stealth Rock
|-damage|p2a: Toxapex|75/100|[from] Spikes
|switch|p1a: Eternatus|Eternatus|97/100
|-damage|p1a: Eternatus|85/100|[from] Stealth Rock
|-ability|p1a: Eternatus|Pressure
|
|upkeep
|turn|89
|
|t:|1653772076
|switch|p1a: Ferrothorn|Ferrothorn, M|83/100 brn
|-damage|p1a: Ferrothorn|77/100 brn|[from] Stealth Rock
|switch|p2a: Blissey|Blissey, F|92/100
|
|-heal|p1a: Ferrothorn|83/100 brn|[from] item: Leftovers
|-damage|p1a: Ferrothorn|77/100 brn|[from] brn
|upkeep
|turn|90
|
|t:|1653772079
|switch|p2a: Toxapex|Toxapex, F|100/100
|-damage|p2a: Toxapex|88/100|[from] Stealth Rock
|-damage|p2a: Toxapex|75/100|[from] Spikes
|move|p1a: Ferrothorn|Knock Off|p2a: Toxapex
|-damage|p2a: Toxapex|71/100
|
|-heal|p1a: Ferrothorn|83/100 brn|[from] item: Leftovers
|-damage|p1a: Ferrothorn|77/100 brn|[from] brn
|upkeep
|turn|91
|
|t:|1653772083
|switch|p2a: Corviknight|Corviknight, F|75/100
|-damage|p2a: Corviknight|63/100|[from] Stealth Rock
|-ability|p2a: Corviknight|Pressure
|move|p1a: Ferrothorn|Knock Off|p2a: Corviknight
|-damage|p2a: Corviknight|58/100
|
|-heal|p1a: Ferrothorn|83/100 brn|[from] item: Leftovers
|-damage|p1a: Ferrothorn|77/100 brn|[from] brn
|upkeep
|turn|92
|l| Just respect it
|
|t:|1653772087
|switch|p1a: Eternatus|Eternatus|85/100
|-damage|p1a: Eternatus|72/100|[from] Stealth Rock
|-ability|p1a: Eternatus|Pressure
|move|p2a: Corviknight|Roost|p2a: Corviknight
|-heal|p2a: Corviknight|100/100
|-singleturn|p2a: Corviknight|move: Roost
|
|upkeep
|turn|93
|
|t:|1653772095
|switch|p2a: Blissey|Blissey, F|92/100
|move|p1a: Eternatus|Meteor Beam||[still]
|-prepare|p1a: Eternatus|Meteor Beam
|-boost|p1a: Eternatus|spa|1
|
|upkeep
|turn|94
|
|t:|1653772099
|move|p1a: Eternatus|Meteor Beam|p2a: Blissey|[from]lockedmove|[miss]
|-miss|p1a: Eternatus|p2a: Blissey
|move|p2a: Blissey|Confide|p1a: Eternatus
|-unboost|p1a: Eternatus|spa|1
|
|upkeep
|turn|95
|
|t:|1653772103
|switch|p2a: Toxapex|Toxapex, F|100/100
|-damage|p2a: Toxapex|88/100|[from] Stealth Rock
|-damage|p2a: Toxapex|75/100|[from] Spikes
|move|p1a: Eternatus|Recover|p1a: Eternatus
|-heal|p1a: Eternatus|100/100
|
|upkeep
|turn|96
|
|t:|1653772107
|switch|p2a: Blissey|Blissey, F|92/100
|move|p1a: Eternatus|Flamethrower|p2a: Blissey
|-damage|p2a: Blissey|84/100
|
|upkeep
|turn|97
|
|t:|1653772111
|switch|p1a: Marshadow|Marshadow|78/100
|-damage|p1a: Marshadow|72/100|[from] Stealth Rock
|switch|p2a: Toxapex|Toxapex, F|100/100
|-damage|p2a: Toxapex|88/100|[from] Stealth Rock
|-damage|p2a: Toxapex|75/100|[from] Spikes
|
|upkeep
|turn|98
|
|t:|1653772115
|switch|p1a: Ferrothorn|Ferrothorn, M|77/100 brn
|-damage|p1a: Ferrothorn|71/100 brn|[from] Stealth Rock
|move|p2a: Toxapex|Baneful Bunker||[still]
|-fail|p2a: Toxapex
|
|-heal|p1a: Ferrothorn|77/100 brn|[from] item: Leftovers
|-damage|p1a: Ferrothorn|71/100 brn|[from] brn
|upkeep
|turn|99
|
|t:|1653772119
|switch|p2a: Corviknight|Corviknight, F|100/100
|-damage|p2a: Corviknight|88/100|[from] Stealth Rock
|-ability|p2a: Corviknight|Pressure
|switch|p1a: Eternatus|Eternatus|100/100
|-damage|p1a: Eternatus|88/100|[from] Stealth Rock
|-ability|p1a: Eternatus|Pressure
|
|upkeep
|turn|100
|
|t:|1653772124
|switch|p1a: Yveltal|Yveltal|80/100 brn
|-damage|p1a: Yveltal|55/100 brn|[from] Stealth Rock
|-ability|p1a: Yveltal|Dark Aura
|switch|p2a: Blissey|Blissey, F|84/100
|
|-damage|p1a: Yveltal|49/100 brn|[from] brn
|upkeep
|turn|101
|
|t:|1653772127
|switch|p2a: Toxapex|Toxapex, F|100/100
|-damage|p2a: Toxapex|88/100|[from] Stealth Rock
|-damage|p2a: Toxapex|75/100|[from] Spikes
|move|p1a: Yveltal|Roost|p1a: Yveltal
|-heal|p1a: Yveltal|99/100 brn
|-singleturn|p1a: Yveltal|move: Roost
|
|-damage|p1a: Yveltal|93/100 brn|[from] brn
|upkeep
|turn|102
|
|t:|1653772129
|move|p1a: Yveltal|Hone Claws|p1a: Yveltal
|-boost|p1a: Yveltal|atk|1
|-boost|p1a: Yveltal|accuracy|1
|move|p2a: Toxapex|Haze|p2a: Toxapex
|-clearallboost
|
|-damage|p1a: Yveltal|87/100 brn|[from] brn
|upkeep
|turn|103
|
|t:|1653772133
|move|p1a: Yveltal|Hone Claws|p1a: Yveltal
|-boost|p1a: Yveltal|atk|1
|-boost|p1a: Yveltal|accuracy|1
|move|p2a: Toxapex|Haze|p2a: Toxapex
|-clearallboost
|
|-damage|p1a: Yveltal|81/100 brn|[from] brn
|upkeep
|turn|104
|
|t:|1653772139
|move|p1a: Yveltal|Hone Claws|p1a: Yveltal
|-boost|p1a: Yveltal|atk|1
|-boost|p1a: Yveltal|accuracy|1
|move|p2a: Toxapex|Haze|p2a: Toxapex
|-clearallboost
|
|-damage|p1a: Yveltal|75/100 brn|[from] brn
|upkeep
|turn|105
|
|t:|1653772148
|move|p1a: Yveltal|Hone Claws|p1a: Yveltal
|-boost|p1a: Yveltal|atk|1
|-boost|p1a: Yveltal|accuracy|1
|move|p2a: Toxapex|Haze|p2a: Toxapex
|-clearallboost
|
|-damage|p1a: Yveltal|69/100 brn|[from] brn
|upkeep
|turn|106
|
|t:|1653772151
|move|p1a: Yveltal|Roost|p1a: Yveltal
|-heal|p1a: Yveltal|100/100 brn
|-singleturn|p1a: Yveltal|move: Roost
|move|p2a: Toxapex|Haze|p2a: Toxapex
|-clearallboost
|
|-damage|p1a: Yveltal|94/100 brn|[from] brn
|upkeep
|turn|107
|
|t:|1653772159
|switch|p1a: Eternatus|Eternatus|88/100
|-damage|p1a: Eternatus|76/100|[from] Stealth Rock
|-ability|p1a: Eternatus|Pressure
|switch|p2a: Corviknight|Corviknight, F|88/100
|-damage|p2a: Corviknight|75/100|[from] Stealth Rock
|-ability|p2a: Corviknight|Pressure
|
|upkeep
|turn|108
|
|t:|1653772166
|switch|p1a: Ferrothorn|Ferrothorn, M|71/100 brn
|-damage|p1a: Ferrothorn|65/100 brn|[from] Stealth Rock
|switch|p2a: Blissey|Blissey, F|84/100
|
|-heal|p1a: Ferrothorn|71/100 brn|[from] item: Leftovers
|-damage|p1a: Ferrothorn|65/100 brn|[from] brn
|upkeep
|turn|109
|
|t:|1653772170
|switch|p2a: Corviknight|Corviknight, F|75/100
|-damage|p2a: Corviknight|63/100|[from] Stealth Rock
|-ability|p2a: Corviknight|Pressure
|switch|p1a: Eternatus|Eternatus|76/100
|-damage|p1a: Eternatus|63/100|[from] Stealth Rock
|-ability|p1a: Eternatus|Pressure
|
|upkeep
|turn|110
|
|t:|1653772177
|switch|p1a: Yveltal|Yveltal|94/100 brn
|-damage|p1a: Yveltal|69/100 brn|[from] Stealth Rock
|-ability|p1a: Yveltal|Dark Aura
|move|p2a: Corviknight|Roost|p2a: Corviknight
|-heal|p2a: Corviknight|100/100
|-singleturn|p2a: Corviknight|move: Roost
|
|-damage|p1a: Yveltal|63/100 brn|[from] brn
|upkeep
|turn|111
|
|t:|1653772182
|switch|p2a: Toxapex|Toxapex, F|100/100
|-damage|p2a: Toxapex|88/100|[from] Stealth Rock
|-damage|p2a: Toxapex|75/100|[from] Spikes
|move|p1a: Yveltal|Roost|p1a: Yveltal
|-heal|p1a: Yveltal|100/100 brn
|-singleturn|p1a: Yveltal|move: Roost
|
|-damage|p1a: Yveltal|94/100 brn|[from] brn
|upkeep
|turn|112
|
|t:|1653772186
|switch|p1a: Ferrothorn|Ferrothorn, M|65/100 brn
|-damage|p1a: Ferrothorn|58/100 brn|[from] Stealth Rock
|move|p2a: Toxapex|Scald|p1a: Ferrothorn
|-resisted|p1a: Ferrothorn
|-damage|p1a: Ferrothorn|53/100 brn
|
|-heal|p1a: Ferrothorn|59/100 brn|[from] item: Leftovers
|-damage|p1a: Ferrothorn|53/100 brn|[from] brn
|upkeep
|turn|113
|j| Just respect it
|
|t:|1653772191
|move|p2a: Toxapex|Baneful Bunker|p2a: Toxapex
|-singleturn|p2a: Toxapex|move: Protect
|move|p1a: Ferrothorn|Leech Seed|p2a: Toxapex
|-activate|p2a: Toxapex|move: Protect
|
|-heal|p1a: Ferrothorn|59/100 brn|[from] item: Leftovers
|-damage|p1a: Ferrothorn|53/100 brn|[from] brn
|upkeep
|turn|114
|
|t:|1653772193
|switch|p2a: Corviknight|Corviknight, F|100/100
|-damage|p2a: Corviknight|88/100|[from] Stealth Rock
|-ability|p2a: Corviknight|Pressure
|move|p1a: Ferrothorn|Leech Seed|p2a: Corviknight
|-start|p2a: Corviknight|move: Leech Seed
|
|-heal|p1a: Ferrothorn|59/100 brn|[from] item: Leftovers
|-damage|p2a: Corviknight|75/100|[from] Leech Seed|[of] p1a: Ferrothorn
|-heal|p1a: Ferrothorn|74/100 brn|[silent]
|-damage|p1a: Ferrothorn|67/100 brn|[from] brn
|upkeep
|turn|115
|
|t:|1653772197
|move|p2a: Corviknight|Roost|p2a: Corviknight
|-heal|p2a: Corviknight|100/100
|-singleturn|p2a: Corviknight|move: Roost
|move|p1a: Ferrothorn|Spikes|p2a: Corviknight
|-sidestart|p2: Yati426|Spikes
|
|-heal|p1a: Ferrothorn|74/100 brn|[from] item: Leftovers
|-damage|p2a: Corviknight|88/100|[from] Leech Seed|[of] p1a: Ferrothorn
|-heal|p1a: Ferrothorn|88/100 brn|[silent]
|-damage|p1a: Ferrothorn|81/100 brn|[from] brn
|upkeep
|turn|116
|l| Just respect it
|
|t:|1653772200
|switch|p1a: Eternatus|Eternatus|63/100
|-damage|p1a: Eternatus|51/100|[from] Stealth Rock
|-ability|p1a: Eternatus|Pressure
|move|p2a: Corviknight|Defog|p1a: Eternatus
|-unboost|p1a: Eternatus|evasion|1
|-sideend|p1: ULT9NS Aniki|Stealth Rock|[from] move: Defog|[of] p2a: Corviknight
|-sideend|p2: Yati426|Spikes|[from] move: Defog|[of] p2a: Corviknight
|-sideend|p2: Yati426|Stealth Rock|[from] move: Defog|[of] p2a: Corviknight
|
|-damage|p2a: Corviknight|75/100|[from] Leech Seed|[of] p1a: Eternatus
|-heal|p1a: Eternatus|61/100|[silent]
|upkeep
|turn|117
|
|t:|1653772203
|switch|p1a: Ferrothorn|Ferrothorn, M|81/100 brn
|switch|p2a: Toxapex|Toxapex, F|100/100
|
|-heal|p1a: Ferrothorn|88/100 brn|[from] item: Leftovers
|-damage|p1a: Ferrothorn|81/100 brn|[from] brn
|upkeep
|turn|118
|
|t:|1653772205
|switch|p2a: Corviknight|Corviknight, F|75/100
|-ability|p2a: Corviknight|Pressure
|move|p1a: Ferrothorn|Spikes|p2a: Corviknight
|-sidestart|p2: Yati426|Spikes
|
|-heal|p1a: Ferrothorn|88/100 brn|[from] item: Leftovers
|-damage|p1a: Ferrothorn|81/100 brn|[from] brn
|upkeep
|turn|119
|
|t:|1653772213
|switch|p1a: Necrozma|Necrozma-Dusk-Mane|99/100
|move|p2a: Corviknight|Roost|p2a: Corviknight
|-heal|p2a: Corviknight|100/100
|-singleturn|p2a: Corviknight|move: Roost
|
|upkeep
|turn|120
|
|t:|1653772217
|switch|p2a: Steelix|Steelix, M|100/100
|-damage|p2a: Steelix|88/100|[from] Spikes
|move|p1a: Necrozma|Stealth Rock|p2a: Steelix
|-sidestart|p2: Yati426|move: Stealth Rock
|
|-heal|p2a: Steelix|94/100|[from] item: Leftovers
|upkeep
|turn|121
|
|t:|1653772219
|switch|p1a: Eternatus|Eternatus|61/100
|-ability|p1a: Eternatus|Pressure
|move|p2a: Steelix|Stealth Rock|p1a: Eternatus
|-sidestart|p1: ULT9NS Aniki|move: Stealth Rock
|
|-heal|p2a: Steelix|100/100|[from] item: Leftovers
|upkeep
|turn|122
|
|t:|1653772222
|switch|p2a: Blissey|Blissey, F|84/100
|move|p1a: Eternatus|Flamethrower|p2a: Blissey
|-damage|p2a: Blissey|76/100
|
|upkeep
|turn|123
|
|t:|1653772228
|switch|p2a: Toxapex|Toxapex, F|100/100
|-damage|p2a: Toxapex|88/100|[from] Spikes
|-damage|p2a: Toxapex|75/100|[from] Stealth Rock
|move|p1a: Eternatus|Recover|p1a: Eternatus
|-heal|p1a: Eternatus|100/100
|
|upkeep
|turn|124
|
|t:|1653772232
|switch|p1a: Ferrothorn|Ferrothorn, M|81/100 brn
|-damage|p1a: Ferrothorn|75/100 brn|[from] Stealth Rock
|switch|p2a: Blissey|Blissey, F|76/100
|
|-heal|p1a: Ferrothorn|81/100 brn|[from] item: Leftovers
|-damage|p1a: Ferrothorn|75/100 brn|[from] brn
|upkeep
|turn|125
|
|t:|1653772235
|switch|p2a: Toxapex|Toxapex, F|100/100
|-damage|p2a: Toxapex|88/100|[from] Spikes
|-damage|p2a: Toxapex|75/100|[from] Stealth Rock
|move|p1a: Ferrothorn|Spikes|p2a: Toxapex
|-sidestart|p2: Yati426|Spikes
|
|-heal|p1a: Ferrothorn|81/100 brn|[from] item: Leftovers
|-damage|p1a: Ferrothorn|75/100 brn|[from] brn
|upkeep
|turn|126
|
|t:|1653772240
|switch|p1a: Eternatus|Eternatus|100/100
|-damage|p1a: Eternatus|88/100|[from] Stealth Rock
|-ability|p1a: Eternatus|Pressure
|move|p2a: Toxapex|Scald|p1a: Eternatus
|-resisted|p1a: Eternatus
|-damage|p1a: Eternatus|82/100
|
|upkeep
|turn|127
|
|t:|1653772247
|switch|p1a: Ferrothorn|Ferrothorn, M|75/100 brn
|-damage|p1a: Ferrothorn|69/100 brn|[from] Stealth Rock
|switch|p2a: Blissey|Blissey, F|76/100
|
|-heal|p1a: Ferrothorn|75/100 brn|[from] item: Leftovers
|-damage|p1a: Ferrothorn|69/100 brn|[from] brn
|upkeep
|turn|128
|
|t:|1653772249
|switch|p2a: Corviknight|Corviknight, F|100/100
|-damage|p2a: Corviknight|88/100|[from] Stealth Rock
|-ability|p2a: Corviknight|Pressure
|move|p1a: Ferrothorn|Knock Off|p2a: Corviknight
|-damage|p2a: Corviknight|84/100
|
|-heal|p1a: Ferrothorn|75/100 brn|[from] item: Leftovers
|-damage|p1a: Ferrothorn|69/100 brn|[from] brn
|upkeep
|turn|129
|
|t:|1653772252
|switch|p1a: Eternatus|Eternatus|82/100
|-damage|p1a: Eternatus|70/100|[from] Stealth Rock
|-ability|p1a: Eternatus|Pressure
|move|p2a: Corviknight|Defog|p1a: Eternatus
|-unboost|p1a: Eternatus|evasion|1
|-sideend|p1: ULT9NS Aniki|Stealth Rock|[from] move: Defog|[of] p2a: Corviknight
|-sideend|p2: Yati426|Spikes|[from] move: Defog|[of] p2a: Corviknight
|-sideend|p2: Yati426|Stealth Rock|[from] move: Defog|[of] p2a: Corviknight
|
|upkeep
|turn|130
|
|t:|1653772256
|switch|p1a: Necrozma|Necrozma-Dusk-Mane|99/100
|switch|p2a: Toxapex|Toxapex, F|100/100
|
|upkeep
|turn|131
|
|t:|1653772258
|switch|p2a: Steelix|Steelix, M|100/100
|move|p1a: Necrozma|Stealth Rock|p2a: Steelix
|-sidestart|p2: Yati426|move: Stealth Rock
|
|upkeep
|turn|132
|
|t:|1653772260
|switch|p1a: Eternatus|Eternatus|70/100
|-ability|p1a: Eternatus|Pressure
|move|p2a: Steelix|Stealth Rock|p1a: Eternatus
|-sidestart|p1: ULT9NS Aniki|move: Stealth Rock
|
|upkeep
|turn|133
|
|t:|1653772263
|switch|p2a: Blissey|Blissey, F|76/100
|move|p1a: Eternatus|Recover|p1a: Eternatus
|-heal|p1a: Eternatus|100/100
|
|upkeep
|turn|134
|
|t:|1653772266
|switch|p1a: Ferrothorn|Ferrothorn, M|69/100 brn
|-damage|p1a: Ferrothorn|63/100 brn|[from] Stealth Rock
|switch|p2a: Toxapex|Toxapex, F|100/100
|-damage|p2a: Toxapex|88/100|[from] Stealth Rock
|
|-heal|p1a: Ferrothorn|69/100 brn|[from] item: Leftovers
|-damage|p1a: Ferrothorn|63/100 brn|[from] brn
|upkeep
|turn|135
|
|t:|1653772269
|switch|p2a: Corviknight|Corviknight, F|84/100
|-damage|p2a: Corviknight|71/100|[from] Stealth Rock
|-ability|p2a: Corviknight|Pressure
|move|p1a: Ferrothorn|Spikes|p2a: Corviknight
|-sidestart|p2: Yati426|Spikes
|
|-heal|p1a: Ferrothorn|69/100 brn|[from] item: Leftovers
|-damage|p1a: Ferrothorn|63/100 brn|[from] brn
|upkeep
|turn|136
|
|t:|1653772272
|switch|p1a: Eternatus|Eternatus|100/100
|-damage|p1a: Eternatus|88/100|[from] Stealth Rock
|-ability|p1a: Eternatus|Pressure
|move|p2a: Corviknight|Roost|p2a: Corviknight
|-heal|p2a: Corviknight|100/100
|-singleturn|p2a: Corviknight|move: Roost
|
|upkeep
|turn|137
|
|t:|1653772279
|switch|p1a: Ferrothorn|Ferrothorn, M|63/100 brn
|-damage|p1a: Ferrothorn|56/100 brn|[from] Stealth Rock
|switch|p2a: Blissey|Blissey, F|76/100
|
|-heal|p1a: Ferrothorn|63/100 brn|[from] item: Leftovers
|-damage|p1a: Ferrothorn|56/100 brn|[from] brn
|upkeep
|turn|138
|
|t:|1653772282
|switch|p2a: Corviknight|Corviknight, F|100/100
|-damage|p2a: Corviknight|88/100|[from] Stealth Rock
|-ability|p2a: Corviknight|Pressure
|move|p1a: Ferrothorn|Spikes|p2a: Corviknight
|-sidestart|p2: Yati426|Spikes
|
|-heal|p1a: Ferrothorn|63/100 brn|[from] item: Leftovers
|-damage|p1a: Ferrothorn|56/100 brn|[from] brn
|upkeep
|turn|139
|
|t:|1653772284
|switch|p1a: Eternatus|Eternatus|88/100
|-damage|p1a: Eternatus|76/100|[from] Stealth Rock
|-ability|p1a: Eternatus|Pressure
|move|p2a: Corviknight|Defog|p1a: Eternatus
|-unboost|p1a: Eternatus|evasion|1
|-sideend|p1: ULT9NS Aniki|Stealth Rock|[from] move: Defog|[of] p2a: Corviknight
|-sideend|p2: Yati426|Spikes|[from] move: Defog|[of] p2a: Corviknight
|-sideend|p2: Yati426|Stealth Rock|[from] move: Defog|[of] p2a: Corviknight
|
|upkeep
|turn|140
|
|t:|1653772290
|switch|p1a: Necrozma|Necrozma-Dusk-Mane|99/100
|switch|p2a: Toxapex|Toxapex, F|100/100
|
|upkeep
|turn|141
|
|t:|1653772293
|switch|p1a: Ferrothorn|Ferrothorn, M|56/100 brn
|switch|p2a: Steelix|Steelix, M|100/100
|
|-heal|p1a: Ferrothorn|63/100 brn|[from] item: Leftovers
|-damage|p1a: Ferrothorn|56/100 brn|[from] brn
|upkeep
|turn|142
|
|t:|1653772297
|switch|p2a: Corviknight|Corviknight, F|88/100
|-ability|p2a: Corviknight|Pressure
|move|p1a: Ferrothorn|Knock Off|p2a: Corviknight
|-damage|p2a: Corviknight|84/100
|
|-heal|p1a: Ferrothorn|63/100 brn|[from] item: Leftovers
|-damage|p1a: Ferrothorn|56/100 brn|[from] brn
|upkeep
|turn|143
|
|t:|1653772300
|switch|p1a: Eternatus|Eternatus|76/100
|-ability|p1a: Eternatus|Pressure
|move|p2a: Corviknight|Iron Defense|p2a: Corviknight
|-boost|p2a: Corviknight|def|2
|
|upkeep
|turn|144
|
|t:|1653772303
|switch|p1a: Necrozma|Necrozma-Dusk-Mane|99/100
|switch|p2a: Blissey|Blissey, F|76/100
|
|upkeep
|turn|145
|
|t:|1653772305
|switch|p2a: Steelix|Steelix, M|100/100
|move|p1a: Necrozma|Stealth Rock|p2a: Steelix
|-sidestart|p2: Yati426|move: Stealth Rock
|
|upkeep
|turn|146
|
|t:|1653772307
|switch|p1a: Eternatus|Eternatus|76/100
|-ability|p1a: Eternatus|Pressure
|move|p2a: Steelix|Stealth Rock|p1a: Eternatus
|-sidestart|p1: ULT9NS Aniki|move: Stealth Rock
|
|upkeep
|turn|147
|
|t:|1653772312
|switch|p1a: Necrozma|Necrozma-Dusk-Mane|99/100
|-damage|p1a: Necrozma|93/100|[from] Stealth Rock
|move|p2a: Steelix|Earthquake|p1a: Necrozma
|-supereffective|p1a: Necrozma
|-damage|p1a: Necrozma|63/100
|
|upkeep
|turn|148
|
|t:|1653772317
|move|p1a: Necrozma|Iron Head|p2a: Steelix
|-resisted|p2a: Steelix
|-crit|p2a: Steelix
|-damage|p2a: Steelix|89/100
|cant|p2a: Steelix|flinch
|
|-heal|p2a: Steelix|95/100|[from] item: Leftovers
|upkeep
|turn|149
|
|t:|1653772319
|move|p1a: Necrozma|Thunder Wave|p2a: Steelix
|-immune|p2a: Steelix
|move|p2a: Steelix|Earthquake|p1a: Necrozma
|-supereffective|p1a: Necrozma
|-damage|p1a: Necrozma|33/100
|
|-heal|p2a: Steelix|100/100|[from] item: Leftovers
|upkeep
|turn|150
|
|t:|1653772322
|move|p1a: Necrozma|Moonlight|p1a: Necrozma
|-heal|p1a: Necrozma|83/100
|move|p2a: Steelix|Earthquake|p1a: Necrozma
|-supereffective|p1a: Necrozma
|-damage|p1a: Necrozma|51/100
|
|upkeep
|turn|151
|
|t:|1653772326
|move|p1a: Necrozma|Moonlight|p1a: Necrozma
|-heal|p1a: Necrozma|100/100
|move|p2a: Steelix|Earthquake|p1a: Necrozma
|-supereffective|p1a: Necrozma
|-damage|p1a: Necrozma|72/100
|
|upkeep
|turn|152
|
|t:|1653772329
|move|p1a: Necrozma|Thunder Wave|p2a: Steelix
|-immune|p2a: Steelix
|move|p2a: Steelix|Roar|p1a: Necrozma
|drag|p1a: Marshadow|Marshadow|72/100
|-damage|p1a: Marshadow|66/100|[from] Stealth Rock
|
|upkeep
|turn|153
|
|t:|1653772335
|switch|p1a: Necrozma|Necrozma-Dusk-Mane|72/100
|-damage|p1a: Necrozma|66/100|[from] Stealth Rock
|switch|p2a: Toxapex|Toxapex, F|100/100
|-damage|p2a: Toxapex|88/100|[from] Stealth Rock
|
|upkeep
|turn|154
|
|t:|1653772338
|switch|p1a: Ferrothorn|Ferrothorn, M|56/100 brn
|-damage|p1a: Ferrothorn|50/100 brn|[from] Stealth Rock
|switch|p2a: Steelix|Steelix, M|100/100
|-damage|p2a: Steelix|97/100|[from] Stealth Rock
|
|-heal|p2a: Steelix|100/100|[from] item: Leftovers
|-heal|p1a: Ferrothorn|56/100 brn|[from] item: Leftovers
|-damage|p1a: Ferrothorn|50/100 brn|[from] brn
|upkeep
|turn|155
|
|t:|1653772341
|move|p2a: Steelix|Earthquake|p1a: Ferrothorn
|-damage|p1a: Ferrothorn|28/100 brn
|move|p1a: Ferrothorn|Knock Off|p2a: Steelix
|-damage|p2a: Steelix|96/100
|-enditem|p2a: Steelix|Leftovers|[from] move: Knock Off|[of] p1a: Ferrothorn
|
|-heal|p1a: Ferrothorn|34/100 brn|[from] item: Leftovers
|-damage|p1a: Ferrothorn|28/100 brn|[from] brn
|upkeep
|turn|156
|
|t:|1653772345
|switch|p1a: Necrozma|Necrozma-Dusk-Mane|66/100
|-damage|p1a: Necrozma|60/100|[from] Stealth Rock
|move|p2a: Steelix|Earthquake|p1a: Necrozma
|-supereffective|p1a: Necrozma
|-damage|p1a: Necrozma|26/100
|
|upkeep
|turn|157
|
|t:|1653772348
|move|p1a: Necrozma|Moonlight|p1a: Necrozma
|-heal|p1a: Necrozma|76/100
|move|p2a: Steelix|Earthquake|p1a: Necrozma
|-supereffective|p1a: Necrozma
|-crit|p1a: Necrozma
|-damage|p1a: Necrozma|28/100
|
|upkeep
|turn|158
|
|t:|1653772350
|move|p1a: Necrozma|Moonlight|p1a: Necrozma
|-heal|p1a: Necrozma|78/100
|move|p2a: Steelix|Roar|p1a: Necrozma
|drag|p1a: Eternatus|Eternatus|76/100
|-damage|p1a: Eternatus|63/100|[from] Stealth Rock
|-ability|p1a: Eternatus|Pressure
|
|upkeep
|turn|159
|
|t:|1653772353
|switch|p2a: Blissey|Blissey, F|76/100
|move|p1a: Eternatus|Flamethrower|p2a: Blissey
|-damage|p2a: Blissey|69/100
|
|upkeep
|turn|160
|
|t:|1653772356
|switch|p1a: Ferrothorn|Ferrothorn, M|28/100 brn
|-damage|p1a: Ferrothorn|22/100 brn|[from] Stealth Rock
|switch|p2a: Toxapex|Toxapex, F|100/100
|-damage|p2a: Toxapex|88/100|[from] Stealth Rock
|
|-heal|p1a: Ferrothorn|28/100 brn|[from] item: Leftovers
|-damage|p1a: Ferrothorn|22/100 brn|[from] brn
|upkeep
|turn|161
|
|t:|1653772359
|move|p2a: Toxapex|Baneful Bunker|p2a: Toxapex
|-singleturn|p2a: Toxapex|move: Protect
|move|p1a: Ferrothorn|Leech Seed|p2a: Toxapex
|-activate|p2a: Toxapex|move: Protect
|
|-heal|p1a: Ferrothorn|28/100 brn|[from] item: Leftovers
|-damage|p1a: Ferrothorn|22/100 brn|[from] brn
|upkeep
|turn|162
|
|t:|1653772364
|switch|p2a: Corviknight|Corviknight, F|84/100
|-damage|p2a: Corviknight|71/100|[from] Stealth Rock
|-ability|p2a: Corviknight|Pressure
|move|p1a: Ferrothorn|Leech Seed|p2a: Corviknight
|-start|p2a: Corviknight|move: Leech Seed
|
|-heal|p1a: Ferrothorn|28/100 brn|[from] item: Leftovers
|-damage|p2a: Corviknight|59/100|[from] Leech Seed|[of] p1a: Ferrothorn
|-heal|p1a: Ferrothorn|42/100 brn|[silent]
|-damage|p1a: Ferrothorn|36/100 brn|[from] brn
|upkeep
|turn|163
|
|t:|1653772368
|move|p2a: Corviknight|Roost|p2a: Corviknight
|-heal|p2a: Corviknight|100/100
|-singleturn|p2a: Corviknight|move: Roost
|move|p1a: Ferrothorn|Spikes|p2a: Corviknight
|-sidestart|p2: Yati426|Spikes
|
|-heal|p1a: Ferrothorn|42/100 brn|[from] item: Leftovers
|-damage|p2a: Corviknight|88/100|[from] Leech Seed|[of] p1a: Ferrothorn
|-heal|p1a: Ferrothorn|56/100 brn|[silent]
|-damage|p1a: Ferrothorn|50/100 brn|[from] brn
|upkeep
|turn|164
|
|t:|1653772372
|switch|p1a: Eternatus|Eternatus|63/100
|-damage|p1a: Eternatus|51/100|[from] Stealth Rock
|-ability|p1a: Eternatus|Pressure
|move|p2a: Corviknight|Defog|p1a: Eternatus
|-unboost|p1a: Eternatus|evasion|1
|-sideend|p1: ULT9NS Aniki|Stealth Rock|[from] move: Defog|[of] p2a: Corviknight
|-sideend|p2: Yati426|Spikes|[from] move: Defog|[of] p2a: Corviknight
|-sideend|p2: Yati426|Stealth Rock|[from] move: Defog|[of] p2a: Corviknight
|
|-damage|p2a: Corviknight|75/100|[from] Leech Seed|[of] p1a: Eternatus
|-heal|p1a: Eternatus|61/100|[silent]
|upkeep
|turn|165
|
|t:|1653772374
|switch|p1a: Necrozma|Necrozma-Dusk-Mane|78/100
|switch|p2a: Toxapex|Toxapex, F|100/100
|
|upkeep
|turn|166
|
|t:|1653772377
|switch|p2a: Steelix|Steelix, M|96/100
|move|p1a: Necrozma|Stealth Rock|p2a: Steelix
|-sidestart|p2: Yati426|move: Stealth Rock
|
|upkeep
|turn|167
|
|t:|1653772379
|switch|p1a: Eternatus|Eternatus|61/100
|-ability|p1a: Eternatus|Pressure
|move|p2a: Steelix|Stealth Rock|p1a: Eternatus
|-sidestart|p1: ULT9NS Aniki|move: Stealth Rock
|
|upkeep
|turn|168
|
|t:|1653772382
|switch|p2a: Toxapex|Toxapex, F|100/100
|-damage|p2a: Toxapex|88/100|[from] Stealth Rock
|move|p1a: Eternatus|Flamethrower|p2a: Toxapex
|-resisted|p2a: Toxapex
|-damage|p2a: Toxapex|77/100
|
|upkeep
|turn|169
|
|t:|1653772385
|move|p1a: Eternatus|Recover|p1a: Eternatus
|-heal|p1a: Eternatus|100/100
|move|p2a: Toxapex|Scald|p1a: Eternatus
|-resisted|p1a: Eternatus
|-damage|p1a: Eternatus|95/100
|
|upkeep
|turn|170
|
|t:|1653772388
|switch|p1a: Necrozma|Necrozma-Dusk-Mane|78/100
|-damage|p1a: Necrozma|72/100|[from] Stealth Rock
|move|p2a: Toxapex|Scald|p1a: Necrozma
|-damage|p1a: Necrozma|61/100
|
|upkeep
|turn|171
|
|t:|1653772391
|switch|p2a: Steelix|Steelix, M|96/100
|-damage|p2a: Steelix|93/100|[from] Stealth Rock
|move|p1a: Necrozma|Thunder Wave|p2a: Steelix
|-immune|p2a: Steelix
|
|upkeep
|turn|172
|
|t:|1653772394
|switch|p1a: Eternatus|Eternatus|95/100
|-damage|p1a: Eternatus|83/100|[from] Stealth Rock
|-ability|p1a: Eternatus|Pressure
|move|p2a: Steelix|Roar|p1a: Eternatus
|drag|p1a: Marshadow|Marshadow|66/100
|-damage|p1a: Marshadow|59/100|[from] Stealth Rock
|
|upkeep
|turn|173
|
|t:|1653772397
|switch|p2a: Toxapex|Toxapex, F|100/100
|-damage|p2a: Toxapex|88/100|[from] Stealth Rock
|move|p1a: Marshadow|Low Kick|p2a: Toxapex
|-resisted|p2a: Toxapex
|-damage|p2a: Toxapex|76/100
|-damage|p1a: Marshadow|49/100|[from] item: Life Orb
|
|upkeep
|turn|174
|
|t:|1653772401
|switch|p1a: Ferrothorn|Ferrothorn, M|50/100 brn
|-damage|p1a: Ferrothorn|44/100 brn|[from] Stealth Rock
|move|p2a: Toxapex|Haze|p2a: Toxapex
|-clearallboost
|
|-heal|p1a: Ferrothorn|50/100 brn|[from] item: Leftovers
|-damage|p1a: Ferrothorn|44/100 brn|[from] brn
|upkeep
|turn|175
|
|t:|1653772406
|switch|p2a: Corviknight|Corviknight, F|75/100
|-damage|p2a: Corviknight|63/100|[from] Stealth Rock
|-ability|p2a: Corviknight|Pressure
|move|p1a: Ferrothorn|Spikes|p2a: Corviknight
|-sidestart|p2: Yati426|Spikes
|
|-heal|p1a: Ferrothorn|50/100 brn|[from] item: Leftovers
|-damage|p1a: Ferrothorn|44/100 brn|[from] brn
|upkeep
|turn|176
|
|t:|1653772408
|switch|p1a: Eternatus|Eternatus|83/100
|-damage|p1a: Eternatus|70/100|[from] Stealth Rock
|-ability|p1a: Eternatus|Pressure
|move|p2a: Corviknight|Defog|p1a: Eternatus
|-unboost|p1a: Eternatus|evasion|1
|-sideend|p1: ULT9NS Aniki|Stealth Rock|[from] move: Defog|[of] p2a: Corviknight
|-sideend|p2: Yati426|Spikes|[from] move: Defog|[of] p2a: Corviknight
|-sideend|p2: Yati426|Stealth Rock|[from] move: Defog|[of] p2a: Corviknight
|
|upkeep
|turn|177
|
|t:|1653772411
|switch|p1a: Necrozma|Necrozma-Dusk-Mane|61/100
|switch|p2a: Toxapex|Toxapex, F|100/100
|
|upkeep
|turn|178
|
|t:|1653772416
|switch|p2a: Steelix|Steelix, M|93/100
|move|p1a: Necrozma|Stealth Rock|p2a: Steelix
|-sidestart|p2: Yati426|move: Stealth Rock
|
|upkeep
|turn|179
|
|t:|1653772418
|switch|p1a: Eternatus|Eternatus|70/100
|-ability|p1a: Eternatus|Pressure
|move|p2a: Steelix|Stealth Rock|p1a: Eternatus
|-sidestart|p1: ULT9NS Aniki|move: Stealth Rock
|
|upkeep
|turn|180
|
|t:|1653772421
|switch|p1a: Ferrothorn|Ferrothorn, M|44/100 brn
|-damage|p1a: Ferrothorn|38/100 brn|[from] Stealth Rock
|switch|p2a: Toxapex|Toxapex, F|100/100
|-damage|p2a: Toxapex|88/100|[from] Stealth Rock
|
|-heal|p1a: Ferrothorn|44/100 brn|[from] item: Leftovers
|-damage|p1a: Ferrothorn|38/100 brn|[from] brn
|upkeep
|turn|181
|
|t:|1653772423
|switch|p2a: Corviknight|Corviknight, F|63/100
|-damage|p2a: Corviknight|50/100|[from] Stealth Rock
|-ability|p2a: Corviknight|Pressure
|move|p1a: Ferrothorn|Spikes|p2a: Corviknight
|-sidestart|p2: Yati426|Spikes
|
|-heal|p1a: Ferrothorn|44/100 brn|[from] item: Leftovers
|-damage|p1a: Ferrothorn|38/100 brn|[from] brn
|upkeep
|turn|182
|
|t:|1653772425
|switch|p1a: Eternatus|Eternatus|70/100
|-damage|p1a: Eternatus|58/100|[from] Stealth Rock
|-ability|p1a: Eternatus|Pressure
|move|p2a: Corviknight|Roost|p2a: Corviknight
|-heal|p2a: Corviknight|100/100
|-singleturn|p2a: Corviknight|move: Roost
|
|upkeep
|turn|183
|
|t:|1653772434
|switch|p1a: Yveltal|Yveltal|94/100 brn
|-damage|p1a: Yveltal|69/100 brn|[from] Stealth Rock
|-ability|p1a: Yveltal|Dark Aura
|move|p2a: Corviknight|Defog|p1a: Yveltal
|-unboost|p1a: Yveltal|evasion|1
|-sideend|p1: ULT9NS Aniki|Stealth Rock|[from] move: Defog|[of] p2a: Corviknight
|-sideend|p2: Yati426|Spikes|[from] move: Defog|[of] p2a: Corviknight
|-sideend|p2: Yati426|Stealth Rock|[from] move: Defog|[of] p2a: Corviknight
|
|-damage|p1a: Yveltal|63/100 brn|[from] brn
|upkeep
|turn|184
|
|t:|1653772438
|switch|p1a: Necrozma|Necrozma-Dusk-Mane|61/100
|switch|p2a: Toxapex|Toxapex, F|100/100
|
|upkeep
|turn|185
|
|t:|1653772440
|switch|p2a: Steelix|Steelix, M|93/100
|move|p1a: Necrozma|Stealth Rock|p2a: Steelix
|-sidestart|p2: Yati426|move: Stealth Rock
|
|upkeep
|turn|186
|
|t:|1653772444
|switch|p1a: Eternatus|Eternatus|58/100
|-ability|p1a: Eternatus|Pressure
|move|p2a: Steelix|Stealth Rock|p1a: Eternatus
|-sidestart|p1: ULT9NS Aniki|move: Stealth Rock
|
|upkeep
|turn|187
|
|t:|1653772448
|switch|p2a: Toxapex|Toxapex, F|100/100
|-damage|p2a: Toxapex|88/100|[from] Stealth Rock
|move|p1a: Eternatus|Recover|p1a: Eternatus
|-heal|p1a: Eternatus|100/100
|
|upkeep
|turn|188
|
|t:|1653772451
|switch|p1a: Ferrothorn|Ferrothorn, M|38/100 brn
|-damage|p1a: Ferrothorn|31/100 brn|[from] Stealth Rock
|switch|p2a: Blissey|Blissey, F|69/100
|
|-heal|p1a: Ferrothorn|38/100 brn|[from] item: Leftovers
|-damage|p1a: Ferrothorn|31/100 brn|[from] brn
|upkeep
|turn|189
|
|t:|1653772455
|switch|p2a: Toxapex|Toxapex, F|100/100
|-damage|p2a: Toxapex|88/100|[from] Stealth Rock
|move|p1a: Ferrothorn|Spikes|p2a: Toxapex
|-sidestart|p2: Yati426|Spikes
|
|-heal|p1a: Ferrothorn|38/100 brn|[from] item: Leftovers
|-damage|p1a: Ferrothorn|31/100 brn|[from] brn
|upkeep
|turn|190
|
|t:|1653772460
|switch|p2a: Corviknight|Corviknight, F|100/100
|-damage|p2a: Corviknight|88/100|[from] Stealth Rock
|-ability|p2a: Corviknight|Pressure
|move|p1a: Ferrothorn|Knock Off|p2a: Corviknight
|-damage|p2a: Corviknight|83/100
|
|-heal|p1a: Ferrothorn|38/100 brn|[from] item: Leftovers
|-damage|p1a: Ferrothorn|31/100 brn|[from] brn
|upkeep
|turn|191
|
|t:|1653772466
|switch|p1a: Eternatus|Eternatus|100/100
|-damage|p1a: Eternatus|88/100|[from] Stealth Rock
|-ability|p1a: Eternatus|Pressure
|move|p2a: Corviknight|Defog|p1a: Eternatus
|-unboost|p1a: Eternatus|evasion|1
|-sideend|p1: ULT9NS Aniki|Stealth Rock|[from] move: Defog|[of] p2a: Corviknight
|-sideend|p2: Yati426|Spikes|[from] move: Defog|[of] p2a: Corviknight
|-sideend|p2: Yati426|Stealth Rock|[from] move: Defog|[of] p2a: Corviknight
|
|upkeep
|turn|192
|c|☆ULT9NS Aniki|sigh
|c|☆ULT9NS Aniki|didnt you crit my kyogre i won
|c|☆ULT9NS Aniki|whateve
|-message|ULT9NS Aniki forfeited.
|
|win|Yati426
|raw|ULT9NS Aniki's rating: 1593 &rarr; <strong>1572</strong><br />(-21 for losing)
|raw|Yati426's rating: 1581 &rarr; <strong>1602</strong><br />(+21 for winning)
|l|☆ULT9NS Aniki
|l|☆Yati426
||Ladder isn't responding, score probably updated but might not have (Request timeout).
