|j|☆ubersohneubers
|j|☆Heyguylifeiscool
|t:|1599588896
|player|p1|ubersohneubers|102|1586
|player|p2|Heyguylifeiscool|biker-gen4|1526
|teamsize|p1|6
|teamsize|p2|6
|gametype|singles
|gen|8
|tier|[Gen 8] Ubers
|rated|
|clearpoke
|poke|p1|Magearna|
|poke|p1|Rillaboom, M|
|poke|p1|Quagsire, M|
|poke|p1|Skarmory, M|
|poke|p1|Eternatus|
|poke|p1|Tyranitar, F|
|poke|p2|Excadrill, F|
|poke|p2|Tyranitar, M|
|poke|p2|Gothitelle, M|
|poke|p2|Skarmory, M|
|poke|p2|Toxapex, F|
|poke|p2|Mandibuzz, F|
|rule|Sleep Clause Mod: Limit one foe put to sleep
|rule|Species Clause: Limit one of each Pokémon
|rule|OHKO Clause: OHKO moves are banned
|rule|Evasion Moves Clause: Evasion moves are banned
|rule|Endless Battle Clause: Forcing endless battles is banned
|rule|HP Percentage Mod: HP is shown in percentages
|html|Ubers Dynamax Clause: Pokémon on the <a href="https://www.smogon.com/dex/ss/formats/uber/">Ubers Dynamax Banlist</a> cannot Dynamax.
|teampreview
|c|☆Heyguylifeiscool|hf
|
|t:|1599588930
|start
|switch|p1a: Rillaboom|Rillaboom, M|100/100
|switch|p2a: Gothitelle|Gothitelle, M|100/100
|-fieldstart|move: Grassy Terrain|[from] ability: Grassy Surge|[of] p1a: Rillaboom
|turn|1
|
|t:|1599588937
|switch|p2a: Skarmory|Skarmory, M|100/100
|move|p1a: Rillaboom|Knock Off|p2a: Skarmory
|-damage|p2a: Skarmory|84/100
|-damage|p1a: Rillaboom|84/100|[from] item: Rocky Helmet|[of] p2a: Skarmory
|-enditem|p2a: Skarmory|Rocky Helmet|[from] move: Knock Off|[of] p1a: Rillaboom
|
|-heal|p1a: Rillaboom|90/100|[from] Grassy Terrain
|upkeep
|turn|2
|
|t:|1599588947
|move|p1a: Rillaboom|Leech Seed|p2a: Skarmory
|-start|p2a: Skarmory|move: Leech Seed
|move|p2a: Skarmory|Spikes|p1a: Rillaboom
|-sidestart|p1: ubersohneubers|Spikes
|
|-heal|p1a: Rillaboom|96/100|[from] Grassy Terrain
|-damage|p2a: Skarmory|72/100|[from] Leech Seed|[of] p1a: Rillaboom
|-heal|p1a: Rillaboom|100/100|[silent]
|upkeep
|turn|3
|
|t:|1599588955
|switch|p1a: Skarmory|Skarmory, M|100/100
|move|p2a: Skarmory|Roost|p2a: Skarmory
|-heal|p2a: Skarmory|100/100
|-singleturn|p2a: Skarmory|move: Roost
|
|-damage|p2a: Skarmory|88/100|[from] Leech Seed|[of] p1a: Skarmory
|upkeep
|turn|4
|
|t:|1599588969
|switch|p1a: Rillaboom|Rillaboom, M|100/100
|-damage|p1a: Rillaboom|88/100|[from] Spikes
|switch|p2a: Gothitelle|Gothitelle, M|100/100
|
|-heal|p1a: Rillaboom|94/100|[from] Grassy Terrain
|upkeep
|turn|5
|
|t:|1599588977
|switch|p2a: Skarmory|Skarmory, M|88/100
|move|p1a: Rillaboom|Leech Seed|p2a: Skarmory
|-start|p2a: Skarmory|move: Leech Seed
|
|-heal|p1a: Rillaboom|100/100|[from] Grassy Terrain
|-damage|p2a: Skarmory|75/100|[from] Leech Seed|[of] p1a: Rillaboom
|upkeep
|turn|6
|
|t:|1599588990
|switch|p1a: Skarmory|Skarmory, M|100/100
|move|p2a: Skarmory|Spikes|p1a: Skarmory
|-sidestart|p1: ubersohneubers|Spikes
|
|-damage|p2a: Skarmory|63/100|[from] Leech Seed|[of] p1a: Skarmory
|upkeep
|turn|7
|
|t:|1599588997
|switch|p2a: Gothitelle|Gothitelle, M|100/100
|move|p1a: Skarmory|Taunt|p2a: Gothitelle
|-start|p2a: Gothitelle|move: Taunt
|
|upkeep
|turn|8
|
|t:|1599589003
|move|p1a: Skarmory|Stealth Rock|p2a: Gothitelle
|-sidestart|p2: Heyguylifeiscool|move: Stealth Rock
|move|p2a: Gothitelle|Thunderbolt|p1a: Skarmory
|-supereffective|p1a: Skarmory
|-ability|p1a: Skarmory|Sturdy
|-damage|p1a: Skarmory|1/100
|
|-fieldend|move: Grassy Terrain
|upkeep
|turn|9
|
|t:|1599589010
|move|p1a: Skarmory|Spikes|p2a: Gothitelle
|-sidestart|p2: Heyguylifeiscool|Spikes
|move|p2a: Gothitelle|Thunderbolt|p1a: Skarmory
|-supereffective|p1a: Skarmory
|-damage|p1a: Skarmory|0 fnt
|faint|p1a: Skarmory
|
|-end|p2a: Gothitelle|move: Taunt
|upkeep
|
|t:|1599589016
|switch|p1a: Magearna|Magearna|100/100
|-damage|p1a: Magearna|84/100|[from] Spikes
|turn|10
|
|t:|1599589024
|switch|p2a: Toxapex|Toxapex, F|100/100
|-damage|p2a: Toxapex|88/100|[from] Stealth Rock
|-damage|p2a: Toxapex|76/100|[from] Spikes
|move|p1a: Magearna|Calm Mind|p1a: Magearna
|-boost|p1a: Magearna|spa|1
|-boost|p1a: Magearna|spd|1
|
|upkeep
|turn|11
|
|t:|1599589033
|move|p1a: Magearna|Calm Mind|p1a: Magearna
|-boost|p1a: Magearna|spa|1
|-boost|p1a: Magearna|spd|1
|move|p2a: Toxapex|Haze|p2a: Toxapex
|-clearallboost
|
|upkeep
|turn|12
|
|t:|1599589042
|switch|p1a: Tyranitar|Tyranitar, F|100/100
|-weather|Sandstorm|[from] ability: Sand Stream|[of] p1a: Tyranitar
|move|p2a: Toxapex|Knock Off|p1a: Tyranitar
|-resisted|p1a: Tyranitar
|-damage|p1a: Tyranitar|94/100
|-enditem|p1a: Tyranitar|Heavy-Duty Boots|[from] move: Knock Off|[of] p2a: Toxapex
|
|-weather|Sandstorm|[upkeep]
|-damage|p2a: Toxapex|70/100|[from] Sandstorm
|upkeep
|turn|13
|
|t:|1599589053
|switch|p2a: Skarmory|Skarmory, M|63/100
|-damage|p2a: Skarmory|50/100|[from] Stealth Rock
|move|p1a: Tyranitar|Flamethrower|p2a: Skarmory
|-supereffective|p2a: Skarmory
|-damage|p2a: Skarmory|0 fnt
|faint|p2a: Skarmory
|
|-weather|Sandstorm|[upkeep]
|upkeep
|
|t:|1599589062
|switch|p2a: Excadrill|Excadrill, F|100/100
|-damage|p2a: Excadrill|88/100|[from] Spikes
|-damage|p2a: Excadrill|85/100|[from] Stealth Rock
|turn|14
|
|t:|1599589069
|move|p2a: Excadrill|Rapid Spin|p1a: Tyranitar
|-resisted|p1a: Tyranitar
|-damage|p1a: Tyranitar|86/100
|-boost|p2a: Excadrill|spe|1
|-sideend|p2: Heyguylifeiscool|Spikes|[from] move: Rapid Spin|[of] p2a: Excadrill
|-sideend|p2: Heyguylifeiscool|Stealth Rock|[from] move: Rapid Spin|[of] p2a: Excadrill
|-damage|p2a: Excadrill|75/100|[from] item: Life Orb
|move|p1a: Tyranitar|Dragon Tail|p2a: Excadrill
|-resisted|p2a: Excadrill
|-damage|p2a: Excadrill|62/100
|drag|p2a: Tyranitar|Tyranitar, M|100/100
|
|-weather|Sandstorm|[upkeep]
|upkeep
|turn|15
|
|t:|1599589081
|switch|p1a: Rillaboom|Rillaboom, M|100/100
|-damage|p1a: Rillaboom|84/100|[from] Spikes
|-fieldstart|move: Grassy Terrain|[from] ability: Grassy Surge|[of] p1a: Rillaboom
|move|p2a: Tyranitar|Stealth Rock|p1a: Rillaboom
|-sidestart|p1: ubersohneubers|move: Stealth Rock
|
|-weather|Sandstorm|[upkeep]
|-damage|p1a: Rillaboom|78/100|[from] Sandstorm
|-heal|p1a: Rillaboom|84/100|[from] Grassy Terrain
|upkeep
|turn|16
|
|t:|1599589095
|switch|p2a: Mandibuzz|Mandibuzz, F|100/100
|move|p1a: Rillaboom|Leech Seed|p2a: Mandibuzz
|-start|p2a: Mandibuzz|move: Leech Seed
|
|-weather|none
|-heal|p1a: Rillaboom|90/100|[from] Grassy Terrain
|-damage|p2a: Mandibuzz|88/100|[from] Leech Seed|[of] p1a: Rillaboom
|-heal|p1a: Rillaboom|100/100|[silent]
|upkeep
|turn|17
|
|t:|1599589105
|move|p1a: Rillaboom|Knock Off|p2a: Mandibuzz
|-resisted|p2a: Mandibuzz
|-damage|p2a: Mandibuzz|78/100
|-enditem|p2a: Mandibuzz|Heavy-Duty Boots|[from] move: Knock Off|[of] p1a: Rillaboom
|move|p2a: Mandibuzz|U-turn|p1a: Rillaboom
|-supereffective|p1a: Rillaboom
|-damage|p1a: Rillaboom|86/100
|
|t:|1599589112
|switch|p2a: Toxapex|Toxapex, F|100/100|[from]move: U-turn
|
|-heal|p1a: Rillaboom|92/100|[from] Grassy Terrain
|upkeep
|turn|18
|
|t:|1599589119
|move|p2a: Toxapex|Baneful Bunker|p2a: Toxapex
|-singleturn|p2a: Toxapex|move: Protect
|move|p1a: Rillaboom|Knock Off|p2a: Toxapex
|-activate|p2a: Toxapex|move: Protect
|-status|p1a: Rillaboom|psn
|
|-heal|p1a: Rillaboom|98/100 psn|[from] Grassy Terrain
|-damage|p1a: Rillaboom|86/100 psn|[from] psn
|upkeep
|turn|19
|
|t:|1599589129
|switch|p2a: Mandibuzz|Mandibuzz, F|78/100
|move|p1a: Rillaboom|Leech Seed|p2a: Mandibuzz
|-start|p2a: Mandibuzz|move: Leech Seed
|
|-heal|p1a: Rillaboom|92/100 psn|[from] Grassy Terrain
|-damage|p2a: Mandibuzz|66/100|[from] Leech Seed|[of] p1a: Rillaboom
|-heal|p1a: Rillaboom|100/100 psn|[silent]
|-damage|p1a: Rillaboom|88/100 psn|[from] psn
|upkeep
|turn|20
|
|t:|1599589144
|switch|p1a: Quagsire|Quagsire, M|100/100
|move|p2a: Mandibuzz|Roost|p2a: Mandibuzz
|-heal|p2a: Mandibuzz|100/100
|-singleturn|p2a: Mandibuzz|move: Roost
|
|-damage|p2a: Mandibuzz|88/100|[from] Leech Seed|[of] p1a: Quagsire
|upkeep
|turn|21
|
|t:|1599589153
|switch|p2a: Gothitelle|Gothitelle, M|100/100
|move|p1a: Quagsire|Curse|p1a: Quagsire
|-unboost|p1a: Quagsire|spe|1
|-boost|p1a: Quagsire|atk|1
|-boost|p1a: Quagsire|def|1
|
|upkeep
|turn|22
|
|t:|1599589161
|-start|p1a: Quagsire|Dynamax
|-heal|p1a: Quagsire|100/100|[silent]
|move|p1a: Quagsire|Max Guard|p1a: Quagsire
|-singleturn|p1a: Quagsire|Max Guard
|move|p2a: Gothitelle|Grass Knot|p1a: Quagsire
|-activate|p1a: Quagsire|move: Max Guard
|
|-fieldend|move: Grassy Terrain
|upkeep
|turn|23
|
|t:|1599589176
|-start|p2a: Gothitelle|Dynamax
|-heal|p2a: Gothitelle|100/100|[silent]
|move|p2a: Gothitelle|Max Overgrowth|p1a: Quagsire
|-supereffective|p1a: Quagsire
|-damage|p1a: Quagsire|7/100
|-fieldstart|move: Grassy Terrain
|move|p1a: Quagsire|Max Strike|p2a: Gothitelle
|-damage|p2a: Gothitelle|80/100
|-unboost|p2a: Gothitelle|spe|1
|
|-heal|p2a: Gothitelle|83/100|[from] Grassy Terrain
|-heal|p1a: Quagsire|10/100|[from] Grassy Terrain
|upkeep
|turn|24
|-message|ubersohneubers forfeited.
|
|win|Heyguylifeiscool
|l|☆ubersohneubers
||Ladder (probably) updated, but score could not be retrieved (Request timeout).
