|j|‽Immagamer
|j|☆AvramaxXx
|t:|1642983563
|gametype|singles
|player|p1|Immagamer|2|1098
|player|p2|AvramaxXx|cynthia|1294
|teamsize|p1|6
|teamsize|p2|6
|gen|8
|tier|[Gen 8] Ubers
|rated|
|rule|Sleep Clause Mod: Limit one foe put to sleep
|rule|Species Clause: Limit one of each Pokémon
|rule|OHKO Clause: OHKO moves are banned
|rule|Evasion Moves Clause: Evasion moves are banned
|rule|Endless Battle Clause: Forcing endless battles is banned
|rule|HP Percentage Mod: HP is shown in percentages
|rule|Dynamax Clause: You cannot dynamax
|clearpoke
|poke|p1|Yveltal|
|poke|p1|Necrozma-Dusk-Mane|
|poke|p1|Dracovish|
|poke|p1|Kyogre|
|poke|p1|Calyrex-Shadow|
|poke|p1|Ditto|
|poke|p2|Xerneas-*|
|poke|p2|Calyrex-Ice|
|poke|p2|Magearna|
|poke|p2|Marshadow|
|poke|p2|Groudon|
|poke|p2|Rayquaza|
|teampreview
|
|t:|1642983585
|start
|switch|p1a: Kyogre|Kyogre|100/100
|switch|p2a: Calyrex|Calyrex-Ice|100/100
|-ability|p2a: Calyrex|As One
|-ability|p2a: Calyrex|Unnerve
|-weather|RainDance|[from] ability: Drizzle|[of] p1a: Kyogre
|turn|1
|inactive|Battle timer is ON: inactive players will automatically lose when time's up. (requested by Immagamer)
|
|t:|1642983600
|move|p1a: Kyogre|Water Spout|p2a: Calyrex
|-damage|p2a: Calyrex|20/100
|move|p2a: Calyrex|Trick Room|p2a: Calyrex
|-fieldstart|move: Trick Room|[of] p2a: Calyrex
|
|-weather|RainDance|[upkeep]
|upkeep
|turn|2
|
|t:|1642983613
|switch|p1a: Necrozma|Necrozma-Dusk-Mane|100/100
|move|p2a: Calyrex|Megahorn|p1a: Necrozma
|-damage|p1a: Necrozma|58/100
|-damage|p2a: Calyrex|10/100|[from] item: Life Orb
|
|-weather|RainDance|[upkeep]
|-heal|p1a: Necrozma|64/100|[from] item: Leftovers
|upkeep
|turn|3
|
|t:|1642983626
|move|p2a: Calyrex|High Horsepower|p1a: Necrozma
|-supereffective|p1a: Necrozma
|-damage|p1a: Necrozma|10/100
|-damage|p2a: Calyrex|0 fnt|[from] item: Life Orb
|faint|p2a: Calyrex
|move|p1a: Necrozma|Sunsteel Strike|p2: Calyrex|[notarget]
|-fail|p1a: Necrozma
|
|-weather|RainDance|[upkeep]
|-heal|p1a: Necrozma|16/100|[from] item: Leftovers
|upkeep
|
|t:|1642983638
|switch|p2a: Magearna|Magearna|100/100
|turn|4
|
|t:|1642983643
|move|p2a: Magearna|Shadow Ball|p1a: Necrozma
|-supereffective|p1a: Necrozma
|-damage|p1a: Necrozma|0 fnt
|faint|p1a: Necrozma
|-ability|p2a: Magearna|Soul-Heart|boost
|-boost|p2a: Magearna|spa|1
|
|-weather|RainDance|[upkeep]
|upkeep
|
|t:|1642983655
|switch|p1a: Ditto|Ditto|100/100
|-transform|p1a: Ditto|p2a: Magearna|[from] ability: Imposter
|turn|5
|
|t:|1642983668
|move|p2a: Magearna|Shadow Ball|p1a: Ditto
|-damage|p1a: Ditto|65/100
|-unboost|p1a: Ditto|spd|1
|move|p1a: Ditto|Thunderbolt|p2a: Magearna
|-damage|p2a: Magearna|71/100
|
|-weather|none
|-fieldend|move: Trick Room
|upkeep
|turn|6
|
|t:|1642983679
|move|p1a: Ditto|Thunderbolt|p2a: Magearna
|-damage|p2a: Magearna|45/100
|move|p2a: Magearna|Shadow Ball|p1a: Ditto
|-damage|p1a: Ditto|11/100
|-unboost|p1a: Ditto|spd|1
|
|upkeep
|turn|7
|
|t:|1642983687
|switch|p2a: Groudon|Groudon|100/100
|-weather|SunnyDay|[from] ability: Drought|[of] p2a: Groudon
|move|p1a: Ditto|Thunderbolt|p2a: Groudon
|-immune|p2a: Groudon
|
|-weather|SunnyDay|[upkeep]
|upkeep
|turn|8
|
|t:|1642983704
|switch|p1a: Kyogre|Kyogre|100/100
|-weather|RainDance|[from] ability: Drizzle|[of] p1a: Kyogre
|move|p2a: Groudon|Rock Polish|p2a: Groudon
|-boost|p2a: Groudon|spe|2
|
|-weather|RainDance|[upkeep]
|upkeep
|turn|9
|
|t:|1642983713
|move|p1a: Kyogre|Water Spout|p2a: Groudon
|-supereffective|p2a: Groudon
|-damage|p2a: Groudon|0 fnt
|faint|p2a: Groudon
|
|-weather|RainDance|[upkeep]
|upkeep
|
|t:|1642983721
|switch|p2a: Xerneas|Xerneas|100/100
|-ability|p2a: Xerneas|Fairy Aura
|turn|10
|
|t:|1642983726
|move|p1a: Kyogre|Water Spout|p2a: Xerneas
|-damage|p2a: Xerneas|0 fnt
|faint|p2a: Xerneas
|
|-weather|RainDance|[upkeep]
|upkeep
|
|t:|1642983739
|switch|p2a: Marshadow|Marshadow|100/100
|turn|11
|
|t:|1642983743
|move|p1a: Kyogre|Water Spout|p2a: Marshadow
|-enditem|p2a: Marshadow|Focus Sash
|-damage|p2a: Marshadow|1/100
|move|p2a: Marshadow|Knock Off|p1a: Kyogre
|-damage|p1a: Kyogre|62/100
|-enditem|p1a: Kyogre|Choice Scarf|[from] move: Knock Off|[of] p2a: Marshadow
|
|-weather|RainDance|[upkeep]
|upkeep
|turn|12
|
|t:|1642983758
|move|p2a: Marshadow|Shadow Sneak|p1a: Kyogre
|-damage|p1a: Kyogre|26/100
|move|p1a: Kyogre|Ice Beam|p2a: Marshadow
|-damage|p2a: Marshadow|0 fnt
|faint|p2a: Marshadow
|
|-weather|none
|upkeep
|
|t:|1642983765
|switch|p2a: Magearna|Magearna|45/100
|turn|13
|
|t:|1642983768
|move|p1a: Kyogre|Origin Pulse|p2a: Magearna
|-damage|p2a: Magearna|10/100
|move|p2a: Magearna|Thunderbolt|p1a: Kyogre
|-supereffective|p1a: Kyogre
|-damage|p1a: Kyogre|0 fnt
|faint|p1a: Kyogre
|-ability|p2a: Magearna|Soul-Heart|boost
|-boost|p2a: Magearna|spa|1
|
|upkeep
|
|t:|1642983778
|switch|p1a: Calyrex|Calyrex-Shadow|100/100
|-ability|p1a: Calyrex|As One
|-ability|p1a: Calyrex|Unnerve
|turn|14
|
|t:|1642983794
|move|p1a: Calyrex|Astral Barrage|p2a: Magearna
|-damage|p2a: Magearna|0 fnt
|faint|p2a: Magearna
|-ability|p1a: Calyrex|Grim Neigh|boost
|-boost|p1a: Calyrex|spa|1
|-damage|p1a: Calyrex|91/100|[from] item: Life Orb
|
|upkeep
|
|t:|1642983803
|switch|p2a: Rayquaza|Rayquaza|100/100
|-ability|p2a: Rayquaza|Air Lock
|turn|15
|
|t:|1642983810
|move|p1a: Calyrex|Astral Barrage|p2a: Rayquaza
|-enditem|p2a: Rayquaza|Focus Sash
|-damage|p2a: Rayquaza|1/100
|-damage|p1a: Calyrex|81/100|[from] item: Life Orb
|move|p2a: Rayquaza|Dragon Dance|p2a: Rayquaza
|-boost|p2a: Rayquaza|atk|1
|-boost|p2a: Rayquaza|spe|1
|
|upkeep
|turn|16
|
|t:|1642983819
|move|p1a: Calyrex|Psyshock|p2a: Rayquaza
|-crit|p2a: Rayquaza
|-damage|p2a: Rayquaza|0 fnt
|faint|p2a: Rayquaza
|-damage|p1a: Calyrex|71/100|[from] item: Life Orb
|
|win|Immagamer
|raw|Immagamer's rating: 1098 &rarr; <strong>1136</strong><br />(+38 for winning)
|raw|AvramaxXx's rating: 1294 &rarr; <strong>1256</strong><br />(-38 for losing)
|l|☆AvramaxXx
