|j|☆Blaziken-Mohammad
|j|☆Magikarp4000
|t:|1617170784
|player|p1|Blaziken-Mohammad|zinnia|1408
|player|p2|Magikarp4000|steven|1494
|teamsize|p1|6
|teamsize|p2|6
|gametype|singles
|gen|8
|tier|[Gen 8] Ubers
|rated|
|clearpoke
|poke|p1|Calyrex-Shadow|
|poke|p1|Ho-Oh|
|poke|p1|Kyogre|
|poke|p1|Marshadow|
|poke|p1|Necrozma-Dusk-Mane|
|poke|p1|Yveltal|
|poke|p2|Yveltal|
|poke|p2|Ho-Oh|
|poke|p2|Necrozma-Dusk-Mane|
|poke|p2|Eternatus|
|poke|p2|Zygarde|
|poke|p2|Calyrex-Shadow|
|rule|Sleep Clause Mod: Limit one foe put to sleep
|rule|Species Clause: Limit one of each Pokémon
|rule|OHKO Clause: OHKO moves are banned
|rule|Evasion Moves Clause: Evasion moves are banned
|rule|Endless Battle Clause: Forcing endless battles is banned
|rule|HP Percentage Mod: HP is shown in percentages
|rule|Dynamax Clause: You cannot dynamax
|teampreview
|c|☆Magikarp4000|glhf
|c|☆Blaziken-Mohammad|u2
|
|t:|1617170807
|start
|switch|p1a: Necrozma|Necrozma-Dusk-Mane|100/100
|switch|p2a: Yveltal|Yveltal|100/100
|-ability|p2a: Yveltal|Dark Aura
|turn|1
|
|t:|1617170812
|move|p2a: Yveltal|Taunt|p1a: Necrozma
|-start|p1a: Necrozma|move: Taunt
|cant|p1a: Necrozma|move: Taunt|Stealth Rock
|
|upkeep
|turn|2
|
|t:|1617170818
|move|p2a: Yveltal|Knock Off|p1a: Necrozma
|-supereffective|p1a: Necrozma
|-damage|p1a: Necrozma|60/100
|-enditem|p1a: Necrozma|Leftovers|[from] move: Knock Off|[of] p2a: Yveltal
|move|p1a: Necrozma|Knock Off|p2a: Yveltal
|-resisted|p2a: Yveltal
|-damage|p2a: Yveltal|82/100
|-enditem|p2a: Yveltal|Heavy-Duty Boots|[from] move: Knock Off|[of] p1a: Necrozma
|
|upkeep
|turn|3
|
|t:|1617170828
|switch|p1a: Ho-Oh|Ho-Oh|100/100
|move|p2a: Yveltal|Knock Off|p1a: Ho-Oh
|-damage|p1a: Ho-Oh|46/100
|-enditem|p1a: Ho-Oh|Leftovers|[from] move: Knock Off|[of] p2a: Yveltal
|
|upkeep
|turn|4
|
|t:|1617170832
|move|p2a: Yveltal|Taunt|p1a: Ho-Oh
|-start|p1a: Ho-Oh|move: Taunt
|move|p1a: Ho-Oh|Sacred Fire|p2a: Yveltal
|-damage|p2a: Yveltal|49/100
|-status|p2a: Yveltal|brn
|
|-damage|p2a: Yveltal|42/100 brn|[from] brn
|upkeep
|turn|5
|
|t:|1617170839
|move|p2a: Yveltal|Roost|p2a: Yveltal
|-heal|p2a: Yveltal|92/100 brn
|-singleturn|p2a: Yveltal|move: Roost
|move|p1a: Ho-Oh|Sacred Fire|p2a: Yveltal
|-damage|p2a: Yveltal|56/100 brn
|
|-damage|p2a: Yveltal|50/100 brn|[from] brn
|upkeep
|turn|6
|
|t:|1617170845
|move|p2a: Yveltal|Roost|p2a: Yveltal
|-heal|p2a: Yveltal|99/100 brn
|-singleturn|p2a: Yveltal|move: Roost
|move|p1a: Ho-Oh|Sacred Fire|p2a: Yveltal
|-damage|p2a: Yveltal|65/100 brn
|
|-damage|p2a: Yveltal|59/100 brn|[from] brn
|-end|p1a: Ho-Oh|move: Taunt
|upkeep
|turn|7
|
|t:|1617170849
|move|p2a: Yveltal|Taunt|p1a: Ho-Oh
|-start|p1a: Ho-Oh|move: Taunt
|move|p1a: Ho-Oh|Sacred Fire|p2a: Yveltal|[miss]
|-miss|p1a: Ho-Oh|p2a: Yveltal
|
|-damage|p2a: Yveltal|53/100 brn|[from] brn
|upkeep
|turn|8
|
|t:|1617170862
|switch|p2a: Eternatus|Eternatus|100/100
|-ability|p2a: Eternatus|Pressure
|move|p1a: Ho-Oh|Sacred Fire|p2a: Eternatus
|-resisted|p2a: Eternatus
|-damage|p2a: Eternatus|86/100
|
|-heal|p2a: Eternatus|92/100|[from] item: Black Sludge
|upkeep
|turn|9
|
|t:|1617170866
|move|p2a: Eternatus|Toxic|p1a: Ho-Oh
|-status|p1a: Ho-Oh|tox
|move|p1a: Ho-Oh|Earthquake|p2a: Eternatus
|-supereffective|p2a: Eternatus
|-damage|p2a: Eternatus|51/100
|
|-heal|p2a: Eternatus|57/100|[from] item: Black Sludge
|-damage|p1a: Ho-Oh|39/100 tox|[from] psn
|-end|p1a: Ho-Oh|move: Taunt
|upkeep
|turn|10
|
|t:|1617170873
|move|p2a: Eternatus|Dynamax Cannon|p1a: Ho-Oh
|-damage|p1a: Ho-Oh|17/100 tox
|move|p1a: Ho-Oh|Earthquake|p2a: Eternatus
|-supereffective|p2a: Eternatus
|-damage|p2a: Eternatus|17/100
|
|-heal|p2a: Eternatus|23/100|[from] item: Black Sludge
|-damage|p1a: Ho-Oh|5/100 tox|[from] psn
|upkeep
|turn|11
|
|t:|1617170880
|move|p2a: Eternatus|Recover|p2a: Eternatus
|-heal|p2a: Eternatus|73/100
|move|p1a: Ho-Oh|Earthquake|p2a: Eternatus
|-supereffective|p2a: Eternatus
|-damage|p2a: Eternatus|29/100
|
|-heal|p2a: Eternatus|35/100|[from] item: Black Sludge
|-damage|p1a: Ho-Oh|0 fnt|[from] psn
|faint|p1a: Ho-Oh
|upkeep
|
|t:|1617170886
|switch|p1a: Necrozma|Necrozma-Dusk-Mane|60/100
|turn|12
|
|t:|1617170889
|move|p2a: Eternatus|Recover|p2a: Eternatus
|-heal|p2a: Eternatus|85/100
|move|p1a: Necrozma|Stealth Rock|p2a: Eternatus
|-sidestart|p2: Magikarp4000|move: Stealth Rock
|
|-heal|p2a: Eternatus|91/100|[from] item: Black Sludge
|upkeep
|turn|13
|
|t:|1617170893
|switch|p2a: Calyrex|Calyrex-Shadow|100/100
|-ability|p2a: Calyrex|As One
|-ability|p2a: Calyrex|Unnerve|p1: Blaziken-Mohammad
|-damage|p2a: Calyrex|88/100|[from] Stealth Rock
|move|p1a: Necrozma|Knock Off|p2a: Calyrex
|-supereffective|p2a: Calyrex
|-damage|p2a: Calyrex|0 fnt
|-enditem|p2a: Calyrex|Choice Scarf|[from] move: Knock Off|[of] p1a: Necrozma
|faint|p2a: Calyrex
|
|upkeep
|
|t:|1617170898
|switch|p2a: Ho-Oh|Ho-Oh|100/100
|turn|14
|
|t:|1617170903
|move|p2a: Ho-Oh|Sacred Fire|p1a: Necrozma
|-supereffective|p1a: Necrozma
|-damage|p1a: Necrozma|24/100
|-status|p1a: Necrozma|brn
|move|p1a: Necrozma|Knock Off|p2a: Ho-Oh
|-damage|p2a: Ho-Oh|85/100
|-enditem|p2a: Ho-Oh|Heavy-Duty Boots|[from] move: Knock Off|[of] p1a: Necrozma
|
|-damage|p1a: Necrozma|18/100 brn|[from] brn
|upkeep
|turn|15
|
|t:|1617170919
|move|p2a: Ho-Oh|Defog|p1a: Necrozma
|-unboost|p1a: Necrozma|evasion|1
|-sideend|p2: Magikarp4000|Stealth Rock|[from] move: Defog|[of] p2a: Ho-Oh
|move|p1a: Necrozma|Sunsteel Strike|p2a: Ho-Oh
|-resisted|p2a: Ho-Oh
|-damage|p2a: Ho-Oh|73/100
|
|-damage|p1a: Necrozma|12/100 brn|[from] brn
|upkeep
|turn|16
|
|t:|1617170922
|move|p2a: Ho-Oh|Sacred Fire|p1a: Necrozma
|-supereffective|p1a: Necrozma
|-crit|p1a: Necrozma
|-damage|p1a: Necrozma|0 fnt
|faint|p1a: Necrozma
|
|upkeep
|
|t:|1617170925
|switch|p1a: Kyogre|Kyogre|100/100
|-weather|RainDance|[from] ability: Drizzle|[of] p1a: Kyogre
|turn|17
|
|t:|1617170930
|switch|p2a: Eternatus|Eternatus|91/100
|-ability|p2a: Eternatus|Pressure
|move|p1a: Kyogre|Water Spout|p2a: Eternatus
|-resisted|p2a: Eternatus
|-damage|p2a: Eternatus|54/100
|
|-weather|RainDance|[upkeep]
|-heal|p2a: Eternatus|60/100|[from] item: Black Sludge
|upkeep
|turn|18
|
|t:|1617170945
|switch|p1a: Yveltal|Yveltal|100/100
|-ability|p1a: Yveltal|Dark Aura
|move|p2a: Eternatus|Dynamax Cannon|p1a: Yveltal
|-crit|p1a: Yveltal
|-damage|p1a: Yveltal|34/100
|
|-weather|RainDance|[upkeep]
|-heal|p2a: Eternatus|66/100|[from] item: Black Sludge
|upkeep
|turn|19
|
|t:|1617170976
|switch|p2a: Ho-Oh|Ho-Oh|100/100
|move|p1a: Yveltal|Hurricane|p2a: Ho-Oh
|-damage|p2a: Ho-Oh|65/100
|-damage|p1a: Yveltal|24/100|[from] item: Life Orb
|
|-weather|RainDance|[upkeep]
|upkeep
|turn|20
|
|t:|1617170987
|move|p1a: Yveltal|Dark Pulse|p2a: Ho-Oh
|-damage|p2a: Ho-Oh|29/100
|-damage|p1a: Yveltal|14/100|[from] item: Life Orb
|move|p2a: Ho-Oh|Thunder Wave|p1a: Yveltal
|-status|p1a: Yveltal|par
|
|-weather|RainDance|[upkeep]
|upkeep
|turn|21
|
|t:|1617170991
|move|p2a: Ho-Oh|Roost|p2a: Ho-Oh
|-heal|p2a: Ho-Oh|79/100
|-singleturn|p2a: Ho-Oh|move: Roost
|move|p1a: Yveltal|Hurricane|p2a: Ho-Oh
|-damage|p2a: Ho-Oh|42/100
|-damage|p1a: Yveltal|4/100 par|[from] item: Life Orb
|
|-weather|none
|upkeep
|turn|22
|
|t:|1617171001
|move|p2a: Ho-Oh|Roost|p2a: Ho-Oh
|-heal|p2a: Ho-Oh|92/100
|-singleturn|p2a: Ho-Oh|move: Roost
|move|p1a: Yveltal|Dark Pulse|p2a: Ho-Oh
|-damage|p2a: Ho-Oh|61/100
|-damage|p1a: Yveltal|0 fnt|[from] item: Life Orb
|faint|p1a: Yveltal
|
|upkeep
|j| BBjjjjtjfh
|
|t:|1617171011
|switch|p1a: Kyogre|Kyogre|100/100
|-weather|RainDance|[from] ability: Drizzle|[of] p1a: Kyogre
|turn|23
|inactive|Battle timer is ON: inactive players will automatically lose when time's up. (requested by Blaziken-Mohammad)
|
|t:|1617171040
|switch|p2a: Necrozma|Necrozma-Dusk-Mane|100/100
|move|p1a: Kyogre|Water Spout|p2a: Necrozma
|-damage|p2a: Necrozma|3/100
|
|-weather|RainDance|[upkeep]
|upkeep
|turn|24
|
|t:|1617171043
|move|p1a: Kyogre|Water Spout|p2a: Necrozma
|-damage|p2a: Necrozma|0 fnt
|faint|p2a: Necrozma
|
|-weather|RainDance|[upkeep]
|upkeep
|
|t:|1617171046
|switch|p2a: Eternatus|Eternatus|66/100
|-ability|p2a: Eternatus|Pressure
|turn|25
|
|t:|1617171051
|switch|p1a: Marshadow|Marshadow|100/100
|move|p2a: Eternatus|Recover|p2a: Eternatus
|-heal|p2a: Eternatus|100/100
|
|-weather|RainDance|[upkeep]
|upkeep
|turn|26
|
|t:|1617171057
|switch|p2a: Zygarde|Zygarde|100/100
|move|p1a: Marshadow|Close Combat|p2a: Zygarde
|-damage|p2a: Zygarde|58/100
|-unboost|p1a: Marshadow|def|1
|-unboost|p1a: Marshadow|spd|1
|
|-weather|RainDance|[upkeep]
|-heal|p2a: Zygarde|65/100|[from] item: Leftovers
|upkeep
|turn|27
|
|t:|1617171065
|move|p1a: Marshadow|Close Combat|p2a: Zygarde
|-damage|p2a: Zygarde|20/100
|-unboost|p1a: Marshadow|def|1
|-unboost|p1a: Marshadow|spd|1
|move|p2a: Zygarde|Thousand Arrows|p1a: Marshadow
|-damage|p1a: Marshadow|8/100
|
|-weather|none
|-heal|p2a: Zygarde|26/100|[from] item: Leftovers
|-activate|p2a: Zygarde|ability: Power Construct
|detailschange|p2a: Zygarde|Zygarde-Complete
|-heal|p2a: Zygarde|52/100|[silent]
|upkeep
|turn|28
|
|t:|1617171071
|move|p1a: Marshadow|Close Combat|p2a: Zygarde
|-damage|p2a: Zygarde|24/100
|-unboost|p1a: Marshadow|def|1
|-unboost|p1a: Marshadow|spd|1
|move|p2a: Zygarde|Thousand Arrows|p1a: Marshadow
|-damage|p1a: Marshadow|0 fnt
|faint|p1a: Marshadow
|
|-heal|p2a: Zygarde|30/100|[from] item: Leftovers
|upkeep
|
|t:|1617171078
|switch|p1a: Kyogre|Kyogre|100/100
|-weather|RainDance|[from] ability: Drizzle|[of] p1a: Kyogre
|turn|29
|
|t:|1617171081
|switch|p2a: Eternatus|Eternatus|100/100
|-ability|p2a: Eternatus|Pressure
|move|p1a: Kyogre|Ice Beam|p2a: Eternatus
|-supereffective|p2a: Eternatus
|-damage|p2a: Eternatus|60/100
|
|-weather|RainDance|[upkeep]
|-heal|p2a: Eternatus|66/100|[from] item: Black Sludge
|upkeep
|turn|30
|
|t:|1617171088
|move|p1a: Kyogre|Ice Beam|p2a: Eternatus
|-supereffective|p2a: Eternatus
|-damage|p2a: Eternatus|29/100
|move|p2a: Eternatus|Recover|p2a: Eternatus
|-heal|p2a: Eternatus|79/100
|
|-weather|RainDance|[upkeep]
|-heal|p2a: Eternatus|86/100|[from] item: Black Sludge
|upkeep
|turn|31
|
|t:|1617171093
|move|p1a: Kyogre|Ice Beam|p2a: Eternatus
|-supereffective|p2a: Eternatus
|-damage|p2a: Eternatus|47/100
|move|p2a: Eternatus|Dynamax Cannon|p1a: Kyogre
|-damage|p1a: Kyogre|65/100
|
|-weather|RainDance|[upkeep]
|-heal|p2a: Eternatus|53/100|[from] item: Black Sludge
|upkeep
|turn|32
|
|t:|1617171098
|switch|p1a: Calyrex|Calyrex-Shadow|100/100
|-ability|p1a: Calyrex|As One
|-ability|p1a: Calyrex|Unnerve|p2: Magikarp4000
|move|p2a: Eternatus|Recover|p2a: Eternatus
|-heal|p2a: Eternatus|100/100
|
|-weather|RainDance|[upkeep]
|upkeep
|turn|33
|
|t:|1617171104
|switch|p2a: Yveltal|Yveltal|53/100 brn
|-ability|p2a: Yveltal|Dark Aura
|move|p1a: Calyrex|Substitute|p1a: Calyrex
|-start|p1a: Calyrex|Substitute
|-damage|p1a: Calyrex|76/100
|
|-weather|none
|-damage|p2a: Yveltal|47/100 brn|[from] brn
|upkeep
|turn|34
|
|t:|1617171117
|move|p1a: Calyrex|Draining Kiss|p2a: Yveltal
|-supereffective|p2a: Yveltal
|-damage|p2a: Yveltal|8/100 brn
|-heal|p1a: Calyrex|100/100|[from] drain|[of] p2a: Yveltal
|-damage|p1a: Calyrex|91/100|[from] item: Life Orb
|move|p2a: Yveltal|Knock Off|p1a: Calyrex
|-supereffective|p1a: Calyrex
|-end|p1a: Calyrex|Substitute
|
|-damage|p2a: Yveltal|2/100 brn|[from] brn
|upkeep
|turn|35
|
|t:|1617171122
|move|p1a: Calyrex|Substitute|p1a: Calyrex
|-start|p1a: Calyrex|Substitute
|-damage|p1a: Calyrex|66/100
|move|p2a: Yveltal|Knock Off|p1a: Calyrex
|-supereffective|p1a: Calyrex
|-end|p1a: Calyrex|Substitute
|
|-damage|p2a: Yveltal|0 fnt|[from] brn
|faint|p2a: Yveltal
|upkeep
|
|t:|1617171129
|switch|p2a: Eternatus|Eternatus|100/100
|-ability|p2a: Eternatus|Pressure
|turn|36
|
|t:|1617171135
|move|p1a: Calyrex|Substitute|p1a: Calyrex
|-start|p1a: Calyrex|Substitute
|-damage|p1a: Calyrex|41/100
|move|p2a: Eternatus|Mystical Fire|p1a: Calyrex
|-activate|p1a: Calyrex|move: Substitute|[damage]
|
|upkeep
|turn|37
|
|t:|1617171142
|move|p1a: Calyrex|Psyshock|p2a: Eternatus
|-supereffective|p2a: Eternatus
|-damage|p2a: Eternatus|0 fnt
|-damage|p1a: Calyrex|31/100|[from] item: Life Orb
|faint|p2a: Eternatus
|-ability|p1a: Calyrex|Grim Neigh|boost
|-boost|p1a: Calyrex|spa|1
|
|upkeep
|
|t:|1617171147
|switch|p2a: Ho-Oh|Ho-Oh|94/100
|turn|38
|
|t:|1617171150
|move|p1a: Calyrex|Astral Barrage|p2a: Ho-Oh
|-damage|p2a: Ho-Oh|28/100
|-damage|p1a: Calyrex|21/100|[from] item: Life Orb
|move|p2a: Ho-Oh|Sacred Fire|p1a: Calyrex
|-end|p1a: Calyrex|Substitute
|
|upkeep
|turn|39
|c|☆Magikarp4000|:(
|
|t:|1617171161
|move|p1a: Calyrex|Astral Barrage|p2a: Ho-Oh
|-damage|p2a: Ho-Oh|0 fnt
|-damage|p1a: Calyrex|11/100|[from] item: Life Orb
|faint|p2a: Ho-Oh
|-ability|p1a: Calyrex|Grim Neigh|boost
|-boost|p1a: Calyrex|spa|1
|
|upkeep
|-message|Magikarp4000 forfeited.
|
|win|Blaziken-Mohammad
|raw|Blaziken-Mohammad's rating: 1408 &rarr; <strong>1433</strong><br />(+25 for winning)
|raw|Magikarp4000's rating: 1494 &rarr; <strong>1469</strong><br />(-25 for losing)
|l|☆Magikarp4000
|c|☆Blaziken-Mohammad|gg
