|j|☆ubersohneubers
|j|☆nibbaatmast
|player|p1|ubersohneubers|cheryl|1705
|player|p2|nibbaatmast|267|1482
|teamsize|p1|6
|teamsize|p2|6
|gametype|singles
|gen|8
|tier|[Gen 8] Ubers
|rated|
|clearpoke
|poke|p1|Dugtrio, F|
|poke|p1|Excadrill, F|
|poke|p1|Gothitelle, M|
|poke|p1|Corviknight, M|
|poke|p1|Eternatus|
|poke|p1|Tyranitar, M|
|poke|p2|Pelipper, F|
|poke|p2|Drednaw, M|
|poke|p2|Eternatus|
|poke|p2|Mantine, M|
|poke|p2|Zacian-*|
|poke|p2|Ditto|
|rule|Sleep Clause Mod: Limit one foe put to sleep
|rule|Species Clause: Limit one of each Pokémon
|rule|OHKO Clause: OHKO moves are banned
|rule|Evasion Moves Clause: Evasion moves are banned
|rule|Endless Battle Clause: Forcing endless battles is banned
|rule|HP Percentage Mod: HP is shown in percentages
|teampreview
|inactive|Battle timer is ON: inactive players will automatically lose when time's up. (requested by nibbaatmast)
|
|start
|switch|p1a: Gothitelle|Gothitelle, M|100/100
|switch|p2a: Pelipper|Pelipper, F|100/100
|-weather|RainDance|[from] ability: Drizzle|[of] p2a: Pelipper
|turn|1
|
|move|p1a: Gothitelle|Thunderbolt|p2a: Pelipper
|-supereffective|p2a: Pelipper
|-damage|p2a: Pelipper|0 fnt
|faint|p2a: Pelipper
|
|-weather|RainDance|[upkeep]
|upkeep
|
|switch|p2a: Drednaw|Drednaw, M|100/100
|turn|2
|
|-start|p2a: Drednaw|Dynamax
|-formechange|p2a: Drednaw|Drednaw-Gmax
|-heal|p2a: Drednaw|100/100|[silent]
|-start|p1a: Gothitelle|Dynamax
|-heal|p1a: Gothitelle|100/100|[silent]
|move|p2a: Drednaw|G-Max Stonesurge|p1a: Gothitelle
|-damage|p1a: Gothitelle|31/100
|-sidestart|p1: ubersohneubers|move: Stealth Rock
|-damage|p2a: Drednaw|96/100|[from] item: Life Orb
|move|p1a: Gothitelle|Max Lightning|p2a: Drednaw
|-supereffective|p2a: Drednaw
|-damage|p2a: Drednaw|42/100
|-fieldstart|move: Electric Terrain
|
|-weather|RainDance|[upkeep]
|upkeep
|turn|3
|
|move|p1a: Gothitelle|Max Guard|p1a: Gothitelle
|-singleturn|p1a: Gothitelle|Max Guard
|move|p2a: Drednaw|Max Quake|p1a: Gothitelle
|-activate|p1a: Gothitelle|move: Max Guard
|
|-weather|RainDance|[upkeep]
|upkeep
|turn|4
|
|-end|p1a: Gothitelle|Dynamax
|-heal|p1a: Gothitelle|31/100|[silent]
|switch|p1a: Tyranitar|Tyranitar, M|100/100
|-damage|p1a: Tyranitar|88/100|[from] Stealth Rock
|-weather|Sandstorm|[from] ability: Sand Stream|[of] p1a: Tyranitar
|move|p2a: Drednaw|G-Max Stonesurge|p1a: Tyranitar
|-supereffective|p1a: Tyranitar
|-damage|p1a: Tyranitar|0 fnt
|-damage|p2a: Drednaw|37/100|[from] item: Life Orb
|faint|p1a: Tyranitar
|
|-weather|Sandstorm|[upkeep]
|-end|p2a: Drednaw|Dynamax
|-formechange|p2a: Drednaw|Drednaw
|-heal|p2a: Drednaw|37/100|[silent]
|upkeep
|
|switch|p1a: Dugtrio|Dugtrio, F|100/100
|-damage|p1a: Dugtrio|94/100|[from] Stealth Rock
|turn|5
|
|move|p1a: Dugtrio|Earthquake|p2a: Drednaw
|-supereffective|p2a: Drednaw
|-damage|p2a: Drednaw|0 fnt
|faint|p2a: Drednaw
|
|-weather|Sandstorm|[upkeep]
|upkeep
|
|switch|p2a: Mantine|Mantine, M|100/100
|turn|6
|
|switch|p1a: Eternatus|Eternatus|100/100
|-damage|p1a: Eternatus|88/100|[from] Stealth Rock
|-ability|p1a: Eternatus|Pressure
|move|p2a: Mantine|Hydro Pump|p1a: Eternatus
|-resisted|p1a: Eternatus
|-damage|p1a: Eternatus|65/100
|-damage|p2a: Mantine|91/100|[from] item: Life Orb
|
|-weather|Sandstorm|[upkeep]
|-damage|p1a: Eternatus|59/100|[from] Sandstorm
|-damage|p2a: Mantine|84/100|[from] Sandstorm
|-fieldend|move: Electric Terrain
|upkeep
|turn|7
|j| ewrgwer
|
|move|p1a: Eternatus|Recover|p1a: Eternatus
|-heal|p1a: Eternatus|100/100
|move|p2a: Mantine|Ice Beam|p1a: Eternatus
|-supereffective|p1a: Eternatus
|-damage|p1a: Eternatus|47/100
|-damage|p2a: Mantine|74/100|[from] item: Life Orb
|
|-weather|Sandstorm|[upkeep]
|-damage|p1a: Eternatus|41/100|[from] Sandstorm
|-damage|p2a: Mantine|68/100|[from] Sandstorm
|upkeep
|turn|8
|
|move|p1a: Eternatus|Recover|p1a: Eternatus
|-heal|p1a: Eternatus|91/100
|move|p2a: Mantine|Ice Beam|p1a: Eternatus
|-supereffective|p1a: Eternatus
|-damage|p1a: Eternatus|45/100
|-damage|p2a: Mantine|58/100|[from] item: Life Orb
|
|-weather|none
|upkeep
|turn|9
|
|move|p1a: Eternatus|Recover|p1a: Eternatus
|-heal|p1a: Eternatus|95/100
|move|p2a: Mantine|Ice Beam|p1a: Eternatus
|-supereffective|p1a: Eternatus
|-damage|p1a: Eternatus|45/100
|-status|p1a: Eternatus|frz
|-damage|p2a: Mantine|48/100|[from] item: Life Orb
|
|upkeep
|turn|10
|
|cant|p1a: Eternatus|frz
|move|p2a: Mantine|Ice Beam|p1a: Eternatus
|-supereffective|p1a: Eternatus
|-damage|p1a: Eternatus|0 fnt
|-damage|p2a: Mantine|38/100|[from] item: Life Orb
|faint|p1a: Eternatus
|
|upkeep
|
|switch|p1a: Excadrill|Excadrill, F|100/100
|-damage|p1a: Excadrill|97/100|[from] Stealth Rock
|turn|11
|
|move|p1a: Excadrill|Rock Slide|p2a: Mantine
|-supereffective|p2a: Mantine
|-damage|p2a: Mantine|0 fnt
|faint|p2a: Mantine
|
|upkeep
|
|switch|p2a: Eternatus|Eternatus|100/100
|-ability|p2a: Eternatus|Pressure
|turn|12
|
|move|p2a: Eternatus|Flamethrower|p1a: Excadrill
|-supereffective|p1a: Excadrill
|-damage|p1a: Excadrill|2/100
|move|p1a: Excadrill|Rock Slide|p2a: Eternatus
|-damage|p2a: Eternatus|68/100
|
|-heal|p2a: Eternatus|74/100|[from] item: Leftovers
|upkeep
|turn|13
|
|move|p2a: Eternatus|Flamethrower|p1a: Excadrill
|-supereffective|p1a: Excadrill
|-damage|p1a: Excadrill|0 fnt
|faint|p1a: Excadrill
|
|-heal|p2a: Eternatus|80/100|[from] item: Leftovers
|upkeep
|
|switch|p1a: Dugtrio|Dugtrio, F|94/100
|-damage|p1a: Dugtrio|88/100|[from] Stealth Rock
|turn|14
|
|move|p1a: Dugtrio|Earthquake|p2a: Eternatus
|-supereffective|p2a: Eternatus
|-damage|p2a: Eternatus|4/100
|move|p2a: Eternatus|Dynamax Cannon|p1a: Dugtrio
|-damage|p1a: Dugtrio|0 fnt
|faint|p1a: Dugtrio
|
|-heal|p2a: Eternatus|10/100|[from] item: Leftovers
|upkeep
|
|switch|p1a: Corviknight|Corviknight, M|100/100
|-damage|p1a: Corviknight|88/100|[from] Stealth Rock
|-ability|p1a: Corviknight|Pressure
|turn|15
|
|move|p2a: Eternatus|Recover|p2a: Eternatus
|-heal|p2a: Eternatus|60/100
|move|p1a: Corviknight|Body Press|p2a: Eternatus
|-resisted|p2a: Eternatus
|-crit|p2a: Eternatus
|-damage|p2a: Eternatus|45/100
|
|-heal|p2a: Eternatus|51/100|[from] item: Leftovers
|upkeep
|turn|16
|-message|ubersohneubers forfeited.
|
|win|nibbaatmast
|l|☆ubersohneubers
|raw|ubersohneubers's rating: 1705 &rarr; <strong>1674</strong><br />(-31 for losing)
|raw|nibbaatmast's rating: 1482 &rarr; <strong>1513</strong><br />(+31 for winning)
