|j|☆Accalmie ♫
|j|☆research club
|t:|1644949997
|gametype|singles
|player|p1|Accalmie ♫|lady|
|player|p2|research club|dawn|
|teamsize|p1|6
|teamsize|p2|6
|gen|8
|tier|[Gen 8] Ubers
|rated|Tournament battle
|rule|Sleep Clause Mod: Limit one foe put to sleep
|rule|Species Clause: Limit one of each Pokémon
|rule|OHKO Clause: OHKO moves are banned
|rule|Evasion Moves Clause: Evasion moves are banned
|rule|Endless Battle Clause: Forcing endless battles is banned
|rule|HP Percentage Mod: HP is shown in percentages
|rule|Dynamax Clause: You cannot dynamax
|clearpoke
|poke|p1|Ho-Oh|
|poke|p1|Eternatus|
|poke|p1|Necrozma-Dusk-Mane|
|poke|p1|Yveltal|
|poke|p1|Giratina-Origin|
|poke|p1|Xerneas-*|
|poke|p2|Necrozma-Dusk-Mane|
|poke|p2|Ferrothorn, F|
|poke|p2|Eternatus|
|poke|p2|Yveltal|
|poke|p2|Zygarde|
|poke|p2|Marshadow|
|teampreview
|inactive|Battle timer is ON: inactive players will automatically lose when time's up. (requested by Accalmie ♫)
|inactive|research club also wants the timer to be on.
|c|☆Accalmie ♫|hf
|j| Tchoupichachacha
|j| Ultramanball1
|c|☆research club|hf
|l| Ultramanball1
|j| Meminger21
|j| Fogbound Lake
|inactive|Accalmie ♫ has 120 seconds left.
|inactive|research club has 120 seconds left.
|j| RichardTheSlayer
|
|t:|1644950030
|start
|switch|p1a: Giratina|Giratina-Origin|100/100
|switch|p2a: Eternatus|Eternatus|100/100
|-ability|p2a: Eternatus|Pressure
|turn|1
|
|t:|1644950045
|switch|p1a: Necrozma|Necrozma-Dusk-Mane|100/100
|move|p2a: Eternatus|Draco Meteor|p1a: Necrozma
|-resisted|p1a: Necrozma
|-damage|p1a: Necrozma|84/100
|-unboost|p2a: Eternatus|spa|2
|
|-heal|p1a: Necrozma|90/100|[from] item: Leftovers
|upkeep
|turn|2
|
|t:|1644950058
|switch|p2a: Necrozma|Necrozma-Dusk-Mane|100/100
|move|p1a: Necrozma|Stealth Rock|p2a: Necrozma
|-sidestart|p2: research club|move: Stealth Rock
|
|-heal|p1a: Necrozma|96/100|[from] item: Leftovers
|upkeep
|turn|3
|
|t:|1644950064
|move|p2a: Necrozma|Stealth Rock|p1a: Necrozma
|-sidestart|p1: Accalmie ♫|move: Stealth Rock
|move|p1a: Necrozma|Thunder Wave|p2a: Necrozma
|-status|p2a: Necrozma|par
|
|-heal|p1a: Necrozma|100/100|[from] item: Leftovers
|upkeep
|turn|4
|
|t:|1644950087
|move|p1a: Necrozma|Sunsteel Strike|p2a: Necrozma
|-resisted|p2a: Necrozma
|-damage|p2a: Necrozma|81/100 par
|move|p2a: Necrozma|Sunsteel Strike|p1a: Necrozma
|-resisted|p1a: Necrozma
|-damage|p1a: Necrozma|83/100
|
|-heal|p1a: Necrozma|89/100|[from] item: Leftovers
|-heal|p2a: Necrozma|87/100 par|[from] item: Leftovers
|upkeep
|turn|5
|j| White Gehenna
|inactive|Accalmie ♫ has 120 seconds left.
|
|t:|1644950112
|switch|p1a: Eternatus|Eternatus|100/100
|-damage|p1a: Eternatus|88/100|[from] Stealth Rock
|-ability|p1a: Eternatus|Pressure
|switch|p2a: Ferrothorn|Ferrothorn, F|100/100
|-damage|p2a: Ferrothorn|94/100|[from] Stealth Rock
|
|-heal|p2a: Ferrothorn|100/100|[from] item: Leftovers
|upkeep
|turn|6
|inactive|Accalmie ♫ has 120 seconds left.
|
|t:|1644950132
|move|p2a: Ferrothorn|Protect|p2a: Ferrothorn
|-singleturn|p2a: Ferrothorn|Protect
|move|p1a: Eternatus|Flamethrower|p2a: Ferrothorn
|-activate|p2a: Ferrothorn|move: Protect
|
|upkeep
|turn|7
|inactive|Accalmie ♫ has 120 seconds left.
|
|t:|1644950147
|switch|p2a: Necrozma|Necrozma-Dusk-Mane|87/100 par
|-damage|p2a: Necrozma|81/100 par|[from] Stealth Rock
|move|p1a: Eternatus|Dynamax Cannon|p2a: Necrozma
|-resisted|p2a: Necrozma
|-damage|p2a: Necrozma|59/100 par
|-damage|p1a: Eternatus|78/100|[from] item: Life Orb
|
|-heal|p2a: Necrozma|65/100 par|[from] item: Leftovers
|upkeep
|turn|8
|inactive|Accalmie ♫ has 120 seconds left.
|
|t:|1644950168
|move|p1a: Eternatus|Flamethrower|p2a: Necrozma
|-supereffective|p2a: Necrozma
|-damage|p2a: Necrozma|26/100 par
|-damage|p1a: Eternatus|68/100|[from] item: Life Orb
|move|p2a: Necrozma|Morning Sun|p2a: Necrozma
|-heal|p2a: Necrozma|76/100 par
|
|-heal|p2a: Necrozma|82/100 par|[from] item: Leftovers
|upkeep
|turn|9
|
|t:|1644950178
|move|p1a: Eternatus|Flamethrower|p2a: Necrozma
|-supereffective|p2a: Necrozma
|-damage|p2a: Necrozma|38/100 par
|-damage|p1a: Eternatus|58/100|[from] item: Life Orb
|cant|p2a: Necrozma|par
|
|-heal|p2a: Necrozma|44/100 par|[from] item: Leftovers
|upkeep
|turn|10
|
|t:|1644950185
|switch|p2a: Yveltal|Yveltal|100/100
|-ability|p2a: Yveltal|Dark Aura
|move|p1a: Eternatus|Recover|p1a: Eternatus
|-heal|p1a: Eternatus|100/100
|
|upkeep
|turn|11
|
|t:|1644950190
|switch|p1a: Xerneas|Xerneas|100/100
|-damage|p1a: Xerneas|88/100|[from] Stealth Rock
|-ability|p1a: Xerneas|Fairy Aura
|move|p2a: Yveltal|Knock Off|p1a: Xerneas
|-resisted|p1a: Xerneas
|-crit|p1a: Xerneas
|-damage|p1a: Xerneas|48/100
|-enditem|p1a: Xerneas|Choice Scarf|[from] move: Knock Off|[of] p2a: Yveltal
|
|upkeep
|turn|12
|inactive|Accalmie ♫ has 120 seconds left.
|
|t:|1644950200
|switch|p2a: Ferrothorn|Ferrothorn, F|100/100
|-damage|p2a: Ferrothorn|94/100|[from] Stealth Rock
|move|p1a: Xerneas|Thunder Wave|p2a: Ferrothorn
|-status|p2a: Ferrothorn|par
|
|-heal|p2a: Ferrothorn|100/100 par|[from] item: Leftovers
|upkeep
|turn|13
|inactive|Accalmie ♫ has 120 seconds left.
|
|t:|1644950213
|switch|p1a: Necrozma|Necrozma-Dusk-Mane|89/100
|-damage|p1a: Necrozma|83/100|[from] Stealth Rock
|move|p2a: Ferrothorn|Spikes|p1a: Necrozma
|-sidestart|p1: Accalmie ♫|Spikes
|
|-heal|p1a: Necrozma|89/100|[from] item: Leftovers
|upkeep
|turn|14
|inactive|Accalmie ♫ has 120 seconds left.
|
|t:|1644950233
|switch|p1a: Giratina|Giratina-Origin|100/100
|-damage|p1a: Giratina|88/100|[from] Stealth Rock
|move|p2a: Ferrothorn|Leech Seed|p1a: Giratina|[miss]
|-miss|p2a: Ferrothorn|p1a: Giratina
|
|upkeep
|turn|15
|inactive|Accalmie ♫ has 120 seconds left.
|
|t:|1644950243
|switch|p2a: Eternatus|Eternatus|100/100
|-damage|p2a: Eternatus|88/100|[from] Stealth Rock
|-ability|p2a: Eternatus|Pressure
|move|p1a: Giratina|Defog|p2a: Eternatus
|-unboost|p2a: Eternatus|evasion|1
|-sideend|p2: research club|Stealth Rock|[from] move: Defog|[of] p1a: Giratina
|-sideend|p1: Accalmie ♫|Spikes|[from] move: Defog|[of] p1a: Giratina
|-sideend|p1: Accalmie ♫|Stealth Rock|[from] move: Defog|[of] p1a: Giratina
|
|upkeep
|turn|16
|
|t:|1644950257
|switch|p1a: Ho-Oh|Ho-Oh|100/100
|move|p2a: Eternatus|Draco Meteor|p1a: Ho-Oh|[miss]
|-miss|p2a: Eternatus|p1a: Ho-Oh
|
|upkeep
|turn|17
|
|t:|1644950266
|switch|p1a: Necrozma|Necrozma-Dusk-Mane|89/100
|move|p2a: Eternatus|Toxic|p1a: Necrozma
|-immune|p1a: Necrozma
|
|-heal|p1a: Necrozma|95/100|[from] item: Leftovers
|upkeep
|turn|18
|
|t:|1644950271
|switch|p2a: Necrozma|Necrozma-Dusk-Mane|44/100 par
|switch|p1a: Ho-Oh|Ho-Oh|100/100
|
|-heal|p2a: Necrozma|50/100 par|[from] item: Leftovers
|upkeep
|turn|19
|
|t:|1644950277
|switch|p2a: Eternatus|Eternatus|88/100
|-ability|p2a: Eternatus|Pressure
|move|p1a: Ho-Oh|Sacred Fire|p2a: Eternatus|[miss]
|-miss|p1a: Ho-Oh|p2a: Eternatus
|
|upkeep
|turn|20
|
|t:|1644950286
|switch|p1a: Necrozma|Necrozma-Dusk-Mane|95/100
|move|p2a: Eternatus|Toxic|p1a: Necrozma
|-immune|p1a: Necrozma
|
|-heal|p1a: Necrozma|100/100|[from] item: Leftovers
|upkeep
|turn|21
|
|t:|1644950290
|switch|p2a: Necrozma|Necrozma-Dusk-Mane|50/100 par
|move|p1a: Necrozma|Thunder Wave|p2a: Necrozma
|-fail|p2a: Necrozma|par
|
|-heal|p2a: Necrozma|56/100 par|[from] item: Leftovers
|upkeep
|turn|22
|
|t:|1644950294
|switch|p1a: Ho-Oh|Ho-Oh|100/100
|cant|p2a: Necrozma|par
|
|-heal|p2a: Necrozma|62/100 par|[from] item: Leftovers
|upkeep
|turn|23
|
|t:|1644950298
|switch|p2a: Eternatus|Eternatus|88/100
|-ability|p2a: Eternatus|Pressure
|move|p1a: Ho-Oh|Brave Bird|p2a: Eternatus
|-damage|p2a: Eternatus|18/100
|-damage|p1a: Ho-Oh|84/100|[from] item: Rocky Helmet|[of] p2a: Eternatus
|-damage|p1a: Ho-Oh|53/100|[from] Recoil
|
|upkeep
|turn|24
|
|t:|1644950305
|switch|p2a: Zygarde|Zygarde|100/100
|move|p1a: Ho-Oh|Brave Bird|p2a: Zygarde
|-damage|p2a: Zygarde|37/100
|-damage|p1a: Ho-Oh|31/100|[from] Recoil
|
|-heal|p2a: Zygarde|43/100|[from] item: Leftovers
|-activate|p2a: Zygarde|ability: Power Construct
|detailschange|p2a: Zygarde|Zygarde-Complete
|-heal|p2a: Zygarde|64/100|[silent]
|upkeep
|turn|25
|
|t:|1644950325
|switch|p1a: Necrozma|Necrozma-Dusk-Mane|100/100
|switch|p2a: Eternatus|Eternatus|18/100
|-ability|p2a: Eternatus|Pressure
|
|upkeep
|turn|26
|
|t:|1644950328
|switch|p2a: Zygarde|Zygarde-Complete|64/100
|move|p1a: Necrozma|Stealth Rock|p2a: Zygarde
|-sidestart|p2: research club|move: Stealth Rock
|
|-heal|p2a: Zygarde|71/100|[from] item: Leftovers
|upkeep
|turn|27
|
|t:|1644950337
|move|p2a: Zygarde|Dragon Dance|p2a: Zygarde
|-boost|p2a: Zygarde|atk|1
|-boost|p2a: Zygarde|spe|1
|move|p1a: Necrozma|Sunsteel Strike|p2a: Zygarde
|-damage|p2a: Zygarde|51/100
|
|-heal|p2a: Zygarde|57/100|[from] item: Leftovers
|upkeep
|turn|28
|
|t:|1644950354
|switch|p1a: Giratina|Giratina-Origin|88/100
|move|p2a: Zygarde|Substitute|p2a: Zygarde
|-start|p2a: Zygarde|Substitute
|-damage|p2a: Zygarde|32/100
|
|-heal|p2a: Zygarde|39/100|[from] item: Leftovers
|upkeep
|turn|29
|
|t:|1644950362
|move|p2a: Zygarde|Thousand Arrows|p1a: Giratina
|-damage|p1a: Giratina|53/100
|-start|p1a: Giratina|Smack Down
|move|p1a: Giratina|Draco Meteor|p2a: Zygarde
|-supereffective|p2a: Zygarde
|-end|p2a: Zygarde|Substitute
|-unboost|p1a: Giratina|spa|2
|
|-heal|p2a: Zygarde|45/100|[from] item: Leftovers
|upkeep
|turn|30
|inactive|Accalmie ♫ has 120 seconds left.
|
|t:|1644950399
|move|p2a: Zygarde|Dragon Dance|p2a: Zygarde
|-boost|p2a: Zygarde|atk|1
|-boost|p2a: Zygarde|spe|1
|move|p1a: Giratina|Draco Meteor|p2a: Zygarde
|-supereffective|p2a: Zygarde
|-damage|p2a: Zygarde|0 fnt
|-unboost|p1a: Giratina|spa|2
|faint|p2a: Zygarde
|
|upkeep
|
|t:|1644950404
|switch|p2a: Marshadow|Marshadow|100/100
|-damage|p2a: Marshadow|94/100|[from] Stealth Rock
|turn|31
|inactive|Accalmie ♫ has 120 seconds left.
|
|t:|1644950433
|switch|p1a: Yveltal|Yveltal|100/100
|-ability|p1a: Yveltal|Dark Aura
|move|p2a: Marshadow|Substitute|p2a: Marshadow
|-start|p2a: Marshadow|Substitute
|-damage|p2a: Marshadow|69/100
|
|-heal|p2a: Marshadow|76/100|[from] item: Leftovers
|upkeep
|turn|32
|
|t:|1644950439
|move|p2a: Marshadow|Will-O-Wisp|p1a: Yveltal
|-status|p1a: Yveltal|brn
|move|p1a: Yveltal|Knock Off|p2a: Marshadow
|-end|p2a: Marshadow|Substitute
|
|-heal|p2a: Marshadow|82/100|[from] item: Leftovers
|-damage|p1a: Yveltal|94/100 brn|[from] brn
|upkeep
|turn|33
|
|t:|1644950447
|switch|p2a: Yveltal|Yveltal|100/100
|-ability|p2a: Yveltal|Dark Aura
|move|p1a: Yveltal|Knock Off|p2a: Yveltal
|-resisted|p2a: Yveltal
|-damage|p2a: Yveltal|90/100
|-enditem|p2a: Yveltal|Heavy-Duty Boots|[from] move: Knock Off|[of] p1a: Yveltal
|
|-damage|p1a: Yveltal|88/100 brn|[from] brn
|upkeep
|turn|34
|
|t:|1644950451
|move|p1a: Yveltal|Taunt|p2a: Yveltal
|-start|p2a: Yveltal|move: Taunt
|cant|p2a: Yveltal|move: Taunt|Defog
|
|-damage|p1a: Yveltal|82/100 brn|[from] brn
|upkeep
|turn|35
|
|t:|1644950458
|switch|p2a: Necrozma|Necrozma-Dusk-Mane|62/100 par
|-damage|p2a: Necrozma|56/100 par|[from] Stealth Rock
|switch|p1a: Xerneas|Xerneas|48/100
|-ability|p1a: Xerneas|Fairy Aura
|
|-heal|p2a: Necrozma|62/100 par|[from] item: Leftovers
|upkeep
|turn|36
|
|t:|1644950468
|switch|p1a: Ho-Oh|Ho-Oh|64/100
|move|p2a: Necrozma|Stealth Rock|p1a: Ho-Oh
|-sidestart|p1: Accalmie ♫|move: Stealth Rock
|
|-heal|p2a: Necrozma|68/100 par|[from] item: Leftovers
|upkeep
|turn|37
|
|t:|1644950474
|move|p1a: Ho-Oh|Sacred Fire|p2a: Necrozma
|-supereffective|p2a: Necrozma
|-damage|p2a: Necrozma|0 fnt
|faint|p2a: Necrozma
|
|upkeep
|
|t:|1644950475
|switch|p2a: Yveltal|Yveltal|90/100
|-damage|p2a: Yveltal|65/100|[from] Stealth Rock
|-ability|p2a: Yveltal|Dark Aura
|turn|38
|j| palapapop
|
|t:|1644950499
|move|p2a: Yveltal|Knock Off|p1a: Ho-Oh
|-damage|p1a: Ho-Oh|2/100
|-enditem|p1a: Ho-Oh|Choice Band|[from] move: Knock Off|[of] p2a: Yveltal
|move|p1a: Ho-Oh|Sacred Fire|p2a: Yveltal
|-damage|p2a: Yveltal|16/100
|-status|p2a: Yveltal|brn
|
|-damage|p2a: Yveltal|10/100 brn|[from] brn
|upkeep
|turn|39
|j| London Beats
|
|t:|1644950517
|move|p2a: Yveltal|Knock Off|p1a: Ho-Oh
|-damage|p1a: Ho-Oh|0 fnt
|faint|p1a: Ho-Oh
|
|-damage|p2a: Yveltal|4/100 brn|[from] brn
|upkeep
|l| palapapop
|c| Tchoupichachacha|research club, tu peux le faire gooooooo
|inactive|Accalmie ♫ has 120 seconds left.
|c|☆Accalmie ♫|tu m'encourage plus lucien ?
|c|☆research club|hein
|c|☆research club|vous êtes qui
|c| Tchoupichachacha|il a cramé mo,n identité secrete
|c| Tchoupichachacha|jpp
|l| London Beats
|inactive|Accalmie ♫ has 90 seconds left.
|c| Tchoupichachacha|:(
|
|t:|1644950566
|switch|p1a: Xerneas|Xerneas|48/100
|-damage|p1a: Xerneas|36/100|[from] Stealth Rock
|-ability|p1a: Xerneas|Fairy Aura
|turn|40
|c|☆research club|jrigole j’fais la mala
|inactive|Accalmie ♫ has 90 seconds left.
|
|t:|1644950579
|move|p1a: Xerneas|Moonblast|p2a: Yveltal
|-supereffective|p2a: Yveltal
|-damage|p2a: Yveltal|0 fnt
|faint|p2a: Yveltal
|
|upkeep
|c|☆research club|toute les tie
|c| Tchoupichachacha|Accalmie ♫ oui je te soutien aussi
|c|☆research club|c abuse
|
|t:|1644950600
|switch|p2a: Ferrothorn|Ferrothorn, F|100/100 par
|-damage|p2a: Ferrothorn|94/100 par|[from] Stealth Rock
|turn|41
|inactive|Accalmie ♫ has 90 seconds left.
|c|☆Accalmie ♫|t'es full speed toi aussi ?
|c|☆research club|je suis full speed yvel
|c|☆research club|mais j’ai perdu
|c|☆research club|3 ties
|c|☆research club|zebi
|c|☆Accalmie ♫|la vie ne te fais pas de cadeau mon pauvre
|inactive|Accalmie ♫ has 60 seconds left.
|
|t:|1644950645
|switch|p1a: Giratina|Giratina-Origin|53/100
|-damage|p1a: Giratina|40/100|[from] Stealth Rock
|cant|p2a: Ferrothorn|par
|
|-heal|p2a: Ferrothorn|100/100 par|[from] item: Leftovers
|upkeep
|turn|42
|c|☆research club|nsm je suis main unite
|c|☆research club|tfacon
|
|t:|1644950655
|move|p1a: Giratina|Hex|p2a: Ferrothorn
|-damage|p2a: Ferrothorn|48/100 par
|move|p2a: Ferrothorn|Leech Seed|p1a: Giratina
|-start|p1a: Giratina|move: Leech Seed
|
|-heal|p2a: Ferrothorn|54/100 par|[from] item: Leftovers
|-damage|p1a: Giratina|28/100|[from] Leech Seed|[of] p2a: Ferrothorn
|-heal|p2a: Ferrothorn|70/100 par|[silent]
|upkeep
|turn|43
|c| Tchoupichachacha|accalmie, tu m'oblige à créer un autre alt caché
|
|t:|1644950664
|switch|p2a: Eternatus|Eternatus|18/100
|-damage|p2a: Eternatus|6/100|[from] Stealth Rock
|-ability|p2a: Eternatus|Pressure
|move|p1a: Giratina|Hex|p2a: Eternatus
|-damage|p2a: Eternatus|0 fnt
|faint|p2a: Eternatus
|
|upkeep
|
|t:|1644950665
|switch|p2a: Marshadow|Marshadow|82/100
|-damage|p2a: Marshadow|76/100|[from] Stealth Rock
|turn|44
|c|☆Accalmie ♫|fais donc
|
|t:|1644950679
|move|p2a: Marshadow|Substitute|p2a: Marshadow
|-start|p2a: Marshadow|Substitute
|-damage|p2a: Marshadow|51/100
|move|p1a: Giratina|Hex|p2a: Marshadow
|-supereffective|p2a: Marshadow
|-end|p2a: Marshadow|Substitute
|
|-heal|p2a: Marshadow|57/100|[from] item: Leftovers
|-damage|p1a: Giratina|15/100|[from] Leech Seed|[of] p2a: Marshadow
|-heal|p2a: Marshadow|74/100|[silent]
|upkeep
|turn|45
|
|t:|1644950697
|move|p2a: Marshadow|Spectral Thief|p1a: Giratina
|-supereffective|p1a: Giratina
|-damage|p1a: Giratina|0 fnt
|faint|p1a: Giratina
|
|-heal|p2a: Marshadow|80/100|[from] item: Leftovers
|upkeep
|
|t:|1644950704
|switch|p1a: Eternatus|Eternatus|100/100
|-damage|p1a: Eternatus|88/100|[from] Stealth Rock
|-ability|p1a: Eternatus|Pressure
|turn|46
|
|t:|1644950716
|switch|p2a: Ferrothorn|Ferrothorn, F|70/100 par
|-damage|p2a: Ferrothorn|63/100 par|[from] Stealth Rock
|move|p1a: Eternatus|Dynamax Cannon|p2a: Ferrothorn
|-resisted|p2a: Ferrothorn
|-damage|p2a: Ferrothorn|36/100 par
|-damage|p1a: Eternatus|78/100|[from] item: Life Orb
|
|-heal|p2a: Ferrothorn|42/100 par|[from] item: Leftovers
|upkeep
|turn|47
|
|t:|1644950719
|move|p1a: Eternatus|Flamethrower|p2a: Ferrothorn
|-supereffective|p2a: Ferrothorn
|-damage|p2a: Ferrothorn|0 fnt
|faint|p2a: Ferrothorn
|-damage|p1a: Eternatus|68/100|[from] item: Life Orb
|
|upkeep
|
|t:|1644950721
|switch|p2a: Marshadow|Marshadow|80/100
|-damage|p2a: Marshadow|74/100|[from] Stealth Rock
|turn|48
|
|t:|1644950723
|move|p2a: Marshadow|Spectral Thief|p1a: Eternatus
|-damage|p1a: Eternatus|30/100
|move|p1a: Eternatus|Dynamax Cannon|p2a: Marshadow
|-damage|p2a: Marshadow|0 fnt
|faint|p2a: Marshadow
|-damage|p1a: Eternatus|20/100|[from] item: Life Orb
|
|win|Accalmie ♫
|n|☆Accalmie ♫|accalmie
|n|☆research club|researchclub
|n| Tchoupichachacha|tchoupichachacha
|n| Meminger21|meminger21
|n| Fogbound Lake|fogboundlake
|n| RichardTheSlayer|richardtheslayer
|n| White Gehenna|whitegehenna
|c|☆research club|ah
|c|☆research club|je depassais
|l| Meminger21
|c| Tchoupichachacha|gg accalmie j'ai toujours cru en toi
|c|☆Accalmie ♫|350 de speed
|l| RichardTheSlayer
|c|☆research club|faut jouer full speed
|c|☆research club|le life orb
|c|☆Accalmie ♫|pas ma team
|c|☆research club|c une indian team
|c|☆research club|surzleng
|l|☆research club
|c|☆Accalmie ♫|sûrement oui
