|j|☆QiYu5
|j|☆I Crit My Panties
|t:|1664504087
|gametype|singles
|player|p1|QiYu5|drayden|1684
|player|p2|I Crit My Panties|101|1680
|teamsize|p1|6
|teamsize|p2|6
|gen|8
|tier|[Gen 8] Ubers
|rated|
|rule|Sleep Clause Mod: Limit one foe put to sleep
|rule|Species Clause: Limit one of each Pokémon
|rule|OHKO Clause: OHKO moves are banned
|rule|Evasion Items Clause: Evasion items are banned
|rule|Evasion Moves Clause: Evasion moves are banned
|rule|Endless Battle Clause: Forcing endless battles is banned
|rule|HP Percentage Mod: HP is shown in percentages
|rule|Dynamax Clause: You cannot dynamax
|clearpoke
|poke|p1|Calyrex-Shadow|
|poke|p1|Eternatus|
|poke|p1|Yveltal|
|poke|p1|Necrozma-Dusk-Mane|
|poke|p1|Tyranitar, F|
|poke|p1|Groudon|
|poke|p2|Hatterene, F|
|poke|p2|Porygon2|
|poke|p2|Magearna|
|poke|p2|Dracovish|
|poke|p2|Calyrex-Ice|
|poke|p2|Necrozma-Dusk-Mane|
|teampreview
|inactive|Battle timer is ON: inactive players will automatically lose when time's up. (requested by I Crit My Panties)
|
|t:|1664504097
|start
|switch|p1a: 心碎了无痕|Calyrex-Shadow|100/100
|switch|p2a: Necrozma|Necrozma-Dusk-Mane|100/100
|-ability|p1a: 心碎了无痕|As One
|-ability|p1a: 心碎了无痕|Unnerve
|turn|1
|
|t:|1664504102
|move|p1a: 心碎了无痕|Trick|p2a: Necrozma
|-activate|p1a: 心碎了无痕|move: Trick|[of] p2a: Necrozma
|-item|p2a: Necrozma|Choice Scarf|[from] move: Trick
|-item|p1a: 心碎了无痕|Weakness Policy|[from] move: Trick
|move|p2a: Necrozma|Sunsteel Strike|p1a: 心碎了无痕
|-damage|p1a: 心碎了无痕|16/100
|
|upkeep
|turn|2
|
|t:|1664504108
|switch|p2a: Porygon2|Porygon2|100/100
|move|p1a: 心碎了无痕|Psyshock|p2a: Porygon2
|-crit|p2a: Porygon2
|-damage|p2a: Porygon2|68/100
|
|upkeep
|turn|3
|
|t:|1664504114
|move|p1a: 心碎了无痕|Psyshock|p2a: Porygon2
|-damage|p2a: Porygon2|42/100
|move|p2a: Porygon2|Trick Room|p2a: Porygon2
|-fieldstart|move: Trick Room|[of] p2a: Porygon2
|
|upkeep
|turn|4
|
|t:|1664504117
|move|p2a: Porygon2|Shadow Ball|p1a: 心碎了无痕
|-supereffective|p1a: 心碎了无痕
|-crit|p1a: 心碎了无痕
|-damage|p1a: 心碎了无痕|0 fnt
|faint|p1a: 心碎了无痕
|
|upkeep
|
|t:|1664504119
|switch|p1a: 天空它下着沙 也在笑我太傻|Tyranitar, F|100/100
|-ability|p2a: Porygon2|Sand Stream|[from] ability: Trace|[of] p1a: 天空它下着沙 也在笑我太傻
|-weather|Sandstorm|[from] ability: Sand Stream|[of] p2a: Porygon2
|turn|5
|
|t:|1664504123
|switch|p2a: Necrozma|Necrozma-Dusk-Mane|100/100
|move|p1a: 天空它下着沙 也在笑我太傻|Rock Blast|p2a: Necrozma
|-resisted|p2a: Necrozma
|-damage|p2a: Necrozma|96/100
|-resisted|p2a: Necrozma
|-damage|p2a: Necrozma|93/100
|-resisted|p2a: Necrozma
|-damage|p2a: Necrozma|89/100
|-hitcount|p2a: Necrozma|3
|
|-weather|Sandstorm|[upkeep]
|upkeep
|turn|6
|
|t:|1664504125
|move|p1a: 天空它下着沙 也在笑我太傻|Foul Play|p2a: Necrozma
|-supereffective|p2a: Necrozma
|-damage|p2a: Necrozma|19/100
|move|p2a: Necrozma|Sunsteel Strike|p1a: 天空它下着沙 也在笑我太傻
|-supereffective|p1a: 天空它下着沙 也在笑我太傻
|-damage|p1a: 天空它下着沙 也在笑我太傻|6/100
|
|-weather|Sandstorm|[upkeep]
|-heal|p1a: 天空它下着沙 也在笑我太傻|12/100|[from] item: Leftovers
|upkeep
|turn|7
|
|t:|1664504133
|move|p1a: 天空它下着沙 也在笑我太傻|Rock Blast|p2a: Necrozma
|-resisted|p2a: Necrozma
|-damage|p2a: Necrozma|16/100
|-resisted|p2a: Necrozma
|-damage|p2a: Necrozma|12/100
|-resisted|p2a: Necrozma
|-damage|p2a: Necrozma|8/100
|-resisted|p2a: Necrozma
|-damage|p2a: Necrozma|4/100
|-resisted|p2a: Necrozma
|-damage|p2a: Necrozma|0 fnt
|faint|p2a: Necrozma
|-hitcount|p2: Necrozma|5
|
|-weather|Sandstorm|[upkeep]
|-heal|p1a: 天空它下着沙 也在笑我太傻|19/100|[from] item: Leftovers
|-fieldend|move: Trick Room
|upkeep
|
|t:|1664504138
|switch|p2a: Porygon2|Porygon2|42/100
|-ability|p2a: Porygon2|Sand Stream|[from] ability: Trace|[of] p1a: 天空它下着沙 也在笑我太傻
|turn|8
|
|t:|1664504152
|move|p1a: 天空它下着沙 也在笑我太傻|Rock Blast|p2a: Porygon2
|-damage|p2a: Porygon2|36/100
|-damage|p2a: Porygon2|31/100
|-hitcount|p2a: Porygon2|2
|move|p2a: Porygon2|Trick Room|p2a: Porygon2
|-fieldstart|move: Trick Room|[of] p2a: Porygon2
|
|-weather|Sandstorm|[upkeep]
|-damage|p2a: Porygon2|25/100|[from] Sandstorm
|-heal|p1a: 天空它下着沙 也在笑我太傻|25/100|[from] item: Leftovers
|upkeep
|turn|9
|
|t:|1664504156
|move|p1a: 天空它下着沙 也在笑我太傻|Rock Blast|p2a: Porygon2|[miss]
|-miss|p1a: 天空它下着沙 也在笑我太傻|p2a: Porygon2
|move|p2a: Porygon2|Teleport|p2a: Porygon2
|
|t:|1664504164
|switch|p2a: Dracovish|Dracovish|100/100|[from]move: Teleport
|
|-weather|none
|-heal|p1a: 天空它下着沙 也在笑我太傻|31/100|[from] item: Leftovers
|upkeep
|turn|10
|
|t:|1664504177
|switch|p1a: 三拳打死镇关西|Groudon|100/100
|-weather|SunnyDay|[from] ability: Drought|[of] p1a: 三拳打死镇关西
|move|p2a: Dracovish|Fishious Rend|p1a: 三拳打死镇关西
|-supereffective|p1a: 三拳打死镇关西
|-damage|p1a: 三拳打死镇关西|15/100
|
|-weather|SunnyDay|[upkeep]
|-heal|p1a: 三拳打死镇关西|22/100|[from] item: Leftovers
|upkeep
|turn|11
|
|t:|1664504184
|switch|p1a: 假猪套天下第一|Eternatus|100/100
|-ability|p1a: 假猪套天下第一|Pressure
|move|p2a: Dracovish|Fishious Rend|p1a: 假猪套天下第一
|-resisted|p1a: 假猪套天下第一
|-damage|p1a: 假猪套天下第一|71/100
|
|-weather|SunnyDay|[upkeep]
|-heal|p1a: 假猪套天下第一|77/100|[from] item: Black Sludge
|upkeep
|turn|12
|
|t:|1664504189
|switch|p2a: Porygon2|Porygon2|25/100
|-ability|p2a: Porygon2|Pressure|[from] ability: Trace|[of] p1a: 假猪套天下第一
|-ability|p2a: Porygon2|Pressure
|move|p1a: 假猪套天下第一|Toxic Spikes|p2a: Porygon2
|-sidestart|p2: I Crit My Panties|move: Toxic Spikes
|
|-weather|SunnyDay|[upkeep]
|-heal|p1a: 假猪套天下第一|83/100|[from] item: Black Sludge
|-fieldend|move: Trick Room
|upkeep
|turn|13
|
|t:|1664504197
|move|p1a: 假猪套天下第一|Dragon Pulse|p2a: Porygon2
|-damage|p2a: Porygon2|0 fnt
|faint|p2a: Porygon2
|
|-weather|SunnyDay|[upkeep]
|-heal|p1a: 假猪套天下第一|90/100|[from] item: Black Sludge
|upkeep
|
|t:|1664504199
|switch|p2a: Calyrex|Calyrex-Ice|100/100
|-ability|p2a: Calyrex|As One
|-ability|p2a: Calyrex|Unnerve
|turn|14
|
|t:|1664504202
|move|p1a: 假猪套天下第一|Mystical Fire|p2a: Calyrex
|-supereffective|p2a: Calyrex
|-damage|p2a: Calyrex|53/100
|-unboost|p2a: Calyrex|spa|1
|move|p2a: Calyrex|Trick Room|p2a: Calyrex
|-fieldstart|move: Trick Room|[of] p2a: Calyrex
|
|-weather|none
|-heal|p1a: 假猪套天下第一|96/100|[from] item: Black Sludge
|upkeep
|turn|15
|
|t:|1664504207
|switch|p1a: 体有金光 覆映吾身|Necrozma-Dusk-Mane|100/100
|move|p2a: Calyrex|High Horsepower|p1a: 体有金光 覆映吾身
|-supereffective|p1a: 体有金光 覆映吾身
|-damage|p1a: 体有金光 覆映吾身|56/100
|
|-heal|p1a: 体有金光 覆映吾身|62/100|[from] item: Leftovers
|upkeep
|turn|16
|
|t:|1664504209
|switch|p2a: Dracovish|Dracovish|100/100
|-status|p2a: Dracovish|psn
|move|p1a: 体有金光 覆映吾身|Moonlight|p1a: 体有金光 覆映吾身
|-heal|p1a: 体有金光 覆映吾身|100/100
|
|-damage|p2a: Dracovish|88/100 psn|[from] psn
|upkeep
|turn|17
|
|t:|1664504213
|switch|p1a: 三拳打死镇关西|Groudon|22/100
|-weather|SunnyDay|[from] ability: Drought|[of] p1a: 三拳打死镇关西
|move|p2a: Dracovish|Fishious Rend|p1a: 三拳打死镇关西
|-supereffective|p1a: 三拳打死镇关西
|-damage|p1a: 三拳打死镇关西|0 fnt
|faint|p1a: 三拳打死镇关西
|
|-weather|SunnyDay|[upkeep]
|-damage|p2a: Dracovish|75/100 psn|[from] psn
|upkeep
|
|t:|1664504218
|switch|p1a: 体有金光 覆映吾身|Necrozma-Dusk-Mane|100/100
|turn|18
|
|t:|1664504227
|move|p2a: Dracovish|Fishious Rend|p1a: 体有金光 覆映吾身
|-damage|p1a: 体有金光 覆映吾身|43/100
|move|p1a: 体有金光 覆映吾身|Dragon Dance|p1a: 体有金光 覆映吾身
|-boost|p1a: 体有金光 覆映吾身|atk|1
|-boost|p1a: 体有金光 覆映吾身|spe|1
|
|-weather|SunnyDay|[upkeep]
|-heal|p1a: 体有金光 覆映吾身|49/100|[from] item: Leftovers
|-damage|p2a: Dracovish|63/100 psn|[from] psn
|-fieldend|move: Trick Room
|upkeep
|turn|19
|
|t:|1664504236
|switch|p2a: Calyrex|Calyrex-Ice|53/100
|-ability|p2a: Calyrex|As One
|-ability|p2a: Calyrex|Unnerve
|move|p1a: 体有金光 覆映吾身|Dragon Dance|p1a: 体有金光 覆映吾身
|-boost|p1a: 体有金光 覆映吾身|atk|1
|-boost|p1a: 体有金光 覆映吾身|spe|1
|
|-weather|SunnyDay|[upkeep]
|-heal|p1a: 体有金光 覆映吾身|55/100|[from] item: Leftovers
|upkeep
|turn|20
|
|t:|1664504241
|move|p1a: 体有金光 覆映吾身|Iron Head|p2a: Calyrex
|-supereffective|p2a: Calyrex
|-damage|p2a: Calyrex|0 fnt
|faint|p2a: Calyrex
|
|-weather|SunnyDay|[upkeep]
|-heal|p1a: 体有金光 覆映吾身|61/100|[from] item: Leftovers
|upkeep
|
|t:|1664504243
|switch|p2a: Hatterene|Hatterene, F|100/100
|-status|p2a: Hatterene|psn
|turn|21
|
|t:|1664504245
|move|p1a: 体有金光 覆映吾身|Iron Head|p2a: Hatterene
|-supereffective|p2a: Hatterene
|-enditem|p2a: Hatterene|Focus Sash
|-damage|p2a: Hatterene|1/100 psn
|move|p2a: Hatterene|Trick Room|p2a: Hatterene
|-fieldstart|move: Trick Room|[of] p2a: Hatterene
|
|-weather|none
|-heal|p1a: 体有金光 覆映吾身|67/100|[from] item: Leftovers
|-damage|p2a: Hatterene|0 fnt|[from] psn
|faint|p2a: Hatterene
|upkeep
|
|t:|1664504247
|switch|p2a: Dracovish|Dracovish|63/100 psn
|turn|22
|
|t:|1664504255
|switch|p1a: 天空它下着沙 也在笑我太傻|Tyranitar, F|31/100
|-weather|Sandstorm|[from] ability: Sand Stream|[of] p1a: 天空它下着沙 也在笑我太傻
|move|p2a: Dracovish|Fishious Rend|p1a: 天空它下着沙 也在笑我太傻
|-supereffective|p1a: 天空它下着沙 也在笑我太傻
|-damage|p1a: 天空它下着沙 也在笑我太傻|0 fnt
|faint|p1a: 天空它下着沙 也在笑我太傻
|
|-weather|Sandstorm|[upkeep]
|-damage|p2a: Dracovish|57/100 psn|[from] Sandstorm
|-damage|p2a: Dracovish|44/100 psn|[from] psn
|upkeep
|
|t:|1664504261
|switch|p1a: 假猪套天下第一|Eternatus|96/100
|-ability|p1a: 假猪套天下第一|Pressure
|turn|23
|
|t:|1664504266
|switch|p2a: Magearna|Magearna|100/100
|move|p1a: 假猪套天下第一|Mystical Fire|p2a: Magearna
|-supereffective|p2a: Magearna
|-damage|p2a: Magearna|70/100
|-unboost|p2a: Magearna|spa|1
|
|-weather|Sandstorm|[upkeep]
|-damage|p1a: 假猪套天下第一|90/100|[from] Sandstorm
|-heal|p2a: Magearna|76/100|[from] item: Leftovers
|-heal|p1a: 假猪套天下第一|96/100|[from] item: Black Sludge
|upkeep
|turn|24
|
|t:|1664504268
|move|p2a: Magearna|Calm Mind|p2a: Magearna
|-boost|p2a: Magearna|spa|1
|-boost|p2a: Magearna|spd|1
|move|p1a: 假猪套天下第一|Mystical Fire|p2a: Magearna
|-supereffective|p2a: Magearna
|-damage|p2a: Magearna|55/100
|-unboost|p2a: Magearna|spa|1
|
|-weather|Sandstorm|[upkeep]
|-damage|p1a: 假猪套天下第一|90/100|[from] Sandstorm
|-heal|p2a: Magearna|61/100|[from] item: Leftovers
|-heal|p1a: 假猪套天下第一|96/100|[from] item: Black Sludge
|upkeep
|turn|25
|
|t:|1664504270
|move|p2a: Magearna|Calm Mind|p2a: Magearna
|-boost|p2a: Magearna|spa|1
|-boost|p2a: Magearna|spd|1
|move|p1a: 假猪套天下第一|Mystical Fire|p2a: Magearna
|-supereffective|p2a: Magearna
|-damage|p2a: Magearna|46/100
|-unboost|p2a: Magearna|spa|1
|
|-weather|Sandstorm|[upkeep]
|-damage|p1a: 假猪套天下第一|90/100|[from] Sandstorm
|-heal|p2a: Magearna|52/100|[from] item: Leftovers
|-heal|p1a: 假猪套天下第一|96/100|[from] item: Black Sludge
|-fieldend|move: Trick Room
|upkeep
|turn|26
|
|t:|1664504275
|move|p1a: 假猪套天下第一|Mystical Fire|p2a: Magearna
|-supereffective|p2a: Magearna
|-damage|p2a: Magearna|37/100
|-unboost|p2a: Magearna|spa|1
|move|p2a: Magearna|Trick Room|p2a: Magearna
|-fieldstart|move: Trick Room|[of] p2a: Magearna
|
|-weather|none
|-heal|p2a: Magearna|43/100|[from] item: Leftovers
|-heal|p1a: 假猪套天下第一|100/100|[from] item: Black Sludge
|upkeep
|turn|27
|
|t:|1664504278
|move|p2a: Magearna|Calm Mind|p2a: Magearna
|-boost|p2a: Magearna|spa|1
|-boost|p2a: Magearna|spd|1
|move|p1a: 假猪套天下第一|Mystical Fire|p2a: Magearna
|-supereffective|p2a: Magearna
|-damage|p2a: Magearna|30/100
|-unboost|p2a: Magearna|spa|1
|
|-heal|p2a: Magearna|36/100|[from] item: Leftovers
|upkeep
|turn|28
|
|t:|1664504281
|move|p2a: Magearna|Calm Mind|p2a: Magearna
|-boost|p2a: Magearna|spa|1
|-boost|p2a: Magearna|spd|1
|move|p1a: 假猪套天下第一|Mystical Fire|p2a: Magearna
|-supereffective|p2a: Magearna
|-damage|p2a: Magearna|26/100
|-unboost|p2a: Magearna|spa|1
|
|-heal|p2a: Magearna|32/100|[from] item: Leftovers
|upkeep
|turn|29
|
|t:|1664504284
|move|p2a: Magearna|Calm Mind|p2a: Magearna
|-boost|p2a: Magearna|spa|1
|-boost|p2a: Magearna|spd|1
|move|p1a: 假猪套天下第一|Mystical Fire|p2a: Magearna
|-supereffective|p2a: Magearna
|-damage|p2a: Magearna|24/100
|-unboost|p2a: Magearna|spa|1
|
|-heal|p2a: Magearna|30/100|[from] item: Leftovers
|upkeep
|turn|30
|
|t:|1664504288
|switch|p1a: 体有金光 覆映吾身|Necrozma-Dusk-Mane|67/100
|move|p2a: Magearna|Trick Room|p2a: Magearna
|-fieldend|move: Trick Room
|
|-heal|p1a: 体有金光 覆映吾身|73/100|[from] item: Leftovers
|-heal|p2a: Magearna|36/100|[from] item: Leftovers
|upkeep
|turn|31
|l|☆I Crit My Panties
|inactive|I Crit My Panties disconnected and has a minute to reconnect!
|player|p2|
|j|☆I Crit My Panties
|inactive|I Crit My Panties reconnected and has 145 seconds left.
|player|p2|I Crit My Panties|101
|l|☆I Crit My Panties
|inactive|I Crit My Panties disconnected and has a minute to reconnect!
|player|p2|
|inactive|I Crit My Panties has 30 seconds to reconnect!
|inactive|I Crit My Panties has 20 seconds to reconnect!
|inactive|I Crit My Panties has 15 seconds to reconnect!
|inactive|I Crit My Panties has 10 seconds to reconnect!
|inactive|I Crit My Panties has 5 seconds to reconnect!
|-message|I Crit My Panties lost due to inactivity.
|
|win|QiYu5
|raw|QiYu5's rating: 1684 &rarr; <strong>1704</strong><br />(+20 for winning)
|raw|I Crit My Panties's rating: 1680 &rarr; <strong>1660</strong><br />(-20 for losing)
||Ladder isn't responding, score probably updated but might not have (Request timeout).
