|j|☆4125al41
|j|☆WispyheadVGC
|t:|1651068077
|gametype|singles
|player|p1|4125al41|steven|
|player|p2|WispyheadVGC|1|
|teamsize|p1|6
|teamsize|p2|6
|gen|8
|tier|[Gen 8] Ubers
|rated|Tournament battle
|rule|Sleep Clause Mod: Limit one foe put to sleep
|rule|Species Clause: Limit one of each Pokémon
|rule|OHKO Clause: OHKO moves are banned
|rule|Evasion Moves Clause: Evasion moves are banned
|rule|Endless Battle Clause: Forcing endless battles is banned
|rule|HP Percentage Mod: HP is shown in percentages
|rule|Dynamax Clause: You cannot dynamax
|clearpoke
|poke|p1|Marshadow|
|poke|p1|Eternatus|
|poke|p1|Calyrex-Shadow|
|poke|p1|Ho-Oh|
|poke|p1|Groudon|
|poke|p1|Xerneas-*|
|poke|p2|Zekrom|
|poke|p2|Necrozma-Dusk-Mane|
|poke|p2|Yveltal|
|poke|p2|Weavile, F|
|poke|p2|Marshadow|
|poke|p2|Shuckle, M|
|teampreview
|j| Zubitop
|
|t:|1651068099
|start
|switch|p1a: Calyrex|Calyrex-Shadow|100/100
|switch|p2a: Rick Astley|Shuckle, M, shiny|100/100
|-ability|p1a: Calyrex|As One
|-ability|p1a: Calyrex|Unnerve
|turn|1
|
|t:|1651068106
|move|p1a: Calyrex|Trick|p2a: Rick Astley
|-activate|p1a: Calyrex|move: Trick|[of] p2a: Rick Astley
|-item|p2a: Rick Astley|Choice Specs|[from] move: Trick
|-item|p1a: Calyrex|Mental Herb|[from] move: Trick
|move|p2a: Rick Astley|Sticky Web|p1a: Calyrex
|-sidestart|p1: 4125al41|move: Sticky Web
|
|upkeep
|turn|2
|inactive|Battle timer is ON: inactive players will automatically lose when time's up. (requested by WispyheadVGC)
|
|t:|1651068122
|switch|p1a: Groudon|Groudon|100/100
|-activate|p1a: Groudon|move: Sticky Web
|-unboost|p1a: Groudon|spe|1
|-weather|SunnyDay|[from] ability: Drought|[of] p1a: Groudon
|move|p2a: Rick Astley|Sticky Web||[still]
|-fail|p2a: Rick Astley
|
|-weather|SunnyDay|[upkeep]
|upkeep
|turn|3
|
|t:|1651068131
|switch|p2a: Kuru|Weavile, F|100/100
|-ability|p2a: Kuru|Pressure
|move|p1a: Groudon|Thunder Wave|p2a: Kuru
|-status|p2a: Kuru|par
|
|-weather|SunnyDay|[upkeep]
|upkeep
|turn|4
|
|t:|1651068153
|switch|p1a: Ho-Oh|Ho-Oh|100/100
|move|p2a: Kuru|Triple Axel|p1a: Ho-Oh
|-damage|p1a: Ho-Oh|93/100
|-damage|p1a: Ho-Oh|77/100
|-damage|p1a: Ho-Oh|53/100
|-hitcount|p1a: Ho-Oh|3
|
|-weather|SunnyDay|[upkeep]
|upkeep
|turn|5
|
|t:|1651068158
|move|p1a: Ho-Oh|Sacred Fire|p2a: Kuru
|-supereffective|p2a: Kuru
|-enditem|p2a: Kuru|Focus Sash
|-damage|p2a: Kuru|1/100 par
|cant|p2a: Kuru|par
|
|-weather|SunnyDay|[upkeep]
|upkeep
|turn|6
|
|t:|1651068166
|move|p2a: Kuru|Ice Shard|p1a: Ho-Oh
|-damage|p1a: Ho-Oh|38/100
|move|p1a: Ho-Oh|Sacred Fire|p2a: Kuru
|-supereffective|p2a: Kuru
|-damage|p2a: Kuru|0 fnt
|faint|p2a: Kuru
|
|-weather|none
|upkeep
|j| hjksgdf
|l| hjksgdf
|
|t:|1651068191
|switch|p2a: Zeus|Zekrom, shiny|100/100
|-ability|p2a: Zeus|Teravolt
|turn|7
|
|t:|1651068195
|switch|p1a: Groudon|Groudon|100/100
|-activate|p1a: Groudon|move: Sticky Web
|-unboost|p1a: Groudon|spe|1
|-weather|SunnyDay|[from] ability: Drought|[of] p1a: Groudon
|move|p2a: Zeus|Dragon Dance|p2a: Zeus
|-boost|p2a: Zeus|atk|1
|-boost|p2a: Zeus|spe|1
|
|-weather|SunnyDay|[upkeep]
|upkeep
|turn|8
|
|t:|1651068199
|move|p2a: Zeus|Dragon Claw|p1a: Groudon
|-damage|p1a: Groudon|53/100
|-damage|p2a: Zeus|91/100|[from] item: Life Orb
|move|p1a: Groudon|Precipice Blades|p2a: Zeus
|-supereffective|p2a: Zeus
|-damage|p2a: Zeus|0 fnt
|faint|p2a: Zeus
|
|-weather|SunnyDay|[upkeep]
|-heal|p1a: Groudon|59/100|[from] item: Leftovers
|upkeep
|
|t:|1651068204
|switch|p2a: Apocalypse|Yveltal|100/100
|-ability|p2a: Apocalypse|Dark Aura
|turn|9
|
|t:|1651068209
|move|p2a: Apocalypse|Foul Play|p1a: Groudon
|-crit|p1a: Groudon
|-damage|p1a: Groudon|6/100
|move|p1a: Groudon|Thunder Wave|p2a: Apocalypse
|-status|p2a: Apocalypse|par
|
|-weather|SunnyDay|[upkeep]
|-heal|p1a: Groudon|12/100|[from] item: Leftovers
|upkeep
|turn|10
|
|t:|1651068215
|switch|p1a: Ho-Oh|Ho-Oh|71/100
|cant|p2a: Apocalypse|par
|
|-weather|SunnyDay|[upkeep]
|upkeep
|turn|11
|
|t:|1651068218
|move|p1a: Ho-Oh|Defog|p2a: Apocalypse
|-unboost|p2a: Apocalypse|evasion|1
|-sideend|p1: 4125al41|Sticky Web|[from] move: Defog|[of] p1a: Ho-Oh
|cant|p2a: Apocalypse|par
|
|-weather|none
|upkeep
|turn|12
|
|t:|1651068228
|switch|p1a: Xerneas|Xerneas|100/100
|-ability|p1a: Xerneas|Fairy Aura
|move|p2a: Apocalypse|Knock Off|p1a: Xerneas
|-resisted|p1a: Xerneas
|-crit|p1a: Xerneas
|-damage|p1a: Xerneas|68/100
|-enditem|p1a: Xerneas|Choice Scarf|[from] move: Knock Off|[of] p2a: Apocalypse
|
|upkeep
|turn|13
|
|t:|1651068234
|switch|p2a: Tezca|Necrozma-Dusk-Mane, shiny|100/100
|move|p1a: Xerneas|Play Rough|p2a: Tezca
|-resisted|p2a: Tezca
|-damage|p2a: Tezca|76/100
|
|upkeep
|turn|14
|inactive|WispyheadVGC has 120 seconds left.
|
|t:|1651068275
|switch|p1a: Groudon|Groudon|12/100
|-weather|SunnyDay|[from] ability: Drought|[of] p1a: Groudon
|move|p2a: Tezca|Sunsteel Strike|p1a: Groudon
|-damage|p1a: Groudon|0 fnt
|faint|p1a: Groudon
|
|-weather|SunnyDay|[upkeep]
|upkeep
|
|t:|1651068286
|switch|p1a: Calyrex|Calyrex-Shadow|100/100
|-ability|p1a: Calyrex|As One
|-ability|p1a: Calyrex|Unnerve
|turn|15
|inactive|WispyheadVGC has 120 seconds left.
|inactive|WispyheadVGC has 90 seconds left.
|
|t:|1651068326
|switch|p1a: Eternatus|Eternatus|100/100
|-ability|p1a: Eternatus|Pressure
|switch|p2a: Apocalypse|Yveltal|100/100 par
|-ability|p2a: Apocalypse|Dark Aura
|
|-weather|SunnyDay|[upkeep]
|upkeep
|turn|16
|
|t:|1651068334
|move|p1a: Eternatus|Meteor Beam||[still]
|-prepare|p1a: Eternatus|Meteor Beam
|-boost|p1a: Eternatus|spa|1
|-enditem|p1a: Eternatus|Power Herb
|-anim|p1a: Eternatus|Meteor Beam|p2a: Apocalypse
|-supereffective|p2a: Apocalypse
|-damage|p2a: Apocalypse|35/100 par
|cant|p2a: Apocalypse|par
|
|-weather|SunnyDay|[upkeep]
|upkeep
|turn|17
|-message|WispyheadVGC forfeited.
|
|win|4125al41
|n|☆4125al41|4125al41
|n|☆WispyheadVGC|wispyheadvgc
|n| Zubitop|zubitop
