|j|☆I like Lovely
|j|☆Ginamax
|player|p1|I like Lovely|camper|1536
|player|p2|Ginamax|swimmerf|1434
|teamsize|p1|6
|teamsize|p2|6
|gametype|singles
|gen|8
|tier|[Gen 8] Ubers
|rated|
|clearpoke
|poke|p1|Corviknight, F|
|poke|p1|Eternatus|
|poke|p1|Tyranitar, M|
|poke|p1|Hatterene, F|
|poke|p1|Quagsire, F|
|poke|p1|Zacian-*|
|poke|p2|Mew|
|poke|p2|Copperajah, M|
|poke|p2|Dracovish|
|poke|p2|Chandelure, F|
|poke|p2|Gothitelle, M|
|poke|p2|Zacian-*|
|rule|Sleep Clause Mod: Limit one foe put to sleep
|rule|Species Clause: Limit one of each Pokémon
|rule|OHKO Clause: OHKO moves are banned
|rule|Evasion Moves Clause: Evasion moves are banned
|rule|Endless Battle Clause: Forcing endless battles is banned
|rule|HP Percentage Mod: HP is shown in percentages
|teampreview
|inactive|Battle timer is ON: inactive players will automatically lose when time's up. (requested by Ginamax)
|inactive|I like Lovely has 120 seconds left.
|
|start
|switch|p1a: Quagsire|Quagsire, F|100/100
|switch|p2a: Copperajah|Copperajah, M|100/100
|turn|1
|
|switch|p1a: Corviknight|Corviknight, F|100/100
|-ability|p1a: Corviknight|Pressure
|move|p2a: Copperajah|Power Whip|p1a: Corviknight
|-resisted|p1a: Corviknight
|-damage|p1a: Corviknight|89/100
|-damage|p2a: Copperajah|91/100|[from] item: Life Orb
|
|-heal|p1a: Corviknight|95/100|[from] item: Leftovers
|upkeep
|turn|2
|
|-start|p2a: Copperajah|Dynamax
|-formechange|p2a: Copperajah|Copperajah-Gmax
|-heal|p2a: Copperajah|91/100|[silent]
|move|p1a: Corviknight|Bulk Up|p1a: Corviknight
|-boost|p1a: Corviknight|atk|1
|-boost|p1a: Corviknight|def|1
|move|p2a: Copperajah|Max Flare|p1a: Corviknight
|-supereffective|p1a: Corviknight
|-damage|p1a: Corviknight|31/100
|-weather|SunnyDay
|-damage|p2a: Copperajah|86/100|[from] item: Life Orb
|
|-weather|SunnyDay|[upkeep]
|-heal|p1a: Corviknight|37/100|[from] item: Leftovers
|upkeep
|turn|3
|inactive|I like Lovely has 120 seconds left.
|
|move|p1a: Corviknight|Roost|p1a: Corviknight
|-heal|p1a: Corviknight|87/100
|-singleturn|p1a: Corviknight|move: Roost
|move|p2a: Copperajah|G-Max Steelsurge|p1a: Corviknight
|-resisted|p1a: Corviknight
|-damage|p1a: Corviknight|59/100
|-sidestart|p1: I like Lovely|move: G-Max Steelsurge
|-damage|p2a: Copperajah|81/100|[from] item: Life Orb
|
|-weather|SunnyDay|[upkeep]
|-heal|p1a: Corviknight|65/100|[from] item: Leftovers
|upkeep
|turn|4
|
|move|p1a: Corviknight|Bulk Up|p1a: Corviknight
|-boost|p1a: Corviknight|atk|1
|-boost|p1a: Corviknight|def|1
|move|p2a: Copperajah|Max Flare|p1a: Corviknight
|-supereffective|p1a: Corviknight
|-damage|p1a: Corviknight|0 fnt
|-damage|p2a: Copperajah|76/100|[from] item: Life Orb
|faint|p1a: Corviknight
|
|-weather|SunnyDay|[upkeep]
|-end|p2a: Copperajah|Dynamax
|-formechange|p2a: Copperajah|Copperajah
|-heal|p2a: Copperajah|76/100|[silent]
|upkeep
|inactive|I like Lovely has 90 seconds left.
|
|switch|p1a: Eternatus|Eternatus|100/100
|-damage|p1a: Eternatus|88/100|[from] G-Max Steelsurge
|-ability|p1a: Eternatus|Pressure
|turn|5
|
|switch|p2a: Mew|Mew|100/100
|move|p1a: Eternatus|Flamethrower|p2a: Mew
|-damage|p2a: Mew|57/100
|
|-weather|SunnyDay|[upkeep]
|upkeep
|turn|6
|
|move|p1a: Eternatus|Shadow Ball|p2a: Mew
|-supereffective|p2a: Mew
|-damage|p2a: Mew|0 fnt
|faint|p2a: Mew
|
|-weather|none
|upkeep
|
|switch|p2a: Gothitelle|Gothitelle, M|100/100
|turn|7
|
|move|p1a: Eternatus|Shadow Ball|p2a: Gothitelle
|-supereffective|p2a: Gothitelle
|-damage|p2a: Gothitelle|48/100
|move|p2a: Gothitelle|Psyshock|p1a: Eternatus
|-supereffective|p1a: Eternatus
|-damage|p1a: Eternatus|50/100
|
|-heal|p2a: Gothitelle|54/100|[from] item: Leftovers
|upkeep
|turn|8
|
|move|p1a: Eternatus|Shadow Ball|p2a: Gothitelle
|-supereffective|p2a: Gothitelle
|-damage|p2a: Gothitelle|2/100
|move|p2a: Gothitelle|Psyshock|p1a: Eternatus
|-supereffective|p1a: Eternatus
|-damage|p1a: Eternatus|13/100
|
|-heal|p2a: Gothitelle|8/100|[from] item: Leftovers
|upkeep
|turn|9
|
|move|p1a: Eternatus|Recover|p1a: Eternatus
|-heal|p1a: Eternatus|63/100
|move|p2a: Gothitelle|Psyshock|p1a: Eternatus
|-supereffective|p1a: Eternatus
|-damage|p1a: Eternatus|26/100
|
|-heal|p2a: Gothitelle|14/100|[from] item: Leftovers
|upkeep
|turn|10
|
|switch|p2a: Zacian|Zacian-Crowned|100/100
|-ability|p2a: Zacian|Intrepid Sword|boost
|-boost|p2a: Zacian|atk|1
|move|p1a: Eternatus|Recover|p1a: Eternatus
|-heal|p1a: Eternatus|76/100
|
|upkeep
|turn|11
|
|switch|p1a: Quagsire|Quagsire, F|100/100
|-damage|p1a: Quagsire|94/100|[from] G-Max Steelsurge
|move|p2a: Zacian|Behemoth Blade|p1a: Quagsire
|-resisted|p1a: Quagsire
|-damage|p1a: Quagsire|70/100
|
|upkeep
|turn|12
|
|switch|p2a: Copperajah|Copperajah, M|76/100
|move|p1a: Quagsire|Recover|p1a: Quagsire
|-heal|p1a: Quagsire|100/100
|
|upkeep
|turn|13
|
|switch|p1a: Eternatus|Eternatus|76/100
|-damage|p1a: Eternatus|63/100|[from] G-Max Steelsurge
|-ability|p1a: Eternatus|Pressure
|move|p2a: Copperajah|Earthquake|p1a: Eternatus
|-supereffective|p1a: Eternatus
|-damage|p1a: Eternatus|0 fnt
|-damage|p2a: Copperajah|66/100|[from] item: Life Orb
|faint|p1a: Eternatus
|
|upkeep
|
|switch|p1a: Zacian|Zacian-Crowned|100/100
|-damage|p1a: Zacian|88/100|[from] G-Max Steelsurge
|-ability|p1a: Zacian|Intrepid Sword|boost
|-boost|p1a: Zacian|atk|1
|turn|14
|
|switch|p2a: Gothitelle|Gothitelle, M|14/100
|move|p1a: Zacian|Wild Charge|p2a: Gothitelle
|-damage|p2a: Gothitelle|0 fnt
|-damage|p1a: Zacian|84/100|[from] Recoil
|faint|p2a: Gothitelle
|
|upkeep
|
|switch|p2a: Chandelure|Chandelure, F|100/100
|turn|15
|
|switch|p1a: Tyranitar|Tyranitar, M|100/100
|-damage|p1a: Tyranitar|75/100|[from] G-Max Steelsurge
|-weather|Sandstorm|[from] ability: Sand Stream|[of] p1a: Tyranitar
|move|p2a: Chandelure|Trick Room|p2a: Chandelure
|-fieldstart|move: Trick Room|[of] p2a: Chandelure
|
|-weather|Sandstorm|[upkeep]
|-damage|p2a: Chandelure|94/100|[from] Sandstorm
|-heal|p1a: Tyranitar|82/100|[from] item: Leftovers
|upkeep
|turn|16
|
|switch|p2a: Dracovish|Dracovish|100/100
|move|p1a: Tyranitar|Stealth Rock|p2a: Dracovish
|-sidestart|p2: Ginamax|move: Stealth Rock
|
|-weather|Sandstorm|[upkeep]
|-damage|p2a: Dracovish|94/100|[from] Sandstorm
|-heal|p1a: Tyranitar|88/100|[from] item: Leftovers
|upkeep
|turn|17
|
|move|p1a: Tyranitar|Fire Blast|p2a: Dracovish|[miss]
|-miss|p1a: Tyranitar|p2a: Dracovish
|move|p2a: Dracovish|Fishious Rend|p1a: Tyranitar
|-supereffective|p1a: Tyranitar
|-damage|p1a: Tyranitar|0 fnt
|-damage|p2a: Dracovish|84/100|[from] item: Life Orb
|faint|p1a: Tyranitar
|
|-weather|Sandstorm|[upkeep]
|-damage|p2a: Dracovish|78/100|[from] Sandstorm
|upkeep
|
|switch|p1a: Hatterene|Hatterene, F|100/100
|-damage|p1a: Hatterene|76/100|[from] G-Max Steelsurge
|turn|18
|
|switch|p2a: Copperajah|Copperajah, M|66/100
|-damage|p2a: Copperajah|60/100|[from] Stealth Rock
|move|p1a: Hatterene|Dazzling Gleam|p2a: Copperajah
|-resisted|p2a: Copperajah
|-damage|p2a: Copperajah|30/100
|-damage|p1a: Hatterene|66/100|[from] item: Life Orb
|
|-weather|Sandstorm|[upkeep]
|-damage|p1a: Hatterene|60/100|[from] Sandstorm
|upkeep
|turn|19
|
|move|p1a: Hatterene|Mystical Fire|p2a: Copperajah
|-supereffective|p2a: Copperajah
|-damage|p2a: Copperajah|0 fnt
|-damage|p1a: Hatterene|50/100|[from] item: Life Orb
|faint|p2a: Copperajah
|
|-weather|none
|-fieldend|move: Trick Room
|upkeep
|
|switch|p2a: Zacian|Zacian-Crowned|100/100
|-damage|p2a: Zacian|94/100|[from] Stealth Rock
|-ability|p2a: Zacian|Intrepid Sword|boost
|-boost|p2a: Zacian|atk|1
|turn|20
|
|switch|p1a: Quagsire|Quagsire, F|100/100
|-damage|p1a: Quagsire|94/100|[from] G-Max Steelsurge
|move|p2a: Zacian|Play Rough|p1a: Quagsire
|-damage|p1a: Quagsire|52/100
|
|upkeep
|turn|21
|
|switch|p2a: Dracovish|Dracovish|78/100
|-damage|p2a: Dracovish|66/100|[from] Stealth Rock
|switch|p1a: Zacian|Zacian-Crowned|84/100
|-damage|p1a: Zacian|72/100|[from] G-Max Steelsurge
|-ability|p1a: Zacian|Intrepid Sword|boost
|-boost|p1a: Zacian|atk|1
|
|upkeep
|turn|22
|
|move|p1a: Zacian|Wild Charge|p2a: Dracovish
|-damage|p2a: Dracovish|14/100
|-damage|p1a: Zacian|57/100|[from] Recoil
|move|p2a: Dracovish|Fishious Rend|p1a: Zacian
|-damage|p1a: Zacian|0 fnt
|-damage|p2a: Dracovish|4/100|[from] item: Life Orb
|faint|p1a: Zacian
|
|upkeep
|
|switch|p1a: Hatterene|Hatterene, F|50/100
|-damage|p1a: Hatterene|25/100|[from] G-Max Steelsurge
|turn|23
|
|move|p2a: Dracovish|Fishious Rend|p1a: Hatterene
|-damage|p1a: Hatterene|0 fnt
|-damage|p2a: Dracovish|0 fnt|[from] item: Life Orb
|faint|p1a: Hatterene
|faint|p2a: Dracovish
|
|upkeep
|
|switch|p2a: Zacian|Zacian-Crowned|94/100
|switch|p1a: Quagsire|Quagsire, F|52/100
|-damage|p2a: Zacian|88/100|[from] Stealth Rock
|-ability|p2a: Zacian|Intrepid Sword|boost
|-boost|p2a: Zacian|atk|1
|-damage|p1a: Quagsire|46/100|[from] G-Max Steelsurge
|turn|24
|
|move|p2a: Zacian|Play Rough|p1a: Quagsire
|-damage|p1a: Quagsire|3/100
|move|p1a: Quagsire|Recover|p1a: Quagsire
|-heal|p1a: Quagsire|53/100
|
|upkeep
|turn|25
|
|move|p2a: Zacian|Play Rough|p1a: Quagsire
|-damage|p1a: Quagsire|13/100
|move|p1a: Quagsire|Recover|p1a: Quagsire
|-heal|p1a: Quagsire|63/100
|
|upkeep
|turn|26
|inactive|Ginamax has 120 seconds left.
|
|move|p2a: Zacian|Play Rough|p1a: Quagsire
|-damage|p1a: Quagsire|25/100
|move|p1a: Quagsire|Recover|p1a: Quagsire
|-heal|p1a: Quagsire|75/100
|
|upkeep
|turn|27
|inactive|Ginamax has 120 seconds left.
|
|move|p2a: Zacian|Play Rough|p1a: Quagsire
|-damage|p1a: Quagsire|32/100
|-unboost|p1a: Quagsire|atk|1
|move|p1a: Quagsire|Recover|p1a: Quagsire
|-heal|p1a: Quagsire|82/100
|
|upkeep
|turn|28
|
|move|p2a: Zacian|Behemoth Blade|p1a: Quagsire
|-resisted|p1a: Quagsire
|-damage|p1a: Quagsire|60/100
|move|p1a: Quagsire|Recover|p1a: Quagsire
|-heal|p1a: Quagsire|100/100
|
|upkeep
|turn|29
|
|move|p2a: Zacian|Play Rough|p1a: Quagsire|[miss]
|-miss|p2a: Zacian|p1a: Quagsire
|move|p1a: Quagsire|Earthquake|p2a: Zacian
|-supereffective|p2a: Zacian
|-damage|p2a: Zacian|51/100
|
|upkeep
|turn|30
|j| murongxi
|
|move|p2a: Zacian|Play Rough|p1a: Quagsire
|-damage|p1a: Quagsire|59/100
|move|p1a: Quagsire|Scald|p2a: Zacian
|-damage|p2a: Zacian|35/100
|
|upkeep
|turn|31
|
|move|p2a: Zacian|Play Rough|p1a: Quagsire
|-damage|p1a: Quagsire|16/100
|move|p1a: Quagsire|Recover|p1a: Quagsire
|-heal|p1a: Quagsire|66/100
|
|upkeep
|turn|32
|
|move|p2a: Zacian|Play Rough|p1a: Quagsire|[miss]
|-miss|p2a: Zacian|p1a: Quagsire
|move|p1a: Quagsire|Recover|p1a: Quagsire
|-heal|p1a: Quagsire|100/100
|
|upkeep
|turn|33
|
|move|p2a: Zacian|Play Rough|p1a: Quagsire
|-damage|p1a: Quagsire|57/100
|-unboost|p1a: Quagsire|atk|1
|move|p1a: Quagsire|Scald|p2a: Zacian
|-damage|p2a: Zacian|18/100
|
|upkeep
|turn|34
|
|move|p2a: Zacian|Play Rough|p1a: Quagsire
|-damage|p1a: Quagsire|17/100
|move|p1a: Quagsire|Recover|p1a: Quagsire
|-heal|p1a: Quagsire|67/100
|
|upkeep
|turn|35
|
|move|p2a: Zacian|Play Rough|p1a: Quagsire
|-crit|p1a: Quagsire
|-damage|p1a: Quagsire|9/100
|move|p1a: Quagsire|Recover|p1a: Quagsire
|-heal|p1a: Quagsire|59/100
|
|upkeep
|turn|36
|
|move|p2a: Zacian|Play Rough|p1a: Quagsire
|-damage|p1a: Quagsire|18/100
|move|p1a: Quagsire|Recover|p1a: Quagsire
|-heal|p1a: Quagsire|68/100
|
|upkeep
|turn|37
|
|move|p2a: Zacian|Play Rough|p1a: Quagsire
|-damage|p1a: Quagsire|31/100
|move|p1a: Quagsire|Recover|p1a: Quagsire
|-heal|p1a: Quagsire|81/100
|
|upkeep
|turn|38
|
|move|p2a: Zacian|Play Rough|p1a: Quagsire
|-damage|p1a: Quagsire|42/100
|-unboost|p1a: Quagsire|atk|1
|move|p1a: Quagsire|Recover|p1a: Quagsire
|-heal|p1a: Quagsire|92/100
|
|upkeep
|turn|39
|
|move|p2a: Zacian|Close Combat|p1a: Quagsire
|-crit|p1a: Quagsire
|-damage|p1a: Quagsire|43/100
|-unboost|p2a: Zacian|def|1
|-unboost|p2a: Zacian|spd|1
|move|p1a: Quagsire|Scald|p2a: Zacian
|-damage|p2a: Zacian|2/100
|
|upkeep
|turn|40
|
|move|p2a: Zacian|Close Combat|p1a: Quagsire
|-damage|p1a: Quagsire|5/100
|-unboost|p2a: Zacian|def|1
|-unboost|p2a: Zacian|spd|1
|move|p1a: Quagsire|Recover|p1a: Quagsire
|-heal|p1a: Quagsire|55/100
|
|upkeep
|turn|41
|
|move|p2a: Zacian|Close Combat|p1a: Quagsire
|-damage|p1a: Quagsire|18/100
|-unboost|p2a: Zacian|def|1
|-unboost|p2a: Zacian|spd|1
|move|p1a: Quagsire|Recover|p1a: Quagsire
|-heal|p1a: Quagsire|68/100
|
|upkeep
|turn|42
|
|move|p2a: Zacian|Play Rough|p1a: Quagsire|[miss]
|-miss|p2a: Zacian|p1a: Quagsire
|move|p1a: Quagsire|Recover|p1a: Quagsire
|-heal|p1a: Quagsire|100/100
|
|upkeep
|turn|43
|
|move|p2a: Zacian|Close Combat|p1a: Quagsire
|-damage|p1a: Quagsire|64/100
|-unboost|p2a: Zacian|def|1
|-unboost|p2a: Zacian|spd|1
|move|p1a: Quagsire|Scald|p2a: Zacian
|-damage|p2a: Zacian|0 fnt
|faint|p2a: Zacian
|
|upkeep
|
|switch|p2a: Chandelure|Chandelure, F|94/100
|turn|44
|
|-start|p1a: Quagsire|Dynamax
|-heal|p1a: Quagsire|64/100|[silent]
|move|p2a: Chandelure|Shadow Ball|p1a: Quagsire
|-damage|p1a: Quagsire|42/100
|move|p1a: Quagsire|Max Geyser|p2a: Chandelure
|-supereffective|p2a: Chandelure
|-damage|p2a: Chandelure|29/100
|-weather|RainDance
|
|-weather|RainDance|[upkeep]
|upkeep
|turn|45
|
|move|p2a: Chandelure|Shadow Ball|p1a: Quagsire
|-damage|p1a: Quagsire|20/100
|-unboost|p1a: Quagsire|spd|1
|move|p1a: Quagsire|Max Geyser|p2a: Chandelure
|-supereffective|p2a: Chandelure
|-damage|p2a: Chandelure|0 fnt
|faint|p2a: Chandelure
|
|win|I like Lovely
|raw|I like Lovely's rating: 1537 &rarr; <strong>1551</strong><br />(+14 for winning)
|raw|Ginamax's rating: 1434 &rarr; <strong>1420</strong><br />(-14 for losing)
|c|☆Ginamax|gg
