|j|☆dupakupa169
|j|☆hanshappy
|t:|1668439858
|gametype|singles
|player|p1|dupakupa169|101|1491
|player|p2|hanshappy|102|1427
|teamsize|p1|6
|teamsize|p2|6
|gen|8
|tier|[Gen 8] Ubers
|rated|
|rule|Sleep Clause Mod: Limit one foe put to sleep
|rule|Species Clause: Limit one of each Pokémon
|rule|OHKO Clause: OHKO moves are banned
|rule|Evasion Items Clause: Evasion items are banned
|rule|Evasion Moves Clause: Evasion moves are banned
|rule|Endless Battle Clause: Forcing endless battles is banned
|rule|HP Percentage Mod: HP is shown in percentages
|rule|Dynamax Clause: You cannot dynamax
|clearpoke
|poke|p1|Calyrex-Shadow|
|poke|p1|Zamazenta-*|
|poke|p1|Magearna|
|poke|p1|Yveltal|
|poke|p1|Eternatus|
|poke|p1|Necrozma-Dusk-Mane|
|poke|p2|Yveltal|
|poke|p2|Eternatus|
|poke|p2|Calyrex-Shadow|
|poke|p2|Weavile, F|
|poke|p2|Slowking-Galar, M|
|poke|p2|Bisharp, M|
|teampreview
|inactive|Battle timer is ON: inactive players will automatically lose when time's up. (requested by dupakupa169)
|j| Rainbow Chrome
|inactive|hanshappy has 120 seconds left.
|inactive|hanshappy has 90 seconds left.
|
|t:|1668439978
|start
|switch|p1a: Eternatus|Eternatus|100/100
|switch|p2a: Bisharp|Bisharp, M|100/100
|-ability|p1a: Eternatus|Pressure
|turn|1
|
|t:|1668439990
|move|p1a: Eternatus|Flamethrower|p2a: Bisharp
|-supereffective|p2a: Bisharp
|-enditem|p2a: Bisharp|Focus Sash
|-damage|p2a: Bisharp|1/100
|-status|p2a: Bisharp|brn
|move|p2a: Bisharp|Stealth Rock|p1a: Eternatus
|-sidestart|p1: dupakupa169|move: Stealth Rock
|
|-damage|p2a: Bisharp|0 fnt|[from] brn
|faint|p2a: Bisharp
|upkeep
|inactive|hanshappy has 120 seconds left.
|
|t:|1668440010
|switch|p2a: Slowking|Slowking-Galar, M|100/100
|turn|2
|l| Rainbow Chrome
|
|t:|1668440016
|switch|p1a: Yveltal|Yveltal|100/100
|-ability|p1a: Yveltal|Dark Aura
|move|p2a: Slowking|Future Sight|p1a: Yveltal
|-start|p2a: Slowking|move: Future Sight
|
|upkeep
|turn|3
|
|t:|1668440024
|switch|p2a: Weavile|Weavile, F|100/100
|-ability|p2a: Weavile|Pressure
|move|p1a: Yveltal|Defog|p2a: Weavile
|-unboost|p2a: Weavile|evasion|1
|-sideend|p1: dupakupa169|Stealth Rock|[from] move: Defog|[of] p1a: Yveltal
|
|upkeep
|turn|4
|
|t:|1668440030
|switch|p1a: Zamazenta|Zamazenta|100/100
|-ability|p1a: Zamazenta|Dauntless Shield|boost
|-boost|p1a: Zamazenta|def|1
|move|p2a: Weavile|Triple Axel|p1a: Zamazenta
|-damage|p1a: Zamazenta|90/100
|-hitcount|p1a: Zamazenta|1
|
|-end|p1a: Zamazenta|move: Future Sight
|-supereffective|p1a: Zamazenta
|-crit|p1a: Zamazenta
|-damage|p1a: Zamazenta|0 fnt
|faint|p1a: Zamazenta
|upkeep
|
|t:|1668440040
|switch|p1a: Eternatus|Eternatus|100/100
|-ability|p1a: Eternatus|Pressure
|turn|5
|inactive|hanshappy has 120 seconds left.
|
|t:|1668440076
|switch|p2a: Slowking|Slowking-Galar, M|100/100
|move|p1a: Eternatus|Meteor Beam||[still]
|-prepare|p1a: Eternatus|Meteor Beam
|-boost|p1a: Eternatus|spa|1
|-enditem|p1a: Eternatus|Power Herb
|-anim|p1a: Eternatus|Meteor Beam|p2a: Slowking
|-damage|p2a: Slowking|64/100
|
|-heal|p2a: Slowking|70/100|[from] item: Black Sludge
|upkeep
|turn|6
|inactive|hanshappy has 120 seconds left.
|
|t:|1668440087
|move|p1a: Eternatus|Dynamax Cannon|p2a: Slowking
|-damage|p2a: Slowking|17/100
|move|p2a: Slowking|Future Sight|p1a: Eternatus
|-start|p2a: Slowking|move: Future Sight
|
|-heal|p2a: Slowking|23/100|[from] item: Black Sludge
|upkeep
|turn|7
|inactive|hanshappy has 120 seconds left.
|
|t:|1668440101
|move|p1a: Eternatus|Dynamax Cannon|p2a: Slowking
|-damage|p2a: Slowking|0 fnt
|faint|p2a: Slowking
|
|upkeep
|
|t:|1668440115
|switch|p2a: Eternatus|Eternatus|100/100
|-ability|p2a: Eternatus|Pressure
|turn|8
|
|t:|1668440128
|move|p2a: Eternatus|Meteor Beam||[still]
|-prepare|p2a: Eternatus|Meteor Beam
|-boost|p2a: Eternatus|spa|1
|-enditem|p2a: Eternatus|Power Herb
|-anim|p2a: Eternatus|Meteor Beam|p1a: Eternatus
|-damage|p1a: Eternatus|42/100
|move|p1a: Eternatus|Dynamax Cannon|p2a: Eternatus
|-supereffective|p2a: Eternatus
|-damage|p2a: Eternatus|0 fnt
|faint|p2a: Eternatus
|
|-end|p1a: Eternatus|move: Future Sight
|-supereffective|p1a: Eternatus
|-damage|p1a: Eternatus|0 fnt
|faint|p1a: Eternatus
|upkeep
|inactive|hanshappy has 120 seconds left.
|
|t:|1668440142
|switch|p1a: Magearna|Magearna|100/100
|switch|p2a: Weavile|Weavile, F|100/100
|-ability|p2a: Weavile|Pressure
|turn|9
|inactive|hanshappy has 120 seconds left.
|
|t:|1668440150
|move|p2a: Weavile|Knock Off|p1a: Magearna
|-resisted|p1a: Magearna
|-damage|p1a: Magearna|78/100
|-enditem|p1a: Magearna|Leftovers|[from] move: Knock Off|[of] p2a: Weavile
|move|p1a: Magearna|Fleur Cannon|p2a: Weavile
|-supereffective|p2a: Weavile
|-damage|p2a: Weavile|0 fnt
|-unboost|p1a: Magearna|spa|2
|faint|p2a: Weavile
|-ability|p1a: Magearna|Soul-Heart|boost
|-boost|p1a: Magearna|spa|1
|
|upkeep
|inactive|hanshappy has 120 seconds left.
|
|t:|1668440173
|switch|p2a: Calyrex|Calyrex-Shadow|100/100
|-ability|p2a: Calyrex|As One
|-ability|p2a: Calyrex|Unnerve
|turn|10
|
|t:|1668440179
|switch|p1a: Yveltal|Yveltal|100/100
|-ability|p1a: Yveltal|Dark Aura
|move|p2a: Calyrex|Trick|p1a: Yveltal
|-activate|p2a: Calyrex|move: Trick|[of] p1a: Yveltal
|-item|p1a: Yveltal|Choice Scarf|[from] move: Trick
|-item|p2a: Calyrex|Heavy-Duty Boots|[from] move: Trick
|
|upkeep
|turn|11
|
|t:|1668440187
|switch|p2a: Yveltal|Yveltal|100/100
|-ability|p2a: Yveltal|Dark Aura
|move|p1a: Yveltal|Foul Play|p2a: Yveltal
|-resisted|p2a: Yveltal
|-damage|p2a: Yveltal|79/100
|
|upkeep
|turn|12
|inactive|hanshappy has 120 seconds left.
|
|t:|1668440193
|switch|p1a: Magearna|Magearna|78/100
|move|p2a: Yveltal|Oblivion Wing|p1a: Magearna
|-resisted|p1a: Magearna
|-damage|p1a: Magearna|55/100
|-heal|p2a: Yveltal|95/100|[from] drain|[of] p1a: Magearna
|-damage|p2a: Yveltal|85/100|[from] item: Life Orb
|
|upkeep
|turn|13
|
|t:|1668440202
|switch|p2a: Calyrex|Calyrex-Shadow|100/100
|-ability|p2a: Calyrex|As One
|-ability|p2a: Calyrex|Unnerve
|move|p1a: Magearna|Volt Switch|p2a: Calyrex
|-damage|p2a: Calyrex|81/100
|
|t:|1668440204
|switch|p1a: Yveltal|Yveltal|100/100|[from]move: Volt Switch
|-ability|p1a: Yveltal|Dark Aura
|
|upkeep
|turn|14
|inactive|hanshappy has 120 seconds left.
|
|t:|1668440225
|switch|p2a: Yveltal|Yveltal|85/100
|-ability|p2a: Yveltal|Dark Aura
|move|p1a: Yveltal|Foul Play|p2a: Yveltal
|-resisted|p2a: Yveltal
|-damage|p2a: Yveltal|63/100
|
|upkeep
|turn|15
|
|t:|1668440231
|switch|p1a: Magearna|Magearna|55/100
|move|p2a: Yveltal|Oblivion Wing|p1a: Magearna
|-resisted|p1a: Magearna
|-damage|p1a: Magearna|32/100
|-heal|p2a: Yveltal|79/100|[from] drain|[of] p1a: Magearna
|-damage|p2a: Yveltal|69/100|[from] item: Life Orb
|
|upkeep
|turn|16
|
|t:|1668440242
|switch|p2a: Calyrex|Calyrex-Shadow|81/100
|-ability|p2a: Calyrex|As One
|-ability|p2a: Calyrex|Unnerve
|move|p1a: Magearna|Fleur Cannon|p2a: Calyrex|[miss]
|-miss|p1a: Magearna|p2a: Calyrex
|
|upkeep
|turn|17
|
|t:|1668440248
|switch|p1a: Yveltal|Yveltal|100/100
|-ability|p1a: Yveltal|Dark Aura
|move|p2a: Calyrex|Astral Barrage|p1a: Yveltal
|-resisted|p1a: Yveltal
|-damage|p1a: Yveltal|80/100
|
|upkeep
|turn|18
|
|t:|1668440253
|switch|p2a: Yveltal|Yveltal|69/100
|-ability|p2a: Yveltal|Dark Aura
|move|p1a: Yveltal|U-turn|p2a: Yveltal
|-damage|p2a: Yveltal|53/100
|
|t:|1668440256
|switch|p1a: Magearna|Magearna|32/100|[from]move: U-turn
|
|upkeep
|turn|19
|
|t:|1668440271
|switch|p2a: Calyrex|Calyrex-Shadow|81/100
|-ability|p2a: Calyrex|As One
|-ability|p2a: Calyrex|Unnerve
|move|p1a: Magearna|Fleur Cannon|p2a: Calyrex
|-damage|p2a: Calyrex|27/100
|-unboost|p1a: Magearna|spa|2
|
|upkeep
|turn|20
|
|t:|1668440289
|switch|p1a: Yveltal|Yveltal|80/100
|-ability|p1a: Yveltal|Dark Aura
|move|p2a: Calyrex|Draining Kiss|p1a: Yveltal
|-supereffective|p1a: Yveltal
|-damage|p1a: Yveltal|58/100
|-heal|p2a: Calyrex|49/100|[from] drain|[of] p1a: Yveltal
|
|upkeep
|turn|21
|
|t:|1668440294
|switch|p2a: Yveltal|Yveltal|53/100
|-ability|p2a: Yveltal|Dark Aura
|move|p1a: Yveltal|Foul Play|p2a: Yveltal
|-resisted|p2a: Yveltal
|-damage|p2a: Yveltal|31/100
|
|upkeep
|turn|22
|l|☆hanshappy
|inactive|hanshappy disconnected and has a minute to reconnect!
|player|p2|
|j|☆hanshappy
|inactive|hanshappy reconnected and has 120 seconds left.
|player|p2|hanshappy|102
|
|t:|1668440336
|switch|p1a: Necrozma|Necrozma-Dusk-Mane|100/100
|move|p2a: Yveltal|Oblivion Wing|p1a: Necrozma
|-resisted|p1a: Necrozma
|-damage|p1a: Necrozma|74/100
|-heal|p2a: Yveltal|49/100|[from] drain|[of] p1a: Necrozma
|-damage|p2a: Yveltal|39/100|[from] item: Life Orb
|
|-heal|p1a: Necrozma|80/100|[from] item: Leftovers
|upkeep
|turn|23
|c|☆hanshappy|test
|
|t:|1668440356
|move|p2a: Yveltal|Dark Pulse|p1a: Necrozma
|-supereffective|p1a: Necrozma
|-damage|p1a: Necrozma|0 fnt
|faint|p1a: Necrozma
|-damage|p2a: Yveltal|29/100|[from] item: Life Orb
|
|upkeep
|
|t:|1668440360
|switch|p1a: Magearna|Magearna|32/100
|turn|24
|inactive|hanshappy has 120 seconds left.
|
|t:|1668440374
|move|p2a: Yveltal|Dark Pulse|p1a: Magearna
|-resisted|p1a: Magearna
|-damage|p1a: Magearna|0 fnt
|faint|p1a: Magearna
|-damage|p2a: Yveltal|19/100|[from] item: Life Orb
|
|upkeep
|
|t:|1668440382
|switch|p1a: Calyrex|Calyrex-Shadow|100/100
|-ability|p1a: Calyrex|As One
|-ability|p1a: Calyrex|Unnerve
|turn|25
|
|t:|1668440386
|move|p2a: Yveltal|Sucker Punch|p1a: Calyrex
|-supereffective|p1a: Calyrex
|-damage|p1a: Calyrex|0 fnt
|faint|p1a: Calyrex
|-damage|p2a: Yveltal|9/100|[from] item: Life Orb
|
|upkeep
|
|t:|1668440389
|switch|p1a: Yveltal|Yveltal|58/100
|-ability|p1a: Yveltal|Dark Aura
|turn|26
|
|t:|1668440400
|move|p2a: Yveltal|Sucker Punch|p1a: Yveltal
|-resisted|p1a: Yveltal
|-damage|p1a: Yveltal|41/100
|-damage|p2a: Yveltal|0 fnt|[from] item: Life Orb
|faint|p2a: Yveltal
|move|p1a: Yveltal|Foul Play|p2: Yveltal|[notarget]
|-fail|p1a: Yveltal
|
|upkeep
|
|t:|1668440407
|switch|p2a: Calyrex|Calyrex-Shadow|49/100
|-ability|p2a: Calyrex|As One
|-ability|p2a: Calyrex|Unnerve
|turn|27
|
|t:|1668440411
|move|p2a: Calyrex|Draining Kiss|p1a: Yveltal
|-supereffective|p1a: Yveltal
|-damage|p1a: Yveltal|20/100
|-heal|p2a: Calyrex|70/100|[from] drain|[of] p1a: Yveltal
|move|p1a: Yveltal|Foul Play|p2a: Calyrex
|-supereffective|p2a: Calyrex
|-damage|p2a: Calyrex|0 fnt
|faint|p2a: Calyrex
|
|win|dupakupa169
|raw|dupakupa169's rating: 1491 &rarr; <strong>1507</strong><br />(+16 for winning)
|raw|hanshappy's rating: 1427 &rarr; <strong>1411</strong><br />(-16 for losing)
|c|☆dupakupa169|GG
|l|☆dupakupa169
|c|☆hanshappy|gg
