|j|☆emiyo
|j|☆ox04
|t:|1651811417
|gametype|singles
|player|p1|emiyo|2|1566
|player|p2|ox04|hugh|1811
|teamsize|p1|6
|teamsize|p2|6
|gen|8
|tier|[Gen 8] Ubers
|rated|
|rule|Sleep Clause Mod: Limit one foe put to sleep
|rule|Species Clause: Limit one of each Pokémon
|rule|OHKO Clause: OHKO moves are banned
|rule|Evasion Moves Clause: Evasion moves are banned
|rule|Endless Battle Clause: Forcing endless battles is banned
|rule|HP Percentage Mod: HP is shown in percentages
|rule|Dynamax Clause: You cannot dynamax
|clearpoke
|poke|p1|Xerneas-*|
|poke|p1|Klefki, M|
|poke|p1|Groudon|
|poke|p1|Calyrex-Shadow|
|poke|p1|Necrozma-Dusk-Mane|
|poke|p1|Yveltal|
|poke|p2|Marshadow|
|poke|p2|Yveltal|
|poke|p2|Kyogre|
|poke|p2|Zygarde|
|poke|p2|Ho-Oh|
|poke|p2|Genesect|
|teampreview
|inactive|Battle timer is ON: inactive players will automatically lose when time's up. (requested by emiyo)
|j| Surgo
|inactive|emiyo has 120 seconds left.
|
|t:|1651811458
|start
|switch|p1a: Groudon|Groudon|100/100
|switch|p2a: Kyogre|Kyogre|100/100
|-weather|RainDance|[from] ability: Drizzle|[of] p2a: Kyogre
|-weather|SunnyDay|[from] ability: Drought|[of] p1a: Groudon
|turn|1
|inactive|emiyo has 120 seconds left.
|
|t:|1651811493
|move|p2a: Kyogre|Water Spout|p1a: Groudon
|-supereffective|p1a: Groudon
|-damage|p1a: Groudon|0 fnt
|faint|p1a: Groudon
|
|-weather|SunnyDay|[upkeep]
|upkeep
|
|t:|1651811503
|switch|p1a: Klefki|Klefki, M|100/100
|turn|2
|
|t:|1651811505
|switch|p2a: Ho-Oh|Ho-Oh|100/100
|move|p1a: Klefki|Light Screen|p1a: Klefki
|-sidestart|p1: emiyo|move: Light Screen
|
|-weather|SunnyDay|[upkeep]
|upkeep
|turn|3
|
|t:|1651811510
|move|p1a: Klefki|Reflect|p1a: Klefki
|-sidestart|p1: emiyo|Reflect
|move|p2a: Ho-Oh|Thunder Wave|p1a: Klefki
|-status|p1a: Klefki|par
|
|-weather|SunnyDay|[upkeep]
|upkeep
|turn|4
|
|t:|1651811515
|move|p1a: Klefki|Thunder Wave|p2a: Ho-Oh
|-status|p2a: Ho-Oh|par
|move|p2a: Ho-Oh|Sacred Fire|p1a: Klefki
|-supereffective|p1a: Klefki
|-damage|p1a: Klefki|33/100 par
|
|-weather|SunnyDay|[upkeep]
|upkeep
|turn|5
|
|t:|1651811543
|switch|p1a: Yveltal|Yveltal|100/100
|-ability|p1a: Yveltal|Dark Aura
|move|p2a: Ho-Oh|Defog|p1a: Yveltal
|-unboost|p1a: Yveltal|evasion|1
|-sideend|p1: emiyo|Reflect
|-sideend|p1: emiyo|move: Light Screen
|
|-weather|none
|upkeep
|turn|6
|
|t:|1651811552
|switch|p2a: Yveltal|Yveltal, shiny|100/100
|-ability|p2a: Yveltal|Dark Aura
|move|p1a: Yveltal|Knock Off|p2a: Yveltal
|-resisted|p2a: Yveltal
|-damage|p2a: Yveltal|65/100
|-enditem|p2a: Yveltal|Life Orb|[from] move: Knock Off|[of] p1a: Yveltal
|
|upkeep
|turn|7
|inactive|emiyo has 120 seconds left.
|
|t:|1651811576
|move|p2a: Yveltal|Oblivion Wing|p1a: Yveltal
|-damage|p1a: Yveltal|65/100
|-heal|p2a: Yveltal|95/100|[from] drain|[of] p1a: Yveltal
|move|p1a: Yveltal|Taunt|p2a: Yveltal
|-start|p2a: Yveltal|move: Taunt
|
|upkeep
|turn|8
|inactive|emiyo has 120 seconds left.
|
|t:|1651811588
|move|p2a: Yveltal|Oblivion Wing|p1a: Yveltal
|-damage|p1a: Yveltal|31/100
|-heal|p2a: Yveltal|100/100|[from] drain|[of] p1a: Yveltal
|move|p1a: Yveltal|Roost|p1a: Yveltal
|-heal|p1a: Yveltal|81/100
|-singleturn|p1a: Yveltal|move: Roost
|
|upkeep
|turn|9
|
|t:|1651811596
|move|p2a: Yveltal|Oblivion Wing|p1a: Yveltal
|-damage|p1a: Yveltal|47/100
|move|p1a: Yveltal|Roost|p1a: Yveltal
|-heal|p1a: Yveltal|97/100
|-singleturn|p1a: Yveltal|move: Roost
|
|upkeep
|turn|10
|
|t:|1651811605
|switch|p1a: Klefki|Klefki, M|33/100 par
|move|p2a: Yveltal|Oblivion Wing|p1a: Klefki
|-resisted|p1a: Klefki
|-damage|p1a: Klefki|5/100 par
|
|-end|p2a: Yveltal|move: Taunt
|upkeep
|turn|11
|c|☆ox04|Wp
|
|t:|1651811615
|move|p1a: Klefki|Light Screen|p1a: Klefki
|-sidestart|p1: emiyo|move: Light Screen
|move|p2a: Yveltal|Oblivion Wing|p1a: Klefki
|-resisted|p1a: Klefki
|-damage|p1a: Klefki|0 fnt
|faint|p1a: Klefki
|
|upkeep
|
|t:|1651811622
|switch|p1a: Xerneas|Xerneas|100/100
|-ability|p1a: Xerneas|Fairy Aura
|turn|12
|
|t:|1651811625
|move|p2a: Yveltal|Taunt|p1a: Xerneas
|-start|p1a: Xerneas|move: Taunt
|cant|p1a: Xerneas|move: Taunt|Geomancy
|
|upkeep
|turn|13
|
|t:|1651811632
|switch|p2a: Ho-Oh|Ho-Oh|100/100 par
|switch|p1a: Yveltal|Yveltal|97/100
|-ability|p1a: Yveltal|Dark Aura
|
|upkeep
|turn|14
|c|☆ox04|Wp
|
|t:|1651811663
|switch|p1a: Xerneas|Xerneas|100/100
|-ability|p1a: Xerneas|Fairy Aura
|switch|p2a: Yveltal|Yveltal, shiny|100/100
|-ability|p2a: Yveltal|Dark Aura
|
|upkeep
|turn|15
|
|t:|1651811670
|move|p2a: Yveltal|Taunt|p1a: Xerneas
|-start|p1a: Xerneas|move: Taunt
|cant|p1a: Xerneas|move: Taunt|Geomancy
|
|upkeep
|turn|16
|
|t:|1651811676
|switch|p2a: Ho-Oh|Ho-Oh|100/100 par
|move|p1a: Xerneas|Moonblast|p2a: Ho-Oh
|-resisted|p2a: Ho-Oh
|-crit|p2a: Ho-Oh
|-damage|p2a: Ho-Oh|73/100 par
|
|upkeep
|turn|17
|
|t:|1651811686
|switch|p1a: Yveltal|Yveltal|97/100
|-ability|p1a: Yveltal|Dark Aura
|move|p2a: Ho-Oh|Defog|p1a: Yveltal
|-unboost|p1a: Yveltal|evasion|1
|-sideend|p1: emiyo|move: Light Screen
|
|upkeep
|turn|18
|c|☆ox04|Nice switches
|
|t:|1651811699
|move|p1a: Yveltal|Knock Off|p2a: Ho-Oh
|-damage|p2a: Ho-Oh|8/100 par
|-enditem|p2a: Ho-Oh|Heavy-Duty Boots|[from] move: Knock Off|[of] p1a: Yveltal
|move|p2a: Ho-Oh|Thunder Wave|p1a: Yveltal
|-status|p1a: Yveltal|par
|
|upkeep
|turn|19
|
|t:|1651811707
|switch|p1a: Xerneas|Xerneas|100/100
|-ability|p1a: Xerneas|Fairy Aura
|switch|p2a: Yveltal|Yveltal, shiny|100/100
|-ability|p2a: Yveltal|Dark Aura
|
|upkeep
|turn|20
|
|t:|1651811716
|switch|p2a: Genesect|Genesect, shiny|100/100
|-ability|p2a: Genesect|Download|boost
|-boost|p2a: Genesect|spa|1
|move|p1a: Xerneas|Moonblast|p2a: Genesect
|-resisted|p2a: Genesect
|-damage|p2a: Genesect|56/100
|-unboost|p2a: Genesect|spa|1
|
|upkeep
|turn|21
|
|t:|1651811732
|switch|p1a: Yveltal|Yveltal|97/100 par
|-ability|p1a: Yveltal|Dark Aura
|move|p2a: Genesect|Iron Head|p1a: Yveltal
|-damage|p1a: Yveltal|64/100 par
|
|upkeep
|turn|22
|
|t:|1651811743
|switch|p1a: Necrozma|Necrozma-Dusk-Mane|100/100
|move|p2a: Genesect|Iron Head|p1a: Necrozma
|-resisted|p1a: Necrozma
|-damage|p1a: Necrozma|86/100
|
|upkeep
|turn|23
|
|t:|1651811750
|switch|p2a: Zygarde|Zygarde|100/100
|move|p1a: Necrozma|Dragon Dance|p1a: Necrozma
|-boost|p1a: Necrozma|atk|1
|-boost|p1a: Necrozma|spe|1
|
|upkeep
|turn|24
|
|t:|1651811763
|move|p1a: Necrozma|Dragon Dance|p1a: Necrozma
|-boost|p1a: Necrozma|atk|1
|-boost|p1a: Necrozma|spe|1
|move|p2a: Zygarde|Glare|p1a: Necrozma
|-status|p1a: Necrozma|par
|
|upkeep
|turn|25
|
|t:|1651811770
|move|p1a: Necrozma|Knock Off|p2a: Zygarde
|-damage|p2a: Zygarde|47/100
|-enditem|p2a: Zygarde|Leftovers|[from] move: Knock Off|[of] p1a: Necrozma
|move|p2a: Zygarde|Dragon Dance|p2a: Zygarde
|-boost|p2a: Zygarde|atk|1
|-boost|p2a: Zygarde|spe|1
|
|-activate|p2a: Zygarde|ability: Power Construct
|detailschange|p2a: Zygarde|Zygarde-Complete
|-heal|p2a: Zygarde|65/100|[silent]
|upkeep
|turn|26
|
|t:|1651811780
|move|p2a: Zygarde|Dragon Dance|p2a: Zygarde
|-boost|p2a: Zygarde|atk|1
|-boost|p2a: Zygarde|spe|1
|move|p1a: Necrozma|Knock Off|p2a: Zygarde
|-damage|p2a: Zygarde|43/100
|
|upkeep
|turn|27
|
|t:|1651811792
|move|p2a: Zygarde|Substitute|p2a: Zygarde
|-start|p2a: Zygarde|Substitute
|-damage|p2a: Zygarde|18/100
|move|p1a: Necrozma|Knock Off|p2a: Zygarde
|-activate|p2a: Zygarde|move: Substitute|[damage]
|
|upkeep
|turn|28
|
|t:|1651811798
|move|p2a: Zygarde|Thousand Arrows|p1a: Necrozma
|-supereffective|p1a: Necrozma
|-damage|p1a: Necrozma|4/100 par
|-enditem|p1a: Necrozma|Weakness Policy
|-boost|p1a: Necrozma|atk|2|[from] item: Weakness Policy
|-boost|p1a: Necrozma|spa|2|[from] item: Weakness Policy
|move|p1a: Necrozma|Dragon Dance|p1a: Necrozma
|-boost|p1a: Necrozma|atk|1
|-boost|p1a: Necrozma|spe|1
|
|upkeep
|turn|29
|
|t:|1651811807
|move|p2a: Zygarde|Thousand Arrows|p1a: Necrozma
|-supereffective|p1a: Necrozma
|-damage|p1a: Necrozma|0 fnt
|faint|p1a: Necrozma
|
|upkeep
|
|t:|1651811812
|switch|p1a: Yveltal|Yveltal|64/100 par
|-ability|p1a: Yveltal|Dark Aura
|turn|30
|
|t:|1651811819
|move|p1a: Yveltal|Sucker Punch|p2a: Zygarde
|-end|p2a: Zygarde|Substitute
|move|p2a: Zygarde|Thousand Arrows|p1a: Yveltal
|-damage|p1a: Yveltal|0 fnt
|faint|p1a: Yveltal
|
|upkeep
|c|☆ox04|Wp
|
|t:|1651811825
|switch|p1a: Calyrex|Calyrex-Shadow|100/100
|-ability|p1a: Calyrex|As One
|-ability|p1a: Calyrex|Unnerve
|turn|31
|
|t:|1651811832
|move|p1a: Calyrex|Astral Barrage|p2a: Zygarde
|-damage|p2a: Zygarde|0 fnt
|faint|p2a: Zygarde
|-ability|p1a: Calyrex|Grim Neigh|boost
|-boost|p1a: Calyrex|spa|1
|
|upkeep
|
|t:|1651811841
|switch|p2a: Marshadow|Marshadow|100/100
|turn|32
|
|t:|1651811852
|move|p2a: Marshadow|Shadow Sneak|p1a: Calyrex
|-supereffective|p1a: Calyrex
|-damage|p1a: Calyrex|0 fnt
|faint|p1a: Calyrex
|-damage|p2a: Marshadow|91/100|[from] item: Life Orb
|
|upkeep
|
|t:|1651811857
|switch|p1a: Xerneas|Xerneas|100/100
|-ability|p1a: Xerneas|Fairy Aura
|turn|33
|
|t:|1651811862
|move|p2a: Marshadow|Spectral Thief|p1a: Xerneas
|-damage|p1a: Xerneas|53/100
|-damage|p2a: Marshadow|81/100|[from] item: Life Orb
|move|p1a: Xerneas|Geomancy||[still]
|-prepare|p1a: Xerneas|Geomancy
|-enditem|p1a: Xerneas|Power Herb
|-anim|p1a: Xerneas|Geomancy|p1a: Xerneas
|-boost|p1a: Xerneas|spa|2
|-boost|p1a: Xerneas|spd|2
|-boost|p1a: Xerneas|spe|2
|
|upkeep
|turn|34
|c|☆ox04|Gg
|
|t:|1651811872
|move|p2a: Marshadow|Shadow Sneak|p1a: Xerneas
|-damage|p1a: Xerneas|21/100
|-damage|p2a: Marshadow|71/100|[from] item: Life Orb
|move|p1a: Xerneas|Moonblast|p2a: Marshadow
|-supereffective|p2a: Marshadow
|-damage|p2a: Marshadow|0 fnt
|faint|p2a: Marshadow
|
|upkeep
|
|t:|1651811874
|switch|p2a: Genesect|Genesect, shiny|56/100
|-ability|p2a: Genesect|Download|boost
|-boost|p2a: Genesect|atk|1
|turn|35
|
|t:|1651811883
|move|p2a: Genesect|Extreme Speed|p1a: Xerneas
|-damage|p1a: Xerneas|0 fnt
|faint|p1a: Xerneas
|
|win|ox04
|raw|emiyo's rating: 1566 &rarr; <strong>1558</strong><br />(-8 for losing)
|raw|ox04's rating: 1811 &rarr; <strong>1819</strong><br />(+8 for winning)
|l| Surgo
|l|☆ox04
