|j|☆datsplashtho
|j|☆TogeBirlHQ
|t:|1659104621
|gametype|singles
|player|p1|datsplashtho|sabrina|1478
|player|p2|TogeBirlHQ|101|1642
|teamsize|p1|6
|teamsize|p2|6
|gen|8
|tier|[Gen 8] Ubers
|rated|
|rule|Sleep Clause Mod: Limit one foe put to sleep
|rule|Species Clause: Limit one of each Pokémon
|rule|OHKO Clause: OHKO moves are banned
|rule|Evasion Moves Clause: Evasion moves are banned
|rule|Endless Battle Clause: Forcing endless battles is banned
|rule|HP Percentage Mod: HP is shown in percentages
|rule|Dynamax Clause: You cannot dynamax
|clearpoke
|poke|p1|Slurpuff, F|
|poke|p1|Terrakion|
|poke|p1|Eternatus|
|poke|p1|Yveltal|
|poke|p1|Necrozma-Dusk-Mane|
|poke|p1|Calyrex-Shadow|
|poke|p2|Urshifu-*, M|
|poke|p2|Calyrex-Shadow|
|poke|p2|Eternatus|
|poke|p2|Necrozma-Dusk-Mane|
|poke|p2|Yveltal|
|poke|p2|Ho-Oh|
|teampreview
|
|t:|1659104627
|start
|switch|p1a: Slurpuff|Slurpuff, F|100/100
|switch|p2a: Calyrex|Calyrex-Shadow|100/100
|-ability|p2a: Calyrex|As One
|-ability|p2a: Calyrex|Unnerve
|turn|1
|
|t:|1659104631
|move|p2a: Calyrex|Trick|p1a: Slurpuff
|-activate|p2a: Calyrex|move: Trick|[of] p1a: Slurpuff
|-item|p1a: Slurpuff|Choice Specs|[from] move: Trick
|-item|p2a: Calyrex|Focus Sash|[from] move: Trick
|move|p1a: Slurpuff|Sticky Web|p2a: Calyrex
|-sidestart|p2: TogeBirlHQ|move: Sticky Web
|
|upkeep
|turn|2
|
|t:|1659104640
|switch|p2a: Yveltal|Yveltal|100/100
|-ability|p2a: Yveltal|Dark Aura
|switch|p1a: Yveltal|Yveltal|100/100
|-ability|p1a: Yveltal|Dark Aura
|
|upkeep
|turn|3
|
|t:|1659104646
|move|p2a: Yveltal|Defog|p1a: Yveltal
|-unboost|p1a: Yveltal|evasion|1
|-sideend|p2: TogeBirlHQ|Sticky Web|[from] move: Defog|[of] p2a: Yveltal
|move|p1a: Yveltal|Taunt|p2a: Yveltal
|-start|p2a: Yveltal|move: Taunt
|
|upkeep
|turn|4
|
|t:|1659104654
|switch|p2a: Ho-Oh|Ho-Oh|100/100
|switch|p1a: Slurpuff|Slurpuff, F|100/100
|
|upkeep
|turn|5
|
|t:|1659104660
|move|p1a: Slurpuff|Sticky Web|p2a: Ho-Oh
|-sidestart|p2: TogeBirlHQ|move: Sticky Web
|move|p2a: Ho-Oh|Thunder Wave|p1a: Slurpuff
|-status|p1a: Slurpuff|par
|
|upkeep
|turn|6
|
|t:|1659104664
|switch|p1a: Eternatus|Eternatus|100/100
|-ability|p1a: Eternatus|Pressure
|move|p2a: Ho-Oh|Defog|p1a: Eternatus
|-unboost|p1a: Eternatus|evasion|1
|-sideend|p2: TogeBirlHQ|Sticky Web|[from] move: Defog|[of] p2a: Ho-Oh
|
|upkeep
|turn|7
|
|t:|1659104668
|switch|p2a: Necrozma|Necrozma-Dusk-Mane|100/100
|move|p1a: Eternatus|Meteor Beam||[still]
|-prepare|p1a: Eternatus|Meteor Beam
|-boost|p1a: Eternatus|spa|1
|-enditem|p1a: Eternatus|Power Herb
|-anim|p1a: Eternatus|Meteor Beam|p2a: Necrozma
|-resisted|p2a: Necrozma
|-damage|p2a: Necrozma|73/100
|
|-heal|p2a: Necrozma|79/100|[from] item: Leftovers
|upkeep
|turn|8
|
|t:|1659104677
|switch|p2a: Ho-Oh|Ho-Oh|100/100
|move|p1a: Eternatus|Flamethrower|p2a: Ho-Oh
|-resisted|p2a: Ho-Oh
|-damage|p2a: Ho-Oh|87/100
|
|upkeep
|turn|9
|
|t:|1659104682
|switch|p1a: Slurpuff|Slurpuff, F|100/100 par
|move|p2a: Ho-Oh|Whirlwind|p1a: Slurpuff
|drag|p1a: Yveltal|Yveltal|100/100
|-ability|p1a: Yveltal|Dark Aura
|
|upkeep
|turn|10
|
|t:|1659104691
|switch|p1a: Slurpuff|Slurpuff, F|100/100 par
|switch|p2a: Yveltal|Yveltal|100/100
|-ability|p2a: Yveltal|Dark Aura
|
|upkeep
|turn|11
|
|t:|1659104697
|move|p2a: Yveltal|U-turn|p1a: Slurpuff
|-resisted|p1a: Slurpuff
|-damage|p1a: Slurpuff|84/100 par
|
|t:|1659104701
|switch|p2a: Ho-Oh|Ho-Oh|100/100|[from]move: U-turn
|move|p1a: Slurpuff|Sticky Web|p2a: Ho-Oh
|-sidestart|p2: TogeBirlHQ|move: Sticky Web
|
|upkeep
|turn|12
|
|t:|1659104707
|switch|p1a: Terrakion|Terrakion, shiny|100/100
|move|p2a: Ho-Oh|Thunder Wave|p1a: Terrakion
|-status|p1a: Terrakion|par
|
|upkeep
|turn|13
|
|t:|1659104715
|switch|p2a: Urshifu|Urshifu, M|100/100
|-activate|p2a: Urshifu|move: Sticky Web
|-unboost|p2a: Urshifu|spe|1
|cant|p1a: Terrakion|par
|
|upkeep
|turn|14
|
|t:|1659104725
|switch|p1a: Eternatus|Eternatus|100/100
|-ability|p1a: Eternatus|Pressure
|move|p2a: Urshifu|Close Combat|p1a: Eternatus
|-resisted|p1a: Eternatus
|-damage|p1a: Eternatus|60/100
|-unboost|p2a: Urshifu|def|1
|-unboost|p2a: Urshifu|spd|1
|
|upkeep
|turn|15
|
|t:|1659104734
|switch|p2a: Necrozma|Necrozma-Dusk-Mane|79/100
|-activate|p2a: Necrozma|move: Sticky Web
|-unboost|p2a: Necrozma|spe|1
|move|p1a: Eternatus|Meteor Beam||[still]
|-prepare|p1a: Eternatus|Meteor Beam
|-boost|p1a: Eternatus|spa|1
|
|-heal|p2a: Necrozma|85/100|[from] item: Leftovers
|upkeep
|turn|16
|
|t:|1659104746
|move|p1a: Eternatus|Meteor Beam|p2a: Necrozma|[from]lockedmove
|-resisted|p2a: Necrozma
|-damage|p2a: Necrozma|57/100
|move|p2a: Necrozma|Moonlight|p2a: Necrozma
|-heal|p2a: Necrozma|100/100
|
|upkeep
|turn|17
|
|t:|1659104750
|switch|p2a: Ho-Oh|Ho-Oh|100/100
|move|p1a: Eternatus|Flamethrower|p2a: Ho-Oh
|-resisted|p2a: Ho-Oh
|-damage|p2a: Ho-Oh|87/100
|
|upkeep
|turn|18
|-message|datsplashtho forfeited.
|
|win|TogeBirlHQ
|raw|datsplashtho's rating: 1478 &rarr; <strong>1467</strong><br />(-11 for losing)
|raw|TogeBirlHQ's rating: 1642 &rarr; <strong>1653</strong><br />(+11 for winning)
|l|☆datsplashtho
||Ladder isn't responding, score probably updated but might not have (Request timeout).
