|j|☆Mysterious player
|j|☆ray712
|player|p1|Mysterious player|170|1425
|player|p2|ray712|ethan|1483
|teamsize|p1|6
|teamsize|p2|6
|gametype|singles
|gen|8
|tier|[Gen 8] Ubers
|rated|
|rule|Sleep Clause Mod: Limit one foe put to sleep
|rule|Species Clause: Limit one of each Pokémon
|rule|OHKO Clause: OHKO moves are banned
|rule|Evasion Moves Clause: Evasion moves are banned
|rule|Endless Battle Clause: Forcing endless battles is banned
|rule|HP Percentage Mod: HP is shown in percentages
|clearpoke
|poke|p1|Zacian-*|
|poke|p1|Gothitelle, M|
|poke|p1|Eternatus|
|poke|p1|Hippowdon, M|
|poke|p1|Excadrill, F|
|poke|p1|Corviknight, M|
|poke|p2|Shuckle, F|
|poke|p2|Grimmsnarl, M|
|poke|p2|Polteageist|
|poke|p2|Gyarados, M|
|poke|p2|Dugtrio, F|
|poke|p2|Zacian-*|
|teampreview
|
|start
|switch|p1a: Hippowdon|Hippowdon, M|100/100
|switch|p2a: Shuckle|Shuckle, F|100/100
|-weather|Sandstorm|[from] ability: Sand Stream|[of] p1a: Hippowdon
|turn|1
|
|move|p1a: Hippowdon|Stealth Rock|p2a: Shuckle
|-sidestart|p2: ray712|move: Stealth Rock
|move|p2a: Shuckle|Sticky Web|p1a: Hippowdon
|-sidestart|p1: Mysterious player|move: Sticky Web
|
|-weather|Sandstorm|[upkeep]
|upkeep
|turn|2
|
|switch|p1a: Gothitelle|Gothitelle, M|100/100
|-activate|p1a: Gothitelle|move: Sticky Web
|-unboost|p1a: Gothitelle|spe|1
|move|p2a: Shuckle|Final Gambit|p1a: Gothitelle
|-damage|p1a: Gothitelle|29/100
|faint|p2a: Shuckle
|
|-weather|Sandstorm|[upkeep]
|-damage|p1a: Gothitelle|23/100|[from] Sandstorm
|-heal|p1a: Gothitelle|29/100|[from] item: Leftovers
|upkeep
|
|switch|p2a: Dugtrio|Dugtrio, F|100/100
|-damage|p2a: Dugtrio|94/100|[from] Stealth Rock
|turn|3
|
|move|p2a: Dugtrio|Stealth Rock|p1a: Gothitelle
|-sidestart|p1: Mysterious player|move: Stealth Rock
|move|p1a: Gothitelle|Cosmic Power|p1a: Gothitelle
|-boost|p1a: Gothitelle|def|1
|-boost|p1a: Gothitelle|spd|1
|
|-weather|Sandstorm|[upkeep]
|-damage|p1a: Gothitelle|23/100|[from] Sandstorm
|-heal|p1a: Gothitelle|29/100|[from] item: Leftovers
|upkeep
|turn|4
|
|move|p2a: Dugtrio|Earthquake|p1a: Gothitelle
|-damage|p1a: Gothitelle|4/100
|move|p1a: Gothitelle|Nasty Plot|p1a: Gothitelle
|-boost|p1a: Gothitelle|spa|2
|
|-weather|Sandstorm|[upkeep]
|-damage|p1a: Gothitelle|0 fnt|[from] Sandstorm
|faint|p1a: Gothitelle
|upkeep
|
|switch|p1a: Excadrill|Excadrill, F|100/100
|-damage|p1a: Excadrill|97/100|[from] Stealth Rock
|-item|p1a: Excadrill|Air Balloon
|turn|5
|
|switch|p2a: Polteageist|Polteageist|100/100
|-damage|p2a: Polteageist|88/100|[from] Stealth Rock
|move|p1a: Excadrill|Swords Dance|p1a: Excadrill
|-boost|p1a: Excadrill|atk|2
|
|-weather|Sandstorm|[upkeep]
|-damage|p2a: Polteageist|82/100|[from] Sandstorm
|upkeep
|turn|6
|
|switch|p2a: Gyarados|Gyarados, M|100/100
|-damage|p2a: Gyarados|76/100|[from] Stealth Rock
|move|p1a: Excadrill|Earthquake|p2a: Gyarados
|-immune|p2a: Gyarados
|
|-weather|Sandstorm|[upkeep]
|-damage|p2a: Gyarados|70/100|[from] Sandstorm
|upkeep
|turn|7
|
|-start|p2a: Gyarados|Dynamax
|-heal|p2a: Gyarados|70/100|[silent]
|move|p1a: Excadrill|Rock Slide|p2a: Gyarados|[miss]
|-miss|p1a: Excadrill|p2a: Gyarados
|move|p2a: Gyarados|Max Geyser|p1a: Excadrill
|-supereffective|p1a: Excadrill
|-damage|p1a: Excadrill|0 fnt
|-enditem|p1a: Excadrill|Air Balloon
|-weather|RainDance
|-damage|p2a: Gyarados|65/100|[from] item: Life Orb
|faint|p1a: Excadrill
|-ability|p2a: Gyarados|Moxie|boost
|-boost|p2a: Gyarados|atk|1
|
|-weather|RainDance|[upkeep]
|upkeep
|
|switch|p1a: Eternatus|Eternatus|100/100
|-damage|p1a: Eternatus|88/100|[from] Stealth Rock
|-activate|p1a: Eternatus|move: Sticky Web
|-unboost|p1a: Eternatus|spe|1
|-ability|p1a: Eternatus|Pressure
|turn|8
|
|move|p2a: Gyarados|Max Airstream|p1a: Eternatus
|-damage|p1a: Eternatus|0 fnt
|-boost|p2a: Gyarados|spe|1
|-damage|p2a: Gyarados|60/100|[from] item: Life Orb
|faint|p1a: Eternatus
|-ability|p2a: Gyarados|Moxie|boost
|-boost|p2a: Gyarados|atk|1
|
|-weather|RainDance|[upkeep]
|upkeep
|
|switch|p1a: Zacian|Zacian-Crowned|100/100
|-activate|p1a: Zacian|move: Sticky Web
|-unboost|p1a: Zacian|spe|1
|-damage|p1a: Zacian|94/100|[from] Stealth Rock
|-ability|p1a: Zacian|Intrepid Sword|boost
|-boost|p1a: Zacian|atk|1
|turn|9
|
|move|p2a: Gyarados|Max Geyser|p1a: Zacian
|-crit|p1a: Zacian
|-damage|p1a: Zacian|0 fnt
|-damage|p2a: Gyarados|55/100|[from] item: Life Orb
|faint|p1a: Zacian
|-ability|p2a: Gyarados|Moxie|boost
|-boost|p2a: Gyarados|atk|1
|
|-weather|RainDance|[upkeep]
|-end|p2a: Gyarados|Dynamax
|-heal|p2a: Gyarados|55/100|[silent]
|upkeep
|
|switch|p1a: Corviknight|Corviknight, M|100/100
|-damage|p1a: Corviknight|88/100|[from] Stealth Rock
|-ability|p1a: Corviknight|Pressure
|turn|10
|
|-start|p1a: Corviknight|Dynamax
|-heal|p1a: Corviknight|88/100|[silent]
|move|p2a: Gyarados|Waterfall|p1a: Corviknight
|-damage|p1a: Corviknight|26/100
|-damage|p2a: Gyarados|45/100|[from] item: Life Orb
|move|p1a: Corviknight|Max Airstream|p2a: Gyarados
|-damage|p2a: Gyarados|0 fnt
|-boost|p1a: Corviknight|spe|1
|faint|p2a: Gyarados
|
|-weather|RainDance|[upkeep]
|-heal|p1a: Corviknight|29/100|[from] item: Leftovers
|upkeep
|
|switch|p2a: Grimmsnarl|Grimmsnarl, M|100/100
|-damage|p2a: Grimmsnarl|88/100|[from] Stealth Rock
|turn|11
|
|move|p2a: Grimmsnarl|Reflect|p2a: Grimmsnarl
|-sidestart|p2: ray712|Reflect
|move|p1a: Corviknight|Max Airstream|p2a: Grimmsnarl
|-damage|p2a: Grimmsnarl|59/100
|-boost|p1a: Corviknight|spe|1
|
|-weather|none
|-heal|p1a: Corviknight|33/100|[from] item: Leftovers
|upkeep
|turn|12
|
|move|p1a: Corviknight|Max Airstream|p2a: Grimmsnarl
|-damage|p2a: Grimmsnarl|29/100
|-boost|p1a: Corviknight|spe|1
|move|p2a: Grimmsnarl|Spirit Break|p1a: Corviknight
|-resisted|p1a: Corviknight
|-damage|p1a: Corviknight|26/100
|-unboost|p1a: Corviknight|spa|1
|
|-heal|p1a: Corviknight|29/100|[from] item: Leftovers
|-end|p1a: Corviknight|Dynamax
|-heal|p1a: Corviknight|29/100|[silent]
|upkeep
|turn|13
|
|move|p2a: Grimmsnarl|Taunt|p1a: Corviknight
|-start|p1a: Corviknight|move: Taunt
|cant|p1a: Corviknight|move: Taunt|Roost
|
|-heal|p1a: Corviknight|36/100|[from] item: Leftovers
|upkeep
|turn|14
|
|move|p1a: Corviknight|Brave Bird|p2a: Grimmsnarl
|-damage|p2a: Grimmsnarl|2/100
|-damage|p1a: Corviknight|28/100|[from] Recoil
|move|p2a: Grimmsnarl|Spirit Break|p1a: Corviknight
|-resisted|p1a: Corviknight
|-damage|p1a: Corviknight|16/100
|-unboost|p1a: Corviknight|spa|1
|
|-heal|p1a: Corviknight|23/100|[from] item: Leftovers
|upkeep
|turn|15
|
|move|p1a: Corviknight|Brave Bird|p2a: Grimmsnarl
|-damage|p2a: Grimmsnarl|0 fnt
|-damage|p1a: Corviknight|22/100|[from] Recoil
|faint|p2a: Grimmsnarl
|
|-heal|p1a: Corviknight|29/100|[from] item: Leftovers
|-end|p1a: Corviknight|move: Taunt
|upkeep
|
|switch|p2a: Zacian|Zacian-Crowned|100/100
|-damage|p2a: Zacian|94/100|[from] Stealth Rock
|-ability|p2a: Zacian|Intrepid Sword|boost
|-boost|p2a: Zacian|atk|1
|turn|16
|
|move|p1a: Corviknight|Iron Defense|p1a: Corviknight
|-boost|p1a: Corviknight|def|2
|move|p2a: Zacian|Swords Dance|p2a: Zacian
|-boost|p2a: Zacian|atk|2
|
|-heal|p1a: Corviknight|35/100|[from] item: Leftovers
|upkeep
|turn|17
|
|move|p1a: Corviknight|Iron Defense|p1a: Corviknight
|-boost|p1a: Corviknight|def|2
|move|p2a: Zacian|Fire Fang|p1a: Corviknight
|-supereffective|p1a: Corviknight
|-damage|p1a: Corviknight|8/100
|
|-heal|p1a: Corviknight|15/100|[from] item: Leftovers
|upkeep
|turn|18
|
|switch|p2a: Polteageist|Polteageist|82/100
|-damage|p2a: Polteageist|70/100|[from] Stealth Rock
|move|p1a: Corviknight|Roost|p1a: Corviknight
|-heal|p1a: Corviknight|64/100
|-singleturn|p1a: Corviknight|move: Roost
|
|-heal|p1a: Corviknight|71/100|[from] item: Leftovers
|-sideend|p2: ray712|Reflect
|upkeep
|turn|19
|
|move|p1a: Corviknight|Brave Bird|p2a: Polteageist
|-damage|p2a: Polteageist|17/100
|-ability|p2a: Polteageist|Weak Armor|boost
|-unboost|p2a: Polteageist|def|1
|-boost|p2a: Polteageist|spe|2
|-damage|p1a: Corviknight|59/100|[from] Recoil
|move|p2a: Polteageist|Shadow Ball|p1a: Corviknight
|-damage|p1a: Corviknight|16/100
|-unboost|p1a: Corviknight|spd|1
|
|-heal|p1a: Corviknight|23/100|[from] item: Leftovers
|upkeep
|turn|20
|
|move|p2a: Polteageist|Shadow Ball|p1a: Corviknight
|-damage|p1a: Corviknight|0 fnt
|faint|p1a: Corviknight
|
|upkeep
|
|switch|p1a: Hippowdon|Hippowdon, M|100/100
|-activate|p1a: Hippowdon|move: Sticky Web
|-unboost|p1a: Hippowdon|spe|1
|-damage|p1a: Hippowdon|94/100|[from] Stealth Rock
|-weather|Sandstorm|[from] ability: Sand Stream|[of] p1a: Hippowdon
|turn|21
|
|move|p2a: Polteageist|Giga Drain|p1a: Hippowdon
|-supereffective|p1a: Hippowdon
|-damage|p1a: Hippowdon|35/100
|-heal|p2a: Polteageist|64/100|[from] drain|[of] p1a: Hippowdon
|move|p1a: Hippowdon|Earthquake|p2a: Polteageist
|-damage|p2a: Polteageist|0 fnt
|faint|p2a: Polteageist
|
|-weather|Sandstorm|[upkeep]
|upkeep
|
|switch|p2a: Dugtrio|Dugtrio, F|94/100
|-damage|p2a: Dugtrio|88/100|[from] Stealth Rock
|turn|22
|
|move|p2a: Dugtrio|Memento|p1a: Hippowdon
|-unboost|p1a: Hippowdon|atk|2
|-unboost|p1a: Hippowdon|spa|2
|faint|p2a: Dugtrio
|move|p1a: Hippowdon|Slack Off|p1a: Hippowdon
|-heal|p1a: Hippowdon|85/100
|
|-weather|Sandstorm|[upkeep]
|upkeep
|
|switch|p2a: Zacian|Zacian-Crowned|94/100
|-damage|p2a: Zacian|88/100|[from] Stealth Rock
|-ability|p2a: Zacian|Intrepid Sword|boost
|-boost|p2a: Zacian|atk|1
|turn|23
|
|move|p2a: Zacian|Swords Dance|p2a: Zacian
|-boost|p2a: Zacian|atk|2
|move|p1a: Hippowdon|Earthquake|p2a: Zacian
|-supereffective|p2a: Zacian
|-damage|p2a: Zacian|58/100
|
|-weather|Sandstorm|[upkeep]
|upkeep
|turn|24
|j| One Punch Machamp
|
|move|p2a: Zacian|Behemoth Blade|p1a: Hippowdon
|-damage|p1a: Hippowdon|15/100
|move|p1a: Hippowdon|Earthquake|p2a: Zacian
|-supereffective|p2a: Zacian
|-damage|p2a: Zacian|32/100
|
|-weather|Sandstorm|[upkeep]
|upkeep
|turn|25
|c|☆Mysterious player|gg
|
|move|p2a: Zacian|Behemoth Blade|p1a: Hippowdon
|-damage|p1a: Hippowdon|0 fnt
|faint|p1a: Hippowdon
|
|win|ray712
|c|☆ray712|gg
|raw|Mysterious player's rating: 1425 &rarr; <strong>1409</strong><br />(-16 for losing)
|raw|ray712's rating: 1483 &rarr; <strong>1499</strong><br />(+16 for winning)
