|j|☆Hitotsuba
|j|☆Machtkhan
|t:|1650791899
|gametype|singles
|player|p1|Hitotsuba|iris-gen5bw2|1146
|player|p2|Machtkhan|youngn|1423
|teamsize|p1|6
|teamsize|p2|6
|gen|8
|tier|[Gen 8] Ubers
|rated|
|rule|Sleep Clause Mod: Limit one foe put to sleep
|rule|Species Clause: Limit one of each Pokémon
|rule|OHKO Clause: OHKO moves are banned
|rule|Evasion Moves Clause: Evasion moves are banned
|rule|Endless Battle Clause: Forcing endless battles is banned
|rule|HP Percentage Mod: HP is shown in percentages
|rule|Dynamax Clause: You cannot dynamax
|clearpoke
|poke|p1|Ribombee, F|
|poke|p1|Yveltal|
|poke|p1|Calyrex-Shadow|
|poke|p1|Kyogre|
|poke|p1|Eternatus|
|poke|p1|Zekrom|
|poke|p2|Cinderace, M|
|poke|p2|Groudon|
|poke|p2|Giratina-Origin|
|poke|p2|Dialga|
|poke|p2|Calyrex-Shadow|
|poke|p2|Yveltal|
|teampreview
|inactive|Battle timer is ON: inactive players will automatically lose when time's up. (requested by Hitotsuba)
|
|t:|1650791906
|start
|switch|p1a: Ribombee|Ribombee, F|100/100
|switch|p2a: Cinde De Bunny|Cinderace, M, shiny|100/100
|turn|1
|
|t:|1650791914
|move|p1a: Ribombee|Switcheroo|p2a: Cinde De Bunny
|-activate|p1a: Ribombee|move: Trick|[of] p2a: Cinde De Bunny
|-item|p2a: Cinde De Bunny|Choice Scarf|[from] move: Switcheroo
|-item|p1a: Ribombee|Heavy-Duty Boots|[from] move: Switcheroo
|move|p2a: Cinde De Bunny|Pyro Ball|p1a: Ribombee|[miss]
|-miss|p2a: Cinde De Bunny|p1a: Ribombee
|
|upkeep
|turn|2
|
|t:|1650791919
|move|p2a: Cinde De Bunny|Pyro Ball|p1a: Ribombee
|-supereffective|p1a: Ribombee
|-damage|p1a: Ribombee|0 fnt
|faint|p1a: Ribombee
|
|upkeep
|
|t:|1650791925
|switch|p1a: Kyogre|Kyogre|100/100
|-weather|RainDance|[from] ability: Drizzle|[of] p1a: Kyogre
|turn|3
|
|t:|1650791940
|move|p2a: Cinde De Bunny|Pyro Ball|p1a: Kyogre|[miss]
|-miss|p2a: Cinde De Bunny|p1a: Kyogre
|move|p1a: Kyogre|Water Spout|p2a: Cinde De Bunny
|-supereffective|p2a: Cinde De Bunny
|-damage|p2a: Cinde De Bunny|0 fnt
|faint|p2a: Cinde De Bunny
|
|-weather|RainDance|[upkeep]
|upkeep
|
|t:|1650791946
|switch|p2a: Dia de Diamond|Dialga|100/100
|-ability|p2a: Dia de Diamond|Pressure
|turn|4
|
|t:|1650791949
|move|p1a: Kyogre|Water Spout|p2a: Dia de Diamond
|-resisted|p2a: Dia de Diamond
|-damage|p2a: Dia de Diamond|47/100
|move|p2a: Dia de Diamond|Scale Shot|p1a: Kyogre|[miss]
|-miss|p2a: Dia de Diamond|p1a: Kyogre
|
|-weather|RainDance|[upkeep]
|upkeep
|turn|5
|
|t:|1650791954
|move|p1a: Kyogre|Water Spout|p2a: Dia de Diamond
|-resisted|p2a: Dia de Diamond
|-damage|p2a: Dia de Diamond|0 fnt
|faint|p2a: Dia de Diamond
|
|-weather|RainDance|[upkeep]
|upkeep
|
|t:|1650791961
|switch|p2a: Gira de Platinum|Giratina-Origin|100/100
|turn|6
|
|t:|1650791964
|move|p1a: Kyogre|Water Spout|p2a: Gira de Platinum
|-resisted|p2a: Gira de Platinum
|-damage|p2a: Gira de Platinum|56/100
|move|p2a: Gira de Platinum|Toxic|p1a: Kyogre
|-status|p1a: Kyogre|tox
|
|-weather|RainDance|[upkeep]
|-damage|p1a: Kyogre|94/100 tox|[from] psn
|upkeep
|turn|7
|
|t:|1650791968
|move|p1a: Kyogre|Water Spout|p2a: Gira de Platinum
|-resisted|p2a: Gira de Platinum
|-damage|p2a: Gira de Platinum|9/100
|move|p2a: Gira de Platinum|Rest|p2a: Gira de Platinum
|-status|p2a: Gira de Platinum|slp|[from] move: Rest
|-heal|p2a: Gira de Platinum|100/100 slp|[silent]
|
|-weather|none
|-damage|p1a: Kyogre|82/100 tox|[from] psn
|upkeep
|turn|8
|
|t:|1650791971
|move|p1a: Kyogre|Water Spout|p2a: Gira de Platinum
|-resisted|p2a: Gira de Platinum
|-damage|p2a: Gira de Platinum|77/100 slp
|cant|p2a: Gira de Platinum|slp
|move|p2a: Gira de Platinum|Sleep Talk|p2a: Gira de Platinum
|move|p2a: Gira de Platinum|Shadow Ball|p1a: Kyogre|[from]move: Sleep Talk
|-damage|p1a: Kyogre|55/100 tox
|
|-damage|p1a: Kyogre|37/100 tox|[from] psn
|upkeep
|turn|9
|
|t:|1650791977
|switch|p1a: Zekrom|Zekrom|100/100
|-ability|p1a: Zekrom|Teravolt
|cant|p2a: Gira de Platinum|slp
|move|p2a: Gira de Platinum|Sleep Talk|p2a: Gira de Platinum
|move|p2a: Gira de Platinum|Rest||[from]move: Sleep Talk|[still]
|-fail|p2a: Gira de Platinum
|
|upkeep
|turn|10
|
|t:|1650791990
|switch|p2a: Ground De Berserk|Groudon|100/100
|-weather|SunnyDay|[from] ability: Drought|[of] p2a: Ground De Berserk
|move|p1a: Zekrom|Substitute|p1a: Zekrom
|-start|p1a: Zekrom|Substitute
|-damage|p1a: Zekrom|76/100
|
|-weather|SunnyDay|[upkeep]
|upkeep
|turn|11
|
|t:|1650791996
|move|p1a: Zekrom|Dragon Dance|p1a: Zekrom
|-boost|p1a: Zekrom|atk|1
|-boost|p1a: Zekrom|spe|1
|move|p2a: Ground De Berserk|Earthquake|p1a: Zekrom
|-supereffective|p1a: Zekrom
|-end|p1a: Zekrom|Substitute
|
|-weather|SunnyDay|[upkeep]
|upkeep
|turn|12
|
|t:|1650792000
|move|p1a: Zekrom|Dragon Claw|p2a: Ground De Berserk
|-damage|p2a: Ground De Berserk|52/100
|move|p2a: Ground De Berserk|Earthquake|p1a: Zekrom
|-supereffective|p1a: Zekrom
|-damage|p1a: Zekrom|0 fnt
|faint|p1a: Zekrom
|
|-weather|SunnyDay|[upkeep]
|-heal|p2a: Ground De Berserk|58/100|[from] item: Leftovers
|upkeep
|
|t:|1650792008
|switch|p1a: Calyrex|Calyrex-Shadow|100/100
|-ability|p1a: Calyrex|As One
|-ability|p1a: Calyrex|Unnerve
|turn|13
|
|t:|1650792016
|move|p1a: Calyrex|Astral Barrage|p2a: Ground De Berserk
|-damage|p2a: Ground De Berserk|0 fnt
|faint|p2a: Ground De Berserk
|-ability|p1a: Calyrex|Grim Neigh|boost
|-boost|p1a: Calyrex|spa|1
|-damage|p1a: Calyrex|91/100|[from] item: Life Orb
|
|-weather|SunnyDay|[upkeep]
|upkeep
|
|t:|1650792020
|switch|p2a: Yvel de Y|Yveltal, shiny|100/100
|-ability|p2a: Yvel de Y|Dark Aura
|turn|14
|
|t:|1650792026
|move|p1a: Calyrex|Substitute|p1a: Calyrex
|-start|p1a: Calyrex|Substitute
|-damage|p1a: Calyrex|66/100
|move|p2a: Yvel de Y|Knock Off|p1a: Calyrex
|-supereffective|p1a: Calyrex
|-end|p1a: Calyrex|Substitute
|
|-weather|none
|upkeep
|turn|15
|
|t:|1650792032
|move|p1a: Calyrex|Draining Kiss|p2a: Yvel de Y
|-supereffective|p2a: Yvel de Y
|-damage|p2a: Yvel de Y|35/100
|-heal|p1a: Calyrex|100/100|[from] drain|[of] p2a: Yvel de Y
|-damage|p1a: Calyrex|91/100|[from] item: Life Orb
|move|p2a: Yvel de Y|Knock Off|p1a: Calyrex
|-supereffective|p1a: Calyrex
|-damage|p1a: Calyrex|0 fnt
|-enditem|p1a: Calyrex|Life Orb|[from] move: Knock Off|[of] p2a: Yvel de Y
|faint|p1a: Calyrex
|
|upkeep
|
|t:|1650792039
|switch|p1a: Eternatus|Eternatus|100/100
|-ability|p1a: Eternatus|Pressure
|turn|16
|
|t:|1650792045
|move|p1a: Eternatus|Meteor Beam||[still]
|-prepare|p1a: Eternatus|Meteor Beam
|-boost|p1a: Eternatus|spa|1
|-enditem|p1a: Eternatus|Power Herb
|-anim|p1a: Eternatus|Meteor Beam|p2a: Yvel de Y
|-supereffective|p2a: Yvel de Y
|-damage|p2a: Yvel de Y|0 fnt
|faint|p2a: Yvel de Y
|
|upkeep
|
|t:|1650792051
|switch|p2a: Caly de OP|Calyrex-Shadow|100/100
|-ability|p2a: Caly de OP|As One
|-ability|p2a: Caly de OP|Unnerve
|turn|17
|
|t:|1650792056
|move|p2a: Caly de OP|Psyshock|p1a: Eternatus
|-supereffective|p1a: Eternatus
|-damage|p1a: Eternatus|16/100
|move|p1a: Eternatus|Dynamax Cannon|p2a: Caly de OP
|-damage|p2a: Caly de OP|10/100
|
|upkeep
|turn|18
|
|t:|1650792063
|move|p2a: Caly de OP|Astral Barrage|p1a: Eternatus
|-damage|p1a: Eternatus|0 fnt
|faint|p1a: Eternatus
|-ability|p2a: Caly de OP|Grim Neigh|boost
|-boost|p2a: Caly de OP|spa|1
|
|upkeep
|
|t:|1650792067
|switch|p1a: Yveltal|Yveltal|100/100
|-ability|p1a: Yveltal|Dark Aura
|turn|19
|
|t:|1650792074
|move|p2a: Caly de OP|Draining Kiss|p1a: Yveltal
|-supereffective|p1a: Yveltal
|-crit|p1a: Yveltal
|-damage|p1a: Yveltal|20/100
|-heal|p2a: Caly de OP|79/100|[from] drain|[of] p1a: Yveltal
|move|p1a: Yveltal|Dark Pulse|p2a: Caly de OP
|-supereffective|p2a: Caly de OP
|-damage|p2a: Caly de OP|0 fnt
|faint|p2a: Caly de OP
|-damage|p1a: Yveltal|10/100|[from] item: Life Orb
|
|upkeep
|
|t:|1650792080
|switch|p2a: Gira de Platinum|Giratina-Origin|77/100 slp
|turn|20
|
|t:|1650792084
|move|p1a: Yveltal|Foul Play|p2a: Gira de Platinum
|-supereffective|p2a: Gira de Platinum
|-crit|p2a: Gira de Platinum
|-damage|p2a: Gira de Platinum|0 fnt
|faint|p2a: Gira de Platinum
|-damage|p1a: Yveltal|0 fnt|[from] item: Life Orb
|faint|p1a: Yveltal
|
|win|Hitotsuba
|raw|Hitotsuba's rating: 1146 &rarr; <strong>1188</strong><br />(+42 for winning)
|raw|Machtkhan's rating: 1423 &rarr; <strong>1390</strong><br />(-33 for losing)
|l|☆Hitotsuba
