|j|☆LD8 nvzhuangkeai
|j|☆TogeBirlHQ
|t:|1660403893
|gametype|singles
|player|p1|LD8 nvzhuangkeai|dawn|1527
|player|p2|TogeBirlHQ|nate|1531
|teamsize|p1|6
|teamsize|p2|6
|gen|8
|tier|[Gen 8] Ubers
|rated|
|rule|Sleep Clause Mod: Limit one foe put to sleep
|rule|Species Clause: Limit one of each Pokémon
|rule|OHKO Clause: OHKO moves are banned
|rule|Evasion Items Clause: Evasion items are banned
|rule|Evasion Moves Clause: Evasion moves are banned
|rule|Endless Battle Clause: Forcing endless battles is banned
|rule|HP Percentage Mod: HP is shown in percentages
|rule|Dynamax Clause: You cannot dynamax
|clearpoke
|poke|p1|Yveltal|
|poke|p1|Zygarde|
|poke|p1|Dialga|
|poke|p1|Eternatus|
|poke|p1|Necrozma-Dusk-Mane|
|poke|p1|Xerneas-*|
|poke|p2|Urshifu-*, M|
|poke|p2|Calyrex-Shadow|
|poke|p2|Eternatus|
|poke|p2|Necrozma-Dusk-Mane|
|poke|p2|Yveltal|
|poke|p2|Ho-Oh|
|teampreview
|
|t:|1660403907
|start
|switch|p1a: Xerneas|Xerneas|100/100
|switch|p2a: Urshifu|Urshifu, M|100/100
|-ability|p1a: Xerneas|Fairy Aura
|turn|1
|
|t:|1660403916
|switch|p2a: Necrozma|Necrozma-Dusk-Mane|100/100
|move|p1a: Xerneas|Moonblast|p2a: Necrozma
|-resisted|p2a: Necrozma
|-damage|p2a: Necrozma|70/100
|
|-heal|p2a: Necrozma|76/100|[from] item: Leftovers
|upkeep
|turn|2
|
|t:|1660403925
|switch|p1a: Zygarde|Zygarde|100/100
|move|p2a: Necrozma|Stealth Rock|p1a: Zygarde
|-sidestart|p1: LD8 nvzhuangkeai|move: Stealth Rock
|
|-heal|p2a: Necrozma|82/100|[from] item: Leftovers
|upkeep
|turn|3
|
|t:|1660403929
|switch|p2a: Ho-Oh|Ho-Oh|100/100
|move|p1a: Zygarde|Coil|p1a: Zygarde
|-boost|p1a: Zygarde|atk|1
|-boost|p1a: Zygarde|def|1
|-boost|p1a: Zygarde|accuracy|1
|
|upkeep
|turn|4
|
|t:|1660403935
|move|p1a: Zygarde|Scale Shot|p2a: Ho-Oh
|-damage|p2a: Ho-Oh|89/100
|-crit|p2a: Ho-Oh
|-damage|p2a: Ho-Oh|71/100
|-damage|p2a: Ho-Oh|60/100
|-damage|p2a: Ho-Oh|48/100
|-hitcount|p2a: Ho-Oh|4
|-unboost|p1a: Zygarde|def|1
|-boost|p1a: Zygarde|spe|1
|move|p2a: Ho-Oh|Whirlwind|p1a: Zygarde
|drag|p1a: Necrozma|Necrozma-Dusk-Mane|100/100
|-damage|p1a: Necrozma|95/100|[from] Stealth Rock
|
|upkeep
|turn|5
|
|t:|1660403958
|switch|p1a: Dialga|Dialga|100/100
|-damage|p1a: Dialga|94/100|[from] Stealth Rock
|-ability|p1a: Dialga|Pressure
|move|p2a: Ho-Oh|Sacred Fire|p1a: Dialga
|-damage|p1a: Dialga|65/100
|
|-heal|p1a: Dialga|71/100|[from] item: Leftovers
|upkeep
|turn|6
|
|t:|1660403968
|switch|p2a: Necrozma|Necrozma-Dusk-Mane|82/100
|move|p1a: Dialga|Stealth Rock|p2a: Necrozma
|-sidestart|p2: TogeBirlHQ|move: Stealth Rock
|
|-heal|p1a: Dialga|77/100|[from] item: Leftovers
|-heal|p2a: Necrozma|88/100|[from] item: Leftovers
|upkeep
|turn|7
|
|t:|1660403975
|switch|p1a: Zygarde|Zygarde|100/100
|-damage|p1a: Zygarde|94/100|[from] Stealth Rock
|move|p2a: Necrozma|Iron Head|p1a: Zygarde
|-damage|p1a: Zygarde|66/100
|
|-heal|p2a: Necrozma|94/100|[from] item: Leftovers
|upkeep
|turn|8
|
|t:|1660403989
|switch|p2a: Ho-Oh|Ho-Oh|81/100
|move|p1a: Zygarde|Scale Shot|p2a: Ho-Oh
|-damage|p2a: Ho-Oh|73/100
|-damage|p2a: Ho-Oh|65/100
|-hitcount|p2a: Ho-Oh|2
|-unboost|p1a: Zygarde|def|1
|-boost|p1a: Zygarde|spe|1
|
|upkeep
|turn|9
|
|t:|1660404000
|move|p1a: Zygarde|Coil|p1a: Zygarde
|-boost|p1a: Zygarde|atk|1
|-boost|p1a: Zygarde|def|1
|-boost|p1a: Zygarde|accuracy|1
|move|p2a: Ho-Oh|Sacred Fire|p1a: Zygarde
|-resisted|p1a: Zygarde
|-damage|p1a: Zygarde|52/100
|-status|p1a: Zygarde|brn
|
|-damage|p1a: Zygarde|46/100 brn|[from] brn
|-activate|p1a: Zygarde|ability: Power Construct
|detailschange|p1a: Zygarde|Zygarde-Complete
|-heal|p1a: Zygarde|66/100 brn|[silent]
|upkeep
|turn|10
|
|t:|1660404006
|move|p1a: Zygarde|Rest|p1a: Zygarde
|-status|p1a: Zygarde|slp|[from] move: Rest
|-heal|p1a: Zygarde|100/100 slp|[silent]
|move|p2a: Ho-Oh|Whirlwind|p1a: Zygarde
|drag|p1a: Dialga|Dialga|77/100
|-damage|p1a: Dialga|71/100|[from] Stealth Rock
|-ability|p1a: Dialga|Pressure
|
|-heal|p1a: Dialga|77/100|[from] item: Leftovers
|upkeep
|turn|11
|
|t:|1660404018
|switch|p2a: Necrozma|Necrozma-Dusk-Mane|94/100
|-damage|p2a: Necrozma|88/100|[from] Stealth Rock
|move|p1a: Dialga|Dragon Breath|p2a: Necrozma
|-resisted|p2a: Necrozma
|-damage|p2a: Necrozma|80/100
|
|-heal|p1a: Dialga|83/100|[from] item: Leftovers
|-heal|p2a: Necrozma|86/100|[from] item: Leftovers
|upkeep
|turn|12
|
|t:|1660404035
|switch|p1a: Zygarde|Zygarde-Complete|100/100 slp
|-damage|p1a: Zygarde|94/100 slp|[from] Stealth Rock
|switch|p2a: Urshifu|Urshifu, M|100/100
|-damage|p2a: Urshifu|94/100|[from] Stealth Rock
|
|upkeep
|turn|13
|
|t:|1660404043
|switch|p1a: Xerneas|Xerneas|100/100
|-damage|p1a: Xerneas|88/100|[from] Stealth Rock
|-ability|p1a: Xerneas|Fairy Aura
|move|p2a: Urshifu|Ice Punch|p1a: Xerneas
|-damage|p1a: Xerneas|55/100
|
|upkeep
|turn|14
|
|t:|1660404057
|switch|p2a: Necrozma|Necrozma-Dusk-Mane|86/100
|-damage|p2a: Necrozma|80/100|[from] Stealth Rock
|move|p1a: Xerneas|Moonblast|p2a: Necrozma
|-resisted|p2a: Necrozma
|-damage|p2a: Necrozma|46/100
|-unboost|p2a: Necrozma|spa|1
|
|-heal|p2a: Necrozma|52/100|[from] item: Leftovers
|upkeep
|turn|15
|
|t:|1660404067
|switch|p1a: Zygarde|Zygarde-Complete|94/100 slp
|-damage|p1a: Zygarde|88/100 slp|[from] Stealth Rock
|move|p2a: Necrozma|Moonlight|p2a: Necrozma
|-heal|p2a: Necrozma|100/100
|
|upkeep
|turn|16
|
|t:|1660404074
|switch|p2a: Urshifu|Urshifu, M|94/100
|-damage|p2a: Urshifu|88/100|[from] Stealth Rock
|cant|p1a: Zygarde|slp
|
|upkeep
|turn|17
|
|t:|1660404086
|switch|p1a: Eternatus|Eternatus|100/100
|-damage|p1a: Eternatus|88/100|[from] Stealth Rock
|-ability|p1a: Eternatus|Pressure
|-item|p1a: Eternatus|Air Balloon
|move|p2a: Urshifu|Wicked Blow|p1a: Eternatus
|-crit|p1a: Eternatus
|-damage|p1a: Eternatus|11/100
|-enditem|p1a: Eternatus|Air Balloon
|
|upkeep
|turn|18
|
|t:|1660404095
|move|p1a: Eternatus|Dynamax Cannon|p2a: Urshifu
|-damage|p2a: Urshifu|18/100
|move|p2a: Urshifu|Wicked Blow|p1a: Eternatus
|-crit|p1a: Eternatus
|-damage|p1a: Eternatus|0 fnt
|faint|p1a: Eternatus
|
|upkeep
|
|t:|1660404107
|switch|p1a: Yveltal|Yveltal|100/100
|-ability|p1a: Yveltal|Dark Aura
|turn|19
|
|t:|1660404113
|move|p1a: Yveltal|Sucker Punch|p2a: Urshifu
|-resisted|p2a: Urshifu
|-damage|p2a: Urshifu|8/100
|move|p2a: Urshifu|Wicked Blow|p1a: Yveltal
|-resisted|p1a: Yveltal
|-crit|p1a: Yveltal
|-damage|p1a: Yveltal|44/100
|
|upkeep
|turn|20
|
|t:|1660404135
|move|p1a: Yveltal|Sucker Punch|p2a: Urshifu
|-resisted|p2a: Urshifu
|-damage|p2a: Urshifu|0 fnt
|faint|p2a: Urshifu
|
|upkeep
|
|t:|1660404144
|switch|p2a: Eternatus|Eternatus|100/100
|-damage|p2a: Eternatus|88/100|[from] Stealth Rock
|-ability|p2a: Eternatus|Pressure
|turn|21
|
|t:|1660404149
|move|p2a: Eternatus|Toxic|p1a: Yveltal
|-status|p1a: Yveltal|tox
|move|p1a: Yveltal|Roost|p1a: Yveltal
|-heal|p1a: Yveltal|94/100 tox
|-singleturn|p1a: Yveltal|move: Roost
|
|-damage|p1a: Yveltal|88/100 tox|[from] psn
|upkeep
|turn|22
|
|t:|1660404157
|switch|p1a: Dialga|Dialga|83/100
|-damage|p1a: Dialga|77/100|[from] Stealth Rock
|-ability|p1a: Dialga|Pressure
|move|p2a: Eternatus|Dynamax Cannon|p1a: Dialga
|-damage|p1a: Dialga|47/100
|
|-heal|p1a: Dialga|53/100|[from] item: Leftovers
|upkeep
|turn|23
|
|t:|1660404162
|switch|p2a: Ho-Oh|Ho-Oh|98/100
|move|p1a: Dialga|Dragon Breath|p2a: Ho-Oh
|-damage|p2a: Ho-Oh|82/100
|
|-heal|p1a: Dialga|59/100|[from] item: Leftovers
|upkeep
|turn|24
|
|t:|1660404178
|move|p1a: Dialga|Dragon Breath|p2a: Ho-Oh
|-damage|p2a: Ho-Oh|65/100
|-status|p2a: Ho-Oh|par
|move|p2a: Ho-Oh|Whirlwind|p1a: Dialga
|drag|p1a: Xerneas|Xerneas|55/100
|-damage|p1a: Xerneas|42/100|[from] Stealth Rock
|-ability|p1a: Xerneas|Fairy Aura
|
|upkeep
|turn|25
|
|t:|1660404186
|move|p1a: Xerneas|Aromatherapy|p1a: Xerneas
|-activate|p1a: Xerneas|move: Aromatherapy
|-curestatus|p1: Zygarde|slp|[msg]
|-curestatus|p1: Yveltal|tox|[msg]
|move|p2a: Ho-Oh|Sacred Fire|p1a: Xerneas
|-damage|p1a: Xerneas|7/100
|-status|p1a: Xerneas|brn
|
|-damage|p1a: Xerneas|0 fnt|[from] brn
|faint|p1a: Xerneas
|upkeep
|
|t:|1660404194
|switch|p1a: Zygarde|Zygarde-Complete|88/100
|-damage|p1a: Zygarde|82/100|[from] Stealth Rock
|turn|26
|
|t:|1660404203
|move|p1a: Zygarde|Coil|p1a: Zygarde
|-boost|p1a: Zygarde|atk|1
|-boost|p1a: Zygarde|def|1
|-boost|p1a: Zygarde|accuracy|1
|move|p2a: Ho-Oh|Whirlwind|p1a: Zygarde
|drag|p1a: Yveltal|Yveltal|88/100
|-ability|p1a: Yveltal|Dark Aura
|
|upkeep
|turn|27
|
|t:|1660404215
|switch|p1a: Dialga|Dialga|59/100
|-damage|p1a: Dialga|53/100|[from] Stealth Rock
|-ability|p1a: Dialga|Pressure
|switch|p2a: Eternatus|Eternatus|88/100
|-damage|p2a: Eternatus|76/100|[from] Stealth Rock
|-ability|p2a: Eternatus|Pressure
|
|-heal|p1a: Dialga|59/100|[from] item: Leftovers
|upkeep
|turn|28
|
|t:|1660404224
|switch|p2a: Ho-Oh|Ho-Oh|98/100 par
|move|p1a: Dialga|Dragon Breath|p2a: Ho-Oh
|-damage|p2a: Ho-Oh|82/100 par
|
|-heal|p1a: Dialga|66/100|[from] item: Leftovers
|upkeep
|turn|29
|
|t:|1660404229
|move|p1a: Dialga|Dragon Breath|p2a: Ho-Oh
|-damage|p2a: Ho-Oh|67/100 par
|move|p2a: Ho-Oh|Defog|p1a: Dialga
|-unboost|p1a: Dialga|evasion|1
|-sideend|p1: LD8 nvzhuangkeai|Stealth Rock|[from] move: Defog|[of] p2a: Ho-Oh
|-sideend|p2: TogeBirlHQ|Stealth Rock|[from] move: Defog|[of] p2a: Ho-Oh
|
|-heal|p1a: Dialga|72/100|[from] item: Leftovers
|upkeep
|turn|30
|
|t:|1660404235
|switch|p2a: Eternatus|Eternatus|76/100
|-ability|p2a: Eternatus|Pressure
|move|p1a: Dialga|Stealth Rock|p2a: Eternatus
|-sidestart|p2: TogeBirlHQ|move: Stealth Rock
|
|-heal|p1a: Dialga|78/100|[from] item: Leftovers
|upkeep
|turn|31
|
|t:|1660404242
|switch|p2a: Ho-Oh|Ho-Oh|99/100 par
|move|p1a: Dialga|Roar|p2a: Ho-Oh
|drag|p2a: Eternatus|Eternatus|76/100
|-damage|p2a: Eternatus|63/100|[from] Stealth Rock
|-ability|p2a: Eternatus|Pressure
|
|-heal|p1a: Dialga|84/100|[from] item: Leftovers
|upkeep
|turn|32
|
|t:|1660404249
|move|p2a: Eternatus|Recover|p2a: Eternatus
|-heal|p2a: Eternatus|100/100
|move|p1a: Dialga|Dragon Breath|p2a: Eternatus
|-supereffective|p2a: Eternatus
|-enditem|p2a: Eternatus|Haban Berry|[eat]
|-enditem|p2a: Eternatus|Haban Berry|[weaken]
|-damage|p2a: Eternatus|83/100
|
|-heal|p1a: Dialga|90/100|[from] item: Leftovers
|upkeep
|turn|33
|
|t:|1660404257
|switch|p2a: Ho-Oh|Ho-Oh|100/100 par
|move|p1a: Dialga|Dragon Breath|p2a: Ho-Oh
|-damage|p2a: Ho-Oh|84/100 par
|
|-heal|p1a: Dialga|97/100|[from] item: Leftovers
|upkeep
|turn|34
|
|t:|1660404263
|move|p1a: Dialga|Dragon Breath|p2a: Ho-Oh
|-damage|p2a: Ho-Oh|68/100 par
|move|p2a: Ho-Oh|Thunder Wave|p1a: Dialga
|-status|p1a: Dialga|par
|
|-heal|p1a: Dialga|100/100 par|[from] item: Leftovers
|upkeep
|turn|35
|
|t:|1660404274
|move|p1a: Dialga|Stealth Rock||[still]
|-fail|p1a: Dialga
|move|p2a: Ho-Oh|Defog|p1a: Dialga
|-unboost|p1a: Dialga|evasion|1
|-sideend|p2: TogeBirlHQ|Stealth Rock|[from] move: Defog|[of] p2a: Ho-Oh
|
|upkeep
|turn|36
|
|t:|1660404280
|switch|p2a: Eternatus|Eternatus|83/100
|-ability|p2a: Eternatus|Pressure
|move|p1a: Dialga|Dragon Breath|p2a: Eternatus
|-supereffective|p2a: Eternatus
|-damage|p2a: Eternatus|50/100
|-status|p2a: Eternatus|par
|
|upkeep
|turn|37
|
|t:|1660404287
|move|p2a: Eternatus|Recover|p2a: Eternatus
|-heal|p2a: Eternatus|99/100 par
|move|p1a: Dialga|Stealth Rock|p2a: Eternatus
|-sidestart|p2: TogeBirlHQ|move: Stealth Rock
|
|upkeep
|turn|38
|
|t:|1660404301
|switch|p1a: Necrozma|Necrozma-Dusk-Mane|95/100
|move|p2a: Eternatus|Mystical Fire|p1a: Necrozma
|-supereffective|p1a: Necrozma
|-damage|p1a: Necrozma|65/100
|-unboost|p1a: Necrozma|spa|1
|
|upkeep
|turn|39
|
|t:|1660404315
|switch|p2a: Calyrex|Calyrex-Shadow|100/100
|-ability|p2a: Calyrex|As One
|-ability|p2a: Calyrex|Unnerve
|-damage|p2a: Calyrex|88/100|[from] Stealth Rock
|move|p1a: Necrozma|Knock Off|p2a: Calyrex
|-supereffective|p2a: Calyrex
|-damage|p2a: Calyrex|0 fnt
|-enditem|p2a: Calyrex|Choice Specs|[from] move: Knock Off|[of] p1a: Necrozma
|faint|p2a: Calyrex
|
|upkeep
|inactive|Battle timer is ON: inactive players will automatically lose when time's up. (requested by LD8 nvzhuangkeai)
|
|t:|1660404337
|switch|p2a: Ho-Oh|Ho-Oh|100/100 par
|turn|40
|
|t:|1660404342
|switch|p1a: Dialga|Dialga|100/100 par
|-ability|p1a: Dialga|Pressure
|cant|p2a: Ho-Oh|par
|
|upkeep
|turn|41
|-message|TogeBirlHQ forfeited.
|
|win|LD8 nvzhuangkeai
|raw|LD8 nvzhuangkeai's rating: 1527 &rarr; <strong>1547</strong><br />(+20 for winning)
|raw|TogeBirlHQ's rating: 1531 &rarr; <strong>1511</strong><br />(-20 for losing)
|l|☆TogeBirlHQ
