|j|‽Cecy787
|j|☆PlusleTG
|t:|1668700593
|gametype|singles
|player|p1|Cecy787|2|1488
|player|p2|PlusleTG|infielder|1340
|teamsize|p1|6
|teamsize|p2|6
|gen|8
|tier|[Gen 8] Ubers
|rated|
|rule|Sleep Clause Mod: Limit one foe put to sleep
|rule|Species Clause: Limit one of each Pokémon
|rule|OHKO Clause: OHKO moves are banned
|rule|Evasion Items Clause: Evasion items are banned
|rule|Evasion Moves Clause: Evasion moves are banned
|rule|Endless Battle Clause: Forcing endless battles is banned
|rule|HP Percentage Mod: HP is shown in percentages
|rule|Dynamax Clause: You cannot dynamax
|clearpoke
|poke|p1|Slurpuff, F|
|poke|p1|Rayquaza|
|poke|p1|Xerneas-*|
|poke|p1|Necrozma-Dusk-Mane|
|poke|p1|Yveltal|
|poke|p1|Calyrex-Shadow|
|poke|p2|Nidoqueen, F|
|poke|p2|Gastrodon, F|
|poke|p2|Obstagoon, M|
|poke|p2|Mandibuzz, F|
|poke|p2|Kyogre|
|poke|p2|Heatran, F|
|teampreview
|
|t:|1668700606
|start
|switch|p1a: Slurpuff|Slurpuff, F|100/100
|switch|p2a: Heatran|Heatran, F|100/100
|turn|1
|
|t:|1668700609
|move|p1a: Slurpuff|Magic Coat|p1a: Slurpuff
|-singleturn|p1a: Slurpuff|move: Magic Coat
|move|p2a: Heatran|Stealth Rock|p1a: Slurpuff
|move|p1a: Slurpuff|Stealth Rock|p2a: Heatran|[from]Magic Coat
|-sidestart|p2: PlusleTG|move: Stealth Rock
|
|upkeep
|turn|2
|
|t:|1668700618
|move|p1a: Slurpuff|Sticky Web|p2a: Heatran
|-sidestart|p2: PlusleTG|move: Sticky Web
|move|p2a: Heatran|Stealth Rock|p1a: Slurpuff
|-sidestart|p1: Cecy787|move: Stealth Rock
|
|upkeep
|turn|3
|
|t:|1668700628
|move|p1a: Slurpuff|Misty Explosion|p2a: Heatran
|-resisted|p2a: Heatran
|-damage|p2a: Heatran|94/100
|faint|p1a: Slurpuff
|move|p2a: Heatran|Roar|p1: Slurpuff|[notarget]
|-fail|p2a: Heatran
|
|-heal|p2a: Heatran|99/100|[from] item: Leftovers
|upkeep
|j| Tr0wa Barton
|
|t:|1668700641
|switch|p1a: Yveltal|Yveltal|100/100
|-ability|p1a: Yveltal|Dark Aura
|turn|4
|
|t:|1668700643
|switch|p2a: Gastrodon|Gastrodon, F|100/100
|-damage|p2a: Gastrodon|94/100|[from] Stealth Rock
|-activate|p2a: Gastrodon|move: Sticky Web
|-unboost|p2a: Gastrodon|spe|1
|move|p1a: Yveltal|Taunt|p2a: Gastrodon
|-start|p2a: Gastrodon|move: Taunt
|
|-heal|p2a: Gastrodon|100/100|[from] item: Leftovers
|upkeep
|turn|5
|
|t:|1668700648
|switch|p2a: Mandibuzz|Mandibuzz, F|100/100
|move|p1a: Yveltal|Knock Off|p2a: Mandibuzz
|-resisted|p2a: Mandibuzz
|-damage|p2a: Mandibuzz|85/100
|-enditem|p2a: Mandibuzz|Heavy-Duty Boots|[from] move: Knock Off|[of] p1a: Yveltal
|
|upkeep
|turn|6
|
|t:|1668700650
|move|p1a: Yveltal|Taunt|p2a: Mandibuzz
|-start|p2a: Mandibuzz|move: Taunt
|move|p2a: Mandibuzz|Foul Play|p1a: Yveltal
|-resisted|p1a: Yveltal
|-damage|p1a: Yveltal|79/100
|
|upkeep
|turn|7
|
|t:|1668700656
|move|p1a: Yveltal|Knock Off|p2a: Mandibuzz
|-resisted|p2a: Mandibuzz
|-damage|p2a: Mandibuzz|73/100
|move|p2a: Mandibuzz|Foul Play|p1a: Yveltal
|-resisted|p1a: Yveltal
|-damage|p1a: Yveltal|58/100
|
|upkeep
|turn|8
|
|t:|1668700660
|move|p1a: Yveltal|Sucker Punch|p2a: Mandibuzz
|-resisted|p2a: Mandibuzz
|-damage|p2a: Mandibuzz|63/100
|move|p2a: Mandibuzz|Foul Play|p1a: Yveltal
|-resisted|p1a: Yveltal
|-damage|p1a: Yveltal|36/100
|
|-end|p2a: Mandibuzz|move: Taunt
|upkeep
|turn|9
|
|t:|1668700667
|move|p1a: Yveltal|Taunt|p2a: Mandibuzz
|-start|p2a: Mandibuzz|move: Taunt
|cant|p2a: Mandibuzz|move: Taunt|Defog
|
|upkeep
|turn|10
|
|t:|1668700669
|move|p1a: Yveltal|Roost|p1a: Yveltal
|-heal|p1a: Yveltal|86/100
|-singleturn|p1a: Yveltal|move: Roost
|move|p2a: Mandibuzz|Foul Play|p1a: Yveltal
|-resisted|p1a: Yveltal
|-damage|p1a: Yveltal|64/100
|
|upkeep
|turn|11
|
|t:|1668700671
|move|p1a: Yveltal|Roost|p1a: Yveltal
|-heal|p1a: Yveltal|100/100
|-singleturn|p1a: Yveltal|move: Roost
|move|p2a: Mandibuzz|Foul Play|p1a: Yveltal
|-resisted|p1a: Yveltal
|-damage|p1a: Yveltal|78/100
|
|-end|p2a: Mandibuzz|move: Taunt
|upkeep
|turn|12
|l| Tr0wa Barton
|
|t:|1668700679
|switch|p2a: Kyogre|Kyogre|100/100
|-damage|p2a: Kyogre|88/100|[from] Stealth Rock
|-activate|p2a: Kyogre|move: Sticky Web
|-unboost|p2a: Kyogre|spe|1
|-weather|RainDance|[from] ability: Drizzle|[of] p2a: Kyogre
|move|p1a: Yveltal|Taunt|p2a: Kyogre
|-start|p2a: Kyogre|move: Taunt
|
|-weather|RainDance|[upkeep]
|-heal|p2a: Kyogre|94/100|[from] item: Leftovers
|upkeep
|turn|13
|
|t:|1668700684
|switch|p1a: Necrozma|Necrozma-Dusk-Mane|100/100
|-damage|p1a: Necrozma|94/100|[from] Stealth Rock
|move|p2a: Kyogre|Ice Beam|p1a: Necrozma
|-resisted|p1a: Necrozma
|-damage|p1a: Necrozma|86/100
|
|-weather|RainDance|[upkeep]
|-heal|p1a: Necrozma|92/100|[from] item: Leftovers
|-heal|p2a: Kyogre|100/100|[from] item: Leftovers
|upkeep
|turn|14
|
|t:|1668700691
|switch|p2a: Mandibuzz|Mandibuzz, F|63/100
|-damage|p2a: Mandibuzz|38/100|[from] Stealth Rock
|move|p1a: Necrozma|Stealth Rock||[still]
|-fail|p1a: Necrozma
|
|-weather|RainDance|[upkeep]
|-heal|p1a: Necrozma|98/100|[from] item: Leftovers
|upkeep
|turn|15
|
|t:|1668700702
|move|p2a: Mandibuzz|Defog|p1a: Necrozma
|-unboost|p1a: Necrozma|evasion|1
|-sideend|p1: Cecy787|Stealth Rock|[from] move: Defog|[of] p2a: Mandibuzz
|-sideend|p2: PlusleTG|Stealth Rock|[from] move: Defog|[of] p2a: Mandibuzz
|-sideend|p2: PlusleTG|Sticky Web|[from] move: Defog|[of] p2a: Mandibuzz
|move|p1a: Necrozma|Iron Head|p2a: Mandibuzz
|-damage|p2a: Mandibuzz|14/100
|
|-weather|RainDance|[upkeep]
|-heal|p1a: Necrozma|100/100|[from] item: Leftovers
|upkeep
|turn|16
|
|t:|1668700705
|move|p2a: Mandibuzz|Roost|p2a: Mandibuzz
|-heal|p2a: Mandibuzz|64/100
|-singleturn|p2a: Mandibuzz|move: Roost
|move|p1a: Necrozma|Thunder Wave|p2a: Mandibuzz
|-status|p2a: Mandibuzz|par
|
|-weather|none
|upkeep
|turn|17
|
|t:|1668700708
|move|p1a: Necrozma|Stealth Rock|p2a: Mandibuzz
|-sidestart|p2: PlusleTG|move: Stealth Rock
|move|p2a: Mandibuzz|Foul Play|p1a: Necrozma
|-supereffective|p1a: Necrozma
|-damage|p1a: Necrozma|51/100
|
|-heal|p1a: Necrozma|57/100|[from] item: Leftovers
|upkeep
|turn|18
|
|t:|1668700711
|move|p1a: Necrozma|Morning Sun|p1a: Necrozma
|-heal|p1a: Necrozma|100/100
|cant|p2a: Mandibuzz|par
|
|upkeep
|turn|19
|
|t:|1668700714
|move|p1a: Necrozma|Iron Head|p2a: Mandibuzz
|-damage|p2a: Mandibuzz|39/100 par
|move|p2a: Mandibuzz|Foul Play|p1a: Necrozma
|-supereffective|p1a: Necrozma
|-damage|p1a: Necrozma|50/100
|
|-heal|p1a: Necrozma|57/100|[from] item: Leftovers
|upkeep
|turn|20
|
|t:|1668700722
|switch|p2a: Heatran|Heatran, F|99/100
|-damage|p2a: Heatran|87/100|[from] Stealth Rock
|move|p1a: Necrozma|Morning Sun|p1a: Necrozma
|-heal|p1a: Necrozma|100/100
|
|-heal|p2a: Heatran|93/100|[from] item: Leftovers
|upkeep
|turn|21
|
|t:|1668700727
|switch|p1a: Yveltal|Yveltal|78/100
|-ability|p1a: Yveltal|Dark Aura
|move|p2a: Heatran|Stealth Rock|p1a: Yveltal
|-sidestart|p1: Cecy787|move: Stealth Rock
|
|-heal|p2a: Heatran|99/100|[from] item: Leftovers
|upkeep
|turn|22
|
|t:|1668700739
|move|p1a: Yveltal|Knock Off|p2a: Heatran
|-damage|p2a: Heatran|55/100
|-enditem|p2a: Heatran|Leftovers|[from] move: Knock Off|[of] p1a: Yveltal
|move|p2a: Heatran|Flamethrower|p1a: Yveltal
|-damage|p1a: Yveltal|53/100
|
|upkeep
|turn|23
|
|t:|1668700745
|move|p1a: Yveltal|Taunt|p2a: Heatran
|-start|p2a: Heatran|move: Taunt
|move|p2a: Heatran|Flamethrower|p1a: Yveltal
|-damage|p1a: Yveltal|29/100
|
|upkeep
|turn|24
|
|t:|1668700750
|move|p1a: Yveltal|Roost|p1a: Yveltal
|-heal|p1a: Yveltal|79/100
|-singleturn|p1a: Yveltal|move: Roost
|move|p2a: Heatran|Flamethrower|p1a: Yveltal
|-damage|p1a: Yveltal|51/100
|
|upkeep
|turn|25
|
|t:|1668700752
|move|p1a: Yveltal|Roost|p1a: Yveltal
|-heal|p1a: Yveltal|100/100
|-singleturn|p1a: Yveltal|move: Roost
|move|p2a: Heatran|Flamethrower|p1a: Yveltal
|-damage|p1a: Yveltal|74/100
|
|-end|p2a: Heatran|move: Taunt
|upkeep
|turn|26
|
|t:|1668700754
|move|p1a: Yveltal|Taunt|p2a: Heatran
|-start|p2a: Heatran|move: Taunt
|move|p2a: Heatran|Flamethrower|p1a: Yveltal
|-damage|p1a: Yveltal|46/100
|-status|p1a: Yveltal|brn
|
|-damage|p1a: Yveltal|40/100 brn|[from] brn
|upkeep
|turn|27
|
|t:|1668700758
|switch|p2a: Mandibuzz|Mandibuzz, F|39/100 par
|-damage|p2a: Mandibuzz|14/100 par|[from] Stealth Rock
|move|p1a: Yveltal|Roost|p1a: Yveltal
|-heal|p1a: Yveltal|90/100 brn
|-singleturn|p1a: Yveltal|move: Roost
|
|-damage|p1a: Yveltal|84/100 brn|[from] brn
|upkeep
|turn|28
|
|t:|1668700763
|move|p1a: Yveltal|Taunt|p2a: Mandibuzz
|-start|p2a: Mandibuzz|move: Taunt
|cant|p2a: Mandibuzz|move: Taunt|Roost
|
|-damage|p1a: Yveltal|78/100 brn|[from] brn
|upkeep
|turn|29
|
|t:|1668700768
|move|p1a: Yveltal|Knock Off|p2a: Mandibuzz
|-resisted|p2a: Mandibuzz
|-damage|p2a: Mandibuzz|9/100 par
|move|p2a: Mandibuzz|Foul Play|p1a: Yveltal
|-resisted|p1a: Yveltal
|-damage|p1a: Yveltal|58/100 brn
|
|-damage|p1a: Yveltal|52/100 brn|[from] brn
|upkeep
|turn|30
|
|t:|1668700771
|move|p1a: Yveltal|Roost|p1a: Yveltal
|-heal|p1a: Yveltal|100/100 brn
|-singleturn|p1a: Yveltal|move: Roost
|move|p2a: Mandibuzz|Foul Play|p1a: Yveltal
|-resisted|p1a: Yveltal
|-damage|p1a: Yveltal|81/100 brn
|
|-damage|p1a: Yveltal|75/100 brn|[from] brn
|-end|p2a: Mandibuzz|move: Taunt
|upkeep
|turn|31
|
|t:|1668700773
|move|p1a: Yveltal|Taunt|p2a: Mandibuzz
|-start|p2a: Mandibuzz|move: Taunt
|move|p2a: Mandibuzz|Foul Play|p1a: Yveltal
|-resisted|p1a: Yveltal
|-damage|p1a: Yveltal|53/100 brn
|
|-damage|p1a: Yveltal|47/100 brn|[from] brn
|upkeep
|turn|32
|
|t:|1668700777
|move|p1a: Yveltal|Roost|p1a: Yveltal
|-heal|p1a: Yveltal|97/100 brn
|-singleturn|p1a: Yveltal|move: Roost
|move|p2a: Mandibuzz|Foul Play|p1a: Yveltal
|-resisted|p1a: Yveltal
|-damage|p1a: Yveltal|76/100 brn
|
|-damage|p1a: Yveltal|70/100 brn|[from] brn
|upkeep
|turn|33
|
|t:|1668700787
|switch|p1a: Xerneas|Xerneas|100/100
|-damage|p1a: Xerneas|88/100|[from] Stealth Rock
|-ability|p1a: Xerneas|Fairy Aura
|move|p2a: Mandibuzz|Foul Play|p1a: Xerneas
|-resisted|p1a: Xerneas
|-damage|p1a: Xerneas|74/100
|
|-end|p2a: Mandibuzz|move: Taunt
|upkeep
|turn|34
|
|t:|1668700792
|switch|p2a: Nidoqueen|Nidoqueen, F|100/100
|-damage|p2a: Nidoqueen|94/100|[from] Stealth Rock
|move|p1a: Xerneas|Geomancy||[still]
|-prepare|p1a: Xerneas|Geomancy
|-enditem|p1a: Xerneas|Power Herb
|-anim|p1a: Xerneas|Geomancy|p1a: Xerneas
|-boost|p1a: Xerneas|spa|2
|-boost|p1a: Xerneas|spd|2
|-boost|p1a: Xerneas|spe|2
|
|-heal|p2a: Nidoqueen|100/100|[from] item: Black Sludge
|upkeep
|turn|35
|
|t:|1668700798
|move|p1a: Xerneas|Moonblast|p2a: Nidoqueen
|-resisted|p2a: Nidoqueen
|-damage|p2a: Nidoqueen|53/100
|-unboost|p2a: Nidoqueen|spa|1
|move|p2a: Nidoqueen|Poison Jab|p1a: Xerneas
|-supereffective|p1a: Xerneas
|-damage|p1a: Xerneas|22/100
|
|-heal|p2a: Nidoqueen|59/100|[from] item: Black Sludge
|upkeep
|turn|36
|
|t:|1668700805
|move|p1a: Xerneas|Moonblast|p2a: Nidoqueen
|-resisted|p2a: Nidoqueen
|-damage|p2a: Nidoqueen|8/100
|-unboost|p2a: Nidoqueen|spa|1
|move|p2a: Nidoqueen|Poison Jab|p1a: Xerneas
|-supereffective|p1a: Xerneas
|-damage|p1a: Xerneas|0 fnt
|faint|p1a: Xerneas
|
|-heal|p2a: Nidoqueen|14/100|[from] item: Black Sludge
|upkeep
|
|t:|1668700821
|switch|p1a: Yveltal|Yveltal|70/100 brn
|-ability|p1a: Yveltal|Dark Aura
|turn|37
|
|t:|1668700830
|move|p1a: Yveltal|Knock Off|p2a: Nidoqueen
|-damage|p2a: Nidoqueen|0 fnt
|-enditem|p2a: Nidoqueen|Black Sludge|[from] move: Knock Off|[of] p1a: Yveltal
|faint|p2a: Nidoqueen
|
|-damage|p1a: Yveltal|63/100 brn|[from] brn
|upkeep
|
|t:|1668700838
|switch|p2a: Obstagoon|Obstagoon, M|100/100
|-damage|p2a: Obstagoon|88/100|[from] Stealth Rock
|turn|38
|
|t:|1668700846
|move|p2a: Obstagoon|Bulk Up|p2a: Obstagoon
|-boost|p2a: Obstagoon|atk|1
|-boost|p2a: Obstagoon|def|1
|move|p1a: Yveltal|Taunt|p2a: Obstagoon
|-start|p2a: Obstagoon|move: Taunt
|
|-damage|p1a: Yveltal|57/100 brn|[from] brn
|-status|p2a: Obstagoon|brn|[from] item: Flame Orb
|upkeep
|turn|39
|
|t:|1668700848
|move|p2a: Obstagoon|Facade|p1a: Yveltal
|-damage|p1a: Yveltal|0 fnt
|faint|p1a: Yveltal
|
|-damage|p2a: Obstagoon|82/100 brn|[from] brn
|upkeep
|
|t:|1668700855
|switch|p1a: Rayquaza|Rayquaza|100/100
|-damage|p1a: Rayquaza|76/100|[from] Stealth Rock
|-ability|p1a: Rayquaza|Air Lock
|turn|40
|
|t:|1668700862
|move|p1a: Rayquaza|Dragon Ascent|p2a: Obstagoon
|-damage|p2a: Obstagoon|26/100 brn
|-unboost|p1a: Rayquaza|def|1
|-unboost|p1a: Rayquaza|spd|1
|-damage|p1a: Rayquaza|66/100|[from] item: Life Orb
|move|p2a: Obstagoon|Knock Off|p1a: Rayquaza
|-damage|p1a: Rayquaza|0 fnt
|-enditem|p1a: Rayquaza|Life Orb|[from] move: Knock Off|[of] p2a: Obstagoon
|faint|p1a: Rayquaza
|
|-damage|p2a: Obstagoon|19/100 brn|[from] brn
|upkeep
|-message|Cecy787 forfeited.
|
|win|PlusleTG
|raw|Cecy787's rating: 1488 &rarr; <strong>1460</strong><br />(-28 for losing)
|raw|PlusleTG's rating: 1340 &rarr; <strong>1368</strong><br />(+28 for winning)
|l|‽Cecy787
