|j|☆Rasengan777
|j|☆MollyCock
|player|p1|Rasengan777|265|1508
|player|p2|MollyCock|ghetsis-gen5bw|1664
|teamsize|p1|6
|teamsize|p2|6
|gametype|singles
|gen|8
|tier|[Gen 8] Ubers
|rated|
|clearpoke
|poke|p1|Eternatus|
|poke|p1|Marshadow|
|poke|p1|Mandibuzz, F|
|poke|p1|Jirachi|
|poke|p1|Corviknight, F|
|poke|p1|Dugtrio, F|
|poke|p2|Reshiram|
|poke|p2|Darmanitan-Galar, F|
|poke|p2|Hippowdon, M|
|poke|p2|Corviknight, F|
|poke|p2|Eternatus|
|poke|p2|Zacian-Crowned|
|rule|Sleep Clause Mod: Limit one foe put to sleep
|rule|Species Clause: Limit one of each Pokémon
|rule|OHKO Clause: OHKO moves are banned
|rule|Evasion Moves Clause: Evasion moves are banned
|rule|Endless Battle Clause: Forcing endless battles is banned
|rule|HP Percentage Mod: HP is shown in percentages
|teampreview
|
|start
|switch|p1a: Mandibuzz|Mandibuzz, F|100/100
|switch|p2a: Hippowdon|Hippowdon, M|100/100
|-weather|Sandstorm|[from] ability: Sand Stream|[of] p2a: Hippowdon
|turn|1
|
|move|p1a: Mandibuzz|Taunt|p2a: Hippowdon
|-start|p2a: Hippowdon|move: Taunt
|cant|p2a: Hippowdon|move: Taunt|Stealth Rock
|
|-weather|Sandstorm|[upkeep]
|upkeep
|turn|2
|
|move|p1a: Mandibuzz|Knock Off|p2a: Hippowdon
|-damage|p2a: Hippowdon|85/100
|-damage|p1a: Mandibuzz|84/100|[from] item: Rocky Helmet|[of] p2a: Hippowdon
|-enditem|p2a: Hippowdon|Rocky Helmet|[from] move: Knock Off|[of] p1a: Mandibuzz
|move|p2a: Hippowdon|Earthquake|p1a: Mandibuzz
|-immune|p1a: Mandibuzz
|
|-weather|Sandstorm|[upkeep]
|upkeep
|turn|3
|
|move|p1a: Mandibuzz|Knock Off|p2a: Hippowdon
|-damage|p2a: Hippowdon|75/100
|move|p2a: Hippowdon|Earthquake|p1a: Mandibuzz
|-immune|p1a: Mandibuzz
|
|-weather|Sandstorm|[upkeep]
|-end|p2a: Hippowdon|move: Taunt
|upkeep
|turn|4
|j| L24
|
|switch|p1a: Jirachi|Jirachi|100/100
|switch|p2a: Darmanitan|Darmanitan-Galar, F|100/100
|
|-weather|Sandstorm|[upkeep]
|-damage|p2a: Darmanitan|95/100|[from] Sandstorm
|upkeep
|turn|5
|
|switch|p2a: Corviknight|Corviknight, F|100/100
|-ability|p2a: Corviknight|Pressure
|move|p1a: Jirachi|Iron Head|p2a: Corviknight
|-resisted|p2a: Corviknight
|-damage|p2a: Corviknight|91/100
|-damage|p1a: Jirachi|84/100|[from] item: Rocky Helmet|[of] p2a: Corviknight
|
|-weather|none
|upkeep
|turn|6
|
|switch|p1a: Eternatus|Eternatus|100/100
|-ability|p1a: Eternatus|Pressure
|move|p2a: Corviknight|U-turn|p1a: Eternatus
|-resisted|p1a: Eternatus
|-damage|p1a: Eternatus|96/100
|
|switch|p2a: Darmanitan|Darmanitan-Galar, F|95/100|[from]move: U-turn
|
|upkeep
|turn|7
|
|move|p2a: Darmanitan|Flare Blitz|p1a: Eternatus
|-resisted|p1a: Eternatus
|-damage|p1a: Eternatus|75/100
|-damage|p2a: Darmanitan|86/100|[from] Recoil
|move|p1a: Eternatus|Flamethrower|p2a: Darmanitan
|-supereffective|p2a: Darmanitan
|-damage|p2a: Darmanitan|0 fnt
|faint|p2a: Darmanitan
|
|upkeep
|
|switch|p2a: Zacian|Zacian-Crowned|100/100
|-ability|p2a: Zacian|Intrepid Sword|boost
|-boost|p2a: Zacian|atk|1
|turn|8
|
|switch|p1a: Corviknight|Corviknight, F|100/100
|move|p2a: Zacian|Behemoth Blade|p1a: Corviknight
|-resisted|p1a: Corviknight
|-damage|p1a: Corviknight|67/100
|-damage|p2a: Zacian|84/100|[from] item: Rocky Helmet|[of] p1a: Corviknight
|
|upkeep
|turn|9
|
|switch|p2a: Corviknight|Corviknight, F|91/100
|-ability|p2a: Corviknight|Pressure
|move|p1a: Corviknight|Roost|p1a: Corviknight
|-heal|p1a: Corviknight|100/100
|-singleturn|p1a: Corviknight|move: Roost
|
|upkeep
|turn|10
|
|move|p2a: Corviknight|U-turn|p1a: Corviknight
|-resisted|p1a: Corviknight
|-damage|p1a: Corviknight|98/100
|-damage|p2a: Corviknight|74/100|[from] item: Rocky Helmet|[of] p1a: Corviknight
|
|switch|p2a: Hippowdon|Hippowdon, M|75/100|[from]move: U-turn
|-weather|Sandstorm|[from] ability: Sand Stream|[of] p2a: Hippowdon
|move|p1a: Corviknight|U-turn|p2a: Hippowdon
|-damage|p2a: Hippowdon|67/100
|
|switch|p1a: Mandibuzz|Mandibuzz, F|84/100|[from]move: U-turn
|
|-weather|Sandstorm|[upkeep]
|upkeep
|turn|11
|
|move|p1a: Mandibuzz|Taunt|p2a: Hippowdon
|-start|p2a: Hippowdon|move: Taunt
|cant|p2a: Hippowdon|move: Taunt|Stealth Rock
|
|-weather|Sandstorm|[upkeep]
|upkeep
|turn|12
|
|switch|p2a: Corviknight|Corviknight, F|74/100
|-ability|p2a: Corviknight|Pressure
|move|p1a: Mandibuzz|Knock Off|p2a: Corviknight
|-damage|p2a: Corviknight|61/100
|-damage|p1a: Mandibuzz|67/100|[from] item: Rocky Helmet|[of] p2a: Corviknight
|-enditem|p2a: Corviknight|Rocky Helmet|[from] move: Knock Off|[of] p1a: Mandibuzz
|
|-weather|Sandstorm|[upkeep]
|upkeep
|turn|13
|
|move|p1a: Mandibuzz|Roost|p1a: Mandibuzz
|-heal|p1a: Mandibuzz|100/100
|-singleturn|p1a: Mandibuzz|move: Roost
|move|p2a: Corviknight|U-turn|p1a: Mandibuzz
|-supereffective|p1a: Mandibuzz
|-damage|p1a: Mandibuzz|79/100
|
|switch|p2a: Reshiram|Reshiram|100/100|[from]move: U-turn
|-ability|p2a: Reshiram|Turboblaze
|
|-weather|Sandstorm|[upkeep]
|-damage|p2a: Reshiram|94/100|[from] Sandstorm
|upkeep
|turn|14
|j| Pgjmx
|
|switch|p1a: Eternatus|Eternatus|75/100
|-ability|p1a: Eternatus|Pressure
|move|p2a: Reshiram|Dragon Dance|p2a: Reshiram
|-boost|p2a: Reshiram|atk|1
|-boost|p2a: Reshiram|spe|1
|
|-weather|none
|upkeep
|turn|15
|
|move|p2a: Reshiram|Dragon Claw|p1a: Eternatus
|-supereffective|p1a: Eternatus
|-enditem|p1a: Eternatus|Haban Berry|[eat]
|-enditem|p1a: Eternatus|Haban Berry|[weaken]
|-damage|p1a: Eternatus|32/100
|-damage|p2a: Reshiram|84/100|[from] item: Life Orb
|move|p1a: Eternatus|Dynamax Cannon|p2a: Reshiram
|-supereffective|p2a: Reshiram
|-damage|p2a: Reshiram|0 fnt
|faint|p2a: Reshiram
|
|upkeep
|
|switch|p2a: Hippowdon|Hippowdon, M|67/100
|-weather|Sandstorm|[from] ability: Sand Stream|[of] p2a: Hippowdon
|turn|16
|
|move|p1a: Eternatus|Dynamax Cannon|p2a: Hippowdon
|-damage|p2a: Hippowdon|18/100
|move|p2a: Hippowdon|Stealth Rock|p1a: Eternatus
|-sidestart|p1: Rasengan777|move: Stealth Rock
|
|-weather|Sandstorm|[upkeep]
|-damage|p1a: Eternatus|26/100|[from] Sandstorm
|upkeep
|turn|17
|
|move|p1a: Eternatus|Dynamax Cannon|p2a: Hippowdon
|-damage|p2a: Hippowdon|0 fnt
|faint|p2a: Hippowdon
|
|-weather|Sandstorm|[upkeep]
|-damage|p1a: Eternatus|20/100|[from] Sandstorm
|upkeep
|
|switch|p2a: Eternatus|Eternatus|100/100
|-ability|p2a: Eternatus|Pressure
|turn|18
|
|move|p2a: Eternatus|Flamethrower|p1a: Eternatus
|-resisted|p1a: Eternatus
|-damage|p1a: Eternatus|5/100
|move|p1a: Eternatus|Dynamax Cannon|p2a: Eternatus
|-supereffective|p2a: Eternatus
|-damage|p2a: Eternatus|14/100
|
|-weather|Sandstorm|[upkeep]
|-damage|p2a: Eternatus|7/100|[from] Sandstorm
|-damage|p1a: Eternatus|0 fnt|[from] Sandstorm
|faint|p1a: Eternatus
|upkeep
|
|switch|p1a: Dugtrio|Dugtrio, F|100/100
|-damage|p1a: Dugtrio|94/100|[from] Stealth Rock
|turn|19
|
|move|p1a: Dugtrio|Earthquake|p2a: Eternatus
|-supereffective|p2a: Eternatus
|-damage|p2a: Eternatus|0 fnt
|faint|p2a: Eternatus
|
|-weather|Sandstorm|[upkeep]
|upkeep
|
|switch|p2a: Corviknight|Corviknight, F|61/100
|-ability|p2a: Corviknight|Pressure
|turn|20
|
|switch|p1a: Corviknight|Corviknight, F|98/100
|-damage|p1a: Corviknight|86/100|[from] Stealth Rock
|move|p2a: Corviknight|U-turn|p1a: Corviknight
|-resisted|p1a: Corviknight
|-damage|p1a: Corviknight|84/100
|-damage|p2a: Corviknight|45/100|[from] item: Rocky Helmet|[of] p1a: Corviknight
|
|switch|p2a: Zacian|Zacian-Crowned|84/100|[from]move: U-turn
|-ability|p2a: Zacian|Intrepid Sword|boost
|-boost|p2a: Zacian|atk|1
|
|-weather|none
|upkeep
|turn|21
|
|move|p2a: Zacian|Swords Dance|p2a: Zacian
|-boost|p2a: Zacian|atk|2
|move|p1a: Corviknight|U-turn|p2a: Zacian
|-resisted|p2a: Zacian
|-damage|p2a: Zacian|80/100
|
|switch|p1a: Dugtrio|Dugtrio, F|94/100|[from]move: U-turn
|-damage|p1a: Dugtrio|88/100|[from] Stealth Rock
|
|upkeep
|turn|22
|
|move|p1a: Dugtrio|Earthquake|p2a: Zacian
|-supereffective|p2a: Zacian
|-damage|p2a: Zacian|0 fnt
|faint|p2a: Zacian
|
|upkeep
|-message|MollyCock forfeited.
|
|win|Rasengan777
|l|☆MollyCock
|raw|Rasengan777's rating: 1508 &rarr; <strong>1537</strong><br />(+29 for winning)
|raw|MollyCock's rating: 1664 &rarr; <strong>1636</strong><br />(-28 for losing)
|l|☆Rasengan777
