|j|☆emiyo
|j|☆falcon❤️kelly
|t:|1669770335
|gametype|singles
|player|p1|emiyo|170|1537
|player|p2|falcon❤️kelly|swimmerf|1468
|teamsize|p1|6
|teamsize|p2|6
|gen|8
|tier|[Gen 8] Ubers
|rated|
|rule|Sleep Clause Mod: Limit one foe put to sleep
|rule|Species Clause: Limit one of each Pokémon
|rule|OHKO Clause: OHKO moves are banned
|rule|Evasion Items Clause: Evasion items are banned
|rule|Evasion Moves Clause: Evasion moves are banned
|rule|Endless Battle Clause: Forcing endless battles is banned
|rule|HP Percentage Mod: HP is shown in percentages
|rule|Dynamax Clause: You cannot dynamax
|clearpoke
|poke|p1|Xerneas-*|
|poke|p1|Klefki, F|
|poke|p1|Zekrom|
|poke|p1|Calyrex-Shadow|
|poke|p1|Necrozma-Dusk-Mane|
|poke|p1|Yveltal|
|poke|p2|Galvantula, F|
|poke|p2|Kyogre|
|poke|p2|Xerneas-*|
|poke|p2|Marshadow|
|poke|p2|Lugia|
|poke|p2|Calyrex-Shadow|
|teampreview
|c|☆falcon❤️kelly|hf
|j| drey77
|
|t:|1669770358
|start
|switch|p1a: Zekrom|Zekrom|100/100
|switch|p2a: Galvantula|Galvantula, F, shiny|100/100
|-ability|p1a: Zekrom|Teravolt
|turn|1
|c| drey77|waiting for a match am bored gl to both players
|
|t:|1669770376
|move|p2a: Galvantula|Sticky Web|p1a: Zekrom
|-sidestart|p1: emiyo|move: Sticky Web
|move|p1a: Zekrom|Dragon Claw|p2a: Galvantula
|-damage|p2a: Galvantula|2/100
|-damage|p1a: Zekrom|91/100|[from] item: Life Orb
|
|upkeep
|turn|2
|
|t:|1669770392
|move|p2a: Galvantula|Struggle Bug|p1a: Zekrom
|-damage|p1a: Zekrom|70/100
|-unboost|p1a: Zekrom|spa|1
|move|p1a: Zekrom|Dragon Dance|p1a: Zekrom
|-boost|p1a: Zekrom|atk|1
|-boost|p1a: Zekrom|spe|1
|
|upkeep
|turn|3
|
|t:|1669770412
|move|p1a: Zekrom|Dragon Dance|p1a: Zekrom
|-boost|p1a: Zekrom|atk|1
|-boost|p1a: Zekrom|spe|1
|move|p2a: Galvantula|Struggle Bug|p1a: Zekrom
|-damage|p1a: Zekrom|50/100
|-unboost|p1a: Zekrom|spa|1
|
|upkeep
|turn|4
|
|t:|1669770430
|move|p1a: Zekrom|Roost|p1a: Zekrom
|-heal|p1a: Zekrom|99/100
|-singleturn|p1a: Zekrom|move: Roost
|move|p2a: Galvantula|Struggle Bug|p1a: Zekrom
|-damage|p1a: Zekrom|81/100
|-unboost|p1a: Zekrom|spa|1
|
|upkeep
|turn|5
|
|t:|1669770444
|move|p1a: Zekrom|Dragon Claw|p2a: Galvantula
|-damage|p2a: Galvantula|0 fnt
|faint|p2a: Galvantula
|-damage|p1a: Zekrom|71/100|[from] item: Life Orb
|
|upkeep
|
|t:|1669770449
|switch|p2a: Marshadow|Marshadow|100/100
|turn|6
|l| drey77
|
|t:|1669770485
|switch|p1a: Yveltal|Yveltal|100/100
|-ability|p1a: Yveltal|Dark Aura
|move|p2a: Marshadow|Spectral Thief|p1a: Yveltal
|-resisted|p1a: Yveltal
|-damage|p1a: Yveltal|81/100
|
|upkeep
|turn|7
|
|t:|1669770503
|switch|p2a: Lugia|Lugia, shiny|100/100
|move|p1a: Yveltal|Knock Off|p2a: Lugia
|-supereffective|p2a: Lugia
|-damage|p2a: Lugia|50/100
|-enditem|p2a: Lugia|Heavy-Duty Boots|[from] move: Knock Off|[of] p1a: Yveltal
|
|upkeep
|turn|8
|
|t:|1669770509
|move|p2a: Lugia|Toxic|p1a: Yveltal
|-status|p1a: Yveltal|tox
|move|p1a: Yveltal|Knock Off|p2a: Lugia
|-supereffective|p2a: Lugia
|-damage|p2a: Lugia|0 fnt
|faint|p2a: Lugia
|
|-damage|p1a: Yveltal|75/100 tox|[from] psn
|upkeep
|
|t:|1669770517
|switch|p2a: Kyogre|Kyogre, shiny|100/100
|-weather|RainDance|[from] ability: Drizzle|[of] p2a: Kyogre
|turn|9
|
|t:|1669770527
|move|p1a: Yveltal|Sucker Punch|p2a: Kyogre
|-damage|p2a: Kyogre|41/100
|move|p2a: Kyogre|Water Spout|p1a: Yveltal
|-damage|p1a: Yveltal|34/100 tox
|
|-weather|RainDance|[upkeep]
|-damage|p1a: Yveltal|21/100 tox|[from] psn
|upkeep
|turn|10
|
|t:|1669770537
|switch|p2a: Xerneas|Xerneas, shiny|100/100
|-ability|p2a: Xerneas|Fairy Aura
|move|p1a: Yveltal|Sucker Punch||[still]
|-fail|p1a: Yveltal
|
|-weather|RainDance|[upkeep]
|-damage|p1a: Yveltal|3/100 tox|[from] psn
|upkeep
|turn|11
|
|t:|1669770551
|switch|p1a: Klefki|Klefki, F|100/100
|-activate|p1a: Klefki|move: Sticky Web
|-unboost|p1a: Klefki|spe|1
|move|p2a: Xerneas|Geomancy||[still]
|-prepare|p2a: Xerneas|Geomancy
|-enditem|p2a: Xerneas|Power Herb
|-anim|p2a: Xerneas|Geomancy|p2a: Xerneas
|-boost|p2a: Xerneas|spa|2
|-boost|p2a: Xerneas|spd|2
|-boost|p2a: Xerneas|spe|2
|
|-weather|RainDance|[upkeep]
|upkeep
|turn|12
|
|t:|1669770560
|move|p1a: Klefki|Light Screen|p1a: Klefki
|-sidestart|p1: emiyo|move: Light Screen
|move|p2a: Xerneas|Thunderbolt|p1a: Klefki
|-crit|p1a: Klefki
|-damage|p1a: Klefki|0 fnt
|faint|p1a: Klefki
|
|-weather|RainDance|[upkeep]
|upkeep
|
|t:|1669770572
|switch|p1a: Necrozma|Necrozma-Dusk-Mane|100/100
|-activate|p1a: Necrozma|move: Sticky Web
|-unboost|p1a: Necrozma|spe|1
|turn|13
|
|t:|1669770583
|move|p2a: Xerneas|Thunderbolt|p1a: Necrozma
|-damage|p1a: Necrozma|72/100
|-status|p1a: Necrozma|par
|move|p1a: Necrozma|Iron Head|p2a: Xerneas
|-supereffective|p2a: Xerneas
|-damage|p2a: Xerneas|1/100
|
|-weather|none
|upkeep
|turn|14
|
|t:|1669770594
|move|p2a: Xerneas|Thunderbolt|p1a: Necrozma
|-damage|p1a: Necrozma|40/100 par
|move|p1a: Necrozma|Iron Head|p2a: Xerneas
|-supereffective|p2a: Xerneas
|-damage|p2a: Xerneas|0 fnt
|faint|p2a: Xerneas
|
|upkeep
|
|t:|1669770621
|switch|p2a: Marshadow|Marshadow|100/100
|turn|15
|
|t:|1669770630
|move|p2a: Marshadow|Spectral Thief|p1a: Necrozma
|-supereffective|p1a: Necrozma
|-damage|p1a: Necrozma|0 fnt
|faint|p1a: Necrozma
|
|upkeep
|
|t:|1669770643
|switch|p1a: Zekrom|Zekrom|71/100
|-activate|p1a: Zekrom|move: Sticky Web
|-unboost|p1a: Zekrom|spe|1
|-ability|p1a: Zekrom|Teravolt
|turn|16
|
|t:|1669770654
|switch|p2a: Kyogre|Kyogre, shiny|41/100
|-weather|RainDance|[from] ability: Drizzle|[of] p2a: Kyogre
|move|p1a: Zekrom|Dragon Claw|p2a: Kyogre
|-damage|p2a: Kyogre|0 fnt
|faint|p2a: Kyogre
|-damage|p1a: Zekrom|61/100|[from] item: Life Orb
|
|-weather|RainDance|[upkeep]
|upkeep
|
|t:|1669770668
|switch|p2a: Calyrex|Calyrex-Shadow|100/100
|-ability|p2a: Calyrex|As One
|-ability|p2a: Calyrex|Unnerve
|turn|17
|
|t:|1669770682
|move|p2a: Calyrex|Astral Barrage|p1a: Zekrom
|-damage|p1a: Zekrom|25/100
|move|p1a: Zekrom|Bolt Strike|p2a: Calyrex
|-damage|p2a: Calyrex|0 fnt
|faint|p2a: Calyrex
|-damage|p1a: Zekrom|15/100|[from] item: Life Orb
|
|-weather|RainDance|[upkeep]
|upkeep
|
|t:|1669770689
|switch|p2a: Marshadow|Marshadow|100/100
|turn|18
|
|t:|1669770705
|move|p2a: Marshadow|Spectral Thief|p1a: Zekrom
|-damage|p1a: Zekrom|0 fnt
|faint|p1a: Zekrom
|
|-weather|RainDance|[upkeep]
|upkeep
|
|t:|1669770733
|switch|p1a: Calyrex|Calyrex-Shadow|100/100
|-ability|p1a: Calyrex|As One
|-ability|p1a: Calyrex|Unnerve
|-activate|p1a: Calyrex|move: Sticky Web
|-unboost|p1a: Calyrex|spe|1
|turn|19
|j| drey77
|l| drey77
|
|t:|1669770746
|move|p2a: Marshadow|Shadow Sneak|p1a: Calyrex
|-supereffective|p1a: Calyrex
|-damage|p1a: Calyrex|0 fnt
|faint|p1a: Calyrex
|
|-weather|RainDance|[upkeep]
|-sideend|p1: emiyo|move: Light Screen
|upkeep
|
|t:|1669770756
|switch|p1a: Xerneas|Xerneas|100/100
|-activate|p1a: Xerneas|move: Sticky Web
|-unboost|p1a: Xerneas|spe|1
|-ability|p1a: Xerneas|Fairy Aura
|turn|20
|
|t:|1669770766
|move|p2a: Marshadow|Spectral Thief|p1a: Xerneas
|-damage|p1a: Xerneas|62/100
|move|p1a: Xerneas|Moonblast|p2a: Marshadow
|-supereffective|p2a: Marshadow
|-enditem|p2a: Marshadow|Focus Sash
|-damage|p2a: Marshadow|1/100
|
|-weather|none
|upkeep
|turn|21
|
|t:|1669770775
|move|p2a: Marshadow|Spectral Thief|p1a: Xerneas
|-damage|p1a: Xerneas|26/100
|move|p1a: Xerneas|Moonblast|p2a: Marshadow
|-supereffective|p2a: Marshadow
|-damage|p2a: Marshadow|0 fnt
|faint|p2a: Marshadow
|
|win|emiyo
|raw|emiyo's rating: 1537 &rarr; <strong>1553</strong><br />(+16 for winning)
|raw|falcon❤️kelly's rating: 1468 &rarr; <strong>1452</strong><br />(-16 for losing)
|c|☆falcon❤️kelly|gg
|c|☆emiyo|gg
|l|☆falcon❤️kelly
|j| drey77
||Ladder isn't responding, score probably updated but might not have (Request timeout).
