|j|☆Acey 2B
|j|☆QiYu3
|player|p1|Acey 2B|anabel|1551
|player|p2|QiYu3|psychic-gen4|1766
|teamsize|p1|6
|teamsize|p2|6
|gametype|singles
|gen|8
|tier|[Gen 8] Ubers
|rated|
|clearpoke
|poke|p1|Hippowdon, F|
|poke|p1|Excadrill, M|
|poke|p1|Lunala|
|poke|p1|Vaporeon, M|
|poke|p1|Necrozma-Dusk-Mane|
|poke|p1|Eternatus|
|poke|p2|Necrozma-Dusk-Mane|
|poke|p2|Marshadow|
|poke|p2|Lunala|
|poke|p2|Ditto|
|poke|p2|Eternatus|
|poke|p2|Zekrom|
|rule|Sleep Clause Mod: Limit one foe put to sleep
|rule|Species Clause: Limit one of each Pokémon
|rule|OHKO Clause: OHKO moves are banned
|rule|Evasion Moves Clause: Evasion moves are banned
|rule|Endless Battle Clause: Forcing endless battles is banned
|rule|HP Percentage Mod: HP is shown in percentages
|teampreview
|inactive|Battle timer is ON: inactive players will automatically lose when time's up. (requested by QiYu3)
|
|start
|switch|p1a: Lunala|Lunala|100/100
|switch|p2a: Lunala|Lunala|100/100
|turn|1
|
|move|p2a: Lunala|Moongeist Beam|p1a: Lunala
|-supereffective|p1a: Lunala
|-damage|p1a: Lunala|26/100
|move|p1a: Lunala|Will-O-Wisp|p2a: Lunala
|-status|p2a: Lunala|brn
|
|-damage|p2a: Lunala|94/100 brn|[from] brn
|upkeep
|turn|2
|
|switch|p1a: Vaporeon|Vaporeon, M|100/100
|move|p2a: Lunala|Moongeist Beam|p1a: Vaporeon
|-damage|p1a: Vaporeon|53/100
|
|-heal|p1a: Vaporeon|59/100|[from] item: Leftovers
|-damage|p2a: Lunala|88/100 brn|[from] brn
|upkeep
|turn|3
|
|switch|p2a: Necrozma|Necrozma-Dusk-Mane|100/100
|move|p1a: Vaporeon|Wish|p1a: Vaporeon
|
|-heal|p1a: Vaporeon|65/100|[from] item: Leftovers
|upkeep
|turn|4
|
|switch|p1a: Lunala|Lunala|26/100
|move|p2a: Necrozma|Stealth Rock|p1a: Lunala
|-sidestart|p1: Acey 2B|move: Stealth Rock
|
|-heal|p1a: Lunala|75/100|[from] move: Wish|[wisher] Vaporeon
|upkeep
|turn|5
|
|move|p1a: Lunala|Defog|p2a: Necrozma
|-unboost|p2a: Necrozma|evasion|1
|-sideend|p1: Acey 2B|Stealth Rock|[from] move: Defog|[of] p1a: Lunala
|move|p2a: Necrozma|Thunder Wave|p1a: Lunala
|-status|p1a: Lunala|par
|
|upkeep
|turn|6
|
|move|p2a: Necrozma|Knock Off|p1a: Lunala
|-supereffective|p1a: Lunala
|-crit|p1a: Lunala
|-damage|p1a: Lunala|0 fnt
|-enditem|p1a: Lunala|Heavy-Duty Boots|[from] move: Knock Off|[of] p2a: Necrozma
|faint|p1a: Lunala
|
|upkeep
|
|switch|p1a: Hippowdon|Hippowdon, F|100/100
|-weather|Sandstorm|[from] ability: Sand Stream|[of] p1a: Hippowdon
|turn|7
|
|move|p2a: Necrozma|Stealth Rock|p1a: Hippowdon
|-sidestart|p1: Acey 2B|move: Stealth Rock
|move|p1a: Hippowdon|Earthquake|p2a: Necrozma
|-supereffective|p2a: Necrozma
|-damage|p2a: Necrozma|60/100
|
|-weather|Sandstorm|[upkeep]
|-heal|p2a: Necrozma|66/100|[from] item: Leftovers
|upkeep
|turn|8
|
|move|p2a: Necrozma|Knock Off|p1a: Hippowdon
|-damage|p1a: Hippowdon|83/100
|-enditem|p1a: Hippowdon|Leftovers|[from] move: Knock Off|[of] p2a: Necrozma
|move|p1a: Hippowdon|Stealth Rock|p2a: Necrozma
|-sidestart|p2: QiYu3|move: Stealth Rock
|
|-weather|Sandstorm|[upkeep]
|-heal|p2a: Necrozma|72/100|[from] item: Leftovers
|upkeep
|turn|9
|
|switch|p2a: Lunala|Lunala|88/100 brn
|-damage|p2a: Lunala|76/100 brn|[from] Stealth Rock
|move|p1a: Hippowdon|Earthquake|p2a: Lunala
|-damage|p2a: Lunala|44/100 brn
|
|-weather|Sandstorm|[upkeep]
|-damage|p2a: Lunala|38/100 brn|[from] Sandstorm
|-damage|p2a: Lunala|32/100 brn|[from] brn
|upkeep
|turn|10
|
|switch|p1a: Eternatus|Eternatus|100/100
|-damage|p1a: Eternatus|88/100|[from] Stealth Rock
|-ability|p1a: Eternatus|Pressure
|move|p2a: Lunala|Moongeist Beam|p1a: Eternatus
|-damage|p1a: Eternatus|29/100
|
|-weather|Sandstorm|[upkeep]
|-damage|p1a: Eternatus|23/100|[from] Sandstorm
|-damage|p2a: Lunala|26/100 brn|[from] Sandstorm
|-heal|p1a: Eternatus|29/100|[from] item: Black Sludge
|-damage|p2a: Lunala|20/100 brn|[from] brn
|upkeep
|turn|11
|
|move|p1a: Eternatus|Flamethrower|p2a: Lunala
|-damage|p2a: Lunala|0 fnt
|faint|p2a: Lunala
|
|-weather|none
|-heal|p1a: Eternatus|35/100|[from] item: Black Sludge
|upkeep
|
|switch|p2a: Marshadow|Marshadow|100/100
|-damage|p2a: Marshadow|94/100|[from] Stealth Rock
|turn|12
|
|move|p2a: Marshadow|Spectral Thief|p1a: Eternatus
|-damage|p1a: Eternatus|5/100
|move|p1a: Eternatus|Recover|p1a: Eternatus
|-heal|p1a: Eternatus|55/100
|
|-heal|p1a: Eternatus|61/100|[from] item: Black Sludge
|upkeep
|turn|13
|
|switch|p2a: Necrozma|Necrozma-Dusk-Mane|72/100
|-damage|p2a: Necrozma|66/100|[from] Stealth Rock
|move|p1a: Eternatus|Recover|p1a: Eternatus
|-heal|p1a: Eternatus|100/100
|
|-heal|p2a: Necrozma|72/100|[from] item: Leftovers
|upkeep
|turn|14
|
|switch|p1a: Hippowdon|Hippowdon, F|83/100
|-damage|p1a: Hippowdon|77/100|[from] Stealth Rock
|-weather|Sandstorm|[from] ability: Sand Stream|[of] p1a: Hippowdon
|move|p2a: Necrozma|Moonlight|p2a: Necrozma
|-heal|p2a: Necrozma|96/100
|
|-weather|Sandstorm|[upkeep]
|-heal|p2a: Necrozma|100/100|[from] item: Leftovers
|upkeep
|turn|15
|
|switch|p2a: Eternatus|Eternatus|100/100
|-damage|p2a: Eternatus|88/100|[from] Stealth Rock
|-ability|p2a: Eternatus|Pressure
|move|p1a: Hippowdon|Earthquake|p2a: Eternatus
|-supereffective|p2a: Eternatus
|-crit|p2a: Eternatus
|-damage|p2a: Eternatus|9/100
|
|-weather|Sandstorm|[upkeep]
|-damage|p2a: Eternatus|3/100|[from] Sandstorm
|upkeep
|turn|16
|
|move|p2a: Eternatus|Dynamax Cannon|p1a: Hippowdon
|-damage|p1a: Hippowdon|9/100
|move|p1a: Hippowdon|Slack Off|p1a: Hippowdon
|-heal|p1a: Hippowdon|59/100
|
|-weather|Sandstorm|[upkeep]
|-damage|p2a: Eternatus|0 fnt|[from] Sandstorm
|faint|p2a: Eternatus
|upkeep
|
|switch|p2a: Zekrom|Zekrom|100/100
|-damage|p2a: Zekrom|88/100|[from] Stealth Rock
|-ability|p2a: Zekrom|Teravolt
|turn|17
|
|move|p2a: Zekrom|Dragon Dance|p2a: Zekrom
|-boost|p2a: Zekrom|atk|1
|-boost|p2a: Zekrom|spe|1
|move|p1a: Hippowdon|Slack Off|p1a: Hippowdon
|-heal|p1a: Hippowdon|100/100
|
|-weather|Sandstorm|[upkeep]
|-damage|p2a: Zekrom|82/100|[from] Sandstorm
|upkeep
|turn|18
|
|-start|p1a: Hippowdon|Dynamax
|-heal|p1a: Hippowdon|100/100|[silent]
|move|p2a: Zekrom|Dragon Dance|p2a: Zekrom
|-boost|p2a: Zekrom|atk|1
|-boost|p2a: Zekrom|spe|1
|move|p1a: Hippowdon|Max Quake|p2a: Zekrom
|-supereffective|p2a: Zekrom
|-damage|p2a: Zekrom|0 fnt
|-boost|p1a: Hippowdon|spd|1
|faint|p2a: Zekrom
|
|-weather|none
|upkeep
|-message|QiYu3 forfeited.
|
|win|Acey 2B
|l|☆QiYu3
