|j|☆Tr41l
|j|☆snakey77
|t:|1628476137
|gametype|singles
|player|p1|Tr41l|ash|1425
|player|p2|snakey77|102|1682
|teamsize|p1|6
|teamsize|p2|6
|gen|8
|tier|[Gen 8] Ubers
|rated|
|rule|Sleep Clause Mod: Limit one foe put to sleep
|rule|Species Clause: Limit one of each Pokémon
|rule|OHKO Clause: OHKO moves are banned
|rule|Evasion Moves Clause: Evasion moves are banned
|rule|Endless Battle Clause: Forcing endless battles is banned
|rule|HP Percentage Mod: HP is shown in percentages
|rule|Dynamax Clause: You cannot dynamax
|clearpoke
|poke|p1|Calyrex-Shadow|
|poke|p1|Cinderace, F|
|poke|p1|Yveltal|
|poke|p1|Zygarde|
|poke|p1|Kyogre|
|poke|p1|Necrozma-Dusk-Mane|
|poke|p2|Necrozma-Dusk-Mane|
|poke|p2|Giratina-Origin|
|poke|p2|Yveltal|
|poke|p2|Tyranitar, M|
|poke|p2|Ferrothorn, M|
|poke|p2|Magearna|
|teampreview
|
|t:|1628476171
|start
|switch|p1a: Kyogre|Kyogre|100/100
|switch|p2a: Tyranitar|Tyranitar, M|100/100
|-weather|RainDance|[from] ability: Drizzle|[of] p1a: Kyogre
|-weather|Sandstorm|[from] ability: Sand Stream|[of] p2a: Tyranitar
|turn|1
|
|t:|1628476190
|switch|p2a: Ferrothorn|Ferrothorn, M|100/100
|move|p1a: Kyogre|Origin Pulse|p2a: Ferrothorn|[miss]
|-miss|p1a: Kyogre|p2a: Ferrothorn
|
|-weather|Sandstorm|[upkeep]
|-damage|p1a: Kyogre|94/100|[from] Sandstorm
|upkeep
|turn|2
|
|t:|1628476204
|move|p1a: Kyogre|Origin Pulse|p2a: Ferrothorn|[miss]
|-miss|p1a: Kyogre|p2a: Ferrothorn
|move|p2a: Ferrothorn|Stealth Rock|p1a: Kyogre
|-sidestart|p1: Tr41l|move: Stealth Rock
|
|-weather|Sandstorm|[upkeep]
|-damage|p1a: Kyogre|88/100|[from] Sandstorm
|upkeep
|turn|3
|
|t:|1628476210
|move|p1a: Kyogre|Origin Pulse|p2a: Ferrothorn|[miss]
|-miss|p1a: Kyogre|p2a: Ferrothorn
|move|p2a: Ferrothorn|Leech Seed|p1a: Kyogre
|-start|p1a: Kyogre|move: Leech Seed
|
|-weather|Sandstorm|[upkeep]
|-damage|p1a: Kyogre|82/100|[from] Sandstorm
|-damage|p1a: Kyogre|70/100|[from] Leech Seed|[of] p2a: Ferrothorn
|upkeep
|turn|4
|
|t:|1628476215
|move|p1a: Kyogre|Origin Pulse|p2a: Ferrothorn
|-resisted|p2a: Ferrothorn
|-damage|p2a: Ferrothorn|67/100
|move|p2a: Ferrothorn|Leech Seed||[still]
|-fail|p2a: Ferrothorn
|
|-weather|Sandstorm|[upkeep]
|-damage|p1a: Kyogre|63/100|[from] Sandstorm
|-heal|p2a: Ferrothorn|74/100|[from] item: Leftovers
|-damage|p1a: Kyogre|51/100|[from] Leech Seed|[of] p2a: Ferrothorn
|-heal|p2a: Ferrothorn|88/100|[silent]
|upkeep
|turn|5
|
|t:|1628476225
|switch|p1a: Zygarde|Zygarde|100/100
|-damage|p1a: Zygarde|94/100|[from] Stealth Rock
|move|p2a: Ferrothorn|Leech Seed|p1a: Zygarde
|-start|p1a: Zygarde|move: Leech Seed
|
|-weather|none
|-heal|p1a: Zygarde|100/100|[from] item: Leftovers
|-heal|p2a: Ferrothorn|94/100|[from] item: Leftovers
|-damage|p1a: Zygarde|88/100|[from] Leech Seed|[of] p2a: Ferrothorn
|-heal|p2a: Ferrothorn|100/100|[silent]
|upkeep
|turn|6
|
|t:|1628476232
|switch|p2a: Giratina|Giratina-Origin|100/100
|move|p1a: Zygarde|Substitute|p1a: Zygarde
|-start|p1a: Zygarde|Substitute
|-damage|p1a: Zygarde|63/100
|
|-heal|p1a: Zygarde|69/100|[from] item: Leftovers
|-damage|p1a: Zygarde|57/100|[from] Leech Seed|[of] p2a: Giratina
|upkeep
|turn|7
|
|t:|1628476238
|move|p1a: Zygarde|Toxic|p2a: Giratina
|-status|p2a: Giratina|tox
|move|p2a: Giratina|Shadow Ball|p1a: Zygarde
|-end|p1a: Zygarde|Substitute
|
|-heal|p1a: Zygarde|63/100|[from] item: Leftovers
|-damage|p1a: Zygarde|50/100|[from] Leech Seed|[of] p2a: Giratina
|-damage|p2a: Giratina|94/100 tox|[from] psn
|-activate|p1a: Zygarde|ability: Power Construct
|detailschange|p1a: Zygarde|Zygarde-Complete
|-heal|p1a: Zygarde|69/100|[silent]
|upkeep
|turn|8
|
|t:|1628476257
|move|p1a: Zygarde|Substitute|p1a: Zygarde
|-start|p1a: Zygarde|Substitute
|-damage|p1a: Zygarde|44/100
|move|p2a: Giratina|Shadow Ball|p1a: Zygarde
|-end|p1a: Zygarde|Substitute
|
|-heal|p1a: Zygarde|50/100|[from] item: Leftovers
|-damage|p1a: Zygarde|38/100|[from] Leech Seed|[of] p2a: Giratina
|-heal|p2a: Giratina|100/100 tox|[silent]
|-damage|p2a: Giratina|88/100 tox|[from] psn
|upkeep
|turn|9
|
|t:|1628476269
|switch|p1a: Necrozma|Necrozma-Dusk-Mane|100/100
|-damage|p1a: Necrozma|94/100|[from] Stealth Rock
|move|p2a: Giratina|Shadow Ball|p1a: Necrozma
|-supereffective|p1a: Necrozma
|-damage|p1a: Necrozma|41/100
|-unboost|p1a: Necrozma|spd|1
|-enditem|p1a: Necrozma|Weakness Policy
|-boost|p1a: Necrozma|atk|2|[from] item: Weakness Policy
|-boost|p1a: Necrozma|spa|2|[from] item: Weakness Policy
|
|-damage|p2a: Giratina|70/100 tox|[from] psn
|upkeep
|turn|10
|
|t:|1628476281
|move|p1a: Necrozma|Sunsteel Strike|p2a: Giratina
|-damage|p2a: Giratina|0 fnt
|faint|p2a: Giratina
|
|upkeep
|
|t:|1628476283
|switch|p2a: Yveltal|Yveltal|100/100
|-ability|p2a: Yveltal|Dark Aura
|turn|11
|
|t:|1628476287
|move|p2a: Yveltal|Sucker Punch|p1a: Necrozma
|-supereffective|p1a: Necrozma
|-damage|p1a: Necrozma|0 fnt
|faint|p1a: Necrozma
|
|upkeep
|
|t:|1628476290
|switch|p1a: Yveltal|Yveltal|100/100
|-ability|p1a: Yveltal|Dark Aura
|turn|12
|
|t:|1628476299
|move|p1a: Yveltal|Defog|p2a: Yveltal
|-unboost|p2a: Yveltal|evasion|1
|-sideend|p1: Tr41l|Stealth Rock|[from] move: Defog|[of] p1a: Yveltal
|move|p2a: Yveltal|Knock Off|p1a: Yveltal
|-resisted|p1a: Yveltal
|-damage|p1a: Yveltal|75/100
|-enditem|p1a: Yveltal|Heavy-Duty Boots|[from] move: Knock Off|[of] p2a: Yveltal
|
|upkeep
|turn|13
|
|t:|1628476310
|switch|p1a: Cinderace|Cinderace, F|100/100
|switch|p2a: Magearna|Magearna|100/100
|
|upkeep
|turn|14
|
|t:|1628476319
|switch|p2a: Yveltal|Yveltal|100/100
|-ability|p2a: Yveltal|Dark Aura
|move|p1a: Cinderace|Pyro Ball|p2a: Yveltal
|-damage|p2a: Yveltal|58/100
|-status|p2a: Yveltal|brn
|-damage|p1a: Cinderace|91/100|[from] item: Life Orb
|
|-damage|p2a: Yveltal|51/100 brn|[from] brn
|upkeep
|turn|15
|
|t:|1628476336
|move|p1a: Cinderace|U-turn|p2a: Yveltal
|-start|p1a: Cinderace|typechange|Bug|[from] ability: Libero
|-damage|p2a: Yveltal|22/100 brn
|-damage|p1a: Cinderace|81/100|[from] item: Life Orb
|
|t:|1628476342
|switch|p1a: Yveltal|Yveltal|75/100|[from]move: U-turn
|-ability|p1a: Yveltal|Dark Aura
|move|p2a: Yveltal|Roost|p2a: Yveltal
|-heal|p2a: Yveltal|72/100 brn
|-singleturn|p2a: Yveltal|move: Roost
|
|-damage|p2a: Yveltal|66/100 brn|[from] brn
|upkeep
|turn|16
|
|t:|1628476346
|move|p1a: Yveltal|Foul Play|p2a: Yveltal
|-resisted|p2a: Yveltal
|-damage|p2a: Yveltal|52/100 brn
|move|p2a: Yveltal|Roost|p2a: Yveltal
|-heal|p2a: Yveltal|100/100 brn
|-singleturn|p2a: Yveltal|move: Roost
|
|-damage|p2a: Yveltal|94/100 brn|[from] brn
|upkeep
|turn|17
|
|t:|1628476355
|switch|p2a: Magearna|Magearna|100/100
|move|p1a: Yveltal|Roost|p1a: Yveltal
|-heal|p1a: Yveltal|100/100
|-singleturn|p1a: Yveltal|move: Roost
|
|upkeep
|turn|18
|
|t:|1628476379
|switch|p1a: Cinderace|Cinderace, F|81/100
|move|p2a: Magearna|Volt Switch|p1a: Cinderace
|-damage|p1a: Cinderace|50/100
|
|t:|1628476385
|switch|p2a: Yveltal|Yveltal|94/100 brn|[from]move: Volt Switch
|-ability|p2a: Yveltal|Dark Aura
|
|-damage|p2a: Yveltal|88/100 brn|[from] brn
|upkeep
|turn|19
|
|t:|1628476394
|move|p1a: Cinderace|U-turn|p2a: Yveltal
|-start|p1a: Cinderace|typechange|Bug|[from] ability: Libero
|-damage|p2a: Yveltal|60/100 brn
|-damage|p1a: Cinderace|40/100|[from] item: Life Orb
|
|t:|1628476396
|switch|p1a: Kyogre|Kyogre|51/100|[from]move: U-turn
|-weather|RainDance|[from] ability: Drizzle|[of] p1a: Kyogre
|move|p2a: Yveltal|Roost|p2a: Yveltal
|-heal|p2a: Yveltal|100/100 brn
|-singleturn|p2a: Yveltal|move: Roost
|
|-weather|RainDance|[upkeep]
|-damage|p2a: Yveltal|94/100 brn|[from] brn
|upkeep
|turn|20
|
|t:|1628476414
|switch|p2a: Ferrothorn|Ferrothorn, M|100/100
|move|p1a: Kyogre|Origin Pulse|p2a: Ferrothorn
|-resisted|p2a: Ferrothorn
|-damage|p2a: Ferrothorn|54/100
|
|-weather|RainDance|[upkeep]
|-heal|p2a: Ferrothorn|61/100|[from] item: Leftovers
|upkeep
|turn|21
|
|t:|1628476422
|switch|p1a: Cinderace|Cinderace, F|40/100
|move|p2a: Ferrothorn|Seed Bomb|p1a: Cinderace
|-resisted|p1a: Cinderace
|-damage|p1a: Cinderace|22/100
|
|-weather|RainDance|[upkeep]
|-heal|p2a: Ferrothorn|67/100|[from] item: Leftovers
|upkeep
|turn|22
|
|t:|1628476427
|switch|p2a: Yveltal|Yveltal|94/100 brn
|-ability|p2a: Yveltal|Dark Aura
|move|p1a: Cinderace|Pyro Ball|p2a: Yveltal
|-damage|p2a: Yveltal|71/100 brn
|-damage|p1a: Cinderace|12/100|[from] item: Life Orb
|
|-weather|RainDance|[upkeep]
|-damage|p2a: Yveltal|65/100 brn|[from] brn
|upkeep
|turn|23
|
|t:|1628476434
|switch|p1a: Kyogre|Kyogre|51/100
|move|p2a: Yveltal|Roost|p2a: Yveltal
|-heal|p2a: Yveltal|100/100 brn
|-singleturn|p2a: Yveltal|move: Roost
|
|-weather|none
|-damage|p2a: Yveltal|94/100 brn|[from] brn
|upkeep
|turn|24
|
|t:|1628476471
|switch|p2a: Ferrothorn|Ferrothorn, M|67/100
|move|p1a: Kyogre|Ice Beam|p2a: Ferrothorn
|-damage|p2a: Ferrothorn|31/100
|
|-heal|p2a: Ferrothorn|38/100|[from] item: Leftovers
|upkeep
|turn|25
|
|t:|1628476475
|move|p1a: Kyogre|Ice Beam|p2a: Ferrothorn
|-damage|p2a: Ferrothorn|3/100
|-status|p2a: Ferrothorn|frz
|cant|p2a: Ferrothorn|frz
|
|-heal|p2a: Ferrothorn|10/100 frz|[from] item: Leftovers
|upkeep
|turn|26
|
|t:|1628476479
|move|p1a: Kyogre|Ice Beam|p2a: Ferrothorn
|-damage|p2a: Ferrothorn|0 fnt
|faint|p2a: Ferrothorn
|
|upkeep
|
|t:|1628476480
|switch|p2a: Tyranitar|Tyranitar, M|100/100
|-weather|Sandstorm|[from] ability: Sand Stream|[of] p2a: Tyranitar
|turn|27
|
|t:|1628476490
|switch|p1a: Zygarde|Zygarde-Complete|38/100
|move|p2a: Tyranitar|Stealth Rock|p1a: Zygarde
|-sidestart|p1: Tr41l|move: Stealth Rock
|
|-weather|Sandstorm|[upkeep]
|-heal|p1a: Zygarde|44/100|[from] item: Leftovers
|upkeep
|turn|28
|
|t:|1628476505
|move|p1a: Zygarde|Substitute|p1a: Zygarde
|-start|p1a: Zygarde|Substitute
|-damage|p1a: Zygarde|19/100
|move|p2a: Tyranitar|Dragon Tail|p1a: Zygarde
|-supereffective|p1a: Zygarde
|-activate|p1a: Zygarde|move: Substitute|[damage]
|
|-weather|Sandstorm|[upkeep]
|-heal|p1a: Zygarde|25/100|[from] item: Leftovers
|upkeep
|turn|29
|
|t:|1628476510
|move|p1a: Zygarde|Dragon Dance|p1a: Zygarde
|-boost|p1a: Zygarde|atk|1
|-boost|p1a: Zygarde|spe|1
|move|p2a: Tyranitar|Dragon Tail|p1a: Zygarde
|-supereffective|p1a: Zygarde
|-end|p1a: Zygarde|Substitute
|
|-weather|Sandstorm|[upkeep]
|-heal|p1a: Zygarde|32/100|[from] item: Leftovers
|upkeep
|turn|30
|
|t:|1628476518
|move|p1a: Zygarde|Substitute|p1a: Zygarde
|-start|p1a: Zygarde|Substitute
|-damage|p1a: Zygarde|7/100
|move|p2a: Tyranitar|Crunch|p1a: Zygarde
|-activate|p1a: Zygarde|move: Substitute|[damage]
|
|-weather|Sandstorm|[upkeep]
|-heal|p1a: Zygarde|13/100|[from] item: Leftovers
|upkeep
|turn|31
|
|t:|1628476528
|move|p1a: Zygarde|Thousand Arrows|p2a: Tyranitar
|-supereffective|p2a: Tyranitar
|-damage|p2a: Tyranitar|18/100
|move|p2a: Tyranitar|Crunch|p1a: Zygarde
|-end|p1a: Zygarde|Substitute
|
|-weather|none
|-heal|p1a: Zygarde|19/100|[from] item: Leftovers
|-heal|p2a: Tyranitar|25/100|[from] item: Leftovers
|upkeep
|turn|32
|
|t:|1628476534
|move|p1a: Zygarde|Thousand Arrows|p2a: Tyranitar
|-supereffective|p2a: Tyranitar
|-damage|p2a: Tyranitar|0 fnt
|faint|p2a: Tyranitar
|
|-heal|p1a: Zygarde|25/100|[from] item: Leftovers
|upkeep
|
|t:|1628476551
|switch|p2a: Yveltal|Yveltal|94/100 brn
|-ability|p2a: Yveltal|Dark Aura
|turn|33
|
|t:|1628476557
|switch|p1a: Kyogre|Kyogre|51/100
|-damage|p1a: Kyogre|39/100|[from] Stealth Rock
|-weather|RainDance|[from] ability: Drizzle|[of] p1a: Kyogre
|move|p2a: Yveltal|Foul Play|p1a: Kyogre
|-damage|p1a: Kyogre|23/100
|
|-weather|RainDance|[upkeep]
|-damage|p2a: Yveltal|88/100 brn|[from] brn
|upkeep
|turn|34
|
|t:|1628476571
|move|p2a: Yveltal|Sucker Punch|p1a: Kyogre
|-damage|p1a: Kyogre|3/100
|move|p1a: Kyogre|Origin Pulse|p2a: Yveltal
|-damage|p2a: Yveltal|0 fnt
|faint|p2a: Yveltal
|
|-weather|RainDance|[upkeep]
|upkeep
|-message|snakey77 forfeited.
|
|win|Tr41l
|raw|Tr41l's rating: 1425 &rarr; <strong>1458</strong><br />(+33 for winning)
|raw|snakey77's rating: 1691 &rarr; <strong>1658</strong><br />(-33 for losing)
|l|☆snakey77
|c|☆Tr41l|gg
||Ladder isn't responding, score probably updated but might not have (Request timeout).
