|j|☆tesla roadster
|j|☆meseteallo
|t:|1660392783
|gametype|singles
|player|p1|tesla roadster|169|1528
|player|p2|meseteallo|hilda-wonderlauncher|1529
|teamsize|p1|6
|teamsize|p2|6
|gen|8
|tier|[Gen 8] Ubers
|rated|
|rule|Sleep Clause Mod: Limit one foe put to sleep
|rule|Species Clause: Limit one of each Pokémon
|rule|OHKO Clause: OHKO moves are banned
|rule|Evasion Items Clause: Evasion items are banned
|rule|Evasion Moves Clause: Evasion moves are banned
|rule|Endless Battle Clause: Forcing endless battles is banned
|rule|HP Percentage Mod: HP is shown in percentages
|rule|Dynamax Clause: You cannot dynamax
|clearpoke
|poke|p1|Dracovish|
|poke|p1|Kyogre|
|poke|p1|Magearna|
|poke|p1|Porygon2|
|poke|p1|Cresselia, F|
|poke|p1|Hatterene, F|
|poke|p2|Necrozma-Dusk-Mane|
|poke|p2|Zygarde|
|poke|p2|Zekrom|
|poke|p2|Kyogre|
|poke|p2|Xerneas-*|
|poke|p2|Yveltal|
|teampreview
|
|t:|1660392795
|start
|switch|p1a: Hatterene|Hatterene, F|100/100
|switch|p2a: Beerus|Yveltal|100/100
|-ability|p2a: Beerus|Dark Aura
|turn|1
|inactive|Battle timer is ON: inactive players will automatically lose when time's up. (requested by tesla roadster)
|inactive|meseteallo has 120 seconds left.
|inactive|meseteallo has 90 seconds left.
|
|t:|1660392866
|move|p2a: Beerus|Dark Pulse|p1a: Hatterene
|-damage|p1a: Hatterene|24/100
|-damage|p2a: Beerus|91/100|[from] item: Life Orb
|move|p1a: Hatterene|Trick Room|p1a: Hatterene
|-fieldstart|move: Trick Room|[of] p1a: Hatterene
|
|upkeep
|turn|2
|
|t:|1660392875
|move|p2a: Beerus|Sucker Punch||[still]
|-fail|p2a: Beerus
|move|p1a: Hatterene|Healing Wish|p1a: Hatterene
|faint|p1a: Hatterene
|
|upkeep
|
|t:|1660392880
|switch|p1a: Dracovish|Dracovish|100/100
|turn|3
|
|t:|1660392887
|move|p2a: Beerus|Sucker Punch|p1a: Dracovish
|-damage|p1a: Dracovish|51/100
|-damage|p2a: Beerus|81/100|[from] item: Life Orb
|move|p1a: Dracovish|Fishious Rend|p2a: Beerus
|-damage|p2a: Beerus|0 fnt
|faint|p2a: Beerus
|
|upkeep
|
|t:|1660392892
|switch|p2a: Thor|Zekrom|100/100
|-ability|p2a: Thor|Teravolt
|turn|4
|
|t:|1660392905
|switch|p1a: Porygon2|Porygon2|100/100
|-ability|p1a: Porygon2|Teravolt|[from] ability: Trace|[of] p2a: Thor
|-ability|p1a: Porygon2|Teravolt
|move|p2a: Thor|Substitute|p2a: Thor
|-start|p2a: Thor|Substitute
|-damage|p2a: Thor|76/100
|
|-heal|p2a: Thor|82/100|[from] item: Leftovers
|upkeep
|turn|5
|inactive|tesla roadster has 120 seconds left.
|inactive|tesla roadster has 90 seconds left.
|
|t:|1660392966
|move|p1a: Porygon2|Reflect|p1a: Porygon2
|-sidestart|p1: tesla roadster|Reflect
|move|p2a: Thor|Dragon Dance|p2a: Thor
|-boost|p2a: Thor|atk|1
|-boost|p2a: Thor|spe|1
|
|-heal|p2a: Thor|88/100|[from] item: Leftovers
|-fieldend|move: Trick Room
|upkeep
|turn|6
|
|t:|1660392972
|move|p2a: Thor|Bolt Strike|p1a: Porygon2
|-damage|p1a: Porygon2|75/100
|-status|p1a: Porygon2|par
|cant|p1a: Porygon2|par
|
|-heal|p2a: Thor|94/100|[from] item: Leftovers
|upkeep
|turn|7
|
|t:|1660392981
|move|p2a: Thor|Dragon Dance|p2a: Thor
|-boost|p2a: Thor|atk|1
|-boost|p2a: Thor|spe|1
|cant|p1a: Porygon2|par
|
|-heal|p2a: Thor|99/100|[from] item: Leftovers
|upkeep
|turn|8
|
|t:|1660392986
|move|p2a: Thor|Bolt Strike|p1a: Porygon2
|-damage|p1a: Porygon2|41/100 par
|move|p1a: Porygon2|Foul Play|p2a: Thor
|-end|p2a: Thor|Substitute
|
|-heal|p2a: Thor|100/100|[from] item: Leftovers
|upkeep
|turn|9
|inactive|tesla roadster has 120 seconds left.
|inactive|tesla roadster has 90 seconds left.
|
|t:|1660393028
|move|p2a: Thor|Substitute|p2a: Thor
|-start|p2a: Thor|Substitute
|-damage|p2a: Thor|76/100
|move|p1a: Porygon2|Trick Room|p1a: Porygon2
|-fieldstart|move: Trick Room|[of] p1a: Porygon2
|
|-heal|p2a: Thor|82/100|[from] item: Leftovers
|-sideend|p1: tesla roadster|Reflect
|upkeep
|turn|10
|inactive|tesla roadster has 90 seconds left.
|
|t:|1660393046
|move|p1a: Porygon2|Foul Play|p2a: Thor
|-end|p2a: Thor|Substitute
|move|p2a: Thor|Substitute|p2a: Thor
|-start|p2a: Thor|Substitute
|-damage|p2a: Thor|57/100
|
|-heal|p2a: Thor|63/100|[from] item: Leftovers
|upkeep
|turn|11
|
|t:|1660393050
|move|p1a: Porygon2|Foul Play|p2a: Thor
|-end|p2a: Thor|Substitute
|move|p2a: Thor|Substitute|p2a: Thor
|-start|p2a: Thor|Substitute
|-damage|p2a: Thor|38/100
|
|-heal|p2a: Thor|44/100|[from] item: Leftovers
|upkeep
|turn|12
|
|t:|1660393053
|move|p1a: Porygon2|Foul Play|p2a: Thor
|-end|p2a: Thor|Substitute
|move|p2a: Thor|Substitute|p2a: Thor
|-start|p2a: Thor|Substitute
|-damage|p2a: Thor|19/100
|
|-heal|p2a: Thor|25/100|[from] item: Leftovers
|upkeep
|turn|13
|
|t:|1660393057
|move|p1a: Porygon2|Reflect|p1a: Porygon2
|-sidestart|p1: tesla roadster|Reflect
|move|p2a: Thor|Bolt Strike|p1a: Porygon2
|-damage|p1a: Porygon2|4/100 par
|
|-heal|p2a: Thor|32/100|[from] item: Leftovers
|-fieldend|move: Trick Room
|upkeep
|turn|14
|
|t:|1660393066
|move|p2a: Thor|Bolt Strike|p1a: Porygon2
|-damage|p1a: Porygon2|0 fnt
|faint|p1a: Porygon2
|
|-heal|p2a: Thor|38/100|[from] item: Leftovers
|upkeep
|
|t:|1660393073
|switch|p1a: Cresselia|Cresselia, F|100/100
|turn|15
|
|t:|1660393077
|move|p2a: Thor|Bolt Strike|p1a: Cresselia
|-damage|p1a: Cresselia|63/100
|-status|p1a: Cresselia|par
|cant|p1a: Cresselia|par
|
|-heal|p2a: Thor|44/100|[from] item: Leftovers
|upkeep
|turn|16
|inactive|tesla roadster has 120 seconds left.
|
|t:|1660393104
|move|p2a: Thor|Dragon Dance|p2a: Thor
|-boost|p2a: Thor|atk|1
|-boost|p2a: Thor|spe|1
|move|p1a: Cresselia|Trick Room|p1a: Cresselia
|-fieldstart|move: Trick Room|[of] p1a: Cresselia
|
|-heal|p2a: Thor|50/100|[from] item: Leftovers
|upkeep
|turn|17
|
|t:|1660393123
|move|p1a: Cresselia|Psychic|p2a: Thor
|-end|p2a: Thor|Substitute
|move|p2a: Thor|Bolt Strike|p1a: Cresselia
|-damage|p1a: Cresselia|21/100 par
|
|-heal|p2a: Thor|56/100|[from] item: Leftovers
|-sideend|p1: tesla roadster|Reflect
|upkeep
|turn|18
|
|t:|1660393132
|move|p1a: Cresselia|Psychic|p2a: Thor
|-damage|p2a: Thor|31/100
|move|p2a: Thor|Substitute|p2a: Thor
|-start|p2a: Thor|Substitute
|-damage|p2a: Thor|6/100
|
|-heal|p2a: Thor|12/100|[from] item: Leftovers
|upkeep
|turn|19
|
|t:|1660393154
|move|p1a: Cresselia|Psychic|p2a: Thor
|-activate|p2a: Thor|move: Substitute|[damage]
|move|p2a: Thor|Outrage|p1a: Cresselia
|-damage|p1a: Cresselia|0 fnt
|faint|p1a: Cresselia
|
|-heal|p2a: Thor|18/100|[from] item: Leftovers
|upkeep
|
|t:|1660393162
|switch|p1a: Magearna|Magearna|100/100
|turn|20
|
|t:|1660393170
|move|p1a: Magearna|Ice Beam|p2a: Thor
|-supereffective|p2a: Thor
|-end|p2a: Thor|Substitute
|move|p2a: Thor|Outrage|p1a: Magearna|[from]lockedmove
|-immune|p1a: Magearna
|
|-heal|p2a: Thor|24/100|[from] item: Leftovers
|-fieldend|move: Trick Room
|upkeep
|turn|21
|
|t:|1660393174
|move|p2a: Thor|Bolt Strike|p1a: Magearna
|-damage|p1a: Magearna|0 fnt
|faint|p1a: Magearna
|
|-heal|p2a: Thor|30/100|[from] item: Leftovers
|upkeep
|
|t:|1660393184
|switch|p1a: Kyogre|Kyogre|100/100
|-weather|RainDance|[from] ability: Drizzle|[of] p1a: Kyogre
|turn|22
|-message|tesla roadster forfeited.
|
|win|meseteallo
|raw|tesla roadster's rating: 1528 &rarr; <strong>1508</strong><br />(-20 for losing)
|raw|meseteallo's rating: 1529 &rarr; <strong>1549</strong><br />(+20 for winning)
|l|☆tesla roadster
