|j|☆max2345
|j|☆I like Lovely
|inactive|Battle timer is ON: inactive players will automatically lose when time's up.
|player|p1|max2345|lucas|
|player|p2|I like Lovely|23|
|teamsize|p1|6
|teamsize|p2|6
|gametype|singles
|gen|8
|tier|[Gen 8] Ubers
|rated|Tournament battle
|rule|Sleep Clause Mod: Limit one foe put to sleep
|rule|Species Clause: Limit one of each Pokémon
|rule|OHKO Clause: OHKO moves are banned
|rule|Evasion Moves Clause: Evasion moves are banned
|rule|Endless Battle Clause: Forcing endless battles is banned
|rule|HP Percentage Mod: HP is shown in percentages
|clearpoke
|poke|p1|Zamazenta-*|
|poke|p1|Eternatus|
|poke|p1|Zacian-*|
|poke|p1|Darmanitan-Galar, F|
|poke|p1|Ditto|
|poke|p1|Dragapult, M|
|poke|p2|Ninjask, M|
|poke|p2|Dubwool, F|
|poke|p2|Vaporeon, M|
|poke|p2|Xatu, F|
|poke|p2|Bellossom, M|
|poke|p2|Indeedee-F, F|
|teampreview
|j| GTOonShowdown
|l| GTOonShowdown
|inactive|max2345 has 120 seconds left.
|j| e1234567
|inactive|max2345 has 90 seconds left.
|l| e1234567
|l|☆max2345
|inactive|max2345 disconnected and has a minute to reconnect!
|player|p1|
|j|☆max2345
|inactive|max2345 reconnected and has 65 seconds left.
|player|p1|max2345|lucas
|inactive|max2345 has 60 seconds left.
|
|start
|switch|p1a: Zacian|Zacian-Crowned|100/100
|switch|p2a: Ninjask|Ninjask, M|100/100
|-ability|p1a: Zacian|Intrepid Sword|boost
|-boost|p1a: Zacian|atk|1
|turn|1
|
|move|p2a: Ninjask|Substitute|p2a: Ninjask
|-start|p2a: Ninjask|Substitute
|-damage|p2a: Ninjask|76/100
|move|p1a: Zacian|Behemoth Blade|p2a: Ninjask
|-end|p2a: Ninjask|Substitute
|
|-heal|p2a: Ninjask|82/100|[from] item: Leftovers
|-ability|p2a: Ninjask|Speed Boost|boost
|-boost|p2a: Ninjask|spe|1
|upkeep
|turn|2
|
|move|p2a: Ninjask|Substitute|p2a: Ninjask
|-start|p2a: Ninjask|Substitute
|-damage|p2a: Ninjask|57/100
|move|p1a: Zacian|Behemoth Blade|p2a: Ninjask
|-end|p2a: Ninjask|Substitute
|
|-heal|p2a: Ninjask|63/100|[from] item: Leftovers
|-ability|p2a: Ninjask|Speed Boost|boost
|-boost|p2a: Ninjask|spe|1
|upkeep
|turn|3
|
|move|p2a: Ninjask|Substitute|p2a: Ninjask
|-start|p2a: Ninjask|Substitute
|-damage|p2a: Ninjask|38/100
|move|p1a: Zacian|Behemoth Blade|p2a: Ninjask
|-end|p2a: Ninjask|Substitute
|
|-heal|p2a: Ninjask|44/100|[from] item: Leftovers
|-ability|p2a: Ninjask|Speed Boost|boost
|-boost|p2a: Ninjask|spe|1
|upkeep
|turn|4
|
|move|p2a: Ninjask|Baton Pass|p2a: Ninjask
|
|switch|p2a: Dubwool|Dubwool, F|100/100|[from]move: Baton Pass
|move|p1a: Zacian|Behemoth Blade|p2a: Dubwool
|-damage|p2a: Dubwool|68/100
|
|-heal|p2a: Dubwool|74/100|[from] item: Leftovers
|upkeep
|turn|5
|
|move|p2a: Dubwool|Cotton Guard|p2a: Dubwool
|-boost|p2a: Dubwool|def|3
|move|p1a: Zacian|Swords Dance|p1a: Zacian
|-boost|p1a: Zacian|atk|2
|
|-heal|p2a: Dubwool|80/100|[from] item: Leftovers
|upkeep
|turn|6
|
|move|p2a: Dubwool|Body Press|p1a: Zacian
|-damage|p1a: Zacian|38/100
|move|p1a: Zacian|Swords Dance|p1a: Zacian
|-boost|p1a: Zacian|atk|2
|
|-heal|p2a: Dubwool|86/100|[from] item: Leftovers
|upkeep
|turn|7
|
|move|p2a: Dubwool|Body Press|p1a: Zacian
|-damage|p1a: Zacian|0 fnt
|faint|p1a: Zacian
|
|-heal|p2a: Dubwool|92/100|[from] item: Leftovers
|upkeep
|
|switch|p1a: Ditto|Ditto|100/100
|-transform|p1a: Ditto|p2a: Dubwool|[from] ability: Imposter
|turn|8
|
|move|p1a: Ditto|Body Press|p2a: Dubwool
|-supereffective|p2a: Dubwool
|-damage|p2a: Dubwool|73/100
|move|p2a: Dubwool|Baton Pass|p2a: Dubwool
|
|switch|p2a: Bellossom|Bellossom, M|100/100|[from]move: Baton Pass
|
|upkeep
|turn|9
|
|move|p1a: Ditto|Body Press|p2a: Bellossom
|-damage|p2a: Bellossom|76/100
|move|p2a: Bellossom|Ingrain|p2a: Bellossom
|-start|p2a: Bellossom|move: Ingrain
|
|-heal|p2a: Bellossom|82/100|[from] item: Leftovers
|-heal|p2a: Bellossom|88/100|[from] Ingrain
|upkeep
|turn|10
|j|%Highlord
|
|switch|p1a: Eternatus|Eternatus|100/100
|-ability|p1a: Eternatus|Pressure
|move|p2a: Bellossom|Substitute|p2a: Bellossom
|-start|p2a: Bellossom|Substitute
|-damage|p2a: Bellossom|63/100
|
|-heal|p2a: Bellossom|69/100|[from] item: Leftovers
|-heal|p2a: Bellossom|76/100|[from] Ingrain
|upkeep
|turn|11
|
|move|p2a: Bellossom|Quiver Dance|p2a: Bellossom
|-boost|p2a: Bellossom|spa|1
|-boost|p2a: Bellossom|spd|1
|-boost|p2a: Bellossom|spe|1
|move|p1a: Eternatus|Flamethrower|p2a: Bellossom
|-supereffective|p2a: Bellossom
|-end|p2a: Bellossom|Substitute
|
|-heal|p2a: Bellossom|82/100|[from] item: Leftovers
|-heal|p2a: Bellossom|88/100|[from] Ingrain
|upkeep
|turn|12
|
|move|p2a: Bellossom|Quiver Dance|p2a: Bellossom
|-boost|p2a: Bellossom|spa|1
|-boost|p2a: Bellossom|spd|1
|-boost|p2a: Bellossom|spe|1
|move|p1a: Eternatus|Flamethrower|p2a: Bellossom
|-supereffective|p2a: Bellossom
|-damage|p2a: Bellossom|42/100
|
|-heal|p2a: Bellossom|49/100|[from] item: Leftovers
|-heal|p2a: Bellossom|55/100|[from] Ingrain
|upkeep
|turn|13
|
|move|p2a: Bellossom|Baton Pass|p2a: Bellossom
|
|switch|p2a: Vaporeon|Vaporeon, M|100/100|[from]move: Baton Pass
|move|p1a: Eternatus|Flamethrower|p2a: Vaporeon
|-resisted|p2a: Vaporeon
|-damage|p2a: Vaporeon|90/100
|-status|p2a: Vaporeon|brn
|
|-heal|p2a: Vaporeon|96/100 brn|[from] item: Leftovers
|-heal|p2a: Vaporeon|100/100 brn|[from] Ingrain
|-damage|p2a: Vaporeon|94/100 brn|[from] brn
|upkeep
|turn|14
|
|switch|p1a: Dragapult|Dragapult, M|100/100
|move|p2a: Vaporeon|Aqua Ring|p2a: Vaporeon
|-start|p2a: Vaporeon|Aqua Ring
|
|-heal|p2a: Vaporeon|100/100 brn|[from] item: Leftovers
|-damage|p2a: Vaporeon|94/100 brn|[from] brn
|upkeep
|turn|15
|
|move|p2a: Vaporeon|Substitute|p2a: Vaporeon
|-start|p2a: Vaporeon|Substitute
|-damage|p2a: Vaporeon|69/100 brn
|move|p1a: Dragapult|Dragon Dance|p1a: Dragapult
|-boost|p1a: Dragapult|atk|1
|-boost|p1a: Dragapult|spe|1
|
|-heal|p2a: Vaporeon|75/100 brn|[from] item: Leftovers
|-heal|p2a: Vaporeon|82/100 brn|[from] Aqua Ring
|-heal|p2a: Vaporeon|88/100 brn|[from] Ingrain
|-damage|p2a: Vaporeon|82/100 brn|[from] brn
|upkeep
|turn|16
|
|move|p2a: Vaporeon|Baton Pass|p2a: Vaporeon
|
|switch|p2a: Dubwool|Dubwool, F|73/100|[from]move: Baton Pass
|move|p1a: Dragapult|Dragon Darts|p2a: Dubwool
|-damage|p2a: Dubwool|61/100
|-damage|p2a: Dubwool|51/100
|-hitcount|p2a: Dubwool|2
|
|-heal|p2a: Dubwool|57/100|[from] item: Leftovers
|-heal|p2a: Dubwool|63/100|[from] Aqua Ring
|-heal|p2a: Dubwool|69/100|[from] Ingrain
|upkeep
|turn|17
|
|move|p2a: Dubwool|Cotton Guard|p2a: Dubwool
|-boost|p2a: Dubwool|def|3
|move|p1a: Dragapult|Dragon Darts|p2a: Dubwool
|-damage|p2a: Dubwool|61/100
|-damage|p2a: Dubwool|54/100
|-hitcount|p2a: Dubwool|2
|
|-heal|p2a: Dubwool|60/100|[from] item: Leftovers
|-heal|p2a: Dubwool|66/100|[from] Aqua Ring
|-heal|p2a: Dubwool|72/100|[from] Ingrain
|upkeep
|turn|18
|
|move|p2a: Dubwool|Baton Pass|p2a: Dubwool
|
|switch|p2a: Xatu|Xatu, F|100/100|[from]move: Baton Pass
|move|p1a: Dragapult|Dragon Dance|p1a: Dragapult
|-boost|p1a: Dragapult|atk|1
|-boost|p1a: Dragapult|spe|1
|
|upkeep
|turn|19
|
|move|p2a: Xatu|Stored Power|p1a: Dragapult
|-damage|p1a: Dragapult|0 fnt
|faint|p1a: Dragapult
|
|upkeep
|
|switch|p1a: Darmanitan|Darmanitan-Galar, F|100/100
|turn|20
|
|-start|p1a: Darmanitan|Dynamax
|-heal|p1a: Darmanitan|100/100|[silent]
|move|p2a: Xatu|Stored Power|p1a: Darmanitan
|-damage|p1a: Darmanitan|0 fnt
|faint|p1a: Darmanitan
|
|upkeep
|
|switch|p1a: Eternatus|Eternatus|100/100
|-ability|p1a: Eternatus|Pressure
|turn|21
|
|move|p2a: Xatu|Stored Power|p1a: Eternatus
|-supereffective|p1a: Eternatus
|-damage|p1a: Eternatus|0 fnt
|faint|p1a: Eternatus
|
|upkeep
|
|switch|p1a: Zamazenta|Zamazenta-Crowned|100/100
|-ability|p1a: Zamazenta|Dauntless Shield|boost
|-boost|p1a: Zamazenta|def|1
|turn|22
|
|move|p2a: Xatu|Stored Power|p1a: Zamazenta
|-damage|p1a: Zamazenta|0 fnt
|faint|p1a: Zamazenta
|
|upkeep
|
|switch|p1a: Ditto|Ditto|100/100
|turn|23
|
|move|p2a: Xatu|Stored Power|p1a: Ditto
|-damage|p1a: Ditto|0 fnt
|faint|p1a: Ditto
|
|win|I like Lovely
