|j|☆ICVR
|j|☆teqoufi
|t:|1633298662
|gametype|singles
|player|p1|ICVR|unknownf|
|player|p2|teqoufi|morty|
|teamsize|p1|6
|teamsize|p2|6
|gen|8
|tier|[Gen 8] Ubers
|rule|Sleep Clause Mod: Limit one foe put to sleep
|rule|Species Clause: Limit one of each Pokémon
|rule|OHKO Clause: OHKO moves are banned
|rule|Evasion Moves Clause: Evasion moves are banned
|rule|Endless Battle Clause: Forcing endless battles is banned
|rule|HP Percentage Mod: HP is shown in percentages
|rule|Dynamax Clause: You cannot dynamax
|clearpoke
|poke|p1|Zygarde|
|poke|p1|Eternatus|
|poke|p1|Necrozma-Dusk-Mane|
|poke|p1|Yveltal|
|poke|p1|Ferrothorn, M|
|poke|p1|Kyogre|
|poke|p2|Zygarde|
|poke|p2|Ferrothorn, F|
|poke|p2|Calyrex-Shadow|
|poke|p2|Groudon|
|poke|p2|Xerneas-*|
|poke|p2|Yveltal|
|teampreview
|inactive|Battle timer is ON: inactive players will automatically lose when time's up. (requested by ICVR)
|c|☆teqoufi|ss ubers moment
|c|☆ICVR|hf
|c|☆teqoufi|jolient ferrothornent
|j|%Pujo
|j| Skyrio
|j| Sharow 水上
|inactive|ICVR has 270 seconds left.
|inactive|teqoufi has 270 seconds left.
|j| Eccalliti
|c|☆ICVR|Toi aussi
|j| Bekaray
|j| Hyss
|j| Cousiin.
|j| Yelodash
|j| Boulicrok
|j| BlessyZ
|j| Hervalt
|j| NHelioX7
|j| NoCoolNoGame
|j|%Lionyx
|j| BlazingDark ☾★
|j| Aneirin
|j| Magic system w2s
|c|☆teqoufi|hfent nonobstant
|j| Dunoks
|inactive|ICVR has 240 seconds left.
|inactive|teqoufi has 240 seconds left.
|c| NHelioX7|on va finir la moité de la week en 2 heures mdr
|j| Zenadark
|l| NoCoolNoGame
|j| AlexLaFritte
|j| OmBrArch
|j| S-Baleno
|j| Ayouko
|j| AzZoCcX
|l| AlexLaFritte
|j| Micciu20250
|l| Ayouko
|inactive|ICVR has 210 seconds left.
|l| BlazingDark ☾★
|l| OmBrArch
|j| NoCoolNoGame
|j| Khemissi
|j| Giga-Maxouille
|l| Eccalliti
|c| Magic system w2s|bonsoir non
|
|t:|1633298766
|start
|switch|p1a: Kyogre|Kyogre|100/100
|switch|p2a: Alger SSJ2|Groudon|100/100
|-weather|RainDance|[from] ability: Drizzle|[of] p1a: Kyogre
|-weather|SunnyDay|[from] ability: Drought|[of] p2a: Alger SSJ2
|turn|1
|l| AzZoCcX
|j| BIHI
|c| Khemissi|Isma (madfut absorbed)
|j| Algeria
|j| erwann41
|j| BlazingDark ☾★
|j| AzZoCcX
|j| Dieu Amphibien
|
|t:|1633298784
|move|p1a: Kyogre|Origin Pulse|p2a: Alger SSJ2
|-supereffective|p2a: Alger SSJ2
|-damage|p2a: Alger SSJ2|31/100
|move|p2a: Alger SSJ2|Stealth Rock|p1a: Kyogre
|-sidestart|p1: ICVR|move: Stealth Rock
|
|-weather|SunnyDay|[upkeep]
|-heal|p2a: Alger SSJ2|37/100|[from] item: Leftovers
|upkeep
|turn|2
|n|%Lionyx|lionyx
|j|+Staxi
|
|t:|1633298801
|switch|p1a: Eternatus|Eternatus|100/100
|-damage|p1a: Eternatus|88/100|[from] Stealth Rock
|-ability|p1a: Eternatus|Pressure
|switch|p2a: tjrs pas titu scl|Ferrothorn, F|100/100
|
|-weather|SunnyDay|[upkeep]
|upkeep
|turn|3
|n|%Lionyx|lionyx
|j| ironwater
|
|t:|1633298814
|switch|p2a: fan de jt yao|Xerneas|100/100
|-ability|p2a: fan de jt yao|Fairy Aura
|move|p1a: Eternatus|Meteor Beam||[still]
|-prepare|p1a: Eternatus|Meteor Beam
|-boost|p1a: Eternatus|spa|1
|-enditem|p1a: Eternatus|Power Herb
|-anim|p1a: Eternatus|Meteor Beam|p2a: fan de jt yao
|-damage|p2a: fan de jt yao|33/100
|
|-weather|SunnyDay|[upkeep]
|upkeep
|turn|4
|l| Boulicrok
|
|t:|1633298821
|move|p2a: fan de jt yao|Thunder Wave|p1a: Eternatus
|-status|p1a: Eternatus|par
|move|p1a: Eternatus|Flamethrower|p2a: fan de jt yao
|-damage|p2a: fan de jt yao|0 fnt
|faint|p2a: fan de jt yao
|
|-weather|SunnyDay|[upkeep]
|upkeep
|j| Bliinnd
|j| Eccalliti
|j| Trezac
|j| CelienneileC
|c|☆teqoufi|il est l'heure de partir à la pêche
|
|t:|1633298835
|switch|p2a: BDhas5secondsleft.|Zygarde|100/100
|turn|5
|
|t:|1633298845
|switch|p1a: Kyogre|Kyogre|100/100
|-damage|p1a: Kyogre|88/100|[from] Stealth Rock
|-weather|RainDance|[from] ability: Drizzle|[of] p1a: Kyogre
|move|p2a: BDhas5secondsleft.|Substitute|p2a: BDhas5secondsleft.
|-start|p2a: BDhas5secondsleft.|Substitute
|-damage|p2a: BDhas5secondsleft.|75/100
|
|-weather|RainDance|[upkeep]
|-heal|p2a: BDhas5secondsleft.|82/100|[from] item: Leftovers
|upkeep
|turn|6
|j| Ayouko
|
|t:|1633298849
|move|p1a: Kyogre|Origin Pulse|p2a: BDhas5secondsleft.|[miss]
|-miss|p1a: Kyogre|p2a: BDhas5secondsleft.
|-enditem|p1a: Kyogre|Blunder Policy
|-boost|p1a: Kyogre|spe|2
|move|p2a: BDhas5secondsleft.|Thousand Arrows|p1a: Kyogre
|-damage|p1a: Kyogre|50/100
|
|-weather|RainDance|[upkeep]
|-heal|p2a: BDhas5secondsleft.|88/100|[from] item: Leftovers
|upkeep
|turn|7
|l|%Lionyx
|c|☆teqoufi|MDR
|c|☆teqoufi|marrant
|c|☆teqoufi|je dois l'avouer
|c|☆ICVR|Oui
|
|t:|1633298864
|move|p1a: Kyogre|Origin Pulse|p2a: BDhas5secondsleft.
|-end|p2a: BDhas5secondsleft.|Substitute
|move|p2a: BDhas5secondsleft.|Thousand Arrows|p1a: Kyogre
|-damage|p1a: Kyogre|14/100
|
|-weather|RainDance|[upkeep]
|-heal|p2a: BDhas5secondsleft.|94/100|[from] item: Leftovers
|upkeep
|turn|8
|
|t:|1633298868
|switch|p2a: tjrs pas titu scl|Ferrothorn, F|100/100
|move|p1a: Kyogre|Blizzard|p2a: tjrs pas titu scl|[miss]
|-miss|p1a: Kyogre|p2a: tjrs pas titu scl
|
|-weather|RainDance|[upkeep]
|upkeep
|turn|9
|
|t:|1633298873
|move|p1a: Kyogre|Blizzard|p2a: tjrs pas titu scl|[miss]
|-miss|p1a: Kyogre|p2a: tjrs pas titu scl
|move|p2a: tjrs pas titu scl|Spikes|p1a: Kyogre
|-sidestart|p1: ICVR|Spikes
|
|-weather|none
|upkeep
|turn|10
|
|t:|1633298879
|move|p1a: Kyogre|Blizzard|p2a: tjrs pas titu scl|[miss]
|-miss|p1a: Kyogre|p2a: tjrs pas titu scl
|move|p2a: tjrs pas titu scl|Spikes|p1a: Kyogre
|-sidestart|p1: ICVR|Spikes
|
|upkeep
|turn|11
|c|☆teqoufi|ça a l'effet escompté...!
|c| S-Baleno|trop nul ton kyogre indercringer
|
|t:|1633298887
|switch|p1a: Yveltal|Yveltal|100/100
|-ability|p1a: Yveltal|Dark Aura
|move|p2a: tjrs pas titu scl|Body Press|p1a: Yveltal
|-damage|p1a: Yveltal|83/100
|
|upkeep
|turn|12
|j| Boulicrok
|
|t:|1633298891
|move|p1a: Yveltal|Defog|p2a: tjrs pas titu scl
|-unboost|p2a: tjrs pas titu scl|evasion|1
|-sideend|p1: ICVR|Spikes|[from] move: Defog|[of] p1a: Yveltal
|-sideend|p1: ICVR|Stealth Rock|[from] move: Defog|[of] p1a: Yveltal
|move|p2a: tjrs pas titu scl|Leech Seed|p1a: Yveltal
|-start|p1a: Yveltal|move: Leech Seed
|
|-damage|p1a: Yveltal|70/100|[from] Leech Seed|[of] p2a: tjrs pas titu scl
|upkeep
|turn|13
|c| Hervalt|mdr chakal ça veut pas
|c| Dieu Amphibien|teqoufi... ><
|
|t:|1633298895
|switch|p1a: Zygarde|Zygarde|100/100
|move|p2a: tjrs pas titu scl|Spikes|p1a: Zygarde
|-sidestart|p1: ICVR|Spikes
|
|upkeep
|turn|14
|
|t:|1633298901
|switch|p2a: BDhas5secondsleft.|Zygarde|94/100
|move|p1a: Zygarde|Substitute|p1a: Zygarde
|-start|p1a: Zygarde|Substitute
|-damage|p1a: Zygarde|76/100
|
|-heal|p1a: Zygarde|82/100|[from] item: Leftovers
|-heal|p2a: BDhas5secondsleft.|99/100|[from] item: Leftovers
|upkeep
|turn|15
|
|t:|1633298905
|move|p1a: Zygarde|Dragon Dance|p1a: Zygarde
|-boost|p1a: Zygarde|atk|1
|-boost|p1a: Zygarde|spe|1
|move|p2a: BDhas5secondsleft.|Dragon Tail|p1a: Zygarde
|-supereffective|p1a: Zygarde
|-end|p1a: Zygarde|Substitute
|
|-heal|p1a: Zygarde|88/100|[from] item: Leftovers
|-heal|p2a: BDhas5secondsleft.|100/100|[from] item: Leftovers
|upkeep
|turn|16
|
|t:|1633298911
|move|p2a: BDhas5secondsleft.|Substitute|p2a: BDhas5secondsleft.
|-start|p2a: BDhas5secondsleft.|Substitute
|-damage|p2a: BDhas5secondsleft.|75/100
|move|p1a: Zygarde|Dragon Tail|p2a: BDhas5secondsleft.
|-supereffective|p2a: BDhas5secondsleft.
|-end|p2a: BDhas5secondsleft.|Substitute
|
|-heal|p1a: Zygarde|94/100|[from] item: Leftovers
|-heal|p2a: BDhas5secondsleft.|82/100|[from] item: Leftovers
|upkeep
|turn|17
|j| Cherbou
|
|t:|1633298918
|move|p2a: BDhas5secondsleft.|Substitute|p2a: BDhas5secondsleft.
|-start|p2a: BDhas5secondsleft.|Substitute
|-damage|p2a: BDhas5secondsleft.|57/100
|move|p1a: Zygarde|Dragon Tail|p2a: BDhas5secondsleft.
|-supereffective|p2a: BDhas5secondsleft.
|-end|p2a: BDhas5secondsleft.|Substitute
|
|-heal|p1a: Zygarde|99/100|[from] item: Leftovers
|-heal|p2a: BDhas5secondsleft.|63/100|[from] item: Leftovers
|upkeep
|turn|18
|j| Massilia
|l| Ayouko
|j| Giga-Chandelure
|l| CelienneileC
|l| AzZoCcX
|inactive|ICVR has 270 seconds left.
|l| Dunoks
|j| AzZoCcX
|l| Khemissi
|j| Rubyblood
|l| Eccalliti
|
|t:|1633298959
|move|p2a: BDhas5secondsleft.|Substitute|p2a: BDhas5secondsleft.
|-start|p2a: BDhas5secondsleft.|Substitute
|-damage|p2a: BDhas5secondsleft.|38/100
|move|p1a: Zygarde|Dragon Tail|p2a: BDhas5secondsleft.
|-supereffective|p2a: BDhas5secondsleft.
|-end|p2a: BDhas5secondsleft.|Substitute
|
|-heal|p1a: Zygarde|100/100|[from] item: Leftovers
|-heal|p2a: BDhas5secondsleft.|44/100|[from] item: Leftovers
|-activate|p2a: BDhas5secondsleft.|ability: Power Construct
|detailschange|p2a: BDhas5secondsleft.|Zygarde-Complete
|-heal|p2a: BDhas5secondsleft.|63/100|[silent]
|upkeep
|turn|19
|l| AzZoCcX
|c| Rubyblood|ok inder tu gagnes
|
|t:|1633298964
|move|p2a: BDhas5secondsleft.|Substitute|p2a: BDhas5secondsleft.
|-start|p2a: BDhas5secondsleft.|Substitute
|-damage|p2a: BDhas5secondsleft.|38/100
|move|p1a: Zygarde|Dragon Tail|p2a: BDhas5secondsleft.|[miss]
|-miss|p1a: Zygarde|p2a: BDhas5secondsleft.
|
|-heal|p2a: BDhas5secondsleft.|44/100|[from] item: Leftovers
|upkeep
|turn|20
|j| AzZoCcX
|c| Rubyblood|sinon on te démarre
|j| CelienneileC
|c|☆teqoufi|merci
|
|t:|1633298972
|move|p1a: Zygarde|Thousand Arrows|p2a: BDhas5secondsleft.
|-activate|p2a: BDhas5secondsleft.|move: Substitute|[damage]
|move|p2a: BDhas5secondsleft.|Dragon Tail|p1a: Zygarde
|-supereffective|p1a: Zygarde
|-damage|p1a: Zygarde|71/100
|drag|p1a: Necrozma|Necrozma-Dusk-Mane|100/100
|-damage|p1a: Necrozma|88/100|[from] Spikes
|
|-heal|p2a: BDhas5secondsleft.|50/100|[from] item: Leftovers
|-heal|p1a: Necrozma|94/100|[from] item: Leftovers
|upkeep
|turn|21
|j| iKiQ ㋛
|c| Rubyblood|mdr ?
|
|t:|1633298982
|move|p2a: BDhas5secondsleft.|Dragon Dance|p2a: BDhas5secondsleft.
|-boost|p2a: BDhas5secondsleft.|atk|1
|-boost|p2a: BDhas5secondsleft.|spe|1
|move|p1a: Necrozma|Sunsteel Strike|p2a: BDhas5secondsleft.
|-end|p2a: BDhas5secondsleft.|Substitute
|
|-heal|p2a: BDhas5secondsleft.|57/100|[from] item: Leftovers
|-heal|p1a: Necrozma|99/100|[from] item: Leftovers
|upkeep
|turn|22
|
|t:|1633298994
|move|p2a: BDhas5secondsleft.|Substitute|p2a: BDhas5secondsleft.
|-start|p2a: BDhas5secondsleft.|Substitute
|-damage|p2a: BDhas5secondsleft.|32/100
|move|p1a: Necrozma|Dragon Dance|p1a: Necrozma
|-boost|p1a: Necrozma|atk|1
|-boost|p1a: Necrozma|spe|1
|
|-heal|p2a: BDhas5secondsleft.|38/100|[from] item: Leftovers
|-heal|p1a: Necrozma|100/100|[from] item: Leftovers
|upkeep
|turn|23
|
|t:|1633298999
|move|p2a: BDhas5secondsleft.|Thousand Arrows|p1a: Necrozma
|-supereffective|p1a: Necrozma
|-damage|p1a: Necrozma|44/100
|move|p1a: Necrozma|Sunsteel Strike|p2a: BDhas5secondsleft.
|-end|p2a: BDhas5secondsleft.|Substitute
|
|-heal|p2a: BDhas5secondsleft.|44/100|[from] item: Leftovers
|-heal|p1a: Necrozma|50/100|[from] item: Leftovers
|upkeep
|turn|24
|j| Ayouko
|c| Dieu Amphibien|ah c inder icvr
|c| Rubyblood|les joueurs ubers là
|c| Rubyblood|qui gagne
|c| Rubyblood|atm
|
|t:|1633299020
|switch|p1a: Zygarde|Zygarde|71/100
|-damage|p1a: Zygarde|58/100|[from] Spikes
|move|p2a: BDhas5secondsleft.|Thousand Arrows|p1a: Zygarde
|-damage|p1a: Zygarde|20/100
|
|-heal|p2a: BDhas5secondsleft.|50/100|[from] item: Leftovers
|-heal|p1a: Zygarde|26/100|[from] item: Leftovers
|-activate|p1a: Zygarde|ability: Power Construct
|detailschange|p1a: Zygarde|Zygarde-Complete
|-heal|p1a: Zygarde|54/100|[silent]
|upkeep
|turn|25
|c| Hervalt|Situm
|c| Rubyblood|j'ai dis joueur ubers
|c| Rubyblood|pas larbin de starry
|c| Hervalt|frappe ton oncle
|
|t:|1633299035
|move|p1a: Zygarde|Substitute|p1a: Zygarde
|-start|p1a: Zygarde|Substitute
|-damage|p1a: Zygarde|29/100
|move|p2a: BDhas5secondsleft.|Dragon Tail|p1a: Zygarde
|-supereffective|p1a: Zygarde
|-end|p1a: Zygarde|Substitute
|
|-heal|p2a: BDhas5secondsleft.|56/100|[from] item: Leftovers
|-heal|p1a: Zygarde|35/100|[from] item: Leftovers
|upkeep
|turn|26
|l| NHelioX7
|
|t:|1633299042
|move|p2a: BDhas5secondsleft.|Dragon Tail|p1a: Zygarde
|-supereffective|p1a: Zygarde
|-damage|p1a: Zygarde|6/100
|drag|p1a: Necrozma|Necrozma-Dusk-Mane|50/100
|-damage|p1a: Necrozma|38/100|[from] Spikes
|
|-heal|p2a: BDhas5secondsleft.|62/100|[from] item: Leftovers
|-heal|p1a: Necrozma|44/100|[from] item: Leftovers
|upkeep
|turn|27
|c| Ayouko|MDDR RUBY
|j| Sageau
|c| Ayouko|Voilaaaa
|c| Ayouko|Allezz sitummm
|
|t:|1633299056
|move|p2a: BDhas5secondsleft.|Substitute|p2a: BDhas5secondsleft.
|-start|p2a: BDhas5secondsleft.|Substitute
|-damage|p2a: BDhas5secondsleft.|37/100
|move|p1a: Necrozma|Morning Sun|p1a: Necrozma
|-heal|p1a: Necrozma|94/100
|
|-heal|p2a: BDhas5secondsleft.|43/100|[from] item: Leftovers
|-heal|p1a: Necrozma|99/100|[from] item: Leftovers
|upkeep
|turn|28
|c| Rubyblood|je rigole herv le futur gagnant du smogontour
|
|t:|1633299061
|move|p2a: BDhas5secondsleft.|Dragon Dance|p2a: BDhas5secondsleft.
|-boost|p2a: BDhas5secondsleft.|atk|1
|-boost|p2a: BDhas5secondsleft.|spe|1
|move|p1a: Necrozma|Dragon Dance|p1a: Necrozma
|-boost|p1a: Necrozma|atk|1
|-boost|p1a: Necrozma|spe|1
|
|-heal|p2a: BDhas5secondsleft.|50/100|[from] item: Leftovers
|-heal|p1a: Necrozma|100/100|[from] item: Leftovers
|upkeep
|turn|29
|
|t:|1633299064
|move|p2a: BDhas5secondsleft.|Thousand Arrows|p1a: Necrozma
|-supereffective|p1a: Necrozma
|-damage|p1a: Necrozma|31/100
|move|p1a: Necrozma|Sunsteel Strike|p2a: BDhas5secondsleft.
|-end|p2a: BDhas5secondsleft.|Substitute
|
|-heal|p2a: BDhas5secondsleft.|56/100|[from] item: Leftovers
|-heal|p1a: Necrozma|37/100|[from] item: Leftovers
|upkeep
|turn|30
|
|t:|1633299067
|move|p2a: BDhas5secondsleft.|Thousand Arrows|p1a: Necrozma
|-supereffective|p1a: Necrozma
|-damage|p1a: Necrozma|0 fnt
|faint|p1a: Necrozma
|
|-heal|p2a: BDhas5secondsleft.|62/100|[from] item: Leftovers
|upkeep
|
|t:|1633299071
|switch|p1a: Yveltal|Yveltal|70/100
|-ability|p1a: Yveltal|Dark Aura
|turn|31
|c| Rubyblood|(nous fait pas une finchinator bg)
|j| StickerBush Symph
|
|t:|1633299077
|move|p2a: BDhas5secondsleft.|Substitute|p2a: BDhas5secondsleft.
|-start|p2a: BDhas5secondsleft.|Substitute
|-damage|p2a: BDhas5secondsleft.|37/100
|move|p1a: Yveltal|Foul Play|p2a: BDhas5secondsleft.
|-end|p2a: BDhas5secondsleft.|Substitute
|
|-heal|p2a: BDhas5secondsleft.|43/100|[from] item: Leftovers
|upkeep
|turn|32
|
|t:|1633299081
|move|p2a: BDhas5secondsleft.|Thousand Arrows|p1a: Yveltal
|-damage|p1a: Yveltal|17/100
|-start|p1a: Yveltal|Smack Down
|move|p1a: Yveltal|Foul Play|p2a: BDhas5secondsleft.
|-damage|p2a: BDhas5secondsleft.|9/100
|
|-heal|p2a: BDhas5secondsleft.|16/100|[from] item: Leftovers
|upkeep
|turn|33
|c| Ayouko|Foul play fraude
|c| Rubyblood|je te hais inder
|
|t:|1633299094
|switch|p1a: Zygarde|Zygarde-Complete|6/100
|-damage|p1a: Zygarde|0 fnt|[from] Spikes
|faint|p1a: Zygarde
|move|p2a: BDhas5secondsleft.|Thousand Arrows|p1: Zygarde|[notarget]
|-fail|p2a: BDhas5secondsleft.
|
|-heal|p2a: BDhas5secondsleft.|22/100|[from] item: Leftovers
|upkeep
|j| ismakhil*-*
|
|t:|1633299096
|switch|p1a: Ferrothorn|Ferrothorn, M|100/100
|-damage|p1a: Ferrothorn|88/100|[from] Spikes
|turn|34
|
|t:|1633299099
|move|p2a: BDhas5secondsleft.|Thousand Arrows|p1a: Ferrothorn
|-damage|p1a: Ferrothorn|35/100
|move|p1a: Ferrothorn|Leech Seed|p2a: BDhas5secondsleft.|[miss]
|-miss|p1a: Ferrothorn|p2a: BDhas5secondsleft.
|
|-heal|p2a: BDhas5secondsleft.|28/100|[from] item: Leftovers
|-heal|p1a: Ferrothorn|41/100|[from] item: Leftovers
|upkeep
|turn|35
|l| BIHI
|c| Sharow 水上|gg
|c| Rubyblood|pq ce bolosse tank tout
|c|☆teqoufi|dsl
|c|☆teqoufi|gg
|c| Ayouko|Gg
|c|☆teqoufi|tu gagnes surement sans le miss dtaiil
|c|☆ICVR|gg
|l| AzZoCcX
|c|☆teqoufi|je devais tenter
|j| NHelioX7
|c| Rubyblood|t vrmnt un sale clebard situm
|l| NoCoolNoGame
|j| Wnn
|
|t:|1633299125
|move|p2a: BDhas5secondsleft.|Thousand Arrows|p1a: Ferrothorn
|-damage|p1a: Ferrothorn|0 fnt
|faint|p1a: Ferrothorn
|
|-heal|p2a: BDhas5secondsleft.|34/100|[from] item: Leftovers
|upkeep
|j| OmBrArch
|l| Sageau
|j| AzZoCcX
|c|☆teqoufi|on va dire que mon unluck de la semaine d'avant se récupère ici
|
|t:|1633299129
|switch|p1a: Kyogre|Kyogre|14/100
|-damage|p1a: Kyogre|1/100|[from] Spikes
|-weather|RainDance|[from] ability: Drizzle|[of] p1a: Kyogre
|turn|36
|l| Wnn
|c|☆teqoufi|même si tu n'as rien demandé
|l| Cherbou
|c| Rubyblood|ouais frèrot tu joues zygarde
|j| Wnn
|c| Rubyblood|max def
|c| Rubyblood|max hp
|c|☆teqoufi|s/o le nick de zygarde
|c| Rubyblood|max spedef
|c| Rubyblood|nature positif
|c| Rubyblood|partout
|c| Wnn|Mais
|c|☆ICVR|désolé la team
|c| Rubyblood|c quoi ce tank
|c|☆teqoufi|mdrr réel pour le coup
|c| Wnn|situm
|c| Wnn|...
|c| Rubyblood|de malade mental
|c|☆teqoufi|c'est une repart d'aber
|c| Rubyblood|on dirait ma grand mère rosée
|l| S-Baleno
|c| Rubyblood|92ans
|j| primage
|c|☆teqoufi|il est sacrément défensif
|c|☆teqoufi|le zyg
|c| Rubyblood|tjrs vivante
|c| Rubyblood|malaisant
|inactive|teqoufi has 270 seconds left.
|c|☆teqoufi|vas y viens je sub
|c|☆teqoufi|et on voit
|c|☆teqoufi|si tu hit blizzard
|c| Rubyblood|tsé
|c|☆teqoufi|ou pas
|c| Giga-Chandelure|on jurerait que tu parles de l'Eternamax
|l| primage
|c|☆ICVR|Mdrrrr
|c|☆ICVR|je hit jamais
|c|☆teqoufi|essaye
|c|☆ICVR|blunder policy Kyogre
|c| Rubyblood|tranquille inder
|c|☆ICVR|aura été nul
|
|t:|1633299186
|move|p2a: BDhas5secondsleft.|Substitute|p2a: BDhas5secondsleft.
|-start|p2a: BDhas5secondsleft.|Substitute
|-damage|p2a: BDhas5secondsleft.|9/100
|move|p1a: Kyogre|Blizzard|p2a: BDhas5secondsleft.
|-supereffective|p2a: BDhas5secondsleft.
|-end|p2a: BDhas5secondsleft.|Substitute
|
|-weather|RainDance|[upkeep]
|-heal|p2a: BDhas5secondsleft.|15/100|[from] item: Leftovers
|upkeep
|turn|37
|c| Rubyblood|tu as affronté les meilleurs
|c|☆teqoufi|goat
|c| Rubyblood|mtn tu peux gagner
|c|☆ICVR|J’AI HIT
|
|t:|1633299198
|move|p2a: BDhas5secondsleft.|Thousand Arrows|p1a: Kyogre
|-damage|p1a: Kyogre|0 fnt
|faint|p1a: Kyogre
|
|-weather|RainDance|[upkeep]
|-heal|p2a: BDhas5secondsleft.|21/100|[from] item: Leftovers
|upkeep
|
|t:|1633299200
|switch|p1a: Yveltal|Yveltal|17/100
|-ability|p1a: Yveltal|Dark Aura
|turn|38
|
|t:|1633299203
|move|p2a: BDhas5secondsleft.|Thousand Arrows|p1a: Yveltal
|-damage|p1a: Yveltal|0 fnt
|faint|p1a: Yveltal
|
|-weather|RainDance|[upkeep]
|-heal|p2a: BDhas5secondsleft.|27/100|[from] item: Leftovers
|upkeep
|j| congelateur-sama
|
|t:|1633299205
|switch|p1a: Eternatus|Eternatus|88/100 par
|-damage|p1a: Eternatus|76/100 par|[from] Spikes
|-ability|p1a: Eternatus|Pressure
|turn|39
|l| AzZoCcX
|c| Rubyblood|tu es ban inder
|c| Rubyblood|gg
|c|☆teqoufi|bv le set d'eter
|j| Flex OKLM
|inactive|teqoufi has 270 seconds left.
|c|☆ICVR|gg a moi
|c| Rubyblood|ce ratio aussi il va hit
|c|☆teqoufi|vu ke je joue jamais dusk mane
|c|☆teqoufi|belle prep
|c|☆teqoufi|gg
|
|t:|1633299227
|move|p2a: BDhas5secondsleft.|Thousand Arrows|p1a: Eternatus
|-supereffective|p1a: Eternatus
|-damage|p1a: Eternatus|0 fnt
|faint|p1a: Eternatus
|
|win|teqoufi
|c|☆ICVR|ty
|j| yeslifenogame
|c|☆ICVR|gg
|l| Sharow 水上
|l| Rubyblood
|l| Massilia
|l|%Pujo
|l| BlazingDark ☾★
|l| Ayouko
|l| NHelioX7
|l| Trezac
|l| Yelodash
|l| Giga-Maxouille
|c| Giga-Chandelure|o
|l| Giga-Chandelure
|l| Hervalt
|l| BlessyZ
|l| ismakhil*-*
|l| Zenadark
|l| Bekaray
|l| Wnn
|l| Flex OKLM
|l|☆ICVR
|l| StickerBush Symph
|l| Micciu20250
|l| Cousiin.
|l| Boulicrok
|l| iKiQ ㋛
|l| Bliinnd
|l| Hyss
|l| erwann41
|l| Skyrio
|l| Algeria
|l| ironwater
|l| Magic system w2s
|l| congelateur-sama
|l| Dieu Amphibien
|l| OmBrArch
|l| CelienneileC
|j| Dragonillis
|l|☆teqoufi
|j| iKiQ ㋛
|l| iKiQ ㋛
|j| two medium
|l| two medium
|j| lo9okgfr
|l| lo9okgfr
|j| Smash Monfils
|j| truc5
|j| ChaFouu
