|j|☆QiYu4
|j|☆the pharoah
|t:|1606388584
|player|p1|QiYu4|lucas|
|player|p2|the pharoah|#ssdivleviathans|
|teamsize|p1|6
|teamsize|p2|6
|gametype|singles
|gen|8
|tier|[Gen 8] Ubers
|clearpoke
|poke|p1|Kyogre|
|poke|p1|Zacian-Crowned|
|poke|p1|Yveltal|
|poke|p1|Necrozma-Dusk-Mane|
|poke|p1|Ditto|
|poke|p1|Eternatus|
|poke|p2|Mew|
|poke|p2|Grimmsnarl, M|
|poke|p2|Necrozma-Dusk-Mane|
|poke|p2|Zacian-Crowned|
|poke|p2|Kyurem-Black|
|poke|p2|Lunala|
|rule|Sleep Clause Mod: Limit one foe put to sleep
|rule|Species Clause: Limit one of each Pokémon
|rule|OHKO Clause: OHKO moves are banned
|rule|Evasion Moves Clause: Evasion moves are banned
|rule|Endless Battle Clause: Forcing endless battles is banned
|rule|HP Percentage Mod: HP is shown in percentages
|rule|Dynamax Clause: You cannot dynamax
|teampreview
|
|t:|1606388644
|start
|switch|p1a: Zacian|Zacian-Crowned|100/100
|switch|p2a: Mew|Mew|100/100
|-ability|p1a: Zacian|Intrepid Sword|boost
|-boost|p1a: Zacian|atk|1
|turn|1
|
|t:|1606388649
|move|p1a: Zacian|Swords Dance|p1a: Zacian
|-boost|p1a: Zacian|atk|2
|move|p2a: Mew|Thunder Wave|p1a: Zacian
|-status|p1a: Zacian|par
|
|upkeep
|turn|2
|
|t:|1606388652
|move|p2a: Mew|Stealth Rock|p1a: Zacian
|-sidestart|p1: QiYu4|move: Stealth Rock
|move|p1a: Zacian|Behemoth Blade|p2a: Mew
|-enditem|p2a: Mew|Focus Sash
|-damage|p2a: Mew|1/100
|
|upkeep
|turn|3
|
|t:|1606388688
|move|p2a: Mew|Spikes|p1a: Zacian
|-sidestart|p1: QiYu4|Spikes
|cant|p1a: Zacian|par
|
|upkeep
|turn|4
|
|t:|1606388701
|move|p2a: Mew|Spikes|p1a: Zacian
|-sidestart|p1: QiYu4|Spikes
|move|p1a: Zacian|Behemoth Blade|p2a: Mew
|-damage|p2a: Mew|0 fnt
|faint|p2a: Mew
|
|upkeep
|
|t:|1606388705
|switch|p2a: Zacian|Zacian-Crowned|100/100
|-ability|p2a: Zacian|Intrepid Sword|boost
|-boost|p2a: Zacian|atk|1
|turn|5
|
|t:|1606388709
|move|p2a: Zacian|Close Combat|p1a: Zacian
|-damage|p1a: Zacian|16/100 par
|-unboost|p2a: Zacian|def|1
|-unboost|p2a: Zacian|spd|1
|cant|p1a: Zacian|par
|
|upkeep
|turn|6
|
|t:|1606388716
|move|p2a: Zacian|Close Combat|p1a: Zacian
|-damage|p1a: Zacian|0 fnt
|-unboost|p2a: Zacian|def|1
|-unboost|p2a: Zacian|spd|1
|faint|p1a: Zacian
|
|upkeep
|
|t:|1606388722
|switch|p1a: Ditto|Ditto|100/100
|-damage|p1a: Ditto|88/100|[from] Stealth Rock
|-damage|p1a: Ditto|71/100|[from] Spikes
|-transform|p1a: Ditto|p2a: Zacian|[from] ability: Imposter
|-ability|p1a: Ditto|Intrepid Sword|boost
|-boost|p1a: Ditto|atk|1
|turn|7
|
|t:|1606388801
|switch|p2a: Lunala|Lunala|100/100
|move|p1a: Ditto|Close Combat|p2a: Lunala
|-immune|p2a: Lunala
|
|upkeep
|turn|8
|
|t:|1606388808
|switch|p1a: Yveltal|Yveltal|100/100
|-ability|p1a: Yveltal|Dark Aura
|move|p2a: Lunala|Calm Mind|p2a: Lunala
|-boost|p2a: Lunala|spa|1
|-boost|p2a: Lunala|spd|1
|
|upkeep
|turn|9
|
|t:|1606388811
|move|p2a: Lunala|Moonblast|p1a: Yveltal
|-supereffective|p1a: Yveltal
|-damage|p1a: Yveltal|24/100
|move|p1a: Yveltal|Foul Play|p2a: Lunala
|-supereffective|p2a: Lunala
|-damage|p2a: Lunala|34/100
|
|upkeep
|turn|10
|
|t:|1606388820
|move|p2a: Lunala|Moonblast|p1a: Yveltal
|-supereffective|p1a: Yveltal
|-damage|p1a: Yveltal|0 fnt
|faint|p1a: Yveltal
|
|upkeep
|
|t:|1606388823
|switch|p1a: Ditto|Ditto|71/100
|-damage|p1a: Ditto|55/100|[from] Spikes
|-damage|p1a: Ditto|42/100|[from] Stealth Rock
|-transform|p1a: Ditto|p2a: Lunala|[from] ability: Imposter
|turn|11
|
|t:|1606388843
|move|p1a: Ditto|Moongeist Beam|p2a: Lunala
|-supereffective|p2a: Lunala
|-damage|p2a: Lunala|0 fnt
|faint|p2a: Lunala
|
|upkeep
|
|t:|1606388847
|switch|p2a: Grimmsnarl|Grimmsnarl, M|100/100
|turn|12
|
|t:|1606388852
|switch|p1a: Necrozma|Necrozma-Dusk-Mane|100/100
|-damage|p1a: Necrozma|94/100|[from] Stealth Rock
|-damage|p1a: Necrozma|78/100|[from] Spikes
|move|p2a: Grimmsnarl|Light Screen|p2a: Grimmsnarl
|-sidestart|p2: the pharoah|move: Light Screen
|
|-heal|p1a: Necrozma|84/100|[from] item: Leftovers
|upkeep
|turn|13
|
|t:|1606388888
|move|p2a: Grimmsnarl|Taunt|p1a: Necrozma
|-start|p1a: Necrozma|move: Taunt
|cant|p1a: Necrozma|move: Taunt|Stealth Rock
|
|-heal|p1a: Necrozma|90/100|[from] item: Leftovers
|upkeep
|turn|14
|
|t:|1606388895
|move|p2a: Grimmsnarl|Reflect|p2a: Grimmsnarl
|-sidestart|p2: the pharoah|Reflect
|move|p1a: Necrozma|Knock Off|p2a: Grimmsnarl
|-resisted|p2a: Grimmsnarl
|-damage|p2a: Grimmsnarl|97/100
|-enditem|p2a: Grimmsnarl|Light Clay|[from] move: Knock Off|[of] p1a: Necrozma
|
|-heal|p1a: Necrozma|96/100|[from] item: Leftovers
|upkeep
|turn|15
|j| QiYu7
|
|t:|1606388903
|switch|p2a: Necrozma|Necrozma-Dusk-Mane|100/100
|move|p1a: Necrozma|Knock Off|p2a: Necrozma
|-supereffective|p2a: Necrozma
|-damage|p2a: Necrozma|86/100
|-enditem|p2a: Necrozma|Weakness Policy
|-boost|p2a: Necrozma|atk|2|[from] item: Weakness Policy
|-boost|p2a: Necrozma|spa|2|[from] item: Weakness Policy
|
|-heal|p1a: Necrozma|100/100|[from] item: Leftovers
|-end|p1a: Necrozma|move: Taunt
|upkeep
|turn|16
|
|t:|1606388914
|switch|p1a: Eternatus|Eternatus|100/100
|-damage|p1a: Eternatus|88/100|[from] Stealth Rock
|-damage|p1a: Eternatus|71/100|[from] Spikes
|-ability|p1a: Eternatus|Pressure
|move|p2a: Necrozma|Sunsteel Strike|p1a: Eternatus
|-damage|p1a: Eternatus|0 fnt
|faint|p1a: Eternatus
|
|upkeep
|
|t:|1606388918
|switch|p1a: Kyogre|Kyogre|100/100
|-damage|p1a: Kyogre|88/100|[from] Stealth Rock
|-damage|p1a: Kyogre|72/100|[from] Spikes
|-weather|RainDance|[from] ability: Drizzle|[of] p1a: Kyogre
|turn|17
|
|t:|1606388923
|move|p1a: Kyogre|Origin Pulse|p2a: Necrozma
|-crit|p2a: Necrozma
|-damage|p2a: Necrozma|0 fnt
|faint|p2a: Necrozma
|
|-weather|RainDance|[upkeep]
|upkeep
|c|☆QiYu4|sry
|
|t:|1606388960
|switch|p2a: Kyurem|Kyurem-Black|100/100
|-ability|p2a: Kyurem|Teravolt
|turn|18
|
|t:|1606388968
|move|p2a: Kyurem|Fusion Bolt|p1a: Kyogre
|-supereffective|p1a: Kyogre
|-damage|p1a: Kyogre|0 fnt
|-damage|p2a: Kyurem|91/100|[from] item: Life Orb
|faint|p1a: Kyogre
|
|-weather|RainDance|[upkeep]
|upkeep
|
|t:|1606388973
|switch|p1a: Necrozma|Necrozma-Dusk-Mane|100/100
|-damage|p1a: Necrozma|84/100|[from] Spikes
|-damage|p1a: Necrozma|78/100|[from] Stealth Rock
|turn|19
|
|t:|1606388979
|move|p2a: Kyurem|Shadow Claw|p1a: Necrozma
|-supereffective|p1a: Necrozma
|-damage|p1a: Necrozma|47/100
|-damage|p2a: Kyurem|81/100|[from] item: Life Orb
|move|p1a: Necrozma|Knock Off|p2a: Kyurem
|-damage|p2a: Kyurem|66/100
|-enditem|p2a: Kyurem|Life Orb|[from] move: Knock Off|[of] p1a: Necrozma
|
|-weather|RainDance|[upkeep]
|-heal|p1a: Necrozma|53/100|[from] item: Leftovers
|-sideend|p2: the pharoah|move: Light Screen
|upkeep
|turn|20
|
|t:|1606388983
|move|p2a: Kyurem|Shadow Claw|p1a: Necrozma
|-supereffective|p1a: Necrozma
|-damage|p1a: Necrozma|28/100
|move|p1a: Necrozma|Morning Sun|p1a: Necrozma
|-heal|p1a: Necrozma|53/100
|
|-weather|RainDance|[upkeep]
|-heal|p1a: Necrozma|59/100|[from] item: Leftovers
|upkeep
|turn|21
|
|t:|1606388988
|move|p2a: Kyurem|Dragon Dance|p2a: Kyurem
|-boost|p2a: Kyurem|atk|1
|-boost|p2a: Kyurem|spe|1
|move|p1a: Necrozma|Morning Sun|p1a: Necrozma
|-heal|p1a: Necrozma|84/100
|
|-weather|none
|-heal|p1a: Necrozma|90/100|[from] item: Leftovers
|-sideend|p2: the pharoah|Reflect
|upkeep
|turn|22
|
|t:|1606388992
|move|p2a: Kyurem|Shadow Claw|p1a: Necrozma
|-supereffective|p1a: Necrozma
|-damage|p1a: Necrozma|52/100
|move|p1a: Necrozma|Earthquake|p2a: Kyurem
|-damage|p2a: Kyurem|39/100
|
|-heal|p1a: Necrozma|58/100|[from] item: Leftovers
|upkeep
|turn|23
|
|t:|1606388995
|move|p2a: Kyurem|Shadow Claw|p1a: Necrozma
|-supereffective|p1a: Necrozma
|-damage|p1a: Necrozma|26/100
|move|p1a: Necrozma|Morning Sun|p1a: Necrozma
|-heal|p1a: Necrozma|76/100
|
|-heal|p1a: Necrozma|82/100|[from] item: Leftovers
|upkeep
|turn|24
|
|t:|1606389002
|move|p2a: Kyurem|Dragon Dance|p2a: Kyurem
|-boost|p2a: Kyurem|atk|1
|-boost|p2a: Kyurem|spe|1
|move|p1a: Necrozma|Earthquake|p2a: Kyurem
|-damage|p2a: Kyurem|7/100
|
|-heal|p1a: Necrozma|88/100|[from] item: Leftovers
|upkeep
|turn|25
|
|t:|1606389005
|move|p2a: Kyurem|Shadow Claw|p1a: Necrozma
|-supereffective|p1a: Necrozma
|-damage|p1a: Necrozma|38/100
|move|p1a: Necrozma|Earthquake|p2a: Kyurem
|-damage|p2a: Kyurem|0 fnt
|faint|p2a: Kyurem
|
|-heal|p1a: Necrozma|44/100|[from] item: Leftovers
|upkeep
|
|t:|1606389009
|switch|p2a: Zacian|Zacian-Crowned|100/100
|-ability|p2a: Zacian|Intrepid Sword|boost
|-boost|p2a: Zacian|atk|1
|turn|26
|
|t:|1606389015
|move|p2a: Zacian|Close Combat|p1a: Necrozma
|-damage|p1a: Necrozma|0 fnt
|-unboost|p2a: Zacian|def|1
|-unboost|p2a: Zacian|spd|1
|faint|p1a: Necrozma
|
|upkeep
|
|t:|1606389017
|switch|p1a: Ditto|Ditto|42/100
|-damage|p1a: Ditto|30/100|[from] Stealth Rock
|-damage|p1a: Ditto|13/100|[from] Spikes
|-transform|p1a: Ditto|p2a: Zacian|[from] ability: Imposter
|-ability|p1a: Ditto|Intrepid Sword|boost
|-boost|p1a: Ditto|atk|1
|turn|27
|
|t:|1606389030
|switch|p2a: Grimmsnarl|Grimmsnarl, M|97/100
|move|p1a: Ditto|Close Combat|p2a: Grimmsnarl
|-damage|p2a: Grimmsnarl|0 fnt
|-unboost|p1a: Ditto|def|1
|-unboost|p1a: Ditto|spd|1
|faint|p2a: Grimmsnarl
|
|upkeep
|
|t:|1606389033
|switch|p2a: Zacian|Zacian-Crowned|100/100
|-ability|p2a: Zacian|Intrepid Sword|boost
|-boost|p2a: Zacian|atk|1
|turn|28
|
|t:|1606389037
|move|p1a: Ditto|Close Combat|p2a: Zacian
|-damage|p2a: Zacian|0 fnt
|-unboost|p1a: Ditto|def|1
|-unboost|p1a: Ditto|spd|1
|faint|p2a: Zacian
|
|win|QiYu4
