|raw|<div class="broadcast-blue"><strong>This battle is required to be public due to a player having a name starting with 'ult9ns'.</div>
|j|☆Bald ben
|j|☆ULT9NS Chick
|t:|1653550806
|gametype|singles
|player|p1|Bald ben|170|1610
|player|p2|ULT9NS Chick|hiker-gen4|1640
|teamsize|p1|6
|teamsize|p2|6
|gen|8
|tier|[Gen 8] Ubers
|rated|
|rule|Sleep Clause Mod: Limit one foe put to sleep
|rule|Species Clause: Limit one of each Pokémon
|rule|OHKO Clause: OHKO moves are banned
|rule|Evasion Moves Clause: Evasion moves are banned
|rule|Endless Battle Clause: Forcing endless battles is banned
|rule|HP Percentage Mod: HP is shown in percentages
|rule|Dynamax Clause: You cannot dynamax
|clearpoke
|poke|p1|Excadrill, M|
|poke|p1|Yveltal|
|poke|p1|Xerneas-*|
|poke|p1|Eternatus|
|poke|p1|Groudon|
|poke|p1|Calyrex-Shadow|
|poke|p2|Yveltal|
|poke|p2|Xerneas-*|
|poke|p2|Scolipede, M|
|poke|p2|Calyrex-Shadow|
|poke|p2|Zamazenta-*|
|poke|p2|Eternatus|
|teampreview
|inactive|Battle timer is ON: inactive players will automatically lose when time's up. (requested by Bald ben)
|c|☆ULT9NS Chick|你不是
|j| Hoennseptile
|c|☆ULT9NS Chick|不摸鱼了吗？？？
|c|☆ULT9NS Chick|😭
|c|☆Bald ben|我想抓aber
|inactive|Bald ben has 120 seconds left.
|inactive|ULT9NS Chick has 120 seconds left.
|c|☆Bald ben|沒抓到
|c|☆ULT9NS Chick|这我怎么打
|
|t:|1653550865
|start
|switch|p1a: Excadrill|Excadrill, M|100/100
|switch|p2a: Scolipede|Scolipede, M|100/100
|-ability|p1a: Excadrill|Mold Breaker
|turn|1
|
|t:|1653550871
|move|p2a: Scolipede|Spikes|p1a: Excadrill
|-sidestart|p1: Bald ben|Spikes
|move|p1a: Excadrill|Rapid Spin|p2a: Scolipede
|-damage|p2a: Scolipede|76/100
|-boost|p1a: Excadrill|spe|1
|-sideend|p1: Bald ben|Spikes|[from] move: Rapid Spin|[of] p1a: Excadrill
|
|-ability|p2a: Scolipede|Speed Boost|boost
|-boost|p2a: Scolipede|spe|1
|upkeep
|turn|2
|
|t:|1653550877
|move|p2a: Scolipede|Throat Chop|p1a: Excadrill
|-damage|p1a: Excadrill|64/100
|-start|p1a: Excadrill|Throat Chop|[silent]
|move|p1a: Excadrill|Rapid Spin|p2a: Scolipede
|-damage|p2a: Scolipede|48/100
|-boost|p1a: Excadrill|spe|1
|
|-ability|p2a: Scolipede|Speed Boost|boost
|-boost|p2a: Scolipede|spe|1
|upkeep
|turn|3
|j| ULT9NS Fog
|
|t:|1653550893
|move|p2a: Scolipede|Spikes|p1a: Excadrill
|-sidestart|p1: Bald ben|Spikes
|move|p1a: Excadrill|Earthquake|p2a: Scolipede
|-damage|p2a: Scolipede|0 fnt
|faint|p2a: Scolipede
|
|-end|p1a: Excadrill|Throat Chop|[silent]
|upkeep
|
|t:|1653550897
|switch|p2a: Calyrex|Calyrex-Shadow|100/100
|-ability|p2a: Calyrex|As One
|-ability|p2a: Calyrex|Unnerve
|turn|4
|
|t:|1653550902
|move|p2a: Calyrex|Astral Barrage|p1a: Excadrill
|-damage|p1a: Excadrill|0 fnt
|faint|p1a: Excadrill
|-ability|p2a: Calyrex|Grim Neigh|boost
|-boost|p2a: Calyrex|spa|1
|
|upkeep
|
|t:|1653550904
|switch|p1a: Yveltal|Yveltal|100/100
|-ability|p1a: Yveltal|Dark Aura
|turn|5
|
|t:|1653550907
|switch|p2a: Zamazenta|Zamazenta-Crowned|100/100
|-ability|p2a: Zamazenta|Dauntless Shield|boost
|-boost|p2a: Zamazenta|def|1
|move|p1a: Yveltal|Knock Off|p2a: Zamazenta
|-resisted|p2a: Zamazenta
|-damage|p2a: Zamazenta|88/100
|
|upkeep
|turn|6
|
|t:|1653550915
|switch|p1a: Eternatus|Eternatus|100/100
|-damage|p1a: Eternatus|88/100|[from] Spikes
|-ability|p1a: Eternatus|Pressure
|move|p2a: Zamazenta|Behemoth Bash|p1a: Eternatus
|-damage|p1a: Eternatus|40/100
|
|upkeep
|turn|7
|
|t:|1653550933
|switch|p2a: Calyrex|Calyrex-Shadow|100/100
|-ability|p2a: Calyrex|As One
|-ability|p2a: Calyrex|Unnerve
|move|p1a: Eternatus|Substitute|p1a: Eternatus
|-start|p1a: Eternatus|Substitute
|-damage|p1a: Eternatus|15/100
|
|upkeep
|turn|8
|
|t:|1653550940
|move|p2a: Calyrex|Encore|p1a: Eternatus
|-start|p1a: Eternatus|Encore
|move|p1a: Eternatus|Substitute|p1a: Eternatus
|-fail|p1a: Eternatus|move: Substitute
|
|upkeep
|turn|9
|
|t:|1653550950
|switch|p2a: Xerneas|Xerneas|100/100
|-ability|p2a: Xerneas|Fairy Aura
|move|p1a: Eternatus|Substitute|p1a: Eternatus
|-fail|p1a: Eternatus|move: Substitute
|
|upkeep
|turn|10
|
|t:|1653550955
|switch|p1a: Calyrex|Calyrex-Shadow|100/100
|-ability|p1a: Calyrex|As One
|-ability|p1a: Calyrex|Unnerve
|-damage|p1a: Calyrex|88/100|[from] Spikes
|move|p2a: Xerneas|Geomancy||[still]
|-prepare|p2a: Xerneas|Geomancy
|-enditem|p2a: Xerneas|Power Herb
|-anim|p2a: Xerneas|Geomancy|p2a: Xerneas
|-boost|p2a: Xerneas|spa|2
|-boost|p2a: Xerneas|spd|2
|-boost|p2a: Xerneas|spe|2
|
|upkeep
|turn|11
|j| Margaret Nearl
|
|t:|1653550964
|move|p1a: Calyrex|Encore|p2a: Xerneas
|-start|p2a: Xerneas|Encore
|move|p2a: Xerneas|Geomancy||[still]
|-prepare|p2a: Xerneas|Geomancy
|
|upkeep
|turn|12
|
|t:|1653550969
|switch|p1a: Groudon|Groudon|100/100
|-damage|p1a: Groudon|88/100|[from] Spikes
|-weather|SunnyDay|[from] ability: Drought|[of] p1a: Groudon
|move|p2a: Xerneas|Geomancy|p2a: Xerneas|[from]lockedmove
|-boost|p2a: Xerneas|spa|2
|-boost|p2a: Xerneas|spd|2
|-boost|p2a: Xerneas|spe|2
|
|-weather|SunnyDay|[upkeep]
|upkeep
|turn|13
|
|t:|1653550972
|move|p2a: Xerneas|Geomancy||[still]
|-prepare|p2a: Xerneas|Geomancy
|move|p1a: Groudon|Precipice Blades|p2a: Xerneas
|-damage|p2a: Xerneas|24/100
|-damage|p1a: Groudon|78/100|[from] item: Life Orb
|
|-weather|SunnyDay|[upkeep]
|-end|p2a: Xerneas|Encore
|upkeep
|turn|14
|
|t:|1653550979
|move|p2a: Xerneas|Geomancy|p2a: Xerneas|[from]lockedmove
|-boost|p2a: Xerneas|spa|2
|-boost|p2a: Xerneas|spd|2
|-boost|p2a: Xerneas|spe|2
|move|p1a: Groudon|Precipice Blades|p2a: Xerneas
|-damage|p2a: Xerneas|0 fnt
|faint|p2a: Xerneas
|-damage|p1a: Groudon|68/100|[from] item: Life Orb
|
|-weather|SunnyDay|[upkeep]
|upkeep
|
|t:|1653550990
|switch|p2a: Yveltal|Yveltal|100/100
|-ability|p2a: Yveltal|Dark Aura
|turn|15
|
|t:|1653550994
|move|p2a: Yveltal|Knock Off|p1a: Groudon
|-crit|p1a: Groudon
|-damage|p1a: Groudon|0 fnt
|-enditem|p1a: Groudon|Life Orb|[from] move: Knock Off|[of] p2a: Yveltal
|faint|p1a: Groudon
|
|-weather|SunnyDay|[upkeep]
|upkeep
|
|t:|1653550997
|switch|p1a: Xerneas|Xerneas|100/100
|-damage|p1a: Xerneas|88/100|[from] Spikes
|-ability|p1a: Xerneas|Fairy Aura
|turn|16
|
|t:|1653551003
|move|p2a: Yveltal|Taunt|p1a: Xerneas
|-start|p1a: Xerneas|move: Taunt
|move|p1a: Xerneas|Moonblast|p2a: Yveltal
|-supereffective|p2a: Yveltal
|-damage|p2a: Yveltal|0 fnt
|faint|p2a: Yveltal
|
|-weather|none
|upkeep
|
|t:|1653551012
|switch|p2a: Zamazenta|Zamazenta-Crowned|88/100
|-ability|p2a: Zamazenta|Dauntless Shield|boost
|-boost|p2a: Zamazenta|def|1
|turn|17
|
|t:|1653551015
|switch|p1a: Eternatus|Eternatus|15/100
|-damage|p1a: Eternatus|3/100|[from] Spikes
|-ability|p1a: Eternatus|Pressure
|move|p2a: Zamazenta|Behemoth Bash|p1a: Eternatus
|-damage|p1a: Eternatus|0 fnt
|faint|p1a: Eternatus
|
|upkeep
|
|t:|1653551020
|switch|p1a: Calyrex|Calyrex-Shadow|88/100
|-ability|p1a: Calyrex|As One
|-ability|p1a: Calyrex|Unnerve
|-damage|p1a: Calyrex|76/100|[from] Spikes
|turn|18
|j| ULT9NS 369
|
|t:|1653551026
|move|p1a: Calyrex|Disable|p2a: Zamazenta
|-start|p2a: Zamazenta|Disable|Behemoth Bash
|cant|p2a: Zamazenta|Disable|Behemoth Bash
|
|upkeep
|turn|19
|j| ULT9NS spitfire
|
|t:|1653551055
|switch|p1a: Xerneas|Xerneas|88/100
|-damage|p1a: Xerneas|76/100|[from] Spikes
|-ability|p1a: Xerneas|Fairy Aura
|switch|p2a: Calyrex|Calyrex-Shadow|100/100
|-ability|p2a: Calyrex|As One
|-ability|p2a: Calyrex|Unnerve
|
|upkeep
|turn|20
|
|t:|1653551060
|move|p2a: Calyrex|Astral Barrage|p1a: Xerneas
|-damage|p1a: Xerneas|14/100
|move|p1a: Xerneas|Moonblast|p2a: Calyrex
|-damage|p2a: Calyrex|23/100
|-unboost|p2a: Calyrex|spa|1
|
|upkeep
|turn|21
|
|t:|1653551068
|switch|p1a: Yveltal|Yveltal|100/100
|-ability|p1a: Yveltal|Dark Aura
|move|p2a: Calyrex|Astral Barrage|p1a: Yveltal
|-resisted|p1a: Yveltal
|-damage|p1a: Yveltal|77/100
|
|upkeep
|turn|22
|
|t:|1653551076
|switch|p2a: Zamazenta|Zamazenta-Crowned|88/100
|-ability|p2a: Zamazenta|Dauntless Shield|boost
|-boost|p2a: Zamazenta|def|1
|move|p1a: Yveltal|Hone Claws|p1a: Yveltal
|-boost|p1a: Yveltal|atk|1
|-boost|p1a: Yveltal|accuracy|1
|
|upkeep
|turn|23
|
|t:|1653551085
|move|p2a: Zamazenta|Howl|p2a: Zamazenta
|-boost|p2a: Zamazenta|atk|1
|move|p1a: Yveltal|Knock Off|p2a: Zamazenta
|-resisted|p2a: Zamazenta
|-damage|p2a: Zamazenta|69/100
|
|upkeep
|turn|24
|
|t:|1653551090
|move|p1a: Yveltal|Sucker Punch|p2a: Zamazenta
|-resisted|p2a: Zamazenta
|-damage|p2a: Zamazenta|47/100
|move|p2a: Zamazenta|Behemoth Bash|p1a: Yveltal
|-damage|p1a: Yveltal|10/100
|
|upkeep
|turn|25
|
|t:|1653551098
|move|p2a: Zamazenta|Behemoth Bash|p1a: Yveltal
|-damage|p1a: Yveltal|0 fnt
|faint|p1a: Yveltal
|
|upkeep
|
|t:|1653551100
|switch|p1a: Calyrex|Calyrex-Shadow|76/100
|-ability|p1a: Calyrex|As One
|-ability|p1a: Calyrex|Unnerve
|-damage|p1a: Calyrex|64/100|[from] Spikes
|turn|26
|c| Margaret Nearl|鬼马不能让啊
|inactive|ULT9NS Chick has 120 seconds left.
|c|☆Bald ben|快樂拼速時刻
|c| Margaret Nearl|口胡了，y不能让
|
|t:|1653551145
|move|p1a: Calyrex|Astral Barrage|p2a: Zamazenta
|-damage|p2a: Zamazenta|0 fnt
|faint|p2a: Zamazenta
|-ability|p1a: Calyrex|Grim Neigh|boost
|-boost|p1a: Calyrex|spa|1
|
|upkeep
|c|☆Bald ben|真男人的對決
|c|☆Bald ben|來
|
|t:|1653551157
|switch|p2a: Eternatus|Eternatus|100/100
|-ability|p2a: Eternatus|Pressure
|turn|27
|
|t:|1653551165
|move|p1a: Calyrex|Astral Barrage|p2a: Eternatus
|-damage|p2a: Eternatus|8/100
|move|p2a: Eternatus|Dynamax Cannon|p1a: Calyrex
|-damage|p1a: Calyrex|10/100
|
|upkeep
|turn|28
|c| ULT9NS 369|点流星就杀了
|c|☆ULT9NS Chick|我去怎么打这么少
|inactive|ULT9NS Chick has 90 seconds left.
|c|☆ULT9NS Chick|流星会miss
|c|☆Bald ben|我去怎麼殺不掉
|c|☆Bald ben|別說了
|c|☆Bald ben|是男人就亮槍吧
|c|☆ULT9NS Chick|哦卧槽
|inactive|ULT9NS Chick has 60 seconds left.
|c|☆ULT9NS Chick|计算器给的是LO的
|c|☆Bald ben|笑爆
|
|t:|1653551233
|move|p1a: Calyrex|Astral Barrage|p2a: Eternatus
|-damage|p2a: Eternatus|0 fnt
|faint|p2a: Eternatus
|-ability|p1a: Calyrex|Grim Neigh|boost
|-boost|p1a: Calyrex|spa|1
|
|upkeep
|
|t:|1653551237
|switch|p2a: Calyrex|Calyrex-Shadow|23/100
|-ability|p2a: Calyrex|As One
|-ability|p2a: Calyrex|Unnerve
|turn|29
|
|t:|1653551240
|move|p1a: Calyrex|Astral Barrage|p2a: Calyrex
|-supereffective|p2a: Calyrex
|-damage|p2a: Calyrex|0 fnt
|faint|p2a: Calyrex
|
|win|Bald ben
|raw|Bald ben's rating: 1610 &rarr; <strong>1632</strong><br />(+22 for winning)
|raw|ULT9NS Chick's rating: 1640 &rarr; <strong>1618</strong><br />(-22 for losing)
|c|☆ULT9NS Chick|😭
|l| ULT9NS 369
|c|☆Bald ben|是我比較快
|l| ULT9NS Fog
|l| ULT9NS spitfire
