|j|☆Sacred Kyrie
|j|☆Ryrissu
|t:|1663452498
|gametype|singles
|player|p1|Sacred Kyrie|iris-gen5bw2|1400
|player|p2|Ryrissu|hilbert|1550
|teamsize|p1|6
|teamsize|p2|6
|gen|8
|tier|[Gen 8] Ubers
|rated|
|rule|Sleep Clause Mod: Limit one foe put to sleep
|rule|Species Clause: Limit one of each Pokémon
|rule|OHKO Clause: OHKO moves are banned
|rule|Evasion Items Clause: Evasion items are banned
|rule|Evasion Moves Clause: Evasion moves are banned
|rule|Endless Battle Clause: Forcing endless battles is banned
|rule|HP Percentage Mod: HP is shown in percentages
|rule|Dynamax Clause: You cannot dynamax
|clearpoke
|poke|p1|Zekrom|
|poke|p1|Melmetal|
|poke|p1|Ditto|
|poke|p1|Marshadow|
|poke|p1|Reshiram|
|poke|p1|Volcarona, F|
|poke|p2|Giratina-Origin|
|poke|p2|Groudon|
|poke|p2|Genesect|
|poke|p2|Kyurem-Black|
|poke|p2|Lugia|
|poke|p2|Yveltal|
|teampreview
|
|t:|1663452523
|start
|switch|p1a: Volcarona|Volcarona, F|100/100
|switch|p2a: Lugia|Lugia|100/100
|-ability|p2a: Lugia|Pressure
|turn|1
|
|t:|1663452530
|move|p2a: Lugia|Thunder Wave|p1a: Volcarona
|-status|p1a: Volcarona|par
|move|p1a: Volcarona|Quiver Dance|p1a: Volcarona
|-boost|p1a: Volcarona|spa|1
|-boost|p1a: Volcarona|spd|1
|-boost|p1a: Volcarona|spe|1
|
|upkeep
|turn|2
|
|t:|1663452538
|move|p2a: Lugia|Light Screen|p2a: Lugia
|-sidestart|p2: Ryrissu|move: Light Screen
|move|p1a: Volcarona|Fiery Dance|p2a: Lugia
|-damage|p2a: Lugia|87/100
|-boost|p1a: Volcarona|spa|1
|
|upkeep
|turn|3
|
|t:|1663452545
|switch|p2a: Giratina|Giratina-Origin|100/100
|move|p1a: Volcarona|Quiver Dance|p1a: Volcarona
|-boost|p1a: Volcarona|spa|1
|-boost|p1a: Volcarona|spd|1
|-boost|p1a: Volcarona|spe|1
|
|upkeep
|turn|4
|
|t:|1663452549
|move|p1a: Volcarona|Quiver Dance|p1a: Volcarona
|-boost|p1a: Volcarona|spa|1
|-boost|p1a: Volcarona|spd|1
|-boost|p1a: Volcarona|spe|1
|move|p2a: Giratina|Poltergeist|p1a: Volcarona
|-activate|p1a: Volcarona|move: Poltergeist|Heavy-Duty Boots
|-damage|p1a: Volcarona|47/100 par
|
|upkeep
|turn|5
|
|t:|1663452556
|cant|p1a: Volcarona|par
|move|p2a: Giratina|Poltergeist|p1a: Volcarona
|-activate|p1a: Volcarona|move: Poltergeist|Heavy-Duty Boots
|-damage|p1a: Volcarona|0 fnt
|faint|p1a: Volcarona
|
|upkeep
|
|t:|1663452571
|switch|p1a: Marshadow|Marshadow|100/100
|turn|6
|
|t:|1663452579
|move|p1a: Marshadow|Spectral Thief|p2a: Giratina
|-supereffective|p2a: Giratina
|-damage|p2a: Giratina|42/100
|move|p2a: Giratina|Poltergeist|p1a: Marshadow
|-activate|p1a: Marshadow|move: Poltergeist|Choice Scarf
|-supereffective|p1a: Marshadow
|-damage|p1a: Marshadow|0 fnt
|faint|p1a: Marshadow
|
|upkeep
|
|t:|1663452589
|switch|p1a: Ditto|Ditto|100/100
|-transform|p1a: Ditto|p2a: Giratina|[from] ability: Imposter
|turn|7
|
|t:|1663452594
|move|p2a: Giratina|Shadow Sneak|p1a: Ditto
|-supereffective|p1a: Ditto
|-damage|p1a: Ditto|50/100
|move|p1a: Ditto|Poltergeist|p2a: Giratina
|-activate|p2a: Giratina|move: Poltergeist|Griseous Orb
|-supereffective|p2a: Giratina
|-crit|p2a: Giratina
|-damage|p2a: Giratina|0 fnt
|faint|p2a: Giratina
|
|upkeep
|
|t:|1663452604
|switch|p2a: Yveltal|Yveltal|100/100
|-ability|p2a: Yveltal|Dark Aura
|turn|8
|
|t:|1663452607
|switch|p1a: Reshiram|Reshiram|100/100
|-ability|p1a: Reshiram|Turboblaze
|move|p2a: Yveltal|Dark Pulse|p1a: Reshiram
|-damage|p1a: Reshiram|80/100
|
|upkeep
|turn|9
|
|t:|1663452615
|move|p2a: Yveltal|Dark Pulse|p1a: Reshiram
|-damage|p1a: Reshiram|54/100
|cant|p1a: Reshiram|flinch
|
|-sideend|p2: Ryrissu|move: Light Screen
|upkeep
|turn|10
|
|t:|1663452620
|move|p2a: Yveltal|Dark Pulse|p1a: Reshiram
|-damage|p1a: Reshiram|25/100
|cant|p1a: Reshiram|flinch
|
|upkeep
|turn|11
|
|t:|1663452624
|move|p2a: Yveltal|Dark Pulse|p1a: Reshiram
|-damage|p1a: Reshiram|0 fnt
|faint|p1a: Reshiram
|
|upkeep
|
|t:|1663452626
|switch|p1a: Zekrom|Zekrom|100/100
|-ability|p1a: Zekrom|Teravolt
|turn|12
|j| 0meltdown
|
|t:|1663452636
|move|p2a: Yveltal|Dark Pulse|p1a: Zekrom
|-damage|p1a: Zekrom|21/100
|move|p1a: Zekrom|Dragon Dance|p1a: Zekrom
|-boost|p1a: Zekrom|atk|1
|-boost|p1a: Zekrom|spe|1
|
|-heal|p1a: Zekrom|27/100|[from] item: Leftovers
|upkeep
|turn|13
|
|t:|1663452641
|move|p1a: Zekrom|Bolt Strike|p2a: Yveltal
|-supereffective|p2a: Yveltal
|-damage|p2a: Yveltal|0 fnt
|faint|p2a: Yveltal
|
|-heal|p1a: Zekrom|34/100|[from] item: Leftovers
|upkeep
|
|t:|1663452645
|switch|p2a: Groudon|Groudon|100/100
|-weather|SunnyDay|[from] ability: Drought|[of] p2a: Groudon
|turn|14
|
|t:|1663452649
|move|p1a: Zekrom|Scale Shot|p2a: Groudon|[miss]
|-miss|p1a: Zekrom|p2a: Groudon
|move|p2a: Groudon|Rock Polish|p2a: Groudon
|-boost|p2a: Groudon|spe|2
|
|-weather|SunnyDay|[upkeep]
|-heal|p1a: Zekrom|40/100|[from] item: Leftovers
|upkeep
|turn|15
|
|t:|1663452655
|move|p2a: Groudon|Precipice Blades|p1a: Zekrom
|-supereffective|p1a: Zekrom
|-damage|p1a: Zekrom|0 fnt
|faint|p1a: Zekrom
|
|-weather|SunnyDay|[upkeep]
|upkeep
|
|t:|1663452659
|switch|p1a: Melmetal|Melmetal|100/100
|turn|16
|
|t:|1663452662
|move|p2a: Groudon|Precipice Blades|p1a: Melmetal|[miss]
|-miss|p2a: Groudon|p1a: Melmetal
|move|p1a: Melmetal|Double Iron Bash|p2a: Groudon
|-damage|p2a: Groudon|54/100
|-damage|p2a: Groudon|9/100
|-hitcount|p2a: Groudon|2
|
|-weather|SunnyDay|[upkeep]
|upkeep
|turn|17
|
|t:|1663452671
|move|p2a: Groudon|Precipice Blades|p1a: Melmetal|[miss]
|-miss|p2a: Groudon|p1a: Melmetal
|move|p1a: Melmetal|Double Iron Bash|p2a: Groudon
|-damage|p2a: Groudon|0 fnt
|faint|p2a: Groudon
|-hitcount|p2: Groudon|1
|
|-weather|SunnyDay|[upkeep]
|upkeep
|
|t:|1663452676
|switch|p2a: Lugia|Lugia|87/100
|-ability|p2a: Lugia|Pressure
|turn|18
|
|t:|1663452679
|move|p2a: Lugia|Reflect|p2a: Lugia
|-sidestart|p2: Ryrissu|Reflect
|move|p1a: Melmetal|Double Iron Bash|p2a: Lugia
|-damage|p2a: Lugia|65/100
|-damage|p2a: Lugia|42/100
|-hitcount|p2a: Lugia|2
|
|-weather|none
|upkeep
|turn|19
|
|t:|1663452687
|move|p2a: Lugia|Thunder Wave|p1a: Melmetal
|-status|p1a: Melmetal|par
|move|p1a: Melmetal|Double Iron Bash|p2a: Lugia
|-damage|p2a: Lugia|21/100
|-damage|p2a: Lugia|0 fnt
|faint|p2a: Lugia
|-hitcount|p2: Lugia|2
|
|upkeep
|
|t:|1663452701
|switch|p2a: Genesect|Genesect, shiny|100/100
|-ability|p2a: Genesect|Download|boost
|-boost|p2a: Genesect|spa|1
|turn|20
|
|t:|1663452711
|move|p2a: Genesect|Shift Gear|p2a: Genesect
|-boost|p2a: Genesect|spe|2
|-boost|p2a: Genesect|atk|1
|move|p1a: Melmetal|Double Iron Bash|p2a: Genesect
|-resisted|p2a: Genesect
|-damage|p2a: Genesect|82/100
|-resisted|p2a: Genesect
|-damage|p2a: Genesect|64/100
|-hitcount|p2a: Genesect|2
|
|upkeep
|turn|21
|
|t:|1663452717
|move|p2a: Genesect|Blaze Kick|p1a: Melmetal
|-supereffective|p1a: Melmetal
|-damage|p1a: Melmetal|63/100 par
|move|p1a: Melmetal|Double Iron Bash|p2a: Genesect
|-resisted|p2a: Genesect
|-damage|p2a: Genesect|46/100
|-resisted|p2a: Genesect
|-damage|p2a: Genesect|28/100
|-hitcount|p2a: Genesect|2
|
|upkeep
|turn|22
|
|t:|1663452724
|move|p2a: Genesect|Blaze Kick|p1a: Melmetal
|-supereffective|p1a: Melmetal
|-crit|p1a: Melmetal
|-damage|p1a: Melmetal|5/100 par
|-activate|p1a: Melmetal|move: Struggle
|move|p1a: Melmetal|Struggle|p2a: Genesect
|-damage|p2a: Genesect|11/100
|-damage|p1a: Melmetal|0 fnt|[from] recoil
|faint|p1a: Melmetal
|
|upkeep
|
|t:|1663452728
|switch|p1a: Ditto|Ditto|50/100
|-transform|p1a: Ditto|p2a: Genesect|[from] ability: Imposter
|-ability|p1a: Ditto|Download|boost
|-boost|p1a: Ditto|atk|1
|turn|23
|
|t:|1663452740
|move|p2a: Genesect|Extreme Speed|p1a: Ditto
|-resisted|p1a: Ditto
|-damage|p1a: Ditto|30/100
|move|p1a: Ditto|Iron Head|p2a: Genesect
|-resisted|p2a: Genesect
|-damage|p2a: Genesect|0 fnt
|faint|p2a: Genesect
|
|upkeep
|
|t:|1663452746
|switch|p2a: Kyurem|Kyurem-Black|100/100
|-ability|p2a: Kyurem|Teravolt
|turn|24
|
|t:|1663452748
|move|p1a: Ditto|Iron Head|p2a: Kyurem
|-supereffective|p2a: Kyurem
|-crit|p2a: Kyurem
|-damage|p2a: Kyurem|0 fnt
|faint|p2a: Kyurem
|
|win|Sacred Kyrie
|raw|Sacred Kyrie's rating: 1400 &rarr; <strong>1428</strong><br />(+28 for winning)
|raw|Ryrissu's rating: 1550 &rarr; <strong>1522</strong><br />(-28 for losing)
|c|☆Sacred Kyrie|GG
|l|☆Ryrissu
||Ladder isn't responding, score probably updated but might not have (Request timeout).
