|j|☆Shore fans
|j|☆I like Lovely
|player|p1|Shore fans|1|1555
|player|p2|I like Lovely|pokekid|1632
|teamsize|p1|6
|teamsize|p2|6
|gametype|singles
|gen|8
|tier|[Gen 8] Ubers
|rated|
|clearpoke
|poke|p1|Kyurem-White|
|poke|p1|Lunala|
|poke|p1|Marshadow|
|poke|p1|Ferrothorn, F|
|poke|p1|Ditto|
|poke|p1|Eternatus|
|poke|p2|Necrozma-Dusk-Mane|
|poke|p2|Lunala|
|poke|p2|Mandibuzz, F|
|poke|p2|Eternatus|
|poke|p2|Sylveon, F|
|poke|p2|Snorlax, F|
|rule|Sleep Clause Mod: Limit one foe put to sleep
|rule|Species Clause: Limit one of each Pokémon
|rule|OHKO Clause: OHKO moves are banned
|rule|Evasion Moves Clause: Evasion moves are banned
|rule|Endless Battle Clause: Forcing endless battles is banned
|rule|HP Percentage Mod: HP is shown in percentages
|teampreview
|j| shore998
|inactive|Battle timer is ON: inactive players will automatically lose when time's up. (requested by Shore fans)
|
|start
|switch|p1a: Kyurem|Kyurem-White|100/100
|switch|p2a: Lunala|Lunala|100/100
|-ability|p1a: Kyurem|Turboblaze
|turn|1
|
|move|p2a: Lunala|Moongeist Beam|p1a: Kyurem
|-damage|p1a: Kyurem|34/100
|move|p1a: Kyurem|Ice Beam|p2a: Lunala
|-damage|p2a: Lunala|62/100
|
|upkeep
|turn|2
|
|switch|p1a: Eternatus|Eternatus|100/100
|-ability|p1a: Eternatus|Pressure
|move|p2a: Lunala|Moongeist Beam|p1a: Eternatus
|-damage|p1a: Eternatus|40/100
|
|-heal|p1a: Eternatus|46/100|[from] item: Black Sludge
|upkeep
|turn|3
|
|switch|p2a: Snorlax|Snorlax, F|100/100
|move|p1a: Eternatus|Cosmic Power|p1a: Eternatus
|-boost|p1a: Eternatus|def|1
|-boost|p1a: Eternatus|spd|1
|
|-heal|p1a: Eternatus|52/100|[from] item: Black Sludge
|upkeep
|turn|4
|
|switch|p2a: Sylveon|Sylveon, F|100/100
|move|p1a: Eternatus|Cosmic Power|p1a: Eternatus
|-boost|p1a: Eternatus|def|1
|-boost|p1a: Eternatus|spd|1
|
|-heal|p1a: Eternatus|58/100|[from] item: Black Sludge
|upkeep
|turn|5
|
|move|p1a: Eternatus|Cosmic Power|p1a: Eternatus
|-boost|p1a: Eternatus|def|1
|-boost|p1a: Eternatus|spd|1
|move|p2a: Sylveon|Wish|p2a: Sylveon
|
|-heal|p1a: Eternatus|65/100|[from] item: Black Sludge
|upkeep
|turn|6
|
|switch|p2a: Lunala|Lunala|62/100
|move|p1a: Eternatus|Dragon Tail|p2a: Lunala|[miss]
|-miss|p1a: Eternatus|p2a: Lunala
|
|-heal|p2a: Lunala|100/100|[from] move: Wish|[wisher] Sylveon
|-heal|p1a: Eternatus|71/100|[from] item: Black Sludge
|upkeep
|turn|7
|
|move|p2a: Lunala|Psychic|p1a: Eternatus
|-supereffective|p1a: Eternatus
|-damage|p1a: Eternatus|27/100
|move|p1a: Eternatus|Dragon Tail|p2a: Lunala
|-damage|p2a: Lunala|93/100
|drag|p2a: Eternatus|Eternatus|100/100
|-ability|p2a: Eternatus|Pressure
|
|-heal|p1a: Eternatus|33/100|[from] item: Black Sludge
|upkeep
|turn|8
|
|move|p1a: Eternatus|Recover|p1a: Eternatus
|-heal|p1a: Eternatus|83/100
|move|p2a: Eternatus|Dynamax Cannon|p1a: Eternatus
|-supereffective|p1a: Eternatus
|-damage|p1a: Eternatus|51/100
|
|-heal|p1a: Eternatus|57/100|[from] item: Black Sludge
|upkeep
|turn|9
|
|switch|p2a: Sylveon|Sylveon, F|100/100
|move|p1a: Eternatus|Recover|p1a: Eternatus
|-heal|p1a: Eternatus|100/100
|
|upkeep
|turn|10
|
|move|p1a: Eternatus|Cosmic Power|p1a: Eternatus
|-boost|p1a: Eternatus|def|1
|-boost|p1a: Eternatus|spd|1
|move|p2a: Sylveon|Wish|p2a: Sylveon
|
|upkeep
|turn|11
|
|switch|p2a: Lunala|Lunala|93/100
|move|p1a: Eternatus|Cosmic Power|p1a: Eternatus
|-boost|p1a: Eternatus|def|1
|-boost|p1a: Eternatus|spd|1
|
|-heal|p2a: Lunala|100/100|[from] move: Wish|[wisher] Sylveon
|upkeep
|turn|12
|
|switch|p2a: Necrozma|Necrozma-Dusk-Mane|100/100
|move|p1a: Eternatus|Flamethrower|p2a: Necrozma
|-supereffective|p2a: Necrozma
|-damage|p2a: Necrozma|67/100
|-status|p2a: Necrozma|brn
|
|-heal|p2a: Necrozma|73/100 brn|[from] item: Leftovers
|-damage|p2a: Necrozma|67/100 brn|[from] brn
|upkeep
|turn|13
|
|move|p1a: Eternatus|Flamethrower|p2a: Necrozma
|-supereffective|p2a: Necrozma
|-crit|p2a: Necrozma
|-damage|p2a: Necrozma|19/100 brn
|move|p2a: Necrozma|Stealth Rock|p1a: Eternatus
|-sidestart|p1: Shore fans|move: Stealth Rock
|
|-heal|p2a: Necrozma|25/100 brn|[from] item: Leftovers
|-damage|p2a: Necrozma|19/100 brn|[from] brn
|upkeep
|turn|14
|
|switch|p2a: Snorlax|Snorlax, F|100/100
|move|p1a: Eternatus|Flamethrower|p2a: Snorlax
|-damage|p2a: Snorlax|94/100
|
|-heal|p2a: Snorlax|99/100|[from] item: Leftovers
|upkeep
|turn|15
|
|switch|p2a: Sylveon|Sylveon, F|100/100
|move|p1a: Eternatus|Cosmic Power|p1a: Eternatus
|-boost|p1a: Eternatus|def|1
|-boost|p1a: Eternatus|spd|1
|
|upkeep
|turn|16
|
|move|p1a: Eternatus|Flamethrower|p2a: Sylveon
|-damage|p2a: Sylveon|86/100
|move|p2a: Sylveon|Wish|p2a: Sylveon
|
|-heal|p2a: Sylveon|92/100|[from] item: Leftovers
|upkeep
|turn|17
|
|switch|p2a: Eternatus|Eternatus|100/100
|-ability|p2a: Eternatus|Pressure
|move|p1a: Eternatus|Cosmic Power|p1a: Eternatus
|-boost|p1a: Eternatus|def|0
|-boost|p1a: Eternatus|spd|0
|
|upkeep
|turn|18
|j| lzx123
|
|switch|p2a: Sylveon|Sylveon, F|92/100
|move|p1a: Eternatus|Dragon Tail|p2a: Sylveon
|-immune|p2a: Sylveon
|
|-heal|p2a: Sylveon|98/100|[from] item: Leftovers
|upkeep
|turn|19
|
|switch|p1a: Ferrothorn|Ferrothorn, F|100/100
|-damage|p1a: Ferrothorn|94/100|[from] Stealth Rock
|move|p2a: Sylveon|Wish|p2a: Sylveon
|
|-heal|p2a: Sylveon|100/100|[from] item: Leftovers
|-heal|p1a: Ferrothorn|100/100|[from] item: Leftovers
|upkeep
|turn|20
|
|switch|p2a: Necrozma|Necrozma-Dusk-Mane|19/100 brn
|move|p1a: Ferrothorn|Leech Seed|p2a: Necrozma
|-start|p2a: Necrozma|move: Leech Seed
|
|-heal|p2a: Necrozma|68/100 brn|[from] move: Wish|[wisher] Sylveon
|-heal|p2a: Necrozma|74/100 brn|[from] item: Leftovers
|-damage|p2a: Necrozma|62/100 brn|[from] Leech Seed|[of] p1a: Ferrothorn
|-damage|p2a: Necrozma|56/100 brn|[from] brn
|upkeep
|turn|21
|
|switch|p2a: Eternatus|Eternatus|100/100
|-ability|p2a: Eternatus|Pressure
|move|p1a: Ferrothorn|Spikes|p2a: Eternatus
|-sidestart|p2: I like Lovely|Spikes
|
|upkeep
|turn|22
|
|move|p2a: Eternatus|Flamethrower|p1a: Ferrothorn
|-supereffective|p1a: Ferrothorn
|-damage|p1a: Ferrothorn|0 fnt
|faint|p1a: Ferrothorn
|
|upkeep
|
|switch|p1a: Marshadow|Marshadow|100/100
|-damage|p1a: Marshadow|94/100|[from] Stealth Rock
|turn|23
|
|-start|p1a: Marshadow|Dynamax
|-heal|p1a: Marshadow|94/100|[silent]
|move|p1a: Marshadow|Max Mindstorm|p2a: Eternatus
|-supereffective|p2a: Eternatus
|-damage|p2a: Eternatus|38/100
|-fieldstart|move: Psychic Terrain
|move|p2a: Eternatus|Dynamax Cannon|p1a: Marshadow
|-damage|p1a: Marshadow|29/100
|
|upkeep
|turn|24
|
|switch|p2a: Mandibuzz|Mandibuzz, F|100/100
|move|p1a: Marshadow|Max Knuckle|p2a: Mandibuzz
|-damage|p2a: Mandibuzz|61/100
|-boost|p1a: Marshadow|atk|1
|
|upkeep
|turn|25
|
|move|p1a: Marshadow|Max Knuckle|p2a: Mandibuzz
|-damage|p2a: Mandibuzz|0 fnt
|-boost|p1a: Marshadow|atk|1
|faint|p2a: Mandibuzz
|
|-end|p1a: Marshadow|Dynamax
|-heal|p1a: Marshadow|29/100|[silent]
|upkeep
|-message|I like Lovely forfeited.
|
|win|Shore fans
|l|☆I like Lovely
|raw|Shore fans's rating: 1555 &rarr; <strong>1580</strong><br />(+25 for winning)
|raw|I like Lovely's rating: 1632 &rarr; <strong>1608</strong><br />(-24 for losing)
|l| shore998
