|j|☆ray714
|j|☆QiYu3
|player|p1|ray714|ethan|1462
|player|p2|QiYu3|psychic-gen4|1550
|teamsize|p1|6
|teamsize|p2|6
|gametype|singles
|gen|8
|tier|[Gen 8] Ubers
|rated|
|rule|Sleep Clause Mod: Limit one foe put to sleep
|rule|Species Clause: Limit one of each Pokémon
|rule|OHKO Clause: OHKO moves are banned
|rule|Evasion Moves Clause: Evasion moves are banned
|rule|Endless Battle Clause: Forcing endless battles is banned
|rule|HP Percentage Mod: HP is shown in percentages
|clearpoke
|poke|p1|Shuckle, M|
|poke|p1|Grimmsnarl, M|
|poke|p1|Polteageist|
|poke|p1|Gyarados, M|
|poke|p1|Dugtrio, M|
|poke|p1|Zacian-*|
|poke|p2|Dracovish|
|poke|p2|Eternatus|
|poke|p2|Ditto|
|poke|p2|Quagsire, M|
|poke|p2|Clefable, F|
|poke|p2|Corviknight, F|
|teampreview
|
|start
|switch|p1a: Shuckle|Shuckle, M|100/100
|switch|p2a: Quagsire|Quagsire, M|100/100
|turn|1
|inactive|Battle timer is ON: inactive players will automatically lose when time's up. (requested by QiYu3)
|c|☆ray714|huh why my Zac isn't crowned?
|
|move|p2a: Quagsire|Curse|p2a: Quagsire
|-unboost|p2a: Quagsire|spe|1
|-boost|p2a: Quagsire|atk|1
|-boost|p2a: Quagsire|def|1
|move|p1a: Shuckle|Toxic|p2a: Quagsire|[miss]
|-miss|p1a: Shuckle|p2a: Quagsire
|
|upkeep
|turn|2
|
|move|p2a: Quagsire|Scald|p1a: Shuckle
|-supereffective|p1a: Shuckle
|-damage|p1a: Shuckle|73/100
|-status|p1a: Shuckle|brn
|move|p1a: Shuckle|Toxic|p2a: Quagsire
|-status|p2a: Quagsire|tox
|
|-damage|p2a: Quagsire|94/100 tox|[from] psn
|-damage|p1a: Shuckle|67/100 brn|[from] brn
|upkeep
|turn|3
|
|move|p2a: Quagsire|Earthquake|p1a: Shuckle
|-damage|p1a: Shuckle|45/100 brn
|move|p1a: Shuckle|Sticky Web|p2a: Quagsire
|-sidestart|p2: QiYu3|move: Sticky Web
|
|-damage|p2a: Quagsire|82/100 tox|[from] psn
|-damage|p1a: Shuckle|39/100 brn|[from] brn
|upkeep
|turn|4
|
|switch|p2a: Ditto|Ditto|100/100
|-activate|p2a: Ditto|move: Sticky Web
|-unboost|p2a: Ditto|spe|1
|-transform|p2a: Ditto|p1a: Shuckle|[from] ability: Imposter
|move|p1a: Shuckle|Encore||[still]
|-fail|p1a: Shuckle
|
|-damage|p1a: Shuckle|32/100 brn|[from] brn
|upkeep
|turn|5
|
|move|p1a: Shuckle|Toxic|p2a: Ditto|[miss]
|-miss|p1a: Shuckle|p2a: Ditto
|move|p2a: Ditto|Sticky Web|p1a: Shuckle
|-sidestart|p1: ray714|move: Sticky Web
|
|-damage|p1a: Shuckle|26/100 brn|[from] brn
|upkeep
|turn|6
|
|switch|p2a: Eternatus|Eternatus|100/100
|-activate|p2a: Eternatus|move: Sticky Web
|-unboost|p2a: Eternatus|spe|1
|-ability|p2a: Eternatus|Pressure
|move|p1a: Shuckle|Toxic|p2a: Eternatus
|-immune|p2a: Eternatus
|
|-damage|p1a: Shuckle|20/100 brn|[from] brn
|upkeep
|turn|7
|c|☆ray714|lol
|
|move|p2a: Eternatus|Substitute|p2a: Eternatus
|-start|p2a: Eternatus|Substitute
|-damage|p2a: Eternatus|76/100
|move|p1a: Shuckle|Encore|p2a: Eternatus
|-start|p2a: Eternatus|Encore
|
|-heal|p2a: Eternatus|82/100|[from] item: Black Sludge
|-damage|p1a: Shuckle|14/100 brn|[from] brn
|upkeep
|turn|8
|
|switch|p1a: Dugtrio|Dugtrio, M|100/100
|-activate|p1a: Dugtrio|move: Sticky Web
|-unboost|p1a: Dugtrio|spe|1
|move|p2a: Eternatus|Substitute|p2a: Eternatus
|-fail|p2a: Eternatus|move: Substitute
|
|-heal|p2a: Eternatus|88/100|[from] item: Black Sludge
|upkeep
|turn|9
|
|move|p1a: Dugtrio|Earthquake|p2a: Eternatus
|-supereffective|p2a: Eternatus
|-end|p2a: Eternatus|Substitute
|move|p2a: Eternatus|Substitute|p2a: Eternatus
|-start|p2a: Eternatus|Substitute
|-damage|p2a: Eternatus|63/100
|
|-heal|p2a: Eternatus|69/100|[from] item: Black Sludge
|upkeep
|turn|10
|
|move|p1a: Dugtrio|Earthquake|p2a: Eternatus
|-supereffective|p2a: Eternatus
|-end|p2a: Eternatus|Substitute
|move|p2a: Eternatus|Substitute|p2a: Eternatus
|-start|p2a: Eternatus|Substitute
|-damage|p2a: Eternatus|44/100
|
|-heal|p2a: Eternatus|50/100|[from] item: Black Sludge
|-end|p2a: Eternatus|Encore
|upkeep
|turn|11
|
|move|p1a: Dugtrio|Earthquake|p2a: Eternatus
|-supereffective|p2a: Eternatus
|-end|p2a: Eternatus|Substitute
|move|p2a: Eternatus|Substitute|p2a: Eternatus
|-start|p2a: Eternatus|Substitute
|-damage|p2a: Eternatus|25/100
|
|-heal|p2a: Eternatus|31/100|[from] item: Black Sludge
|upkeep
|turn|12
|
|move|p1a: Dugtrio|Bulldoze|p2a: Eternatus
|-supereffective|p2a: Eternatus
|-end|p2a: Eternatus|Substitute
|move|p2a: Eternatus|Recover|p2a: Eternatus
|-heal|p2a: Eternatus|81/100
|
|-heal|p2a: Eternatus|88/100|[from] item: Black Sludge
|upkeep
|turn|13
|
|move|p1a: Dugtrio|Earthquake|p2a: Eternatus
|-supereffective|p2a: Eternatus
|-damage|p2a: Eternatus|18/100
|move|p2a: Eternatus|Flamethrower|p1a: Dugtrio
|-damage|p1a: Dugtrio|24/100
|
|-heal|p2a: Eternatus|24/100|[from] item: Black Sludge
|upkeep
|turn|14
|
|move|p1a: Dugtrio|Earthquake|p2a: Eternatus
|-supereffective|p2a: Eternatus
|-damage|p2a: Eternatus|0 fnt
|faint|p2a: Eternatus
|
|upkeep
|
|switch|p2a: Ditto|Ditto|100/100
|-activate|p2a: Ditto|move: Sticky Web
|-unboost|p2a: Ditto|spe|1
|-transform|p2a: Ditto|p1a: Dugtrio|[from] ability: Imposter
|turn|15
|
|move|p2a: Ditto|Stealth Rock|p1a: Dugtrio
|-sidestart|p1: ray714|move: Stealth Rock
|move|p1a: Dugtrio|Stealth Rock|p2a: Ditto
|-sidestart|p2: QiYu3|move: Stealth Rock
|
|upkeep
|turn|16
|
|move|p1a: Dugtrio|Earthquake|p2a: Ditto
|-damage|p2a: Ditto|8/100
|move|p2a: Ditto|Bulldoze|p1a: Dugtrio
|-damage|p1a: Dugtrio|0 fnt
|faint|p1a: Dugtrio
|
|upkeep
|
|switch|p1a: Gyarados|Gyarados, M|100/100
|-damage|p1a: Gyarados|76/100|[from] Stealth Rock
|turn|17
|c|☆ray714|no even scarf
|
|move|p1a: Gyarados|Waterfall|p2a: Ditto
|-supereffective|p2a: Ditto
|-damage|p2a: Ditto|0 fnt
|faint|p2a: Ditto
|-ability|p1a: Gyarados|Moxie|boost
|-boost|p1a: Gyarados|atk|1
|
|upkeep
|
|switch|p2a: Clefable|Clefable, F|100/100
|-activate|p2a: Clefable|move: Sticky Web
|-unboost|p2a: Clefable|spe|1
|turn|18
|
|-start|p1a: Gyarados|Dynamax
|-heal|p1a: Gyarados|76/100|[silent]
|-start|p2a: Clefable|Dynamax
|-heal|p2a: Clefable|100/100|[silent]
|move|p1a: Gyarados|Max Geyser|p2a: Clefable
|-damage|p2a: Clefable|58/100
|-weather|RainDance
|move|p2a: Clefable|Max Lightning|p1a: Gyarados
|-supereffective|p1a: Gyarados
|-damage|p1a: Gyarados|0 fnt
|-fieldstart|move: Electric Terrain
|faint|p1a: Gyarados
|
|-weather|RainDance|[upkeep]
|upkeep
|
|switch|p1a: Zacian|Zacian-Crowned|100/100
|-damage|p1a: Zacian|94/100|[from] Stealth Rock
|-activate|p1a: Zacian|move: Sticky Web
|-unboost|p1a: Zacian|spe|1
|-ability|p1a: Zacian|Intrepid Sword|boost
|-boost|p1a: Zacian|atk|1
|turn|19
|
|-end|p2a: Clefable|Dynamax
|-heal|p2a: Clefable|59/100|[silent]
|switch|p2a: Corviknight|Corviknight, F|100/100
|-damage|p2a: Corviknight|88/100|[from] Stealth Rock
|-ability|p2a: Corviknight|Pressure
|move|p1a: Zacian|Behemoth Blade|p2a: Corviknight
|-resisted|p2a: Corviknight
|-damage|p2a: Corviknight|64/100
|
|-weather|RainDance|[upkeep]
|-heal|p2a: Corviknight|70/100|[from] item: Leftovers
|upkeep
|turn|20
|
|switch|p1a: Shuckle|Shuckle, M|14/100 brn
|-activate|p1a: Shuckle|move: Sticky Web
|-unboost|p1a: Shuckle|spe|1
|-damage|p1a: Shuckle|0 fnt|[from] Stealth Rock
|faint|p1a: Shuckle
|move|p2a: Corviknight|Bulk Up|p2a: Corviknight
|-boost|p2a: Corviknight|atk|1
|-boost|p2a: Corviknight|def|1
|
|-weather|RainDance|[upkeep]
|-heal|p2a: Corviknight|76/100|[from] item: Leftovers
|upkeep
|
|switch|p1a: Grimmsnarl|Grimmsnarl, M|100/100
|-activate|p1a: Grimmsnarl|move: Sticky Web
|-unboost|p1a: Grimmsnarl|spe|1
|-damage|p1a: Grimmsnarl|88/100|[from] Stealth Rock
|turn|21
|
|move|p1a: Grimmsnarl|Taunt|p2a: Corviknight
|-start|p2a: Corviknight|move: Taunt
|move|p2a: Corviknight|Brave Bird|p1a: Grimmsnarl
|-damage|p1a: Grimmsnarl|19/100
|-damage|p2a: Corviknight|56/100|[from] Recoil
|
|-weather|RainDance|[upkeep]
|-heal|p2a: Corviknight|62/100|[from] item: Leftovers
|upkeep
|turn|22
|
|move|p1a: Grimmsnarl|Reflect|p1a: Grimmsnarl
|-sidestart|p1: ray714|Reflect
|move|p2a: Corviknight|Brave Bird|p1a: Grimmsnarl
|-damage|p1a: Grimmsnarl|0 fnt
|-damage|p2a: Corviknight|57/100|[from] Recoil
|faint|p1a: Grimmsnarl
|
|-weather|none
|-heal|p2a: Corviknight|63/100|[from] item: Leftovers
|-fieldend|move: Electric Terrain
|upkeep
|
|switch|p1a: Polteageist|Polteageist|100/100
|-activate|p1a: Polteageist|move: Sticky Web
|-unboost|p1a: Polteageist|spe|1
|-damage|p1a: Polteageist|88/100|[from] Stealth Rock
|turn|23
|
|move|p2a: Corviknight|Brave Bird|p1a: Polteageist
|-damage|p1a: Polteageist|43/100
|-ability|p1a: Polteageist|Weak Armor|boost
|-unboost|p1a: Polteageist|def|1
|-boost|p1a: Polteageist|spe|2
|-damage|p2a: Corviknight|54/100|[from] Recoil
|move|p1a: Polteageist|Shell Smash|p1a: Polteageist
|-unboost|p1a: Polteageist|def|1
|-unboost|p1a: Polteageist|spd|1
|-boost|p1a: Polteageist|atk|2
|-boost|p1a: Polteageist|spa|2
|-boost|p1a: Polteageist|spe|2
|
|-heal|p2a: Corviknight|60/100|[from] item: Leftovers
|-end|p2a: Corviknight|move: Taunt
|upkeep
|turn|24
|
|switch|p2a: Clefable|Clefable, F|59/100
|-activate|p2a: Clefable|move: Sticky Web
|-unboost|p2a: Clefable|spe|1
|move|p1a: Polteageist|Shadow Ball|p2a: Clefable
|-damage|p2a: Clefable|0 fnt
|faint|p2a: Clefable
|
|upkeep
|
|switch|p2a: Quagsire|Quagsire, M|82/100 tox
|-damage|p2a: Quagsire|76/100 tox|[from] Stealth Rock
|-activate|p2a: Quagsire|move: Sticky Web
|-unboost|p2a: Quagsire|spe|1
|turn|25
|
|move|p1a: Polteageist|Giga Drain|p2a: Quagsire
|-supereffective|p2a: Quagsire
|-damage|p2a: Quagsire|0 fnt
|-heal|p1a: Polteageist|100/100|[from] drain|[of] p2a: Quagsire
|faint|p2a: Quagsire
|
|upkeep
|-message|QiYu3 forfeited.
|
|win|ray714
|l|☆QiYu3
|raw|ray714's rating: 1463 &rarr; <strong>1488</strong><br />(+25 for winning)
|raw|QiYu3's rating: 1551 &rarr; <strong>1526</strong><br />(-25 for losing)
