|j|☆nutbustas
|j|☆LD8 nvzhuangkeai
|t:|1663471497
|gametype|singles
|player|p1|nutbustas|n-masters|1446
|player|p2|LD8 nvzhuangkeai|dawn|1658
|teamsize|p1|6
|teamsize|p2|6
|gen|8
|tier|[Gen 8] Ubers
|rated|
|rule|Sleep Clause Mod: Limit one foe put to sleep
|rule|Species Clause: Limit one of each Pokémon
|rule|OHKO Clause: OHKO moves are banned
|rule|Evasion Items Clause: Evasion items are banned
|rule|Evasion Moves Clause: Evasion moves are banned
|rule|Endless Battle Clause: Forcing endless battles is banned
|rule|HP Percentage Mod: HP is shown in percentages
|rule|Dynamax Clause: You cannot dynamax
|clearpoke
|poke|p1|Eternatus|
|poke|p1|Yveltal|
|poke|p1|Necrozma-Dusk-Mane|
|poke|p1|Xerneas-*|
|poke|p1|Zygarde|
|poke|p1|Octillery, M|
|poke|p2|Calyrex-Shadow|
|poke|p2|Tyranitar, M|
|poke|p2|Corviknight, F|
|poke|p2|Blissey, F|
|poke|p2|Toxapex, F|
|poke|p2|Xerneas-*|
|teampreview
|
|t:|1663471534
|start
|switch|p1a: Zygarde|Zygarde|100/100
|switch|p2a: Calyrex|Calyrex-Shadow|100/100
|-ability|p2a: Calyrex|As One
|-ability|p2a: Calyrex|Unnerve
|turn|1
|
|t:|1663471542
|move|p2a: Calyrex|Trick|p1a: Zygarde
|-activate|p2a: Calyrex|move: Trick|[of] p1a: Zygarde
|-item|p1a: Zygarde|Choice Specs|[from] move: Trick
|-item|p2a: Calyrex|Leftovers|[from] move: Trick
|move|p1a: Zygarde|Glare|p2a: Calyrex
|-status|p2a: Calyrex|par
|
|upkeep
|turn|2
|
|t:|1663471551
|switch|p1a: Yveltal|Yveltal|100/100
|-ability|p1a: Yveltal|Dark Aura
|move|p2a: Calyrex|Trick|p1a: Yveltal
|-activate|p2a: Calyrex|move: Trick|[of] p1a: Yveltal
|-item|p1a: Yveltal|Leftovers|[from] move: Trick
|-item|p2a: Calyrex|Heavy-Duty Boots|[from] move: Trick
|
|upkeep
|turn|3
|
|t:|1663471562
|switch|p2a: Toxapex|Toxapex, F|100/100
|move|p1a: Yveltal|Knock Off|p2a: Toxapex
|-damage|p2a: Toxapex|69/100
|-enditem|p2a: Toxapex|Black Sludge|[from] move: Knock Off|[of] p1a: Yveltal
|
|upkeep
|turn|4
|
|t:|1663471568
|switch|p1a: Zygarde|Zygarde|100/100
|move|p2a: Toxapex|Recover|p2a: Toxapex
|-heal|p2a: Toxapex|100/100
|
|upkeep
|turn|5
|
|t:|1663471572
|switch|p2a: Xerneas|Xerneas|100/100
|-ability|p2a: Xerneas|Fairy Aura
|move|p1a: Zygarde|Glare|p2a: Xerneas
|-status|p2a: Xerneas|par
|
|upkeep
|turn|6
|
|t:|1663471576
|switch|p1a: Necrozma|Necrozma-Dusk-Mane|100/100
|switch|p2a: Blissey|Blissey, F|100/100
|
|upkeep
|turn|7
|
|t:|1663471579
|switch|p2a: Corviknight|Corviknight, F|100/100
|-ability|p2a: Corviknight|Pressure
|move|p1a: Necrozma|Stealth Rock|p2a: Corviknight
|-sidestart|p2: LD8 nvzhuangkeai|move: Stealth Rock
|
|upkeep
|turn|8
|
|t:|1663471582
|move|p1a: Necrozma|Thunder Wave|p2a: Corviknight
|-status|p2a: Corviknight|par
|cant|p2a: Corviknight|par
|
|upkeep
|turn|9
|
|t:|1663471586
|switch|p1a: Octillery|Octillery, M|100/100
|move|p2a: Corviknight|Defog|p1a: Octillery
|-unboost|p1a: Octillery|evasion|1
|-sideend|p2: LD8 nvzhuangkeai|Stealth Rock|[from] move: Defog|[of] p2a: Corviknight
|
|-ability|p1a: Octillery|Moody|boost
|-boost|p1a: Octillery|spe|2
|-unboost|p1a: Octillery|spa|1
|upkeep
|turn|10
|
|t:|1663471591
|switch|p2a: Blissey|Blissey, F|100/100
|move|p1a: Octillery|Substitute|p1a: Octillery
|-start|p1a: Octillery|Substitute
|-damage|p1a: Octillery|76/100
|
|-heal|p1a: Octillery|82/100|[from] item: Leftovers
|-ability|p1a: Octillery|Moody|boost
|-boost|p1a: Octillery|atk|2
|-unboost|p1a: Octillery|spd|1
|upkeep
|turn|11
|
|t:|1663471594
|move|p1a: Octillery|Scald|p2a: Blissey
|-damage|p2a: Blissey|95/100
|move|p2a: Blissey|Aromatherapy|p2a: Blissey
|-activate|p2a: Blissey|move: Aromatherapy
|-curestatus|p2: Corviknight|par|[msg]
|-curestatus|p2: Xerneas|par|[msg]
|-curestatus|p2: Calyrex|par|[msg]
|
|-heal|p1a: Octillery|88/100|[from] item: Leftovers
|-ability|p1a: Octillery|Moody|boost
|-boost|p1a: Octillery|spd|2
|-unboost|p1a: Octillery|def|1
|upkeep
|turn|12
|
|t:|1663471599
|switch|p2a: Tyranitar|Tyranitar, M|100/100
|-weather|Sandstorm|[from] ability: Sand Stream|[of] p2a: Tyranitar
|move|p1a: Octillery|Scald|p2a: Tyranitar
|-supereffective|p2a: Tyranitar
|-damage|p2a: Tyranitar|85/100
|
|-weather|Sandstorm|[upkeep]
|-damage|p1a: Octillery|82/100|[from] Sandstorm
|-heal|p1a: Octillery|88/100|[from] item: Leftovers
|-heal|p2a: Tyranitar|91/100|[from] item: Leftovers
|-ability|p1a: Octillery|Moody|boost
|-boost|p1a: Octillery|spa|2
|-unboost|p1a: Octillery|def|1
|upkeep
|turn|13
|j| Aubrey O'Day
|
|t:|1663471607
|move|p1a: Octillery|Protect|p1a: Octillery
|-singleturn|p1a: Octillery|Protect
|move|p2a: Tyranitar|Stealth Rock|p1a: Octillery
|-sidestart|p1: nutbustas|move: Stealth Rock
|
|-weather|Sandstorm|[upkeep]
|-damage|p1a: Octillery|82/100|[from] Sandstorm
|-heal|p1a: Octillery|88/100|[from] item: Leftovers
|-heal|p2a: Tyranitar|98/100|[from] item: Leftovers
|-ability|p1a: Octillery|Moody|boost
|-boost|p1a: Octillery|def|2
|-unboost|p1a: Octillery|spe|1
|upkeep
|turn|14
|
|t:|1663471611
|switch|p2a: Toxapex|Toxapex, F|100/100
|move|p1a: Octillery|Scald|p2a: Toxapex
|-resisted|p2a: Toxapex
|-damage|p2a: Toxapex|84/100
|-status|p2a: Toxapex|brn
|
|-weather|Sandstorm|[upkeep]
|-damage|p1a: Octillery|82/100|[from] Sandstorm
|-damage|p2a: Toxapex|78/100 brn|[from] Sandstorm
|-heal|p1a: Octillery|88/100|[from] item: Leftovers
|-damage|p2a: Toxapex|72/100 brn|[from] brn
|-ability|p1a: Octillery|Moody|boost
|-boost|p1a: Octillery|spe|2
|-unboost|p1a: Octillery|atk|1
|upkeep
|turn|15
|
|t:|1663471614
|move|p1a: Octillery|Protect|p1a: Octillery
|-singleturn|p1a: Octillery|Protect
|move|p2a: Toxapex|Recover|p2a: Toxapex
|-heal|p2a: Toxapex|100/100 brn
|
|-weather|Sandstorm|[upkeep]
|-damage|p1a: Octillery|82/100|[from] Sandstorm
|-damage|p2a: Toxapex|95/100 brn|[from] Sandstorm
|-heal|p1a: Octillery|88/100|[from] item: Leftovers
|-damage|p2a: Toxapex|89/100 brn|[from] brn
|-ability|p1a: Octillery|Moody|boost
|-boost|p1a: Octillery|spa|2
|-unboost|p1a: Octillery|spd|1
|upkeep
|turn|16
|
|t:|1663471617
|move|p1a: Octillery|Scald|p2a: Toxapex
|-resisted|p2a: Toxapex
|-damage|p2a: Toxapex|61/100 brn
|move|p2a: Toxapex|Haze|p2a: Toxapex
|-clearallboost
|
|-weather|none
|-heal|p1a: Octillery|94/100|[from] item: Leftovers
|-damage|p2a: Toxapex|55/100 brn|[from] brn
|-ability|p1a: Octillery|Moody|boost
|-boost|p1a: Octillery|spe|2
|-unboost|p1a: Octillery|def|1
|upkeep
|turn|17
|
|t:|1663471625
|switch|p2a: Blissey|Blissey, F|95/100
|move|p1a: Octillery|Scald|p2a: Blissey
|-damage|p2a: Blissey|87/100
|-status|p2a: Blissey|brn
|
|-heal|p1a: Octillery|100/100|[from] item: Leftovers
|-damage|p2a: Blissey|80/100 brn|[from] brn
|-ability|p1a: Octillery|Moody|boost
|-boost|p1a: Octillery|spe|2
|-unboost|p1a: Octillery|spd|1
|upkeep
|turn|18
|
|t:|1663471639
|-curestatus|p2a: Blissey|brn|[from] ability: Natural Cure
|switch|p2a: Xerneas|Xerneas|100/100
|-ability|p2a: Xerneas|Fairy Aura
|move|p1a: Octillery|Ice Beam|p2a: Xerneas
|-damage|p2a: Xerneas|85/100
|
|-heal|p2a: Xerneas|91/100|[from] item: Leftovers
|-ability|p1a: Octillery|Moody|boost
|-boost|p1a: Octillery|atk|2
|-unboost|p1a: Octillery|spd|1
|upkeep
|turn|19
|
|t:|1663471642
|move|p1a: Octillery|Ice Beam|p2a: Xerneas
|-damage|p2a: Xerneas|74/100
|move|p2a: Xerneas|Calm Mind|p2a: Xerneas
|-boost|p2a: Xerneas|spa|1
|-boost|p2a: Xerneas|spd|1
|
|-heal|p2a: Xerneas|80/100|[from] item: Leftovers
|-ability|p1a: Octillery|Moody|boost
|-boost|p1a: Octillery|spa|2
|-unboost|p1a: Octillery|spe|1
|upkeep
|turn|20
|
|t:|1663471646
|move|p1a: Octillery|Ice Beam|p2a: Xerneas
|-damage|p2a: Xerneas|57/100
|-status|p2a: Xerneas|frz
|cant|p2a: Xerneas|frz
|
|-heal|p2a: Xerneas|63/100 frz|[from] item: Leftovers
|-ability|p1a: Octillery|Moody|boost
|-boost|p1a: Octillery|spd|2
|-unboost|p1a: Octillery|atk|1
|upkeep
|turn|21
|
|t:|1663471650
|switch|p2a: Blissey|Blissey, F|80/100
|move|p1a: Octillery|Scald|p2a: Blissey
|-damage|p2a: Blissey|64/100
|
|-ability|p1a: Octillery|Moody|boost
|-boost|p1a: Octillery|spe|2
|-unboost|p1a: Octillery|atk|1
|upkeep
|turn|22
|
|t:|1663471653
|move|p1a: Octillery|Scald|p2a: Blissey
|-damage|p2a: Blissey|48/100
|move|p2a: Blissey|Aromatherapy|p2a: Blissey
|-activate|p2a: Blissey|move: Aromatherapy
|-curestatus|p2: Toxapex|brn|[msg]
|-curestatus|p2: Xerneas|frz|[msg]
|
|-ability|p1a: Octillery|Moody|boost
|-boost|p1a: Octillery|spe|1
|-unboost|p1a: Octillery|def|1
|upkeep
|turn|23
|
|t:|1663471656
|move|p1a: Octillery|Scald|p2a: Blissey
|-damage|p2a: Blissey|32/100
|move|p2a: Blissey|Soft-Boiled|p2a: Blissey
|-heal|p2a: Blissey|82/100
|
|-ability|p1a: Octillery|Moody|boost
|-boost|p1a: Octillery|def|2
|-unboost|p1a: Octillery|spd|1
|upkeep
|turn|24
|
|t:|1663471660
|switch|p2a: Toxapex|Toxapex, F|89/100
|move|p1a: Octillery|Scald|p2a: Toxapex
|-resisted|p2a: Toxapex
|-damage|p2a: Toxapex|65/100
|-status|p2a: Toxapex|brn
|
|-damage|p2a: Toxapex|59/100 brn|[from] brn
|-ability|p1a: Octillery|Moody|boost
|-boost|p1a: Octillery|atk|2
|-unboost|p1a: Octillery|def|1
|upkeep
|turn|25
|
|t:|1663471668
|switch|p1a: Zygarde|Zygarde|100/100
|-damage|p1a: Zygarde|94/100|[from] Stealth Rock
|move|p2a: Toxapex|Haze|p2a: Toxapex
|-clearallboost
|
|-damage|p2a: Toxapex|53/100 brn|[from] brn
|upkeep
|turn|26
|
|t:|1663471671
|switch|p2a: Xerneas|Xerneas|63/100
|-ability|p2a: Xerneas|Fairy Aura
|move|p1a: Zygarde|Thousand Arrows|p2a: Xerneas
|-damage|p2a: Xerneas|45/100
|
|-heal|p2a: Xerneas|51/100|[from] item: Leftovers
|upkeep
|turn|27
|
|t:|1663471678
|switch|p1a: Necrozma|Necrozma-Dusk-Mane|100/100
|-damage|p1a: Necrozma|94/100|[from] Stealth Rock
|switch|p2a: Calyrex|Calyrex-Shadow|100/100
|-ability|p2a: Calyrex|As One
|-ability|p2a: Calyrex|Unnerve
|
|-heal|p1a: Necrozma|100/100|[from] item: Leftovers
|upkeep
|turn|28
|
|t:|1663471688
|switch|p1a: Yveltal|Yveltal|100/100
|-damage|p1a: Yveltal|76/100|[from] Stealth Rock
|-ability|p1a: Yveltal|Dark Aura
|move|p2a: Calyrex|Astral Barrage|p1a: Yveltal
|-resisted|p1a: Yveltal
|-damage|p1a: Yveltal|50/100
|
|-heal|p1a: Yveltal|56/100|[from] item: Leftovers
|upkeep
|turn|29
|
|t:|1663471697
|switch|p2a: Tyranitar|Tyranitar, M|98/100
|-weather|Sandstorm|[from] ability: Sand Stream|[of] p2a: Tyranitar
|move|p1a: Yveltal|Defog|p2a: Tyranitar
|-unboost|p2a: Tyranitar|evasion|1
|-sideend|p1: nutbustas|Stealth Rock|[from] move: Defog|[of] p1a: Yveltal
|
|-weather|Sandstorm|[upkeep]
|-damage|p1a: Yveltal|50/100|[from] Sandstorm
|-heal|p1a: Yveltal|56/100|[from] item: Leftovers
|-heal|p2a: Tyranitar|100/100|[from] item: Leftovers
|upkeep
|turn|30
|
|t:|1663471700
|switch|p1a: Necrozma|Necrozma-Dusk-Mane|100/100
|move|p2a: Tyranitar|Rock Tomb|p1a: Necrozma
|-resisted|p1a: Necrozma
|-damage|p1a: Necrozma|92/100
|-unboost|p1a: Necrozma|spe|1
|
|-weather|Sandstorm|[upkeep]
|-heal|p1a: Necrozma|98/100|[from] item: Leftovers
|upkeep
|turn|31
|
|t:|1663471706
|move|p2a: Tyranitar|Stealth Rock|p1a: Necrozma
|-sidestart|p1: nutbustas|move: Stealth Rock
|move|p1a: Necrozma|Thunder Wave|p2a: Tyranitar
|-status|p2a: Tyranitar|par
|
|-weather|Sandstorm|[upkeep]
|-heal|p1a: Necrozma|100/100|[from] item: Leftovers
|upkeep
|turn|32
|
|t:|1663471711
|switch|p2a: Toxapex|Toxapex, F|86/100 brn
|move|p1a: Necrozma|Stealth Rock|p2a: Toxapex
|-sidestart|p2: LD8 nvzhuangkeai|move: Stealth Rock
|
|-weather|Sandstorm|[upkeep]
|-damage|p2a: Toxapex|80/100 brn|[from] Sandstorm
|-damage|p2a: Toxapex|74/100 brn|[from] brn
|upkeep
|turn|33
|
|t:|1663471718
|switch|p1a: Zygarde|Zygarde|94/100
|-damage|p1a: Zygarde|88/100|[from] Stealth Rock
|move|p2a: Toxapex|Scald|p1a: Zygarde
|-damage|p1a: Zygarde|73/100
|-status|p1a: Zygarde|brn
|
|-weather|none
|-damage|p1a: Zygarde|67/100 brn|[from] brn
|-damage|p2a: Toxapex|68/100 brn|[from] brn
|upkeep
|turn|34
|
|t:|1663471725
|move|p1a: Zygarde|Glare||[still]
|-fail|p1a: Zygarde
|move|p2a: Toxapex|Recover|p2a: Toxapex
|-heal|p2a: Toxapex|100/100 brn
|
|-damage|p1a: Zygarde|61/100 brn|[from] brn
|-damage|p2a: Toxapex|95/100 brn|[from] brn
|upkeep
|turn|35
|
|t:|1663471728
|switch|p2a: Tyranitar|Tyranitar, M|100/100 par
|-damage|p2a: Tyranitar|88/100 par|[from] Stealth Rock
|-weather|Sandstorm|[from] ability: Sand Stream|[of] p2a: Tyranitar
|move|p1a: Zygarde|Glare|p2a: Tyranitar
|-fail|p2a: Tyranitar|par
|
|-weather|Sandstorm|[upkeep]
|-heal|p2a: Tyranitar|94/100 par|[from] item: Leftovers
|-damage|p1a: Zygarde|55/100 brn|[from] brn
|upkeep
|turn|36
|
|t:|1663471735
|switch|p1a: Necrozma|Necrozma-Dusk-Mane|100/100
|-damage|p1a: Necrozma|94/100|[from] Stealth Rock
|move|p2a: Tyranitar|Foul Play|p1a: Necrozma
|-supereffective|p1a: Necrozma
|-damage|p1a: Necrozma|41/100
|
|-weather|Sandstorm|[upkeep]
|-heal|p1a: Necrozma|47/100|[from] item: Leftovers
|-heal|p2a: Tyranitar|100/100 par|[from] item: Leftovers
|upkeep
|turn|37
|
|t:|1663471739
|switch|p2a: Toxapex|Toxapex, F|100/100 brn
|-damage|p2a: Toxapex|88/100 brn|[from] Stealth Rock
|move|p1a: Necrozma|Morning Sun|p1a: Necrozma
|-heal|p1a: Necrozma|72/100
|
|-weather|Sandstorm|[upkeep]
|-damage|p2a: Toxapex|82/100 brn|[from] Sandstorm
|-heal|p1a: Necrozma|78/100|[from] item: Leftovers
|-damage|p2a: Toxapex|76/100 brn|[from] brn
|upkeep
|turn|38
|
|t:|1663471744
|switch|p2a: Calyrex|Calyrex-Shadow|100/100
|-ability|p2a: Calyrex|As One
|-ability|p2a: Calyrex|Unnerve
|move|p1a: Necrozma|Iron Head|p2a: Calyrex
|-damage|p2a: Calyrex|52/100
|
|-weather|Sandstorm|[upkeep]
|-damage|p2a: Calyrex|46/100|[from] Sandstorm
|-heal|p1a: Necrozma|84/100|[from] item: Leftovers
|upkeep
|turn|39
|
|t:|1663471752
|switch|p1a: Yveltal|Yveltal|56/100
|-damage|p1a: Yveltal|31/100|[from] Stealth Rock
|-ability|p1a: Yveltal|Dark Aura
|move|p2a: Calyrex|Astral Barrage|p1a: Yveltal
|-resisted|p1a: Yveltal
|-damage|p1a: Yveltal|6/100
|
|-weather|none
|-heal|p1a: Yveltal|12/100|[from] item: Leftovers
|upkeep
|turn|40
|
|t:|1663471762
|move|p1a: Yveltal|Sucker Punch|p2a: Calyrex
|-supereffective|p2a: Calyrex
|-damage|p2a: Calyrex|0 fnt
|faint|p2a: Calyrex
|
|-heal|p1a: Yveltal|18/100|[from] item: Leftovers
|upkeep
|
|t:|1663471764
|switch|p2a: Xerneas|Xerneas|51/100
|-damage|p2a: Xerneas|38/100|[from] Stealth Rock
|-ability|p2a: Xerneas|Fairy Aura
|turn|41
|
|t:|1663471767
|move|p1a: Yveltal|Knock Off|p2a: Xerneas
|-resisted|p2a: Xerneas
|-damage|p2a: Xerneas|21/100
|-enditem|p2a: Xerneas|Leftovers|[from] move: Knock Off|[of] p1a: Yveltal
|move|p2a: Xerneas|Moonblast|p1a: Yveltal
|-supereffective|p1a: Yveltal
|-damage|p1a: Yveltal|0 fnt
|faint|p1a: Yveltal
|
|upkeep
|
|t:|1663471777
|switch|p1a: Xerneas|Xerneas|100/100
|-damage|p1a: Xerneas|88/100|[from] Stealth Rock
|-ability|p1a: Xerneas|Fairy Aura
|-item|p1a: Xerneas|Air Balloon
|turn|42
|
|t:|1663471782
|switch|p2a: Toxapex|Toxapex, F|100/100 brn
|-damage|p2a: Toxapex|88/100 brn|[from] Stealth Rock
|move|p1a: Xerneas|Aromatherapy|p1a: Xerneas
|-activate|p1a: Xerneas|move: Aromatherapy
|-curestatus|p1: Zygarde|brn|[msg]
|
|-damage|p2a: Toxapex|82/100 brn|[from] brn
|upkeep
|turn|43
|
|t:|1663471795
|switch|p1a: Necrozma|Necrozma-Dusk-Mane|84/100
|-damage|p1a: Necrozma|78/100|[from] Stealth Rock
|move|p2a: Toxapex|Scald|p1a: Necrozma
|-damage|p1a: Necrozma|66/100
|-status|p1a: Necrozma|brn
|
|-heal|p1a: Necrozma|72/100 brn|[from] item: Leftovers
|-damage|p1a: Necrozma|66/100 brn|[from] brn
|-damage|p2a: Toxapex|76/100 brn|[from] brn
|upkeep
|turn|44
|
|t:|1663471803
|switch|p1a: Zygarde|Zygarde|55/100
|-damage|p1a: Zygarde|48/100|[from] Stealth Rock
|switch|p2a: Corviknight|Corviknight, F|100/100
|-damage|p2a: Corviknight|88/100|[from] Stealth Rock
|-ability|p2a: Corviknight|Pressure
|
|-heal|p2a: Corviknight|94/100|[from] item: Leftovers
|-activate|p1a: Zygarde|ability: Power Construct
|detailschange|p1a: Zygarde|Zygarde-Complete
|-heal|p1a: Zygarde|66/100|[silent]
|upkeep
|turn|45
|
|t:|1663471806
|move|p1a: Zygarde|Coil|p1a: Zygarde
|-boost|p1a: Zygarde|atk|1
|-boost|p1a: Zygarde|def|1
|-boost|p1a: Zygarde|accuracy|1
|move|p2a: Corviknight|Defog|p1a: Zygarde
|-unboost|p1a: Zygarde|evasion|1
|-sideend|p1: nutbustas|Stealth Rock|[from] move: Defog|[of] p2a: Corviknight
|-sideend|p2: LD8 nvzhuangkeai|Stealth Rock|[from] move: Defog|[of] p2a: Corviknight
|
|-heal|p2a: Corviknight|100/100|[from] item: Leftovers
|upkeep
|turn|46
|
|t:|1663471811
|switch|p1a: Octillery|Octillery, M|100/100
|switch|p2a: Xerneas|Xerneas|21/100
|-ability|p2a: Xerneas|Fairy Aura
|
|-ability|p1a: Octillery|Moody|boost
|-boost|p1a: Octillery|atk|2
|-unboost|p1a: Octillery|spd|1
|upkeep
|turn|47
|
|t:|1663471820
|move|p1a: Octillery|Protect|p1a: Octillery
|-singleturn|p1a: Octillery|Protect
|move|p2a: Xerneas|Rest|p2a: Xerneas
|-status|p2a: Xerneas|slp|[from] move: Rest
|-heal|p2a: Xerneas|100/100 slp|[silent]
|
|-ability|p1a: Octillery|Moody|boost
|-boost|p1a: Octillery|atk|2
|-unboost|p1a: Octillery|spe|1
|upkeep
|turn|48
|
|t:|1663471824
|switch|p2a: Blissey|Blissey, F|82/100
|move|p1a: Octillery|Substitute|p1a: Octillery
|-start|p1a: Octillery|Substitute
|-damage|p1a: Octillery|76/100
|
|-heal|p1a: Octillery|82/100|[from] item: Leftovers
|-ability|p1a: Octillery|Moody|boost
|-boost|p1a: Octillery|spe|2
|-unboost|p1a: Octillery|def|1
|upkeep
|turn|49
|
|t:|1663471837
|switch|p2a: Toxapex|Toxapex, F|100/100 brn
|move|p1a: Octillery|Ice Beam|p2a: Toxapex
|-resisted|p2a: Toxapex
|-damage|p2a: Toxapex|91/100 brn
|
|-heal|p1a: Octillery|88/100|[from] item: Leftovers
|-damage|p2a: Toxapex|85/100 brn|[from] brn
|-ability|p1a: Octillery|Moody|boost
|-boost|p1a: Octillery|def|2
|-unboost|p1a: Octillery|spe|1
|upkeep
|turn|50
|
|t:|1663471841
|move|p1a: Octillery|Scald|p2a: Toxapex
|-resisted|p2a: Toxapex
|-damage|p2a: Toxapex|73/100 brn
|move|p2a: Toxapex|Knock Off|p1a: Octillery
|-activate|p1a: Octillery|move: Substitute|[damage]
|
|-heal|p1a: Octillery|94/100|[from] item: Leftovers
|-damage|p2a: Toxapex|67/100 brn|[from] brn
|-ability|p1a: Octillery|Moody|boost
|-boost|p1a: Octillery|spd|2
|-unboost|p1a: Octillery|spe|1
|upkeep
|turn|51
|
|t:|1663471845
|switch|p1a: Zygarde|Zygarde-Complete|66/100
|switch|p2a: Blissey|Blissey, F|82/100
|
|upkeep
|turn|52
|
|t:|1663471849
|switch|p2a: Xerneas|Xerneas|100/100 slp
|-ability|p2a: Xerneas|Fairy Aura
|move|p1a: Zygarde|Thousand Arrows|p2a: Xerneas
|-damage|p2a: Xerneas|83/100 slp
|
|upkeep
|turn|53
|
|t:|1663471859
|switch|p1a: Xerneas|Xerneas|88/100
|-ability|p1a: Xerneas|Fairy Aura
|-item|p1a: Xerneas|Air Balloon
|cant|p2a: Xerneas|slp
|move|p2a: Xerneas|Sleep Talk|p2a: Xerneas
|move|p2a: Xerneas|Calm Mind|p2a: Xerneas|[from]move: Sleep Talk
|-boost|p2a: Xerneas|spa|1
|-boost|p2a: Xerneas|spd|1
|
|upkeep
|turn|54
|
|t:|1663471863
|cant|p2a: Xerneas|slp
|move|p2a: Xerneas|Sleep Talk|p2a: Xerneas
|move|p2a: Xerneas|Rest||[from]move: Sleep Talk|[still]
|-fail|p2a: Xerneas
|move|p1a: Xerneas|Aromatherapy|p1a: Xerneas
|-activate|p1a: Xerneas|move: Aromatherapy
|-curestatus|p1: Necrozma|brn|[msg]
|
|upkeep
|turn|55
|
|t:|1663471870
|switch|p1a: Necrozma|Necrozma-Dusk-Mane|66/100
|-curestatus|p2a: Xerneas|slp|[msg]
|move|p2a: Xerneas|Moonblast|p1a: Necrozma
|-resisted|p1a: Necrozma
|-damage|p1a: Necrozma|42/100
|-unboost|p1a: Necrozma|spa|1
|
|-heal|p1a: Necrozma|48/100|[from] item: Leftovers
|upkeep
|turn|56
|
|t:|1663471879
|switch|p2a: Toxapex|Toxapex, F|100/100 brn
|move|p1a: Necrozma|Morning Sun|p1a: Necrozma
|-heal|p1a: Necrozma|98/100
|
|-heal|p1a: Necrozma|100/100|[from] item: Leftovers
|-damage|p2a: Toxapex|95/100 brn|[from] brn
|upkeep
|turn|57
|
|t:|1663471892
|move|p1a: Necrozma|Stealth Rock|p2a: Toxapex
|-sidestart|p2: LD8 nvzhuangkeai|move: Stealth Rock
|move|p2a: Toxapex|Scald|p1a: Necrozma
|-damage|p1a: Necrozma|88/100
|
|-heal|p1a: Necrozma|94/100|[from] item: Leftovers
|-damage|p2a: Toxapex|89/100 brn|[from] brn
|upkeep
|turn|58
|
|t:|1663471896
|switch|p1a: Eternatus|Eternatus|100/100
|-ability|p1a: Eternatus|Pressure
|move|p2a: Toxapex|Scald|p1a: Eternatus
|-resisted|p1a: Eternatus
|-damage|p1a: Eternatus|95/100
|
|-damage|p2a: Toxapex|83/100 brn|[from] brn
|upkeep
|turn|59
|
|t:|1663471900
|switch|p2a: Tyranitar|Tyranitar, M|100/100 par
|-damage|p2a: Tyranitar|88/100 par|[from] Stealth Rock
|-weather|Sandstorm|[from] ability: Sand Stream|[of] p2a: Tyranitar
|move|p1a: Eternatus|Toxic Spikes|p2a: Tyranitar
|-sidestart|p2: LD8 nvzhuangkeai|move: Toxic Spikes
|
|-weather|Sandstorm|[upkeep]
|-damage|p1a: Eternatus|89/100|[from] Sandstorm
|-heal|p2a: Tyranitar|94/100 par|[from] item: Leftovers
|upkeep
|turn|60
|
|t:|1663471903
|switch|p1a: Necrozma|Necrozma-Dusk-Mane|94/100
|move|p2a: Tyranitar|Stealth Rock|p1a: Necrozma
|-sidestart|p1: nutbustas|move: Stealth Rock
|
|-weather|Sandstorm|[upkeep]
|-heal|p1a: Necrozma|100/100|[from] item: Leftovers
|-heal|p2a: Tyranitar|100/100 par|[from] item: Leftovers
|upkeep
|turn|61
|
|t:|1663471909
|switch|p2a: Toxapex|Toxapex, F|100/100 brn
|-damage|p2a: Toxapex|88/100 brn|[from] Stealth Rock
|-sideend|p2: LD8 nvzhuangkeai|move: Toxic Spikes|[of] p2a: Toxapex
|move|p1a: Necrozma|Thunder Wave||[still]
|-fail|p1a: Necrozma
|
|-weather|Sandstorm|[upkeep]
|-damage|p2a: Toxapex|82/100 brn|[from] Sandstorm
|-damage|p2a: Toxapex|76/100 brn|[from] brn
|upkeep
|turn|62
|
|t:|1663471912
|move|p1a: Necrozma|Iron Head|p2a: Toxapex
|-resisted|p2a: Toxapex
|-damage|p2a: Toxapex|65/100 brn
|move|p2a: Toxapex|Scald|p1a: Necrozma
|-damage|p1a: Necrozma|89/100
|-status|p1a: Necrozma|brn
|
|-weather|Sandstorm|[upkeep]
|-damage|p2a: Toxapex|59/100 brn|[from] Sandstorm
|-heal|p1a: Necrozma|95/100 brn|[from] item: Leftovers
|-damage|p1a: Necrozma|89/100 brn|[from] brn
|-damage|p2a: Toxapex|53/100 brn|[from] brn
|upkeep
|turn|63
|
|t:|1663471916
|switch|p1a: Zygarde|Zygarde-Complete|66/100
|-damage|p1a: Zygarde|60/100|[from] Stealth Rock
|switch|p2a: Xerneas|Xerneas|83/100
|-damage|p2a: Xerneas|70/100|[from] Stealth Rock
|-ability|p2a: Xerneas|Fairy Aura
|
|-weather|none
|upkeep
|turn|64
|
|t:|1663471921
|move|p2a: Xerneas|Calm Mind|p2a: Xerneas
|-boost|p2a: Xerneas|spa|1
|-boost|p2a: Xerneas|spd|1
|move|p1a: Zygarde|Glare|p2a: Xerneas
|-status|p2a: Xerneas|par
|
|upkeep
|turn|65
|
|t:|1663471924
|switch|p1a: Necrozma|Necrozma-Dusk-Mane|89/100 brn
|-damage|p1a: Necrozma|83/100 brn|[from] Stealth Rock
|move|p2a: Xerneas|Moonblast|p1a: Necrozma
|-resisted|p1a: Necrozma
|-damage|p1a: Necrozma|56/100 brn
|
|-heal|p1a: Necrozma|62/100 brn|[from] item: Leftovers
|-damage|p1a: Necrozma|56/100 brn|[from] brn
|upkeep
|turn|66
|
|t:|1663471928
|move|p1a: Necrozma|Morning Sun|p1a: Necrozma
|-heal|p1a: Necrozma|100/100 brn
|move|p2a: Xerneas|Rest|p2a: Xerneas
|-status|p2a: Xerneas|slp|[from] move: Rest
|-heal|p2a: Xerneas|100/100 slp|[silent]
|
|-damage|p1a: Necrozma|94/100 brn|[from] brn
|upkeep
|turn|67
|
|t:|1663471939
|switch|p1a: Octillery|Octillery, M|94/100
|-damage|p1a: Octillery|82/100|[from] Stealth Rock
|cant|p2a: Xerneas|slp
|move|p2a: Xerneas|Sleep Talk|p2a: Xerneas
|move|p2a: Xerneas|Calm Mind|p2a: Xerneas|[from]move: Sleep Talk
|-boost|p2a: Xerneas|spa|1
|-boost|p2a: Xerneas|spd|1
|
|-heal|p1a: Octillery|88/100|[from] item: Leftovers
|-ability|p1a: Octillery|Moody|boost
|-boost|p1a: Octillery|def|2
|-unboost|p1a: Octillery|atk|1
|upkeep
|turn|68
|
|t:|1663471942
|cant|p2a: Xerneas|slp
|move|p2a: Xerneas|Sleep Talk|p2a: Xerneas
|move|p2a: Xerneas|Moonblast|p1a: Octillery|[from]move: Sleep Talk
|-damage|p1a: Octillery|0 fnt
|faint|p1a: Octillery
|
|upkeep
|
|t:|1663471948
|switch|p1a: Necrozma|Necrozma-Dusk-Mane|94/100 brn
|-damage|p1a: Necrozma|88/100 brn|[from] Stealth Rock
|turn|69
|
|t:|1663471952
|-curestatus|p2a: Xerneas|slp|[msg]
|move|p2a: Xerneas|Calm Mind|p2a: Xerneas
|-boost|p2a: Xerneas|spa|1
|-boost|p2a: Xerneas|spd|1
|move|p1a: Necrozma|Iron Head|p2a: Xerneas
|-supereffective|p2a: Xerneas
|-damage|p2a: Xerneas|77/100
|
|-heal|p1a: Necrozma|94/100 brn|[from] item: Leftovers
|-damage|p1a: Necrozma|88/100 brn|[from] brn
|upkeep
|turn|70
|inactive|Battle timer is ON: inactive players will automatically lose when time's up. (requested by LD8 nvzhuangkeai)
|
|t:|1663471967
|move|p2a: Xerneas|Rest|p2a: Xerneas
|-status|p2a: Xerneas|slp|[from] move: Rest
|-heal|p2a: Xerneas|100/100 slp|[silent]
|move|p1a: Necrozma|Iron Head|p2a: Xerneas
|-supereffective|p2a: Xerneas
|-damage|p2a: Xerneas|75/100 slp
|
|-heal|p1a: Necrozma|94/100 brn|[from] item: Leftovers
|-damage|p1a: Necrozma|88/100 brn|[from] brn
|upkeep
|turn|71
|
|t:|1663471970
|switch|p1a: Xerneas|Xerneas|88/100
|-damage|p1a: Xerneas|75/100|[from] Stealth Rock
|-ability|p1a: Xerneas|Fairy Aura
|-item|p1a: Xerneas|Air Balloon
|cant|p2a: Xerneas|slp
|move|p2a: Xerneas|Sleep Talk|p2a: Xerneas
|move|p2a: Xerneas|Rest||[from]move: Sleep Talk|[still]
|-fail|p2a: Xerneas
|
|upkeep
|turn|72
|
|t:|1663471973
|cant|p2a: Xerneas|slp
|move|p2a: Xerneas|Sleep Talk|p2a: Xerneas
|move|p2a: Xerneas|Rest||[from]move: Sleep Talk|[still]
|-fail|p2a: Xerneas
|move|p1a: Xerneas|Aromatherapy|p1a: Xerneas
|-activate|p1a: Xerneas|move: Aromatherapy
|-curestatus|p1: Necrozma|brn|[msg]
|
|upkeep
|turn|73
|
|t:|1663471977
|switch|p1a: Necrozma|Necrozma-Dusk-Mane|88/100
|-damage|p1a: Necrozma|82/100|[from] Stealth Rock
|-curestatus|p2a: Xerneas|slp|[msg]
|move|p2a: Xerneas|Moonblast|p1a: Necrozma
|-resisted|p1a: Necrozma
|-damage|p1a: Necrozma|39/100
|-unboost|p1a: Necrozma|spa|1
|
|-heal|p1a: Necrozma|45/100|[from] item: Leftovers
|upkeep
|turn|74
|
|t:|1663471985
|move|p2a: Xerneas|Moonblast|p1a: Necrozma
|-resisted|p1a: Necrozma
|-damage|p1a: Necrozma|2/100
|move|p1a: Necrozma|Morning Sun|p1a: Necrozma
|-heal|p1a: Necrozma|52/100
|
|-heal|p1a: Necrozma|58/100|[from] item: Leftovers
|upkeep
|turn|75
|
|t:|1663471990
|move|p2a: Xerneas|Moonblast|p1a: Necrozma
|-resisted|p1a: Necrozma
|-damage|p1a: Necrozma|12/100
|move|p1a: Necrozma|Morning Sun|p1a: Necrozma
|-heal|p1a: Necrozma|62/100
|
|-heal|p1a: Necrozma|68/100|[from] item: Leftovers
|upkeep
|turn|76
|
|t:|1663471993
|move|p2a: Xerneas|Moonblast|p1a: Necrozma
|-resisted|p1a: Necrozma
|-damage|p1a: Necrozma|24/100
|move|p1a: Necrozma|Morning Sun|p1a: Necrozma
|-heal|p1a: Necrozma|74/100
|
|-heal|p1a: Necrozma|80/100|[from] item: Leftovers
|upkeep
|turn|77
|
|t:|1663471996
|move|p2a: Xerneas|Moonblast|p1a: Necrozma
|-resisted|p1a: Necrozma
|-damage|p1a: Necrozma|34/100
|-unboost|p1a: Necrozma|spa|1
|move|p1a: Necrozma|Morning Sun|p1a: Necrozma
|-heal|p1a: Necrozma|84/100
|
|-heal|p1a: Necrozma|90/100|[from] item: Leftovers
|upkeep
|turn|78
|
|t:|1663471998
|move|p2a: Xerneas|Moonblast|p1a: Necrozma
|-resisted|p1a: Necrozma
|-crit|p1a: Necrozma
|-damage|p1a: Necrozma|24/100
|move|p1a: Necrozma|Iron Head|p2a: Xerneas
|-supereffective|p2a: Xerneas
|-damage|p2a: Xerneas|33/100
|
|-heal|p1a: Necrozma|30/100|[from] item: Leftovers
|upkeep
|turn|79
|
|t:|1663472004
|move|p2a: Xerneas|Moonblast|p1a: Necrozma
|-resisted|p1a: Necrozma
|-damage|p1a: Necrozma|0 fnt
|faint|p1a: Necrozma
|
|upkeep
|
|t:|1663472008
|switch|p1a: Eternatus|Eternatus|89/100
|-ability|p1a: Eternatus|Pressure
|turn|80
|
|t:|1663472010
|move|p1a: Eternatus|Mystical Fire|p2a: Xerneas
|-damage|p2a: Xerneas|26/100
|-unboost|p2a: Xerneas|spa|1
|move|p2a: Xerneas|Rest|p2a: Xerneas
|-status|p2a: Xerneas|slp|[from] move: Rest
|-heal|p2a: Xerneas|100/100 slp|[silent]
|
|upkeep
|turn|81
|
|t:|1663472013
|move|p1a: Eternatus|Mystical Fire|p2a: Xerneas
|-damage|p2a: Xerneas|93/100 slp
|-unboost|p2a: Xerneas|spa|1
|cant|p2a: Xerneas|slp
|move|p2a: Xerneas|Sleep Talk|p2a: Xerneas
|move|p2a: Xerneas|Rest||[from]move: Sleep Talk|[still]
|-fail|p2a: Xerneas
|
|upkeep
|turn|82
|
|t:|1663472015
|move|p1a: Eternatus|Mystical Fire|p2a: Xerneas
|-damage|p2a: Xerneas|87/100 slp
|-unboost|p2a: Xerneas|spa|1
|cant|p2a: Xerneas|slp
|move|p2a: Xerneas|Sleep Talk|p2a: Xerneas
|move|p2a: Xerneas|Calm Mind|p2a: Xerneas|[from]move: Sleep Talk
|-boost|p2a: Xerneas|spa|1
|-boost|p2a: Xerneas|spd|1
|
|upkeep
|turn|83
|
|t:|1663472017
|move|p1a: Eternatus|Mystical Fire|p2a: Xerneas
|-damage|p2a: Xerneas|81/100 slp
|-unboost|p2a: Xerneas|spa|1
|-curestatus|p2a: Xerneas|slp|[msg]
|move|p2a: Xerneas|Sleep Talk||[still]
|-fail|p2a: Xerneas
|
|upkeep
|turn|84
|
|t:|1663472019
|move|p1a: Eternatus|Mystical Fire|p2a: Xerneas
|-damage|p2a: Xerneas|75/100
|-unboost|p2a: Xerneas|spa|1
|move|p2a: Xerneas|Calm Mind|p2a: Xerneas
|-boost|p2a: Xerneas|spa|1
|-boost|p2a: Xerneas|spd|1
|
|upkeep
|turn|85
|
|t:|1663472021
|move|p1a: Eternatus|Mystical Fire|p2a: Xerneas
|-damage|p2a: Xerneas|69/100
|-unboost|p2a: Xerneas|spa|1
|move|p2a: Xerneas|Calm Mind|p2a: Xerneas
|-boost|p2a: Xerneas|spa|1
|-boost|p2a: Xerneas|spd|1
|
|upkeep
|turn|86
|
|t:|1663472025
|move|p1a: Eternatus|Mystical Fire|p2a: Xerneas
|-damage|p2a: Xerneas|64/100
|-unboost|p2a: Xerneas|spa|1
|move|p2a: Xerneas|Calm Mind|p2a: Xerneas
|-boost|p2a: Xerneas|spa|1
|-boost|p2a: Xerneas|spd|0
|
|upkeep
|turn|87
|
|t:|1663472028
|move|p1a: Eternatus|Mystical Fire|p2a: Xerneas
|-damage|p2a: Xerneas|60/100
|-unboost|p2a: Xerneas|spa|1
|move|p2a: Xerneas|Rest|p2a: Xerneas
|-status|p2a: Xerneas|slp|[from] move: Rest
|-heal|p2a: Xerneas|100/100 slp|[silent]
|
|upkeep
|turn|88
|-message|nutbustas forfeited.
|
|win|LD8 nvzhuangkeai
|raw|nutbustas's rating: 1415 &rarr; <strong>1407</strong><br />(-8 for losing)
|raw|LD8 nvzhuangkeai's rating: 1658 &rarr; <strong>1666</strong><br />(+8 for winning)
|l|☆nutbustas
