|j|☆Meminger21
|j|☆RIP_Player
|inactive|Battle timer is ON: inactive players will automatically lose when time's up.
|t:|1624281993
|gametype|singles
|player|p1|Meminger21|liza|
|player|p2|RIP_Player|firebreather|
|teamsize|p1|6
|teamsize|p2|6
|gen|8
|tier|[Gen 8] Ubers
|rated|Tournament battle
|rule|Sleep Clause Mod: Limit one foe put to sleep
|rule|Species Clause: Limit one of each Pokémon
|rule|OHKO Clause: OHKO moves are banned
|rule|Evasion Moves Clause: Evasion moves are banned
|rule|Endless Battle Clause: Forcing endless battles is banned
|rule|HP Percentage Mod: HP is shown in percentages
|rule|Dynamax Clause: You cannot dynamax
|clearpoke
|poke|p1|Xerneas-*|
|poke|p1|Magnezone|
|poke|p1|Groudon|
|poke|p1|Yveltal|
|poke|p1|Necrozma-Dusk-Mane|
|poke|p1|Eternatus|
|poke|p2|Umbreon, M|
|poke|p2|Toxapex, M|
|poke|p2|Yveltal|
|poke|p2|Xerneas-*|
|poke|p2|Marshadow|
|poke|p2|Heatran, M|
|teampreview
|j|*Lady Monita
|inactive|RIP_Player also wants the timer to be on.
|c|☆Meminger21|hf
|j| GRIKSONDEAAD2000
|j| Gamershutin2
|inactive|Meminger21 has 120 seconds left.
|
|t:|1624282030
|start
|switch|p1a: Groudon|Groudon|100/100
|switch|p2a: Yveltal|Yveltal|100/100
|-ability|p2a: Yveltal|Dark Aura
|-weather|SunnyDay|[from] ability: Drought|[of] p1a: Groudon
|turn|1
|
|t:|1624282035
|switch|p1a: Eternatus|Eternatus|100/100
|-ability|p1a: Eternatus|Pressure
|move|p2a: Yveltal|Knock Off|p1a: Eternatus
|-damage|p1a: Eternatus|29/100
|-enditem|p1a: Eternatus|Black Sludge|[from] move: Knock Off|[of] p2a: Yveltal
|
|-weather|SunnyDay|[upkeep]
|upkeep
|turn|2
|
|t:|1624282042
|switch|p2a: Heatran|Heatran, M|100/100
|move|p1a: Eternatus|Recover|p1a: Eternatus
|-heal|p1a: Eternatus|79/100
|
|-weather|SunnyDay|[upkeep]
|upkeep
|turn|3
|j| GreninjaYDavid45
|
|t:|1624282055
|switch|p1a: Magnezone|Magnezone|100/100
|-item|p1a: Magnezone|Air Balloon
|move|p2a: Heatran|Stealth Rock|p1a: Magnezone
|-sidestart|p1: Meminger21|move: Stealth Rock
|
|-weather|SunnyDay|[upkeep]
|upkeep
|turn|4
|
|t:|1624282073
|move|p1a: Magnezone|Body Press|p2a: Heatran
|-supereffective|p2a: Heatran
|-damage|p2a: Heatran|61/100
|move|p2a: Heatran|Lava Plume|p1a: Magnezone
|-supereffective|p1a: Magnezone
|-damage|p1a: Magnezone|0 fnt
|-enditem|p1a: Magnezone|Air Balloon
|faint|p1a: Magnezone
|
|-weather|SunnyDay|[upkeep]
|-heal|p2a: Heatran|67/100|[from] item: Leftovers
|upkeep
|
|t:|1624282087
|switch|p1a: Groudon|Groudon|100/100
|-damage|p1a: Groudon|94/100|[from] Stealth Rock
|turn|5
|
|t:|1624282106
|switch|p2a: Xerneas|Xerneas|100/100
|-ability|p2a: Xerneas|Fairy Aura
|move|p1a: Groudon|Thunder Wave|p2a: Xerneas
|-status|p2a: Xerneas|par
|
|-weather|none
|-heal|p1a: Groudon|100/100|[from] item: Leftovers
|upkeep
|turn|6
|
|t:|1624282113
|switch|p1a: Necrozma|Necrozma-Dusk-Mane|100/100
|-damage|p1a: Necrozma|94/100|[from] Stealth Rock
|move|p2a: Xerneas|Aromatherapy|p2a: Xerneas
|-activate|p2a: Xerneas|move: Aromatherapy
|-curestatus|p2a: Xerneas|par|[msg]
|
|upkeep
|turn|7
|
|t:|1624282120
|switch|p2a: Toxapex|Toxapex, M|100/100
|move|p1a: Necrozma|Swords Dance|p1a: Necrozma
|-boost|p1a: Necrozma|atk|2
|
|upkeep
|turn|8
|
|t:|1624282123
|move|p1a: Necrozma|Earthquake|p2a: Toxapex
|-supereffective|p2a: Toxapex
|-damage|p2a: Toxapex|12/100
|move|p2a: Toxapex|Scald|p1a: Necrozma
|-crit|p1a: Necrozma
|-damage|p1a: Necrozma|78/100
|
|-heal|p2a: Toxapex|18/100|[from] item: Black Sludge
|upkeep
|turn|9
|
|t:|1624282132
|move|p2a: Toxapex|Baneful Bunker|p2a: Toxapex
|-singleturn|p2a: Toxapex|move: Protect
|move|p1a: Necrozma|Sunsteel Strike|p2a: Toxapex
|-activate|p2a: Toxapex|move: Protect
|
|-heal|p2a: Toxapex|24/100|[from] item: Black Sludge
|upkeep
|turn|10
|
|t:|1624282146
|move|p1a: Necrozma|Sunsteel Strike|p2a: Toxapex
|-resisted|p2a: Toxapex
|-damage|p2a: Toxapex|0 fnt
|faint|p2a: Toxapex
|
|upkeep
|
|t:|1624282148
|switch|p2a: Marshadow|Marshadow|100/100
|turn|11
|l| Gamershutin2
|
|t:|1624282151
|switch|p1a: Groudon|Groudon|100/100
|-damage|p1a: Groudon|94/100|[from] Stealth Rock
|-weather|SunnyDay|[from] ability: Drought|[of] p1a: Groudon
|move|p2a: Marshadow|Spectral Thief|p1a: Groudon
|-damage|p1a: Groudon|73/100
|
|-weather|SunnyDay|[upkeep]
|-heal|p1a: Groudon|79/100|[from] item: Leftovers
|upkeep
|turn|12
|j| anishbsbrawlstars
|
|t:|1624282159
|switch|p2a: Xerneas|Xerneas|100/100
|-ability|p2a: Xerneas|Fairy Aura
|move|p1a: Groudon|Precipice Blades|p2a: Xerneas
|-crit|p2a: Xerneas
|-damage|p2a: Xerneas|54/100
|
|-weather|SunnyDay|[upkeep]
|-heal|p2a: Xerneas|60/100|[from] item: Leftovers
|-heal|p1a: Groudon|86/100|[from] item: Leftovers
|upkeep
|turn|13
|
|t:|1624282172
|switch|p1a: Necrozma|Necrozma-Dusk-Mane|78/100
|-damage|p1a: Necrozma|72/100|[from] Stealth Rock
|move|p2a: Xerneas|Moonblast|p1a: Necrozma
|-resisted|p1a: Necrozma
|-damage|p1a: Necrozma|56/100
|
|-weather|SunnyDay|[upkeep]
|-heal|p2a: Xerneas|66/100|[from] item: Leftovers
|upkeep
|turn|14
|
|t:|1624282182
|switch|p2a: Yveltal|Yveltal|100/100
|-ability|p2a: Yveltal|Dark Aura
|move|p1a: Necrozma|Sunsteel Strike|p2a: Yveltal
|-damage|p2a: Yveltal|52/100
|
|-weather|SunnyDay|[upkeep]
|upkeep
|turn|15
|
|t:|1624282197
|switch|p1a: Eternatus|Eternatus|79/100
|-damage|p1a: Eternatus|66/100|[from] Stealth Rock
|-ability|p1a: Eternatus|Pressure
|move|p2a: Yveltal|Knock Off|p1a: Eternatus
|-damage|p1a: Eternatus|16/100
|
|-weather|none
|upkeep
|turn|16
|
|t:|1624282202
|move|p1a: Eternatus|Recover|p1a: Eternatus
|-heal|p1a: Eternatus|66/100
|move|p2a: Yveltal|Knock Off|p1a: Eternatus
|-damage|p1a: Eternatus|14/100
|
|upkeep
|turn|17
|
|t:|1624282204
|switch|p2a: Heatran|Heatran, M|67/100
|move|p1a: Eternatus|Recover|p1a: Eternatus
|-heal|p1a: Eternatus|65/100
|
|-heal|p2a: Heatran|74/100|[from] item: Leftovers
|upkeep
|turn|18
|
|t:|1624282221
|move|p1a: Eternatus|Dynamax Cannon|p2a: Heatran
|-resisted|p2a: Heatran
|-damage|p2a: Heatran|58/100
|move|p2a: Heatran|Magma Storm|p1a: Eternatus
|-resisted|p1a: Eternatus
|-damage|p1a: Eternatus|53/100
|-activate|p1a: Eternatus|move: Magma Storm|[of] p2a: Heatran
|
|-heal|p2a: Heatran|64/100|[from] item: Leftovers
|-damage|p1a: Eternatus|41/100|[from] move: Magma Storm|[partiallytrapped]
|upkeep
|turn|19
|
|t:|1624282225
|move|p1a: Eternatus|Dynamax Cannon|p2a: Heatran
|-resisted|p2a: Heatran
|-damage|p2a: Heatran|51/100
|move|p2a: Heatran|Earth Power|p1a: Eternatus
|-supereffective|p1a: Eternatus
|-damage|p1a: Eternatus|9/100
|
|-heal|p2a: Heatran|57/100|[from] item: Leftovers
|-damage|p1a: Eternatus|0 fnt|[from] move: Magma Storm|[partiallytrapped]
|faint|p1a: Eternatus
|upkeep
|
|t:|1624282232
|switch|p1a: Xerneas|Xerneas|100/100
|-damage|p1a: Xerneas|88/100|[from] Stealth Rock
|-ability|p1a: Xerneas|Fairy Aura
|turn|20
|
|t:|1624282246
|move|p1a: Xerneas|Geomancy||[still]
|-prepare|p1a: Xerneas|Geomancy
|-enditem|p1a: Xerneas|Power Herb
|-anim|p1a: Xerneas|Geomancy|p1a: Xerneas
|-boost|p1a: Xerneas|spa|2
|-boost|p1a: Xerneas|spd|2
|-boost|p1a: Xerneas|spe|2
|move|p2a: Heatran|Lava Plume|p1a: Xerneas
|-damage|p1a: Xerneas|72/100
|
|-heal|p2a: Heatran|63/100|[from] item: Leftovers
|upkeep
|turn|21
|
|t:|1624282260
|move|p1a: Xerneas|Moonblast|p2a: Heatran
|-resisted|p2a: Heatran
|-damage|p2a: Heatran|39/100
|move|p2a: Heatran|Lava Plume|p1a: Xerneas
|-damage|p1a: Xerneas|56/100
|
|-heal|p2a: Heatran|46/100|[from] item: Leftovers
|upkeep
|turn|22
|
|t:|1624282270
|move|p1a: Xerneas|Moonblast|p2a: Heatran
|-resisted|p2a: Heatran
|-crit|p2a: Heatran
|-damage|p2a: Heatran|11/100
|move|p2a: Heatran|Magma Storm|p1a: Xerneas
|-damage|p1a: Xerneas|37/100
|-activate|p1a: Xerneas|move: Magma Storm|[of] p2a: Heatran
|
|-heal|p2a: Heatran|17/100|[from] item: Leftovers
|-damage|p1a: Xerneas|25/100|[from] move: Magma Storm|[partiallytrapped]
|upkeep
|turn|23
|
|t:|1624282274
|move|p1a: Xerneas|Moonblast|p2a: Heatran
|-resisted|p2a: Heatran
|-damage|p2a: Heatran|0 fnt
|faint|p2a: Heatran
|
|-end|p1a: Xerneas|Magma Storm|[partiallytrapped]|[silent]
|upkeep
|
|t:|1624282284
|switch|p2a: Yveltal|Yveltal|52/100
|-ability|p2a: Yveltal|Dark Aura
|turn|24
|
|t:|1624282286
|move|p2a: Yveltal|Sucker Punch|p1a: Xerneas
|-resisted|p1a: Xerneas
|-damage|p1a: Xerneas|0 fnt
|faint|p1a: Xerneas
|
|upkeep
|l| GRIKSONDEAAD2000
|
|t:|1624282292
|switch|p1a: Groudon|Groudon|86/100
|-damage|p1a: Groudon|79/100|[from] Stealth Rock
|-weather|SunnyDay|[from] ability: Drought|[of] p1a: Groudon
|turn|25
|
|t:|1624282312
|switch|p2a: Xerneas|Xerneas|66/100
|-ability|p2a: Xerneas|Fairy Aura
|move|p1a: Groudon|Stone Edge|p2a: Xerneas
|-damage|p2a: Xerneas|49/100
|
|-weather|SunnyDay|[upkeep]
|-heal|p2a: Xerneas|55/100|[from] item: Leftovers
|-heal|p1a: Groudon|86/100|[from] item: Leftovers
|upkeep
|turn|26
|
|t:|1624282318
|move|p2a: Xerneas|Moonblast|p1a: Groudon
|-damage|p1a: Groudon|39/100
|move|p1a: Groudon|Thunder Wave|p2a: Xerneas
|-status|p2a: Xerneas|par
|
|-weather|SunnyDay|[upkeep]
|-heal|p1a: Groudon|45/100|[from] item: Leftovers
|-heal|p2a: Xerneas|61/100 par|[from] item: Leftovers
|upkeep
|turn|27
|
|t:|1624282324
|move|p1a: Groudon|Stealth Rock|p2a: Xerneas
|-sidestart|p2: RIP_Player|move: Stealth Rock
|move|p2a: Xerneas|Moonblast|p1a: Groudon
|-damage|p1a: Groudon|0 fnt
|faint|p1a: Groudon
|
|-weather|SunnyDay|[upkeep]
|-heal|p2a: Xerneas|67/100 par|[from] item: Leftovers
|upkeep
|
|t:|1624282327
|switch|p1a: Necrozma|Necrozma-Dusk-Mane|56/100
|-damage|p1a: Necrozma|50/100|[from] Stealth Rock
|turn|28
|
|t:|1624282336
|move|p1a: Necrozma|Swords Dance|p1a: Necrozma
|-boost|p1a: Necrozma|atk|2
|move|p2a: Xerneas|Defog|p1a: Necrozma
|-unboost|p1a: Necrozma|evasion|1
|-sideend|p1: Meminger21|Stealth Rock|[from] move: Defog|[of] p2a: Xerneas
|-sideend|p2: RIP_Player|Stealth Rock|[from] move: Defog|[of] p2a: Xerneas
|
|-weather|SunnyDay|[upkeep]
|-heal|p2a: Xerneas|73/100 par|[from] item: Leftovers
|upkeep
|turn|29
|l| anishbsbrawlstars
|
|t:|1624282345
|move|p1a: Necrozma|Morning Sun|p1a: Necrozma
|-heal|p1a: Necrozma|100/100
|move|p2a: Xerneas|Moonblast|p1a: Necrozma
|-resisted|p1a: Necrozma
|-damage|p1a: Necrozma|83/100
|-unboost|p1a: Necrozma|spa|1
|
|-weather|none
|-heal|p2a: Xerneas|79/100 par|[from] item: Leftovers
|upkeep
|turn|30
|
|t:|1624282348
|move|p1a: Necrozma|Sunsteel Strike|p2a: Xerneas
|-supereffective|p2a: Xerneas
|-damage|p2a: Xerneas|0 fnt
|faint|p2a: Xerneas
|
|upkeep
|
|t:|1624282352
|switch|p2a: Marshadow|Marshadow|100/100
|turn|31
|
|t:|1624282354
|switch|p1a: Yveltal|Yveltal|100/100
|-ability|p1a: Yveltal|Dark Aura
|move|p2a: Marshadow|Spectral Thief|p1a: Yveltal
|-resisted|p1a: Yveltal
|-damage|p1a: Yveltal|84/100
|
|upkeep
|turn|32
|
|t:|1624282358
|switch|p2a: Umbreon|Umbreon, M|100/100
|move|p1a: Yveltal|Foul Play|p2a: Umbreon
|-resisted|p2a: Umbreon
|-damage|p2a: Umbreon|91/100
|
|-heal|p2a: Umbreon|97/100|[from] item: Leftovers
|upkeep
|turn|33
|
|t:|1624282365
|move|p1a: Yveltal|Taunt|p2a: Umbreon
|-start|p2a: Umbreon|move: Taunt
|cant|p2a: Umbreon|move: Taunt|Toxic
|
|-heal|p2a: Umbreon|100/100|[from] item: Leftovers
|upkeep
|turn|34
|
|t:|1624282368
|move|p1a: Yveltal|Foul Play|p2a: Umbreon
|-resisted|p2a: Umbreon
|-damage|p2a: Umbreon|91/100
|move|p2a: Umbreon|Foul Play|p1a: Yveltal
|-resisted|p1a: Yveltal
|-crit|p1a: Yveltal
|-damage|p1a: Yveltal|56/100
|
|-heal|p2a: Umbreon|97/100|[from] item: Leftovers
|upkeep
|turn|35
|
|t:|1624282383
|move|p1a: Yveltal|Roost|p1a: Yveltal
|-heal|p1a: Yveltal|100/100
|-singleturn|p1a: Yveltal|move: Roost
|move|p2a: Umbreon|Foul Play|p1a: Yveltal
|-resisted|p1a: Yveltal
|-damage|p1a: Yveltal|80/100
|
|-heal|p2a: Umbreon|100/100|[from] item: Leftovers
|-end|p2a: Umbreon|move: Taunt
|upkeep
|turn|36
|
|t:|1624282390
|move|p1a: Yveltal|Taunt|p2a: Umbreon
|-start|p2a: Umbreon|move: Taunt
|move|p2a: Umbreon|Foul Play|p1a: Yveltal
|-resisted|p1a: Yveltal
|-damage|p1a: Yveltal|61/100
|
|upkeep
|turn|37
|
|t:|1624282411
|move|p1a: Yveltal|Roost|p1a: Yveltal
|-heal|p1a: Yveltal|100/100
|-singleturn|p1a: Yveltal|move: Roost
|move|p2a: Umbreon|Foul Play|p1a: Yveltal
|-resisted|p1a: Yveltal
|-crit|p1a: Yveltal
|-damage|p1a: Yveltal|73/100
|
|upkeep
|turn|38
|
|t:|1624282420
|switch|p2a: Yveltal|Yveltal|52/100
|-ability|p2a: Yveltal|Dark Aura
|move|p1a: Yveltal|Foul Play|p2a: Yveltal
|-resisted|p2a: Yveltal
|-damage|p2a: Yveltal|22/100
|
|upkeep
|turn|39
|
|t:|1624282425
|move|p2a: Yveltal|Rock Slide|p1a: Yveltal
|-supereffective|p1a: Yveltal
|-damage|p1a: Yveltal|13/100
|move|p1a: Yveltal|Foul Play|p2a: Yveltal
|-resisted|p2a: Yveltal
|-crit|p2a: Yveltal
|-damage|p2a: Yveltal|0 fnt
|faint|p2a: Yveltal
|
|upkeep
|
|t:|1624282432
|switch|p2a: Marshadow|Marshadow|100/100
|turn|40
|
|t:|1624282437
|move|p2a: Marshadow|Close Combat|p1a: Yveltal
|-damage|p1a: Yveltal|0 fnt
|-unboost|p2a: Marshadow|def|1
|-unboost|p2a: Marshadow|spd|1
|faint|p1a: Yveltal
|
|upkeep
|
|t:|1624282439
|switch|p1a: Necrozma|Necrozma-Dusk-Mane|83/100
|turn|41
|
|t:|1624282443
|switch|p2a: Umbreon|Umbreon, M|100/100
|move|p1a: Necrozma|Sunsteel Strike|p2a: Umbreon
|-damage|p2a: Umbreon|56/100
|
|-heal|p2a: Umbreon|62/100|[from] item: Leftovers
|upkeep
|turn|42
|
|t:|1624282457
|move|p1a: Necrozma|Morning Sun|p1a: Necrozma
|-heal|p1a: Necrozma|100/100
|move|p2a: Umbreon|Foul Play|p1a: Necrozma
|-supereffective|p1a: Necrozma
|-damage|p1a: Necrozma|47/100
|-enditem|p1a: Necrozma|Weakness Policy
|-boost|p1a: Necrozma|atk|2|[from] item: Weakness Policy
|-boost|p1a: Necrozma|spa|2|[from] item: Weakness Policy
|
|-heal|p2a: Umbreon|69/100|[from] item: Leftovers
|upkeep
|turn|43
|
|t:|1624282477
|move|p1a: Necrozma|Sunsteel Strike|p2a: Umbreon
|-damage|p2a: Umbreon|0 fnt
|faint|p2a: Umbreon
|
|upkeep
|
|t:|1624282479
|switch|p2a: Marshadow|Marshadow|100/100
|turn|44
|
|t:|1624282481
|move|p2a: Marshadow|Spectral Thief||[still]
|-clearpositiveboost|p1a: Necrozma|p2a: Marshadow|move: Spectral Thief
|-boost|p2a: Marshadow|atk|2
|-boost|p2a: Marshadow|spa|2
|-anim|p2a: Marshadow|Spectral Thief|p1a: Necrozma
|-supereffective|p1a: Necrozma
|-damage|p1a: Necrozma|0 fnt
|faint|p1a: Necrozma
|
|win|RIP_Player
|n|☆Meminger21|meminger21
|n|☆RIP_Player|ripplayer
|n|*Lady Monita|ladymonita
|n| GreninjaYDavid45|greninjaydavid45
