|html|<div class="broadcast-blue"><strong>[Gen 8] Ubers is currently suspecting Zacian-Crowned! For information on how to participate check out the <a href="https://www.smogon.com/forums/threads/np-ss-ubers-stage-5-hound-dog.3675589/">suspect thread</a>.</strong></div>
|j|☆UZ4 Hoenn 2
|j|☆outw CynthiaFleur
|t:|1610723125
|player|p1|UZ4 Hoenn 2|whitney|1464
|player|p2|outw CynthiaFleur|beauty-gen4dp|1408
|teamsize|p1|6
|teamsize|p2|6
|gametype|singles
|gen|8
|tier|[Gen 8] Ubers
|rated|
|clearpoke
|poke|p1|Ditto|
|poke|p1|Xerneas|
|poke|p1|Zacian-Crowned|
|poke|p1|Calyrex-Shadow|
|poke|p1|Regieleki|
|poke|p1|Garchomp, M|
|poke|p2|Porygon2|
|poke|p2|Necrozma-Dusk-Mane|
|poke|p2|Calyrex-Ice|
|poke|p2|Dracovish|
|poke|p2|Ditto|
|poke|p2|Yveltal|
|rule|Sleep Clause Mod: Limit one foe put to sleep
|rule|Species Clause: Limit one of each Pokémon
|rule|OHKO Clause: OHKO moves are banned
|rule|Evasion Moves Clause: Evasion moves are banned
|rule|Endless Battle Clause: Forcing endless battles is banned
|rule|HP Percentage Mod: HP is shown in percentages
|rule|Dynamax Clause: You cannot dynamax
|teampreview
|inactive|Battle timer is ON: inactive players will automatically lose when time's up. (requested by outw CynthiaFleur)
|c|☆outw CynthiaFleur|Hello :)
|inactive|outw CynthiaFleur has 120 seconds left.
|j| tyvesject
|
|t:|1610723165
|start
|switch|p1a: Xerneas|Xerneas, shiny|100/100
|switch|p2a: Porygon2|Porygon2|100/100
|-ability|p1a: Xerneas|Fairy Aura
|-ability|p2a: Porygon2|Fairy Aura|[from] ability: Trace|[of] p1a: Xerneas
|-ability|p2a: Porygon2|Fairy Aura
|turn|1
|l| tyvesject
|
|t:|1610723181
|move|p1a: Xerneas|Geomancy||[still]
|-prepare|p1a: Xerneas|Geomancy
|-enditem|p1a: Xerneas|Power Herb
|-anim|p1a: Xerneas|Geomancy|p1a: Xerneas
|-boost|p1a: Xerneas|spa|2
|-boost|p1a: Xerneas|spd|2
|-boost|p1a: Xerneas|spe|2
|move|p2a: Porygon2|Trick Room|p2a: Porygon2
|-fieldstart|move: Trick Room|[of] p2a: Porygon2
|
|upkeep
|turn|2
|
|t:|1610723188
|move|p1a: Xerneas|Substitute|p1a: Xerneas
|-start|p1a: Xerneas|Substitute
|-damage|p1a: Xerneas|76/100
|move|p2a: Porygon2|Teleport|p2a: Porygon2
|
|t:|1610723195
|switch|p2a: Necrozma|Necrozma-Dusk-Mane|100/100|[from]move: Teleport
|
|upkeep
|turn|3
|
|t:|1610723201
|move|p2a: Necrozma|Sunsteel Strike|p1a: Xerneas
|-supereffective|p1a: Xerneas
|-end|p1a: Xerneas|Substitute
|move|p1a: Xerneas|Substitute|p1a: Xerneas
|-start|p1a: Xerneas|Substitute
|-damage|p1a: Xerneas|51/100
|
|upkeep
|turn|4
|
|t:|1610723209
|move|p2a: Necrozma|Sunsteel Strike|p1a: Xerneas
|-supereffective|p1a: Xerneas
|-end|p1a: Xerneas|Substitute
|move|p1a: Xerneas|Substitute|p1a: Xerneas
|-start|p1a: Xerneas|Substitute
|-damage|p1a: Xerneas|26/100
|
|upkeep
|turn|5
|
|t:|1610723218
|move|p2a: Necrozma|Sunsteel Strike|p1a: Xerneas
|-supereffective|p1a: Xerneas
|-crit|p1a: Xerneas
|-end|p1a: Xerneas|Substitute
|move|p1a: Xerneas|Substitute|p1a: Xerneas
|-start|p1a: Xerneas|Substitute
|-damage|p1a: Xerneas|1/100
|
|-fieldend|move: Trick Room
|upkeep
|turn|6
|
|t:|1610723230
|move|p1a: Xerneas|Moonblast|p2a: Necrozma
|-resisted|p2a: Necrozma
|-crit|p2a: Necrozma
|-damage|p2a: Necrozma|8/100
|move|p2a: Necrozma|Sunsteel Strike|p1a: Xerneas
|-supereffective|p1a: Xerneas
|-end|p1a: Xerneas|Substitute
|
|upkeep
|turn|7
|
|t:|1610723240
|move|p1a: Xerneas|Moonblast|p2a: Necrozma
|-resisted|p2a: Necrozma
|-damage|p2a: Necrozma|0 fnt
|faint|p2a: Necrozma
|
|upkeep
|
|t:|1610723252
|switch|p2a: Porygon2|Porygon2|100/100
|-ability|p2a: Porygon2|Fairy Aura|[from] ability: Trace|[of] p1a: Xerneas
|-ability|p2a: Porygon2|Fairy Aura
|turn|8
|
|t:|1610723259
|move|p1a: Xerneas|Moonblast|p2a: Porygon2
|-damage|p2a: Porygon2|31/100
|move|p2a: Porygon2|Trick Room|p2a: Porygon2
|-fieldstart|move: Trick Room|[of] p2a: Porygon2
|
|upkeep
|turn|9
|
|t:|1610723267
|move|p2a: Porygon2|Toxic|p1a: Xerneas
|-status|p1a: Xerneas|tox
|move|p1a: Xerneas|Moonblast|p2a: Porygon2
|-damage|p2a: Porygon2|0 fnt
|faint|p2a: Porygon2
|
|-damage|p1a: Xerneas|0 fnt|[from] psn
|faint|p1a: Xerneas
|upkeep
|
|t:|1610723281
|switch|p2a: Calyrex|Calyrex-Ice|100/100
|switch|p1a: Garchomp|Garchomp, M|100/100
|-ability|p2a: Calyrex|As One
|-ability|p2a: Calyrex|Unnerve|p1: UZ4 Hoenn 2
|turn|10
|
|t:|1610723291
|move|p1a: Garchomp|Endure|p1a: Garchomp
|-singleturn|p1a: Garchomp|move: Endure
|move|p2a: Calyrex|Glacial Lance|p1a: Garchomp
|-supereffective|p1a: Garchomp
|-activate|p1a: Garchomp|move: Endure
|-damage|p1a: Garchomp|1/100
|-damage|p2a: Calyrex|91/100|[from] item: Life Orb
|
|upkeep
|turn|11
|
|t:|1610723302
|switch|p1a: Regieleki|Regieleki|100/100
|move|p2a: Calyrex|High Horsepower|p1a: Regieleki
|-supereffective|p1a: Regieleki
|-damage|p1a: Regieleki|0 fnt
|-damage|p2a: Calyrex|81/100|[from] item: Life Orb
|faint|p1a: Regieleki
|-ability|p2a: Calyrex|Chilling Neigh|boost
|-boost|p2a: Calyrex|atk|1
|
|upkeep
|
|t:|1610723306
|switch|p1a: Garchomp|Garchomp, M|1/100
|turn|12
|
|t:|1610723321
|move|p2a: Calyrex|High Horsepower|p1a: Garchomp
|-damage|p1a: Garchomp|0 fnt
|-damage|p2a: Calyrex|68/100|[from] ability: Rough Skin|[of] p1a: Garchomp
|-damage|p2a: Calyrex|52/100|[from] item: Rocky Helmet|[of] p1a: Garchomp
|-damage|p2a: Calyrex|42/100|[from] item: Life Orb
|faint|p1a: Garchomp
|-ability|p2a: Calyrex|Chilling Neigh|boost
|-boost|p2a: Calyrex|atk|1
|
|-fieldend|move: Trick Room
|upkeep
|
|t:|1610723324
|switch|p1a: Ditto|Ditto|100/100
|-transform|p1a: Ditto|p2a: Calyrex|[from] ability: Imposter
|turn|13
|
|t:|1610723340
|switch|p2a: Yveltal|Yveltal|100/100
|-ability|p2a: Yveltal|Dark Aura
|move|p1a: Ditto|Glacial Lance|p2a: Yveltal
|-supereffective|p2a: Yveltal
|-damage|p2a: Yveltal|0 fnt
|faint|p2a: Yveltal
|-ability|p1a: Ditto|Chilling Neigh|boost
|-boost|p1a: Ditto|atk|1
|
|upkeep
|j| tyvesject
|
|t:|1610723350
|switch|p2a: Dracovish|Dracovish|100/100
|turn|14
|
|t:|1610723354
|move|p2a: Dracovish|Fishious Rend|p1a: Ditto
|-damage|p1a: Ditto|0 fnt
|faint|p1a: Ditto
|
|upkeep
|inactive|UZ4 Hoenn 2 has 120 seconds left.
|
|t:|1610723408
|switch|p1a: Zamazenta-Crowned.|Zacian-Crowned|100/100
|-ability|p1a: Zamazenta-Crowned.|Intrepid Sword|boost
|-boost|p1a: Zamazenta-Crowned.|atk|1
|turn|15
|
|t:|1610723413
|move|p1a: Zamazenta-Crowned.|Behemoth Blade|p2a: Dracovish
|-resisted|p2a: Dracovish
|-damage|p2a: Dracovish|56/100
|move|p2a: Dracovish|Fishious Rend|p1a: Zamazenta-Crowned.
|-damage|p1a: Zamazenta-Crowned.|16/100
|
|upkeep
|turn|16
|
|t:|1610723425
|switch|p2a: Calyrex|Calyrex-Ice|42/100
|-ability|p2a: Calyrex|As One
|-ability|p2a: Calyrex|Unnerve|p1: UZ4 Hoenn 2
|move|p1a: Zamazenta-Crowned.|Behemoth Blade|p2a: Calyrex
|-supereffective|p2a: Calyrex
|-damage|p2a: Calyrex|0 fnt
|faint|p2a: Calyrex
|
|upkeep
|
|t:|1610723438
|switch|p2a: Ditto|Ditto|100/100
|-transform|p2a: Ditto|p1a: Zamazenta-Crowned.|[from] ability: Imposter
|-ability|p2a: Ditto|Intrepid Sword|boost
|-boost|p2a: Ditto|atk|1
|turn|17
|j| GoudonRockpolish
|inactive|UZ4 Hoenn 2 has 120 seconds left.
|
|t:|1610723447
|move|p2a: Ditto|Behemoth Blade|p1a: Zamazenta-Crowned.
|-damage|p1a: Zamazenta-Crowned.|0 fnt
|faint|p1a: Zamazenta-Crowned.
|
|upkeep
|
|t:|1610723449
|switch|p1a: Ditto.|Calyrex-Shadow|100/100
|-ability|p1a: Ditto.|As One
|-ability|p1a: Ditto.|Unnerve|p2: outw CynthiaFleur
|turn|18
|
|t:|1610723457
|move|p2a: Ditto|Behemoth Blade|p1a: Ditto.
|-enditem|p1a: Ditto.|Focus Sash
|-damage|p1a: Ditto.|1/100
|move|p1a: Ditto.|Astral Barrage|p2a: Ditto
|-damage|p2a: Ditto|28/100
|
|upkeep
|turn|19
|
|t:|1610723467
|move|p2a: Ditto|Behemoth Blade|p1a: Ditto.
|-damage|p1a: Ditto.|0 fnt
|faint|p1a: Ditto.
|
|win|outw CynthiaFleur
|l|☆UZ4 Hoenn 2
|c|☆outw CynthiaFleur|Gg
|c|☆outw CynthiaFleur|Win to a Uz4
||Ladder (probably) updated, but score could not be retrieved (Request timeout).
