|j|☆Ladder Sets Only
|j|☆Rell27
|t:|1608445963
|player|p1|Ladder Sets Only|unknown|1612
|player|p2|Rell27|170|1607
|teamsize|p1|6
|teamsize|p2|6
|gametype|singles
|gen|8
|tier|[Gen 8] Ubers
|rated|
|clearpoke
|poke|p1|Kyogre|
|poke|p1|Zacian-Crowned|
|poke|p1|Eternatus|
|poke|p1|Necrozma-Dusk-Mane|
|poke|p1|Yveltal|
|poke|p1|Calyrex-Shadow|
|poke|p2|Kyogre|
|poke|p2|Yveltal|
|poke|p2|Eternatus|
|poke|p2|Necrozma-Dusk-Mane|
|poke|p2|Calyrex-Shadow|
|poke|p2|Zacian-Crowned|
|rule|Sleep Clause Mod: Limit one foe put to sleep
|rule|Species Clause: Limit one of each Pokémon
|rule|OHKO Clause: OHKO moves are banned
|rule|Evasion Moves Clause: Evasion moves are banned
|rule|Endless Battle Clause: Forcing endless battles is banned
|rule|HP Percentage Mod: HP is shown in percentages
|rule|Dynamax Clause: You cannot dynamax
|teampreview
|inactive|Battle timer is ON: inactive players will automatically lose when time's up. (requested by Ladder Sets Only)
|inactive|Ladder Sets Only has 120 seconds left.
|
|t:|1608446002
|start
|switch|p1a: Eternatus|Eternatus|100/100
|switch|p2a: Calyrex|Calyrex-Shadow|100/100
|-ability|p2a: Calyrex|As One
|-ability|p2a: Calyrex|Unnerve|p1: Ladder Sets Only
|-ability|p1a: Eternatus|Pressure
|turn|1
|
|t:|1608446026
|switch|p2a: Zacian|Zacian-Crowned|100/100
|-ability|p2a: Zacian|Intrepid Sword|boost
|-boost|p2a: Zacian|atk|1
|move|p1a: Eternatus|Dynamax Cannon|p2a: Zacian
|-immune|p2a: Zacian
|
|upkeep
|turn|2
|
|t:|1608446033
|switch|p1a: Necrozma|Necrozma-Dusk-Mane|100/100
|move|p2a: Zacian|Play Rough|p1a: Necrozma
|-resisted|p1a: Necrozma
|-damage|p1a: Necrozma|75/100
|-unboost|p1a: Necrozma|atk|1
|-damage|p2a: Zacian|84/100|[from] item: Rocky Helmet|[of] p1a: Necrozma
|
|upkeep
|turn|3
|
|t:|1608446043
|switch|p2a: Kyogre|Kyogre|100/100
|-weather|RainDance|[from] ability: Drizzle|[of] p2a: Kyogre
|move|p1a: Necrozma|Stealth Rock|p2a: Kyogre
|-sidestart|p2: Rell27|move: Stealth Rock
|
|-weather|RainDance|[upkeep]
|upkeep
|turn|4
|
|t:|1608446070
|move|p2a: Kyogre|Water Spout|p1a: Necrozma
|-damage|p1a: Necrozma|0 fnt
|faint|p1a: Necrozma
|
|-weather|RainDance|[upkeep]
|upkeep
|inactive|Ladder Sets Only has 120 seconds left.
|
|t:|1608446088
|switch|p1a: Zacian|Zacian-Crowned|100/100
|-ability|p1a: Zacian|Intrepid Sword|boost
|-boost|p1a: Zacian|atk|1
|turn|5
|
|t:|1608446094
|switch|p2a: Necrozma|Necrozma-Dusk-Mane|100/100
|-damage|p2a: Necrozma|94/100|[from] Stealth Rock
|move|p1a: Zacian|Assurance|p2a: Necrozma
|-supereffective|p2a: Necrozma
|-damage|p2a: Necrozma|14/100
|-enditem|p2a: Necrozma|Weakness Policy
|-boost|p2a: Necrozma|atk|2|[from] item: Weakness Policy
|-boost|p2a: Necrozma|spa|2|[from] item: Weakness Policy
|
|-weather|RainDance|[upkeep]
|upkeep
|turn|6
|
|t:|1608446102
|move|p1a: Zacian|Assurance|p2a: Necrozma
|-supereffective|p2a: Necrozma
|-damage|p2a: Necrozma|0 fnt
|faint|p2a: Necrozma
|
|-weather|RainDance|[upkeep]
|upkeep
|
|t:|1608446108
|switch|p2a: Kyogre|Kyogre|100/100
|-damage|p2a: Kyogre|88/100|[from] Stealth Rock
|turn|7
|
|t:|1608446113
|move|p1a: Zacian|Wild Charge|p2a: Kyogre
|-supereffective|p2a: Kyogre
|-damage|p2a: Kyogre|0 fnt
|-damage|p1a: Zacian|78/100|[from] Recoil
|faint|p2a: Kyogre
|
|-weather|none
|upkeep
|
|t:|1608446120
|switch|p2a: Eternatus|Eternatus|100/100
|-damage|p2a: Eternatus|88/100|[from] Stealth Rock
|-ability|p2a: Eternatus|Pressure
|turn|8
|
|t:|1608446146
|switch|p1a: Kyogre|Kyogre|100/100
|-weather|RainDance|[from] ability: Drizzle|[of] p1a: Kyogre
|move|p2a: Eternatus|Flamethrower|p1a: Kyogre
|-resisted|p1a: Kyogre
|-damage|p1a: Kyogre|93/100
|-damage|p2a: Eternatus|78/100|[from] item: Life Orb
|
|-weather|RainDance|[upkeep]
|upkeep
|turn|9
|
|t:|1608446173
|move|p1a: Kyogre|Ice Beam|p2a: Eternatus
|-supereffective|p2a: Eternatus
|-damage|p2a: Eternatus|29/100
|move|p2a: Eternatus|Dynamax Cannon|p1a: Kyogre
|-damage|p1a: Kyogre|41/100
|-damage|p2a: Eternatus|19/100|[from] item: Life Orb
|
|-weather|RainDance|[upkeep]
|upkeep
|turn|10
|
|t:|1608446180
|switch|p2a: Zacian|Zacian-Crowned|84/100
|-damage|p2a: Zacian|78/100|[from] Stealth Rock
|-ability|p2a: Zacian|Intrepid Sword|boost
|-boost|p2a: Zacian|atk|1
|move|p1a: Kyogre|Ice Beam|p2a: Zacian
|-resisted|p2a: Zacian
|-damage|p2a: Zacian|63/100
|
|-weather|RainDance|[upkeep]
|upkeep
|turn|11
|
|t:|1608446199
|switch|p1a: Eternatus|Eternatus|100/100
|-ability|p1a: Eternatus|Pressure
|move|p2a: Zacian|Agility|p2a: Zacian
|-boost|p2a: Zacian|spe|2
|
|-weather|RainDance|[upkeep]
|upkeep
|turn|12
|inactive|Ladder Sets Only has 120 seconds left.
|
|t:|1608446243
|move|p2a: Zacian|Behemoth Blade|p1a: Eternatus
|-damage|p1a: Eternatus|22/100
|move|p1a: Eternatus|Recover|p1a: Eternatus
|-heal|p1a: Eternatus|72/100
|
|-weather|none
|-heal|p1a: Eternatus|79/100|[from] item: Black Sludge
|upkeep
|turn|13
|
|t:|1608446264
|move|p2a: Zacian|Behemoth Blade|p1a: Eternatus
|-damage|p1a: Eternatus|4/100
|move|p1a: Eternatus|Flamethrower|p2a: Zacian
|-supereffective|p2a: Zacian
|-damage|p2a: Zacian|13/100
|
|-heal|p1a: Eternatus|10/100|[from] item: Black Sludge
|upkeep
|turn|14
|
|t:|1608446277
|move|p2a: Zacian|Behemoth Blade|p1a: Eternatus
|-damage|p1a: Eternatus|0 fnt
|faint|p1a: Eternatus
|
|upkeep
|inactive|Ladder Sets Only has 90 seconds left.
|inactive|Ladder Sets Only has 60 seconds left.
|
|t:|1608446343
|switch|p1a: Yveltal|Yveltal|100/100
|-ability|p1a: Yveltal|Dark Aura
|turn|15
|
|t:|1608446348
|move|p2a: Zacian|Behemoth Blade|p1a: Yveltal
|-damage|p1a: Yveltal|19/100
|move|p1a: Yveltal|Foul Play|p2a: Zacian
|-resisted|p2a: Zacian
|-damage|p2a: Zacian|0 fnt
|faint|p2a: Zacian
|
|upkeep
|
|t:|1608446354
|switch|p2a: Yveltal|Yveltal|100/100
|-damage|p2a: Yveltal|76/100|[from] Stealth Rock
|-ability|p2a: Yveltal|Dark Aura
|turn|16
|
|t:|1608446368
|move|p1a: Yveltal|Roost|p1a: Yveltal
|-heal|p1a: Yveltal|69/100
|-singleturn|p1a: Yveltal|move: Roost
|move|p2a: Yveltal|Oblivion Wing|p1a: Yveltal
|-damage|p1a: Yveltal|37/100
|-heal|p2a: Yveltal|100/100|[from] drain|[of] p1a: Yveltal
|-damage|p2a: Yveltal|91/100|[from] item: Life Orb
|
|upkeep
|turn|17
|
|t:|1608446376
|move|p1a: Yveltal|Roost|p1a: Yveltal
|-heal|p1a: Yveltal|87/100
|-singleturn|p1a: Yveltal|move: Roost
|move|p2a: Yveltal|Knock Off|p1a: Yveltal
|-resisted|p1a: Yveltal
|-damage|p1a: Yveltal|52/100
|-enditem|p1a: Yveltal|Heavy-Duty Boots|[from] move: Knock Off|[of] p2a: Yveltal
|-damage|p2a: Yveltal|81/100|[from] item: Life Orb
|
|upkeep
|turn|18
|
|t:|1608446382
|move|p1a: Yveltal|Roost|p1a: Yveltal
|-heal|p1a: Yveltal|100/100
|-singleturn|p1a: Yveltal|move: Roost
|move|p2a: Yveltal|Oblivion Wing|p1a: Yveltal
|-damage|p1a: Yveltal|64/100
|-heal|p2a: Yveltal|100/100|[from] drain|[of] p1a: Yveltal
|-damage|p2a: Yveltal|91/100|[from] item: Life Orb
|
|upkeep
|turn|19
|
|t:|1608446388
|move|p1a: Yveltal|Knock Off|p2a: Yveltal
|-resisted|p2a: Yveltal
|-damage|p2a: Yveltal|66/100
|-enditem|p2a: Yveltal|Life Orb|[from] move: Knock Off|[of] p1a: Yveltal
|move|p2a: Yveltal|Oblivion Wing|p1a: Yveltal
|-damage|p1a: Yveltal|38/100
|-heal|p2a: Yveltal|88/100|[from] drain|[of] p1a: Yveltal
|
|upkeep
|turn|20
|inactive|Ladder Sets Only has 90 seconds left.
|
|t:|1608446394
|move|p1a: Yveltal|Roost|p1a: Yveltal
|-heal|p1a: Yveltal|88/100
|-singleturn|p1a: Yveltal|move: Roost
|move|p2a: Yveltal|Oblivion Wing|p1a: Yveltal
|-damage|p1a: Yveltal|61/100
|-heal|p2a: Yveltal|100/100|[from] drain|[of] p1a: Yveltal
|
|upkeep
|turn|21
|inactive|Ladder Sets Only has 90 seconds left.
|j| Strawberries uwu
|
|t:|1608446433
|move|p1a: Yveltal|Roost|p1a: Yveltal
|-heal|p1a: Yveltal|100/100
|-singleturn|p1a: Yveltal|move: Roost
|move|p2a: Yveltal|Oblivion Wing|p1a: Yveltal
|-damage|p1a: Yveltal|73/100
|
|upkeep
|turn|22
|
|t:|1608446441
|switch|p1a: Zacian|Zacian-Crowned|78/100
|-ability|p1a: Zacian|Intrepid Sword|boost
|-boost|p1a: Zacian|atk|1
|move|p2a: Yveltal|Oblivion Wing|p1a: Zacian
|-resisted|p1a: Zacian
|-damage|p1a: Zacian|65/100
|
|upkeep
|turn|23
|
|t:|1608446449
|move|p2a: Yveltal|Sucker Punch|p1a: Zacian
|-resisted|p1a: Zacian
|-damage|p1a: Zacian|45/100
|move|p1a: Zacian|Play Rough|p2a: Yveltal
|-supereffective|p2a: Yveltal
|-damage|p2a: Yveltal|0 fnt
|faint|p2a: Yveltal
|
|upkeep
|
|t:|1608446452
|switch|p2a: Calyrex|Calyrex-Shadow|100/100
|-ability|p2a: Calyrex|As One
|-ability|p2a: Calyrex|Unnerve|p1: Ladder Sets Only
|-damage|p2a: Calyrex|88/100|[from] Stealth Rock
|turn|24
|
|t:|1608446464
|switch|p2a: Eternatus|Eternatus|19/100
|-damage|p2a: Eternatus|7/100|[from] Stealth Rock
|-ability|p2a: Eternatus|Pressure
|move|p1a: Zacian|Assurance|p2a: Eternatus
|-damage|p2a: Eternatus|0 fnt
|faint|p2a: Eternatus
|
|upkeep
|-message|Rell27 forfeited.
|
|win|Ladder Sets Only
|l|☆Rell27
|raw|Ladder Sets Only's rating: 1612 &rarr; <strong>1631</strong><br />(+19 for winning)
|raw|Rell27's rating: 1607 &rarr; <strong>1587</strong><br />(-20 for losing)
