|j|☆OhHiMark493
|j|☆Rhmsitb
|inactive|Battle timer is ON: inactive players will automatically lose when time's up.
|t:|1629454021
|gametype|singles
|player|p1|OhHiMark493|blue|
|player|p2|Rhmsitb|unknown|
|teamsize|p1|6
|teamsize|p2|6
|gen|8
|tier|[Gen 8] Ubers
|rated|Tournament battle
|rule|Sleep Clause Mod: Limit one foe put to sleep
|rule|Species Clause: Limit one of each Pokémon
|rule|OHKO Clause: OHKO moves are banned
|rule|Evasion Moves Clause: Evasion moves are banned
|rule|Endless Battle Clause: Forcing endless battles is banned
|rule|HP Percentage Mod: HP is shown in percentages
|rule|Dynamax Clause: You cannot dynamax
|clearpoke
|poke|p1|Slurpuff, M|
|poke|p1|Eternatus|
|poke|p1|Yveltal|
|poke|p1|Necrozma-Dusk-Mane|
|poke|p1|Kyogre|
|poke|p1|Calyrex-Shadow|
|poke|p2|Excadrill, M|
|poke|p2|Grimmsnarl, M|
|poke|p2|Xerneas-*|
|poke|p2|Necrozma-Dusk-Mane|
|poke|p2|Zekrom|
|poke|p2|Zygarde|
|teampreview
|j|*Lady Monita
|inactive|OhHiMark493 also wants the timer to be on.
|j| Viranch showdown
|j| TNTplsyz
|j| Teja gaming
|
|t:|1629454028
|start
|switch|p1a: Slurpuff|Slurpuff, M|100/100
|switch|p2a: Excadrill|Excadrill, M|100/100
|-ability|p2a: Excadrill|Mold Breaker
|turn|1
|
|t:|1629454034
|move|p1a: Slurpuff|Yawn|p2a: Excadrill
|-start|p2a: Excadrill|move: Yawn|[of] p1a: Slurpuff
|move|p2a: Excadrill|Stealth Rock|p1a: Slurpuff
|-sidestart|p1: OhHiMark493|move: Stealth Rock
|
|upkeep
|turn|2
|
|t:|1629454042
|move|p1a: Slurpuff|Sticky Web|p2a: Excadrill
|-sidestart|p2: Rhmsitb|move: Sticky Web
|move|p2a: Excadrill|Steel Beam|p1a: Slurpuff
|-supereffective|p1a: Slurpuff
|-damage|p1a: Slurpuff|33/100
|-damage|p2a: Excadrill|50/100|[from] mindblown
|
|-end|p2a: Excadrill|move: Yawn|[silent]
|-status|p2a: Excadrill|slp
|upkeep
|turn|3
|
|t:|1629454050
|move|p1a: Slurpuff|Misty Explosion|p2a: Excadrill
|-resisted|p2a: Excadrill
|-damage|p2a: Excadrill|22/100 slp
|faint|p1a: Slurpuff
|cant|p2a: Excadrill|slp
|
|upkeep
|
|t:|1629454056
|switch|p1a: Eternatus|Eternatus|100/100
|-damage|p1a: Eternatus|88/100|[from] Stealth Rock
|-ability|p1a: Eternatus|Pressure
|turn|4
|j| abhishek77123
|j| oreotrague
|inactive|Rhmsitb has 120 seconds left.
|inactive|Rhmsitb has 90 seconds left.
|
|t:|1629454127
|move|p1a: Eternatus|Meteor Beam||[still]
|-prepare|p1a: Eternatus|Meteor Beam
|-boost|p1a: Eternatus|spa|1
|-enditem|p1a: Eternatus|Power Herb
|-anim|p1a: Eternatus|Meteor Beam|p2a: Excadrill
|-resisted|p2a: Excadrill
|-damage|p2a: Excadrill|0 fnt
|faint|p2a: Excadrill
|
|upkeep
|
|t:|1629454133
|switch|p2a: Necrozma|Necrozma-Dusk-Mane|100/100
|-activate|p2a: Necrozma|move: Sticky Web
|-unboost|p2a: Necrozma|spe|1
|turn|5
|
|t:|1629454137
|move|p1a: Eternatus|Flamethrower|p2a: Necrozma
|-supereffective|p2a: Necrozma
|-damage|p2a: Necrozma|30/100
|-enditem|p2a: Necrozma|Weakness Policy
|-boost|p2a: Necrozma|atk|2|[from] item: Weakness Policy
|-boost|p2a: Necrozma|spa|2|[from] item: Weakness Policy
|move|p2a: Necrozma|Trick Room|p2a: Necrozma
|-fieldstart|move: Trick Room|[of] p2a: Necrozma
|
|upkeep
|turn|6
|
|t:|1629454144
|move|p2a: Necrozma|Sunsteel Strike|p1a: Eternatus
|-damage|p1a: Eternatus|0 fnt
|faint|p1a: Eternatus
|
|upkeep
|
|t:|1629454147
|switch|p1a: Yveltal|Yveltal|100/100
|-damage|p1a: Yveltal|76/100|[from] Stealth Rock
|-ability|p1a: Yveltal|Dark Aura
|turn|7
|
|t:|1629454151
|move|p1a: Yveltal|Sucker Punch|p2a: Necrozma
|-supereffective|p2a: Necrozma
|-damage|p2a: Necrozma|0 fnt
|faint|p2a: Necrozma
|-damage|p1a: Yveltal|66/100|[from] item: Life Orb
|
|upkeep
|
|t:|1629454154
|switch|p2a: Xerneas|Xerneas|100/100
|-activate|p2a: Xerneas|move: Sticky Web
|-unboost|p2a: Xerneas|spe|1
|-ability|p2a: Xerneas|Fairy Aura
|turn|8
|
|t:|1629454161
|move|p2a: Xerneas|Geomancy||[still]
|-prepare|p2a: Xerneas|Geomancy
|-enditem|p2a: Xerneas|Power Herb
|-anim|p2a: Xerneas|Geomancy|p2a: Xerneas
|-boost|p2a: Xerneas|spa|2
|-boost|p2a: Xerneas|spd|2
|-boost|p2a: Xerneas|spe|2
|move|p1a: Yveltal|Oblivion Wing|p2a: Xerneas
|-damage|p2a: Xerneas|77/100
|-heal|p1a: Yveltal|83/100|[from] drain|[of] p2a: Xerneas
|-damage|p1a: Yveltal|73/100|[from] item: Life Orb
|
|upkeep
|turn|9
|
|t:|1629454170
|move|p1a: Yveltal|Oblivion Wing|p2a: Xerneas
|-damage|p2a: Xerneas|54/100
|-heal|p1a: Yveltal|91/100|[from] drain|[of] p2a: Xerneas
|-damage|p1a: Yveltal|81/100|[from] item: Life Orb
|move|p2a: Xerneas|Moonblast|p1a: Yveltal
|-supereffective|p1a: Yveltal
|-damage|p1a: Yveltal|0 fnt
|faint|p1a: Yveltal
|
|-fieldend|move: Trick Room
|upkeep
|
|t:|1629454181
|switch|p1a: Necrozma|Necrozma-Dusk-Mane|100/100
|-damage|p1a: Necrozma|94/100|[from] Stealth Rock
|turn|10
|
|t:|1629454186
|move|p2a: Xerneas|Focus Blast|p1a: Necrozma|[miss]
|-miss|p2a: Xerneas|p1a: Necrozma
|move|p1a: Necrozma|Sunsteel Strike|p2a: Xerneas
|-supereffective|p2a: Xerneas
|-damage|p2a: Xerneas|0 fnt
|faint|p2a: Xerneas
|-damage|p1a: Necrozma|85/100|[from] item: Life Orb
|
|upkeep
|
|t:|1629454191
|switch|p2a: Zygarde|Zygarde|100/100
|-activate|p2a: Zygarde|move: Sticky Web
|-unboost|p2a: Zygarde|spe|1
|turn|11
|
|t:|1629454201
|switch|p1a: Kyogre|Kyogre|100/100
|-damage|p1a: Kyogre|88/100|[from] Stealth Rock
|-weather|RainDance|[from] ability: Drizzle|[of] p1a: Kyogre
|move|p2a: Zygarde|Glare|p1a: Kyogre
|-status|p1a: Kyogre|par
|
|-weather|RainDance|[upkeep]
|upkeep
|turn|12
|
|t:|1629454205
|move|p2a: Zygarde|Substitute|p2a: Zygarde
|-start|p2a: Zygarde|Substitute
|-damage|p2a: Zygarde|76/100
|move|p1a: Kyogre|Ice Beam|p2a: Zygarde
|-supereffective|p2a: Zygarde
|-end|p2a: Zygarde|Substitute
|
|-weather|RainDance|[upkeep]
|-heal|p2a: Zygarde|82/100|[from] item: Leftovers
|upkeep
|turn|13
|
|t:|1629454211
|move|p2a: Zygarde|Substitute|p2a: Zygarde
|-start|p2a: Zygarde|Substitute
|-damage|p2a: Zygarde|57/100
|move|p1a: Kyogre|Ice Beam|p2a: Zygarde
|-supereffective|p2a: Zygarde
|-end|p2a: Zygarde|Substitute
|
|-weather|RainDance|[upkeep]
|-heal|p2a: Zygarde|63/100|[from] item: Leftovers
|upkeep
|turn|14
|
|t:|1629454218
|move|p2a: Zygarde|Substitute|p2a: Zygarde
|-start|p2a: Zygarde|Substitute
|-damage|p2a: Zygarde|38/100
|cant|p1a: Kyogre|par
|
|-weather|RainDance|[upkeep]
|-heal|p2a: Zygarde|44/100|[from] item: Leftovers
|-activate|p2a: Zygarde|ability: Power Construct
|detailschange|p2a: Zygarde|Zygarde-Complete
|-heal|p2a: Zygarde|65/100|[silent]
|upkeep
|turn|15
|
|t:|1629454222
|move|p2a: Zygarde|Dragon Dance|p2a: Zygarde
|-boost|p2a: Zygarde|atk|1
|-boost|p2a: Zygarde|spe|1
|move|p1a: Kyogre|Ice Beam|p2a: Zygarde
|-supereffective|p2a: Zygarde
|-end|p2a: Zygarde|Substitute
|
|-weather|none
|-heal|p2a: Zygarde|72/100|[from] item: Leftovers
|upkeep
|turn|16
|
|t:|1629454226
|move|p2a: Zygarde|Substitute|p2a: Zygarde
|-start|p2a: Zygarde|Substitute
|-damage|p2a: Zygarde|47/100
|move|p1a: Kyogre|Ice Beam|p2a: Zygarde
|-supereffective|p2a: Zygarde
|-end|p2a: Zygarde|Substitute
|
|-heal|p2a: Zygarde|53/100|[from] item: Leftovers
|upkeep
|turn|17
|
|t:|1629454231
|move|p2a: Zygarde|Substitute|p2a: Zygarde
|-start|p2a: Zygarde|Substitute
|-damage|p2a: Zygarde|28/100
|move|p1a: Kyogre|Ice Beam|p2a: Zygarde
|-supereffective|p2a: Zygarde
|-end|p2a: Zygarde|Substitute
|
|-heal|p2a: Zygarde|34/100|[from] item: Leftovers
|upkeep
|turn|18
|
|t:|1629454236
|move|p2a: Zygarde|Substitute|p2a: Zygarde
|-start|p2a: Zygarde|Substitute
|-damage|p2a: Zygarde|9/100
|cant|p1a: Kyogre|par
|
|-heal|p2a: Zygarde|15/100|[from] item: Leftovers
|upkeep
|turn|19
|
|t:|1629454240
|move|p2a: Zygarde|Thousand Arrows|p1a: Kyogre
|-damage|p1a: Kyogre|22/100 par
|move|p1a: Kyogre|Ice Beam|p2a: Zygarde
|-supereffective|p2a: Zygarde
|-end|p2a: Zygarde|Substitute
|
|-heal|p2a: Zygarde|21/100|[from] item: Leftovers
|upkeep
|turn|20
|
|t:|1629454245
|move|p2a: Zygarde|Thousand Arrows|p1a: Kyogre
|-damage|p1a: Kyogre|0 fnt
|faint|p1a: Kyogre
|
|-heal|p2a: Zygarde|27/100|[from] item: Leftovers
|upkeep
|
|t:|1629454248
|switch|p1a: Calyrex|Calyrex-Shadow|100/100
|-ability|p1a: Calyrex|As One
|-ability|p1a: Calyrex|Unnerve
|-damage|p1a: Calyrex|88/100|[from] Stealth Rock
|turn|21
|
|t:|1629454255
|switch|p2a: Grimmsnarl|Grimmsnarl, M|100/100
|-activate|p2a: Grimmsnarl|move: Sticky Web
|-unboost|p2a: Grimmsnarl|spe|1
|move|p1a: Calyrex|Draining Kiss|p2a: Grimmsnarl
|-supereffective|p2a: Grimmsnarl
|-damage|p2a: Grimmsnarl|73/100
|-heal|p1a: Calyrex|100/100|[from] drain|[of] p2a: Grimmsnarl
|
|upkeep
|turn|22
|j| PG(^^)JMX
|
|t:|1629454266
|move|p2a: Grimmsnarl|Thunder Wave|p1a: Calyrex
|-status|p1a: Calyrex|par
|move|p1a: Calyrex|Nasty Plot|p1a: Calyrex
|-boost|p1a: Calyrex|spa|2
|
|upkeep
|turn|23
|j| s1mpp
|inactive|Rhmsitb has 120 seconds left.
|
|t:|1629454298
|move|p2a: Grimmsnarl|Light Screen|p2a: Grimmsnarl
|-sidestart|p2: Rhmsitb|move: Light Screen
|cant|p1a: Calyrex|par
|
|upkeep
|turn|24
|c| s1mpp|goooo rhmsitb
|
|t:|1629454302
|move|p2a: Grimmsnarl|Taunt|p1a: Calyrex
|-start|p1a: Calyrex|move: Taunt
|cant|p1a: Calyrex|move: Taunt|Nasty Plot
|
|upkeep
|turn|25
|
|t:|1629454309
|move|p2a: Grimmsnarl|Reflect|p2a: Grimmsnarl
|-sidestart|p2: Rhmsitb|Reflect
|move|p1a: Calyrex|Draining Kiss|p2a: Grimmsnarl
|-supereffective|p2a: Grimmsnarl
|-damage|p2a: Grimmsnarl|43/100
|
|upkeep
|turn|26
|c| TNTplsyz|go ohhi
|
|t:|1629454320
|switch|p2a: Zygarde|Zygarde-Complete|27/100
|-activate|p2a: Zygarde|move: Sticky Web
|-unboost|p2a: Zygarde|spe|1
|move|p1a: Calyrex|Draining Kiss|p2a: Zygarde
|-supereffective|p2a: Zygarde
|-damage|p2a: Zygarde|2/100
|
|-heal|p2a: Zygarde|8/100|[from] item: Leftovers
|-end|p1a: Calyrex|move: Taunt
|upkeep
|turn|27
|
|t:|1629454327
|cant|p1a: Calyrex|par
|move|p2a: Zygarde|Thousand Arrows|p1a: Calyrex
|-damage|p1a: Calyrex|50/100 par
|
|-heal|p2a: Zygarde|14/100|[from] item: Leftovers
|upkeep
|turn|28
|
|t:|1629454332
|move|p1a: Calyrex|Draining Kiss|p2a: Zygarde
|-supereffective|p2a: Zygarde
|-damage|p2a: Zygarde|0 fnt
|-heal|p1a: Calyrex|67/100 par|[from] drain|[of] p2a: Zygarde
|faint|p2a: Zygarde
|-ability|p1a: Calyrex|Grim Neigh|boost
|-boost|p1a: Calyrex|spa|1
|
|upkeep
|
|t:|1629454335
|switch|p2a: Zekrom|Zekrom|100/100
|-activate|p2a: Zekrom|move: Sticky Web
|-unboost|p2a: Zekrom|spe|1
|-ability|p2a: Zekrom|Teravolt
|turn|29
|
|t:|1629454340
|move|p1a: Calyrex|Astral Barrage|p2a: Zekrom
|-damage|p2a: Zekrom|5/100
|move|p2a: Zekrom|Dragon Dance|p2a: Zekrom
|-boost|p2a: Zekrom|atk|1
|-boost|p2a: Zekrom|spe|1
|
|upkeep
|turn|30
|c|☆Rhmsitb|gg
|
|t:|1629454349
|move|p2a: Zekrom|Dragon Claw|p1a: Calyrex
|-damage|p1a: Calyrex|0 fnt
|faint|p1a: Calyrex
|-damage|p2a: Zekrom|0 fnt|[from] item: Life Orb
|faint|p2a: Zekrom
|
|-sideend|p2: Rhmsitb|move: Light Screen
|upkeep
|c|☆Rhmsitb|gg
|c|☆OhHiMark493|gg
|l|☆Rhmsitb
|inactive|Rhmsitb disconnected and has a minute to reconnect!
|player|p2|
|c| TNTplsyz|oooh
|c| TNTplsyz|wait y?
|j|☆Rhmsitb
|inactive|Rhmsitb reconnected and has 135 seconds left.
|player|p2|Rhmsitb|unknown
|l| s1mpp
|c| TNTplsyz|ioh wait
|-message|Rhmsitb forfeited.
|
|win|OhHiMark493
|n|☆OhHiMark493|ohhimark493
|n|*Lady Monita|ladymonita
|n| Viranch showdown|viranchshowdown
|n| TNTplsyz|tntplsyz
|n| Teja gaming|tejagaming
|n| abhishek77123|abhishek77123
|n| oreotrague|oreotrague
|n| PG(^^)JMX|pgjmx
|n|☆Rhmsitb|rhmsitb
