|j|☆Chunkomucho
|j|☆SawFan666555444
|player|p1|Chunkomucho|erika|
|player|p2|SawFan666555444|dragontamer|
|teamsize|p1|6
|teamsize|p2|6
|gametype|singles
|gen|8
|tier|[Gen 8] Ubers
|clearpoke
|poke|p1|Hatterene, F|
|poke|p1|Corviknight, M|
|poke|p1|Quagsire, M|
|poke|p1|Tyranitar, M|
|poke|p1|Ditto|
|poke|p1|Urshifu-*, M|
|poke|p2|Corviknight, M|
|poke|p2|Rotom-Heat|
|poke|p2|Tyranitar, F|
|poke|p2|Ferrothorn, M|
|poke|p2|Eternatus|
|poke|p2|Dragapult, F|
|rule|Sleep Clause Mod: Limit one foe put to sleep
|rule|Species Clause: Limit one of each Pokémon
|rule|OHKO Clause: OHKO moves are banned
|rule|Evasion Moves Clause: Evasion moves are banned
|rule|Endless Battle Clause: Forcing endless battles is banned
|rule|HP Percentage Mod: HP is shown in percentages
|html|Ubers Dynamax Clause: Pokémon on the <a href="https://www.smogon.com/dex/ss/formats/uber/">Ubers Dynamax Banlist</a> cannot Dynamax.
|teampreview
|inactive|Battle timer is ON: inactive players will automatically lose when time's up. (requested by Chunkomucho)
|
|start
|switch|p1a: Urshifu|Urshifu, M|100/100
|switch|p2a: Grassmine|Ferrothorn, M|100/100
|turn|1
|
|move|p1a: Urshifu|Close Combat|p2a: Grassmine
|-supereffective|p2a: Grassmine
|-damage|p2a: Grassmine|1/100
|-unboost|p1a: Urshifu|def|1
|-unboost|p1a: Urshifu|spd|1
|-damage|p1a: Urshifu|88/100|[from] ability: Iron Barbs|[of] p2a: Grassmine
|move|p2a: Grassmine|Knock Off|p1a: Urshifu
|-resisted|p1a: Urshifu
|-damage|p1a: Urshifu|80/100
|-enditem|p1a: Urshifu|Choice Band|[from] move: Knock Off|[of] p2a: Grassmine
|
|-heal|p2a: Grassmine|7/100|[from] item: Leftovers
|upkeep
|turn|2
|inactive|SawFan666555444 has 270 seconds left.
|
|move|p1a: Urshifu|Wicked Blow|p2a: Grassmine
|-crit|p2a: Grassmine
|-damage|p2a: Grassmine|0 fnt
|-damage|p1a: Urshifu|68/100|[from] ability: Iron Barbs|[of] p2a: Grassmine
|faint|p2a: Grassmine
|
|upkeep
|inactive|SawFan666555444 has 270 seconds left.
|
|switch|p2a: Metaknight|Corviknight, M, shiny|100/100
|-ability|p2a: Metaknight|Pressure
|turn|3
|inactive|SawFan666555444 has 270 seconds left.
|
|switch|p1a: Corviknight|Corviknight, M|100/100
|-ability|p1a: Corviknight|Pressure
|-start|p2a: Metaknight|Dynamax
|-heal|p2a: Metaknight|100/100|[silent]
|move|p2a: Metaknight|Max Knuckle|p1a: Corviknight
|-damage|p1a: Corviknight|90/100
|-boost|p2a: Metaknight|atk|1
|
|upkeep
|turn|4
|inactive|SawFan666555444 has 270 seconds left.
|
|move|p2a: Metaknight|Max Flutterby|p1a: Corviknight
|-resisted|p1a: Corviknight
|-damage|p1a: Corviknight|85/100
|-unboost|p1a: Corviknight|spa|1
|move|p1a: Corviknight|Body Press|p2a: Metaknight
|-damage|p2a: Metaknight|92/100
|
|-heal|p2a: Metaknight|96/100|[from] item: Leftovers
|upkeep
|turn|5
|inactive|SawFan666555444 has 270 seconds left.
|c|☆Chunkomucho|That was a bad dynamax
|
|-end|p2a: Metaknight|Dynamax
|-heal|p2a: Metaknight|96/100|[silent]
|switch|p2a: Nintoaster|Rotom-Heat, shiny|100/100
|move|p1a: Corviknight|Body Press|p2a: Nintoaster
|-damage|p2a: Nintoaster|74/100
|
|-heal|p2a: Nintoaster|80/100|[from] item: Leftovers
|upkeep
|turn|6
|inactive|SawFan666555444 has 270 seconds left.
|
|switch|p1a: Tyranitar|Tyranitar, M|100/100
|-weather|Sandstorm|[from] ability: Sand Stream|[of] p1a: Tyranitar
|move|p2a: Nintoaster|Volt Switch|p1a: Tyranitar
|-damage|p1a: Tyranitar|91/100
|
|switch|p2a: Kaiju|Tyranitar, F, shiny|100/100|[from]move: Volt Switch
|
|-weather|Sandstorm|[upkeep]
|upkeep
|turn|7
|inactive|SawFan666555444 has 270 seconds left.
|
|move|p2a: Kaiju|Crunch|p1a: Tyranitar
|-resisted|p1a: Tyranitar
|-damage|p1a: Tyranitar|76/100
|move|p1a: Tyranitar|Stealth Rock|p2a: Kaiju
|-sidestart|p2: SawFan666555444|move: Stealth Rock
|
|-weather|Sandstorm|[upkeep]
|upkeep
|turn|8
|inactive|SawFan666555444 has 270 seconds left.
|
|switch|p1a: Urshifu|Urshifu, M|68/100
|move|p2a: Kaiju|Earthquake|p1a: Urshifu
|-damage|p1a: Urshifu|35/100
|
|-weather|Sandstorm|[upkeep]
|-damage|p1a: Urshifu|28/100|[from] Sandstorm
|upkeep
|turn|9
|
|move|p1a: Urshifu|Close Combat|p2a: Kaiju
|-supereffective|p2a: Kaiju
|-damage|p2a: Kaiju|0 fnt
|-unboost|p1a: Urshifu|def|1
|-unboost|p1a: Urshifu|spd|1
|faint|p2a: Kaiju
|
|-weather|Sandstorm|[upkeep]
|-damage|p1a: Urshifu|22/100|[from] Sandstorm
|upkeep
|
|switch|p2a: Metaknight|Corviknight, M, shiny|96/100
|-damage|p2a: Metaknight|83/100|[from] Stealth Rock
|-ability|p2a: Metaknight|Pressure
|turn|10
|
|switch|p1a: Corviknight|Corviknight, M|85/100
|-ability|p1a: Corviknight|Pressure
|move|p2a: Metaknight|Body Press|p1a: Corviknight
|-damage|p1a: Corviknight|67/100
|-damage|p2a: Metaknight|67/100|[from] item: Rocky Helmet|[of] p1a: Corviknight
|
|-weather|none
|-heal|p2a: Metaknight|73/100|[from] item: Leftovers
|upkeep
|turn|11
|
|move|p2a: Metaknight|Body Press|p1a: Corviknight
|-damage|p1a: Corviknight|51/100
|-damage|p2a: Metaknight|57/100|[from] item: Rocky Helmet|[of] p1a: Corviknight
|move|p1a: Corviknight|U-turn|p2a: Metaknight
|-resisted|p2a: Metaknight
|-damage|p2a: Metaknight|54/100
|
|switch|p1a: Urshifu|Urshifu, M|22/100|[from]move: U-turn
|
|-heal|p2a: Metaknight|61/100|[from] item: Leftovers
|upkeep
|turn|12
|
|switch|p1a: Corviknight|Corviknight, M|51/100
|-ability|p1a: Corviknight|Pressure
|move|p2a: Metaknight|U-turn|p1a: Corviknight
|-resisted|p1a: Corviknight
|-damage|p1a: Corviknight|49/100
|-damage|p2a: Metaknight|44/100|[from] item: Rocky Helmet|[of] p1a: Corviknight
|
|switch|p2a: Nintoaster|Rotom-Heat, shiny|80/100|[from]move: U-turn
|-damage|p2a: Nintoaster|55/100|[from] Stealth Rock
|
|-heal|p2a: Nintoaster|61/100|[from] item: Leftovers
|upkeep
|turn|13
|
|switch|p1a: Tyranitar|Tyranitar, M|76/100
|-weather|Sandstorm|[from] ability: Sand Stream|[of] p1a: Tyranitar
|move|p2a: Nintoaster|Volt Switch|p1a: Tyranitar
|-damage|p1a: Tyranitar|66/100
|
|switch|p2a: Eternity|Eternatus|100/100|[from]move: Volt Switch
|-damage|p2a: Eternity|88/100|[from] Stealth Rock
|-ability|p2a: Eternity|Pressure
|
|-weather|Sandstorm|[upkeep]
|-damage|p2a: Eternity|82/100|[from] Sandstorm
|-heal|p2a: Eternity|88/100|[from] item: Black Sludge
|upkeep
|turn|14
|
|move|p2a: Eternity|Dynamax Cannon|p1a: Tyranitar
|-damage|p1a: Tyranitar|47/100
|move|p1a: Tyranitar|Snarl|p2a: Eternity
|-damage|p2a: Eternity|75/100
|-unboost|p2a: Eternity|spa|1
|
|-weather|Sandstorm|[upkeep]
|-damage|p2a: Eternity|69/100|[from] Sandstorm
|-heal|p2a: Eternity|75/100|[from] item: Black Sludge
|upkeep
|turn|15
|
|move|p2a: Eternity|Toxic|p1a: Tyranitar
|-status|p1a: Tyranitar|tox
|move|p1a: Tyranitar|Rest|p1a: Tyranitar
|-status|p1a: Tyranitar|slp|[from] move: Rest
|-heal|p1a: Tyranitar|100/100 slp|[silent]
|
|-weather|Sandstorm|[upkeep]
|-damage|p2a: Eternity|69/100|[from] Sandstorm
|-heal|p2a: Eternity|75/100|[from] item: Black Sludge
|upkeep
|turn|16
|
|move|p2a: Eternity|Dynamax Cannon|p1a: Tyranitar
|-damage|p1a: Tyranitar|86/100 slp
|cant|p1a: Tyranitar|slp
|
|-weather|Sandstorm|[upkeep]
|-damage|p2a: Eternity|69/100|[from] Sandstorm
|-heal|p2a: Eternity|75/100|[from] item: Black Sludge
|upkeep
|turn|17
|
|move|p2a: Eternity|Flamethrower|p1a: Tyranitar
|-resisted|p1a: Tyranitar
|-damage|p1a: Tyranitar|83/100 slp
|cant|p1a: Tyranitar|slp
|
|-weather|none
|-heal|p2a: Eternity|82/100|[from] item: Black Sludge
|upkeep
|turn|18
|
|switch|p1a: Himiko|Hatterene, F, shiny|100/100
|move|p2a: Eternity|Dynamax Cannon|p1a: Himiko
|-immune|p1a: Himiko
|
|-heal|p2a: Eternity|88/100|[from] item: Black Sludge
|upkeep
|turn|19
|
|switch|p1a: Tyranitar|Tyranitar, M|83/100 slp
|-weather|Sandstorm|[from] ability: Sand Stream|[of] p1a: Tyranitar
|move|p2a: Eternity|Toxic||[still]
|-fail|p2a: Eternity
|
|-weather|Sandstorm|[upkeep]
|-damage|p2a: Eternity|82/100|[from] Sandstorm
|-heal|p2a: Eternity|88/100|[from] item: Black Sludge
|upkeep
|turn|20
|
|switch|p2a: Mushu|Dragapult, F, shiny|100/100
|-damage|p2a: Mushu|88/100|[from] Stealth Rock
|-curestatus|p1a: Tyranitar|slp|[msg]
|move|p1a: Tyranitar|Earthquake|p2a: Mushu
|-damage|p2a: Mushu|52/100
|
|-weather|Sandstorm|[upkeep]
|-damage|p2a: Mushu|46/100|[from] Sandstorm
|-heal|p2a: Mushu|52/100|[from] item: Leftovers
|upkeep
|turn|21
|
|switch|p1a: Corviknight|Corviknight, M|49/100
|-ability|p1a: Corviknight|Pressure
|move|p2a: Mushu|Dragon Pulse|p1a: Corviknight
|-resisted|p1a: Corviknight
|-damage|p1a: Corviknight|30/100
|
|-weather|Sandstorm|[upkeep]
|-damage|p2a: Mushu|46/100|[from] Sandstorm
|-heal|p2a: Mushu|52/100|[from] item: Leftovers
|upkeep
|turn|22
|
|move|p2a: Mushu|Hex|p1a: Corviknight
|-damage|p1a: Corviknight|6/100
|move|p1a: Corviknight|Roost|p1a: Corviknight
|-heal|p1a: Corviknight|57/100
|-singleturn|p1a: Corviknight|move: Roost
|
|-weather|Sandstorm|[upkeep]
|-damage|p2a: Mushu|46/100|[from] Sandstorm
|-heal|p2a: Mushu|52/100|[from] item: Leftovers
|upkeep
|turn|23
|l|☆Chunkomucho
|inactive|Chunkomucho disconnected and has 300 seconds to reconnect!
|player|p1|
|j|☆Chunkomucho
|inactive|Chunkomucho reconnected.
|player|p1|Chunkomucho|erika
|
|move|p2a: Mushu|Hex|p1a: Corviknight
|-damage|p1a: Corviknight|31/100
|move|p1a: Corviknight|Roost|p1a: Corviknight
|-heal|p1a: Corviknight|81/100
|-singleturn|p1a: Corviknight|move: Roost
|
|-weather|none
|-heal|p2a: Mushu|59/100|[from] item: Leftovers
|upkeep
|turn|24
|
|move|p2a: Mushu|Thunder Wave|p1a: Corviknight|[miss]
|-miss|p2a: Mushu|p1a: Corviknight
|move|p1a: Corviknight|U-turn|p2a: Mushu
|-resisted|p2a: Mushu
|-damage|p2a: Mushu|50/100
|
|switch|p1a: Himiko|Hatterene, F, shiny|100/100|[from]move: U-turn
|
|-heal|p2a: Mushu|57/100|[from] item: Leftovers
|upkeep
|turn|25
|
|move|p2a: Mushu|Hex|p1a: Himiko
|-supereffective|p1a: Himiko
|-damage|p1a: Himiko|39/100
|move|p1a: Himiko|Trick Room|p1a: Himiko
|-fieldstart|move: Trick Room|[of] p1a: Himiko
|
|-heal|p2a: Mushu|63/100|[from] item: Leftovers
|upkeep
|turn|26
|
|-start|p1a: Himiko|Dynamax
|-formechange|p1a: Himiko|Hatterene-Gmax
|-heal|p1a: Himiko|39/100|[silent]
|move|p1a: Himiko|Max Mindstorm|p2a: Mushu
|-damage|p2a: Mushu|0 fnt
|-fieldstart|move: Psychic Terrain
|-damage|p1a: Himiko|35/100|[from] item: Life Orb
|faint|p2a: Mushu
|
|upkeep
|
|switch|p2a: Metaknight|Corviknight, M, shiny|44/100
|-damage|p2a: Metaknight|32/100|[from] Stealth Rock
|-ability|p2a: Metaknight|Pressure
|turn|27
|
|move|p1a: Himiko|Max Mindstorm|p2a: Metaknight
|-resisted|p2a: Metaknight
|-damage|p2a: Metaknight|0 fnt
|-damage|p1a: Himiko|30/100|[from] item: Life Orb
|faint|p2a: Metaknight
|
|upkeep
|
|switch|p2a: Nintoaster|Rotom-Heat, shiny|61/100
|-damage|p2a: Nintoaster|36/100|[from] Stealth Rock
|turn|28
|
|move|p1a: Himiko|Max Mindstorm|p2a: Nintoaster
|-damage|p2a: Nintoaster|0 fnt
|-damage|p1a: Himiko|25/100|[from] item: Life Orb
|faint|p2a: Nintoaster
|
|-end|p1a: Himiko|Dynamax
|-formechange|p1a: Himiko|Hatterene
|-heal|p1a: Himiko|25/100|[silent]
|upkeep
|
|switch|p2a: Eternity|Eternatus|88/100
|-damage|p2a: Eternity|75/100|[from] Stealth Rock
|-ability|p2a: Eternity|Pressure
|turn|29
|
|move|p1a: Himiko|Psyshock|p2a: Eternity
|-supereffective|p2a: Eternity
|-damage|p2a: Eternity|0 fnt
|-damage|p1a: Himiko|15/100|[from] item: Life Orb
|faint|p2a: Eternity
|
|win|Chunkomucho
|c|☆Chunkomucho|Gg
|l|☆SawFan666555444
