|j|☆Ryriss
|j|☆ChandosH
|t:|1653597944
|gametype|singles
|player|p1|Ryriss|hilbert|1304
|player|p2|ChandosH|pokemonbreeder-gen4|1510
|teamsize|p1|6
|teamsize|p2|6
|gen|8
|tier|[Gen 8] Ubers
|rated|
|rule|Sleep Clause Mod: Limit one foe put to sleep
|rule|Species Clause: Limit one of each Pokémon
|rule|OHKO Clause: OHKO moves are banned
|rule|Evasion Moves Clause: Evasion moves are banned
|rule|Endless Battle Clause: Forcing endless battles is banned
|rule|HP Percentage Mod: HP is shown in percentages
|rule|Dynamax Clause: You cannot dynamax
|clearpoke
|poke|p1|Giratina-Origin|
|poke|p1|Zekrom|
|poke|p1|Necrozma-Dusk-Mane|
|poke|p1|Kyurem-Black|
|poke|p1|Kyogre|
|poke|p1|Yveltal|
|poke|p2|Xerneas-*|
|poke|p2|Magnezone|
|poke|p2|Darmanitan-Galar, F|
|poke|p2|Necrozma-Dusk-Mane|
|poke|p2|Yveltal|
|poke|p2|Eternatus|
|teampreview
|inactive|Battle timer is ON: inactive players will automatically lose when time's up. (requested by Ryriss)
|inactive|ChandosH has 120 seconds left.
|
|t:|1653597989
|start
|switch|p1a: Kyogre|Kyogre|100/100
|switch|p2a: Darmanitan|Darmanitan-Galar, F|100/100
|-weather|RainDance|[from] ability: Drizzle|[of] p1a: Kyogre
|turn|1
|
|t:|1653597997
|move|p2a: Darmanitan|U-turn|p1a: Kyogre
|-damage|p1a: Kyogre|64/100
|
|t:|1653598003
|switch|p2a: Eternatus|Eternatus|100/100|[from]move: U-turn
|-ability|p2a: Eternatus|Pressure
|move|p1a: Kyogre|Calm Mind|p1a: Kyogre
|-boost|p1a: Kyogre|spa|1
|-boost|p1a: Kyogre|spd|1
|
|-weather|RainDance|[upkeep]
|-heal|p1a: Kyogre|70/100|[from] item: Leftovers
|upkeep
|turn|2
|
|t:|1653598014
|move|p2a: Eternatus|Toxic|p1a: Kyogre
|-status|p1a: Kyogre|tox
|move|p1a: Kyogre|Ice Beam|p2a: Eternatus
|-supereffective|p2a: Eternatus
|-damage|p2a: Eternatus|29/100
|
|-weather|RainDance|[upkeep]
|-heal|p2a: Eternatus|36/100|[from] item: Black Sludge
|-heal|p1a: Kyogre|76/100 tox|[from] item: Leftovers
|-damage|p1a: Kyogre|70/100 tox|[from] psn
|upkeep
|turn|3
|
|t:|1653598025
|move|p2a: Eternatus|Recover|p2a: Eternatus
|-heal|p2a: Eternatus|86/100
|move|p1a: Kyogre|Ice Beam|p2a: Eternatus
|-supereffective|p2a: Eternatus
|-damage|p2a: Eternatus|22/100
|
|-weather|RainDance|[upkeep]
|-heal|p2a: Eternatus|28/100|[from] item: Black Sludge
|-heal|p1a: Kyogre|76/100 tox|[from] item: Leftovers
|-damage|p1a: Kyogre|64/100 tox|[from] psn
|upkeep
|turn|4
|
|t:|1653598036
|move|p2a: Eternatus|Recover|p2a: Eternatus
|-heal|p2a: Eternatus|78/100
|move|p1a: Kyogre|Calm Mind|p1a: Kyogre
|-boost|p1a: Kyogre|spa|1
|-boost|p1a: Kyogre|spd|1
|
|-weather|RainDance|[upkeep]
|-heal|p2a: Eternatus|85/100|[from] item: Black Sludge
|-heal|p1a: Kyogre|70/100 tox|[from] item: Leftovers
|-damage|p1a: Kyogre|51/100 tox|[from] psn
|upkeep
|turn|5
|
|t:|1653598056
|move|p2a: Eternatus|Recover|p2a: Eternatus
|-heal|p2a: Eternatus|100/100
|move|p1a: Kyogre|Ice Beam|p2a: Eternatus
|-supereffective|p2a: Eternatus
|-damage|p2a: Eternatus|4/100
|-status|p2a: Eternatus|frz
|
|-weather|none
|-heal|p2a: Eternatus|11/100 frz|[from] item: Black Sludge
|-heal|p1a: Kyogre|58/100 tox|[from] item: Leftovers
|-damage|p1a: Kyogre|33/100 tox|[from] psn
|upkeep
|turn|6
|
|t:|1653598069
|cant|p2a: Eternatus|frz
|move|p1a: Kyogre|Ice Beam|p2a: Eternatus
|-supereffective|p2a: Eternatus
|-damage|p2a: Eternatus|0 fnt
|faint|p2a: Eternatus
|
|-heal|p1a: Kyogre|39/100 tox|[from] item: Leftovers
|-damage|p1a: Kyogre|8/100 tox|[from] psn
|upkeep
|
|t:|1653598082
|switch|p2a: Darmanitan|Darmanitan-Galar, F|100/100
|turn|7
|
|t:|1653598087
|move|p2a: Darmanitan|U-turn|p1a: Kyogre
|-damage|p1a: Kyogre|0 fnt
|faint|p1a: Kyogre
|
|t:|1653598095
|switch|p2a: Yveltal|Yveltal|100/100|[from]move: U-turn
|-ability|p2a: Yveltal|Dark Aura
|
|upkeep
|
|t:|1653598103
|switch|p1a: Zekrom|Zekrom|100/100
|-ability|p1a: Zekrom|Teravolt
|turn|8
|
|t:|1653598116
|switch|p2a: Magnezone|Magnezone|100/100
|-item|p2a: Magnezone|Air Balloon
|move|p1a: Zekrom|Dragon Dance|p1a: Zekrom
|-boost|p1a: Zekrom|atk|1
|-boost|p1a: Zekrom|spe|1
|
|upkeep
|turn|9
|
|t:|1653598125
|move|p1a: Zekrom|Dragon Claw|p2a: Magnezone
|-resisted|p2a: Magnezone
|-damage|p2a: Magnezone|70/100
|-enditem|p2a: Magnezone|Air Balloon
|move|p2a: Magnezone|Iron Defense|p2a: Magnezone
|-boost|p2a: Magnezone|def|2
|
|upkeep
|turn|10
|
|t:|1653598133
|switch|p1a: Yveltal|Yveltal|100/100
|-ability|p1a: Yveltal|Dark Aura
|move|p2a: Magnezone|Iron Defense|p2a: Magnezone
|-boost|p2a: Magnezone|def|2
|
|upkeep
|turn|11
|
|t:|1653598140
|move|p1a: Yveltal|Snarl|p2a: Magnezone
|-damage|p2a: Magnezone|18/100
|-unboost|p2a: Magnezone|spa|1
|-enditem|p1a: Yveltal|Throat Spray
|-boost|p1a: Yveltal|spa|1|[from] item: Throat Spray
|move|p2a: Magnezone|Body Press|p1a: Yveltal
|-damage|p1a: Yveltal|36/100
|
|upkeep
|turn|12
|
|t:|1653598153
|switch|p2a: Yveltal|Yveltal|100/100
|-ability|p2a: Yveltal|Dark Aura
|move|p1a: Yveltal|Oblivion Wing|p2a: Yveltal
|-damage|p2a: Yveltal|62/100
|-heal|p1a: Yveltal|69/100|[from] drain|[of] p2a: Yveltal
|
|upkeep
|turn|13
|
|t:|1653598163
|move|p1a: Yveltal|Oblivion Wing|p2a: Yveltal
|-damage|p2a: Yveltal|24/100
|-heal|p1a: Yveltal|100/100|[from] drain|[of] p2a: Yveltal
|move|p2a: Yveltal|U-turn|p1a: Yveltal
|-damage|p1a: Yveltal|82/100
|
|t:|1653598171
|switch|p2a: Darmanitan|Darmanitan-Galar, F|100/100|[from]move: U-turn
|
|upkeep
|turn|14
|
|t:|1653598179
|move|p1a: Yveltal|Sucker Punch|p2a: Darmanitan
|-damage|p2a: Darmanitan|45/100
|move|p2a: Darmanitan|Icicle Crash|p1a: Yveltal
|-supereffective|p1a: Yveltal
|-damage|p1a: Yveltal|0 fnt
|faint|p1a: Yveltal
|
|upkeep
|
|t:|1653598187
|switch|p1a: Kyurem|Kyurem-Black|100/100
|-ability|p1a: Kyurem|Teravolt
|turn|15
|
|t:|1653598192
|move|p2a: Darmanitan|Icicle Crash|p1a: Kyurem
|-damage|p1a: Kyurem|37/100
|move|p1a: Kyurem|Dragon Claw|p2a: Darmanitan
|-damage|p2a: Darmanitan|0 fnt
|faint|p2a: Darmanitan
|
|upkeep
|
|t:|1653598203
|switch|p2a: Necrozma|Necrozma-Dusk-Mane|100/100
|turn|16
|
|t:|1653598212
|switch|p1a: Giratina|Giratina-Origin|100/100
|move|p2a: Necrozma|Iron Head|p1a: Giratina
|-damage|p1a: Giratina|74/100
|
|upkeep
|turn|17
|
|t:|1653598219
|switch|p2a: Yveltal|Yveltal|24/100
|-ability|p2a: Yveltal|Dark Aura
|move|p1a: Giratina|Will-O-Wisp|p2a: Yveltal
|-status|p2a: Yveltal|brn
|
|-damage|p2a: Yveltal|18/100 brn|[from] brn
|upkeep
|turn|18
|
|t:|1653598229
|switch|p1a: Kyurem|Kyurem-Black|37/100
|-ability|p1a: Kyurem|Teravolt
|move|p2a: Yveltal|Roost|p2a: Yveltal
|-heal|p2a: Yveltal|68/100 brn
|-singleturn|p2a: Yveltal|move: Roost
|
|-damage|p2a: Yveltal|62/100 brn|[from] brn
|upkeep
|turn|19
|
|t:|1653598239
|move|p1a: Kyurem|Fusion Bolt|p2a: Yveltal
|-supereffective|p2a: Yveltal
|-damage|p2a: Yveltal|3/100 brn
|move|p2a: Yveltal|Knock Off|p1a: Kyurem
|-damage|p1a: Kyurem|10/100
|-enditem|p1a: Kyurem|Heavy-Duty Boots|[from] move: Knock Off|[of] p2a: Yveltal
|
|-damage|p2a: Yveltal|0 fnt|[from] brn
|faint|p2a: Yveltal
|upkeep
|
|t:|1653598245
|switch|p2a: Necrozma|Necrozma-Dusk-Mane|100/100
|turn|20
|
|t:|1653598253
|move|p1a: Kyurem|Fusion Bolt|p2a: Necrozma
|-damage|p2a: Necrozma|71/100
|move|p2a: Necrozma|Stealth Rock|p1a: Kyurem
|-sidestart|p1: Ryriss|move: Stealth Rock
|
|-heal|p2a: Necrozma|77/100|[from] item: Leftovers
|upkeep
|turn|21
|
|t:|1653598261
|move|p1a: Kyurem|Fusion Bolt|p2a: Necrozma
|-damage|p2a: Necrozma|49/100
|move|p2a: Necrozma|Iron Head|p1a: Kyurem
|-supereffective|p1a: Kyurem
|-damage|p1a: Kyurem|0 fnt
|faint|p1a: Kyurem
|
|-heal|p2a: Necrozma|55/100|[from] item: Leftovers
|upkeep
|
|t:|1653598271
|switch|p1a: Giratina|Giratina-Origin|74/100
|-damage|p1a: Giratina|62/100|[from] Stealth Rock
|turn|22
|
|t:|1653598276
|move|p2a: Necrozma|Thunder Wave|p1a: Giratina
|-status|p1a: Giratina|par
|move|p1a: Giratina|Will-O-Wisp|p2a: Necrozma|[miss]
|-miss|p1a: Giratina|p2a: Necrozma
|
|-heal|p2a: Necrozma|61/100|[from] item: Leftovers
|upkeep
|turn|23
|
|t:|1653598284
|move|p2a: Necrozma|Iron Head|p1a: Giratina
|-damage|p1a: Giratina|35/100 par
|cant|p1a: Giratina|par
|
|-heal|p2a: Necrozma|67/100|[from] item: Leftovers
|upkeep
|turn|24
|
|t:|1653598292
|move|p2a: Necrozma|Iron Head|p1a: Giratina
|-damage|p1a: Giratina|6/100 par
|cant|p1a: Giratina|par
|
|-heal|p2a: Necrozma|73/100|[from] item: Leftovers
|upkeep
|turn|25
|
|t:|1653598299
|move|p1a: Giratina|Shadow Sneak|p2a: Necrozma
|-supereffective|p2a: Necrozma
|-damage|p2a: Necrozma|49/100
|move|p2a: Necrozma|Iron Head|p1a: Giratina
|-damage|p1a: Giratina|0 fnt
|faint|p1a: Giratina
|
|-heal|p2a: Necrozma|56/100|[from] item: Leftovers
|upkeep
|
|t:|1653598309
|switch|p1a: Zekrom|Zekrom|100/100
|-ability|p1a: Zekrom|Teravolt
|turn|26
|
|t:|1653598316
|switch|p2a: Xerneas|Xerneas|100/100
|-ability|p2a: Xerneas|Fairy Aura
|move|p1a: Zekrom|Fusion Bolt|p2a: Xerneas
|-damage|p2a: Xerneas|57/100
|
|upkeep
|turn|27
|
|t:|1653598325
|switch|p1a: Necrozma|Necrozma-Dusk-Mane|100/100
|move|p2a: Xerneas|Moonblast|p1a: Necrozma
|-resisted|p1a: Necrozma
|-damage|p1a: Necrozma|79/100
|-unboost|p1a: Necrozma|spa|1
|
|upkeep
|turn|28
|
|t:|1653598333
|switch|p2a: Necrozma|Necrozma-Dusk-Mane|56/100
|switch|p1a: Zekrom|Zekrom|100/100
|-ability|p1a: Zekrom|Teravolt
|
|-heal|p2a: Necrozma|62/100|[from] item: Leftovers
|upkeep
|turn|29
|
|t:|1653598342
|move|p1a: Zekrom|Fusion Bolt|p2a: Necrozma
|-damage|p2a: Necrozma|22/100
|move|p2a: Necrozma|Thunder Wave|p1a: Zekrom
|-immune|p1a: Zekrom
|
|-heal|p2a: Necrozma|28/100|[from] item: Leftovers
|upkeep
|turn|30
|
|t:|1653598351
|move|p1a: Zekrom|Fusion Bolt|p2a: Necrozma
|-damage|p2a: Necrozma|0 fnt
|faint|p2a: Necrozma
|
|upkeep
|
|t:|1653598359
|switch|p2a: Xerneas|Xerneas|57/100
|-ability|p2a: Xerneas|Fairy Aura
|turn|31
|
|t:|1653598369
|switch|p1a: Necrozma|Necrozma-Dusk-Mane|79/100
|move|p2a: Xerneas|Geomancy||[still]
|-prepare|p2a: Xerneas|Geomancy
|-enditem|p2a: Xerneas|Power Herb
|-anim|p2a: Xerneas|Geomancy|p2a: Xerneas
|-boost|p2a: Xerneas|spa|2
|-boost|p2a: Xerneas|spd|2
|-boost|p2a: Xerneas|spe|2
|
|upkeep
|turn|32
|
|t:|1653598382
|move|p2a: Xerneas|Thunder|p1a: Necrozma|[miss]
|-miss|p2a: Xerneas|p1a: Necrozma
|move|p1a: Necrozma|Sunsteel Strike|p2a: Xerneas
|-supereffective|p2a: Xerneas
|-damage|p2a: Xerneas|0 fnt
|faint|p2a: Xerneas
|
|upkeep
|
|t:|1653598385
|switch|p2a: Magnezone|Magnezone|18/100
|turn|33
|
|t:|1653598394
|move|p2a: Magnezone|Iron Defense|p2a: Magnezone
|-boost|p2a: Magnezone|def|2
|move|p1a: Necrozma|Sunsteel Strike|p2a: Magnezone
|-resisted|p2a: Magnezone
|-damage|p2a: Magnezone|13/100
|
|upkeep
|turn|34
|
|t:|1653598402
|move|p2a: Magnezone|Iron Defense|p2a: Magnezone
|-boost|p2a: Magnezone|def|2
|move|p1a: Necrozma|Swords Dance|p1a: Necrozma
|-boost|p1a: Necrozma|atk|2
|
|upkeep
|turn|35
|
|t:|1653598408
|move|p2a: Magnezone|Body Press|p1a: Necrozma
|-damage|p1a: Necrozma|27/100
|move|p1a: Necrozma|Swords Dance|p1a: Necrozma
|-boost|p1a: Necrozma|atk|2
|
|upkeep
|turn|36
|
|t:|1653598415
|move|p2a: Magnezone|Body Press|p1a: Necrozma
|-damage|p1a: Necrozma|0 fnt
|faint|p1a: Necrozma
|
|upkeep
|
|t:|1653598420
|switch|p1a: Zekrom|Zekrom|100/100
|-ability|p1a: Zekrom|Teravolt
|turn|37
|
|t:|1653598425
|move|p2a: Magnezone|Body Press|p1a: Zekrom
|-damage|p1a: Zekrom|42/100
|move|p1a: Zekrom|Fusion Bolt|p2a: Magnezone
|-resisted|p2a: Magnezone
|-damage|p2a: Magnezone|3/100
|
|upkeep
|turn|38
|c|☆ChandosH|Gg?
|
|t:|1653598433
|move|p2a: Magnezone|Body Press|p1a: Zekrom
|-damage|p1a: Zekrom|0 fnt
|faint|p1a: Zekrom
|
|win|ChandosH
|raw|Ryriss's rating: 1304 &rarr; <strong>1295</strong><br />(-9 for losing)
|raw|ChandosH's rating: 1510 &rarr; <strong>1519</strong><br />(+9 for winning)
|l|☆Ryriss
