|j|☆Accalmie ♫
|j|☆Perry
|t:|1644936525
|gametype|singles
|player|p1|Accalmie ♫|lady|
|player|p2|Perry|#perry|
|teamsize|p1|6
|teamsize|p2|6
|gen|8
|tier|[Gen 8] Ubers
|rated|Tournament battle
|rule|Sleep Clause Mod: Limit one foe put to sleep
|rule|Species Clause: Limit one of each Pokémon
|rule|OHKO Clause: OHKO moves are banned
|rule|Evasion Moves Clause: Evasion moves are banned
|rule|Endless Battle Clause: Forcing endless battles is banned
|rule|HP Percentage Mod: HP is shown in percentages
|rule|Dynamax Clause: You cannot dynamax
|clearpoke
|poke|p1|Yveltal|
|poke|p1|Xerneas-*|
|poke|p1|Ho-Oh|
|poke|p1|Necrozma-Dusk-Mane|
|poke|p1|Palkia|
|poke|p1|Marshadow|
|poke|p2|Eternatus|
|poke|p2|Yveltal|
|poke|p2|Necrozma-Dusk-Mane|
|poke|p2|Urshifu-*, F|
|poke|p2|Xerneas-*|
|poke|p2|Kyogre|
|teampreview
|inactive|Battle timer is ON: inactive players will automatically lose when time's up. (requested by Accalmie ♫)
|c|☆Perry|gl hf
|c|☆Accalmie ♫|hf
|
|t:|1644936552
|start
|switch|p1a: Yveltal|Yveltal|100/100
|switch|p2a: Xerneas|Xerneas|100/100
|-ability|p2a: Xerneas|Fairy Aura
|-ability|p1a: Yveltal|Dark Aura
|turn|1
|j| GeniusFromHoenn
|
|t:|1644936562
|switch|p2a: Necrozma|Necrozma-Dusk-Mane|100/100
|move|p1a: Yveltal|U-turn|p2a: Necrozma
|-damage|p2a: Necrozma|76/100
|inactive|Accalmie ♫ has 120 seconds left.
|
|t:|1644936598
|switch|p1a: Ho-Oh|Ho-Oh|100/100|[from]move: U-turn
|
|-heal|p2a: Necrozma|82/100|[from] item: Leftovers
|upkeep
|turn|2
|inactive|Accalmie ♫ has 120 seconds left.
|
|t:|1644936611
|move|p1a: Ho-Oh|Sacred Fire|p2a: Necrozma
|-supereffective|p2a: Necrozma
|-damage|p2a: Necrozma|38/100
|move|p2a: Necrozma|Thunder Wave|p1a: Ho-Oh
|-status|p1a: Ho-Oh|par
|
|-heal|p2a: Necrozma|44/100|[from] item: Leftovers
|upkeep
|turn|3
|inactive|Accalmie ♫ has 120 seconds left.
|
|t:|1644936628
|switch|p1a: Yveltal|Yveltal|100/100
|-ability|p1a: Yveltal|Dark Aura
|move|p2a: Necrozma|Moonlight|p2a: Necrozma
|-heal|p2a: Necrozma|94/100
|
|-heal|p2a: Necrozma|99/100|[from] item: Leftovers
|upkeep
|turn|4
|
|t:|1644936635
|move|p1a: Yveltal|Knock Off|p2a: Necrozma
|-supereffective|p2a: Necrozma
|-damage|p2a: Necrozma|0 fnt
|-enditem|p2a: Necrozma|Leftovers|[from] move: Knock Off|[of] p1a: Yveltal
|faint|p2a: Necrozma
|
|upkeep
|
|t:|1644936639
|switch|p2a: Xerneas|Xerneas|100/100
|-ability|p2a: Xerneas|Fairy Aura
|turn|5
|
|t:|1644936643
|switch|p2a: Urshifu|Urshifu, F|100/100
|switch|p1a: Necrozma|Necrozma-Dusk-Mane|100/100
|
|upkeep
|turn|6
|inactive|Accalmie ♫ has 120 seconds left.
|j| pudim31
|
|t:|1644936681
|move|p2a: Urshifu|Wicked Blow|p1a: Necrozma
|-supereffective|p1a: Necrozma
|-crit|p1a: Necrozma
|-damage|p1a: Necrozma|6/100
|move|p1a: Necrozma|Stealth Rock|p2a: Urshifu
|-sidestart|p2: Perry|move: Stealth Rock
|
|-heal|p1a: Necrozma|12/100|[from] item: Leftovers
|upkeep
|turn|7
|
|t:|1644936689
|move|p2a: Urshifu|Wicked Blow|p1a: Necrozma
|-supereffective|p1a: Necrozma
|-crit|p1a: Necrozma
|-damage|p1a: Necrozma|0 fnt
|faint|p1a: Necrozma
|
|upkeep
|
|t:|1644936692
|switch|p1a: Xerneas|Xerneas|100/100
|-ability|p1a: Xerneas|Fairy Aura
|turn|8
|
|t:|1644936696
|move|p2a: Urshifu|Wicked Blow|p1a: Xerneas
|-resisted|p1a: Xerneas
|-crit|p1a: Xerneas
|-damage|p1a: Xerneas|62/100
|move|p1a: Xerneas|Geomancy||[still]
|-prepare|p1a: Xerneas|Geomancy
|-enditem|p1a: Xerneas|Power Herb
|-anim|p1a: Xerneas|Geomancy|p1a: Xerneas
|-boost|p1a: Xerneas|spa|2
|-boost|p1a: Xerneas|spd|2
|-boost|p1a: Xerneas|spe|2
|
|upkeep
|turn|9
|
|t:|1644936704
|switch|p2a: Yveltal|Yveltal|100/100
|-ability|p2a: Yveltal|Dark Aura
|move|p1a: Xerneas|Moonblast|p2a: Yveltal
|-supereffective|p2a: Yveltal
|-damage|p2a: Yveltal|0 fnt
|faint|p2a: Yveltal
|
|upkeep
|
|t:|1644936706
|switch|p2a: Kyogre|Kyogre|100/100
|-damage|p2a: Kyogre|88/100|[from] Stealth Rock
|-weather|RainDance|[from] ability: Drizzle|[of] p2a: Kyogre
|turn|10
|
|t:|1644936708
|move|p1a: Xerneas|Thunder|p2a: Kyogre
|-supereffective|p2a: Kyogre
|-damage|p2a: Kyogre|0 fnt
|faint|p2a: Kyogre
|
|-weather|RainDance|[upkeep]
|upkeep
|-message|Perry forfeited.
|
|win|Accalmie ♫
|n|☆Accalmie ♫|accalmie
|n|☆Perry|perry
|n| GeniusFromHoenn|geniusfromhoenn
|n| pudim31|pudim31
|l|☆Perry
|l| pudim31
|j| pudim31
|l| pudim31
|l| GeniusFromHoenn
