|j|☆Lopinho
|j|☆Ryriss
|t:|1645887330
|gametype|singles
|player|p1|Lopinho|caitlin|1348
|player|p2|Ryriss|hilbert|1390
|teamsize|p1|6
|teamsize|p2|6
|gen|8
|tier|[Gen 8] Ubers
|rated|
|rule|Sleep Clause Mod: Limit one foe put to sleep
|rule|Species Clause: Limit one of each Pokémon
|rule|OHKO Clause: OHKO moves are banned
|rule|Evasion Moves Clause: Evasion moves are banned
|rule|Endless Battle Clause: Forcing endless battles is banned
|rule|HP Percentage Mod: HP is shown in percentages
|rule|Dynamax Clause: You cannot dynamax
|clearpoke
|poke|p1|Slurpuff, F|
|poke|p1|Eternatus|
|poke|p1|Yveltal|
|poke|p1|Necrozma-Dusk-Mane|
|poke|p1|Kyogre|
|poke|p1|Calyrex-Shadow|
|poke|p2|Giratina-Origin|
|poke|p2|Groudon|
|poke|p2|Genesect|
|poke|p2|Kyurem-Black|
|poke|p2|Lugia|
|poke|p2|Yveltal|
|teampreview
|inactive|Battle timer is ON: inactive players will automatically lose when time's up. (requested by Ryriss)
|
|t:|1645887335
|start
|switch|p1a: Slurpuff|Slurpuff, F|100/100
|switch|p2a: Lugia|Lugia|100/100
|-ability|p2a: Lugia|Pressure
|turn|1
|
|t:|1645887344
|move|p1a: Slurpuff|Magic Coat|p1a: Slurpuff
|-singleturn|p1a: Slurpuff|move: Magic Coat
|move|p2a: Lugia|Safeguard|p2a: Lugia
|-sidestart|p2: Ryriss|Safeguard
|
|upkeep
|turn|2
|
|t:|1645887349
|move|p2a: Lugia|Light Screen|p2a: Lugia
|-sidestart|p2: Ryriss|move: Light Screen
|move|p1a: Slurpuff|Yawn|p2a: Lugia
|-activate|p2a: Lugia|move: Safeguard
|
|upkeep
|turn|3
|
|t:|1645887354
|move|p2a: Lugia|Reflect|p2a: Lugia
|-sidestart|p2: Ryriss|Reflect
|move|p1a: Slurpuff|Sticky Web|p2a: Lugia
|-sidestart|p2: Ryriss|move: Sticky Web
|
|upkeep
|turn|4
|
|t:|1645887366
|move|p1a: Slurpuff|Magic Coat|p1a: Slurpuff
|-singleturn|p1a: Slurpuff|move: Magic Coat
|move|p2a: Lugia|Thunder Wave|p1a: Slurpuff
|move|p1a: Slurpuff|Thunder Wave|p2a: Lugia|[from]Magic Coat
|-activate|p2a: Lugia|move: Safeguard
|
|upkeep
|turn|5
|
|t:|1645887373
|switch|p2a: Genesect|Genesect, shiny|100/100
|-ability|p2a: Genesect|Download|boost
|-boost|p2a: Genesect|spa|1
|move|p1a: Slurpuff|Magic Coat|p1a: Slurpuff
|-singleturn|p1a: Slurpuff|move: Magic Coat
|
|-sideend|p2: Ryriss|Safeguard
|upkeep
|turn|6
|
|t:|1645887381
|move|p2a: Genesect|Iron Head|p1a: Slurpuff
|-supereffective|p1a: Slurpuff
|-enditem|p1a: Slurpuff|Focus Sash
|-damage|p1a: Slurpuff|1/100
|move|p1a: Slurpuff|Yawn|p2a: Genesect
|-start|p2a: Genesect|move: Yawn|[of] p1a: Slurpuff
|
|upkeep
|turn|7
|
|t:|1645887389
|switch|p2a: Lugia|Lugia|100/100
|-ability|p2a: Lugia|Pressure
|move|p1a: Slurpuff|Misty Explosion|p2a: Lugia
|-crit|p2a: Lugia
|-damage|p2a: Lugia|69/100
|faint|p1a: Slurpuff
|
|upkeep
|
|t:|1645887404
|switch|p1a: Calyrex|Calyrex-Shadow|100/100
|-ability|p1a: Calyrex|As One
|-ability|p1a: Calyrex|Unnerve
|turn|8
|
|t:|1645887414
|move|p1a: Calyrex|Nasty Plot|p1a: Calyrex
|-boost|p1a: Calyrex|spa|2
|move|p2a: Lugia|Thunder Wave|p1a: Calyrex
|-status|p1a: Calyrex|par
|
|upkeep
|turn|9
|
|t:|1645887421
|switch|p2a: Yveltal|Yveltal|100/100
|-ability|p2a: Yveltal|Dark Aura
|move|p1a: Calyrex|Astral Barrage|p2a: Yveltal
|-resisted|p2a: Yveltal
|-crit|p2a: Yveltal
|-damage|p2a: Yveltal|6/100
|
|-sideend|p2: Ryriss|move: Light Screen
|upkeep
|turn|10
|
|t:|1645887434
|switch|p1a: Yveltal|Yveltal|100/100
|-ability|p1a: Yveltal|Dark Aura
|move|p2a: Yveltal|Dark Pulse|p1a: Yveltal
|-resisted|p1a: Yveltal
|-damage|p1a: Yveltal|75/100
|
|-sideend|p2: Ryriss|Reflect
|upkeep
|turn|11
|
|t:|1645887443
|move|p1a: Yveltal|Oblivion Wing|p2a: Yveltal
|-damage|p2a: Yveltal|0 fnt
|-heal|p1a: Yveltal|79/100|[from] drain|[of] p2a: Yveltal
|faint|p2a: Yveltal
|-damage|p1a: Yveltal|69/100|[from] item: Life Orb
|
|upkeep
|
|t:|1645887451
|switch|p2a: Lugia|Lugia|69/100
|-ability|p2a: Lugia|Pressure
|turn|12
|
|t:|1645887458
|move|p2a: Lugia|Light Screen|p2a: Lugia
|-sidestart|p2: Ryriss|move: Light Screen
|move|p1a: Yveltal|Taunt|p2a: Lugia
|-start|p2a: Lugia|move: Taunt
|
|upkeep
|turn|13
|c|☆Lopinho|lol
|c|☆Lopinho|you using lugia full speed
|inactive|Lopinho has 120 seconds left.
|
|t:|1645887490
|switch|p2a: Giratina|Giratina-Origin|100/100
|move|p1a: Yveltal|Dark Pulse|p2a: Giratina
|-supereffective|p2a: Giratina
|-damage|p2a: Giratina|56/100
|-damage|p1a: Yveltal|59/100|[from] item: Life Orb
|
|upkeep
|turn|14
|inactive|Lopinho has 120 seconds left.
|
|t:|1645887502
|move|p1a: Yveltal|Dark Pulse|p2a: Giratina
|-supereffective|p2a: Giratina
|-damage|p2a: Giratina|11/100
|-damage|p1a: Yveltal|49/100|[from] item: Life Orb
|move|p2a: Giratina|Draco Meteor|p1a: Yveltal|[miss]
|-miss|p2a: Giratina|p1a: Yveltal
|
|upkeep
|turn|15
|
|t:|1645887517
|move|p1a: Yveltal|Oblivion Wing|p2a: Giratina
|-damage|p2a: Giratina|0 fnt
|-heal|p1a: Yveltal|59/100|[from] drain|[of] p2a: Giratina
|faint|p2a: Giratina
|-damage|p1a: Yveltal|49/100|[from] item: Life Orb
|
|upkeep
|
|t:|1645887530
|switch|p2a: Groudon|Groudon|100/100
|-weather|SunnyDay|[from] ability: Drought|[of] p2a: Groudon
|turn|16
|
|t:|1645887544
|move|p1a: Yveltal|Taunt|p2a: Groudon
|-start|p2a: Groudon|move: Taunt
|cant|p2a: Groudon|move: Taunt|Rock Polish
|
|-weather|SunnyDay|[upkeep]
|upkeep
|turn|17
|
|t:|1645887554
|move|p1a: Yveltal|Dark Pulse|p2a: Groudon
|-damage|p2a: Groudon|66/100
|-damage|p1a: Yveltal|39/100|[from] item: Life Orb
|move|p2a: Groudon|Stone Edge|p1a: Yveltal
|-supereffective|p1a: Yveltal
|-damage|p1a: Yveltal|0 fnt
|faint|p1a: Yveltal
|
|-weather|SunnyDay|[upkeep]
|upkeep
|inactive|Lopinho has 120 seconds left.
|
|t:|1645887576
|switch|p1a: Kyogre|Kyogre|100/100
|-weather|RainDance|[from] ability: Drizzle|[of] p1a: Kyogre
|turn|18
|
|t:|1645887581
|switch|p2a: Lugia|Lugia|69/100
|-ability|p2a: Lugia|Pressure
|move|p1a: Kyogre|Water Spout|p2a: Lugia
|-damage|p2a: Lugia|32/100
|
|-weather|RainDance|[upkeep]
|upkeep
|turn|19
|
|t:|1645887590
|move|p1a: Kyogre|Water Spout|p2a: Lugia
|-damage|p2a: Lugia|0 fnt
|faint|p2a: Lugia
|
|-weather|RainDance|[upkeep]
|-sideend|p2: Ryriss|move: Light Screen
|upkeep
|
|t:|1645887602
|switch|p2a: Genesect|Genesect, shiny|100/100
|-ability|p2a: Genesect|Download|boost
|-boost|p2a: Genesect|atk|1
|turn|20
|
|t:|1645887612
|move|p2a: Genesect|Extreme Speed|p1a: Kyogre
|-damage|p1a: Kyogre|67/100
|move|p1a: Kyogre|Water Spout|p2a: Genesect
|-damage|p2a: Genesect|9/100
|
|-weather|RainDance|[upkeep]
|upkeep
|turn|21
|
|t:|1645887626
|move|p2a: Genesect|Extreme Speed|p1a: Kyogre
|-damage|p1a: Kyogre|35/100
|move|p1a: Kyogre|Water Spout|p2a: Genesect
|-damage|p2a: Genesect|0 fnt
|faint|p2a: Genesect
|
|-weather|RainDance|[upkeep]
|upkeep
|
|t:|1645887635
|switch|p2a: Groudon|Groudon|66/100
|-weather|SunnyDay|[from] ability: Drought|[of] p2a: Groudon
|turn|22
|c|☆Lopinho|lol heavy dut bots
|inactive|Lopinho has 120 seconds left.
|
|t:|1645887673
|switch|p1a: Calyrex|Calyrex-Shadow|100/100 par
|-ability|p1a: Calyrex|As One
|-ability|p1a: Calyrex|Unnerve
|move|p2a: Groudon|Rock Polish|p2a: Groudon
|-boost|p2a: Groudon|spe|2
|
|-weather|SunnyDay|[upkeep]
|upkeep
|turn|23
|inactive|Lopinho has 120 seconds left.
|
|t:|1645887683
|move|p2a: Groudon|Earthquake|p1a: Calyrex
|-damage|p1a: Calyrex|19/100 par
|move|p1a: Calyrex|Astral Barrage|p2a: Groudon
|-damage|p2a: Groudon|0 fnt
|faint|p2a: Groudon
|-ability|p1a: Calyrex|Grim Neigh|boost
|-boost|p1a: Calyrex|spa|1
|
|-weather|SunnyDay|[upkeep]
|upkeep
|
|t:|1645887694
|switch|p2a: Kyurem|Kyurem-Black|100/100
|-ability|p2a: Kyurem|Teravolt
|turn|24
|c|☆Lopinho|xd
|c|☆Lopinho|heavy dut bots
|c|☆Lopinho|xd
|c|☆Lopinho|xf
|c|☆Lopinho|xd
|c|☆Lopinho|xdf
|inactive|Lopinho has 120 seconds left.
|c|☆Lopinho|maniac
|
|t:|1645887712
|move|p2a: Kyurem|Fusion Bolt|p1a: Calyrex
|-damage|p1a: Calyrex|0 fnt
|faint|p1a: Calyrex
|
|-weather|SunnyDay|[upkeep]
|upkeep
|inactive|Lopinho has 120 seconds left.
|
|t:|1645887726
|switch|p1a: Necrozma|Necrozma-Dusk-Mane|100/100
|turn|25
|inactive|Lopinho has 120 seconds left.
|
|t:|1645887732
|move|p2a: Kyurem|Fusion Bolt|p1a: Necrozma
|-damage|p1a: Necrozma|68/100
|move|p1a: Necrozma|Sunsteel Strike|p2a: Kyurem
|-supereffective|p2a: Kyurem
|-damage|p2a: Kyurem|0 fnt
|faint|p2a: Kyurem
|-damage|p1a: Necrozma|58/100|[from] item: Life Orb
|
|win|Lopinho
|raw|Lopinho's rating: 1348 &rarr; <strong>1370</strong><br />(+22 for winning)
|raw|Ryriss's rating: 1390 &rarr; <strong>1368</strong><br />(-22 for losing)
|l|☆Ryriss
