|j|☆Pokemon League 4
|j|☆QiYu3
|t:|1665890151
|gametype|singles
|player|p1|Pokemon League 4|lucas|1384
|player|p2|QiYu3|drayden|1650
|teamsize|p1|6
|teamsize|p2|6
|gen|8
|tier|[Gen 8] Ubers
|rated|
|rule|Sleep Clause Mod: Limit one foe put to sleep
|rule|Species Clause: Limit one of each Pokémon
|rule|OHKO Clause: OHKO moves are banned
|rule|Evasion Items Clause: Evasion items are banned
|rule|Evasion Moves Clause: Evasion moves are banned
|rule|Endless Battle Clause: Forcing endless battles is banned
|rule|HP Percentage Mod: HP is shown in percentages
|rule|Dynamax Clause: You cannot dynamax
|clearpoke
|poke|p1|Whimsicott, M|
|poke|p1|Calyrex-Shadow|
|poke|p1|Zekrom|
|poke|p1|Xerneas-*|
|poke|p1|Necrozma-Dawn-Wings|
|poke|p1|Mew|
|poke|p2|Yveltal|
|poke|p2|Eternatus|
|poke|p2|Necrozma-Dusk-Mane|
|poke|p2|Groudon|
|poke|p2|Zekrom|
|poke|p2|Ho-Oh|
|teampreview
|
|t:|1665890164
|start
|switch|p1a: Necrozma|Necrozma-Dawn-Wings, shiny|100/100
|switch|p2a: 三拳打死镇关西|Groudon|100/100
|-weather|SunnyDay|[from] ability: Drought|[of] p2a: 三拳打死镇关西
|turn|1
|
|t:|1665890171
|move|p2a: 三拳打死镇关西|Precipice Blades|p1a: Necrozma
|-damage|p1a: Necrozma|63/100
|move|p1a: Necrozma|Stealth Rock|p2a: 三拳打死镇关西
|-sidestart|p2: QiYu3|move: Stealth Rock
|
|-weather|SunnyDay|[upkeep]
|-heal|p1a: Necrozma|69/100|[from] item: Leftovers
|upkeep
|turn|2
|
|t:|1665890175
|move|p2a: 三拳打死镇关西|Stealth Rock|p1a: Necrozma
|-sidestart|p1: Pokemon League 4|move: Stealth Rock
|move|p1a: Necrozma|Moonlight|p1a: Necrozma
|-heal|p1a: Necrozma|100/100
|
|-weather|SunnyDay|[upkeep]
|upkeep
|turn|3
|
|t:|1665890178
|move|p2a: 三拳打死镇关西|Rock Tomb|p1a: Necrozma
|-damage|p1a: Necrozma|88/100
|-unboost|p1a: Necrozma|spe|1
|move|p1a: Necrozma|Knock Off|p2a: 三拳打死镇关西
|-damage|p2a: 三拳打死镇关西|90/100
|-enditem|p2a: 三拳打死镇关西|Leftovers|[from] move: Knock Off|[of] p1a: Necrozma
|
|-weather|SunnyDay|[upkeep]
|-heal|p1a: Necrozma|94/100|[from] item: Leftovers
|upkeep
|turn|4
|
|t:|1665890181
|move|p2a: 三拳打死镇关西|Swords Dance|p2a: 三拳打死镇关西
|-boost|p2a: 三拳打死镇关西|atk|2
|move|p1a: Necrozma|Moongeist Beam|p2a: 三拳打死镇关西
|-damage|p2a: 三拳打死镇关西|36/100
|
|-weather|SunnyDay|[upkeep]
|-heal|p1a: Necrozma|99/100|[from] item: Leftovers
|upkeep
|turn|5
|
|t:|1665890184
|move|p2a: 三拳打死镇关西|Precipice Blades|p1a: Necrozma
|-damage|p1a: Necrozma|23/100
|move|p1a: Necrozma|Moongeist Beam|p2a: 三拳打死镇关西
|-damage|p2a: 三拳打死镇关西|0 fnt
|faint|p2a: 三拳打死镇关西
|
|-weather|none
|-heal|p1a: Necrozma|29/100|[from] item: Leftovers
|upkeep
|
|t:|1665890190
|switch|p2a: 宁做鸡头 不做凤王|Ho-Oh|100/100
|turn|6
|
|t:|1665890193
|move|p2a: 宁做鸡头 不做凤王|Brave Bird|p1a: Necrozma
|-damage|p1a: Necrozma|0 fnt
|faint|p1a: Necrozma
|-damage|p2a: 宁做鸡头 不做凤王|92/100|[from] Recoil
|
|upkeep
|
|t:|1665890196
|switch|p1a: Zekrom|Zekrom, shiny|100/100
|-damage|p1a: Zekrom|88/100|[from] Stealth Rock
|-ability|p1a: Zekrom|Teravolt
|turn|7
|
|t:|1665890201
|switch|p2a: 假猪套天下第一|Eternatus|100/100
|-damage|p2a: 假猪套天下第一|88/100|[from] Stealth Rock
|-ability|p2a: 假猪套天下第一|Pressure
|move|p1a: Zekrom|Dragon Dance|p1a: Zekrom
|-boost|p1a: Zekrom|atk|1
|-boost|p1a: Zekrom|spe|1
|
|-heal|p2a: 假猪套天下第一|94/100|[from] item: Black Sludge
|upkeep
|turn|8
|
|t:|1665890205
|move|p1a: Zekrom|Dragon Claw|p2a: 假猪套天下第一
|-supereffective|p2a: 假猪套天下第一
|-damage|p2a: 假猪套天下第一|0 fnt
|faint|p2a: 假猪套天下第一
|-damage|p1a: Zekrom|78/100|[from] item: Life Orb
|
|upkeep
|
|t:|1665890210
|switch|p2a: 体有金光 覆映吾身|Necrozma-Dusk-Mane|100/100
|-damage|p2a: 体有金光 覆映吾身|94/100|[from] Stealth Rock
|turn|9
|
|t:|1665890213
|move|p1a: Zekrom|Bolt Strike|p2a: 体有金光 覆映吾身
|-crit|p2a: 体有金光 覆映吾身
|-damage|p2a: 体有金光 覆映吾身|0 fnt
|faint|p2a: 体有金光 覆映吾身
|-damage|p1a: Zekrom|68/100|[from] item: Life Orb
|
|upkeep
|
|t:|1665890216
|switch|p2a: 雷电叫兽仰泳信|Zekrom|100/100
|-damage|p2a: 雷电叫兽仰泳信|88/100|[from] Stealth Rock
|-ability|p2a: 雷电叫兽仰泳信|Teravolt
|turn|10
|
|t:|1665890219
|move|p1a: Zekrom|Dragon Claw|p2a: 雷电叫兽仰泳信
|-supereffective|p2a: 雷电叫兽仰泳信
|-damage|p2a: 雷电叫兽仰泳信|0 fnt
|faint|p2a: 雷电叫兽仰泳信
|-damage|p1a: Zekrom|58/100|[from] item: Life Orb
|
|upkeep
|-message|QiYu3 forfeited.
|
|win|Pokemon League 4
|raw|Pokemon League 4's rating: 1384 &rarr; <strong>1417</strong><br />(+33 for winning)
|raw|QiYu3's rating: 1650 &rarr; <strong>1617</strong><br />(-33 for losing)
|l|☆QiYu3
