|j|☆Pkmn3443
|j|☆Mrdarkcyber
|t:|1634764344
|gametype|singles
|player|p1|Pkmn3443|170|1744
|player|p2|Mrdarkcyber|2|1484
|teamsize|p1|6
|teamsize|p2|6
|gen|8
|tier|[Gen 8] Ubers
|rated|
|rule|Sleep Clause Mod: Limit one foe put to sleep
|rule|Species Clause: Limit one of each Pokémon
|rule|OHKO Clause: OHKO moves are banned
|rule|Evasion Moves Clause: Evasion moves are banned
|rule|Endless Battle Clause: Forcing endless battles is banned
|rule|HP Percentage Mod: HP is shown in percentages
|rule|Dynamax Clause: You cannot dynamax
|clearpoke
|poke|p1|Blissey, F|
|poke|p1|Necrozma-Dusk-Mane|
|poke|p1|Ho-Oh|
|poke|p1|Eternatus|
|poke|p1|Ditto|
|poke|p1|Yveltal|
|poke|p2|Mewtwo|
|poke|p2|Dialga|
|poke|p2|Necrozma-Dusk-Mane|
|poke|p2|Calyrex-Shadow|
|poke|p2|Kyogre|
|poke|p2|Yveltal|
|teampreview
|inactive|Battle timer is ON: inactive players will automatically lose when time's up. (requested by Mrdarkcyber)
|
|t:|1634764366
|start
|switch|p1a: Ditto|Ditto|100/100
|switch|p2a: Dialga|Dialga|100/100
|-ability|p2a: Dialga|Pressure
|-transform|p1a: Ditto|p2a: Dialga|[from] ability: Imposter
|-ability|p1a: Ditto|Pressure
|turn|1
|
|t:|1634764374
|switch|p1a: Necrozma|Necrozma-Dusk-Mane|100/100
|move|p2a: Dialga|Draco Meteor|p1a: Necrozma
|-resisted|p1a: Necrozma
|-damage|p1a: Necrozma|61/100
|-unboost|p2a: Dialga|spa|2
|-damage|p2a: Dialga|91/100|[from] item: Life Orb
|
|upkeep
|turn|2
|
|t:|1634764387
|switch|p2a: Mewtwo|Mewtwo|100/100
|-ability|p2a: Mewtwo|Pressure
|move|p1a: Necrozma|Stealth Rock|p2a: Mewtwo
|-sidestart|p2: Mrdarkcyber|move: Stealth Rock
|
|upkeep
|turn|3
|
|t:|1634764391
|move|p2a: Mewtwo|Nasty Plot|p2a: Mewtwo
|-boost|p2a: Mewtwo|spa|2
|move|p1a: Necrozma|Knock Off|p2a: Mewtwo
|-supereffective|p2a: Mewtwo
|-damage|p2a: Mewtwo|31/100
|-enditem|p2a: Mewtwo|Kasib Berry|[from] move: Knock Off|[of] p1a: Necrozma
|
|upkeep
|turn|4
|
|t:|1634764398
|switch|p1a: Blissey|Blissey, F|100/100
|move|p2a: Mewtwo|Fire Blast|p1a: Blissey|[miss]
|-miss|p2a: Mewtwo|p1a: Blissey
|
|upkeep
|turn|5
|
|t:|1634764414
|switch|p1a: Necrozma|Necrozma-Dusk-Mane|61/100
|move|p2a: Mewtwo|Psystrike|p1a: Necrozma
|-resisted|p1a: Necrozma
|-damage|p1a: Necrozma|47/100
|
|upkeep
|turn|6
|
|t:|1634764421
|move|p2a: Mewtwo|Fire Blast|p1a: Necrozma
|-supereffective|p1a: Necrozma
|-damage|p1a: Necrozma|0 fnt
|faint|p1a: Necrozma
|
|upkeep
|
|t:|1634764423
|switch|p1a: Ditto|Ditto|100/100
|-transform|p1a: Ditto|p2a: Mewtwo|[from] ability: Imposter
|-ability|p1a: Ditto|Pressure
|turn|7
|inactive|Mrdarkcyber has 120 seconds left.
|
|t:|1634764463
|switch|p2a: Kyogre|Kyogre|100/100
|-damage|p2a: Kyogre|88/100|[from] Stealth Rock
|-weather|RainDance|[from] ability: Drizzle|[of] p2a: Kyogre
|move|p1a: Ditto|Ice Beam|p2a: Kyogre
|-resisted|p2a: Kyogre
|-damage|p2a: Kyogre|60/100
|
|-weather|RainDance|[upkeep]
|upkeep
|turn|8
|
|t:|1634764472
|switch|p1a: Blissey|Blissey, F|100/100
|move|p2a: Kyogre|Origin Pulse|p1a: Blissey|[miss]
|-miss|p2a: Kyogre|p1a: Blissey
|
|-weather|RainDance|[upkeep]
|upkeep
|turn|9
|inactive|Mrdarkcyber has 120 seconds left.
|
|t:|1634764491
|move|p2a: Kyogre|Origin Pulse|p1a: Blissey
|-damage|p1a: Blissey|84/100
|move|p1a: Blissey|Confide|p2a: Kyogre
|-unboost|p2a: Kyogre|spa|1
|
|-weather|RainDance|[upkeep]
|upkeep
|turn|10
|
|t:|1634764500
|switch|p2a: Necrozma|Necrozma-Dusk-Mane|100/100
|-damage|p2a: Necrozma|95/100|[from] Stealth Rock
|switch|p1a: Eternatus|Eternatus|100/100
|-ability|p1a: Eternatus|Pressure
|
|-weather|RainDance|[upkeep]
|upkeep
|turn|11
|
|t:|1634764505
|switch|p1a: Ho-Oh|Ho-Oh|100/100
|move|p2a: Necrozma|Dragon Dance|p2a: Necrozma
|-boost|p2a: Necrozma|atk|1
|-boost|p2a: Necrozma|spe|1
|
|-weather|none
|upkeep
|turn|12
|
|t:|1634764509
|move|p2a: Necrozma|Stone Edge|p1a: Ho-Oh
|-supereffective|p1a: Ho-Oh
|-damage|p1a: Ho-Oh|0 fnt
|faint|p1a: Ho-Oh
|
|upkeep
|
|t:|1634764512
|switch|p1a: Ditto|Ditto|100/100
|-transform|p1a: Ditto|p2a: Necrozma|[from] ability: Imposter
|turn|13
|
|t:|1634764514
|move|p1a: Ditto|Earthquake|p2a: Necrozma
|-supereffective|p2a: Necrozma
|-damage|p2a: Necrozma|19/100
|move|p2a: Necrozma|Earthquake|p1a: Ditto
|-supereffective|p1a: Ditto
|-damage|p1a: Ditto|8/100
|
|upkeep
|turn|14
|
|t:|1634764519
|move|p1a: Ditto|Earthquake|p2a: Necrozma
|-supereffective|p2a: Necrozma
|-damage|p2a: Necrozma|0 fnt
|faint|p2a: Necrozma
|
|upkeep
|
|t:|1634764527
|switch|p2a: Yveltal|Yveltal|100/100
|-damage|p2a: Yveltal|76/100|[from] Stealth Rock
|-ability|p2a: Yveltal|Dark Aura
|turn|15
|
|t:|1634764553
|switch|p1a: Yveltal|Yveltal|100/100
|-ability|p1a: Yveltal|Dark Aura
|move|p2a: Yveltal|Knock Off|p1a: Yveltal
|-resisted|p1a: Yveltal
|-damage|p1a: Yveltal|60/100
|-enditem|p1a: Yveltal|Heavy-Duty Boots|[from] move: Knock Off|[of] p2a: Yveltal
|
|upkeep
|turn|16
|
|t:|1634764561
|move|p2a: Yveltal|Dual Wingbeat|p1a: Yveltal
|-damage|p1a: Yveltal|40/100
|-damage|p1a: Yveltal|19/100
|-hitcount|p1a: Yveltal|2
|move|p1a: Yveltal|Knock Off|p2a: Yveltal
|-resisted|p2a: Yveltal
|-damage|p2a: Yveltal|51/100
|-enditem|p2a: Yveltal|Black Glasses|[from] move: Knock Off|[of] p1a: Yveltal
|
|upkeep
|turn|17
|
|t:|1634764568
|move|p2a: Yveltal|Dual Wingbeat|p1a: Yveltal|[miss]
|-miss|p2a: Yveltal|p1a: Yveltal
|move|p1a: Yveltal|Roost|p1a: Yveltal
|-heal|p1a: Yveltal|69/100
|-singleturn|p1a: Yveltal|move: Roost
|
|upkeep
|turn|18
|
|t:|1634764575
|move|p2a: Yveltal|Dual Wingbeat|p1a: Yveltal|[miss]
|-miss|p2a: Yveltal|p1a: Yveltal
|move|p1a: Yveltal|Roost|p1a: Yveltal
|-heal|p1a: Yveltal|100/100
|-singleturn|p1a: Yveltal|move: Roost
|
|upkeep
|turn|19
|
|t:|1634764578
|move|p2a: Yveltal|Dual Wingbeat|p1a: Yveltal
|-damage|p1a: Yveltal|78/100
|-damage|p1a: Yveltal|56/100
|-hitcount|p1a: Yveltal|2
|move|p1a: Yveltal|Oblivion Wing|p2a: Yveltal
|-damage|p2a: Yveltal|14/100
|-heal|p1a: Yveltal|83/100|[from] drain|[of] p2a: Yveltal
|
|upkeep
|turn|20
|
|t:|1634764582
|move|p1a: Yveltal|Oblivion Wing|p2a: Yveltal
|-damage|p2a: Yveltal|0 fnt
|-heal|p1a: Yveltal|94/100|[from] drain|[of] p2a: Yveltal
|faint|p2a: Yveltal
|
|upkeep
|
|t:|1634764588
|switch|p2a: Mewtwo|Mewtwo|31/100
|-damage|p2a: Mewtwo|18/100|[from] Stealth Rock
|-ability|p2a: Mewtwo|Pressure
|turn|21
|
|t:|1634764590
|move|p2a: Mewtwo|Ice Beam|p1a: Yveltal
|-supereffective|p1a: Yveltal
|-damage|p1a: Yveltal|33/100
|-status|p1a: Yveltal|frz
|cant|p1a: Yveltal|frz
|
|upkeep
|turn|22
|
|t:|1634764597
|move|p2a: Mewtwo|Ice Beam|p1a: Yveltal
|-supereffective|p1a: Yveltal
|-damage|p1a: Yveltal|0 fnt
|faint|p1a: Yveltal
|
|upkeep
|
|t:|1634764600
|switch|p1a: Ditto|Ditto|8/100
|-transform|p1a: Ditto|p2a: Mewtwo|[from] ability: Imposter
|-ability|p1a: Ditto|Pressure
|turn|23
|
|t:|1634764608
|move|p1a: Ditto|Psystrike|p2a: Mewtwo
|-resisted|p2a: Mewtwo
|-damage|p2a: Mewtwo|0 fnt
|faint|p2a: Mewtwo
|
|upkeep
|
|t:|1634764628
|switch|p2a: Dialga|Dialga|91/100
|-damage|p2a: Dialga|84/100|[from] Stealth Rock
|-ability|p2a: Dialga|Pressure
|turn|24
|
|t:|1634764632
|switch|p1a: Eternatus|Eternatus|100/100
|-ability|p1a: Eternatus|Pressure
|move|p2a: Dialga|Toxic|p1a: Eternatus
|-immune|p1a: Eternatus
|
|upkeep
|turn|25
|
|t:|1634764636
|move|p1a: Eternatus|Draco Meteor|p2a: Dialga
|-damage|p2a: Dialga|18/100
|-unboost|p1a: Eternatus|spa|2
|move|p2a: Dialga|Draco Meteor|p1a: Eternatus
|-supereffective|p1a: Eternatus
|-damage|p1a: Eternatus|0 fnt
|-unboost|p2a: Dialga|spa|2
|faint|p1a: Eternatus
|-damage|p2a: Dialga|8/100|[from] item: Life Orb
|
|upkeep
|
|t:|1634764643
|switch|p1a: Ditto|Ditto|8/100
|-transform|p1a: Ditto|p2a: Dialga|[from] ability: Imposter
|-ability|p1a: Ditto|Pressure
|turn|26
|inactive|Mrdarkcyber has 120 seconds left.
|
|t:|1634764683
|switch|p2a: Kyogre|Kyogre|60/100
|-damage|p2a: Kyogre|47/100|[from] Stealth Rock
|-weather|RainDance|[from] ability: Drizzle|[of] p2a: Kyogre
|move|p1a: Ditto|Draco Meteor|p2a: Kyogre
|-damage|p2a: Kyogre|21/100
|-unboost|p1a: Ditto|spa|2
|
|-weather|RainDance|[upkeep]
|upkeep
|turn|27
|
|t:|1634764710
|switch|p1a: Blissey|Blissey, F|84/100
|move|p2a: Kyogre|Origin Pulse|p1a: Blissey
|-damage|p1a: Blissey|65/100
|
|-weather|RainDance|[upkeep]
|upkeep
|turn|28
|
|t:|1634764718
|move|p2a: Kyogre|Origin Pulse|p1a: Blissey
|-damage|p1a: Blissey|46/100
|move|p1a: Blissey|Confide|p2a: Kyogre
|-unboost|p2a: Kyogre|spa|1
|
|-weather|RainDance|[upkeep]
|upkeep
|turn|29
|
|t:|1634764720
|move|p2a: Kyogre|Origin Pulse|p1a: Blissey
|-damage|p1a: Blissey|35/100
|move|p1a: Blissey|Soft-Boiled|p1a: Blissey
|-heal|p1a: Blissey|85/100
|
|-weather|RainDance|[upkeep]
|upkeep
|turn|30
|
|t:|1634764723
|move|p2a: Kyogre|Origin Pulse|p1a: Blissey
|-damage|p1a: Blissey|72/100
|move|p1a: Blissey|Confide|p2a: Kyogre
|-unboost|p2a: Kyogre|spa|1
|
|-weather|none
|upkeep
|turn|31
|
|t:|1634764725
|move|p2a: Kyogre|Origin Pulse|p1a: Blissey|[miss]
|-miss|p2a: Kyogre|p1a: Blissey
|move|p1a: Blissey|Confide|p2a: Kyogre
|-unboost|p2a: Kyogre|spa|1
|
|upkeep
|turn|32
|
|t:|1634764727
|move|p2a: Kyogre|Origin Pulse|p1a: Blissey|[miss]
|-miss|p2a: Kyogre|p1a: Blissey
|move|p1a: Blissey|Confide|p2a: Kyogre
|-unboost|p2a: Kyogre|spa|1
|
|upkeep
|turn|33
|
|t:|1634764729
|move|p2a: Kyogre|Origin Pulse|p1a: Blissey
|-damage|p1a: Blissey|67/100
|move|p1a: Blissey|Confide|p2a: Kyogre
|-unboost|p2a: Kyogre|spa|1
|
|upkeep
|turn|34
|
|t:|1634764731
|move|p2a: Kyogre|Origin Pulse|p1a: Blissey
|-damage|p1a: Blissey|62/100
|move|p1a: Blissey|Confide|p2a: Kyogre
|-unboost|p2a: Kyogre|spa|1
|
|upkeep
|turn|35
|
|t:|1634764732
|move|p2a: Kyogre|Origin Pulse|p1a: Blissey
|-damage|p1a: Blissey|58/100
|move|p1a: Blissey|Confide|p2a: Kyogre
|-unboost|p2a: Kyogre|spa|0
|
|upkeep
|turn|36
|
|t:|1634764734
|move|p2a: Kyogre|Origin Pulse|p1a: Blissey
|-damage|p1a: Blissey|53/100
|move|p1a: Blissey|Soft-Boiled|p1a: Blissey
|-heal|p1a: Blissey|100/100
|
|upkeep
|turn|37
|
|t:|1634764738
|move|p2a: Kyogre|Origin Pulse|p1a: Blissey
|-damage|p1a: Blissey|96/100
|move|p1a: Blissey|Confide|p2a: Kyogre
|-unboost|p2a: Kyogre|spa|0
|
|upkeep
|turn|38
|
|t:|1634764741
|move|p2a: Kyogre|Origin Pulse|p1a: Blissey
|-damage|p1a: Blissey|91/100
|move|p1a: Blissey|Seismic Toss|p2a: Kyogre
|-damage|p2a: Kyogre|0 fnt
|faint|p2a: Kyogre
|
|upkeep
|
|t:|1634764743
|switch|p2a: Dialga|Dialga|8/100
|-damage|p2a: Dialga|2/100|[from] Stealth Rock
|-ability|p2a: Dialga|Pressure
|turn|39
|
|t:|1634764748
|switch|p1a: Ditto|Ditto|8/100
|-transform|p1a: Ditto|p2a: Dialga|[from] ability: Imposter
|-ability|p1a: Ditto|Pressure
|move|p2a: Dialga|Stealth Rock|p1a: Ditto
|-sidestart|p1: Pkmn3443|move: Stealth Rock
|
|upkeep
|turn|40
|
|t:|1634764757
|move|p1a: Ditto|Draco Meteor|p2a: Dialga
|-damage|p2a: Dialga|0 fnt
|-unboost|p1a: Ditto|spa|2
|faint|p2a: Dialga
|
|upkeep
|
|t:|1634764759
|switch|p2a: Calyrex|Calyrex-Shadow|100/100
|-ability|p2a: Calyrex|As One
|-ability|p2a: Calyrex|Unnerve
|-damage|p2a: Calyrex|88/100|[from] Stealth Rock
|turn|41
|
|t:|1634764773
|move|p1a: Ditto|Draco Meteor|p2a: Calyrex
|-damage|p2a: Calyrex|49/100
|-unboost|p1a: Ditto|spa|2
|move|p2a: Calyrex|Psyshock|p1a: Ditto
|-resisted|p1a: Ditto
|-damage|p1a: Ditto|0 fnt
|faint|p1a: Ditto
|-ability|p2a: Calyrex|Grim Neigh|boost
|-boost|p2a: Calyrex|spa|1
|
|upkeep
|
|t:|1634764777
|switch|p1a: Blissey|Blissey, F|91/100
|-damage|p1a: Blissey|79/100|[from] Stealth Rock
|turn|42
|
|t:|1634764779
|move|p2a: Calyrex|Psyshock|p1a: Blissey
|-damage|p1a: Blissey|0 fnt
|faint|p1a: Blissey
|
|win|Mrdarkcyber
|raw|Pkmn3443's rating: 1744 &rarr; <strong>1711</strong><br />(-33 for losing)
|raw|Mrdarkcyber's rating: 1484 &rarr; <strong>1517</strong><br />(+33 for winning)
