|j|☆KappatheKeppo
|j|☆china boysss
|player|p1|KappatheKeppo|plasmagrunt-gen5bw|1337
|player|p2|china boysss|dawn|1154
|teamsize|p1|6
|teamsize|p2|6
|gametype|singles
|gen|8
|tier|[Gen 8] Ubers
|rated|
|clearpoke
|poke|p1|Darmanitan-Galar, F|
|poke|p1|Eternatus|
|poke|p1|Zekrom|
|poke|p1|Marshadow|
|poke|p1|Zacian-Crowned|
|poke|p1|Pyukumuku, M|
|poke|p2|Darmanitan, F|
|poke|p2|Necrozma-Dusk-Mane|
|poke|p2|Zacian-Crowned|
|poke|p2|Snorlax, F|
|poke|p2|Dracovish|
|poke|p2|Dugtrio, F|
|rule|Sleep Clause Mod: Limit one foe put to sleep
|rule|Species Clause: Limit one of each Pokémon
|rule|OHKO Clause: OHKO moves are banned
|rule|Evasion Moves Clause: Evasion moves are banned
|rule|Endless Battle Clause: Forcing endless battles is banned
|rule|HP Percentage Mod: HP is shown in percentages
|teampreview
|inactive|Battle timer is ON: inactive players will automatically lose when time's up. (requested by china boysss)
|
|start
|switch|p1a: Darmanitan|Darmanitan-Galar, F|100/100
|switch|p2a: Dracovish|Dracovish|100/100
|turn|1
|
|move|p1a: Darmanitan|Icicle Crash|p2a: Dracovish|[miss]
|-miss|p1a: Darmanitan|p2a: Dracovish
|move|p2a: Dracovish|Fishious Rend|p1a: Darmanitan
|-damage|p1a: Darmanitan|24/100
|
|upkeep
|turn|2
|
|move|p1a: Darmanitan|Icicle Crash|p2a: Dracovish
|-damage|p2a: Dracovish|31/100
|move|p2a: Dracovish|Fishious Rend|p1a: Darmanitan
|-damage|p1a: Darmanitan|0 fnt
|faint|p1a: Darmanitan
|
|upkeep
|
|switch|p1a: Zacian|Zacian-Crowned|100/100
|-ability|p1a: Zacian|Intrepid Sword|boost
|-boost|p1a: Zacian|atk|1
|turn|3
|
|move|p1a: Zacian|Play Rough|p2a: Dracovish
|-supereffective|p2a: Dracovish
|-damage|p2a: Dracovish|0 fnt
|faint|p2a: Dracovish
|
|upkeep
|
|switch|p2a: Necrozma|Necrozma-Dusk-Mane|100/100
|turn|4
|
|move|p1a: Zacian|Close Combat|p2a: Necrozma
|-damage|p2a: Necrozma|44/100
|-unboost|p1a: Zacian|def|1
|-unboost|p1a: Zacian|spd|1
|move|p2a: Necrozma|Trick Room|p2a: Necrozma
|-fieldstart|move: Trick Room|[of] p2a: Necrozma
|
|upkeep
|turn|5
|
|move|p2a: Necrozma|Earthquake|p1a: Zacian
|-supereffective|p1a: Zacian
|-damage|p1a: Zacian|0 fnt
|faint|p1a: Zacian
|
|upkeep
|
|switch|p1a: Pyukumuku|Pyukumuku, M|100/100
|turn|6
|
|switch|p2a: Dugtrio|Dugtrio, F|100/100
|move|p1a: Pyukumuku|Counter||[still]
|-fail|p1a: Pyukumuku
|
|upkeep
|turn|7
|
|move|p1a: Pyukumuku|Toxic|p2a: Dugtrio
|-status|p2a: Dugtrio|tox
|move|p2a: Dugtrio|Stealth Rock|p1a: Pyukumuku
|-sidestart|p1: KappatheKeppo|move: Stealth Rock
|
|-damage|p2a: Dugtrio|94/100 tox|[from] psn
|upkeep
|turn|8
|
|move|p2a: Dugtrio|Memento|p1a: Pyukumuku
|-unboost|p1a: Pyukumuku|atk|2
|-unboost|p1a: Pyukumuku|spa|2
|faint|p2a: Dugtrio
|move|p1a: Pyukumuku|Counter|p2: Dugtrio|[notarget]
|-fail|p1a: Pyukumuku
|
|-fieldend|move: Trick Room
|upkeep
|
|switch|p2a: Darmanitan|Darmanitan, F|100/100
|turn|9
|
|-start|p2a: Darmanitan|Dynamax
|-heal|p2a: Darmanitan|100/100|[silent]
|move|p2a: Darmanitan|Max Knuckle|p1a: Pyukumuku
|-damage|p1a: Pyukumuku|68/100
|-boost|p2a: Darmanitan|atk|1
|move|p1a: Pyukumuku|Counter|p2a: Darmanitan
|-damage|p2a: Darmanitan|71/100
|
|-heal|p1a: Pyukumuku|74/100|[from] item: Leftovers
|upkeep
|turn|10
|
|move|p2a: Darmanitan|Max Knuckle|p1a: Pyukumuku
|-damage|p1a: Pyukumuku|46/100
|-boost|p2a: Darmanitan|atk|1
|move|p1a: Pyukumuku|Counter|p2a: Darmanitan
|-damage|p2a: Darmanitan|46/100
|
|-heal|p1a: Pyukumuku|52/100|[from] item: Leftovers
|upkeep
|turn|11
|
|move|p2a: Darmanitan|Max Flare|p1a: Pyukumuku
|-resisted|p1a: Pyukumuku
|-damage|p1a: Pyukumuku|17/100
|-weather|SunnyDay
|move|p1a: Pyukumuku|Counter|p2a: Darmanitan
|-damage|p2a: Darmanitan|15/100
|
|-weather|SunnyDay|[upkeep]
|-heal|p1a: Pyukumuku|23/100|[from] item: Leftovers
|-end|p2a: Darmanitan|Dynamax
|-heal|p2a: Darmanitan|15/100|[silent]
|upkeep
|turn|12
|
|move|p2a: Darmanitan|Flare Blitz|p1a: Pyukumuku
|-resisted|p1a: Pyukumuku
|-damage|p1a: Pyukumuku|0 fnt
|-damage|p2a: Darmanitan|8/100|[from] Recoil
|faint|p1a: Pyukumuku
|
|-weather|SunnyDay|[upkeep]
|upkeep
|
|switch|p1a: Zekrom|Zekrom|100/100
|-damage|p1a: Zekrom|88/100|[from] Stealth Rock
|-ability|p1a: Zekrom|Teravolt
|turn|13
|
|move|p2a: Darmanitan|Flare Blitz|p1a: Zekrom
|-resisted|p1a: Zekrom
|-damage|p1a: Zekrom|0 fnt
|-damage|p2a: Darmanitan|0 fnt|[from] Recoil
|faint|p1a: Zekrom
|faint|p2a: Darmanitan
|
|-weather|SunnyDay|[upkeep]
|upkeep
|-message|KappatheKeppo forfeited.
|
|win|china boysss
|l|☆KappatheKeppo
