|j|☆Xeoswift17
|j|☆puissance du feu
|t:|1667992445
|gametype|singles
|player|p1|Xeoswift17|lucas-gen4pt|1386
|player|p2|puissance du feu|blackbelt-gen4dp|1380
|teamsize|p1|6
|teamsize|p2|6
|gen|8
|tier|[Gen 8] Ubers
|rated|
|rule|Sleep Clause Mod: Limit one foe put to sleep
|rule|Species Clause: Limit one of each Pokémon
|rule|OHKO Clause: OHKO moves are banned
|rule|Evasion Items Clause: Evasion items are banned
|rule|Evasion Moves Clause: Evasion moves are banned
|rule|Endless Battle Clause: Forcing endless battles is banned
|rule|HP Percentage Mod: HP is shown in percentages
|rule|Dynamax Clause: You cannot dynamax
|clearpoke
|poke|p1|Yveltal|
|poke|p1|Ho-Oh|
|poke|p1|Xerneas-*|
|poke|p1|Marshadow|
|poke|p1|Kyogre|
|poke|p1|Eternatus|
|poke|p2|Weavile, F|
|poke|p2|Giratina-Origin|
|poke|p2|Ho-Oh|
|poke|p2|Mewtwo|
|poke|p2|Skarmory, F|
|poke|p2|Ditto|
|teampreview
|inactive|Battle timer is ON: inactive players will automatically lose when time's up. (requested by Xeoswift17)
|inactive|puissance du feu also wants the timer to be on.
|
|t:|1667992457
|start
|switch|p1a: Beastie|Eternatus|100/100
|switch|p2a: Flano|Skarmory, F|100/100
|-ability|p1a: Beastie|Pressure
|turn|1
|
|t:|1667992470
|switch|p2a: Ho-Pla|Ho-Oh|100/100
|move|p1a: Beastie|Meteor Beam||[still]
|-prepare|p1a: Beastie|Meteor Beam
|-boost|p1a: Beastie|spa|1
|-enditem|p1a: Beastie|Power Herb
|-anim|p1a: Beastie|Meteor Beam|p2a: Ho-Pla
|-supereffective|p2a: Ho-Pla
|-damage|p2a: Ho-Pla|0 fnt
|faint|p2a: Ho-Pla
|
|upkeep
|
|t:|1667992481
|switch|p2a: Anarka|Ditto|100/100
|-transform|p2a: Anarka|p1a: Beastie|[from] ability: Imposter
|-ability|p2a: Anarka|Pressure
|turn|2
|
|t:|1667992502
|move|p2a: Anarka|Dynamax Cannon|p1a: Beastie
|-supereffective|p1a: Beastie
|-damage|p1a: Beastie|0 fnt
|faint|p1a: Beastie
|
|upkeep
|
|t:|1667992505
|switch|p1a: Zernie Sanders|Xerneas, shiny|100/100
|-ability|p1a: Zernie Sanders|Fairy Aura
|turn|3
|inactive|puissance du feu has 120 seconds left.
|c|☆puissance du feu|Why is is it the tenth time.i see those names
|
|t:|1667992544
|switch|p2a: Flano|Skarmory, F|100/100
|move|p1a: Zernie Sanders|Geomancy||[still]
|-prepare|p1a: Zernie Sanders|Geomancy
|-enditem|p1a: Zernie Sanders|Power Herb
|-anim|p1a: Zernie Sanders|Geomancy|p1a: Zernie Sanders
|-boost|p1a: Zernie Sanders|spa|2
|-boost|p1a: Zernie Sanders|spd|2
|-boost|p1a: Zernie Sanders|spe|2
|
|upkeep
|turn|4
|
|t:|1667992555
|move|p1a: Zernie Sanders|Thunderbolt|p2a: Flano
|-supereffective|p2a: Flano
|-ability|p2a: Flano|Sturdy
|-damage|p2a: Flano|1/100
|move|p2a: Flano|Spikes|p1a: Zernie Sanders
|-sidestart|p1: Xeoswift17|Spikes
|
|upkeep
|turn|5
|
|t:|1667992563
|move|p1a: Zernie Sanders|Thunderbolt|p2a: Flano
|-supereffective|p2a: Flano
|-damage|p2a: Flano|0 fnt
|faint|p2a: Flano
|
|upkeep
|
|t:|1667992575
|switch|p2a: Po Fa|Mewtwo|100/100
|-ability|p2a: Po Fa|Pressure
|turn|6
|
|t:|1667992582
|move|p2a: Po Fa|Psystrike|p1a: Zernie Sanders
|-damage|p1a: Zernie Sanders|56/100
|move|p1a: Zernie Sanders|Moonblast|p2a: Po Fa
|-damage|p2a: Po Fa|0 fnt
|faint|p2a: Po Fa
|
|upkeep
|
|t:|1667992592
|switch|p2a: Anarka|Ditto|100/100
|-transform|p2a: Anarka|p1a: Zernie Sanders|[from] ability: Imposter
|-ability|p2a: Anarka|Fairy Aura
|turn|7
|
|t:|1667992609
|move|p2a: Anarka|Moonblast|p1a: Zernie Sanders
|-damage|p1a: Zernie Sanders|1/100
|move|p1a: Zernie Sanders|Psyshock|p2a: Anarka
|-damage|p2a: Anarka|25/100
|
|upkeep
|turn|8
|inactive|puissance du feu has 120 seconds left.
|
|t:|1667992620
|move|p2a: Anarka|Moonblast|p1a: Zernie Sanders
|-damage|p1a: Zernie Sanders|0 fnt
|faint|p1a: Zernie Sanders
|
|upkeep
|
|t:|1667992640
|switch|p1a: Oh-No|Ho-Oh|100/100
|turn|9
|inactive|puissance du feu has 120 seconds left.
|
|t:|1667992653
|switch|p2a: Gono|Giratina-Origin|100/100
|move|p1a: Oh-No|Defog|p2a: Gono
|-unboost|p2a: Gono|evasion|1
|-sideend|p1: Xeoswift17|Spikes|[from] move: Defog|[of] p1a: Oh-No
|
|upkeep
|turn|10
|inactive|puissance du feu has 120 seconds left.
|
|t:|1667992671
|move|p2a: Gono|Outrage|p1a: Oh-No
|-damage|p1a: Oh-No|28/100
|move|p1a: Oh-No|Toxic|p2a: Gono
|-status|p2a: Gono|tox
|
|-damage|p2a: Gono|94/100 tox|[from] psn
|upkeep
|turn|11
|
|t:|1667992681
|move|p2a: Gono|Outrage|p1a: Oh-No|[from]lockedmove
|-damage|p1a: Oh-No|0 fnt
|faint|p1a: Oh-No
|
|-damage|p2a: Gono|82/100 tox|[from] psn
|upkeep
|inactive|Xeoswift17 has 120 seconds left.
|
|t:|1667992733
|switch|p1a: Marshmallow|Marshadow|100/100
|turn|12
|
|t:|1667992740
|move|p1a: Marshmallow|Spectral Thief|p2a: Gono
|-supereffective|p2a: Gono
|-damage|p2a: Gono|10/100 tox
|move|p2a: Gono|Outrage|p1a: Marshmallow|[from]lockedmove
|-damage|p1a: Marshmallow|12/100
|-start|p2a: Gono|confusion|[fatigue]
|
|-damage|p2a: Gono|0 fnt|[from] psn
|faint|p2a: Gono
|upkeep
|
|t:|1667992759
|switch|p2a: Anarka|Ditto|25/100
|-transform|p2a: Anarka|p1a: Marshmallow|[from] ability: Imposter
|turn|13
|
|t:|1667992767
|move|p2a: Anarka|Shadow Sneak|p1a: Marshmallow
|-supereffective|p1a: Marshmallow
|-damage|p1a: Marshmallow|0 fnt
|faint|p1a: Marshmallow
|
|upkeep
|
|t:|1667992770
|switch|p1a: Bloodbath|Yveltal, shiny|100/100
|-ability|p1a: Bloodbath|Dark Aura
|turn|14
|
|t:|1667992780
|move|p2a: Anarka|Shadow Sneak|p1a: Bloodbath
|-resisted|p1a: Bloodbath
|-damage|p1a: Bloodbath|87/100
|move|p1a: Bloodbath|Knock Off|p2a: Anarka
|-damage|p2a: Anarka|0 fnt
|-enditem|p2a: Anarka|Choice Scarf|[from] move: Knock Off|[of] p1a: Bloodbath
|faint|p2a: Anarka
|
|upkeep
|
|t:|1667992793
|switch|p2a: Pilenonan|Weavile, F|100/100
|turn|15
|
|t:|1667992804
|move|p2a: Pilenonan|Swords Dance|p2a: Pilenonan
|-boost|p2a: Pilenonan|atk|2
|move|p1a: Bloodbath|Knock Off|p2a: Pilenonan
|-resisted|p2a: Pilenonan
|-damage|p2a: Pilenonan|10/100
|-enditem|p2a: Pilenonan|Focus Sash|[from] move: Knock Off|[of] p1a: Bloodbath
|-enditem|p1a: Bloodbath|Choice Band|[silent]|[from] ability: Pickpocket|[of] p1a: Bloodbath
|-item|p2a: Pilenonan|Choice Band|[from] ability: Pickpocket|[of] p1a: Bloodbath
|
|upkeep
|turn|16
|inactive|puissance du feu has 120 seconds left.
|inactive|Xeoswift17 has 120 seconds left.
|
|t:|1667992847
|move|p2a: Pilenonan|Triple Axel|p1a: Bloodbath
|-supereffective|p1a: Bloodbath
|-damage|p1a: Bloodbath|37/100
|-hitcount|p1a: Bloodbath|1
|move|p1a: Bloodbath|U-turn|p2a: Pilenonan
|-supereffective|p2a: Pilenonan
|-damage|p2a: Pilenonan|0 fnt
|faint|p2a: Pilenonan
|
|win|Xeoswift17
|raw|Xeoswift17's rating: 1386 &rarr; <strong>1406</strong><br />(+20 for winning)
|raw|puissance du feu's rating: 1380 &rarr; <strong>1360</strong><br />(-20 for losing)
|c|☆Xeoswift17|gg
|c|☆puissance du feu|Sucker punch ?
|c|☆puissance du feu|Gg
|c|☆Xeoswift17|no ice shard?
|c|☆puissance du feu|I played risk
|c|☆Xeoswift17|ahh
|c|☆puissance du feu|Because of band
|c|☆puissance du feu|Do u have sucker punch ?
|c|☆Xeoswift17|i do
||Ladder isn't responding, score probably updated but might not have (Request timeout).
|c|☆puissance du feu|Aight
|c|☆puissance du feu|See ya
|c|☆Xeoswift17|but if you ice sharded ot wouldve been pointless
|c|☆Xeoswift17|see ya
