|j|☆ray712
|j|☆Yuki awsl
|player|p1|ray712|ethan|1568
|player|p2|Yuki awsl|266|1393
|teamsize|p1|6
|teamsize|p2|6
|gametype|singles
|gen|8
|tier|[Gen 8] Ubers
|rated|
|clearpoke
|poke|p1|Eternatus|
|poke|p1|Corviknight, M|
|poke|p1|Dugtrio, F|
|poke|p1|Clefable, M|
|poke|p1|Ferrothorn, M|
|poke|p1|Snorlax, F|
|poke|p2|Torkoal, M|
|poke|p2|Rotom-Wash|
|poke|p2|Excadrill, F|
|poke|p2|Shiftry, F|
|poke|p2|Hatterene, F|
|poke|p2|Charizard, F|
|rule|Sleep Clause Mod: Limit one foe put to sleep
|rule|Species Clause: Limit one of each Pokémon
|rule|OHKO Clause: OHKO moves are banned
|rule|Evasion Moves Clause: Evasion moves are banned
|rule|Endless Battle Clause: Forcing endless battles is banned
|rule|HP Percentage Mod: HP is shown in percentages
|teampreview
|inactive|Battle timer is ON: inactive players will automatically lose when time's up. (requested by Yuki awsl)
|
|start
|switch|p1a: Snorlax|Snorlax, F|100/100
|switch|p2a: Rotom|Rotom-Wash|100/100
|turn|1
|
|move|p2a: Rotom|Trick|p1a: Snorlax
|-activate|p2a: Rotom|move: Trick|[of] p1a: Snorlax
|-item|p1a: Snorlax|Choice Scarf|[from] move: Trick
|-item|p2a: Rotom|Leftovers|[from] move: Trick
|move|p1a: Snorlax|Body Slam|p2a: Rotom
|-damage|p2a: Rotom|65/100
|
|-heal|p2a: Rotom|70/100|[from] item: Leftovers
|upkeep
|turn|2
|
|move|p2a: Rotom|Volt Switch|p1a: Snorlax
|-damage|p1a: Snorlax|89/100
|
|switch|p2a: Torkoal|Torkoal, M|100/100|[from]move: Volt Switch
|-weather|SunnyDay|[from] ability: Drought|[of] p2a: Torkoal
|move|p1a: Snorlax|Body Slam|p2a: Torkoal
|-damage|p2a: Torkoal|83/100
|-status|p2a: Torkoal|par
|
|-weather|SunnyDay|[upkeep]
|upkeep
|turn|3
|
|switch|p1a: Dugtrio|Dugtrio, F|100/100
|move|p2a: Torkoal|Stealth Rock|p1a: Dugtrio
|-sidestart|p1: ray712|move: Stealth Rock
|
|-weather|SunnyDay|[upkeep]
|upkeep
|turn|4
|
|move|p1a: Dugtrio|Earthquake|p2a: Torkoal
|-supereffective|p2a: Torkoal
|-damage|p2a: Torkoal|27/100 par
|move|p2a: Torkoal|Lava Plume|p1a: Dugtrio
|-damage|p1a: Dugtrio|22/100
|
|-weather|SunnyDay|[upkeep]
|upkeep
|turn|5
|
|move|p1a: Dugtrio|Earthquake|p2a: Torkoal
|-supereffective|p2a: Torkoal
|-damage|p2a: Torkoal|0 fnt
|faint|p2a: Torkoal
|
|-weather|SunnyDay|[upkeep]
|upkeep
|
|switch|p2a: Charizard|Charizard, F, shiny|100/100
|turn|6
|
|switch|p1a: Eternatus|Eternatus|100/100
|-damage|p1a: Eternatus|88/100|[from] Stealth Rock
|-ability|p1a: Eternatus|Pressure
|-start|p2a: Charizard|Dynamax
|-formechange|p2a: Charizard|Charizard-Gmax
|-heal|p2a: Charizard|100/100|[silent]
|move|p2a: Charizard|Max Airstream|p1a: Eternatus
|-damage|p1a: Eternatus|0 fnt
|-boost|p2a: Charizard|spe|1
|-damage|p2a: Charizard|96/100|[from] item: Life Orb
|faint|p1a: Eternatus
|
|-weather|SunnyDay|[upkeep]
|-damage|p2a: Charizard|89/100|[from] ability: Solar Power|[of] p2a: Charizard
|upkeep
|
|switch|p1a: Snorlax|Snorlax, F|89/100
|-damage|p1a: Snorlax|77/100|[from] Stealth Rock
|turn|7
|
|-start|p1a: Snorlax|Dynamax
|-heal|p1a: Snorlax|77/100|[silent]
|move|p2a: Charizard|G-Max Wildfire|p1a: Snorlax
|-damage|p1a: Snorlax|54/100
|-sidestart|p1: ray712|G-Max Wildfire
|-damage|p2a: Charizard|85/100|[from] item: Life Orb
|move|p1a: Snorlax|Max Strike|p2a: Charizard
|-damage|p2a: Charizard|52/100
|-unboost|p2a: Charizard|spe|1
|
|-weather|SunnyDay|[upkeep]
|-damage|p2a: Charizard|46/100|[from] ability: Solar Power|[of] p2a: Charizard
|-damage|p1a: Snorlax|46/100|[from] G-Max Wildfire
|upkeep
|turn|8
|
|move|p1a: Snorlax|Max Guard|p1a: Snorlax
|-singleturn|p1a: Snorlax|Max Guard
|move|p2a: Charizard|G-Max Wildfire|p1a: Snorlax
|-activate|p1a: Snorlax|move: Max Guard
|
|-weather|SunnyDay|[upkeep]
|-damage|p2a: Charizard|40/100|[from] ability: Solar Power|[of] p2a: Charizard
|-end|p2a: Charizard|Dynamax
|-formechange|p2a: Charizard|Charizard
|-heal|p2a: Charizard|40/100|[silent]
|-damage|p1a: Snorlax|38/100|[from] G-Max Wildfire
|upkeep
|turn|9
|
|switch|p2a: Excadrill|Excadrill, F|100/100
|-ability|p2a: Excadrill|Mold Breaker
|move|p1a: Snorlax|Max Strike|p2a: Excadrill
|-resisted|p2a: Excadrill
|-damage|p2a: Excadrill|68/100
|-unboost|p2a: Excadrill|spe|1
|
|-weather|none
|-heal|p2a: Excadrill|74/100|[from] item: Leftovers
|-end|p1a: Snorlax|Dynamax
|-heal|p1a: Snorlax|38/100|[silent]
|-damage|p1a: Snorlax|21/100|[from] G-Max Wildfire
|upkeep
|turn|10
|
|switch|p1a: Corviknight|Corviknight, M|100/100
|-damage|p1a: Corviknight|88/100|[from] Stealth Rock
|-ability|p1a: Corviknight|Pressure
|move|p2a: Excadrill|Earthquake|p1a: Corviknight
|-immune|p1a: Corviknight
|
|-heal|p2a: Excadrill|80/100|[from] item: Leftovers
|-sideend|p1: ray712|G-Max Wildfire
|upkeep
|turn|11
|
|switch|p2a: Charizard|Charizard, F, shiny|40/100
|move|p1a: Corviknight|Defog|p2a: Charizard
|-unboost|p2a: Charizard|evasion|1
|-sideend|p1: ray712|Stealth Rock|[from] move: Defog|[of] p1a: Corviknight
|
|upkeep
|turn|12
|
|switch|p1a: Snorlax|Snorlax, F|21/100
|move|p2a: Charizard|Fire Blast|p1a: Snorlax
|-damage|p1a: Snorlax|6/100
|-damage|p2a: Charizard|30/100|[from] item: Life Orb
|
|upkeep
|turn|13
|
|move|p2a: Charizard|Dragon Pulse|p1a: Snorlax
|-damage|p1a: Snorlax|0 fnt
|-damage|p2a: Charizard|20/100|[from] item: Life Orb
|faint|p1a: Snorlax
|
|upkeep
|
|switch|p1a: Dugtrio|Dugtrio, F|22/100
|turn|14
|
|switch|p2a: Rotom|Rotom-Wash|70/100
|move|p1a: Dugtrio|Shadow Claw|p2a: Rotom
|-damage|p2a: Rotom|46/100
|
|-heal|p2a: Rotom|52/100|[from] item: Leftovers
|upkeep
|turn|15
|
|move|p1a: Dugtrio|Shadow Claw|p2a: Rotom
|-damage|p2a: Rotom|26/100
|move|p2a: Rotom|Hydro Pump|p1a: Dugtrio
|-supereffective|p1a: Dugtrio
|-damage|p1a: Dugtrio|0 fnt
|faint|p1a: Dugtrio
|
|-heal|p2a: Rotom|32/100|[from] item: Leftovers
|upkeep
|
|switch|p1a: Clefable|Clefable, M|100/100
|turn|16
|
|move|p2a: Rotom|Volt Switch|p1a: Clefable
|-damage|p1a: Clefable|76/100
|
|switch|p2a: Hatterene|Hatterene, F|100/100|[from]move: Volt Switch
|move|p1a: Clefable|Stealth Rock|p2a: Hatterene
|move|p2a: Hatterene|Stealth Rock|p1a: Clefable|[from]Magic Bounce
|-sidestart|p1: ray712|move: Stealth Rock
|
|upkeep
|turn|17
|
|move|p1a: Clefable|Moonblast|p2a: Hatterene
|-damage|p2a: Hatterene|44/100
|-unboost|p2a: Hatterene|spa|1
|move|p2a: Hatterene|Calm Mind|p2a: Hatterene
|-boost|p2a: Hatterene|spa|1
|-boost|p2a: Hatterene|spd|1
|
|-heal|p2a: Hatterene|50/100|[from] item: Leftovers
|upkeep
|turn|18
|
|move|p1a: Clefable|Moonblast|p2a: Hatterene
|-damage|p2a: Hatterene|10/100
|-unboost|p2a: Hatterene|spa|1
|move|p2a: Hatterene|Draining Kiss|p1a: Clefable
|-damage|p1a: Clefable|63/100
|-heal|p2a: Hatterene|22/100|[from] drain|[of] p1a: Clefable
|
|-heal|p2a: Hatterene|28/100|[from] item: Leftovers
|upkeep
|turn|19
|
|switch|p2a: Excadrill|Excadrill, F|80/100
|-ability|p2a: Excadrill|Mold Breaker
|move|p1a: Clefable|Moonblast|p2a: Excadrill
|-resisted|p2a: Excadrill
|-damage|p2a: Excadrill|44/100
|-unboost|p2a: Excadrill|spa|1
|
|-heal|p2a: Excadrill|50/100|[from] item: Leftovers
|upkeep
|turn|20
|
|switch|p2a: Charizard|Charizard, F, shiny|20/100
|switch|p1a: Corviknight|Corviknight, M|88/100
|-damage|p1a: Corviknight|76/100|[from] Stealth Rock
|-ability|p1a: Corviknight|Pressure
|
|upkeep
|turn|21
|
|switch|p1a: Clefable|Clefable, M|63/100
|move|p2a: Charizard|Fire Blast|p1a: Clefable
|-damage|p1a: Clefable|2/100
|-damage|p2a: Charizard|10/100|[from] item: Life Orb
|
|upkeep
|turn|22
|
|move|p2a: Charizard|Fire Blast|p1a: Clefable
|-damage|p1a: Clefable|0 fnt
|-damage|p2a: Charizard|0 fnt|[from] item: Life Orb
|faint|p1a: Clefable
|faint|p2a: Charizard
|
|upkeep
|
|switch|p2a: Rotom|Rotom-Wash|32/100
|switch|p1a: Ferrothorn|Ferrothorn, M|100/100
|-damage|p1a: Ferrothorn|94/100|[from] Stealth Rock
|turn|23
|
|move|p2a: Rotom|Thunder Wave|p1a: Ferrothorn
|-status|p1a: Ferrothorn|par
|move|p1a: Ferrothorn|Knock Off|p2a: Rotom
|-damage|p2a: Rotom|9/100
|-enditem|p2a: Rotom|Leftovers|[from] move: Knock Off|[of] p1a: Ferrothorn
|
|-heal|p1a: Ferrothorn|100/100 par|[from] item: Leftovers
|upkeep
|turn|24
|
|move|p2a: Rotom|Trick|p1a: Ferrothorn
|-activate|p2a: Rotom|move: Trick|[of] p1a: Ferrothorn
|-enditem|p1a: Ferrothorn|Leftovers|[silent]|[from] move: Trick
|-item|p2a: Rotom|Leftovers|[from] move: Trick
|move|p1a: Ferrothorn|Knock Off|p2a: Rotom
|-damage|p2a: Rotom|0 fnt
|-enditem|p2a: Rotom|Leftovers|[from] move: Knock Off|[of] p1a: Ferrothorn
|faint|p2a: Rotom
|
|upkeep
|
|switch|p2a: Hatterene|Hatterene, F|28/100
|turn|25
|
|move|p2a: Hatterene|Mystical Fire|p1a: Ferrothorn
|-supereffective|p1a: Ferrothorn
|-damage|p1a: Ferrothorn|28/100 par
|-unboost|p1a: Ferrothorn|spa|1
|move|p1a: Ferrothorn|Knock Off|p2a: Hatterene
|-damage|p2a: Hatterene|10/100
|-enditem|p2a: Hatterene|Leftovers|[from] move: Knock Off|[of] p1a: Ferrothorn
|
|upkeep
|turn|26
|
|move|p2a: Hatterene|Mystical Fire|p1a: Ferrothorn
|-supereffective|p1a: Ferrothorn
|-damage|p1a: Ferrothorn|0 fnt
|faint|p1a: Ferrothorn
|
|upkeep
|
|switch|p1a: Corviknight|Corviknight, M|76/100
|-damage|p1a: Corviknight|64/100|[from] Stealth Rock
|-ability|p1a: Corviknight|Pressure
|turn|27
|
|move|p1a: Corviknight|Body Press|p2a: Hatterene
|-resisted|p2a: Hatterene
|-crit|p2a: Hatterene
|-damage|p2a: Hatterene|2/100
|move|p2a: Hatterene|Mystical Fire|p1a: Corviknight
|-supereffective|p1a: Corviknight
|-damage|p1a: Corviknight|18/100
|-unboost|p1a: Corviknight|spa|1
|
|upkeep
|turn|28
|
|move|p1a: Corviknight|Roost|p1a: Corviknight
|-heal|p1a: Corviknight|68/100
|-singleturn|p1a: Corviknight|move: Roost
|move|p2a: Hatterene|Mystical Fire|p1a: Corviknight
|-supereffective|p1a: Corviknight
|-damage|p1a: Corviknight|25/100
|-unboost|p1a: Corviknight|spa|1
|
|upkeep
|turn|29
|
|move|p1a: Corviknight|Roost|p1a: Corviknight
|-heal|p1a: Corviknight|75/100
|-singleturn|p1a: Corviknight|move: Roost
|move|p2a: Hatterene|Mystical Fire|p1a: Corviknight
|-supereffective|p1a: Corviknight
|-damage|p1a: Corviknight|31/100
|-unboost|p1a: Corviknight|spa|1
|
|upkeep
|turn|30
|
|move|p1a: Corviknight|Roost|p1a: Corviknight
|-heal|p1a: Corviknight|81/100
|-singleturn|p1a: Corviknight|move: Roost
|move|p2a: Hatterene|Mystical Fire|p1a: Corviknight
|-supereffective|p1a: Corviknight
|-damage|p1a: Corviknight|37/100
|-unboost|p1a: Corviknight|spa|1
|
|upkeep
|turn|31
|
|move|p1a: Corviknight|Roost|p1a: Corviknight
|-heal|p1a: Corviknight|87/100
|-singleturn|p1a: Corviknight|move: Roost
|move|p2a: Hatterene|Mystical Fire|p1a: Corviknight
|-supereffective|p1a: Corviknight
|-damage|p1a: Corviknight|42/100
|-unboost|p1a: Corviknight|spa|1
|
|upkeep
|turn|32
|
|move|p1a: Corviknight|Roost|p1a: Corviknight
|-heal|p1a: Corviknight|92/100
|-singleturn|p1a: Corviknight|move: Roost
|move|p2a: Hatterene|Mystical Fire|p1a: Corviknight
|-supereffective|p1a: Corviknight
|-damage|p1a: Corviknight|52/100
|-unboost|p1a: Corviknight|spa|1
|
|upkeep
|turn|33
|
|move|p1a: Corviknight|Roost|p1a: Corviknight
|-heal|p1a: Corviknight|100/100
|-singleturn|p1a: Corviknight|move: Roost
|move|p2a: Hatterene|Mystical Fire|p1a: Corviknight
|-supereffective|p1a: Corviknight
|-damage|p1a: Corviknight|57/100
|
|upkeep
|turn|34
|
|move|p1a: Corviknight|Roost|p1a: Corviknight
|-heal|p1a: Corviknight|100/100
|-singleturn|p1a: Corviknight|move: Roost
|move|p2a: Hatterene|Draining Kiss|p1a: Corviknight
|-resisted|p1a: Corviknight
|-damage|p1a: Corviknight|90/100
|-heal|p2a: Hatterene|11/100|[from] drain|[of] p1a: Corviknight
|-damage|p2a: Hatterene|0 fnt|[from] item: Rocky Helmet|[of] p1a: Corviknight
|faint|p2a: Hatterene
|
|upkeep
|
|switch|p2a: Shiftry|Shiftry, F|100/100
|turn|35
|
|move|p2a: Shiftry|Swords Dance|p2a: Shiftry
|-boost|p2a: Shiftry|atk|2
|move|p1a: Corviknight|Iron Defense|p1a: Corviknight
|-boost|p1a: Corviknight|def|2
|
|upkeep
|turn|36
|
|move|p2a: Shiftry|Throat Chop|p1a: Corviknight
|-damage|p1a: Corviknight|65/100
|-damage|p2a: Shiftry|84/100|[from] item: Rocky Helmet|[of] p1a: Corviknight
|-start|p1a: Corviknight|Throat Chop|[silent]
|move|p1a: Corviknight|Iron Defense|p1a: Corviknight
|-boost|p1a: Corviknight|def|2
|
|upkeep
|turn|37
|-message|Yuki awsl forfeited.
|
|win|ray712
|l|☆Yuki awsl
