|j|☆ok sir
|j|☆I Crit My Panties
|t:|1664505126
|gametype|singles
|player|p1|ok sir|youngster-gen4dp|1692
|player|p2|I Crit My Panties|101|1714
|teamsize|p1|6
|teamsize|p2|6
|gen|8
|tier|[Gen 8] Ubers
|rated|
|rule|Sleep Clause Mod: Limit one foe put to sleep
|rule|Species Clause: Limit one of each Pokémon
|rule|OHKO Clause: OHKO moves are banned
|rule|Evasion Items Clause: Evasion items are banned
|rule|Evasion Moves Clause: Evasion moves are banned
|rule|Endless Battle Clause: Forcing endless battles is banned
|rule|HP Percentage Mod: HP is shown in percentages
|rule|Dynamax Clause: You cannot dynamax
|clearpoke
|poke|p1|Yveltal|
|poke|p1|Eternatus|
|poke|p1|Calyrex-Shadow|
|poke|p1|Rayquaza|
|poke|p1|Mew|
|poke|p1|Kyogre|
|poke|p2|Hatterene, F|
|poke|p2|Porygon2|
|poke|p2|Magearna|
|poke|p2|Dracovish|
|poke|p2|Calyrex-Ice|
|poke|p2|Necrozma-Dusk-Mane|
|teampreview
|
|t:|1664505129
|start
|switch|p1a: Rayquaza|Rayquaza|100/100
|switch|p2a: Dracovish|Dracovish|100/100
|-ability|p1a: Rayquaza|Air Lock
|turn|1
|inactive|Battle timer is ON: inactive players will automatically lose when time's up. (requested by ok sir)
|
|t:|1664505135
|move|p1a: Rayquaza|Dragon Ascent|p2a: Dracovish
|-damage|p2a: Dracovish|11/100
|-unboost|p1a: Rayquaza|def|1
|-unboost|p1a: Rayquaza|spd|1
|-damage|p1a: Rayquaza|91/100|[from] item: Life Orb
|move|p2a: Dracovish|Outrage|p1a: Rayquaza
|-supereffective|p1a: Rayquaza
|-damage|p1a: Rayquaza|0 fnt
|faint|p1a: Rayquaza
|
|upkeep
|
|t:|1664505144
|switch|p1a: Mew|Mew|100/100
|turn|2
|
|t:|1664505146
|move|p1a: Mew|Stealth Rock|p2a: Dracovish
|-sidestart|p2: I Crit My Panties|move: Stealth Rock
|move|p2a: Dracovish|Outrage|p1a: Mew|[from]lockedmove
|-damage|p1a: Mew|39/100
|
|upkeep
|turn|3
|
|t:|1664505152
|move|p1a: Mew|Spikes|p2a: Dracovish
|-sidestart|p2: I Crit My Panties|Spikes
|move|p2a: Dracovish|Outrage|p1a: Mew|[from]lockedmove
|-damage|p1a: Mew|0 fnt
|faint|p1a: Mew
|-start|p2a: Dracovish|confusion|[fatigue]
|
|upkeep
|
|t:|1664505157
|switch|p1a: Calyrex|Calyrex-Shadow|100/100
|-ability|p1a: Calyrex|As One
|-ability|p1a: Calyrex|Unnerve
|turn|4
|
|t:|1664505161
|switch|p2a: Porygon2|Porygon2|100/100
|-damage|p2a: Porygon2|88/100|[from] Stealth Rock
|-damage|p2a: Porygon2|76/100|[from] Spikes
|move|p1a: Calyrex|Astral Barrage|p2a: Porygon2
|-immune|p2a: Porygon2
|
|upkeep
|turn|5
|
|t:|1664505163
|move|p1a: Calyrex|Taunt|p2a: Porygon2
|-start|p2a: Porygon2|move: Taunt
|cant|p2a: Porygon2|move: Taunt|Trick Room
|
|upkeep
|turn|6
|
|t:|1664505164
|switch|p1a: Yveltal|Yveltal|100/100
|-ability|p2a: Porygon2|Dark Aura|[from] ability: Trace|[of] p1a: Yveltal
|-ability|p2a: Porygon2|Dark Aura
|-ability|p1a: Yveltal|Dark Aura
|move|p2a: Porygon2|Shadow Ball|p1a: Yveltal
|-resisted|p1a: Yveltal
|-damage|p1a: Yveltal|93/100
|
|upkeep
|turn|7
|
|t:|1664505171
|move|p1a: Yveltal|Oblivion Wing|p2a: Porygon2
|-damage|p2a: Porygon2|38/100
|-heal|p1a: Yveltal|100/100|[from] drain|[of] p2a: Porygon2
|-damage|p1a: Yveltal|91/100|[from] item: Life Orb
|move|p2a: Porygon2|Ice Beam|p1a: Yveltal
|-supereffective|p1a: Yveltal
|-damage|p1a: Yveltal|51/100
|
|-end|p2a: Porygon2|move: Taunt
|upkeep
|turn|8
|
|t:|1664505181
|switch|p2a: Hatterene|Hatterene, F|100/100
|-damage|p2a: Hatterene|88/100|[from] Stealth Rock
|-damage|p2a: Hatterene|76/100|[from] Spikes
|move|p1a: Yveltal|Taunt|p2a: Hatterene
|move|p2a: Hatterene|Taunt|p1a: Yveltal|[from]ability: Magic Bounce
|-start|p1a: Yveltal|move: Taunt
|
|upkeep
|turn|9
|
|t:|1664505184
|move|p1a: Yveltal|Dark Pulse|p2a: Hatterene
|-damage|p2a: Hatterene|0 fnt
|faint|p2a: Hatterene
|-damage|p1a: Yveltal|41/100|[from] item: Life Orb
|
|upkeep
|
|t:|1664505187
|switch|p2a: Magearna|Magearna|100/100
|-damage|p2a: Magearna|94/100|[from] Stealth Rock
|-damage|p2a: Magearna|82/100|[from] Spikes
|turn|10
|
|t:|1664505189
|move|p1a: Yveltal|Oblivion Wing|p2a: Magearna
|-resisted|p2a: Magearna
|-damage|p2a: Magearna|64/100
|-heal|p1a: Yveltal|54/100|[from] drain|[of] p2a: Magearna
|-damage|p1a: Yveltal|44/100|[from] item: Life Orb
|move|p2a: Magearna|Trick Room|p2a: Magearna
|-fieldstart|move: Trick Room|[of] p2a: Magearna
|
|-heal|p2a: Magearna|70/100|[from] item: Leftovers
|upkeep
|turn|11
|
|t:|1664505195
|move|p2a: Magearna|Calm Mind|p2a: Magearna
|-boost|p2a: Magearna|spa|1
|-boost|p2a: Magearna|spd|1
|move|p1a: Yveltal|Oblivion Wing|p2a: Magearna
|-resisted|p2a: Magearna
|-damage|p2a: Magearna|59/100
|-heal|p1a: Yveltal|52/100|[from] drain|[of] p2a: Magearna
|-damage|p1a: Yveltal|42/100|[from] item: Life Orb
|
|-heal|p2a: Magearna|65/100|[from] item: Leftovers
|-end|p1a: Yveltal|move: Taunt
|upkeep
|turn|12
|
|t:|1664505199
|move|p2a: Magearna|Calm Mind|p2a: Magearna
|-boost|p2a: Magearna|spa|1
|-boost|p2a: Magearna|spd|1
|move|p1a: Yveltal|Taunt|p2a: Magearna
|-start|p2a: Magearna|move: Taunt
|
|-heal|p2a: Magearna|71/100|[from] item: Leftovers
|upkeep
|turn|13
|
|t:|1664505202
|move|p1a: Yveltal|Sucker Punch|p2a: Magearna
|-resisted|p2a: Magearna
|-damage|p2a: Magearna|51/100
|-damage|p1a: Yveltal|32/100|[from] item: Life Orb
|move|p2a: Magearna|Fleur Cannon|p1a: Yveltal
|-supereffective|p1a: Yveltal
|-damage|p1a: Yveltal|0 fnt
|-unboost|p2a: Magearna|spa|2
|faint|p1a: Yveltal
|-ability|p2a: Magearna|Soul-Heart|boost
|-boost|p2a: Magearna|spa|1
|
|-heal|p2a: Magearna|57/100|[from] item: Leftovers
|upkeep
|
|t:|1664505204
|switch|p1a: Calyrex|Calyrex-Shadow|100/100
|-ability|p1a: Calyrex|As One
|-ability|p1a: Calyrex|Unnerve
|turn|14
|
|t:|1664505207
|move|p2a: Magearna|Fleur Cannon|p1a: Calyrex
|-damage|p1a: Calyrex|12/100
|-unboost|p2a: Magearna|spa|2
|move|p1a: Calyrex|Astral Barrage|p2a: Magearna
|-damage|p2a: Magearna|35/100
|
|-heal|p2a: Magearna|41/100|[from] item: Leftovers
|-fieldend|move: Trick Room
|upkeep
|turn|15
|
|t:|1664505216
|move|p1a: Calyrex|Astral Barrage|p2a: Magearna
|-damage|p2a: Magearna|19/100
|move|p2a: Magearna|Fleur Cannon|p1a: Calyrex
|-damage|p1a: Calyrex|0 fnt
|-unboost|p2a: Magearna|spa|2
|faint|p1a: Calyrex
|-ability|p2a: Magearna|Soul-Heart|boost
|-boost|p2a: Magearna|spa|1
|
|-heal|p2a: Magearna|25/100|[from] item: Leftovers
|-end|p2a: Magearna|move: Taunt
|upkeep
|
|t:|1664505221
|switch|p1a: Kyogre|Kyogre|100/100
|-weather|RainDance|[from] ability: Drizzle|[of] p1a: Kyogre
|turn|16
|
|t:|1664505226
|move|p1a: Kyogre|Water Spout|p2a: Magearna
|-damage|p2a: Magearna|0 fnt
|faint|p2a: Magearna
|
|-weather|RainDance|[upkeep]
|upkeep
|l|☆I Crit My Panties
|inactive|I Crit My Panties disconnected and has a minute to reconnect!
|player|p2|
|inactive|I Crit My Panties has 30 seconds to reconnect!
|inactive|I Crit My Panties has 20 seconds to reconnect!
|inactive|I Crit My Panties has 15 seconds to reconnect!
|inactive|I Crit My Panties has 10 seconds to reconnect!
|inactive|I Crit My Panties has 5 seconds to reconnect!
|-message|I Crit My Panties lost due to inactivity.
|
|win|ok sir
|raw|ok sir's rating: 1700 &rarr; <strong>1719</strong><br />(+19 for winning)
|raw|I Crit My Panties's rating: 1688 &rarr; <strong>1669</strong><br />(-19 for losing)
||Ladder isn't responding, score probably updated but might not have (Request timeout).
