|j|☆Yati426
|j|☆ox04
|t:|1665238262
|gametype|singles
|player|p1|Yati426|falkner|1481
|player|p2|ox04|red-gen7|1776
|teamsize|p1|6
|teamsize|p2|6
|gen|8
|tier|[Gen 8] Ubers
|rated|
|rule|Sleep Clause Mod: Limit one foe put to sleep
|rule|Species Clause: Limit one of each Pokémon
|rule|OHKO Clause: OHKO moves are banned
|rule|Evasion Items Clause: Evasion items are banned
|rule|Evasion Moves Clause: Evasion moves are banned
|rule|Endless Battle Clause: Forcing endless battles is banned
|rule|HP Percentage Mod: HP is shown in percentages
|rule|Dynamax Clause: You cannot dynamax
|clearpoke
|poke|p1|Yveltal|
|poke|p1|Toxapex, M|
|poke|p1|Shedinja|
|poke|p1|Quagsire, F|
|poke|p1|Blissey, F|
|poke|p1|Corviknight, F|
|poke|p2|Yveltal|
|poke|p2|Kyogre|
|poke|p2|Ferrothorn, M|
|poke|p2|Cinderace, M|
|poke|p2|Dialga|
|poke|p2|Genesect|
|teampreview
|
|t:|1665238281
|start
|switch|p1a: Yveltal|Yveltal|100/100
|switch|p2a: Yveltal|Yveltal|100/100
|-ability|p2a: Yveltal|Dark Aura
|-ability|p1a: Yveltal|Dark Aura
|turn|1
|
|t:|1665238285
|switch|p1a: Toxapex|Toxapex, M|100/100
|move|p2a: Yveltal|Knock Off|p1a: Toxapex
|-damage|p1a: Toxapex|76/100
|
|upkeep
|turn|2
|
|t:|1665238288
|move|p2a: Yveltal|Taunt|p1a: Toxapex
|-start|p1a: Toxapex|move: Taunt
|move|p1a: Toxapex|Scald|p2a: Yveltal
|-damage|p2a: Yveltal|90/100
|-status|p2a: Yveltal|brn
|
|-damage|p2a: Yveltal|84/100 brn|[from] brn
|upkeep
|turn|3
|
|t:|1665238295
|switch|p2a: Ferrothorn|Ferrothorn, M|100/100
|move|p1a: Toxapex|Scald|p2a: Ferrothorn
|-resisted|p2a: Ferrothorn
|-damage|p2a: Ferrothorn|95/100
|
|-heal|p2a: Ferrothorn|100/100|[from] item: Leftovers
|upkeep
|turn|4
|
|t:|1665238301
|switch|p1a: Corviknight|Corviknight, F|100/100
|-ability|p1a: Corviknight|Pressure
|move|p2a: Ferrothorn|Spikes|p1a: Corviknight
|-sidestart|p1: Yati426|Spikes
|
|upkeep
|turn|5
|
|t:|1665238305
|move|p1a: Corviknight|Iron Defense|p1a: Corviknight
|-boost|p1a: Corviknight|def|2
|move|p2a: Ferrothorn|Leech Seed|p1a: Corviknight|[miss]
|-miss|p2a: Ferrothorn|p1a: Corviknight
|
|upkeep
|turn|6
|
|t:|1665238309
|switch|p1a: Toxapex|Toxapex, M|100/100
|-damage|p1a: Toxapex|88/100|[from] Spikes
|move|p2a: Ferrothorn|Leech Seed|p1a: Toxapex
|-start|p1a: Toxapex|move: Leech Seed
|
|-damage|p1a: Toxapex|75/100|[from] Leech Seed|[of] p2a: Ferrothorn
|upkeep
|turn|7
|
|t:|1665238312
|switch|p1a: Corviknight|Corviknight, F|100/100
|-ability|p1a: Corviknight|Pressure
|switch|p2a: Dialga|Dialga|100/100
|-ability|p2a: Dialga|Pressure
|
|upkeep
|turn|8
|
|t:|1665238315
|switch|p1a: Blissey|Blissey, F|100/100
|move|p2a: Dialga|Fire Blast|p1a: Blissey
|-damage|p1a: Blissey|82/100
|-damage|p2a: Dialga|91/100|[from] item: Life Orb
|
|upkeep
|turn|9
|
|t:|1665238318
|move|p2a: Dialga|Body Press|p1a: Blissey
|-supereffective|p1a: Blissey
|-damage|p1a: Blissey|0 fnt
|faint|p1a: Blissey
|-damage|p2a: Dialga|81/100|[from] item: Life Orb
|
|upkeep
|
|t:|1665238321
|switch|p1a: Yveltal|Yveltal|100/100
|-ability|p1a: Yveltal|Dark Aura
|turn|10
|j| luisYR_b
|
|t:|1665238331
|switch|p2a: Genesect|Genesect, shiny|100/100
|-ability|p2a: Genesect|Download|boost
|-boost|p2a: Genesect|atk|1
|move|p1a: Yveltal|Substitute|p1a: Yveltal
|-start|p1a: Yveltal|Substitute
|-damage|p1a: Yveltal|75/100
|
|upkeep
|turn|11
|
|t:|1665238348
|move|p2a: Genesect|Iron Head|p1a: Yveltal
|-end|p1a: Yveltal|Substitute
|move|p1a: Yveltal|Oblivion Wing|p2a: Genesect
|-damage|p2a: Genesect|54/100
|-heal|p1a: Yveltal|97/100|[from] drain|[of] p2a: Genesect
|
|upkeep
|turn|12
|
|t:|1665238353
|switch|p1a: Shedinja|Shedinja|100/100
|move|p2a: Genesect|Iron Head|p1a: Shedinja
|-immune|p1a: Shedinja|[from] ability: Wonder Guard
|
|upkeep
|turn|13
|
|t:|1665238358
|switch|p2a: Yveltal|Yveltal|84/100 brn
|-ability|p2a: Yveltal|Dark Aura
|move|p1a: Shedinja|Will-O-Wisp|p2a: Yveltal
|-fail|p2a: Yveltal|brn
|
|-damage|p2a: Yveltal|78/100 brn|[from] brn
|upkeep
|turn|14
|
|t:|1665238364
|switch|p1a: Toxapex|Toxapex, M|100/100
|-damage|p1a: Toxapex|88/100|[from] Spikes
|move|p2a: Yveltal|Knock Off|p1a: Toxapex
|-damage|p1a: Toxapex|76/100
|
|-damage|p2a: Yveltal|72/100 brn|[from] brn
|upkeep
|turn|15
|
|t:|1665238368
|switch|p2a: Ferrothorn|Ferrothorn, M|100/100
|move|p1a: Toxapex|Scald|p2a: Ferrothorn
|-resisted|p2a: Ferrothorn
|-damage|p2a: Ferrothorn|95/100
|-status|p2a: Ferrothorn|brn
|
|-heal|p2a: Ferrothorn|100/100 brn|[from] item: Leftovers
|-damage|p2a: Ferrothorn|94/100 brn|[from] brn
|upkeep
|turn|16
|
|t:|1665238370
|switch|p1a: Corviknight|Corviknight, F|100/100
|-ability|p1a: Corviknight|Pressure
|move|p2a: Ferrothorn|Leech Seed|p1a: Corviknight
|-start|p1a: Corviknight|move: Leech Seed
|
|-heal|p2a: Ferrothorn|100/100 brn|[from] item: Leftovers
|-damage|p1a: Corviknight|88/100|[from] Leech Seed|[of] p2a: Ferrothorn
|-damage|p2a: Ferrothorn|94/100 brn|[from] brn
|upkeep
|turn|17
|
|t:|1665238374
|switch|p1a: Toxapex|Toxapex, M|100/100
|-damage|p1a: Toxapex|88/100|[from] Spikes
|move|p2a: Ferrothorn|Spikes|p1a: Toxapex
|-sidestart|p1: Yati426|Spikes
|
|-heal|p2a: Ferrothorn|100/100 brn|[from] item: Leftovers
|-damage|p2a: Ferrothorn|94/100 brn|[from] brn
|upkeep
|turn|18
|
|t:|1665238377
|switch|p1a: Corviknight|Corviknight, F|88/100
|-ability|p1a: Corviknight|Pressure
|move|p2a: Ferrothorn|Leech Seed|p1a: Corviknight|[miss]
|-miss|p2a: Ferrothorn|p1a: Corviknight
|
|-heal|p1a: Corviknight|94/100|[from] item: Leftovers
|-heal|p2a: Ferrothorn|100/100 brn|[from] item: Leftovers
|-damage|p2a: Ferrothorn|94/100 brn|[from] brn
|upkeep
|turn|19
|
|t:|1665238379
|switch|p2a: Dialga|Dialga|81/100
|-ability|p2a: Dialga|Pressure
|move|p1a: Corviknight|Defog|p2a: Dialga
|-unboost|p2a: Dialga|evasion|1
|-sideend|p1: Yati426|Spikes|[from] move: Defog|[of] p1a: Corviknight
|
|-heal|p1a: Corviknight|100/100|[from] item: Leftovers
|upkeep
|turn|20
|
|t:|1665238383
|switch|p1a: Toxapex|Toxapex, M|100/100
|move|p2a: Dialga|Power Gem|p1a: Toxapex
|-damage|p1a: Toxapex|65/100
|-damage|p2a: Dialga|71/100|[from] item: Life Orb
|
|upkeep
|turn|21
|
|t:|1665238390
|move|p1a: Toxapex|Baneful Bunker|p1a: Toxapex
|-singleturn|p1a: Toxapex|move: Protect
|move|p2a: Dialga|Draco Meteor|p1a: Toxapex
|-activate|p1a: Toxapex|move: Protect
|
|upkeep
|turn|22
|
|t:|1665238394
|move|p2a: Dialga|Draco Meteor|p1a: Toxapex
|-damage|p1a: Toxapex|0 fnt
|-unboost|p2a: Dialga|spa|2
|faint|p1a: Toxapex
|-damage|p2a: Dialga|61/100|[from] item: Life Orb
|
|upkeep
|-message|Yati426 forfeited.
|
|win|ox04
|raw|Yati426's rating: 1481 &rarr; <strong>1475</strong><br />(-6 for losing)
|raw|ox04's rating: 1776 &rarr; <strong>1782</strong><br />(+6 for winning)
|l|☆Yati426
||Ladder isn't responding, score probably updated but might not have (Request timeout).
