|raw|<div class="broadcast-blue"><strong>This battle is required to be public due to a player having a name starting with 'ULT8RQ'.</div>
|j|☆ULT8RQ Quintuplets
|j|☆I Crit My Panties
|t:|1620695843
|gametype|singles
|player|p1|ULT8RQ Quintuplets|dawn-gen4pt|1472
|player|p2|I Crit My Panties|266|1636
|teamsize|p1|6
|teamsize|p2|6
|gen|8
|tier|[Gen 8] Ubers
|rated|
|rule|Sleep Clause Mod: Limit one foe put to sleep
|rule|Species Clause: Limit one of each Pokémon
|rule|OHKO Clause: OHKO moves are banned
|rule|Evasion Moves Clause: Evasion moves are banned
|rule|Endless Battle Clause: Forcing endless battles is banned
|rule|HP Percentage Mod: HP is shown in percentages
|rule|Dynamax Clause: You cannot dynamax
|clearpoke
|poke|p1|Slurpuff, M|
|poke|p1|Eternatus|
|poke|p1|Yveltal|
|poke|p1|Necrozma-Dusk-Mane|
|poke|p1|Kyogre|
|poke|p1|Calyrex-Shadow|
|poke|p2|Yveltal|
|poke|p2|Necrozma-Dusk-Mane|
|poke|p2|Eternatus|
|poke|p2|Xerneas-*|
|poke|p2|Ho-Oh|
|poke|p2|Calyrex-Shadow|
|teampreview
|j| ULT8RQ BNET
|inactive|Battle timer is ON: inactive players will automatically lose when time's up. (requested by ULT8RQ Quintuplets)
|l| ULT8RQ BNET
|
|t:|1620695858
|start
|updatepoke|p2: Xerneas|Xerneas
|switch|p1a: Slurpuff|Slurpuff, M|100/100
|switch|p2a: Xerneas|Xerneas|100/100
|-ability|p2a: Xerneas|Fairy Aura
|turn|1
|
|t:|1620695862
|move|p1a: Slurpuff|Yawn|p2a: Xerneas
|-start|p2a: Xerneas|move: Yawn|[of] p1a: Slurpuff
|move|p2a: Xerneas|Thunder Wave|p1a: Slurpuff|[miss]
|-miss|p2a: Xerneas|p1a: Slurpuff
|
|upkeep
|turn|2
|
|t:|1620695869
|move|p1a: Slurpuff|Sticky Web|p2a: Xerneas
|-sidestart|p2: I Crit My Panties|move: Sticky Web
|move|p2a: Xerneas|Thunder Wave|p1a: Slurpuff
|-status|p1a: Slurpuff|par
|
|-end|p2a: Xerneas|move: Yawn|[silent]
|-status|p2a: Xerneas|slp
|upkeep
|turn|3
|j| Monster45
|
|t:|1620695878
|switch|p2a: Eternatus|Eternatus|100/100
|-activate|p2a: Eternatus|move: Sticky Web
|-unboost|p2a: Eternatus|spe|1
|-ability|p2a: Eternatus|Pressure
|move|p1a: Slurpuff|Misty Explosion|p2a: Eternatus
|-damage|p2a: Eternatus|76/100
|faint|p1a: Slurpuff
|
|-heal|p2a: Eternatus|82/100|[from] item: Black Sludge
|upkeep
|
|t:|1620695883
|switch|p1a: Necrozma|Necrozma-Dusk-Mane|100/100
|turn|4
|
|t:|1620695893
|move|p2a: Eternatus|Flamethrower|p1a: Necrozma
|-supereffective|p1a: Necrozma
|-damage|p1a: Necrozma|62/100
|move|p1a: Necrozma|Dragon Dance|p1a: Necrozma
|-boost|p1a: Necrozma|atk|1
|-boost|p1a: Necrozma|spe|1
|
|-heal|p2a: Eternatus|89/100|[from] item: Black Sludge
|upkeep
|turn|5
|
|t:|1620695899
|switch|p2a: Necrozma|Necrozma-Dusk-Mane|100/100
|-activate|p2a: Necrozma|move: Sticky Web
|-unboost|p2a: Necrozma|spe|1
|move|p1a: Necrozma|Earthquake|p2a: Necrozma
|-supereffective|p2a: Necrozma
|-damage|p2a: Necrozma|36/100
|-damage|p1a: Necrozma|52/100|[from] item: Life Orb
|
|upkeep
|turn|6
|
|t:|1620695904
|switch|p2a: Yveltal|Yveltal|100/100
|-ability|p2a: Yveltal|Dark Aura
|move|p1a: Necrozma|Earthquake|p2a: Yveltal
|-immune|p2a: Yveltal
|
|upkeep
|turn|7
|
|t:|1620695907
|move|p2a: Yveltal|Sucker Punch|p1a: Necrozma
|-supereffective|p1a: Necrozma
|-damage|p1a: Necrozma|6/100
|move|p1a: Necrozma|Stone Edge|p2a: Yveltal
|-supereffective|p2a: Yveltal
|-damage|p2a: Yveltal|0 fnt
|faint|p2a: Yveltal
|-damage|p1a: Necrozma|0 fnt|[from] item: Life Orb
|faint|p1a: Necrozma
|
|upkeep
|
|t:|1620695916
|switch|p2a: Eternatus|Eternatus|89/100
|switch|p1a: Eternatus|Eternatus|100/100
|-ability|p1a: Eternatus|Pressure
|-activate|p2a: Eternatus|move: Sticky Web
|-unboost|p2a: Eternatus|spe|1
|-ability|p2a: Eternatus|Pressure
|turn|8
|
|t:|1620695927
|switch|p1a: Kyogre|Kyogre|100/100
|-weather|RainDance|[from] ability: Drizzle|[of] p1a: Kyogre
|switch|p2a: Ho-Oh|Ho-Oh|100/100
|
|-weather|RainDance|[upkeep]
|upkeep
|turn|9
|
|t:|1620695930
|switch|p2a: Necrozma|Necrozma-Dusk-Mane|36/100
|-activate|p2a: Necrozma|move: Sticky Web
|-unboost|p2a: Necrozma|spe|1
|move|p1a: Kyogre|Water Spout|p2a: Necrozma
|-damage|p2a: Necrozma|0 fnt
|faint|p2a: Necrozma
|
|-weather|RainDance|[upkeep]
|upkeep
|
|t:|1620695934
|switch|p2a: Eternatus|Eternatus|89/100
|-activate|p2a: Eternatus|move: Sticky Web
|-unboost|p2a: Eternatus|spe|1
|-ability|p2a: Eternatus|Pressure
|turn|10
|
|t:|1620695938
|move|p1a: Kyogre|Water Spout|p2a: Eternatus
|-resisted|p2a: Eternatus
|-damage|p2a: Eternatus|33/100
|move|p2a: Eternatus|Dynamax Cannon|p1a: Kyogre
|-damage|p1a: Kyogre|67/100
|
|-weather|RainDance|[upkeep]
|-heal|p2a: Eternatus|39/100|[from] item: Black Sludge
|upkeep
|turn|11
|j| SuperEpicAmpharos
|
|t:|1620695950
|switch|p1a: Calyrex|Calyrex-Shadow|100/100
|-ability|p1a: Calyrex|As One
|-ability|p1a: Calyrex|Unnerve
|move|p2a: Eternatus|Recover|p2a: Eternatus
|-heal|p2a: Eternatus|89/100
|
|-weather|RainDance|[upkeep]
|-heal|p2a: Eternatus|95/100|[from] item: Black Sludge
|upkeep
|turn|12
|
|t:|1620695955
|switch|p2a: Ho-Oh|Ho-Oh|100/100
|move|p1a: Calyrex|Nasty Plot|p1a: Calyrex
|-boost|p1a: Calyrex|spa|2
|
|-weather|none
|upkeep
|turn|13
|
|t:|1620695957
|move|p1a: Calyrex|Astral Barrage|p2a: Ho-Oh
|-damage|p2a: Ho-Oh|17/100
|move|p2a: Ho-Oh|Thunder Wave|p1a: Calyrex
|-status|p1a: Calyrex|par
|
|upkeep
|turn|14
|
|t:|1620695963
|move|p2a: Ho-Oh|Sacred Fire|p1a: Calyrex
|-damage|p1a: Calyrex|46/100 par
|move|p1a: Calyrex|Astral Barrage|p2a: Ho-Oh
|-damage|p2a: Ho-Oh|0 fnt
|faint|p2a: Ho-Oh
|-ability|p1a: Calyrex|Grim Neigh|boost
|-boost|p1a: Calyrex|spa|1
|
|upkeep
|
|t:|1620695969
|switch|p2a: Calyrex|Calyrex-Shadow|100/100
|-ability|p2a: Calyrex|As One
|-ability|p2a: Calyrex|Unnerve
|-activate|p2a: Calyrex|move: Sticky Web
|-unboost|p2a: Calyrex|spe|1
|turn|15
|
|t:|1620695972
|switch|p1a: Yveltal|Yveltal|100/100
|-ability|p1a: Yveltal|Dark Aura
|move|p2a: Calyrex|Astral Barrage|p1a: Yveltal
|-resisted|p1a: Yveltal
|-damage|p1a: Yveltal|69/100
|
|upkeep
|turn|16
|
|t:|1620695976
|switch|p2a: Xerneas|Xerneas|100/100 slp
|-activate|p2a: Xerneas|move: Sticky Web
|-unboost|p2a: Xerneas|spe|1
|-ability|p2a: Xerneas|Fairy Aura
|move|p1a: Yveltal|Oblivion Wing|p2a: Xerneas
|-damage|p2a: Xerneas|62/100 slp
|-heal|p1a: Yveltal|100/100|[from] drain|[of] p2a: Xerneas
|-damage|p1a: Yveltal|91/100|[from] item: Life Orb
|
|-heal|p2a: Xerneas|68/100 slp|[from] item: Leftovers
|upkeep
|turn|17
|
|t:|1620695980
|switch|p1a: Calyrex|Calyrex-Shadow|46/100 par
|-ability|p1a: Calyrex|As One
|-ability|p1a: Calyrex|Unnerve
|cant|p2a: Xerneas|slp
|
|-heal|p2a: Xerneas|74/100 slp|[from] item: Leftovers
|upkeep
|turn|18
|
|t:|1620695987
|move|p1a: Calyrex|Astral Barrage|p2a: Xerneas
|-crit|p2a: Xerneas
|-damage|p2a: Xerneas|0 fnt
|faint|p2a: Xerneas
|-ability|p1a: Calyrex|Grim Neigh|boost
|-boost|p1a: Calyrex|spa|1
|
|upkeep
|
|t:|1620695990
|switch|p2a: Eternatus|Eternatus|95/100
|-activate|p2a: Eternatus|move: Sticky Web
|-unboost|p2a: Eternatus|spe|1
|-ability|p2a: Eternatus|Pressure
|turn|19
|
|t:|1620695992
|move|p2a: Eternatus|Dynamax Cannon|p1a: Calyrex
|-damage|p1a: Calyrex|2/100 par
|move|p1a: Calyrex|Astral Barrage|p2a: Eternatus
|-damage|p2a: Eternatus|18/100
|
|-heal|p2a: Eternatus|24/100|[from] item: Black Sludge
|upkeep
|turn|20
|
|t:|1620695995
|move|p2a: Eternatus|Recover|p2a: Eternatus
|-heal|p2a: Eternatus|74/100
|cant|p1a: Calyrex|par
|
|-heal|p2a: Eternatus|80/100|[from] item: Black Sludge
|upkeep
|turn|21
|
|t:|1620696009
|move|p2a: Eternatus|Flamethrower|p1a: Calyrex
|-damage|p1a: Calyrex|0 fnt
|faint|p1a: Calyrex
|
|-heal|p2a: Eternatus|86/100|[from] item: Black Sludge
|upkeep
|
|t:|1620696017
|switch|p1a: Eternatus|Eternatus|100/100
|-ability|p1a: Eternatus|Pressure
|turn|22
|
|t:|1620696021
|switch|p2a: Calyrex|Calyrex-Shadow|100/100
|-ability|p2a: Calyrex|As One
|-ability|p2a: Calyrex|Unnerve
|-activate|p2a: Calyrex|move: Sticky Web
|-unboost|p2a: Calyrex|spe|1
|move|p1a: Eternatus|Dynamax Cannon|p2a: Calyrex
|-damage|p2a: Calyrex|34/100
|
|upkeep
|turn|23
|
|t:|1620696027
|move|p2a: Calyrex|Trick|p1a: Eternatus
|-activate|p2a: Calyrex|move: Trick|[of] p1a: Eternatus
|-item|p1a: Eternatus|Choice Scarf|[from] move: Trick
|-item|p2a: Calyrex|Power Herb|[from] move: Trick
|move|p1a: Eternatus|Dynamax Cannon|p2a: Calyrex
|-damage|p2a: Calyrex|0 fnt
|faint|p2a: Calyrex
|
|upkeep
|
|t:|1620696030
|switch|p2a: Eternatus|Eternatus|86/100
|-activate|p2a: Eternatus|move: Sticky Web
|-unboost|p2a: Eternatus|spe|1
|-ability|p2a: Eternatus|Pressure
|turn|24
|
|t:|1620696032
|switch|p1a: Kyogre|Kyogre|67/100
|-weather|RainDance|[from] ability: Drizzle|[of] p1a: Kyogre
|move|p2a: Eternatus|Recover|p2a: Eternatus
|-heal|p2a: Eternatus|100/100
|
|-weather|RainDance|[upkeep]
|upkeep
|turn|25
|
|t:|1620696035
|move|p1a: Kyogre|Ice Beam|p2a: Eternatus
|-supereffective|p2a: Eternatus
|-damage|p2a: Eternatus|38/100
|move|p2a: Eternatus|Dynamax Cannon|p1a: Kyogre
|-damage|p1a: Kyogre|32/100
|
|-weather|RainDance|[upkeep]
|-heal|p2a: Eternatus|44/100|[from] item: Black Sludge
|upkeep
|turn|26
|-message|I Crit My Panties forfeited.
|
|win|ULT8RQ Quintuplets
|raw|ULT8RQ Quintuplets's rating: 1484 &rarr; <strong>1512</strong><br />(+28 for winning)
|raw|I Crit My Panties's rating: 1636 &rarr; <strong>1608</strong><br />(-28 for losing)
|l|☆I Crit My Panties
|c|☆ULT8RQ Quintuplets|gg
