|j|☆80lo90
|j|☆pronix
|t:|1648931213
|gametype|singles
|player|p1|80lo90|265|1163
|player|p2|pronix|giovanni|1380
|teamsize|p1|6
|teamsize|p2|6
|gen|8
|tier|[Gen 8] Ubers
|rated|
|rule|Sleep Clause Mod: Limit one foe put to sleep
|rule|Species Clause: Limit one of each Pokémon
|rule|OHKO Clause: OHKO moves are banned
|rule|Evasion Moves Clause: Evasion moves are banned
|rule|Endless Battle Clause: Forcing endless battles is banned
|rule|HP Percentage Mod: HP is shown in percentages
|rule|Dynamax Clause: You cannot dynamax
|clearpoke
|poke|p1|Goodra, F|
|poke|p1|Archeops, F|
|poke|p1|Xurkitree|
|poke|p1|Umbreon, M|
|poke|p1|Corviknight, F|
|poke|p1|Ditto|
|poke|p2|Xerneas-*|
|poke|p2|Cloyster, M|
|poke|p2|Calyrex-Shadow|
|poke|p2|Weavile, M|
|poke|p2|Yveltal|
|poke|p2|Necrozma-Dusk-Mane|
|teampreview
|
|t:|1648931224
|start
|switch|p1a: Archeops|Archeops, F|100/100
|switch|p2a: Yveltal|Yveltal|100/100
|-ability|p2a: Yveltal|Dark Aura
|turn|1
|
|t:|1648931230
|move|p1a: Archeops|Head Smash|p2a: Yveltal
|-supereffective|p2a: Yveltal
|-damage|p2a: Yveltal|0 fnt
|faint|p2a: Yveltal
|-damage|p1a: Archeops|33/100|[from] Recoil
|
|upkeep
|
|t:|1648931234
|switch|p2a: Calyrex|Calyrex-Shadow|100/100
|-ability|p2a: Calyrex|As One
|-ability|p2a: Calyrex|Unnerve
|turn|2
|
|t:|1648931240
|switch|p1a: Umbreon|Umbreon, M|100/100
|move|p2a: Calyrex|Astral Barrage|p1a: Umbreon
|-resisted|p1a: Umbreon
|-damage|p1a: Umbreon|80/100
|
|-heal|p1a: Umbreon|86/100|[from] item: Leftovers
|upkeep
|turn|3
|
|t:|1648931248
|move|p2a: Calyrex|Taunt|p1a: Umbreon
|-start|p1a: Umbreon|move: Taunt
|cant|p1a: Umbreon|move: Taunt|Wish
|
|-heal|p1a: Umbreon|92/100|[from] item: Leftovers
|upkeep
|turn|4
|
|t:|1648931254
|switch|p2a: Xerneas|Xerneas|100/100
|-ability|p2a: Xerneas|Fairy Aura
|move|p1a: Umbreon|Foul Play|p2a: Xerneas
|-resisted|p2a: Xerneas
|-damage|p2a: Xerneas|89/100
|
|-heal|p1a: Umbreon|98/100|[from] item: Leftovers
|upkeep
|turn|5
|
|t:|1648931265
|switch|p1a: Archeops|Archeops, F|33/100
|move|p2a: Xerneas|Geomancy||[still]
|-prepare|p2a: Xerneas|Geomancy
|-enditem|p2a: Xerneas|Power Herb
|-anim|p2a: Xerneas|Geomancy|p2a: Xerneas
|-boost|p2a: Xerneas|spa|2
|-boost|p2a: Xerneas|spd|2
|-boost|p2a: Xerneas|spe|2
|
|upkeep
|turn|6
|
|t:|1648931273
|move|p2a: Xerneas|Moonblast|p1a: Archeops
|-damage|p1a: Archeops|0 fnt
|faint|p1a: Archeops
|
|upkeep
|
|t:|1648931277
|switch|p1a: Ditto|Ditto|100/100
|-transform|p1a: Ditto|p2a: Xerneas|[from] ability: Imposter
|-ability|p1a: Ditto|Fairy Aura
|turn|7
|
|t:|1648931283
|move|p1a: Ditto|Moonblast|p2a: Xerneas
|-damage|p2a: Xerneas|19/100
|move|p2a: Xerneas|Moonblast|p1a: Ditto
|-damage|p1a: Ditto|17/100
|
|upkeep
|turn|8
|
|t:|1648931291
|move|p1a: Ditto|Moonblast|p2a: Xerneas
|-damage|p2a: Xerneas|0 fnt
|faint|p2a: Xerneas
|
|upkeep
|
|t:|1648931295
|switch|p2a: Necrozma|Necrozma-Dusk-Mane|100/100
|turn|9
|
|t:|1648931299
|switch|p1a: Umbreon|Umbreon, M|98/100
|move|p2a: Necrozma|Sunsteel Strike|p1a: Umbreon
|-damage|p1a: Umbreon|55/100
|
|-heal|p1a: Umbreon|61/100|[from] item: Leftovers
|upkeep
|turn|10
|
|t:|1648931307
|move|p2a: Necrozma|Dragon Dance|p2a: Necrozma
|-boost|p2a: Necrozma|atk|1
|-boost|p2a: Necrozma|spe|1
|move|p1a: Umbreon|Wish|p1a: Umbreon
|
|-heal|p1a: Umbreon|67/100|[from] item: Leftovers
|upkeep
|turn|11
|
|t:|1648931313
|move|p2a: Necrozma|Dragon Dance|p2a: Necrozma
|-boost|p2a: Necrozma|atk|1
|-boost|p2a: Necrozma|spe|1
|move|p1a: Umbreon|Foul Play|p2a: Necrozma
|-supereffective|p2a: Necrozma
|-damage|p2a: Necrozma|0 fnt
|faint|p2a: Necrozma
|
|-heal|p1a: Umbreon|100/100|[from] move: Wish|[wisher] Umbreon
|upkeep
|
|t:|1648931317
|switch|p2a: Weavile|Weavile, M|100/100
|-ability|p2a: Weavile|Pressure
|turn|12
|
|t:|1648931324
|move|p1a: Umbreon|Protect|p1a: Umbreon
|-singleturn|p1a: Umbreon|Protect
|move|p2a: Weavile|Triple Axel|p1a: Umbreon
|-activate|p1a: Umbreon|move: Protect
|
|upkeep
|turn|13
|
|t:|1648931330
|switch|p1a: Corviknight|Corviknight, F|100/100
|-ability|p1a: Corviknight|Pressure
|move|p2a: Weavile|Triple Axel|p1a: Corviknight
|-damage|p1a: Corviknight|92/100
|-damage|p2a: Weavile|84/100|[from] item: Rocky Helmet|[of] p1a: Corviknight
|-damage|p1a: Corviknight|77/100
|-damage|p2a: Weavile|68/100|[from] item: Rocky Helmet|[of] p1a: Corviknight
|-damage|p1a: Corviknight|55/100
|-damage|p2a: Weavile|51/100|[from] item: Rocky Helmet|[of] p1a: Corviknight
|-hitcount|p1a: Corviknight|3
|-damage|p2a: Weavile|41/100|[from] item: Life Orb
|
|upkeep
|turn|14
|
|t:|1648931343
|move|p2a: Weavile|Swords Dance|p2a: Weavile
|-boost|p2a: Weavile|atk|2
|move|p1a: Corviknight|U-turn|p2a: Weavile
|-supereffective|p2a: Weavile
|-damage|p2a: Weavile|0 fnt
|faint|p2a: Weavile
|-message|pronix forfeited.
|
|win|80lo90
|raw|80lo90's rating: 1163 &rarr; <strong>1202</strong><br />(+39 for winning)
|raw|pronix's rating: 1380 &rarr; <strong>1349</strong><br />(-31 for losing)
|l|☆pronix
||Ladder isn't responding, score probably updated but might not have (Request timeout).
