|j|☆Luna's Bann3d Now
|j|☆tesla roadster
|t:|1660335922
|gametype|singles
|player|p1|Luna's Bann3d Now|#ruplixsleekslushrushers|
|player|p2|tesla roadster|265|
|teamsize|p1|6
|teamsize|p2|6
|gen|8
|tier|[Gen 8] Ubers
|rated|Tournament battle
|rule|Sleep Clause Mod: Limit one foe put to sleep
|rule|Species Clause: Limit one of each Pokémon
|rule|OHKO Clause: OHKO moves are banned
|rule|Evasion Items Clause: Evasion items are banned
|rule|Evasion Moves Clause: Evasion moves are banned
|rule|Endless Battle Clause: Forcing endless battles is banned
|rule|HP Percentage Mod: HP is shown in percentages
|rule|Dynamax Clause: You cannot dynamax
|clearpoke
|poke|p1|Yveltal|
|poke|p1|Eternatus|
|poke|p1|Necrozma-Dusk-Mane|
|poke|p1|Ho-Oh|
|poke|p1|Kyogre|
|poke|p1|Tapu Bulu|
|poke|p2|Dracovish|
|poke|p2|Kyogre|
|poke|p2|Magearna|
|poke|p2|Porygon2|
|poke|p2|Cresselia, F|
|poke|p2|Hatterene, F|
|teampreview
|inactive|Battle timer is ON: inactive players will automatically lose when time's up. (requested by Luna's Bann3d Now)
|
|t:|1660335958
|start
|switch|p1a: Necrozma|Necrozma-Dusk-Mane|100/100
|switch|p2a: Kyogre|Kyogre|100/100
|-weather|RainDance|[from] ability: Drizzle|[of] p2a: Kyogre
|turn|1
|j|@holy ghost
|inactive|Luna's Bann3d Now has 120 seconds left.
|
|t:|1660335994
|switch|p1a: Eternatus|Eternatus|100/100
|-ability|p1a: Eternatus|Pressure
|move|p2a: Kyogre|Water Spout|p1a: Eternatus
|-resisted|p1a: Eternatus
|-damage|p1a: Eternatus|58/100
|
|-weather|RainDance|[upkeep]
|upkeep
|turn|2
|
|t:|1660336003
|switch|p2a: Hatterene|Hatterene, F|100/100
|move|p1a: Eternatus|Recover|p1a: Eternatus
|-heal|p1a: Eternatus|100/100
|
|-weather|RainDance|[upkeep]
|upkeep
|turn|3
|
|t:|1660336021
|switch|p1a: Ho-Oh|Ho-Oh|100/100
|move|p2a: Hatterene|Trick Room|p2a: Hatterene
|-fieldstart|move: Trick Room|[of] p2a: Hatterene
|
|-weather|RainDance|[upkeep]
|upkeep
|turn|4
|
|t:|1660336026
|switch|p2a: Dracovish|Dracovish|100/100
|move|p1a: Ho-Oh|Brave Bird|p2a: Dracovish
|-damage|p2a: Dracovish|43/100
|-damage|p1a: Ho-Oh|82/100|[from] Recoil
|
|-weather|RainDance|[upkeep]
|upkeep
|turn|5
|j| taiwan lover
|
|t:|1660336043
|switch|p1a: Tapu Bulu|Tapu Bulu|100/100
|-fieldstart|move: Grassy Terrain|[from] ability: Grassy Surge|[of] p1a: Tapu Bulu
|move|p2a: Dracovish|Fishious Rend|p1a: Tapu Bulu
|-resisted|p1a: Tapu Bulu
|-damage|p1a: Tapu Bulu|0 fnt
|faint|p1a: Tapu Bulu
|
|-weather|none
|-heal|p2a: Dracovish|49/100|[from] Grassy Terrain
|upkeep
|
|t:|1660336048
|switch|p1a: Yveltal|Yveltal|100/100
|-ability|p1a: Yveltal|Dark Aura
|turn|6
|j| georgebowserjr1
|inactive|tesla roadster has 120 seconds left.
|inactive|tesla roadster has 90 seconds left.
|
|t:|1660336113
|switch|p2a: Magearna|Magearna|100/100
|move|p1a: Yveltal|Sucker Punch||[still]
|-fail|p1a: Yveltal
|
|upkeep
|turn|7
|inactive|tesla roadster has 90 seconds left.
|l| taiwan lover
|
|t:|1660336136
|switch|p2a: Kyogre|Kyogre|100/100
|-weather|RainDance|[from] ability: Drizzle|[of] p2a: Kyogre
|move|p1a: Yveltal|Roost||[still]
|-fail|p1a: Yveltal|heal
|
|-weather|RainDance|[upkeep]
|-fieldend|move: Trick Room
|upkeep
|turn|8
|inactive|tesla roadster has 90 seconds left.
|
|t:|1660336145
|move|p2a: Kyogre|Water Spout|p1a: Yveltal
|-damage|p1a: Yveltal|11/100
|move|p1a: Yveltal|Knock Off|p2a: Kyogre
|-damage|p2a: Kyogre|34/100
|-enditem|p2a: Kyogre|Choice Scarf|[from] move: Knock Off|[of] p1a: Yveltal
|
|-weather|RainDance|[upkeep]
|-heal|p2a: Kyogre|40/100|[from] Grassy Terrain
|upkeep
|turn|9
|l| georgebowserjr1
|inactive|tesla roadster has 90 seconds left.
|
|t:|1660336177
|switch|p2a: Magearna|Magearna|100/100
|move|p1a: Yveltal|Knock Off|p2a: Magearna
|-resisted|p2a: Magearna
|-damage|p2a: Magearna|77/100
|-enditem|p2a: Magearna|Weakness Policy|[from] move: Knock Off|[of] p1a: Yveltal
|
|-weather|RainDance|[upkeep]
|-heal|p2a: Magearna|83/100|[from] Grassy Terrain
|-fieldend|move: Grassy Terrain
|upkeep
|turn|10
|
|t:|1660336188
|move|p1a: Yveltal|Roost|p1a: Yveltal
|-heal|p1a: Yveltal|61/100
|-singleturn|p1a: Yveltal|move: Roost
|move|p2a: Magearna|Calm Mind|p2a: Magearna
|-boost|p2a: Magearna|spa|1
|-boost|p2a: Magearna|spd|1
|
|-weather|RainDance|[upkeep]
|upkeep
|turn|11
|
|t:|1660336199
|switch|p1a: Necrozma|Necrozma-Dusk-Mane|100/100
|move|p2a: Magearna|Thunderbolt|p1a: Necrozma
|-damage|p1a: Necrozma|65/100
|
|-weather|none
|upkeep
|turn|12
|
|t:|1660336219
|switch|p2a: Cresselia|Cresselia, F|100/100
|move|p1a: Necrozma|Stealth Rock|p2a: Cresselia
|-sidestart|p2: tesla roadster|move: Stealth Rock
|
|upkeep
|turn|13
|inactive|tesla roadster has 60 seconds left.
|
|t:|1660336239
|move|p1a: Necrozma|Morning Sun|p1a: Necrozma
|-heal|p1a: Necrozma|100/100
|move|p2a: Cresselia|Reflect|p2a: Cresselia
|-sidestart|p2: tesla roadster|Reflect
|
|upkeep
|turn|14
|
|t:|1660336244
|move|p1a: Necrozma|Thunder Wave|p2a: Cresselia
|-status|p2a: Cresselia|par
|move|p2a: Cresselia|Trick Room|p2a: Cresselia
|-fieldstart|move: Trick Room|[of] p2a: Cresselia
|
|upkeep
|turn|15
|
|t:|1660336263
|switch|p2a: Dracovish|Dracovish|49/100
|-damage|p2a: Dracovish|37/100|[from] Stealth Rock
|switch|p1a: Eternatus|Eternatus|100/100
|-ability|p1a: Eternatus|Pressure
|
|upkeep
|turn|16
|inactive|tesla roadster has 60 seconds left.
|
|t:|1660336283
|move|p2a: Dracovish|Outrage|p1a: Eternatus
|-supereffective|p1a: Eternatus
|-damage|p1a: Eternatus|0 fnt
|faint|p1a: Eternatus
|
|upkeep
|
|t:|1660336289
|switch|p1a: Ho-Oh|Ho-Oh|100/100
|turn|17
|
|t:|1660336292
|move|p2a: Dracovish|Outrage|p1a: Ho-Oh|[from]lockedmove
|-damage|p1a: Ho-Oh|25/100
|move|p1a: Ho-Oh|Brave Bird|p2a: Dracovish
|-damage|p2a: Dracovish|6/100
|-damage|p1a: Ho-Oh|15/100|[from] Recoil
|
|-sideend|p2: tesla roadster|Reflect
|upkeep
|turn|18
|
|t:|1660336299
|switch|p1a: Necrozma|Necrozma-Dusk-Mane|100/100
|move|p2a: Dracovish|Outrage|p1a: Necrozma|[from]lockedmove
|-resisted|p1a: Necrozma
|-damage|p1a: Necrozma|77/100
|-start|p2a: Dracovish|confusion|[fatigue]
|
|-fieldend|move: Trick Room
|upkeep
|turn|19
|
|t:|1660336315
|switch|p2a: Porygon2|Porygon2|100/100
|-damage|p2a: Porygon2|88/100|[from] Stealth Rock
|-ability|p2a: Porygon2|Prism Armor|[from] ability: Trace|[of] p1a: Necrozma
|move|p1a: Necrozma|Iron Head|p2a: Porygon2
|-damage|p2a: Porygon2|61/100
|
|upkeep
|turn|20
|
|t:|1660336327
|switch|p2a: Cresselia|Cresselia, F|100/100 par
|-damage|p2a: Cresselia|88/100 par|[from] Stealth Rock
|move|p1a: Necrozma|Iron Head|p2a: Cresselia
|-damage|p2a: Cresselia|70/100 par
|
|upkeep
|turn|21
|
|t:|1660336332
|move|p1a: Necrozma|Iron Head|p2a: Cresselia
|-damage|p2a: Cresselia|51/100 par
|cant|p2a: Cresselia|par
|
|upkeep
|turn|22
|
|t:|1660336335
|move|p1a: Necrozma|Iron Head|p2a: Cresselia
|-damage|p2a: Cresselia|30/100 par
|cant|p2a: Cresselia|flinch
|
|upkeep
|turn|23
|
|t:|1660336338
|move|p1a: Necrozma|Iron Head|p2a: Cresselia
|-damage|p2a: Cresselia|10/100 par
|move|p2a: Cresselia|Trick Room|p2a: Cresselia
|-fieldstart|move: Trick Room|[of] p2a: Cresselia
|
|upkeep
|turn|24
|
|t:|1660336343
|move|p2a: Cresselia|Lunar Dance|p2a: Cresselia
|faint|p2a: Cresselia
|move|p1a: Necrozma|Morning Sun|p1a: Necrozma
|-heal|p1a: Necrozma|100/100
|
|upkeep
|
|t:|1660336346
|switch|p2a: Dracovish|Dracovish|6/100
|-heal|p2a: Dracovish|100/100|[from] move: Lunar Dance
|-damage|p2a: Dracovish|88/100|[from] Stealth Rock
|turn|25
|
|t:|1660336352
|move|p2a: Dracovish|Fishious Rend|p1a: Necrozma
|-damage|p1a: Necrozma|0 fnt
|faint|p1a: Necrozma
|
|upkeep
|
|t:|1660336354
|switch|p1a: Yveltal|Yveltal|61/100
|-ability|p1a: Yveltal|Dark Aura
|turn|26
|c|☆tesla roadster|aint no chance bruh
|
|t:|1660336359
|move|p1a: Yveltal|Sucker Punch|p2a: Dracovish
|-damage|p2a: Dracovish|53/100
|move|p2a: Dracovish|Fishious Rend|p1a: Yveltal
|-damage|p1a: Yveltal|0 fnt
|faint|p1a: Yveltal
|
|upkeep
|
|t:|1660336361
|switch|p1a: Kyogre|Kyogre|100/100
|-weather|RainDance|[from] ability: Drizzle|[of] p1a: Kyogre
|turn|27
|c|☆Luna's Bann3d Now|best believe im aware LMAO
|c|☆tesla roadster|lmfaoo
|inactive|tesla roadster has 120 seconds left.
|c|☆tesla roadster|vish is the don
|c|☆Luna's Bann3d Now|had to get the fishing done
|c|☆tesla roadster|moppin mfs
|c|☆Luna's Bann3d Now|this mon is bullshit LOL
|c|☆tesla roadster|i know
|inactive|tesla roadster has 90 seconds left.
|
|t:|1660336443
|switch|p2a: Porygon2|Porygon2|61/100
|-damage|p2a: Porygon2|48/100|[from] Stealth Rock
|-ability|p2a: Porygon2|Drizzle|[from] ability: Trace|[of] p1a: Kyogre
|move|p1a: Kyogre|Thunder Wave|p2a: Porygon2
|-status|p2a: Porygon2|par
|
|-weather|RainDance|[upkeep]
|-fieldend|move: Trick Room
|upkeep
|turn|28
|
|t:|1660336451
|move|p1a: Kyogre|Calm Mind|p1a: Kyogre
|-boost|p1a: Kyogre|spa|1
|-boost|p1a: Kyogre|spd|1
|move|p2a: Porygon2|Trick Room|p2a: Porygon2
|-fieldstart|move: Trick Room|[of] p2a: Porygon2
|
|-weather|RainDance|[upkeep]
|upkeep
|turn|29
|
|t:|1660336456
|move|p1a: Kyogre|Surf|p2a: Porygon2
|-damage|p2a: Porygon2|2/100 par
|move|p2a: Porygon2|Teleport|p2a: Porygon2
|
|t:|1660336458
|switch|p2a: Dracovish|Dracovish|53/100|[from]move: Teleport
|-damage|p2a: Dracovish|40/100|[from] Stealth Rock
|
|-weather|RainDance|[upkeep]
|upkeep
|turn|30
|
|t:|1660336462
|move|p2a: Dracovish|Fishious Rend|p1a: Kyogre
|-resisted|p1a: Kyogre
|-damage|p1a: Kyogre|10/100
|move|p1a: Kyogre|Thunder Wave|p2a: Dracovish
|-status|p2a: Dracovish|par
|
|-weather|RainDance|[upkeep]
|-heal|p1a: Kyogre|16/100|[from] item: Leftovers
|upkeep
|turn|31
|
|t:|1660336468
|cant|p2a: Dracovish|par
|move|p1a: Kyogre|Surf|p2a: Dracovish
|-resisted|p2a: Dracovish
|-damage|p2a: Dracovish|13/100 par
|
|-weather|none
|-heal|p1a: Kyogre|22/100|[from] item: Leftovers
|upkeep
|turn|32
|
|t:|1660336478
|switch|p1a: Ho-Oh|Ho-Oh|49/100
|move|p2a: Dracovish|Fishious Rend|p1a: Ho-Oh
|-supereffective|p1a: Ho-Oh
|-damage|p1a: Ho-Oh|0 fnt
|faint|p1a: Ho-Oh
|
|-fieldend|move: Trick Room
|upkeep
|
|t:|1660336480
|switch|p1a: Kyogre|Kyogre|22/100
|-weather|RainDance|[from] ability: Drizzle|[of] p1a: Kyogre
|turn|33
|inactive|tesla roadster has 120 seconds left.
|
|t:|1660336491
|move|p1a: Kyogre|Surf|p2a: Dracovish
|-resisted|p2a: Dracovish
|-damage|p2a: Dracovish|0 fnt
|faint|p2a: Dracovish
|
|-weather|RainDance|[upkeep]
|-heal|p1a: Kyogre|29/100|[from] item: Leftovers
|upkeep
|
|t:|1660336494
|switch|p2a: Kyogre|Kyogre|40/100
|-damage|p2a: Kyogre|27/100|[from] Stealth Rock
|turn|34
|c|☆tesla roadster|gg
|c|☆Luna's Bann3d Now|gg
|
|t:|1660336500
|move|p2a: Kyogre|Thunder|p1a: Kyogre
|-supereffective|p1a: Kyogre
|-damage|p1a: Kyogre|0 fnt
|faint|p1a: Kyogre
|
|win|tesla roadster
|n|☆Luna's Bann3d Now|lunasbann3dnow
|n|☆tesla roadster|teslaroadster
|n| holy ghost|holyghost
