|j|☆PokeDuels
|j|☆bergurz8
|t:|1617775746
|gametype|singles
|player|p1|PokeDuels|169|1504
|player|p2|bergurz8|1|1599
|teamsize|p1|6
|teamsize|p2|6
|gen|8
|tier|[Gen 8] Ubers
|rated|
|clearpoke
|poke|p1|Yveltal|
|poke|p1|Necrozma-Dusk-Mane|
|poke|p1|Ho-Oh|
|poke|p1|Calyrex-Shadow|
|poke|p1|Tangrowth, F|
|poke|p1|Blissey, F|
|poke|p2|Palkia|
|poke|p2|Necrozma-Dusk-Mane|
|poke|p2|Yveltal|
|poke|p2|Pheromosa|
|poke|p2|Calyrex-Shadow|
|poke|p2|Eternatus|
|rule|Sleep Clause Mod: Limit one foe put to sleep
|rule|Species Clause: Limit one of each Pokémon
|rule|OHKO Clause: OHKO moves are banned
|rule|Evasion Moves Clause: Evasion moves are banned
|rule|Endless Battle Clause: Forcing endless battles is banned
|rule|HP Percentage Mod: HP is shown in percentages
|rule|Dynamax Clause: You cannot dynamax
|teampreview
|
|t:|1617775758
|start
|switch|p1a: Ho-Oh|Ho-Oh|100/100
|switch|p2a: Pheromosa|Pheromosa|100/100
|turn|1
|
|t:|1617775765
|move|p2a: Pheromosa|U-turn|p1a: Ho-Oh
|-resisted|p1a: Ho-Oh
|-damage|p1a: Ho-Oh|89/100
|
|t:|1617775769
|switch|p2a: Palkia|Palkia|100/100|[from]move: U-turn
|-ability|p2a: Palkia|Pressure
|move|p1a: Ho-Oh|Thunder Wave|p2a: Palkia
|-status|p2a: Palkia|par
|
|upkeep
|turn|2
|
|t:|1617775777
|switch|p1a: Blissey|Blissey, F|100/100
|move|p2a: Palkia|Surf|p1a: Blissey
|-damage|p1a: Blissey|76/100
|
|upkeep
|turn|3
|
|t:|1617775785
|move|p1a: Blissey|Toxic||[still]
|-fail|p1a: Blissey
|cant|p2a: Palkia|par
|
|upkeep
|turn|4
|
|t:|1617775793
|move|p2a: Palkia|Surf|p1a: Blissey
|-damage|p1a: Blissey|53/100
|move|p1a: Blissey|Teleport|p1a: Blissey
|
|t:|1617775797
|switch|p1a: Calyrex|Calyrex-Shadow|100/100|[from]move: Teleport
|-ability|p1a: Calyrex|As One
|-ability|p1a: Calyrex|Unnerve
|
|upkeep
|turn|5
|
|t:|1617775805
|switch|p2a: Yveltal|Yveltal|100/100
|-ability|p2a: Yveltal|Dark Aura
|move|p1a: Calyrex|Will-O-Wisp|p2a: Yveltal
|-status|p2a: Yveltal|brn
|
|-damage|p2a: Yveltal|94/100 brn|[from] brn
|upkeep
|turn|6
|
|t:|1617775817
|switch|p1a: Tangrowth|Tangrowth, F|100/100
|switch|p2a: Pheromosa|Pheromosa|100/100
|
|upkeep
|turn|7
|
|t:|1617775834
|move|p2a: Pheromosa|U-turn|p1a: Tangrowth
|-supereffective|p1a: Tangrowth
|-damage|p1a: Tangrowth|41/100
|-damage|p2a: Pheromosa|84/100|[from] item: Rocky Helmet|[of] p1a: Tangrowth
|
|t:|1617775840
|switch|p2a: Eternatus|Eternatus|100/100|[from]move: U-turn
|-ability|p2a: Eternatus|Pressure
|move|p1a: Tangrowth|Knock Off|p2a: Eternatus
|-damage|p2a: Eternatus|83/100
|-enditem|p2a: Eternatus|Black Sludge|[from] move: Knock Off|[of] p1a: Tangrowth
|
|upkeep
|turn|8
|
|t:|1617775852
|switch|p1a: Blissey|Blissey, F|53/100
|move|p2a: Eternatus|Sludge Wave|p1a: Blissey
|-damage|p1a: Blissey|37/100
|-status|p1a: Blissey|psn
|
|-damage|p1a: Blissey|25/100 psn|[from] psn
|upkeep
|turn|9
|
|t:|1617775882
|switch|p2a: Pheromosa|Pheromosa|84/100
|move|p1a: Blissey|Soft-Boiled|p1a: Blissey
|-heal|p1a: Blissey|75/100 psn
|
|-damage|p1a: Blissey|62/100 psn|[from] psn
|upkeep
|turn|10
|
|t:|1617775892
|switch|p1a: Necrozma|Necrozma-Dusk-Mane|100/100
|move|p2a: Pheromosa|U-turn|p1a: Necrozma
|-damage|p1a: Necrozma|69/100
|-damage|p2a: Pheromosa|67/100|[from] item: Rocky Helmet|[of] p1a: Necrozma
|
|t:|1617775924
|switch|p2a: Calyrex|Calyrex-Shadow|100/100|[from]move: U-turn
|-ability|p2a: Calyrex|As One
|-ability|p2a: Calyrex|Unnerve
|
|upkeep
|turn|11
|
|t:|1617775931
|switch|p1a: Yveltal|Yveltal|100/100
|-ability|p1a: Yveltal|Dark Aura
|move|p2a: Calyrex|Astral Barrage|p1a: Yveltal
|-resisted|p1a: Yveltal
|-damage|p1a: Yveltal|81/100
|
|upkeep
|turn|12
|
|t:|1617775948
|switch|p2a: Yveltal|Yveltal|94/100 brn
|-ability|p2a: Yveltal|Dark Aura
|move|p1a: Yveltal|Snarl|p2a: Yveltal
|-resisted|p2a: Yveltal
|-damage|p2a: Yveltal|86/100 brn
|-unboost|p2a: Yveltal|spa|1
|
|-damage|p2a: Yveltal|80/100 brn|[from] brn
|upkeep
|turn|13
|
|t:|1617775953
|move|p2a: Yveltal|Knock Off|p1a: Yveltal
|-resisted|p1a: Yveltal
|-damage|p1a: Yveltal|70/100
|-enditem|p1a: Yveltal|Heavy-Duty Boots|[from] move: Knock Off|[of] p2a: Yveltal
|move|p1a: Yveltal|Knock Off|p2a: Yveltal
|-resisted|p2a: Yveltal
|-damage|p2a: Yveltal|59/100 brn
|-enditem|p2a: Yveltal|Heavy-Duty Boots|[from] move: Knock Off|[of] p1a: Yveltal
|
|-damage|p2a: Yveltal|53/100 brn|[from] brn
|upkeep
|turn|14
|
|t:|1617775968
|switch|p1a: Blissey|Blissey, F|62/100
|move|p2a: Yveltal|Roost|p2a: Yveltal
|-heal|p2a: Yveltal|100/100 brn
|-singleturn|p2a: Yveltal|move: Roost
|
|-damage|p2a: Yveltal|94/100 brn|[from] brn
|upkeep
|turn|15
|
|t:|1617775976
|switch|p2a: Pheromosa|Pheromosa|67/100
|move|p1a: Blissey|Toxic|p2a: Pheromosa
|-status|p2a: Pheromosa|tox
|
|-damage|p2a: Pheromosa|61/100 tox|[from] psn
|upkeep
|turn|16
|
|t:|1617775983
|switch|p1a: Ho-Oh|Ho-Oh|100/100
|move|p2a: Pheromosa|Close Combat|p1a: Ho-Oh
|-resisted|p1a: Ho-Oh
|-crit|p1a: Ho-Oh
|-damage|p1a: Ho-Oh|47/100
|-unboost|p2a: Pheromosa|def|1
|-unboost|p2a: Pheromosa|spd|1
|
|-damage|p2a: Pheromosa|49/100 tox|[from] psn
|upkeep
|turn|17
|
|t:|1617776003
|switch|p2a: Palkia|Palkia|100/100 par
|-ability|p2a: Palkia|Pressure
|move|p1a: Ho-Oh|Sacred Fire|p2a: Palkia
|-resisted|p2a: Palkia
|-damage|p2a: Palkia|90/100 par
|
|upkeep
|turn|18
|
|t:|1617776018
|switch|p1a: Blissey|Blissey, F|62/100
|switch|p2a: Pheromosa|Pheromosa|49/100 tox
|
|-damage|p2a: Pheromosa|43/100 tox|[from] psn
|upkeep
|turn|19
|
|t:|1617776026
|switch|p1a: Ho-Oh|Ho-Oh|80/100
|move|p2a: Pheromosa|Close Combat|p1a: Ho-Oh
|-resisted|p1a: Ho-Oh
|-damage|p1a: Ho-Oh|45/100
|-unboost|p2a: Pheromosa|def|1
|-unboost|p2a: Pheromosa|spd|1
|
|-damage|p2a: Pheromosa|31/100 tox|[from] psn
|upkeep
|turn|20
|
|t:|1617776040
|switch|p2a: Calyrex|Calyrex-Shadow|100/100
|-ability|p2a: Calyrex|As One
|-ability|p2a: Calyrex|Unnerve
|switch|p1a: Calyrex|Calyrex-Shadow|100/100
|-ability|p1a: Calyrex|As One
|-ability|p1a: Calyrex|Unnerve
|
|upkeep
|turn|21
|
|t:|1617776053
|switch|p1a: Blissey|Blissey, F|62/100
|move|p2a: Calyrex|Astral Barrage|p1a: Blissey
|-immune|p1a: Blissey
|
|upkeep
|turn|22
|
|t:|1617776061
|switch|p2a: Pheromosa|Pheromosa|31/100 tox
|move|p1a: Blissey|Teleport|p1a: Blissey
|
|t:|1617776072
|switch|p1a: Calyrex|Calyrex-Shadow|100/100|[from]move: Teleport
|-ability|p1a: Calyrex|As One
|-ability|p1a: Calyrex|Unnerve
|
|-damage|p2a: Pheromosa|25/100 tox|[from] psn
|upkeep
|turn|23
|
|t:|1617776087
|switch|p2a: Yveltal|Yveltal|94/100 brn
|-ability|p2a: Yveltal|Dark Aura
|move|p1a: Calyrex|Astral Barrage|p2a: Yveltal
|-resisted|p2a: Yveltal
|-damage|p2a: Yveltal|65/100 brn
|
|-damage|p2a: Yveltal|59/100 brn|[from] brn
|upkeep
|turn|24
|
|t:|1617776099
|switch|p1a: Ho-Oh|Ho-Oh|78/100
|move|p2a: Yveltal|Knock Off|p1a: Ho-Oh
|-damage|p1a: Ho-Oh|60/100
|-enditem|p1a: Ho-Oh|Heavy-Duty Boots|[from] move: Knock Off|[of] p2a: Yveltal
|
|-damage|p2a: Yveltal|53/100 brn|[from] brn
|upkeep
|turn|25
|
|t:|1617776110
|switch|p1a: Yveltal|Yveltal|70/100
|-ability|p1a: Yveltal|Dark Aura
|move|p2a: Yveltal|Roost|p2a: Yveltal
|-heal|p2a: Yveltal|100/100 brn
|-singleturn|p2a: Yveltal|move: Roost
|
|-damage|p2a: Yveltal|94/100 brn|[from] brn
|upkeep
|turn|26
|
|t:|1617776121
|switch|p2a: Eternatus|Eternatus|83/100
|-ability|p2a: Eternatus|Pressure
|move|p1a: Yveltal|Knock Off|p2a: Eternatus
|-damage|p2a: Eternatus|54/100
|
|upkeep
|turn|27
|
|t:|1617776131
|switch|p1a: Blissey|Blissey, F|62/100
|move|p2a: Eternatus|Recover|p2a: Eternatus
|-heal|p2a: Eternatus|100/100
|
|upkeep
|turn|28
|
|t:|1617776143
|move|p2a: Eternatus|Sludge Wave|p1a: Blissey
|-damage|p1a: Blissey|47/100
|move|p1a: Blissey|Soft-Boiled|p1a: Blissey
|-heal|p1a: Blissey|97/100
|
|upkeep
|turn|29
|
|t:|1617776156
|switch|p2a: Necrozma|Necrozma-Dusk-Mane|100/100
|move|p1a: Blissey|Teleport|p1a: Blissey
|
|t:|1617776160
|switch|p1a: Calyrex|Calyrex-Shadow|100/100|[from]move: Teleport
|-ability|p1a: Calyrex|As One
|-ability|p1a: Calyrex|Unnerve
|
|upkeep
|turn|30
|
|t:|1617776170
|switch|p2a: Yveltal|Yveltal|94/100 brn
|-ability|p2a: Yveltal|Dark Aura
|move|p1a: Calyrex|Astral Barrage|p2a: Yveltal
|-resisted|p2a: Yveltal
|-damage|p2a: Yveltal|63/100 brn
|
|-damage|p2a: Yveltal|57/100 brn|[from] brn
|upkeep
|turn|31
|
|t:|1617776189
|switch|p1a: Necrozma|Necrozma-Dusk-Mane|69/100
|move|p2a: Yveltal|Roost|p2a: Yveltal
|-heal|p2a: Yveltal|100/100 brn
|-singleturn|p2a: Yveltal|move: Roost
|
|-damage|p2a: Yveltal|94/100 brn|[from] brn
|upkeep
|turn|32
|
|t:|1617776193
|move|p2a: Yveltal|Knock Off|p1a: Necrozma
|-supereffective|p1a: Necrozma
|-damage|p1a: Necrozma|46/100
|-damage|p2a: Yveltal|78/100 brn|[from] item: Rocky Helmet|[of] p1a: Necrozma
|-enditem|p1a: Necrozma|Rocky Helmet|[from] move: Knock Off|[of] p2a: Yveltal
|move|p1a: Necrozma|Morning Sun|p1a: Necrozma
|-heal|p1a: Necrozma|96/100
|
|-damage|p2a: Yveltal|72/100 brn|[from] brn
|upkeep
|turn|33
|
|t:|1617776199
|switch|p2a: Necrozma|Necrozma-Dusk-Mane|100/100
|move|p1a: Necrozma|Stealth Rock|p2a: Necrozma
|-sidestart|p2: bergurz8|move: Stealth Rock
|
|upkeep
|turn|34
|
|t:|1617776209
|switch|p1a: Tangrowth|Tangrowth, F|74/100
|move|p2a: Necrozma|Stealth Rock|p1a: Tangrowth
|-sidestart|p1: PokeDuels|move: Stealth Rock
|
|upkeep
|turn|35
|
|t:|1617776258
|switch|p2a: Palkia|Palkia|90/100 par
|-damage|p2a: Palkia|78/100 par|[from] Stealth Rock
|-ability|p2a: Palkia|Pressure
|move|p1a: Tangrowth|Reflect|p1a: Tangrowth
|-sidestart|p1: PokeDuels|Reflect
|
|upkeep
|turn|36
|
|t:|1617776265
|switch|p1a: Blissey|Blissey, F|97/100
|-damage|p1a: Blissey|84/100|[from] Stealth Rock
|move|p2a: Palkia|Spacial Rend|p1a: Blissey
|-damage|p1a: Blissey|55/100
|
|upkeep
|turn|37
|
|t:|1617776294
|switch|p2a: Calyrex|Calyrex-Shadow|100/100
|-ability|p2a: Calyrex|As One
|-ability|p2a: Calyrex|Unnerve
|-damage|p2a: Calyrex|88/100|[from] Stealth Rock
|move|p1a: Blissey|Soft-Boiled|p1a: Blissey
|-heal|p1a: Blissey|100/100
|
|upkeep
|turn|38
|
|t:|1617776299
|move|p2a: Calyrex|Aromatherapy|p2a: Calyrex
|-activate|p2a: Calyrex|move: Aromatherapy
|-curestatus|p2: Palkia|par|[msg]
|-curestatus|p2: Pheromosa|tox|[msg]
|-curestatus|p2: Yveltal|brn|[msg]
|move|p1a: Blissey|Teleport|p1a: Blissey
|
|t:|1617776303
|switch|p1a: Yveltal|Yveltal|70/100|[from]move: Teleport
|-damage|p1a: Yveltal|45/100|[from] Stealth Rock
|-ability|p1a: Yveltal|Dark Aura
|
|upkeep
|turn|39
|
|t:|1617776316
|switch|p2a: Pheromosa|Pheromosa|25/100
|-damage|p2a: Pheromosa|13/100|[from] Stealth Rock
|move|p1a: Yveltal|Roost|p1a: Yveltal
|-heal|p1a: Yveltal|95/100
|-singleturn|p1a: Yveltal|move: Roost
|
|-sideend|p1: PokeDuels|Reflect
|upkeep
|turn|40
|
|t:|1617776330
|switch|p1a: Necrozma|Necrozma-Dusk-Mane|96/100
|-damage|p1a: Necrozma|90/100|[from] Stealth Rock
|move|p2a: Pheromosa|Triple Axel|p1a: Necrozma
|-resisted|p1a: Necrozma
|-damage|p1a: Necrozma|87/100
|-resisted|p1a: Necrozma
|-crit|p1a: Necrozma
|-damage|p1a: Necrozma|78/100
|-resisted|p1a: Necrozma
|-damage|p1a: Necrozma|69/100
|-hitcount|p1a: Necrozma|3
|
|upkeep
|turn|41
|
|t:|1617776354
|switch|p2a: Eternatus|Eternatus|100/100
|-damage|p2a: Eternatus|88/100|[from] Stealth Rock
|-ability|p2a: Eternatus|Pressure
|move|p1a: Necrozma|Morning Sun|p1a: Necrozma
|-heal|p1a: Necrozma|100/100
|
|upkeep
|turn|42
|
|t:|1617776359
|switch|p1a: Blissey|Blissey, F|100/100
|-damage|p1a: Blissey|88/100|[from] Stealth Rock
|move|p2a: Eternatus|Flamethrower|p1a: Blissey
|-damage|p1a: Blissey|77/100
|
|upkeep
|turn|43
|
|t:|1617776364
|move|p2a: Eternatus|Toxic|p1a: Blissey
|-status|p1a: Blissey|tox
|move|p1a: Blissey|Teleport|p1a: Blissey
|
|t:|1617776379
|-curestatus|p1a: Blissey|tox|[from] ability: Natural Cure
|switch|p1a: Calyrex|Calyrex-Shadow|100/100|[from]move: Teleport
|-ability|p1a: Calyrex|As One
|-ability|p1a: Calyrex|Unnerve
|-damage|p1a: Calyrex|88/100|[from] Stealth Rock
|
|upkeep
|turn|44
|
|t:|1617776403
|switch|p2a: Yveltal|Yveltal|72/100
|-damage|p2a: Yveltal|47/100|[from] Stealth Rock
|-ability|p2a: Yveltal|Dark Aura
|move|p1a: Calyrex|Will-O-Wisp|p2a: Yveltal
|-status|p2a: Yveltal|brn
|
|-damage|p2a: Yveltal|41/100 brn|[from] brn
|upkeep
|turn|45
|
|t:|1617776410
|switch|p1a: Ho-Oh|Ho-Oh|93/100
|-damage|p1a: Ho-Oh|43/100|[from] Stealth Rock
|move|p2a: Yveltal|Roost|p2a: Yveltal
|-heal|p2a: Yveltal|91/100 brn
|-singleturn|p2a: Yveltal|move: Roost
|
|-damage|p2a: Yveltal|85/100 brn|[from] brn
|upkeep
|turn|46
|
|t:|1617776428
|switch|p2a: Palkia|Palkia|78/100
|-damage|p2a: Palkia|65/100|[from] Stealth Rock
|-ability|p2a: Palkia|Pressure
|move|p1a: Ho-Oh|Defog|p2a: Palkia
|-unboost|p2a: Palkia|evasion|1
|-sideend|p2: bergurz8|Stealth Rock|[from] move: Defog|[of] p1a: Ho-Oh
|-sideend|p1: PokeDuels|Stealth Rock|[from] move: Defog|[of] p1a: Ho-Oh
|
|upkeep
|turn|47
|
|t:|1617776437
|switch|p2a: Necrozma|Necrozma-Dusk-Mane|100/100
|switch|p1a: Blissey|Blissey, F|77/100
|
|upkeep
|turn|48
|
|t:|1617776443
|switch|p1a: Ho-Oh|Ho-Oh|76/100
|move|p2a: Necrozma|Stealth Rock|p1a: Ho-Oh
|-sidestart|p1: PokeDuels|move: Stealth Rock
|
|upkeep
|turn|49
|
|t:|1617776449
|move|p1a: Ho-Oh|Defog|p2a: Necrozma
|-unboost|p2a: Necrozma|evasion|1
|-sideend|p1: PokeDuels|Stealth Rock|[from] move: Defog|[of] p1a: Ho-Oh
|move|p2a: Necrozma|Thunder Wave|p1a: Ho-Oh
|-status|p1a: Ho-Oh|par
|
|upkeep
|turn|50
|
|t:|1617776458
|move|p2a: Necrozma|Stealth Rock|p1a: Ho-Oh
|-sidestart|p1: PokeDuels|move: Stealth Rock
|move|p1a: Ho-Oh|Thunder Wave|p2a: Necrozma
|-status|p2a: Necrozma|par
|
|upkeep
|turn|51
|j| bobby fullbright
|l| bobby fullbright
|
|t:|1617776498
|cant|p1a: Ho-Oh|par
|move|p2a: Necrozma|Sunsteel Strike|p1a: Ho-Oh
|-resisted|p1a: Ho-Oh
|-damage|p1a: Ho-Oh|58/100 par
|
|upkeep
|turn|52
|
|t:|1617776509
|cant|p1a: Ho-Oh|par
|move|p2a: Necrozma|Sunsteel Strike|p1a: Ho-Oh
|-resisted|p1a: Ho-Oh
|-damage|p1a: Ho-Oh|41/100 par
|
|upkeep
|turn|53
|
|t:|1617776514
|switch|p2a: Pheromosa|Pheromosa|13/100
|move|p1a: Ho-Oh|Defog|p2a: Pheromosa
|-unboost|p2a: Pheromosa|evasion|1
|-sideend|p1: PokeDuels|Stealth Rock|[from] move: Defog|[of] p1a: Ho-Oh
|
|upkeep
|turn|54
|
|t:|1617776521
|switch|p1a: Necrozma|Necrozma-Dusk-Mane|100/100
|move|p2a: Pheromosa|Close Combat|p1a: Necrozma
|-damage|p1a: Necrozma|47/100
|-unboost|p2a: Pheromosa|def|1
|-unboost|p2a: Pheromosa|spd|1
|
|upkeep
|turn|55
|
|t:|1617776536
|switch|p2a: Yveltal|Yveltal|85/100 brn
|-ability|p2a: Yveltal|Dark Aura
|switch|p1a: Calyrex|Calyrex-Shadow|88/100
|-ability|p1a: Calyrex|As One
|-ability|p1a: Calyrex|Unnerve
|
|-damage|p2a: Yveltal|79/100 brn|[from] brn
|upkeep
|turn|56
|
|t:|1617776562
|switch|p1a: Necrozma|Necrozma-Dusk-Mane|47/100
|switch|p2a: Necrozma|Necrozma-Dusk-Mane|100/100 par
|
|upkeep
|turn|57
|
|t:|1617776571
|move|p1a: Necrozma|Morning Sun|p1a: Necrozma
|-heal|p1a: Necrozma|97/100
|cant|p2a: Necrozma|par
|
|upkeep
|turn|58
|
|t:|1617776585
|move|p1a: Necrozma|Stealth Rock|p2a: Necrozma
|-sidestart|p2: bergurz8|move: Stealth Rock
|move|p2a: Necrozma|Stealth Rock|p1a: Necrozma
|-sidestart|p1: PokeDuels|move: Stealth Rock
|
|upkeep
|turn|59
|j| Qwerky D
|
|t:|1617776627
|switch|p2a: Palkia|Palkia|65/100
|-damage|p2a: Palkia|53/100|[from] Stealth Rock
|-ability|p2a: Palkia|Pressure
|move|p1a: Necrozma|Earthquake|p2a: Palkia
|-damage|p2a: Palkia|24/100
|
|upkeep
|turn|60
|
|t:|1617776635
|move|p2a: Palkia|Rest|p2a: Palkia
|-status|p2a: Palkia|slp|[from] move: Rest
|-heal|p2a: Palkia|100/100 slp|[silent]
|move|p1a: Necrozma|Earthquake|p2a: Palkia
|-damage|p2a: Palkia|70/100 slp
|
|upkeep
|turn|61
|
|t:|1617776647
|switch|p2a: Yveltal|Yveltal|79/100 brn
|-damage|p2a: Yveltal|54/100 brn|[from] Stealth Rock
|-ability|p2a: Yveltal|Dark Aura
|move|p1a: Necrozma|Earthquake|p2a: Yveltal
|-immune|p2a: Yveltal
|
|-damage|p2a: Yveltal|48/100 brn|[from] brn
|upkeep
|turn|62
|
|t:|1617776656
|move|p2a: Yveltal|Roost|p2a: Yveltal
|-heal|p2a: Yveltal|98/100 brn
|-singleturn|p2a: Yveltal|move: Roost
|move|p1a: Necrozma|Sunsteel Strike|p2a: Yveltal
|-damage|p2a: Yveltal|60/100 brn
|
|-damage|p2a: Yveltal|54/100 brn|[from] brn
|upkeep
|turn|63
|
|t:|1617776671
|move|p2a: Yveltal|Knock Off|p1a: Necrozma
|-supereffective|p1a: Necrozma
|-damage|p1a: Necrozma|82/100
|move|p1a: Necrozma|Sunsteel Strike|p2a: Yveltal
|-damage|p2a: Yveltal|13/100 brn
|
|-damage|p2a: Yveltal|7/100 brn|[from] brn
|upkeep
|turn|64
|
|t:|1617776676
|move|p2a: Yveltal|Roost|p2a: Yveltal
|-heal|p2a: Yveltal|57/100 brn
|-singleturn|p2a: Yveltal|move: Roost
|move|p1a: Necrozma|Sunsteel Strike|p2a: Yveltal
|-damage|p2a: Yveltal|15/100 brn
|
|-damage|p2a: Yveltal|9/100 brn|[from] brn
|upkeep
|turn|65
|
|t:|1617776679
|move|p2a: Yveltal|Roost|p2a: Yveltal
|-heal|p2a: Yveltal|59/100 brn
|-singleturn|p2a: Yveltal|move: Roost
|move|p1a: Necrozma|Sunsteel Strike|p2a: Yveltal
|-damage|p2a: Yveltal|20/100 brn
|
|-damage|p2a: Yveltal|14/100 brn|[from] brn
|upkeep
|turn|66
|
|t:|1617776681
|move|p2a: Yveltal|Roost|p2a: Yveltal
|-heal|p2a: Yveltal|64/100 brn
|-singleturn|p2a: Yveltal|move: Roost
|move|p1a: Necrozma|Sunsteel Strike|p2a: Yveltal
|-damage|p2a: Yveltal|27/100 brn
|
|-damage|p2a: Yveltal|21/100 brn|[from] brn
|upkeep
|turn|67
|
|t:|1617776683
|move|p2a: Yveltal|Roost|p2a: Yveltal
|-heal|p2a: Yveltal|71/100 brn
|-singleturn|p2a: Yveltal|move: Roost
|move|p1a: Necrozma|Sunsteel Strike|p2a: Yveltal
|-damage|p2a: Yveltal|29/100 brn
|
|-damage|p2a: Yveltal|23/100 brn|[from] brn
|upkeep
|turn|68
|
|t:|1617776687
|switch|p1a: Yveltal|Yveltal|95/100
|-damage|p1a: Yveltal|71/100|[from] Stealth Rock
|-ability|p1a: Yveltal|Dark Aura
|move|p2a: Yveltal|Roost|p2a: Yveltal
|-heal|p2a: Yveltal|73/100 brn
|-singleturn|p2a: Yveltal|move: Roost
|
|-damage|p2a: Yveltal|67/100 brn|[from] brn
|upkeep
|turn|69
|
|t:|1617776703
|switch|p2a: Eternatus|Eternatus|88/100
|-damage|p2a: Eternatus|76/100|[from] Stealth Rock
|-ability|p2a: Eternatus|Pressure
|move|p1a: Yveltal|Defog|p2a: Eternatus
|-unboost|p2a: Eternatus|evasion|1
|-sideend|p2: bergurz8|Stealth Rock|[from] move: Defog|[of] p1a: Yveltal
|-sideend|p1: PokeDuels|Stealth Rock|[from] move: Defog|[of] p1a: Yveltal
|
|upkeep
|turn|70
|
|t:|1617776747
|move|p2a: Eternatus|Sludge Wave|p1a: Yveltal
|-damage|p1a: Yveltal|46/100
|move|p1a: Yveltal|Knock Off|p2a: Eternatus
|-damage|p2a: Eternatus|49/100
|
|upkeep
|turn|71
|
|t:|1617776757
|move|p2a: Eternatus|Toxic|p1a: Yveltal
|-status|p1a: Yveltal|tox
|move|p1a: Yveltal|Roost|p1a: Yveltal
|-heal|p1a: Yveltal|96/100 tox
|-singleturn|p1a: Yveltal|move: Roost
|
|-damage|p1a: Yveltal|90/100 tox|[from] psn
|upkeep
|turn|72
|
|t:|1617776763
|switch|p1a: Blissey|Blissey, F|77/100
|move|p2a: Eternatus|Recover|p2a: Eternatus
|-heal|p2a: Eternatus|99/100
|
|upkeep
|turn|73
|
|t:|1617776777
|switch|p2a: Pheromosa|Pheromosa|13/100
|move|p1a: Blissey|Aromatherapy|p1a: Blissey
|-activate|p1a: Blissey|move: Aromatherapy
|-curestatus|p1: Yveltal|tox|[msg]
|-curestatus|p1: Ho-Oh|par|[msg]
|
|upkeep
|turn|74
|
|t:|1617776790
|switch|p1a: Ho-Oh|Ho-Oh|74/100
|move|p2a: Pheromosa|U-turn|p1a: Ho-Oh
|-resisted|p1a: Ho-Oh
|-damage|p1a: Ho-Oh|64/100
|
|t:|1617776797
|switch|p2a: Palkia|Palkia|70/100 slp|[from]move: U-turn
|-ability|p2a: Palkia|Pressure
|
|upkeep
|turn|75
|
|t:|1617776806
|switch|p1a: Calyrex|Calyrex-Shadow|88/100
|-ability|p1a: Calyrex|As One
|-ability|p1a: Calyrex|Unnerve
|cant|p2a: Palkia|slp
|
|upkeep
|turn|76
|
|t:|1617776813
|switch|p2a: Yveltal|Yveltal|67/100 brn
|-ability|p2a: Yveltal|Dark Aura
|move|p1a: Calyrex|Astral Barrage|p2a: Yveltal
|-resisted|p2a: Yveltal
|-damage|p2a: Yveltal|38/100 brn
|
|-damage|p2a: Yveltal|32/100 brn|[from] brn
|upkeep
|turn|77
|
|t:|1617776831
|switch|p1a: Necrozma|Necrozma-Dusk-Mane|82/100
|move|p2a: Yveltal|Roost|p2a: Yveltal
|-heal|p2a: Yveltal|82/100 brn
|-singleturn|p2a: Yveltal|move: Roost
|
|-damage|p2a: Yveltal|76/100 brn|[from] brn
|upkeep
|turn|78
|
|t:|1617776848
|switch|p2a: Eternatus|Eternatus|99/100
|-ability|p2a: Eternatus|Pressure
|switch|p1a: Calyrex|Calyrex-Shadow|88/100
|-ability|p1a: Calyrex|As One
|-ability|p1a: Calyrex|Unnerve
|
|upkeep
|turn|79
|
|t:|1617776862
|move|p1a: Calyrex|Trick|p2a: Eternatus
|-activate|p1a: Calyrex|move: Trick|[of] p2a: Eternatus
|-item|p2a: Eternatus|Choice Specs|[from] move: Trick
|-enditem|p1a: Calyrex|Choice Specs|[silent]|[from] move: Trick
|move|p2a: Eternatus|Sludge Wave|p1a: Calyrex
|-resisted|p1a: Calyrex
|-damage|p1a: Calyrex|53/100
|
|upkeep
|turn|80
|c|☆bergurz8|wait what
|c|☆bergurz8|didn't know trick works when you don't have an item
|
|t:|1617776929
|move|p1a: Calyrex|Psyshock|p2a: Eternatus
|-supereffective|p2a: Eternatus
|-damage|p2a: Eternatus|26/100
|move|p2a: Eternatus|Sludge Wave|p1a: Calyrex
|-resisted|p1a: Calyrex
|-damage|p1a: Calyrex|20/100
|
|upkeep
|turn|81
|
|t:|1617776955
|switch|p1a: Necrozma|Necrozma-Dusk-Mane|82/100
|switch|p2a: Yveltal|Yveltal|76/100 brn
|-ability|p2a: Yveltal|Dark Aura
|
|-damage|p2a: Yveltal|70/100 brn|[from] brn
|upkeep
|turn|82
|
|t:|1617776970
|move|p2a: Yveltal|Knock Off|p1a: Necrozma
|-supereffective|p1a: Necrozma
|-damage|p1a: Necrozma|67/100
|move|p1a: Necrozma|Stealth Rock|p2a: Yveltal
|-sidestart|p2: bergurz8|move: Stealth Rock
|
|-damage|p2a: Yveltal|64/100 brn|[from] brn
|upkeep
|turn|83
|
|t:|1617776983
|switch|p1a: Yveltal|Yveltal|90/100
|-ability|p1a: Yveltal|Dark Aura
|move|p2a: Yveltal|Defog|p1a: Yveltal
|-unboost|p1a: Yveltal|evasion|1
|-sideend|p2: bergurz8|Stealth Rock|[from] move: Defog|[of] p2a: Yveltal
|
|-damage|p2a: Yveltal|58/100 brn|[from] brn
|upkeep
|turn|84
|
|t:|1617777044
|move|p1a: Yveltal|Knock Off|p2a: Yveltal
|-resisted|p2a: Yveltal
|-damage|p2a: Yveltal|44/100 brn
|move|p2a: Yveltal|Knock Off|p1a: Yveltal
|-resisted|p1a: Yveltal
|-damage|p1a: Yveltal|83/100
|
|-damage|p2a: Yveltal|38/100 brn|[from] brn
|upkeep
|turn|85
|
|t:|1617777057
|move|p2a: Yveltal|Knock Off|p1a: Yveltal
|-resisted|p1a: Yveltal
|-crit|p1a: Yveltal
|-damage|p1a: Yveltal|73/100
|move|p1a: Yveltal|Knock Off|p2a: Yveltal
|-resisted|p2a: Yveltal
|-damage|p2a: Yveltal|23/100 brn
|
|-damage|p2a: Yveltal|17/100 brn|[from] brn
|upkeep
|turn|86
|
|t:|1617777069
|move|p2a: Yveltal|Knock Off|p1a: Yveltal
|-resisted|p1a: Yveltal
|-damage|p1a: Yveltal|66/100
|move|p1a: Yveltal|Roost|p1a: Yveltal
|-heal|p1a: Yveltal|100/100
|-singleturn|p1a: Yveltal|move: Roost
|
|-damage|p2a: Yveltal|11/100 brn|[from] brn
|upkeep
|turn|87
|
|t:|1617777076
|move|p2a: Yveltal|Roost|p2a: Yveltal
|-heal|p2a: Yveltal|61/100 brn
|-singleturn|p2a: Yveltal|move: Roost
|move|p1a: Yveltal|Knock Off|p2a: Yveltal
|-resisted|p2a: Yveltal
|-damage|p2a: Yveltal|47/100 brn
|
|-damage|p2a: Yveltal|40/100 brn|[from] brn
|upkeep
|turn|88
|
|t:|1617777085
|move|p1a: Yveltal|Defog|p2a: Yveltal
|-unboost|p2a: Yveltal|evasion|1
|move|p2a: Yveltal|Knock Off|p1a: Yveltal
|-resisted|p1a: Yveltal
|-crit|p1a: Yveltal
|-damage|p1a: Yveltal|89/100
|
|-damage|p2a: Yveltal|34/100 brn|[from] brn
|upkeep
|turn|89
|
|t:|1617777092
|move|p2a: Yveltal|Knock Off|p1a: Yveltal
|-resisted|p1a: Yveltal
|-damage|p1a: Yveltal|82/100
|move|p1a: Yveltal|Knock Off|p2a: Yveltal
|-resisted|p2a: Yveltal
|-damage|p2a: Yveltal|20/100 brn
|
|-damage|p2a: Yveltal|13/100 brn|[from] brn
|upkeep
|turn|90
|
|t:|1617777101
|move|p2a: Yveltal|Knock Off|p1a: Yveltal
|-resisted|p1a: Yveltal
|-damage|p1a: Yveltal|74/100
|move|p1a: Yveltal|Roost|p1a: Yveltal
|-heal|p1a: Yveltal|100/100
|-singleturn|p1a: Yveltal|move: Roost
|
|-damage|p2a: Yveltal|7/100 brn|[from] brn
|upkeep
|turn|91
|
|t:|1617777107
|move|p1a: Yveltal|Knock Off|p2a: Yveltal
|-resisted|p2a: Yveltal
|-damage|p2a: Yveltal|0 fnt
|faint|p2a: Yveltal
|
|upkeep
|
|t:|1617777125
|switch|p2a: Pheromosa|Pheromosa|13/100
|turn|92
|
|t:|1617777137
|switch|p1a: Ho-Oh|Ho-Oh|97/100
|move|p2a: Pheromosa|Triple Axel|p1a: Ho-Oh
|-damage|p1a: Ho-Oh|89/100
|-damage|p1a: Ho-Oh|74/100
|-hitcount|p1a: Ho-Oh|2
|
|upkeep
|turn|93
|
|t:|1617777155
|switch|p2a: Necrozma|Necrozma-Dusk-Mane|100/100 par
|switch|p1a: Necrozma|Necrozma-Dusk-Mane|67/100
|
|upkeep
|turn|94
|
|t:|1617777167
|switch|p1a: Calyrex|Calyrex-Shadow|20/100
|-ability|p1a: Calyrex|As One
|-ability|p1a: Calyrex|Unnerve
|cant|p2a: Necrozma|par
|
|upkeep
|turn|95
|
|t:|1617777172
|move|p1a: Calyrex|Astral Barrage|p2a: Necrozma
|-supereffective|p2a: Necrozma
|-damage|p2a: Necrozma|40/100 par
|move|p2a: Necrozma|Sunsteel Strike|p1a: Calyrex
|-damage|p1a: Calyrex|0 fnt
|faint|p1a: Calyrex
|
|-heal|p2a: Necrozma|46/100 par|[from] item: Leftovers
|upkeep
|
|t:|1617777175
|switch|p1a: Yveltal|Yveltal|100/100
|-ability|p1a: Yveltal|Dark Aura
|turn|96
|
|t:|1617777209
|switch|p2a: Eternatus|Eternatus|26/100
|-ability|p2a: Eternatus|Pressure
|move|p1a: Yveltal|Knock Off|p2a: Eternatus
|-damage|p2a: Eternatus|0 fnt
|-enditem|p2a: Eternatus|Choice Specs|[from] move: Knock Off|[of] p1a: Yveltal
|faint|p2a: Eternatus
|
|upkeep
|
|t:|1617777247
|switch|p2a: Pheromosa|Pheromosa|13/100
|turn|97
|
|t:|1617777258
|switch|p1a: Ho-Oh|Ho-Oh|100/100
|move|p2a: Pheromosa|U-turn|p1a: Ho-Oh
|-resisted|p1a: Ho-Oh
|-damage|p1a: Ho-Oh|90/100
|
|t:|1617777274
|switch|p2a: Necrozma|Necrozma-Dusk-Mane|46/100 par|[from]move: U-turn
|
|-heal|p2a: Necrozma|52/100 par|[from] item: Leftovers
|upkeep
|turn|98
|
|t:|1617777283
|move|p1a: Ho-Oh|Sacred Fire|p2a: Necrozma|[miss]
|-miss|p1a: Ho-Oh|p2a: Necrozma
|cant|p2a: Necrozma|par
|
|-heal|p2a: Necrozma|58/100 par|[from] item: Leftovers
|upkeep
|turn|99
|
|t:|1617777285
|move|p1a: Ho-Oh|Sacred Fire|p2a: Necrozma
|-supereffective|p2a: Necrozma
|-damage|p2a: Necrozma|17/100 par
|cant|p2a: Necrozma|par
|
|-heal|p2a: Necrozma|23/100 par|[from] item: Leftovers
|upkeep
|turn|100
|
|t:|1617777295
|switch|p2a: Palkia|Palkia|70/100 slp
|-ability|p2a: Palkia|Pressure
|move|p1a: Ho-Oh|Sacred Fire|p2a: Palkia
|-resisted|p2a: Palkia
|-damage|p2a: Palkia|60/100 slp
|
|upkeep
|turn|101
|
|t:|1617777308
|switch|p1a: Blissey|Blissey, F|77/100
|cant|p2a: Palkia|slp
|
|upkeep
|turn|102
|
|t:|1617777319
|switch|p2a: Necrozma|Necrozma-Dusk-Mane|23/100 par
|move|p1a: Blissey|Toxic||[still]
|-fail|p1a: Blissey
|
|-heal|p2a: Necrozma|29/100 par|[from] item: Leftovers
|upkeep
|turn|103
|c|☆bergurz8|take 3
|
|t:|1617777328
|switch|p1a: Ho-Oh|Ho-Oh|100/100
|move|p2a: Necrozma|Moonlight|p2a: Necrozma
|-heal|p2a: Necrozma|79/100 par
|
|-heal|p2a: Necrozma|85/100 par|[from] item: Leftovers
|upkeep
|turn|104
|c|☆bergurz8|there we go
|
|t:|1617777365
|move|p1a: Ho-Oh|Thunder Wave|p2a: Necrozma
|-fail|p2a: Necrozma|par
|move|p2a: Necrozma|Stealth Rock|p1a: Ho-Oh
|-sidestart|p1: PokeDuels|move: Stealth Rock
|
|-heal|p2a: Necrozma|91/100 par|[from] item: Leftovers
|upkeep
|turn|105
|
|t:|1617777375
|move|p1a: Ho-Oh|Defog|p2a: Necrozma
|-unboost|p2a: Necrozma|evasion|1
|-sideend|p1: PokeDuels|Stealth Rock|[from] move: Defog|[of] p1a: Ho-Oh
|move|p2a: Necrozma|Thunder Wave|p1a: Ho-Oh
|-status|p1a: Ho-Oh|par
|
|-heal|p2a: Necrozma|97/100 par|[from] item: Leftovers
|upkeep
|turn|106
|
|t:|1617777382
|cant|p1a: Ho-Oh|par
|cant|p2a: Necrozma|par
|
|-heal|p2a: Necrozma|100/100 par|[from] item: Leftovers
|upkeep
|turn|107
|
|t:|1617777387
|move|p1a: Ho-Oh|Thunder Wave|p2a: Necrozma
|-fail|p2a: Necrozma|par
|move|p2a: Necrozma|Stealth Rock|p1a: Ho-Oh
|-sidestart|p1: PokeDuels|move: Stealth Rock
|
|upkeep
|turn|108
|
|t:|1617777396
|switch|p2a: Palkia|Palkia|60/100 slp
|-ability|p2a: Palkia|Pressure
|move|p1a: Ho-Oh|Defog|p2a: Palkia
|-unboost|p2a: Palkia|evasion|1
|-sideend|p1: PokeDuels|Stealth Rock|[from] move: Defog|[of] p1a: Ho-Oh
|
|upkeep
|turn|109
|
|t:|1617777408
|switch|p2a: Necrozma|Necrozma-Dusk-Mane|100/100 par
|switch|p1a: Blissey|Blissey, F|77/100
|
|upkeep
|turn|110
|
|t:|1617777413
|switch|p1a: Ho-Oh|Ho-Oh|100/100 par
|move|p2a: Necrozma|Stealth Rock|p1a: Ho-Oh
|-sidestart|p1: PokeDuels|move: Stealth Rock
|
|upkeep
|turn|111
|
|t:|1617777428
|switch|p2a: Palkia|Palkia|60/100 slp
|-ability|p2a: Palkia|Pressure
|move|p1a: Ho-Oh|Defog|p2a: Palkia
|-unboost|p2a: Palkia|evasion|1
|-sideend|p1: PokeDuels|Stealth Rock|[from] move: Defog|[of] p1a: Ho-Oh
|
|upkeep
|turn|112
|
|t:|1617777435
|switch|p2a: Necrozma|Necrozma-Dusk-Mane|100/100 par
|switch|p1a: Blissey|Blissey, F|77/100
|
|upkeep
|turn|113
|
|t:|1617777443
|switch|p1a: Ho-Oh|Ho-Oh|100/100 par
|move|p2a: Necrozma|Stealth Rock|p1a: Ho-Oh
|-sidestart|p1: PokeDuels|move: Stealth Rock
|
|upkeep
|turn|114
|
|t:|1617777448
|switch|p2a: Palkia|Palkia|60/100 slp
|-ability|p2a: Palkia|Pressure
|move|p1a: Ho-Oh|Defog|p2a: Palkia
|-unboost|p2a: Palkia|evasion|1
|-sideend|p1: PokeDuels|Stealth Rock|[from] move: Defog|[of] p1a: Ho-Oh
|
|upkeep
|turn|115
|
|t:|1617777456
|switch|p1a: Tangrowth|Tangrowth, F|100/100
|-curestatus|p2a: Palkia|slp|[msg]
|move|p2a: Palkia|Spacial Rend|p1a: Tangrowth
|-damage|p1a: Tangrowth|0 fnt
|faint|p1a: Tangrowth
|
|upkeep
|
|t:|1617777466
|switch|p1a: Yveltal|Yveltal|100/100
|-ability|p1a: Yveltal|Dark Aura
|turn|116
|
|t:|1617777477
|move|p2a: Palkia|Thunder|p1a: Yveltal|[miss]
|-miss|p2a: Palkia|p1a: Yveltal
|move|p1a: Yveltal|Snarl|p2a: Palkia
|-damage|p2a: Palkia|37/100
|-unboost|p2a: Palkia|spa|1
|
|upkeep
|turn|117
|
|t:|1617777500
|move|p2a: Palkia|Thunder|p1a: Yveltal
|-supereffective|p1a: Yveltal
|-damage|p1a: Yveltal|66/100
|move|p1a: Yveltal|Knock Off|p2a: Palkia
|-damage|p2a: Palkia|0 fnt
|-enditem|p2a: Palkia|Lustrous Orb|[from] move: Knock Off|[of] p1a: Yveltal
|faint|p2a: Palkia
|
|upkeep
|
|t:|1617777514
|switch|p2a: Pheromosa|Pheromosa|13/100
|turn|118
|
|t:|1617777527
|switch|p1a: Necrozma|Necrozma-Dusk-Mane|67/100
|move|p2a: Pheromosa|Close Combat|p1a: Necrozma
|-damage|p1a: Necrozma|11/100
|-unboost|p2a: Pheromosa|def|1
|-unboost|p2a: Pheromosa|spd|1
|
|upkeep
|turn|119
|
|t:|1617777535
|move|p2a: Pheromosa|Close Combat|p1a: Necrozma
|-damage|p1a: Necrozma|0 fnt
|-unboost|p2a: Pheromosa|def|1
|-unboost|p2a: Pheromosa|spd|1
|faint|p1a: Necrozma
|-ability|p2a: Pheromosa|Beast Boost|boost
|-boost|p2a: Pheromosa|atk|1
|
|upkeep
|
|t:|1617777540
|switch|p1a: Ho-Oh|Ho-Oh|100/100 par
|turn|120
|
|t:|1617777552
|switch|p2a: Necrozma|Necrozma-Dusk-Mane|100/100 par
|switch|p1a: Yveltal|Yveltal|66/100
|-ability|p1a: Yveltal|Dark Aura
|
|upkeep
|turn|121
|
|t:|1617777561
|move|p1a: Yveltal|Knock Off|p2a: Necrozma
|-supereffective|p2a: Necrozma
|-damage|p2a: Necrozma|45/100 par
|-enditem|p2a: Necrozma|Leftovers|[from] move: Knock Off|[of] p1a: Yveltal
|move|p2a: Necrozma|Thunder Wave|p1a: Yveltal
|-status|p1a: Yveltal|par
|
|upkeep
|turn|122
|
|t:|1617777572
|cant|p1a: Yveltal|par
|move|p2a: Necrozma|Moonlight|p2a: Necrozma
|-heal|p2a: Necrozma|95/100 par
|
|upkeep
|turn|123
|
|t:|1617777585
|cant|p1a: Yveltal|par
|move|p2a: Necrozma|Sunsteel Strike|p1a: Yveltal
|-damage|p1a: Yveltal|26/100 par
|
|upkeep
|turn|124
|
|t:|1617777593
|move|p1a: Yveltal|Roost|p1a: Yveltal
|-heal|p1a: Yveltal|76/100 par
|-singleturn|p1a: Yveltal|move: Roost
|move|p2a: Necrozma|Stealth Rock|p1a: Yveltal
|-sidestart|p1: PokeDuels|move: Stealth Rock
|
|upkeep
|turn|125
|
|t:|1617777605
|cant|p1a: Yveltal|par
|move|p2a: Necrozma|Sunsteel Strike|p1a: Yveltal
|-damage|p1a: Yveltal|34/100 par
|
|upkeep
|turn|126
|
|t:|1617777612
|switch|p2a: Pheromosa|Pheromosa|13/100
|cant|p1a: Yveltal|par
|
|upkeep
|turn|127
|
|t:|1617777623
|switch|p1a: Blissey|Blissey, F|77/100
|-damage|p1a: Blissey|65/100|[from] Stealth Rock
|move|p2a: Pheromosa|Close Combat|p1a: Blissey
|-supereffective|p1a: Blissey
|-damage|p1a: Blissey|0 fnt
|-unboost|p2a: Pheromosa|def|1
|-unboost|p2a: Pheromosa|spd|1
|faint|p1a: Blissey
|-ability|p2a: Pheromosa|Beast Boost|boost
|-boost|p2a: Pheromosa|atk|1
|
|upkeep
|
|t:|1617777626
|switch|p1a: Ho-Oh|Ho-Oh|100/100 par
|-damage|p1a: Ho-Oh|50/100 par|[from] Stealth Rock
|turn|128
|c|☆bergurz8|sorry bro looks like I had rng on my side
|c|☆bergurz8|gg
|
|t:|1617777644
|move|p2a: Pheromosa|Close Combat|p1a: Ho-Oh
|-resisted|p1a: Ho-Oh
|-damage|p1a: Ho-Oh|0 fnt
|-unboost|p2a: Pheromosa|def|1
|-unboost|p2a: Pheromosa|spd|1
|faint|p1a: Ho-Oh
|-ability|p2a: Pheromosa|Beast Boost|boost
|-boost|p2a: Pheromosa|atk|1
|
|upkeep
|c|☆bergurz8|just enough pp too
|-message|PokeDuels forfeited.
|
|win|bergurz8
|raw|PokeDuels's rating: 1504 &rarr; <strong>1489</strong><br />(-15 for losing)
|raw|bergurz8's rating: 1599 &rarr; <strong>1614</strong><br />(+15 for winning)
