|j|☆cxcould
|j|☆85792195wwww
|t:|1629446136
|gametype|singles
|player|p1|cxcould|dawn|1525
|player|p2|85792195wwww|lady-gen4|1662
|teamsize|p1|6
|teamsize|p2|6
|gen|8
|tier|[Gen 8] Ubers
|rated|
|rule|Sleep Clause Mod: Limit one foe put to sleep
|rule|Species Clause: Limit one of each Pokémon
|rule|OHKO Clause: OHKO moves are banned
|rule|Evasion Moves Clause: Evasion moves are banned
|rule|Endless Battle Clause: Forcing endless battles is banned
|rule|HP Percentage Mod: HP is shown in percentages
|rule|Dynamax Clause: You cannot dynamax
|clearpoke
|poke|p1|Necrozma-Dusk-Mane|
|poke|p1|Yveltal|
|poke|p1|Gastrodon, M|
|poke|p1|Calyrex-Shadow|
|poke|p1|Zygarde|
|poke|p1|Eternatus|
|poke|p2|Rayquaza|
|poke|p2|Cinderace, M|
|poke|p2|Terrakion|
|poke|p2|Kyogre|
|poke|p2|Landorus-Therian, M|
|poke|p2|Tyranitar, M|
|teampreview
|inactive|Battle timer is ON: inactive players will automatically lose when time's up. (requested by cxcould)
|
|t:|1629446149
|start
|switch|p1a: Necrozma|Necrozma-Dusk-Mane|100/100
|switch|p2a: Terrakion|Terrakion|100/100
|turn|1
|
|t:|1629446156
|move|p2a: Terrakion|Taunt|p1a: Necrozma
|-start|p1a: Necrozma|move: Taunt
|cant|p1a: Necrozma|move: Taunt|Thunder Wave
|
|upkeep
|turn|2
|
|t:|1629446162
|switch|p1a: Zygarde|Zygarde|100/100
|move|p2a: Terrakion|Close Combat|p1a: Zygarde
|-damage|p1a: Zygarde|69/100
|-unboost|p2a: Terrakion|def|1
|-unboost|p2a: Terrakion|spd|1
|
|-heal|p1a: Zygarde|75/100|[from] item: Leftovers
|upkeep
|turn|3
|
|t:|1629446174
|move|p2a: Terrakion|Taunt|p1a: Zygarde
|-start|p1a: Zygarde|move: Taunt
|cant|p1a: Zygarde|move: Taunt|Toxic
|
|-heal|p1a: Zygarde|81/100|[from] item: Leftovers
|upkeep
|turn|4
|
|t:|1629446182
|switch|p1a: Necrozma|Necrozma-Dusk-Mane|100/100
|move|p2a: Terrakion|Stealth Rock|p1a: Necrozma
|-sidestart|p1: cxcould|move: Stealth Rock
|
|upkeep
|turn|5
|
|t:|1629446191
|switch|p1a: Gastrodon|Gastrodon, M|100/100
|-damage|p1a: Gastrodon|94/100|[from] Stealth Rock
|move|p2a: Terrakion|Close Combat|p1a: Gastrodon
|-damage|p1a: Gastrodon|48/100
|-unboost|p2a: Terrakion|def|1
|-unboost|p2a: Terrakion|spd|1
|
|-heal|p1a: Gastrodon|54/100|[from] item: Leftovers
|upkeep
|turn|6
|
|t:|1629446202
|move|p2a: Terrakion|Taunt|p1a: Gastrodon
|-start|p1a: Gastrodon|move: Taunt
|move|p1a: Gastrodon|Ice Beam|p2a: Terrakion
|-damage|p2a: Terrakion|56/100
|
|-heal|p1a: Gastrodon|61/100|[from] item: Leftovers
|upkeep
|turn|7
|
|t:|1629446211
|switch|p1a: Zygarde|Zygarde|81/100
|-damage|p1a: Zygarde|75/100|[from] Stealth Rock
|move|p2a: Terrakion|Close Combat|p1a: Zygarde
|-damage|p1a: Zygarde|41/100
|-unboost|p2a: Terrakion|def|1
|-unboost|p2a: Terrakion|spd|1
|
|-heal|p1a: Zygarde|47/100|[from] item: Leftovers
|-activate|p1a: Zygarde|ability: Power Construct
|detailschange|p1a: Zygarde|Zygarde-Complete
|-heal|p1a: Zygarde|65/100|[silent]
|upkeep
|turn|8
|
|t:|1629446226
|move|p2a: Terrakion|Taunt|p1a: Zygarde
|-start|p1a: Zygarde|move: Taunt
|move|p1a: Zygarde|Thousand Arrows|p2a: Terrakion
|-supereffective|p2a: Terrakion
|-damage|p2a: Terrakion|0 fnt
|faint|p2a: Terrakion
|
|-heal|p1a: Zygarde|71/100|[from] item: Leftovers
|upkeep
|
|t:|1629446236
|switch|p2a: Kyogre|Kyogre|100/100
|-weather|RainDance|[from] ability: Drizzle|[of] p2a: Kyogre
|turn|9
|
|t:|1629446241
|switch|p1a: Gastrodon|Gastrodon, M|61/100
|-damage|p1a: Gastrodon|54/100|[from] Stealth Rock
|move|p2a: Kyogre|Calm Mind|p2a: Kyogre
|-boost|p2a: Kyogre|spa|1
|-boost|p2a: Kyogre|spd|1
|
|-weather|RainDance|[upkeep]
|-heal|p1a: Gastrodon|61/100|[from] item: Leftovers
|upkeep
|turn|10
|
|t:|1629446252
|move|p2a: Kyogre|Ice Beam|p1a: Gastrodon
|-damage|p1a: Gastrodon|6/100
|move|p1a: Gastrodon|Toxic|p2a: Kyogre
|-status|p2a: Kyogre|tox
|-enditem|p2a: Kyogre|Lum Berry|[eat]
|-curestatus|p2a: Kyogre|tox|[msg]
|
|-weather|RainDance|[upkeep]
|-heal|p1a: Gastrodon|12/100|[from] item: Leftovers
|upkeep
|turn|11
|
|t:|1629446271
|switch|p1a: Necrozma|Necrozma-Dusk-Mane|100/100
|-damage|p1a: Necrozma|94/100|[from] Stealth Rock
|move|p2a: Kyogre|Ice Beam|p1a: Necrozma
|-resisted|p1a: Necrozma
|-damage|p1a: Necrozma|71/100
|
|-weather|RainDance|[upkeep]
|upkeep
|turn|12
|
|t:|1629446281
|switch|p1a: Gastrodon|Gastrodon, M|12/100
|-damage|p1a: Gastrodon|6/100|[from] Stealth Rock
|move|p2a: Kyogre|Scald|p1a: Gastrodon
|-ability|p1a: Gastrodon|Storm Drain|boost
|-boost|p1a: Gastrodon|spa|1
|
|-weather|RainDance|[upkeep]
|-heal|p1a: Gastrodon|12/100|[from] item: Leftovers
|upkeep
|turn|13
|
|t:|1629446291
|move|p2a: Kyogre|Ice Beam|p1a: Gastrodon
|-damage|p1a: Gastrodon|0 fnt
|faint|p1a: Gastrodon
|
|-weather|none
|upkeep
|
|t:|1629446313
|switch|p1a: Eternatus|Eternatus|100/100
|-damage|p1a: Eternatus|88/100|[from] Stealth Rock
|-ability|p1a: Eternatus|Pressure
|turn|14
|
|t:|1629446318
|move|p1a: Eternatus|Cosmic Power|p1a: Eternatus
|-boost|p1a: Eternatus|def|1
|-boost|p1a: Eternatus|spd|1
|move|p2a: Kyogre|Ice Beam|p1a: Eternatus
|-supereffective|p1a: Eternatus
|-damage|p1a: Eternatus|30/100
|
|-heal|p1a: Eternatus|36/100|[from] item: Leftovers
|upkeep
|turn|15
|
|t:|1629446328
|move|p1a: Eternatus|Recover|p1a: Eternatus
|-heal|p1a: Eternatus|86/100
|move|p2a: Kyogre|Ice Beam|p1a: Eternatus
|-supereffective|p1a: Eternatus
|-damage|p1a: Eternatus|34/100
|
|-heal|p1a: Eternatus|40/100|[from] item: Leftovers
|upkeep
|turn|16
|
|t:|1629446341
|switch|p1a: Necrozma|Necrozma-Dusk-Mane|71/100
|-damage|p1a: Necrozma|65/100|[from] Stealth Rock
|move|p2a: Kyogre|Ice Beam|p1a: Necrozma
|-resisted|p1a: Necrozma
|-damage|p1a: Necrozma|41/100
|
|upkeep
|turn|17
|
|t:|1629446349
|move|p2a: Kyogre|Water Spout|p1a: Necrozma
|-damage|p1a: Necrozma|0 fnt
|faint|p1a: Necrozma
|
|upkeep
|
|t:|1629446352
|switch|p1a: Yveltal|Yveltal, shiny|100/100
|-ability|p1a: Yveltal|Dark Aura
|turn|18
|
|t:|1629446360
|move|p1a: Yveltal|Knock Off|p2a: Kyogre
|-damage|p2a: Kyogre|65/100
|move|p2a: Kyogre|Scald|p1a: Yveltal
|-damage|p1a: Yveltal|36/100
|
|upkeep
|turn|19
|
|t:|1629446368
|move|p1a: Yveltal|Oblivion Wing|p2a: Kyogre
|-damage|p2a: Kyogre|44/100
|-heal|p1a: Yveltal|50/100|[from] drain|[of] p2a: Kyogre
|move|p2a: Kyogre|Scald|p1a: Yveltal
|-damage|p1a: Yveltal|0 fnt
|faint|p1a: Yveltal
|
|upkeep
|
|t:|1629446372
|switch|p1a: Calyrex|Calyrex-Shadow|100/100
|-ability|p1a: Calyrex|As One
|-ability|p1a: Calyrex|Unnerve
|-damage|p1a: Calyrex|88/100|[from] Stealth Rock
|turn|20
|
|t:|1629446384
|switch|p2a: Tyranitar|Tyranitar, M|100/100
|-weather|Sandstorm|[from] ability: Sand Stream|[of] p2a: Tyranitar
|move|p1a: Calyrex|Astral Barrage|p2a: Tyranitar
|-resisted|p2a: Tyranitar
|-damage|p2a: Tyranitar|76/100
|
|-weather|Sandstorm|[upkeep]
|-damage|p1a: Calyrex|82/100|[from] Sandstorm
|upkeep
|turn|21
|
|t:|1629446395
|switch|p1a: Zygarde|Zygarde-Complete|71/100
|-damage|p1a: Zygarde|65/100|[from] Stealth Rock
|move|p2a: Tyranitar|Dragon Dance|p2a: Tyranitar
|-boost|p2a: Tyranitar|atk|1
|-boost|p2a: Tyranitar|spe|1
|
|-weather|Sandstorm|[upkeep]
|-heal|p1a: Zygarde|71/100|[from] item: Leftovers
|upkeep
|turn|22
|
|t:|1629446405
|move|p2a: Tyranitar|Ice Punch|p1a: Zygarde
|-supereffective|p1a: Zygarde
|-damage|p1a: Zygarde|1/100
|move|p1a: Zygarde|Thousand Arrows|p2a: Tyranitar
|-supereffective|p2a: Tyranitar
|-damage|p2a: Tyranitar|20/100
|
|-weather|Sandstorm|[upkeep]
|-heal|p1a: Zygarde|7/100|[from] item: Leftovers
|upkeep
|turn|23
|
|t:|1629446415
|move|p2a: Tyranitar|Crunch|p1a: Zygarde
|-damage|p1a: Zygarde|0 fnt
|faint|p1a: Zygarde
|
|-weather|Sandstorm|[upkeep]
|upkeep
|
|t:|1629446417
|switch|p1a: Calyrex|Calyrex-Shadow|82/100
|-ability|p1a: Calyrex|As One
|-ability|p1a: Calyrex|Unnerve
|-damage|p1a: Calyrex|70/100|[from] Stealth Rock
|turn|24
|
|t:|1629446431
|switch|p2a: Cinderace|Cinderace, M|100/100
|move|p1a: Calyrex|Astral Barrage|p2a: Cinderace
|-damage|p2a: Cinderace|38/100
|
|-weather|none
|upkeep
|turn|25
|
|t:|1629446445
|move|p2a: Cinderace|Sucker Punch|p1a: Calyrex
|-start|p2a: Cinderace|typechange|Dark|[from] ability: Libero
|-supereffective|p1a: Calyrex
|-damage|p1a: Calyrex|0 fnt
|faint|p1a: Calyrex
|
|upkeep
|-message|cxcould forfeited.
|
|win|85792195wwww
|raw|cxcould's rating: 1525 &rarr; <strong>1513</strong><br />(-12 for losing)
|raw|85792195wwww's rating: 1662 &rarr; <strong>1674</strong><br />(+12 for winning)
|l|☆cxcould
|j|☆cxcould
|player|p1|cxcould|dawn
|inactive|Battle timer is ON: inactive players will automatically lose when time's up. (requested by cxcould)
