|j|☆Test_Robot
|j|☆maelizondo2
|t:|1668625776
|gametype|singles
|player|p1|Test_Robot|101|1526
|player|p2|maelizondo2|lance|1539
|teamsize|p1|6
|teamsize|p2|6
|gen|8
|tier|[Gen 8] Ubers
|rated|
|rule|Sleep Clause Mod: Limit one foe put to sleep
|rule|Species Clause: Limit one of each Pokémon
|rule|OHKO Clause: OHKO moves are banned
|rule|Evasion Items Clause: Evasion items are banned
|rule|Evasion Moves Clause: Evasion moves are banned
|rule|Endless Battle Clause: Forcing endless battles is banned
|rule|HP Percentage Mod: HP is shown in percentages
|rule|Dynamax Clause: You cannot dynamax
|clearpoke
|poke|p1|Necrozma-Dusk-Mane|
|poke|p1|Zekrom|
|poke|p1|Eternatus|
|poke|p1|Xerneas-*|
|poke|p1|Calyrex-Shadow|
|poke|p1|Yveltal|
|poke|p2|Xerneas-*|
|poke|p2|Necrozma-Dusk-Mane|
|poke|p2|Ho-Oh|
|poke|p2|Yveltal|
|poke|p2|Ferrothorn, M|
|poke|p2|Zekrom|
|teampreview
|inactive|Battle timer is ON: inactive players will automatically lose when time's up. (requested by maelizondo2)
|
|t:|1668625813
|start
|switch|p1a: Eternatus|Eternatus|100/100
|switch|p2a: Yveltal|Yveltal|100/100
|-ability|p1a: Eternatus|Pressure
|-ability|p2a: Yveltal|Dark Aura
|turn|1
|
|t:|1668625823
|move|p1a: Eternatus|Meteor Beam||[still]
|-prepare|p1a: Eternatus|Meteor Beam
|-boost|p1a: Eternatus|spa|1
|-enditem|p1a: Eternatus|Power Herb
|-anim|p1a: Eternatus|Meteor Beam|p2a: Yveltal
|-supereffective|p2a: Yveltal
|-damage|p2a: Yveltal|15/100
|move|p2a: Yveltal|Foul Play|p1a: Eternatus
|-damage|p1a: Eternatus|76/100
|
|upkeep
|turn|2
|
|t:|1668625841
|switch|p2a: Ho-Oh|Ho-Oh|100/100
|move|p1a: Eternatus|Dynamax Cannon|p2a: Ho-Oh
|-damage|p2a: Ho-Oh|56/100
|
|upkeep
|turn|3
|
|t:|1668625850
|switch|p2a: Xerneas|Xerneas, shiny|100/100
|-ability|p2a: Xerneas|Fairy Aura
|move|p1a: Eternatus|Sludge Bomb|p2a: Xerneas
|-supereffective|p2a: Xerneas
|-damage|p2a: Xerneas|0 fnt
|faint|p2a: Xerneas
|
|upkeep
|
|t:|1668625864
|switch|p2a: Ho-Oh|Ho-Oh|90/100
|turn|4
|
|t:|1668625882
|move|p1a: Eternatus|Dynamax Cannon|p2a: Ho-Oh
|-damage|p2a: Ho-Oh|43/100
|move|p2a: Ho-Oh|Brave Bird|p1a: Eternatus
|-damage|p1a: Eternatus|31/100
|-damage|p2a: Ho-Oh|28/100|[from] Recoil
|
|upkeep
|turn|5
|
|t:|1668625894
|switch|p2a: Necrozma|Necrozma-Dusk-Mane|100/100
|move|p1a: Eternatus|Dynamax Cannon|p2a: Necrozma
|-resisted|p2a: Necrozma
|-damage|p2a: Necrozma|69/100
|
|-heal|p2a: Necrozma|75/100|[from] item: Leftovers
|upkeep
|turn|6
|
|t:|1668625901
|switch|p2a: Ho-Oh|Ho-Oh|61/100
|move|p1a: Eternatus|Flamethrower|p2a: Ho-Oh
|-resisted|p2a: Ho-Oh
|-damage|p2a: Ho-Oh|47/100
|
|upkeep
|turn|7
|
|t:|1668625910
|move|p1a: Eternatus|Sludge Bomb|p2a: Ho-Oh
|-damage|p2a: Ho-Oh|2/100
|-status|p2a: Ho-Oh|psn
|move|p2a: Ho-Oh|Brave Bird|p1a: Eternatus
|-damage|p1a: Eternatus|0 fnt
|faint|p1a: Eternatus
|-damage|p2a: Ho-Oh|0 fnt|[from] Recoil
|faint|p2a: Ho-Oh
|
|upkeep
|inactive|Test_Robot has 120 seconds left.
|
|t:|1668625948
|switch|p1a: Yveltal|Yveltal|100/100
|switch|p2a: Ferrothorn|Ferrothorn, M|100/100
|-ability|p1a: Yveltal|Dark Aura
|turn|8
|inactive|Test_Robot has 120 seconds left.
|
|t:|1668625957
|switch|p1a: Necrozma|Necrozma-Dusk-Mane|100/100
|move|p2a: Ferrothorn|Leech Seed|p1a: Necrozma
|-start|p1a: Necrozma|move: Leech Seed
|
|-damage|p1a: Necrozma|88/100|[from] Leech Seed|[of] p2a: Ferrothorn
|upkeep
|turn|9
|
|t:|1668625963
|move|p1a: Necrozma|Stealth Rock|p2a: Ferrothorn
|-sidestart|p2: maelizondo2|move: Stealth Rock
|move|p2a: Ferrothorn|Thunder Wave|p1a: Necrozma
|-status|p1a: Necrozma|par
|
|-heal|p1a: Necrozma|94/100 par|[from] item: Leftovers
|-damage|p1a: Necrozma|82/100 par|[from] Leech Seed|[of] p2a: Ferrothorn
|upkeep
|turn|10
|
|t:|1668625971
|switch|p1a: Zekrom|Zekrom|100/100
|-ability|p1a: Zekrom|Teravolt
|move|p2a: Ferrothorn|Leech Seed|p1a: Zekrom|[miss]
|-miss|p2a: Ferrothorn|p1a: Zekrom
|
|upkeep
|turn|11
|
|t:|1668625981
|switch|p2a: Zekrom|Zekrom|100/100
|-damage|p2a: Zekrom|88/100|[from] Stealth Rock
|-ability|p2a: Zekrom|Teravolt
|move|p1a: Zekrom|Substitute|p1a: Zekrom
|-start|p1a: Zekrom|Substitute
|-damage|p1a: Zekrom|76/100
|
|-heal|p2a: Zekrom|94/100|[from] item: Leftovers
|upkeep
|turn|12
|
|t:|1668625990
|move|p1a: Zekrom|Dragon Claw|p2a: Zekrom
|-supereffective|p2a: Zekrom
|-damage|p2a: Zekrom|0 fnt
|faint|p2a: Zekrom
|-damage|p1a: Zekrom|66/100|[from] item: Life Orb
|
|upkeep
|-message|maelizondo2 forfeited.
|
|win|Test_Robot
|raw|Test_Robot's rating: 1526 &rarr; <strong>1547</strong><br />(+21 for winning)
|raw|maelizondo2's rating: 1539 &rarr; <strong>1518</strong><br />(-21 for losing)
|l|☆maelizondo2
||Ladder isn't responding, score probably updated but might not have (Request timeout).
