|j|☆crottefeu
|j|☆Sandviper85
|player|p1|crottefeu|nurseryaide|1482
|player|p2|Sandviper85|blue-gen7|1372
|teamsize|p1|6
|teamsize|p2|6
|gametype|singles
|gen|8
|tier|[Gen 8] Ubers
|rated|
|clearpoke
|poke|p1|Dubwool, F|
|poke|p1|Indeedee-F, F|
|poke|p1|Vaporeon, F|
|poke|p1|Mew|
|poke|p1|Espeon, M|
|poke|p1|Malamar, F|
|poke|p2|Eternatus|
|poke|p2|Zacian-Crowned|
|poke|p2|Mandibuzz, F|
|poke|p2|Ditto|
|poke|p2|Corsola-Galar, F|
|poke|p2|Darmanitan-Galar, M|
|rule|Sleep Clause Mod: Limit one foe put to sleep
|rule|Species Clause: Limit one of each Pokémon
|rule|OHKO Clause: OHKO moves are banned
|rule|Evasion Moves Clause: Evasion moves are banned
|rule|Endless Battle Clause: Forcing endless battles is banned
|rule|HP Percentage Mod: HP is shown in percentages
|teampreview
|
|start
|switch|p1a: Dubwool|Dubwool, F|100/100
|switch|p2a: Corsola|Corsola-Galar, F|100/100
|turn|1
|
|move|p1a: Dubwool|Substitute|p1a: Dubwool
|-start|p1a: Dubwool|Substitute
|-damage|p1a: Dubwool|75/100
|move|p2a: Corsola|Will-O-Wisp||[still]
|-fail|p2a: Corsola
|
|-heal|p1a: Dubwool|82/100|[from] item: Leftovers
|upkeep
|turn|2
|
|move|p1a: Dubwool|Cotton Guard|p1a: Dubwool
|-boost|p1a: Dubwool|def|3
|move|p2a: Corsola|Stealth Rock|p1a: Dubwool
|-sidestart|p1: crottefeu|move: Stealth Rock
|
|-heal|p1a: Dubwool|88/100|[from] item: Leftovers
|upkeep
|turn|3
|
|switch|p2a: Mandibuzz|Mandibuzz, F|100/100
|move|p1a: Dubwool|Agility|p1a: Dubwool
|-boost|p1a: Dubwool|spe|2
|
|-heal|p1a: Dubwool|94/100|[from] item: Leftovers
|upkeep
|turn|4
|
|move|p1a: Dubwool|Baton Pass|p1a: Dubwool
|
|switch|p1a: Espeon|Espeon, M|100/100|[from]move: Baton Pass
|-damage|p1a: Espeon|88/100|[from] Stealth Rock
|move|p2a: Mandibuzz|Foul Play|p1a: Espeon
|-supereffective|p1a: Espeon
|-activate|p1a: Espeon|move: Substitute|[damage]
|
|-heal|p1a: Espeon|94/100|[from] item: Leftovers
|upkeep
|turn|5
|
|move|p1a: Espeon|Baton Pass|p1a: Espeon
|
|switch|p1a: Malamar|Malamar, F|100/100|[from]move: Baton Pass
|-damage|p1a: Malamar|88/100|[from] Stealth Rock
|move|p2a: Mandibuzz|Foul Play|p1a: Malamar
|-end|p1a: Malamar|Substitute
|
|-heal|p1a: Malamar|94/100|[from] item: Leftovers
|upkeep
|turn|6
|
|move|p1a: Malamar|Substitute|p1a: Malamar
|-start|p1a: Malamar|Substitute
|-damage|p1a: Malamar|69/100
|move|p2a: Mandibuzz|Toxic||[still]
|-fail|p2a: Mandibuzz
|
|-heal|p1a: Malamar|75/100|[from] item: Leftovers
|upkeep
|turn|7
|
|move|p1a: Malamar|Acupressure|p1a: Malamar
|-boost|p1a: Malamar|spa|2
|move|p2a: Mandibuzz|Foul Play|p1a: Malamar
|-activate|p1a: Malamar|move: Substitute|[damage]
|
|-heal|p1a: Malamar|81/100|[from] item: Leftovers
|upkeep
|turn|8
|
|move|p1a: Malamar|Acupressure|p1a: Malamar
|-boost|p1a: Malamar|spa|2
|move|p2a: Mandibuzz|Foul Play|p1a: Malamar
|-activate|p1a: Malamar|move: Substitute|[damage]
|
|-heal|p1a: Malamar|87/100|[from] item: Leftovers
|upkeep
|turn|9
|
|move|p1a: Malamar|Acupressure|p1a: Malamar
|-boost|p1a: Malamar|atk|2
|move|p2a: Mandibuzz|Foul Play|p1a: Malamar
|-end|p1a: Malamar|Substitute
|
|-heal|p1a: Malamar|94/100|[from] item: Leftovers
|upkeep
|turn|10
|
|switch|p2a: Ditto|Ditto|100/100
|-transform|p2a: Ditto|p1a: Malamar|[from] ability: Imposter
|move|p1a: Malamar|Substitute|p1a: Malamar
|-start|p1a: Malamar|Substitute
|-damage|p1a: Malamar|69/100
|
|-heal|p1a: Malamar|75/100|[from] item: Leftovers
|upkeep
|turn|11
|
|move|p1a: Malamar|Baton Pass|p1a: Malamar
|
|switch|p1a: Espeon|Espeon, M|94/100|[from]move: Baton Pass
|-damage|p1a: Espeon|82/100|[from] Stealth Rock
|move|p2a: Ditto|Baton Pass|p2a: Ditto
|inactive|Battle timer is ON: inactive players will automatically lose when time's up. (requested by crottefeu)
|
|switch|p2a: Eternatus|Eternatus|100/100|[from]move: Baton Pass
|-ability|p2a: Eternatus|Pressure
|
|-heal|p1a: Espeon|88/100|[from] item: Leftovers
|upkeep
|turn|12
|
|move|p2a: Eternatus|Substitute|p2a: Eternatus
|-start|p2a: Eternatus|Substitute
|-damage|p2a: Eternatus|76/100
|move|p1a: Espeon|Stored Power|p2a: Eternatus
|-supereffective|p2a: Eternatus
|-end|p2a: Eternatus|Substitute
|
|-heal|p1a: Espeon|94/100|[from] item: Leftovers
|upkeep
|turn|13
|
|move|p2a: Eternatus|Dynamax Cannon|p1a: Espeon
|-end|p1a: Espeon|Substitute
|-damage|p2a: Eternatus|66/100|[from] item: Life Orb
|move|p1a: Espeon|Substitute|p1a: Espeon
|-start|p1a: Espeon|Substitute
|-damage|p1a: Espeon|69/100
|
|-heal|p1a: Espeon|76/100|[from] item: Leftovers
|upkeep
|turn|14
|
|move|p2a: Eternatus|Dynamax Cannon|p1a: Espeon
|-end|p1a: Espeon|Substitute
|-damage|p2a: Eternatus|56/100|[from] item: Life Orb
|move|p1a: Espeon|Stored Power|p2a: Eternatus
|-supereffective|p2a: Eternatus
|-damage|p2a: Eternatus|0 fnt
|faint|p2a: Eternatus
|
|-heal|p1a: Espeon|82/100|[from] item: Leftovers
|upkeep
|
|switch|p2a: Ditto|Ditto|100/100
|-transform|p2a: Ditto|p1a: Espeon|[from] ability: Imposter
|turn|15
|
|move|p2a: Ditto|Dazzling Gleam|p1a: Espeon
|-damage|p1a: Espeon|0 fnt
|faint|p1a: Espeon
|
|upkeep
|
|switch|p1a: Vaporeon|Vaporeon, F|100/100
|-damage|p1a: Vaporeon|88/100|[from] Stealth Rock
|turn|16
|
|move|p2a: Ditto|Dazzling Gleam|p1a: Vaporeon
|-damage|p1a: Vaporeon|35/100
|move|p1a: Vaporeon|Roar|p2a: Ditto
|move|p2a: Ditto|Roar|p1a: Vaporeon|[from]Magic Bounce
|drag|p1a: Dubwool|Dubwool, F|94/100
|-damage|p1a: Dubwool|81/100|[from] Stealth Rock
|
|-heal|p1a: Dubwool|87/100|[from] item: Leftovers
|upkeep
|turn|17
|-message|crottefeu forfeited.
|
|win|Sandviper85
|l|☆crottefeu
|raw|crottefeu's rating: 1482 &rarr; <strong>1456</strong><br />(-26 for losing)
|raw|Sandviper85's rating: 1372 &rarr; <strong>1398</strong><br />(+26 for winning)
