|j|☆Zenadark
|j|☆paolode99神秘
|t:|1661530204
|gametype|singles
|player|p1|Zenadark|cyrus-masters|
|player|p2|paolode99神秘|lance-masters|
|teamsize|p1|6
|teamsize|p2|6
|gen|8
|tier|[Gen 8] Ubers
|rule|Sleep Clause Mod: Limit one foe put to sleep
|rule|Species Clause: Limit one of each Pokémon
|rule|OHKO Clause: OHKO moves are banned
|rule|Evasion Items Clause: Evasion items are banned
|rule|Evasion Moves Clause: Evasion moves are banned
|rule|Endless Battle Clause: Forcing endless battles is banned
|rule|HP Percentage Mod: HP is shown in percentages
|rule|Dynamax Clause: You cannot dynamax
|clearpoke
|poke|p1|Groudon|
|poke|p1|Necrozma-Dusk-Mane|
|poke|p1|Buzzwole|
|poke|p1|Lunala|
|poke|p1|Yveltal|
|poke|p1|Eternatus|
|poke|p2|Calyrex-Ice|
|poke|p2|Hatterene, F|
|poke|p2|Porygon2|
|poke|p2|Kyogre|
|poke|p2|Melmetal|
|poke|p2|Xatu, M|
|teampreview
|inactive|Battle timer is ON: inactive players will automatically lose when time's up. (requested by paolode99神秘)
|c|☆Zenadark|hf bro
|j| Eledyr
|inactive|paolode99神秘 has 270 seconds left.
|c|☆paolode99神秘|u2
|inactive|paolode99神秘 has 240 seconds left.
|j| Accalmie ♫
|
|t:|1661530274
|start
|switch|p1a: Buzzwole|Buzzwole|100/100
|switch|p2a: Xatu|Xatu, M|100/100
|turn|1
|
|t:|1661530288
|move|p1a: Buzzwole|Ice Punch|p2a: Xatu
|-supereffective|p2a: Xatu
|-damage|p2a: Xatu|13/100
|move|p2a: Xatu|Trick Room|p2a: Xatu
|-fieldstart|move: Trick Room|[of] p2a: Xatu
|
|upkeep
|turn|2
|j| Ruthless mom
|l| Ruthless mom
|inactive|paolode99神秘 has 270 seconds left.
|
|t:|1661530328
|switch|p1a: Yveltal|Yveltal, shiny|100/100
|-ability|p1a: Yveltal|Dark Aura
|move|p2a: Xatu|Night Shade|p1a: Yveltal
|-damage|p1a: Yveltal|75/100
|
|upkeep
|turn|3
|
|t:|1661530335
|move|p1a: Yveltal|Roost|p1a: Yveltal
|-heal|p1a: Yveltal|100/100
|-singleturn|p1a: Yveltal|move: Roost
|move|p2a: Xatu|Teleport|p2a: Xatu
|inactive|paolode99神秘 has 270 seconds left.
|
|t:|1661530366
|switch|p2a: Calyrex|Calyrex-Ice|100/100|[from]move: Teleport
|-ability|p2a: Calyrex|As One
|-ability|p2a: Calyrex|Unnerve
|
|upkeep
|turn|4
|
|t:|1661530385
|switch|p1a: Necrozma|Necrozma-Dusk-Mane|100/100
|move|p2a: Calyrex|Swords Dance|p2a: Calyrex
|-boost|p2a: Calyrex|atk|2
|
|upkeep
|turn|5
|inactive|paolode99神秘 has 240 seconds left.
|inactive|Zenadark has 270 seconds left.
|
|t:|1661530424
|switch|p2a: Xatu|Xatu, M|13/100
|switch|p1a: Yveltal|Yveltal, shiny|100/100
|-ability|p1a: Yveltal|Dark Aura
|
|-fieldend|move: Trick Room
|upkeep
|turn|6
|
|t:|1661530429
|move|p1a: Yveltal|Knock Off|p2a: Xatu
|-supereffective|p2a: Xatu
|-damage|p2a: Xatu|0 fnt
|-enditem|p2a: Xatu|Focus Sash|[from] move: Knock Off|[of] p1a: Yveltal
|faint|p2a: Xatu
|
|upkeep
|
|t:|1661530431
|switch|p2a: Hatterene|Hatterene, F|100/100
|turn|7
|inactive|Zenadark has 270 seconds left.
|
|t:|1661530465
|move|p1a: Yveltal|Knock Off|p2a: Hatterene
|-damage|p2a: Hatterene|33/100
|-enditem|p2a: Hatterene|Focus Sash|[from] move: Knock Off|[of] p1a: Yveltal
|move|p2a: Hatterene|Trick Room|p2a: Hatterene
|-fieldstart|move: Trick Room|[of] p2a: Hatterene
|
|upkeep
|turn|8
|
|t:|1661530475
|switch|p1a: Necrozma|Necrozma-Dusk-Mane|100/100
|move|p2a: Hatterene|Misty Explosion|p1a: Necrozma
|-resisted|p1a: Necrozma
|-damage|p1a: Necrozma|81/100
|faint|p2a: Hatterene
|
|upkeep
|
|t:|1661530478
|switch|p2a: Kyogre|Kyogre|100/100
|-weather|RainDance|[from] ability: Drizzle|[of] p2a: Kyogre
|turn|9
|inactive|Zenadark has 270 seconds left.
|
|t:|1661530490
|switch|p1a: Groudon|Groudon, shiny|100/100
|-weather|SunnyDay|[from] ability: Drought|[of] p1a: Groudon
|move|p2a: Kyogre|Water Spout|p1a: Groudon
|-supereffective|p1a: Groudon
|-damage|p1a: Groudon|0 fnt
|faint|p1a: Groudon
|
|-weather|SunnyDay|[upkeep]
|upkeep
|inactive|Zenadark has 270 seconds left.
|
|t:|1661530502
|switch|p1a: Eternatus|Eternatus|100/100
|-ability|p1a: Eternatus|Pressure
|turn|10
|
|t:|1661530510
|switch|p2a: Melmetal|Melmetal|100/100
|move|p1a: Eternatus|Cosmic Power|p1a: Eternatus
|-boost|p1a: Eternatus|def|1
|-boost|p1a: Eternatus|spd|1
|
|-weather|SunnyDay|[upkeep]
|upkeep
|turn|11
|
|t:|1661530519
|switch|p2a: Calyrex|Calyrex-Ice|100/100
|-ability|p2a: Calyrex|As One
|-ability|p2a: Calyrex|Unnerve
|move|p1a: Eternatus|Cosmic Power|p1a: Eternatus
|-boost|p1a: Eternatus|def|1
|-boost|p1a: Eternatus|spd|1
|
|-weather|SunnyDay|[upkeep]
|-fieldend|move: Trick Room
|upkeep
|turn|12
|
|t:|1661530525
|move|p1a: Eternatus|Meteor Beam||[still]
|-prepare|p1a: Eternatus|Meteor Beam
|-boost|p1a: Eternatus|spa|1
|move|p2a: Calyrex|Glacial Lance|p1a: Eternatus
|-supereffective|p1a: Eternatus
|-damage|p1a: Eternatus|31/100
|
|-weather|SunnyDay|[upkeep]
|upkeep
|turn|13
|c|☆paolode99神秘|mb
|
|t:|1661530534
|move|p1a: Eternatus|Meteor Beam|p2a: Calyrex|[from]lockedmove
|-supereffective|p2a: Calyrex
|-damage|p2a: Calyrex|17/100
|move|p2a: Calyrex|Glacial Lance|p1a: Eternatus
|-supereffective|p1a: Eternatus
|-damage|p1a: Eternatus|0 fnt
|faint|p1a: Eternatus
|-ability|p2a: Calyrex|Chilling Neigh|boost
|-boost|p2a: Calyrex|atk|1
|
|-weather|none
|upkeep
|c|☆paolode99神秘|nvm
|
|t:|1661530540
|switch|p1a: Buzzwole|Buzzwole|100/100
|turn|14
|
|t:|1661530558
|move|p1a: Buzzwole|Close Combat|p2a: Calyrex
|-damage|p2a: Calyrex|0 fnt
|-unboost|p1a: Buzzwole|def|1
|-unboost|p1a: Buzzwole|spd|1
|faint|p2a: Calyrex
|-ability|p1a: Buzzwole|Beast Boost|boost
|-boost|p1a: Buzzwole|atk|1
|
|upkeep
|
|t:|1661530566
|switch|p2a: Kyogre|Kyogre|100/100
|-weather|RainDance|[from] ability: Drizzle|[of] p2a: Kyogre
|turn|15
|inactive|Zenadark has 270 seconds left.
|
|t:|1661530598
|switch|p1a: Necrozma|Necrozma-Dusk-Mane|81/100
|move|p2a: Kyogre|Origin Pulse|p1a: Necrozma
|-damage|p1a: Necrozma|0 fnt
|faint|p1a: Necrozma
|
|-weather|RainDance|[upkeep]
|upkeep
|
|t:|1661530602
|switch|p1a: Lunala|Lunala, shiny|100/100
|turn|16
|
|t:|1661530608
|switch|p2a: Porygon2|Porygon2|100/100
|-ability|p2a: Porygon2|Shadow Shield|[from] ability: Trace|[of] p1a: Lunala
|move|p1a: Lunala|Teleport|p1a: Lunala
|
|t:|1661530611
|switch|p1a: Buzzwole|Buzzwole|100/100|[from]move: Teleport
|
|-weather|RainDance|[upkeep]
|upkeep
|turn|17
|
|t:|1661530620
|move|p1a: Buzzwole|Close Combat|p2a: Porygon2
|-supereffective|p2a: Porygon2
|-damage|p2a: Porygon2|50/100
|-unboost|p1a: Buzzwole|def|1
|-unboost|p1a: Buzzwole|spd|1
|move|p2a: Porygon2|Trick Room|p2a: Porygon2
|-fieldstart|move: Trick Room|[of] p2a: Porygon2
|
|-weather|RainDance|[upkeep]
|upkeep
|turn|18
|
|t:|1661530628
|move|p1a: Buzzwole|Close Combat|p2a: Porygon2
|-supereffective|p2a: Porygon2
|-damage|p2a: Porygon2|0 fnt
|-unboost|p1a: Buzzwole|def|1
|-unboost|p1a: Buzzwole|spd|1
|faint|p2a: Porygon2
|-ability|p1a: Buzzwole|Beast Boost|boost
|-boost|p1a: Buzzwole|atk|1
|
|-weather|RainDance|[upkeep]
|upkeep
|
|t:|1661530631
|switch|p2a: Kyogre|Kyogre|100/100
|turn|19
|
|t:|1661530634
|switch|p1a: Yveltal|Yveltal, shiny|100/100
|-ability|p1a: Yveltal|Dark Aura
|move|p2a: Kyogre|Water Spout|p1a: Yveltal
|-damage|p1a: Yveltal|0 fnt
|faint|p1a: Yveltal
|
|-weather|none
|upkeep
|
|t:|1661530640
|switch|p1a: Lunala|Lunala, shiny|100/100
|turn|20
|
|t:|1661530645
|switch|p2a: Melmetal|Melmetal|100/100
|move|p1a: Lunala|Future Sight|p2a: Melmetal
|-start|p1a: Lunala|move: Future Sight
|
|upkeep
|turn|21
|
|t:|1661530652
|move|p2a: Melmetal|Double Iron Bash|p1a: Lunala
|-damage|p1a: Lunala|73/100
|-damage|p1a: Lunala|18/100
|-hitcount|p1a: Lunala|2
|cant|p1a: Lunala|flinch
|
|-fieldend|move: Trick Room
|upkeep
|turn|22
|
|t:|1661530657
|move|p1a: Lunala|Thunder Wave|p2a: Melmetal
|-status|p2a: Melmetal|par
|move|p2a: Melmetal|Double Iron Bash|p1a: Lunala
|-damage|p1a: Lunala|0 fnt
|faint|p1a: Lunala
|-hitcount|p1: Lunala|1
|
|-end|p2a: Melmetal|move: Future Sight
|-resisted|p2a: Melmetal
|-damage|p2a: Melmetal|73/100 par
|upkeep
|
|t:|1661530659
|switch|p1a: Buzzwole|Buzzwole|100/100
|turn|23
|
|t:|1661530662
|move|p1a: Buzzwole|Close Combat|p2a: Melmetal
|-supereffective|p2a: Melmetal
|-damage|p2a: Melmetal|0 fnt
|-unboost|p1a: Buzzwole|def|1
|-unboost|p1a: Buzzwole|spd|1
|faint|p2a: Melmetal
|-ability|p1a: Buzzwole|Beast Boost|boost
|-boost|p1a: Buzzwole|atk|1
|
|upkeep
|
|t:|1661530669
|switch|p2a: Kyogre|Kyogre|100/100
|-weather|RainDance|[from] ability: Drizzle|[of] p2a: Kyogre
|turn|24
|
|t:|1661530672
|move|p1a: Buzzwole|Close Combat|p2a: Kyogre
|-damage|p2a: Kyogre|0 fnt
|-unboost|p1a: Buzzwole|def|1
|-unboost|p1a: Buzzwole|spd|1
|faint|p2a: Kyogre
|
|win|Zenadark
|c|☆Zenadark|gg
|c|☆paolode99神秘|gg w3p
|j| v0lca
|l| Accalmie ♫
|j| RichardMillePlain
|l| RichardMillePlain
|j| RichardMillePlain
|l| RichardMillePlain
|l| v0lca
|l|☆paolode99神秘
