|j|☆AmoghOp(
|j|☆nutbustas
|t:|1663475050
|gametype|singles
|player|p1|AmoghOp(|chili|1497
|player|p2|nutbustas|n-masters|1490
|teamsize|p1|6
|teamsize|p2|6
|gen|8
|tier|[Gen 8] Ubers
|rated|
|rule|Sleep Clause Mod: Limit one foe put to sleep
|rule|Species Clause: Limit one of each Pokémon
|rule|OHKO Clause: OHKO moves are banned
|rule|Evasion Items Clause: Evasion items are banned
|rule|Evasion Moves Clause: Evasion moves are banned
|rule|Endless Battle Clause: Forcing endless battles is banned
|rule|HP Percentage Mod: HP is shown in percentages
|rule|Dynamax Clause: You cannot dynamax
|clearpoke
|poke|p1|Slurpuff, M|
|poke|p1|Landorus, M|
|poke|p1|Calyrex-Shadow|
|poke|p1|Eternatus|
|poke|p1|Necrozma-Dusk-Mane|
|poke|p1|Yveltal|
|poke|p2|Weavile, M|
|poke|p2|Groudon|
|poke|p2|Yveltal|
|poke|p2|Xerneas-*|
|poke|p2|Necrozma-Dusk-Mane|
|poke|p2|Eternatus|
|teampreview
|j| Aubrey O'Day
|
|t:|1663475117
|start
|switch|p1a: Slurpuff|Slurpuff, M|100/100
|switch|p2a: Weavile|Weavile, M|100/100
|-ability|p2a: Weavile|Pressure
|turn|1
|
|t:|1663475123
|move|p2a: Weavile|Triple Axel|p1a: Slurpuff|[miss]
|-miss|p2a: Weavile|p1a: Slurpuff
|move|p1a: Slurpuff|Sticky Web|p2a: Weavile
|-sidestart|p2: nutbustas|move: Sticky Web
|
|upkeep
|turn|2
|
|t:|1663475128
|switch|p2a: Necrozma|Necrozma-Dusk-Mane, shiny|100/100
|-activate|p2a: Necrozma|move: Sticky Web
|-unboost|p2a: Necrozma|spe|1
|move|p1a: Slurpuff|Misty Explosion|p2a: Necrozma
|-resisted|p2a: Necrozma
|-damage|p2a: Necrozma|88/100
|faint|p1a: Slurpuff
|
|-heal|p2a: Necrozma|94/100|[from] item: Leftovers
|upkeep
|
|t:|1663475131
|switch|p1a: Landorus|Landorus, M|100/100
|turn|3
|
|t:|1663475134
|switch|p2a: Xerneas|Xerneas|100/100
|-ability|p2a: Xerneas|Fairy Aura
|-item|p2a: Xerneas|Air Balloon
|move|p1a: Landorus|Stealth Rock|p2a: Xerneas
|-sidestart|p2: nutbustas|move: Stealth Rock
|
|upkeep
|turn|4
|
|t:|1663475179
|move|p1a: Landorus|Explosion|p2a: Xerneas
|-crit|p2a: Xerneas
|-damage|p2a: Xerneas|19/100
|-enditem|p2a: Xerneas|Air Balloon
|faint|p1a: Landorus
|move|p2a: Xerneas|Defog|p1: Landorus|[notarget]
|-fail|p2a: Xerneas
|
|upkeep
|
|t:|1663475190
|switch|p1a: Calyrex|Calyrex-Shadow|100/100
|-ability|p1a: Calyrex|As One
|-ability|p1a: Calyrex|Unnerve
|turn|5
|
|t:|1663475211
|switch|p2a: Yveltal|Yveltal, shiny|100/100
|-ability|p2a: Yveltal|Dark Aura
|move|p1a: Calyrex|Astral Barrage|p2a: Yveltal
|-resisted|p2a: Yveltal
|-damage|p2a: Yveltal|73/100
|
|upkeep
|turn|6
|
|t:|1663475214
|move|p1a: Calyrex|Nasty Plot|p1a: Calyrex
|-boost|p1a: Calyrex|spa|2
|move|p2a: Yveltal|Defog|p1a: Calyrex
|-unboost|p1a: Calyrex|evasion|1
|-sideend|p2: nutbustas|Stealth Rock|[from] move: Defog|[of] p2a: Yveltal
|-sideend|p2: nutbustas|Sticky Web|[from] move: Defog|[of] p2a: Yveltal
|
|upkeep
|turn|7
|
|t:|1663475218
|move|p2a: Yveltal|Sucker Punch|p1a: Calyrex
|-supereffective|p1a: Calyrex
|-enditem|p1a: Calyrex|Focus Sash
|-damage|p1a: Calyrex|1/100
|move|p1a: Calyrex|Draining Kiss|p2a: Yveltal
|-supereffective|p2a: Yveltal
|-damage|p2a: Yveltal|11/100
|-heal|p1a: Calyrex|55/100|[from] drain|[of] p2a: Yveltal
|
|upkeep
|turn|8
|
|t:|1663475224
|switch|p1a: Eternatus|Eternatus|100/100
|-ability|p1a: Eternatus|Pressure
|move|p2a: Yveltal|Sucker Punch||[still]
|-fail|p2a: Yveltal
|
|upkeep
|turn|9
|
|t:|1663475228
|switch|p2a: Necrozma|Necrozma-Dusk-Mane, shiny|94/100
|move|p1a: Eternatus|Meteor Beam||[still]
|-prepare|p1a: Eternatus|Meteor Beam
|-boost|p1a: Eternatus|spa|1
|-enditem|p1a: Eternatus|Power Herb
|-anim|p1a: Eternatus|Meteor Beam|p2a: Necrozma
|-resisted|p2a: Necrozma
|-damage|p2a: Necrozma|75/100
|
|-heal|p2a: Necrozma|81/100|[from] item: Leftovers
|upkeep
|turn|10
|
|t:|1663475231
|move|p1a: Eternatus|Flamethrower|p2a: Necrozma
|-supereffective|p2a: Necrozma
|-damage|p2a: Necrozma|40/100
|move|p2a: Necrozma|Thunder Wave|p1a: Eternatus
|-status|p1a: Eternatus|par
|
|-heal|p2a: Necrozma|46/100|[from] item: Leftovers
|upkeep
|turn|11
|
|t:|1663475235
|move|p1a: Eternatus|Flamethrower|p2a: Necrozma
|-supereffective|p2a: Necrozma
|-damage|p2a: Necrozma|5/100
|move|p2a: Necrozma|Moonlight|p2a: Necrozma
|-heal|p2a: Necrozma|55/100
|
|-heal|p2a: Necrozma|61/100|[from] item: Leftovers
|upkeep
|turn|12
|
|t:|1663475237
|switch|p1a: Calyrex|Calyrex-Shadow|55/100
|-ability|p1a: Calyrex|As One
|-ability|p1a: Calyrex|Unnerve
|move|p2a: Necrozma|Moonlight|p2a: Necrozma
|-heal|p2a: Necrozma|100/100
|
|upkeep
|turn|13
|
|t:|1663475242
|move|p1a: Calyrex|Draining Kiss|p2a: Necrozma
|-resisted|p2a: Necrozma
|-damage|p2a: Necrozma|94/100
|-heal|p1a: Calyrex|61/100|[from] drain|[of] p2a: Necrozma
|move|p2a: Necrozma|Thunder Wave|p1a: Calyrex
|-status|p1a: Calyrex|par
|
|-heal|p2a: Necrozma|99/100|[from] item: Leftovers
|upkeep
|turn|14
|
|t:|1663475245
|move|p1a: Calyrex|Astral Barrage|p2a: Necrozma
|-supereffective|p2a: Necrozma
|-damage|p2a: Necrozma|29/100
|move|p2a: Necrozma|Sunsteel Strike|p1a: Calyrex
|-damage|p1a: Calyrex|3/100 par
|
|-heal|p2a: Necrozma|35/100|[from] item: Leftovers
|upkeep
|turn|15
|c|☆AmoghOp(|FK
|
|t:|1663475254
|move|p1a: Calyrex|Astral Barrage|p2a: Necrozma
|-supereffective|p2a: Necrozma
|-damage|p2a: Necrozma|0 fnt
|faint|p2a: Necrozma
|-ability|p1a: Calyrex|Grim Neigh|boost
|-boost|p1a: Calyrex|spa|1
|
|upkeep
|
|t:|1663475257
|switch|p2a: Yveltal|Yveltal, shiny|11/100
|-ability|p2a: Yveltal|Dark Aura
|turn|16
|
|t:|1663475259
|move|p2a: Yveltal|Foul Play|p1a: Calyrex
|-supereffective|p1a: Calyrex
|-damage|p1a: Calyrex|0 fnt
|faint|p1a: Calyrex
|
|upkeep
|
|t:|1663475262
|switch|p1a: Yveltal|Yveltal|100/100
|-ability|p1a: Yveltal|Dark Aura
|turn|17
|
|t:|1663475265
|move|p1a: Yveltal|Knock Off|p2a: Yveltal
|-resisted|p2a: Yveltal
|-damage|p2a: Yveltal|0 fnt
|-enditem|p2a: Yveltal|Heavy-Duty Boots|[from] move: Knock Off|[of] p1a: Yveltal
|faint|p2a: Yveltal
|
|upkeep
|
|t:|1663475272
|switch|p2a: Groudon|Groudon|100/100
|-weather|SunnyDay|[from] ability: Drought|[of] p2a: Groudon
|turn|18
|
|t:|1663475277
|move|p1a: Yveltal|Taunt|p2a: Groudon
|-start|p2a: Groudon|move: Taunt
|cant|p2a: Groudon|move: Taunt|Swords Dance
|
|-weather|SunnyDay|[upkeep]
|upkeep
|turn|19
|
|t:|1663475280
|move|p1a: Yveltal|Knock Off|p2a: Groudon
|-damage|p2a: Groudon|54/100
|-enditem|p2a: Groudon|Leftovers|[from] move: Knock Off|[of] p1a: Yveltal
|move|p2a: Groudon|Stone Edge|p1a: Yveltal
|-supereffective|p1a: Yveltal
|-damage|p1a: Yveltal|34/100
|
|-weather|SunnyDay|[upkeep]
|upkeep
|turn|20
|
|t:|1663475286
|move|p1a: Yveltal|Roost|p1a: Yveltal
|-heal|p1a: Yveltal|84/100
|-singleturn|p1a: Yveltal|move: Roost
|move|p2a: Groudon|Stone Edge|p1a: Yveltal
|-damage|p1a: Yveltal|53/100
|
|-weather|SunnyDay|[upkeep]
|-end|p2a: Groudon|move: Taunt
|upkeep
|turn|21
|
|t:|1663475291
|move|p1a: Yveltal|Taunt|p2a: Groudon
|-start|p2a: Groudon|move: Taunt
|move|p2a: Groudon|Stone Edge|p1a: Yveltal
|-supereffective|p1a: Yveltal
|-damage|p1a: Yveltal|0 fnt
|faint|p1a: Yveltal
|
|-weather|SunnyDay|[upkeep]
|upkeep
|
|t:|1663475293
|switch|p1a: Necrozma|Necrozma-Dusk-Mane|100/100
|turn|22
|
|t:|1663475298
|move|p1a: Necrozma|Dragon Dance|p1a: Necrozma
|-boost|p1a: Necrozma|atk|1
|-boost|p1a: Necrozma|spe|1
|move|p2a: Groudon|Precipice Blades|p1a: Necrozma
|-supereffective|p1a: Necrozma
|-damage|p1a: Necrozma|26/100
|
|-weather|none
|upkeep
|turn|23
|
|t:|1663475301
|move|p1a: Necrozma|Sunsteel Strike|p2a: Groudon
|-damage|p2a: Groudon|0 fnt
|faint|p2a: Groudon
|-damage|p1a: Necrozma|16/100|[from] item: Life Orb
|
|upkeep
|
|t:|1663475304
|switch|p2a: Eternatus|Eternatus|100/100
|-ability|p2a: Eternatus|Pressure
|turn|24
|
|t:|1663475307
|move|p1a: Necrozma|Earthquake|p2a: Eternatus
|-supereffective|p2a: Eternatus
|-damage|p2a: Eternatus|0 fnt
|faint|p2a: Eternatus
|-damage|p1a: Necrozma|6/100|[from] item: Life Orb
|
|upkeep
|
|t:|1663475310
|switch|p2a: Weavile|Weavile, M|100/100
|-ability|p2a: Weavile|Pressure
|turn|25
|
|t:|1663475313
|move|p2a: Weavile|Ice Shard|p1a: Necrozma
|-resisted|p1a: Necrozma
|-damage|p1a: Necrozma|0 fnt
|faint|p1a: Necrozma
|
|upkeep
|
|t:|1663475314
|switch|p1a: Eternatus|Eternatus|100/100 par
|-ability|p1a: Eternatus|Pressure
|turn|26
|
|t:|1663475317
|switch|p2a: Xerneas|Xerneas|19/100
|-ability|p2a: Xerneas|Fairy Aura
|move|p1a: Eternatus|Flamethrower|p2a: Xerneas
|-damage|p2a: Xerneas|0 fnt
|faint|p2a: Xerneas
|
|upkeep
|
|t:|1663475319
|switch|p2a: Weavile|Weavile, M|100/100
|-ability|p2a: Weavile|Pressure
|turn|27
|
|t:|1663475321
|move|p2a: Weavile|Triple Axel|p1a: Eternatus
|-supereffective|p1a: Eternatus
|-damage|p1a: Eternatus|73/100 par
|-supereffective|p1a: Eternatus
|-damage|p1a: Eternatus|18/100 par
|-supereffective|p1a: Eternatus
|-damage|p1a: Eternatus|0 fnt
|faint|p1a: Eternatus
|-hitcount|p1: Eternatus|3
|
|win|nutbustas
|raw|AmoghOp('s rating: 1497 &rarr; <strong>1477</strong><br />(-20 for losing)
|raw|nutbustas's rating: 1490 &rarr; <strong>1510</strong><br />(+20 for winning)
|c|☆AmoghOp(|;;;
|c|☆nutbustas|gg
|c|☆AmoghOp(|Gg
|l|☆nutbustas
|l|☆AmoghOp(
