|j|☆aacht
|j|☆caionamax
|t:|1647699474
|gametype|singles
|player|p1|aacht|265|1425
|player|p2|caionamax|sordward|1431
|teamsize|p1|6
|teamsize|p2|6
|gen|8
|tier|[Gen 8] Ubers
|rated|
|rule|Sleep Clause Mod: Limit one foe put to sleep
|rule|Species Clause: Limit one of each Pokémon
|rule|OHKO Clause: OHKO moves are banned
|rule|Evasion Moves Clause: Evasion moves are banned
|rule|Endless Battle Clause: Forcing endless battles is banned
|rule|HP Percentage Mod: HP is shown in percentages
|rule|Dynamax Clause: You cannot dynamax
|clearpoke
|poke|p1|Mewtwo|
|poke|p1|Kyogre|
|poke|p1|Yveltal|
|poke|p1|Regieleki|
|poke|p1|Ho-Oh|
|poke|p1|Necrozma-Dusk-Mane|
|poke|p2|Dwebble, M|
|poke|p2|Kyogre|
|poke|p2|Yveltal|
|poke|p2|Eternatus|
|poke|p2|Calyrex-Shadow|
|poke|p2|Regieleki|
|teampreview
|inactive|Battle timer is ON: inactive players will automatically lose when time's up. (requested by caionamax)
|
|t:|1647699487
|start
|switch|p1a: Yveltal|Yveltal|100/100
|switch|p2a: Dwebble|Dwebble, M|100/100
|-ability|p1a: Yveltal|Dark Aura
|turn|1
|
|t:|1647699490
|move|p1a: Yveltal|Knock Off|p2a: Dwebble
|-enditem|p2a: Dwebble|Focus Sash
|-damage|p2a: Dwebble|1/100
|-ability|p2a: Dwebble|Weak Armor|boost
|-unboost|p2a: Dwebble|def|1
|-boost|p2a: Dwebble|spe|2
|move|p2a: Dwebble|Stealth Rock|p1a: Yveltal
|-sidestart|p1: aacht|move: Stealth Rock
|
|upkeep
|turn|2
|
|t:|1647699494
|move|p2a: Dwebble|Rock Wrecker|p1a: Yveltal
|-supereffective|p1a: Yveltal
|-damage|p1a: Yveltal|0 fnt
|-mustrecharge|p2a: Dwebble
|faint|p1a: Yveltal
|
|upkeep
|
|t:|1647699503
|switch|p1a: Regieleki|Regieleki|100/100
|-damage|p1a: Regieleki|88/100|[from] Stealth Rock
|turn|3
|
|t:|1647699505
|move|p1a: Regieleki|Rapid Spin|p2a: Dwebble
|-resisted|p2a: Dwebble
|-damage|p2a: Dwebble|0 fnt
|-boost|p1a: Regieleki|spe|1
|-sideend|p1: aacht|Stealth Rock|[from] move: Rapid Spin|[of] p1a: Regieleki
|faint|p2a: Dwebble
|
|upkeep
|
|t:|1647699508
|switch|p2a: Eternatus|Eternatus|100/100
|-ability|p2a: Eternatus|Pressure
|turn|4
|
|t:|1647699517
|switch|p1a: Necrozma|Necrozma-Dusk-Mane|100/100
|move|p2a: Eternatus|Substitute|p2a: Eternatus
|-start|p2a: Eternatus|Substitute
|-damage|p2a: Eternatus|76/100
|
|upkeep
|turn|5
|
|t:|1647699521
|move|p2a: Eternatus|Flamethrower|p1a: Necrozma
|-supereffective|p1a: Necrozma
|-crit|p1a: Necrozma
|-damage|p1a: Necrozma|39/100
|move|p1a: Necrozma|Sunsteel Strike|p2a: Eternatus
|-end|p2a: Eternatus|Substitute
|
|-heal|p1a: Necrozma|45/100|[from] item: Leftovers
|upkeep
|turn|6
|
|t:|1647699526
|switch|p1a: Mewtwo|Mewtwo|100/100
|-ability|p1a: Mewtwo|Pressure
|move|p2a: Eternatus|Flamethrower|p1a: Mewtwo
|-damage|p1a: Mewtwo|62/100
|
|upkeep
|turn|7
|
|t:|1647699535
|switch|p2a: Yveltal|Yveltal|100/100
|-ability|p2a: Yveltal|Dark Aura
|move|p1a: Mewtwo|Psystrike|p2a: Yveltal
|-immune|p2a: Yveltal
|
|upkeep
|turn|8
|-message|aacht forfeited.
|
|win|caionamax
|raw|aacht's rating: 1425 &rarr; <strong>1405</strong><br />(-20 for losing)
|raw|caionamax's rating: 1431 &rarr; <strong>1451</strong><br />(+20 for winning)
|l|☆aacht
