|j|☆tesla roadster
|j|☆Shocker555
|t:|1662640726
|gametype|singles
|player|p1|tesla roadster|lucas|1760
|player|p2|Shocker555|palmer|1545
|teamsize|p1|6
|teamsize|p2|6
|gen|8
|tier|[Gen 8] Ubers
|rated|
|rule|Sleep Clause Mod: Limit one foe put to sleep
|rule|Species Clause: Limit one of each Pokémon
|rule|OHKO Clause: OHKO moves are banned
|rule|Evasion Items Clause: Evasion items are banned
|rule|Evasion Moves Clause: Evasion moves are banned
|rule|Endless Battle Clause: Forcing endless battles is banned
|rule|HP Percentage Mod: HP is shown in percentages
|rule|Dynamax Clause: You cannot dynamax
|clearpoke
|poke|p1|Tyranitar, F|
|poke|p1|Excadrill, M|
|poke|p1|Yveltal|
|poke|p1|Clefable, M|
|poke|p1|Ferrothorn, F|
|poke|p1|Zygarde|
|poke|p2|Calyrex-Shadow|
|poke|p2|Magearna|
|poke|p2|Yveltal|
|poke|p2|Necrozma-Dusk-Mane|
|poke|p2|Palkia|
|poke|p2|Kyogre|
|teampreview
|
|t:|1662640753
|start
|switch|p1a: Clefable|Clefable, M|100/100
|switch|p2a: Here comes da sun|Necrozma-Dusk-Mane|100/100
|turn|1
|
|t:|1662640758
|switch|p1a: Ferrothorn|Ferrothorn, F|100/100
|move|p2a: Here comes da sun|Stealth Rock|p1a: Ferrothorn
|-sidestart|p1: tesla roadster|move: Stealth Rock
|
|upkeep
|turn|2
|inactive|Battle timer is ON: inactive players will automatically lose when time's up. (requested by tesla roadster)
|
|t:|1662640763
|switch|p2a: Kyover|Palkia|100/100
|-ability|p2a: Kyover|Pressure
|move|p1a: Ferrothorn|Spikes|p2a: Kyover
|-sidestart|p2: Shocker555|Spikes
|
|upkeep
|turn|3
|
|t:|1662640771
|switch|p1a: Clefable|Clefable, M|100/100
|move|p2a: Kyover|Fire Blast|p1a: Clefable
|-damage|p1a: Clefable|59/100
|
|-heal|p1a: Clefable|65/100|[from] item: Leftovers
|upkeep
|turn|4
|
|t:|1662640782
|move|p2a: Kyover|Hydro Pump|p1a: Clefable
|-damage|p1a: Clefable|0 fnt
|faint|p1a: Clefable
|
|upkeep
|
|t:|1662640794
|switch|p1a: Tyranitar|Tyranitar, F|100/100
|-weather|Sandstorm|[from] ability: Sand Stream|[of] p1a: Tyranitar
|turn|5
|
|t:|1662640814
|switch|p2a: Iron Maid|Magearna|100/100
|-damage|p2a: Iron Maid|88/100|[from] Spikes
|move|p1a: Tyranitar|Thunder Wave|p2a: Iron Maid
|-status|p2a: Iron Maid|par
|
|-weather|Sandstorm|[upkeep]
|upkeep
|turn|6
|
|t:|1662640819
|switch|p1a: Excadrill|Excadrill, M|100/100
|cant|p2a: Iron Maid|par
|
|-weather|Sandstorm|[upkeep]
|upkeep
|turn|7
|
|t:|1662640845
|switch|p2a: Bacinator|Yveltal, shiny|100/100
|-ability|p2a: Bacinator|Dark Aura
|move|p1a: Excadrill|Toxic|p2a: Bacinator
|-status|p2a: Bacinator|tox
|
|-weather|Sandstorm|[upkeep]
|-damage|p2a: Bacinator|94/100 tox|[from] Sandstorm
|-damage|p2a: Bacinator|88/100 tox|[from] psn
|upkeep
|turn|8
|
|t:|1662640864
|switch|p1a: Yveltal|Yveltal|100/100
|-ability|p1a: Yveltal|Dark Aura
|move|p2a: Bacinator|Knock Off|p1a: Yveltal
|-resisted|p1a: Yveltal
|-crit|p1a: Yveltal
|-damage|p1a: Yveltal|56/100
|-enditem|p1a: Yveltal|Heavy-Duty Boots|[from] move: Knock Off|[of] p2a: Bacinator
|
|-weather|Sandstorm|[upkeep]
|-damage|p1a: Yveltal|50/100|[from] Sandstorm
|-damage|p2a: Bacinator|82/100 tox|[from] Sandstorm
|-damage|p2a: Bacinator|70/100 tox|[from] psn
|upkeep
|turn|9
|
|t:|1662640872
|switch|p2a: Iron Maid|Magearna|88/100 par
|-damage|p2a: Iron Maid|76/100 par|[from] Spikes
|move|p1a: Yveltal|Roost|p1a: Yveltal
|-heal|p1a: Yveltal|99/100
|-singleturn|p1a: Yveltal|move: Roost
|
|-weather|none
|upkeep
|turn|10
|
|t:|1662640876
|switch|p1a: Excadrill|Excadrill, M|100/100
|move|p2a: Iron Maid|Ice Beam|p1a: Excadrill
|-damage|p1a: Excadrill|56/100
|
|upkeep
|turn|11
|
|t:|1662640885
|switch|p2a: Bacinator|Yveltal, shiny|70/100 tox
|-ability|p2a: Bacinator|Dark Aura
|move|p1a: Excadrill|Earthquake|p2a: Bacinator
|-immune|p2a: Bacinator
|
|-damage|p2a: Bacinator|64/100 tox|[from] psn
|upkeep
|turn|12
|
|t:|1662640890
|switch|p1a: Yveltal|Yveltal|99/100
|-damage|p1a: Yveltal|75/100|[from] Stealth Rock
|-ability|p1a: Yveltal|Dark Aura
|move|p2a: Bacinator|Knock Off|p1a: Yveltal
|-resisted|p1a: Yveltal
|-damage|p1a: Yveltal|55/100
|
|-damage|p2a: Bacinator|52/100 tox|[from] psn
|upkeep
|turn|13
|
|t:|1662640908
|move|p1a: Yveltal|Roost|p1a: Yveltal
|-heal|p1a: Yveltal|100/100
|-singleturn|p1a: Yveltal|move: Roost
|move|p2a: Bacinator|Roost|p2a: Bacinator
|-heal|p2a: Bacinator|100/100 tox
|-singleturn|p2a: Bacinator|move: Roost
|
|-damage|p2a: Bacinator|82/100 tox|[from] psn
|upkeep
|turn|14
|
|t:|1662640927
|switch|p2a: Iron Maid|Magearna|76/100 par
|-damage|p2a: Iron Maid|63/100 par|[from] Spikes
|switch|p1a: Ferrothorn|Ferrothorn, F|100/100
|-damage|p1a: Ferrothorn|94/100|[from] Stealth Rock
|
|-heal|p1a: Ferrothorn|100/100|[from] item: Leftovers
|upkeep
|turn|15
|
|t:|1662640939
|move|p1a: Ferrothorn|Leech Seed|p2a: Iron Maid
|-start|p2a: Iron Maid|move: Leech Seed
|move|p2a: Iron Maid|Volt Switch|p1a: Ferrothorn
|-resisted|p1a: Ferrothorn
|-damage|p1a: Ferrothorn|93/100
|
|t:|1662640946
|switch|p2a: Kyover|Palkia|100/100|[from]move: Volt Switch
|-damage|p2a: Kyover|88/100|[from] Spikes
|-ability|p2a: Kyover|Pressure
|
|-heal|p1a: Ferrothorn|99/100|[from] item: Leftovers
|upkeep
|turn|16
|
|t:|1662640951
|switch|p1a: Tyranitar|Tyranitar, F|100/100
|-weather|Sandstorm|[from] ability: Sand Stream|[of] p1a: Tyranitar
|move|p2a: Kyover|Fire Blast|p1a: Tyranitar
|-resisted|p1a: Tyranitar
|-damage|p1a: Tyranitar|92/100
|
|-weather|Sandstorm|[upkeep]
|-damage|p2a: Kyover|82/100|[from] Sandstorm
|upkeep
|turn|17
|
|t:|1662640958
|switch|p2a: Iron Maid|Magearna|63/100 par
|-damage|p2a: Iron Maid|51/100 par|[from] Spikes
|move|p1a: Tyranitar|Thunder Wave|p2a: Iron Maid
|-fail|p2a: Iron Maid|par
|
|-weather|Sandstorm|[upkeep]
|upkeep
|turn|18
|
|t:|1662640974
|switch|p1a: Zygarde|Zygarde|100/100
|-damage|p1a: Zygarde|94/100|[from] Stealth Rock
|move|p2a: Iron Maid|Volt Switch|p1a: Zygarde
|-immune|p1a: Zygarde
|
|-weather|Sandstorm|[upkeep]
|-heal|p1a: Zygarde|100/100|[from] item: Leftovers
|upkeep
|turn|19
|
|t:|1662640995
|switch|p2a: Spoutnado|Kyogre|100/100
|-damage|p2a: Spoutnado|88/100|[from] Spikes
|-weather|RainDance|[from] ability: Drizzle|[of] p2a: Spoutnado
|move|p1a: Zygarde|Thousand Arrows|p2a: Spoutnado
|-damage|p2a: Spoutnado|54/100
|
|-weather|RainDance|[upkeep]
|upkeep
|turn|20
|
|t:|1662640999
|switch|p1a: Ferrothorn|Ferrothorn, F|99/100
|-damage|p1a: Ferrothorn|93/100|[from] Stealth Rock
|move|p2a: Spoutnado|Ice Beam|p1a: Ferrothorn
|-damage|p1a: Ferrothorn|58/100
|
|-weather|RainDance|[upkeep]
|-heal|p1a: Ferrothorn|64/100|[from] item: Leftovers
|upkeep
|turn|21
|
|t:|1662641029
|switch|p2a: Here comes da sun|Necrozma-Dusk-Mane|100/100
|-damage|p2a: Here comes da sun|88/100|[from] Spikes
|move|p1a: Ferrothorn|Power Whip|p2a: Here comes da sun
|-resisted|p2a: Here comes da sun
|-damage|p2a: Here comes da sun|74/100
|
|-weather|RainDance|[upkeep]
|-heal|p1a: Ferrothorn|71/100|[from] item: Leftovers
|upkeep
|turn|22
|
|t:|1662641036
|move|p2a: Here comes da sun|Knock Off|p1a: Ferrothorn
|-damage|p1a: Ferrothorn|20/100
|-damage|p2a: Here comes da sun|62/100|[from] ability: Iron Barbs|[of] p1a: Ferrothorn
|-enditem|p1a: Ferrothorn|Leftovers|[from] move: Knock Off|[of] p2a: Here comes da sun
|move|p1a: Ferrothorn|Leech Seed|p2a: Here comes da sun
|-start|p2a: Here comes da sun|move: Leech Seed
|
|-weather|RainDance|[upkeep]
|-damage|p2a: Here comes da sun|50/100|[from] Leech Seed|[of] p1a: Ferrothorn
|-heal|p1a: Ferrothorn|33/100|[silent]
|upkeep
|turn|23
|
|t:|1662641045
|switch|p1a: Zygarde|Zygarde|100/100
|-damage|p1a: Zygarde|94/100|[from] Stealth Rock
|move|p2a: Here comes da sun|Knock Off|p1a: Zygarde
|-damage|p1a: Zygarde|60/100
|-enditem|p1a: Zygarde|Leftovers|[from] move: Knock Off|[of] p2a: Here comes da sun
|
|-weather|none
|-damage|p2a: Here comes da sun|37/100|[from] Leech Seed|[of] p1a: Zygarde
|-heal|p1a: Zygarde|71/100|[silent]
|upkeep
|turn|24
|
|t:|1662641050
|switch|p2a: TR0JAN|Calyrex-Shadow|100/100
|-ability|p2a: TR0JAN|As One
|-ability|p2a: TR0JAN|Unnerve
|-damage|p2a: TR0JAN|88/100|[from] Spikes
|move|p1a: Zygarde|Thousand Arrows|p2a: TR0JAN
|-crit|p2a: TR0JAN
|-damage|p2a: TR0JAN|30/100
|
|upkeep
|turn|25
|
|t:|1662641059
|switch|p1a: Yveltal|Yveltal|100/100
|-damage|p1a: Yveltal|76/100|[from] Stealth Rock
|-ability|p1a: Yveltal|Dark Aura
|move|p2a: TR0JAN|Trick|p1a: Yveltal
|-activate|p2a: TR0JAN|move: Trick|[of] p1a: Yveltal
|-item|p1a: Yveltal|Choice Specs|[from] move: Trick
|-enditem|p2a: TR0JAN|Choice Specs|[silent]|[from] move: Trick
|
|upkeep
|turn|26
|
|t:|1662641073
|switch|p2a: Iron Maid|Magearna|51/100 par
|-damage|p2a: Iron Maid|39/100 par|[from] Spikes
|move|p1a: Yveltal|Foul Play|p2a: Iron Maid
|-resisted|p2a: Iron Maid
|-damage|p2a: Iron Maid|23/100 par
|-damage|p1a: Yveltal|59/100|[from] item: Rocky Helmet|[of] p2a: Iron Maid
|
|upkeep
|turn|27
|
|t:|1662641080
|switch|p1a: Excadrill|Excadrill, M|56/100
|move|p2a: Iron Maid|Pain Split|p1a: Excadrill
|-sethp|p1a: Excadrill|40/100|[from] move: Pain Split|[silent]
|-sethp|p2a: Iron Maid|40/100 par|[from] move: Pain Split
|
|upkeep
|turn|28
|
|t:|1662641088
|switch|p2a: Bacinator|Yveltal, shiny|82/100 tox
|-ability|p2a: Bacinator|Dark Aura
|move|p1a: Excadrill|Iron Head|p2a: Bacinator
|-damage|p2a: Bacinator|46/100 tox
|
|-damage|p2a: Bacinator|39/100 tox|[from] psn
|upkeep
|turn|29
|
|t:|1662641100
|switch|p1a: Tyranitar|Tyranitar, F|92/100
|-weather|Sandstorm|[from] ability: Sand Stream|[of] p1a: Tyranitar
|move|p2a: Bacinator|Roost|p2a: Bacinator
|-heal|p2a: Bacinator|90/100 tox
|-singleturn|p2a: Bacinator|move: Roost
|
|-weather|Sandstorm|[upkeep]
|-damage|p2a: Bacinator|83/100 tox|[from] Sandstorm
|-damage|p2a: Bacinator|71/100 tox|[from] psn
|upkeep
|turn|30
|
|t:|1662641112
|switch|p2a: Spoutnado|Kyogre|54/100
|-damage|p2a: Spoutnado|42/100|[from] Spikes
|-weather|RainDance|[from] ability: Drizzle|[of] p2a: Spoutnado
|move|p1a: Tyranitar|Stealth Rock|p2a: Spoutnado
|-sidestart|p2: Shocker555|move: Stealth Rock
|
|-weather|RainDance|[upkeep]
|upkeep
|turn|31
|
|t:|1662641121
|switch|p1a: Ferrothorn|Ferrothorn, F|33/100
|-damage|p1a: Ferrothorn|27/100|[from] Stealth Rock
|move|p2a: Spoutnado|Origin Pulse|p1a: Ferrothorn
|-resisted|p1a: Ferrothorn
|-damage|p1a: Ferrothorn|0 fnt
|faint|p1a: Ferrothorn
|
|-weather|RainDance|[upkeep]
|upkeep
|inactive|tesla roadster has 120 seconds left.
|inactive|tesla roadster has 90 seconds left.
|
|t:|1662641185
|switch|p1a: Yveltal|Yveltal|59/100
|-damage|p1a: Yveltal|34/100|[from] Stealth Rock
|-ability|p1a: Yveltal|Dark Aura
|turn|32
|
|t:|1662641212
|switch|p2a: Bacinator|Yveltal, shiny|71/100 tox
|-ability|p2a: Bacinator|Dark Aura
|move|p1a: Yveltal|Foul Play|p2a: Bacinator
|-resisted|p2a: Bacinator
|-damage|p2a: Bacinator|43/100 tox
|
|-weather|RainDance|[upkeep]
|-damage|p2a: Bacinator|37/100 tox|[from] psn
|upkeep
|turn|33
|
|t:|1662641217
|switch|p1a: Tyranitar|Tyranitar, F|92/100
|-weather|Sandstorm|[from] ability: Sand Stream|[of] p1a: Tyranitar
|move|p2a: Bacinator|Roost|p2a: Bacinator
|-heal|p2a: Bacinator|87/100 tox
|-singleturn|p2a: Bacinator|move: Roost
|
|-weather|Sandstorm|[upkeep]
|-damage|p2a: Bacinator|81/100 tox|[from] Sandstorm
|-damage|p2a: Bacinator|69/100 tox|[from] psn
|upkeep
|turn|34
|
|t:|1662641235
|move|p2a: Bacinator|Defog|p1a: Tyranitar
|-unboost|p1a: Tyranitar|evasion|1
|-sideend|p1: tesla roadster|Stealth Rock|[from] move: Defog|[of] p2a: Bacinator
|-sideend|p2: Shocker555|Spikes|[from] move: Defog|[of] p2a: Bacinator
|-sideend|p2: Shocker555|Stealth Rock|[from] move: Defog|[of] p2a: Bacinator
|move|p1a: Tyranitar|Rock Blast|p2a: Bacinator
|-supereffective|p2a: Bacinator
|-damage|p2a: Bacinator|47/100 tox
|-supereffective|p2a: Bacinator
|-damage|p2a: Bacinator|27/100 tox
|-supereffective|p2a: Bacinator
|-damage|p2a: Bacinator|6/100 tox
|-hitcount|p2a: Bacinator|3
|
|-weather|Sandstorm|[upkeep]
|-damage|p2a: Bacinator|0 fnt|[from] Sandstorm
|faint|p2a: Bacinator
|upkeep
|
|t:|1662641239
|switch|p2a: Spoutnado|Kyogre|42/100
|-weather|RainDance|[from] ability: Drizzle|[of] p2a: Spoutnado
|turn|35
|
|t:|1662641248
|switch|p1a: Yveltal|Yveltal|34/100
|-ability|p1a: Yveltal|Dark Aura
|move|p2a: Spoutnado|Origin Pulse|p1a: Yveltal
|-damage|p1a: Yveltal|0 fnt
|faint|p1a: Yveltal
|
|-weather|RainDance|[upkeep]
|upkeep
|
|t:|1662641250
|switch|p1a: Excadrill|Excadrill, M|40/100
|turn|36
|
|t:|1662641261
|switch|p2a: TR0JAN|Calyrex-Shadow|30/100
|-ability|p2a: TR0JAN|As One
|-ability|p2a: TR0JAN|Unnerve
|move|p1a: Excadrill|Earthquake|p2a: TR0JAN
|-damage|p2a: TR0JAN|0 fnt
|faint|p2a: TR0JAN
|
|-weather|RainDance|[upkeep]
|upkeep
|
|t:|1662641262
|switch|p2a: Kyover|Palkia|82/100
|-ability|p2a: Kyover|Pressure
|turn|37
|
|t:|1662641271
|switch|p1a: Zygarde|Zygarde|71/100
|move|p2a: Kyover|Hydro Pump|p1a: Zygarde
|-damage|p1a: Zygarde|0 fnt
|faint|p1a: Zygarde
|
|-weather|RainDance|[upkeep]
|upkeep
|
|t:|1662641275
|switch|p1a: Tyranitar|Tyranitar, F|92/100
|-weather|Sandstorm|[from] ability: Sand Stream|[of] p1a: Tyranitar
|turn|38
|
|t:|1662641297
|switch|p2a: Iron Maid|Magearna|40/100 par
|switch|p1a: Excadrill|Excadrill, M|40/100
|
|-weather|Sandstorm|[upkeep]
|upkeep
|turn|39
|
|t:|1662641302
|move|p1a: Excadrill|Earthquake|p2a: Iron Maid
|-supereffective|p2a: Iron Maid
|-damage|p2a: Iron Maid|0 fnt
|faint|p2a: Iron Maid
|
|-weather|Sandstorm|[upkeep]
|upkeep
|
|t:|1662641326
|switch|p2a: Kyover|Palkia|82/100
|-ability|p2a: Kyover|Pressure
|turn|40
|
|t:|1662641333
|move|p1a: Excadrill|Iron Head|p2a: Kyover
|-resisted|p2a: Kyover
|-damage|p2a: Kyover|58/100
|move|p2a: Kyover|Hydro Pump|p1a: Excadrill
|-supereffective|p1a: Excadrill
|-damage|p1a: Excadrill|0 fnt
|faint|p1a: Excadrill
|
|-weather|Sandstorm|[upkeep]
|-damage|p2a: Kyover|52/100|[from] Sandstorm
|upkeep
|-message|tesla roadster forfeited.
|
|win|Shocker555
|raw|tesla roadster's rating: 1760 &rarr; <strong>1729</strong><br />(-31 for losing)
|raw|Shocker555's rating: 1545 &rarr; <strong>1576</strong><br />(+31 for winning)
|l|☆tesla roadster
