|j|☆estarflower
|j|☆neptune732
|t:|1667472467
|gametype|singles
|player|p1|estarflower|backersf|1406
|player|p2|neptune732|266|1523
|teamsize|p1|6
|teamsize|p2|6
|gen|8
|tier|[Gen 8] Ubers
|rated|
|rule|Sleep Clause Mod: Limit one foe put to sleep
|rule|Species Clause: Limit one of each Pokémon
|rule|OHKO Clause: OHKO moves are banned
|rule|Evasion Items Clause: Evasion items are banned
|rule|Evasion Moves Clause: Evasion moves are banned
|rule|Endless Battle Clause: Forcing endless battles is banned
|rule|HP Percentage Mod: HP is shown in percentages
|rule|Dynamax Clause: You cannot dynamax
|clearpoke
|poke|p1|Yveltal|
|poke|p1|Xerneas-*|
|poke|p1|Scolipede, F|
|poke|p1|Calyrex-Shadow|
|poke|p1|Zamazenta-*|
|poke|p1|Eternatus|
|poke|p2|Magearna|
|poke|p2|Kyogre|
|poke|p2|Dracovish|
|poke|p2|Calyrex-Ice|
|poke|p2|Hatterene, F|
|poke|p2|Porygon2|
|teampreview
|
|t:|1667472480
|start
|switch|p1a: Calyrex|Calyrex-Shadow|100/100
|switch|p2a: Hatterene|Hatterene, F|100/100
|-ability|p1a: Calyrex|As One
|-ability|p1a: Calyrex|Unnerve
|turn|1
|
|t:|1667472488
|switch|p2a: Porygon2|Porygon2|100/100
|move|p1a: Calyrex|Trick|p2a: Porygon2
|-activate|p1a: Calyrex|move: Trick|[of] p2a: Porygon2
|-item|p2a: Porygon2|Choice Scarf|[from] move: Trick
|-item|p1a: Calyrex|Eviolite|[from] move: Trick
|
|upkeep
|turn|2
|inactive|Battle timer is ON: inactive players will automatically lose when time's up. (requested by neptune732)
|
|t:|1667472519
|switch|p1a: Zamazenta|Zamazenta-Crowned|100/100
|-ability|p1a: Zamazenta|Dauntless Shield|boost
|-boost|p1a: Zamazenta|def|1
|move|p2a: Porygon2|Trick Room|p2a: Porygon2
|-fieldstart|move: Trick Room|[of] p2a: Porygon2
|
|upkeep
|turn|3
|
|t:|1667472541
|switch|p2a: Kyogre|Kyogre|100/100
|-weather|RainDance|[from] ability: Drizzle|[of] p2a: Kyogre
|move|p1a: Zamazenta|Close Combat|p2a: Kyogre
|-damage|p2a: Kyogre|47/100
|-unboost|p1a: Zamazenta|def|1
|-unboost|p1a: Zamazenta|spd|1
|
|-weather|RainDance|[upkeep]
|upkeep
|turn|4
|
|t:|1667472554
|switch|p1a: Eternatus|Eternatus|100/100
|-ability|p1a: Eternatus|Pressure
|move|p2a: Kyogre|Origin Pulse|p1a: Eternatus|[miss]
|-miss|p2a: Kyogre|p1a: Eternatus
|
|-weather|RainDance|[upkeep]
|upkeep
|turn|5
|
|t:|1667472566
|switch|p2a: Dracovish|Dracovish|100/100
|move|p1a: Eternatus|Substitute|p1a: Eternatus
|-start|p1a: Eternatus|Substitute
|-damage|p1a: Eternatus|76/100
|
|-weather|RainDance|[upkeep]
|upkeep
|turn|6
|j| German1111
|
|t:|1667472586
|switch|p2a: Hatterene|Hatterene, F|100/100
|move|p1a: Eternatus|Dynamax Cannon|p2a: Hatterene
|-immune|p2a: Hatterene
|
|-weather|RainDance|[upkeep]
|-fieldend|move: Trick Room
|upkeep
|turn|7
|
|t:|1667472593
|move|p1a: Eternatus|Meteor Beam||[still]
|-prepare|p1a: Eternatus|Meteor Beam
|-boost|p1a: Eternatus|spa|1
|-enditem|p1a: Eternatus|Power Herb
|-anim|p1a: Eternatus|Meteor Beam|p2a: Hatterene
|-damage|p2a: Hatterene|33/100
|move|p2a: Hatterene|Psychic|p1a: Eternatus
|-supereffective|p1a: Eternatus
|-end|p1a: Eternatus|Substitute
|
|-weather|none
|upkeep
|turn|8
|
|t:|1667472610
|move|p1a: Eternatus|Flamethrower|p2a: Hatterene
|-damage|p2a: Hatterene|0 fnt
|faint|p2a: Hatterene
|
|upkeep
|
|t:|1667472623
|switch|p2a: Calyrex|Calyrex-Ice|100/100
|-ability|p2a: Calyrex|As One
|-ability|p2a: Calyrex|Unnerve
|turn|9
|
|t:|1667472629
|move|p1a: Eternatus|Flamethrower|p2a: Calyrex
|-supereffective|p2a: Calyrex
|-damage|p2a: Calyrex|38/100
|move|p2a: Calyrex|Trick Room|p2a: Calyrex
|-fieldstart|move: Trick Room|[of] p2a: Calyrex
|
|upkeep
|turn|10
|
|t:|1667472639
|switch|p1a: Zamazenta|Zamazenta-Crowned|100/100
|-ability|p1a: Zamazenta|Dauntless Shield|boost
|-boost|p1a: Zamazenta|def|1
|move|p2a: Calyrex|High Horsepower|p1a: Zamazenta
|-supereffective|p1a: Zamazenta
|-damage|p1a: Zamazenta|42/100
|-damage|p2a: Calyrex|28/100|[from] item: Life Orb
|
|upkeep
|turn|11
|
|t:|1667472651
|switch|p1a: Yveltal|Yveltal|100/100
|-ability|p1a: Yveltal|Dark Aura
|move|p2a: Calyrex|Glacial Lance|p1a: Yveltal
|-supereffective|p1a: Yveltal
|-damage|p1a: Yveltal|0 fnt
|faint|p1a: Yveltal
|-ability|p2a: Calyrex|Chilling Neigh|boost
|-boost|p2a: Calyrex|atk|1
|-damage|p2a: Calyrex|18/100|[from] item: Life Orb
|
|upkeep
|
|t:|1667472658
|switch|p1a: Scolipede|Scolipede, F|100/100
|turn|12
|
|t:|1667472663
|move|p2a: Calyrex|Icicle Spear|p1a: Scolipede
|-damage|p1a: Scolipede|56/100
|-damage|p1a: Scolipede|5/100
|-damage|p1a: Scolipede|0 fnt
|faint|p1a: Scolipede
|-ability|p2a: Calyrex|Chilling Neigh|boost
|-boost|p2a: Calyrex|atk|1
|-hitcount|p1: Scolipede|3
|-damage|p2a: Calyrex|8/100|[from] item: Life Orb
|
|upkeep
|
|t:|1667472675
|switch|p1a: Zamazenta|Zamazenta-Crowned|42/100
|-ability|p1a: Zamazenta|Dauntless Shield|boost
|-boost|p1a: Zamazenta|def|1
|turn|13
|
|t:|1667472679
|move|p2a: Calyrex|Glacial Lance|p1a: Zamazenta
|-resisted|p1a: Zamazenta
|-damage|p1a: Zamazenta|0 fnt
|faint|p1a: Zamazenta
|-ability|p2a: Calyrex|Chilling Neigh|boost
|-boost|p2a: Calyrex|atk|1
|-damage|p2a: Calyrex|0 fnt|[from] item: Life Orb
|faint|p2a: Calyrex
|
|-fieldend|move: Trick Room
|upkeep
|
|t:|1667472692
|switch|p1a: Xerneas|Xerneas|100/100
|switch|p2a: Magearna|Magearna|100/100
|-ability|p1a: Xerneas|Fairy Aura
|turn|14
|
|t:|1667472702
|move|p1a: Xerneas|Geomancy||[still]
|-prepare|p1a: Xerneas|Geomancy
|-enditem|p1a: Xerneas|Power Herb
|-anim|p1a: Xerneas|Geomancy|p1a: Xerneas
|-boost|p1a: Xerneas|spa|2
|-boost|p1a: Xerneas|spd|2
|-boost|p1a: Xerneas|spe|2
|move|p2a: Magearna|Trick Room|p2a: Magearna
|-fieldstart|move: Trick Room|[of] p2a: Magearna
|
|upkeep
|turn|15
|
|t:|1667472714
|move|p2a: Magearna|Steel Beam|p1a: Xerneas
|-supereffective|p1a: Xerneas
|-damage|p1a: Xerneas|19/100
|-damage|p2a: Magearna|50/100|[from] mindblown
|move|p1a: Xerneas|Moonblast|p2a: Magearna
|-resisted|p2a: Magearna
|-damage|p2a: Magearna|0 fnt
|faint|p2a: Magearna
|
|upkeep
|
|t:|1667472728
|switch|p2a: Kyogre|Kyogre|47/100
|-weather|RainDance|[from] ability: Drizzle|[of] p2a: Kyogre
|turn|16
|
|t:|1667472742
|move|p2a: Kyogre|Ice Beam|p1a: Xerneas
|-crit|p1a: Xerneas
|-damage|p1a: Xerneas|0 fnt
|faint|p1a: Xerneas
|
|-weather|RainDance|[upkeep]
|upkeep
|
|t:|1667472751
|switch|p1a: Calyrex|Calyrex-Shadow|100/100
|-ability|p1a: Calyrex|As One
|-ability|p1a: Calyrex|Unnerve
|turn|17
|
|t:|1667472765
|move|p2a: Kyogre|Ice Beam|p1a: Calyrex
|-damage|p1a: Calyrex|46/100
|move|p1a: Calyrex|Astral Barrage|p2a: Kyogre
|-crit|p2a: Kyogre
|-damage|p2a: Kyogre|0 fnt
|faint|p2a: Kyogre
|-ability|p1a: Calyrex|Grim Neigh|boost
|-boost|p1a: Calyrex|spa|1
|
|-weather|RainDance|[upkeep]
|upkeep
|inactive|neptune732 has 120 seconds left.
|
|t:|1667472792
|switch|p2a: Dracovish|Dracovish|100/100
|turn|18
|
|t:|1667472798
|switch|p2a: Porygon2|Porygon2|100/100
|move|p1a: Calyrex|Protect||[still]
|-fail|p1a: Calyrex
|
|-weather|RainDance|[upkeep]
|-fieldend|move: Trick Room
|upkeep
|turn|19
|inactive|neptune732 has 120 seconds left.
|
|t:|1667472817
|switch|p1a: Eternatus|Eternatus|76/100
|-ability|p1a: Eternatus|Pressure
|move|p2a: Porygon2|Foul Play|p1a: Eternatus
|-damage|p1a: Eternatus|59/100
|
|-weather|RainDance|[upkeep]
|upkeep
|turn|20
|inactive|neptune732 has 120 seconds left.
|
|t:|1667472827
|move|p1a: Eternatus|Dynamax Cannon|p2a: Porygon2
|-damage|p2a: Porygon2|50/100
|move|p2a: Porygon2|Foul Play|p1a: Eternatus
|-damage|p1a: Eternatus|42/100
|
|-weather|none
|upkeep
|turn|21
|inactive|neptune732 has 120 seconds left.
|c|☆estarflower|gg
|-message|neptune732 forfeited.
|
|win|estarflower
|raw|estarflower's rating: 1406 &rarr; <strong>1432</strong><br />(+26 for winning)
|raw|neptune732's rating: 1523 &rarr; <strong>1497</strong><br />(-26 for losing)
|l|☆neptune732
