|j|☆Toxicdu13
|j|☆Mr. Alotta Cheese
|player|p1|Toxicdu13|lance|1331
|player|p2|Mr. Alotta Cheese|morty-gen2|1440
|teamsize|p1|6
|teamsize|p2|6
|gametype|singles
|gen|8
|tier|[Gen 8] Ubers
|rated|
|clearpoke
|poke|p1|Zacian-Crowned|
|poke|p1|Zamazenta-Crowned|
|poke|p1|Ditto|
|poke|p1|Eternatus|
|poke|p1|Butterfree, M|
|poke|p1|Gyarados, F|
|poke|p2|Zacian-Crowned|
|poke|p2|Dugtrio, M|
|poke|p2|Ferrothorn, M|
|poke|p2|Arcanine, M|
|poke|p2|Mandibuzz, F|
|poke|p2|Eternatus|
|rule|Sleep Clause Mod: Limit one foe put to sleep
|rule|Species Clause: Limit one of each Pokémon
|rule|OHKO Clause: OHKO moves are banned
|rule|Evasion Moves Clause: Evasion moves are banned
|rule|Endless Battle Clause: Forcing endless battles is banned
|rule|HP Percentage Mod: HP is shown in percentages
|teampreview
|l|☆Mr. Alotta Cheese
|player|p2|
|inactive|Battle timer is ON: inactive players will automatically lose when time's up. (requested by Toxicdu13)
|c|☆Toxicdu13|Hi
|j|☆Mr. Alotta Cheese
|inactive|Mr. Alotta Cheese reconnected and has 130 seconds left.
|player|p2|Mr. Alotta Cheese|morty-gen2
|c|☆Mr. Alotta Cheese|hf
|inactive|Mr. Alotta Cheese has 120 seconds left.
|
|start
|switch|p1a: Ditto|Ditto|100/100
|switch|p2a: Ghost Walker|Eternatus|100/100
|-ability|p2a: Ghost Walker|Pressure
|-transform|p1a: Ditto|p2a: Ghost Walker|[from] ability: Imposter
|-ability|p1a: Ditto|Pressure
|turn|1
|
|switch|p2a: Mythra|Zacian-Crowned|100/100
|-ability|p2a: Mythra|Intrepid Sword|boost
|-boost|p2a: Mythra|atk|1
|move|p1a: Ditto|Draco Meteor|p2a: Mythra
|-immune|p2a: Mythra
|
|upkeep
|turn|2
|
|move|p2a: Mythra|Behemoth Blade|p1a: Ditto
|-damage|p1a: Ditto|0 fnt
|faint|p1a: Ditto
|
|upkeep
|
|switch|p1a: Zacian|Zacian-Crowned|100/100
|-ability|p1a: Zacian|Intrepid Sword|boost
|-boost|p1a: Zacian|atk|1
|turn|3
|
|switch|p2a: Arcanine|Arcanine, M|100/100
|-ability|p2a: Arcanine|Intimidate|boost
|-unboost|p1a: Zacian|atk|1
|move|p1a: Zacian|Behemoth Blade|p2a: Arcanine
|-resisted|p2a: Arcanine
|-damage|p2a: Arcanine|79/100
|
|upkeep
|turn|4
|
|switch|p1a: Gyarados|Gyarados, F|100/100
|move|p2a: Arcanine|Will-O-Wisp|p1a: Gyarados
|-status|p1a: Gyarados|brn
|
|-damage|p1a: Gyarados|94/100 brn|[from] brn
|upkeep
|turn|5
|
|switch|p2a: Ferrothorn|Ferrothorn, M|100/100
|move|p1a: Gyarados|Dragon Dance|p1a: Gyarados
|-boost|p1a: Gyarados|atk|1
|-boost|p1a: Gyarados|spe|1
|
|-heal|p1a: Gyarados|100/100 brn|[from] item: Leftovers
|-damage|p1a: Gyarados|94/100 brn|[from] brn
|upkeep
|turn|6
|
|move|p1a: Gyarados|Dragon Dance|p1a: Gyarados
|-boost|p1a: Gyarados|atk|1
|-boost|p1a: Gyarados|spe|1
|move|p2a: Ferrothorn|Leech Seed|p1a: Gyarados
|-start|p1a: Gyarados|move: Leech Seed
|
|-heal|p1a: Gyarados|100/100 brn|[from] item: Leftovers
|-damage|p1a: Gyarados|88/100 brn|[from] Leech Seed|[of] p2a: Ferrothorn
|-damage|p1a: Gyarados|82/100 brn|[from] brn
|upkeep
|turn|7
|
|-start|p1a: Gyarados|Dynamax
|-heal|p1a: Gyarados|82/100 brn|[silent]
|move|p1a: Gyarados|Max Quake|p2a: Ferrothorn
|-damage|p2a: Ferrothorn|63/100
|-boost|p1a: Gyarados|spd|1
|move|p2a: Ferrothorn|Spikes|p1a: Gyarados
|-sidestart|p1: Toxicdu13|Spikes
|
|-heal|p1a: Gyarados|85/100 brn|[from] item: Leftovers
|-heal|p2a: Ferrothorn|69/100|[from] item: Leftovers
|-damage|p1a: Gyarados|79/100 brn|[from] Leech Seed|[of] p2a: Ferrothorn
|-heal|p2a: Ferrothorn|81/100|[silent]
|-damage|p1a: Gyarados|76/100 brn|[from] brn
|upkeep
|turn|8
|l|☆Mr. Alotta Cheese
|inactive|Mr. Alotta Cheese disconnected and has a minute to reconnect!
|player|p2|
|j|☆Mr. Alotta Cheese
|inactive|Mr. Alotta Cheese reconnected.
|player|p2|Mr. Alotta Cheese|morty-gen2
|
|move|p1a: Gyarados|Max Quake|p2a: Ferrothorn
|-damage|p2a: Ferrothorn|47/100
|-boost|p1a: Gyarados|spd|1
|move|p2a: Ferrothorn|Spikes|p1a: Gyarados
|-sidestart|p1: Toxicdu13|Spikes
|
|-heal|p1a: Gyarados|79/100 brn|[from] item: Leftovers
|-heal|p2a: Ferrothorn|53/100|[from] item: Leftovers
|-damage|p1a: Gyarados|73/100 brn|[from] Leech Seed|[of] p2a: Ferrothorn
|-heal|p2a: Ferrothorn|65/100|[silent]
|-damage|p1a: Gyarados|70/100 brn|[from] brn
|upkeep
|turn|9
|
|move|p2a: Ferrothorn|Protect|p2a: Ferrothorn
|-singleturn|p2a: Ferrothorn|Protect
|move|p1a: Gyarados|Max Quake|p2a: Ferrothorn
|-crit|p2a: Ferrothorn
|-zbroken|p2a: Ferrothorn
|-damage|p2a: Ferrothorn|52/100
|-boost|p1a: Gyarados|spd|1
|
|-heal|p1a: Gyarados|73/100 brn|[from] item: Leftovers
|-heal|p2a: Ferrothorn|58/100|[from] item: Leftovers
|-damage|p1a: Gyarados|67/100 brn|[from] Leech Seed|[of] p2a: Ferrothorn
|-heal|p2a: Ferrothorn|70/100|[silent]
|-damage|p1a: Gyarados|63/100 brn|[from] brn
|-end|p1a: Gyarados|Dynamax
|-heal|p1a: Gyarados|64/100 brn|[silent]
|upkeep
|turn|10
|inactive|Toxicdu13 has 120 seconds left.
|
|move|p1a: Gyarados|Dragon Dance|p1a: Gyarados
|-boost|p1a: Gyarados|atk|1
|-boost|p1a: Gyarados|spe|1
|move|p2a: Ferrothorn|Spikes|p1a: Gyarados
|-sidestart|p1: Toxicdu13|Spikes
|
|-heal|p1a: Gyarados|70/100 brn|[from] item: Leftovers
|-heal|p2a: Ferrothorn|76/100|[from] item: Leftovers
|-damage|p1a: Gyarados|57/100 brn|[from] Leech Seed|[of] p2a: Ferrothorn
|-heal|p2a: Ferrothorn|87/100|[silent]
|-damage|p1a: Gyarados|51/100 brn|[from] brn
|upkeep
|turn|11
|inactive|Toxicdu13 has 120 seconds left.
|
|move|p1a: Gyarados|Dragon Dance|p1a: Gyarados
|-boost|p1a: Gyarados|atk|1
|-boost|p1a: Gyarados|spe|1
|move|p2a: Ferrothorn|Gyro Ball|p1a: Gyarados
|-resisted|p1a: Gyarados
|-damage|p1a: Gyarados|20/100 brn
|
|-heal|p1a: Gyarados|26/100 brn|[from] item: Leftovers
|-heal|p2a: Ferrothorn|94/100|[from] item: Leftovers
|-damage|p1a: Gyarados|13/100 brn|[from] Leech Seed|[of] p2a: Ferrothorn
|-heal|p2a: Ferrothorn|100/100|[silent]
|-damage|p1a: Gyarados|7/100 brn|[from] brn
|upkeep
|turn|12
|inactive|Toxicdu13 has 120 seconds left.
|
|move|p2a: Ferrothorn|Protect|p2a: Ferrothorn
|-singleturn|p2a: Ferrothorn|Protect
|move|p1a: Gyarados|Earthquake|p2a: Ferrothorn
|-activate|p2a: Ferrothorn|move: Protect
|
|-heal|p1a: Gyarados|13/100 brn|[from] item: Leftovers
|-damage|p1a: Gyarados|1/100 brn|[from] Leech Seed|[of] p2a: Ferrothorn
|-damage|p1a: Gyarados|0 fnt|[from] brn
|faint|p1a: Gyarados
|upkeep
|inactive|Toxicdu13 has 120 seconds left.
|l|☆Mr. Alotta Cheese
|inactive|Mr. Alotta Cheese disconnected and has a minute to reconnect!
|player|p2|
|j|☆Mr. Alotta Cheese
|inactive|Mr. Alotta Cheese reconnected.
|player|p2|Mr. Alotta Cheese|morty-gen2
|
|switch|p1a: Eternatus|Eternatus|100/100
|-damage|p1a: Eternatus|75/100|[from] Spikes
|-ability|p1a: Eternatus|Pressure
|turn|13
|inactive|Toxicdu13 has 120 seconds left.
|
|switch|p2a: Ghost Walker|Eternatus|100/100
|-ability|p2a: Ghost Walker|Pressure
|move|p1a: Eternatus|Dynamax Cannon|p2a: Ghost Walker
|-supereffective|p2a: Ghost Walker
|-damage|p2a: Ghost Walker|0 fnt
|faint|p2a: Ghost Walker
|
|-heal|p1a: Eternatus|82/100|[from] item: Black Sludge
|upkeep
|
|switch|p2a: Dugtrio|Dugtrio, M|100/100
|turn|14
|
|move|p2a: Dugtrio|Earthquake|p1a: Eternatus
|-supereffective|p1a: Eternatus
|-damage|p1a: Eternatus|14/100
|move|p1a: Eternatus|Dynamax Cannon|p2a: Dugtrio
|-damage|p2a: Dugtrio|0 fnt
|faint|p2a: Dugtrio
|
|-heal|p1a: Eternatus|20/100|[from] item: Black Sludge
|upkeep
|
|switch|p2a: Mythra|Zacian-Crowned|100/100
|-ability|p2a: Mythra|Intrepid Sword|boost
|-boost|p2a: Mythra|atk|1
|turn|15
|
|move|p2a: Mythra|Behemoth Blade|p1a: Eternatus
|-damage|p1a: Eternatus|0 fnt
|faint|p1a: Eternatus
|
|upkeep
|
|switch|p1a: Zamazenta|Zamazenta-Crowned|100/100
|-damage|p1a: Zamazenta|76/100|[from] Spikes
|-ability|p1a: Zamazenta|Dauntless Shield|boost
|-boost|p1a: Zamazenta|def|1
|turn|16
|
|switch|p2a: Arcanine|Arcanine, M|79/100
|-ability|p2a: Arcanine|Intimidate|boost
|-unboost|p1a: Zamazenta|atk|1
|move|p1a: Zamazenta|Behemoth Bash|p2a: Arcanine
|-resisted|p2a: Arcanine
|-damage|p2a: Arcanine|65/100
|
|upkeep
|turn|17
|
|move|p1a: Zamazenta|Close Combat|p2a: Arcanine
|-damage|p2a: Arcanine|36/100
|-unboost|p1a: Zamazenta|def|1
|-unboost|p1a: Zamazenta|spd|1
|move|p2a: Arcanine|Morning Sun|p2a: Arcanine
|-heal|p2a: Arcanine|86/100
|
|upkeep
|turn|18
|
|move|p1a: Zamazenta|Close Combat|p2a: Arcanine
|-damage|p2a: Arcanine|54/100
|-unboost|p1a: Zamazenta|def|1
|-unboost|p1a: Zamazenta|spd|1
|move|p2a: Arcanine|Will-O-Wisp|p1a: Zamazenta
|-status|p1a: Zamazenta|brn
|
|-damage|p1a: Zamazenta|69/100 brn|[from] brn
|upkeep
|turn|19
|
|switch|p1a: Butterfree|Butterfree, M|100/100
|move|p2a: Arcanine|Morning Sun|p2a: Arcanine
|-heal|p2a: Arcanine|100/100
|
|upkeep
|turn|20
|
|switch|p2a: Ferrothorn|Ferrothorn, M|100/100
|move|p1a: Butterfree|Sleep Powder|p2a: Ferrothorn
|-immune|p2a: Ferrothorn
|
|upkeep
|turn|21
|
|move|p1a: Butterfree|Quiver Dance|p1a: Butterfree
|-boost|p1a: Butterfree|spa|1
|-boost|p1a: Butterfree|spd|1
|-boost|p1a: Butterfree|spe|1
|move|p2a: Ferrothorn|Leech Seed|p1a: Butterfree
|-start|p1a: Butterfree|move: Leech Seed
|
|-damage|p1a: Butterfree|88/100|[from] Leech Seed|[of] p2a: Ferrothorn
|upkeep
|turn|22
|
|move|p1a: Butterfree|Quiver Dance|p1a: Butterfree
|-boost|p1a: Butterfree|spa|1
|-boost|p1a: Butterfree|spd|1
|-boost|p1a: Butterfree|spe|1
|move|p2a: Ferrothorn|Gyro Ball|p1a: Butterfree
|-damage|p1a: Butterfree|0 fnt
|faint|p1a: Butterfree
|
|upkeep
|
|switch|p1a: Zamazenta|Zamazenta-Crowned|69/100 brn
|-damage|p1a: Zamazenta|44/100 brn|[from] Spikes
|-ability|p1a: Zamazenta|Dauntless Shield|boost
|-boost|p1a: Zamazenta|def|1
|turn|23
|
|move|p1a: Zamazenta|Close Combat|p2a: Ferrothorn
|-supereffective|p2a: Ferrothorn
|-damage|p2a: Ferrothorn|50/100
|-damage|p1a: Zamazenta|32/100 brn|[from] ability: Iron Barbs|[of] p2a: Ferrothorn
|-unboost|p1a: Zamazenta|def|1
|-unboost|p1a: Zamazenta|spd|1
|move|p2a: Ferrothorn|Leech Seed|p1a: Zamazenta
|-start|p1a: Zamazenta|move: Leech Seed
|
|-heal|p2a: Ferrothorn|56/100|[from] item: Leftovers
|-damage|p1a: Zamazenta|20/100 brn|[from] Leech Seed|[of] p2a: Ferrothorn
|-heal|p2a: Ferrothorn|68/100|[silent]
|-damage|p1a: Zamazenta|14/100 brn|[from] brn
|upkeep
|turn|24
|l|☆Mr. Alotta Cheese
|inactive|Mr. Alotta Cheese disconnected and has a minute to reconnect!
|player|p2|
|
|move|p2a: Ferrothorn|Protect|p2a: Ferrothorn
|-singleturn|p2a: Ferrothorn|Protect
|move|p1a: Zamazenta|Close Combat|p2a: Ferrothorn
|-activate|p2a: Ferrothorn|move: Protect
|
|-heal|p2a: Ferrothorn|74/100|[from] item: Leftovers
|-damage|p1a: Zamazenta|1/100 brn|[from] Leech Seed|[of] p2a: Ferrothorn
|-heal|p2a: Ferrothorn|85/100|[silent]
|-damage|p1a: Zamazenta|0 fnt|[from] brn
|faint|p1a: Zamazenta
|upkeep
|j|☆Mr. Alotta Cheese
|inactive|Mr. Alotta Cheese reconnected.
|player|p2|Mr. Alotta Cheese|morty-gen2
|-message|Toxicdu13 forfeited.
|
|win|Mr. Alotta Cheese
|l|☆Toxicdu13
|raw|Toxicdu13's rating: 1314 &rarr; <strong>1301</strong><br />(-13 for losing)
|raw|Mr. Alotta Cheese's rating: 1440 &rarr; <strong>1453</strong><br />(+13 for winning)
