|j|☆8142e
|j|☆moesi
|t:|1613816864
|player|p1|8142e|hugh|
|player|p2|moesi|tuber|
|teamsize|p1|6
|teamsize|p2|6
|gametype|singles
|gen|8
|tier|[Gen 8] Ubers
|rated|Tournament battle
|clearpoke
|poke|p1|Necrozma-Dusk-Mane|
|poke|p1|Kyogre|
|poke|p1|Zacian|
|poke|p1|Yveltal|
|poke|p1|Blissey, F|
|poke|p1|Tangrowth, M|
|poke|p2|Dialga|
|poke|p2|Ditto|
|poke|p2|Yveltal|
|poke|p2|Ho-Oh|
|poke|p2|Calyrex-Shadow|
|poke|p2|Zekrom|
|rule|Sleep Clause Mod: Limit one foe put to sleep
|rule|Species Clause: Limit one of each Pokémon
|rule|OHKO Clause: OHKO moves are banned
|rule|Evasion Moves Clause: Evasion moves are banned
|rule|Endless Battle Clause: Forcing endless battles is banned
|rule|HP Percentage Mod: HP is shown in percentages
|rule|Dynamax Clause: You cannot dynamax
|teampreview
|j|*Lady Monita
|inactive|Battle timer is ON: inactive players will automatically lose when time's up. (requested by moesi)
|j| This_360
|j| Galib12
|j| FIG_Mirko2
|j| atharvplayspokemon
|
|t:|1613816891
|start
|switch|p1a: Zacian|Zacian|100/100
|switch|p2a: Ho-Oh|Ho-Oh|100/100
|-ability|p1a: Zacian|Intrepid Sword|boost
|-boost|p1a: Zacian|atk|1
|turn|1
|j| i suck sad oofV2
|
|t:|1613816907
|move|p1a: Zacian|Wild Charge|p2a: Ho-Oh
|-supereffective|p2a: Ho-Oh
|-damage|p2a: Ho-Oh|0 fnt
|-damage|p1a: Zacian|68/100|[from] Recoil
|faint|p2a: Ho-Oh
|
|upkeep
|
|t:|1613816917
|switch|p2a: Ditto|Ditto|100/100
|-transform|p2a: Ditto|p1a: Zacian|[from] ability: Imposter
|-ability|p2a: Ditto|Intrepid Sword|boost
|-boost|p2a: Ditto|atk|1
|turn|2
|j| Maajid23
|
|t:|1613816932
|switch|p1a: Tangrowth|Tangrowth, M|100/100
|move|p2a: Ditto|Play Rough|p1a: Tangrowth|[miss]
|-miss|p2a: Ditto|p1a: Tangrowth
|
|upkeep
|turn|3
|
|t:|1613816939
|switch|p2a: Dialga|Dialga|100/100
|-ability|p2a: Dialga|Pressure
|move|p1a: Tangrowth|Sleep Powder|p2a: Dialga
|-status|p2a: Dialga|slp|[from] move: Sleep Powder
|
|upkeep
|turn|4
|
|t:|1613816946
|switch|p2a: Zekrom|Zekrom|100/100
|-ability|p2a: Zekrom|Teravolt
|switch|p1a: Necrozma|Necrozma-Dusk-Mane|100/100
|
|upkeep
|turn|5
|j| Alphons123
|l| i suck sad oofV2
|l| atharvplayspokemon
|l| Alphons123
|
|t:|1613816958
|switch|p1a: Tangrowth|Tangrowth, M|100/100
|move|p2a: Zekrom|Substitute|p2a: Zekrom
|-start|p2a: Zekrom|Substitute
|-damage|p2a: Zekrom|76/100
|
|-heal|p2a: Zekrom|82/100|[from] item: Leftovers
|upkeep
|turn|6
|
|t:|1613816963
|move|p2a: Zekrom|Dragon Dance|p2a: Zekrom
|-boost|p2a: Zekrom|atk|1
|-boost|p2a: Zekrom|spe|1
|move|p1a: Tangrowth|Earthquake|p2a: Zekrom
|-supereffective|p2a: Zekrom
|-end|p2a: Zekrom|Substitute
|
|-heal|p2a: Zekrom|88/100|[from] item: Leftovers
|upkeep
|turn|7
|
|t:|1613816974
|move|p2a: Zekrom|Dragon Claw|p1a: Tangrowth
|-damage|p1a: Tangrowth|59/100
|-damage|p2a: Zekrom|71/100|[from] item: Rocky Helmet|[of] p1a: Tangrowth
|move|p1a: Tangrowth|Earthquake|p2a: Zekrom
|-supereffective|p2a: Zekrom
|-damage|p2a: Zekrom|35/100
|
|-heal|p2a: Zekrom|41/100|[from] item: Leftovers
|upkeep
|turn|8
|
|t:|1613816985
|switch|p2a: Yveltal|Yveltal|100/100
|-ability|p2a: Yveltal|Dark Aura
|move|p1a: Tangrowth|Earthquake|p2a: Yveltal
|-immune|p2a: Yveltal
|
|upkeep
|turn|9
|j| Colou515424P
|c| Colou515424P|hi
|
|t:|1613817000
|switch|p1a: Zacian|Zacian|68/100
|-ability|p1a: Zacian|Intrepid Sword|boost
|-boost|p1a: Zacian|atk|1
|move|p2a: Yveltal|Dual Wingbeat|p1a: Zacian
|-damage|p1a: Zacian|45/100
|-damage|p1a: Zacian|23/100
|-hitcount|p1a: Zacian|2
|
|upkeep
|turn|10
|
|t:|1613817007
|move|p2a: Yveltal|Sucker Punch|p1a: Zacian
|-resisted|p1a: Zacian
|-damage|p1a: Zacian|0 fnt
|faint|p1a: Zacian
|
|upkeep
|
|t:|1613817013
|switch|p1a: Yveltal|Yveltal|100/100
|-ability|p1a: Yveltal|Dark Aura
|turn|11
|
|t:|1613817018
|move|p1a: Yveltal|Knock Off|p2a: Yveltal
|-resisted|p2a: Yveltal
|-damage|p2a: Yveltal|79/100
|-enditem|p2a: Yveltal|Heavy-Duty Boots|[from] move: Knock Off|[of] p1a: Yveltal
|move|p2a: Yveltal|Rock Slide|p1a: Yveltal
|-supereffective|p1a: Yveltal
|-damage|p1a: Yveltal|48/100
|
|upkeep
|turn|12
|j| rng loser
|l| Maajid23
|
|t:|1613817030
|move|p1a: Yveltal|Roost|p1a: Yveltal
|-heal|p1a: Yveltal|99/100
|-singleturn|p1a: Yveltal|move: Roost
|move|p2a: Yveltal|Dual Wingbeat|p1a: Yveltal
|-damage|p1a: Yveltal|77/100
|-damage|p1a: Yveltal|57/100
|-hitcount|p1a: Yveltal|2
|
|upkeep
|turn|13
|c| rng loser|u got this
|j| FarrasCheekyCute
|c|☆8142e|u forgot to change to uturn
|c|☆8142e|;-;
|j| aariz10
|
|t:|1613817046
|move|p1a: Yveltal|Roost|p1a: Yveltal
|-heal|p1a: Yveltal|100/100
|-singleturn|p1a: Yveltal|move: Roost
|move|p2a: Yveltal|Dual Wingbeat|p1a: Yveltal
|-damage|p1a: Yveltal|81/100
|-damage|p1a: Yveltal|60/100
|-hitcount|p1a: Yveltal|2
|
|upkeep
|turn|14
|j| Raph369
|l| Colou515424P
|c| rng loser|wym
|j| Colou515424P
|j| Uber uwu
|c| rng loser|is this my team?
|j| Yessop
|
|t:|1613817063
|move|p1a: Yveltal|Roost|p1a: Yveltal
|-heal|p1a: Yveltal|100/100
|-singleturn|p1a: Yveltal|move: Roost
|move|p2a: Yveltal|Dual Wingbeat|p1a: Yveltal
|-damage|p1a: Yveltal|79/100
|-crit|p1a: Yveltal
|-damage|p1a: Yveltal|48/100
|-hitcount|p1a: Yveltal|2
|
|upkeep
|turn|15
|c|☆8142e|nah
|c| Uber uwu|uwu
|c| Uber uwu|offensive yveltal
|c| Raph369|LET'S GO 8TRUC
|
|t:|1613817079
|move|p1a: Yveltal|Roost|p1a: Yveltal
|-heal|p1a: Yveltal|98/100
|-singleturn|p1a: Yveltal|move: Roost
|move|p2a: Yveltal|Rock Slide|p1a: Yveltal
|-damage|p1a: Yveltal|74/100
|
|upkeep
|turn|16
|j| Eeveekid10
|
|t:|1613817087
|move|p1a: Yveltal|Foul Play|p2a: Yveltal
|-resisted|p2a: Yveltal
|-damage|p2a: Yveltal|52/100
|move|p2a: Yveltal|Dual Wingbeat|p1a: Yveltal
|-damage|p1a: Yveltal|53/100
|-crit|p1a: Yveltal
|-damage|p1a: Yveltal|21/100
|-hitcount|p1a: Yveltal|2
|
|upkeep
|turn|17
|l| Colou515424P
|
|t:|1613817097
|move|p1a: Yveltal|Roost|p1a: Yveltal
|-heal|p1a: Yveltal|71/100
|-singleturn|p1a: Yveltal|move: Roost
|move|p2a: Yveltal|Dual Wingbeat|p1a: Yveltal
|-crit|p1a: Yveltal
|-damage|p1a: Yveltal|39/100
|-damage|p1a: Yveltal|18/100
|-hitcount|p1a: Yveltal|2
|
|upkeep
|turn|18
|
|t:|1613817101
|move|p1a: Yveltal|Roost|p1a: Yveltal
|-heal|p1a: Yveltal|68/100
|-singleturn|p1a: Yveltal|move: Roost
|move|p2a: Yveltal|Dual Wingbeat|p1a: Yveltal
|-damage|p1a: Yveltal|46/100
|-crit|p1a: Yveltal
|-damage|p1a: Yveltal|16/100
|-hitcount|p1a: Yveltal|2
|
|upkeep
|turn|19
|c|☆8142e|bruhhhhh
|
|t:|1613817112
|move|p1a: Yveltal|Roost|p1a: Yveltal
|-heal|p1a: Yveltal|66/100
|-singleturn|p1a: Yveltal|move: Roost
|move|p2a: Yveltal|Dual Wingbeat|p1a: Yveltal
|-damage|p1a: Yveltal|45/100
|-crit|p1a: Yveltal
|-damage|p1a: Yveltal|12/100
|-hitcount|p1a: Yveltal|2
|
|upkeep
|turn|20
|c|☆8142e|triple crit
|c| rng loser|ez quad
|c|☆8142e|_-_
|
|t:|1613817124
|move|p1a: Yveltal|Roost|p1a: Yveltal
|-heal|p1a: Yveltal|63/100
|-singleturn|p1a: Yveltal|move: Roost
|move|p2a: Yveltal|Dual Wingbeat|p1a: Yveltal
|-damage|p1a: Yveltal|41/100
|-damage|p1a: Yveltal|22/100
|-hitcount|p1a: Yveltal|2
|
|upkeep
|turn|21
|l| Eeveekid10
|c| FarrasCheekyCute|only two times not 3
|l| Yessop
|
|t:|1613817135
|move|p1a: Yveltal|Roost|p1a: Yveltal
|-heal|p1a: Yveltal|73/100
|-singleturn|p1a: Yveltal|move: Roost
|move|p2a: Yveltal|Roost|p2a: Yveltal
|-heal|p2a: Yveltal|100/100
|-singleturn|p2a: Yveltal|move: Roost
|
|upkeep
|turn|22
|c| FarrasCheekyCute|just attacking
|c| Uber uwu|duh just get free rocks with dusk mane
|c| Uber uwu|:/
|inactive|8142e has 120 seconds left.
|c| Uber uwu|u wasting ur roost
|
|t:|1613817171
|switch|p1a: Necrozma|Necrozma-Dusk-Mane|100/100
|move|p2a: Yveltal|Dual Wingbeat|p1a: Necrozma
|-resisted|p1a: Necrozma
|-damage|p1a: Necrozma|91/100
|-resisted|p1a: Necrozma
|-damage|p1a: Necrozma|82/100
|-hitcount|p1a: Necrozma|2
|
|-heal|p1a: Necrozma|89/100|[from] item: Leftovers
|upkeep
|turn|23
|c|☆8142e|:D
|inactive|8142e has 120 seconds left.
|
|t:|1613817184
|move|p2a: Yveltal|Dual Wingbeat|p1a: Necrozma
|-resisted|p1a: Necrozma
|-damage|p1a: Necrozma|81/100
|-resisted|p1a: Necrozma
|-damage|p1a: Necrozma|72/100
|-hitcount|p1a: Necrozma|2
|move|p1a: Necrozma|Substitute|p1a: Necrozma
|-start|p1a: Necrozma|Substitute
|-damage|p1a: Necrozma|47/100
|
|-heal|p1a: Necrozma|53/100|[from] item: Leftovers
|upkeep
|turn|24
|j| Maajid23
|c|☆8142e|i stole this from raph
|c| Raph369|yeeeah
|c| rng loser|i couldnt tell without fros
|
|t:|1613817207
|switch|p2a: Dialga|Dialga|100/100 slp
|-ability|p2a: Dialga|Pressure
|move|p1a: Necrozma|Dragon Dance|p1a: Necrozma
|-boost|p1a: Necrozma|atk|1
|-boost|p1a: Necrozma|spe|1
|
|-heal|p1a: Necrozma|59/100|[from] item: Leftovers
|upkeep
|turn|25
|c|☆8142e|no no
|c| Raph369|but i stole this from xZesty
|c|☆8142e|its galaxy brain
|j| LMartensG
|c|☆8142e|u go ogre
|inactive|8142e has 120 seconds left.
|c|☆8142e|double on etern
|c|☆8142e|get 2 free dd
|
|t:|1613817237
|move|p1a: Necrozma|Dragon Dance|p1a: Necrozma
|-boost|p1a: Necrozma|atk|1
|-boost|p1a: Necrozma|spe|1
|cant|p2a: Dialga|slp
|
|-heal|p1a: Necrozma|66/100|[from] item: Leftovers
|upkeep
|turn|26
|inactive|8142e has 120 seconds left.
|j| Macabarak
|
|t:|1613817249
|move|p1a: Necrozma|Earthquake|p2a: Dialga
|-supereffective|p2a: Dialga
|-damage|p2a: Dialga|0 fnt
|faint|p2a: Dialga
|
|-heal|p1a: Necrozma|72/100|[from] item: Leftovers
|upkeep
|c| Raph369|beat ditto
|l| aariz10
|c| Uber uwu|ditto should live ?
|
|t:|1613817268
|switch|p2a: Calyrex|Calyrex-Shadow|100/100
|-ability|p2a: Calyrex|As One
|-ability|p2a: Calyrex|Unnerve|p1: 8142e
|turn|27
|c|☆8142e|and goth too
|c| Raph369|no
|c| Uber uwu|cuz prism armor
|l| Macabarak
|inactive|8142e has 120 seconds left.
|c| Raph369|ditto dies
|
|t:|1613817280
|move|p2a: Calyrex|Astral Barrage|p1a: Necrozma
|-supereffective|p1a: Necrozma
|-end|p1a: Necrozma|Substitute
|move|p1a: Necrozma|Sunsteel Strike|p2a: Calyrex
|-damage|p2a: Calyrex|0 fnt
|faint|p2a: Calyrex
|
|-heal|p1a: Necrozma|78/100|[from] item: Leftovers
|upkeep
|
|t:|1613817284
|switch|p2a: Ditto|Ditto|100/100
|-transform|p2a: Ditto|p1a: Necrozma|[from] ability: Imposter
|turn|28
|
|t:|1613817293
|switch|p1a: Blissey|Blissey, F|100/100
|move|p2a: Ditto|Earthquake|p1a: Blissey
|-crit|p1a: Blissey
|-damage|p1a: Blissey|0 fnt
|faint|p1a: Blissey
|
|upkeep
|
|t:|1613817297
|switch|p1a: Yveltal|Yveltal|73/100
|-ability|p1a: Yveltal|Dark Aura
|turn|29
|
|t:|1613817310
|switch|p2a: Zekrom|Zekrom|41/100
|-ability|p2a: Zekrom|Teravolt
|move|p1a: Yveltal|Foul Play|p2a: Zekrom
|-damage|p2a: Zekrom|0 fnt
|faint|p2a: Zekrom
|
|upkeep
|
|t:|1613817313
|switch|p2a: Yveltal|Yveltal|100/100
|-ability|p2a: Yveltal|Dark Aura
|turn|30
|
|t:|1613817315
|switch|p1a: Necrozma|Necrozma-Dusk-Mane|78/100
|move|p2a: Yveltal|Rock Slide|p1a: Necrozma
|-resisted|p1a: Necrozma
|-damage|p1a: Necrozma|67/100
|
|-heal|p1a: Necrozma|73/100|[from] item: Leftovers
|upkeep
|turn|31
|c| Uber uwu|gg
|c|☆8142e|dogshit yvel walled by ndm lol
|
|t:|1613817330
|switch|p2a: Ditto|Ditto|100/100
|-transform|p2a: Ditto|p1a: Necrozma|[from] ability: Imposter
|move|p1a: Necrozma|Substitute|p1a: Necrozma
|-start|p1a: Necrozma|Substitute
|-damage|p1a: Necrozma|48/100
|
|-heal|p1a: Necrozma|54/100|[from] item: Leftovers
|upkeep
|turn|32
|c| rng loser|ikr
|
|t:|1613817338
|move|p2a: Ditto|Earthquake|p1a: Necrozma
|-supereffective|p1a: Necrozma
|-end|p1a: Necrozma|Substitute
|move|p1a: Necrozma|Earthquake|p2a: Ditto
|-supereffective|p2a: Ditto
|-damage|p2a: Ditto|43/100
|
|-heal|p1a: Necrozma|61/100|[from] item: Leftovers
|upkeep
|turn|33
|
|t:|1613817343
|switch|p1a: Yveltal|Yveltal|73/100
|-ability|p1a: Yveltal|Dark Aura
|move|p2a: Ditto|Earthquake|p1a: Yveltal
|-immune|p1a: Yveltal
|
|upkeep
|turn|34
|-message|moesi forfeited.
|
|win|8142e
|n|☆8142e|8142e
|n|☆moesi|moesi
|n|*Lady Monita|ladymonita
|n| This_360|this360
|n| Galib12|galib12
|n| FIG_Mirko2|figmirko2
|n| rng loser|rngloser
|n| FarrasCheekyCute|farrascheekycute
|n| Raph369|raph369
|n| Uber uwu|uberuwu
|n| Maajid23|maajid23
|n| LMartensG|lmartensg
