|j|☆Magikarp4000
|j|☆yhernandez
|player|p1|Magikarp4000|elesa|1452
|player|p2|yhernandez|giovanni|1389
|teamsize|p1|6
|teamsize|p2|6
|gametype|singles
|gen|8
|tier|[Gen 8] Ubers
|rated|
|clearpoke
|poke|p1|Dracovish|
|poke|p1|Marshadow|
|poke|p1|Charizard, M|
|poke|p1|Toxapex, M|
|poke|p1|Ferrothorn, F|
|poke|p1|Zacian-Crowned|
|poke|p2|Clefable, M|
|poke|p2|Corviknight, M|
|poke|p2|Seismitoad, M|
|poke|p2|Darmanitan-Galar, M|
|poke|p2|Dragapult, F|
|poke|p2|Ditto|
|rule|Sleep Clause Mod: Limit one foe put to sleep
|rule|Species Clause: Limit one of each Pokémon
|rule|OHKO Clause: OHKO moves are banned
|rule|Evasion Moves Clause: Evasion moves are banned
|rule|Endless Battle Clause: Forcing endless battles is banned
|rule|HP Percentage Mod: HP is shown in percentages
|html|Ubers Dynamax Clause: Pokémon on the <a href="https://www.smogon.com/dex/ss/formats/uber/">Ubers Dynamax Banlist</a> cannot Dynamax.
|teampreview
|c|☆Magikarp4000|glhf
|
|start
|switch|p1a: Charizard|Charizard, M|100/100
|switch|p2a: Darmanitan|Darmanitan-Galar, M|100/100
|turn|1
|
|switch|p1a: Toxapex|Toxapex, M|100/100
|move|p2a: Darmanitan|U-turn|p1a: Toxapex
|-resisted|p1a: Toxapex
|-damage|p1a: Toxapex|89/100
|
|switch|p2a: Clefable|Clefable, M|100/100|[from]move: U-turn
|
|-heal|p1a: Toxapex|95/100|[from] item: Black Sludge
|upkeep
|turn|2
|
|switch|p1a: Charizard|Charizard, M|100/100
|move|p2a: Clefable|Thunderbolt|p1a: Charizard
|-supereffective|p1a: Charizard
|-damage|p1a: Charizard|11/100
|-status|p1a: Charizard|par
|
|upkeep
|turn|3
|c|☆Magikarp4000|-_-
|c|☆Magikarp4000|stupid lcuky
|c|☆yhernandez|hax
|
|switch|p1a: Ferrothorn|Ferrothorn, F|100/100
|move|p2a: Clefable|Thunderbolt|p1a: Ferrothorn
|-resisted|p1a: Ferrothorn
|-damage|p1a: Ferrothorn|88/100
|
|upkeep
|turn|4
|
|switch|p1a: Toxapex|Toxapex, M|100/100
|move|p2a: Clefable|Flamethrower|p1a: Toxapex
|-resisted|p1a: Toxapex
|-damage|p1a: Toxapex|86/100
|
|-heal|p1a: Toxapex|93/100|[from] item: Black Sludge
|upkeep
|turn|5
|
|move|p1a: Toxapex|Baneful Bunker|p1a: Toxapex
|-singleturn|p1a: Toxapex|move: Protect
|move|p2a: Clefable|Thunderbolt|p1a: Toxapex
|-activate|p1a: Toxapex|move: Protect
|
|-heal|p1a: Toxapex|99/100|[from] item: Black Sludge
|upkeep
|turn|6
|
|switch|p1a: Charizard|Charizard, M|11/100 par
|move|p2a: Clefable|Thunderbolt|p1a: Charizard
|-supereffective|p1a: Charizard
|-damage|p1a: Charizard|0 fnt
|faint|p1a: Charizard
|
|upkeep
|
|switch|p1a: Zacian|Zacian-Crowned|100/100
|-ability|p1a: Zacian|Intrepid Sword|boost
|-boost|p1a: Zacian|atk|1
|turn|7
|
|switch|p2a: Corviknight|Corviknight, M, shiny|100/100
|move|p1a: Zacian|Behemoth Blade|p2a: Corviknight
|-resisted|p2a: Corviknight
|-damage|p2a: Corviknight|73/100
|
|-heal|p2a: Corviknight|80/100|[from] item: Leftovers
|upkeep
|turn|8
|
|move|p1a: Zacian|Swords Dance|p1a: Zacian
|-boost|p1a: Zacian|atk|2
|move|p2a: Corviknight|U-turn|p1a: Zacian
|-resisted|p1a: Zacian
|-damage|p1a: Zacian|97/100
|
|switch|p2a: Darmanitan|Darmanitan-Galar, M|100/100|[from]move: U-turn
|
|upkeep
|turn|9
|
|switch|p1a: Ferrothorn|Ferrothorn, F|88/100
|move|p2a: Darmanitan|Flare Blitz|p1a: Ferrothorn
|-supereffective|p1a: Ferrothorn
|-damage|p1a: Ferrothorn|0 fnt
|-damage|p2a: Darmanitan|88/100|[from] ability: Iron Barbs|[of] p1a: Ferrothorn
|-damage|p2a: Darmanitan|72/100|[from] item: Rocky Helmet|[of] p1a: Ferrothorn
|-damage|p2a: Darmanitan|43/100|[from] Recoil
|faint|p1a: Ferrothorn
|
|upkeep
|
|switch|p1a: Marshadow|Marshadow|100/100
|turn|10
|
|switch|p2a: Corviknight|Corviknight, M, shiny|80/100
|move|p1a: Marshadow|Spectral Thief|p2a: Corviknight
|-damage|p2a: Corviknight|50/100
|
|-heal|p2a: Corviknight|57/100|[from] item: Leftovers
|upkeep
|turn|11
|
|switch|p1a: Dracovish|Dracovish|100/100
|move|p2a: Corviknight|Roost|p2a: Corviknight
|-heal|p2a: Corviknight|100/100
|-singleturn|p2a: Corviknight|move: Roost
|
|upkeep
|turn|12
|
|switch|p1a: Zacian|Zacian-Crowned|97/100
|-ability|p1a: Zacian|Intrepid Sword|boost
|-boost|p1a: Zacian|atk|1
|switch|p2a: Seismitoad|Seismitoad, M|100/100
|
|upkeep
|turn|13
|
|move|p1a: Zacian|Psychic Fangs|p2a: Seismitoad
|-damage|p2a: Seismitoad|45/100
|move|p2a: Seismitoad|Earthquake|p1a: Zacian
|-supereffective|p1a: Zacian
|-damage|p1a: Zacian|40/100
|
|-heal|p2a: Seismitoad|51/100|[from] item: Leftovers
|upkeep
|turn|14
|
|switch|p2a: Corviknight|Corviknight, M, shiny|100/100
|move|p1a: Zacian|Psychic Fangs|p2a: Corviknight
|-resisted|p2a: Corviknight
|-damage|p2a: Corviknight|84/100
|
|-heal|p2a: Corviknight|90/100|[from] item: Leftovers
|upkeep
|turn|15
|
|switch|p1a: Dracovish|Dracovish|100/100
|move|p2a: Corviknight|U-turn|p1a: Dracovish
|-damage|p1a: Dracovish|84/100
|
|switch|p2a: Seismitoad|Seismitoad, M|51/100|[from]move: U-turn
|
|-heal|p2a: Seismitoad|57/100|[from] item: Leftovers
|upkeep
|turn|16
|c|☆Magikarp4000|I los
|c|☆Magikarp4000|lost
|c|☆Magikarp4000|because of ur hax
|c|☆Magikarp4000|smh
|
|move|p1a: Dracovish|Psychic Fangs|p2a: Seismitoad
|-crit|p2a: Seismitoad
|-damage|p2a: Seismitoad|1/100
|move|p2a: Seismitoad|Stealth Rock|p1a: Dracovish
|-sidestart|p1: Magikarp4000|move: Stealth Rock
|
|-heal|p2a: Seismitoad|7/100|[from] item: Leftovers
|upkeep
|turn|17
|
|switch|p2a: Corviknight|Corviknight, M, shiny|90/100
|move|p1a: Dracovish|Psychic Fangs|p2a: Corviknight
|-resisted|p2a: Corviknight
|-damage|p2a: Corviknight|80/100
|
|-heal|p2a: Corviknight|86/100|[from] item: Leftovers
|upkeep
|turn|18
|
|switch|p1a: Zacian|Zacian-Crowned|40/100
|-damage|p1a: Zacian|34/100|[from] Stealth Rock
|-ability|p1a: Zacian|Intrepid Sword|boost
|-boost|p1a: Zacian|atk|1
|move|p2a: Corviknight|U-turn|p1a: Zacian
|-resisted|p1a: Zacian
|-damage|p1a: Zacian|31/100
|
|switch|p2a: Ditto|Ditto, shiny|100/100|[from]move: U-turn
|-transform|p2a: Ditto|p1a: Zacian|[from] ability: Imposter
|-ability|p2a: Ditto|Intrepid Sword|boost
|-boost|p2a: Ditto|atk|1
|
|upkeep
|turn|19
|
|switch|p1a: Toxapex|Toxapex, M|100/100
|-damage|p1a: Toxapex|88/100|[from] Stealth Rock
|move|p2a: Ditto|Behemoth Blade|p1a: Toxapex
|-resisted|p1a: Toxapex
|-damage|p1a: Toxapex|52/100
|
|-heal|p1a: Toxapex|59/100|[from] item: Black Sludge
|upkeep
|turn|20
|
|switch|p2a: Clefable|Clefable, M|100/100
|move|p1a: Toxapex|Recover|p1a: Toxapex
|-heal|p1a: Toxapex|100/100
|
|upkeep
|turn|21
|
|switch|p1a: Dracovish|Dracovish|84/100
|-damage|p1a: Dracovish|72/100|[from] Stealth Rock
|move|p2a: Clefable|Moonblast|p1a: Dracovish
|-supereffective|p1a: Dracovish
|-damage|p1a: Dracovish|0 fnt
|faint|p1a: Dracovish
|
|upkeep
|
|switch|p1a: Zacian|Zacian-Crowned|31/100
|-damage|p1a: Zacian|24/100|[from] Stealth Rock
|-ability|p1a: Zacian|Intrepid Sword|boost
|-boost|p1a: Zacian|atk|1
|turn|22
|
|switch|p2a: Corviknight|Corviknight, M, shiny|86/100
|move|p1a: Zacian|Swords Dance|p1a: Zacian
|-boost|p1a: Zacian|atk|2
|
|-heal|p2a: Corviknight|93/100|[from] item: Leftovers
|upkeep
|turn|23
|
|move|p1a: Zacian|Swords Dance|p1a: Zacian
|-boost|p1a: Zacian|atk|2
|move|p2a: Corviknight|U-turn|p1a: Zacian
|-resisted|p1a: Zacian
|-crit|p1a: Zacian
|-damage|p1a: Zacian|20/100
|
|switch|p2a: Darmanitan|Darmanitan-Galar, M|43/100|[from]move: U-turn
|
|upkeep
|turn|24
|
|move|p2a: Darmanitan|Flare Blitz|p1a: Zacian
|-supereffective|p1a: Zacian
|-damage|p1a: Zacian|0 fnt
|-damage|p2a: Darmanitan|37/100|[from] Recoil
|faint|p1a: Zacian
|
|upkeep
|
|switch|p1a: Marshadow|Marshadow|100/100
|-damage|p1a: Marshadow|94/100|[from] Stealth Rock
|turn|25
|
|switch|p2a: Corviknight|Corviknight, M, shiny|93/100
|move|p1a: Marshadow|Close Combat|p2a: Corviknight
|-damage|p2a: Corviknight|59/100
|-unboost|p1a: Marshadow|def|1
|-unboost|p1a: Marshadow|spd|1
|
|-heal|p2a: Corviknight|66/100|[from] item: Leftovers
|upkeep
|turn|26
|-message|Magikarp4000 forfeited.
|
|win|yhernandez
|l|☆Magikarp4000
|raw|Magikarp4000's rating: 1452 &rarr; <strong>1429</strong><br />(-23 for losing)
|raw|yhernandez's rating: 1390 &rarr; <strong>1413</strong><br />(+23 for winning)
|c|☆yhernandez|gg
