|j|☆kabilapoK ❄_❄
|j|☆Ryrissu
|t:|1659308954
|gametype|singles
|player|p1|kabilapoK ❄_❄|sina|1513
|player|p2|Ryrissu|hilbert|1406
|teamsize|p1|6
|teamsize|p2|6
|gen|8
|tier|[Gen 8] Ubers
|rated|
|rule|Sleep Clause Mod: Limit one foe put to sleep
|rule|Species Clause: Limit one of each Pokémon
|rule|OHKO Clause: OHKO moves are banned
|rule|Evasion Moves Clause: Evasion moves are banned
|rule|Endless Battle Clause: Forcing endless battles is banned
|rule|HP Percentage Mod: HP is shown in percentages
|rule|Dynamax Clause: You cannot dynamax
|clearpoke
|poke|p1|Rotom-Wash|
|poke|p1|Groudon|
|poke|p1|Xerneas-*|
|poke|p1|Yveltal|
|poke|p1|Necrozma-Dusk-Mane|
|poke|p1|Weavile, F|
|poke|p2|Giratina-Origin|
|poke|p2|Groudon|
|poke|p2|Genesect|
|poke|p2|Kyurem-Black|
|poke|p2|Lugia|
|poke|p2|Yveltal|
|teampreview
|
|t:|1659308972
|start
|switch|p1a: Groudon|Groudon|100/100
|switch|p2a: Lugia|Lugia|100/100
|-ability|p2a: Lugia|Pressure
|-weather|SunnyDay|[from] ability: Drought|[of] p1a: Groudon
|turn|1
|
|t:|1659308981
|switch|p1a: Necrozma|Necrozma-Dusk-Mane|100/100
|move|p2a: Lugia|Reflect|p2a: Lugia
|-sidestart|p2: Ryrissu|Reflect
|
|-weather|SunnyDay|[upkeep]
|upkeep
|turn|2
|
|t:|1659308987
|move|p2a: Lugia|Safeguard|p2a: Lugia
|-sidestart|p2: Ryrissu|Safeguard
|move|p1a: Necrozma|Knock Off|p2a: Lugia
|-supereffective|p2a: Lugia
|-damage|p2a: Lugia|78/100
|-enditem|p2a: Lugia|Light Clay|[from] move: Knock Off|[of] p1a: Necrozma
|
|-weather|SunnyDay|[upkeep]
|upkeep
|turn|3
|
|t:|1659308998
|switch|p2a: Giratina|Giratina-Origin|100/100
|switch|p1a: Yveltal|Yveltal|100/100
|-ability|p1a: Yveltal|Dark Aura
|
|-weather|SunnyDay|[upkeep]
|upkeep
|turn|4
|
|t:|1659309010
|switch|p1a: Xerneas|Xerneas|100/100
|-ability|p1a: Xerneas|Fairy Aura
|move|p2a: Giratina|Will-O-Wisp|p1a: Xerneas|[miss]
|-miss|p2a: Giratina|p1a: Xerneas
|
|-weather|SunnyDay|[upkeep]
|upkeep
|turn|5
|
|t:|1659309019
|switch|p2a: Lugia|Lugia|78/100
|-ability|p2a: Lugia|Pressure
|move|p1a: Xerneas|Moonblast|p2a: Lugia
|-damage|p2a: Lugia|48/100
|
|-weather|none
|upkeep
|turn|6
|
|t:|1659309028
|move|p2a: Lugia|Light Screen|p2a: Lugia
|-sidestart|p2: Ryrissu|move: Light Screen
|move|p1a: Xerneas|Moonblast|p2a: Lugia
|-damage|p2a: Lugia|32/100
|
|-sideend|p2: Ryrissu|Safeguard
|upkeep
|turn|7
|
|t:|1659309035
|switch|p1a: Yveltal|Yveltal|100/100
|-ability|p1a: Yveltal|Dark Aura
|move|p2a: Lugia|Thunder Wave|p1a: Yveltal
|-status|p1a: Yveltal|par
|
|upkeep
|turn|8
|
|t:|1659309044
|move|p2a: Lugia|Safeguard|p2a: Lugia
|-sidestart|p2: Ryrissu|Safeguard
|move|p1a: Yveltal|Defog|p2a: Lugia
|-unboost|p2a: Lugia|evasion|1
|-sideend|p2: Ryrissu|Reflect
|-sideend|p2: Ryrissu|move: Light Screen
|-sideend|p2: Ryrissu|Safeguard
|
|upkeep
|turn|9
|
|t:|1659309053
|move|p2a: Lugia|Reflect|p2a: Lugia
|-sidestart|p2: Ryrissu|Reflect
|cant|p1a: Yveltal|par
|
|upkeep
|turn|10
|inactive|Battle timer is ON: inactive players will automatically lose when time's up. (requested by Ryrissu)
|
|t:|1659309058
|move|p2a: Lugia|Light Screen|p2a: Lugia
|-sidestart|p2: Ryrissu|move: Light Screen
|move|p1a: Yveltal|Defog|p2a: Lugia
|-unboost|p2a: Lugia|evasion|1
|-sideend|p2: Ryrissu|Reflect
|-sideend|p2: Ryrissu|move: Light Screen
|
|upkeep
|turn|11
|
|t:|1659309064
|move|p2a: Lugia|Reflect|p2a: Lugia
|-sidestart|p2: Ryrissu|Reflect
|move|p1a: Yveltal|U-turn|p2a: Lugia
|-damage|p2a: Lugia|26/100
|
|t:|1659309070
|switch|p1a: Xerneas|Xerneas|100/100|[from]move: U-turn
|-ability|p1a: Xerneas|Fairy Aura
|
|upkeep
|turn|12
|
|t:|1659309078
|move|p2a: Lugia|Light Screen|p2a: Lugia
|-sidestart|p2: Ryrissu|move: Light Screen
|move|p1a: Xerneas|Moonblast|p2a: Lugia
|-damage|p2a: Lugia|11/100
|-unboost|p2a: Lugia|spa|1
|
|upkeep
|turn|13
|
|t:|1659309090
|switch|p2a: Genesect|Genesect, shiny|100/100
|-ability|p2a: Genesect|Download|boost
|-boost|p2a: Genesect|spa|1
|move|p1a: Xerneas|Aromatherapy|p1a: Xerneas
|-activate|p1a: Xerneas|move: Aromatherapy
|-curestatus|p1: Yveltal|par|[msg]
|
|upkeep
|turn|14
|
|t:|1659309104
|switch|p1a: Necrozma|Necrozma-Dusk-Mane|100/100
|move|p2a: Genesect|Shift Gear|p2a: Genesect
|-boost|p2a: Genesect|spe|2
|-boost|p2a: Genesect|atk|1
|
|upkeep
|turn|15
|
|t:|1659309114
|switch|p2a: Groudon|Groudon|100/100
|-weather|SunnyDay|[from] ability: Drought|[of] p2a: Groudon
|move|p1a: Necrozma|Knock Off|p2a: Groudon
|-damage|p2a: Groudon|90/100
|-enditem|p2a: Groudon|Heavy-Duty Boots|[from] move: Knock Off|[of] p1a: Necrozma
|
|-weather|SunnyDay|[upkeep]
|-sideend|p2: Ryrissu|Reflect
|upkeep
|turn|16
|
|t:|1659309123
|switch|p1a: Rotom|Rotom-Wash|100/100
|move|p2a: Groudon|Rock Polish|p2a: Groudon
|-boost|p2a: Groudon|spe|2
|
|-weather|SunnyDay|[upkeep]
|-sideend|p2: Ryrissu|move: Light Screen
|upkeep
|turn|17
|
|t:|1659309131
|switch|p2a: Lugia|Lugia|11/100
|-ability|p2a: Lugia|Pressure
|move|p1a: Rotom|Will-O-Wisp|p2a: Lugia
|-status|p2a: Lugia|brn
|
|-weather|SunnyDay|[upkeep]
|-damage|p2a: Lugia|4/100 brn|[from] brn
|upkeep
|turn|18
|
|t:|1659309141
|move|p2a: Lugia|Safeguard|p2a: Lugia
|-sidestart|p2: Ryrissu|Safeguard
|move|p1a: Rotom|Volt Switch|p2a: Lugia
|-supereffective|p2a: Lugia
|-damage|p2a: Lugia|0 fnt
|faint|p2a: Lugia
|
|t:|1659309156
|switch|p1a: Yveltal|Yveltal|100/100|[from]move: Volt Switch
|-ability|p1a: Yveltal|Dark Aura
|
|-weather|SunnyDay|[upkeep]
|upkeep
|
|t:|1659309166
|switch|p2a: Groudon|Groudon|90/100
|turn|19
|
|t:|1659309171
|move|p1a: Yveltal|Defog|p2a: Groudon
|-unboost|p2a: Groudon|evasion|1
|-sideend|p2: Ryrissu|Safeguard
|move|p2a: Groudon|Rock Polish|p2a: Groudon
|-boost|p2a: Groudon|spe|2
|
|-weather|none
|upkeep
|turn|20
|
|t:|1659309180
|move|p2a: Groudon|Stone Edge|p1a: Yveltal
|-supereffective|p1a: Yveltal
|-crit|p1a: Yveltal
|-damage|p1a: Yveltal|0 fnt
|faint|p1a: Yveltal
|
|upkeep
|
|t:|1659309184
|switch|p1a: Rotom|Rotom-Wash|100/100
|turn|21
|
|t:|1659309189
|switch|p2a: Yveltal|Yveltal|100/100
|-ability|p2a: Yveltal|Dark Aura
|move|p1a: Rotom|Will-O-Wisp|p2a: Yveltal
|-status|p2a: Yveltal|brn
|
|-damage|p2a: Yveltal|94/100 brn|[from] brn
|upkeep
|turn|22
|
|t:|1659309200
|switch|p1a: Xerneas|Xerneas|100/100
|-ability|p1a: Xerneas|Fairy Aura
|move|p2a: Yveltal|Oblivion Wing|p1a: Xerneas
|-damage|p1a: Xerneas|68/100
|-heal|p2a: Yveltal|100/100 brn|[from] drain|[of] p1a: Xerneas
|
|-damage|p2a: Yveltal|94/100 brn|[from] brn
|upkeep
|turn|23
|
|t:|1659309215
|switch|p2a: Genesect|Genesect, shiny|100/100
|-ability|p2a: Genesect|Download|boost
|-boost|p2a: Genesect|spa|1
|move|p1a: Xerneas|Moonblast|p2a: Genesect
|-resisted|p2a: Genesect
|-damage|p2a: Genesect|71/100
|
|upkeep
|turn|24
|
|t:|1659309224
|move|p2a: Genesect|Iron Head|p1a: Xerneas
|-supereffective|p1a: Xerneas
|-damage|p1a: Xerneas|32/100
|-enditem|p1a: Xerneas|Sitrus Berry|[eat]
|-heal|p1a: Xerneas|57/100|[from] item: Sitrus Berry
|move|p1a: Xerneas|Moonblast|p2a: Genesect
|-resisted|p2a: Genesect
|-damage|p2a: Genesect|43/100
|
|upkeep
|turn|25
|
|t:|1659309232
|switch|p1a: Necrozma|Necrozma-Dusk-Mane|100/100
|move|p2a: Genesect|Iron Head|p1a: Necrozma
|-resisted|p1a: Necrozma
|-damage|p1a: Necrozma|90/100
|
|-heal|p1a: Necrozma|96/100|[from] item: Leftovers
|upkeep
|turn|26
|
|t:|1659309245
|switch|p2a: Giratina|Giratina-Origin|100/100
|move|p1a: Necrozma|Stealth Rock|p2a: Giratina
|-sidestart|p2: Ryrissu|move: Stealth Rock
|
|-heal|p1a: Necrozma|100/100|[from] item: Leftovers
|upkeep
|turn|27
|
|t:|1659309255
|switch|p1a: Xerneas|Xerneas|57/100
|-ability|p1a: Xerneas|Fairy Aura
|move|p2a: Giratina|Will-O-Wisp|p1a: Xerneas
|-status|p1a: Xerneas|brn
|
|-damage|p1a: Xerneas|51/100 brn|[from] brn
|upkeep
|turn|28
|
|t:|1659309265
|switch|p2a: Genesect|Genesect, shiny|43/100
|-ability|p2a: Genesect|Download|boost
|-boost|p2a: Genesect|spa|1
|move|p1a: Xerneas|Rest|p1a: Xerneas
|-status|p1a: Xerneas|slp|[from] move: Rest
|-heal|p1a: Xerneas|100/100 slp|[silent]
|
|upkeep
|turn|29
|
|t:|1659309278
|switch|p1a: Groudon|Groudon|100/100
|-weather|SunnyDay|[from] ability: Drought|[of] p1a: Groudon
|move|p2a: Genesect|Iron Head|p1a: Groudon
|-damage|p1a: Groudon|76/100
|
|-weather|SunnyDay|[upkeep]
|-heal|p1a: Groudon|82/100|[from] item: Leftovers
|upkeep
|turn|30
|
|t:|1659309287
|switch|p2a: Giratina|Giratina-Origin|100/100
|-damage|p2a: Giratina|88/100|[from] Stealth Rock
|move|p1a: Groudon|Substitute|p1a: Groudon
|-start|p1a: Groudon|Substitute
|-damage|p1a: Groudon|57/100
|
|-weather|SunnyDay|[upkeep]
|-heal|p1a: Groudon|63/100|[from] item: Leftovers
|upkeep
|turn|31
|
|t:|1659309297
|move|p1a: Groudon|Rock Tomb|p2a: Giratina
|-damage|p2a: Giratina|70/100
|-unboost|p2a: Giratina|spe|1
|move|p2a: Giratina|Poltergeist|p1a: Groudon
|-activate|p1a: Groudon|move: Poltergeist|Leftovers
|-end|p1a: Groudon|Substitute
|
|-weather|SunnyDay|[upkeep]
|-heal|p1a: Groudon|69/100|[from] item: Leftovers
|upkeep
|turn|32
|
|t:|1659309309
|move|p1a: Groudon|Substitute|p1a: Groudon
|-start|p1a: Groudon|Substitute
|-damage|p1a: Groudon|44/100
|move|p2a: Giratina|Poltergeist|p1a: Groudon
|-activate|p1a: Groudon|move: Poltergeist|Leftovers
|-end|p1a: Groudon|Substitute
|
|-weather|SunnyDay|[upkeep]
|-heal|p1a: Groudon|50/100|[from] item: Leftovers
|upkeep
|turn|33
|
|t:|1659309319
|switch|p1a: Xerneas|Xerneas|100/100 slp
|-ability|p1a: Xerneas|Fairy Aura
|move|p2a: Giratina|Poltergeist||[still]
|-fail|p2a: Giratina
|
|-weather|none
|upkeep
|turn|34
|
|t:|1659309327
|switch|p2a: Genesect|Genesect, shiny|43/100
|-ability|p2a: Genesect|Download|boost
|-boost|p2a: Genesect|spa|1
|cant|p1a: Xerneas|slp
|move|p1a: Xerneas|Sleep Talk|p1a: Xerneas
|move|p1a: Xerneas|Moonblast|p2a: Genesect|[from]move: Sleep Talk
|-resisted|p2a: Genesect
|-damage|p2a: Genesect|15/100
|
|upkeep
|turn|35
|
|t:|1659309342
|switch|p1a: Necrozma|Necrozma-Dusk-Mane|100/100
|move|p2a: Genesect|Iron Head|p1a: Necrozma
|-resisted|p1a: Necrozma
|-damage|p1a: Necrozma|89/100
|
|-heal|p1a: Necrozma|95/100|[from] item: Leftovers
|upkeep
|turn|36
|
|t:|1659309351
|move|p2a: Genesect|Blaze Kick|p1a: Necrozma
|-supereffective|p1a: Necrozma
|-damage|p1a: Necrozma|69/100
|move|p1a: Necrozma|Knock Off|p2a: Genesect
|-damage|p2a: Genesect|0 fnt
|-enditem|p2a: Genesect|Heavy-Duty Boots|[from] move: Knock Off|[of] p1a: Necrozma
|faint|p2a: Genesect
|
|-heal|p1a: Necrozma|75/100|[from] item: Leftovers
|upkeep
|
|t:|1659309362
|switch|p2a: Yveltal|Yveltal|94/100 brn
|-damage|p2a: Yveltal|70/100 brn|[from] Stealth Rock
|-ability|p2a: Yveltal|Dark Aura
|turn|37
|
|t:|1659309371
|switch|p1a: Groudon|Groudon|50/100
|-weather|SunnyDay|[from] ability: Drought|[of] p1a: Groudon
|move|p2a: Yveltal|Dark Pulse|p1a: Groudon
|-damage|p1a: Groudon|0 fnt
|faint|p1a: Groudon
|
|-weather|SunnyDay|[upkeep]
|-damage|p2a: Yveltal|64/100 brn|[from] brn
|upkeep
|
|t:|1659309374
|switch|p1a: Weavile|Weavile, F|100/100
|-ability|p1a: Weavile|Pressure
|turn|38
|
|t:|1659309387
|move|p1a: Weavile|Triple Axel|p2a: Yveltal
|-supereffective|p2a: Yveltal
|-damage|p2a: Yveltal|45/100 brn
|-supereffective|p2a: Yveltal
|-damage|p2a: Yveltal|12/100 brn
|-hitcount|p2a: Yveltal|2
|move|p2a: Yveltal|Oblivion Wing|p1a: Weavile
|-damage|p1a: Weavile|46/100
|-heal|p2a: Yveltal|41/100 brn|[from] drain|[of] p1a: Weavile
|
|-weather|SunnyDay|[upkeep]
|-damage|p2a: Yveltal|35/100 brn|[from] brn
|upkeep
|turn|39
|
|t:|1659309401
|move|p1a: Weavile|Triple Axel|p2a: Yveltal
|-supereffective|p2a: Yveltal
|-damage|p2a: Yveltal|18/100 brn
|-supereffective|p2a: Yveltal
|-damage|p2a: Yveltal|0 fnt
|faint|p2a: Yveltal
|-hitcount|p2: Yveltal|2
|
|-weather|SunnyDay|[upkeep]
|upkeep
|
|t:|1659309410
|switch|p2a: Kyurem|Kyurem-Black|100/100
|-ability|p2a: Kyurem|Teravolt
|turn|40
|
|t:|1659309419
|move|p1a: Weavile|Triple Axel|p2a: Kyurem
|-damage|p2a: Kyurem|92/100
|-damage|p2a: Kyurem|73/100
|-damage|p2a: Kyurem|45/100
|-hitcount|p2a: Kyurem|3
|move|p2a: Kyurem|Fusion Bolt|p1a: Weavile
|-damage|p1a: Weavile|0 fnt
|faint|p1a: Weavile
|
|-weather|SunnyDay|[upkeep]
|upkeep
|
|t:|1659309427
|switch|p1a: Xerneas|Xerneas|100/100 slp
|-ability|p1a: Xerneas|Fairy Aura
|turn|41
|
|t:|1659309437
|move|p2a: Kyurem|Icicle Spear|p1a: Xerneas
|-damage|p1a: Xerneas|91/100 slp
|-damage|p1a: Xerneas|82/100 slp
|-damage|p1a: Xerneas|73/100 slp
|-hitcount|p1a: Xerneas|3
|cant|p1a: Xerneas|slp
|move|p1a: Xerneas|Sleep Talk|p1a: Xerneas
|move|p1a: Xerneas|Rest||[from]move: Sleep Talk|[still]
|-fail|p1a: Xerneas
|
|-weather|none
|upkeep
|turn|42
|
|t:|1659309450
|move|p2a: Kyurem|Icicle Spear|p1a: Xerneas
|-damage|p1a: Xerneas|64/100 slp
|-damage|p1a: Xerneas|55/100 slp
|-damage|p1a: Xerneas|46/100 slp
|-hitcount|p1a: Xerneas|3
|-curestatus|p1a: Xerneas|slp|[msg]
|move|p1a: Xerneas|Moonblast|p2a: Kyurem
|-supereffective|p2a: Kyurem
|-damage|p2a: Kyurem|0 fnt
|faint|p2a: Kyurem
|
|upkeep
|
|t:|1659309461
|switch|p2a: Groudon|Groudon|90/100
|-damage|p2a: Groudon|84/100|[from] Stealth Rock
|-weather|SunnyDay|[from] ability: Drought|[of] p2a: Groudon
|turn|43
|
|t:|1659309467
|switch|p1a: Rotom|Rotom-Wash|100/100
|move|p2a: Groudon|Stone Edge|p1a: Rotom
|-damage|p1a: Rotom|59/100
|
|-weather|SunnyDay|[upkeep]
|upkeep
|turn|44
|
|t:|1659309475
|switch|p2a: Giratina|Giratina-Origin|70/100
|-damage|p2a: Giratina|57/100|[from] Stealth Rock
|move|p1a: Rotom|Will-O-Wisp|p2a: Giratina
|-status|p2a: Giratina|brn
|
|-weather|SunnyDay|[upkeep]
|-damage|p2a: Giratina|51/100 brn|[from] brn
|upkeep
|turn|45
|
|t:|1659309488
|switch|p1a: Xerneas|Xerneas|46/100
|-ability|p1a: Xerneas|Fairy Aura
|switch|p2a: Groudon|Groudon|84/100
|-damage|p2a: Groudon|78/100|[from] Stealth Rock
|
|-weather|SunnyDay|[upkeep]
|upkeep
|turn|46
|
|t:|1659309498
|move|p1a: Xerneas|Moonblast|p2a: Groudon
|-damage|p2a: Groudon|22/100
|move|p2a: Groudon|Precipice Blades|p1a: Xerneas
|-damage|p1a: Xerneas|0 fnt
|faint|p1a: Xerneas
|
|-weather|SunnyDay|[upkeep]
|upkeep
|
|t:|1659309510
|switch|p1a: Rotom|Rotom-Wash|59/100
|turn|47
|
|t:|1659309514
|switch|p2a: Giratina|Giratina-Origin|51/100 brn
|-damage|p2a: Giratina|39/100 brn|[from] Stealth Rock
|move|p1a: Rotom|Will-O-Wisp|p2a: Giratina
|-fail|p2a: Giratina|brn
|
|-weather|none
|-damage|p2a: Giratina|32/100 brn|[from] brn
|upkeep
|turn|48
|
|t:|1659309526
|move|p1a: Rotom|Volt Switch|p2a: Giratina
|-resisted|p2a: Giratina
|-damage|p2a: Giratina|25/100 brn
|
|t:|1659309528
|switch|p1a: Necrozma|Necrozma-Dusk-Mane|75/100|[from]move: Volt Switch
|move|p2a: Giratina|Draco Meteor|p1a: Necrozma
|-resisted|p1a: Necrozma
|-crit|p1a: Necrozma
|-damage|p1a: Necrozma|46/100
|-unboost|p2a: Giratina|spa|2
|
|-heal|p1a: Necrozma|52/100|[from] item: Leftovers
|-damage|p2a: Giratina|19/100 brn|[from] brn
|upkeep
|turn|49
|
|t:|1659309540
|move|p1a: Necrozma|Moonlight|p1a: Necrozma
|-heal|p1a: Necrozma|100/100
|move|p2a: Giratina|Poltergeist|p1a: Necrozma
|-activate|p1a: Necrozma|move: Poltergeist|Leftovers
|-supereffective|p1a: Necrozma
|-damage|p1a: Necrozma|65/100
|
|-heal|p1a: Necrozma|71/100|[from] item: Leftovers
|-damage|p2a: Giratina|13/100 brn|[from] brn
|upkeep
|turn|50
|
|t:|1659309555
|move|p1a: Necrozma|Knock Off|p2a: Giratina
|-supereffective|p2a: Giratina
|-damage|p2a: Giratina|0 fnt
|faint|p2a: Giratina
|
|-heal|p1a: Necrozma|78/100|[from] item: Leftovers
|upkeep
|
|t:|1659309561
|switch|p2a: Groudon|Groudon|22/100
|-damage|p2a: Groudon|16/100|[from] Stealth Rock
|-weather|SunnyDay|[from] ability: Drought|[of] p2a: Groudon
|turn|51
|
|t:|1659309568
|switch|p1a: Rotom|Rotom-Wash|59/100
|move|p2a: Groudon|Precipice Blades|p1a: Rotom
|-immune|p1a: Rotom|[from] ability: Levitate
|
|-weather|SunnyDay|[upkeep]
|upkeep
|turn|52
|-message|Ryrissu forfeited.
|
|win|kabilapoK ❄_❄
|raw|kabilapoK ❄_❄'s rating: 1513 &rarr; <strong>1527</strong><br />(+14 for winning)
|raw|Ryrissu's rating: 1406 &rarr; <strong>1392</strong><br />(-14 for losing)
|l|☆Ryrissu
