|j|☆TheNorthernBlade1
|j|☆Jackviven
|t:|1624049028
|gametype|singles
|player|p1|TheNorthernBlade1|picnicker|1362
|player|p2|Jackviven|266|1351
|teamsize|p1|6
|teamsize|p2|6
|gen|8
|tier|[Gen 8] Ubers
|rated|
|rule|Sleep Clause Mod: Limit one foe put to sleep
|rule|Species Clause: Limit one of each Pokémon
|rule|OHKO Clause: OHKO moves are banned
|rule|Evasion Moves Clause: Evasion moves are banned
|rule|Endless Battle Clause: Forcing endless battles is banned
|rule|HP Percentage Mod: HP is shown in percentages
|rule|Dynamax Clause: You cannot dynamax
|clearpoke
|poke|p1|Aerodactyl, M|
|poke|p1|Grimmsnarl, M|
|poke|p1|Groudon|
|poke|p1|Calyrex-Ice|
|poke|p1|Xerneas-*|
|poke|p1|Necrozma-Dusk-Mane|
|poke|p2|Calyrex-Shadow|
|poke|p2|Tyranitar, M|
|poke|p2|Ho-Oh|
|poke|p2|Palkia|
|poke|p2|Mewtwo|
|poke|p2|Urshifu-*, M|
|teampreview
|inactive|Battle timer is ON: inactive players will automatically lose when time's up. (requested by Jackviven)
|inactive|Jackviven has 120 seconds left.
|
|t:|1624049067
|start
|switch|p1a: Aerodactyl|Aerodactyl, M|100/100
|switch|p2a: Palkia|Palkia|100/100
|-ability|p1a: Aerodactyl|Pressure
|-ability|p2a: Palkia|Pressure
|turn|1
|
|t:|1624049077
|move|p1a: Aerodactyl|Stealth Rock|p2a: Palkia
|-sidestart|p2: Jackviven|move: Stealth Rock
|move|p2a: Palkia|Spacial Rend|p1a: Aerodactyl
|-damage|p1a: Aerodactyl|8/100
|
|upkeep
|turn|2
|
|t:|1624049092
|move|p1a: Aerodactyl|Tailwind|p1a: Aerodactyl
|-sidestart|p1: TheNorthernBlade1|move: Tailwind
|move|p2a: Palkia|Fire Blast|p1a: Aerodactyl
|-resisted|p1a: Aerodactyl
|-damage|p1a: Aerodactyl|0 fnt
|faint|p1a: Aerodactyl
|
|upkeep
|
|t:|1624049098
|switch|p1a: Grimmsnarl|Grimmsnarl, M|100/100
|turn|3
|
|t:|1624049106
|switch|p2a: Ho-Oh|Ho-Oh|100/100
|move|p1a: Grimmsnarl|Light Screen|p1a: Grimmsnarl
|-sidestart|p1: TheNorthernBlade1|move: Light Screen
|
|upkeep
|turn|4
|
|t:|1624049117
|move|p1a: Grimmsnarl|Taunt|p2a: Ho-Oh
|-start|p2a: Ho-Oh|move: Taunt
|move|p2a: Ho-Oh|Sacred Fire|p1a: Grimmsnarl
|-damage|p1a: Grimmsnarl|53/100
|
|upkeep
|turn|5
|
|t:|1624049125
|move|p1a: Grimmsnarl|Reflect|p1a: Grimmsnarl
|-sidestart|p1: TheNorthernBlade1|Reflect
|move|p2a: Ho-Oh|Sacred Fire|p1a: Grimmsnarl
|-damage|p1a: Grimmsnarl|31/100
|-status|p1a: Grimmsnarl|brn
|
|-damage|p1a: Grimmsnarl|25/100 brn|[from] brn
|-sideend|p1: TheNorthernBlade1|move: Tailwind
|upkeep
|turn|6
|
|t:|1624049135
|switch|p2a: Calyrex|Calyrex-Shadow|100/100
|-ability|p2a: Calyrex|As One
|-ability|p2a: Calyrex|Unnerve
|-damage|p2a: Calyrex|88/100|[from] Stealth Rock
|move|p1a: Grimmsnarl|Play Rough|p2a: Calyrex
|-damage|p2a: Calyrex|67/100
|
|-damage|p1a: Grimmsnarl|19/100 brn|[from] brn
|upkeep
|turn|7
|
|t:|1624049147
|move|p1a: Grimmsnarl|Taunt|p2a: Calyrex
|-start|p2a: Calyrex|move: Taunt
|cant|p2a: Calyrex|move: Taunt|Nasty Plot
|
|-damage|p1a: Grimmsnarl|13/100 brn|[from] brn
|upkeep
|turn|8
|
|t:|1624049157
|move|p2a: Calyrex|Draining Kiss|p1a: Grimmsnarl
|-supereffective|p1a: Grimmsnarl
|-damage|p1a: Grimmsnarl|0 fnt
|-heal|p2a: Calyrex|78/100|[from] drain|[of] p1a: Grimmsnarl
|faint|p1a: Grimmsnarl
|-ability|p2a: Calyrex|Grim Neigh|boost
|-boost|p2a: Calyrex|spa|1
|-damage|p2a: Calyrex|68/100|[from] item: Life Orb
|
|upkeep
|
|t:|1624049160
|switch|p1a: Xerneas|Xerneas|100/100
|-ability|p1a: Xerneas|Fairy Aura
|turn|9
|
|t:|1624049173
|move|p2a: Calyrex|Astral Barrage|p1a: Xerneas
|-damage|p1a: Xerneas|38/100
|-damage|p2a: Calyrex|58/100|[from] item: Life Orb
|move|p1a: Xerneas|Geomancy||[still]
|-prepare|p1a: Xerneas|Geomancy
|-enditem|p1a: Xerneas|Power Herb
|-anim|p1a: Xerneas|Geomancy|p1a: Xerneas
|-boost|p1a: Xerneas|spa|2
|-boost|p1a: Xerneas|spd|2
|-boost|p1a: Xerneas|spe|2
|
|-end|p2a: Calyrex|move: Taunt
|upkeep
|turn|10
|
|t:|1624049197
|switch|p2a: Tyranitar|Tyranitar, M|100/100
|-weather|Sandstorm|[from] ability: Sand Stream|[of] p2a: Tyranitar
|move|p1a: Xerneas|Moonblast|p2a: Tyranitar
|-supereffective|p2a: Tyranitar
|-damage|p2a: Tyranitar|0 fnt
|faint|p2a: Tyranitar
|
|-weather|Sandstorm|[upkeep]
|-damage|p1a: Xerneas|32/100|[from] Sandstorm
|-sideend|p1: TheNorthernBlade1|move: Light Screen
|upkeep
|j| Kdog6847
|
|t:|1624049209
|switch|p2a: Ho-Oh|Ho-Oh|100/100
|turn|11
|
|t:|1624049220
|move|p1a: Xerneas|Moonblast|p2a: Ho-Oh
|-resisted|p2a: Ho-Oh
|-damage|p2a: Ho-Oh|62/100
|move|p2a: Ho-Oh|Whirlwind|p1a: Xerneas
|drag|p1a: Calyrex|Calyrex-Ice|100/100
|-ability|p1a: Calyrex|As One
|-ability|p1a: Calyrex|Unnerve
|
|-weather|Sandstorm|[upkeep]
|-damage|p1a: Calyrex|94/100|[from] Sandstorm
|-damage|p2a: Ho-Oh|56/100|[from] Sandstorm
|upkeep
|turn|12
|inactive|Jackviven has 120 seconds left.
|
|t:|1624049237
|move|p1a: Calyrex|Swords Dance|p1a: Calyrex
|-boost|p1a: Calyrex|atk|2
|move|p2a: Ho-Oh|Sacred Fire|p1a: Calyrex
|-supereffective|p1a: Calyrex
|-damage|p1a: Calyrex|64/100
|-enditem|p1a: Calyrex|Weakness Policy
|-boost|p1a: Calyrex|atk|2|[from] item: Weakness Policy
|-boost|p1a: Calyrex|spa|2|[from] item: Weakness Policy
|
|-weather|Sandstorm|[upkeep]
|-damage|p1a: Calyrex|58/100|[from] Sandstorm
|-damage|p2a: Ho-Oh|49/100|[from] Sandstorm
|-sideend|p1: TheNorthernBlade1|Reflect
|upkeep
|turn|13
|inactive|Jackviven has 120 seconds left.
|
|t:|1624049267
|switch|p2a: Mewtwo|Mewtwo|100/100
|-damage|p2a: Mewtwo|88/100|[from] Stealth Rock
|-ability|p2a: Mewtwo|Pressure
|move|p1a: Calyrex|Glacial Lance|p2a: Mewtwo
|-damage|p2a: Mewtwo|0 fnt
|faint|p2a: Mewtwo
|-ability|p1a: Calyrex|Chilling Neigh|boost
|-boost|p1a: Calyrex|atk|1
|
|-weather|Sandstorm|[upkeep]
|-damage|p1a: Calyrex|52/100|[from] Sandstorm
|upkeep
|
|t:|1624049284
|switch|p2a: Urshifu|Urshifu, M|100/100
|-damage|p2a: Urshifu|94/100|[from] Stealth Rock
|turn|14
|
|t:|1624049297
|move|p2a: Urshifu|Wicked Blow|p1a: Calyrex
|-supereffective|p1a: Calyrex
|-crit|p1a: Calyrex
|-damage|p1a: Calyrex|0 fnt
|faint|p1a: Calyrex
|
|-weather|none
|upkeep
|
|t:|1624049302
|switch|p1a: Xerneas|Xerneas|32/100
|-ability|p1a: Xerneas|Fairy Aura
|turn|15
|
|t:|1624049307
|move|p2a: Urshifu|Wicked Blow|p1a: Xerneas
|-resisted|p1a: Xerneas
|-crit|p1a: Xerneas
|-damage|p1a: Xerneas|0 fnt
|faint|p1a: Xerneas
|
|upkeep
|
|t:|1624049316
|switch|p1a: Groudon|Groudon|100/100
|-weather|SunnyDay|[from] ability: Drought|[of] p1a: Groudon
|turn|16
|
|t:|1624049320
|move|p2a: Urshifu|Wicked Blow|p1a: Groudon
|-crit|p1a: Groudon
|-damage|p1a: Groudon|32/100
|move|p1a: Groudon|Rock Polish|p1a: Groudon
|-boost|p1a: Groudon|spe|2
|
|-weather|SunnyDay|[upkeep]
|upkeep
|turn|17
|
|t:|1624049329
|move|p1a: Groudon|Precipice Blades|p2a: Urshifu
|-damage|p2a: Urshifu|13/100
|move|p2a: Urshifu|Wicked Blow|p1a: Groudon
|-crit|p1a: Groudon
|-damage|p1a: Groudon|0 fnt
|faint|p1a: Groudon
|
|-weather|SunnyDay|[upkeep]
|upkeep
|
|t:|1624049334
|switch|p1a: Necrozma|Necrozma-Dusk-Mane|100/100
|turn|18
|
|t:|1624049340
|move|p2a: Urshifu|Wicked Blow|p1a: Necrozma
|-supereffective|p1a: Necrozma
|-crit|p1a: Necrozma
|-damage|p1a: Necrozma|0 fnt
|faint|p1a: Necrozma
|
|win|Jackviven
|raw|TheNorthernBlade1's rating: 1362 &rarr; <strong>1341</strong><br />(-21 for losing)
|raw|Jackviven's rating: 1351 &rarr; <strong>1372</strong><br />(+21 for winning)
