|j|☆LordChakal
|j|☆Ryriss
|t:|1665310084
|gametype|singles
|player|p1|LordChakal|veteran-gen4|1398
|player|p2|Ryriss|hilbert-wonderlauncher|1516
|teamsize|p1|6
|teamsize|p2|6
|gen|8
|tier|[Gen 8] Ubers
|rated|
|rule|Sleep Clause Mod: Limit one foe put to sleep
|rule|Species Clause: Limit one of each Pokémon
|rule|OHKO Clause: OHKO moves are banned
|rule|Evasion Items Clause: Evasion items are banned
|rule|Evasion Moves Clause: Evasion moves are banned
|rule|Endless Battle Clause: Forcing endless battles is banned
|rule|HP Percentage Mod: HP is shown in percentages
|rule|Dynamax Clause: You cannot dynamax
|clearpoke
|poke|p1|Aerodactyl, M|
|poke|p1|Marshadow|
|poke|p1|Calyrex-Shadow|
|poke|p1|Necrozma-Dusk-Mane|
|poke|p1|Xerneas-*|
|poke|p1|Magnezone|
|poke|p2|Genesect|
|poke|p2|Groudon|
|poke|p2|Lugia|
|poke|p2|Yveltal|
|poke|p2|Giratina-Origin|
|poke|p2|Kyurem-Black|
|teampreview
|inactive|Battle timer is ON: inactive players will automatically lose when time's up. (requested by LordChakal)
|
|t:|1665310104
|start
|switch|p1a: Aerodactyl|Aerodactyl, M|100/100
|switch|p2a: Giratina|Giratina-Origin|100/100
|-ability|p1a: Aerodactyl|Pressure
|turn|1
|
|t:|1665310113
|move|p1a: Aerodactyl|Stealth Rock|p2a: Giratina
|-sidestart|p2: Ryriss|move: Stealth Rock
|move|p2a: Giratina|Poltergeist|p1a: Aerodactyl
|-activate|p1a: Aerodactyl|move: Poltergeist|Focus Sash
|-enditem|p1a: Aerodactyl|Focus Sash
|-damage|p1a: Aerodactyl|1/100
|
|upkeep
|turn|2
|
|t:|1665310124
|move|p2a: Giratina|Shadow Sneak|p1a: Aerodactyl
|-damage|p1a: Aerodactyl|0 fnt
|faint|p1a: Aerodactyl
|
|upkeep
|inactive|LordChakal has 120 seconds left.
|
|t:|1665310155
|switch|p1a: Xerneas|Xerneas|100/100
|-ability|p1a: Xerneas|Fairy Aura
|turn|3
|inactive|Ryriss has 120 seconds left.
|
|t:|1665310190
|switch|p2a: Lugia|Lugia|100/100
|-damage|p2a: Lugia|75/100|[from] Stealth Rock
|-ability|p2a: Lugia|Pressure
|move|p1a: Xerneas|Moonblast|p2a: Lugia
|-damage|p2a: Lugia|37/100
|
|upkeep
|turn|4
|
|t:|1665310203
|move|p2a: Lugia|Light Screen|p2a: Lugia
|-sidestart|p2: Ryriss|move: Light Screen
|move|p1a: Xerneas|Moonblast|p2a: Lugia
|-damage|p2a: Lugia|17/100
|
|upkeep
|turn|5
|
|t:|1665310213
|move|p2a: Lugia|Reflect|p2a: Lugia
|-sidestart|p2: Ryriss|Reflect
|move|p1a: Xerneas|Moonblast|p2a: Lugia
|-crit|p2a: Lugia
|-damage|p2a: Lugia|0 fnt
|faint|p2a: Lugia
|
|upkeep
|
|t:|1665310221
|switch|p2a: Yveltal|Yveltal|100/100
|-damage|p2a: Yveltal|76/100|[from] Stealth Rock
|-ability|p2a: Yveltal|Dark Aura
|turn|6
|
|t:|1665310229
|move|p1a: Xerneas|Geomancy||[still]
|-prepare|p1a: Xerneas|Geomancy
|-enditem|p1a: Xerneas|Power Herb
|-anim|p1a: Xerneas|Geomancy|p1a: Xerneas
|-boost|p1a: Xerneas|spa|2
|-boost|p1a: Xerneas|spd|2
|-boost|p1a: Xerneas|spe|2
|move|p2a: Yveltal|Oblivion Wing|p1a: Xerneas
|-damage|p1a: Xerneas|82/100
|-heal|p2a: Yveltal|89/100|[from] drain|[of] p1a: Xerneas
|
|upkeep
|turn|7
|
|t:|1665310240
|switch|p2a: Genesect|Genesect, shiny|100/100
|-ability|p2a: Genesect|Download|boost
|-boost|p2a: Genesect|atk|1
|move|p1a: Xerneas|Moonblast|p2a: Genesect
|-resisted|p2a: Genesect
|-damage|p2a: Genesect|70/100
|-unboost|p2a: Genesect|spa|1
|
|upkeep
|turn|8
|
|t:|1665310248
|switch|p1a: Necrozma|Necrozma-Dusk-Mane|100/100
|move|p2a: Genesect|Shift Gear|p2a: Genesect
|-boost|p2a: Genesect|spe|2
|-boost|p2a: Genesect|atk|1
|
|upkeep
|turn|9
|
|t:|1665310258
|move|p2a: Genesect|Blaze Kick|p1a: Necrozma
|-supereffective|p1a: Necrozma
|-damage|p1a: Necrozma|40/100
|-enditem|p1a: Necrozma|Weakness Policy
|-boost|p1a: Necrozma|atk|2|[from] item: Weakness Policy
|-boost|p1a: Necrozma|spa|2|[from] item: Weakness Policy
|move|p1a: Necrozma|Stone Edge|p2a: Genesect
|-damage|p2a: Genesect|29/100
|
|upkeep
|turn|10
|
|t:|1665310266
|move|p2a: Genesect|Blaze Kick|p1a: Necrozma
|-supereffective|p1a: Necrozma
|-damage|p1a: Necrozma|0 fnt
|faint|p1a: Necrozma
|
|upkeep
|
|t:|1665310268
|switch|p1a: Marshadow|Marshadow|100/100
|turn|11
|
|t:|1665310273
|move|p2a: Genesect|Iron Head|p1a: Marshadow
|-damage|p1a: Marshadow|22/100
|move|p1a: Marshadow|Spectral Thief||[still]
|-clearpositiveboost|p2a: Genesect|p1a: Marshadow|move: Spectral Thief
|-boost|p1a: Marshadow|atk|2
|-boost|p1a: Marshadow|spe|2
|-anim|p1a: Marshadow|Spectral Thief|p2a: Genesect
|-damage|p2a: Genesect|0 fnt
|faint|p2a: Genesect
|
|-sideend|p2: Ryriss|move: Light Screen
|upkeep
|
|t:|1665310278
|switch|p2a: Yveltal|Yveltal|89/100
|-damage|p2a: Yveltal|64/100|[from] Stealth Rock
|-ability|p2a: Yveltal|Dark Aura
|turn|12
|
|t:|1665310288
|move|p2a: Yveltal|Sucker Punch|p1a: Marshadow
|-damage|p1a: Marshadow|0 fnt
|faint|p1a: Marshadow
|
|-sideend|p2: Ryriss|Reflect
|upkeep
|
|t:|1665310298
|switch|p1a: Xerneas|Xerneas|82/100
|-ability|p1a: Xerneas|Fairy Aura
|turn|13
|
|t:|1665310301
|move|p1a: Xerneas|Moonblast|p2a: Yveltal
|-supereffective|p2a: Yveltal
|-damage|p2a: Yveltal|0 fnt
|faint|p2a: Yveltal
|
|upkeep
|
|t:|1665310304
|switch|p2a: Groudon|Groudon|100/100
|-weather|SunnyDay|[from] ability: Drought|[of] p2a: Groudon
|turn|14
|
|t:|1665310312
|move|p1a: Xerneas|Moonblast|p2a: Groudon
|-damage|p2a: Groudon|39/100
|move|p2a: Groudon|Rock Polish|p2a: Groudon
|-boost|p2a: Groudon|spe|2
|
|-weather|SunnyDay|[upkeep]
|upkeep
|turn|15
|
|t:|1665310316
|move|p2a: Groudon|Precipice Blades|p1a: Xerneas
|-damage|p1a: Xerneas|14/100
|move|p1a: Xerneas|Moonblast|p2a: Groudon
|-damage|p2a: Groudon|0 fnt
|faint|p2a: Groudon
|
|-weather|SunnyDay|[upkeep]
|upkeep
|
|t:|1665310320
|switch|p2a: Giratina|Giratina-Origin|100/100
|-damage|p2a: Giratina|88/100|[from] Stealth Rock
|turn|16
|
|t:|1665310329
|switch|p1a: Magnezone|Magnezone|100/100
|-item|p1a: Magnezone|Air Balloon
|move|p2a: Giratina|Shadow Sneak|p1a: Magnezone
|-damage|p1a: Magnezone|85/100
|-enditem|p1a: Magnezone|Air Balloon
|
|-weather|SunnyDay|[upkeep]
|upkeep
|turn|17
|
|t:|1665310334
|move|p2a: Giratina|Poltergeist||[still]
|-fail|p2a: Giratina
|move|p1a: Magnezone|Thunderbolt|p2a: Giratina
|-resisted|p2a: Giratina
|-damage|p2a: Giratina|78/100
|
|-weather|SunnyDay|[upkeep]
|upkeep
|turn|18
|
|t:|1665310346
|switch|p2a: Kyurem|Kyurem-Black|100/100
|-ability|p2a: Kyurem|Teravolt
|move|p1a: Magnezone|Iron Defense|p1a: Magnezone
|-boost|p1a: Magnezone|def|2
|
|-weather|none
|upkeep
|turn|19
|
|t:|1665310351
|move|p2a: Kyurem|Dragon Dance|p2a: Kyurem
|-boost|p2a: Kyurem|atk|1
|-boost|p2a: Kyurem|spe|1
|move|p1a: Magnezone|Body Press|p2a: Kyurem
|-supereffective|p2a: Kyurem
|-damage|p2a: Kyurem|0 fnt
|faint|p2a: Kyurem
|
|upkeep
|-message|Ryriss forfeited.
|
|win|LordChakal
|raw|LordChakal's rating: 1398 &rarr; <strong>1425</strong><br />(+27 for winning)
|raw|Ryriss's rating: 1516 &rarr; <strong>1489</strong><br />(-27 for losing)
|l|☆Ryriss
||Ladder isn't responding, score probably updated but might not have (Request timeout).
