|j|☆Royal1604
|j|☆Inder
|t:|1641569953
|gametype|singles
|player|p1|Royal1604|#stt4toxicboys|
|player|p2|Inder|lucas|
|teamsize|p1|6
|teamsize|p2|6
|gen|8
|tier|[Gen 8] Ubers
|rule|Sleep Clause Mod: Limit one foe put to sleep
|rule|Species Clause: Limit one of each Pokémon
|rule|OHKO Clause: OHKO moves are banned
|rule|Evasion Moves Clause: Evasion moves are banned
|rule|Endless Battle Clause: Forcing endless battles is banned
|rule|HP Percentage Mod: HP is shown in percentages
|rule|Dynamax Clause: You cannot dynamax
|clearpoke
|poke|p1|Necrozma-Dusk-Mane|
|poke|p1|Yveltal|
|poke|p1|Eternatus|
|poke|p1|Darmanitan-Galar, F|
|poke|p1|Magnezone|
|poke|p1|Xerneas-*|
|poke|p2|Kyurem|
|poke|p2|Ho-Oh|
|poke|p2|Blissey, F|
|poke|p2|Yveltal|
|poke|p2|Xerneas-*|
|poke|p2|Giratina|
|teampreview
|inactive|Battle timer is ON: inactive players will automatically lose when time's up. (requested by Royal1604)
|inactive|Inder also wants the timer to be on.
|c|☆Inder|perdemos
|c|☆Inder|hf
|c|☆Royal1604|hf
|c|☆Royal1604|c'est quoi ca
|c|☆Royal1604|une stall moche
|c|☆Inder|je sais pas on est out je crois
|inactive|Royal1604 has 270 seconds left.
|inactive|Inder has 270 seconds left.
|c|☆Inder|j’ai voulu ramener des trucs marrant
|c|☆Inder|je suis 6-0 darmanitan
|c|☆Royal1604|azy inch
|
|t:|1641570012
|start
|switch|p1a: Darmanitan|Darmanitan-Galar, F|100/100
|switch|p2a: Yveltal|Yveltal|100/100
|-ability|p2a: Yveltal|Dark Aura
|turn|1
|
|t:|1641570017
|move|p2a: Yveltal|Sucker Punch|p1a: Darmanitan
|-damage|p1a: Darmanitan|4/100
|move|p1a: Darmanitan|Icicle Crash|p2a: Yveltal
|-supereffective|p2a: Yveltal
|-damage|p2a: Yveltal|0 fnt
|faint|p2a: Yveltal
|
|upkeep
|j| Zero Two's Darling
|
|t:|1641570032
|switch|p2a: Ho-Oh|Ho-Oh|100/100
|turn|2
|
|t:|1641570050
|switch|p1a: Eternatus|Eternatus|100/100
|-ability|p1a: Eternatus|Pressure
|move|p2a: Ho-Oh|Thunder Wave|p1a: Eternatus
|-status|p1a: Eternatus|par
|
|upkeep
|turn|3
|
|t:|1641570061
|switch|p2a: Blissey|Blissey, F|100/100
|switch|p1a: Yveltal|Yveltal|100/100
|-ability|p1a: Yveltal|Dark Aura
|
|upkeep
|turn|4
|
|t:|1641570064
|switch|p2a: Xerneas|Xerneas|100/100
|-ability|p2a: Xerneas|Fairy Aura
|-item|p2a: Xerneas|Air Balloon
|move|p1a: Yveltal|U-turn|p2a: Xerneas
|-resisted|p2a: Xerneas
|-damage|p2a: Xerneas|95/100
|-enditem|p2a: Xerneas|Air Balloon
|
|t:|1641570068
|switch|p1a: Necrozma|Necrozma-Dusk-Mane|100/100|[from]move: U-turn
|
|upkeep
|turn|5
|
|t:|1641570074
|switch|p2a: Giratina|Giratina|100/100
|-ability|p2a: Giratina|Pressure
|move|p1a: Necrozma|Stealth Rock|p2a: Giratina
|-sidestart|p2: Inder|move: Stealth Rock
|
|upkeep
|turn|6
|
|t:|1641570080
|switch|p1a: Xerneas|Xerneas|100/100
|-ability|p1a: Xerneas|Fairy Aura
|move|p2a: Giratina|Defog|p1a: Xerneas
|-unboost|p1a: Xerneas|evasion|1
|-sideend|p2: Inder|Stealth Rock|[from] move: Defog|[of] p2a: Giratina
|
|upkeep
|turn|7
|
|t:|1641570090
|switch|p1a: Yveltal|Yveltal|100/100
|-ability|p1a: Yveltal|Dark Aura
|move|p2a: Giratina|Will-O-Wisp|p1a: Yveltal
|-status|p1a: Yveltal|brn
|
|-damage|p1a: Yveltal|94/100 brn|[from] brn
|upkeep
|turn|8
|
|t:|1641570096
|switch|p2a: Xerneas|Xerneas|95/100
|-ability|p2a: Xerneas|Fairy Aura
|move|p1a: Yveltal|U-turn|p2a: Xerneas
|-resisted|p2a: Xerneas
|-damage|p2a: Xerneas|92/100
|
|t:|1641570099
|switch|p1a: Necrozma|Necrozma-Dusk-Mane|100/100|[from]move: U-turn
|
|upkeep
|turn|9
|c| Zero Two's Darling|si ça s'est pas goat
|
|t:|1641570105
|switch|p2a: Giratina|Giratina|100/100
|-ability|p2a: Giratina|Pressure
|move|p1a: Necrozma|Stealth Rock|p2a: Giratina
|-sidestart|p2: Inder|move: Stealth Rock
|
|upkeep
|turn|10
|
|t:|1641570108
|switch|p1a: Xerneas|Xerneas|100/100
|-ability|p1a: Xerneas|Fairy Aura
|move|p2a: Giratina|Defog|p1a: Xerneas
|-unboost|p1a: Xerneas|evasion|1
|-sideend|p2: Inder|Stealth Rock|[from] move: Defog|[of] p2a: Giratina
|
|upkeep
|turn|11
|
|t:|1641570137
|switch|p2a: Ho-Oh|Ho-Oh|100/100
|move|p1a: Xerneas|Moonblast|p2a: Ho-Oh
|-resisted|p2a: Ho-Oh
|-damage|p2a: Ho-Oh|82/100
|
|upkeep
|turn|12
|
|t:|1641570142
|switch|p1a: Eternatus|Eternatus|100/100 par
|-ability|p1a: Eternatus|Pressure
|switch|p2a: Blissey|Blissey, F|100/100
|
|upkeep
|turn|13
|
|t:|1641570148
|switch|p1a: Necrozma|Necrozma-Dusk-Mane|100/100
|move|p2a: Blissey|Stealth Rock|p1a: Necrozma
|-sidestart|p1: Royal1604|move: Stealth Rock
|
|upkeep
|turn|14
|
|t:|1641570154
|switch|p2a: Giratina|Giratina|100/100
|-ability|p2a: Giratina|Pressure
|move|p1a: Necrozma|Stealth Rock|p2a: Giratina
|-sidestart|p2: Inder|move: Stealth Rock
|
|upkeep
|turn|15
|
|t:|1641570164
|switch|p1a: Eternatus|Eternatus|100/100 par
|-ability|p1a: Eternatus|Pressure
|move|p2a: Giratina|Will-O-Wisp||[still]
|-fail|p2a: Giratina
|
|upkeep
|turn|16
|
|t:|1641570174
|move|p2a: Giratina|Defog|p1a: Eternatus
|-unboost|p1a: Eternatus|evasion|1
|-sideend|p1: Royal1604|Stealth Rock|[from] move: Defog|[of] p2a: Giratina
|-sideend|p2: Inder|Stealth Rock|[from] move: Defog|[of] p2a: Giratina
|move|p1a: Eternatus|Toxic|p2a: Giratina
|-status|p2a: Giratina|tox
|
|-damage|p2a: Giratina|94/100 tox|[from] psn
|upkeep
|turn|17
|
|t:|1641570192
|move|p2a: Giratina|Hex|p1a: Eternatus
|-damage|p1a: Eternatus|72/100 par
|move|p1a: Eternatus|Toxic|p2a: Giratina
|-fail|p2a: Giratina|tox
|
|-heal|p2a: Giratina|100/100 tox|[from] item: Leftovers
|-damage|p2a: Giratina|88/100 tox|[from] psn
|upkeep
|turn|18
|
|t:|1641570197
|switch|p2a: Blissey|Blissey, F|100/100
|cant|p1a: Eternatus|par
|
|upkeep
|turn|19
|
|t:|1641570214
|switch|p1a: Necrozma|Necrozma-Dusk-Mane|100/100
|move|p2a: Blissey|Stealth Rock|p1a: Necrozma
|-sidestart|p1: Royal1604|move: Stealth Rock
|
|upkeep
|turn|20
|
|t:|1641570216
|switch|p2a: Kyurem|Kyurem|100/100
|-ability|p2a: Kyurem|Pressure
|move|p1a: Necrozma|Stealth Rock|p2a: Kyurem
|-sidestart|p2: Inder|move: Stealth Rock
|
|upkeep
|turn|21
|
|t:|1641570221
|switch|p1a: Magnezone|Magnezone|100/100
|-damage|p1a: Magnezone|94/100|[from] Stealth Rock
|-item|p1a: Magnezone|Air Balloon
|move|p2a: Kyurem|Substitute|p2a: Kyurem
|-start|p2a: Kyurem|Substitute
|-damage|p2a: Kyurem|76/100
|
|upkeep
|turn|22
|j| NHelioX7
|
|t:|1641570231
|move|p2a: Kyurem|Roost|p2a: Kyurem
|-heal|p2a: Kyurem|100/100
|-singleturn|p2a: Kyurem|move: Roost
|move|p1a: Magnezone|Magnet Rise|p1a: Magnezone
|-start|p1a: Magnezone|Magnet Rise
|
|upkeep
|turn|23
|
|t:|1641570235
|move|p2a: Kyurem|Icicle Spear|p1a: Magnezone
|-resisted|p1a: Magnezone
|-damage|p1a: Magnezone|88/100
|-enditem|p1a: Magnezone|Air Balloon
|-resisted|p1a: Magnezone
|-damage|p1a: Magnezone|81/100
|-resisted|p1a: Magnezone
|-damage|p1a: Magnezone|74/100
|-hitcount|p1a: Magnezone|3
|move|p1a: Magnezone|Body Press|p2a: Kyurem
|-supereffective|p2a: Kyurem
|-end|p2a: Kyurem|Substitute
|
|upkeep
|turn|24
|
|t:|1641570238
|switch|p2a: Ho-Oh|Ho-Oh|100/100
|move|p1a: Magnezone|Body Press|p2a: Ho-Oh
|-resisted|p2a: Ho-Oh
|-damage|p2a: Ho-Oh|92/100
|
|upkeep
|turn|25
|
|t:|1641570247
|switch|p1a: Eternatus|Eternatus|72/100 par
|-ability|p1a: Eternatus|Pressure
|move|p2a: Ho-Oh|Sacred Fire|p1a: Eternatus
|-resisted|p1a: Eternatus
|-damage|p1a: Eternatus|58/100 par
|
|upkeep
|turn|26
|
|t:|1641570251
|switch|p2a: Kyurem|Kyurem|100/100
|-damage|p2a: Kyurem|76/100|[from] Stealth Rock
|-ability|p2a: Kyurem|Pressure
|move|p1a: Eternatus|Recover|p1a: Eternatus
|-heal|p1a: Eternatus|100/100 par
|
|upkeep
|turn|27
|
|t:|1641570255
|move|p2a: Kyurem|Substitute|p2a: Kyurem
|-start|p2a: Kyurem|Substitute
|-damage|p2a: Kyurem|51/100
|cant|p1a: Eternatus|par
|
|upkeep
|turn|28
|
|t:|1641570261
|switch|p1a: Magnezone|Magnezone|74/100
|-damage|p1a: Magnezone|68/100|[from] Stealth Rock
|move|p2a: Kyurem|Icicle Spear|p1a: Magnezone
|-resisted|p1a: Magnezone
|-damage|p1a: Magnezone|61/100
|-resisted|p1a: Magnezone
|-damage|p1a: Magnezone|54/100
|-resisted|p1a: Magnezone
|-damage|p1a: Magnezone|47/100
|-resisted|p1a: Magnezone
|-damage|p1a: Magnezone|40/100
|-resisted|p1a: Magnezone
|-damage|p1a: Magnezone|33/100
|-hitcount|p1a: Magnezone|5
|
|upkeep
|turn|29
|
|t:|1641570269
|move|p2a: Kyurem|Roost|p2a: Kyurem
|-heal|p2a: Kyurem|100/100
|-singleturn|p2a: Kyurem|move: Roost
|move|p1a: Magnezone|Body Press|p2a: Kyurem
|-supereffective|p2a: Kyurem
|-end|p2a: Kyurem|Substitute
|
|upkeep
|turn|30
|
|t:|1641570273
|switch|p2a: Ho-Oh|Ho-Oh|100/100
|move|p1a: Magnezone|Thunder Wave|p2a: Ho-Oh
|-status|p2a: Ho-Oh|par
|
|upkeep
|turn|31
|
|t:|1641570280
|move|p1a: Magnezone|Iron Defense|p1a: Magnezone
|-boost|p1a: Magnezone|def|2
|move|p2a: Ho-Oh|Whirlwind|p1a: Magnezone
|drag|p1a: Yveltal|Yveltal|94/100 brn
|-ability|p1a: Yveltal|Dark Aura
|
|-damage|p1a: Yveltal|88/100 brn|[from] brn
|upkeep
|turn|32
|
|t:|1641570284
|switch|p2a: Xerneas|Xerneas|92/100
|-damage|p2a: Xerneas|80/100|[from] Stealth Rock
|-ability|p2a: Xerneas|Fairy Aura
|move|p1a: Yveltal|U-turn|p2a: Xerneas
|-resisted|p2a: Xerneas
|-damage|p2a: Xerneas|77/100
|
|t:|1641570289
|switch|p1a: Necrozma|Necrozma-Dusk-Mane|100/100|[from]move: U-turn
|-damage|p1a: Necrozma|94/100|[from] Stealth Rock
|
|-heal|p1a: Necrozma|100/100|[from] item: Leftovers
|upkeep
|turn|33
|
|t:|1641570295
|switch|p2a: Ho-Oh|Ho-Oh|100/100 par
|move|p1a: Necrozma|Sunsteel Strike|p2a: Ho-Oh
|-resisted|p2a: Ho-Oh
|-damage|p2a: Ho-Oh|85/100 par
|
|upkeep
|turn|34
|
|t:|1641570301
|switch|p1a: Eternatus|Eternatus|100/100 par
|-ability|p1a: Eternatus|Pressure
|switch|p2a: Xerneas|Xerneas|77/100
|-damage|p2a: Xerneas|64/100|[from] Stealth Rock
|-ability|p2a: Xerneas|Fairy Aura
|
|upkeep
|turn|35
|
|t:|1641570305
|move|p2a: Xerneas|Aromatherapy|p2a: Xerneas
|-activate|p2a: Xerneas|move: Aromatherapy
|-curestatus|p2: Giratina|tox|[msg]
|-curestatus|p2: Ho-Oh|par|[msg]
|move|p1a: Eternatus|Toxic|p2a: Xerneas
|-status|p2a: Xerneas|tox
|
|-damage|p2a: Xerneas|58/100 tox|[from] psn
|upkeep
|turn|36
|l| NHelioX7
|
|t:|1641570316
|switch|p1a: Magnezone|Magnezone|33/100
|-damage|p1a: Magnezone|27/100|[from] Stealth Rock
|move|p2a: Xerneas|Rest|p2a: Xerneas
|-status|p2a: Xerneas|slp|[from] move: Rest
|-heal|p2a: Xerneas|100/100 slp|[silent]
|
|upkeep
|turn|37
|
|t:|1641570324
|cant|p2a: Xerneas|slp
|move|p2a: Xerneas|Sleep Talk|p2a: Xerneas
|move|p2a: Xerneas|Aromatherapy|p2a: Xerneas|[from]move: Sleep Talk
|-activate|p2a: Xerneas|move: Aromatherapy
|-curestatus|p2a: Xerneas|slp|[msg]
|move|p1a: Magnezone|Iron Defense|p1a: Magnezone
|-boost|p1a: Magnezone|def|2
|
|upkeep
|turn|38
|
|t:|1641570329
|move|p2a: Xerneas|Moonblast|p1a: Magnezone
|-resisted|p1a: Magnezone
|-damage|p1a: Magnezone|0 fnt
|faint|p1a: Magnezone
|
|upkeep
|
|t:|1641570333
|switch|p1a: Necrozma|Necrozma-Dusk-Mane|100/100
|-damage|p1a: Necrozma|94/100|[from] Stealth Rock
|turn|39
|
|t:|1641570340
|switch|p2a: Giratina|Giratina|88/100
|-damage|p2a: Giratina|76/100|[from] Stealth Rock
|-ability|p2a: Giratina|Pressure
|move|p1a: Necrozma|Thunder Wave|p2a: Giratina
|-status|p2a: Giratina|par
|
|-heal|p1a: Necrozma|100/100|[from] item: Leftovers
|-heal|p2a: Giratina|82/100 par|[from] item: Leftovers
|upkeep
|turn|40
|
|t:|1641570346
|switch|p1a: Yveltal|Yveltal|88/100 brn
|-ability|p1a: Yveltal|Dark Aura
|move|p2a: Giratina|Hex|p1a: Yveltal
|-resisted|p1a: Yveltal
|-damage|p1a: Yveltal|73/100 brn
|
|-heal|p2a: Giratina|88/100 par|[from] item: Leftovers
|-damage|p1a: Yveltal|67/100 brn|[from] brn
|upkeep
|turn|41
|
|t:|1641570354
|switch|p2a: Xerneas|Xerneas|100/100
|-damage|p2a: Xerneas|88/100|[from] Stealth Rock
|-ability|p2a: Xerneas|Fairy Aura
|move|p1a: Yveltal|Defog|p2a: Xerneas
|-unboost|p2a: Xerneas|evasion|1
|-sideend|p2: Inder|Stealth Rock|[from] move: Defog|[of] p1a: Yveltal
|-sideend|p1: Royal1604|Stealth Rock|[from] move: Defog|[of] p1a: Yveltal
|
|-damage|p1a: Yveltal|61/100 brn|[from] brn
|upkeep
|turn|42
|
|t:|1641570368
|switch|p2a: Ho-Oh|Ho-Oh|100/100
|move|p1a: Yveltal|U-turn|p2a: Ho-Oh
|-resisted|p2a: Ho-Oh
|-damage|p2a: Ho-Oh|99/100
|
|t:|1641570373
|switch|p1a: Darmanitan|Darmanitan-Galar, F|4/100|[from]move: U-turn
|
|upkeep
|turn|43
|j|+ironwater
|
|t:|1641570382
|switch|p2a: Giratina|Giratina|88/100 par
|-ability|p2a: Giratina|Pressure
|move|p1a: Darmanitan|Rock Slide|p2a: Giratina
|-damage|p2a: Giratina|70/100 par
|
|-heal|p2a: Giratina|76/100 par|[from] item: Leftovers
|upkeep
|turn|44
|c|+ironwater|inder
|
|t:|1641570393
|move|p1a: Darmanitan|Rock Slide|p2a: Giratina
|-damage|p2a: Giratina|59/100 par
|move|p2a: Giratina|Rest|p2a: Giratina
|-status|p2a: Giratina|slp|[from] move: Rest
|-heal|p2a: Giratina|100/100 slp|[silent]
|
|upkeep
|turn|45
|c|+ironwater|c'est quand les auctions sur pokeland ?
|
|t:|1641570400
|switch|p1a: Xerneas|Xerneas|100/100
|-ability|p1a: Xerneas|Fairy Aura
|switch|p2a: Kyurem|Kyurem|100/100
|-ability|p2a: Kyurem|Pressure
|
|upkeep
|turn|46
|
|t:|1641570405
|switch|p2a: Ho-Oh|Ho-Oh|100/100
|move|p1a: Xerneas|Moonblast|p2a: Ho-Oh
|-resisted|p2a: Ho-Oh
|-crit|p2a: Ho-Oh
|-damage|p2a: Ho-Oh|69/100
|
|upkeep
|turn|47
|j| NHelioX7
|
|t:|1641570411
|switch|p1a: Eternatus|Eternatus|100/100 par
|-ability|p1a: Eternatus|Pressure
|switch|p2a: Blissey|Blissey, F|100/100
|
|upkeep
|turn|48
|
|t:|1641570414
|switch|p1a: Necrozma|Necrozma-Dusk-Mane|100/100
|move|p2a: Blissey|Stealth Rock|p1a: Necrozma
|-sidestart|p1: Royal1604|move: Stealth Rock
|
|upkeep
|turn|49
|
|t:|1641570420
|switch|p2a: Ho-Oh|Ho-Oh|100/100
|move|p1a: Necrozma|Sunsteel Strike|p2a: Ho-Oh
|-resisted|p2a: Ho-Oh
|-damage|p2a: Ho-Oh|85/100
|
|upkeep
|turn|50
|
|t:|1641570423
|move|p1a: Necrozma|Stealth Rock|p2a: Ho-Oh
|-sidestart|p2: Inder|move: Stealth Rock
|move|p2a: Ho-Oh|Whirlwind|p1a: Necrozma
|drag|p1a: Yveltal|Yveltal|61/100 brn
|-ability|p1a: Yveltal|Dark Aura
|
|-damage|p1a: Yveltal|55/100 brn|[from] brn
|upkeep
|turn|51
|
|t:|1641570429
|move|p1a: Yveltal|U-turn|p2a: Ho-Oh
|-resisted|p2a: Ho-Oh
|-damage|p2a: Ho-Oh|83/100
|
|t:|1641570431
|switch|p1a: Eternatus|Eternatus|100/100 par|[from]move: U-turn
|-ability|p1a: Eternatus|Pressure
|move|p2a: Ho-Oh|Whirlwind|p1a: Eternatus
|drag|p1a: Yveltal|Yveltal|55/100 brn
|-ability|p1a: Yveltal|Dark Aura
|
|-damage|p1a: Yveltal|49/100 brn|[from] brn
|upkeep
|turn|52
|
|t:|1641570437
|switch|p2a: Xerneas|Xerneas|88/100
|-damage|p2a: Xerneas|75/100|[from] Stealth Rock
|-ability|p2a: Xerneas|Fairy Aura
|move|p1a: Yveltal|Defog|p2a: Xerneas
|-unboost|p2a: Xerneas|evasion|1
|-sideend|p2: Inder|Stealth Rock|[from] move: Defog|[of] p1a: Yveltal
|-sideend|p1: Royal1604|Stealth Rock|[from] move: Defog|[of] p1a: Yveltal
|
|-damage|p1a: Yveltal|43/100 brn|[from] brn
|upkeep
|turn|53
|
|t:|1641570443
|move|p1a: Yveltal|U-turn|p2a: Xerneas
|-resisted|p2a: Xerneas
|-damage|p2a: Xerneas|73/100
|
|t:|1641570447
|switch|p1a: Necrozma|Necrozma-Dusk-Mane|100/100|[from]move: U-turn
|move|p2a: Xerneas|Aromatherapy|p2a: Xerneas
|-activate|p2a: Xerneas|move: Aromatherapy
|-curestatus|p2: Giratina|slp|[msg]
|
|upkeep
|turn|54
|
|t:|1641570451
|switch|p2a: Giratina|Giratina|100/100
|-ability|p2a: Giratina|Pressure
|switch|p1a: Xerneas|Xerneas|100/100
|-ability|p1a: Xerneas|Fairy Aura
|
|upkeep
|turn|55
|c|+ironwater|ah en fait c'est dans les events
|
|t:|1641570457
|switch|p2a: Ho-Oh|Ho-Oh|100/100
|move|p1a: Xerneas|Moonblast|p2a: Ho-Oh
|-resisted|p2a: Ho-Oh
|-damage|p2a: Ho-Oh|81/100
|
|upkeep
|turn|56
|
|t:|1641570462
|switch|p1a: Necrozma|Necrozma-Dusk-Mane|100/100
|move|p2a: Ho-Oh|Thunder Wave|p1a: Necrozma
|-status|p1a: Necrozma|par
|
|upkeep
|turn|57
|
|t:|1641570467
|switch|p2a: Blissey|Blissey, F|100/100
|switch|p1a: Eternatus|Eternatus|100/100 par
|-ability|p1a: Eternatus|Pressure
|
|upkeep
|turn|58
|
|t:|1641570472
|switch|p1a: Yveltal|Yveltal|43/100 brn
|-ability|p1a: Yveltal|Dark Aura
|move|p2a: Blissey|Stealth Rock|p1a: Yveltal
|-sidestart|p1: Royal1604|move: Stealth Rock
|
|-damage|p1a: Yveltal|37/100 brn|[from] brn
|upkeep
|turn|59
|
|t:|1641570476
|move|p1a: Yveltal|Roost|p1a: Yveltal
|-heal|p1a: Yveltal|87/100 brn
|-singleturn|p1a: Yveltal|move: Roost
|move|p2a: Blissey|Seismic Toss|p1a: Yveltal
|-damage|p1a: Yveltal|62/100 brn
|
|-damage|p1a: Yveltal|56/100 brn|[from] brn
|upkeep
|turn|60
|
|t:|1641570480
|switch|p2a: Xerneas|Xerneas|73/100
|-ability|p2a: Xerneas|Fairy Aura
|move|p1a: Yveltal|Defog|p2a: Xerneas
|-unboost|p2a: Xerneas|evasion|1
|-sideend|p1: Royal1604|Stealth Rock|[from] move: Defog|[of] p1a: Yveltal
|
|-damage|p1a: Yveltal|50/100 brn|[from] brn
|upkeep
|turn|61
|
|t:|1641570484
|move|p1a: Yveltal|U-turn|p2a: Xerneas
|-resisted|p2a: Xerneas
|-damage|p2a: Xerneas|70/100
|
|t:|1641570486
|switch|p1a: Necrozma|Necrozma-Dusk-Mane|100/100 par|[from]move: U-turn
|move|p2a: Xerneas|Moonblast|p1a: Necrozma
|-resisted|p1a: Necrozma
|-damage|p1a: Necrozma|85/100 par
|
|-heal|p1a: Necrozma|91/100 par|[from] item: Leftovers
|upkeep
|turn|62
|
|t:|1641570491
|switch|p2a: Giratina|Giratina|100/100
|-ability|p2a: Giratina|Pressure
|cant|p1a: Necrozma|par
|
|-heal|p1a: Necrozma|97/100 par|[from] item: Leftovers
|upkeep
|turn|63
|
|t:|1641570498
|switch|p2a: Blissey|Blissey, F|100/100
|switch|p1a: Yveltal|Yveltal|50/100 brn
|-ability|p1a: Yveltal|Dark Aura
|
|-damage|p1a: Yveltal|44/100 brn|[from] brn
|upkeep
|turn|64
|
|t:|1641570502
|move|p1a: Yveltal|U-turn|p2a: Blissey
|-damage|p2a: Blissey|82/100
|
|t:|1641570506
|switch|p1a: Darmanitan|Darmanitan-Galar, F|4/100|[from]move: U-turn
|move|p2a: Blissey|Stealth Rock|p1a: Darmanitan
|-sidestart|p1: Royal1604|move: Stealth Rock
|
|upkeep
|turn|65
|
|t:|1641570509
|move|p1a: Darmanitan|U-turn|p2a: Blissey
|-damage|p2a: Blissey|2/100
|
|t:|1641570516
|switch|p1a: Necrozma|Necrozma-Dusk-Mane|97/100 par|[from]move: U-turn
|-damage|p1a: Necrozma|91/100 par|[from] Stealth Rock
|move|p2a: Blissey|Seismic Toss|p1a: Necrozma
|-damage|p1a: Necrozma|66/100 par
|
|-heal|p1a: Necrozma|72/100 par|[from] item: Leftovers
|upkeep
|turn|66
|
|t:|1641570521
|move|p2a: Blissey|Soft-Boiled|p2a: Blissey
|-heal|p2a: Blissey|52/100
|move|p1a: Necrozma|Sunsteel Strike|p2a: Blissey
|-damage|p2a: Blissey|0 fnt
|faint|p2a: Blissey
|
|-heal|p1a: Necrozma|78/100 par|[from] item: Leftovers
|upkeep
|
|t:|1641570523
|switch|p2a: Kyurem|Kyurem|100/100
|-ability|p2a: Kyurem|Pressure
|turn|67
|l| NHelioX7
|
|t:|1641570540
|switch|p1a: Xerneas|Xerneas|100/100
|-damage|p1a: Xerneas|88/100|[from] Stealth Rock
|-ability|p1a: Xerneas|Fairy Aura
|move|p2a: Kyurem|Substitute|p2a: Kyurem
|-start|p2a: Kyurem|Substitute
|-damage|p2a: Kyurem|76/100
|
|upkeep
|turn|68
|c| Zero Two's Darling|issou ?
|c| Zero Two's Darling|80
|c| Zero Two's Darling|M
|
|t:|1641570549
|move|p2a: Kyurem|Icicle Spear|p1a: Xerneas
|-damage|p1a: Xerneas|76/100
|-damage|p1a: Xerneas|63/100
|-damage|p1a: Xerneas|52/100
|-damage|p1a: Xerneas|39/100
|-damage|p1a: Xerneas|27/100
|-hitcount|p1a: Xerneas|5
|move|p1a: Xerneas|Moonblast|p2a: Kyurem
|-supereffective|p2a: Kyurem
|-end|p2a: Kyurem|Substitute
|
|upkeep
|turn|69
|c| Zero Two's Darling|sur un uturn
|
|t:|1641570557
|move|p2a: Kyurem|Icicle Spear|p1a: Xerneas
|-damage|p1a: Xerneas|16/100
|-damage|p1a: Xerneas|4/100
|-damage|p1a: Xerneas|0 fnt
|faint|p1a: Xerneas
|-hitcount|p1: Xerneas|3
|
|upkeep
|
|t:|1641570561
|switch|p1a: Eternatus|Eternatus|100/100 par
|-ability|p1a: Eternatus|Pressure
|turn|70
|
|t:|1641570563
|move|p2a: Kyurem|Substitute|p2a: Kyurem
|-start|p2a: Kyurem|Substitute
|-damage|p2a: Kyurem|51/100
|move|p1a: Eternatus|Dynamax Cannon|p2a: Kyurem
|-supereffective|p2a: Kyurem
|-end|p2a: Kyurem|Substitute
|
|upkeep
|turn|71
|
|t:|1641570571
|switch|p1a: Yveltal|Yveltal|44/100 brn
|-ability|p1a: Yveltal|Dark Aura
|move|p2a: Kyurem|Substitute|p2a: Kyurem
|-start|p2a: Kyurem|Substitute
|-damage|p2a: Kyurem|26/100
|
|-damage|p1a: Yveltal|38/100 brn|[from] brn
|upkeep
|turn|72
|
|t:|1641570578
|move|p2a: Kyurem|Icicle Spear|p1a: Yveltal
|-supereffective|p1a: Yveltal
|-damage|p1a: Yveltal|10/100 brn
|-supereffective|p1a: Yveltal
|-damage|p1a: Yveltal|0 fnt
|faint|p1a: Yveltal
|-hitcount|p1: Yveltal|2
|
|upkeep
|
|t:|1641570581
|switch|p1a: Eternatus|Eternatus|100/100 par
|-ability|p1a: Eternatus|Pressure
|turn|73
|j| wildfiree
|
|t:|1641570586
|move|p2a: Kyurem|Roost|p2a: Kyurem
|-heal|p2a: Kyurem|76/100
|-singleturn|p2a: Kyurem|move: Roost
|move|p1a: Eternatus|Dynamax Cannon|p2a: Kyurem
|-supereffective|p2a: Kyurem
|-end|p2a: Kyurem|Substitute
|
|upkeep
|turn|74
|
|t:|1641570588
|move|p2a: Kyurem|Substitute|p2a: Kyurem
|-start|p2a: Kyurem|Substitute
|-damage|p2a: Kyurem|51/100
|cant|p1a: Eternatus|par
|
|upkeep
|turn|75
|l| wildfiree
|
|t:|1641570598
|switch|p1a: Necrozma|Necrozma-Dusk-Mane|78/100 par
|-damage|p1a: Necrozma|72/100 par|[from] Stealth Rock
|move|p2a: Kyurem|Roost|p2a: Kyurem
|-heal|p2a: Kyurem|100/100
|-singleturn|p2a: Kyurem|move: Roost
|
|-heal|p1a: Necrozma|78/100 par|[from] item: Leftovers
|upkeep
|turn|76
|
|t:|1641570601
|move|p2a: Kyurem|Dragon Dance|p2a: Kyurem
|-boost|p2a: Kyurem|atk|1
|-boost|p2a: Kyurem|spe|1
|cant|p1a: Necrozma|par
|
|-heal|p1a: Necrozma|84/100 par|[from] item: Leftovers
|upkeep
|turn|77
|
|t:|1641570605
|move|p2a: Kyurem|Icicle Spear|p1a: Necrozma
|-resisted|p1a: Necrozma
|-damage|p1a: Necrozma|75/100 par
|-resisted|p1a: Necrozma
|-damage|p1a: Necrozma|67/100 par
|-hitcount|p1a: Necrozma|2
|move|p1a: Necrozma|Sunsteel Strike|p2a: Kyurem
|-supereffective|p2a: Kyurem
|-end|p2a: Kyurem|Substitute
|
|-heal|p1a: Necrozma|73/100 par|[from] item: Leftovers
|upkeep
|turn|78
|c|☆Royal1604|la seule fois ou je joue pas iron head
|
|t:|1641570613
|move|p2a: Kyurem|Substitute|p2a: Kyurem
|-start|p2a: Kyurem|Substitute
|-damage|p2a: Kyurem|76/100
|move|p1a: Necrozma|Sunsteel Strike|p2a: Kyurem
|-supereffective|p2a: Kyurem
|-end|p2a: Kyurem|Substitute
|
|-heal|p1a: Necrozma|79/100 par|[from] item: Leftovers
|upkeep
|turn|79
|c|☆Royal1604|gg
|c|☆Inder|mdr ouais c’est terrible ce mon
|c|☆Inder|gg
|-message|Royal1604 forfeited.
|
|win|Inder
|l|☆Royal1604
