|j|☆Rell27
|j|☆Sanae_pls
|t:|1604472429
|player|p1|Rell27|169|1412
|player|p2|Sanae_pls|2|1436
|teamsize|p1|6
|teamsize|p2|6
|gametype|singles
|gen|8
|tier|[Gen 8] Ubers
|rated|
|clearpoke
|poke|p1|Zacian-Crowned|
|poke|p1|Eternatus|
|poke|p1|Necrozma-Dusk-Mane|
|poke|p1|Calyrex-Shadow|
|poke|p1|Yveltal|
|poke|p1|Zygarde|
|poke|p2|Eternatus|
|poke|p2|Yveltal|
|poke|p2|Zacian-Crowned|
|poke|p2|Calyrex-Shadow|
|poke|p2|Blissey, F|
|poke|p2|Kyogre|
|rule|Sleep Clause Mod: Limit one foe put to sleep
|rule|Species Clause: Limit one of each Pokémon
|rule|OHKO Clause: OHKO moves are banned
|rule|Evasion Moves Clause: Evasion moves are banned
|rule|Endless Battle Clause: Forcing endless battles is banned
|rule|HP Percentage Mod: HP is shown in percentages
|teampreview
|inactive|Battle timer is ON: inactive players will automatically lose when time's up. (requested by Sanae_pls)
|
|t:|1604472454
|start
|switch|p1a: Necrozma|Necrozma-Dusk-Mane|100/100
|switch|p2a: Kyogre|Kyogre|100/100
|-weather|RainDance|[from] ability: Drizzle|[of] p2a: Kyogre
|turn|1
|
|t:|1604472465
|-start|p1a: Necrozma|Dynamax
|-heal|p1a: Necrozma|100/100|[silent]
|move|p2a: Kyogre|Water Spout|p1a: Necrozma
|-damage|p1a: Necrozma|6/100
|move|p1a: Necrozma|Max Quake|p2a: Kyogre
|-damage|p2a: Kyogre|50/100
|-boost|p1a: Necrozma|spd|1
|
|-weather|RainDance|[upkeep]
|upkeep
|turn|2
|
|t:|1604472486
|-end|p1a: Necrozma|Dynamax
|-heal|p1a: Necrozma|6/100|[silent]
|switch|p1a: Eternatus|Eternatus|100/100
|-ability|p1a: Eternatus|Pressure
|move|p2a: Kyogre|Water Spout|p1a: Eternatus
|-resisted|p1a: Eternatus
|-damage|p1a: Eternatus|61/100
|
|-weather|RainDance|[upkeep]
|upkeep
|turn|3
|
|t:|1604472498
|switch|p1a: Necrozma|Necrozma-Dusk-Mane|6/100
|switch|p2a: Blissey|Blissey, F|100/100
|
|-weather|RainDance|[upkeep]
|upkeep
|turn|4
|
|t:|1604472503
|move|p2a: Blissey|Wish|p2a: Blissey
|move|p1a: Necrozma|Stealth Rock|p2a: Blissey
|-sidestart|p2: Sanae_pls|move: Stealth Rock
|
|-weather|RainDance|[upkeep]
|upkeep
|turn|5
|
|t:|1604472525
|switch|p2a: Yveltal|Yveltal|100/100
|-damage|p2a: Yveltal|76/100|[from] Stealth Rock
|-ability|p2a: Yveltal|Dark Aura
|move|p1a: Necrozma|Earthquake|p2a: Yveltal
|-immune|p2a: Yveltal
|
|-weather|none
|-heal|p2a: Yveltal|100/100|[from] move: Wish|[wisher] Blissey
|upkeep
|turn|6
|
|t:|1604472528
|move|p2a: Yveltal|Oblivion Wing|p1a: Necrozma
|-resisted|p1a: Necrozma
|-damage|p1a: Necrozma|0 fnt
|-damage|p2a: Yveltal|91/100|[from] item: Life Orb
|faint|p1a: Necrozma
|
|upkeep
|
|t:|1604472533
|switch|p1a: Zacian|Zacian-Crowned|100/100
|-ability|p1a: Zacian|Intrepid Sword|boost
|-boost|p1a: Zacian|atk|1
|turn|7
|
|t:|1604472556
|move|p1a: Zacian|Play Rough|p2a: Yveltal
|-supereffective|p2a: Yveltal
|-crit|p2a: Yveltal
|-damage|p2a: Yveltal|0 fnt
|faint|p2a: Yveltal
|
|upkeep
|
|t:|1604472561
|switch|p2a: Zacian|Zacian-Crowned|100/100
|-damage|p2a: Zacian|94/100|[from] Stealth Rock
|-ability|p2a: Zacian|Intrepid Sword|boost
|-boost|p2a: Zacian|atk|1
|turn|8
|
|t:|1604472571
|switch|p1a: Zygarde|Zygarde|100/100
|move|p2a: Zacian|Behemoth Blade|p1a: Zygarde
|-damage|p1a: Zygarde|30/100
|
|-activate|p1a: Zygarde|ability: Power Construct
|detailschange|p1a: Zygarde|Zygarde-Complete
|-heal|p1a: Zygarde|55/100|[silent]
|upkeep
|turn|9
|
|t:|1604472582
|move|p2a: Zacian|Play Rough|p1a: Zygarde
|-supereffective|p1a: Zygarde
|-enditem|p1a: Zygarde|Roseli Berry|[eat]
|-enditem|p1a: Zygarde|Roseli Berry|[weaken]
|-damage|p1a: Zygarde|15/100
|move|p1a: Zygarde|Thousand Arrows|p2a: Zacian
|-supereffective|p2a: Zacian
|-damage|p2a: Zacian|32/100
|
|upkeep
|turn|10
|
|t:|1604472591
|move|p2a: Zacian|Behemoth Blade|p1a: Zygarde
|-damage|p1a: Zygarde|0 fnt
|faint|p1a: Zygarde
|
|upkeep
|
|t:|1604472597
|switch|p1a: Calyrex|Calyrex-Shadow|100/100
|-ability|p1a: Calyrex|As One
|-ability|p1a: Calyrex|Unnerve|p2: Sanae_pls
|turn|11
|
|t:|1604472606
|switch|p2a: Blissey|Blissey, F|100/100
|move|p1a: Calyrex|Substitute|p1a: Calyrex
|-start|p1a: Calyrex|Substitute
|-damage|p1a: Calyrex|76/100
|
|upkeep
|turn|12
|
|t:|1604472621
|move|p1a: Calyrex|Psyshock|p2a: Blissey
|-damage|p2a: Blissey|46/100
|-damage|p1a: Calyrex|66/100|[from] item: Life Orb
|move|p2a: Blissey|Wish|p2a: Blissey
|
|upkeep
|turn|13
|
|t:|1604472633
|switch|p2a: Zacian|Zacian-Crowned|32/100
|-damage|p2a: Zacian|26/100|[from] Stealth Rock
|-ability|p2a: Zacian|Intrepid Sword|boost
|-boost|p2a: Zacian|atk|1
|move|p1a: Calyrex|Psyshock|p2a: Zacian
|-resisted|p2a: Zacian
|-damage|p2a: Zacian|3/100
|-damage|p1a: Calyrex|56/100|[from] item: Life Orb
|
|-heal|p2a: Zacian|95/100|[from] move: Wish|[wisher] Blissey
|upkeep
|turn|14
|
|t:|1604472644
|move|p1a: Calyrex|Astral Barrage|p2a: Zacian
|-damage|p2a: Zacian|25/100
|-damage|p1a: Calyrex|46/100|[from] item: Life Orb
|move|p2a: Zacian|Behemoth Blade|p1a: Calyrex
|-end|p1a: Calyrex|Substitute
|
|upkeep
|turn|15
|
|t:|1604472655
|move|p1a: Calyrex|Astral Barrage|p2a: Zacian
|-damage|p2a: Zacian|0 fnt
|-damage|p1a: Calyrex|36/100|[from] item: Life Orb
|faint|p2a: Zacian
|-boost|p1a: Calyrex|spa|1
|
|upkeep
|
|t:|1604472657
|switch|p2a: Calyrex|Calyrex-Shadow|100/100
|-ability|p2a: Calyrex|As One
|-ability|p2a: Calyrex|Unnerve|p1: Rell27
|-damage|p2a: Calyrex|88/100|[from] Stealth Rock
|turn|16
|
|t:|1604472664
|move|p2a: Calyrex|Astral Barrage|p1a: Calyrex
|-supereffective|p1a: Calyrex
|-damage|p1a: Calyrex|0 fnt
|-damage|p2a: Calyrex|78/100|[from] item: Life Orb
|faint|p1a: Calyrex
|-boost|p2a: Calyrex|spa|1
|
|upkeep
|
|t:|1604472668
|switch|p1a: Yveltal|Yveltal|100/100
|-ability|p1a: Yveltal|Dark Aura
|turn|17
|
|t:|1604472674
|move|p1a: Yveltal|Sucker Punch||[still]
|-fail|p1a: Yveltal
|move|p2a: Calyrex|Nasty Plot|p2a: Calyrex
|-boost|p2a: Calyrex|spa|2
|
|upkeep
|turn|18
|
|t:|1604472681
|move|p1a: Yveltal|Sucker Punch||[still]
|-fail|p1a: Yveltal
|move|p2a: Calyrex|Nasty Plot|p2a: Calyrex
|-boost|p2a: Calyrex|spa|2
|
|upkeep
|turn|19
|
|t:|1604472687
|move|p1a: Yveltal|Sucker Punch||[still]
|-fail|p1a: Yveltal
|move|p2a: Calyrex|Nasty Plot|p2a: Calyrex
|-boost|p2a: Calyrex|spa|1
|
|upkeep
|turn|20
|
|t:|1604472694
|move|p1a: Yveltal|Sucker Punch||[still]
|-fail|p1a: Yveltal
|move|p2a: Calyrex|Nasty Plot|p2a: Calyrex
|-boost|p2a: Calyrex|spa|0
|
|upkeep
|turn|21
|
|t:|1604472700
|-start|p2a: Calyrex|Dynamax
|-heal|p2a: Calyrex|78/100|[silent]
|move|p2a: Calyrex|Max Starfall|p1a: Yveltal
|-supereffective|p1a: Yveltal
|-damage|p1a: Yveltal|0 fnt
|-fieldstart|move: Misty Terrain
|-damage|p2a: Calyrex|73/100|[from] item: Life Orb
|faint|p1a: Yveltal
|
|upkeep
|-message|Rell27 forfeited.
|
|win|Sanae_pls
|l|☆Rell27
|raw|Rell27's rating: 1412 &rarr; <strong>1393</strong><br />(-19 for losing)
|raw|Sanae_pls's rating: 1436 &rarr; <strong>1454</strong><br />(+18 for winning)
