|raw|<div class="broadcast-blue"><strong>This battle is required to be public due to a player having a name starting with 'ULT8RQ'.</div>
|j|☆ULT8RQ KB
|j|☆GyuuDAYS♪
|t:|1620730695
|gametype|singles
|player|p1|ULT8RQ KB|rood|1403
|player|p2|GyuuDAYS♪|veteranf|1529
|teamsize|p1|6
|teamsize|p2|6
|gen|8
|tier|[Gen 8] Ubers
|rated|
|rule|Sleep Clause Mod: Limit one foe put to sleep
|rule|Species Clause: Limit one of each Pokémon
|rule|OHKO Clause: OHKO moves are banned
|rule|Evasion Moves Clause: Evasion moves are banned
|rule|Endless Battle Clause: Forcing endless battles is banned
|rule|HP Percentage Mod: HP is shown in percentages
|rule|Dynamax Clause: You cannot dynamax
|clearpoke
|poke|p1|Froslass, F|
|poke|p1|Grimmsnarl, M|
|poke|p1|Marshadow|
|poke|p1|Groudon|
|poke|p1|Zekrom|
|poke|p1|Xerneas-*|
|poke|p2|Blissey, F|
|poke|p2|Eternatus|
|poke|p2|Necrozma-Dusk-Mane|
|poke|p2|Ho-Oh|
|poke|p2|Terrakion|
|poke|p2|Calyrex-Shadow|
|teampreview
|inactive|Battle timer is ON: inactive players will automatically lose when time's up. (requested by ULT8RQ KB)
|
|t:|1620730712
|start
|updatepoke|p1: Xerneas|Xerneas
|switch|p1a: Froslass|Froslass, F|100/100
|switch|p2a: Calyrex|Calyrex-Shadow|100/100
|-ability|p2a: Calyrex|As One
|-ability|p2a: Calyrex|Unnerve
|turn|1
|
|t:|1620730726
|move|p2a: Calyrex|Trick|p1a: Froslass
|-activate|p2a: Calyrex|move: Trick|[of] p1a: Froslass
|-item|p1a: Froslass|Choice Scarf|[from] move: Trick
|-item|p2a: Calyrex|Focus Sash|[from] move: Trick
|move|p1a: Froslass|Spikes|p2a: Calyrex
|-sidestart|p2: GyuuDAYS♪|Spikes
|
|upkeep
|turn|2
|
|t:|1620730731
|move|p1a: Froslass|Spikes|p2a: Calyrex
|-sidestart|p2: GyuuDAYS♪|Spikes
|move|p2a: Calyrex|Astral Barrage|p1a: Froslass
|-supereffective|p1a: Froslass
|-damage|p1a: Froslass|0 fnt
|faint|p1a: Froslass
|-ability|p2a: Calyrex|Grim Neigh|boost
|-boost|p2a: Calyrex|spa|1
|
|upkeep
|
|t:|1620730739
|switch|p1a: Marshadow|Marshadow|100/100
|turn|3
|
|t:|1620730758
|switch|p2a: Blissey|Blissey, F|100/100
|-damage|p2a: Blissey|84/100|[from] Spikes
|move|p1a: Marshadow|Rock Tomb|p2a: Blissey
|-damage|p2a: Blissey|50/100
|-unboost|p2a: Blissey|spe|1
|
|upkeep
|turn|4
|
|t:|1620730765
|switch|p2a: Eternatus|Eternatus|100/100
|-damage|p2a: Eternatus|84/100|[from] Spikes
|-ability|p2a: Eternatus|Pressure
|move|p1a: Marshadow|Close Combat|p2a: Eternatus
|-resisted|p2a: Eternatus
|-damage|p2a: Eternatus|59/100
|-unboost|p1a: Marshadow|def|1
|-unboost|p1a: Marshadow|spd|1
|
|upkeep
|turn|5
|inactive|ULT8RQ KB has 120 seconds left.
|
|t:|1620730808
|move|p1a: Marshadow|Rock Tomb|p2a: Eternatus
|-damage|p2a: Eternatus|34/100
|-unboost|p2a: Eternatus|spe|1
|move|p2a: Eternatus|Recover|p2a: Eternatus
|-heal|p2a: Eternatus|84/100
|
|upkeep
|turn|6
|
|t:|1620730818
|switch|p1a: Grimmsnarl|Grimmsnarl, M|100/100
|move|p2a: Eternatus|Dynamax Cannon|p1a: Grimmsnarl
|-immune|p1a: Grimmsnarl
|
|upkeep
|turn|7
|j| Luckpup
|inactive|ULT8RQ KB has 120 seconds left.
|
|t:|1620730838
|switch|p2a: Necrozma|Necrozma-Dusk-Mane|100/100
|-damage|p2a: Necrozma|84/100|[from] Spikes
|move|p1a: Grimmsnarl|Light Screen|p1a: Grimmsnarl
|-sidestart|p1: ULT8RQ KB|move: Light Screen
|
|-heal|p2a: Necrozma|90/100|[from] item: Leftovers
|upkeep
|turn|8
|
|t:|1620730842
|move|p1a: Grimmsnarl|Reflect|p1a: Grimmsnarl
|-sidestart|p1: ULT8RQ KB|Reflect
|move|p2a: Necrozma|Sunsteel Strike|p1a: Grimmsnarl
|-supereffective|p1a: Grimmsnarl
|-damage|p1a: Grimmsnarl|53/100
|
|-heal|p2a: Necrozma|96/100|[from] item: Leftovers
|upkeep
|turn|9
|
|t:|1620730844
|move|p1a: Grimmsnarl|Thunder Wave|p2a: Necrozma
|-status|p2a: Necrozma|par
|move|p2a: Necrozma|Sunsteel Strike|p1a: Grimmsnarl
|-supereffective|p1a: Grimmsnarl
|-damage|p1a: Grimmsnarl|3/100
|
|-heal|p2a: Necrozma|100/100 par|[from] item: Leftovers
|upkeep
|turn|10
|
|t:|1620730846
|move|p1a: Grimmsnarl|Taunt|p2a: Necrozma
|-start|p2a: Necrozma|move: Taunt
|cant|p2a: Necrozma|par
|
|upkeep
|turn|11
|
|t:|1620730850
|move|p1a: Grimmsnarl|Thunder Wave|p2a: Necrozma
|-fail|p2a: Necrozma|par
|move|p2a: Necrozma|Earthquake|p1a: Grimmsnarl
|-damage|p1a: Grimmsnarl|0 fnt
|faint|p1a: Grimmsnarl
|
|upkeep
|
|t:|1620730853
|switch|p1a: Zekrom|Zekrom|100/100
|-ability|p1a: Zekrom|Teravolt
|turn|12
|
|t:|1620730855
|move|p1a: Zekrom|Substitute|p1a: Zekrom
|-start|p1a: Zekrom|Substitute
|-damage|p1a: Zekrom|76/100
|move|p2a: Necrozma|Earthquake|p1a: Zekrom
|-supereffective|p1a: Zekrom
|-end|p1a: Zekrom|Substitute
|
|-heal|p1a: Zekrom|82/100|[from] item: Leftovers
|-end|p2a: Necrozma|move: Taunt
|upkeep
|turn|13
|
|t:|1620730877
|move|p1a: Zekrom|Substitute|p1a: Zekrom
|-start|p1a: Zekrom|Substitute
|-damage|p1a: Zekrom|57/100
|cant|p2a: Necrozma|par
|
|-heal|p1a: Zekrom|63/100|[from] item: Leftovers
|upkeep
|turn|14
|
|t:|1620730881
|move|p1a: Zekrom|Dragon Dance|p1a: Zekrom
|-boost|p1a: Zekrom|atk|1
|-boost|p1a: Zekrom|spe|1
|move|p2a: Necrozma|Earthquake|p1a: Zekrom
|-supereffective|p1a: Zekrom
|-end|p1a: Zekrom|Substitute
|
|-heal|p1a: Zekrom|69/100|[from] item: Leftovers
|-sideend|p1: ULT8RQ KB|move: Light Screen
|upkeep
|turn|15
|l| Luckpup
|
|t:|1620730908
|move|p1a: Zekrom|Bolt Strike|p2a: Necrozma
|-damage|p2a: Necrozma|41/100 par
|move|p2a: Necrozma|Earthquake|p1a: Zekrom
|-supereffective|p1a: Zekrom
|-damage|p1a: Zekrom|38/100
|
|-heal|p1a: Zekrom|44/100|[from] item: Leftovers
|-heal|p2a: Necrozma|47/100 par|[from] item: Leftovers
|-sideend|p1: ULT8RQ KB|Reflect
|upkeep
|turn|16
|
|t:|1620730917
|move|p1a: Zekrom|Bolt Strike|p2a: Necrozma
|-damage|p2a: Necrozma|0 fnt
|faint|p2a: Necrozma
|
|-heal|p1a: Zekrom|51/100|[from] item: Leftovers
|upkeep
|
|t:|1620730925
|switch|p2a: Calyrex|Calyrex-Shadow|100/100
|-ability|p2a: Calyrex|As One
|-ability|p2a: Calyrex|Unnerve
|-damage|p2a: Calyrex|84/100|[from] Spikes
|turn|17
|
|t:|1620730929
|move|p2a: Calyrex|Astral Barrage|p1a: Zekrom
|-damage|p1a: Zekrom|0 fnt
|faint|p1a: Zekrom
|-ability|p2a: Calyrex|Grim Neigh|boost
|-boost|p2a: Calyrex|spa|1
|
|upkeep
|
|t:|1620730930
|switch|p1a: Marshadow|Marshadow|100/100
|turn|18
|
|t:|1620730941
|switch|p2a: Blissey|Blissey, F|50/100
|-damage|p2a: Blissey|34/100|[from] Spikes
|move|p1a: Marshadow|Spectral Thief|p2a: Blissey
|-immune|p2a: Blissey
|
|upkeep
|turn|19
|
|t:|1620730945
|switch|p2a: Eternatus|Eternatus|84/100
|-damage|p2a: Eternatus|67/100|[from] Spikes
|-ability|p2a: Eternatus|Pressure
|move|p1a: Marshadow|Close Combat|p2a: Eternatus
|-resisted|p2a: Eternatus
|-crit|p2a: Eternatus
|-damage|p2a: Eternatus|32/100
|-unboost|p1a: Marshadow|def|1
|-unboost|p1a: Marshadow|spd|1
|
|upkeep
|turn|20
|
|t:|1620730972
|move|p1a: Marshadow|Rock Tomb|p2a: Eternatus
|-damage|p2a: Eternatus|5/100
|-unboost|p2a: Eternatus|spe|1
|move|p2a: Eternatus|Recover|p2a: Eternatus
|-heal|p2a: Eternatus|55/100
|
|upkeep
|turn|21
|
|t:|1620730976
|move|p1a: Marshadow|Spectral Thief|p2a: Eternatus
|-damage|p2a: Eternatus|14/100
|move|p2a: Eternatus|Recover|p2a: Eternatus
|-heal|p2a: Eternatus|64/100
|
|upkeep
|turn|22
|
|t:|1620730979
|move|p1a: Marshadow|Rock Tomb|p2a: Eternatus
|-damage|p2a: Eternatus|40/100
|-unboost|p2a: Eternatus|spe|1
|move|p2a: Eternatus|Recover|p2a: Eternatus
|-heal|p2a: Eternatus|91/100
|
|upkeep
|turn|23
|
|t:|1620730987
|switch|p1a: Groudon|Groudon|100/100
|-weather|SunnyDay|[from] ability: Drought|[of] p1a: Groudon
|move|p2a: Eternatus|Dynamax Cannon|p1a: Groudon
|-crit|p1a: Groudon
|-damage|p1a: Groudon|2/100
|
|-weather|SunnyDay|[upkeep]
|upkeep
|turn|24
|
|t:|1620730993
|move|p1a: Groudon|Rock Polish|p1a: Groudon
|-boost|p1a: Groudon|spe|2
|move|p2a: Eternatus|Flamethrower|p1a: Groudon
|-damage|p1a: Groudon|0 fnt
|faint|p1a: Groudon
|
|-weather|SunnyDay|[upkeep]
|upkeep
|
|t:|1620730995
|switch|p1a: Xerneas|Xerneas|100/100
|-ability|p1a: Xerneas|Fairy Aura
|turn|25
|
|t:|1620730997
|switch|p2a: Ho-Oh|Ho-Oh|100/100
|move|p1a: Xerneas|Geomancy||[still]
|-prepare|p1a: Xerneas|Geomancy
|-enditem|p1a: Xerneas|Power Herb
|-anim|p1a: Xerneas|Geomancy|p1a: Xerneas
|-boost|p1a: Xerneas|spa|2
|-boost|p1a: Xerneas|spd|2
|-boost|p1a: Xerneas|spe|2
|
|-weather|SunnyDay|[upkeep]
|upkeep
|turn|26
|
|t:|1620730999
|move|p1a: Xerneas|Thunder|p2a: Ho-Oh|[miss]
|-miss|p1a: Xerneas|p2a: Ho-Oh
|move|p2a: Ho-Oh|Whirlwind|p1a: Xerneas
|drag|p1a: Marshadow|Marshadow|100/100
|
|-weather|SunnyDay|[upkeep]
|upkeep
|turn|27
|
|t:|1620731007
|switch|p2a: Blissey|Blissey, F|34/100
|-damage|p2a: Blissey|17/100|[from] Spikes
|move|p1a: Marshadow|Rock Tomb|p2a: Blissey
|-damage|p2a: Blissey|0 fnt
|faint|p2a: Blissey
|
|-weather|none
|upkeep
|
|t:|1620731013
|switch|p2a: Eternatus|Eternatus|91/100
|-damage|p2a: Eternatus|74/100|[from] Spikes
|-ability|p2a: Eternatus|Pressure
|turn|28
|
|t:|1620731022
|move|p1a: Marshadow|Rock Tomb|p2a: Eternatus
|-damage|p2a: Eternatus|48/100
|-unboost|p2a: Eternatus|spe|1
|move|p2a: Eternatus|Meteor Beam||[still]
|-prepare|p2a: Eternatus|Meteor Beam
|-boost|p2a: Eternatus|spa|1
|-enditem|p2a: Eternatus|Power Herb
|-anim|p2a: Eternatus|Meteor Beam|p1a: Marshadow
|-resisted|p1a: Marshadow
|-damage|p1a: Marshadow|59/100
|
|upkeep
|turn|29
|
|t:|1620731027
|move|p1a: Marshadow|Spectral Thief||[still]
|-clearpositiveboost|p2a: Eternatus|p1a: Marshadow|move: Spectral Thief
|-boost|p1a: Marshadow|spa|1
|-anim|p1a: Marshadow|Spectral Thief|p2a: Eternatus
|-damage|p2a: Eternatus|7/100
|move|p2a: Eternatus|Recover|p2a: Eternatus
|-heal|p2a: Eternatus|58/100
|
|upkeep
|turn|30
|
|t:|1620731032
|move|p1a: Marshadow|Spectral Thief|p2a: Eternatus
|-damage|p2a: Eternatus|17/100
|move|p2a: Eternatus|Recover|p2a: Eternatus
|-heal|p2a: Eternatus|67/100
|
|upkeep
|turn|31
|
|t:|1620731038
|move|p1a: Marshadow|Rock Tomb|p2a: Eternatus
|-damage|p2a: Eternatus|42/100
|-unboost|p2a: Eternatus|spe|1
|move|p2a: Eternatus|Recover|p2a: Eternatus
|-heal|p2a: Eternatus|92/100
|
|upkeep
|turn|32
|
|t:|1620731043
|move|p1a: Marshadow|Spectral Thief|p2a: Eternatus
|-damage|p2a: Eternatus|55/100
|move|p2a: Eternatus|Dynamax Cannon|p1a: Marshadow
|-damage|p1a: Marshadow|0 fnt
|faint|p1a: Marshadow
|
|upkeep
|
|t:|1620731045
|switch|p1a: Xerneas|Xerneas|100/100
|-ability|p1a: Xerneas|Fairy Aura
|turn|33
|
|t:|1620731050
|move|p1a: Xerneas|Geomancy||[still]
|-prepare|p1a: Xerneas|Geomancy
|move|p2a: Eternatus|Flamethrower|p1a: Xerneas
|-damage|p1a: Xerneas|70/100
|
|upkeep
|turn|34
|
|t:|1620731053
|move|p1a: Xerneas|Geomancy|p1a: Xerneas|[from]lockedmove
|-boost|p1a: Xerneas|spa|2
|-boost|p1a: Xerneas|spd|2
|-boost|p1a: Xerneas|spe|2
|move|p2a: Eternatus|Flamethrower|p1a: Xerneas
|-damage|p1a: Xerneas|56/100
|
|upkeep
|turn|35
|
|t:|1620731057
|move|p1a: Xerneas|Moonblast|p2a: Eternatus
|-damage|p2a: Eternatus|0 fnt
|faint|p2a: Eternatus
|
|upkeep
|
|t:|1620731062
|switch|p2a: Ho-Oh|Ho-Oh|100/100
|turn|36
|
|t:|1620731064
|move|p1a: Xerneas|Thunder|p2a: Ho-Oh
|-supereffective|p2a: Ho-Oh
|-damage|p2a: Ho-Oh|10/100
|move|p2a: Ho-Oh|Thunder Wave|p1a: Xerneas
|-status|p1a: Xerneas|par
|
|upkeep
|turn|37
|
|t:|1620731068
|cant|p1a: Xerneas|par
|move|p2a: Ho-Oh|Sacred Fire|p1a: Xerneas
|-damage|p1a: Xerneas|19/100 par
|
|upkeep
|turn|38
|
|t:|1620731070
|move|p1a: Xerneas|Moonblast|p2a: Ho-Oh
|-resisted|p2a: Ho-Oh
|-damage|p2a: Ho-Oh|0 fnt
|faint|p2a: Ho-Oh
|
|upkeep
|
|t:|1620731073
|switch|p2a: Terrakion|Terrakion|100/100
|-damage|p2a: Terrakion|84/100|[from] Spikes
|turn|39
|
|t:|1620731079
|move|p2a: Terrakion|Close Combat|p1a: Xerneas
|-resisted|p1a: Xerneas
|-damage|p1a: Xerneas|0 fnt
|-unboost|p2a: Terrakion|def|1
|-unboost|p2a: Terrakion|spd|1
|faint|p1a: Xerneas
|
|win|GyuuDAYS♪
|raw|ULT8RQ KB's rating: 1425 &rarr; <strong>1411</strong><br />(-14 for losing)
|raw|GyuuDAYS♪'s rating: 1529 &rarr; <strong>1543</strong><br />(+14 for winning)
|c|☆GyuuDAYS♪|gg
|c|☆ULT8RQ KB|gg
|l|☆ULT8RQ KB
