|j|☆Poke-Master-KXx
|j|☆8142e
|t:|1630748612
|gametype|singles
|player|p1|Poke-Master-KXx|wallace|
|player|p2|8142e|aromalady|
|teamsize|p1|6
|teamsize|p2|6
|gen|8
|tier|[Gen 8] Ubers
|rated|Tournament battle
|rule|Sleep Clause Mod: Limit one foe put to sleep
|rule|Species Clause: Limit one of each Pokémon
|rule|OHKO Clause: OHKO moves are banned
|rule|Evasion Moves Clause: Evasion moves are banned
|rule|Endless Battle Clause: Forcing endless battles is banned
|rule|HP Percentage Mod: HP is shown in percentages
|rule|Dynamax Clause: You cannot dynamax
|clearpoke
|poke|p1|Yveltal|
|poke|p1|Urshifu-*, F|
|poke|p1|Ho-Oh|
|poke|p1|Kyogre|
|poke|p1|Shuckle, M|
|poke|p1|Marshadow|
|poke|p2|Blissey, F|
|poke|p2|Groudon|
|poke|p2|Xerneas-*|
|poke|p2|Necrozma-Dusk-Mane|
|poke|p2|Eternatus|
|poke|p2|Yveltal|
|teampreview
|inactive|Battle timer is ON: inactive players will automatically lose when time's up. (requested by 8142e)
|
|t:|1630748631
|start
|switch|p1a: Yveltal|Yveltal|100/100
|switch|p2a: Necrozma|Necrozma-Dusk-Mane|100/100
|-ability|p1a: Yveltal|Dark Aura
|turn|1
|j| Zaettsu
|
|t:|1630748655
|switch|p2a: Xerneas|Xerneas|100/100
|-ability|p2a: Xerneas|Fairy Aura
|move|p1a: Yveltal|Knock Off|p2a: Xerneas
|-resisted|p2a: Xerneas
|-damage|p2a: Xerneas|78/100
|-enditem|p2a: Xerneas|Leftovers|[from] move: Knock Off|[of] p1a: Yveltal
|
|upkeep
|turn|2
|j|%shrang
|
|t:|1630748682
|switch|p1a: Shuckle|Shuckle, M|100/100
|move|p2a: Xerneas|Moonblast|p1a: Shuckle
|-damage|p1a: Shuckle|73/100
|
|-heal|p1a: Shuckle|79/100|[from] item: Leftovers
|upkeep
|turn|3
|
|t:|1630748690
|switch|p2a: Necrozma|Necrozma-Dusk-Mane|100/100
|move|p1a: Shuckle|Sticky Web|p2a: Necrozma
|-sidestart|p2: 8142e|move: Sticky Web
|
|-heal|p1a: Shuckle|85/100|[from] item: Leftovers
|upkeep
|turn|4
|l|%shrang
|
|t:|1630748699
|move|p2a: Necrozma|Stealth Rock|p1a: Shuckle
|-sidestart|p1: Poke-Master-KXx|move: Stealth Rock
|move|p1a: Shuckle|Stealth Rock|p2a: Necrozma
|-sidestart|p2: 8142e|move: Stealth Rock
|
|-heal|p1a: Shuckle|91/100|[from] item: Leftovers
|upkeep
|turn|5
|
|t:|1630748719
|switch|p1a: Ho-Oh|Ho-Oh|100/100
|-damage|p1a: Ho-Oh|50/100|[from] Stealth Rock
|-ability|p1a: Ho-Oh|Pressure
|move|p2a: Necrozma|Iron Head|p1a: Ho-Oh
|-resisted|p1a: Ho-Oh
|-crit|p1a: Ho-Oh
|-damage|p1a: Ho-Oh|21/100
|
|-heal|p1a: Ho-Oh|27/100|[from] item: Leftovers
|upkeep
|turn|6
|
|t:|1630748734
|switch|p2a: Eternatus|Eternatus|100/100
|-damage|p2a: Eternatus|88/100|[from] Stealth Rock
|-activate|p2a: Eternatus|move: Sticky Web
|-unboost|p2a: Eternatus|spe|1
|-ability|p2a: Eternatus|Pressure
|move|p1a: Ho-Oh|Sacred Fire|p2a: Eternatus|[miss]
|-miss|p1a: Ho-Oh|p2a: Eternatus
|
|-heal|p1a: Ho-Oh|33/100|[from] item: Leftovers
|upkeep
|turn|7
|inactive|Poke-Master-KXx has 120 seconds left.
|
|t:|1630748749
|move|p2a: Eternatus|Dynamax Cannon|p1a: Ho-Oh
|-damage|p1a: Ho-Oh|2/100
|-damage|p2a: Eternatus|78/100|[from] item: Life Orb
|move|p1a: Ho-Oh|Earthquake|p2a: Eternatus
|-supereffective|p2a: Eternatus
|-damage|p2a: Eternatus|27/100
|
|-heal|p1a: Ho-Oh|8/100|[from] item: Leftovers
|upkeep
|turn|8
|
|t:|1630748759
|move|p2a: Eternatus|Dynamax Cannon|p1a: Ho-Oh
|-damage|p1a: Ho-Oh|0 fnt
|faint|p1a: Ho-Oh
|-damage|p2a: Eternatus|17/100|[from] item: Life Orb
|
|upkeep
|inactive|Poke-Master-KXx has 120 seconds left.
|j| Gareeeb
|j| evilpokefan
|
|t:|1630748780
|switch|p1a: Marshadow|Marshadow|100/100
|-damage|p1a: Marshadow|94/100|[from] Stealth Rock
|turn|9
|j|^Raph369
|c|^Raph369|who was the first 8truc?
|inactive|8142e has 120 seconds left.
|
|t:|1630748814
|switch|p2a: Yveltal|Yveltal|100/100
|-ability|p2a: Yveltal|Dark Aura
|move|p1a: Marshadow|Close Combat|p2a: Yveltal
|-damage|p2a: Yveltal|49/100
|-unboost|p1a: Marshadow|def|1
|-unboost|p1a: Marshadow|spd|1
|
|upkeep
|turn|10
|inactive|Poke-Master-KXx has 120 seconds left.
|
|t:|1630748823
|move|p1a: Marshadow|Close Combat|p2a: Yveltal
|-damage|p2a: Yveltal|0 fnt
|-unboost|p1a: Marshadow|def|1
|-unboost|p1a: Marshadow|spd|1
|faint|p2a: Yveltal
|
|upkeep
|
|t:|1630748825
|switch|p2a: Xerneas|Xerneas|78/100
|-activate|p2a: Xerneas|move: Sticky Web
|-unboost|p2a: Xerneas|spe|1
|-damage|p2a: Xerneas|66/100|[from] Stealth Rock
|-ability|p2a: Xerneas|Fairy Aura
|turn|11
|
|t:|1630748840
|switch|p1a: Shuckle|Shuckle, M|91/100
|-damage|p1a: Shuckle|66/100|[from] Stealth Rock
|move|p2a: Xerneas|Moonblast|p1a: Shuckle
|-damage|p1a: Shuckle|38/100
|
|-heal|p1a: Shuckle|44/100|[from] item: Leftovers
|upkeep
|turn|12
|c|^Raph369|???
|c|^Raph369|why sack yvel
|c|^Raph369|when you have xern
|
|t:|1630748853
|switch|p2a: Necrozma|Necrozma-Dusk-Mane|100/100
|-damage|p2a: Necrozma|94/100|[from] Stealth Rock
|-activate|p2a: Necrozma|move: Sticky Web
|-unboost|p2a: Necrozma|spe|1
|move|p1a: Shuckle|Infestation|p2a: Necrozma
|-damage|p2a: Necrozma|93/100
|-activate|p2a: Necrozma|move: Infestation|[of] p1a: Shuckle
|-damage|p1a: Shuckle|28/100|[from] item: Rocky Helmet|[of] p2a: Necrozma
|
|-heal|p1a: Shuckle|34/100|[from] item: Leftovers
|-damage|p2a: Necrozma|81/100|[from] move: Infestation|[partiallytrapped]
|upkeep
|turn|13
|c|☆8142e|doing 3 at once
|c|☆8142e|lol
|
|t:|1630748870
|move|p2a: Necrozma|Iron Head|p1a: Shuckle
|-supereffective|p1a: Shuckle
|-damage|p1a: Shuckle|0 fnt
|faint|p1a: Shuckle
|
|-end|p2a: Necrozma|Infestation|[partiallytrapped]|[silent]
|upkeep
|c|^Raph369|you're losing against lefto shuckle
|inactive|Poke-Master-KXx has 120 seconds left.
|
|t:|1630748881
|switch|p1a: Yveltal|Yveltal|100/100
|-damage|p1a: Yveltal|75/100|[from] Stealth Rock
|-ability|p1a: Yveltal|Dark Aura
|turn|14
|
|t:|1630748903
|move|p1a: Yveltal|Knock Off|p2a: Necrozma
|-supereffective|p2a: Necrozma
|-damage|p2a: Necrozma|0 fnt
|-damage|p1a: Yveltal|59/100|[from] item: Rocky Helmet|[of] p2a: Necrozma
|-enditem|p2a: Necrozma|Rocky Helmet|[from] move: Knock Off|[of] p1a: Yveltal
|faint|p2a: Necrozma
|
|-heal|p1a: Yveltal|65/100|[from] item: Leftovers
|upkeep
|
|t:|1630748905
|switch|p2a: Xerneas|Xerneas|66/100
|-activate|p2a: Xerneas|move: Sticky Web
|-unboost|p2a: Xerneas|spe|1
|-damage|p2a: Xerneas|53/100|[from] Stealth Rock
|-ability|p2a: Xerneas|Fairy Aura
|turn|15
|c|^Raph369|???
|inactive|Poke-Master-KXx has 120 seconds left.
|
|t:|1630748935
|switch|p1a: Urshifu|Urshifu, F|100/100
|-damage|p1a: Urshifu|94/100|[from] Stealth Rock
|move|p2a: Xerneas|Moonblast|p1a: Urshifu
|-supereffective|p1a: Urshifu
|-damage|p1a: Urshifu|0 fnt
|faint|p1a: Urshifu
|
|upkeep
|
|t:|1630748944
|switch|p1a: Kyogre|Kyogre|100/100
|-damage|p1a: Kyogre|88/100|[from] Stealth Rock
|-weather|RainDance|[from] ability: Drizzle|[of] p1a: Kyogre
|turn|16
|inactive|Poke-Master-KXx has 120 seconds left.
|
|t:|1630748952
|switch|p2a: Blissey|Blissey, F|100/100
|-activate|p2a: Blissey|move: Sticky Web
|-unboost|p2a: Blissey|spe|1
|-damage|p2a: Blissey|88/100|[from] Stealth Rock
|move|p1a: Kyogre|Origin Pulse|p2a: Blissey
|-damage|p2a: Blissey|69/100
|
|-weather|RainDance|[upkeep]
|-heal|p1a: Kyogre|94/100|[from] item: Leftovers
|upkeep
|turn|17
|inactive|Poke-Master-KXx has 120 seconds left.
|
|t:|1630748963
|move|p1a: Kyogre|Water Spout|p2a: Blissey
|-damage|p2a: Blissey|46/100
|move|p2a: Blissey|Soft-Boiled|p2a: Blissey
|-heal|p2a: Blissey|96/100
|
|-weather|RainDance|[upkeep]
|-heal|p1a: Kyogre|100/100|[from] item: Leftovers
|upkeep
|turn|18
|j| lets.do.it 18
|
|t:|1630748971
|switch|p1a: Yveltal|Yveltal|65/100
|-damage|p1a: Yveltal|40/100|[from] Stealth Rock
|-ability|p1a: Yveltal|Dark Aura
|move|p2a: Blissey|Seismic Toss|p1a: Yveltal
|-damage|p1a: Yveltal|18/100
|
|-weather|RainDance|[upkeep]
|-heal|p1a: Yveltal|24/100|[from] item: Leftovers
|upkeep
|turn|19
|
|t:|1630748984
|switch|p2a: Eternatus|Eternatus|17/100
|-damage|p2a: Eternatus|5/100|[from] Stealth Rock
|-activate|p2a: Eternatus|move: Sticky Web
|-unboost|p2a: Eternatus|spe|1
|-ability|p2a: Eternatus|Pressure
|move|p1a: Yveltal|Roost|p1a: Yveltal
|-heal|p1a: Yveltal|74/100
|-singleturn|p1a: Yveltal|move: Roost
|
|-weather|RainDance|[upkeep]
|-heal|p1a: Yveltal|80/100|[from] item: Leftovers
|upkeep
|turn|20
|inactive|Poke-Master-KXx has 120 seconds left.
|
|t:|1630749008
|move|p1a: Yveltal|Sucker Punch||[still]
|-fail|p1a: Yveltal
|move|p2a: Eternatus|Recover|p2a: Eternatus
|-heal|p2a: Eternatus|55/100
|
|-weather|none
|-heal|p1a: Yveltal|86/100|[from] item: Leftovers
|upkeep
|turn|21
|inactive|Poke-Master-KXx has 120 seconds left.
|
|t:|1630749015
|move|p2a: Eternatus|Recover|p2a: Eternatus
|-heal|p2a: Eternatus|100/100
|move|p1a: Yveltal|Knock Off|p2a: Eternatus
|-damage|p2a: Eternatus|35/100
|-enditem|p2a: Eternatus|Life Orb|[from] move: Knock Off|[of] p1a: Yveltal
|
|-heal|p1a: Yveltal|93/100|[from] item: Leftovers
|upkeep
|turn|22
|
|t:|1630749024
|move|p2a: Eternatus|Recover|p2a: Eternatus
|-heal|p2a: Eternatus|85/100
|move|p1a: Yveltal|Knock Off|p2a: Eternatus
|-damage|p2a: Eternatus|42/100
|
|-heal|p1a: Yveltal|99/100|[from] item: Leftovers
|upkeep
|turn|23
|
|t:|1630749033
|switch|p1a: Kyogre|Kyogre|100/100
|-damage|p1a: Kyogre|88/100|[from] Stealth Rock
|-weather|RainDance|[from] ability: Drizzle|[of] p1a: Kyogre
|move|p2a: Eternatus|Recover|p2a: Eternatus
|-heal|p2a: Eternatus|92/100
|
|-weather|RainDance|[upkeep]
|-heal|p1a: Kyogre|94/100|[from] item: Leftovers
|upkeep
|turn|24
|
|t:|1630749047
|switch|p2a: Blissey|Blissey, F|96/100
|-damage|p2a: Blissey|84/100|[from] Stealth Rock
|-activate|p2a: Blissey|move: Sticky Web
|-unboost|p2a: Blissey|spe|1
|move|p1a: Kyogre|Blizzard|p2a: Blissey
|-damage|p2a: Blissey|72/100
|
|-weather|RainDance|[upkeep]
|-heal|p1a: Kyogre|100/100|[from] item: Leftovers
|upkeep
|turn|25
|
|t:|1630749058
|move|p1a: Kyogre|Thunder|p2a: Blissey|[miss]
|-miss|p1a: Kyogre|p2a: Blissey
|move|p2a: Blissey|Soft-Boiled|p2a: Blissey
|-heal|p2a: Blissey|100/100
|
|-weather|RainDance|[upkeep]
|upkeep
|turn|26
|c|☆Poke-Master-KXx|wait how it misses
|inactive|Poke-Master-KXx has 120 seconds left.
|c|☆8142e|umbrella
|c|☆8142e|can u wait
|c|☆8142e|please
|j| Skimmythegod
|
|t:|1630749099
|move|p1a: Kyogre|Thunder|p2a: Blissey
|-damage|p2a: Blissey|88/100
|move|p2a: Blissey|Seismic Toss|p1a: Kyogre
|-damage|p1a: Kyogre|71/100
|
|-weather|RainDance|[upkeep]
|-heal|p1a: Kyogre|77/100|[from] item: Leftovers
|upkeep
|turn|27
|inactiveoff|Battle timer is now OFF.
|l|☆8142e
|player|p2|
|j|%shrang
|c| Skimmythegod|814
|c| Skimmythegod|ragequit
|c| Skimmythegod|against me too
|l|%shrang
|l| lets.do.it 18
|j| Hoennseptile
|c| Hoennseptile|lol
|l| Gareeeb
|c| evilpokefan|Poke-Master-KXx start timer
|inactive|Battle timer is ON: inactive players will automatically lose when time's up. (requested by Poke-Master-KXx)
|inactive|8142e has 30 seconds to reconnect!
|inactive|8142e has 20 seconds to reconnect!
|inactive|8142e has 15 seconds to reconnect!
|inactive|8142e has 10 seconds to reconnect!
|c|^Raph369|unfort
|inactive|8142e has 5 seconds to reconnect!
|-message|8142e lost due to inactivity.
|
|win|Poke-Master-KXx
|n|☆Poke-Master-KXx|pokemasterkxx
|n| Zaettsu|zaettsu
|n| evilpokefan|evilpokefan
|n| Raph369|raph369
|n| Skimmythegod|skimmythegod
|n| Hoennseptile|hoennseptile
|c| Hoennseptile|smh people care about wins more
|l| Skimmythegod
|c| Hoennseptile|than humanity
|c| Raph369|no
|c| Hoennseptile|.o
|c| Raph369|8truc fault
|l| Raph369
|c|☆Poke-Master-KXx|gg
