|j|☆Hjuyttdd
|j|☆godsomu07
|t:|1661347494
|gametype|singles
|player|p1|Hjuyttdd|aromalady|
|player|p2|godsomu07|grimsley|
|teamsize|p1|6
|teamsize|p2|6
|gen|8
|tier|[Gen 8] Ubers
|rated|Tournament battle
|rule|Sleep Clause Mod: Limit one foe put to sleep
|rule|Species Clause: Limit one of each Pokémon
|rule|OHKO Clause: OHKO moves are banned
|rule|Evasion Items Clause: Evasion items are banned
|rule|Evasion Moves Clause: Evasion moves are banned
|rule|Endless Battle Clause: Forcing endless battles is banned
|rule|HP Percentage Mod: HP is shown in percentages
|rule|Dynamax Clause: You cannot dynamax
|clearpoke
|poke|p1|Moltres-Galar|
|poke|p1|Weavile, F|
|poke|p1|Marshadow|
|poke|p1|Necrozma-Dusk-Mane|
|poke|p1|Grimmsnarl, M|
|poke|p1|Zekrom|
|poke|p2|Aerodactyl, M|
|poke|p2|Weavile, F|
|poke|p2|Yveltal|
|poke|p2|Calyrex-Shadow|
|poke|p2|Necrozma-Dusk-Mane|
|poke|p2|Rayquaza|
|teampreview
|inactive|Battle timer is ON: inactive players will automatically lose when time's up. (requested by godsomu07)
|inactive|Hjuyttdd has 120 seconds left.
|
|t:|1661347525
|start
|switch|p1a: Marshadow|Marshadow|100/100
|switch|p2a: Aerodactyl|Aerodactyl, M|100/100
|-ability|p2a: Aerodactyl|Pressure
|turn|1
|
|t:|1661347537
|move|p2a: Aerodactyl|Stealth Rock|p1a: Marshadow
|-sidestart|p1: Hjuyttdd|move: Stealth Rock
|move|p1a: Marshadow|Spectral Thief|p2a: Aerodactyl
|-enditem|p2a: Aerodactyl|Focus Sash
|-damage|p2a: Aerodactyl|1/100
|-damage|p1a: Marshadow|91/100|[from] item: Life Orb
|
|upkeep
|turn|2
|
|t:|1661347548
|move|p1a: Marshadow|Shadow Sneak|p2a: Aerodactyl
|-damage|p2a: Aerodactyl|0 fnt
|faint|p2a: Aerodactyl
|-damage|p1a: Marshadow|81/100|[from] item: Life Orb
|
|upkeep
|inactive|godsomu07 has 120 seconds left.
|
|t:|1661347575
|switch|p2a: Rayquaza|Rayquaza|100/100
|-ability|p2a: Rayquaza|Air Lock
|turn|3
|
|t:|1661347582
|move|p1a: Marshadow|Ice Punch|p2a: Rayquaza
|-supereffective|p2a: Rayquaza
|-enditem|p2a: Rayquaza|Focus Sash
|-damage|p2a: Rayquaza|1/100
|-damage|p1a: Marshadow|71/100|[from] item: Life Orb
|move|p2a: Rayquaza|Dragon Ascent|p1a: Marshadow
|-supereffective|p1a: Marshadow
|-damage|p1a: Marshadow|0 fnt
|-unboost|p2a: Rayquaza|def|1
|-unboost|p2a: Rayquaza|spd|1
|faint|p1a: Marshadow
|
|upkeep
|j| Helonium
|
|t:|1661347595
|switch|p1a: Weavile|Weavile, F|100/100
|-ability|p1a: Weavile|Pressure
|turn|4
|
|t:|1661347601
|move|p1a: Weavile|Knock Off|p2a: Rayquaza
|-damage|p2a: Rayquaza|0 fnt
|faint|p2a: Rayquaza
|
|upkeep
|
|t:|1661347610
|switch|p2a: Necrozma|Necrozma-Dusk-Mane|100/100
|turn|5
|
|t:|1661347622
|switch|p1a: Grimmsnarl|Grimmsnarl, M|100/100
|-damage|p1a: Grimmsnarl|88/100|[from] Stealth Rock
|move|p2a: Necrozma|Dragon Dance|p2a: Necrozma
|-boost|p2a: Necrozma|atk|1
|-boost|p2a: Necrozma|spe|1
|
|upkeep
|turn|6
|
|t:|1661347633
|move|p1a: Grimmsnarl|Reflect|p1a: Grimmsnarl
|-sidestart|p1: Hjuyttdd|Reflect
|move|p2a: Necrozma|Sunsteel Strike|p1a: Grimmsnarl
|-supereffective|p1a: Grimmsnarl
|-damage|p1a: Grimmsnarl|0 fnt
|faint|p1a: Grimmsnarl
|
|upkeep
|
|t:|1661347643
|switch|p1a: Necrozma|Necrozma-Dusk-Mane|100/100
|-damage|p1a: Necrozma|94/100|[from] Stealth Rock
|turn|7
|
|t:|1661347649
|move|p2a: Necrozma|Dragon Dance|p2a: Necrozma
|-boost|p2a: Necrozma|atk|1
|-boost|p2a: Necrozma|spe|1
|move|p1a: Necrozma|Dragon Dance|p1a: Necrozma
|-boost|p1a: Necrozma|atk|1
|-boost|p1a: Necrozma|spe|1
|
|upkeep
|turn|8
|c| Helonium|Why use moltres instead of yv, i know you like it but it ain't good
|
|t:|1661347656
|move|p2a: Necrozma|Dragon Dance|p2a: Necrozma
|-boost|p2a: Necrozma|atk|1
|-boost|p2a: Necrozma|spe|1
|move|p1a: Necrozma|Dragon Dance|p1a: Necrozma
|-boost|p1a: Necrozma|atk|1
|-boost|p1a: Necrozma|spe|1
|
|upkeep
|turn|9
|c|☆Hjuyttdd|its my favourite pokemon
|
|t:|1661347669
|move|p2a: Necrozma|Dragon Dance|p2a: Necrozma
|-boost|p2a: Necrozma|atk|1
|-boost|p2a: Necrozma|spe|1
|move|p1a: Necrozma|Dragon Dance|p1a: Necrozma
|-boost|p1a: Necrozma|atk|1
|-boost|p1a: Necrozma|spe|1
|
|upkeep
|turn|10
|j|+Hoennseptile
|
|t:|1661347677
|move|p2a: Necrozma|Earthquake|p1a: Necrozma
|-supereffective|p1a: Necrozma
|-damage|p1a: Necrozma|16/100
|-enditem|p1a: Necrozma|Weakness Policy
|-boost|p1a: Necrozma|atk|2|[from] item: Weakness Policy
|-boost|p1a: Necrozma|spa|2|[from] item: Weakness Policy
|move|p1a: Necrozma|Earthquake|p2a: Necrozma
|-supereffective|p2a: Necrozma
|-damage|p2a: Necrozma|0 fnt
|faint|p2a: Necrozma
|
|upkeep
|c| Helonium|Hoennshitpile when is your match hpl
|
|t:|1661347701
|switch|p2a: Yveltal|Yveltal|100/100
|-ability|p2a: Yveltal|Dark Aura
|turn|11
|
|t:|1661347707
|move|p2a: Yveltal|Sucker Punch|p1a: Necrozma
|-supereffective|p1a: Necrozma
|-damage|p1a: Necrozma|0 fnt
|faint|p1a: Necrozma
|
|upkeep
|c| Helonium|See why yv is better
|c|☆Hjuyttdd|no
|c|☆Hjuyttdd|i dont see shit
|inactive|Hjuyttdd has 120 seconds left.
|
|t:|1661347737
|switch|p1a: Zekrom|Zekrom|100/100
|-damage|p1a: Zekrom|88/100|[from] Stealth Rock
|-ability|p1a: Zekrom|Teravolt
|turn|12
|
|t:|1661347744
|move|p2a: Yveltal|Taunt|p1a: Zekrom
|-start|p1a: Zekrom|move: Taunt
|cant|p1a: Zekrom|move: Taunt|Dragon Dance
|
|upkeep
|turn|13
|
|t:|1661347750
|move|p2a: Yveltal|Knock Off|p1a: Zekrom
|-damage|p1a: Zekrom|55/100
|-enditem|p1a: Zekrom|Life Orb|[from] move: Knock Off|[of] p2a: Yveltal
|move|p1a: Zekrom|Bolt Strike|p2a: Yveltal
|-supereffective|p2a: Yveltal
|-damage|p2a: Yveltal|0 fnt
|faint|p2a: Yveltal
|
|-sideend|p1: Hjuyttdd|Reflect
|upkeep
|c| Helonium|Lol
|c|☆Hjuyttdd|ok maybe i see some shit
|
|t:|1661347761
|switch|p2a: Weavile|Weavile, F|100/100
|-ability|p2a: Weavile|Pressure
|turn|14
|c|☆Hjuyttdd|but still moltres cooler
|
|t:|1661347768
|move|p2a: Weavile|Triple Axel|p1a: Zekrom
|-supereffective|p1a: Zekrom
|-crit|p1a: Zekrom
|-damage|p1a: Zekrom|29/100
|-supereffective|p1a: Zekrom
|-damage|p1a: Zekrom|0 fnt
|faint|p1a: Zekrom
|-hitcount|p1: Zekrom|2
|
|upkeep
|
|t:|1661347770
|switch|p1a: Weavile|Weavile, F|100/100
|-ability|p1a: Weavile|Pressure
|turn|15
|c| Helonium|God of death vs edgy rubber chicken
|
|t:|1661347785
|move|p1a: Weavile|Triple Axel|p2a: Weavile
|-resisted|p2a: Weavile
|-damage|p2a: Weavile|92/100
|-resisted|p2a: Weavile
|-damage|p2a: Weavile|76/100
|-resisted|p2a: Weavile
|-damage|p2a: Weavile|49/100
|-hitcount|p2a: Weavile|3
|move|p2a: Weavile|Triple Axel|p1a: Weavile
|-resisted|p1a: Weavile
|-damage|p1a: Weavile|93/100
|-resisted|p1a: Weavile
|-damage|p1a: Weavile|75/100
|-resisted|p1a: Weavile
|-damage|p1a: Weavile|49/100
|-hitcount|p1a: Weavile|3
|
|upkeep
|turn|16
|c| Helonium|But to each their own
|c|☆Hjuyttdd|lets go weavile
|c| Helonium|I think zekrom should get close combat next gen
|
|t:|1661347809
|move|p2a: Weavile|Triple Axel|p1a: Weavile
|-resisted|p1a: Weavile
|-damage|p1a: Weavile|40/100
|-resisted|p1a: Weavile
|-damage|p1a: Weavile|22/100
|-resisted|p1a: Weavile
|-damage|p1a: Weavile|0 fnt
|faint|p1a: Weavile
|-hitcount|p1: Weavile|3
|
|upkeep
|n|!Hjuyttdd|hjuyttdd
|
|t:|1661347817
|switch|p1a: Moltres|Moltres-Galar|100/100
|turn|17
|c| Helonium|Lol
|
|t:|1661347828
|move|p2a: Weavile|Triple Axel|p1a: Moltres
|-supereffective|p1a: Moltres
|-damage|p1a: Moltres|80/100
|-supereffective|p1a: Moltres
|-damage|p1a: Moltres|39/100
|-supereffective|p1a: Moltres
|-damage|p1a: Moltres|0 fnt
|faint|p1a: Moltres
|-hitcount|p1: Moltres|3
|
|win|godsomu07
