|j|☆ubers in my pocket
|j|☆Rell27
|t:|1625169445
|gametype|singles
|player|p1|ubers in my pocket|plasmagruntf|1301
|player|p2|Rell27|169|1594
|teamsize|p1|6
|teamsize|p2|6
|gen|8
|tier|[Gen 8] Ubers
|rated|
|rule|Sleep Clause Mod: Limit one foe put to sleep
|rule|Species Clause: Limit one of each Pokémon
|rule|OHKO Clause: OHKO moves are banned
|rule|Evasion Moves Clause: Evasion moves are banned
|rule|Endless Battle Clause: Forcing endless battles is banned
|rule|HP Percentage Mod: HP is shown in percentages
|rule|Dynamax Clause: You cannot dynamax
|clearpoke
|poke|p1|Marshadow|
|poke|p1|Calyrex-Shadow|
|poke|p1|Ho-Oh|
|poke|p1|Kyogre|
|poke|p1|Yveltal|
|poke|p1|Xerneas-*|
|poke|p2|Eternatus|
|poke|p2|Necrozma-Dusk-Mane|
|poke|p2|Marshadow|
|poke|p2|Xerneas-*|
|poke|p2|Yveltal|
|poke|p2|Ho-Oh|
|teampreview
|j| CrylChepesh
|l|☆Rell27
|player|p2|
|inactive|Battle timer is ON: inactive players will automatically lose when time's up. (requested by ubers in my pocket)
|j|☆Rell27
|inactive|Rell27 reconnected and has 150 seconds left.
|player|p2|Rell27|169
|c|☆ubers in my pocket|pick a lead daddy
|
|t:|1625169482
|start
|switch|p1a: Yveltal|Yveltal|100/100
|switch|p2a: Yveltal|Yveltal|100/100
|-ability|p1a: Yveltal|Dark Aura
|-ability|p2a: Yveltal|Dark Aura
|turn|1
|
|t:|1625169501
|move|p1a: Yveltal|Knock Off|p2a: Yveltal
|-resisted|p2a: Yveltal
|-crit|p2a: Yveltal
|-damage|p2a: Yveltal|35/100
|-enditem|p2a: Yveltal|Life Orb|[from] move: Knock Off|[of] p1a: Yveltal
|move|p2a: Yveltal|Knock Off|p1a: Yveltal
|-resisted|p1a: Yveltal
|-damage|p1a: Yveltal|75/100
|-enditem|p1a: Yveltal|Choice Band|[from] move: Knock Off|[of] p2a: Yveltal
|
|upkeep
|turn|2
|
|t:|1625169516
|move|p1a: Yveltal|Dual Wingbeat|p2a: Yveltal
|-damage|p2a: Yveltal|16/100
|-damage|p2a: Yveltal|0 fnt
|faint|p2a: Yveltal
|-hitcount|p2: Yveltal|2
|
|upkeep
|
|t:|1625169532
|switch|p2a: Xerneas|Xerneas|100/100
|-ability|p2a: Xerneas|Fairy Aura
|turn|3
|
|t:|1625169535
|move|p1a: Yveltal|U-turn|p2a: Xerneas
|-resisted|p2a: Xerneas
|-damage|p2a: Xerneas|91/100
|
|t:|1625169538
|switch|p1a: Marshadow|Marshadow|100/100|[from]move: U-turn
|move|p2a: Xerneas|Moonblast|p1a: Marshadow
|-supereffective|p1a: Marshadow
|-enditem|p1a: Marshadow|Focus Sash
|-damage|p1a: Marshadow|1/100
|
|upkeep
|turn|4
|
|t:|1625169549
|move|p1a: Marshadow|Spectral Thief|p2a: Xerneas
|-damage|p2a: Xerneas|57/100
|move|p2a: Xerneas|Moonblast|p1a: Marshadow
|-supereffective|p1a: Marshadow
|-damage|p1a: Marshadow|0 fnt
|faint|p1a: Marshadow
|
|upkeep
|
|t:|1625169572
|switch|p1a: Ho-Oh|Ho-Oh|100/100
|turn|5
|
|t:|1625169582
|switch|p2a: Ho-Oh|Ho-Oh|100/100
|move|p1a: Ho-Oh|Sacred Fire|p2a: Ho-Oh
|-resisted|p2a: Ho-Oh
|-damage|p2a: Ho-Oh|82/100
|
|upkeep
|turn|6
|
|t:|1625169585
|move|p2a: Ho-Oh|Thunder Wave|p1a: Ho-Oh
|-status|p1a: Ho-Oh|par
|move|p1a: Ho-Oh|Toxic|p2a: Ho-Oh
|-status|p2a: Ho-Oh|tox
|
|-damage|p2a: Ho-Oh|76/100 tox|[from] psn
|upkeep
|turn|7
|
|t:|1625169608
|switch|p2a: Xerneas|Xerneas|57/100
|-ability|p2a: Xerneas|Fairy Aura
|move|p1a: Ho-Oh|Sacred Fire|p2a: Xerneas
|-damage|p2a: Xerneas|25/100
|
|upkeep
|turn|8
|
|t:|1625169616
|move|p2a: Xerneas|Aromatherapy|p2a: Xerneas
|-activate|p2a: Xerneas|move: Aromatherapy
|-curestatus|p2: Ho-Oh|tox|[msg]
|move|p1a: Ho-Oh|Sacred Fire|p2a: Xerneas
|-damage|p2a: Xerneas|0 fnt
|faint|p2a: Xerneas
|
|upkeep
|
|t:|1625169619
|switch|p2a: Eternatus|Eternatus|100/100
|-ability|p2a: Eternatus|Pressure
|turn|9
|
|t:|1625169638
|switch|p1a: Yveltal|Yveltal|75/100
|-ability|p1a: Yveltal|Dark Aura
|move|p2a: Eternatus|Dynamax Cannon|p1a: Yveltal
|-damage|p1a: Yveltal|3/100
|-damage|p2a: Eternatus|91/100|[from] item: Life Orb
|
|upkeep
|turn|10
|
|t:|1625169645
|move|p1a: Yveltal|Sucker Punch|p2a: Eternatus
|-damage|p2a: Eternatus|50/100
|move|p2a: Eternatus|Dynamax Cannon|p1a: Yveltal
|-damage|p1a: Yveltal|0 fnt
|faint|p1a: Yveltal
|-damage|p2a: Eternatus|41/100|[from] item: Life Orb
|
|upkeep
|
|t:|1625169658
|switch|p1a: Calyrex|Calyrex-Shadow|100/100
|-ability|p1a: Calyrex|As One
|-ability|p1a: Calyrex|Unnerve
|turn|11
|
|t:|1625169666
|switch|p2a: Ho-Oh|Ho-Oh|100/100
|move|p1a: Calyrex|Astral Barrage|p2a: Ho-Oh
|-damage|p2a: Ho-Oh|57/100
|
|upkeep
|turn|12
|
|t:|1625169671
|move|p1a: Calyrex|Astral Barrage|p2a: Ho-Oh
|-damage|p2a: Ho-Oh|12/100
|move|p2a: Ho-Oh|Sacred Fire|p1a: Calyrex
|-damage|p1a: Calyrex|31/100
|
|upkeep
|turn|13
|
|t:|1625169680
|move|p1a: Calyrex|Astral Barrage|p2a: Ho-Oh
|-damage|p2a: Ho-Oh|0 fnt
|faint|p2a: Ho-Oh
|-ability|p1a: Calyrex|Grim Neigh|boost
|-boost|p1a: Calyrex|spa|1
|
|upkeep
|
|t:|1625169683
|switch|p2a: Marshadow|Marshadow|100/100
|turn|14
|
|t:|1625169698
|move|p2a: Marshadow|Shadow Sneak|p1a: Calyrex
|-supereffective|p1a: Calyrex
|-damage|p1a: Calyrex|0 fnt
|faint|p1a: Calyrex
|-damage|p2a: Marshadow|91/100|[from] item: Life Orb
|
|upkeep
|
|t:|1625169707
|switch|p1a: Kyogre|Kyogre|100/100
|-weather|RainDance|[from] ability: Drizzle|[of] p1a: Kyogre
|turn|15
|
|t:|1625169731
|move|p2a: Marshadow|Shadow Sneak|p1a: Kyogre
|-damage|p1a: Kyogre|56/100
|-damage|p2a: Marshadow|81/100|[from] item: Life Orb
|move|p1a: Kyogre|Origin Pulse|p2a: Marshadow
|-damage|p2a: Marshadow|0 fnt
|faint|p2a: Marshadow
|
|-weather|RainDance|[upkeep]
|upkeep
|
|t:|1625169736
|switch|p2a: Eternatus|Eternatus|41/100
|-ability|p2a: Eternatus|Pressure
|turn|16
|
|t:|1625169747
|move|p1a: Kyogre|Origin Pulse|p2a: Eternatus
|-resisted|p2a: Eternatus
|-damage|p2a: Eternatus|2/100
|move|p2a: Eternatus|Recover|p2a: Eternatus
|-heal|p2a: Eternatus|53/100
|
|-weather|RainDance|[upkeep]
|upkeep
|turn|17
|
|t:|1625169753
|switch|p1a: Xerneas|Xerneas|100/100
|-ability|p1a: Xerneas|Fairy Aura
|move|p2a: Eternatus|Recover|p2a: Eternatus
|-heal|p2a: Eternatus|100/100
|
|-weather|RainDance|[upkeep]
|upkeep
|turn|18
|
|t:|1625169757
|move|p2a: Eternatus|Sludge Bomb|p1a: Xerneas
|-supereffective|p1a: Xerneas
|-damage|p1a: Xerneas|0 fnt
|faint|p1a: Xerneas
|-damage|p2a: Eternatus|91/100|[from] item: Life Orb
|
|-weather|RainDance|[upkeep]
|upkeep
|
|t:|1625169761
|switch|p1a: Ho-Oh|Ho-Oh|100/100 par
|turn|19
|
|t:|1625169766
|move|p2a: Eternatus|Dynamax Cannon|p1a: Ho-Oh
|-crit|p1a: Ho-Oh
|-damage|p1a: Ho-Oh|48/100 par
|-damage|p2a: Eternatus|81/100|[from] item: Life Orb
|move|p1a: Ho-Oh|Sacred Fire|p2a: Eternatus|[miss]
|-miss|p1a: Ho-Oh|p2a: Eternatus
|
|-weather|none
|upkeep
|turn|20
|
|t:|1625169777
|switch|p2a: Necrozma|Necrozma-Dusk-Mane|100/100
|cant|p1a: Ho-Oh|par
|
|upkeep
|turn|21
|
|t:|1625169785
|move|p2a: Necrozma|Stealth Rock|p1a: Ho-Oh
|-sidestart|p1: ubers in my pocket|move: Stealth Rock
|cant|p1a: Ho-Oh|par
|
|upkeep
|turn|22
|
|t:|1625169789
|switch|p2a: Eternatus|Eternatus|81/100
|-ability|p2a: Eternatus|Pressure
|move|p1a: Ho-Oh|Roost|p1a: Ho-Oh
|-heal|p1a: Ho-Oh|99/100 par
|-singleturn|p1a: Ho-Oh|move: Roost
|
|upkeep
|turn|23
|
|t:|1625169796
|move|p2a: Eternatus|Dynamax Cannon|p1a: Ho-Oh
|-damage|p1a: Ho-Oh|67/100 par
|-damage|p2a: Eternatus|71/100|[from] item: Life Orb
|move|p1a: Ho-Oh|Sacred Fire|p2a: Eternatus
|-resisted|p2a: Eternatus
|-damage|p2a: Eternatus|53/100
|-status|p2a: Eternatus|brn
|
|-damage|p2a: Eternatus|47/100 brn|[from] brn
|upkeep
|turn|24
|inactive|ubers in my pocket has 120 seconds left.
|
|t:|1625169834
|move|p2a: Eternatus|Recover|p2a: Eternatus
|-heal|p2a: Eternatus|97/100 brn
|move|p1a: Ho-Oh|Defog|p2a: Eternatus
|-unboost|p2a: Eternatus|evasion|1
|-sideend|p1: ubers in my pocket|Stealth Rock|[from] move: Defog|[of] p1a: Ho-Oh
|
|-damage|p2a: Eternatus|91/100 brn|[from] brn
|upkeep
|turn|25
|
|t:|1625169840
|move|p2a: Eternatus|Sludge Bomb|p1a: Ho-Oh
|-damage|p1a: Ho-Oh|37/100 par
|-damage|p2a: Eternatus|81/100 brn|[from] item: Life Orb
|move|p1a: Ho-Oh|Roost|p1a: Ho-Oh
|-heal|p1a: Ho-Oh|87/100 par
|-singleturn|p1a: Ho-Oh|move: Roost
|
|-damage|p2a: Eternatus|75/100 brn|[from] brn
|upkeep
|turn|26
|inactive|ubers in my pocket has 120 seconds left.
|
|t:|1625169869
|move|p2a: Eternatus|Sludge Bomb|p1a: Ho-Oh
|-damage|p1a: Ho-Oh|59/100 par
|-damage|p2a: Eternatus|65/100 brn|[from] item: Life Orb
|move|p1a: Ho-Oh|Sacred Fire|p2a: Eternatus
|-resisted|p2a: Eternatus
|-damage|p2a: Eternatus|48/100 brn
|
|-damage|p2a: Eternatus|42/100 brn|[from] brn
|upkeep
|turn|27
|inactive|ubers in my pocket has 120 seconds left.
|
|t:|1625169882
|switch|p1a: Kyogre|Kyogre|56/100
|-weather|RainDance|[from] ability: Drizzle|[of] p1a: Kyogre
|move|p2a: Eternatus|Recover|p2a: Eternatus
|-heal|p2a: Eternatus|92/100 brn
|
|-weather|RainDance|[upkeep]
|-damage|p2a: Eternatus|86/100 brn|[from] brn
|upkeep
|turn|28
|inactive|ubers in my pocket has 120 seconds left.
|
|t:|1625169893
|switch|p1a: Ho-Oh|Ho-Oh|92/100 par
|move|p2a: Eternatus|Sludge Bomb|p1a: Ho-Oh
|-damage|p1a: Ho-Oh|60/100 par
|-damage|p2a: Eternatus|76/100 brn|[from] item: Life Orb
|
|-weather|RainDance|[upkeep]
|-damage|p2a: Eternatus|70/100 brn|[from] brn
|upkeep
|turn|29
|inactive|ubers in my pocket has 120 seconds left.
|
|t:|1625169901
|switch|p2a: Necrozma|Necrozma-Dusk-Mane|100/100
|move|p1a: Ho-Oh|Roost|p1a: Ho-Oh
|-heal|p1a: Ho-Oh|100/100 par
|-singleturn|p1a: Ho-Oh|move: Roost
|
|-weather|RainDance|[upkeep]
|upkeep
|turn|30
|
|t:|1625169912
|switch|p1a: Kyogre|Kyogre|56/100
|move|p2a: Necrozma|Dragon Dance|p2a: Necrozma
|-boost|p2a: Necrozma|atk|1
|-boost|p2a: Necrozma|spe|1
|
|-weather|RainDance|[upkeep]
|upkeep
|turn|31
|
|t:|1625169939
|move|p1a: Kyogre|Origin Pulse|p2a: Necrozma
|-crit|p2a: Necrozma
|-damage|p2a: Necrozma|0 fnt
|faint|p2a: Necrozma
|
|-weather|none
|upkeep
|
|t:|1625169941
|switch|p2a: Eternatus|Eternatus|70/100 brn
|-ability|p2a: Eternatus|Pressure
|turn|32
|
|t:|1625169949
|switch|p1a: Ho-Oh|Ho-Oh|100/100 par
|move|p2a: Eternatus|Sludge Bomb|p1a: Ho-Oh
|-damage|p1a: Ho-Oh|70/100 par
|-damage|p2a: Eternatus|60/100 brn|[from] item: Life Orb
|
|-damage|p2a: Eternatus|54/100 brn|[from] brn
|upkeep
|turn|33
|
|t:|1625169962
|move|p2a: Eternatus|Recover|p2a: Eternatus
|-heal|p2a: Eternatus|100/100 brn
|move|p1a: Ho-Oh|Roost|p1a: Ho-Oh
|-heal|p1a: Ho-Oh|100/100 par
|-singleturn|p1a: Ho-Oh|move: Roost
|
|-damage|p2a: Eternatus|94/100 brn|[from] brn
|upkeep
|turn|34
|
|t:|1625169973
|move|p2a: Eternatus|Sludge Bomb|p1a: Ho-Oh
|-damage|p1a: Ho-Oh|70/100 par
|-damage|p2a: Eternatus|85/100 brn|[from] item: Life Orb
|cant|p1a: Ho-Oh|par
|
|-damage|p2a: Eternatus|78/100 brn|[from] brn
|upkeep
|turn|35
|
|t:|1625169987
|move|p2a: Eternatus|Sludge Bomb|p1a: Ho-Oh
|-damage|p1a: Ho-Oh|41/100 par
|-damage|p2a: Eternatus|69/100 brn|[from] item: Life Orb
|move|p1a: Ho-Oh|Defog|p2a: Eternatus
|-unboost|p2a: Eternatus|evasion|1
|
|-damage|p2a: Eternatus|62/100 brn|[from] brn
|upkeep
|turn|36
|
|t:|1625170004
|move|p2a: Eternatus|Recover|p2a: Eternatus
|-heal|p2a: Eternatus|100/100 brn
|move|p1a: Ho-Oh|Roost|p1a: Ho-Oh
|-heal|p1a: Ho-Oh|91/100 par
|-singleturn|p1a: Ho-Oh|move: Roost
|
|-damage|p2a: Eternatus|94/100 brn|[from] brn
|upkeep
|turn|37
|
|t:|1625170026
|move|p2a: Eternatus|Sludge Bomb|p1a: Ho-Oh
|-damage|p1a: Ho-Oh|64/100 par
|-damage|p2a: Eternatus|85/100 brn|[from] item: Life Orb
|move|p1a: Ho-Oh|Defog|p2a: Eternatus
|-unboost|p2a: Eternatus|evasion|1
|
|-damage|p2a: Eternatus|78/100 brn|[from] brn
|upkeep
|turn|38
|
|t:|1625170039
|move|p2a: Eternatus|Sludge Bomb|p1a: Ho-Oh
|-damage|p1a: Ho-Oh|35/100 par
|-damage|p2a: Eternatus|69/100 brn|[from] item: Life Orb
|move|p1a: Ho-Oh|Roost|p1a: Ho-Oh
|-heal|p1a: Ho-Oh|86/100 par
|-singleturn|p1a: Ho-Oh|move: Roost
|
|-damage|p2a: Eternatus|62/100 brn|[from] brn
|upkeep
|turn|39
|
|t:|1625170048
|switch|p1a: Kyogre|Kyogre|56/100
|-weather|RainDance|[from] ability: Drizzle|[of] p1a: Kyogre
|move|p2a: Eternatus|Recover|p2a: Eternatus
|-heal|p2a: Eternatus|100/100 brn
|
|-weather|RainDance|[upkeep]
|-damage|p2a: Eternatus|94/100 brn|[from] brn
|upkeep
|turn|40
|
|t:|1625170060
|switch|p1a: Ho-Oh|Ho-Oh|100/100 par
|move|p2a: Eternatus|Dynamax Cannon|p1a: Ho-Oh
|-damage|p1a: Ho-Oh|68/100 par
|-damage|p2a: Eternatus|85/100 brn|[from] item: Life Orb
|
|-weather|RainDance|[upkeep]
|-damage|p2a: Eternatus|78/100 brn|[from] brn
|upkeep
|turn|41
|
|t:|1625170072
|move|p2a: Eternatus|Recover|p2a: Eternatus
|-heal|p2a: Eternatus|100/100 brn
|move|p1a: Ho-Oh|Roost|p1a: Ho-Oh
|-heal|p1a: Ho-Oh|100/100 par
|-singleturn|p1a: Ho-Oh|move: Roost
|
|-weather|RainDance|[upkeep]
|-damage|p2a: Eternatus|94/100 brn|[from] brn
|upkeep
|turn|42
|l| CrylChepesh
|inactive|Rell27 has 120 seconds left.
|inactive|Rell27 has 90 seconds left.
|inactive|Rell27 has 60 seconds left.
|
|t:|1625170192
|move|p2a: Eternatus|Sludge Bomb|p1a: Ho-Oh
|-damage|p1a: Ho-Oh|68/100 par
|-damage|p2a: Eternatus|85/100 brn|[from] item: Life Orb
|move|p1a: Ho-Oh|Defog|p2a: Eternatus
|-unboost|p2a: Eternatus|evasion|1
|
|-weather|RainDance|[upkeep]
|-damage|p2a: Eternatus|78/100 brn|[from] brn
|upkeep
|turn|43
|inactive|Rell27 has 30 seconds left.
|inactive|Rell27 has 20 seconds left.
|inactive|Rell27 has 15 seconds left.
|inactive|Rell27 has 10 seconds left.
|
|t:|1625170230
|move|p2a: Eternatus|Sludge Bomb|p1a: Ho-Oh
|-damage|p1a: Ho-Oh|40/100 par
|-damage|p2a: Eternatus|69/100 brn|[from] item: Life Orb
|cant|p1a: Ho-Oh|par
|
|-weather|none
|-damage|p2a: Eternatus|62/100 brn|[from] brn
|upkeep
|turn|44
|inactive|Rell27 has 20 seconds left this turn.
|inactive|Rell27 has 15 seconds left.
|
|t:|1625170240
|move|p2a: Eternatus|Sludge Bomb|p1a: Ho-Oh
|-damage|p1a: Ho-Oh|12/100 par
|-damage|p2a: Eternatus|53/100 brn|[from] item: Life Orb
|move|p1a: Ho-Oh|Roost|p1a: Ho-Oh
|-heal|p1a: Ho-Oh|62/100 par
|-singleturn|p1a: Ho-Oh|move: Roost
|
|-damage|p2a: Eternatus|46/100 brn|[from] brn
|upkeep
|turn|45
|inactive|Rell27 has 25 seconds left this turn.
|inactive|Rell27 has 20 seconds left.
|inactive|Rell27 has 15 seconds left.
|
|t:|1625170250
|switch|p1a: Kyogre|Kyogre|56/100
|-weather|RainDance|[from] ability: Drizzle|[of] p1a: Kyogre
|move|p2a: Eternatus|Recover|p2a: Eternatus
|-heal|p2a: Eternatus|97/100 brn
|
|-weather|RainDance|[upkeep]
|-damage|p2a: Eternatus|90/100 brn|[from] brn
|upkeep
|turn|46
|inactive|Rell27 has 25 seconds left this turn.
|inactive|Rell27 has 20 seconds left.
|
|t:|1625170259
|switch|p1a: Ho-Oh|Ho-Oh|95/100 par
|move|p2a: Eternatus|Sludge Bomb|p1a: Ho-Oh
|-damage|p1a: Ho-Oh|68/100 par
|-damage|p2a: Eternatus|81/100 brn|[from] item: Life Orb
|
|-weather|RainDance|[upkeep]
|-damage|p2a: Eternatus|74/100 brn|[from] brn
|upkeep
|turn|47
|inactive|Rell27 has 30 seconds left this turn.
|
|t:|1625170274
|move|p2a: Eternatus|Recover|p2a: Eternatus
|-heal|p2a: Eternatus|100/100 brn
|move|p1a: Ho-Oh|Roost|p1a: Ho-Oh
|-heal|p1a: Ho-Oh|100/100 par
|-singleturn|p1a: Ho-Oh|move: Roost
|
|-weather|RainDance|[upkeep]
|-damage|p2a: Eternatus|94/100 brn|[from] brn
|upkeep
|turn|48
|inactive|Rell27 has 30 seconds left.
|inactive|Rell27 has 20 seconds left.
|inactive|Rell27 has 15 seconds left.
|inactive|Rell27 has 10 seconds left.
|inactive|Rell27 has 5 seconds left.
|
|t:|1625170310
|move|p2a: Eternatus|Sludge Bomb|p1a: Ho-Oh
|-damage|p1a: Ho-Oh|70/100 par
|-damage|p2a: Eternatus|85/100 brn|[from] item: Life Orb
|move|p1a: Ho-Oh|Defog|p2a: Eternatus
|-unboost|p2a: Eternatus|evasion|1
|
|-weather|RainDance|[upkeep]
|-damage|p2a: Eternatus|78/100 brn|[from] brn
|upkeep
|turn|49
|inactive|Rell27 has 15 seconds left this turn.
|inactive|Rell27 has 10 seconds left.
|inactive|Rell27 has 5 seconds left.
|
|t:|1625170331
|move|p2a: Eternatus|Recover|p2a: Eternatus
|-heal|p2a: Eternatus|100/100 brn
|move|p1a: Ho-Oh|Roost|p1a: Ho-Oh
|-heal|p1a: Ho-Oh|100/100 par
|-singleturn|p1a: Ho-Oh|move: Roost
|
|-weather|none
|-damage|p2a: Eternatus|94/100 brn|[from] brn
|upkeep
|turn|50
|inactive|Rell27 has 15 seconds left this turn.
|inactive|Rell27 has 10 seconds left.
|inactive|Rell27 has 5 seconds left.
|
|t:|1625170344
|move|p2a: Eternatus|Sludge Bomb|p1a: Ho-Oh
|-damage|p1a: Ho-Oh|73/100 par
|-damage|p2a: Eternatus|85/100 brn|[from] item: Life Orb
|move|p1a: Ho-Oh|Defog|p2a: Eternatus
|-unboost|p2a: Eternatus|evasion|1
|
|-damage|p2a: Eternatus|78/100 brn|[from] brn
|upkeep
|turn|51
|inactive|Rell27 has 15 seconds left this turn.
|-message|Rell27 forfeited.
|
|win|ubers in my pocket
|inactive|Rell27 has 25 seconds left this turn.
|l|☆Rell27
|raw|ubers in my pocket's rating: 1301 &rarr; <strong>1335</strong><br />(+34 for winning)
|raw|Rell27's rating: 1594 &rarr; <strong>1560</strong><br />(-34 for losing)
||Ladder isn't responding, score probably updated but might not have (Request timeout).
