|j|☆I Crit My Panties
|j|☆ok sir
|t:|1664503560
|gametype|singles
|player|p1|I Crit My Panties|101|1696
|player|p2|ok sir|youngster-gen4dp|1666
|teamsize|p1|6
|teamsize|p2|6
|gen|8
|tier|[Gen 8] Ubers
|rated|
|rule|Sleep Clause Mod: Limit one foe put to sleep
|rule|Species Clause: Limit one of each Pokémon
|rule|OHKO Clause: OHKO moves are banned
|rule|Evasion Items Clause: Evasion items are banned
|rule|Evasion Moves Clause: Evasion moves are banned
|rule|Endless Battle Clause: Forcing endless battles is banned
|rule|HP Percentage Mod: HP is shown in percentages
|rule|Dynamax Clause: You cannot dynamax
|clearpoke
|poke|p1|Hatterene, F|
|poke|p1|Porygon2|
|poke|p1|Magearna|
|poke|p1|Dracovish|
|poke|p1|Calyrex-Ice|
|poke|p1|Necrozma-Dusk-Mane|
|poke|p2|Yveltal|
|poke|p2|Eternatus|
|poke|p2|Calyrex-Shadow|
|poke|p2|Rayquaza|
|poke|p2|Mew|
|poke|p2|Kyogre|
|teampreview
|inactive|Battle timer is ON: inactive players will automatically lose when time's up. (requested by ok sir)
|
|t:|1664503567
|start
|switch|p1a: Hatterene|Hatterene, F|100/100
|switch|p2a: Kyogre|Kyogre|100/100
|-weather|RainDance|[from] ability: Drizzle|[of] p2a: Kyogre
|turn|1
|
|t:|1664503572
|move|p2a: Kyogre|Water Spout|p1a: Hatterene
|-enditem|p1a: Hatterene|Focus Sash
|-damage|p1a: Hatterene|1/100
|move|p1a: Hatterene|Trick Room|p1a: Hatterene
|-fieldstart|move: Trick Room|[of] p1a: Hatterene
|
|-weather|RainDance|[upkeep]
|upkeep
|turn|2
|
|t:|1664503581
|move|p1a: Hatterene|Misty Explosion|p2a: Kyogre
|-damage|p2a: Kyogre|57/100
|faint|p1a: Hatterene
|move|p2a: Kyogre|Water Spout|p1: Hatterene|[notarget]
|-fail|p2a: Kyogre
|
|-weather|RainDance|[upkeep]
|upkeep
|
|t:|1664503583
|switch|p1a: Dracovish|Dracovish|100/100
|turn|3
|
|t:|1664503596
|switch|p2a: Eternatus|Eternatus|100/100
|-ability|p2a: Eternatus|Pressure
|move|p1a: Dracovish|Fishious Rend|p2a: Eternatus
|-resisted|p2a: Eternatus
|-damage|p2a: Eternatus|0 fnt
|faint|p2a: Eternatus
|
|-weather|RainDance|[upkeep]
|upkeep
|
|t:|1664503600
|switch|p2a: Mew|Mew|100/100
|turn|4
|
|t:|1664503604
|move|p1a: Dracovish|Fishious Rend|p2a: Mew
|-enditem|p2a: Mew|Focus Sash
|-damage|p2a: Mew|1/100
|move|p2a: Mew|Stealth Rock|p1a: Dracovish
|-sidestart|p1: I Crit My Panties|move: Stealth Rock
|
|-weather|RainDance|[upkeep]
|upkeep
|turn|5
|
|t:|1664503609
|switch|p1a: Necrozma|Necrozma-Dusk-Mane|100/100
|-damage|p1a: Necrozma|94/100|[from] Stealth Rock
|move|p2a: Mew|Spikes|p1a: Necrozma
|-sidestart|p1: I Crit My Panties|Spikes
|
|-weather|none
|-fieldend|move: Trick Room
|upkeep
|turn|6
|
|t:|1664503612
|move|p2a: Mew|Taunt|p1a: Necrozma
|-start|p1a: Necrozma|move: Taunt
|cant|p1a: Necrozma|move: Taunt|Trick Room
|
|upkeep
|turn|7
|
|t:|1664503618
|move|p2a: Mew|Thunder Wave|p1a: Necrozma
|-status|p1a: Necrozma|par
|cant|p1a: Necrozma|par
|
|upkeep
|turn|8
|
|t:|1664503622
|move|p2a: Mew|Spikes|p1a: Necrozma
|-sidestart|p1: I Crit My Panties|Spikes
|move|p1a: Necrozma|Sunsteel Strike|p2a: Mew
|-damage|p2a: Mew|0 fnt
|faint|p2a: Mew
|
|-end|p1a: Necrozma|move: Taunt
|upkeep
|
|t:|1664503632
|switch|p2a: Rayquaza|Rayquaza|100/100
|-ability|p2a: Rayquaza|Air Lock
|turn|9
|
|t:|1664503635
|move|p2a: Rayquaza|V-create|p1a: Necrozma
|-supereffective|p1a: Necrozma
|-damage|p1a: Necrozma|0 fnt
|-unboost|p2a: Rayquaza|spe|1
|-unboost|p2a: Rayquaza|def|1
|-unboost|p2a: Rayquaza|spd|1
|faint|p1a: Necrozma
|-damage|p2a: Rayquaza|91/100|[from] item: Life Orb
|
|upkeep
|
|t:|1664503637
|switch|p1a: Porygon2|Porygon2|100/100
|-damage|p1a: Porygon2|88/100|[from] Stealth Rock
|-damage|p1a: Porygon2|72/100|[from] Spikes
|-ability|p1a: Porygon2|Air Lock|[from] ability: Trace|[of] p2a: Rayquaza
|turn|10
|
|t:|1664503643
|move|p2a: Rayquaza|V-create|p1a: Porygon2
|-damage|p1a: Porygon2|22/100
|-unboost|p2a: Rayquaza|spe|1
|-unboost|p2a: Rayquaza|def|1
|-unboost|p2a: Rayquaza|spd|1
|-damage|p2a: Rayquaza|81/100|[from] item: Life Orb
|move|p1a: Porygon2|Trick Room|p1a: Porygon2
|-fieldstart|move: Trick Room|[of] p1a: Porygon2
|
|upkeep
|turn|11
|
|t:|1664503662
|move|p2a: Rayquaza|Extreme Speed|p1a: Porygon2
|-damage|p1a: Porygon2|0 fnt
|faint|p1a: Porygon2
|-damage|p2a: Rayquaza|71/100|[from] item: Life Orb
|
|upkeep
|
|t:|1664503665
|switch|p1a: Calyrex|Calyrex-Ice|100/100
|-ability|p1a: Calyrex|As One
|-ability|p1a: Calyrex|Unnerve
|turn|12
|
|t:|1664503668
|switch|p2a: Yveltal|Yveltal|100/100
|-ability|p2a: Yveltal|Dark Aura
|move|p1a: Calyrex|Glacial Lance|p2a: Yveltal
|-supereffective|p2a: Yveltal
|-damage|p2a: Yveltal|0 fnt
|faint|p2a: Yveltal
|-ability|p1a: Calyrex|Chilling Neigh|boost
|-boost|p1a: Calyrex|atk|1
|
|upkeep
|
|t:|1664503673
|switch|p2a: Calyrex|Calyrex-Shadow|100/100
|-ability|p2a: Calyrex|As One
|-ability|p2a: Calyrex|Unnerve
|turn|13
|
|t:|1664503675
|move|p1a: Calyrex|Icicle Spear|p2a: Calyrex
|-damage|p2a: Calyrex|70/100
|-damage|p2a: Calyrex|40/100
|-damage|p2a: Calyrex|8/100
|-damage|p2a: Calyrex|0 fnt
|faint|p2a: Calyrex
|-ability|p1a: Calyrex|Chilling Neigh|boost
|-boost|p1a: Calyrex|atk|1
|-hitcount|p2: Calyrex|4
|
|upkeep
|
|t:|1664503683
|switch|p2a: Kyogre|Kyogre|57/100
|-weather|RainDance|[from] ability: Drizzle|[of] p2a: Kyogre
|turn|14
|
|t:|1664503686
|move|p1a: Calyrex|Glacial Lance|p2a: Kyogre
|-resisted|p2a: Kyogre
|-damage|p2a: Kyogre|0 fnt
|faint|p2a: Kyogre
|-ability|p1a: Calyrex|Chilling Neigh|boost
|-boost|p1a: Calyrex|atk|1
|
|-weather|RainDance|[upkeep]
|-fieldend|move: Trick Room
|upkeep
|
|t:|1664503688
|switch|p2a: Rayquaza|Rayquaza|71/100
|-ability|p2a: Rayquaza|Air Lock
|turn|15
|
|t:|1664503693
|move|p2a: Rayquaza|V-create|p1a: Calyrex
|-supereffective|p1a: Calyrex
|-damage|p1a: Calyrex|0 fnt
|-unboost|p2a: Rayquaza|spe|1
|-unboost|p2a: Rayquaza|def|1
|-unboost|p2a: Rayquaza|spd|1
|faint|p1a: Calyrex
|-damage|p2a: Rayquaza|61/100|[from] item: Life Orb
|
|-weather|RainDance|[upkeep]
|upkeep
|
|t:|1664503699
|switch|p1a: Dracovish|Dracovish|100/100
|-damage|p1a: Dracovish|88/100|[from] Stealth Rock
|-damage|p1a: Dracovish|71/100|[from] Spikes
|turn|16
|
|t:|1664503703
|move|p2a: Rayquaza|Dragon Ascent|p1a: Dracovish
|-damage|p1a: Dracovish|0 fnt
|-unboost|p2a: Rayquaza|def|1
|-unboost|p2a: Rayquaza|spd|1
|faint|p1a: Dracovish
|-damage|p2a: Rayquaza|51/100|[from] item: Life Orb
|
|-weather|RainDance|[upkeep]
|upkeep
|l|☆I Crit My Panties
|inactive|I Crit My Panties disconnected and has a minute to reconnect!
|player|p1|
|inactive|I Crit My Panties has 30 seconds to reconnect!
|inactive|I Crit My Panties has 20 seconds to reconnect!
|inactive|I Crit My Panties has 15 seconds to reconnect!
|inactive|I Crit My Panties has 10 seconds to reconnect!
|inactive|I Crit My Panties has 5 seconds to reconnect!
|-message|I Crit My Panties lost due to inactivity.
|
|win|ok sir
|raw|I Crit My Panties's rating: 1696 &rarr; <strong>1674</strong><br />(-22 for losing)
|raw|ok sir's rating: 1666 &rarr; <strong>1688</strong><br />(+22 for winning)
||Ladder isn't responding, score probably updated but might not have (Request timeout).
