|j|☆TheGrassToucher
|j|☆Mikhail95
|t:|1661988925
|gametype|singles
|player|p1|TheGrassToucher|pokemaniac|1422
|player|p2|Mikhail95|102|1438
|teamsize|p1|6
|teamsize|p2|6
|gen|8
|tier|[Gen 8] Ubers
|rated|
|rule|Sleep Clause Mod: Limit one foe put to sleep
|rule|Species Clause: Limit one of each Pokémon
|rule|OHKO Clause: OHKO moves are banned
|rule|Evasion Items Clause: Evasion items are banned
|rule|Evasion Moves Clause: Evasion moves are banned
|rule|Endless Battle Clause: Forcing endless battles is banned
|rule|HP Percentage Mod: HP is shown in percentages
|rule|Dynamax Clause: You cannot dynamax
|clearpoke
|poke|p1|Groudon|
|poke|p1|Zamazenta-*|
|poke|p1|Eternatus|
|poke|p1|Lugia|
|poke|p1|Necrozma-Dusk-Mane|
|poke|p1|Yveltal|
|poke|p2|Groudon|
|poke|p2|Kyogre|
|poke|p2|Necrozma-Dusk-Mane|
|poke|p2|Yveltal|
|poke|p2|Darmanitan-Galar, M|
|poke|p2|Eternatus|
|teampreview
|inactive|Battle timer is ON: inactive players will automatically lose when time's up. (requested by TheGrassToucher)
|
|t:|1661988934
|start
|switch|p1a: Yveltal|Yveltal|100/100
|switch|p2a: dark bird|Yveltal|100/100
|-ability|p2a: dark bird|Dark Aura
|-ability|p1a: Yveltal|Dark Aura
|turn|1
|
|t:|1661988942
|switch|p1a: Zamazenta|Zamazenta-Crowned|100/100
|-ability|p1a: Zamazenta|Dauntless Shield|boost
|-boost|p1a: Zamazenta|def|1
|move|p2a: dark bird|Knock Off|p1a: Zamazenta
|-resisted|p1a: Zamazenta
|-damage|p1a: Zamazenta|93/100
|
|upkeep
|turn|2
|
|t:|1661988955
|switch|p2a: Eternatus|Eternatus|100/100
|-ability|p2a: Eternatus|Pressure
|move|p1a: Zamazenta|Behemoth Bash|p2a: Eternatus
|-damage|p2a: Eternatus|68/100
|
|upkeep
|turn|3
|
|t:|1661988965
|switch|p1a: Necrozma|Necrozma-Dusk-Mane|100/100
|move|p2a: Eternatus|Flamethrower|p1a: Necrozma
|-supereffective|p1a: Necrozma
|-damage|p1a: Necrozma|57/100
|-enditem|p1a: Necrozma|Weakness Policy
|-boost|p1a: Necrozma|atk|2|[from] item: Weakness Policy
|-boost|p1a: Necrozma|spa|2|[from] item: Weakness Policy
|
|upkeep
|turn|4
|
|t:|1661988973
|move|p2a: Eternatus|Flamethrower|p1a: Necrozma
|-supereffective|p1a: Necrozma
|-damage|p1a: Necrozma|7/100
|move|p1a: Necrozma|Dragon Dance|p1a: Necrozma
|-boost|p1a: Necrozma|atk|1
|-boost|p1a: Necrozma|spe|1
|
|upkeep
|turn|5
|
|t:|1661988979
|move|p2a: Eternatus|Flamethrower|p1a: Necrozma
|-supereffective|p1a: Necrozma
|-damage|p1a: Necrozma|0 fnt
|faint|p1a: Necrozma
|
|upkeep
|
|t:|1661988982
|switch|p1a: Groudon|Groudon|100/100
|-weather|SunnyDay|[from] ability: Drought|[of] p1a: Groudon
|turn|6
|
|t:|1661988987
|move|p2a: Eternatus|Flamethrower|p1a: Groudon
|-damage|p1a: Groudon|51/100
|move|p1a: Groudon|Precipice Blades|p2a: Eternatus
|-supereffective|p2a: Eternatus
|-damage|p2a: Eternatus|0 fnt
|faint|p2a: Eternatus
|
|-weather|SunnyDay|[upkeep]
|-heal|p1a: Groudon|57/100|[from] item: Leftovers
|upkeep
|
|t:|1661988999
|switch|p2a: Darmanitan|Darmanitan-Galar, M|100/100
|turn|7
|
|t:|1661989004
|move|p2a: Darmanitan|Flare Blitz|p1a: Groudon
|-damage|p1a: Groudon|0 fnt
|faint|p1a: Groudon
|-damage|p2a: Darmanitan|79/100|[from] Recoil
|
|-weather|SunnyDay|[upkeep]
|upkeep
|
|t:|1661989007
|switch|p1a: Lugia|Lugia|100/100
|turn|8
|
|t:|1661989011
|move|p2a: Darmanitan|Flare Blitz|p1a: Lugia
|-damage|p1a: Lugia|67/100
|-damage|p2a: Darmanitan|66/100|[from] Recoil
|move|p1a: Lugia|Thunder Wave|p2a: Darmanitan
|-status|p2a: Darmanitan|par
|
|-weather|SunnyDay|[upkeep]
|-heal|p1a: Lugia|74/100|[from] item: Leftovers
|upkeep
|turn|9
|
|t:|1661989020
|switch|p2a: dark bird|Yveltal|100/100
|-ability|p2a: dark bird|Dark Aura
|move|p1a: Lugia|Roost|p1a: Lugia
|-heal|p1a: Lugia|100/100
|-singleturn|p1a: Lugia|move: Roost
|
|-weather|SunnyDay|[upkeep]
|upkeep
|turn|10
|inactive|TheGrassToucher has 120 seconds left.
|
|t:|1661989058
|move|p1a: Lugia|Thunder Wave|p2a: dark bird
|-status|p2a: dark bird|par
|move|p2a: dark bird|Knock Off|p1a: Lugia
|-supereffective|p1a: Lugia
|-damage|p1a: Lugia|54/100
|-enditem|p1a: Lugia|Leftovers|[from] move: Knock Off|[of] p2a: dark bird
|
|-weather|none
|upkeep
|turn|11
|
|t:|1661989067
|move|p1a: Lugia|Roost|p1a: Lugia
|-heal|p1a: Lugia|100/100
|-singleturn|p1a: Lugia|move: Roost
|cant|p2a: dark bird|par
|
|upkeep
|turn|12
|
|t:|1661989075
|move|p1a: Lugia|Ice Beam|p2a: dark bird
|-supereffective|p2a: dark bird
|-damage|p2a: dark bird|70/100 par
|move|p2a: dark bird|Knock Off|p1a: Lugia
|-supereffective|p1a: Lugia
|-damage|p1a: Lugia|71/100
|
|upkeep
|turn|13
|
|t:|1661989083
|switch|p2a: big meech|Groudon|100/100
|-weather|SunnyDay|[from] ability: Drought|[of] p2a: big meech
|move|p1a: Lugia|Roost|p1a: Lugia
|-heal|p1a: Lugia|100/100
|-singleturn|p1a: Lugia|move: Roost
|
|-weather|SunnyDay|[upkeep]
|upkeep
|turn|14
|
|t:|1661989092
|move|p1a: Lugia|Ice Beam|p2a: big meech
|-supereffective|p2a: big meech
|-damage|p2a: big meech|66/100
|move|p2a: big meech|Rock Polish|p2a: big meech
|-boost|p2a: big meech|spe|2
|
|-weather|SunnyDay|[upkeep]
|upkeep
|turn|15
|
|t:|1661989098
|move|p2a: big meech|Swords Dance|p2a: big meech
|-boost|p2a: big meech|atk|2
|move|p1a: Lugia|Ice Beam|p2a: big meech
|-supereffective|p2a: big meech
|-damage|p2a: big meech|33/100
|
|-weather|SunnyDay|[upkeep]
|upkeep
|turn|16
|
|t:|1661989105
|move|p2a: big meech|Stone Edge|p1a: Lugia|[miss]
|-miss|p2a: big meech|p1a: Lugia
|move|p1a: Lugia|Ice Beam|p2a: big meech
|-supereffective|p2a: big meech
|-damage|p2a: big meech|0 fnt
|faint|p2a: big meech
|
|-weather|SunnyDay|[upkeep]
|upkeep
|
|t:|1661989113
|switch|p2a: larry hoover|Kyogre|100/100
|-weather|RainDance|[from] ability: Drizzle|[of] p2a: larry hoover
|turn|17
|
|t:|1661989133
|move|p2a: larry hoover|Thunder|p1a: Lugia
|-supereffective|p1a: Lugia
|-damage|p1a: Lugia|77/100
|-status|p1a: Lugia|par
|move|p1a: Lugia|Thunder Wave|p2a: larry hoover|[miss]
|-miss|p1a: Lugia|p2a: larry hoover
|
|-weather|RainDance|[upkeep]
|upkeep
|turn|18
|
|t:|1661989141
|move|p2a: larry hoover|Thunder|p1a: Lugia
|-supereffective|p1a: Lugia
|-damage|p1a: Lugia|27/100 par
|move|p1a: Lugia|Thunder Wave|p2a: larry hoover
|-status|p2a: larry hoover|par
|
|-weather|RainDance|[upkeep]
|upkeep
|turn|19
|
|t:|1661989149
|move|p2a: larry hoover|Thunder|p1a: Lugia
|-supereffective|p1a: Lugia
|-damage|p1a: Lugia|0 fnt
|faint|p1a: Lugia
|
|-weather|RainDance|[upkeep]
|upkeep
|
|t:|1661989169
|switch|p1a: Yveltal|Yveltal|100/100
|-ability|p1a: Yveltal|Dark Aura
|turn|20
|
|t:|1661989173
|move|p1a: Yveltal|Knock Off|p2a: larry hoover
|-damage|p2a: larry hoover|0 fnt
|-enditem|p2a: larry hoover|Choice Scarf|[from] move: Knock Off|[of] p1a: Yveltal
|faint|p2a: larry hoover
|
|-weather|RainDance|[upkeep]
|upkeep
|
|t:|1661989179
|switch|p2a: Darmanitan|Darmanitan-Galar, M|66/100 par
|turn|21
|
|t:|1661989184
|move|p2a: Darmanitan|Icicle Crash|p1a: Yveltal
|-supereffective|p1a: Yveltal
|-damage|p1a: Yveltal|0 fnt
|faint|p1a: Yveltal
|
|-weather|none
|upkeep
|
|t:|1661989187
|switch|p1a: Zamazenta|Zamazenta-Crowned|93/100
|-ability|p1a: Zamazenta|Dauntless Shield|boost
|-boost|p1a: Zamazenta|def|1
|turn|22
|
|t:|1661989192
|switch|p2a: whip n work|Necrozma-Dusk-Mane|100/100
|move|p1a: Zamazenta|Behemoth Bash|p2a: whip n work
|-resisted|p2a: whip n work
|-damage|p2a: whip n work|85/100
|
|-heal|p2a: whip n work|92/100|[from] item: Leftovers
|upkeep
|turn|23
|
|t:|1661989200
|switch|p1a: Eternatus|Eternatus|100/100
|-ability|p1a: Eternatus|Pressure
|move|p2a: whip n work|Dragon Dance|p2a: whip n work
|-boost|p2a: whip n work|atk|1
|-boost|p2a: whip n work|spe|1
|
|-heal|p2a: whip n work|98/100|[from] item: Leftovers
|upkeep
|turn|24
|
|t:|1661989208
|move|p2a: whip n work|Dragon Dance|p2a: whip n work
|-boost|p2a: whip n work|atk|1
|-boost|p2a: whip n work|spe|1
|move|p1a: Eternatus|Mystical Fire|p2a: whip n work
|-supereffective|p2a: whip n work
|-damage|p2a: whip n work|66/100
|-unboost|p2a: whip n work|spa|1
|
|-heal|p2a: whip n work|72/100|[from] item: Leftovers
|upkeep
|turn|25
|
|t:|1661989217
|move|p2a: whip n work|Earthquake|p1a: Eternatus
|-supereffective|p1a: Eternatus
|-damage|p1a: Eternatus|0 fnt
|faint|p1a: Eternatus
|
|-heal|p2a: whip n work|79/100|[from] item: Leftovers
|upkeep
|-message|TheGrassToucher forfeited.
|
|win|Mikhail95
|raw|TheGrassToucher's rating: 1422 &rarr; <strong>1403</strong><br />(-19 for losing)
|raw|Mikhail95's rating: 1438 &rarr; <strong>1457</strong><br />(+19 for winning)
|l|☆TheGrassToucher
