|j|☆assddff
|j|☆cxcould
|t:|1629466453
|gametype|singles
|player|p1|assddff|102|1374
|player|p2|cxcould|dawn|1435
|teamsize|p1|6
|teamsize|p2|6
|gen|8
|tier|[Gen 8] Ubers
|rated|
|rule|Sleep Clause Mod: Limit one foe put to sleep
|rule|Species Clause: Limit one of each Pokémon
|rule|OHKO Clause: OHKO moves are banned
|rule|Evasion Moves Clause: Evasion moves are banned
|rule|Endless Battle Clause: Forcing endless battles is banned
|rule|HP Percentage Mod: HP is shown in percentages
|rule|Dynamax Clause: You cannot dynamax
|clearpoke
|poke|p1|Dragonite, F|
|poke|p1|Magnezone|
|poke|p1|Landorus-Therian, M|
|poke|p1|Toxapex, F|
|poke|p1|Clefable, F|
|poke|p1|Kartana|
|poke|p2|Tyranitar, F|
|poke|p2|Blissey, F|
|poke|p2|Cinderace, F|
|poke|p2|Excadrill, F|
|poke|p2|Zygarde|
|poke|p2|Landorus-Therian, M|
|teampreview
|inactive|Battle timer is ON: inactive players will automatically lose when time's up. (requested by cxcould)
|inactive|cxcould has 120 seconds left.
|
|t:|1629466487
|start
|switch|p1a: Virgo|Clefable, F|100/100
|switch|p2a: Landorus|Landorus-Therian, M|100/100
|-ability|p2a: Landorus|Intimidate|boost
|-unboost|p1a: Virgo|atk|1
|turn|1
|
|t:|1629466493
|move|p2a: Landorus|U-turn|p1a: Virgo
|-resisted|p1a: Virgo
|-damage|p1a: Virgo|90/100
|
|t:|1629466497
|switch|p2a: Cinderace|Cinderace, F|100/100|[from]move: U-turn
|move|p1a: Virgo|Stealth Rock|p2a: Cinderace
|-sidestart|p2: cxcould|move: Stealth Rock
|
|upkeep
|turn|2
|
|t:|1629466500
|switch|p1a: Mira-chan|Toxapex, F|100/100
|move|p2a: Cinderace|Court Change|p2a: Cinderace
|-start|p2a: Cinderace|typechange|Normal|[from] ability: Libero
|-sideend|p2: cxcould|Stealth Rock|[silent]
|-sidestart|p1: assddff|Stealth Rock|[silent]
|-activate|p2a: Cinderace|move: Court Change
|
|upkeep
|turn|3
|
|t:|1629466506
|move|p2a: Cinderace|U-turn|p1a: Mira-chan
|-start|p2a: Cinderace|typechange|Bug|[from] ability: Libero
|-resisted|p1a: Mira-chan
|-damage|p1a: Mira-chan|91/100
|-damage|p2a: Cinderace|84/100|[from] item: Rocky Helmet|[of] p1a: Mira-chan
|
|t:|1629466514
|switch|p2a: Tyranitar|Tyranitar, F|100/100|[from]move: U-turn
|-weather|Sandstorm|[from] ability: Sand Stream|[of] p2a: Tyranitar
|move|p1a: Mira-chan|Scald|p2a: Tyranitar
|-supereffective|p2a: Tyranitar
|-damage|p2a: Tyranitar|86/100
|
|-weather|Sandstorm|[upkeep]
|-damage|p1a: Mira-chan|85/100|[from] Sandstorm
|upkeep
|turn|4
|
|t:|1629466537
|move|p2a: Tyranitar|Dragon Dance|p2a: Tyranitar
|-boost|p2a: Tyranitar|atk|1
|-boost|p2a: Tyranitar|spe|1
|move|p1a: Mira-chan|Scald|p2a: Tyranitar
|-supereffective|p2a: Tyranitar
|-damage|p2a: Tyranitar|70/100
|
|-weather|Sandstorm|[upkeep]
|-damage|p1a: Mira-chan|79/100|[from] Sandstorm
|upkeep
|turn|5
|
|t:|1629466543
|switch|p2a: Zygarde|Zygarde|100/100
|move|p1a: Mira-chan|Haze|p1a: Mira-chan
|-clearallboost
|
|-weather|Sandstorm|[upkeep]
|-damage|p1a: Mira-chan|73/100|[from] Sandstorm
|upkeep
|turn|6
|
|t:|1629466545
|switch|p1a: Virgo|Clefable, F|90/100
|move|p2a: Zygarde|Thousand Arrows|p1a: Virgo
|-damage|p1a: Virgo|66/100
|
|-weather|Sandstorm|[upkeep]
|upkeep
|turn|7
|
|t:|1629466552
|switch|p2a: Blissey|Blissey, F|100/100
|move|p1a: Virgo|Trick|p2a: Blissey
|-activate|p1a: Virgo|move: Trick|[of] p2a: Blissey
|-item|p2a: Blissey|Sticky Barb|[from] move: Trick
|-item|p1a: Virgo|Utility Umbrella|[from] move: Trick
|
|-weather|none
|-damage|p2a: Blissey|88/100|[from] item: Sticky Barb
|upkeep
|turn|8
|
|t:|1629466557
|move|p1a: Virgo|Stealth Rock|p2a: Blissey
|-sidestart|p2: cxcould|move: Stealth Rock
|move|p2a: Blissey|Shadow Ball|p1a: Virgo
|-damage|p1a: Virgo|53/100
|
|-damage|p2a: Blissey|76/100|[from] item: Sticky Barb
|upkeep
|turn|9
|
|t:|1629466560
|switch|p2a: Landorus|Landorus-Therian, M|100/100
|-damage|p2a: Landorus|88/100|[from] Stealth Rock
|-ability|p2a: Landorus|Intimidate|boost
|-unboost|p1a: Virgo|atk|1
|move|p1a: Virgo|Soft-Boiled|p1a: Virgo
|-heal|p1a: Virgo|100/100
|
|upkeep
|turn|10
|
|t:|1629466567
|move|p2a: Landorus|Earthquake|p1a: Virgo
|-damage|p1a: Virgo|59/100
|move|p1a: Virgo|Trick|p2a: Landorus
|-activate|p1a: Virgo|move: Trick|[of] p2a: Landorus
|-item|p2a: Landorus|Utility Umbrella|[from] move: Trick
|-item|p1a: Virgo|Choice Scarf|[from] move: Trick
|
|upkeep
|turn|11
|
|t:|1629466579
|move|p2a: Landorus|U-turn|p1a: Virgo
|-resisted|p1a: Virgo
|-damage|p1a: Virgo|48/100
|
|t:|1629466594
|switch|p2a: Blissey|Blissey, F|76/100|[from]move: U-turn
|-damage|p2a: Blissey|63/100|[from] Stealth Rock
|move|p1a: Virgo|Soft-Boiled|p1a: Virgo
|-heal|p1a: Virgo|98/100
|
|-damage|p2a: Blissey|51/100|[from] item: Sticky Barb
|upkeep
|turn|12
|
|t:|1629466607
|switch|p1a: Erza|Kartana|100/100
|-damage|p1a: Erza|94/100|[from] Stealth Rock
|move|p2a: Blissey|Soft-Boiled|p2a: Blissey
|-heal|p2a: Blissey|100/100
|
|-damage|p2a: Blissey|88/100|[from] item: Sticky Barb
|upkeep
|turn|13
|
|t:|1629466612
|switch|p1a: Virgo|Clefable, F|98/100
|switch|p2a: Zygarde|Zygarde|100/100
|-damage|p2a: Zygarde|94/100|[from] Stealth Rock
|
|-heal|p2a: Zygarde|100/100|[from] item: Leftovers
|upkeep
|turn|14
|
|t:|1629466619
|switch|p2a: Landorus|Landorus-Therian, M|88/100
|-damage|p2a: Landorus|75/100|[from] Stealth Rock
|-ability|p2a: Landorus|Intimidate|boost
|-unboost|p1a: Virgo|atk|1
|move|p1a: Virgo|Moonblast|p2a: Landorus
|-damage|p2a: Landorus|35/100
|
|upkeep
|turn|15
|
|t:|1629466629
|switch|p2a: Excadrill|Excadrill, F|100/100
|-damage|p2a: Excadrill|97/100|[from] Stealth Rock
|move|p1a: Virgo|Moonblast|p2a: Excadrill
|-resisted|p2a: Excadrill
|-damage|p2a: Excadrill|78/100
|
|upkeep
|turn|16
|
|t:|1629466635
|switch|p1a: Happy|Landorus-Therian, M|100/100
|-damage|p1a: Happy|88/100|[from] Stealth Rock
|-ability|p1a: Happy|Intimidate|boost
|-unboost|p2a: Excadrill|atk|1
|move|p2a: Excadrill|Rapid Spin|p1a: Happy
|-damage|p1a: Happy|77/100
|-boost|p2a: Excadrill|spe|1
|-sideend|p2: cxcould|Stealth Rock|[from] move: Rapid Spin|[of] p2a: Excadrill
|
|-heal|p1a: Happy|83/100|[from] item: Leftovers
|upkeep
|turn|17
|
|t:|1629466648
|switch|p2a: Zygarde|Zygarde|100/100
|move|p1a: Happy|Defog|p2a: Zygarde
|-unboost|p2a: Zygarde|evasion|1
|-sideend|p1: assddff|Stealth Rock|[from] move: Defog|[of] p1a: Happy
|
|-heal|p1a: Happy|89/100|[from] item: Leftovers
|upkeep
|turn|18
|
|t:|1629466653
|move|p2a: Zygarde|Toxic|p1a: Happy
|-status|p1a: Happy|tox
|move|p1a: Happy|Knock Off|p2a: Zygarde
|-damage|p2a: Zygarde|83/100
|-enditem|p2a: Zygarde|Leftovers|[from] move: Knock Off|[of] p1a: Happy
|
|-heal|p1a: Happy|96/100 tox|[from] item: Leftovers
|-damage|p1a: Happy|89/100 tox|[from] psn
|upkeep
|turn|19
|
|t:|1629466657
|move|p2a: Zygarde|Rest|p2a: Zygarde
|-status|p2a: Zygarde|slp|[from] move: Rest
|-heal|p2a: Zygarde|100/100 slp|[silent]
|move|p1a: Happy|U-turn|p2a: Zygarde
|-damage|p2a: Zygarde|89/100 slp
|
|t:|1629466678
|switch|p1a: Virgo|Clefable, F|98/100|[from]move: U-turn
|
|upkeep
|turn|20
|
|t:|1629466685
|switch|p2a: Cinderace|Cinderace, F|84/100
|move|p1a: Virgo|Trick|p2a: Cinderace
|-activate|p1a: Virgo|move: Trick|[of] p2a: Cinderace
|-item|p2a: Cinderace|Choice Scarf|[from] move: Trick
|-item|p1a: Virgo|Heavy-Duty Boots|[from] move: Trick
|
|upkeep
|turn|21
|
|t:|1629466691
|switch|p2a: Zygarde|Zygarde|89/100 slp
|switch|p1a: Mira-chan|Toxapex, F|100/100
|
|upkeep
|turn|22
|
|t:|1629466699
|switch|p1a: Mavis|Dragonite, F|100/100
|cant|p2a: Zygarde|slp
|
|upkeep
|turn|23
|
|t:|1629466702
|move|p1a: Mavis|Ice Punch|p2a: Zygarde
|-supereffective|p2a: Zygarde
|-damage|p2a: Zygarde|1/100 slp
|cant|p2a: Zygarde|slp
|
|-activate|p2a: Zygarde|ability: Power Construct
|detailschange|p2a: Zygarde|Zygarde-Complete
|-heal|p2a: Zygarde|35/100 slp|[silent]
|upkeep
|turn|24
|
|t:|1629466713
|switch|p2a: Tyranitar|Tyranitar, F|70/100
|-weather|Sandstorm|[from] ability: Sand Stream|[of] p2a: Tyranitar
|move|p1a: Mavis|Ice Punch|p2a: Tyranitar
|-damage|p2a: Tyranitar|40/100
|
|-weather|Sandstorm|[upkeep]
|-damage|p1a: Mavis|94/100|[from] Sandstorm
|upkeep
|turn|25
|
|t:|1629466724
|switch|p1a: Erza|Kartana|94/100
|move|p2a: Tyranitar|Ice Punch|p1a: Erza
|-damage|p1a: Erza|70/100
|
|-weather|Sandstorm|[upkeep]
|upkeep
|turn|26
|
|t:|1629466731
|switch|p2a: Cinderace|Cinderace, F|84/100
|move|p1a: Erza|Leaf Blade|p2a: Cinderace
|-resisted|p2a: Cinderace
|-damage|p2a: Cinderace|42/100
|
|-weather|Sandstorm|[upkeep]
|-damage|p2a: Cinderace|36/100|[from] Sandstorm
|upkeep
|turn|27
|
|t:|1629466737
|switch|p1a: Mira-chan|Toxapex, F|100/100
|move|p2a: Cinderace|U-turn|p1a: Mira-chan
|-start|p2a: Cinderace|typechange|Bug|[from] ability: Libero
|-resisted|p1a: Mira-chan
|-damage|p1a: Mira-chan|90/100
|-damage|p2a: Cinderace|19/100|[from] item: Rocky Helmet|[of] p1a: Mira-chan
|
|t:|1629466740
|switch|p2a: Zygarde|Zygarde-Complete|35/100 slp|[from]move: U-turn
|
|-weather|Sandstorm|[upkeep]
|-damage|p1a: Mira-chan|84/100|[from] Sandstorm
|upkeep
|turn|28
|
|t:|1629466746
|switch|p1a: Virgo|Clefable, F|98/100
|-curestatus|p2a: Zygarde|slp|[msg]
|move|p2a: Zygarde|Rest|p2a: Zygarde
|-status|p2a: Zygarde|slp|[from] move: Rest
|-heal|p2a: Zygarde|100/100 slp|[silent]
|
|-weather|none
|upkeep
|turn|29
|
|t:|1629466752
|switch|p2a: Blissey|Blissey, F|88/100
|move|p1a: Virgo|Moonblast|p2a: Blissey
|-damage|p2a: Blissey|80/100
|-unboost|p2a: Blissey|spa|1
|
|-damage|p2a: Blissey|67/100|[from] item: Sticky Barb
|upkeep
|turn|30
|
|t:|1629466757
|move|p1a: Virgo|Stealth Rock|p2a: Blissey
|-sidestart|p2: cxcould|move: Stealth Rock
|move|p2a: Blissey|Soft-Boiled|p2a: Blissey
|-heal|p2a: Blissey|100/100
|
|-damage|p2a: Blissey|88/100|[from] item: Sticky Barb
|upkeep
|turn|31
|inactive|assddff has 120 seconds left.
|
|t:|1629466790
|switch|p1a: Freed|Magnezone|100/100
|switch|p2a: Excadrill|Excadrill, F|78/100
|-damage|p2a: Excadrill|75/100|[from] Stealth Rock
|
|upkeep
|turn|32
|
|t:|1629466794
|move|p2a: Excadrill|Rapid Spin|p1a: Freed
|-resisted|p1a: Freed
|-damage|p1a: Freed|94/100
|-boost|p2a: Excadrill|spe|1
|-sideend|p2: cxcould|Stealth Rock|[from] move: Rapid Spin|[of] p2a: Excadrill
|move|p1a: Freed|Body Press|p2a: Excadrill
|-supereffective|p2a: Excadrill
|-damage|p2a: Excadrill|0 fnt
|faint|p2a: Excadrill
|
|upkeep
|
|t:|1629466803
|switch|p2a: Zygarde|Zygarde-Complete|100/100 slp
|turn|33
|
|t:|1629466810
|switch|p1a: Mavis|Dragonite, F|94/100
|cant|p2a: Zygarde|slp
|
|upkeep
|turn|34
|
|t:|1629466814
|move|p1a: Mavis|Ice Punch|p2a: Zygarde
|-supereffective|p2a: Zygarde
|-damage|p2a: Zygarde|39/100 slp
|cant|p2a: Zygarde|slp
|
|upkeep
|turn|35
|
|t:|1629466820
|move|p1a: Mavis|Ice Punch|p2a: Zygarde
|-supereffective|p2a: Zygarde
|-damage|p2a: Zygarde|0 fnt
|faint|p2a: Zygarde
|
|upkeep
|-message|cxcould forfeited.
|
|win|assddff
|raw|assddff's rating: 1374 &rarr; <strong>1396</strong><br />(+22 for winning)
|raw|cxcould's rating: 1407 &rarr; <strong>1385</strong><br />(-22 for losing)
|l|☆cxcould
|j|☆cxcould
|player|p2|cxcould|dawn
|inactive|Battle timer is ON: inactive players will automatically lose when time's up. (requested by cxcould)
|l|☆cxcould
|player|p2|
||Ladder isn't responding, score probably updated but might not have (Request timeout).
