|j|☆QiYu3
|j|☆FinnPowerLord
|player|p1|QiYu3|psychic-gen4|1781
|player|p2|FinnPowerLord|101|1560
|teamsize|p1|6
|teamsize|p2|6
|gametype|singles
|gen|8
|tier|[Gen 8] Ubers
|rated|
|clearpoke
|poke|p1|Umbreon, M|
|poke|p1|Eternatus|
|poke|p1|Lunala|
|poke|p1|Marshadow|
|poke|p1|Ditto|
|poke|p1|Ferrothorn, M|
|poke|p2|Zekrom|
|poke|p2|Necrozma-Dusk-Mane|
|poke|p2|Lunala|
|poke|p2|Mandibuzz, F|
|poke|p2|Toxapex, M|
|poke|p2|Ditto|
|rule|Sleep Clause Mod: Limit one foe put to sleep
|rule|Species Clause: Limit one of each Pokémon
|rule|OHKO Clause: OHKO moves are banned
|rule|Evasion Moves Clause: Evasion moves are banned
|rule|Endless Battle Clause: Forcing endless battles is banned
|rule|HP Percentage Mod: HP is shown in percentages
|teampreview
|inactive|Battle timer is ON: inactive players will automatically lose when time's up. (requested by QiYu3)
|inactive|FinnPowerLord has 120 seconds left.
|c|☆QiYu3|a
|
|start
|switch|p1a: Lunala|Lunala|100/100
|switch|p2a: Toxapex|Toxapex, M|100/100
|turn|1
|
|move|p1a: Lunala|Will-O-Wisp|p2a: Toxapex
|-status|p2a: Toxapex|brn
|move|p2a: Toxapex|Toxic|p1a: Lunala
|-status|p1a: Lunala|tox
|
|-damage|p1a: Lunala|94/100 tox|[from] psn
|-damage|p2a: Toxapex|94/100 brn|[from] brn
|upkeep
|turn|2
|
|switch|p1a: Ferrothorn|Ferrothorn, M|100/100
|move|p2a: Toxapex|Scald|p1a: Ferrothorn
|-resisted|p1a: Ferrothorn
|-damage|p1a: Ferrothorn|93/100
|
|-heal|p2a: Toxapex|100/100 brn|[from] item: Black Sludge
|-heal|p1a: Ferrothorn|99/100|[from] item: Leftovers
|-damage|p2a: Toxapex|94/100 brn|[from] brn
|upkeep
|turn|3
|
|move|p2a: Toxapex|Scald|p1a: Ferrothorn
|-resisted|p1a: Ferrothorn
|-damage|p1a: Ferrothorn|93/100
|move|p1a: Ferrothorn|Knock Off|p2a: Toxapex
|-damage|p2a: Toxapex|81/100 brn
|-enditem|p2a: Toxapex|Black Sludge|[from] move: Knock Off|[of] p1a: Ferrothorn
|
|-heal|p1a: Ferrothorn|99/100|[from] item: Leftovers
|-damage|p2a: Toxapex|75/100 brn|[from] brn
|upkeep
|turn|4
|
|move|p2a: Toxapex|Scald|p1a: Ferrothorn
|-resisted|p1a: Ferrothorn
|-damage|p1a: Ferrothorn|92/100
|move|p1a: Ferrothorn|Spikes|p2a: Toxapex
|-sidestart|p2: FinnPowerLord|Spikes
|
|-heal|p1a: Ferrothorn|98/100|[from] item: Leftovers
|-damage|p2a: Toxapex|69/100 brn|[from] brn
|upkeep
|turn|5
|
|move|p2a: Toxapex|Scald|p1a: Ferrothorn
|-resisted|p1a: Ferrothorn
|-damage|p1a: Ferrothorn|90/100
|move|p1a: Ferrothorn|Spikes|p2a: Toxapex
|-sidestart|p2: FinnPowerLord|Spikes
|
|-heal|p1a: Ferrothorn|97/100|[from] item: Leftovers
|-damage|p2a: Toxapex|62/100 brn|[from] brn
|upkeep
|turn|6
|
|switch|p1a: Umbreon|Umbreon, M|100/100
|move|p2a: Toxapex|Scald|p1a: Umbreon
|-damage|p1a: Umbreon|92/100
|
|-heal|p1a: Umbreon|98/100|[from] item: Leftovers
|-damage|p2a: Toxapex|56/100 brn|[from] brn
|upkeep
|turn|7
|
|switch|p2a: Mandibuzz|Mandibuzz, F|100/100
|move|p1a: Umbreon|Snarl|p2a: Mandibuzz
|-resisted|p2a: Mandibuzz
|-damage|p2a: Mandibuzz|95/100
|-unboost|p2a: Mandibuzz|spa|1
|
|-heal|p1a: Umbreon|100/100|[from] item: Leftovers
|upkeep
|turn|8
|
|move|p2a: Mandibuzz|Defog|p1a: Umbreon
|-unboost|p1a: Umbreon|evasion|1
|-sideend|p2: FinnPowerLord|Spikes|[from] move: Defog|[of] p2a: Mandibuzz
|move|p1a: Umbreon|Heal Bell|p1a: Umbreon
|-activate|p1a: Umbreon|move: Heal Bell
|-curestatus|p1: Lunala|tox|[msg]
|
|upkeep
|turn|9
|
|move|p2a: Mandibuzz|U-turn|p1a: Umbreon
|-supereffective|p1a: Umbreon
|-damage|p1a: Umbreon|82/100
|
|switch|p2a: Toxapex|Toxapex, M|89/100 brn|[from]move: U-turn
|move|p1a: Umbreon|Wish|p1a: Umbreon
|
|-heal|p1a: Umbreon|88/100|[from] item: Leftovers
|-damage|p2a: Toxapex|83/100 brn|[from] brn
|upkeep
|turn|10
|
|switch|p1a: Ferrothorn|Ferrothorn, M|97/100
|move|p2a: Toxapex|Scald|p1a: Ferrothorn
|-resisted|p1a: Ferrothorn
|-damage|p1a: Ferrothorn|90/100
|
|-heal|p1a: Ferrothorn|100/100|[from] move: Wish|[wisher] Umbreon
|-damage|p2a: Toxapex|77/100 brn|[from] brn
|upkeep
|turn|11
|
|move|p2a: Toxapex|Scald|p1a: Ferrothorn
|-resisted|p1a: Ferrothorn
|-damage|p1a: Ferrothorn|93/100
|move|p1a: Ferrothorn|Leech Seed|p2a: Toxapex
|-start|p2a: Toxapex|move: Leech Seed
|
|-heal|p1a: Ferrothorn|99/100|[from] item: Leftovers
|-damage|p2a: Toxapex|64/100 brn|[from] Leech Seed|[of] p1a: Ferrothorn
|-heal|p1a: Ferrothorn|100/100|[silent]
|-damage|p2a: Toxapex|58/100 brn|[from] brn
|upkeep
|turn|12
|
|move|p2a: Toxapex|Scald|p1a: Ferrothorn
|-resisted|p1a: Ferrothorn
|-damage|p1a: Ferrothorn|93/100
|-status|p1a: Ferrothorn|brn
|move|p1a: Ferrothorn|Spikes|p2a: Toxapex
|-sidestart|p2: FinnPowerLord|Spikes
|
|-heal|p1a: Ferrothorn|99/100 brn|[from] item: Leftovers
|-damage|p2a: Toxapex|46/100 brn|[from] Leech Seed|[of] p1a: Ferrothorn
|-heal|p1a: Ferrothorn|100/100 brn|[silent]
|-damage|p2a: Toxapex|39/100 brn|[from] brn
|-damage|p1a: Ferrothorn|94/100 brn|[from] brn
|upkeep
|turn|13
|
|switch|p2a: Ditto|Ditto|100/100
|-damage|p2a: Ditto|88/100|[from] Spikes
|-transform|p2a: Ditto|p1a: Ferrothorn|[from] ability: Imposter
|switch|p1a: Eternatus|Eternatus|100/100
|-ability|p1a: Eternatus|Pressure
|
|upkeep
|turn|14
|
|switch|p2a: Mandibuzz|Mandibuzz, F|95/100
|move|p1a: Eternatus|Flamethrower|p2a: Mandibuzz
|-damage|p2a: Mandibuzz|72/100
|
|upkeep
|turn|15
|
|move|p1a: Eternatus|Cosmic Power|p1a: Eternatus
|-boost|p1a: Eternatus|def|1
|-boost|p1a: Eternatus|spd|1
|move|p2a: Mandibuzz|Roost|p2a: Mandibuzz
|-heal|p2a: Mandibuzz|100/100
|-singleturn|p2a: Mandibuzz|move: Roost
|
|upkeep
|turn|16
|
|move|p1a: Eternatus|Flamethrower|p2a: Mandibuzz
|-damage|p2a: Mandibuzz|75/100
|move|p2a: Mandibuzz|Defog|p1a: Eternatus
|-unboost|p1a: Eternatus|evasion|1
|-sideend|p2: FinnPowerLord|Spikes|[from] move: Defog|[of] p2a: Mandibuzz
|
|upkeep
|turn|17
|
|switch|p2a: Ditto|Ditto|88/100
|-transform|p2a: Ditto|p1a: Eternatus|[from] ability: Imposter
|-ability|p2a: Ditto|Pressure
|move|p1a: Eternatus|Flamethrower|p2a: Ditto
|-resisted|p2a: Ditto
|-damage|p2a: Ditto|77/100
|
|upkeep
|turn|18
|
|move|p2a: Ditto|Recover|p2a: Ditto
|-heal|p2a: Ditto|100/100
|move|p1a: Eternatus|Flamethrower|p2a: Ditto
|-resisted|p2a: Ditto
|-damage|p2a: Ditto|90/100
|
|upkeep
|turn|19
|
|move|p2a: Ditto|Recover|p2a: Ditto
|-heal|p2a: Ditto|100/100
|move|p1a: Eternatus|Cosmic Power|p1a: Eternatus
|-boost|p1a: Eternatus|def|1
|-boost|p1a: Eternatus|spd|1
|
|upkeep
|turn|20
|
|switch|p2a: Toxapex|Toxapex, M|73/100 brn
|move|p1a: Eternatus|Flamethrower|p2a: Toxapex
|-resisted|p2a: Toxapex
|-damage|p2a: Toxapex|61/100 brn
|
|-damage|p2a: Toxapex|55/100 brn|[from] brn
|upkeep
|turn|21
|
|switch|p1a: Ferrothorn|Ferrothorn, M|94/100 brn
|switch|p2a: Ditto|Ditto|100/100
|-transform|p2a: Ditto|p1a: Ferrothorn|[from] ability: Imposter
|
|-heal|p1a: Ferrothorn|100/100 brn|[from] item: Leftovers
|-damage|p1a: Ferrothorn|94/100 brn|[from] brn
|upkeep
|turn|22
|
|switch|p1a: Eternatus|Eternatus|100/100
|-ability|p1a: Eternatus|Pressure
|move|p2a: Ditto|Knock Off|p1a: Eternatus
|-damage|p1a: Eternatus|89/100
|-enditem|p1a: Eternatus|Black Sludge|[from] move: Knock Off|[of] p2a: Ditto
|
|upkeep
|turn|23
|
|switch|p1a: Lunala|Lunala|94/100
|switch|p2a: Toxapex|Toxapex, M|88/100 brn
|
|-damage|p2a: Toxapex|82/100 brn|[from] brn
|upkeep
|turn|24
|
|move|p1a: Lunala|Hex|p2a: Toxapex
|-crit|p2a: Toxapex
|-damage|p2a: Toxapex|15/100 brn
|move|p2a: Toxapex|Toxic|p1a: Lunala
|-status|p1a: Lunala|tox
|
|-damage|p1a: Lunala|88/100 tox|[from] psn
|-damage|p2a: Toxapex|8/100 brn|[from] brn
|upkeep
|turn|25
|
|switch|p2a: Mandibuzz|Mandibuzz, F|75/100
|move|p1a: Lunala|Will-O-Wisp|p2a: Mandibuzz
|-status|p2a: Mandibuzz|brn
|
|-damage|p1a: Lunala|75/100 tox|[from] psn
|-damage|p2a: Mandibuzz|69/100 brn|[from] brn
|upkeep
|turn|26
|
|switch|p1a: Umbreon|Umbreon, M|88/100
|move|p2a: Mandibuzz|U-turn|p1a: Umbreon
|-supereffective|p1a: Umbreon
|-damage|p1a: Umbreon|79/100
|
|switch|p2a: Toxapex|Toxapex, M|42/100 brn|[from]move: U-turn
|
|-heal|p1a: Umbreon|85/100|[from] item: Leftovers
|-damage|p2a: Toxapex|35/100 brn|[from] brn
|upkeep
|turn|27
|
|switch|p2a: Mandibuzz|Mandibuzz, F|69/100 brn
|move|p1a: Umbreon|Heal Bell|p1a: Umbreon
|-activate|p1a: Umbreon|move: Heal Bell
|-curestatus|p1: Ferrothorn|brn|[msg]
|-curestatus|p1: Lunala|tox|[msg]
|
|-heal|p1a: Umbreon|91/100|[from] item: Leftovers
|-damage|p2a: Mandibuzz|63/100 brn|[from] brn
|upkeep
|turn|28
|
|switch|p1a: Ditto|Ditto|100/100
|-transform|p1a: Ditto|p2a: Mandibuzz|[from] ability: Imposter
|move|p2a: Mandibuzz|Roost|p2a: Mandibuzz
|-heal|p2a: Mandibuzz|100/100 brn
|-singleturn|p2a: Mandibuzz|move: Roost
|
|-damage|p2a: Mandibuzz|94/100 brn|[from] brn
|upkeep
|turn|29
|
|move|p2a: Mandibuzz|U-turn|p1a: Ditto
|-damage|p1a: Ditto|96/100
|
|switch|p2a: Toxapex|Toxapex, M|69/100 brn|[from]move: U-turn
|move|p1a: Ditto|U-turn|p2a: Toxapex
|-resisted|p2a: Toxapex
|-damage|p2a: Toxapex|65/100 brn
|
|switch|p1a: Ferrothorn|Ferrothorn, M|94/100|[from]move: U-turn
|
|-heal|p1a: Ferrothorn|100/100|[from] item: Leftovers
|-damage|p2a: Toxapex|59/100 brn|[from] brn
|upkeep
|turn|30
|
|switch|p2a: Ditto|Ditto|100/100
|-transform|p2a: Ditto|p1a: Ferrothorn|[from] ability: Imposter
|move|p1a: Ferrothorn|Spikes|p2a: Ditto
|-sidestart|p2: FinnPowerLord|Spikes
|
|upkeep
|turn|31
|c|☆QiYu3|a
|inactive|FinnPowerLord has 120 seconds left.
|
|switch|p1a: Eternatus|Eternatus|89/100
|-ability|p1a: Eternatus|Pressure
|move|p2a: Ditto|Spikes|p1a: Eternatus
|-sidestart|p1: QiYu3|Spikes
|
|upkeep
|turn|32
|
|switch|p2a: Toxapex|Toxapex, M|92/100 brn
|-damage|p2a: Toxapex|79/100 brn|[from] Spikes
|move|p1a: Eternatus|Dragon Tail|p2a: Toxapex
|-damage|p2a: Toxapex|70/100 brn
|drag|p2a: Necrozma|Necrozma-Dusk-Mane|100/100
|-damage|p2a: Necrozma|88/100|[from] Spikes
|
|-heal|p2a: Necrozma|94/100|[from] item: Leftovers
|upkeep
|turn|33
|
|switch|p2a: Toxapex|Toxapex, M|100/100 brn
|-damage|p2a: Toxapex|88/100 brn|[from] Spikes
|move|p1a: Eternatus|Cosmic Power|p1a: Eternatus
|-boost|p1a: Eternatus|def|1
|-boost|p1a: Eternatus|spd|1
|
|-damage|p2a: Toxapex|82/100 brn|[from] brn
|upkeep
|turn|34
|
|switch|p2a: Ditto|Ditto|100/100
|-damage|p2a: Ditto|88/100|[from] Spikes
|-transform|p2a: Ditto|p1a: Eternatus|[from] ability: Imposter
|-ability|p2a: Ditto|Pressure
|move|p1a: Eternatus|Cosmic Power|p1a: Eternatus
|-boost|p1a: Eternatus|def|1
|-boost|p1a: Eternatus|spd|1
|
|upkeep
|turn|35
|
|move|p2a: Ditto|Recover|p2a: Ditto
|-heal|p2a: Ditto|100/100
|move|p1a: Eternatus|Dragon Tail|p2a: Ditto
|-supereffective|p2a: Ditto
|-damage|p2a: Ditto|78/100
|drag|p2a: Lunala|Lunala|100/100
|
|upkeep
|turn|36
|
|switch|p2a: Toxapex|Toxapex, M|100/100 brn
|-damage|p2a: Toxapex|88/100 brn|[from] Spikes
|move|p1a: Eternatus|Flamethrower|p2a: Toxapex
|-resisted|p2a: Toxapex
|-damage|p2a: Toxapex|76/100 brn
|
|-damage|p2a: Toxapex|70/100 brn|[from] brn
|upkeep
|turn|37
|
|switch|p2a: Ditto|Ditto|78/100
|-damage|p2a: Ditto|66/100|[from] Spikes
|-transform|p2a: Ditto|p1a: Eternatus|[from] ability: Imposter
|-ability|p2a: Ditto|Pressure
|move|p1a: Eternatus|Dragon Tail|p2a: Ditto|[miss]
|-miss|p1a: Eternatus|p2a: Ditto
|
|upkeep
|turn|38
|
|move|p2a: Ditto|Recover|p2a: Ditto
|-heal|p2a: Ditto|100/100
|move|p1a: Eternatus|Dragon Tail|p2a: Ditto
|-supereffective|p2a: Ditto
|-damage|p2a: Ditto|84/100
|drag|p2a: Zekrom|Zekrom|100/100
|-damage|p2a: Zekrom|88/100|[from] Spikes
|-ability|p2a: Zekrom|Teravolt
|
|-heal|p2a: Zekrom|94/100|[from] item: Leftovers
|upkeep
|turn|39
|
|switch|p2a: Toxapex|Toxapex, M|100/100 brn
|-damage|p2a: Toxapex|88/100 brn|[from] Spikes
|move|p1a: Eternatus|Dragon Tail|p2a: Toxapex
|-damage|p2a: Toxapex|78/100 brn
|drag|p2a: Lunala|Lunala|100/100
|
|upkeep
|turn|40
|
|switch|p2a: Toxapex|Toxapex, M|100/100 brn
|-damage|p2a: Toxapex|88/100 brn|[from] Spikes
|move|p1a: Eternatus|Flamethrower|p2a: Toxapex
|-resisted|p2a: Toxapex
|-damage|p2a: Toxapex|77/100 brn
|
|-damage|p2a: Toxapex|71/100 brn|[from] brn
|upkeep
|turn|41
|
|switch|p1a: Lunala|Lunala|75/100
|move|p2a: Toxapex|Scald|p1a: Lunala
|-damage|p1a: Lunala|63/100
|-status|p1a: Lunala|brn
|
|-damage|p1a: Lunala|57/100 brn|[from] brn
|-damage|p2a: Toxapex|64/100 brn|[from] brn
|upkeep
|turn|42
|
|switch|p2a: Mandibuzz|Mandibuzz, F|94/100 brn
|move|p1a: Lunala|Hex|p2a: Mandibuzz
|-resisted|p2a: Mandibuzz
|-damage|p2a: Mandibuzz|68/100 brn
|
|-damage|p1a: Lunala|50/100 brn|[from] brn
|-damage|p2a: Mandibuzz|62/100 brn|[from] brn
|upkeep
|turn|43
|
|move|p1a: Lunala|Roost|p1a: Lunala
|-heal|p1a: Lunala|100/100 brn
|-singleturn|p1a: Lunala|move: Roost
|move|p2a: Mandibuzz|Defog|p1a: Lunala
|-unboost|p1a: Lunala|evasion|1
|-sideend|p1: QiYu3|Spikes|[from] move: Defog|[of] p2a: Mandibuzz
|-sideend|p2: FinnPowerLord|Spikes|[from] move: Defog|[of] p2a: Mandibuzz
|
|-damage|p1a: Lunala|94/100 brn|[from] brn
|-damage|p2a: Mandibuzz|56/100 brn|[from] brn
|upkeep
|turn|44
|
|switch|p1a: Ferrothorn|Ferrothorn, M|100/100
|move|p2a: Mandibuzz|Roost|p2a: Mandibuzz
|-heal|p2a: Mandibuzz|100/100 brn
|-singleturn|p2a: Mandibuzz|move: Roost
|
|-damage|p2a: Mandibuzz|94/100 brn|[from] brn
|upkeep
|turn|45
|
|switch|p2a: Ditto|Ditto|84/100
|-transform|p2a: Ditto|p1a: Ferrothorn|[from] ability: Imposter
|move|p1a: Ferrothorn|Spikes|p2a: Ditto
|-sidestart|p2: FinnPowerLord|Spikes
|
|upkeep
|turn|46
|
|switch|p1a: Marshadow|Marshadow|100/100
|move|p2a: Ditto|Spikes|p1a: Marshadow
|-sidestart|p1: QiYu3|Spikes
|
|upkeep
|turn|47
|
|switch|p2a: Toxapex|Toxapex, M|98/100 brn
|-damage|p2a: Toxapex|85/100 brn|[from] Spikes
|move|p1a: Marshadow|Spectral Thief|p2a: Toxapex
|-damage|p2a: Toxapex|56/100 brn
|
|-damage|p2a: Toxapex|50/100 brn|[from] brn
|upkeep
|turn|48
|
|-start|p1a: Marshadow|Dynamax
|-heal|p1a: Marshadow|100/100|[silent]
|move|p1a: Marshadow|Max Phantasm|p2a: Toxapex
|-damage|p2a: Toxapex|3/100 brn
|-unboost|p2a: Toxapex|def|1
|move|p2a: Toxapex|Recover|p2a: Toxapex
|-heal|p2a: Toxapex|53/100 brn
|
|-damage|p2a: Toxapex|47/100 brn|[from] brn
|upkeep
|turn|49
|
|switch|p2a: Mandibuzz|Mandibuzz, F|94/100 brn
|move|p1a: Marshadow|Max Knuckle|p2a: Mandibuzz
|-damage|p2a: Mandibuzz|64/100 brn
|-boost|p1a: Marshadow|atk|1
|
|-damage|p2a: Mandibuzz|58/100 brn|[from] brn
|upkeep
|turn|50
|
|switch|p2a: Toxapex|Toxapex, M|80/100 brn
|-damage|p2a: Toxapex|67/100 brn|[from] Spikes
|move|p1a: Marshadow|Max Knuckle|p2a: Toxapex
|-resisted|p2a: Toxapex
|-damage|p2a: Toxapex|43/100 brn
|-boost|p1a: Marshadow|atk|1
|
|-damage|p2a: Toxapex|36/100 brn|[from] brn
|-end|p1a: Marshadow|Dynamax
|-heal|p1a: Marshadow|100/100|[silent]
|upkeep
|turn|51
|
|switch|p2a: Zekrom|Zekrom|94/100
|-damage|p2a: Zekrom|82/100|[from] Spikes
|-ability|p2a: Zekrom|Teravolt
|move|p1a: Marshadow|Spectral Thief|p2a: Zekrom
|-damage|p2a: Zekrom|0 fnt
|faint|p2a: Zekrom
|
|upkeep
|
|switch|p2a: Ditto|Ditto|84/100
|-damage|p2a: Ditto|72/100|[from] Spikes
|-transform|p2a: Ditto|p1a: Marshadow|[from] ability: Imposter
|turn|52
|
|switch|p1a: Ditto|Ditto|96/100
|-damage|p1a: Ditto|84/100|[from] Spikes
|move|p2a: Ditto|Spectral Thief|p1a: Ditto
|-immune|p1a: Ditto
|
|upkeep
|turn|53
|
|switch|p1a: Marshadow|Marshadow|100/100
|-damage|p1a: Marshadow|88/100|[from] Spikes
|-start|p2a: Ditto|Dynamax
|-heal|p2a: Ditto|72/100|[silent]
|move|p2a: Ditto|Max Knuckle|p1a: Marshadow
|-immune|p1a: Marshadow
|
|upkeep
|turn|54
|
|move|p1a: Marshadow|Spectral Thief||[still]
|-clearpositiveboost|p2a: Ditto|p1a: Marshadow|move: Spectral Thief
|-boost|p1a: Marshadow|atk|2
|-anim|p1a: Marshadow|Spectral Thief|p2a: Ditto
|-supereffective|p2a: Ditto
|-damage|p2a: Ditto|0 fnt
|faint|p2a: Ditto
|
|upkeep
|-message|FinnPowerLord forfeited.
|
|win|QiYu3
|raw|QiYu3's rating: 1781 &rarr; <strong>1789</strong><br />(+8 for winning)
|raw|FinnPowerLord's rating: 1560 &rarr; <strong>1552</strong><br />(-8 for losing)
|l|☆FinnPowerLord
|n| QiYu4|qiyu3
|j|☆FinnPowerLord
|player|p2|FinnPowerLord|101
