|j|☆moisix
|j|☆Kamzz Test
|t:|1661017539
|gametype|singles
|player|p1|moisix|170|1247
|player|p2|Kamzz Test|266|1390
|teamsize|p1|6
|teamsize|p2|6
|gen|8
|tier|[Gen 8] Ubers
|rated|
|rule|Sleep Clause Mod: Limit one foe put to sleep
|rule|Species Clause: Limit one of each Pokémon
|rule|OHKO Clause: OHKO moves are banned
|rule|Evasion Items Clause: Evasion items are banned
|rule|Evasion Moves Clause: Evasion moves are banned
|rule|Endless Battle Clause: Forcing endless battles is banned
|rule|HP Percentage Mod: HP is shown in percentages
|rule|Dynamax Clause: You cannot dynamax
|clearpoke
|poke|p1|Gengar, F|
|poke|p1|Clefable, F|
|poke|p1|Hitmonlee, M|
|poke|p1|Kartana|
|poke|p1|Regice|
|poke|p1|Cinderace, M|
|poke|p2|Grimmsnarl, M|
|poke|p2|Marshadow|
|poke|p2|Necrozma-Dusk-Mane|
|poke|p2|Calyrex-Shadow|
|poke|p2|Yveltal|
|poke|p2|Excadrill, M|
|teampreview
|inactive|Battle timer is ON: inactive players will automatically lose when time's up. (requested by Kamzz Test)
|
|t:|1661017574
|start
|switch|p1a: zoro|Kartana|100/100
|switch|p2a: Excadrill|Excadrill, M|100/100
|turn|1
|
|t:|1661017586
|move|p1a: zoro|Knock Off|p2a: Excadrill
|-damage|p2a: Excadrill|39/100
|-enditem|p2a: Excadrill|Focus Sash|[from] move: Knock Off|[of] p1a: zoro
|move|p2a: Excadrill|Stealth Rock|p1a: zoro
|-sidestart|p1: moisix|move: Stealth Rock
|
|upkeep
|turn|2
|
|t:|1661017592
|move|p1a: zoro|Knock Off|p2a: Excadrill
|-crit|p2a: Excadrill
|-damage|p2a: Excadrill|0 fnt
|faint|p2a: Excadrill
|-ability|p1a: zoro|Beast Boost|boost
|-boost|p1a: zoro|atk|1
|
|upkeep
|
|t:|1661017600
|switch|p2a: Marshadow|Marshadow|100/100
|turn|3
|
|t:|1661017612
|move|p1a: zoro|Knock Off|p2a: Marshadow
|-damage|p2a: Marshadow|15/100
|-enditem|p2a: Marshadow|Life Orb|[from] move: Knock Off|[of] p1a: zoro
|move|p2a: Marshadow|Spectral Thief||[still]
|-clearpositiveboost|p1a: zoro|p2a: Marshadow|move: Spectral Thief
|-boost|p2a: Marshadow|atk|1
|-anim|p2a: Marshadow|Spectral Thief|p1a: zoro
|-crit|p1a: zoro
|-damage|p1a: zoro|2/100
|
|upkeep
|turn|4
|inactive|moisix has 120 seconds left.
|
|t:|1661017663
|move|p2a: Marshadow|Shadow Sneak|p1a: zoro
|-damage|p1a: zoro|0 fnt
|faint|p1a: zoro
|
|upkeep
|inactive|moisix has 90 seconds left.
|
|t:|1661017678
|switch|p1a: goenji|Cinderace, M|100/100
|turn|5
|
|t:|1661017687
|move|p2a: Marshadow|Bulk Up|p2a: Marshadow
|-boost|p2a: Marshadow|atk|1
|-boost|p2a: Marshadow|def|1
|move|p1a: goenji|Pyro Ball|p2a: Marshadow
|-damage|p2a: Marshadow|0 fnt
|faint|p2a: Marshadow
|
|upkeep
|
|t:|1661017694
|switch|p2a: Grimmsnarl|Grimmsnarl, M|100/100
|turn|6
|
|t:|1661017698
|move|p2a: Grimmsnarl|Reflect|p2a: Grimmsnarl
|-sidestart|p2: Kamzz Test|Reflect
|move|p1a: goenji|Court Change|p1a: goenji
|-start|p1a: goenji|typechange|Normal|[from] ability: Libero
|-swapsideconditions
|-activate|p1a: goenji|move: Court Change
|
|upkeep
|turn|7
|inactive|moisix has 120 seconds left.
|
|t:|1661017713
|move|p2a: Grimmsnarl|Taunt|p1a: goenji
|-start|p1a: goenji|move: Taunt
|move|p1a: goenji|U-turn|p2a: Grimmsnarl
|-start|p1a: goenji|typechange|Bug|[from] ability: Libero
|-damage|p2a: Grimmsnarl|49/100
|
|t:|1661017725
|switch|p1a: kate|Gengar, F|100/100|[from]move: U-turn
|
|upkeep
|turn|8
|
|t:|1661017730
|move|p2a: Grimmsnarl|Reflect|p2a: Grimmsnarl
|-sidestart|p2: Kamzz Test|Reflect
|move|p1a: kate|Substitute|p1a: kate
|-start|p1a: kate|Substitute
|-damage|p1a: kate|76/100
|
|-heal|p1a: kate|82/100|[from] item: Leftovers
|upkeep
|turn|9
|
|t:|1661017736
|move|p2a: Grimmsnarl|Taunt|p1a: kate
|-start|p1a: kate|move: Taunt
|cant|p1a: kate|move: Taunt|Nasty Plot
|
|-heal|p1a: kate|88/100|[from] item: Leftovers
|upkeep
|turn|10
|
|t:|1661017742
|move|p2a: Grimmsnarl|Light Screen|p2a: Grimmsnarl
|-sidestart|p2: Kamzz Test|move: Light Screen
|move|p1a: kate|Sludge Bomb|p2a: Grimmsnarl
|-supereffective|p2a: Grimmsnarl
|-damage|p2a: Grimmsnarl|0 fnt
|faint|p2a: Grimmsnarl
|
|-heal|p1a: kate|94/100|[from] item: Leftovers
|upkeep
|
|t:|1661017749
|switch|p2a: Necrozma|Necrozma-Dusk-Mane|100/100
|-damage|p2a: Necrozma|94/100|[from] Stealth Rock
|turn|11
|
|t:|1661017757
|move|p1a: kate|Shadow Ball|p2a: Necrozma
|-supereffective|p2a: Necrozma
|-damage|p2a: Necrozma|70/100
|-enditem|p2a: Necrozma|Weakness Policy
|-boost|p2a: Necrozma|atk|2|[from] item: Weakness Policy
|-boost|p2a: Necrozma|spa|2|[from] item: Weakness Policy
|move|p2a: Necrozma|Autotomize|p2a: Necrozma
|-boost|p2a: Necrozma|spe|2
|-start|p2a: Necrozma|Autotomize
|
|-heal|p1a: kate|99/100|[from] item: Leftovers
|-end|p1a: kate|move: Taunt
|upkeep
|turn|12
|
|t:|1661017770
|move|p2a: Necrozma|Earthquake|p1a: kate
|-supereffective|p1a: kate
|-end|p1a: kate|Substitute
|move|p1a: kate|Shadow Ball|p2a: Necrozma
|-supereffective|p2a: Necrozma
|-damage|p2a: Necrozma|46/100
|-unboost|p2a: Necrozma|spd|1
|
|-heal|p1a: kate|100/100|[from] item: Leftovers
|upkeep
|turn|13
|inactive|moisix has 120 seconds left.
|
|t:|1661017820
|move|p2a: Necrozma|Earthquake|p1a: kate
|-supereffective|p1a: kate
|-damage|p1a: kate|0 fnt
|faint|p1a: kate
|
|-sideend|p1: moisix|Reflect
|upkeep
|
|t:|1661017839
|switch|p1a: fubuki|Regice|100/100
|turn|14
|
|t:|1661017844
|move|p1a: fubuki|Protect|p1a: fubuki
|-singleturn|p1a: fubuki|Protect
|move|p2a: Necrozma|Sunsteel Strike|p1a: fubuki
|-activate|p1a: fubuki|move: Protect
|
|upkeep
|turn|15
|
|t:|1661017853
|move|p2a: Necrozma|Sunsteel Strike|p1a: fubuki
|-supereffective|p1a: fubuki
|-damage|p1a: fubuki|0 fnt
|faint|p1a: fubuki
|
|-sideend|p2: Kamzz Test|Reflect
|upkeep
|
|t:|1661017861
|switch|p1a: sanji|Hitmonlee, M|100/100
|turn|16
|
|t:|1661017866
|move|p1a: sanji|Endure|p1a: sanji
|-singleturn|p1a: sanji|move: Endure
|move|p2a: Necrozma|Sunsteel Strike|p1a: sanji
|-activate|p1a: sanji|move: Endure
|-damage|p1a: sanji|1/100
|-enditem|p1a: sanji|Liechi Berry|[eat]
|-boost|p1a: sanji|atk|1|[from] item: Liechi Berry
|
|upkeep
|turn|17
|
|t:|1661017878
|move|p1a: sanji|Reversal|p2a: Necrozma
|-damage|p2a: Necrozma|0 fnt
|faint|p2a: Necrozma
|
|-sideend|p2: Kamzz Test|move: Light Screen
|upkeep
|
|t:|1661017886
|switch|p2a: Calyrex|Calyrex-Shadow|100/100
|-ability|p2a: Calyrex|As One
|-ability|p2a: Calyrex|Unnerve
|-damage|p2a: Calyrex|88/100|[from] Stealth Rock
|turn|18
|inactive|moisix has 120 seconds left.
|
|t:|1661017892
|move|p1a: sanji|Knock Off|p2a: Calyrex
|-supereffective|p2a: Calyrex
|-damage|p2a: Calyrex|0 fnt
|-enditem|p2a: Calyrex|Focus Sash|[from] move: Knock Off|[of] p1a: sanji
|faint|p2a: Calyrex
|
|upkeep
|
|t:|1661017908
|switch|p2a: Yveltal|Yveltal|100/100
|-damage|p2a: Yveltal|76/100|[from] Stealth Rock
|-ability|p2a: Yveltal|Dark Aura
|turn|19
|
|t:|1661017915
|move|p1a: sanji|Reversal|p2a: Yveltal
|-damage|p2a: Yveltal|0 fnt
|faint|p2a: Yveltal
|
|win|moisix
|raw|moisix's rating: 1247 &rarr; <strong>1282</strong><br />(+35 for winning)
|raw|Kamzz Test's rating: 1390 &rarr; <strong>1362</strong><br />(-28 for losing)
|c|☆moisix|gg
||Ladder isn't responding, score probably updated but might not have (Request timeout).
