|j|☆PokeDuels Blue
|j|☆Pkmn 3443
|t:|1634418478
|gametype|singles
|player|p1|PokeDuels Blue|1|1433
|player|p2|Pkmn 3443|2|1712
|teamsize|p1|6
|teamsize|p2|6
|gen|8
|tier|[Gen 8] Ubers
|rated|
|rule|Sleep Clause Mod: Limit one foe put to sleep
|rule|Species Clause: Limit one of each Pokémon
|rule|OHKO Clause: OHKO moves are banned
|rule|Evasion Moves Clause: Evasion moves are banned
|rule|Endless Battle Clause: Forcing endless battles is banned
|rule|HP Percentage Mod: HP is shown in percentages
|rule|Dynamax Clause: You cannot dynamax
|clearpoke
|poke|p1|Eternatus|
|poke|p1|Necrozma-Dusk-Mane|
|poke|p1|Giratina|
|poke|p1|Audino, L99, M|
|poke|p1|Kyogre|
|poke|p1|Tyranitar, F|
|poke|p2|Blissey, F|
|poke|p2|Necrozma-Dusk-Mane|
|poke|p2|Ho-Oh|
|poke|p2|Eternatus|
|poke|p2|Ditto|
|poke|p2|Yveltal|
|teampreview
|
|t:|1634418499
|start
|switch|p1a: Kyogre|Kyogre|100/100
|switch|p2a: Ditto|Ditto|100/100
|-weather|RainDance|[from] ability: Drizzle|[of] p1a: Kyogre
|-transform|p2a: Ditto|p1a: Kyogre|[from] ability: Imposter
|turn|1
|
|t:|1634418510
|switch|p2a: Blissey|Blissey, F|100/100
|switch|p1a: Giratina|Giratina|100/100
|-ability|p1a: Giratina|Pressure
|
|-weather|RainDance|[upkeep]
|upkeep
|turn|2
|
|t:|1634418515
|switch|p1a: Tyranitar|Tyranitar, F|100/100
|-weather|Sandstorm|[from] ability: Sand Stream|[of] p1a: Tyranitar
|switch|p2a: Ho-Oh|Ho-Oh|100/100
|
|-weather|Sandstorm|[upkeep]
|-damage|p2a: Ho-Oh|94/100|[from] Sandstorm
|upkeep
|turn|3
|
|t:|1634418523
|switch|p2a: Eternatus|Eternatus|100/100
|-ability|p2a: Eternatus|Pressure
|move|p1a: Tyranitar|Foul Play|p2a: Eternatus
|-damage|p2a: Eternatus|84/100
|
|-weather|Sandstorm|[upkeep]
|-damage|p2a: Eternatus|78/100|[from] Sandstorm
|-heal|p2a: Eternatus|84/100|[from] item: Black Sludge
|upkeep
|turn|4
|
|t:|1634418529
|switch|p1a: Audino|Audino, L99, M|100/100
|move|p2a: Eternatus|Toxic|p1a: Audino
|-status|p1a: Audino|tox
|
|-weather|Sandstorm|[upkeep]
|-damage|p2a: Eternatus|78/100|[from] Sandstorm
|-damage|p1a: Audino|94/100 tox|[from] Sandstorm
|-heal|p2a: Eternatus|84/100|[from] item: Black Sludge
|-damage|p1a: Audino|88/100 tox|[from] psn
|upkeep
|turn|5
|
|t:|1634418533
|switch|p2a: Ditto|Ditto|100/100
|-transform|p2a: Ditto|p1a: Audino|[from] ability: Imposter
|move|p1a: Audino|Knock Off|p2a: Ditto
|-damage|p2a: Ditto|86/100
|-enditem|p2a: Ditto|Choice Scarf|[from] move: Knock Off|[of] p1a: Audino
|
|-weather|Sandstorm|[upkeep]
|-damage|p2a: Ditto|80/100|[from] Sandstorm
|-damage|p1a: Audino|82/100 tox|[from] Sandstorm
|-damage|p1a: Audino|70/100 tox|[from] psn
|upkeep
|turn|6
|
|t:|1634418540
|move|p2a: Ditto|Knock Off|p1a: Audino
|-damage|p1a: Audino|59/100 tox
|-enditem|p1a: Audino|Heavy-Duty Boots|[from] move: Knock Off|[of] p2a: Ditto
|move|p1a: Audino|Encore|p2a: Ditto
|-start|p2a: Ditto|Encore
|
|-weather|none
|-damage|p1a: Audino|41/100 tox|[from] psn
|upkeep
|turn|7
|
|t:|1634418551
|switch|p1a: Eternatus|Eternatus|100/100
|-ability|p1a: Eternatus|Pressure
|move|p2a: Ditto|Knock Off|p1a: Eternatus
|-damage|p1a: Eternatus|92/100
|-enditem|p1a: Eternatus|Choice Scarf|[from] move: Knock Off|[of] p2a: Ditto
|
|upkeep
|turn|8
|
|t:|1634418562
|switch|p2a: Ho-Oh|Ho-Oh|100/100
|move|p1a: Eternatus|Draco Meteor|p2a: Ho-Oh
|-damage|p2a: Ho-Oh|64/100
|-unboost|p1a: Eternatus|spa|2
|
|upkeep
|turn|9
|
|t:|1634418571
|switch|p1a: Tyranitar|Tyranitar, F|100/100
|-weather|Sandstorm|[from] ability: Sand Stream|[of] p1a: Tyranitar
|switch|p2a: Blissey|Blissey, F|100/100
|
|-weather|Sandstorm|[upkeep]
|-damage|p2a: Blissey|94/100|[from] Sandstorm
|upkeep
|turn|10
|
|t:|1634418577
|switch|p2a: Eternatus|Eternatus|84/100
|-ability|p2a: Eternatus|Pressure
|move|p1a: Tyranitar|Stealth Rock|p2a: Eternatus
|-sidestart|p2: Pkmn 3443|move: Stealth Rock
|
|-weather|Sandstorm|[upkeep]
|-damage|p2a: Eternatus|78/100|[from] Sandstorm
|-heal|p2a: Eternatus|84/100|[from] item: Black Sludge
|upkeep
|turn|11
|
|t:|1634418588
|switch|p2a: Ditto|Ditto|100/100
|-damage|p2a: Ditto|88/100|[from] Stealth Rock
|-transform|p2a: Ditto|p1a: Tyranitar|[from] ability: Imposter
|switch|p1a: Necrozma|Necrozma-Dusk-Mane|100/100
|
|-weather|Sandstorm|[upkeep]
|upkeep
|turn|12
|
|t:|1634418603
|switch|p2a: Necrozma|Necrozma-Dusk-Mane|100/100
|-damage|p2a: Necrozma|94/100|[from] Stealth Rock
|move|p1a: Necrozma|Sunsteel Strike|p2a: Necrozma
|-resisted|p2a: Necrozma
|-damage|p2a: Necrozma|80/100
|-damage|p1a: Necrozma|84/100|[from] item: Rocky Helmet|[of] p2a: Necrozma
|
|-weather|Sandstorm|[upkeep]
|-heal|p1a: Necrozma|90/100|[from] item: Leftovers
|upkeep
|turn|13
|
|t:|1634418611
|switch|p1a: Audino|Audino, L99, M|74/100 tox
|move|p2a: Necrozma|Stealth Rock|p1a: Audino
|-sidestart|p1: PokeDuels Blue|move: Stealth Rock
|
|-weather|none
|-damage|p1a: Audino|68/100 tox|[from] psn
|upkeep
|turn|14
|
|t:|1634418616
|switch|p2a: Ditto|Ditto|88/100
|-damage|p2a: Ditto|76/100|[from] Stealth Rock
|-transform|p2a: Ditto|p1a: Audino|[from] ability: Imposter
|move|p1a: Audino|Wish|p1a: Audino
|
|-damage|p1a: Audino|56/100 tox|[from] psn
|upkeep
|turn|15
|
|t:|1634418621
|move|p1a: Audino|Encore||[still]
|-fail|p1a: Audino
|move|p2a: Ditto|Wish|p2a: Ditto
|
|-heal|p1a: Audino|100/100 tox|[from] move: Wish|[wisher] Audino
|-damage|p1a: Audino|82/100 tox|[from] psn
|upkeep
|turn|16
|
|t:|1634418630
|switch|p2a: Necrozma|Necrozma-Dusk-Mane|80/100
|-damage|p2a: Necrozma|74/100|[from] Stealth Rock
|move|p1a: Audino|Knock Off|p2a: Necrozma
|-supereffective|p2a: Necrozma
|-damage|p2a: Necrozma|62/100
|-damage|p1a: Audino|66/100 tox|[from] item: Rocky Helmet|[of] p2a: Necrozma
|-enditem|p2a: Necrozma|Rocky Helmet|[from] move: Knock Off|[of] p1a: Audino
|
|-heal|p2a: Necrozma|99/100|[from] move: Wish|[wisher] Ditto
|-damage|p1a: Audino|41/100 tox|[from] psn
|upkeep
|turn|17
|
|t:|1634418646
|switch|p1a: Necrozma|Necrozma-Dusk-Mane|90/100
|-damage|p1a: Necrozma|84/100|[from] Stealth Rock
|move|p2a: Necrozma|Knock Off|p1a: Necrozma
|-supereffective|p1a: Necrozma
|-damage|p1a: Necrozma|47/100
|-enditem|p1a: Necrozma|Leftovers|[from] move: Knock Off|[of] p2a: Necrozma
|
|upkeep
|turn|18
|
|t:|1634418654
|move|p1a: Necrozma|Moonlight|p1a: Necrozma
|-heal|p1a: Necrozma|97/100
|move|p2a: Necrozma|Knock Off|p1a: Necrozma
|-supereffective|p1a: Necrozma
|-damage|p1a: Necrozma|73/100
|
|upkeep
|turn|19
|
|t:|1634418663
|switch|p1a: Giratina|Giratina|100/100
|-damage|p1a: Giratina|88/100|[from] Stealth Rock
|-ability|p1a: Giratina|Pressure
|move|p2a: Necrozma|Knock Off|p1a: Giratina
|-supereffective|p1a: Giratina
|-damage|p1a: Giratina|50/100
|-enditem|p1a: Giratina|Leftovers|[from] move: Knock Off|[of] p2a: Necrozma
|
|upkeep
|turn|20
|
|t:|1634418674
|switch|p2a: Ho-Oh|Ho-Oh|97/100
|move|p1a: Giratina|Defog|p2a: Ho-Oh
|-unboost|p2a: Ho-Oh|evasion|1
|-sideend|p2: Pkmn 3443|Stealth Rock|[from] move: Defog|[of] p1a: Giratina
|-sideend|p1: PokeDuels Blue|Stealth Rock|[from] move: Defog|[of] p1a: Giratina
|
|upkeep
|turn|21
|
|t:|1634418686
|switch|p2a: Blissey|Blissey, F|94/100
|move|p1a: Giratina|Rest|p1a: Giratina
|-status|p1a: Giratina|slp|[from] move: Rest
|-heal|p1a: Giratina|100/100 slp|[silent]
|
|upkeep
|turn|22
|
|t:|1634418690
|switch|p2a: Ditto|Ditto|100/100
|-transform|p2a: Ditto|p1a: Giratina|[from] ability: Imposter
|-ability|p2a: Ditto|Pressure
|cant|p1a: Giratina|slp
|
|upkeep
|turn|23
|
|t:|1634418699
|move|p2a: Ditto|Will-O-Wisp||[still]
|-fail|p2a: Ditto
|cant|p1a: Giratina|slp
|
|upkeep
|turn|24
|
|t:|1634418707
|switch|p1a: Audino|Audino, L99, M|74/100 tox
|move|p2a: Ditto|Will-O-Wisp||[still]
|-fail|p2a: Ditto
|
|-damage|p1a: Audino|68/100 tox|[from] psn
|upkeep
|turn|25
|
|t:|1634418713
|switch|p1a: Giratina|Giratina|100/100 slp
|-ability|p1a: Giratina|Pressure
|move|p2a: Ditto|Will-O-Wisp|p1a: Giratina|[miss]
|-miss|p2a: Ditto|p1a: Giratina
|
|upkeep
|turn|26
|
|t:|1634418719
|switch|p1a: Audino|Audino, L99, M|100/100 tox
|switch|p2a: Ho-Oh|Ho-Oh|100/100
|
|-damage|p1a: Audino|94/100 tox|[from] psn
|upkeep
|turn|27
|
|t:|1634418725
|switch|p2a: Ditto|Ditto|100/100
|-transform|p2a: Ditto|p1a: Audino|[from] ability: Imposter
|switch|p1a: Giratina|Giratina|100/100 slp
|-ability|p1a: Giratina|Pressure
|
|upkeep
|turn|28
|
|t:|1634418732
|switch|p1a: Audino|Audino, L99, M|100/100 tox
|move|p2a: Ditto|Knock Off|p1a: Audino
|-crit|p1a: Audino
|-damage|p1a: Audino|90/100 tox
|
|-damage|p1a: Audino|84/100 tox|[from] psn
|upkeep
|turn|29
|
|t:|1634418746
|switch|p1a: Necrozma|Necrozma-Dusk-Mane|73/100
|move|p2a: Ditto|Knock Off|p1a: Necrozma
|-supereffective|p1a: Necrozma
|-damage|p1a: Necrozma|63/100
|
|upkeep
|turn|30
|
|t:|1634418758
|move|p1a: Necrozma|Photon Geyser|p2a: Ditto
|-damage|p2a: Ditto|40/100
|move|p2a: Ditto|Wish|p2a: Ditto
|
|upkeep
|turn|31
|
|t:|1634418767
|switch|p1a: Kyogre|Kyogre|100/100
|-weather|RainDance|[from] ability: Drizzle|[of] p1a: Kyogre
|switch|p2a: Necrozma|Necrozma-Dusk-Mane|99/100
|
|-weather|RainDance|[upkeep]
|-heal|p2a: Necrozma|100/100|[from] move: Wish|[wisher] Ditto
|upkeep
|turn|32
|
|t:|1634418772
|switch|p2a: Blissey|Blissey, F|94/100
|move|p1a: Kyogre|Water Spout|p2a: Blissey
|-damage|p2a: Blissey|51/100
|
|-weather|RainDance|[upkeep]
|upkeep
|turn|33
|
|t:|1634418780
|switch|p1a: Tyranitar|Tyranitar, F|100/100
|-weather|Sandstorm|[from] ability: Sand Stream|[of] p1a: Tyranitar
|move|p2a: Blissey|Soft-Boiled|p2a: Blissey
|-heal|p2a: Blissey|100/100
|
|-weather|Sandstorm|[upkeep]
|-damage|p2a: Blissey|94/100|[from] Sandstorm
|upkeep
|turn|34
|
|t:|1634418788
|switch|p2a: Eternatus|Eternatus|84/100
|-ability|p2a: Eternatus|Pressure
|move|p1a: Tyranitar|Stealth Rock|p2a: Eternatus
|-sidestart|p2: Pkmn 3443|move: Stealth Rock
|
|-weather|Sandstorm|[upkeep]
|-damage|p2a: Eternatus|78/100|[from] Sandstorm
|-heal|p2a: Eternatus|84/100|[from] item: Black Sludge
|upkeep
|turn|35
|
|t:|1634418797
|switch|p2a: Ditto|Ditto|73/100
|-damage|p2a: Ditto|61/100|[from] Stealth Rock
|-transform|p2a: Ditto|p1a: Tyranitar|[from] ability: Imposter
|switch|p1a: Audino|Audino, L99, M|100/100 tox
|
|-weather|Sandstorm|[upkeep]
|-damage|p1a: Audino|94/100 tox|[from] Sandstorm
|-damage|p1a: Audino|88/100 tox|[from] psn
|upkeep
|turn|36
|
|t:|1634418807
|move|p2a: Ditto|Stealth Rock|p1a: Audino
|-sidestart|p1: PokeDuels Blue|move: Stealth Rock
|move|p1a: Audino|Wish|p1a: Audino
|
|-weather|Sandstorm|[upkeep]
|-damage|p1a: Audino|82/100 tox|[from] Sandstorm
|-damage|p1a: Audino|70/100 tox|[from] psn
|upkeep
|turn|37
|
|t:|1634418816
|move|p2a: Ditto|Rest|p2a: Ditto
|-status|p2a: Ditto|slp|[from] move: Rest
|-heal|p2a: Ditto|100/100 slp|[silent]
|move|p1a: Audino|Encore|p2a: Ditto
|-start|p2a: Ditto|Encore
|
|-weather|none
|-heal|p1a: Audino|100/100 tox|[from] move: Wish|[wisher] Audino
|-damage|p1a: Audino|82/100 tox|[from] psn
|upkeep
|turn|38
|
|t:|1634418822
|cant|p2a: Ditto|slp
|move|p1a: Audino|Knock Off|p2a: Ditto
|-resisted|p2a: Ditto
|-crit|p2a: Ditto
|-damage|p2a: Ditto|93/100 slp
|
|-damage|p1a: Audino|57/100 tox|[from] psn
|upkeep
|turn|39
|
|t:|1634418829
|cant|p2a: Ditto|slp
|move|p1a: Audino|Heal Bell|p1a: Audino
|-activate|p1a: Audino|move: Heal Bell
|-curestatus|p1a: Audino|tox|[msg]
|-curestatus|p1: Giratina|slp|[msg]
|
|upkeep
|turn|40
|
|t:|1634418835
|-curestatus|p2a: Ditto|slp|[msg]
|move|p2a: Ditto|Rest|p2a: Ditto
|-status|p2a: Ditto|slp|[from] move: Rest
|-heal|p2a: Ditto|100/100 slp|[silent]
|move|p1a: Audino|Wish|p1a: Audino
|
|-end|p2a: Ditto|Encore
|upkeep
|turn|41
|
|t:|1634418845
|switch|p1a: Kyogre|Kyogre|100/100
|-damage|p1a: Kyogre|88/100|[from] Stealth Rock
|-weather|RainDance|[from] ability: Drizzle|[of] p1a: Kyogre
|cant|p2a: Ditto|slp
|
|-weather|RainDance|[upkeep]
|-heal|p1a: Kyogre|100/100|[from] move: Wish|[wisher] Audino
|upkeep
|turn|42
|
|t:|1634418857
|switch|p2a: Blissey|Blissey, F|94/100
|-damage|p2a: Blissey|82/100|[from] Stealth Rock
|move|p1a: Kyogre|Water Spout|p2a: Blissey
|-damage|p2a: Blissey|42/100
|
|-weather|RainDance|[upkeep]
|upkeep
|turn|43
|
|t:|1634418860
|move|p1a: Kyogre|Water Spout|p2a: Blissey
|-damage|p2a: Blissey|0 fnt
|faint|p2a: Blissey
|
|-weather|RainDance|[upkeep]
|upkeep
|
|t:|1634418876
|switch|p2a: Ditto|Ditto|100/100 slp
|-damage|p2a: Ditto|88/100 slp|[from] Stealth Rock
|-transform|p2a: Ditto|p1a: Kyogre|[from] ability: Imposter
|turn|44
|
|t:|1634418878
|cant|p2a: Ditto|slp
|move|p1a: Kyogre|Water Spout|p2a: Ditto
|-resisted|p2a: Ditto
|-damage|p2a: Ditto|0 fnt
|faint|p2a: Ditto
|
|-weather|RainDance|[upkeep]
|upkeep
|
|t:|1634418883
|switch|p2a: Eternatus|Eternatus|84/100
|-damage|p2a: Eternatus|72/100|[from] Stealth Rock
|-ability|p2a: Eternatus|Pressure
|turn|45
|
|t:|1634418887
|switch|p1a: Necrozma|Necrozma-Dusk-Mane|63/100
|-damage|p1a: Necrozma|57/100|[from] Stealth Rock
|move|p2a: Eternatus|Toxic|p1a: Necrozma
|-immune|p1a: Necrozma
|
|-weather|none
|-heal|p2a: Eternatus|78/100|[from] item: Black Sludge
|upkeep
|turn|46
|
|t:|1634418896
|switch|p2a: Necrozma|Necrozma-Dusk-Mane|100/100
|-damage|p2a: Necrozma|94/100|[from] Stealth Rock
|move|p1a: Necrozma|Moonlight|p1a: Necrozma
|-heal|p1a: Necrozma|100/100
|
|upkeep
|turn|47
|
|t:|1634418904
|switch|p1a: Giratina|Giratina|100/100
|-damage|p1a: Giratina|88/100|[from] Stealth Rock
|-ability|p1a: Giratina|Pressure
|move|p2a: Necrozma|Knock Off|p1a: Giratina
|-supereffective|p1a: Giratina
|-damage|p1a: Giratina|60/100
|
|upkeep
|turn|48
|
|t:|1634418915
|switch|p2a: Ho-Oh|Ho-Oh|100/100
|move|p1a: Giratina|Defog|p2a: Ho-Oh
|-unboost|p2a: Ho-Oh|evasion|1
|-sideend|p2: Pkmn 3443|Stealth Rock|[from] move: Defog|[of] p1a: Giratina
|-sideend|p1: PokeDuels Blue|Stealth Rock|[from] move: Defog|[of] p1a: Giratina
|
|upkeep
|turn|49
|
|t:|1634418924
|move|p1a: Giratina|Rest|p1a: Giratina
|-status|p1a: Giratina|slp|[from] move: Rest
|-heal|p1a: Giratina|100/100 slp|[silent]
|move|p2a: Ho-Oh|Toxic||[still]
|-fail|p2a: Ho-Oh
|
|upkeep
|turn|50
|
|t:|1634418928
|switch|p2a: Eternatus|Eternatus|78/100
|-ability|p2a: Eternatus|Pressure
|cant|p1a: Giratina|slp
|
|-heal|p2a: Eternatus|84/100|[from] item: Black Sludge
|upkeep
|turn|51
|
|t:|1634418942
|switch|p2a: Ho-Oh|Ho-Oh|100/100
|switch|p1a: Necrozma|Necrozma-Dusk-Mane|100/100
|
|upkeep
|turn|52
|
|t:|1634418947
|switch|p1a: Giratina|Giratina|100/100 slp
|-ability|p1a: Giratina|Pressure
|switch|p2a: Necrozma|Necrozma-Dusk-Mane|94/100
|
|upkeep
|turn|53
|
|t:|1634418951
|switch|p2a: Eternatus|Eternatus|84/100
|-ability|p2a: Eternatus|Pressure
|cant|p1a: Giratina|slp
|
|-heal|p2a: Eternatus|90/100|[from] item: Black Sludge
|upkeep
|turn|54
|
|t:|1634418955
|switch|p2a: Ho-Oh|Ho-Oh|100/100
|-curestatus|p1a: Giratina|slp|[msg]
|move|p1a: Giratina|Will-O-Wisp|p2a: Ho-Oh
|-immune|p2a: Ho-Oh
|
|upkeep
|turn|55
|
|t:|1634418963
|switch|p1a: Tyranitar|Tyranitar, F|100/100
|-weather|Sandstorm|[from] ability: Sand Stream|[of] p1a: Tyranitar
|move|p2a: Ho-Oh|Toxic|p1a: Tyranitar
|-status|p1a: Tyranitar|tox
|
|-weather|Sandstorm|[upkeep]
|-damage|p2a: Ho-Oh|94/100|[from] Sandstorm
|-damage|p1a: Tyranitar|94/100 tox|[from] psn
|upkeep
|turn|56
|
|t:|1634418967
|switch|p2a: Eternatus|Eternatus|90/100
|-ability|p2a: Eternatus|Pressure
|move|p1a: Tyranitar|Dragon Tail|p2a: Eternatus
|-supereffective|p2a: Eternatus
|-damage|p2a: Eternatus|63/100
|drag|p2a: Necrozma|Necrozma-Dusk-Mane|94/100
|
|-weather|Sandstorm|[upkeep]
|-damage|p1a: Tyranitar|82/100 tox|[from] psn
|upkeep
|turn|57
|
|t:|1634418975
|switch|p1a: Giratina|Giratina|100/100
|-ability|p1a: Giratina|Pressure
|switch|p2a: Ho-Oh|Ho-Oh|100/100
|
|-weather|Sandstorm|[upkeep]
|-damage|p1a: Giratina|94/100|[from] Sandstorm
|-damage|p2a: Ho-Oh|94/100|[from] Sandstorm
|upkeep
|turn|58
|
|t:|1634418992
|switch|p1a: Kyogre|Kyogre|100/100
|-weather|RainDance|[from] ability: Drizzle|[of] p1a: Kyogre
|move|p2a: Ho-Oh|Toxic|p1a: Kyogre
|-status|p1a: Kyogre|tox
|
|-weather|RainDance|[upkeep]
|-damage|p1a: Kyogre|94/100 tox|[from] psn
|upkeep
|turn|59
|
|t:|1634419012
|switch|p2a: Eternatus|Eternatus|63/100
|-ability|p2a: Eternatus|Pressure
|move|p1a: Kyogre|Ice Beam|p2a: Eternatus
|-supereffective|p2a: Eternatus
|-damage|p2a: Eternatus|0 fnt
|faint|p2a: Eternatus
|
|-weather|RainDance|[upkeep]
|-damage|p1a: Kyogre|82/100 tox|[from] psn
|upkeep
|
|t:|1634419015
|switch|p2a: Necrozma|Necrozma-Dusk-Mane|94/100
|turn|60
|
|t:|1634419018
|switch|p1a: Giratina|Giratina|94/100
|-ability|p1a: Giratina|Pressure
|move|p2a: Necrozma|Stealth Rock|p1a: Giratina
|-sidestart|p1: PokeDuels Blue|move: Stealth Rock
|
|-weather|RainDance|[upkeep]
|upkeep
|turn|61
|
|t:|1634419023
|switch|p2a: Ho-Oh|Ho-Oh|100/100
|move|p1a: Giratina|Defog|p2a: Ho-Oh
|-unboost|p2a: Ho-Oh|evasion|1
|-sideend|p1: PokeDuels Blue|Stealth Rock|[from] move: Defog|[of] p1a: Giratina
|
|-weather|RainDance|[upkeep]
|upkeep
|turn|62
|
|t:|1634419026
|switch|p1a: Audino|Audino, L99, M|91/100
|move|p2a: Ho-Oh|Toxic|p1a: Audino
|-status|p1a: Audino|tox
|
|-weather|none
|-damage|p1a: Audino|84/100 tox|[from] psn
|upkeep
|turn|63
|
|t:|1634419032
|switch|p2a: Necrozma|Necrozma-Dusk-Mane|94/100
|move|p1a: Audino|Heal Bell|p1a: Audino
|-activate|p1a: Audino|move: Heal Bell
|-curestatus|p1a: Audino|tox|[msg]
|-curestatus|p1: Kyogre|tox|[msg]
|-curestatus|p1: Tyranitar|tox|[msg]
|
|upkeep
|turn|64
|
|t:|1634419037
|switch|p1a: Giratina|Giratina|94/100
|-ability|p1a: Giratina|Pressure
|move|p2a: Necrozma|Stealth Rock|p1a: Giratina
|-sidestart|p1: PokeDuels Blue|move: Stealth Rock
|
|upkeep
|turn|65
|
|t:|1634419045
|switch|p2a: Ho-Oh|Ho-Oh|100/100
|move|p1a: Giratina|Defog|p2a: Ho-Oh
|-unboost|p2a: Ho-Oh|evasion|1
|-sideend|p1: PokeDuels Blue|Stealth Rock|[from] move: Defog|[of] p1a: Giratina
|
|upkeep
|turn|66
|
|t:|1634419051
|switch|p1a: Audino|Audino, L99, M|100/100
|move|p2a: Ho-Oh|Sacred Fire|p1a: Audino
|-damage|p1a: Audino|71/100
|-status|p1a: Audino|brn
|
|-damage|p1a: Audino|65/100 brn|[from] brn
|upkeep
|turn|67
|
|t:|1634419055
|switch|p2a: Necrozma|Necrozma-Dusk-Mane|94/100
|switch|p1a: Kyogre|Kyogre|82/100
|-weather|RainDance|[from] ability: Drizzle|[of] p1a: Kyogre
|
|-weather|RainDance|[upkeep]
|upkeep
|turn|68
|
|t:|1634419059
|move|p1a: Kyogre|Water Spout|p2a: Necrozma
|-damage|p2a: Necrozma|0 fnt
|faint|p2a: Necrozma
|
|-weather|RainDance|[upkeep]
|upkeep
|
|t:|1634419062
|switch|p2a: Yveltal|Yveltal|100/100
|-ability|p2a: Yveltal|Dark Aura
|turn|69
|
|t:|1634419069
|switch|p1a: Eternatus|Eternatus|92/100
|-ability|p1a: Eternatus|Pressure
|move|p2a: Yveltal|Knock Off|p1a: Eternatus
|-damage|p1a: Eternatus|70/100
|
|-weather|RainDance|[upkeep]
|upkeep
|turn|70
|
|t:|1634419074
|move|p1a: Eternatus|Recover|p1a: Eternatus
|-heal|p1a: Eternatus|100/100
|move|p2a: Yveltal|Taunt|p1a: Eternatus
|-start|p1a: Eternatus|move: Taunt
|
|-weather|RainDance|[upkeep]
|upkeep
|turn|71
|
|t:|1634419076
|move|p1a: Eternatus|Mystical Fire|p2a: Yveltal
|-damage|p2a: Yveltal|89/100
|-unboost|p2a: Yveltal|spa|1
|move|p2a: Yveltal|Knock Off|p1a: Eternatus
|-damage|p1a: Eternatus|78/100
|
|-weather|none
|upkeep
|turn|72
|
|t:|1634419079
|move|p1a: Eternatus|Sludge Bomb|p2a: Yveltal
|-damage|p2a: Yveltal|54/100
|-status|p2a: Yveltal|psn
|move|p2a: Yveltal|Knock Off|p1a: Eternatus
|-damage|p1a: Eternatus|54/100
|
|-damage|p2a: Yveltal|41/100 psn|[from] psn
|upkeep
|turn|73
|
|t:|1634419081
|move|p1a: Eternatus|Draco Meteor|p2a: Yveltal
|-damage|p2a: Yveltal|0 fnt
|-unboost|p1a: Eternatus|spa|2
|faint|p2a: Yveltal
|
|-end|p1a: Eternatus|move: Taunt
|upkeep
|
|t:|1634419083
|switch|p2a: Ho-Oh|Ho-Oh|100/100
|turn|74
|
|t:|1634419086
|move|p1a: Eternatus|Recover|p1a: Eternatus
|-heal|p1a: Eternatus|100/100
|move|p2a: Ho-Oh|Sacred Fire|p1a: Eternatus
|-resisted|p1a: Eternatus
|-damage|p1a: Eternatus|88/100
|-status|p1a: Eternatus|brn
|
|-damage|p1a: Eternatus|82/100 brn|[from] brn
|upkeep
|turn|75
|
|t:|1634419089
|switch|p1a: Audino|Audino, L99, M|98/100 brn
|move|p2a: Ho-Oh|Sacred Fire|p1a: Audino
|-damage|p1a: Audino|68/100 brn
|
|-damage|p1a: Audino|62/100 brn|[from] brn
|upkeep
|turn|76
|
|t:|1634419091
|switch|p1a: Giratina|Giratina|94/100
|-ability|p1a: Giratina|Pressure
|move|p2a: Ho-Oh|Sacred Fire|p1a: Giratina
|-resisted|p1a: Giratina
|-damage|p1a: Giratina|83/100
|
|upkeep
|turn|77
|
|t:|1634419093
|switch|p1a: Audino|Audino, L99, M|95/100 brn
|move|p2a: Ho-Oh|Sacred Fire|p1a: Audino
|-damage|p1a: Audino|68/100 brn
|
|-damage|p1a: Audino|62/100 brn|[from] brn
|upkeep
|turn|78
|
|t:|1634419095
|switch|p1a: Giratina|Giratina|83/100
|-ability|p1a: Giratina|Pressure
|move|p2a: Ho-Oh|Sacred Fire|p1a: Giratina
|-resisted|p1a: Giratina
|-damage|p1a: Giratina|71/100
|-status|p1a: Giratina|brn
|
|-damage|p1a: Giratina|65/100 brn|[from] brn
|upkeep
|turn|79
|
|t:|1634419098
|switch|p1a: Audino|Audino, L99, M|95/100 brn
|move|p2a: Ho-Oh|Toxic||[still]
|-fail|p2a: Ho-Oh
|
|-damage|p1a: Audino|89/100 brn|[from] brn
|upkeep
|turn|80
|
|t:|1634419100
|move|p2a: Ho-Oh|Toxic||[still]
|-fail|p2a: Ho-Oh
|move|p1a: Audino|Wish|p1a: Audino
|
|-damage|p1a: Audino|83/100 brn|[from] brn
|upkeep
|turn|81
|
|t:|1634419103
|switch|p1a: Kyogre|Kyogre|82/100
|-weather|RainDance|[from] ability: Drizzle|[of] p1a: Kyogre
|move|p2a: Ho-Oh|Toxic|p1a: Kyogre
|-status|p1a: Kyogre|tox
|
|-weather|RainDance|[upkeep]
|-heal|p1a: Kyogre|100/100 tox|[from] move: Wish|[wisher] Audino
|-damage|p1a: Kyogre|94/100 tox|[from] psn
|upkeep
|turn|82
|
|t:|1634419106
|move|p1a: Kyogre|Origin Pulse|p2a: Ho-Oh
|-supereffective|p2a: Ho-Oh
|-damage|p2a: Ho-Oh|0 fnt
|faint|p2a: Ho-Oh
|
|win|PokeDuels Blue
|raw|PokeDuels Blue's rating: 1443 &rarr; <strong>1476</strong><br />(+33 for winning)
|raw|Pkmn 3443's rating: 1712 &rarr; <strong>1679</strong><br />(-33 for losing)
