|j|☆WMAR
|j|☆maelizondo2
|t:|1668711693
|gametype|singles
|player|p1|WMAR|youngster-gen1rb|1408
|player|p2|maelizondo2|lance|1600
|teamsize|p1|6
|teamsize|p2|6
|gen|8
|tier|[Gen 8] Ubers
|rated|
|rule|Sleep Clause Mod: Limit one foe put to sleep
|rule|Species Clause: Limit one of each Pokémon
|rule|OHKO Clause: OHKO moves are banned
|rule|Evasion Items Clause: Evasion items are banned
|rule|Evasion Moves Clause: Evasion moves are banned
|rule|Endless Battle Clause: Forcing endless battles is banned
|rule|HP Percentage Mod: HP is shown in percentages
|rule|Dynamax Clause: You cannot dynamax
|clearpoke
|poke|p1|Xerneas-*|
|poke|p1|Magnezone|
|poke|p1|Darmanitan-Galar, F|
|poke|p1|Zarude-Dada|
|poke|p1|Landorus-Therian, M|
|poke|p1|Eternatus|
|poke|p2|Xerneas-*|
|poke|p2|Necrozma-Dusk-Mane|
|poke|p2|Ho-Oh|
|poke|p2|Yveltal|
|poke|p2|Ferrothorn, M|
|poke|p2|Eternatus|
|teampreview
|inactive|Battle timer is ON: inactive players will automatically lose when time's up. (requested by WMAR)
|inactive|maelizondo2 has 120 seconds left.
|
|t:|1668711749
|start
|switch|p1a: Landorus|Landorus-Therian, M|100/100
|switch|p2a: Ho-Oh|Ho-Oh|100/100
|-ability|p1a: Landorus|Intimidate|boost
|-unboost|p2a: Ho-Oh|atk|1
|turn|1
|
|t:|1668711762
|move|p1a: Landorus|Stealth Rock|p2a: Ho-Oh
|-sidestart|p2: maelizondo2|move: Stealth Rock
|move|p2a: Ho-Oh|Sacred Fire|p1a: Landorus
|-damage|p1a: Landorus|80/100
|
|-heal|p1a: Landorus|86/100|[from] item: Leftovers
|upkeep
|turn|2
|
|t:|1668711769
|move|p1a: Landorus|Toxic|p2a: Ho-Oh
|-status|p2a: Ho-Oh|tox
|move|p2a: Ho-Oh|Toxic|p1a: Landorus
|-status|p1a: Landorus|tox
|
|-heal|p1a: Landorus|92/100 tox|[from] item: Leftovers
|-damage|p1a: Landorus|86/100 tox|[from] psn
|-damage|p2a: Ho-Oh|94/100 tox|[from] psn
|upkeep
|turn|3
|
|t:|1668711777
|move|p1a: Landorus|U-turn|p2a: Ho-Oh
|-resisted|p2a: Ho-Oh
|-damage|p2a: Ho-Oh|91/100 tox
|
|t:|1668711779
|switch|p1a: Darmanitan|Darmanitan-Galar, F|100/100|[from]move: U-turn
|move|p2a: Ho-Oh|Defog|p1a: Darmanitan
|-unboost|p1a: Darmanitan|evasion|1
|-sideend|p2: maelizondo2|Stealth Rock|[from] move: Defog|[of] p2a: Ho-Oh
|
|-damage|p2a: Ho-Oh|79/100 tox|[from] psn
|upkeep
|turn|4
|
|t:|1668711787
|move|p1a: Darmanitan|U-turn|p2a: Ho-Oh
|-resisted|p2a: Ho-Oh
|-damage|p2a: Ho-Oh|72/100 tox
|
|t:|1668711789
|switch|p1a: Landorus|Landorus-Therian, M|86/100 tox|[from]move: U-turn
|-ability|p1a: Landorus|Intimidate|boost
|-unboost|p2a: Ho-Oh|atk|1
|move|p2a: Ho-Oh|Sacred Fire|p1a: Landorus
|-damage|p1a: Landorus|69/100 tox
|
|-heal|p1a: Landorus|75/100 tox|[from] item: Leftovers
|-damage|p1a: Landorus|69/100 tox|[from] psn
|-damage|p2a: Ho-Oh|54/100 tox|[from] psn
|upkeep
|turn|5
|
|t:|1668711808
|switch|p2a: Yveltal|Yveltal|100/100
|-ability|p2a: Yveltal|Dark Aura
|move|p1a: Landorus|Stealth Rock|p2a: Yveltal
|-sidestart|p2: maelizondo2|move: Stealth Rock
|
|-heal|p1a: Landorus|75/100 tox|[from] item: Leftovers
|-damage|p1a: Landorus|63/100 tox|[from] psn
|upkeep
|turn|6
|
|t:|1668711817
|move|p2a: Yveltal|Oblivion Wing|p1a: Landorus
|-damage|p1a: Landorus|0 fnt
|faint|p1a: Landorus
|-damage|p2a: Yveltal|91/100|[from] item: Life Orb
|
|upkeep
|
|t:|1668711822
|switch|p1a: Darmanitan|Darmanitan-Galar, F|100/100
|turn|7
|
|t:|1668711828
|switch|p2a: Necrozma|Necrozma-Dusk-Mane|100/100
|-damage|p2a: Necrozma|94/100|[from] Stealth Rock
|move|p1a: Darmanitan|Icicle Crash|p2a: Necrozma|[miss]
|-miss|p1a: Darmanitan|p2a: Necrozma
|
|-heal|p2a: Necrozma|100/100|[from] item: Leftovers
|upkeep
|turn|8
|
|t:|1668711836
|switch|p1a: Magnezone|Magnezone|100/100
|-item|p1a: Magnezone|Air Balloon
|move|p2a: Necrozma|Swords Dance|p2a: Necrozma
|-boost|p2a: Necrozma|atk|2
|
|upkeep
|turn|9
|
|t:|1668711843
|move|p1a: Magnezone|Iron Defense|p1a: Magnezone
|-boost|p1a: Magnezone|def|2
|move|p2a: Necrozma|Sunsteel Strike|p1a: Magnezone
|-resisted|p1a: Magnezone
|-damage|p1a: Magnezone|91/100
|-enditem|p1a: Magnezone|Air Balloon
|
|upkeep
|turn|10
|
|t:|1668711850
|move|p1a: Magnezone|Magnet Rise|p1a: Magnezone
|-start|p1a: Magnezone|Magnet Rise
|move|p2a: Necrozma|Earthquake|p1a: Magnezone
|-immune|p1a: Magnezone
|
|upkeep
|turn|11
|
|t:|1668711861
|move|p1a: Magnezone|Iron Defense|p1a: Magnezone
|-boost|p1a: Magnezone|def|2
|move|p2a: Necrozma|Swords Dance|p2a: Necrozma
|-boost|p2a: Necrozma|atk|2
|
|upkeep
|turn|12
|
|t:|1668711866
|move|p1a: Magnezone|Body Press|p2a: Necrozma
|-damage|p2a: Necrozma|63/100
|move|p2a: Necrozma|Swords Dance|p2a: Necrozma
|-boost|p2a: Necrozma|atk|2
|
|-heal|p2a: Necrozma|69/100|[from] item: Leftovers
|upkeep
|turn|13
|
|t:|1668711873
|move|p1a: Magnezone|Body Press|p2a: Necrozma
|-damage|p2a: Necrozma|32/100
|move|p2a: Necrozma|Morning Sun|p2a: Necrozma
|-heal|p2a: Necrozma|82/100
|
|-heal|p2a: Necrozma|88/100|[from] item: Leftovers
|upkeep
|turn|14
|
|t:|1668711881
|move|p1a: Magnezone|Iron Defense|p1a: Magnezone
|-boost|p1a: Magnezone|def|2
|move|p2a: Necrozma|Sunsteel Strike|p1a: Magnezone
|-resisted|p1a: Magnezone
|-damage|p1a: Magnezone|80/100
|
|-heal|p2a: Necrozma|94/100|[from] item: Leftovers
|-end|p1a: Magnezone|Magnet Rise
|upkeep
|turn|15
|
|t:|1668711893
|move|p1a: Magnezone|Magnet Rise|p1a: Magnezone
|-start|p1a: Magnezone|Magnet Rise
|move|p2a: Necrozma|Earthquake|p1a: Magnezone
|-immune|p1a: Magnezone
|
|-heal|p2a: Necrozma|99/100|[from] item: Leftovers
|upkeep
|turn|16
|
|t:|1668711900
|move|p1a: Magnezone|Body Press|p2a: Necrozma
|-damage|p2a: Necrozma|52/100
|move|p2a: Necrozma|Morning Sun|p2a: Necrozma
|-heal|p2a: Necrozma|100/100
|
|upkeep
|turn|17
|
|t:|1668711911
|move|p1a: Magnezone|Discharge|p2a: Necrozma
|-damage|p2a: Necrozma|72/100
|move|p2a: Necrozma|Sunsteel Strike|p1a: Magnezone
|-resisted|p1a: Magnezone
|-damage|p1a: Magnezone|69/100
|
|-heal|p2a: Necrozma|78/100|[from] item: Leftovers
|upkeep
|turn|18
|
|t:|1668711919
|move|p1a: Magnezone|Body Press|p2a: Necrozma
|-damage|p2a: Necrozma|30/100
|move|p2a: Necrozma|Morning Sun|p2a: Necrozma
|-heal|p2a: Necrozma|80/100
|
|-heal|p2a: Necrozma|86/100|[from] item: Leftovers
|upkeep
|turn|19
|
|t:|1668711931
|move|p1a: Magnezone|Body Press|p2a: Necrozma
|-damage|p2a: Necrozma|42/100
|move|p2a: Necrozma|Morning Sun|p2a: Necrozma
|-heal|p2a: Necrozma|92/100
|
|-heal|p2a: Necrozma|98/100|[from] item: Leftovers
|-end|p1a: Magnezone|Magnet Rise
|upkeep
|turn|20
|
|t:|1668711941
|move|p1a: Magnezone|Magnet Rise|p1a: Magnezone
|-start|p1a: Magnezone|Magnet Rise
|move|p2a: Necrozma|Sunsteel Strike|p1a: Magnezone
|-resisted|p1a: Magnezone
|-damage|p1a: Magnezone|59/100
|
|-heal|p2a: Necrozma|100/100|[from] item: Leftovers
|upkeep
|turn|21
|
|t:|1668711950
|move|p1a: Magnezone|Body Press|p2a: Necrozma
|-damage|p2a: Necrozma|57/100
|move|p2a: Necrozma|Sunsteel Strike|p1a: Magnezone
|-resisted|p1a: Magnezone
|-damage|p1a: Magnezone|48/100
|
|-heal|p2a: Necrozma|63/100|[from] item: Leftovers
|upkeep
|turn|22
|
|t:|1668711958
|move|p1a: Magnezone|Body Press|p2a: Necrozma
|-damage|p2a: Necrozma|16/100
|move|p2a: Necrozma|Morning Sun|p2a: Necrozma
|-heal|p2a: Necrozma|66/100
|
|-heal|p2a: Necrozma|72/100|[from] item: Leftovers
|upkeep
|turn|23
|
|t:|1668711966
|move|p1a: Magnezone|Body Press|p2a: Necrozma
|-damage|p2a: Necrozma|26/100
|move|p2a: Necrozma|Morning Sun|p2a: Necrozma
|-heal|p2a: Necrozma|76/100
|
|-heal|p2a: Necrozma|82/100|[from] item: Leftovers
|upkeep
|turn|24
|
|t:|1668711978
|move|p1a: Magnezone|Body Press|p2a: Necrozma
|-damage|p2a: Necrozma|33/100
|move|p2a: Necrozma|Sunsteel Strike|p1a: Magnezone
|-resisted|p1a: Magnezone
|-damage|p1a: Magnezone|38/100
|
|-heal|p2a: Necrozma|39/100|[from] item: Leftovers
|-end|p1a: Magnezone|Magnet Rise
|upkeep
|turn|25
|
|t:|1668711987
|move|p1a: Magnezone|Body Press|p2a: Necrozma
|-damage|p2a: Necrozma|0 fnt
|faint|p2a: Necrozma
|
|upkeep
|
|t:|1668711991
|switch|p2a: Eternatus|Eternatus|100/100
|-damage|p2a: Eternatus|88/100|[from] Stealth Rock
|-ability|p2a: Eternatus|Pressure
|turn|26
|c|☆maelizondo2|all that just to beat a necro
|c|☆maelizondo2|dumbass
|
|t:|1668712010
|switch|p1a: Eternatus|Eternatus|100/100
|-ability|p1a: Eternatus|Pressure
|move|p2a: Eternatus|Meteor Beam||[still]
|-prepare|p2a: Eternatus|Meteor Beam
|-boost|p2a: Eternatus|spa|1
|-enditem|p2a: Eternatus|Power Herb
|-anim|p2a: Eternatus|Meteor Beam|p1a: Eternatus
|-damage|p1a: Eternatus|46/100
|
|upkeep
|turn|27
|
|t:|1668712019
|move|p1a: Eternatus|Dynamax Cannon|p2a: Eternatus
|-supereffective|p2a: Eternatus
|-damage|p2a: Eternatus|0 fnt
|faint|p2a: Eternatus
|-damage|p1a: Eternatus|36/100|[from] item: Life Orb
|
|upkeep
|c|☆maelizondo2|lol and luck
|
|t:|1668712033
|switch|p2a: Xerneas|Xerneas, shiny|100/100
|-damage|p2a: Xerneas|88/100|[from] Stealth Rock
|-ability|p2a: Xerneas|Fairy Aura
|turn|28
|
|t:|1668712038
|move|p1a: Eternatus|Sludge Bomb|p2a: Xerneas
|-supereffective|p2a: Xerneas
|-damage|p2a: Xerneas|0 fnt
|faint|p2a: Xerneas
|-damage|p1a: Eternatus|26/100|[from] item: Life Orb
|
|upkeep
|
|t:|1668712046
|switch|p2a: Yveltal|Yveltal|91/100
|-damage|p2a: Yveltal|66/100|[from] Stealth Rock
|-ability|p2a: Yveltal|Dark Aura
|turn|29
|
|t:|1668712051
|move|p2a: Yveltal|Sucker Punch||[still]
|-fail|p2a: Yveltal
|move|p1a: Eternatus|Recover|p1a: Eternatus
|-heal|p1a: Eternatus|76/100
|
|upkeep
|turn|30
|
|t:|1668712060
|switch|p1a: Magnezone|Magnezone|38/100
|move|p2a: Yveltal|Oblivion Wing|p1a: Magnezone
|-resisted|p1a: Magnezone
|-damage|p1a: Magnezone|20/100
|-heal|p2a: Yveltal|77/100|[from] drain|[of] p1a: Magnezone
|-damage|p2a: Yveltal|67/100|[from] item: Life Orb
|
|upkeep
|turn|31
|
|t:|1668712068
|move|p2a: Yveltal|Dark Pulse|p1a: Magnezone
|-damage|p1a: Magnezone|0 fnt
|faint|p1a: Magnezone
|-damage|p2a: Yveltal|57/100|[from] item: Life Orb
|
|upkeep
|
|t:|1668712071
|switch|p1a: Darmanitan|Darmanitan-Galar, F|100/100
|turn|32
|
|t:|1668712076
|move|p2a: Yveltal|Sucker Punch|p1a: Darmanitan
|-damage|p1a: Darmanitan|25/100
|-damage|p2a: Yveltal|47/100|[from] item: Life Orb
|move|p1a: Darmanitan|Icicle Crash|p2a: Yveltal
|-supereffective|p2a: Yveltal
|-damage|p2a: Yveltal|0 fnt
|faint|p2a: Yveltal
|
|upkeep
|
|t:|1668712085
|switch|p2a: Ferrothorn|Ferrothorn, M|100/100
|-damage|p2a: Ferrothorn|94/100|[from] Stealth Rock
|turn|33
|
|t:|1668712090
|move|p1a: Darmanitan|Icicle Crash|p2a: Ferrothorn
|-damage|p2a: Ferrothorn|43/100
|move|p2a: Ferrothorn|Power Whip|p1a: Darmanitan
|-damage|p1a: Darmanitan|0 fnt
|faint|p1a: Darmanitan
|
|-heal|p2a: Ferrothorn|49/100|[from] item: Leftovers
|upkeep
|
|t:|1668712095
|switch|p1a: Eternatus|Eternatus|76/100
|-ability|p1a: Eternatus|Pressure
|turn|34
|
|t:|1668712101
|switch|p2a: Ho-Oh|Ho-Oh|87/100 tox
|move|p1a: Eternatus|Flamethrower|p2a: Ho-Oh
|-resisted|p2a: Ho-Oh
|-damage|p2a: Ho-Oh|75/100 tox
|-damage|p1a: Eternatus|66/100|[from] item: Life Orb
|
|-damage|p2a: Ho-Oh|69/100 tox|[from] psn
|upkeep
|turn|35
|
|t:|1668712114
|move|p1a: Eternatus|Dynamax Cannon|p2a: Ho-Oh
|-damage|p2a: Ho-Oh|27/100 tox
|-damage|p1a: Eternatus|56/100|[from] item: Life Orb
|move|p2a: Ho-Oh|Brave Bird|p1a: Eternatus
|-damage|p1a: Eternatus|10/100
|-damage|p2a: Ho-Oh|11/100 tox|[from] Recoil
|
|-damage|p2a: Ho-Oh|0 fnt|[from] psn
|faint|p2a: Ho-Oh
|upkeep
|c|☆WMAR|gg
|-message|maelizondo2 forfeited.
|
|win|WMAR
|raw|WMAR's rating: 1408 &rarr; <strong>1438</strong><br />(+30 for winning)
|raw|maelizondo2's rating: 1600 &rarr; <strong>1570</strong><br />(-30 for losing)
|l|☆maelizondo2
