|j|☆neptune732
|j|☆85792195wwww
|t:|1604573158
|player|p1|neptune732|2|1579
|player|p2|85792195wwww|lady|1442
|teamsize|p1|6
|teamsize|p2|6
|gametype|singles
|gen|8
|tier|[Gen 8] Ubers
|rated|
|clearpoke
|poke|p1|Necrozma-Dusk-Mane|
|poke|p1|Kyogre|
|poke|p1|Palkia|
|poke|p1|Calyrex-Ice|
|poke|p1|Dialga|
|poke|p1|Stakataka|
|poke|p2|Calyrex-Shadow|
|poke|p2|Marshadow|
|poke|p2|Kyogre|
|poke|p2|Zekrom|
|poke|p2|Mamoswine, M|
|poke|p2|Zacian-Crowned|
|rule|Sleep Clause Mod: Limit one foe put to sleep
|rule|Species Clause: Limit one of each Pokémon
|rule|OHKO Clause: OHKO moves are banned
|rule|Evasion Moves Clause: Evasion moves are banned
|rule|Endless Battle Clause: Forcing endless battles is banned
|rule|HP Percentage Mod: HP is shown in percentages
|teampreview
|
|t:|1604573174
|start
|switch|p1a: Dialga|Dialga|100/100
|switch|p2a: Mamoswine|Mamoswine, M|100/100
|-ability|p1a: Dialga|Pressure
|turn|1
|
|t:|1604573183
|move|p2a: Mamoswine|Earthquake|p1a: Dialga
|-supereffective|p1a: Dialga
|-damage|p1a: Dialga|19/100
|move|p1a: Dialga|Trick Room|p1a: Dialga
|-fieldstart|move: Trick Room|[of] p1a: Dialga
|
|upkeep
|turn|2
|
|t:|1604573210
|move|p1a: Dialga|Stealth Rock|p2a: Mamoswine
|-sidestart|p2: 85792195wwww|move: Stealth Rock
|move|p2a: Mamoswine|Stealth Rock|p1a: Dialga
|-sidestart|p1: neptune732|move: Stealth Rock
|
|upkeep
|turn|3
|
|t:|1604573219
|move|p1a: Dialga|Steel Beam|p2a: Mamoswine|[miss]
|-miss|p1a: Dialga|p2a: Mamoswine
|-damage|p1a: Dialga|0 fnt|[from] steelbeam
|faint|p1a: Dialga
|move|p2a: Mamoswine|Knock Off|p1: Dialga|[notarget]
|-fail|p2a: Mamoswine
|
|upkeep
|
|t:|1604573231
|switch|p1a: Necrozma|Necrozma-Dusk-Mane|100/100
|-damage|p1a: Necrozma|94/100|[from] Stealth Rock
|turn|4
|
|t:|1604573241
|move|p1a: Necrozma|Sunsteel Strike|p2a: Mamoswine
|-supereffective|p2a: Mamoswine
|-enditem|p2a: Mamoswine|Focus Sash
|-damage|p2a: Mamoswine|1/100
|move|p2a: Mamoswine|Earthquake|p1a: Necrozma
|-supereffective|p1a: Necrozma
|-damage|p1a: Necrozma|35/100
|-enditem|p1a: Necrozma|Weakness Policy
|-boost|p1a: Necrozma|atk|2|[from] item: Weakness Policy
|-boost|p1a: Necrozma|spa|2|[from] item: Weakness Policy
|
|upkeep
|turn|5
|
|t:|1604573253
|move|p1a: Necrozma|Sunsteel Strike|p2a: Mamoswine
|-supereffective|p2a: Mamoswine
|-damage|p2a: Mamoswine|0 fnt
|faint|p2a: Mamoswine
|
|-fieldend|move: Trick Room
|upkeep
|
|t:|1604573261
|switch|p2a: Calyrex|Calyrex-Shadow|100/100
|-ability|p2a: Calyrex|As One
|-ability|p2a: Calyrex|Unnerve|p1: neptune732
|-damage|p2a: Calyrex|88/100|[from] Stealth Rock
|turn|6
|j| faisal shourov
|
|t:|1604573275
|move|p2a: Calyrex|Astral Barrage|p1a: Necrozma
|-supereffective|p1a: Necrozma
|-crit|p1a: Necrozma
|-damage|p1a: Necrozma|0 fnt
|faint|p1a: Necrozma
|-boost|p2a: Calyrex|spa|1
|
|upkeep
|
|t:|1604573292
|switch|p1a: Kyogre|Kyogre|100/100
|-damage|p1a: Kyogre|88/100|[from] Stealth Rock
|-weather|RainDance|[from] ability: Drizzle|[of] p1a: Kyogre
|turn|7
|
|t:|1604573302
|-start|p2a: Calyrex|Dynamax
|-heal|p2a: Calyrex|88/100|[silent]
|-start|p1a: Kyogre|Dynamax
|-heal|p1a: Kyogre|88/100|[silent]
|move|p2a: Calyrex|Max Strike|p1a: Kyogre
|-damage|p1a: Kyogre|64/100
|-unboost|p1a: Kyogre|spe|1
|move|p1a: Kyogre|Max Geyser|p2a: Calyrex
|-damage|p2a: Calyrex|11/100
|
|-weather|RainDance|[upkeep]
|upkeep
|turn|8
|
|t:|1604573319
|move|p2a: Calyrex|Max Guard|p2a: Calyrex
|-singleturn|p2a: Calyrex|Max Guard
|move|p1a: Kyogre|Max Geyser|p2a: Calyrex
|-activate|p2a: Calyrex|move: Max Guard
|
|-weather|RainDance|[upkeep]
|upkeep
|turn|9
|
|t:|1604573327
|move|p2a: Calyrex|Max Phantasm|p1a: Kyogre
|-damage|p1a: Kyogre|25/100
|-unboost|p1a: Kyogre|def|1
|move|p1a: Kyogre|Max Geyser|p2a: Calyrex
|-damage|p2a: Calyrex|0 fnt
|faint|p2a: Calyrex
|
|-weather|RainDance|[upkeep]
|-end|p1a: Kyogre|Dynamax
|-heal|p1a: Kyogre|25/100|[silent]
|upkeep
|
|t:|1604573340
|switch|p2a: Zekrom|Zekrom|100/100
|-damage|p2a: Zekrom|88/100|[from] Stealth Rock
|-ability|p2a: Zekrom|Teravolt
|turn|10
|
|t:|1604573349
|move|p2a: Zekrom|Dragon Dance|p2a: Zekrom
|-boost|p2a: Zekrom|atk|1
|-boost|p2a: Zekrom|spe|1
|move|p1a: Kyogre|Origin Pulse|p2a: Zekrom
|-resisted|p2a: Zekrom
|-damage|p2a: Zekrom|6/100
|
|-weather|RainDance|[upkeep]
|upkeep
|turn|11
|
|t:|1604573365
|move|p2a: Zekrom|Bolt Strike|p1a: Kyogre
|-supereffective|p1a: Kyogre
|-damage|p1a: Kyogre|0 fnt
|faint|p1a: Kyogre
|
|-weather|none
|upkeep
|
|t:|1604573371
|switch|p1a: Stakataka|Stakataka|100/100
|-damage|p1a: Stakataka|95/100|[from] Stealth Rock
|-item|p1a: Stakataka|Air Balloon
|turn|12
|l| faisal shourov
|
|t:|1604573378
|move|p2a: Zekrom|Bolt Strike|p1a: Stakataka
|-damage|p1a: Stakataka|18/100
|-status|p1a: Stakataka|par
|-enditem|p1a: Stakataka|Air Balloon
|cant|p1a: Stakataka|par
|
|upkeep
|turn|13
|
|t:|1604573387
|move|p2a: Zekrom|Outrage|p1a: Stakataka
|-resisted|p1a: Stakataka
|-damage|p1a: Stakataka|0 fnt
|faint|p1a: Stakataka
|
|upkeep
|
|t:|1604573394
|switch|p1a: Calyrex|Calyrex-Ice|100/100
|-ability|p1a: Calyrex|As One
|-ability|p1a: Calyrex|Unnerve|p2: 85792195wwww
|-damage|p1a: Calyrex|76/100|[from] Stealth Rock
|turn|14
|
|t:|1604573401
|move|p2a: Zekrom|Outrage|p1a: Calyrex|[from]lockedmove
|-damage|p1a: Calyrex|14/100
|-start|p2a: Zekrom|confusion|[fatigue]
|move|p1a: Calyrex|Trick Room|p1a: Calyrex
|-fieldstart|move: Trick Room|[of] p1a: Calyrex
|
|upkeep
|turn|15
|
|t:|1604573410
|move|p1a: Calyrex|Glacial Lance|p2a: Zekrom
|-supereffective|p2a: Zekrom
|-damage|p2a: Zekrom|0 fnt
|-damage|p1a: Calyrex|4/100|[from] item: Life Orb
|faint|p2a: Zekrom
|-boost|p1a: Calyrex|atk|1
|
|upkeep
|
|t:|1604573419
|switch|p2a: Marshadow|Marshadow|100/100
|-damage|p2a: Marshadow|94/100|[from] Stealth Rock
|turn|16
|
|t:|1604573425
|move|p2a: Marshadow|Shadow Sneak|p1a: Calyrex
|-supereffective|p1a: Calyrex
|-damage|p1a: Calyrex|0 fnt
|-damage|p2a: Marshadow|84/100|[from] item: Life Orb
|faint|p1a: Calyrex
|
|upkeep
|
|t:|1604573430
|switch|p1a: Palkia|Palkia|100/100
|-damage|p1a: Palkia|88/100|[from] Stealth Rock
|-ability|p1a: Palkia|Pressure
|turn|17
|
|t:|1604573436
|switch|p2a: Kyogre|Kyogre|100/100
|-damage|p2a: Kyogre|88/100|[from] Stealth Rock
|-weather|RainDance|[from] ability: Drizzle|[of] p2a: Kyogre
|move|p1a: Palkia|Hydro Pump|p2a: Kyogre|[miss]
|-miss|p1a: Palkia|p2a: Kyogre
|
|-weather|RainDance|[upkeep]
|upkeep
|turn|18
|
|t:|1604573448
|move|p1a: Palkia|Hydro Pump|p2a: Kyogre
|-resisted|p2a: Kyogre
|-damage|p2a: Kyogre|42/100
|move|p2a: Kyogre|Thunder|p1a: Palkia
|-damage|p1a: Palkia|54/100
|-status|p1a: Palkia|par
|
|-weather|RainDance|[upkeep]
|-fieldend|move: Trick Room
|upkeep
|turn|19
|
|t:|1604573458
|move|p2a: Kyogre|Thunder|p1a: Palkia
|-damage|p1a: Palkia|22/100 par
|move|p1a: Palkia|Trick Room|p1a: Palkia
|-fieldstart|move: Trick Room|[of] p1a: Palkia
|
|-weather|RainDance|[upkeep]
|upkeep
|turn|20
|
|t:|1604573465
|move|p1a: Palkia|Hydro Pump|p2a: Kyogre
|-resisted|p2a: Kyogre
|-damage|p2a: Kyogre|0 fnt
|faint|p2a: Kyogre
|
|-weather|RainDance|[upkeep]
|upkeep
|
|t:|1604573471
|switch|p2a: Marshadow|Marshadow|84/100
|-damage|p2a: Marshadow|78/100|[from] Stealth Rock
|turn|21
|
|t:|1604573477
|move|p2a: Marshadow|Shadow Sneak|p1a: Palkia
|-damage|p1a: Palkia|0 fnt
|-damage|p2a: Marshadow|68/100|[from] item: Life Orb
|faint|p1a: Palkia
|
|win|85792195wwww
|l|☆neptune732
|raw|neptune732's rating: 1550 &rarr; <strong>1524</strong><br />(-26 for losing)
|raw|85792195wwww's rating: 1442 &rarr; <strong>1468</strong><br />(+26 for winning)
