|j|☆TaKuTo-SeNpAi
|j|☆Blue chen
|player|p1|TaKuTo-SeNpAi|anabel|1501
|player|p2|Blue chen|clair|1705
|teamsize|p1|6
|teamsize|p2|6
|gametype|singles
|gen|8
|tier|[Gen 8] Ubers
|rated|
|clearpoke
|poke|p1|Reshiram|
|poke|p1|Lunala|
|poke|p1|Quagsire, M|
|poke|p1|Tyranitar, M|
|poke|p1|Corviknight, M|
|poke|p1|Excadrill, M|
|poke|p2|Ferrothorn, M|
|poke|p2|Mandibuzz, F|
|poke|p2|Lunala|
|poke|p2|Zekrom|
|poke|p2|Necrozma-Dusk-Mane|
|poke|p2|Zacian-Crowned|
|rule|Sleep Clause Mod: Limit one foe put to sleep
|rule|Species Clause: Limit one of each Pokémon
|rule|OHKO Clause: OHKO moves are banned
|rule|Evasion Moves Clause: Evasion moves are banned
|rule|Endless Battle Clause: Forcing endless battles is banned
|rule|HP Percentage Mod: HP is shown in percentages
|teampreview
|
|start
|switch|p1a: Lunala|Lunala, shiny|100/100
|switch|p2a: Zacian|Zacian-Crowned|100/100
|-ability|p2a: Zacian|Intrepid Sword|boost
|-boost|p2a: Zacian|atk|1
|turn|1
|
|switch|p2a: Mandibuzz|Mandibuzz, F|100/100
|move|p1a: Lunala|Will-O-Wisp|p2a: Mandibuzz
|-status|p2a: Mandibuzz|brn
|
|-damage|p2a: Mandibuzz|94/100 brn|[from] brn
|upkeep
|turn|2
|
|switch|p1a: Corviknight|Corviknight, M, shiny|100/100
|-ability|p1a: Corviknight|Pressure
|move|p2a: Mandibuzz|Knock Off|p1a: Corviknight
|-damage|p1a: Corviknight|94/100
|-enditem|p1a: Corviknight|Leftovers|[from] move: Knock Off|[of] p2a: Mandibuzz
|
|-damage|p2a: Mandibuzz|88/100 brn|[from] brn
|upkeep
|turn|3
|
|move|p2a: Mandibuzz|Taunt|p1a: Corviknight
|-start|p1a: Corviknight|move: Taunt
|cant|p1a: Corviknight|move: Taunt|Taunt
|
|-damage|p2a: Mandibuzz|82/100 brn|[from] brn
|upkeep
|turn|4
|
|move|p2a: Mandibuzz|U-turn|p1a: Corviknight
|-resisted|p1a: Corviknight
|-damage|p1a: Corviknight|93/100
|
|switch|p2a: Ferrothorn|Ferrothorn, M|100/100|[from]move: U-turn
|move|p1a: Corviknight|Body Press|p2a: Ferrothorn
|-supereffective|p2a: Ferrothorn
|-damage|p2a: Ferrothorn|69/100
|-damage|p1a: Corviknight|81/100|[from] ability: Iron Barbs|[of] p2a: Ferrothorn
|
|-heal|p2a: Ferrothorn|75/100|[from] item: Leftovers
|upkeep
|turn|5
|
|switch|p1a: Reshiram|Reshiram, shiny|100/100
|-ability|p1a: Reshiram|Turboblaze
|move|p2a: Ferrothorn|Leech Seed|p1a: Reshiram|[miss]
|-miss|p2a: Ferrothorn|p1a: Reshiram
|
|-heal|p2a: Ferrothorn|81/100|[from] item: Leftovers
|upkeep
|turn|6
|
|switch|p2a: Mandibuzz|Mandibuzz, F|82/100 brn
|move|p1a: Reshiram|Blue Flare|p2a: Mandibuzz
|-damage|p2a: Mandibuzz|35/100 brn
|
|-damage|p2a: Mandibuzz|29/100 brn|[from] brn
|upkeep
|turn|7
|
|switch|p2a: Zekrom|Zekrom|100/100
|-ability|p2a: Zekrom|Teravolt
|move|p1a: Reshiram|Blue Flare|p2a: Zekrom
|-resisted|p2a: Zekrom
|-damage|p2a: Zekrom|63/100
|-status|p2a: Zekrom|brn
|
|-heal|p2a: Zekrom|69/100 brn|[from] item: Leftovers
|-damage|p2a: Zekrom|63/100 brn|[from] brn
|upkeep
|turn|8
|
|switch|p1a: Quagsire|Quagsire, M, shiny|100/100
|move|p2a: Zekrom|Dragon Claw|p1a: Quagsire
|-crit|p1a: Quagsire
|-damage|p1a: Quagsire|76/100
|
|-heal|p2a: Zekrom|69/100 brn|[from] item: Leftovers
|-heal|p1a: Quagsire|82/100|[from] item: Leftovers
|-damage|p2a: Zekrom|63/100 brn|[from] brn
|upkeep
|turn|9
|
|switch|p2a: Ferrothorn|Ferrothorn, M|81/100
|switch|p1a: Reshiram|Reshiram, shiny|100/100
|-ability|p1a: Reshiram|Turboblaze
|
|-heal|p2a: Ferrothorn|87/100|[from] item: Leftovers
|upkeep
|turn|10
|
|switch|p2a: Zekrom|Zekrom|63/100 brn
|-ability|p2a: Zekrom|Teravolt
|move|p1a: Reshiram|Blue Flare|p2a: Zekrom|[miss]
|-miss|p1a: Reshiram|p2a: Zekrom
|
|-heal|p2a: Zekrom|69/100 brn|[from] item: Leftovers
|-damage|p2a: Zekrom|63/100 brn|[from] brn
|upkeep
|turn|11
|
|-start|p1a: Reshiram|Dynamax
|-heal|p1a: Reshiram|100/100|[silent]
|move|p1a: Reshiram|Max Wyrmwind|p2a: Zekrom
|-supereffective|p2a: Zekrom
|-damage|p2a: Zekrom|0 fnt
|faint|p2a: Zekrom
|
|upkeep
|
|switch|p2a: Lunala|Lunala|100/100
|turn|12
|
|-end|p1a: Reshiram|Dynamax
|-heal|p1a: Reshiram|100/100|[silent]
|switch|p1a: Tyranitar|Tyranitar, M, shiny|100/100
|-weather|Sandstorm|[from] ability: Sand Stream|[of] p1a: Tyranitar
|move|p2a: Lunala|Thunder Wave|p1a: Tyranitar
|-status|p1a: Tyranitar|par
|
|-weather|Sandstorm|[upkeep]
|-damage|p2a: Lunala|94/100|[from] Sandstorm
|upkeep
|turn|13
|
|switch|p2a: Ferrothorn|Ferrothorn, M|87/100
|move|p1a: Tyranitar|Thunder Wave|p2a: Ferrothorn
|-status|p2a: Ferrothorn|par
|
|-weather|Sandstorm|[upkeep]
|-heal|p2a: Ferrothorn|94/100 par|[from] item: Leftovers
|upkeep
|turn|14
|
|switch|p1a: Reshiram|Reshiram, shiny|100/100
|-ability|p1a: Reshiram|Turboblaze
|cant|p2a: Ferrothorn|par
|
|-weather|Sandstorm|[upkeep]
|-damage|p1a: Reshiram|94/100|[from] Sandstorm
|-heal|p2a: Ferrothorn|99/100 par|[from] item: Leftovers
|upkeep
|turn|15
|
|switch|p2a: Mandibuzz|Mandibuzz, F|29/100 brn
|move|p1a: Reshiram|Blue Flare|p2a: Mandibuzz|[miss]
|-miss|p1a: Reshiram|p2a: Mandibuzz
|
|-weather|Sandstorm|[upkeep]
|-damage|p1a: Reshiram|88/100|[from] Sandstorm
|-damage|p2a: Mandibuzz|23/100 brn|[from] brn
|upkeep
|turn|16
|c|☆Blue chen|hax
|
|move|p1a: Reshiram|Blue Flare|p2a: Mandibuzz
|-damage|p2a: Mandibuzz|0 fnt
|faint|p2a: Mandibuzz
|
|-weather|none
|upkeep
|
|switch|p2a: Lunala|Lunala|94/100
|turn|17
|
|switch|p1a: Tyranitar|Tyranitar, M, shiny|100/100 par
|-weather|Sandstorm|[from] ability: Sand Stream|[of] p1a: Tyranitar
|switch|p2a: Ferrothorn|Ferrothorn, M|99/100 par
|
|-weather|Sandstorm|[upkeep]
|-heal|p2a: Ferrothorn|100/100 par|[from] item: Leftovers
|upkeep
|turn|18
|
|switch|p1a: Reshiram|Reshiram, shiny|88/100
|-ability|p1a: Reshiram|Turboblaze
|move|p2a: Ferrothorn|Leech Seed|p1a: Reshiram
|-start|p1a: Reshiram|move: Leech Seed
|
|-weather|Sandstorm|[upkeep]
|-damage|p1a: Reshiram|82/100|[from] Sandstorm
|-damage|p1a: Reshiram|70/100|[from] Leech Seed|[of] p2a: Ferrothorn
|upkeep
|turn|19
|
|switch|p2a: Lunala|Lunala|94/100
|move|p1a: Reshiram|Shadow Ball|p2a: Lunala
|-supereffective|p2a: Lunala
|-damage|p2a: Lunala|7/100
|
|-weather|Sandstorm|[upkeep]
|-damage|p1a: Reshiram|64/100|[from] Sandstorm
|-damage|p2a: Lunala|1/100|[from] Sandstorm
|-damage|p1a: Reshiram|51/100|[from] Leech Seed|[of] p2a: Lunala
|-heal|p2a: Lunala|11/100|[silent]
|upkeep
|turn|20
|
|switch|p2a: Ferrothorn|Ferrothorn, M|100/100 par
|move|p1a: Reshiram|Shadow Ball|p2a: Ferrothorn
|-damage|p2a: Ferrothorn|73/100 par
|
|-weather|Sandstorm|[upkeep]
|-damage|p1a: Reshiram|45/100|[from] Sandstorm
|-heal|p2a: Ferrothorn|79/100 par|[from] item: Leftovers
|-damage|p1a: Reshiram|33/100|[from] Leech Seed|[of] p2a: Ferrothorn
|-heal|p2a: Ferrothorn|91/100 par|[silent]
|upkeep
|turn|21
|
|switch|p1a: Lunala|Lunala, shiny|100/100
|move|p2a: Ferrothorn|Leech Seed|p1a: Lunala
|-start|p1a: Lunala|move: Leech Seed
|
|-weather|none
|-heal|p2a: Ferrothorn|97/100 par|[from] item: Leftovers
|-damage|p1a: Lunala|88/100|[from] Leech Seed|[of] p2a: Ferrothorn
|-heal|p2a: Ferrothorn|100/100 par|[silent]
|upkeep
|turn|22
|
|move|p1a: Lunala|Hex|p2a: Ferrothorn
|-damage|p2a: Ferrothorn|54/100 par
|move|p2a: Ferrothorn|Stealth Rock|p1a: Lunala
|-sidestart|p1: TaKuTo-SeNpAi|move: Stealth Rock
|
|-heal|p2a: Ferrothorn|60/100 par|[from] item: Leftovers
|-damage|p1a: Lunala|76/100|[from] Leech Seed|[of] p2a: Ferrothorn
|-heal|p2a: Ferrothorn|77/100 par|[silent]
|upkeep
|turn|23
|
|move|p1a: Lunala|Hex|p2a: Ferrothorn
|-damage|p2a: Ferrothorn|25/100 par
|move|p2a: Ferrothorn|Knock Off|p1a: Lunala
|-supereffective|p1a: Lunala
|-damage|p1a: Lunala|15/100
|-enditem|p1a: Lunala|Heavy-Duty Boots|[from] move: Knock Off|[of] p2a: Ferrothorn
|
|-heal|p2a: Ferrothorn|31/100 par|[from] item: Leftovers
|-damage|p1a: Lunala|2/100|[from] Leech Seed|[of] p2a: Ferrothorn
|-heal|p2a: Ferrothorn|48/100 par|[silent]
|upkeep
|turn|24
|
|move|p1a: Lunala|Hex|p2a: Ferrothorn
|-damage|p2a: Ferrothorn|0 fnt
|faint|p2a: Ferrothorn
|
|upkeep
|
|switch|p2a: Lunala|Lunala|11/100
|turn|25
|
|move|p1a: Lunala|Hex|p2a: Lunala
|-supereffective|p2a: Lunala
|-damage|p2a: Lunala|0 fnt
|faint|p2a: Lunala
|
|upkeep
|
|switch|p2a: Zacian|Zacian-Crowned|100/100
|-ability|p2a: Zacian|Intrepid Sword|boost
|-boost|p2a: Zacian|atk|1
|turn|26
|
|move|p2a: Zacian|Behemoth Blade|p1a: Lunala
|-damage|p1a: Lunala|0 fnt
|faint|p1a: Lunala
|
|upkeep
|
|switch|p1a: Quagsire|Quagsire, M, shiny|82/100
|-damage|p1a: Quagsire|76/100|[from] Stealth Rock
|turn|27
|
|switch|p2a: Necrozma|Necrozma-Dusk-Mane|100/100
|move|p1a: Quagsire|Recover|p1a: Quagsire
|-heal|p1a: Quagsire|100/100
|
|upkeep
|turn|28
|
|switch|p1a: Corviknight|Corviknight, M, shiny|81/100
|-damage|p1a: Corviknight|68/100|[from] Stealth Rock
|-ability|p1a: Corviknight|Pressure
|move|p2a: Necrozma|Knock Off|p1a: Corviknight
|-damage|p1a: Corviknight|56/100
|
|upkeep
|turn|29
|
|move|p2a: Necrozma|Thunder Wave|p1a: Corviknight
|-status|p1a: Corviknight|par
|cant|p1a: Corviknight|par
|
|upkeep
|turn|30
|
|switch|p2a: Zacian|Zacian-Crowned|100/100
|-ability|p2a: Zacian|Intrepid Sword|boost
|-boost|p2a: Zacian|atk|1
|move|p1a: Corviknight|Defog|p2a: Zacian
|-unboost|p2a: Zacian|evasion|1
|-sideend|p1: TaKuTo-SeNpAi|Stealth Rock|[from] move: Defog|[of] p1a: Corviknight
|
|upkeep
|turn|31
|
|move|p2a: Zacian|Close Combat|p1a: Corviknight
|-damage|p1a: Corviknight|9/100 par
|-unboost|p2a: Zacian|def|1
|-unboost|p2a: Zacian|spd|1
|cant|p1a: Corviknight|par
|
|upkeep
|turn|32
|
|move|p2a: Zacian|Close Combat|p1a: Corviknight
|-damage|p1a: Corviknight|0 fnt
|-unboost|p2a: Zacian|def|1
|-unboost|p2a: Zacian|spd|1
|faint|p1a: Corviknight
|
|upkeep
|
|switch|p1a: Reshiram|Reshiram, shiny|33/100
|-ability|p1a: Reshiram|Turboblaze
|turn|33
|
|move|p1a: Reshiram|Blue Flare|p2a: Zacian
|-supereffective|p2a: Zacian
|-damage|p2a: Zacian|0 fnt
|faint|p2a: Zacian
|
|upkeep
|
|switch|p2a: Necrozma|Necrozma-Dusk-Mane|100/100
|turn|34
|
|switch|p1a: Tyranitar|Tyranitar, M, shiny|100/100 par
|-weather|Sandstorm|[from] ability: Sand Stream|[of] p1a: Tyranitar
|-start|p2a: Necrozma|Dynamax
|-heal|p2a: Necrozma|100/100|[silent]
|move|p2a: Necrozma|Max Darkness|p1a: Tyranitar
|-resisted|p1a: Tyranitar
|-damage|p1a: Tyranitar|86/100 par
|-unboost|p1a: Tyranitar|spd|1
|
|-weather|Sandstorm|[upkeep]
|-heal|p1a: Tyranitar|92/100 par|[from] item: Leftovers
|upkeep
|turn|35
|
|move|p2a: Necrozma|Max Steelspike|p1a: Tyranitar
|-supereffective|p1a: Tyranitar
|-damage|p1a: Tyranitar|0 fnt
|-boost|p2a: Necrozma|def|1
|faint|p1a: Tyranitar
|
|-weather|Sandstorm|[upkeep]
|upkeep
|
|switch|p1a: Quagsire|Quagsire, M, shiny|100/100
|turn|36
|
|move|p2a: Necrozma|Max Darkness|p1a: Quagsire
|-damage|p1a: Quagsire|71/100
|-unboost|p1a: Quagsire|spd|1
|move|p1a: Quagsire|Recover|p1a: Quagsire
|-heal|p1a: Quagsire|100/100
|
|-weather|Sandstorm|[upkeep]
|-end|p2a: Necrozma|Dynamax
|-heal|p2a: Necrozma|100/100|[silent]
|upkeep
|turn|37
|
|move|p2a: Necrozma|Knock Off|p1a: Quagsire
|-damage|p1a: Quagsire|79/100
|-enditem|p1a: Quagsire|Leftovers|[from] move: Knock Off|[of] p2a: Necrozma
|move|p1a: Quagsire|Curse|p1a: Quagsire
|-unboost|p1a: Quagsire|spe|1
|-boost|p1a: Quagsire|atk|1
|-boost|p1a: Quagsire|def|1
|
|-weather|Sandstorm|[upkeep]
|upkeep
|turn|38
|-message|Blue chen forfeited.
|
|win|TaKuTo-SeNpAi
|l|☆Blue chen
|raw|TaKuTo-SeNpAi's rating: 1501 &rarr; <strong>1532</strong><br />(+31 for winning)
|raw|Blue chen's rating: 1706 &rarr; <strong>1675</strong><br />(-31 for losing)
