|j|☆default0
|j|☆Antiotaku Master
|t:|1612129243
|player|p1|default0|skierf-gen4dp|
|player|p2|Antiotaku Master|unknown|
|teamsize|p1|6
|teamsize|p2|6
|gametype|singles
|gen|8
|tier|[Gen 8] Ubers
|rated|Tournament battle
|clearpoke
|poke|p1|Necrozma-Dusk-Mane|
|poke|p1|Yveltal|
|poke|p1|Eternatus|
|poke|p1|Zamazenta-Crowned|
|poke|p1|Xerneas|
|poke|p1|Groudon|
|poke|p2|Ho-Oh|
|poke|p2|Calyrex-Shadow|
|poke|p2|Yveltal|
|poke|p2|Zygarde|
|poke|p2|Kyogre|
|poke|p2|Regieleki|
|rule|Sleep Clause Mod: Limit one foe put to sleep
|rule|Species Clause: Limit one of each Pokémon
|rule|OHKO Clause: OHKO moves are banned
|rule|Evasion Moves Clause: Evasion moves are banned
|rule|Endless Battle Clause: Forcing endless battles is banned
|rule|HP Percentage Mod: HP is shown in percentages
|rule|Dynamax Clause: You cannot dynamax
|teampreview
|j|%Blim
|inactive|Battle timer is ON: inactive players will automatically lose when time's up. (requested by Antiotaku Master)
|
|t:|1612129252
|start
|switch|p1a: Zamazenta|Zamazenta-Crowned|100/100
|switch|p2a: Yveltal|Yveltal|100/100
|-ability|p2a: Yveltal|Dark Aura
|-ability|p1a: Zamazenta|Dauntless Shield|boost
|-boost|p1a: Zamazenta|def|1
|turn|1
|j|+Ropalme1914
|inactive|default0 has 120 seconds left.
|
|t:|1612129290
|switch|p2a: Ho-Oh|Ho-Oh|100/100
|move|p1a: Zamazenta|Behemoth Bash|p2a: Ho-Oh
|-resisted|p2a: Ho-Oh
|-damage|p2a: Ho-Oh|75/100
|
|upkeep
|turn|2
|inactive|default0 has 120 seconds left.
|
|t:|1612129300
|switch|p1a: Xerneas|Xerneas|100/100
|-ability|p1a: Xerneas|Fairy Aura
|move|p2a: Ho-Oh|Sacred Fire|p1a: Xerneas
|-damage|p1a: Xerneas|75/100
|-status|p1a: Xerneas|brn
|
|-heal|p1a: Xerneas|82/100 brn|[from] item: Leftovers
|-damage|p1a: Xerneas|75/100 brn|[from] brn
|upkeep
|turn|3
|
|t:|1612129310
|move|p1a: Xerneas|Toxic|p2a: Ho-Oh
|-status|p2a: Ho-Oh|tox
|move|p2a: Ho-Oh|Brave Bird|p1a: Xerneas
|-damage|p1a: Xerneas|48/100 brn
|-damage|p2a: Ho-Oh|66/100 tox|[from] Recoil
|
|-heal|p1a: Xerneas|54/100 brn|[from] item: Leftovers
|-damage|p1a: Xerneas|48/100 brn|[from] brn
|-damage|p2a: Ho-Oh|60/100 tox|[from] psn
|upkeep
|turn|4
|
|t:|1612129317
|switch|p2a: Kyogre|Kyogre|100/100
|-weather|RainDance|[from] ability: Drizzle|[of] p2a: Kyogre
|move|p1a: Xerneas|Moonblast|p2a: Kyogre
|-damage|p2a: Kyogre|56/100
|-unboost|p2a: Kyogre|spa|1
|
|-weather|RainDance|[upkeep]
|-heal|p1a: Xerneas|54/100 brn|[from] item: Leftovers
|-damage|p1a: Xerneas|48/100 brn|[from] brn
|upkeep
|turn|5
|
|t:|1612129332
|switch|p2a: Ho-Oh|Ho-Oh|93/100 tox
|switch|p1a: Eternatus|Eternatus|100/100
|-ability|p1a: Eternatus|Pressure
|
|-weather|RainDance|[upkeep]
|-damage|p2a: Ho-Oh|87/100 tox|[from] psn
|upkeep
|turn|6
|
|t:|1612129352
|switch|p2a: Yveltal|Yveltal|100/100
|-ability|p2a: Yveltal|Dark Aura
|move|p1a: Eternatus|Sludge Bomb|p2a: Yveltal
|-damage|p2a: Yveltal|63/100
|
|-weather|RainDance|[upkeep]
|upkeep
|turn|7
|
|t:|1612129356
|switch|p1a: Zamazenta|Zamazenta-Crowned|100/100
|-ability|p1a: Zamazenta|Dauntless Shield|boost
|-boost|p1a: Zamazenta|def|1
|move|p2a: Yveltal|Knock Off|p1a: Zamazenta
|-resisted|p1a: Zamazenta
|-damage|p1a: Zamazenta|87/100
|
|-weather|RainDance|[upkeep]
|upkeep
|turn|8
|
|t:|1612129364
|switch|p2a: Ho-Oh|Ho-Oh|100/100 tox
|move|p1a: Zamazenta|Close Combat|p2a: Ho-Oh
|-resisted|p2a: Ho-Oh
|-damage|p2a: Ho-Oh|68/100 tox
|-unboost|p1a: Zamazenta|def|1
|-unboost|p1a: Zamazenta|spd|1
|
|-weather|none
|-damage|p2a: Ho-Oh|62/100 tox|[from] psn
|upkeep
|turn|9
|
|t:|1612129368
|switch|p1a: Eternatus|Eternatus|100/100
|-ability|p1a: Eternatus|Pressure
|switch|p2a: Zygarde|Zygarde|100/100
|
|upkeep
|turn|10
|
|t:|1612129372
|move|p1a: Eternatus|Dynamax Cannon|p2a: Zygarde
|-supereffective|p2a: Zygarde
|-damage|p2a: Zygarde|17/100
|move|p2a: Zygarde|Glare|p1a: Eternatus
|-status|p1a: Eternatus|par
|
|-heal|p2a: Zygarde|23/100|[from] item: Leftovers
|-activate|p2a: Zygarde|ability: Power Construct
|detailschange|p2a: Zygarde|Zygarde-Complete
|-heal|p2a: Zygarde|49/100|[silent]
|upkeep
|turn|11
|
|t:|1612129379
|switch|p2a: Ho-Oh|Ho-Oh|95/100 tox
|switch|p1a: Xerneas|Xerneas|48/100 brn
|-ability|p1a: Xerneas|Fairy Aura
|
|-heal|p1a: Xerneas|54/100 brn|[from] item: Leftovers
|-damage|p1a: Xerneas|48/100 brn|[from] brn
|-damage|p2a: Ho-Oh|89/100 tox|[from] psn
|upkeep
|turn|12
|
|t:|1612129383
|move|p1a: Xerneas|Aromatherapy|p1a: Xerneas
|-activate|p1a: Xerneas|move: Aromatherapy
|-curestatus|p1a: Xerneas|brn|[msg]
|-curestatus|p1: Eternatus|par|[msg]
|move|p2a: Ho-Oh|Brave Bird|p1a: Xerneas
|-damage|p1a: Xerneas|20/100
|-damage|p2a: Ho-Oh|79/100 tox|[from] Recoil
|
|-heal|p1a: Xerneas|26/100|[from] item: Leftovers
|-damage|p2a: Ho-Oh|67/100 tox|[from] psn
|upkeep
|turn|13
|
|t:|1612129386
|switch|p1a: Eternatus|Eternatus|100/100
|-ability|p1a: Eternatus|Pressure
|move|p2a: Ho-Oh|Sacred Fire|p1a: Eternatus
|-resisted|p1a: Eternatus
|-damage|p1a: Eternatus|83/100
|-status|p1a: Eternatus|brn
|
|-heal|p1a: Eternatus|89/100 brn|[from] item: Black Sludge
|-damage|p1a: Eternatus|83/100 brn|[from] brn
|-damage|p2a: Ho-Oh|49/100 tox|[from] psn
|upkeep
|turn|14
|
|t:|1612129392
|switch|p2a: Kyogre|Kyogre|56/100
|-weather|RainDance|[from] ability: Drizzle|[of] p2a: Kyogre
|move|p1a: Eternatus|Dynamax Cannon|p2a: Kyogre
|-damage|p2a: Kyogre|21/100
|
|-weather|RainDance|[upkeep]
|-heal|p1a: Eternatus|89/100 brn|[from] item: Black Sludge
|-damage|p1a: Eternatus|83/100 brn|[from] brn
|upkeep
|turn|15
|
|t:|1612129400
|move|p2a: Kyogre|Ice Beam|p1a: Eternatus
|-supereffective|p1a: Eternatus
|-damage|p1a: Eternatus|43/100 brn
|move|p1a: Eternatus|Recover|p1a: Eternatus
|-heal|p1a: Eternatus|93/100 brn
|
|-weather|RainDance|[upkeep]
|-heal|p1a: Eternatus|99/100 brn|[from] item: Black Sludge
|-damage|p1a: Eternatus|93/100 brn|[from] brn
|upkeep
|turn|16
|
|t:|1612129405
|switch|p1a: Necrozma|Necrozma-Dusk-Mane|100/100
|move|p2a: Kyogre|Ice Beam|p1a: Necrozma
|-resisted|p1a: Necrozma
|-damage|p1a: Necrozma|90/100
|
|-weather|RainDance|[upkeep]
|-heal|p1a: Necrozma|96/100|[from] item: Leftovers
|upkeep
|turn|17
|
|t:|1612129419
|switch|p2a: Ho-Oh|Ho-Oh|82/100 tox
|move|p1a: Necrozma|Stealth Rock|p2a: Ho-Oh
|-sidestart|p2: Antiotaku Master|move: Stealth Rock
|
|-weather|RainDance|[upkeep]
|-heal|p1a: Necrozma|100/100|[from] item: Leftovers
|-damage|p2a: Ho-Oh|76/100 tox|[from] psn
|upkeep
|turn|18
|
|t:|1612129424
|move|p2a: Ho-Oh|Defog|p1a: Necrozma
|-unboost|p1a: Necrozma|evasion|1
|-sideend|p2: Antiotaku Master|Stealth Rock|[from] move: Defog|[of] p2a: Ho-Oh
|move|p1a: Necrozma|Knock Off|p2a: Ho-Oh
|-damage|p2a: Ho-Oh|48/100 tox
|-enditem|p2a: Ho-Oh|Heavy-Duty Boots|[from] move: Knock Off|[of] p1a: Necrozma
|
|-weather|none
|-damage|p2a: Ho-Oh|36/100 tox|[from] psn
|upkeep
|turn|19
|
|t:|1612129432
|switch|p1a: Eternatus|Eternatus|93/100 brn
|-ability|p1a: Eternatus|Pressure
|move|p2a: Ho-Oh|Sacred Fire|p1a: Eternatus
|-resisted|p1a: Eternatus
|-damage|p1a: Eternatus|75/100 brn
|
|-heal|p1a: Eternatus|81/100 brn|[from] item: Black Sludge
|-damage|p1a: Eternatus|75/100 brn|[from] brn
|-damage|p2a: Ho-Oh|18/100 tox|[from] psn
|upkeep
|turn|20
|
|t:|1612129439
|switch|p2a: Kyogre|Kyogre|21/100
|-weather|RainDance|[from] ability: Drizzle|[of] p2a: Kyogre
|move|p1a: Eternatus|Dynamax Cannon|p2a: Kyogre
|-damage|p2a: Kyogre|0 fnt
|faint|p2a: Kyogre
|
|-weather|RainDance|[upkeep]
|-heal|p1a: Eternatus|81/100 brn|[from] item: Black Sludge
|-damage|p1a: Eternatus|75/100 brn|[from] brn
|upkeep
|
|t:|1612129442
|switch|p2a: Yveltal|Yveltal|63/100
|-ability|p2a: Yveltal|Dark Aura
|turn|21
|
|t:|1612129445
|switch|p1a: Zamazenta|Zamazenta-Crowned|87/100
|-ability|p1a: Zamazenta|Dauntless Shield|boost
|-boost|p1a: Zamazenta|def|1
|move|p2a: Yveltal|Dual Wingbeat|p1a: Zamazenta
|-damage|p1a: Zamazenta|72/100
|-damage|p1a: Zamazenta|58/100
|-hitcount|p1a: Zamazenta|2
|
|-weather|RainDance|[upkeep]
|upkeep
|turn|22
|
|t:|1612129455
|switch|p2a: Ho-Oh|Ho-Oh|51/100 tox
|move|p1a: Zamazenta|Close Combat|p2a: Ho-Oh
|-resisted|p2a: Ho-Oh
|-damage|p2a: Ho-Oh|23/100 tox
|-unboost|p1a: Zamazenta|def|1
|-unboost|p1a: Zamazenta|spd|1
|
|-weather|RainDance|[upkeep]
|-damage|p2a: Ho-Oh|17/100 tox|[from] psn
|upkeep
|turn|23
|
|t:|1612129462
|switch|p2a: Calyrex|Calyrex-Shadow|100/100
|-ability|p2a: Calyrex|As One
|-ability|p2a: Calyrex|Unnerve|p1: default0
|move|p1a: Zamazenta|Close Combat|p2a: Calyrex
|-immune|p2a: Calyrex
|
|-weather|RainDance|[upkeep]
|upkeep
|turn|24
|
|t:|1612129469
|switch|p2a: Regieleki|Regieleki|100/100
|switch|p1a: Yveltal|Yveltal|100/100
|-ability|p1a: Yveltal|Dark Aura
|
|-weather|none
|upkeep
|turn|25
|
|t:|1612129474
|switch|p2a: Yveltal|Yveltal|63/100
|-ability|p2a: Yveltal|Dark Aura
|switch|p1a: Eternatus|Eternatus|75/100 brn
|-ability|p1a: Eternatus|Pressure
|
|-heal|p1a: Eternatus|81/100 brn|[from] item: Black Sludge
|-damage|p1a: Eternatus|75/100 brn|[from] brn
|upkeep
|turn|26
|
|t:|1612129479
|switch|p1a: Zamazenta|Zamazenta-Crowned|58/100
|-ability|p1a: Zamazenta|Dauntless Shield|boost
|-boost|p1a: Zamazenta|def|1
|move|p2a: Yveltal|Dual Wingbeat|p1a: Zamazenta
|-damage|p1a: Zamazenta|44/100
|-damage|p1a: Zamazenta|28/100
|-hitcount|p1a: Zamazenta|2
|
|upkeep
|turn|27
|
|t:|1612129487
|move|p2a: Yveltal|Dual Wingbeat|p1a: Zamazenta
|-damage|p1a: Zamazenta|13/100
|-damage|p1a: Zamazenta|0 fnt
|-hitcount|p1a: Zamazenta|2
|faint|p1a: Zamazenta
|
|upkeep
|
|t:|1612129504
|switch|p1a: Yveltal|Yveltal|100/100
|-ability|p1a: Yveltal|Dark Aura
|turn|28
|
|t:|1612129509
|switch|p2a: Ho-Oh|Ho-Oh|50/100 tox
|move|p1a: Yveltal|Foul Play|p2a: Ho-Oh
|-damage|p2a: Ho-Oh|0 fnt
|faint|p2a: Ho-Oh
|
|upkeep
|
|t:|1612129512
|switch|p2a: Regieleki|Regieleki|100/100
|turn|29
|
|t:|1612129517
|switch|p2a: Yveltal|Yveltal|63/100
|-ability|p2a: Yveltal|Dark Aura
|switch|p1a: Eternatus|Eternatus|75/100 brn
|-ability|p1a: Eternatus|Pressure
|
|-heal|p1a: Eternatus|81/100 brn|[from] item: Black Sludge
|-damage|p1a: Eternatus|75/100 brn|[from] brn
|upkeep
|turn|30
|
|t:|1612129523
|move|p2a: Yveltal|Knock Off|p1a: Eternatus
|-crit|p1a: Eternatus
|-damage|p1a: Eternatus|0 fnt
|-enditem|p1a: Eternatus|Black Sludge|[from] move: Knock Off|[of] p2a: Yveltal
|faint|p1a: Eternatus
|
|upkeep
|
|t:|1612129533
|switch|p1a: Yveltal|Yveltal|100/100
|-ability|p1a: Yveltal|Dark Aura
|turn|31
|
|t:|1612129538
|move|p2a: Yveltal|Knock Off|p1a: Yveltal
|-resisted|p1a: Yveltal
|-damage|p1a: Yveltal|58/100
|-enditem|p1a: Yveltal|Heavy-Duty Boots|[from] move: Knock Off|[of] p2a: Yveltal
|move|p1a: Yveltal|Toxic|p2a: Yveltal
|-status|p2a: Yveltal|tox
|
|-damage|p2a: Yveltal|57/100 tox|[from] psn
|upkeep
|turn|32
|
|t:|1612129543
|switch|p2a: Zygarde|Zygarde-Complete|49/100
|move|p1a: Yveltal|Roost|p1a: Yveltal
|-heal|p1a: Yveltal|100/100
|-singleturn|p1a: Yveltal|move: Roost
|
|-heal|p2a: Zygarde|56/100|[from] item: Leftovers
|upkeep
|turn|33
|
|t:|1612129547
|switch|p2a: Yveltal|Yveltal|57/100 tox
|-ability|p2a: Yveltal|Dark Aura
|move|p1a: Yveltal|Toxic|p2a: Yveltal
|-fail|p2a: Yveltal|tox
|
|-damage|p2a: Yveltal|51/100 tox|[from] psn
|upkeep
|turn|34
|
|t:|1612129552
|move|p2a: Yveltal|Dual Wingbeat|p1a: Yveltal
|-damage|p1a: Yveltal|77/100
|-damage|p1a: Yveltal|52/100
|-hitcount|p1a: Yveltal|2
|move|p1a: Yveltal|Foul Play|p2a: Yveltal
|-resisted|p2a: Yveltal
|-damage|p2a: Yveltal|21/100 tox
|
|-damage|p2a: Yveltal|9/100 tox|[from] psn
|upkeep
|turn|35
|
|t:|1612129562
|switch|p2a: Calyrex|Calyrex-Shadow|100/100
|-ability|p2a: Calyrex|As One
|-ability|p2a: Calyrex|Unnerve|p1: default0
|switch|p1a: Necrozma|Necrozma-Dusk-Mane|100/100
|
|upkeep
|turn|36
|
|t:|1612129564
|move|p2a: Calyrex|Astral Barrage|p1a: Necrozma
|-supereffective|p1a: Necrozma
|-damage|p1a: Necrozma|29/100
|move|p1a: Necrozma|Knock Off|p2a: Calyrex
|-supereffective|p2a: Calyrex
|-damage|p2a: Calyrex|0 fnt
|-enditem|p2a: Calyrex|Choice Scarf|[from] move: Knock Off|[of] p1a: Necrozma
|faint|p2a: Calyrex
|
|-heal|p1a: Necrozma|35/100|[from] item: Leftovers
|upkeep
|
|t:|1612129571
|switch|p2a: Zygarde|Zygarde-Complete|56/100
|turn|37
|
|t:|1612129575
|switch|p1a: Yveltal|Yveltal|52/100
|-ability|p1a: Yveltal|Dark Aura
|move|p2a: Zygarde|Glare|p1a: Yveltal
|-status|p1a: Yveltal|par
|
|-heal|p2a: Zygarde|62/100|[from] item: Leftovers
|upkeep
|turn|38
|
|t:|1612129582
|move|p2a: Zygarde|Substitute|p2a: Zygarde
|-start|p2a: Zygarde|Substitute
|-damage|p2a: Zygarde|37/100
|cant|p1a: Yveltal|par
|
|-heal|p2a: Zygarde|43/100|[from] item: Leftovers
|upkeep
|turn|39
|
|t:|1612129586
|move|p2a: Zygarde|Glare|p1a: Yveltal
|-fail|p1a: Yveltal|par
|move|p1a: Yveltal|Taunt|p2a: Zygarde
|-start|p2a: Zygarde|move: Taunt
|
|-heal|p2a: Zygarde|49/100|[from] item: Leftovers
|upkeep
|turn|40
|
|t:|1612129589
|move|p2a: Zygarde|Thousand Arrows|p1a: Yveltal
|-damage|p1a: Yveltal|17/100 par
|-start|p1a: Yveltal|Smack Down
|move|p1a: Yveltal|Roost|p1a: Yveltal
|-heal|p1a: Yveltal|67/100 par
|-singleturn|p1a: Yveltal|move: Roost
|
|-heal|p2a: Zygarde|55/100|[from] item: Leftovers
|upkeep
|turn|41
|
|t:|1612129593
|move|p2a: Zygarde|Thousand Arrows|p1a: Yveltal
|-damage|p1a: Yveltal|32/100 par
|cant|p1a: Yveltal|par
|
|-heal|p2a: Zygarde|61/100|[from] item: Leftovers
|upkeep
|turn|42
|
|t:|1612129601
|move|p2a: Zygarde|Thousand Arrows|p1a: Yveltal
|-damage|p1a: Yveltal|1/100 par
|move|p1a: Yveltal|Roost|p1a: Yveltal
|-heal|p1a: Yveltal|51/100 par
|-singleturn|p1a: Yveltal|move: Roost
|
|-heal|p2a: Zygarde|68/100|[from] item: Leftovers
|-end|p2a: Zygarde|move: Taunt
|upkeep
|turn|43
|
|t:|1612129609
|switch|p1a: Xerneas|Xerneas|26/100
|-ability|p1a: Xerneas|Fairy Aura
|move|p2a: Zygarde|Coil|p2a: Zygarde
|-boost|p2a: Zygarde|atk|1
|-boost|p2a: Zygarde|def|1
|-boost|p2a: Zygarde|accuracy|1
|
|-heal|p1a: Xerneas|32/100|[from] item: Leftovers
|-heal|p2a: Zygarde|74/100|[from] item: Leftovers
|upkeep
|turn|44
|
|t:|1612129612
|move|p1a: Xerneas|Moonblast|p2a: Zygarde
|-supereffective|p2a: Zygarde
|-end|p2a: Zygarde|Substitute
|move|p2a: Zygarde|Thousand Arrows|p1a: Xerneas
|-damage|p1a: Xerneas|0 fnt
|faint|p1a: Xerneas
|
|-heal|p2a: Zygarde|80/100|[from] item: Leftovers
|upkeep
|
|t:|1612129615
|switch|p1a: Groudon|Groudon|100/100
|-weather|SunnyDay|[from] ability: Drought|[of] p1a: Groudon
|turn|45
|
|t:|1612129619
|move|p1a: Groudon|Swords Dance|p1a: Groudon
|-boost|p1a: Groudon|atk|2
|move|p2a: Zygarde|Glare|p1a: Groudon
|-status|p1a: Groudon|par
|-enditem|p1a: Groudon|Lum Berry|[eat]
|-curestatus|p1a: Groudon|par|[msg]
|
|-weather|SunnyDay|[upkeep]
|-heal|p2a: Zygarde|86/100|[from] item: Leftovers
|upkeep
|turn|46
|
|t:|1612129624
|move|p1a: Groudon|Swords Dance|p1a: Groudon
|-boost|p1a: Groudon|atk|2
|move|p2a: Zygarde|Glare|p1a: Groudon
|-status|p1a: Groudon|par
|
|-weather|SunnyDay|[upkeep]
|-heal|p2a: Zygarde|92/100|[from] item: Leftovers
|upkeep
|turn|47
|
|t:|1612129629
|move|p2a: Zygarde|Thousand Arrows|p1a: Groudon
|-damage|p1a: Groudon|57/100 par
|move|p1a: Groudon|Earthquake|p2a: Zygarde
|-damage|p2a: Zygarde|30/100
|
|-weather|SunnyDay|[upkeep]
|-heal|p2a: Zygarde|36/100|[from] item: Leftovers
|upkeep
|turn|48
|
|t:|1612129636
|move|p2a: Zygarde|Thousand Arrows|p1a: Groudon
|-damage|p1a: Groudon|17/100 par
|cant|p1a: Groudon|par
|
|-weather|SunnyDay|[upkeep]
|-heal|p2a: Zygarde|42/100|[from] item: Leftovers
|upkeep
|turn|49
|
|t:|1612129641
|switch|p1a: Necrozma|Necrozma-Dusk-Mane|35/100
|move|p2a: Zygarde|Thousand Arrows|p1a: Necrozma
|-supereffective|p1a: Necrozma
|-damage|p1a: Necrozma|0 fnt
|faint|p1a: Necrozma
|
|-weather|none
|-heal|p2a: Zygarde|49/100|[from] item: Leftovers
|upkeep
|
|t:|1612129643
|switch|p1a: Yveltal|Yveltal|51/100 par
|-ability|p1a: Yveltal|Dark Aura
|turn|50
|-message|default0 forfeited.
|
|win|Antiotaku Master
|n|☆default0|default0
|n|☆Antiotaku Master|antiotakumaster
|n| Blim|blim
|n|+Ropalme1914|ropalme1914
