|raw|<div class="broadcast-blue"><strong>This battle is required to be public due to a player having a name starting with 'ult4pdr'.</div>
|j|☆ULT4PDR 周杰伦Jay
|j|☆Eledyr
|t:|1654183681
|gametype|singles
|player|p1|ULT4PDR 周杰伦Jay|dawn|1536
|player|p2|Eledyr|lucas|1564
|teamsize|p1|6
|teamsize|p2|6
|gen|8
|tier|[Gen 8] Ubers
|rated|
|rule|Sleep Clause Mod: Limit one foe put to sleep
|rule|Species Clause: Limit one of each Pokémon
|rule|OHKO Clause: OHKO moves are banned
|rule|Evasion Moves Clause: Evasion moves are banned
|rule|Endless Battle Clause: Forcing endless battles is banned
|rule|HP Percentage Mod: HP is shown in percentages
|rule|Dynamax Clause: You cannot dynamax
|clearpoke
|poke|p1|Aerodactyl, F|
|poke|p1|Calyrex-Shadow|
|poke|p1|Yveltal|
|poke|p1|Necrozma-Dusk-Mane|
|poke|p1|Weavile, F|
|poke|p1|Kyogre|
|poke|p2|Darmanitan-Galar, F|
|poke|p2|Magnezone|
|poke|p2|Xerneas-*|
|poke|p2|Eternatus|
|poke|p2|Yveltal|
|poke|p2|Necrozma-Dusk-Mane|
|teampreview
|inactive|Battle timer is ON: inactive players will automatically lose when time's up. (requested by ULT4PDR 周杰伦Jay)
|j| uu12a memory
|
|t:|1654183693
|start
|switch|p1a: Aerodactyl|Aerodactyl, F|100/100
|switch|p2a: Darmanitan|Darmanitan-Galar, F|100/100
|-ability|p1a: Aerodactyl|Pressure
|turn|1
|
|t:|1654183698
|move|p2a: Darmanitan|Icicle Crash|p1a: Aerodactyl
|-supereffective|p1a: Aerodactyl
|-enditem|p1a: Aerodactyl|Focus Sash
|-damage|p1a: Aerodactyl|1/100
|move|p1a: Aerodactyl|Stealth Rock|p2a: Darmanitan
|-sidestart|p2: Eledyr|move: Stealth Rock
|
|upkeep
|turn|2
|
|t:|1654183706
|move|p2a: Darmanitan|Icicle Crash|p1a: Aerodactyl
|-supereffective|p1a: Aerodactyl
|-damage|p1a: Aerodactyl|0 fnt
|faint|p1a: Aerodactyl
|
|upkeep
|
|t:|1654183713
|switch|p1a: Necrozma|Necrozma-Dusk-Mane|100/100
|turn|3
|j| Hoennseptile
|
|t:|1654183719
|switch|p2a: Magnezone|Magnezone|100/100
|-damage|p2a: Magnezone|94/100|[from] Stealth Rock
|-item|p2a: Magnezone|Air Balloon
|move|p1a: Necrozma|Sunsteel Strike|p2a: Magnezone
|-resisted|p2a: Magnezone
|-damage|p2a: Magnezone|80/100
|-enditem|p2a: Magnezone|Air Balloon
|
|upkeep
|turn|4
|
|t:|1654183723
|move|p1a: Necrozma|Earthquake|p2a: Magnezone
|-supereffective|p2a: Magnezone
|-damage|p2a: Magnezone|0 fnt
|faint|p2a: Magnezone
|
|upkeep
|
|t:|1654183728
|switch|p2a: Necrozma|Necrozma-Dusk-Mane|100/100
|-damage|p2a: Necrozma|94/100|[from] Stealth Rock
|turn|5
|
|t:|1654183739
|switch|p1a: Calyrex|Calyrex-Shadow|100/100
|-ability|p1a: Calyrex|As One
|-ability|p1a: Calyrex|Unnerve
|move|p2a: Necrozma|Thunder Wave|p1a: Calyrex
|-status|p1a: Calyrex|par
|
|-heal|p2a: Necrozma|100/100|[from] item: Leftovers
|upkeep
|turn|6
|
|t:|1654183746
|switch|p1a: Yveltal|Yveltal|100/100
|-ability|p1a: Yveltal|Dark Aura
|switch|p2a: Yveltal|Yveltal|100/100
|-ability|p2a: Yveltal|Dark Aura
|
|upkeep
|turn|7
|
|t:|1654183751
|move|p1a: Yveltal|Knock Off|p2a: Yveltal
|-resisted|p2a: Yveltal
|-damage|p2a: Yveltal|64/100
|-enditem|p2a: Yveltal|Heavy-Duty Boots|[from] move: Knock Off|[of] p1a: Yveltal
|-damage|p1a: Yveltal|91/100|[from] item: Life Orb
|move|p2a: Yveltal|U-turn|p1a: Yveltal
|-damage|p1a: Yveltal|71/100
|
|t:|1654183753
|switch|p2a: Eternatus|Eternatus|100/100|[from]move: U-turn
|-damage|p2a: Eternatus|88/100|[from] Stealth Rock
|-ability|p2a: Eternatus|Pressure
|
|upkeep
|turn|8
|l| Hoennseptile
|j| tinsel towngirl
|
|t:|1654183780
|move|p1a: Yveltal|Sucker Punch|p2a: Eternatus
|-damage|p2a: Eternatus|33/100
|-damage|p1a: Yveltal|61/100|[from] item: Life Orb
|move|p2a: Eternatus|Draco Meteor|p1a: Yveltal|[miss]
|-miss|p2a: Eternatus|p1a: Yveltal
|
|upkeep
|turn|9
|inactive|ULT4PDR 周杰伦Jay has 120 seconds left.
|
|t:|1654183800
|move|p2a: Eternatus|Recover|p2a: Eternatus
|-heal|p2a: Eternatus|83/100
|move|p1a: Yveltal|Oblivion Wing|p2a: Eternatus
|-damage|p2a: Eternatus|43/100
|-heal|p1a: Yveltal|94/100|[from] drain|[of] p2a: Eternatus
|-damage|p1a: Yveltal|84/100|[from] item: Life Orb
|
|upkeep
|turn|10
|
|t:|1654183805
|move|p2a: Eternatus|Recover|p2a: Eternatus
|-heal|p2a: Eternatus|93/100
|move|p1a: Yveltal|Knock Off|p2a: Eternatus
|-damage|p2a: Eternatus|14/100
|-enditem|p2a: Eternatus|Eject Pack|[from] move: Knock Off|[of] p1a: Yveltal
|-damage|p1a: Yveltal|74/100|[from] item: Life Orb
|
|upkeep
|turn|11
|
|t:|1654183809
|move|p2a: Eternatus|Recover|p2a: Eternatus
|-heal|p2a: Eternatus|64/100
|move|p1a: Yveltal|Knock Off|p2a: Eternatus
|-damage|p2a: Eternatus|18/100
|-damage|p1a: Yveltal|64/100|[from] item: Life Orb
|
|upkeep
|turn|12
|
|t:|1654183813
|move|p2a: Eternatus|Recover|p2a: Eternatus
|-heal|p2a: Eternatus|68/100
|move|p1a: Yveltal|Oblivion Wing|p2a: Eternatus
|-damage|p2a: Eternatus|30/100
|-heal|p1a: Yveltal|95/100|[from] drain|[of] p2a: Eternatus
|-damage|p1a: Yveltal|85/100|[from] item: Life Orb
|
|upkeep
|turn|13
|
|t:|1654183818
|move|p2a: Eternatus|Recover|p2a: Eternatus
|-heal|p2a: Eternatus|80/100
|move|p1a: Yveltal|Taunt|p2a: Eternatus
|-start|p2a: Eternatus|move: Taunt
|
|upkeep
|turn|14
|
|t:|1654183824
|move|p1a: Yveltal|Sucker Punch|p2a: Eternatus
|-damage|p2a: Eternatus|25/100
|-damage|p1a: Yveltal|75/100|[from] item: Life Orb
|move|p2a: Eternatus|Draco Meteor|p1a: Yveltal
|-damage|p1a: Yveltal|9/100
|-unboost|p2a: Eternatus|spa|2
|
|upkeep
|turn|15
|
|t:|1654183832
|move|p2a: Eternatus|Sludge Bomb|p1a: Yveltal
|-damage|p1a: Yveltal|0 fnt
|faint|p1a: Yveltal
|
|upkeep
|
|t:|1654183840
|switch|p1a: Kyogre|Kyogre|100/100
|-weather|RainDance|[from] ability: Drizzle|[of] p1a: Kyogre
|turn|16
|-activate|p1a: Kyogre|item: Quick Claw
|
|t:|1654183850
|move|p1a: Kyogre|Calm Mind|p1a: Kyogre
|-boost|p1a: Kyogre|spa|1
|-boost|p1a: Kyogre|spd|1
|move|p2a: Eternatus|Sludge Bomb|p1a: Kyogre
|-damage|p1a: Kyogre|89/100
|
|-weather|RainDance|[upkeep]
|-end|p2a: Eternatus|move: Taunt
|upkeep
|turn|17
|
|t:|1654183855
|move|p2a: Eternatus|Sludge Bomb|p1a: Kyogre
|-damage|p1a: Kyogre|75/100
|move|p1a: Kyogre|Ice Beam|p2a: Eternatus
|-supereffective|p2a: Eternatus
|-damage|p2a: Eternatus|0 fnt
|faint|p2a: Eternatus
|
|-weather|RainDance|[upkeep]
|upkeep
|
|t:|1654183862
|switch|p2a: Darmanitan|Darmanitan-Galar, F|100/100
|-damage|p2a: Darmanitan|76/100|[from] Stealth Rock
|turn|18
|-activate|p1a: Kyogre|item: Quick Claw
|
|t:|1654183865
|move|p1a: Kyogre|Surf|p2a: Darmanitan
|-damage|p2a: Darmanitan|0 fnt
|faint|p2a: Darmanitan
|
|-weather|RainDance|[upkeep]
|upkeep
|-message|Eledyr forfeited.
|
|win|ULT4PDR 周杰伦Jay
|raw|ULT4PDR 周杰伦Jay's rating: 1536 &rarr; <strong>1558</strong><br />(+22 for winning)
|raw|Eledyr's rating: 1564 &rarr; <strong>1542</strong><br />(-22 for losing)
|l|☆Eledyr
|l|☆ULT4PDR 周杰伦Jay
|l| uu12a memory
||Ladder isn't responding, score probably updated but might not have (Request timeout).
|j| ULT4PDR Farce
