|j|☆Pkmn3443
|j|☆PokeDuels Blue
|t:|1634689941
|gametype|singles
|player|p1|Pkmn3443|170|1595
|player|p2|PokeDuels Blue|265|1351
|teamsize|p1|6
|teamsize|p2|6
|gen|8
|tier|[Gen 8] Ubers
|rated|
|rule|Sleep Clause Mod: Limit one foe put to sleep
|rule|Species Clause: Limit one of each Pokémon
|rule|OHKO Clause: OHKO moves are banned
|rule|Evasion Moves Clause: Evasion moves are banned
|rule|Endless Battle Clause: Forcing endless battles is banned
|rule|HP Percentage Mod: HP is shown in percentages
|rule|Dynamax Clause: You cannot dynamax
|clearpoke
|poke|p1|Blissey, F|
|poke|p1|Necrozma-Dusk-Mane|
|poke|p1|Ho-Oh|
|poke|p1|Eternatus|
|poke|p1|Ditto|
|poke|p1|Yveltal|
|poke|p2|Zamazenta-*|
|poke|p2|Audino, L99, F|
|poke|p2|Shedinja|
|poke|p2|Ho-Oh|
|poke|p2|Zygarde|
|poke|p2|Palkia|
|teampreview
|
|t:|1634689956
|start
|switch|p1a: Ditto|Ditto|100/100
|switch|p2a: Audino|Audino, L99, F|100/100
|-transform|p1a: Ditto|p2a: Audino|[from] ability: Imposter
|turn|1
|
|t:|1634689966
|move|p1a: Ditto|Thunder Wave|p2a: Audino
|-status|p2a: Audino|par
|move|p2a: Audino|Thunder Wave|p1a: Ditto
|-status|p1a: Ditto|par
|
|upkeep
|turn|2
|
|t:|1634689968
|switch|p2a: Zygarde|Zygarde|100/100
|cant|p1a: Ditto|par
|
|upkeep
|turn|3
|
|t:|1634689972
|switch|p1a: Ho-Oh|Ho-Oh|100/100
|move|p2a: Zygarde|Substitute|p2a: Zygarde
|-start|p2a: Zygarde|Substitute
|-damage|p2a: Zygarde|76/100
|
|-heal|p2a: Zygarde|82/100|[from] item: Leftovers
|upkeep
|turn|4
|
|t:|1634689978
|move|p2a: Zygarde|Scale Shot|p1a: Ho-Oh
|-damage|p1a: Ho-Oh|94/100
|-damage|p1a: Ho-Oh|88/100
|-damage|p1a: Ho-Oh|82/100
|-hitcount|p1a: Ho-Oh|3
|-unboost|p2a: Zygarde|def|1
|-boost|p2a: Zygarde|spe|1
|move|p1a: Ho-Oh|Whirlwind|p2a: Zygarde
|drag|p2a: Ho-Oh|Ho-Oh|100/100
|
|upkeep
|turn|5
|
|t:|1634689986
|move|p2a: Ho-Oh|Thunder Wave|p1a: Ho-Oh
|-status|p1a: Ho-Oh|par
|move|p1a: Ho-Oh|Toxic|p2a: Ho-Oh
|-status|p2a: Ho-Oh|tox
|
|-damage|p2a: Ho-Oh|94/100 tox|[from] psn
|upkeep
|turn|6
|
|t:|1634689988
|switch|p1a: Ditto|Ditto|100/100 par
|-transform|p1a: Ditto|p2a: Ho-Oh|[from] ability: Imposter
|move|p2a: Ho-Oh|Thunder Wave|p1a: Ditto
|-fail|p1a: Ditto|par
|
|-damage|p2a: Ho-Oh|82/100 tox|[from] psn
|upkeep
|turn|7
|
|t:|1634689997
|switch|p1a: Ho-Oh|Ho-Oh|100/100 par
|move|p2a: Ho-Oh|Brave Bird|p1a: Ho-Oh
|-damage|p1a: Ho-Oh|54/100 par
|-damage|p2a: Ho-Oh|64/100 tox|[from] Recoil
|
|-damage|p2a: Ho-Oh|45/100 tox|[from] psn
|upkeep
|turn|8
|
|t:|1634690007
|switch|p2a: Audino|Audino, L99, F|100/100 par
|switch|p1a: Ditto|Ditto|100/100 par
|-transform|p1a: Ditto|p2a: Audino|[from] ability: Imposter
|
|upkeep
|turn|9
|
|t:|1634690014
|move|p1a: Ditto|Heal Bell|p1a: Ditto
|-activate|p1a: Ditto|move: Heal Bell
|-curestatus|p1a: Ditto|par|[msg]
|-curestatus|p1: Ho-Oh|par|[msg]
|cant|p2a: Audino|par
|
|upkeep
|turn|10
|
|t:|1634690020
|move|p1a: Ditto|Heal Bell||[still]
|-activate|p1a: Ditto|move: Heal Bell
|-fail|p1a: Ditto
|move|p2a: Audino|Heal Bell|p2a: Audino
|-activate|p2a: Audino|move: Heal Bell
|-curestatus|p2a: Audino|par|[msg]
|-curestatus|p2: Ho-Oh|tox|[msg]
|
|upkeep
|turn|11
|
|t:|1634690023
|move|p1a: Ditto|Heal Bell||[still]
|-activate|p1a: Ditto|move: Heal Bell
|-fail|p1a: Ditto
|move|p2a: Audino|Thunder Wave|p1a: Ditto
|-status|p1a: Ditto|par
|
|upkeep
|turn|12
|
|t:|1634690027
|switch|p2a: Palkia|Palkia|100/100
|-ability|p2a: Palkia|Pressure
|cant|p1a: Ditto|par
|
|upkeep
|turn|13
|
|t:|1634690030
|switch|p1a: Blissey|Blissey, F|100/100
|move|p2a: Palkia|Substitute|p2a: Palkia
|-start|p2a: Palkia|Substitute
|-damage|p2a: Palkia|76/100
|
|-heal|p2a: Palkia|82/100|[from] item: Leftovers
|upkeep
|turn|14
|
|t:|1634690034
|switch|p1a: Ho-Oh|Ho-Oh|87/100
|move|p2a: Palkia|Bulk Up|p2a: Palkia
|-boost|p2a: Palkia|atk|1
|-boost|p2a: Palkia|def|1
|
|-heal|p2a: Palkia|88/100|[from] item: Leftovers
|upkeep
|turn|15
|
|t:|1634690036
|move|p2a: Palkia|Liquidation|p1a: Ho-Oh
|-supereffective|p1a: Ho-Oh
|-damage|p1a: Ho-Oh|17/100
|-unboost|p1a: Ho-Oh|def|1
|move|p1a: Ho-Oh|Whirlwind|p2a: Palkia
|drag|p2a: Audino|Audino, L99, F|100/100
|
|upkeep
|turn|16
|
|t:|1634690043
|switch|p1a: Ditto|Ditto|100/100 par
|-transform|p1a: Ditto|p2a: Audino|[from] ability: Imposter
|move|p2a: Audino|Thunder Wave|p1a: Ditto
|-fail|p1a: Ditto|par
|
|upkeep
|turn|17
|
|t:|1634690048
|move|p2a: Audino|Wish|p2a: Audino
|move|p1a: Ditto|Heal Bell|p1a: Ditto
|-activate|p1a: Ditto|move: Heal Bell
|-curestatus|p1a: Ditto|par|[msg]
|
|upkeep
|turn|18
|
|t:|1634690055
|switch|p1a: Ho-Oh|Ho-Oh|50/100
|switch|p2a: Palkia|Palkia|88/100
|-ability|p2a: Palkia|Pressure
|
|-heal|p2a: Palkia|100/100|[from] move: Wish|[wisher] Audino
|upkeep
|turn|19
|
|t:|1634690065
|switch|p1a: Necrozma|Necrozma-Dusk-Mane|100/100
|move|p2a: Palkia|Substitute|p2a: Palkia
|-start|p2a: Palkia|Substitute
|-damage|p2a: Palkia|76/100
|
|-heal|p2a: Palkia|82/100|[from] item: Leftovers
|upkeep
|turn|20
|
|t:|1634690068
|move|p2a: Palkia|Bulk Up|p2a: Palkia
|-boost|p2a: Palkia|atk|1
|-boost|p2a: Palkia|def|1
|move|p1a: Necrozma|Knock Off|p2a: Palkia
|-activate|p2a: Palkia|move: Substitute|[damage]
|
|-heal|p2a: Palkia|88/100|[from] item: Leftovers
|upkeep
|turn|21
|
|t:|1634690070
|move|p2a: Palkia|Bulk Up|p2a: Palkia
|-boost|p2a: Palkia|atk|1
|-boost|p2a: Palkia|def|1
|move|p1a: Necrozma|Knock Off|p2a: Palkia
|-end|p2a: Palkia|Substitute
|
|-heal|p2a: Palkia|94/100|[from] item: Leftovers
|upkeep
|turn|22
|
|t:|1634690075
|switch|p1a: Eternatus|Eternatus|100/100
|-ability|p1a: Eternatus|Pressure
|move|p2a: Palkia|Substitute|p2a: Palkia
|-start|p2a: Palkia|Substitute
|-damage|p2a: Palkia|69/100
|
|-heal|p2a: Palkia|75/100|[from] item: Leftovers
|upkeep
|turn|23
|
|t:|1634690079
|move|p1a: Eternatus|Draco Meteor|p2a: Palkia
|-supereffective|p2a: Palkia
|-end|p2a: Palkia|Substitute
|-unboost|p1a: Eternatus|spa|2
|move|p2a: Palkia|Scale Shot|p1a: Eternatus
|-supereffective|p1a: Eternatus
|-damage|p1a: Eternatus|70/100
|-supereffective|p1a: Eternatus
|-damage|p1a: Eternatus|38/100
|-supereffective|p1a: Eternatus
|-damage|p1a: Eternatus|5/100
|-supereffective|p1a: Eternatus
|-damage|p1a: Eternatus|0 fnt
|faint|p1a: Eternatus
|-hitcount|p1: Eternatus|4
|-unboost|p2a: Palkia|def|1
|-boost|p2a: Palkia|spe|1
|
|-heal|p2a: Palkia|81/100|[from] item: Leftovers
|upkeep
|
|t:|1634690082
|switch|p1a: Ditto|Ditto|100/100
|-transform|p1a: Ditto|p2a: Palkia|[from] ability: Imposter
|-ability|p1a: Ditto|Pressure
|turn|24
|
|t:|1634690095
|move|p1a: Ditto|Scale Shot|p2a: Palkia
|-supereffective|p2a: Palkia
|-damage|p2a: Palkia|58/100
|-supereffective|p2a: Palkia
|-damage|p2a: Palkia|33/100
|-supereffective|p2a: Palkia
|-damage|p2a: Palkia|11/100
|-supereffective|p2a: Palkia
|-damage|p2a: Palkia|0 fnt
|faint|p2a: Palkia
|-hitcount|p2: Palkia|4
|-unboost|p1a: Ditto|def|1
|-boost|p1a: Ditto|spe|1
|
|upkeep
|
|t:|1634690103
|switch|p2a: Zygarde|Zygarde|82/100
|turn|25
|
|t:|1634690106
|switch|p2a: Shedinja|Shedinja|100/100
|move|p1a: Ditto|Scale Shot|p2a: Shedinja
|-immune|p2a: Shedinja|[from] ability: Wonder Guard
|
|upkeep
|turn|26
|
|t:|1634690110
|switch|p1a: Ho-Oh|Ho-Oh|83/100
|move|p2a: Shedinja|Toxic|p1a: Ho-Oh
|-status|p1a: Ho-Oh|tox
|
|-damage|p1a: Ho-Oh|77/100 tox|[from] psn
|upkeep
|turn|27
|
|t:|1634690115
|switch|p1a: Ditto|Ditto|100/100
|-transform|p1a: Ditto|p2a: Shedinja|[from] ability: Imposter
|move|p2a: Shedinja|Protect||[still]
|-fail|p2a: Shedinja
|
|upkeep
|turn|28
|
|t:|1634690125
|switch|p1a: Ho-Oh|Ho-Oh|100/100 tox
|switch|p2a: Audino|Audino, L99, F|100/100
|
|-damage|p1a: Ho-Oh|94/100 tox|[from] psn
|upkeep
|turn|29
|
|t:|1634690136
|switch|p1a: Ditto|Ditto|100/100
|-transform|p1a: Ditto|p2a: Audino|[from] ability: Imposter
|move|p2a: Audino|Thunder Wave|p1a: Ditto
|-status|p1a: Ditto|par
|
|upkeep
|turn|30
|
|t:|1634690142
|move|p2a: Audino|Wish|p2a: Audino
|cant|p1a: Ditto|par
|
|upkeep
|turn|31
|
|t:|1634690148
|switch|p2a: Zygarde|Zygarde|82/100
|move|p1a: Ditto|Heal Bell|p1a: Ditto
|-activate|p1a: Ditto|move: Heal Bell
|-curestatus|p1a: Ditto|par|[msg]
|-curestatus|p1: Ho-Oh|tox|[msg]
|
|-heal|p2a: Zygarde|100/100|[from] move: Wish|[wisher] Audino
|upkeep
|turn|32
|
|t:|1634690153
|switch|p1a: Ho-Oh|Ho-Oh|100/100
|move|p2a: Zygarde|Substitute|p2a: Zygarde
|-start|p2a: Zygarde|Substitute
|-damage|p2a: Zygarde|76/100
|
|-heal|p2a: Zygarde|82/100|[from] item: Leftovers
|upkeep
|turn|33
|
|t:|1634690158
|move|p2a: Zygarde|Scale Shot|p1a: Ho-Oh
|-damage|p1a: Ho-Oh|94/100
|-damage|p1a: Ho-Oh|87/100
|-damage|p1a: Ho-Oh|82/100
|-hitcount|p1a: Ho-Oh|3
|-unboost|p2a: Zygarde|def|1
|-boost|p2a: Zygarde|spe|1
|move|p1a: Ho-Oh|Whirlwind|p2a: Zygarde
|drag|p2a: Ho-Oh|Ho-Oh|78/100
|
|upkeep
|turn|34
|
|t:|1634690165
|move|p2a: Ho-Oh|Thunder Wave|p1a: Ho-Oh
|-status|p1a: Ho-Oh|par
|move|p1a: Ho-Oh|Toxic|p2a: Ho-Oh
|-status|p2a: Ho-Oh|tox
|
|-damage|p2a: Ho-Oh|72/100 tox|[from] psn
|upkeep
|turn|35
|
|t:|1634690177
|switch|p1a: Necrozma|Necrozma-Dusk-Mane|100/100
|move|p2a: Ho-Oh|Thunder Wave|p1a: Necrozma
|-status|p1a: Necrozma|par
|
|-damage|p2a: Ho-Oh|60/100 tox|[from] psn
|upkeep
|turn|36
|
|t:|1634690190
|switch|p1a: Ho-Oh|Ho-Oh|100/100 par
|move|p2a: Ho-Oh|Sacred Fire|p1a: Ho-Oh
|-resisted|p1a: Ho-Oh
|-damage|p1a: Ho-Oh|81/100 par
|
|-damage|p2a: Ho-Oh|41/100 tox|[from] psn
|upkeep
|turn|37
|
|t:|1634690197
|switch|p2a: Zygarde|Zygarde|82/100
|switch|p1a: Necrozma|Necrozma-Dusk-Mane|100/100 par
|
|-heal|p2a: Zygarde|88/100|[from] item: Leftovers
|upkeep
|turn|38
|
|t:|1634690202
|switch|p1a: Ditto|Ditto|100/100
|-transform|p1a: Ditto|p2a: Zygarde|[from] ability: Imposter
|move|p2a: Zygarde|Coil|p2a: Zygarde
|-boost|p2a: Zygarde|atk|1
|-boost|p2a: Zygarde|def|1
|-boost|p2a: Zygarde|accuracy|1
|
|-heal|p2a: Zygarde|94/100|[from] item: Leftovers
|upkeep
|turn|39
|
|t:|1634690211
|switch|p1a: Ho-Oh|Ho-Oh|100/100 par
|move|p2a: Zygarde|Coil|p2a: Zygarde
|-boost|p2a: Zygarde|atk|1
|-boost|p2a: Zygarde|def|1
|-boost|p2a: Zygarde|accuracy|1
|
|-heal|p2a: Zygarde|99/100|[from] item: Leftovers
|upkeep
|turn|40
|
|t:|1634690214
|move|p2a: Zygarde|Scale Shot|p1a: Ho-Oh
|-damage|p1a: Ho-Oh|88/100 par
|-damage|p1a: Ho-Oh|75/100 par
|-hitcount|p1a: Ho-Oh|2
|-unboost|p2a: Zygarde|def|1
|-boost|p2a: Zygarde|spe|1
|move|p1a: Ho-Oh|Whirlwind|p2a: Zygarde
|drag|p2a: Ho-Oh|Ho-Oh|74/100 tox
|
|-damage|p2a: Ho-Oh|68/100 tox|[from] psn
|upkeep
|turn|41
|
|t:|1634690225
|switch|p1a: Necrozma|Necrozma-Dusk-Mane|100/100 par
|move|p2a: Ho-Oh|Brave Bird|p1a: Necrozma
|-resisted|p1a: Necrozma
|-damage|p1a: Necrozma|82/100 par
|-damage|p2a: Ho-Oh|51/100 tox|[from] item: Rocky Helmet|[of] p1a: Necrozma
|-damage|p2a: Ho-Oh|45/100 tox|[from] Recoil
|
|-damage|p2a: Ho-Oh|32/100 tox|[from] psn
|upkeep
|turn|42
|
|t:|1634690233
|switch|p2a: Zamazenta|Zamazenta-Crowned|100/100
|-ability|p2a: Zamazenta|Dauntless Shield|boost
|-boost|p2a: Zamazenta|def|1
|cant|p1a: Necrozma|par
|
|upkeep
|turn|43
|
|t:|1634690237
|switch|p2a: Ho-Oh|Ho-Oh|65/100 tox
|cant|p1a: Necrozma|par
|
|-damage|p2a: Ho-Oh|59/100 tox|[from] psn
|upkeep
|turn|44
|
|t:|1634690242
|switch|p2a: Audino|Audino, L99, F|100/100
|switch|p1a: Ho-Oh|Ho-Oh|100/100 par
|
|upkeep
|turn|45
|
|t:|1634690249
|switch|p1a: Ditto|Ditto|100/100
|-transform|p1a: Ditto|p2a: Audino|[from] ability: Imposter
|move|p2a: Audino|Thunder Wave|p1a: Ditto
|-status|p1a: Ditto|par
|
|upkeep
|turn|46
|
|t:|1634690253
|switch|p2a: Zamazenta|Zamazenta-Crowned|100/100
|-ability|p2a: Zamazenta|Dauntless Shield|boost
|-boost|p2a: Zamazenta|def|1
|move|p1a: Ditto|Heal Bell|p1a: Ditto
|-activate|p1a: Ditto|move: Heal Bell
|-curestatus|p1a: Ditto|par|[msg]
|-curestatus|p1: Necrozma|par|[msg]
|-curestatus|p1: Ho-Oh|par|[msg]
|
|upkeep
|turn|47
|
|t:|1634690258
|switch|p2a: Audino|Audino, L99, F|100/100
|switch|p1a: Necrozma|Necrozma-Dusk-Mane|82/100
|
|upkeep
|turn|48
|
|t:|1634690265
|move|p1a: Necrozma|Stealth Rock|p2a: Audino
|-sidestart|p2: PokeDuels Blue|move: Stealth Rock
|move|p2a: Audino|Thunder Wave|p1a: Necrozma
|-status|p1a: Necrozma|par
|
|upkeep
|turn|49
|
|t:|1634690269
|switch|p1a: Ditto|Ditto|100/100
|-transform|p1a: Ditto|p2a: Audino|[from] ability: Imposter
|switch|p2a: Zamazenta|Zamazenta-Crowned|100/100
|-damage|p2a: Zamazenta|97/100|[from] Stealth Rock
|-ability|p2a: Zamazenta|Dauntless Shield|boost
|-boost|p2a: Zamazenta|def|1
|
|upkeep
|turn|50
|
|t:|1634690273
|switch|p1a: Ho-Oh|Ho-Oh|100/100
|move|p2a: Zamazenta|Close Combat|p1a: Ho-Oh
|-resisted|p1a: Ho-Oh
|-damage|p1a: Ho-Oh|82/100
|-unboost|p2a: Zamazenta|def|1
|-unboost|p2a: Zamazenta|spd|1
|
|upkeep
|turn|51
|
|t:|1634690278
|switch|p2a: Ho-Oh|Ho-Oh|92/100 tox
|switch|p1a: Necrozma|Necrozma-Dusk-Mane|82/100 par
|
|-damage|p2a: Ho-Oh|86/100 tox|[from] psn
|upkeep
|turn|52
|
|t:|1634690282
|switch|p2a: Zamazenta|Zamazenta-Crowned|97/100
|-damage|p2a: Zamazenta|94/100|[from] Stealth Rock
|-ability|p2a: Zamazenta|Dauntless Shield|boost
|-boost|p2a: Zamazenta|def|1
|move|p1a: Necrozma|Knock Off|p2a: Zamazenta
|-resisted|p2a: Zamazenta
|-damage|p2a: Zamazenta|89/100
|
|upkeep
|turn|53
|
|t:|1634690286
|switch|p1a: Ho-Oh|Ho-Oh|100/100
|move|p2a: Zamazenta|Howl|p2a: Zamazenta
|-boost|p2a: Zamazenta|atk|1
|
|upkeep
|turn|54
|
|t:|1634690293
|switch|p2a: Ho-Oh|Ho-Oh|100/100 tox
|move|p1a: Ho-Oh|Sacred Fire|p2a: Ho-Oh
|-resisted|p2a: Ho-Oh
|-damage|p2a: Ho-Oh|78/100 tox
|
|-damage|p2a: Ho-Oh|72/100 tox|[from] psn
|upkeep
|turn|55
|
|t:|1634690298
|switch|p1a: Necrozma|Necrozma-Dusk-Mane|82/100 par
|move|p2a: Ho-Oh|Thunder Wave|p1a: Necrozma
|-fail|p1a: Necrozma|par
|
|-damage|p2a: Ho-Oh|59/100 tox|[from] psn
|upkeep
|turn|56
|
|t:|1634690300
|switch|p2a: Zamazenta|Zamazenta-Crowned|89/100
|-damage|p2a: Zamazenta|86/100|[from] Stealth Rock
|-ability|p2a: Zamazenta|Dauntless Shield|boost
|-boost|p2a: Zamazenta|def|1
|cant|p1a: Necrozma|par
|
|upkeep
|turn|57
|
|t:|1634690305
|switch|p2a: Ho-Oh|Ho-Oh|92/100 tox
|switch|p1a: Ho-Oh|Ho-Oh|100/100
|
|-damage|p2a: Ho-Oh|86/100 tox|[from] psn
|upkeep
|turn|58
|
|t:|1634690311
|move|p2a: Ho-Oh|Thunder Wave|p1a: Ho-Oh
|-status|p1a: Ho-Oh|par
|move|p1a: Ho-Oh|Whirlwind|p2a: Ho-Oh
|drag|p2a: Zamazenta|Zamazenta-Crowned|86/100
|-damage|p2a: Zamazenta|83/100|[from] Stealth Rock
|-ability|p2a: Zamazenta|Dauntless Shield|boost
|-boost|p2a: Zamazenta|def|1
|
|upkeep
|turn|59
|
|t:|1634690315
|switch|p2a: Ho-Oh|Ho-Oh|100/100 tox
|switch|p1a: Necrozma|Necrozma-Dusk-Mane|82/100 par
|
|-damage|p2a: Ho-Oh|94/100 tox|[from] psn
|upkeep
|turn|60
|
|t:|1634690317
|move|p2a: Ho-Oh|Sacred Fire|p1a: Necrozma
|-supereffective|p1a: Necrozma
|-damage|p1a: Necrozma|37/100 par
|move|p1a: Necrozma|Knock Off|p2a: Ho-Oh
|-damage|p2a: Ho-Oh|57/100 tox
|-enditem|p2a: Ho-Oh|Heavy-Duty Boots|[from] move: Knock Off|[of] p1a: Necrozma
|
|-damage|p2a: Ho-Oh|45/100 tox|[from] psn
|upkeep
|turn|61
|
|t:|1634690322
|switch|p1a: Ho-Oh|Ho-Oh|100/100 par
|move|p2a: Ho-Oh|Defog|p1a: Ho-Oh
|-unboost|p1a: Ho-Oh|evasion|1
|-sideend|p2: PokeDuels Blue|Stealth Rock|[from] move: Defog|[of] p2a: Ho-Oh
|
|-damage|p2a: Ho-Oh|26/100 tox|[from] psn
|upkeep
|turn|62
|
|t:|1634690326
|switch|p2a: Zygarde|Zygarde|99/100
|switch|p1a: Necrozma|Necrozma-Dusk-Mane|37/100 par
|
|-heal|p2a: Zygarde|100/100|[from] item: Leftovers
|upkeep
|turn|63
|
|t:|1634690330
|move|p2a: Zygarde|Coil|p2a: Zygarde
|-boost|p2a: Zygarde|atk|1
|-boost|p2a: Zygarde|def|1
|-boost|p2a: Zygarde|accuracy|1
|move|p1a: Necrozma|Morning Sun|p1a: Necrozma
|-heal|p1a: Necrozma|87/100 par
|
|upkeep
|turn|64
|
|t:|1634690333
|switch|p1a: Ho-Oh|Ho-Oh|100/100 par
|move|p2a: Zygarde|Thousand Arrows|p1a: Ho-Oh
|-damage|p1a: Ho-Oh|67/100 par
|-start|p1a: Ho-Oh|Smack Down
|
|upkeep
|turn|65
|
|t:|1634690347
|switch|p1a: Necrozma|Necrozma-Dusk-Mane|87/100 par
|move|p2a: Zygarde|Thousand Arrows|p1a: Necrozma
|-supereffective|p1a: Necrozma
|-damage|p1a: Necrozma|51/100 par
|
|upkeep
|turn|66
|
|t:|1634690358
|move|p2a: Zygarde|Substitute|p2a: Zygarde
|-start|p2a: Zygarde|Substitute
|-damage|p2a: Zygarde|76/100
|move|p1a: Necrozma|Morning Sun|p1a: Necrozma
|-heal|p1a: Necrozma|100/100 par
|
|-heal|p2a: Zygarde|82/100|[from] item: Leftovers
|upkeep
|turn|67
|
|t:|1634690361
|switch|p1a: Ho-Oh|Ho-Oh|99/100 par
|move|p2a: Zygarde|Thousand Arrows|p1a: Ho-Oh
|-damage|p1a: Ho-Oh|66/100 par
|-start|p1a: Ho-Oh|Smack Down
|
|-heal|p2a: Zygarde|88/100|[from] item: Leftovers
|upkeep
|turn|68
|
|t:|1634690366
|switch|p1a: Necrozma|Necrozma-Dusk-Mane|100/100 par
|move|p2a: Zygarde|Thousand Arrows|p1a: Necrozma
|-supereffective|p1a: Necrozma
|-damage|p1a: Necrozma|64/100 par
|
|-heal|p2a: Zygarde|94/100|[from] item: Leftovers
|upkeep
|turn|69
|
|t:|1634690370
|move|p2a: Zygarde|Thousand Arrows|p1a: Necrozma
|-supereffective|p1a: Necrozma
|-damage|p1a: Necrozma|24/100 par
|move|p1a: Necrozma|Morning Sun|p1a: Necrozma
|-heal|p1a: Necrozma|74/100 par
|
|-heal|p2a: Zygarde|99/100|[from] item: Leftovers
|upkeep
|turn|70
|
|t:|1634690373
|switch|p1a: Ho-Oh|Ho-Oh|99/100 par
|move|p2a: Zygarde|Coil|p2a: Zygarde
|-boost|p2a: Zygarde|atk|1
|-boost|p2a: Zygarde|def|1
|-boost|p2a: Zygarde|accuracy|1
|
|-heal|p2a: Zygarde|100/100|[from] item: Leftovers
|upkeep
|turn|71
|
|t:|1634690375
|move|p2a: Zygarde|Thousand Arrows|p1a: Ho-Oh
|-damage|p1a: Ho-Oh|55/100 par
|-start|p1a: Ho-Oh|Smack Down
|move|p1a: Ho-Oh|Whirlwind|p2a: Zygarde
|drag|p2a: Audino|Audino, L99, F|100/100
|
|upkeep
|turn|72
|
|t:|1634690383
|switch|p1a: Ditto|Ditto|100/100
|-transform|p1a: Ditto|p2a: Audino|[from] ability: Imposter
|switch|p2a: Zygarde|Zygarde|100/100
|
|upkeep
|turn|73
|
|t:|1634690386
|move|p2a: Zygarde|Substitute|p2a: Zygarde
|-start|p2a: Zygarde|Substitute
|-damage|p2a: Zygarde|76/100
|move|p1a: Ditto|Heal Bell|p1a: Ditto
|-activate|p1a: Ditto|move: Heal Bell
|-curestatus|p1: Necrozma|par|[msg]
|-curestatus|p1: Ho-Oh|par|[msg]
|
|-heal|p2a: Zygarde|82/100|[from] item: Leftovers
|upkeep
|turn|74
|
|t:|1634690390
|switch|p1a: Ho-Oh|Ho-Oh|88/100
|move|p2a: Zygarde|Coil|p2a: Zygarde
|-boost|p2a: Zygarde|atk|1
|-boost|p2a: Zygarde|def|1
|-boost|p2a: Zygarde|accuracy|1
|
|-heal|p2a: Zygarde|88/100|[from] item: Leftovers
|upkeep
|turn|75
|
|t:|1634690395
|move|p2a: Zygarde|Scale Shot|p1a: Ho-Oh
|-damage|p1a: Ho-Oh|80/100
|-damage|p1a: Ho-Oh|70/100
|-damage|p1a: Ho-Oh|60/100
|-damage|p1a: Ho-Oh|50/100
|-hitcount|p1a: Ho-Oh|4
|-unboost|p2a: Zygarde|def|1
|-boost|p2a: Zygarde|spe|1
|move|p1a: Ho-Oh|Whirlwind|p2a: Zygarde
|drag|p2a: Zamazenta|Zamazenta-Crowned|83/100
|-ability|p2a: Zamazenta|Dauntless Shield|boost
|-boost|p2a: Zamazenta|def|1
|
|upkeep
|turn|76
|
|t:|1634690403
|switch|p2a: Zygarde|Zygarde|88/100
|switch|p1a: Necrozma|Necrozma-Dusk-Mane|74/100
|
|-heal|p2a: Zygarde|94/100|[from] item: Leftovers
|upkeep
|turn|77
|
|t:|1634690408
|switch|p1a: Ho-Oh|Ho-Oh|83/100
|move|p2a: Zygarde|Coil|p2a: Zygarde
|-boost|p2a: Zygarde|atk|1
|-boost|p2a: Zygarde|def|1
|-boost|p2a: Zygarde|accuracy|1
|
|-heal|p2a: Zygarde|99/100|[from] item: Leftovers
|upkeep
|turn|78
|
|t:|1634690413
|move|p2a: Zygarde|Scale Shot|p1a: Ho-Oh
|-damage|p1a: Ho-Oh|74/100
|-damage|p1a: Ho-Oh|65/100
|-damage|p1a: Ho-Oh|55/100
|-hitcount|p1a: Ho-Oh|3
|-unboost|p2a: Zygarde|def|1
|-boost|p2a: Zygarde|spe|1
|move|p1a: Ho-Oh|Toxic|p2a: Zygarde
|-status|p2a: Zygarde|tox
|
|-heal|p2a: Zygarde|100/100 tox|[from] item: Leftovers
|-damage|p2a: Zygarde|94/100 tox|[from] psn
|upkeep
|turn|79
|
|t:|1634690421
|move|p2a: Zygarde|Scale Shot|p1a: Ho-Oh
|-damage|p1a: Ho-Oh|47/100
|-damage|p1a: Ho-Oh|37/100
|-hitcount|p1a: Ho-Oh|2
|-unboost|p2a: Zygarde|def|1
|-boost|p2a: Zygarde|spe|1
|move|p1a: Ho-Oh|Whirlwind|p2a: Zygarde
|drag|p2a: Shedinja|Shedinja|100/100
|
|upkeep
|turn|80
|
|t:|1634690427
|switch|p1a: Blissey|Blissey, F|100/100
|switch|p2a: Audino|Audino, L99, F|100/100
|
|upkeep
|turn|81
|
|t:|1634690433
|switch|p1a: Ho-Oh|Ho-Oh|70/100
|move|p2a: Audino|Heal Bell|p2a: Audino
|-activate|p2a: Audino|move: Heal Bell
|-curestatus|p2: Ho-Oh|tox|[msg]
|-curestatus|p2: Zygarde|tox|[msg]
|
|upkeep
|turn|82
|
|t:|1634690438
|switch|p1a: Ditto|Ditto|100/100
|-transform|p1a: Ditto|p2a: Audino|[from] ability: Imposter
|move|p2a: Audino|Thunder Wave|p1a: Ditto
|-status|p1a: Ditto|par
|
|upkeep
|turn|83
|
|t:|1634690442
|switch|p2a: Ho-Oh|Ho-Oh|59/100
|move|p1a: Ditto|Heal Bell|p1a: Ditto
|-activate|p1a: Ditto|move: Heal Bell
|-curestatus|p1a: Ditto|par|[msg]
|
|upkeep
|turn|84
|
|t:|1634690446
|switch|p1a: Ho-Oh|Ho-Oh|100/100
|move|p2a: Ho-Oh|Thunder Wave|p1a: Ho-Oh
|-status|p1a: Ho-Oh|par
|
|upkeep
|turn|85
|
|t:|1634690449
|switch|p2a: Zygarde|Zygarde|94/100
|cant|p1a: Ho-Oh|par
|
|-heal|p2a: Zygarde|100/100|[from] item: Leftovers
|upkeep
|turn|86
|
|t:|1634690455
|switch|p1a: Necrozma|Necrozma-Dusk-Mane|74/100
|move|p2a: Zygarde|Coil|p2a: Zygarde
|-boost|p2a: Zygarde|atk|1
|-boost|p2a: Zygarde|def|1
|-boost|p2a: Zygarde|accuracy|1
|
|upkeep
|turn|87
|
|t:|1634690462
|switch|p1a: Ho-Oh|Ho-Oh|100/100 par
|move|p2a: Zygarde|Substitute|p2a: Zygarde
|-start|p2a: Zygarde|Substitute
|-damage|p2a: Zygarde|76/100
|
|-heal|p2a: Zygarde|82/100|[from] item: Leftovers
|upkeep
|turn|88
|
|t:|1634690466
|move|p2a: Zygarde|Thousand Arrows|p1a: Ho-Oh
|-damage|p1a: Ho-Oh|69/100 par
|-start|p1a: Ho-Oh|Smack Down
|move|p1a: Ho-Oh|Whirlwind|p2a: Zygarde
|drag|p2a: Zamazenta|Zamazenta-Crowned|83/100
|-ability|p2a: Zamazenta|Dauntless Shield|boost
|-boost|p2a: Zamazenta|def|1
|
|upkeep
|turn|89
|
|t:|1634690469
|switch|p2a: Zygarde|Zygarde|82/100
|switch|p1a: Necrozma|Necrozma-Dusk-Mane|74/100
|
|-heal|p2a: Zygarde|88/100|[from] item: Leftovers
|upkeep
|turn|90
|
|t:|1634690471
|switch|p1a: Ho-Oh|Ho-Oh|100/100 par
|move|p2a: Zygarde|Substitute|p2a: Zygarde
|-start|p2a: Zygarde|Substitute
|-damage|p2a: Zygarde|63/100
|
|-heal|p2a: Zygarde|69/100|[from] item: Leftovers
|upkeep
|turn|91
|
|t:|1634690474
|move|p2a: Zygarde|Thousand Arrows|p1a: Ho-Oh
|-damage|p1a: Ho-Oh|77/100 par
|-start|p1a: Ho-Oh|Smack Down
|cant|p1a: Ho-Oh|par
|
|-heal|p2a: Zygarde|75/100|[from] item: Leftovers
|upkeep
|turn|92
|
|t:|1634690476
|move|p2a: Zygarde|Coil|p2a: Zygarde
|-boost|p2a: Zygarde|atk|1
|-boost|p2a: Zygarde|def|1
|-boost|p2a: Zygarde|accuracy|1
|move|p1a: Ho-Oh|Whirlwind|p2a: Zygarde
|drag|p2a: Audino|Audino, L99, F|100/100
|
|upkeep
|turn|93
|
|t:|1634690480
|switch|p1a: Necrozma|Necrozma-Dusk-Mane|74/100
|switch|p2a: Zygarde|Zygarde|75/100
|
|-heal|p2a: Zygarde|81/100|[from] item: Leftovers
|upkeep
|turn|94
|
|t:|1634690482
|switch|p1a: Ho-Oh|Ho-Oh|100/100 par
|move|p2a: Zygarde|Coil|p2a: Zygarde
|-boost|p2a: Zygarde|atk|1
|-boost|p2a: Zygarde|def|1
|-boost|p2a: Zygarde|accuracy|1
|
|-heal|p2a: Zygarde|88/100|[from] item: Leftovers
|upkeep
|turn|95
|
|t:|1634690484
|move|p2a: Zygarde|Thousand Arrows|p1a: Ho-Oh
|-damage|p1a: Ho-Oh|67/100 par
|-start|p1a: Ho-Oh|Smack Down
|move|p1a: Ho-Oh|Whirlwind|p2a: Zygarde
|drag|p2a: Zamazenta|Zamazenta-Crowned|83/100
|-ability|p2a: Zamazenta|Dauntless Shield|boost
|-boost|p2a: Zamazenta|def|1
|
|upkeep
|turn|96
|
|t:|1634690487
|switch|p2a: Zygarde|Zygarde|88/100
|switch|p1a: Necrozma|Necrozma-Dusk-Mane|74/100
|
|-heal|p2a: Zygarde|94/100|[from] item: Leftovers
|upkeep
|turn|97
|
|t:|1634690489
|switch|p1a: Ho-Oh|Ho-Oh|99/100 par
|move|p2a: Zygarde|Substitute|p2a: Zygarde
|-start|p2a: Zygarde|Substitute
|-damage|p2a: Zygarde|69/100
|
|-heal|p2a: Zygarde|75/100|[from] item: Leftovers
|upkeep
|turn|98
|
|t:|1634690498
|move|p2a: Zygarde|Coil|p2a: Zygarde
|-boost|p2a: Zygarde|atk|1
|-boost|p2a: Zygarde|def|1
|-boost|p2a: Zygarde|accuracy|1
|move|p1a: Ho-Oh|Whirlwind|p2a: Zygarde
|drag|p2a: Ho-Oh|Ho-Oh|92/100
|
|upkeep
|turn|99
|
|t:|1634690504
|move|p2a: Ho-Oh|Brave Bird|p1a: Ho-Oh
|-damage|p1a: Ho-Oh|50/100 par
|-damage|p2a: Ho-Oh|73/100|[from] Recoil
|move|p1a: Ho-Oh|Toxic|p2a: Ho-Oh
|-status|p2a: Ho-Oh|tox
|
|-damage|p2a: Ho-Oh|67/100 tox|[from] psn
|upkeep
|turn|100
|
|t:|1634690515
|switch|p1a: Ditto|Ditto|100/100
|-transform|p1a: Ditto|p2a: Ho-Oh|[from] ability: Imposter
|move|p2a: Ho-Oh|Sacred Fire|p1a: Ditto
|-resisted|p1a: Ditto
|-crit|p1a: Ditto
|-damage|p1a: Ditto|45/100
|
|-damage|p2a: Ho-Oh|54/100 tox|[from] psn
|upkeep
|turn|101
|
|t:|1634690526
|switch|p1a: Ho-Oh|Ho-Oh|84/100 par
|switch|p2a: Audino|Audino, L99, F|100/100
|
|upkeep
|turn|102
|
|t:|1634690532
|switch|p1a: Ditto|Ditto|78/100
|-transform|p1a: Ditto|p2a: Audino|[from] ability: Imposter
|move|p2a: Audino|Wish|p2a: Audino
|
|upkeep
|turn|103
|
|t:|1634690536
|move|p1a: Ditto|Heal Bell|p1a: Ditto
|-activate|p1a: Ditto|move: Heal Bell
|-curestatus|p1: Ho-Oh|par|[msg]
|move|p2a: Audino|Thunder Wave|p1a: Ditto|[miss]
|-miss|p2a: Audino|p1a: Ditto
|
|upkeep
|turn|104
|
|t:|1634690540
|switch|p1a: Necrozma|Necrozma-Dusk-Mane|74/100
|move|p2a: Audino|Thunder Wave|p1a: Necrozma
|-status|p1a: Necrozma|par
|
|upkeep
|turn|105
|
|t:|1634690549
|switch|p2a: Zamazenta|Zamazenta-Crowned|83/100
|-ability|p2a: Zamazenta|Dauntless Shield|boost
|-boost|p2a: Zamazenta|def|1
|move|p1a: Necrozma|Stealth Rock|p2a: Zamazenta
|-sidestart|p2: PokeDuels Blue|move: Stealth Rock
|
|upkeep
|turn|106
|
|t:|1634690553
|switch|p1a: Ho-Oh|Ho-Oh|100/100
|move|p2a: Zamazenta|Howl|p2a: Zamazenta
|-boost|p2a: Zamazenta|atk|1
|
|upkeep
|turn|107
|
|t:|1634690558
|move|p2a: Zamazenta|Howl|p2a: Zamazenta
|-boost|p2a: Zamazenta|atk|1
|move|p1a: Ho-Oh|Whirlwind|p2a: Zamazenta
|drag|p2a: Ho-Oh|Ho-Oh|87/100 tox
|-damage|p2a: Ho-Oh|38/100 tox|[from] Stealth Rock
|
|-damage|p2a: Ho-Oh|31/100 tox|[from] psn
|upkeep
|turn|108
|
|t:|1634690563
|move|p2a: Ho-Oh|Thunder Wave|p1a: Ho-Oh
|-status|p1a: Ho-Oh|par
|cant|p1a: Ho-Oh|par
|
|-damage|p2a: Ho-Oh|19/100 tox|[from] psn
|upkeep
|turn|109
|
|t:|1634690567
|move|p2a: Ho-Oh|Defog|p1a: Ho-Oh
|-unboost|p1a: Ho-Oh|evasion|1
|-sideend|p2: PokeDuels Blue|Stealth Rock|[from] move: Defog|[of] p2a: Ho-Oh
|cant|p1a: Ho-Oh|par
|
|-damage|p2a: Ho-Oh|0 fnt|[from] psn
|faint|p2a: Ho-Oh
|upkeep
|
|t:|1634690569
|switch|p2a: Zygarde|Zygarde|75/100
|turn|110
|
|t:|1634690575
|move|p2a: Zygarde|Coil|p2a: Zygarde
|-boost|p2a: Zygarde|atk|1
|-boost|p2a: Zygarde|def|1
|-boost|p2a: Zygarde|accuracy|1
|move|p1a: Ho-Oh|Toxic|p2a: Zygarde
|-status|p2a: Zygarde|tox
|
|-heal|p2a: Zygarde|81/100 tox|[from] item: Leftovers
|-damage|p2a: Zygarde|75/100 tox|[from] psn
|upkeep
|turn|111
|
|t:|1634690580
|move|p2a: Zygarde|Scale Shot|p1a: Ho-Oh
|-damage|p1a: Ho-Oh|90/100 par
|-damage|p1a: Ho-Oh|81/100 par
|-damage|p1a: Ho-Oh|72/100 par
|-hitcount|p1a: Ho-Oh|3
|-unboost|p2a: Zygarde|def|1
|-boost|p2a: Zygarde|spe|1
|cant|p1a: Ho-Oh|par
|
|-heal|p2a: Zygarde|81/100 tox|[from] item: Leftovers
|-damage|p2a: Zygarde|69/100 tox|[from] psn
|upkeep
|turn|112
|
|t:|1634690584
|move|p2a: Zygarde|Scale Shot|p1a: Ho-Oh
|-damage|p1a: Ho-Oh|63/100 par
|-damage|p1a: Ho-Oh|54/100 par
|-damage|p1a: Ho-Oh|44/100 par
|-damage|p1a: Ho-Oh|35/100 par
|-damage|p1a: Ho-Oh|25/100 par
|-hitcount|p1a: Ho-Oh|5
|-unboost|p2a: Zygarde|def|1
|-boost|p2a: Zygarde|spe|1
|cant|p1a: Ho-Oh|par
|
|-heal|p2a: Zygarde|75/100 tox|[from] item: Leftovers
|-damage|p2a: Zygarde|57/100 tox|[from] psn
|upkeep
|turn|113
|
|t:|1634690595
|switch|p1a: Yveltal|Yveltal|100/100
|-ability|p1a: Yveltal|Dark Aura
|move|p2a: Zygarde|Thousand Arrows|p1a: Yveltal
|-damage|p1a: Yveltal|53/100
|-start|p1a: Yveltal|Smack Down
|
|-heal|p2a: Zygarde|63/100 tox|[from] item: Leftovers
|-damage|p2a: Zygarde|38/100 tox|[from] psn
|-activate|p2a: Zygarde|ability: Power Construct
|detailschange|p2a: Zygarde|Zygarde-Complete
|-heal|p2a: Zygarde|62/100 tox|[silent]
|upkeep
|turn|114
|
|t:|1634690611
|move|p2a: Zygarde|Scale Shot|p1a: Yveltal
|-damage|p1a: Yveltal|40/100
|-damage|p1a: Yveltal|26/100
|-damage|p1a: Yveltal|12/100
|-hitcount|p1a: Yveltal|3
|-unboost|p2a: Zygarde|def|1
|-boost|p2a: Zygarde|spe|1
|move|p1a: Yveltal|Knock Off|p2a: Zygarde
|-damage|p2a: Zygarde|3/100 tox
|-enditem|p2a: Zygarde|Leftovers|[from] move: Knock Off|[of] p1a: Yveltal
|
|-damage|p2a: Zygarde|0 fnt|[from] psn
|faint|p2a: Zygarde
|upkeep
|-message|PokeDuels Blue forfeited.
|
|win|Pkmn3443
|raw|Pkmn3443's rating: 1595 &rarr; <strong>1603</strong><br />(+8 for winning)
|raw|PokeDuels Blue's rating: 1351 &rarr; <strong>1343</strong><br />(-8 for losing)
|l|☆PokeDuels Blue
