|j|☆RealIcemaster5000
|j|☆Chunkomucho
|player|p1|RealIcemaster5000|acetrainersnowf|1455
|player|p2|Chunkomucho|erika|1499
|teamsize|p1|6
|teamsize|p2|6
|gametype|singles
|gen|8
|tier|[Gen 8] Ubers
|rated|
|clearpoke
|poke|p1|Kyurem-Black|
|poke|p1|Darmanitan-Galar, M|
|poke|p1|Lapras, F|
|poke|p1|Cloyster, M|
|poke|p1|Ninetales-Alola, M|
|poke|p1|Mamoswine, F|
|poke|p2|Pelipper, M|
|poke|p2|Drednaw, M|
|poke|p2|Corviknight, M|
|poke|p2|Zamazenta|
|poke|p2|Gothitelle, F|
|poke|p2|Dracovish|
|rule|Sleep Clause Mod: Limit one foe put to sleep
|rule|Species Clause: Limit one of each Pokémon
|rule|OHKO Clause: OHKO moves are banned
|rule|Evasion Moves Clause: Evasion moves are banned
|rule|Endless Battle Clause: Forcing endless battles is banned
|rule|HP Percentage Mod: HP is shown in percentages
|html|Ubers Dynamax Clause: Pokémon on the <a href="https://www.smogon.com/dex/ss/formats/uber/">Ubers Dynamax Banlist</a> cannot Dynamax.
|teampreview
|
|start
|switch|p1a: Lapras|Lapras, F|100/100
|switch|p2a: Pelipper|Pelipper, M|100/100
|-weather|RainDance|[from] ability: Drizzle|[of] p2a: Pelipper
|turn|1
|
|switch|p2a: Corviknight|Corviknight, M|100/100
|-ability|p2a: Corviknight|Pressure
|move|p1a: Lapras|Freeze-Dry|p2a: Corviknight
|-damage|p2a: Corviknight|75/100
|
|-weather|RainDance|[upkeep]
|upkeep
|turn|2
|
|move|p1a: Lapras|Thunder|p2a: Corviknight
|-supereffective|p2a: Corviknight
|-damage|p2a: Corviknight|13/100
|move|p2a: Corviknight|U-turn|p1a: Lapras
|-damage|p1a: Lapras|88/100
|inactive|Battle timer is ON: inactive players will automatically lose when time's up. (requested by RealIcemaster5000)
|
|switch|p2a: Zamazenta|Zamazenta|100/100|[from]move: U-turn
|-ability|p2a: Zamazenta|Dauntless Shield|boost
|-boost|p2a: Zamazenta|def|1
|
|-weather|RainDance|[upkeep]
|upkeep
|turn|3
|
|switch|p1a: Mamoswine|Mamoswine, F|100/100
|move|p2a: Zamazenta|Close Combat|p1a: Mamoswine
|-supereffective|p1a: Mamoswine
|-enditem|p1a: Mamoswine|Focus Sash
|-damage|p1a: Mamoswine|1/100
|-unboost|p2a: Zamazenta|def|1
|-unboost|p2a: Zamazenta|spd|1
|
|-weather|RainDance|[upkeep]
|upkeep
|turn|4
|
|move|p2a: Zamazenta|Close Combat|p1a: Mamoswine
|-supereffective|p1a: Mamoswine
|-damage|p1a: Mamoswine|0 fnt
|-unboost|p2a: Zamazenta|def|1
|-unboost|p2a: Zamazenta|spd|1
|faint|p1a: Mamoswine
|
|-weather|RainDance|[upkeep]
|upkeep
|
|switch|p1a: Darmanitan|Darmanitan-Galar, M|100/100
|turn|5
|
|switch|p2a: Corviknight|Corviknight, M|13/100
|-ability|p2a: Corviknight|Pressure
|move|p1a: Darmanitan|Icicle Crash|p2a: Corviknight
|-damage|p2a: Corviknight|0 fnt
|faint|p2a: Corviknight
|
|-weather|RainDance|[upkeep]
|upkeep
|
|switch|p2a: Drednaw|Drednaw, M|100/100
|turn|6
|
|switch|p1a: Lapras|Lapras, F|88/100
|move|p2a: Drednaw|Superpower|p1a: Lapras
|-supereffective|p1a: Lapras
|-damage|p1a: Lapras|0 fnt
|-unboost|p2a: Drednaw|atk|1
|-unboost|p2a: Drednaw|def|1
|-damage|p2a: Drednaw|91/100|[from] item: Life Orb
|faint|p1a: Lapras
|
|-weather|RainDance|[upkeep]
|upkeep
|
|switch|p1a: Ninetales|Ninetales-Alola, M|100/100
|-weather|Hail|[from] ability: Snow Warning|[of] p1a: Ninetales
|turn|7
|
|switch|p2a: Gothitelle|Gothitelle, F|100/100
|move|p1a: Ninetales|Hail||[still]
|-fail|p1a: Ninetales
|
|-weather|Hail|[upkeep]
|-damage|p2a: Gothitelle|94/100|[from] Hail
|-heal|p2a: Gothitelle|100/100|[from] item: Leftovers
|upkeep
|turn|8
|
|move|p1a: Ninetales|Aurora Veil|p1a: Ninetales
|-sidestart|p1: RealIcemaster5000|move: Aurora Veil
|move|p2a: Gothitelle|Nasty Plot|p2a: Gothitelle
|-boost|p2a: Gothitelle|spa|2
|
|-weather|Hail|[upkeep]
|-damage|p2a: Gothitelle|94/100|[from] Hail
|-heal|p2a: Gothitelle|100/100|[from] item: Leftovers
|upkeep
|turn|9
|
|move|p1a: Ninetales|Hypnosis|p2a: Gothitelle
|-status|p2a: Gothitelle|slp|[from] move: Hypnosis
|cant|p2a: Gothitelle|slp
|
|-weather|Hail|[upkeep]
|-damage|p2a: Gothitelle|94/100 slp|[from] Hail
|-heal|p2a: Gothitelle|100/100 slp|[from] item: Leftovers
|upkeep
|turn|10
|
|move|p1a: Ninetales|Moonblast|p2a: Gothitelle
|-damage|p2a: Gothitelle|74/100 slp
|cant|p2a: Gothitelle|slp
|
|-weather|Hail|[upkeep]
|-damage|p2a: Gothitelle|68/100 slp|[from] Hail
|-heal|p2a: Gothitelle|74/100 slp|[from] item: Leftovers
|upkeep
|turn|11
|
|move|p1a: Ninetales|Moonblast|p2a: Gothitelle
|-damage|p2a: Gothitelle|50/100 slp
|-unboost|p2a: Gothitelle|spa|1
|-curestatus|p2a: Gothitelle|slp|[msg]
|move|p2a: Gothitelle|Psyshock|p1a: Ninetales
|-damage|p1a: Ninetales|64/100
|
|-weather|none
|-heal|p2a: Gothitelle|56/100|[from] item: Leftovers
|upkeep
|turn|12
|
|move|p1a: Ninetales|Hypnosis|p2a: Gothitelle|[miss]
|-miss|p1a: Ninetales|p2a: Gothitelle
|move|p2a: Gothitelle|Psyshock|p1a: Ninetales
|-damage|p1a: Ninetales|33/100
|
|-heal|p2a: Gothitelle|62/100|[from] item: Leftovers
|-sideend|p1: RealIcemaster5000|move: Aurora Veil
|upkeep
|turn|13
|
|switch|p2a: Dracovish|Dracovish|100/100
|move|p1a: Ninetales|Hypnosis|p2a: Dracovish
|-status|p2a: Dracovish|slp|[from] move: Hypnosis
|
|upkeep
|turn|14
|
|cant|p2a: Dracovish|slp
|move|p2a: Dracovish|Sleep Talk|p2a: Dracovish
|move|p2a: Dracovish|Fishious Rend|p1a: Ninetales|[from]Sleep Talk
|-crit|p1a: Ninetales
|-damage|p1a: Ninetales|0 fnt
|faint|p1a: Ninetales
|
|upkeep
|
|switch|p1a: Kyurem|Kyurem-Black|100/100
|-ability|p1a: Kyurem|Teravolt
|turn|15
|
|cant|p2a: Dracovish|slp
|move|p2a: Dracovish|Sleep Talk|p2a: Dracovish
|move|p2a: Dracovish|Fishious Rend|p1a: Kyurem|[from]Sleep Talk
|-resisted|p1a: Kyurem
|-damage|p1a: Kyurem|47/100
|move|p1a: Kyurem|Dragon Dance|p1a: Kyurem
|-boost|p1a: Kyurem|atk|1
|-boost|p1a: Kyurem|spe|1
|
|upkeep
|turn|16
|
|move|p1a: Kyurem|Dragon Dance|p1a: Kyurem
|-boost|p1a: Kyurem|atk|1
|-boost|p1a: Kyurem|spe|1
|cant|p2a: Dracovish|slp
|move|p2a: Dracovish|Sleep Talk|p2a: Dracovish
|move|p2a: Dracovish|Fishious Rend|p1a: Kyurem|[from]Sleep Talk
|-resisted|p1a: Kyurem
|-damage|p1a: Kyurem|22/100
|
|upkeep
|turn|17
|
|switch|p2a: Gothitelle|Gothitelle, F|62/100
|-start|p1a: Kyurem|Dynamax
|-heal|p1a: Kyurem|22/100|[silent]
|move|p1a: Kyurem|Max Lightning|p2a: Gothitelle
|-damage|p2a: Gothitelle|0 fnt
|-fieldstart|move: Electric Terrain
|-damage|p1a: Kyurem|17/100|[from] item: Life Orb
|faint|p2a: Gothitelle
|
|upkeep
|
|switch|p2a: Pelipper|Pelipper, M|100/100
|-weather|RainDance|[from] ability: Drizzle|[of] p2a: Pelipper
|turn|18
|
|switch|p2a: Dracovish|Dracovish|100/100 slp
|move|p1a: Kyurem|Max Hailstorm|p2a: Dracovish
|-damage|p2a: Dracovish|0 fnt
|-weather|Hail
|-damage|p1a: Kyurem|12/100|[from] item: Life Orb
|faint|p2a: Dracovish
|
|-weather|Hail|[upkeep]
|upkeep
|
|switch|p2a: Drednaw|Drednaw, M|91/100
|turn|19
|
|-start|p2a: Drednaw|Dynamax
|-formechange|p2a: Drednaw|Drednaw-Gmax
|-heal|p2a: Drednaw|91/100|[silent]
|move|p2a: Drednaw|Max Guard|p2a: Drednaw
|-singleturn|p2a: Drednaw|Max Guard
|move|p1a: Kyurem|Max Lightning|p2a: Drednaw
|-activate|p2a: Drednaw|move: Max Guard
|
|-weather|Hail|[upkeep]
|-damage|p2a: Drednaw|87/100|[from] Hail
|-end|p1a: Kyurem|Dynamax
|-heal|p1a: Kyurem|12/100|[silent]
|upkeep
|turn|20
|
|move|p1a: Kyurem|Fusion Bolt|p2a: Drednaw
|-supereffective|p2a: Drednaw
|-damage|p2a: Drednaw|0 fnt
|-damage|p1a: Kyurem|2/100|[from] item: Life Orb
|faint|p2a: Drednaw
|
|-weather|Hail|[upkeep]
|upkeep
|
|switch|p2a: Zamazenta|Zamazenta|100/100
|-ability|p2a: Zamazenta|Dauntless Shield|boost
|-boost|p2a: Zamazenta|def|1
|turn|21
|
|move|p1a: Kyurem|Fusion Bolt|p2a: Zamazenta
|-damage|p2a: Zamazenta|17/100
|-damage|p1a: Kyurem|0 fnt|[from] item: Life Orb
|faint|p1a: Kyurem
|move|p2a: Zamazenta|Close Combat|p1: Kyurem|[notarget]
|-fail|p2a: Zamazenta
|
|-weather|Hail|[upkeep]
|-damage|p2a: Zamazenta|11/100|[from] Hail
|-fieldend|move: Electric Terrain
|upkeep
|
|switch|p1a: Darmanitan|Darmanitan-Galar, M|100/100
|turn|22
|
|switch|p2a: Pelipper|Pelipper, M|100/100
|-weather|RainDance|[from] ability: Drizzle|[of] p2a: Pelipper
|move|p1a: Darmanitan|Icicle Crash|p2a: Pelipper
|-damage|p2a: Pelipper|48/100
|
|-weather|RainDance|[upkeep]
|upkeep
|turn|23
|
|move|p1a: Darmanitan|Icicle Crash|p2a: Pelipper
|-damage|p2a: Pelipper|0 fnt
|faint|p2a: Pelipper
|
|-weather|RainDance|[upkeep]
|upkeep
|
|switch|p2a: Zamazenta|Zamazenta|11/100
|-ability|p2a: Zamazenta|Dauntless Shield|boost
|-boost|p2a: Zamazenta|def|1
|turn|24
|
|move|p1a: Darmanitan|Icicle Crash|p2a: Zamazenta
|-damage|p2a: Zamazenta|0 fnt
|faint|p2a: Zamazenta
|
|win|RealIcemaster5000
|l|☆Chunkomucho
