|j|☆FearNeverDies
|j|☆8142e
|t:|1625491016
|gametype|singles
|player|p1|FearNeverDies|lyra|
|player|p2|8142e|aromalady|
|teamsize|p1|6
|teamsize|p2|6
|gen|8
|tier|[Gen 8] Ubers
|rated|Tournament battle
|rule|Sleep Clause Mod: Limit one foe put to sleep
|rule|Species Clause: Limit one of each Pokémon
|rule|OHKO Clause: OHKO moves are banned
|rule|Evasion Moves Clause: Evasion moves are banned
|rule|Endless Battle Clause: Forcing endless battles is banned
|rule|HP Percentage Mod: HP is shown in percentages
|rule|Dynamax Clause: You cannot dynamax
|clearpoke
|poke|p1|Accelgor, M|
|poke|p1|Calyrex-Ice|
|poke|p1|Xerneas-*|
|poke|p1|Zekrom|
|poke|p1|Necrozma-Dusk-Mane|
|poke|p1|Marshadow|
|poke|p2|Calyrex-Shadow|
|poke|p2|Yveltal|
|poke|p2|Excadrill, F|
|poke|p2|Necrozma-Dusk-Mane|
|poke|p2|Eternatus|
|poke|p2|Marshadow|
|teampreview
|inactive|Battle timer is ON: inactive players will automatically lose when time's up. (requested by 8142e)
|j| Lucaluna
|
|t:|1625491036
|start
|switch|p1a: Accelgor|Accelgor, M|100/100
|switch|p2a: Excadrill|Excadrill, F|100/100
|-ability|p2a: Excadrill|Mold Breaker
|turn|1
|j| Holy Genius
|
|t:|1625491043
|move|p1a: Accelgor|Knock Off|p2a: Excadrill
|-damage|p2a: Excadrill|65/100
|-enditem|p2a: Excadrill|Focus Sash|[from] move: Knock Off|[of] p1a: Accelgor
|move|p2a: Excadrill|Rock Tomb|p1a: Accelgor
|-supereffective|p1a: Accelgor
|-enditem|p1a: Accelgor|Focus Sash
|-damage|p1a: Accelgor|1/100
|-unboost|p1a: Accelgor|spe|1
|
|upkeep
|turn|2
|c| Holy Genius|go fnd
|
|t:|1625491048
|move|p1a: Accelgor|Spikes|p2a: Excadrill
|-sidestart|p2: 8142e|Spikes
|move|p2a: Excadrill|Stealth Rock|p1a: Accelgor
|-sidestart|p1: FearNeverDies|move: Stealth Rock
|
|upkeep
|turn|3
|
|t:|1625491050
|move|p1a: Accelgor|Encore|p2a: Excadrill
|-start|p2a: Excadrill|Encore
|move|p2a: Excadrill|Stealth Rock||[still]
|-fail|p2a: Excadrill
|
|upkeep
|turn|4
|c|☆8142e|still faster
|c|☆8142e|0-0#
|j|+Perry
|c| Lucaluna|Unburden
|
|t:|1625491072
|switch|p1a: Calyrex|Calyrex-Ice|100/100
|-ability|p1a: Calyrex|As One
|-ability|p1a: Calyrex|Unnerve
|-damage|p1a: Calyrex|76/100|[from] Stealth Rock
|move|p2a: Excadrill|Stealth Rock||[still]
|-fail|p2a: Excadrill
|
|upkeep
|turn|5
|c| Lucaluna|Nerd...
|c|☆8142e|oh yea
|c|☆8142e|lol
|
|t:|1625491085
|move|p2a: Excadrill|Stealth Rock||[still]
|-fail|p2a: Excadrill
|move|p1a: Calyrex|Agility|p1a: Calyrex
|-boost|p1a: Calyrex|spe|2
|
|-end|p2a: Excadrill|Encore
|upkeep
|turn|6
|
|t:|1625491094
|move|p1a: Calyrex|Glacial Lance|p2a: Excadrill
|-damage|p2a: Excadrill|0 fnt
|faint|p2a: Excadrill
|-ability|p1a: Calyrex|Chilling Neigh|boost
|-boost|p1a: Calyrex|atk|1
|
|upkeep
|
|t:|1625491097
|switch|p2a: Calyrex|Calyrex-Shadow|100/100
|-ability|p2a: Calyrex|As One
|-ability|p2a: Calyrex|Unnerve
|-damage|p2a: Calyrex|88/100|[from] Spikes
|turn|7
|c| Lucaluna|U are so fired
|c|+Perry|tomb is not so good anyhow
|
|t:|1625491110
|move|p2a: Calyrex|Astral Barrage|p1a: Calyrex
|-supereffective|p1a: Calyrex
|-damage|p1a: Calyrex|0 fnt
|faint|p1a: Calyrex
|-ability|p2a: Calyrex|Grim Neigh|boost
|-boost|p2a: Calyrex|spa|1
|
|upkeep
|c| Lucaluna|Yeah steel beam is better
|
|t:|1625491114
|switch|p1a: Marshadow|Marshadow|100/100
|-damage|p1a: Marshadow|94/100|[from] Stealth Rock
|turn|8
|
|t:|1625491120
|switch|p2a: Yveltal|Yveltal|100/100
|-ability|p2a: Yveltal|Dark Aura
|move|p1a: Marshadow|Shadow Sneak|p2a: Yveltal
|-resisted|p2a: Yveltal
|-crit|p2a: Yveltal
|-damage|p2a: Yveltal|71/100
|-damage|p1a: Marshadow|84/100|[from] item: Life Orb
|
|upkeep
|turn|9
|c|+Perry|i dont think so
|
|t:|1625491124
|switch|p1a: Accelgor|Accelgor, M|1/100
|-damage|p1a: Accelgor|0 fnt|[from] Stealth Rock
|faint|p1a: Accelgor
|move|p2a: Yveltal|Oblivion Wing|p1: Accelgor|[notarget]
|-fail|p2a: Yveltal
|
|upkeep
|
|t:|1625491127
|switch|p1a: Zekrom|Zekrom|100/100
|-damage|p1a: Zekrom|88/100|[from] Stealth Rock
|-ability|p1a: Zekrom|Teravolt
|turn|10
|inactive|8142e has 120 seconds left.
|c| Lucaluna|Well either tomb or steel beam or tox are good
|c|☆FearNeverDies|rock tomb is kinda bad ngl
|c|☆FearNeverDies|better use iron head for xern
|inactive|8142e has 90 seconds left.
|c|+Perry|sr spin toxic quake
|inactive|8142e has 60 seconds left.
|c|+Perry|is probs best
|
|t:|1625491220
|move|p2a: Yveltal|Dark Pulse|p1a: Zekrom
|-damage|p1a: Zekrom|17/100
|-damage|p2a: Yveltal|61/100|[from] item: Life Orb
|move|p1a: Zekrom|Bolt Strike|p2a: Yveltal
|-supereffective|p2a: Yveltal
|-damage|p2a: Yveltal|0 fnt
|faint|p2a: Yveltal
|
|-heal|p1a: Zekrom|23/100|[from] item: Leftovers
|upkeep
|inactive|8142e has 60 seconds left.
|
|t:|1625491226
|switch|p2a: Calyrex|Calyrex-Shadow|88/100
|-ability|p2a: Calyrex|As One
|-ability|p2a: Calyrex|Unnerve
|-damage|p2a: Calyrex|76/100|[from] Spikes
|turn|11
|c|+Perry|ihead hits yve, for what is worth
|c|☆FearNeverDies|what does EQ hit?
|
|t:|1625491230
|move|p2a: Calyrex|Astral Barrage|p1a: Zekrom
|-damage|p1a: Zekrom|0 fnt
|faint|p1a: Zekrom
|-ability|p2a: Calyrex|Grim Neigh|boost
|-boost|p2a: Calyrex|spa|1
|
|upkeep
|
|t:|1625491232
|switch|p1a: Marshadow|Marshadow|84/100
|-damage|p1a: Marshadow|78/100|[from] Stealth Rock
|turn|12
|c|+Perry|ndm
|c|+Perry|and ur not ducked even harder by ferro
|c|☆8142e|i dont like eq
|inactive|8142e has 60 seconds left.
|c|☆8142e|on the exca
|c|☆FearNeverDies|just run iron head
|
|t:|1625491267
|move|p1a: Marshadow|Shadow Sneak|p2a: Calyrex
|-supereffective|p2a: Calyrex
|-damage|p2a: Calyrex|0 fnt
|faint|p2a: Calyrex
|-damage|p1a: Marshadow|68/100|[from] item: Life Orb
|
|upkeep
|
|t:|1625491269
|switch|p2a: Eternatus|Eternatus|100/100
|-damage|p2a: Eternatus|88/100|[from] Spikes
|-ability|p2a: Eternatus|Pressure
|turn|13
|c|☆FearNeverDies|otherwise xern 6-0 from turn 1
|c|☆FearNeverDies|lol
|c| Lucaluna|Nerd truc
|
|t:|1625491277
|move|p2a: Eternatus|Meteor Beam||[still]
|-prepare|p2a: Eternatus|Meteor Beam
|-boost|p2a: Eternatus|spa|1
|-enditem|p2a: Eternatus|Power Herb
|-anim|p2a: Eternatus|Meteor Beam|p1a: Marshadow
|-resisted|p1a: Marshadow
|-damage|p1a: Marshadow|31/100
|move|p1a: Marshadow|Rock Tomb|p2a: Eternatus
|-damage|p2a: Eternatus|50/100
|-unboost|p2a: Eternatus|spe|1
|-damage|p1a: Marshadow|21/100|[from] item: Life Orb
|
|upkeep
|turn|14
|
|t:|1625491282
|move|p1a: Marshadow|Close Combat|p2a: Eternatus
|-resisted|p2a: Eternatus
|-crit|p2a: Eternatus
|-damage|p2a: Eternatus|0 fnt
|-unboost|p1a: Marshadow|def|1
|-unboost|p1a: Marshadow|spd|1
|faint|p2a: Eternatus
|-damage|p1a: Marshadow|11/100|[from] item: Life Orb
|
|upkeep
|c|☆FearNeverDies|lol
|c|☆FearNeverDies|srry
|
|t:|1625491289
|switch|p2a: Marshadow|Marshadow|100/100
|-damage|p2a: Marshadow|88/100|[from] Spikes
|turn|15
|
|t:|1625491292
|move|p2a: Marshadow|Shadow Sneak|p1a: Marshadow
|-supereffective|p1a: Marshadow
|-damage|p1a: Marshadow|0 fnt
|faint|p1a: Marshadow
|-damage|p2a: Marshadow|78/100|[from] item: Life Orb
|
|upkeep
|
|t:|1625491293
|switch|p1a: Xerneas|Xerneas|100/100
|-damage|p1a: Xerneas|88/100|[from] Stealth Rock
|-ability|p1a: Xerneas|Fairy Aura
|turn|16
|c| Lucaluna|Didn't matter rlly
|c|☆FearNeverDies|ik but still
|c|☆8142e|lgi
|c|☆8142e|marsh
|
|t:|1625491319
|switch|p1a: Necrozma|Necrozma-Dusk-Mane|100/100
|-damage|p1a: Necrozma|95/100|[from] Stealth Rock
|move|p2a: Marshadow|Poltergeist|p1a: Necrozma
|-activate|p1a: Necrozma|move: Poltergeist|Weakness Policy
|-supereffective|p1a: Necrozma
|-damage|p1a: Necrozma|0 fnt
|faint|p1a: Necrozma
|-damage|p2a: Marshadow|68/100|[from] item: Life Orb
|
|upkeep
|
|t:|1625491321
|switch|p1a: Xerneas|Xerneas|88/100
|-damage|p1a: Xerneas|76/100|[from] Stealth Rock
|-ability|p1a: Xerneas|Fairy Aura
|turn|17
|c|☆8142e|lgi
|
|t:|1625491329
|move|p2a: Marshadow|Poltergeist|p1a: Xerneas
|-activate|p1a: Xerneas|move: Poltergeist|Power Herb
|-damage|p1a: Xerneas|17/100
|-damage|p2a: Marshadow|58/100|[from] item: Life Orb
|move|p1a: Xerneas|Geomancy||[still]
|-prepare|p1a: Xerneas|Geomancy
|-enditem|p1a: Xerneas|Power Herb
|-anim|p1a: Xerneas|Geomancy|p1a: Xerneas
|-boost|p1a: Xerneas|spa|2
|-boost|p1a: Xerneas|spd|2
|-boost|p1a: Xerneas|spe|2
|
|upkeep
|turn|18
|-message|FearNeverDies forfeited.
|
|win|8142e
|n|☆FearNeverDies|fearneverdies
|n|☆8142e|8142e
|n| Lucaluna|lucaluna
|n| Holy Genius|holygenius
|n|+Perry|perry
