|j|☆TannerFrmHghschool
|j|☆CLC Eunbin
|t:|1606491139
|player|p1|TannerFrmHghschool|167|
|player|p2|CLC Eunbin|candice|
|teamsize|p1|6
|teamsize|p2|6
|gametype|singles
|gen|8
|tier|[Gen 8] Ubers
|rated|Tournament battle
|clearpoke
|poke|p1|Groudon|
|poke|p1|Zekrom|
|poke|p1|Yveltal|
|poke|p1|Palkia|
|poke|p1|Necrozma-Dusk-Mane|
|poke|p1|Lugia|
|poke|p2|Zacian-Crowned|
|poke|p2|Calyrex-Shadow|
|poke|p2|Yveltal|
|poke|p2|Ditto|
|poke|p2|Eternatus|
|poke|p2|Necrozma-Dusk-Mane|
|rule|Sleep Clause Mod: Limit one foe put to sleep
|rule|Species Clause: Limit one of each Pokémon
|rule|OHKO Clause: OHKO moves are banned
|rule|Evasion Moves Clause: Evasion moves are banned
|rule|Endless Battle Clause: Forcing endless battles is banned
|rule|HP Percentage Mod: HP is shown in percentages
|rule|Dynamax Clause: You cannot dynamax
|teampreview
|c|☆TannerFrmHghschool|gl hf
|j| Holy rng loser
|inactive|Battle timer is ON: inactive players will automatically lose when time's up. (requested by CLC Eunbin)
|j| Faisal Shourov
|c|☆TannerFrmHghschool|same team I faced last game -groudon+ditto
|
|t:|1606491177
|start
|switch|p1a: Groudon|Groudon|100/100
|switch|p2a: Calyrex|Calyrex-Shadow|100/100
|-ability|p2a: Calyrex|As One
|-ability|p2a: Calyrex|Unnerve|p1: TannerFrmHghschool
|-weather|SunnyDay|[from] ability: Drought|[of] p1a: Groudon
|turn|1
|c|☆CLC Eunbin|hf
|
|t:|1606491188
|switch|p1a: Yveltal|Yveltal|100/100
|-ability|p1a: Yveltal|Dark Aura
|move|p2a: Calyrex|Trick|p1a: Yveltal
|-activate|p2a: Calyrex|move: Trick|[of] p1a: Yveltal
|-item|p1a: Yveltal|Choice Specs|[from] move: Trick
|-item|p2a: Calyrex|Choice Specs|[from] move: Trick
|
|-weather|SunnyDay|[upkeep]
|upkeep
|turn|2
|c| Holy rng loser|lol
|c|☆CLC Eunbin|well thats awkward
|c|☆TannerFrmHghschool|a bit yeah
|inactive|TannerFrmHghschool has 120 seconds left.
|
|t:|1606491220
|switch|p2a: Eternatus|Eternatus|100/100
|-ability|p2a: Eternatus|Pressure
|move|p1a: Yveltal|Dark Pulse|p2a: Eternatus
|-damage|p2a: Eternatus|51/100
|
|-weather|SunnyDay|[upkeep]
|-heal|p2a: Eternatus|57/100|[from] item: Black Sludge
|upkeep
|turn|3
|
|t:|1606491227
|switch|p1a: Lugia|Lugia|100/100
|-ability|p1a: Lugia|Pressure
|move|p2a: Eternatus|Toxic Spikes|p1a: Lugia
|-sidestart|p1: TannerFrmHghschool|move: Toxic Spikes
|
|-weather|SunnyDay|[upkeep]
|-heal|p2a: Eternatus|63/100|[from] item: Black Sludge
|upkeep
|turn|4
|c|☆CLC Eunbin|i didnt know that don exists tbh
|c| Holy rng loser|even with specs it does half :/
|c|☆CLC Eunbin|first day back in ps
|
|t:|1606491256
|switch|p2a: Zacian|Zacian-Crowned|100/100
|-ability|p2a: Zacian|Intrepid Sword|boost
|-boost|p2a: Zacian|atk|1
|move|p1a: Lugia|Defog|p2a: Zacian
|-unboost|p2a: Zacian|evasion|1
|-sideend|p1: TannerFrmHghschool|Toxic Spikes|[from] move: Defog|[of] p1a: Lugia
|
|-weather|SunnyDay|[upkeep]
|upkeep
|turn|5
|j| holy hjuyttdd
|c|☆TannerFrmHghschool|well you got your hands on 5 of the 6 most used mons I think
|c|☆TannerFrmHghschool|just missing ogre
|c|☆CLC Eunbin|oh lol
|inactive|TannerFrmHghschool has 120 seconds left.
|
|t:|1606491285
|move|p2a: Zacian|Crunch|p1a: Lugia
|-supereffective|p1a: Lugia
|-damage|p1a: Lugia|25/100
|-unboost|p1a: Lugia|def|1
|move|p1a: Lugia|Thunder Wave|p2a: Zacian
|-status|p2a: Zacian|par
|
|-weather|none
|upkeep
|turn|6
|inactive|TannerFrmHghschool has 120 seconds left.
|c| Holy rng loser|using the standard yvel etern ndm as well
|
|t:|1606491311
|switch|p2a: Eternatus|Eternatus|63/100
|-ability|p2a: Eternatus|Pressure
|move|p1a: Lugia|Recover|p1a: Lugia
|-heal|p1a: Lugia|75/100
|
|-heal|p2a: Eternatus|69/100|[from] item: Black Sludge
|upkeep
|turn|7
|c|☆CLC Eunbin|i mean these are common sets when gen 8 started tbh
|c|☆CLC Eunbin|oh my
|c|☆CLC Eunbin|u risked that
|inactive|CLC Eunbin has 120 seconds left.
|
|t:|1606491332
|switch|p2a: Zacian|Zacian-Crowned|100/100 par
|-ability|p2a: Zacian|Intrepid Sword|boost
|-boost|p2a: Zacian|atk|1
|move|p1a: Lugia|Thunder Wave|p2a: Zacian|[miss]
|-miss|p1a: Lugia|p2a: Zacian
|
|upkeep
|turn|8
|inactive|TannerFrmHghschool has 120 seconds left.
|c|☆TannerFrmHghschool|I like to live dangerously
|
|t:|1606491342
|switch|p1a: Necrozma|Necrozma-Dusk-Mane|100/100
|move|p2a: Zacian|Crunch|p1a: Necrozma
|-supereffective|p1a: Necrozma
|-damage|p1a: Necrozma|56/100
|-unboost|p1a: Necrozma|def|1
|-damage|p2a: Zacian|84/100 par|[from] item: Rocky Helmet|[of] p1a: Necrozma
|
|upkeep
|turn|9
|inactive|TannerFrmHghschool has 120 seconds left.
|c| Holy rng loser|yo
|c|☆TannerFrmHghschool|these def drops though
|c|☆CLC Eunbin|respectable i guess
|c|☆TannerFrmHghschool|can we not pls
|c|☆CLC Eunbin|sry haha
|
|t:|1606491356
|move|p2a: Zacian|Crunch|p1a: Necrozma
|-supereffective|p1a: Necrozma
|-damage|p1a: Necrozma|0 fnt
|-damage|p2a: Zacian|67/100 par|[from] item: Rocky Helmet|[of] p1a: Necrozma
|faint|p1a: Necrozma
|
|upkeep
|c| Holy rng loser|hes done that 3 games lol
|c|☆CLC Eunbin|its not my fault
|
|t:|1606491368
|switch|p1a: Groudon|Groudon|100/100
|-weather|SunnyDay|[from] ability: Drought|[of] p1a: Groudon
|turn|10
|c|☆CLC Eunbin|so idk
|c| Faisal Shourov|Zacian using Crunch a lot more than CC these days
|
|t:|1606491377
|switch|p2a: Yveltal|Yveltal|100/100
|-ability|p2a: Yveltal|Dark Aura
|move|p1a: Groudon|Precipice Blades|p2a: Yveltal
|-immune|p2a: Yveltal
|
|-weather|SunnyDay|[upkeep]
|upkeep
|turn|11
|
|t:|1606491381
|switch|p1a: Yveltal|Yveltal|100/100
|-ability|p1a: Yveltal|Dark Aura
|move|p2a: Yveltal|Knock Off|p1a: Yveltal
|-resisted|p1a: Yveltal
|-damage|p1a: Yveltal|74/100
|-enditem|p1a: Yveltal|Choice Specs|[from] move: Knock Off|[of] p2a: Yveltal
|
|-weather|SunnyDay|[upkeep]
|upkeep
|turn|12
|c| Holy rng loser|it doesnt rly need cc
|j| its zxc♪
|
|t:|1606491385
|move|p1a: Yveltal|Oblivion Wing|p2a: Yveltal
|-crit|p2a: Yveltal
|-damage|p2a: Yveltal|68/100
|-heal|p1a: Yveltal|100/100|[from] drain|[of] p2a: Yveltal
|move|p2a: Yveltal|U-turn|p1a: Yveltal
|-damage|p1a: Yveltal|78/100
|c| holy hjuyttdd|30 percent of the time
|c| Faisal Shourov|Yeah the defence drop isn't worth it
|
|t:|1606491394
|switch|p2a: Eternatus|Eternatus|69/100|[from]move: U-turn
|-ability|p2a: Eternatus|Pressure
|
|-weather|SunnyDay|[upkeep]
|-heal|p2a: Eternatus|75/100|[from] item: Black Sludge
|upkeep
|turn|13
|c| holy hjuyttdd|crunch drops
|
|t:|1606491400
|switch|p1a: Lugia|Lugia|75/100
|-ability|p1a: Lugia|Pressure
|move|p2a: Eternatus|Toxic Spikes|p1a: Lugia
|-sidestart|p1: TannerFrmHghschool|move: Toxic Spikes
|
|-weather|SunnyDay|[upkeep]
|-heal|p2a: Eternatus|82/100|[from] item: Black Sludge
|upkeep
|turn|14
|c| holy hjuyttdd|100
|
|t:|1606491403
|switch|p2a: Zacian|Zacian-Crowned|67/100 par
|-ability|p2a: Zacian|Intrepid Sword|boost
|-boost|p2a: Zacian|atk|1
|move|p1a: Lugia|Defog|p2a: Zacian
|-unboost|p2a: Zacian|evasion|1
|-sideend|p1: TannerFrmHghschool|Toxic Spikes|[from] move: Defog|[of] p1a: Lugia
|
|-weather|none
|upkeep
|turn|15
|c| holy hjuyttdd|percent
|c|☆TannerFrmHghschool|time to lose a mon yay
|c| Holy rng loser|pray for para
|c| Faisal Shourov|Crunch also drops opponent mon defence, whereas CC drops it own defence
|c|☆CLC Eunbin|are there any other decent checks?
|c|☆CLC Eunbin|except dusk?
|inactive|TannerFrmHghschool has 120 seconds left.
|c|☆CLC Eunbin|i mean i know
|c| holy hjuyttdd|quag
|c|☆CLC Eunbin|quag
|c|☆TannerFrmHghschool|I actually have no line to win anymore
|c|☆CLC Eunbin|but that thing kinda sucks
|j| AroundIn20
|
|t:|1606491450
|switch|p1a: Yveltal|Yveltal|78/100
|-ability|p1a: Yveltal|Dark Aura
|move|p2a: Zacian|Crunch|p1a: Yveltal
|-resisted|p1a: Yveltal
|-damage|p1a: Yveltal|38/100
|
|upkeep
|turn|16
|c| Faisal Shourov|Quag is shit so not really
|
|t:|1606491458
|switch|p2a: Eternatus|Eternatus|82/100
|-ability|p2a: Eternatus|Pressure
|move|p1a: Yveltal|Heat Wave|p2a: Eternatus
|-resisted|p2a: Eternatus
|-damage|p2a: Eternatus|72/100
|
|-heal|p2a: Eternatus|79/100|[from] item: Black Sludge
|upkeep
|turn|17
|
|t:|1606491464
|move|p2a: Eternatus|Toxic Spikes|p1a: Yveltal
|-sidestart|p1: TannerFrmHghschool|move: Toxic Spikes
|move|p1a: Yveltal|Oblivion Wing|p2a: Eternatus
|-damage|p2a: Eternatus|52/100
|-heal|p1a: Yveltal|62/100|[from] drain|[of] p2a: Eternatus
|
|-heal|p2a: Eternatus|59/100|[from] item: Black Sludge
|upkeep
|turn|18
|
|t:|1606491472
|move|p2a: Eternatus|Flamethrower|p1a: Yveltal
|-damage|p1a: Yveltal|35/100
|move|p1a: Yveltal|Oblivion Wing|p2a: Eternatus
|-damage|p2a: Eternatus|34/100
|-heal|p1a: Yveltal|57/100|[from] drain|[of] p2a: Eternatus
|
|-heal|p2a: Eternatus|41/100|[from] item: Black Sludge
|upkeep
|turn|19
|
|t:|1606491479
|move|p2a: Eternatus|Recover|p2a: Eternatus
|-heal|p2a: Eternatus|91/100
|move|p1a: Yveltal|Oblivion Wing|p2a: Eternatus
|-damage|p2a: Eternatus|64/100
|-heal|p1a: Yveltal|81/100|[from] drain|[of] p2a: Eternatus
|
|-heal|p2a: Eternatus|71/100|[from] item: Black Sludge
|upkeep
|turn|20
|c|☆CLC Eunbin|i think zacian or caly
|c|☆CLC Eunbin|one of these guys has to go
|
|t:|1606491496
|switch|p1a: Lugia|Lugia|75/100
|-ability|p1a: Lugia|Pressure
|move|p2a: Eternatus|Flamethrower|p1a: Lugia
|-damage|p1a: Lugia|63/100
|
|-heal|p2a: Eternatus|77/100|[from] item: Black Sludge
|upkeep
|turn|21
|
|t:|1606491505
|switch|p2a: Zacian|Zacian-Crowned|67/100 par
|-ability|p2a: Zacian|Intrepid Sword|boost
|-boost|p2a: Zacian|atk|1
|move|p1a: Lugia|Recover|p1a: Lugia
|-heal|p1a: Lugia|100/100
|
|upkeep
|turn|22
|c| holy hjuyttdd|prolly
|c| holy hjuyttdd|zac
|
|t:|1606491512
|move|p1a: Lugia|Defog|p2a: Zacian
|-unboost|p2a: Zacian|evasion|1
|-sideend|p1: TannerFrmHghschool|Toxic Spikes|[from] move: Defog|[of] p1a: Lugia
|move|p2a: Zacian|Play Rough|p1a: Lugia|[miss]
|-miss|p2a: Zacian|p1a: Lugia
|
|upkeep
|turn|23
|c| Holy rng loser|zac has been game winning for him
|c|☆TannerFrmHghschool|turns out if my 1 zac awnser dies I just lose to zac
|c|☆TannerFrmHghschool|who knew
|c| Holy rng loser|with the crunch def drops
|c|☆CLC Eunbin|look man i am sry about the drop
|inactive|TannerFrmHghschool has 120 seconds left.
|
|t:|1606491543
|move|p1a: Lugia|Psychic|p2a: Zacian
|-resisted|p2a: Zacian
|-damage|p2a: Zacian|55/100 par
|move|p2a: Zacian|Play Rough|p1a: Lugia
|-damage|p1a: Lugia|43/100
|
|upkeep
|turn|24
|c|☆CLC Eunbin|but yeah not my fault
|c| holy hjuyttdd|u have
|c|☆TannerFrmHghschool|yeah happens
|
|t:|1606491553
|move|p1a: Lugia|Psychic|p2a: Zacian
|-resisted|p2a: Zacian
|-damage|p2a: Zacian|41/100 par
|move|p2a: Zacian|Crunch|p1a: Lugia
|-supereffective|p1a: Lugia
|-damage|p1a: Lugia|0 fnt
|faint|p1a: Lugia
|
|upkeep
|c| Faisal Shourov|Why is lugia so weak Tanner?
|c| holy hjuyttdd|groudon
|c| Faisal Shourov|wtf
|
|t:|1606491560
|switch|p1a: Groudon|Groudon|100/100
|-weather|SunnyDay|[from] ability: Drought|[of] p1a: Groudon
|turn|25
|c|☆TannerFrmHghschool|its spdef
|c| Faisal Shourov|rip
|c|☆TannerFrmHghschool|idk why tbh
|c|☆TannerFrmHghschool|what special hits did I wanna tank
|c|☆TannerFrmHghschool|lol
|inactive|TannerFrmHghschool has 120 seconds left.
|
|t:|1606491582
|move|p1a: Groudon|Swords Dance|p1a: Groudon
|-boost|p1a: Groudon|atk|2
|move|p2a: Zacian|Behemoth Blade|p1a: Groudon
|-damage|p1a: Groudon|27/100
|
|-weather|SunnyDay|[upkeep]
|upkeep
|turn|26
|
|t:|1606491590
|move|p1a: Groudon|Precipice Blades|p2a: Zacian
|-supereffective|p2a: Zacian
|-damage|p2a: Zacian|0 fnt
|faint|p2a: Zacian
|
|-weather|SunnyDay|[upkeep]
|upkeep
|
|t:|1606491592
|switch|p2a: Ditto|Ditto|100/100
|-transform|p2a: Ditto|p1a: Groudon|[from] ability: Imposter
|turn|27
|j| Lauriane
|c|☆CLC Eunbin|do i even kill with edge lol
|c|☆TannerFrmHghschool|maybe
|c| Holy rng loser|not if u miss
|c|☆TannerFrmHghschool|maybe not
|c|☆CLC Eunbin|true
|inactive|CLC Eunbin has 120 seconds left.
|c|☆CLC Eunbin|lets risk just for fun
|
|t:|1606491624
|move|p2a: Ditto|Stone Edge|p1a: Groudon
|-resisted|p1a: Groudon
|-crit|p1a: Groudon
|-damage|p1a: Groudon|0 fnt
|faint|p1a: Groudon
|
|-weather|SunnyDay|[upkeep]
|upkeep
|c| Holy rng loser|lol
|c|☆TannerFrmHghschool|does if that happens I guess
|c| Faisal Shourov|lol stone miss connected
|c|☆CLC Eunbin|ok imma calc
|
|t:|1606491638
|switch|p1a: Palkia|Palkia|100/100
|-ability|p1a: Palkia|Pressure
|turn|28
|l| holy hjuyttdd
|
|t:|1606491650
|switch|p2a: Necrozma|Necrozma-Dusk-Mane|100/100
|move|p1a: Palkia|Draco Meteor|p2a: Necrozma
|-resisted|p2a: Necrozma
|-damage|p2a: Necrozma|68/100
|-unboost|p1a: Palkia|spa|2
|
|-weather|SunnyDay|[upkeep]
|-heal|p2a: Necrozma|74/100|[from] item: Leftovers
|upkeep
|turn|29
|
|t:|1606491655
|switch|p1a: Zekrom|Zekrom|100/100
|-ability|p1a: Zekrom|Teravolt
|switch|p2a: Calyrex|Calyrex-Shadow|100/100
|-ability|p2a: Calyrex|As One
|-ability|p2a: Calyrex|Unnerve|p1: TannerFrmHghschool
|
|-weather|none
|upkeep
|turn|30
|
|t:|1606491659
|switch|p1a: Yveltal|Yveltal|81/100
|-ability|p1a: Yveltal|Dark Aura
|move|p2a: Calyrex|Astral Barrage|p1a: Yveltal
|-resisted|p1a: Yveltal
|-damage|p1a: Yveltal|35/100
|
|upkeep
|turn|31
|
|t:|1606491662
|move|p1a: Yveltal|Sucker Punch|p2a: Calyrex
|-supereffective|p2a: Calyrex
|-damage|p2a: Calyrex|0 fnt
|faint|p2a: Calyrex
|
|upkeep
|
|t:|1606491666
|switch|p2a: Eternatus|Eternatus|77/100
|-ability|p2a: Eternatus|Pressure
|turn|32
|
|t:|1606491673
|switch|p1a: Palkia|Palkia|100/100
|-ability|p1a: Palkia|Pressure
|move|p2a: Eternatus|Toxic Spikes|p1a: Palkia
|-sidestart|p1: TannerFrmHghschool|move: Toxic Spikes
|
|-heal|p2a: Eternatus|83/100|[from] item: Black Sludge
|upkeep
|turn|33
|
|t:|1606491677
|switch|p2a: Necrozma|Necrozma-Dusk-Mane|74/100
|move|p1a: Palkia|Draco Meteor|p2a: Necrozma
|-resisted|p2a: Necrozma
|-damage|p2a: Necrozma|43/100
|-unboost|p1a: Palkia|spa|2
|
|-heal|p2a: Necrozma|49/100|[from] item: Leftovers
|upkeep
|turn|34
|c|☆TannerFrmHghschool|its really eternatus thats the biggest problem for my team
|c|☆TannerFrmHghschool|because of the endless tspikes
|
|t:|1606491701
|switch|p1a: Yveltal|Yveltal|35/100
|-ability|p1a: Yveltal|Dark Aura
|move|p2a: Necrozma|Moonlight|p2a: Necrozma
|-heal|p2a: Necrozma|99/100
|
|-heal|p2a: Necrozma|100/100|[from] item: Leftovers
|upkeep
|turn|35
|
|t:|1606491706
|switch|p2a: Eternatus|Eternatus|83/100
|-ability|p2a: Eternatus|Pressure
|move|p1a: Yveltal|Dark Pulse|p2a: Eternatus
|-damage|p2a: Eternatus|48/100
|
|-heal|p2a: Eternatus|54/100|[from] item: Black Sludge
|upkeep
|turn|36
|
|t:|1606491718
|move|p2a: Eternatus|Dynamax Cannon|p1a: Yveltal
|-damage|p1a: Yveltal|0 fnt
|faint|p1a: Yveltal
|
|-heal|p2a: Eternatus|61/100|[from] item: Black Sludge
|upkeep
|
|t:|1606491720
|switch|p1a: Palkia|Palkia|100/100
|-status|p1a: Palkia|psn
|-ability|p1a: Palkia|Pressure
|turn|37
|
|t:|1606491725
|switch|p2a: Necrozma|Necrozma-Dusk-Mane|100/100
|move|p1a: Palkia|Draco Meteor|p2a: Necrozma
|-resisted|p2a: Necrozma
|-damage|p2a: Necrozma|69/100
|-unboost|p1a: Palkia|spa|2
|
|-heal|p2a: Necrozma|75/100|[from] item: Leftovers
|-damage|p1a: Palkia|88/100 psn|[from] psn
|upkeep
|turn|38
|
|t:|1606491731
|switch|p1a: Zekrom|Zekrom|100/100
|-status|p1a: Zekrom|psn
|-ability|p1a: Zekrom|Teravolt
|move|p2a: Necrozma|Stealth Rock|p1a: Zekrom
|-sidestart|p1: TannerFrmHghschool|move: Stealth Rock
|
|-heal|p2a: Necrozma|81/100|[from] item: Leftovers
|-damage|p1a: Zekrom|88/100 psn|[from] psn
|upkeep
|turn|39
|
|t:|1606491733
|switch|p2a: Yveltal|Yveltal|68/100
|-ability|p2a: Yveltal|Dark Aura
|move|p1a: Zekrom|Dragon Dance|p1a: Zekrom
|-boost|p1a: Zekrom|atk|1
|-boost|p1a: Zekrom|spe|1
|
|-damage|p1a: Zekrom|76/100 psn|[from] psn
|upkeep
|turn|40
|
|t:|1606491736
|move|p1a: Zekrom|Bolt Strike|p2a: Yveltal|[miss]
|-miss|p1a: Zekrom|p2a: Yveltal
|move|p2a: Yveltal|Knock Off|p1a: Zekrom
|-damage|p1a: Zekrom|25/100 psn
|-enditem|p1a: Zekrom|Life Orb|[from] move: Knock Off|[of] p2a: Yveltal
|
|-damage|p1a: Zekrom|13/100 psn|[from] psn
|upkeep
|turn|41
|c|☆CLC Eunbin|omg
|c|☆CLC Eunbin|i am so sry
|
|t:|1606491745
|move|p1a: Zekrom|Bolt Strike|p2a: Yveltal
|-supereffective|p2a: Yveltal
|-damage|p2a: Yveltal|0 fnt
|faint|p2a: Yveltal
|
|-damage|p1a: Zekrom|0 fnt|[from] psn
|faint|p1a: Zekrom
|upkeep
|c|☆TannerFrmHghschool|eh I already lost on turn 10
|c|☆TannerFrmHghschool|not like anything after that matterd
|
|t:|1606491758
|switch|p1a: Palkia|Palkia|88/100 psn
|switch|p2a: Ditto|Ditto|100/100
|-damage|p1a: Palkia|75/100 psn|[from] Stealth Rock
|-ability|p1a: Palkia|Pressure
|-transform|p2a: Ditto|p1a: Palkia|[from] ability: Imposter
|-ability|p2a: Ditto|Pressure
|turn|42
|c|☆CLC Eunbin|true tbh
|c| Faisal Shourov|gg
|c|☆CLC Eunbin|gg
|
|t:|1606491766
|move|p2a: Ditto|Draco Meteor|p1a: Palkia
|-supereffective|p1a: Palkia
|-damage|p1a: Palkia|0 fnt
|-unboost|p2a: Ditto|spa|2
|faint|p1a: Palkia
|
|win|CLC Eunbin
