|raw|<div class="broadcast-blue"><strong>This battle is required to be public due to a player having a name starting with 'ULT8RQ'.</div>
|j|☆ULT8RQ KyogreF4N
|j|☆Research Club
|t:|1620825971
|gametype|singles
|player|p1|ULT8RQ KyogreF4N|hiker-gen4|1638
|player|p2|Research Club|unknownf|1669
|teamsize|p1|6
|teamsize|p2|6
|gen|8
|tier|[Gen 8] Ubers
|rated|
|rule|Sleep Clause Mod: Limit one foe put to sleep
|rule|Species Clause: Limit one of each Pokémon
|rule|OHKO Clause: OHKO moves are banned
|rule|Evasion Moves Clause: Evasion moves are banned
|rule|Endless Battle Clause: Forcing endless battles is banned
|rule|HP Percentage Mod: HP is shown in percentages
|rule|Dynamax Clause: You cannot dynamax
|clearpoke
|poke|p1|Yveltal|
|poke|p1|Ho-Oh|
|poke|p1|Tangrowth, M|
|poke|p1|Eternatus|
|poke|p1|Necrozma-Dusk-Mane|
|poke|p1|Calyrex-Shadow|
|poke|p2|Xatu, M|
|poke|p2|Chansey, F|
|poke|p2|Eternatus|
|poke|p2|Tangrowth, M|
|poke|p2|Necrozma-Dusk-Mane|
|poke|p2|Yveltal|
|teampreview
|j| Indercover
|
|t:|1620825994
|start
|switch|p1a: Yveltal|Yveltal|100/100
|switch|p2a: Yveltal|Yveltal|100/100
|-ability|p1a: Yveltal|Dark Aura
|-ability|p2a: Yveltal|Dark Aura
|turn|1
|
|t:|1620826020
|switch|p2a: Eternatus|Eternatus|100/100
|-ability|p2a: Eternatus|Pressure
|move|p1a: Yveltal|Toxic|p2a: Eternatus
|-immune|p2a: Eternatus
|
|upkeep
|turn|2
|
|t:|1620826030
|switch|p2a: Tangrowth|Tangrowth, M|100/100
|move|p1a: Yveltal|Knock Off|p2a: Tangrowth
|-damage|p2a: Tangrowth|72/100
|-damage|p1a: Yveltal|84/100|[from] item: Rocky Helmet|[of] p2a: Tangrowth
|-enditem|p2a: Tangrowth|Rocky Helmet|[from] move: Knock Off|[of] p1a: Yveltal
|
|upkeep
|turn|3
|j| ULT8RQ Yippie
|
|t:|1620826038
|move|p1a: Yveltal|Taunt|p2a: Tangrowth
|-start|p2a: Tangrowth|move: Taunt
|cant|p2a: Tangrowth|move: Taunt|Stun Spore
|
|upkeep
|turn|4
|
|t:|1620826046
|switch|p2a: Eternatus|Eternatus|100/100
|-ability|p2a: Eternatus|Pressure
|move|p1a: Yveltal|Knock Off|p2a: Eternatus
|-damage|p2a: Eternatus|59/100
|-enditem|p2a: Eternatus|Black Sludge|[from] move: Knock Off|[of] p1a: Yveltal
|
|upkeep
|turn|5
|j| Mega venu ag
|
|t:|1620826050
|switch|p1a: Ho-Oh|Ho-Oh|100/100
|move|p2a: Eternatus|Recover|p2a: Eternatus
|-heal|p2a: Eternatus|100/100
|
|upkeep
|turn|6
|
|t:|1620826068
|switch|p2a: Xatu|Xatu, M|100/100
|move|p1a: Ho-Oh|Thunder Wave|p2a: Xatu
|move|p2a: Xatu|Thunder Wave|p1a: Ho-Oh|[from]ability: Magic Bounce
|-status|p1a: Ho-Oh|par
|
|upkeep
|turn|7
|c|☆ULT8RQ KyogreF4N|Misclick
|
|t:|1620826079
|switch|p2a: Chansey|Chansey, F|100/100
|cant|p1a: Ho-Oh|par
|
|upkeep
|turn|8
|j| King Billu
|
|t:|1620826085
|move|p2a: Chansey|Stealth Rock|p1a: Ho-Oh
|-sidestart|p1: ULT8RQ KyogreF4N|move: Stealth Rock
|move|p1a: Ho-Oh|Brave Bird|p2a: Chansey
|-damage|p2a: Chansey|60/100
|-damage|p1a: Ho-Oh|80/100 par|[from] Recoil
|
|upkeep
|turn|9
|
|t:|1620826091
|move|p2a: Chansey|Soft-Boiled|p2a: Chansey
|-heal|p2a: Chansey|100/100
|cant|p1a: Ho-Oh|par
|
|upkeep
|turn|10
|
|t:|1620826097
|switch|p2a: Necrozma|Necrozma-Dusk-Mane|100/100
|move|p1a: Ho-Oh|Defog|p2a: Necrozma
|-unboost|p2a: Necrozma|evasion|1
|-sideend|p1: ULT8RQ KyogreF4N|Stealth Rock|[from] move: Defog|[of] p1a: Ho-Oh
|
|upkeep
|turn|11
|
|t:|1620826104
|switch|p1a: Tangrowth|Tangrowth, M|100/100
|move|p2a: Necrozma|Knock Off|p1a: Tangrowth
|-damage|p1a: Tangrowth|83/100
|-damage|p2a: Necrozma|84/100|[from] item: Rocky Helmet|[of] p1a: Tangrowth
|-enditem|p1a: Tangrowth|Rocky Helmet|[from] move: Knock Off|[of] p2a: Necrozma
|
|-heal|p2a: Necrozma|90/100|[from] item: Leftovers
|upkeep
|turn|12
|
|t:|1620826108
|switch|p2a: Tangrowth|Tangrowth, M|100/100
|move|p1a: Tangrowth|Knock Off|p2a: Tangrowth
|-damage|p2a: Tangrowth|93/100
|
|upkeep
|turn|13
|
|t:|1620826120
|switch|p2a: Eternatus|Eternatus|100/100
|-ability|p2a: Eternatus|Pressure
|move|p1a: Tangrowth|Toxic|p2a: Eternatus
|-immune|p2a: Eternatus
|
|upkeep
|turn|14
|
|t:|1620826133
|switch|p2a: Necrozma|Necrozma-Dusk-Mane|90/100
|switch|p1a: Ho-Oh|Ho-Oh|100/100 par
|
|-heal|p2a: Necrozma|96/100|[from] item: Leftovers
|upkeep
|turn|15
|
|t:|1620826143
|switch|p2a: Eternatus|Eternatus|100/100
|-ability|p2a: Eternatus|Pressure
|cant|p1a: Ho-Oh|par
|
|upkeep
|turn|16
|
|t:|1620826155
|switch|p2a: Chansey|Chansey, F|100/100
|move|p1a: Ho-Oh|Thunder Wave|p2a: Chansey|[miss]
|-miss|p1a: Ho-Oh|p2a: Chansey
|
|upkeep
|turn|17
|
|t:|1620826163
|move|p2a: Chansey|Stealth Rock|p1a: Ho-Oh
|-sidestart|p1: ULT8RQ KyogreF4N|move: Stealth Rock
|cant|p1a: Ho-Oh|par
|
|upkeep
|turn|18
|l| King Billu
|
|t:|1620826171
|switch|p2a: Eternatus|Eternatus|100/100
|-ability|p2a: Eternatus|Pressure
|move|p1a: Ho-Oh|Defog|p2a: Eternatus
|-unboost|p2a: Eternatus|evasion|1
|-sideend|p1: ULT8RQ KyogreF4N|Stealth Rock|[from] move: Defog|[of] p1a: Ho-Oh
|
|upkeep
|turn|19
|
|t:|1620826177
|switch|p2a: Chansey|Chansey, F|100/100
|move|p1a: Ho-Oh|Thunder Wave|p2a: Chansey
|-status|p2a: Chansey|par
|
|upkeep
|turn|20
|
|t:|1620826184
|switch|p1a: Necrozma|Necrozma-Dusk-Mane|100/100
|switch|p2a: Xatu|Xatu, M|100/100
|
|upkeep
|turn|21
|l| Mega venu ag
|
|t:|1620826192
|move|p1a: Necrozma|Sunsteel Strike|p2a: Xatu
|-damage|p2a: Xatu|49/100
|-damage|p1a: Necrozma|84/100|[from] item: Rocky Helmet|[of] p2a: Xatu
|move|p2a: Xatu|Teleport|p2a: Xatu
|
|t:|1620826198
|switch|p2a: Yveltal|Yveltal|100/100|[from]move: Teleport
|-ability|p2a: Yveltal|Dark Aura
|
|upkeep
|turn|22
|
|t:|1620826205
|switch|p2a: Xatu|Xatu, M|49/100
|switch|p1a: Yveltal|Yveltal|84/100
|-ability|p1a: Yveltal|Dark Aura
|
|upkeep
|turn|23
|
|t:|1620826209
|switch|p2a: Tangrowth|Tangrowth, M|100/100
|move|p1a: Yveltal|Knock Off|p2a: Tangrowth
|-damage|p2a: Tangrowth|80/100
|
|upkeep
|turn|24
|
|t:|1620826217
|move|p1a: Yveltal|Knock Off|p2a: Tangrowth
|-damage|p2a: Tangrowth|59/100
|move|p2a: Tangrowth|Stun Spore|p1a: Yveltal|[miss]
|-miss|p2a: Tangrowth|p1a: Yveltal
|
|upkeep
|turn|25
|
|t:|1620826222
|switch|p2a: Eternatus|Eternatus|100/100
|-ability|p2a: Eternatus|Pressure
|move|p1a: Yveltal|Toxic|p2a: Eternatus|[miss]
|-miss|p1a: Yveltal|p2a: Eternatus
|
|upkeep
|turn|26
|
|t:|1620826238
|switch|p2a: Tangrowth|Tangrowth, M|93/100
|switch|p1a: Necrozma|Necrozma-Dusk-Mane|84/100
|
|upkeep
|turn|27
|
|t:|1620826251
|move|p1a: Necrozma|Sunsteel Strike|p2a: Tangrowth
|-damage|p2a: Tangrowth|64/100
|move|p2a: Tangrowth|Stun Spore|p1a: Necrozma
|-status|p1a: Necrozma|par
|
|upkeep
|turn|28
|l| ULT8RQ Yippie
|
|t:|1620826259
|switch|p2a: Xatu|Xatu, M|49/100
|move|p1a: Necrozma|Stealth Rock|p2a: Xatu
|move|p2a: Xatu|Stealth Rock|p1a: Necrozma|[from]ability: Magic Bounce
|-sidestart|p1: ULT8RQ KyogreF4N|move: Stealth Rock
|
|upkeep
|turn|29
|
|t:|1620826265
|switch|p1a: Ho-Oh|Ho-Oh|100/100 par
|move|p2a: Xatu|Roost|p2a: Xatu
|-heal|p2a: Xatu|99/100
|-singleturn|p2a: Xatu|move: Roost
|
|upkeep
|turn|30
|j| GrindZN
|
|t:|1620826274
|switch|p2a: Necrozma|Necrozma-Dusk-Mane|96/100
|move|p1a: Ho-Oh|Thunder Wave|p2a: Necrozma
|-status|p2a: Necrozma|par
|
|-heal|p2a: Necrozma|100/100 par|[from] item: Leftovers
|upkeep
|turn|31
|l| Indercover
|
|t:|1620826282
|move|p1a: Ho-Oh|Defog|p2a: Necrozma
|-unboost|p2a: Necrozma|evasion|1
|-sideend|p1: ULT8RQ KyogreF4N|Stealth Rock|[from] move: Defog|[of] p1a: Ho-Oh
|move|p2a: Necrozma|Knock Off|p1a: Ho-Oh
|-damage|p1a: Ho-Oh|76/100 par
|-enditem|p1a: Ho-Oh|Heavy-Duty Boots|[from] move: Knock Off|[of] p2a: Necrozma
|
|upkeep
|turn|32
|
|t:|1620826291
|switch|p2a: Chansey|Chansey, F|100/100
|move|p1a: Ho-Oh|Sacred Fire|p2a: Chansey
|-damage|p2a: Chansey|70/100
|
|upkeep
|turn|33
|j| ULT8RQ Yippie
|
|t:|1620826297
|move|p2a: Chansey|Stealth Rock|p1a: Ho-Oh
|-sidestart|p1: ULT8RQ KyogreF4N|move: Stealth Rock
|move|p1a: Ho-Oh|Thunder Wave|p2a: Chansey
|-status|p2a: Chansey|par
|
|upkeep
|turn|34
|
|t:|1620826306
|move|p1a: Ho-Oh|Brave Bird|p2a: Chansey
|-damage|p2a: Chansey|31/100 par
|-damage|p1a: Ho-Oh|57/100 par|[from] Recoil
|move|p2a: Chansey|Soft-Boiled|p2a: Chansey
|-heal|p2a: Chansey|81/100 par
|
|upkeep
|turn|35
|
|t:|1620826320
|move|p1a: Ho-Oh|Defog|p2a: Chansey
|-unboost|p2a: Chansey|evasion|1
|-sideend|p1: ULT8RQ KyogreF4N|Stealth Rock|[from] move: Defog|[of] p1a: Ho-Oh
|cant|p2a: Chansey|par
|
|upkeep
|turn|36
|inactive|Battle timer is ON: inactive players will automatically lose when time's up. (requested by ULT8RQ KyogreF4N)
|
|t:|1620826327
|switch|p1a: Calyrex|Calyrex-Shadow|100/100
|-ability|p1a: Calyrex|As One
|-ability|p1a: Calyrex|Unnerve
|-curestatus|p2a: Chansey|par|[from] ability: Natural Cure
|switch|p2a: Necrozma|Necrozma-Dusk-Mane|100/100 par
|
|upkeep
|turn|37
|
|t:|1620826335
|switch|p2a: Yveltal|Yveltal|100/100
|-ability|p2a: Yveltal|Dark Aura
|move|p1a: Calyrex|Aromatherapy|p1a: Calyrex
|-activate|p1a: Calyrex|move: Aromatherapy
|-curestatus|p1: Necrozma|par|[msg]
|-curestatus|p1: Ho-Oh|par|[msg]
|
|upkeep
|turn|38
|
|t:|1620826350
|switch|p1a: Yveltal|Yveltal|84/100
|-ability|p1a: Yveltal|Dark Aura
|switch|p2a: Tangrowth|Tangrowth, M|97/100
|
|upkeep
|turn|39
|
|t:|1620826357
|switch|p2a: Eternatus|Eternatus|100/100
|-ability|p2a: Eternatus|Pressure
|move|p1a: Yveltal|Toxic|p2a: Eternatus
|-immune|p2a: Eternatus
|
|upkeep
|turn|40
|
|t:|1620826370
|switch|p2a: Tangrowth|Tangrowth, M|100/100
|switch|p1a: Ho-Oh|Ho-Oh|90/100
|
|upkeep
|turn|41
|j| Trying and testing
|
|t:|1620826376
|move|p1a: Ho-Oh|Brave Bird|p2a: Tangrowth
|-supereffective|p2a: Tangrowth
|-damage|p2a: Tangrowth|47/100
|-damage|p1a: Ho-Oh|73/100|[from] Recoil
|move|p2a: Tangrowth|Stun Spore|p1a: Ho-Oh|[miss]
|-miss|p2a: Tangrowth|p1a: Ho-Oh
|
|upkeep
|turn|42
|
|t:|1620826386
|switch|p2a: Xatu|Xatu, M|99/100
|move|p1a: Ho-Oh|Brave Bird|p2a: Xatu
|-damage|p2a: Xatu|52/100
|-damage|p1a: Ho-Oh|56/100|[from] item: Rocky Helmet|[of] p2a: Xatu
|-damage|p1a: Ho-Oh|44/100|[from] Recoil
|
|upkeep
|turn|43
|
|t:|1620826389
|move|p2a: Xatu|Roost|p2a: Xatu
|-heal|p2a: Xatu|100/100
|-singleturn|p2a: Xatu|move: Roost
|move|p1a: Ho-Oh|Sacred Fire|p2a: Xatu
|-damage|p2a: Xatu|62/100
|-status|p2a: Xatu|brn
|
|-damage|p2a: Xatu|56/100 brn|[from] brn
|upkeep
|turn|44
|
|t:|1620826394
|switch|p1a: Calyrex|Calyrex-Shadow|100/100
|-ability|p1a: Calyrex|As One
|-ability|p1a: Calyrex|Unnerve
|move|p2a: Xatu|Roost|p2a: Xatu
|-heal|p2a: Xatu|100/100 brn
|-singleturn|p2a: Xatu|move: Roost
|
|-damage|p2a: Xatu|95/100 brn|[from] brn
|upkeep
|turn|45
|
|t:|1620826409
|switch|p2a: Tangrowth|Tangrowth, M|80/100
|move|p1a: Calyrex|Astral Barrage|p2a: Tangrowth
|-damage|p2a: Tangrowth|0 fnt
|faint|p2a: Tangrowth
|-ability|p1a: Calyrex|Grim Neigh|boost
|-boost|p1a: Calyrex|spa|1
|
|upkeep
|
|t:|1620826412
|switch|p2a: Yveltal|Yveltal|100/100
|-ability|p2a: Yveltal|Dark Aura
|turn|46
|j| ULT8RQ BOT
|
|t:|1620826422
|switch|p1a: Ho-Oh|Ho-Oh|77/100
|switch|p2a: Eternatus|Eternatus|100/100
|-ability|p2a: Eternatus|Pressure
|
|upkeep
|turn|47
|
|t:|1620826424
|move|p2a: Eternatus|Substitute|p2a: Eternatus
|-start|p2a: Eternatus|Substitute
|-damage|p2a: Eternatus|76/100
|move|p1a: Ho-Oh|Thunder Wave||[still]
|-fail|p1a: Ho-Oh
|
|upkeep
|turn|48
|
|t:|1620826427
|move|p2a: Eternatus|Meteor Beam||[still]
|-prepare|p2a: Eternatus|Meteor Beam
|-boost|p2a: Eternatus|spa|1
|move|p1a: Ho-Oh|Brave Bird|p2a: Eternatus
|-end|p2a: Eternatus|Substitute
|-damage|p1a: Ho-Oh|67/100|[from] Recoil|[of] p2a: Eternatus
|
|upkeep
|turn|49
|
|t:|1620826433
|switch|p1a: Necrozma|Necrozma-Dusk-Mane|84/100
|move|p2a: Eternatus|Meteor Beam|p1a: Necrozma|[from]lockedmove
|-resisted|p1a: Necrozma
|-damage|p1a: Necrozma|61/100
|
|upkeep
|turn|50
|
|t:|1620826436
|move|p2a: Eternatus|Substitute|p2a: Eternatus
|-start|p2a: Eternatus|Substitute
|-damage|p2a: Eternatus|51/100
|move|p1a: Necrozma|Earthquake|p2a: Eternatus
|-supereffective|p2a: Eternatus
|-end|p2a: Eternatus|Substitute
|
|upkeep
|turn|51
|
|t:|1620826439
|move|p2a: Eternatus|Recover|p2a: Eternatus
|-heal|p2a: Eternatus|100/100
|move|p1a: Necrozma|Earthquake|p2a: Eternatus
|-supereffective|p2a: Eternatus
|-damage|p2a: Eternatus|41/100
|
|upkeep
|turn|52
|
|t:|1620826443
|move|p2a: Eternatus|Recover|p2a: Eternatus
|-heal|p2a: Eternatus|91/100
|move|p1a: Necrozma|Earthquake|p2a: Eternatus
|-supereffective|p2a: Eternatus
|-damage|p2a: Eternatus|37/100
|
|upkeep
|turn|53
|
|t:|1620826445
|move|p2a: Eternatus|Recover|p2a: Eternatus
|-heal|p2a: Eternatus|87/100
|move|p1a: Necrozma|Earthquake|p2a: Eternatus
|-supereffective|p2a: Eternatus
|-damage|p2a: Eternatus|31/100
|
|upkeep
|turn|54
|
|t:|1620826447
|move|p2a: Eternatus|Recover|p2a: Eternatus
|-heal|p2a: Eternatus|81/100
|move|p1a: Necrozma|Earthquake|p2a: Eternatus
|-supereffective|p2a: Eternatus
|-damage|p2a: Eternatus|23/100
|
|upkeep
|turn|55
|
|t:|1620826449
|move|p2a: Eternatus|Recover|p2a: Eternatus
|-heal|p2a: Eternatus|73/100
|move|p1a: Necrozma|Earthquake|p2a: Eternatus
|-supereffective|p2a: Eternatus
|-damage|p2a: Eternatus|12/100
|
|upkeep
|turn|56
|
|t:|1620826454
|move|p2a: Eternatus|Recover|p2a: Eternatus
|-heal|p2a: Eternatus|62/100
|move|p1a: Necrozma|Earthquake|p2a: Eternatus
|-supereffective|p2a: Eternatus
|-damage|p2a: Eternatus|5/100
|
|upkeep
|turn|57
|
|t:|1620826458
|move|p2a: Eternatus|Recover|p2a: Eternatus
|-heal|p2a: Eternatus|55/100
|move|p1a: Necrozma|Earthquake|p2a: Eternatus
|-supereffective|p2a: Eternatus
|-crit|p2a: Eternatus
|-damage|p2a: Eternatus|0 fnt
|faint|p2a: Eternatus
|
|upkeep
|-message|Research Club forfeited.
|
|win|ULT8RQ KyogreF4N
|l|☆Research Club
|raw|ULT8RQ KyogreF4N's rating: 1613 &rarr; <strong>1636</strong><br />(+23 for winning)
|raw|Research Club's rating: 1670 &rarr; <strong>1647</strong><br />(-23 for losing)
|l|☆ULT8RQ KyogreF4N
|j| King Billu
