|j|☆TogeBirlHQ
|j|☆Grace-sas
|t:|1659910995
|gametype|singles
|player|p1|TogeBirlHQ|nate|1566
|player|p2|Grace-sas|2|1761
|teamsize|p1|6
|teamsize|p2|6
|gen|8
|tier|[Gen 8] Ubers
|rated|
|rule|Sleep Clause Mod: Limit one foe put to sleep
|rule|Species Clause: Limit one of each Pokémon
|rule|OHKO Clause: OHKO moves are banned
|rule|Evasion Items Clause: Evasion items are banned
|rule|Evasion Moves Clause: Evasion moves are banned
|rule|Endless Battle Clause: Forcing endless battles is banned
|rule|HP Percentage Mod: HP is shown in percentages
|rule|Dynamax Clause: You cannot dynamax
|clearpoke
|poke|p1|Kyogre|
|poke|p1|Yveltal|
|poke|p1|Zygarde|
|poke|p1|Ho-Oh|
|poke|p1|Tyranitar, M|
|poke|p1|Eternatus|
|poke|p2|Excadrill, M|
|poke|p2|Eternatus|
|poke|p2|Xerneas-*|
|poke|p2|Yveltal|
|poke|p2|Necrozma-Dusk-Mane|
|poke|p2|Marshadow|
|teampreview
|
|t:|1659911009
|start
|switch|p1a: Zygarde|Zygarde|100/100
|switch|p2a: Excadrill|Excadrill, M|100/100
|-ability|p2a: Excadrill|Mold Breaker
|turn|1
|
|t:|1659911013
|move|p1a: Zygarde|Thousand Arrows|p2a: Excadrill
|-supereffective|p2a: Excadrill
|-damage|p2a: Excadrill|14/100
|move|p2a: Excadrill|Stealth Rock|p1a: Zygarde
|-sidestart|p1: TogeBirlHQ|move: Stealth Rock
|
|upkeep
|turn|2
|inactive|Battle timer is ON: inactive players will automatically lose when time's up. (requested by Grace-sas)
|
|t:|1659911018
|move|p1a: Zygarde|Thousand Arrows|p2a: Excadrill
|-supereffective|p2a: Excadrill
|-damage|p2a: Excadrill|0 fnt
|faint|p2a: Excadrill
|
|upkeep
|
|t:|1659911023
|switch|p2a: Yveltal|Yveltal|100/100
|-ability|p2a: Yveltal|Dark Aura
|turn|3
|
|t:|1659911034
|switch|p1a: Eternatus|Eternatus|100/100
|-damage|p1a: Eternatus|88/100|[from] Stealth Rock
|-ability|p1a: Eternatus|Pressure
|move|p2a: Yveltal|Taunt|p1a: Eternatus
|-start|p1a: Eternatus|move: Taunt
|
|upkeep
|turn|4
|
|t:|1659911043
|switch|p2a: Necrozma|Necrozma-Dusk-Mane|100/100
|move|p1a: Eternatus|Mystical Fire|p2a: Necrozma
|-supereffective|p2a: Necrozma
|-damage|p2a: Necrozma|72/100
|-unboost|p2a: Necrozma|spa|1
|-enditem|p2a: Necrozma|Weakness Policy
|-boost|p2a: Necrozma|atk|2|[from] item: Weakness Policy
|-boost|p2a: Necrozma|spa|2|[from] item: Weakness Policy
|
|upkeep
|turn|5
|
|t:|1659911047
|move|p1a: Eternatus|Dragon Tail|p2a: Necrozma
|-resisted|p2a: Necrozma
|-damage|p2a: Necrozma|66/100
|drag|p2a: Marshadow|Marshadow|100/100
|
|-end|p1a: Eternatus|move: Taunt
|upkeep
|turn|6
|
|t:|1659911054
|switch|p1a: Zygarde|Zygarde|100/100
|-damage|p1a: Zygarde|94/100|[from] Stealth Rock
|move|p2a: Marshadow|Spectral Thief|p1a: Zygarde
|-damage|p1a: Zygarde|61/100
|
|-heal|p1a: Zygarde|68/100|[from] item: Leftovers
|upkeep
|turn|7
|
|t:|1659911063
|move|p2a: Marshadow|Bulk Up|p2a: Marshadow
|-boost|p2a: Marshadow|atk|1
|-boost|p2a: Marshadow|def|1
|move|p1a: Zygarde|Glare|p2a: Marshadow
|-status|p2a: Marshadow|par
|
|-heal|p1a: Zygarde|74/100|[from] item: Leftovers
|upkeep
|turn|8
|
|t:|1659911068
|move|p1a: Zygarde|Haze|p1a: Zygarde
|-clearallboost
|cant|p2a: Marshadow|par
|
|-heal|p1a: Zygarde|80/100|[from] item: Leftovers
|upkeep
|turn|9
|
|t:|1659911075
|move|p1a: Zygarde|Thousand Arrows|p2a: Marshadow
|-damage|p2a: Marshadow|58/100 par
|move|p2a: Marshadow|Low Kick|p1a: Zygarde
|-damage|p1a: Zygarde|34/100
|
|-heal|p1a: Zygarde|41/100|[from] item: Leftovers
|-activate|p1a: Zygarde|ability: Power Construct
|detailschange|p1a: Zygarde|Zygarde-Complete
|-heal|p1a: Zygarde|63/100|[silent]
|upkeep
|turn|10
|
|t:|1659911082
|move|p1a: Zygarde|Thousand Arrows|p2a: Marshadow
|-damage|p2a: Marshadow|20/100 par
|cant|p2a: Marshadow|par
|
|-heal|p1a: Zygarde|69/100|[from] item: Leftovers
|upkeep
|turn|11
|
|t:|1659911087
|move|p2a: Marshadow|Shadow Sneak|p1a: Zygarde
|-damage|p1a: Zygarde|56/100
|move|p1a: Zygarde|Thousand Arrows|p2a: Marshadow
|-damage|p2a: Marshadow|0 fnt
|faint|p2a: Marshadow
|
|-heal|p1a: Zygarde|62/100|[from] item: Leftovers
|upkeep
|
|t:|1659911091
|switch|p2a: Eternatus|Eternatus|100/100
|-ability|p2a: Eternatus|Pressure
|turn|12
|
|t:|1659911094
|move|p2a: Eternatus|Substitute|p2a: Eternatus
|-start|p2a: Eternatus|Substitute
|-damage|p2a: Eternatus|76/100
|move|p1a: Zygarde|Glare||[still]
|-fail|p1a: Zygarde
|
|-heal|p1a: Zygarde|68/100|[from] item: Leftovers
|upkeep
|turn|13
|
|t:|1659911103
|switch|p1a: Tyranitar|Tyranitar, M|100/100
|-weather|Sandstorm|[from] ability: Sand Stream|[of] p1a: Tyranitar
|move|p2a: Eternatus|Dynamax Cannon|p1a: Tyranitar
|-damage|p1a: Tyranitar|77/100
|
|-weather|Sandstorm|[upkeep]
|-damage|p2a: Eternatus|69/100|[from] Sandstorm
|upkeep
|turn|14
|
|t:|1659911112
|move|p2a: Eternatus|Meteor Beam||[still]
|-prepare|p2a: Eternatus|Meteor Beam
|-boost|p2a: Eternatus|spa|1
|-enditem|p2a: Eternatus|Power Herb
|-anim|p2a: Eternatus|Meteor Beam|p1a: Tyranitar
|-damage|p1a: Tyranitar|45/100
|move|p1a: Tyranitar|Foul Play|p2a: Eternatus
|-activate|p2a: Eternatus|move: Substitute|[damage]
|
|-weather|Sandstorm|[upkeep]
|-damage|p2a: Eternatus|63/100|[from] Sandstorm
|upkeep
|turn|15
|
|t:|1659911120
|move|p2a: Eternatus|Dynamax Cannon|p1a: Tyranitar
|-damage|p1a: Tyranitar|9/100
|move|p1a: Tyranitar|Rest|p1a: Tyranitar
|-status|p1a: Tyranitar|slp|[from] move: Rest
|-heal|p1a: Tyranitar|100/100 slp|[silent]
|
|-weather|Sandstorm|[upkeep]
|-damage|p2a: Eternatus|57/100|[from] Sandstorm
|upkeep
|turn|16
|
|t:|1659911125
|move|p2a: Eternatus|Dynamax Cannon|p1a: Tyranitar
|-damage|p1a: Tyranitar|65/100 slp
|cant|p1a: Tyranitar|slp
|move|p1a: Tyranitar|Sleep Talk|p1a: Tyranitar
|move|p1a: Tyranitar|Foul Play|p2a: Eternatus|[from]move: Sleep Talk
|-end|p2a: Eternatus|Substitute
|
|-weather|Sandstorm|[upkeep]
|-damage|p2a: Eternatus|51/100|[from] Sandstorm
|upkeep
|turn|17
|
|t:|1659911130
|move|p2a: Eternatus|Substitute|p2a: Eternatus
|-start|p2a: Eternatus|Substitute
|-damage|p2a: Eternatus|26/100
|cant|p1a: Tyranitar|slp
|move|p1a: Tyranitar|Sleep Talk|p1a: Tyranitar
|move|p1a: Tyranitar|Foul Play|p2a: Eternatus|[from]move: Sleep Talk
|-crit|p2a: Eternatus
|-end|p2a: Eternatus|Substitute
|
|-weather|none
|upkeep
|turn|18
|
|t:|1659911140
|move|p2a: Eternatus|Substitute|p2a: Eternatus
|-start|p2a: Eternatus|Substitute
|-damage|p2a: Eternatus|1/100
|-curestatus|p1a: Tyranitar|slp|[msg]
|move|p1a: Tyranitar|Foul Play|p2a: Eternatus
|-activate|p2a: Eternatus|move: Substitute|[damage]
|
|upkeep
|turn|19
|
|t:|1659911151
|move|p2a: Eternatus|Dynamax Cannon|p1a: Tyranitar
|-damage|p1a: Tyranitar|6/100
|move|p1a: Tyranitar|Foul Play|p2a: Eternatus
|-end|p2a: Eternatus|Substitute
|
|upkeep
|turn|20
|
|t:|1659911158
|move|p2a: Eternatus|Dynamax Cannon|p1a: Tyranitar
|-crit|p1a: Tyranitar
|-damage|p1a: Tyranitar|0 fnt
|faint|p1a: Tyranitar
|
|upkeep
|
|t:|1659911166
|switch|p1a: Kyogre|Kyogre|100/100
|-damage|p1a: Kyogre|88/100|[from] Stealth Rock
|-weather|RainDance|[from] ability: Drizzle|[of] p1a: Kyogre
|turn|21
|
|t:|1659911173
|move|p1a: Kyogre|Water Spout|p2a: Eternatus
|-resisted|p2a: Eternatus
|-damage|p2a: Eternatus|0 fnt
|faint|p2a: Eternatus
|
|-weather|RainDance|[upkeep]
|upkeep
|
|t:|1659911177
|switch|p2a: Yveltal|Yveltal|100/100
|-ability|p2a: Yveltal|Dark Aura
|turn|22
|
|t:|1659911181
|switch|p1a: Eternatus|Eternatus|88/100
|-damage|p1a: Eternatus|76/100|[from] Stealth Rock
|-ability|p1a: Eternatus|Pressure
|move|p2a: Yveltal|Sucker Punch||[still]
|-fail|p2a: Yveltal
|
|-weather|RainDance|[upkeep]
|upkeep
|turn|23
|
|t:|1659911190
|move|p1a: Eternatus|Dynamax Cannon|p2a: Yveltal
|-damage|p2a: Yveltal|57/100
|move|p2a: Yveltal|Taunt|p1a: Eternatus
|-start|p1a: Eternatus|move: Taunt
|
|-weather|RainDance|[upkeep]
|upkeep
|turn|24
|
|t:|1659911198
|move|p2a: Yveltal|Knock Off|p1a: Eternatus
|-damage|p1a: Eternatus|9/100
|-enditem|p1a: Eternatus|Haban Berry|[from] move: Knock Off|[of] p2a: Yveltal
|move|p1a: Eternatus|Dragon Tail|p2a: Yveltal
|-damage|p2a: Yveltal|40/100
|drag|p2a: Necrozma|Necrozma-Dusk-Mane|66/100
|
|-weather|RainDance|[upkeep]
|upkeep
|turn|25
|
|t:|1659911209
|move|p2a: Necrozma|Sunsteel Strike|p1a: Eternatus
|-damage|p1a: Eternatus|0 fnt
|faint|p1a: Eternatus
|
|-weather|none
|upkeep
|
|t:|1659911216
|switch|p1a: Yveltal|Yveltal|100/100
|-damage|p1a: Yveltal|76/100|[from] Stealth Rock
|-ability|p1a: Yveltal|Dark Aura
|turn|26
|
|t:|1659911221
|move|p1a: Yveltal|Knock Off|p2a: Necrozma
|-supereffective|p2a: Necrozma
|-damage|p2a: Necrozma|0 fnt
|faint|p2a: Necrozma
|
|upkeep
|
|t:|1659911224
|switch|p2a: Xerneas|Xerneas|100/100
|-ability|p2a: Xerneas|Fairy Aura
|turn|27
|
|t:|1659911227
|move|p1a: Yveltal|Knock Off|p2a: Xerneas
|-resisted|p2a: Xerneas
|-damage|p2a: Xerneas|58/100
|-enditem|p2a: Xerneas|Power Herb|[from] move: Knock Off|[of] p1a: Yveltal
|move|p2a: Xerneas|Geomancy||[still]
|-prepare|p2a: Xerneas|Geomancy
|
|upkeep
|turn|28
|
|t:|1659911233
|move|p1a: Yveltal|Knock Off|p2a: Xerneas
|-resisted|p2a: Xerneas
|-damage|p2a: Xerneas|30/100
|move|p2a: Xerneas|Geomancy|p2a: Xerneas|[from]lockedmove
|-boost|p2a: Xerneas|spa|2
|-boost|p2a: Xerneas|spd|2
|-boost|p2a: Xerneas|spe|2
|
|upkeep
|turn|29
|
|t:|1659911244
|switch|p1a: Zygarde|Zygarde-Complete|68/100
|-damage|p1a: Zygarde|62/100|[from] Stealth Rock
|move|p2a: Xerneas|Moonblast|p1a: Zygarde
|-supereffective|p1a: Zygarde
|-damage|p1a: Zygarde|0 fnt
|faint|p1a: Zygarde
|
|upkeep
|
|t:|1659911252
|switch|p1a: Ho-Oh|Ho-Oh|100/100
|turn|30
|
|t:|1659911255
|move|p2a: Xerneas|Rock Slide|p1a: Ho-Oh
|-supereffective|p1a: Ho-Oh
|-damage|p1a: Ho-Oh|37/100
|move|p1a: Ho-Oh|Sacred Fire|p2a: Xerneas
|-damage|p2a: Xerneas|0 fnt
|faint|p2a: Xerneas
|
|upkeep
|
|t:|1659911261
|switch|p2a: Yveltal|Yveltal|40/100
|-ability|p2a: Yveltal|Dark Aura
|turn|31
|
|t:|1659911270
|move|p2a: Yveltal|Roost|p2a: Yveltal
|-heal|p2a: Yveltal|91/100
|-singleturn|p2a: Yveltal|move: Roost
|move|p1a: Ho-Oh|Sacred Fire|p2a: Yveltal
|-damage|p2a: Yveltal|49/100
|-status|p2a: Yveltal|brn
|
|-damage|p2a: Yveltal|42/100 brn|[from] brn
|upkeep
|turn|32
|-message|Grace-sas forfeited.
|
|win|TogeBirlHQ
|raw|TogeBirlHQ's rating: 1566 &rarr; <strong>1596</strong><br />(+30 for winning)
|raw|Grace-sas's rating: 1761 &rarr; <strong>1731</strong><br />(-30 for losing)
|l|☆Grace-sas
