|raw|<div class="broadcast-blue"><strong>This battle is required to be public due to a player having a name starting with 'ULT8RQ'.</div>
|j|☆ULT8RQ KB
|j|☆ULT8RQ gareeb
|t:|1621144754
|gametype|singles
|player|p1|ULT8RQ KB|rood|1635
|player|p2|ULT8RQ gareeb|ryuki|1541
|teamsize|p1|6
|teamsize|p2|6
|gen|8
|tier|[Gen 8] Ubers
|rated|
|rule|Sleep Clause Mod: Limit one foe put to sleep
|rule|Species Clause: Limit one of each Pokémon
|rule|OHKO Clause: OHKO moves are banned
|rule|Evasion Moves Clause: Evasion moves are banned
|rule|Endless Battle Clause: Forcing endless battles is banned
|rule|HP Percentage Mod: HP is shown in percentages
|rule|Dynamax Clause: You cannot dynamax
|clearpoke
|poke|p1|Kyogre|
|poke|p1|Zacian-*|
|poke|p1|Yveltal|
|poke|p1|Eternatus|
|poke|p1|Necrozma-Dusk-Mane|
|poke|p1|Zygarde|
|poke|p2|Calyrex-Shadow|
|poke|p2|Groudon|
|poke|p2|Yveltal|
|poke|p2|Eternatus|
|poke|p2|Ferrothorn, F|
|poke|p2|Xerneas-*|
|teampreview
|inactive|Battle timer is ON: inactive players will automatically lose when time's up. (requested by ULT8RQ gareeb)
|
|t:|1621144781
|start
|switch|p1a: Zygarde|Zygarde|100/100
|switch|p2a: Groudon|Groudon|100/100
|-weather|SunnyDay|[from] ability: Drought|[of] p2a: Groudon
|turn|1
|
|t:|1621144785
|switch|p2a: Xerneas|Xerneas|100/100
|-ability|p2a: Xerneas|Fairy Aura
|move|p1a: Zygarde|Thousand Waves|p2a: Xerneas
|-damage|p2a: Xerneas|70/100
|-activate|p2a: Xerneas|trapped
|
|-weather|SunnyDay|[upkeep]
|upkeep
|turn|2
|
|t:|1621144792
|switch|p1a: Necrozma|Necrozma-Dusk-Mane|100/100
|move|p2a: Xerneas|Moonblast|p1a: Necrozma
|-resisted|p1a: Necrozma
|-damage|p1a: Necrozma|71/100
|
|-weather|SunnyDay|[upkeep]
|upkeep
|turn|3
|
|t:|1621144796
|switch|p2a: Groudon|Groudon|100/100
|move|p1a: Necrozma|Sunsteel Strike|p2a: Groudon
|-damage|p2a: Groudon|65/100
|
|-weather|SunnyDay|[upkeep]
|-heal|p2a: Groudon|72/100|[from] item: Leftovers
|upkeep
|turn|4
|
|t:|1621144801
|move|p2a: Groudon|Swords Dance|p2a: Groudon
|-boost|p2a: Groudon|atk|2
|move|p1a: Necrozma|Stealth Rock|p2a: Groudon
|-sidestart|p2: ULT8RQ gareeb|move: Stealth Rock
|
|-weather|SunnyDay|[upkeep]
|-heal|p2a: Groudon|78/100|[from] item: Leftovers
|upkeep
|turn|5
|
|t:|1621144811
|switch|p1a: Yveltal|Yveltal|100/100
|-ability|p1a: Yveltal|Dark Aura
|move|p2a: Groudon|Precipice Blades|p1a: Yveltal
|-immune|p1a: Yveltal
|
|-weather|none
|-heal|p2a: Groudon|84/100|[from] item: Leftovers
|upkeep
|turn|6
|
|t:|1621144824
|switch|p1a: Zacian|Zacian|100/100
|-ability|p1a: Zacian|Intrepid Sword|boost
|-boost|p1a: Zacian|atk|1
|move|p2a: Groudon|Precipice Blades|p1a: Zacian
|-damage|p1a: Zacian|0 fnt
|faint|p1a: Zacian
|
|-heal|p2a: Groudon|90/100|[from] item: Leftovers
|upkeep
|
|t:|1621144833
|switch|p1a: Kyogre|Kyogre|100/100
|-weather|RainDance|[from] ability: Drizzle|[of] p1a: Kyogre
|turn|7
|
|t:|1621144836
|switch|p2a: Ferrothorn|Ferrothorn, F|100/100
|-damage|p2a: Ferrothorn|94/100|[from] Stealth Rock
|move|p1a: Kyogre|Surf|p2a: Ferrothorn
|-resisted|p2a: Ferrothorn
|-damage|p2a: Ferrothorn|73/100
|
|-weather|RainDance|[upkeep]
|-heal|p2a: Ferrothorn|79/100|[from] item: Leftovers
|upkeep
|turn|8
|
|t:|1621144858
|move|p1a: Kyogre|Calm Mind|p1a: Kyogre
|-boost|p1a: Kyogre|spa|1
|-boost|p1a: Kyogre|spd|1
|move|p2a: Ferrothorn|Stealth Rock|p1a: Kyogre
|-sidestart|p1: ULT8RQ KB|move: Stealth Rock
|
|-weather|RainDance|[upkeep]
|-heal|p2a: Ferrothorn|85/100|[from] item: Leftovers
|upkeep
|turn|9
|
|t:|1621144867
|move|p1a: Kyogre|Surf|p2a: Ferrothorn
|-resisted|p2a: Ferrothorn
|-damage|p2a: Ferrothorn|52/100
|move|p2a: Ferrothorn|Leech Seed|p1a: Kyogre
|-start|p1a: Kyogre|move: Leech Seed
|
|-weather|RainDance|[upkeep]
|-heal|p2a: Ferrothorn|59/100|[from] item: Leftovers
|-damage|p1a: Kyogre|88/100|[from] Leech Seed|[of] p2a: Ferrothorn
|-heal|p2a: Ferrothorn|73/100|[silent]
|upkeep
|turn|10
|
|t:|1621144872
|move|p1a: Kyogre|Surf|p2a: Ferrothorn
|-resisted|p2a: Ferrothorn
|-damage|p2a: Ferrothorn|44/100
|move|p2a: Ferrothorn|Leech Seed||[still]
|-fail|p2a: Ferrothorn
|
|-weather|RainDance|[upkeep]
|-heal|p1a: Kyogre|94/100|[from] item: Leftovers
|-heal|p2a: Ferrothorn|50/100|[from] item: Leftovers
|-damage|p1a: Kyogre|82/100|[from] Leech Seed|[of] p2a: Ferrothorn
|-heal|p2a: Ferrothorn|65/100|[silent]
|upkeep
|turn|11
|
|t:|1621144878
|switch|p1a: Eternatus|Eternatus|100/100
|-ability|p1a: Eternatus|Pressure
|move|p2a: Ferrothorn|Protect||[still]
|-fail|p2a: Ferrothorn
|
|-weather|none
|-heal|p2a: Ferrothorn|71/100|[from] item: Leftovers
|upkeep
|turn|12
|
|t:|1621144884
|move|p2a: Ferrothorn|Protect|p2a: Ferrothorn
|-singleturn|p2a: Ferrothorn|Protect
|move|p1a: Eternatus|Mystical Fire|p2a: Ferrothorn
|-activate|p2a: Ferrothorn|move: Protect
|
|-heal|p2a: Ferrothorn|77/100|[from] item: Leftovers
|upkeep
|turn|13
|
|t:|1621144889
|switch|p2a: Eternatus|Eternatus|100/100
|-damage|p2a: Eternatus|88/100|[from] Stealth Rock
|-ability|p2a: Eternatus|Pressure
|move|p1a: Eternatus|Mystical Fire|p2a: Eternatus
|-resisted|p2a: Eternatus
|-damage|p2a: Eternatus|79/100
|-unboost|p2a: Eternatus|spa|1
|
|upkeep
|turn|14
|inactive|ULT8RQ KB has 120 seconds left.
|inactive|ULT8RQ KB has 90 seconds left.
|inactive|ULT8RQ KB has 60 seconds left.
|inactive|ULT8RQ KB has 30 seconds left.
|
|t:|1621145012
|switch|p2a: Calyrex|Calyrex-Shadow|100/100
|-ability|p2a: Calyrex|As One
|-ability|p2a: Calyrex|Unnerve
|-damage|p2a: Calyrex|88/100|[from] Stealth Rock
|move|p1a: Eternatus|Dynamax Cannon|p2a: Calyrex
|-damage|p2a: Calyrex|41/100
|
|-heal|p2a: Calyrex|48/100|[from] item: Leftovers
|upkeep
|turn|15
|
|t:|1621145018
|switch|p1a: Yveltal|Yveltal|100/100
|-ability|p1a: Yveltal|Dark Aura
|move|p2a: Calyrex|Leech Seed|p1a: Yveltal
|-start|p1a: Yveltal|move: Leech Seed
|
|-heal|p2a: Calyrex|54/100|[from] item: Leftovers
|-damage|p1a: Yveltal|88/100|[from] Leech Seed|[of] p2a: Calyrex
|-heal|p2a: Calyrex|68/100|[silent]
|upkeep
|turn|16
|
|t:|1621145026
|move|p2a: Calyrex|Substitute|p2a: Calyrex
|-start|p2a: Calyrex|Substitute
|-damage|p2a: Calyrex|43/100
|move|p1a: Yveltal|Knock Off|p2a: Calyrex
|-supereffective|p2a: Calyrex
|-end|p2a: Calyrex|Substitute
|
|-heal|p2a: Calyrex|49/100|[from] item: Leftovers
|-damage|p1a: Yveltal|76/100|[from] Leech Seed|[of] p2a: Calyrex
|-heal|p2a: Calyrex|64/100|[silent]
|upkeep
|turn|17
|
|t:|1621145030
|move|p2a: Calyrex|Substitute|p2a: Calyrex
|-start|p2a: Calyrex|Substitute
|-damage|p2a: Calyrex|39/100
|move|p1a: Yveltal|Knock Off|p2a: Calyrex
|-supereffective|p2a: Calyrex
|-end|p2a: Calyrex|Substitute
|
|-heal|p2a: Calyrex|45/100|[from] item: Leftovers
|-damage|p1a: Yveltal|63/100|[from] Leech Seed|[of] p2a: Calyrex
|-heal|p2a: Calyrex|59/100|[silent]
|upkeep
|turn|18
|
|t:|1621145036
|move|p2a: Calyrex|Substitute|p2a: Calyrex
|-start|p2a: Calyrex|Substitute
|-damage|p2a: Calyrex|34/100
|move|p1a: Yveltal|Knock Off|p2a: Calyrex
|-supereffective|p2a: Calyrex
|-end|p2a: Calyrex|Substitute
|
|-heal|p2a: Calyrex|41/100|[from] item: Leftovers
|-damage|p1a: Yveltal|51/100|[from] Leech Seed|[of] p2a: Calyrex
|-heal|p2a: Calyrex|55/100|[silent]
|upkeep
|turn|19
|inactive|ULT8RQ KB has 60 seconds left.
|
|t:|1621145044
|move|p2a: Calyrex|Substitute|p2a: Calyrex
|-start|p2a: Calyrex|Substitute
|-damage|p2a: Calyrex|30/100
|move|p1a: Yveltal|Knock Off|p2a: Calyrex
|-supereffective|p2a: Calyrex
|-end|p2a: Calyrex|Substitute
|
|-heal|p2a: Calyrex|36/100|[from] item: Leftovers
|-damage|p1a: Yveltal|39/100|[from] Leech Seed|[of] p2a: Calyrex
|-heal|p2a: Calyrex|50/100|[silent]
|upkeep
|turn|20
|
|t:|1621145048
|move|p2a: Calyrex|Substitute|p2a: Calyrex
|-start|p2a: Calyrex|Substitute
|-damage|p2a: Calyrex|26/100
|move|p1a: Yveltal|Roost|p1a: Yveltal
|-heal|p1a: Yveltal|89/100
|-singleturn|p1a: Yveltal|move: Roost
|
|-heal|p2a: Calyrex|32/100|[from] item: Leftovers
|-damage|p1a: Yveltal|77/100|[from] Leech Seed|[of] p2a: Calyrex
|-heal|p2a: Calyrex|46/100|[silent]
|upkeep
|turn|21
|
|t:|1621145052
|move|p2a: Calyrex|Nasty Plot|p2a: Calyrex
|-boost|p2a: Calyrex|spa|2
|move|p1a: Yveltal|Knock Off|p2a: Calyrex
|-supereffective|p2a: Calyrex
|-end|p2a: Calyrex|Substitute
|
|-heal|p2a: Calyrex|52/100|[from] item: Leftovers
|-damage|p1a: Yveltal|64/100|[from] Leech Seed|[of] p2a: Calyrex
|-heal|p2a: Calyrex|67/100|[silent]
|upkeep
|turn|22
|
|t:|1621145060
|move|p2a: Calyrex|Substitute|p2a: Calyrex
|-start|p2a: Calyrex|Substitute
|-damage|p2a: Calyrex|42/100
|move|p1a: Yveltal|Knock Off|p2a: Calyrex
|-supereffective|p2a: Calyrex
|-end|p2a: Calyrex|Substitute
|
|-heal|p2a: Calyrex|48/100|[from] item: Leftovers
|-damage|p1a: Yveltal|52/100|[from] Leech Seed|[of] p2a: Calyrex
|-heal|p2a: Calyrex|62/100|[silent]
|upkeep
|turn|23
|
|t:|1621145063
|move|p2a: Calyrex|Substitute|p2a: Calyrex
|-start|p2a: Calyrex|Substitute
|-damage|p2a: Calyrex|37/100
|move|p1a: Yveltal|Knock Off|p2a: Calyrex
|-supereffective|p2a: Calyrex
|-end|p2a: Calyrex|Substitute
|
|-heal|p2a: Calyrex|43/100|[from] item: Leftovers
|-damage|p1a: Yveltal|40/100|[from] Leech Seed|[of] p2a: Calyrex
|-heal|p2a: Calyrex|58/100|[silent]
|upkeep
|turn|24
|
|t:|1621145066
|move|p2a: Calyrex|Substitute|p2a: Calyrex
|-start|p2a: Calyrex|Substitute
|-damage|p2a: Calyrex|33/100
|move|p1a: Yveltal|Knock Off|p2a: Calyrex
|-supereffective|p2a: Calyrex
|-end|p2a: Calyrex|Substitute
|
|-heal|p2a: Calyrex|39/100|[from] item: Leftovers
|-damage|p1a: Yveltal|27/100|[from] Leech Seed|[of] p2a: Calyrex
|-heal|p2a: Calyrex|53/100|[silent]
|upkeep
|turn|25
|
|t:|1621145069
|move|p1a: Yveltal|Sucker Punch||[still]
|-fail|p1a: Yveltal
|move|p2a: Calyrex|Substitute|p2a: Calyrex
|-start|p2a: Calyrex|Substitute
|-damage|p2a: Calyrex|29/100
|
|-heal|p2a: Calyrex|35/100|[from] item: Leftovers
|-damage|p1a: Yveltal|15/100|[from] Leech Seed|[of] p2a: Calyrex
|-heal|p2a: Calyrex|49/100|[silent]
|upkeep
|turn|26
|
|t:|1621145074
|move|p1a: Yveltal|Sucker Punch|p2a: Calyrex
|-supereffective|p2a: Calyrex
|-end|p2a: Calyrex|Substitute
|move|p2a: Calyrex|Astral Barrage|p1a: Yveltal
|-resisted|p1a: Yveltal
|-damage|p1a: Yveltal|0 fnt
|faint|p1a: Yveltal
|-ability|p2a: Calyrex|Grim Neigh|boost
|-boost|p2a: Calyrex|spa|1
|
|-heal|p2a: Calyrex|55/100|[from] item: Leftovers
|upkeep
|-message|ULT8RQ KB forfeited.
|
|win|ULT8RQ gareeb
|raw|ULT8RQ KB's rating: 1635 &rarr; <strong>1610</strong><br />(-25 for losing)
|raw|ULT8RQ gareeb's rating: 1541 &rarr; <strong>1566</strong><br />(+25 for winning)
|c|☆ULT8RQ KB|gg
|c|☆ULT8RQ gareeb|gg
|l|☆ULT8RQ KB
