|raw|<div class="broadcast-blue"><strong>This battle is required to be public due to a player having a name starting with 'ult4pdr'.</div>
|j|‽German111
|j|☆ULT4PDR Kaioken
|t:|1654440448
|gametype|singles
|player|p1|German111|169|1753
|player|p2|ULT4PDR Kaioken|169|1727
|teamsize|p1|6
|teamsize|p2|6
|gen|8
|tier|[Gen 8] Ubers
|rated|
|rule|Sleep Clause Mod: Limit one foe put to sleep
|rule|Species Clause: Limit one of each Pokémon
|rule|OHKO Clause: OHKO moves are banned
|rule|Evasion Moves Clause: Evasion moves are banned
|rule|Endless Battle Clause: Forcing endless battles is banned
|rule|HP Percentage Mod: HP is shown in percentages
|rule|Dynamax Clause: You cannot dynamax
|clearpoke
|poke|p1|Calyrex-Shadow|
|poke|p1|Xerneas-*|
|poke|p1|Yveltal|
|poke|p1|Necrozma-Dusk-Mane|
|poke|p1|Eternatus|
|poke|p1|Zekrom|
|poke|p2|Slurpuff, M|
|poke|p2|Calyrex-Shadow|
|poke|p2|Xerneas-*|
|poke|p2|Eternatus|
|poke|p2|Yveltal|
|poke|p2|Necrozma-Dusk-Mane|
|teampreview
|
|t:|1654440454
|start
|switch|p1a: Zekrom|Zekrom|100/100
|switch|p2a: Slurpuff|Slurpuff, M|100/100
|-ability|p1a: Zekrom|Teravolt
|turn|1
|
|t:|1654440457
|move|p1a: Zekrom|Substitute|p1a: Zekrom
|-start|p1a: Zekrom|Substitute
|-damage|p1a: Zekrom|76/100
|move|p2a: Slurpuff|Sticky Web|p1a: Zekrom
|-sidestart|p1: German111|move: Sticky Web
|
|-heal|p1a: Zekrom|82/100|[from] item: Leftovers
|upkeep
|turn|2
|
|t:|1654440460
|move|p1a: Zekrom|Dragon Dance|p1a: Zekrom
|-boost|p1a: Zekrom|atk|1
|-boost|p1a: Zekrom|spe|1
|move|p2a: Slurpuff|Misty Explosion|p1a: Zekrom
|-supereffective|p1a: Zekrom
|-end|p1a: Zekrom|Substitute
|faint|p2a: Slurpuff
|
|-heal|p1a: Zekrom|88/100|[from] item: Leftovers
|upkeep
|inactive|Battle timer is ON: inactive players will automatically lose when time's up. (requested by German111)
|j| Chickwayne
|j| Hoennseptile
|j| SilverQuillian
|j| skimmythegod
|j| ULT4PDR QLS
|c|☆ULT4PDR Kaioken|please stop counterteam me
|c|☆ULT4PDR Kaioken|your team is a shit it just counter mine
|j| Entrocefalo
|j| Susyy
|
|t:|1654440513
|switch|p2a: Xerneas|Xerneas|100/100
|-ability|p2a: Xerneas|Fairy Aura
|turn|3
|
|t:|1654440516
|move|p1a: Zekrom|Bolt Strike|p2a: Xerneas
|-damage|p2a: Xerneas|8/100
|move|p2a: Xerneas|Geomancy||[still]
|-prepare|p2a: Xerneas|Geomancy
|-enditem|p2a: Xerneas|Power Herb
|-anim|p2a: Xerneas|Geomancy|p2a: Xerneas
|-boost|p2a: Xerneas|spa|2
|-boost|p2a: Xerneas|spd|2
|-boost|p2a: Xerneas|spe|2
|
|-heal|p1a: Zekrom|94/100|[from] item: Leftovers
|upkeep
|turn|4
|
|t:|1654440522
|move|p2a: Xerneas|Moonblast|p1a: Zekrom
|-supereffective|p1a: Zekrom
|-damage|p1a: Zekrom|0 fnt
|faint|p1a: Zekrom
|
|upkeep
|
|t:|1654440523
|switch|p1a: Necrozma|Necrozma-Dusk-Mane|100/100
|-activate|p1a: Necrozma|move: Sticky Web
|-unboost|p1a: Necrozma|spe|1
|turn|5
|
|t:|1654440526
|move|p2a: Xerneas|Thunder|p1a: Necrozma
|-damage|p1a: Necrozma|56/100
|-status|p1a: Necrozma|par
|move|p1a: Necrozma|Sunsteel Strike|p2a: Xerneas
|-supereffective|p2a: Xerneas
|-damage|p2a: Xerneas|0 fnt
|faint|p2a: Xerneas
|
|-heal|p1a: Necrozma|62/100 par|[from] item: Leftovers
|upkeep
|
|t:|1654440535
|switch|p2a: Yveltal|Yveltal|100/100
|-ability|p2a: Yveltal|Dark Aura
|turn|6
|j| Ka1xo
|
|t:|1654440542
|switch|p1a: Xerneas|Xerneas|100/100
|-activate|p1a: Xerneas|move: Sticky Web
|-unboost|p1a: Xerneas|spe|1
|-ability|p1a: Xerneas|Fairy Aura
|move|p2a: Yveltal|Snarl|p1a: Xerneas
|-resisted|p1a: Xerneas
|-damage|p1a: Xerneas|83/100
|-unboost|p1a: Xerneas|spa|1
|-enditem|p2a: Yveltal|Throat Spray
|-boost|p2a: Yveltal|spa|1|[from] item: Throat Spray
|
|upkeep
|turn|7
|
|t:|1654440546
|move|p2a: Yveltal|Oblivion Wing|p1a: Xerneas
|-crit|p1a: Xerneas
|-damage|p1a: Xerneas|0 fnt
|faint|p1a: Xerneas
|
|upkeep
|
|t:|1654440552
|switch|p1a: Eternatus|Eternatus|100/100
|-activate|p1a: Eternatus|move: Sticky Web
|-unboost|p1a: Eternatus|spe|1
|-ability|p1a: Eternatus|Pressure
|turn|8
|
|t:|1654440556
|switch|p2a: Eternatus|Eternatus|100/100
|-ability|p2a: Eternatus|Pressure
|move|p1a: Eternatus|Meteor Beam||[still]
|-prepare|p1a: Eternatus|Meteor Beam
|-boost|p1a: Eternatus|spa|1
|-enditem|p1a: Eternatus|Power Herb
|-anim|p1a: Eternatus|Meteor Beam|p2a: Eternatus
|-damage|p2a: Eternatus|48/100
|
|upkeep
|turn|9
|l| Ka1xo
|
|t:|1654440561
|switch|p1a: Necrozma|Necrozma-Dusk-Mane|62/100 par
|-activate|p1a: Necrozma|move: Sticky Web
|-unboost|p1a: Necrozma|spe|1
|move|p2a: Eternatus|Dynamax Cannon|p1a: Necrozma
|-resisted|p1a: Necrozma
|-crit|p1a: Necrozma
|-damage|p1a: Necrozma|34/100 par
|
|-heal|p1a: Necrozma|41/100 par|[from] item: Leftovers
|upkeep
|turn|10
|j| Dark★Shionツ
|
|t:|1654440565
|move|p2a: Eternatus|Meteor Beam||[still]
|-prepare|p2a: Eternatus|Meteor Beam
|-boost|p2a: Eternatus|spa|1
|-enditem|p2a: Eternatus|Power Herb
|-anim|p2a: Eternatus|Meteor Beam|p1a: Necrozma
|-resisted|p1a: Necrozma
|-damage|p1a: Necrozma|20/100 par
|move|p1a: Necrozma|Sunsteel Strike|p2a: Eternatus
|-damage|p2a: Eternatus|6/100
|
|-heal|p1a: Necrozma|26/100 par|[from] item: Leftovers
|upkeep
|turn|11
|
|t:|1654440569
|move|p2a: Eternatus|Flamethrower|p1a: Necrozma
|-supereffective|p1a: Necrozma
|-damage|p1a: Necrozma|0 fnt
|faint|p1a: Necrozma
|
|upkeep
|
|t:|1654440571
|switch|p1a: Calyrex|Calyrex-Shadow|100/100
|-ability|p1a: Calyrex|As One
|-ability|p1a: Calyrex|Unnerve
|-activate|p1a: Calyrex|move: Sticky Web
|-unboost|p1a: Calyrex|spe|1
|turn|12
|
|t:|1654440574
|switch|p2a: Yveltal|Yveltal|100/100
|-ability|p2a: Yveltal|Dark Aura
|move|p1a: Calyrex|Astral Barrage|p2a: Yveltal
|-resisted|p2a: Yveltal
|-damage|p2a: Yveltal|66/100
|
|upkeep
|turn|13
|
|t:|1654440580
|switch|p1a: Yveltal|Yveltal|100/100
|-ability|p1a: Yveltal|Dark Aura
|move|p2a: Yveltal|Dark Pulse|p1a: Yveltal
|-resisted|p1a: Yveltal
|-damage|p1a: Yveltal|83/100
|
|upkeep
|turn|14
|
|t:|1654440583
|move|p2a: Yveltal|Oblivion Wing|p1a: Yveltal
|-damage|p1a: Yveltal|56/100
|-heal|p2a: Yveltal|88/100|[from] drain|[of] p1a: Yveltal
|move|p1a: Yveltal|Snarl|p2a: Yveltal
|-resisted|p2a: Yveltal
|-damage|p2a: Yveltal|74/100
|-unboost|p2a: Yveltal|spa|1
|
|upkeep
|turn|15
|
|t:|1654440586
|move|p2a: Yveltal|Taunt|p1a: Yveltal
|-start|p1a: Yveltal|move: Taunt
|cant|p1a: Yveltal|move: Taunt|Defog
|
|upkeep
|turn|16
|
|t:|1654440588
|switch|p1a: Eternatus|Eternatus|100/100
|-activate|p1a: Eternatus|move: Sticky Web
|-unboost|p1a: Eternatus|spe|1
|-ability|p1a: Eternatus|Pressure
|move|p2a: Yveltal|Oblivion Wing|p1a: Eternatus
|-damage|p1a: Eternatus|78/100
|-heal|p2a: Yveltal|92/100|[from] drain|[of] p1a: Eternatus
|
|upkeep
|turn|17
|j| Trade
|
|t:|1654440596
|switch|p2a: Necrozma|Necrozma-Dusk-Mane|100/100
|switch|p1a: Yveltal|Yveltal|56/100
|-ability|p1a: Yveltal|Dark Aura
|
|upkeep
|turn|18
|n| ULT4PDR★Shionツ|darkshion
|
|t:|1654440601
|move|p1a: Yveltal|Defog|p2a: Necrozma
|-unboost|p2a: Necrozma|evasion|1
|-sideend|p1: German111|Sticky Web|[from] move: Defog|[of] p1a: Yveltal
|move|p2a: Necrozma|Sunsteel Strike|p1a: Yveltal
|-damage|p1a: Yveltal|0 fnt
|faint|p1a: Yveltal
|-damage|p2a: Necrozma|91/100|[from] item: Life Orb
|
|upkeep
|
|t:|1654440607
|switch|p1a: Calyrex|Calyrex-Shadow|100/100
|-ability|p1a: Calyrex|As One
|-ability|p1a: Calyrex|Unnerve
|turn|19
|
|t:|1654440611
|switch|p2a: Eternatus|Eternatus|6/100
|-ability|p2a: Eternatus|Pressure
|move|p1a: Calyrex|Astral Barrage|p2a: Eternatus
|-damage|p2a: Eternatus|0 fnt
|faint|p2a: Eternatus
|-ability|p1a: Calyrex|Grim Neigh|boost
|-boost|p1a: Calyrex|spa|1
|
|upkeep
|l| ULT4PDR QLS
|
|t:|1654440613
|switch|p2a: Calyrex|Calyrex-Shadow|100/100
|-ability|p2a: Calyrex|As One
|-ability|p2a: Calyrex|Unnerve
|turn|20
|
|t:|1654440615
|move|p1a: Calyrex|Astral Barrage|p2a: Calyrex
|-supereffective|p2a: Calyrex
|-enditem|p2a: Calyrex|Focus Sash
|-damage|p2a: Calyrex|1/100
|move|p2a: Calyrex|Astral Barrage|p1a: Calyrex
|-supereffective|p1a: Calyrex
|-damage|p1a: Calyrex|0 fnt
|faint|p1a: Calyrex
|-ability|p2a: Calyrex|Grim Neigh|boost
|-boost|p2a: Calyrex|spa|1
|
|upkeep
|
|t:|1654440617
|switch|p1a: Eternatus|Eternatus|78/100
|-ability|p1a: Eternatus|Pressure
|turn|21
|
|t:|1654440620
|move|p2a: Calyrex|Psyshock|p1a: Eternatus
|-supereffective|p1a: Eternatus
|-damage|p1a: Eternatus|0 fnt
|faint|p1a: Eternatus
|
|win|ULT4PDR Kaioken
|raw|German111's rating: 1753 &rarr; <strong>1732</strong><br />(-21 for losing)
|raw|ULT4PDR Kaioken's rating: 1727 &rarr; <strong>1748</strong><br />(+21 for winning)
|j| ULT4PDR QLS
|l|‽German111
|l|☆ULT4PDR Kaioken
|j| ULT4PDR montazak
|l| ULT4PDR QLS
|l| Chickwayne
|j| ULT4PDR QLS
||Ladder isn't responding, score probably updated but might not have (Request timeout).
|l| SilverQuillian
|l| skimmythegod
|l| Hoennseptile
|l| ULT4PDR montazak
|l| Trade
|l| ULT4PDR QLS
|j| ULT4PDR montazak
|l| ULT4PDR montazak
|l| ULT4PDR★Shionツ
