|j|☆Dr.camma
|j|☆AL90
|player|p1|Dr.camma|doctor|1475
|player|p2|AL90|262|1332
|teamsize|p1|6
|teamsize|p2|6
|gametype|singles
|gen|8
|tier|[Gen 8] Ubers
|rated|
|rule|Sleep Clause Mod: Limit one foe put to sleep
|rule|Species Clause: Limit one of each Pokémon
|rule|OHKO Clause: OHKO moves are banned
|rule|Evasion Moves Clause: Evasion moves are banned
|rule|Endless Battle Clause: Forcing endless battles is banned
|rule|HP Percentage Mod: HP is shown in percentages
|clearpoke
|poke|p1|Zacian-*|
|poke|p1|Eternatus|
|poke|p1|Copperajah, M|
|poke|p1|Hatterene, F|
|poke|p1|Corviknight, M|
|poke|p1|Accelgor, M|
|poke|p2|Copperajah, M|
|poke|p2|Hatterene, F|
|poke|p2|Grimmsnarl, M|
|poke|p2|Dragapult, F|
|poke|p2|Cinderace, M|
|poke|p2|Ditto|
|teampreview
|
|start
|switch|p1a: Accelgor|Accelgor, M|100/100
|switch|p2a: Grimmsnarl|Grimmsnarl, M, shiny|100/100
|turn|1
|
|move|p2a: Grimmsnarl|Thunder Wave|p1a: Accelgor
|-status|p1a: Accelgor|par
|cant|p1a: Accelgor|par
|
|upkeep
|turn|2
|
|move|p2a: Grimmsnarl|Light Screen|p2a: Grimmsnarl
|-sidestart|p2: AL90|move: Light Screen
|move|p1a: Accelgor|Spikes|p2a: Grimmsnarl
|-sidestart|p2: AL90|Spikes
|
|upkeep
|turn|3
|
|switch|p2a: Hatterene|Hatterene, F|100/100
|-damage|p2a: Hatterene|88/100|[from] Spikes
|cant|p1a: Accelgor|par
|
|upkeep
|turn|4
|
|move|p1a: Accelgor|Final Gambit|p2a: Hatterene
|-damage|p2a: Hatterene|0 fnt
|faint|p1a: Accelgor
|faint|p2a: Hatterene
|
|upkeep
|
|switch|p1a: Eternatus|Eternatus|100/100
|switch|p2a: Grimmsnarl|Grimmsnarl, M, shiny|100/100
|-ability|p1a: Eternatus|Pressure
|-damage|p2a: Grimmsnarl|88/100|[from] Spikes
|turn|5
|
|switch|p1a: Hatterene|Hatterene, F|100/100
|move|p2a: Grimmsnarl|Thunder Wave|p1a: Hatterene
|move|p1a: Hatterene|Thunder Wave|p2a: Grimmsnarl|[from]Magic Bounce
|-status|p2a: Grimmsnarl|par
|
|upkeep
|turn|6
|
|switch|p2a: Copperajah|Copperajah, M|100/100
|-damage|p2a: Copperajah|88/100|[from] Spikes
|move|p1a: Hatterene|Dazzling Gleam|p2a: Copperajah
|-resisted|p2a: Copperajah
|-damage|p2a: Copperajah|75/100
|
|upkeep
|turn|7
|
|switch|p1a: Corviknight|Corviknight, M|100/100
|-ability|p1a: Corviknight|Pressure
|move|p2a: Copperajah|Rock Slide|p1a: Corviknight
|-damage|p1a: Corviknight|64/100
|
|-heal|p1a: Corviknight|70/100|[from] item: Leftovers
|upkeep
|turn|8
|
|move|p1a: Corviknight|Bulk Up|p1a: Corviknight
|-boost|p1a: Corviknight|atk|1
|-boost|p1a: Corviknight|def|1
|move|p2a: Copperajah|Rock Slide|p1a: Corviknight
|-damage|p1a: Corviknight|44/100
|
|-heal|p1a: Corviknight|50/100|[from] item: Leftovers
|upkeep
|turn|9
|
|switch|p2a: Dragapult|Dragapult, F|100/100
|-damage|p2a: Dragapult|88/100|[from] Spikes
|move|p1a: Corviknight|Brave Bird|p2a: Dragapult
|-damage|p2a: Dragapult|16/100
|-damage|p1a: Corviknight|31/100|[from] Recoil
|
|-heal|p1a: Corviknight|37/100|[from] item: Leftovers
|-sideend|p2: AL90|move: Light Screen
|upkeep
|turn|10
|
|move|p2a: Dragapult|Flamethrower|p1a: Corviknight
|-supereffective|p1a: Corviknight
|-damage|p1a: Corviknight|3/100
|-status|p1a: Corviknight|brn
|move|p1a: Corviknight|Roost|p1a: Corviknight
|-heal|p1a: Corviknight|53/100 brn
|-singleturn|p1a: Corviknight|move: Roost
|
|-heal|p1a: Corviknight|59/100 brn|[from] item: Leftovers
|-damage|p1a: Corviknight|53/100 brn|[from] brn
|upkeep
|turn|11
|
|move|p2a: Dragapult|Flamethrower|p1a: Corviknight
|-supereffective|p1a: Corviknight
|-damage|p1a: Corviknight|19/100 brn
|move|p1a: Corviknight|Brave Bird|p2a: Dragapult
|-damage|p2a: Dragapult|0 fnt
|-damage|p1a: Corviknight|15/100 brn|[from] Recoil
|faint|p2a: Dragapult
|
|-heal|p1a: Corviknight|21/100 brn|[from] item: Leftovers
|-damage|p1a: Corviknight|15/100 brn|[from] brn
|upkeep
|
|switch|p2a: Cinderace|Cinderace, M|100/100
|turn|12
|
|move|p2a: Cinderace|Pyro Ball|p1a: Corviknight
|-supereffective|p1a: Corviknight
|-damage|p1a: Corviknight|0 fnt
|faint|p1a: Corviknight
|
|upkeep
|
|switch|p1a: Eternatus|Eternatus|100/100
|-ability|p1a: Eternatus|Pressure
|turn|13
|
|switch|p2a: Copperajah|Copperajah, M|75/100
|-damage|p2a: Copperajah|63/100|[from] Spikes
|move|p1a: Eternatus|Substitute|p1a: Eternatus
|-start|p1a: Eternatus|Substitute
|-damage|p1a: Eternatus|76/100
|
|-heal|p1a: Eternatus|82/100|[from] item: Black Sludge
|upkeep
|turn|14
|
|move|p1a: Eternatus|Toxic Spikes|p2a: Copperajah
|-sidestart|p2: AL90|move: Toxic Spikes
|move|p2a: Copperajah|Earthquake|p1a: Eternatus
|-supereffective|p1a: Eternatus
|-end|p1a: Eternatus|Substitute
|-damage|p2a: Copperajah|53/100|[from] item: Life Orb
|
|-heal|p1a: Eternatus|88/100|[from] item: Black Sludge
|upkeep
|turn|15
|
|move|p1a: Eternatus|Substitute|p1a: Eternatus
|-start|p1a: Eternatus|Substitute
|-damage|p1a: Eternatus|63/100
|move|p2a: Copperajah|Iron Head|p1a: Eternatus
|-end|p1a: Eternatus|Substitute
|
|-heal|p1a: Eternatus|69/100|[from] item: Black Sludge
|upkeep
|turn|16
|
|move|p1a: Eternatus|Flamethrower|p2a: Copperajah
|-supereffective|p2a: Copperajah
|-damage|p2a: Copperajah|0 fnt
|faint|p2a: Copperajah
|
|-heal|p1a: Eternatus|75/100|[from] item: Black Sludge
|upkeep
|
|switch|p2a: Ditto|Ditto, shiny|100/100
|-status|p2a: Ditto|psn
|-damage|p2a: Ditto|88/100 psn|[from] Spikes
|-transform|p2a: Ditto|p1a: Eternatus|[from] ability: Imposter
|-ability|p2a: Ditto|Pressure
|turn|17
|
|switch|p2a: Grimmsnarl|Grimmsnarl, M, shiny|88/100 par
|-damage|p2a: Grimmsnarl|76/100 par|[from] Spikes
|switch|p1a: Hatterene|Hatterene, F|100/100
|
|upkeep
|turn|18
|
|move|p2a: Grimmsnarl|Light Screen|p2a: Grimmsnarl
|-sidestart|p2: AL90|move: Light Screen
|move|p1a: Hatterene|Dazzling Gleam|p2a: Grimmsnarl
|-supereffective|p2a: Grimmsnarl
|-damage|p2a: Grimmsnarl|30/100 par
|
|upkeep
|turn|19
|
|move|p2a: Grimmsnarl|Reflect|p2a: Grimmsnarl
|-sidestart|p2: AL90|Reflect
|move|p1a: Hatterene|Dazzling Gleam|p2a: Grimmsnarl
|-supereffective|p2a: Grimmsnarl
|-damage|p2a: Grimmsnarl|0 fnt
|faint|p2a: Grimmsnarl
|
|upkeep
|
|switch|p2a: Cinderace|Cinderace, M|100/100
|turn|20
|
|move|p2a: Cinderace|Bulk Up|p2a: Cinderace
|-boost|p2a: Cinderace|atk|1
|-boost|p2a: Cinderace|def|1
|move|p1a: Hatterene|Trick Room|p1a: Hatterene
|-fieldstart|move: Trick Room|[of] p1a: Hatterene
|
|upkeep
|turn|21
|
|move|p1a: Hatterene|Psychic|p2a: Cinderace
|-damage|p2a: Cinderace|62/100
|move|p2a: Cinderace|Pyro Ball|p1a: Hatterene
|-damage|p1a: Hatterene|4/100
|
|upkeep
|turn|22
|
|-start|p2a: Cinderace|Dynamax
|-heal|p2a: Cinderace|62/100|[silent]
|move|p1a: Hatterene|Psychic|p2a: Cinderace
|-damage|p2a: Cinderace|41/100
|move|p2a: Cinderace|Max Knuckle|p1a: Hatterene
|-resisted|p1a: Hatterene
|-damage|p1a: Hatterene|0 fnt
|-boost|p2a: Cinderace|atk|1
|faint|p1a: Hatterene
|
|upkeep
|
|switch|p1a: Copperajah|Copperajah, M|100/100
|turn|23
|
|-start|p1a: Copperajah|Dynamax
|-formechange|p1a: Copperajah|Copperajah-Gmax
|-heal|p1a: Copperajah|100/100|[silent]
|move|p1a: Copperajah|Max Quake|p2a: Cinderace
|-supereffective|p2a: Cinderace
|-damage|p2a: Cinderace|17/100
|-boost|p1a: Copperajah|spd|1
|move|p2a: Cinderace|Max Flare|p1a: Copperajah
|-supereffective|p1a: Copperajah
|-damage|p1a: Copperajah|0 fnt
|-weather|SunnyDay
|faint|p1a: Copperajah
|
|-weather|SunnyDay|[upkeep]
|upkeep
|
|switch|p1a: Zacian|Zacian-Crowned|100/100
|-ability|p1a: Zacian|Intrepid Sword|boost
|-boost|p1a: Zacian|atk|1
|turn|24
|
|switch|p1a: Eternatus|Eternatus|75/100
|-ability|p1a: Eternatus|Pressure
|move|p2a: Cinderace|Max Flare|p1a: Eternatus
|-resisted|p1a: Eternatus
|-crit|p1a: Eternatus
|-damage|p1a: Eternatus|0 fnt
|faint|p1a: Eternatus
|
|-weather|SunnyDay|[upkeep]
|-fieldend|move: Trick Room
|-end|p2a: Cinderace|Dynamax
|-heal|p2a: Cinderace|17/100|[silent]
|upkeep
|
|switch|p1a: Zacian|Zacian-Crowned|100/100
|-ability|p1a: Zacian|Intrepid Sword|boost
|-boost|p1a: Zacian|atk|1
|turn|25
|c|☆AL90|not matter critic
|
|move|p1a: Zacian|Sacred Sword|p2a: Cinderace
|-damage|p2a: Cinderace|0 fnt
|faint|p2a: Cinderace
|
|-weather|SunnyDay|[upkeep]
|-sideend|p2: AL90|move: Light Screen
|upkeep
|
|switch|p2a: Ditto|Ditto, shiny|88/100 psn
|-damage|p2a: Ditto|76/100 psn|[from] Spikes
|-transform|p2a: Ditto|p1a: Zacian|[from] ability: Imposter
|-ability|p2a: Ditto|Intrepid Sword|boost
|-boost|p2a: Ditto|atk|1
|turn|26
|
|move|p2a: Ditto|Behemoth Blade|p1a: Zacian
|-damage|p1a: Zacian|0 fnt
|faint|p1a: Zacian
|
|win|AL90
|l|☆Dr.camma
|c|☆AL90|gg buen combate
|raw|Dr.camma's rating: 1475 &rarr; <strong>1447</strong><br />(-28 for losing)
|raw|AL90's rating: 1332 &rarr; <strong>1360</strong><br />(+28 for winning)
