|j|☆Joeilite
|j|☆TheGrassToucher
|t:|1662094128
|gametype|singles
|player|p1|Joeilite|benga|1382
|player|p2|TheGrassToucher|hugh|1384
|teamsize|p1|6
|teamsize|p2|6
|gen|8
|tier|[Gen 8] Ubers
|rated|
|rule|Sleep Clause Mod: Limit one foe put to sleep
|rule|Species Clause: Limit one of each Pokémon
|rule|OHKO Clause: OHKO moves are banned
|rule|Evasion Items Clause: Evasion items are banned
|rule|Evasion Moves Clause: Evasion moves are banned
|rule|Endless Battle Clause: Forcing endless battles is banned
|rule|HP Percentage Mod: HP is shown in percentages
|rule|Dynamax Clause: You cannot dynamax
|clearpoke
|poke|p1|Necrozma-Dusk-Mane|
|poke|p1|Zekrom|
|poke|p1|Xerneas-*|
|poke|p1|Eternatus|
|poke|p1|Yveltal|
|poke|p1|Calyrex-Shadow|
|poke|p2|Zamazenta-*|
|poke|p2|Genesect|
|poke|p2|Kyurem|
|poke|p2|Spectrier|
|poke|p2|Necrozma-Dawn-Wings|
|poke|p2|Pheromosa|
|teampreview
|inactive|Battle timer is ON: inactive players will automatically lose when time's up. (requested by TheGrassToucher)
|inactive|TheGrassToucher has 120 seconds left.
|
|t:|1662094159
|start
|switch|p1a: Necrozma|Necrozma-Dusk-Mane|100/100
|switch|p2a: Necrozma|Necrozma-Dawn-Wings|100/100
|turn|1
|c|☆Joeilite|Necrozma box arts fight. Lmao
|
|t:|1662094183
|move|p1a: Necrozma|Thunder Wave|p2a: Necrozma|[miss]
|-miss|p1a: Necrozma|p2a: Necrozma
|move|p2a: Necrozma|Trick Room|p2a: Necrozma
|-fieldstart|move: Trick Room|[of] p2a: Necrozma
|
|upkeep
|turn|2
|c|☆TheGrassToucher|mine is worse lol
|c|☆TheGrassToucher|poor dawn wings never gets used
|
|t:|1662094210
|move|p2a: Necrozma|Meteor Beam||[still]
|-prepare|p2a: Necrozma|Meteor Beam
|-boost|p2a: Necrozma|spa|1
|-enditem|p2a: Necrozma|Power Herb
|-anim|p2a: Necrozma|Meteor Beam|p1a: Necrozma
|-resisted|p1a: Necrozma
|-damage|p1a: Necrozma|77/100
|move|p1a: Necrozma|Thunder Wave|p2a: Necrozma
|-status|p2a: Necrozma|par
|
|-heal|p1a: Necrozma|83/100|[from] item: Leftovers
|upkeep
|turn|3
|
|t:|1662094222
|move|p2a: Necrozma|Moongeist Beam|p1a: Necrozma
|-supereffective|p1a: Necrozma
|-damage|p1a: Necrozma|0 fnt
|faint|p1a: Necrozma
|
|upkeep
|
|t:|1662094231
|switch|p1a: Yveltal|Yveltal|100/100
|-ability|p1a: Yveltal|Dark Aura
|turn|4
|
|t:|1662094235
|move|p2a: Necrozma|Moongeist Beam|p1a: Yveltal
|-resisted|p1a: Yveltal
|-damage|p1a: Yveltal|67/100
|move|p1a: Yveltal|Knock Off|p2a: Necrozma
|-supereffective|p2a: Necrozma
|-damage|p2a: Necrozma|9/100 par
|
|upkeep
|turn|5
|
|t:|1662094246
|move|p2a: Necrozma|Moongeist Beam|p1a: Yveltal
|-resisted|p1a: Yveltal
|-damage|p1a: Yveltal|31/100
|move|p1a: Yveltal|Knock Off|p2a: Necrozma
|-supereffective|p2a: Necrozma
|-crit|p2a: Necrozma
|-damage|p2a: Necrozma|0 fnt
|faint|p2a: Necrozma
|
|-fieldend|move: Trick Room
|upkeep
|
|t:|1662094255
|switch|p2a: Pheromosa|Pheromosa|100/100
|turn|6
|
|t:|1662094271
|move|p2a: Pheromosa|Triple Axel|p1a: Yveltal
|-supereffective|p1a: Yveltal
|-damage|p1a: Yveltal|13/100
|-supereffective|p1a: Yveltal
|-damage|p1a: Yveltal|0 fnt
|faint|p1a: Yveltal
|-ability|p2a: Pheromosa|Beast Boost|boost
|-boost|p2a: Pheromosa|spe|1
|-hitcount|p1: Yveltal|2
|
|upkeep
|
|t:|1662094280
|switch|p1a: Xerneas|Xerneas|100/100
|-ability|p1a: Xerneas|Fairy Aura
|turn|7
|
|t:|1662094291
|move|p2a: Pheromosa|Triple Axel|p1a: Xerneas
|-damage|p1a: Xerneas|92/100
|-damage|p1a: Xerneas|77/100
|-damage|p1a: Xerneas|52/100
|-hitcount|p1a: Xerneas|3
|move|p1a: Xerneas|Geomancy||[still]
|-prepare|p1a: Xerneas|Geomancy
|-enditem|p1a: Xerneas|Power Herb
|-anim|p1a: Xerneas|Geomancy|p1a: Xerneas
|-boost|p1a: Xerneas|spa|2
|-boost|p1a: Xerneas|spd|2
|-boost|p1a: Xerneas|spe|2
|
|upkeep
|turn|8
|
|t:|1662094306
|move|p2a: Pheromosa|Triple Axel|p1a: Xerneas
|-damage|p1a: Xerneas|44/100
|-damage|p1a: Xerneas|28/100
|-damage|p1a: Xerneas|3/100
|-hitcount|p1a: Xerneas|3
|move|p1a: Xerneas|Moonblast|p2a: Pheromosa
|-supereffective|p2a: Pheromosa
|-damage|p2a: Pheromosa|0 fnt
|faint|p2a: Pheromosa
|
|upkeep
|
|t:|1662094314
|switch|p2a: Genesect|Genesect, shiny|100/100
|-ability|p2a: Genesect|Download|boost
|-boost|p2a: Genesect|atk|1
|turn|9
|
|t:|1662094318
|move|p1a: Xerneas|Thunder|p2a: Genesect
|-damage|p2a: Genesect|1/100
|move|p2a: Genesect|Shift Gear|p2a: Genesect
|-boost|p2a: Genesect|spe|2
|-boost|p2a: Genesect|atk|1
|
|upkeep
|turn|10
|c|☆TheGrassToucher|woah
|c|☆TheGrassToucher|why didnt sash activate
|
|t:|1662094340
|move|p2a: Genesect|Iron Head|p1a: Xerneas
|-supereffective|p1a: Xerneas
|-damage|p1a: Xerneas|0 fnt
|faint|p1a: Xerneas
|
|upkeep
|
|t:|1662094352
|switch|p1a: Eternatus|Eternatus|100/100
|-ability|p1a: Eternatus|Pressure
|turn|11
|
|t:|1662094357
|move|p2a: Genesect|Iron Head|p1a: Eternatus
|-damage|p1a: Eternatus|26/100
|move|p1a: Eternatus|Flamethrower|p2a: Genesect
|-supereffective|p2a: Genesect
|-damage|p2a: Genesect|0 fnt
|faint|p2a: Genesect
|
|upkeep
|
|t:|1662094365
|switch|p2a: Kyurem|Kyurem|100/100
|-ability|p2a: Kyurem|Pressure
|turn|12
|
|t:|1662094369
|move|p1a: Eternatus|Dynamax Cannon|p2a: Kyurem
|-supereffective|p2a: Kyurem
|-damage|p2a: Kyurem|0 fnt
|faint|p2a: Kyurem
|
|upkeep
|
|t:|1662094374
|switch|p2a: Spectrier|Spectrier|100/100
|turn|13
|
|t:|1662094385
|move|p1a: Eternatus|Meteor Beam||[still]
|-prepare|p1a: Eternatus|Meteor Beam
|-boost|p1a: Eternatus|spa|1
|-enditem|p1a: Eternatus|Power Herb
|-anim|p1a: Eternatus|Meteor Beam|p2a: Spectrier
|-damage|p2a: Spectrier|30/100
|move|p2a: Spectrier|Substitute|p2a: Spectrier
|-start|p2a: Spectrier|Substitute
|-damage|p2a: Spectrier|5/100
|
|-heal|p2a: Spectrier|12/100|[from] item: Leftovers
|upkeep
|turn|14
|
|t:|1662094394
|move|p1a: Eternatus|Dynamax Cannon|p2a: Spectrier
|-crit|p2a: Spectrier
|-end|p2a: Spectrier|Substitute
|move|p2a: Spectrier|Hex|p1a: Eternatus
|-damage|p1a: Eternatus|0 fnt
|faint|p1a: Eternatus
|-ability|p2a: Spectrier|Grim Neigh|boost
|-boost|p2a: Spectrier|spa|1
|
|-heal|p2a: Spectrier|18/100|[from] item: Leftovers
|upkeep
|
|t:|1662094408
|switch|p1a: Calyrex|Calyrex-Shadow|100/100
|-ability|p1a: Calyrex|As One
|-ability|p1a: Calyrex|Unnerve
|turn|15
|
|t:|1662094437
|move|p1a: Calyrex|Astral Barrage|p2a: Spectrier
|-supereffective|p2a: Spectrier
|-damage|p2a: Spectrier|0 fnt
|faint|p2a: Spectrier
|-ability|p1a: Calyrex|Grim Neigh|boost
|-boost|p1a: Calyrex|spa|1
|
|upkeep
|
|t:|1662094439
|switch|p2a: Zamazenta|Zamazenta-Crowned|100/100
|-ability|p2a: Zamazenta|Dauntless Shield|boost
|-boost|p2a: Zamazenta|def|1
|turn|16
|c|☆TheGrassToucher|gg
|
|t:|1662094455
|move|p1a: Calyrex|Astral Barrage|p2a: Zamazenta
|-damage|p2a: Zamazenta|28/100
|move|p2a: Zamazenta|Crunch|p1a: Calyrex
|-supereffective|p1a: Calyrex
|-damage|p1a: Calyrex|0 fnt
|faint|p1a: Calyrex
|
|upkeep
|
|t:|1662094462
|switch|p1a: Zekrom|Zekrom|100/100
|-ability|p1a: Zekrom|Teravolt
|turn|17
|c|☆TheGrassToucher|ok nowww
|c|☆TheGrassToucher|gg
|
|t:|1662094473
|move|p1a: Zekrom|Dragon Dance|p1a: Zekrom
|-boost|p1a: Zekrom|atk|1
|-boost|p1a: Zekrom|spe|1
|move|p2a: Zamazenta|Rest|p2a: Zamazenta
|-status|p2a: Zamazenta|slp|[from] move: Rest
|-heal|p2a: Zamazenta|100/100 slp|[silent]
|
|upkeep
|turn|18
|
|t:|1662094477
|move|p1a: Zekrom|Bolt Strike|p2a: Zamazenta
|-damage|p2a: Zamazenta|38/100 slp
|-damage|p1a: Zekrom|91/100|[from] item: Life Orb
|cant|p2a: Zamazenta|slp
|
|upkeep
|turn|19
|
|t:|1662094481
|move|p1a: Zekrom|Bolt Strike|p2a: Zamazenta
|-damage|p2a: Zamazenta|0 fnt
|faint|p2a: Zamazenta
|-damage|p1a: Zekrom|81/100|[from] item: Life Orb
|
|win|Joeilite
|raw|Joeilite's rating: 1382 &rarr; <strong>1402</strong><br />(+20 for winning)
|raw|TheGrassToucher's rating: 1384 &rarr; <strong>1364</strong><br />(-20 for losing)
|c|☆Joeilite|Well played
|c|☆TheGrassToucher|u2
|l|☆TheGrassToucher
|c|☆Joeilite|You played with much shittier mons and did well
