|j|☆relip
|j|☆tugrin
|player|p1|relip|volkner|1331
|player|p2|tugrin|170|1302
|teamsize|p1|6
|teamsize|p2|6
|gametype|singles
|gen|8
|tier|[Gen 8] Ubers
|rated|
|clearpoke
|poke|p1|Necrozma-Dusk-Mane|
|poke|p1|Lunala|
|poke|p1|Zekrom|
|poke|p1|Mew|
|poke|p1|Gyarados, F|
|poke|p1|Zacian-Crowned|
|poke|p2|Zacian-Crowned|
|poke|p2|Eternatus|
|poke|p2|Necrozma-Dusk-Mane|
|poke|p2|Marshadow|
|poke|p2|Kyurem-White|
|poke|p2|Ditto|
|rule|Sleep Clause Mod: Limit one foe put to sleep
|rule|Species Clause: Limit one of each Pokémon
|rule|OHKO Clause: OHKO moves are banned
|rule|Evasion Moves Clause: Evasion moves are banned
|rule|Endless Battle Clause: Forcing endless battles is banned
|rule|HP Percentage Mod: HP is shown in percentages
|html|Ubers Dynamax Clause: Pokémon on the <a href="https://www.smogon.com/dex/ss/formats/uber/">Ubers Dynamax Banlist</a> cannot Dynamax.
|teampreview
|
|start
|switch|p1a: Mew|Mew|100/100
|switch|p2a: Necrozma|Necrozma-Dusk-Mane|100/100
|turn|1
|
|move|p1a: Mew|Taunt|p2a: Necrozma
|-start|p2a: Necrozma|move: Taunt
|cant|p2a: Necrozma|move: Taunt|Dragon Dance
|
|upkeep
|turn|2
|
|move|p1a: Mew|Stealth Rock|p2a: Necrozma
|-sidestart|p2: tugrin|move: Stealth Rock
|move|p2a: Necrozma|Sunsteel Strike|p1a: Mew
|-damage|p1a: Mew|43/100
|
|-heal|p1a: Mew|49/100|[from] item: Leftovers
|upkeep
|turn|3
|
|move|p1a: Mew|Spikes|p2a: Necrozma
|-sidestart|p2: tugrin|Spikes
|move|p2a: Necrozma|Sunsteel Strike|p1a: Mew
|-damage|p1a: Mew|0 fnt
|faint|p1a: Mew
|
|-end|p2a: Necrozma|move: Taunt
|upkeep
|
|switch|p1a: Lunala|Lunala|100/100
|turn|4
|
|move|p1a: Lunala|Moongeist Beam|p2a: Necrozma
|-supereffective|p2a: Necrozma
|-damage|p2a: Necrozma|21/100
|-enditem|p2a: Necrozma|Weakness Policy
|-boost|p2a: Necrozma|atk|2|[from] item: Weakness Policy
|-boost|p2a: Necrozma|spa|2|[from] item: Weakness Policy
|move|p2a: Necrozma|Dragon Dance|p2a: Necrozma
|-boost|p2a: Necrozma|atk|1
|-boost|p2a: Necrozma|spe|1
|
|upkeep
|turn|5
|
|move|p1a: Lunala|Moongeist Beam|p2a: Necrozma
|-supereffective|p2a: Necrozma
|-damage|p2a: Necrozma|0 fnt
|faint|p2a: Necrozma
|
|upkeep
|
|switch|p2a: Ditto|Ditto|100/100
|-damage|p2a: Ditto|88/100|[from] Spikes
|-damage|p2a: Ditto|76/100|[from] Stealth Rock
|-transform|p2a: Ditto|p1a: Lunala|[from] ability: Imposter
|turn|6
|
|move|p2a: Ditto|Moongeist Beam|p1a: Lunala
|-supereffective|p1a: Lunala
|-damage|p1a: Lunala|4/100
|move|p1a: Lunala|Moongeist Beam|p2a: Ditto
|-supereffective|p2a: Ditto
|-damage|p2a: Ditto|0 fnt
|faint|p2a: Ditto
|
|upkeep
|
|switch|p2a: Marshadow|Marshadow|100/100
|-damage|p2a: Marshadow|94/100|[from] Stealth Rock
|-damage|p2a: Marshadow|82/100|[from] Spikes
|turn|7
|
|switch|p1a: Gyarados|Gyarados, F|100/100
|-ability|p1a: Gyarados|Intimidate|boost
|-unboost|p2a: Marshadow|atk|1
|move|p2a: Marshadow|Shadow Sneak|p1a: Gyarados
|-damage|p1a: Gyarados|74/100
|
|-heal|p1a: Gyarados|80/100|[from] item: Leftovers
|upkeep
|turn|8
|
|move|p2a: Marshadow|Spectral Thief|p1a: Gyarados
|-damage|p1a: Gyarados|42/100
|move|p1a: Gyarados|Waterfall|p2a: Marshadow
|-crit|p2a: Marshadow
|-damage|p2a: Marshadow|0 fnt
|faint|p2a: Marshadow
|
|-heal|p1a: Gyarados|48/100|[from] item: Leftovers
|upkeep
|
|switch|p2a: Eternatus|Eternatus|100/100
|-damage|p2a: Eternatus|88/100|[from] Stealth Rock
|-damage|p2a: Eternatus|76/100|[from] Spikes
|-ability|p2a: Eternatus|Pressure
|turn|9
|
|move|p2a: Eternatus|Dynamax Cannon|p1a: Gyarados
|-damage|p1a: Gyarados|0 fnt
|faint|p1a: Gyarados
|
|upkeep
|
|switch|p1a: Necrozma|Necrozma-Dusk-Mane|100/100
|turn|10
|
|move|p2a: Eternatus|Flamethrower|p1a: Necrozma
|-supereffective|p1a: Necrozma
|-damage|p1a: Necrozma|63/100
|-enditem|p1a: Necrozma|Weakness Policy
|-boost|p1a: Necrozma|atk|2|[from] item: Weakness Policy
|-boost|p1a: Necrozma|spa|2|[from] item: Weakness Policy
|move|p1a: Necrozma|Trick Room|p1a: Necrozma
|-fieldstart|move: Trick Room|[of] p1a: Necrozma
|
|upkeep
|turn|11
|
|move|p1a: Necrozma|Photon Geyser|p2a: Eternatus
|-supereffective|p2a: Eternatus
|-damage|p2a: Eternatus|0 fnt
|faint|p2a: Eternatus
|
|upkeep
|
|switch|p2a: Kyurem|Kyurem-White|100/100
|-damage|p2a: Kyurem|88/100|[from] Spikes
|-damage|p2a: Kyurem|63/100|[from] Stealth Rock
|-ability|p2a: Kyurem|Turboblaze
|turn|12
|
|move|p1a: Necrozma|Sunsteel Strike|p2a: Kyurem
|-supereffective|p2a: Kyurem
|-damage|p2a: Kyurem|0 fnt
|faint|p2a: Kyurem
|
|upkeep
|-message|tugrin forfeited.
|
|win|relip
|l|☆tugrin
|raw|relip's rating: 1332 &rarr; <strong>1351</strong><br />(+19 for winning)
|raw|tugrin's rating: 1315 &rarr; <strong>1296</strong><br />(-19 for losing)
