|j|☆cump1
|j|☆ox04
|t:|1664901975
|gametype|singles
|player|p1|cump1|schoolkid-gen4|1410
|player|p2|ox04|red-gen7|1696
|teamsize|p1|6
|teamsize|p2|6
|gen|8
|tier|[Gen 8] Ubers
|rated|
|rule|Sleep Clause Mod: Limit one foe put to sleep
|rule|Species Clause: Limit one of each Pokémon
|rule|OHKO Clause: OHKO moves are banned
|rule|Evasion Items Clause: Evasion items are banned
|rule|Evasion Moves Clause: Evasion moves are banned
|rule|Endless Battle Clause: Forcing endless battles is banned
|rule|HP Percentage Mod: HP is shown in percentages
|rule|Dynamax Clause: You cannot dynamax
|clearpoke
|poke|p1|Necrozma-Dusk-Mane|
|poke|p1|Yveltal|
|poke|p1|Xerneas-*|
|poke|p1|Eternatus|
|poke|p1|Marshadow|
|poke|p1|Zygarde|
|poke|p2|Yveltal|
|poke|p2|Xerneas-*|
|poke|p2|Necrozma-Dusk-Mane|
|poke|p2|Cinderace, M|
|poke|p2|Zekrom|
|poke|p2|Genesect|
|teampreview
|inactive|Battle timer is ON: inactive players will automatically lose when time's up. (requested by ox04)
|c|☆cump1|hf
|
|t:|1664901988
|start
|switch|p1a: Xerneas|Xerneas, shiny|100/100
|switch|p2a: Cinderace|Cinderace, M|100/100
|-ability|p1a: Xerneas|Fairy Aura
|turn|1
|c|☆ox04|U2
|
|t:|1664901992
|move|p2a: Cinderace|Pyro Ball|p1a: Xerneas
|-damage|p1a: Xerneas|48/100
|move|p1a: Xerneas|Moonblast|p2a: Cinderace
|-resisted|p2a: Cinderace
|-damage|p2a: Cinderace|59/100
|
|-heal|p1a: Xerneas|54/100|[from] item: Leftovers
|upkeep
|turn|2
|
|t:|1664901998
|move|p2a: Cinderace|Pyro Ball|p1a: Xerneas
|-damage|p1a: Xerneas|9/100
|move|p1a: Xerneas|Rest|p1a: Xerneas
|-status|p1a: Xerneas|slp|[from] move: Rest
|-heal|p1a: Xerneas|100/100 slp|[silent]
|
|upkeep
|turn|3
|
|t:|1664902006
|switch|p2a: Necrozma|Necrozma-Dusk-Mane|100/100
|switch|p1a: Eternatus|Eternatus|100/100
|-ability|p1a: Eternatus|Pressure
|
|upkeep
|turn|4
|
|t:|1664902009
|switch|p1a: Zygarde|Zygarde|100/100
|move|p2a: Necrozma|Knock Off|p1a: Zygarde
|-damage|p1a: Zygarde|77/100
|-enditem|p1a: Zygarde|Leftovers|[from] move: Knock Off|[of] p2a: Necrozma
|
|upkeep
|turn|5
|
|t:|1664902014
|switch|p2a: Xerneas|Xerneas|100/100
|-ability|p2a: Xerneas|Fairy Aura
|move|p1a: Zygarde|Coil|p1a: Zygarde
|-boost|p1a: Zygarde|atk|1
|-boost|p1a: Zygarde|def|1
|-boost|p1a: Zygarde|accuracy|1
|
|upkeep
|turn|6
|
|t:|1664902029
|switch|p1a: Necrozma|Necrozma-Dusk-Mane, shiny|100/100
|move|p2a: Xerneas|Moonblast|p1a: Necrozma
|-resisted|p1a: Necrozma
|-damage|p1a: Necrozma|82/100
|
|-heal|p1a: Necrozma|88/100|[from] item: Leftovers
|upkeep
|turn|7
|
|t:|1664902035
|switch|p2a: Cinderace|Cinderace, M|59/100
|move|p1a: Necrozma|Thunder Wave|p2a: Cinderace|[miss]
|-miss|p1a: Necrozma|p2a: Cinderace
|
|-heal|p1a: Necrozma|94/100|[from] item: Leftovers
|upkeep
|turn|8
|
|t:|1664902040
|move|p2a: Cinderace|Pyro Ball|p1a: Necrozma
|-supereffective|p1a: Necrozma
|-damage|p1a: Necrozma|9/100
|-status|p1a: Necrozma|brn
|move|p1a: Necrozma|Moonlight|p1a: Necrozma
|-heal|p1a: Necrozma|59/100 brn
|
|-heal|p1a: Necrozma|65/100 brn|[from] item: Leftovers
|-damage|p1a: Necrozma|59/100 brn|[from] brn
|upkeep
|turn|9
|c|☆ox04|Sorry
|c|☆cump1|np
|
|t:|1664902051
|switch|p1a: Zygarde|Zygarde|77/100
|move|p2a: Cinderace|Pyro Ball|p1a: Zygarde
|-resisted|p1a: Zygarde
|-damage|p1a: Zygarde|47/100
|
|-activate|p1a: Zygarde|ability: Power Construct
|detailschange|p1a: Zygarde|Zygarde-Complete
|-heal|p1a: Zygarde|67/100|[silent]
|upkeep
|turn|10
|
|t:|1664902057
|switch|p2a: Xerneas|Xerneas|100/100
|-ability|p2a: Xerneas|Fairy Aura
|switch|p1a: Xerneas|Xerneas, shiny|100/100 slp
|-ability|p1a: Xerneas|Fairy Aura
|
|upkeep
|turn|11
|
|t:|1664902062
|cant|p1a: Xerneas|slp
|move|p2a: Xerneas|Moonblast|p1a: Xerneas
|-damage|p1a: Xerneas|61/100 slp
|
|-heal|p1a: Xerneas|67/100 slp|[from] item: Leftovers
|upkeep
|turn|12
|j| HonchkrowLover27
|
|t:|1664902067
|switch|p2a: Necrozma|Necrozma-Dusk-Mane|100/100
|cant|p1a: Xerneas|slp
|move|p1a: Xerneas|Sleep Talk|p1a: Xerneas
|move|p1a: Xerneas|Aromatherapy|p1a: Xerneas|[from]move: Sleep Talk
|-activate|p1a: Xerneas|move: Aromatherapy
|-curestatus|p1a: Xerneas|slp|[msg]
|-curestatus|p1: Necrozma|brn|[msg]
|
|-heal|p1a: Xerneas|73/100|[from] item: Leftovers
|upkeep
|turn|13
|
|t:|1664902072
|switch|p1a: Zygarde|Zygarde-Complete|67/100
|switch|p2a: Zekrom|Zekrom|100/100
|-ability|p2a: Zekrom|Teravolt
|
|upkeep
|turn|14
|
|t:|1664902075
|switch|p1a: Xerneas|Xerneas, shiny|73/100
|-ability|p1a: Xerneas|Fairy Aura
|move|p2a: Zekrom|Draco Meteor|p1a: Xerneas
|-immune|p1a: Xerneas
|
|-heal|p1a: Xerneas|79/100|[from] item: Leftovers
|upkeep
|turn|15
|
|t:|1664902079
|move|p2a: Zekrom|Volt Switch|p1a: Xerneas
|-damage|p1a: Xerneas|47/100
|-damage|p2a: Zekrom|91/100|[from] item: Life Orb
|
|t:|1664902082
|switch|p2a: Necrozma|Necrozma-Dusk-Mane|100/100|[from]move: Volt Switch
|move|p1a: Xerneas|Moonblast|p2a: Necrozma
|-resisted|p2a: Necrozma
|-damage|p2a: Necrozma|83/100
|-unboost|p2a: Necrozma|spa|1
|
|-heal|p1a: Xerneas|53/100|[from] item: Leftovers
|-heal|p2a: Necrozma|89/100|[from] item: Leftovers
|upkeep
|turn|16
|
|t:|1664902092
|switch|p1a: Yveltal|Yveltal, shiny|100/100
|-ability|p1a: Yveltal|Dark Aura
|move|p2a: Necrozma|Iron Head|p1a: Yveltal
|-damage|p1a: Yveltal|62/100
|
|-heal|p2a: Necrozma|95/100|[from] item: Leftovers
|upkeep
|turn|17
|
|t:|1664902095
|move|p1a: Yveltal|Knock Off|p2a: Necrozma
|-supereffective|p2a: Necrozma
|-crit|p2a: Necrozma
|-damage|p2a: Necrozma|12/100
|-enditem|p2a: Necrozma|Leftovers|[from] move: Knock Off|[of] p1a: Yveltal
|move|p2a: Necrozma|Thunder Wave|p1a: Yveltal
|-status|p1a: Yveltal|par
|
|upkeep
|turn|18
|
|t:|1664902101
|move|p2a: Necrozma|Morning Sun|p2a: Necrozma
|-heal|p2a: Necrozma|62/100
|cant|p1a: Yveltal|par
|
|upkeep
|turn|19
|
|t:|1664902110
|switch|p1a: Necrozma|Necrozma-Dusk-Mane, shiny|59/100
|move|p2a: Necrozma|Iron Head|p1a: Necrozma
|-resisted|p1a: Necrozma
|-damage|p1a: Necrozma|44/100
|
|-heal|p1a: Necrozma|50/100|[from] item: Leftovers
|upkeep
|turn|20
|
|t:|1664902113
|move|p2a: Necrozma|Thunder Wave|p1a: Necrozma
|-status|p1a: Necrozma|par
|move|p1a: Necrozma|Thunder Wave|p2a: Necrozma
|-status|p2a: Necrozma|par
|
|-heal|p1a: Necrozma|56/100 par|[from] item: Leftovers
|upkeep
|turn|21
|
|t:|1664902117
|move|p2a: Necrozma|Knock Off|p1a: Necrozma
|-supereffective|p1a: Necrozma
|-damage|p1a: Necrozma|23/100 par
|-enditem|p1a: Necrozma|Leftovers|[from] move: Knock Off|[of] p2a: Necrozma
|move|p1a: Necrozma|Stealth Rock|p2a: Necrozma
|-sidestart|p2: ox04|move: Stealth Rock
|
|upkeep
|turn|22
|
|t:|1664902124
|cant|p2a: Necrozma|par
|move|p1a: Necrozma|Moonlight|p1a: Necrozma
|-heal|p1a: Necrozma|73/100 par
|
|upkeep
|turn|23
|
|t:|1664902127
|move|p1a: Necrozma|Iron Head|p2a: Necrozma
|-resisted|p2a: Necrozma
|-damage|p2a: Necrozma|47/100 par
|cant|p2a: Necrozma|flinch
|
|upkeep
|turn|24
|
|t:|1664902132
|switch|p1a: Xerneas|Xerneas, shiny|53/100
|-ability|p1a: Xerneas|Fairy Aura
|move|p2a: Necrozma|Morning Sun|p2a: Necrozma
|-heal|p2a: Necrozma|97/100 par
|
|-heal|p1a: Xerneas|59/100|[from] item: Leftovers
|upkeep
|turn|25
|
|t:|1664902136
|move|p1a: Xerneas|Aromatherapy|p1a: Xerneas
|-activate|p1a: Xerneas|move: Aromatherapy
|-curestatus|p1: Necrozma|par|[msg]
|-curestatus|p1: Yveltal|par|[msg]
|move|p2a: Necrozma|Iron Head|p1a: Xerneas
|-supereffective|p1a: Xerneas
|-damage|p1a: Xerneas|12/100
|
|-heal|p1a: Xerneas|18/100|[from] item: Leftovers
|upkeep
|turn|26
|
|t:|1664902141
|switch|p1a: Zygarde|Zygarde-Complete|67/100
|move|p2a: Necrozma|Iron Head|p1a: Zygarde
|-damage|p1a: Zygarde|48/100
|
|upkeep
|turn|27
|
|t:|1664902146
|switch|p2a: Xerneas|Xerneas|100/100
|-damage|p2a: Xerneas|88/100|[from] Stealth Rock
|-ability|p2a: Xerneas|Fairy Aura
|move|p1a: Zygarde|Thousand Waves|p2a: Xerneas
|-damage|p2a: Xerneas|64/100
|-activate|p2a: Xerneas|trapped
|
|-heal|p2a: Xerneas|70/100|[from] item: Leftovers
|upkeep
|turn|28
|
|t:|1664902151
|switch|p1a: Eternatus|Eternatus|100/100
|-ability|p1a: Eternatus|Pressure
|move|p2a: Xerneas|Moonblast|p1a: Eternatus
|-damage|p1a: Eternatus|68/100
|
|-heal|p2a: Xerneas|77/100|[from] item: Leftovers
|upkeep
|turn|29
|
|t:|1664902157
|move|p1a: Eternatus|Mystical Fire|p2a: Xerneas
|-damage|p2a: Xerneas|59/100
|-unboost|p2a: Xerneas|spa|1
|move|p2a: Xerneas|Moonblast|p1a: Eternatus
|-damage|p1a: Eternatus|44/100
|-unboost|p1a: Eternatus|spa|1
|
|-heal|p2a: Xerneas|65/100|[from] item: Leftovers
|upkeep
|turn|30
|
|t:|1664902162
|switch|p2a: Yveltal|Yveltal|100/100
|-ability|p2a: Yveltal|Dark Aura
|move|p1a: Eternatus|Recover|p1a: Eternatus
|-heal|p1a: Eternatus|94/100
|
|upkeep
|turn|31
|
|t:|1664902164
|move|p1a: Eternatus|Toxic|p2a: Yveltal
|-status|p2a: Yveltal|tox
|move|p2a: Yveltal|Defog|p1a: Eternatus
|-unboost|p1a: Eternatus|evasion|1
|-sideend|p2: ox04|Stealth Rock|[from] move: Defog|[of] p2a: Yveltal
|
|-damage|p2a: Yveltal|94/100 tox|[from] psn
|upkeep
|turn|32
|
|t:|1664902170
|switch|p1a: Zygarde|Zygarde-Complete|48/100
|switch|p2a: Necrozma|Necrozma-Dusk-Mane|97/100 par
|
|upkeep
|turn|33
|
|t:|1664902174
|switch|p2a: Xerneas|Xerneas|65/100
|-ability|p2a: Xerneas|Fairy Aura
|move|p1a: Zygarde|Rest|p1a: Zygarde
|-status|p1a: Zygarde|slp|[from] move: Rest
|-heal|p1a: Zygarde|100/100 slp|[silent]
|
|-heal|p2a: Xerneas|71/100|[from] item: Leftovers
|upkeep
|turn|34
|j| ddddddabai
|
|t:|1664902178
|switch|p1a: Necrozma|Necrozma-Dusk-Mane, shiny|73/100
|move|p2a: Xerneas|Moonblast|p1a: Necrozma
|-resisted|p1a: Necrozma
|-damage|p1a: Necrozma|56/100
|-unboost|p1a: Necrozma|spa|1
|
|-heal|p2a: Xerneas|77/100|[from] item: Leftovers
|upkeep
|turn|35
|
|t:|1664902182
|switch|p2a: Cinderace|Cinderace, M|59/100
|move|p1a: Necrozma|Stealth Rock|p2a: Cinderace
|-sidestart|p2: ox04|move: Stealth Rock
|
|upkeep
|turn|36
|
|t:|1664902189
|switch|p1a: Eternatus|Eternatus|94/100
|-ability|p1a: Eternatus|Pressure
|move|p2a: Cinderace|Zen Headbutt|p1a: Eternatus
|-start|p2a: Cinderace|typechange|Psychic|[from] ability: Libero
|-supereffective|p1a: Eternatus
|-damage|p1a: Eternatus|1/100
|
|upkeep
|turn|37
|
|t:|1664902194
|switch|p1a: Yveltal|Yveltal, shiny|62/100
|-ability|p1a: Yveltal|Dark Aura
|move|p2a: Cinderace|Zen Headbutt|p1a: Yveltal
|-immune|p1a: Yveltal
|
|upkeep
|turn|38
|
|t:|1664902197
|switch|p2a: Yveltal|Yveltal|94/100 tox
|-ability|p2a: Yveltal|Dark Aura
|move|p1a: Yveltal|Roost|p1a: Yveltal
|-heal|p1a: Yveltal|100/100
|-singleturn|p1a: Yveltal|move: Roost
|
|-damage|p2a: Yveltal|88/100 tox|[from] psn
|upkeep
|turn|39
|
|t:|1664902199
|move|p1a: Yveltal|Taunt|p2a: Yveltal
|-start|p2a: Yveltal|move: Taunt
|cant|p2a: Yveltal|move: Taunt|Defog
|
|-damage|p2a: Yveltal|76/100 tox|[from] psn
|upkeep
|turn|40
|
|t:|1664902207
|switch|p2a: Xerneas|Xerneas|77/100
|-damage|p2a: Xerneas|65/100|[from] Stealth Rock
|-ability|p2a: Xerneas|Fairy Aura
|move|p1a: Yveltal|Knock Off|p2a: Xerneas
|-resisted|p2a: Xerneas
|-damage|p2a: Xerneas|49/100
|-enditem|p2a: Xerneas|Leftovers|[from] move: Knock Off|[of] p1a: Yveltal
|
|upkeep
|turn|41
|
|t:|1664902211
|switch|p1a: Necrozma|Necrozma-Dusk-Mane, shiny|56/100
|move|p2a: Xerneas|Aromatherapy|p2a: Xerneas
|-activate|p2a: Xerneas|move: Aromatherapy
|-curestatus|p2: Yveltal|tox|[msg]
|-curestatus|p2: Necrozma|par|[msg]
|
|upkeep
|turn|42
|
|t:|1664902217
|switch|p2a: Yveltal|Yveltal|76/100
|-ability|p2a: Yveltal|Dark Aura
|move|p1a: Necrozma|Iron Head|p2a: Yveltal
|-damage|p2a: Yveltal|45/100
|
|upkeep
|turn|43
|
|t:|1664902219
|move|p2a: Yveltal|Taunt|p1a: Necrozma
|-start|p1a: Necrozma|move: Taunt
|cant|p1a: Necrozma|move: Taunt|Thunder Wave
|
|upkeep
|turn|44
|
|t:|1664902223
|switch|p1a: Eternatus|Eternatus|1/100
|-ability|p1a: Eternatus|Pressure
|move|p2a: Yveltal|Defog|p1a: Eternatus
|-unboost|p1a: Eternatus|evasion|1
|-sideend|p2: ox04|Stealth Rock|[from] move: Defog|[of] p2a: Yveltal
|
|upkeep
|turn|45
|
|t:|1664902232
|switch|p2a: Necrozma|Necrozma-Dusk-Mane|97/100
|move|p1a: Eternatus|Recover|p1a: Eternatus
|-heal|p1a: Eternatus|51/100
|
|upkeep
|turn|46
|l| ddddddabai
|
|t:|1664902239
|switch|p1a: Zygarde|Zygarde-Complete|100/100 slp
|switch|p2a: Zekrom|Zekrom|91/100
|-ability|p2a: Zekrom|Teravolt
|
|upkeep
|turn|47
|
|t:|1664902243
|move|p2a: Zekrom|Draco Meteor|p1a: Zygarde
|-supereffective|p1a: Zygarde
|-damage|p1a: Zygarde|7/100 slp
|-unboost|p2a: Zekrom|spa|2
|-damage|p2a: Zekrom|81/100|[from] item: Life Orb
|cant|p1a: Zygarde|slp
|
|upkeep
|turn|48
|
|t:|1664902248
|move|p2a: Zekrom|Draco Meteor|p1a: Zygarde
|-supereffective|p1a: Zygarde
|-crit|p1a: Zygarde
|-damage|p1a: Zygarde|0 fnt
|-unboost|p2a: Zekrom|spa|2
|faint|p1a: Zygarde
|-damage|p2a: Zekrom|71/100|[from] item: Life Orb
|
|upkeep
|c|☆ox04|How
|
|t:|1664902252
|switch|p1a: Marshadow|Marshadow|100/100
|turn|49
|c|☆ox04|Sodef or what
|c|☆cump1|nah
|
|t:|1664902267
|move|p1a: Marshadow|Low Kick|p2a: Zekrom
|-damage|p2a: Zekrom|6/100
|move|p2a: Zekrom|Bolt Strike|p1a: Marshadow
|-crit|p1a: Marshadow
|-damage|p1a: Marshadow|0 fnt
|faint|p1a: Marshadow
|-damage|p2a: Zekrom|0 fnt|[from] item: Life Orb
|faint|p2a: Zekrom
|
|upkeep
|c|☆cump1|just a beast haha
|
|t:|1664902284
|switch|p1a: Yveltal|Yveltal, shiny|100/100
|switch|p2a: Genesect|Genesect, shiny|100/100
|-ability|p2a: Genesect|Download|boost
|-boost|p2a: Genesect|atk|1
|-ability|p1a: Yveltal|Dark Aura
|turn|50
|
|t:|1664902289
|switch|p1a: Xerneas|Xerneas, shiny|18/100
|-ability|p1a: Xerneas|Fairy Aura
|move|p2a: Genesect|U-turn|p1a: Xerneas
|-resisted|p1a: Xerneas
|-damage|p1a: Xerneas|5/100
|
|t:|1664902291
|switch|p2a: Cinderace|Cinderace, M|59/100|[from]move: U-turn
|
|-heal|p1a: Xerneas|11/100|[from] item: Leftovers
|upkeep
|turn|51
|
|t:|1664902293
|move|p2a: Cinderace|U-turn|p1a: Xerneas
|-start|p2a: Cinderace|typechange|Bug|[from] ability: Libero
|-resisted|p1a: Xerneas
|-damage|p1a: Xerneas|0 fnt
|faint|p1a: Xerneas
|
|t:|1664902295
|switch|p2a: Genesect|Genesect, shiny|100/100|[from]move: U-turn
|
|upkeep
|
|t:|1664902298
|switch|p1a: Eternatus|Eternatus|51/100
|-ability|p1a: Eternatus|Pressure
|turn|52
|
|t:|1664902301
|move|p2a: Genesect|U-turn|p1a: Eternatus
|-resisted|p1a: Eternatus
|-damage|p1a: Eternatus|38/100
|
|t:|1664902302
|switch|p2a: Cinderace|Cinderace, M|59/100|[from]move: U-turn
|move|p1a: Eternatus|Recover|p1a: Eternatus
|-heal|p1a: Eternatus|88/100
|
|upkeep
|turn|53
|
|t:|1664902306
|move|p2a: Cinderace|Zen Headbutt|p1a: Eternatus
|-start|p2a: Cinderace|typechange|Psychic|[from] ability: Libero
|-supereffective|p1a: Eternatus
|-damage|p1a: Eternatus|0 fnt
|faint|p1a: Eternatus
|
|upkeep
|c|☆cump1|gg
|-message|cump1 forfeited.
|
|win|ox04
|raw|cump1's rating: 1430 &rarr; <strong>1423</strong><br />(-7 for losing)
|raw|ox04's rating: 1696 &rarr; <strong>1703</strong><br />(+7 for winning)
|l|☆cump1
|c|☆ox04|gg
