|j|☆I Crit My Panties
|j|☆v. like pain
|t:|1614211558
|player|p1|I Crit My Panties|266|1394
|player|p2|v. like pain|guzma|1383
|teamsize|p1|6
|teamsize|p2|6
|gametype|singles
|gen|8
|tier|[Gen 8] Ubers
|rated|
|clearpoke
|poke|p1|Yveltal|
|poke|p1|Necrozma-Dusk-Mane|
|poke|p1|Eternatus|
|poke|p1|Xerneas|
|poke|p1|Ho-Oh|
|poke|p1|Calyrex-Shadow|
|poke|p2|Darmanitan-Galar, F|
|poke|p2|Calyrex-Shadow|
|poke|p2|Groudon|
|poke|p2|Blissey, F|
|poke|p2|Yveltal|
|poke|p2|Xerneas|
|rule|Sleep Clause Mod: Limit one foe put to sleep
|rule|Species Clause: Limit one of each Pokémon
|rule|OHKO Clause: OHKO moves are banned
|rule|Evasion Moves Clause: Evasion moves are banned
|rule|Endless Battle Clause: Forcing endless battles is banned
|rule|HP Percentage Mod: HP is shown in percentages
|rule|Dynamax Clause: You cannot dynamax
|teampreview
|inactive|Battle timer is ON: inactive players will automatically lose when time's up. (requested by v. like pain)
|inactive|v. like pain has 120 seconds left.
|inactive|v. like pain has 90 seconds left.
|
|t:|1614211649
|start
|switch|p1a: Yveltal|Yveltal|100/100
|switch|p2a: Darmanitan|Darmanitan-Galar, F|100/100
|-ability|p1a: Yveltal|Dark Aura
|turn|1
|
|t:|1614211655
|switch|p1a: Necrozma|Necrozma-Dusk-Mane|100/100
|move|p2a: Darmanitan|Flare Blitz|p1a: Necrozma
|-supereffective|p1a: Necrozma
|-damage|p1a: Necrozma|24/100
|-damage|p2a: Darmanitan|84/100|[from] item: Rocky Helmet|[of] p1a: Necrozma
|-damage|p2a: Darmanitan|55/100|[from] Recoil
|
|upkeep
|turn|2
|
|t:|1614211660
|switch|p2a: Groudon|Groudon, shiny|100/100
|-weather|SunnyDay|[from] ability: Drought|[of] p2a: Groudon
|switch|p1a: Eternatus|Eternatus|100/100
|-ability|p1a: Eternatus|Pressure
|
|-weather|SunnyDay|[upkeep]
|upkeep
|turn|3
|
|t:|1614211665
|switch|p1a: Yveltal|Yveltal|100/100
|-ability|p1a: Yveltal|Dark Aura
|move|p2a: Groudon|Stealth Rock|p1a: Yveltal
|-sidestart|p1: I Crit My Panties|move: Stealth Rock
|
|-weather|SunnyDay|[upkeep]
|upkeep
|turn|4
|
|t:|1614211667
|move|p1a: Yveltal|Knock Off|p2a: Groudon
|-damage|p2a: Groudon|75/100
|-enditem|p2a: Groudon|Leftovers|[from] move: Knock Off|[of] p1a: Yveltal
|move|p2a: Groudon|Stone Edge|p1a: Yveltal
|-supereffective|p1a: Yveltal
|-damage|p1a: Yveltal|57/100
|
|-weather|SunnyDay|[upkeep]
|upkeep
|turn|5
|
|t:|1614211672
|move|p1a: Yveltal|Roost|p1a: Yveltal
|-heal|p1a: Yveltal|100/100
|-singleturn|p1a: Yveltal|move: Roost
|move|p2a: Groudon|Roar|p1a: Yveltal
|drag|p1a: Calyrex|Calyrex-Shadow|100/100
|-ability|p1a: Calyrex|As One
|-ability|p1a: Calyrex|Unnerve|p2: v. like pain
|-damage|p1a: Calyrex|88/100|[from] Stealth Rock
|
|-weather|SunnyDay|[upkeep]
|upkeep
|turn|6
|
|t:|1614211694
|switch|p2a: Yveltal|Yveltal|100/100
|-ability|p2a: Yveltal|Dark Aura
|move|p1a: Calyrex|Grass Knot|p2a: Yveltal
|-resisted|p2a: Yveltal
|-damage|p2a: Yveltal|84/100
|
|-weather|none
|upkeep
|turn|7
|
|t:|1614211697
|switch|p1a: Xerneas|Xerneas|100/100
|-damage|p1a: Xerneas|88/100|[from] Stealth Rock
|-ability|p1a: Xerneas|Fairy Aura
|move|p2a: Yveltal|U-turn|p1a: Xerneas
|-resisted|p1a: Xerneas
|-damage|p1a: Xerneas|81/100
|
|t:|1614211704
|switch|p2a: Darmanitan|Darmanitan-Galar, F|55/100|[from]move: U-turn
|
|-heal|p1a: Xerneas|87/100|[from] item: Leftovers
|upkeep
|turn|8
|
|t:|1614211712
|move|p2a: Darmanitan|Icicle Crash|p1a: Xerneas
|-damage|p1a: Xerneas|24/100
|cant|p1a: Xerneas|flinch
|
|-heal|p1a: Xerneas|30/100|[from] item: Leftovers
|upkeep
|turn|9
|-message|I Crit My Panties forfeited.
|
|win|v. like pain
|l|☆I Crit My Panties
|raw|I Crit My Panties's rating: 1414 &rarr; <strong>1393</strong><br />(-21 for losing)
|raw|v. like pain's rating: 1383 &rarr; <strong>1405</strong><br />(+22 for winning)
|l|☆v. like pain
