|j|☆Tomer4105
|j|☆johnmorgan1990
|t:|1659449107
|gametype|singles
|player|p1|Tomer4105|265|1350
|player|p2|johnmorgan1990|169|1445
|teamsize|p1|6
|teamsize|p2|6
|gen|8
|tier|[Gen 8] Ubers
|rated|
|rule|Sleep Clause Mod: Limit one foe put to sleep
|rule|Species Clause: Limit one of each Pokémon
|rule|OHKO Clause: OHKO moves are banned
|rule|Evasion Moves Clause: Evasion moves are banned
|rule|Endless Battle Clause: Forcing endless battles is banned
|rule|HP Percentage Mod: HP is shown in percentages
|rule|Dynamax Clause: You cannot dynamax
|clearpoke
|poke|p1|Aerodactyl, F|
|poke|p1|Necrozma-Dusk-Mane|
|poke|p1|Ho-Oh|
|poke|p1|Calyrex-Shadow|
|poke|p1|Yveltal|
|poke|p1|Eternatus|
|poke|p2|Calyrex-Shadow|
|poke|p2|Xerneas-*|
|poke|p2|Shedinja|
|poke|p2|Marshadow|
|poke|p2|Ho-Oh|
|poke|p2|Yveltal|
|teampreview
|inactive|Battle timer is ON: inactive players will automatically lose when time's up. (requested by johnmorgan1990)
|
|t:|1659449116
|start
|switch|p1a: Aerodactyl|Aerodactyl, F|100/100
|switch|p2a: Yveltal|Yveltal|100/100
|-ability|p1a: Aerodactyl|Unnerve
|-ability|p2a: Yveltal|Dark Aura
|turn|1
|
|t:|1659449125
|move|p1a: Aerodactyl|Stealth Rock|p2a: Yveltal
|-sidestart|p2: johnmorgan1990|move: Stealth Rock
|move|p2a: Yveltal|Knock Off|p1a: Aerodactyl
|-enditem|p1a: Aerodactyl|Focus Sash
|-damage|p1a: Aerodactyl|1/100
|
|upkeep
|turn|2
|
|t:|1659449131
|move|p1a: Aerodactyl|Rock Tomb|p2a: Yveltal
|-supereffective|p2a: Yveltal
|-damage|p2a: Yveltal|56/100
|-unboost|p2a: Yveltal|spe|1
|move|p2a: Yveltal|Knock Off|p1a: Aerodactyl
|-damage|p1a: Aerodactyl|0 fnt
|faint|p1a: Aerodactyl
|
|upkeep
|
|t:|1659449150
|switch|p1a: Eternatus|Eternatus|100/100
|-ability|p1a: Eternatus|Pressure
|turn|3
|
|t:|1659449154
|move|p2a: Yveltal|Sucker Punch|p1a: Eternatus
|-damage|p1a: Eternatus|62/100
|move|p1a: Eternatus|Dynamax Cannon|p2a: Yveltal
|-damage|p2a: Yveltal|0 fnt
|faint|p2a: Yveltal
|-damage|p1a: Eternatus|52/100|[from] item: Life Orb
|
|upkeep
|
|t:|1659449163
|switch|p2a: Ho-Oh|Ho-Oh|100/100
|-damage|p2a: Ho-Oh|51/100|[from] Stealth Rock
|turn|4
|
|t:|1659449168
|switch|p1a: Necrozma|Necrozma-Dusk-Mane|100/100
|move|p2a: Ho-Oh|Defog|p1a: Necrozma
|-unboost|p1a: Necrozma|evasion|1
|-sideend|p2: johnmorgan1990|Stealth Rock|[from] move: Defog|[of] p2a: Ho-Oh
|
|upkeep
|turn|5
|
|t:|1659449176
|switch|p2a: Calyrex|Calyrex-Shadow|100/100
|-ability|p2a: Calyrex|As One
|-ability|p2a: Calyrex|Unnerve
|move|p1a: Necrozma|Dragon Dance|p1a: Necrozma
|-boost|p1a: Necrozma|atk|1
|-boost|p1a: Necrozma|spe|1
|
|upkeep
|turn|6
|
|t:|1659449186
|switch|p1a: Yveltal|Yveltal|100/100
|-ability|p1a: Yveltal|Dark Aura
|move|p2a: Calyrex|Astral Barrage|p1a: Yveltal
|-resisted|p1a: Yveltal
|-damage|p1a: Yveltal|65/100
|
|upkeep
|turn|7
|
|t:|1659449197
|switch|p2a: Ho-Oh|Ho-Oh|84/100
|move|p1a: Yveltal|Oblivion Wing|p2a: Ho-Oh
|-damage|p2a: Ho-Oh|45/100
|-heal|p1a: Yveltal|91/100|[from] drain|[of] p2a: Ho-Oh
|-damage|p1a: Yveltal|81/100|[from] item: Life Orb
|
|upkeep
|turn|8
|
|t:|1659449208
|move|p2a: Ho-Oh|Sacred Fire|p1a: Yveltal
|-damage|p1a: Yveltal|24/100
|move|p1a: Yveltal|Dark Pulse|p2a: Ho-Oh
|-damage|p2a: Ho-Oh|0 fnt
|faint|p2a: Ho-Oh
|-damage|p1a: Yveltal|14/100|[from] item: Life Orb
|
|upkeep
|c|☆Tomer4105|Was that...scarf ho oh
|
|t:|1659449226
|switch|p2a: Calyrex|Calyrex-Shadow|100/100
|-ability|p2a: Calyrex|As One
|-ability|p2a: Calyrex|Unnerve
|turn|9
|c|☆Tomer4105|Wow
|
|t:|1659449231
|move|p1a: Yveltal|Sucker Punch|p2a: Calyrex
|-supereffective|p2a: Calyrex
|-enditem|p2a: Calyrex|Focus Sash
|-damage|p2a: Calyrex|1/100
|-damage|p1a: Yveltal|4/100|[from] item: Life Orb
|move|p2a: Calyrex|Astral Barrage|p1a: Yveltal
|-resisted|p1a: Yveltal
|-damage|p1a: Yveltal|0 fnt
|faint|p1a: Yveltal
|-ability|p2a: Calyrex|Grim Neigh|boost
|-boost|p2a: Calyrex|spa|1
|
|upkeep
|
|t:|1659449235
|switch|p1a: Calyrex|Calyrex-Shadow|100/100
|-ability|p1a: Calyrex|As One
|-ability|p1a: Calyrex|Unnerve
|turn|10
|
|t:|1659449248
|move|p1a: Calyrex|Astral Barrage|p2a: Calyrex
|-supereffective|p2a: Calyrex
|-damage|p2a: Calyrex|0 fnt
|faint|p2a: Calyrex
|-ability|p1a: Calyrex|Grim Neigh|boost
|-boost|p1a: Calyrex|spa|1
|
|upkeep
|
|t:|1659449259
|switch|p2a: Marshadow|Marshadow|100/100
|turn|11
|
|t:|1659449263
|switch|p1a: Ho-Oh|Ho-Oh|100/100
|move|p2a: Marshadow|Spectral Thief|p1a: Ho-Oh
|-damage|p1a: Ho-Oh|59/100
|
|upkeep
|turn|12
|
|t:|1659449273
|move|p2a: Marshadow|Spectral Thief|p1a: Ho-Oh
|-damage|p1a: Ho-Oh|18/100
|move|p1a: Ho-Oh|Brave Bird|p2a: Marshadow
|-supereffective|p2a: Marshadow
|-enditem|p2a: Marshadow|Focus Sash
|-damage|p2a: Marshadow|1/100
|-damage|p1a: Ho-Oh|0 fnt|[from] Recoil
|faint|p1a: Ho-Oh
|
|upkeep
|
|t:|1659449279
|switch|p1a: Eternatus|Eternatus|52/100
|-ability|p1a: Eternatus|Pressure
|turn|13
|
|t:|1659449289
|move|p1a: Eternatus|Flamethrower|p2a: Marshadow
|-damage|p2a: Marshadow|0 fnt
|faint|p2a: Marshadow
|-damage|p1a: Eternatus|42/100|[from] item: Life Orb
|
|upkeep
|
|t:|1659449297
|switch|p2a: Xerneas|Xerneas|100/100
|-ability|p2a: Xerneas|Fairy Aura
|turn|14
|
|t:|1659449301
|move|p1a: Eternatus|Sludge Bomb|p2a: Xerneas
|-supereffective|p2a: Xerneas
|-damage|p2a: Xerneas|7/100
|-damage|p1a: Eternatus|32/100|[from] item: Life Orb
|move|p2a: Xerneas|Geomancy||[still]
|-prepare|p2a: Xerneas|Geomancy
|-enditem|p2a: Xerneas|Power Herb
|-anim|p2a: Xerneas|Geomancy|p2a: Xerneas
|-boost|p2a: Xerneas|spa|2
|-boost|p2a: Xerneas|spd|2
|-boost|p2a: Xerneas|spe|2
|
|upkeep
|turn|15
|
|t:|1659449314
|move|p2a: Xerneas|Moonblast|p1a: Eternatus
|-damage|p1a: Eternatus|0 fnt
|faint|p1a: Eternatus
|
|upkeep
|
|t:|1659449316
|switch|p1a: Calyrex|Calyrex-Shadow|100/100
|-ability|p1a: Calyrex|As One
|-ability|p1a: Calyrex|Unnerve
|turn|16
|c|☆Tomer4105|gg
|
|t:|1659449323
|move|p1a: Calyrex|Astral Barrage|p2a: Xerneas
|-damage|p2a: Xerneas|0 fnt
|faint|p2a: Xerneas
|-ability|p1a: Calyrex|Grim Neigh|boost
|-boost|p1a: Calyrex|spa|1
|
|upkeep
|
|t:|1659449330
|switch|p2a: Shedinja|Shedinja|100/100
|turn|17
|
|t:|1659449334
|move|p2a: Shedinja|Shadow Sneak|p1a: Calyrex
|-supereffective|p1a: Calyrex
|-damage|p1a: Calyrex|20/100
|move|p1a: Calyrex|Astral Barrage|p2a: Shedinja
|-supereffective|p2a: Shedinja
|-enditem|p2a: Shedinja|Focus Sash
|-damage|p2a: Shedinja|100/100
|
|upkeep
|turn|18
|
|t:|1659449342
|move|p2a: Shedinja|Shadow Sneak|p1a: Calyrex
|-supereffective|p1a: Calyrex
|-damage|p1a: Calyrex|0 fnt
|faint|p1a: Calyrex
|
|upkeep
|
|t:|1659449345
|switch|p1a: Necrozma|Necrozma-Dusk-Mane|100/100
|turn|19
|
|t:|1659449349
|move|p1a: Necrozma|Stone Edge|p2a: Shedinja|[miss]
|-miss|p1a: Necrozma|p2a: Shedinja
|move|p2a: Shedinja|Swords Dance|p2a: Shedinja
|-boost|p2a: Shedinja|atk|2
|
|upkeep
|turn|20
|
|t:|1659449356
|move|p2a: Shedinja|Shadow Sneak|p1a: Necrozma
|-supereffective|p1a: Necrozma
|-damage|p1a: Necrozma|61/100
|-enditem|p1a: Necrozma|Weakness Policy
|-boost|p1a: Necrozma|atk|2|[from] item: Weakness Policy
|-boost|p1a: Necrozma|spa|2|[from] item: Weakness Policy
|move|p1a: Necrozma|Stone Edge|p2a: Shedinja|[miss]
|-miss|p1a: Necrozma|p2a: Shedinja
|
|upkeep
|turn|21
|
|t:|1659449364
|move|p2a: Shedinja|Shadow Sneak|p1a: Necrozma
|-supereffective|p1a: Necrozma
|-damage|p1a: Necrozma|21/100
|move|p1a: Necrozma|Stone Edge|p2a: Shedinja|[miss]
|-miss|p1a: Necrozma|p2a: Shedinja
|
|upkeep
|turn|22
|c|☆Tomer4105|Bruh
|
|t:|1659449370
|move|p2a: Shedinja|Shadow Sneak|p1a: Necrozma
|-supereffective|p1a: Necrozma
|-crit|p1a: Necrozma
|-damage|p1a: Necrozma|0 fnt
|faint|p1a: Necrozma
|
|win|johnmorgan1990
|raw|Tomer4105's rating: 1350 &rarr; <strong>1335</strong><br />(-15 for losing)
|raw|johnmorgan1990's rating: 1445 &rarr; <strong>1460</strong><br />(+15 for winning)
|c|☆johnmorgan1990|No way
|c|☆johnmorgan1990|Sorry mate
|c|☆johnmorgan1990|GG
|c|☆Tomer4105|Gg
|c|☆Tomer4105|Fuck this move
|c|☆johnmorgan1990|I can't believe it missed 3 times
||Ladder isn't responding, score probably updated but might not have (Request timeout).
