|j|☆the pharoah
|j|☆QiYu4
|t:|1606389086
|player|p1|the pharoah|#ssdivleviathans|
|player|p2|QiYu4|lucas|
|teamsize|p1|6
|teamsize|p2|6
|gametype|singles
|gen|8
|tier|[Gen 8] Ubers
|clearpoke
|poke|p1|Mew|
|poke|p1|Grimmsnarl, M|
|poke|p1|Necrozma-Dusk-Mane|
|poke|p1|Zacian-Crowned|
|poke|p1|Kyurem-Black|
|poke|p1|Lunala|
|poke|p2|Zacian-Crowned|
|poke|p2|Yveltal|
|poke|p2|Necrozma-Dusk-Mane|
|poke|p2|Eternatus|
|poke|p2|Calyrex-Shadow|
|poke|p2|Kyogre|
|rule|Sleep Clause Mod: Limit one foe put to sleep
|rule|Species Clause: Limit one of each Pokémon
|rule|OHKO Clause: OHKO moves are banned
|rule|Evasion Moves Clause: Evasion moves are banned
|rule|Endless Battle Clause: Forcing endless battles is banned
|rule|HP Percentage Mod: HP is shown in percentages
|rule|Dynamax Clause: You cannot dynamax
|teampreview
|
|t:|1606389113
|start
|switch|p1a: Mew|Mew|100/100
|switch|p2a: Kyogre|Kyogre|100/100
|-weather|RainDance|[from] ability: Drizzle|[of] p2a: Kyogre
|turn|1
|
|t:|1606389122
|move|p1a: Mew|Thunder Wave|p2a: Kyogre
|-status|p2a: Kyogre|par
|move|p2a: Kyogre|Scald|p1a: Mew
|-damage|p1a: Mew|48/100
|
|-weather|RainDance|[upkeep]
|upkeep
|turn|2
|
|t:|1606389129
|move|p1a: Mew|Stealth Rock|p2a: Kyogre
|-sidestart|p2: QiYu4|move: Stealth Rock
|cant|p2a: Kyogre|par
|
|-weather|RainDance|[upkeep]
|upkeep
|turn|3
|
|t:|1606389133
|move|p1a: Mew|Spikes|p2a: Kyogre
|-sidestart|p2: QiYu4|Spikes
|move|p2a: Kyogre|Scald|p1a: Mew
|-damage|p1a: Mew|0 fnt
|faint|p1a: Mew
|
|-weather|RainDance|[upkeep]
|upkeep
|
|t:|1606389142
|switch|p1a: Kyurem|Kyurem-Black|100/100
|-ability|p1a: Kyurem|Teravolt
|turn|4
|
|t:|1606389155
|switch|p2a: Necrozma|Necrozma-Dusk-Mane|100/100
|-damage|p2a: Necrozma|94/100|[from] Stealth Rock
|-damage|p2a: Necrozma|82/100|[from] Spikes
|move|p1a: Kyurem|Dragon Dance|p1a: Kyurem
|-boost|p1a: Kyurem|atk|1
|-boost|p1a: Kyurem|spe|1
|
|-weather|RainDance|[upkeep]
|-heal|p2a: Necrozma|88/100|[from] item: Leftovers
|upkeep
|turn|5
|
|t:|1606389157
|move|p1a: Kyurem|Shadow Claw|p2a: Necrozma
|-supereffective|p2a: Necrozma
|-damage|p2a: Necrozma|40/100
|-damage|p1a: Kyurem|91/100|[from] item: Life Orb
|move|p2a: Necrozma|Knock Off|p1a: Kyurem
|-damage|p1a: Kyurem|62/100
|-enditem|p1a: Kyurem|Life Orb|[from] move: Knock Off|[of] p2a: Necrozma
|
|-weather|none
|-heal|p2a: Necrozma|46/100|[from] item: Leftovers
|upkeep
|turn|6
|
|t:|1606389164
|move|p1a: Kyurem|Dragon Dance|p1a: Kyurem
|-boost|p1a: Kyurem|atk|1
|-boost|p1a: Kyurem|spe|1
|move|p2a: Necrozma|Morning Sun|p2a: Necrozma
|-heal|p2a: Necrozma|96/100
|
|-heal|p2a: Necrozma|100/100|[from] item: Leftovers
|upkeep
|turn|7
|
|t:|1606389166
|move|p1a: Kyurem|Shadow Claw|p2a: Necrozma
|-supereffective|p2a: Necrozma
|-damage|p2a: Necrozma|55/100
|move|p2a: Necrozma|Earthquake|p1a: Kyurem
|-damage|p1a: Kyurem|31/100
|
|-heal|p2a: Necrozma|61/100|[from] item: Leftovers
|upkeep
|turn|8
|
|t:|1606389178
|switch|p2a: Yveltal|Yveltal|100/100
|-ability|p2a: Yveltal|Dark Aura
|move|p1a: Kyurem|Shadow Claw|p2a: Yveltal
|-resisted|p2a: Yveltal
|-damage|p2a: Yveltal|80/100
|
|upkeep
|turn|9
|
|t:|1606389185
|move|p2a: Yveltal|Sucker Punch|p1a: Kyurem
|-damage|p1a: Kyurem|0 fnt
|faint|p1a: Kyurem
|
|upkeep
|
|t:|1606389189
|switch|p1a: Grimmsnarl|Grimmsnarl, M|100/100
|turn|10
|
|t:|1606389204
|move|p1a: Grimmsnarl|Reflect|p1a: Grimmsnarl
|-sidestart|p1: the pharoah|Reflect
|move|p2a: Yveltal|Toxic|p1a: Grimmsnarl
|-status|p1a: Grimmsnarl|tox
|
|-damage|p1a: Grimmsnarl|94/100 tox|[from] psn
|upkeep
|turn|11
|
|t:|1606389208
|switch|p2a: Necrozma|Necrozma-Dusk-Mane|61/100
|-damage|p2a: Necrozma|49/100|[from] Spikes
|-damage|p2a: Necrozma|43/100|[from] Stealth Rock
|move|p1a: Grimmsnarl|Light Screen|p1a: Grimmsnarl
|-sidestart|p1: the pharoah|move: Light Screen
|
|-heal|p2a: Necrozma|49/100|[from] item: Leftovers
|-damage|p1a: Grimmsnarl|82/100 tox|[from] psn
|upkeep
|turn|12
|
|t:|1606389214
|move|p1a: Grimmsnarl|Taunt|p2a: Necrozma
|-start|p2a: Necrozma|move: Taunt
|move|p2a: Necrozma|Knock Off|p1a: Grimmsnarl
|-resisted|p1a: Grimmsnarl
|-damage|p1a: Grimmsnarl|78/100 tox
|-enditem|p1a: Grimmsnarl|Light Clay|[from] move: Knock Off|[of] p2a: Necrozma
|
|-heal|p2a: Necrozma|55/100|[from] item: Leftovers
|-damage|p1a: Grimmsnarl|60/100 tox|[from] psn
|upkeep
|turn|13
|
|t:|1606389217
|switch|p1a: Necrozma|Necrozma-Dusk-Mane|100/100
|move|p2a: Necrozma|Earthquake|p1a: Necrozma
|-supereffective|p1a: Necrozma
|-damage|p1a: Necrozma|87/100
|-enditem|p1a: Necrozma|Weakness Policy
|-boost|p1a: Necrozma|atk|2|[from] item: Weakness Policy
|-boost|p1a: Necrozma|spa|2|[from] item: Weakness Policy
|
|-heal|p2a: Necrozma|61/100|[from] item: Leftovers
|upkeep
|turn|14
|
|t:|1606389227
|move|p1a: Necrozma|Dragon Dance|p1a: Necrozma
|-boost|p1a: Necrozma|atk|1
|-boost|p1a: Necrozma|spe|1
|move|p2a: Necrozma|Earthquake|p1a: Necrozma
|-supereffective|p1a: Necrozma
|-damage|p1a: Necrozma|72/100
|
|-heal|p2a: Necrozma|67/100|[from] item: Leftovers
|-end|p2a: Necrozma|move: Taunt
|upkeep
|turn|15
|
|t:|1606389236
|move|p1a: Necrozma|Knock Off|p2a: Necrozma
|-supereffective|p2a: Necrozma
|-damage|p2a: Necrozma|2/100
|-enditem|p2a: Necrozma|Leftovers|[from] move: Knock Off|[of] p1a: Necrozma
|move|p2a: Necrozma|Earthquake|p1a: Necrozma
|-supereffective|p1a: Necrozma
|-damage|p1a: Necrozma|56/100
|
|upkeep
|turn|16
|
|t:|1606389239
|move|p1a: Necrozma|Knock Off|p2a: Necrozma
|-supereffective|p2a: Necrozma
|-damage|p2a: Necrozma|0 fnt
|faint|p2a: Necrozma
|
|upkeep
|
|t:|1606389241
|switch|p2a: Calyrex|Calyrex-Shadow|100/100
|-ability|p2a: Calyrex|As One
|-ability|p2a: Calyrex|Unnerve|p1: the pharoah
|-damage|p2a: Calyrex|88/100|[from] Stealth Rock
|-damage|p2a: Calyrex|76/100|[from] Spikes
|turn|17
|
|t:|1606389245
|move|p2a: Calyrex|Astral Barrage|p1a: Necrozma
|-supereffective|p1a: Necrozma
|-damage|p1a: Necrozma|0 fnt
|faint|p1a: Necrozma
|-ability|p2a: Calyrex|Grim Neigh|boost
|-boost|p2a: Calyrex|spa|1
|
|-sideend|p1: the pharoah|Reflect
|upkeep
|c|☆the pharoah|how
|j| QiYu7
|
|t:|1606389253
|switch|p1a: Grimmsnarl|Grimmsnarl, M|60/100 tox
|turn|18
|
|t:|1606389263
|switch|p2a: Zacian|Zacian-Crowned|100/100
|-damage|p2a: Zacian|88/100|[from] Spikes
|-damage|p2a: Zacian|82/100|[from] Stealth Rock
|-ability|p2a: Zacian|Intrepid Sword|boost
|-boost|p2a: Zacian|atk|1
|move|p1a: Grimmsnarl|Light Screen||[still]
|-fail|p1a: Grimmsnarl
|
|-damage|p1a: Grimmsnarl|54/100 tox|[from] psn
|-sideend|p1: the pharoah|move: Light Screen
|upkeep
|turn|19
|c|☆the pharoah|oops lol
|
|t:|1606389283
|move|p1a: Grimmsnarl|Reflect|p1a: Grimmsnarl
|-sidestart|p1: the pharoah|Reflect
|move|p2a: Zacian|Behemoth Blade|p1a: Grimmsnarl
|-supereffective|p1a: Grimmsnarl
|-crit|p1a: Grimmsnarl
|-damage|p1a: Grimmsnarl|0 fnt
|faint|p1a: Grimmsnarl
|
|upkeep
|c|☆QiYu4|lol
|j| tinsel towngirl
|l| QiYu7
|c|☆QiYu4|t
|
|t:|1606389381
|switch|p1a: Zacian|Zacian-Crowned|100/100
|-ability|p1a: Zacian|Intrepid Sword|boost
|-boost|p1a: Zacian|atk|1
|turn|20
|
|t:|1606389396
|move|p2a: Zacian|Behemoth Blade|p1a: Zacian
|-damage|p1a: Zacian|53/100
|move|p1a: Zacian|Agility|p1a: Zacian
|-boost|p1a: Zacian|spe|2
|
|upkeep
|turn|21
|
|t:|1606389454
|move|p1a: Zacian|Swords Dance|p1a: Zacian
|-boost|p1a: Zacian|atk|2
|move|p2a: Zacian|Behemoth Blade|p1a: Zacian
|-damage|p1a: Zacian|11/100
|
|upkeep
|turn|22
|
|t:|1606389464
|move|p1a: Zacian|Close Combat|p2a: Zacian
|-damage|p2a: Zacian|0 fnt
|-unboost|p1a: Zacian|def|1
|-unboost|p1a: Zacian|spd|1
|faint|p2a: Zacian
|
|upkeep
|
|t:|1606389469
|switch|p2a: Yveltal|Yveltal|80/100
|-ability|p2a: Yveltal|Dark Aura
|turn|23
|
|t:|1606389478
|switch|p2a: Eternatus|Eternatus|100/100
|-damage|p2a: Eternatus|88/100|[from] Stealth Rock
|-damage|p2a: Eternatus|76/100|[from] Spikes
|-ability|p2a: Eternatus|Pressure
|move|p1a: Zacian|Swords Dance|p1a: Zacian
|-boost|p1a: Zacian|atk|2
|
|-heal|p2a: Eternatus|82/100|[from] item: Black Sludge
|-sideend|p1: the pharoah|Reflect
|upkeep
|turn|24
|
|t:|1606389483
|move|p1a: Zacian|Play Rough|p2a: Eternatus
|-damage|p2a: Eternatus|0 fnt
|faint|p2a: Eternatus
|
|upkeep
|
|t:|1606389486
|switch|p2a: Yveltal|Yveltal|80/100
|-ability|p2a: Yveltal|Dark Aura
|turn|25
|
|t:|1606389491
|move|p2a: Yveltal|Sucker Punch|p1a: Zacian
|-resisted|p1a: Zacian
|-damage|p1a: Zacian|0 fnt
|faint|p1a: Zacian
|
|upkeep
|c|☆the pharoah|lol
|
|t:|1606389496
|switch|p1a: Lunala|Lunala|100/100
|turn|26
|
|t:|1606389503
|move|p1a: Lunala|Moonblast|p2a: Yveltal
|-supereffective|p2a: Yveltal
|-damage|p2a: Yveltal|41/100
|move|p2a: Yveltal|Snarl|p1a: Lunala
|-supereffective|p1a: Lunala
|-damage|p1a: Lunala|50/100
|-unboost|p1a: Lunala|spa|1
|
|upkeep
|turn|27
|c|☆the pharoah|cant win a 50/50 to save my life
|
|t:|1606389513
|move|p1a: Lunala|Moonblast|p2a: Yveltal
|-supereffective|p2a: Yveltal
|-damage|p2a: Yveltal|14/100
|move|p2a: Yveltal|Snarl|p1a: Lunala
|-supereffective|p1a: Lunala
|-damage|p1a: Lunala|0 fnt
|faint|p1a: Lunala
|
|win|QiYu4
|c|☆QiYu4|ggs
|c| tinsel towngirl|congrat
|l|☆QiYu4
|l| tinsel towngirl
|j|☆QiYu4
|player|p2|QiYu4|lucas
