|raw|<div class="broadcast-blue"><strong>This battle is required to be public due to a player having a name starting with 'ult9ns'.</div>
|j|☆ULT9NS★Shionツ
|j|☆ICVR
|t:|1653688366
|gametype|singles
|player|p1|ULT9NS★Shionツ|zinnia|1436
|player|p2|ICVR|dawn|1726
|teamsize|p1|6
|teamsize|p2|6
|gen|8
|tier|[Gen 8] Ubers
|rated|
|rule|Sleep Clause Mod: Limit one foe put to sleep
|rule|Species Clause: Limit one of each Pokémon
|rule|OHKO Clause: OHKO moves are banned
|rule|Evasion Moves Clause: Evasion moves are banned
|rule|Endless Battle Clause: Forcing endless battles is banned
|rule|HP Percentage Mod: HP is shown in percentages
|rule|Dynamax Clause: You cannot dynamax
|clearpoke
|poke|p1|Blissey, F|
|poke|p1|Eternatus|
|poke|p1|Darmanitan-Galar, F|
|poke|p1|Xerneas-*|
|poke|p1|Marshadow|
|poke|p1|Yveltal|
|poke|p2|Eternatus|
|poke|p2|Kyogre|
|poke|p2|Necrozma-Dusk-Mane|
|poke|p2|Yveltal|
|poke|p2|Darmanitan-Galar, M|
|poke|p2|Xerneas-*|
|teampreview
|inactive|Battle timer is ON: inactive players will automatically lose when time's up. (requested by ICVR)
|
|t:|1653688374
|start
|switch|p1a: Darmanitan|Darmanitan-Galar, F|100/100
|switch|p2a: Darmanitan|Darmanitan-Galar, M|100/100
|turn|1
|
|t:|1653688379
|switch|p2a: Xerneas|Xerneas|100/100
|-ability|p2a: Xerneas|Fairy Aura
|-item|p2a: Xerneas|Air Balloon
|switch|p1a: Xerneas|Xerneas|100/100
|-ability|p1a: Xerneas|Fairy Aura
|
|upkeep
|turn|2
|j| ULT9NSfushunwario
|j| Ann Nonima
|inactive|ULT9NS★Shionツ has 120 seconds left.
|
|t:|1653688430
|switch|p2a: Necrozma|Necrozma-Dusk-Mane|100/100
|switch|p1a: Yveltal|Yveltal|100/100
|-ability|p1a: Yveltal|Dark Aura
|
|upkeep
|turn|3
|
|t:|1653688443
|switch|p2a: Xerneas|Xerneas|100/100
|-ability|p2a: Xerneas|Fairy Aura
|-item|p2a: Xerneas|Air Balloon
|move|p1a: Yveltal|U-turn|p2a: Xerneas
|-resisted|p2a: Xerneas
|-damage|p2a: Xerneas|95/100
|-enditem|p2a: Xerneas|Air Balloon
|
|t:|1653688449
|switch|p1a: Blissey|Blissey, F|100/100|[from]move: U-turn
|
|upkeep
|turn|4
|
|t:|1653688451
|switch|p2a: Necrozma|Necrozma-Dusk-Mane|100/100
|move|p1a: Blissey|Stealth Rock|p2a: Necrozma
|-sidestart|p2: ICVR|move: Stealth Rock
|
|upkeep
|turn|5
|
|t:|1653688454
|switch|p1a: Yveltal|Yveltal|100/100
|-ability|p1a: Yveltal|Dark Aura
|move|p2a: Necrozma|Stealth Rock|p1a: Yveltal
|-sidestart|p1: ULT9NS★Shionツ|move: Stealth Rock
|
|upkeep
|turn|6
|
|t:|1653688462
|move|p1a: Yveltal|U-turn|p2a: Necrozma
|-damage|p2a: Necrozma|85/100
|
|t:|1653688467
|switch|p1a: Blissey|Blissey, F|100/100|[from]move: U-turn
|-damage|p1a: Blissey|88/100|[from] Stealth Rock
|move|p2a: Necrozma|Thunder Wave|p1a: Blissey
|-status|p1a: Blissey|par
|
|-heal|p2a: Necrozma|91/100|[from] item: Leftovers
|upkeep
|turn|7
|
|t:|1653688469
|-curestatus|p1a: Blissey|par|[from] ability: Natural Cure
|switch|p1a: Yveltal|Yveltal|100/100
|-ability|p1a: Yveltal|Dark Aura
|move|p2a: Necrozma|Thunder Wave|p1a: Yveltal
|-status|p1a: Yveltal|par
|
|-heal|p2a: Necrozma|97/100|[from] item: Leftovers
|upkeep
|turn|8
|
|t:|1653688474
|switch|p2a: Xerneas|Xerneas|95/100
|-damage|p2a: Xerneas|82/100|[from] Stealth Rock
|-ability|p2a: Xerneas|Fairy Aura
|cant|p1a: Yveltal|par
|
|upkeep
|turn|9
|
|t:|1653688478
|switch|p2a: Yveltal|Yveltal|100/100
|-ability|p2a: Yveltal|Dark Aura
|switch|p1a: Blissey|Blissey, F|88/100
|-damage|p1a: Blissey|76/100|[from] Stealth Rock
|
|upkeep
|turn|10
|
|t:|1653688482
|switch|p1a: Xerneas|Xerneas|100/100
|-damage|p1a: Xerneas|88/100|[from] Stealth Rock
|-ability|p1a: Xerneas|Fairy Aura
|move|p2a: Yveltal|Knock Off|p1a: Xerneas
|-resisted|p1a: Xerneas
|-damage|p1a: Xerneas|72/100
|-enditem|p1a: Xerneas|Leftovers|[from] move: Knock Off|[of] p2a: Yveltal
|
|upkeep
|turn|11
|
|t:|1653688486
|move|p2a: Yveltal|Knock Off|p1a: Xerneas
|-resisted|p1a: Xerneas
|-damage|p1a: Xerneas|62/100
|move|p1a: Xerneas|Moonblast|p2a: Yveltal
|-supereffective|p2a: Yveltal
|-damage|p2a: Yveltal|23/100
|
|upkeep
|turn|12
|
|t:|1653688489
|switch|p2a: Necrozma|Necrozma-Dusk-Mane|97/100
|-damage|p2a: Necrozma|91/100|[from] Stealth Rock
|move|p1a: Xerneas|Moonblast|p2a: Necrozma
|-resisted|p2a: Necrozma
|-damage|p2a: Necrozma|75/100
|
|-heal|p2a: Necrozma|81/100|[from] item: Leftovers
|upkeep
|turn|13
|
|t:|1653688495
|switch|p1a: Yveltal|Yveltal|100/100 par
|-ability|p1a: Yveltal|Dark Aura
|switch|p2a: Yveltal|Yveltal|23/100
|-ability|p2a: Yveltal|Dark Aura
|
|upkeep
|turn|14
|
|t:|1653688498
|move|p2a: Yveltal|Roost|p2a: Yveltal
|-heal|p2a: Yveltal|73/100
|-singleturn|p2a: Yveltal|move: Roost
|move|p1a: Yveltal|Knock Off|p2a: Yveltal
|-resisted|p2a: Yveltal
|-damage|p2a: Yveltal|50/100
|-enditem|p2a: Yveltal|Heavy-Duty Boots|[from] move: Knock Off|[of] p1a: Yveltal
|
|upkeep
|turn|15
|
|t:|1653688506
|move|p2a: Yveltal|Roost|p2a: Yveltal
|-heal|p2a: Yveltal|100/100
|-singleturn|p2a: Yveltal|move: Roost
|move|p1a: Yveltal|U-turn|p2a: Yveltal
|-supereffective|p2a: Yveltal
|-damage|p2a: Yveltal|65/100
|
|t:|1653688509
|switch|p1a: Xerneas|Xerneas|62/100|[from]move: U-turn
|-damage|p1a: Xerneas|49/100|[from] Stealth Rock
|-ability|p1a: Xerneas|Fairy Aura
|
|upkeep
|turn|16
|
|t:|1653688514
|move|p2a: Yveltal|Defog|p1a: Xerneas
|-unboost|p1a: Xerneas|evasion|1
|-sideend|p1: ULT9NS★Shionツ|Stealth Rock|[from] move: Defog|[of] p2a: Yveltal
|-sideend|p2: ICVR|Stealth Rock|[from] move: Defog|[of] p2a: Yveltal
|move|p1a: Xerneas|Rest|p1a: Xerneas
|-status|p1a: Xerneas|slp|[from] move: Rest
|-heal|p1a: Xerneas|100/100 slp|[silent]
|
|upkeep
|turn|17
|
|t:|1653688519
|switch|p2a: Necrozma|Necrozma-Dusk-Mane|81/100
|cant|p1a: Xerneas|slp
|move|p1a: Xerneas|Sleep Talk|p1a: Xerneas
|move|p1a: Xerneas|Aromatherapy|p1a: Xerneas|[from]move: Sleep Talk
|-activate|p1a: Xerneas|move: Aromatherapy
|-curestatus|p1a: Xerneas|slp|[msg]
|-curestatus|p1: Yveltal|par|[msg]
|
|-heal|p2a: Necrozma|87/100|[from] item: Leftovers
|upkeep
|turn|18
|
|t:|1653688524
|switch|p1a: Yveltal|Yveltal|100/100
|-ability|p1a: Yveltal|Dark Aura
|move|p2a: Necrozma|Thunder Wave|p1a: Yveltal
|-status|p1a: Yveltal|par
|
|-heal|p2a: Necrozma|93/100|[from] item: Leftovers
|upkeep
|turn|19
|
|t:|1653688530
|switch|p2a: Yveltal|Yveltal|65/100
|-ability|p2a: Yveltal|Dark Aura
|move|p1a: Yveltal|U-turn|p2a: Yveltal
|-damage|p2a: Yveltal|46/100
|
|t:|1653688535
|switch|p1a: Marshadow|Marshadow|100/100|[from]move: U-turn
|
|upkeep
|turn|20
|
|t:|1653688541
|move|p1a: Marshadow|Low Kick|p2a: Yveltal
|-damage|p2a: Yveltal|0 fnt
|faint|p2a: Yveltal
|
|upkeep
|
|t:|1653688545
|switch|p2a: Xerneas|Xerneas|82/100
|-ability|p2a: Xerneas|Fairy Aura
|turn|21
|
|t:|1653688549
|switch|p1a: Blissey|Blissey, F|76/100
|switch|p2a: Necrozma|Necrozma-Dusk-Mane|93/100
|
|-heal|p2a: Necrozma|99/100|[from] item: Leftovers
|upkeep
|turn|22
|
|t:|1653688552
|switch|p1a: Yveltal|Yveltal|100/100 par
|-ability|p1a: Yveltal|Dark Aura
|move|p2a: Necrozma|Stealth Rock|p1a: Yveltal
|-sidestart|p1: ULT9NS★Shionツ|move: Stealth Rock
|
|-heal|p2a: Necrozma|100/100|[from] item: Leftovers
|upkeep
|turn|23
|
|t:|1653688556
|switch|p2a: Xerneas|Xerneas|82/100
|-ability|p2a: Xerneas|Fairy Aura
|move|p1a: Yveltal|Defog|p2a: Xerneas
|-unboost|p2a: Xerneas|evasion|1
|-sideend|p1: ULT9NS★Shionツ|Stealth Rock|[from] move: Defog|[of] p1a: Yveltal
|
|upkeep
|turn|24
|
|t:|1653688562
|switch|p1a: Blissey|Blissey, F|76/100
|move|p2a: Xerneas|Moonblast|p1a: Blissey
|-damage|p1a: Blissey|60/100
|-unboost|p1a: Blissey|spa|1
|
|upkeep
|turn|25
|
|t:|1653688566
|switch|p2a: Necrozma|Necrozma-Dusk-Mane|100/100
|move|p1a: Blissey|Soft-Boiled|p1a: Blissey
|-heal|p1a: Blissey|100/100
|
|upkeep
|turn|26
|
|t:|1653688570
|switch|p1a: Yveltal|Yveltal|100/100 par
|-ability|p1a: Yveltal|Dark Aura
|move|p2a: Necrozma|Sunsteel Strike|p1a: Yveltal
|-damage|p1a: Yveltal|66/100 par
|
|upkeep
|turn|27
|
|t:|1653688573
|move|p2a: Necrozma|Stealth Rock|p1a: Yveltal
|-sidestart|p1: ULT9NS★Shionツ|move: Stealth Rock
|move|p1a: Yveltal|Roost|p1a: Yveltal
|-heal|p1a: Yveltal|100/100 par
|-singleturn|p1a: Yveltal|move: Roost
|
|upkeep
|turn|28
|
|t:|1653688579
|switch|p2a: Darmanitan|Darmanitan-Galar, M|100/100
|move|p1a: Yveltal|Defog|p2a: Darmanitan
|-unboost|p2a: Darmanitan|evasion|1
|-sideend|p1: ULT9NS★Shionツ|Stealth Rock|[from] move: Defog|[of] p1a: Yveltal
|
|upkeep
|turn|29
|
|t:|1653688583
|switch|p1a: Xerneas|Xerneas|100/100
|-ability|p1a: Xerneas|Fairy Aura
|move|p2a: Darmanitan|U-turn|p1a: Xerneas
|-resisted|p1a: Xerneas
|-damage|p1a: Xerneas|90/100
|
|t:|1653688585
|switch|p2a: Necrozma|Necrozma-Dusk-Mane|100/100|[from]move: U-turn
|
|upkeep
|turn|30
|
|t:|1653688587
|switch|p1a: Yveltal|Yveltal|100/100 par
|-ability|p1a: Yveltal|Dark Aura
|move|p2a: Necrozma|Sunsteel Strike|p1a: Yveltal
|-damage|p1a: Yveltal|63/100 par
|
|upkeep
|turn|31
|
|t:|1653688590
|move|p2a: Necrozma|Sunsteel Strike|p1a: Yveltal
|-damage|p1a: Yveltal|24/100 par
|move|p1a: Yveltal|Roost|p1a: Yveltal
|-heal|p1a: Yveltal|75/100 par
|-singleturn|p1a: Yveltal|move: Roost
|
|upkeep
|turn|32
|
|t:|1653688596
|move|p2a: Necrozma|Sunsteel Strike|p1a: Yveltal
|-damage|p1a: Yveltal|36/100 par
|cant|p1a: Yveltal|par
|
|upkeep
|turn|33
|
|t:|1653688607
|move|p2a: Necrozma|Stealth Rock|p1a: Yveltal
|-sidestart|p1: ULT9NS★Shionツ|move: Stealth Rock
|move|p1a: Yveltal|Roost|p1a: Yveltal
|-heal|p1a: Yveltal|86/100 par
|-singleturn|p1a: Yveltal|move: Roost
|
|upkeep
|turn|34
|
|t:|1653688610
|switch|p2a: Darmanitan|Darmanitan-Galar, M|100/100
|cant|p1a: Yveltal|par
|
|upkeep
|turn|35
|
|t:|1653688614
|switch|p1a: Xerneas|Xerneas|90/100
|-damage|p1a: Xerneas|78/100|[from] Stealth Rock
|-ability|p1a: Xerneas|Fairy Aura
|move|p2a: Darmanitan|Icicle Crash|p1a: Xerneas
|-damage|p1a: Xerneas|42/100
|
|upkeep
|turn|36
|
|t:|1653688618
|move|p2a: Darmanitan|Icicle Crash|p1a: Xerneas|[miss]
|-miss|p2a: Darmanitan|p1a: Xerneas
|move|p1a: Xerneas|Rest|p1a: Xerneas
|-status|p1a: Xerneas|slp|[from] move: Rest
|-heal|p1a: Xerneas|100/100 slp|[silent]
|
|upkeep
|turn|37
|
|t:|1653688624
|switch|p2a: Necrozma|Necrozma-Dusk-Mane|100/100
|cant|p1a: Xerneas|slp
|move|p1a: Xerneas|Sleep Talk|p1a: Xerneas
|move|p1a: Xerneas|Moonblast|p2a: Necrozma|[from]move: Sleep Talk
|-resisted|p2a: Necrozma
|-damage|p2a: Necrozma|85/100
|
|-heal|p2a: Necrozma|91/100|[from] item: Leftovers
|upkeep
|turn|38
|
|t:|1653688629
|switch|p1a: Yveltal|Yveltal|86/100 par
|-ability|p1a: Yveltal|Dark Aura
|switch|p2a: Darmanitan|Darmanitan-Galar, M|100/100
|
|upkeep
|turn|39
|
|t:|1653688631
|switch|p1a: Xerneas|Xerneas|100/100 slp
|-damage|p1a: Xerneas|88/100 slp|[from] Stealth Rock
|-ability|p1a: Xerneas|Fairy Aura
|move|p2a: Darmanitan|Icicle Crash|p1a: Xerneas
|-damage|p1a: Xerneas|52/100 slp
|
|upkeep
|turn|40
|
|t:|1653688637
|move|p2a: Darmanitan|Icicle Crash|p1a: Xerneas
|-damage|p1a: Xerneas|12/100 slp
|cant|p1a: Xerneas|slp
|move|p1a: Xerneas|Sleep Talk|p1a: Xerneas
|move|p1a: Xerneas|Aromatherapy|p1a: Xerneas|[from]move: Sleep Talk
|-activate|p1a: Xerneas|move: Aromatherapy
|-curestatus|p1a: Xerneas|slp|[msg]
|-curestatus|p1: Yveltal|par|[msg]
|
|upkeep
|turn|41
|
|t:|1653688643
|move|p2a: Darmanitan|Icicle Crash|p1a: Xerneas
|-damage|p1a: Xerneas|0 fnt
|faint|p1a: Xerneas
|
|upkeep
|
|t:|1653688646
|switch|p1a: Darmanitan|Darmanitan-Galar, F|100/100
|-damage|p1a: Darmanitan|76/100|[from] Stealth Rock
|turn|42
|
|t:|1653688655
|move|p2a: Darmanitan|Icicle Crash|p1a: Darmanitan
|-resisted|p1a: Darmanitan
|-damage|p1a: Darmanitan|23/100
|move|p1a: Darmanitan|U-turn|p2a: Darmanitan
|-damage|p2a: Darmanitan|42/100
|
|t:|1653688659
|switch|p1a: Marshadow|Marshadow|100/100|[from]move: U-turn
|-damage|p1a: Marshadow|94/100|[from] Stealth Rock
|
|upkeep
|turn|43
|
|t:|1653688668
|switch|p2a: Xerneas|Xerneas|82/100
|-ability|p2a: Xerneas|Fairy Aura
|switch|p1a: Yveltal|Yveltal|86/100
|-ability|p1a: Yveltal|Dark Aura
|
|upkeep
|turn|44
|
|t:|1653688673
|switch|p1a: Blissey|Blissey, F|100/100
|-damage|p1a: Blissey|88/100|[from] Stealth Rock
|move|p2a: Xerneas|Moonblast|p1a: Blissey
|-damage|p1a: Blissey|70/100
|
|upkeep
|turn|45
|l| Ann Nonima
|
|t:|1653688678
|switch|p2a: Darmanitan|Darmanitan-Galar, M|42/100
|move|p1a: Blissey|Stealth Rock|p2a: Darmanitan
|-sidestart|p2: ICVR|move: Stealth Rock
|
|upkeep
|turn|46
|
|t:|1653688687
|switch|p1a: Darmanitan|Darmanitan-Galar, F|23/100
|-damage|p1a: Darmanitan|0 fnt|[from] Stealth Rock
|faint|p1a: Darmanitan
|move|p2a: Darmanitan|Icicle Crash|p1: Darmanitan|[notarget]
|-fail|p2a: Darmanitan
|
|upkeep
|
|t:|1653688689
|switch|p1a: Marshadow|Marshadow|94/100
|-damage|p1a: Marshadow|88/100|[from] Stealth Rock
|turn|47
|
|t:|1653688695
|switch|p2a: Xerneas|Xerneas|82/100
|-damage|p2a: Xerneas|70/100|[from] Stealth Rock
|-ability|p2a: Xerneas|Fairy Aura
|move|p1a: Marshadow|Shadow Sneak|p2a: Xerneas
|-damage|p2a: Xerneas|42/100
|
|upkeep
|turn|48
|
|t:|1653688704
|switch|p1a: Blissey|Blissey, F|70/100
|-damage|p1a: Blissey|58/100|[from] Stealth Rock
|move|p2a: Xerneas|Moonblast|p1a: Blissey
|-damage|p1a: Blissey|41/100
|-unboost|p1a: Blissey|spa|1
|
|upkeep
|turn|49
|
|t:|1653688711
|move|p2a: Xerneas|Rest|p2a: Xerneas
|-status|p2a: Xerneas|slp|[from] move: Rest
|-heal|p2a: Xerneas|100/100 slp|[silent]
|move|p1a: Blissey|Teleport|p1a: Blissey
|
|t:|1653688714
|switch|p1a: Eternatus|Eternatus|100/100|[from]move: Teleport
|-damage|p1a: Eternatus|88/100|[from] Stealth Rock
|-ability|p1a: Eternatus|Pressure
|
|upkeep
|turn|50
|
|t:|1653688717
|switch|p2a: Necrozma|Necrozma-Dusk-Mane|91/100
|-damage|p2a: Necrozma|85/100|[from] Stealth Rock
|move|p1a: Eternatus|Recover|p1a: Eternatus
|-heal|p1a: Eternatus|100/100
|
|-heal|p2a: Necrozma|91/100|[from] item: Leftovers
|upkeep
|turn|51
|c|☆ULT9NS★Shionツ|Aaa
|c|☆ULT9NS★Shionツ|Missclick
|
|t:|1653688734
|switch|p1a: Yveltal|Yveltal|86/100
|-ability|p1a: Yveltal|Dark Aura
|move|p2a: Necrozma|Thunder Wave|p1a: Yveltal|[miss]
|-miss|p2a: Necrozma|p1a: Yveltal
|
|-heal|p2a: Necrozma|97/100|[from] item: Leftovers
|upkeep
|turn|52
|c|☆ICVR|:/
|
|t:|1653688744
|move|p1a: Yveltal|Knock Off|p2a: Necrozma
|-supereffective|p2a: Necrozma
|-damage|p2a: Necrozma|35/100
|-enditem|p2a: Necrozma|Leftovers|[from] move: Knock Off|[of] p1a: Yveltal
|move|p2a: Necrozma|Thunder Wave|p1a: Yveltal
|-status|p1a: Yveltal|par
|
|upkeep
|turn|53
|
|t:|1653688747
|move|p2a: Necrozma|Morning Sun|p2a: Necrozma
|-heal|p2a: Necrozma|85/100
|move|p1a: Yveltal|Knock Off|p2a: Necrozma
|-supereffective|p2a: Necrozma
|-damage|p2a: Necrozma|49/100
|
|upkeep
|turn|54
|
|t:|1653688751
|move|p2a: Necrozma|Morning Sun|p2a: Necrozma
|-heal|p2a: Necrozma|99/100
|move|p1a: Yveltal|Knock Off|p2a: Necrozma
|-supereffective|p2a: Necrozma
|-damage|p2a: Necrozma|63/100
|
|upkeep
|turn|55
|
|t:|1653688756
|move|p2a: Necrozma|Morning Sun|p2a: Necrozma
|-heal|p2a: Necrozma|100/100
|move|p1a: Yveltal|U-turn|p2a: Necrozma
|-damage|p2a: Necrozma|87/100
|
|t:|1653688763
|switch|p1a: Eternatus|Eternatus|100/100|[from]move: U-turn
|-damage|p1a: Eternatus|88/100|[from] Stealth Rock
|-ability|p1a: Eternatus|Pressure
|
|upkeep
|turn|56
|
|t:|1653688766
|switch|p1a: Yveltal|Yveltal|86/100 par
|-ability|p1a: Yveltal|Dark Aura
|move|p2a: Necrozma|Thunder Wave|p1a: Yveltal
|-fail|p1a: Yveltal|par
|
|upkeep
|turn|57
|inactive|ULT9NS★Shionツ has 120 seconds left.
|
|t:|1653688807
|move|p2a: Necrozma|Sunsteel Strike|p1a: Yveltal
|-damage|p1a: Yveltal|49/100 par
|cant|p1a: Yveltal|par
|
|upkeep
|turn|58
|
|t:|1653688813
|switch|p2a: Darmanitan|Darmanitan-Galar, M|42/100
|-damage|p2a: Darmanitan|17/100|[from] Stealth Rock
|move|p1a: Yveltal|Roost|p1a: Yveltal
|-heal|p1a: Yveltal|99/100 par
|-singleturn|p1a: Yveltal|move: Roost
|
|upkeep
|turn|59
|
|t:|1653688822
|switch|p1a: Blissey|Blissey, F|41/100
|-damage|p1a: Blissey|28/100|[from] Stealth Rock
|move|p2a: Darmanitan|Icicle Crash|p1a: Blissey|[miss]
|-miss|p2a: Darmanitan|p1a: Blissey
|
|upkeep
|turn|60
|
|t:|1653688825
|move|p2a: Darmanitan|Icicle Crash|p1a: Blissey
|-damage|p1a: Blissey|0 fnt
|faint|p1a: Blissey
|
|upkeep
|
|t:|1653688829
|switch|p1a: Marshadow|Marshadow|88/100
|-damage|p1a: Marshadow|82/100|[from] Stealth Rock
|turn|61
|
|t:|1653688831
|move|p1a: Marshadow|Shadow Sneak|p2a: Darmanitan
|-damage|p2a: Darmanitan|0 fnt
|faint|p2a: Darmanitan
|
|upkeep
|
|t:|1653688844
|switch|p2a: Xerneas|Xerneas|100/100 slp
|-damage|p2a: Xerneas|88/100 slp|[from] Stealth Rock
|-ability|p2a: Xerneas|Fairy Aura
|turn|62
|
|t:|1653688848
|switch|p1a: Eternatus|Eternatus|88/100
|-damage|p1a: Eternatus|76/100|[from] Stealth Rock
|-ability|p1a: Eternatus|Pressure
|cant|p2a: Xerneas|slp
|move|p2a: Xerneas|Sleep Talk|p2a: Xerneas
|move|p2a: Xerneas|Aromatherapy|p2a: Xerneas|[from]move: Sleep Talk
|-activate|p2a: Xerneas|move: Aromatherapy
|-curestatus|p2a: Xerneas|slp|[msg]
|
|upkeep
|turn|63
|
|t:|1653688855
|switch|p2a: Necrozma|Necrozma-Dusk-Mane|87/100
|-damage|p2a: Necrozma|81/100|[from] Stealth Rock
|move|p1a: Eternatus|Flamethrower|p2a: Necrozma
|-supereffective|p2a: Necrozma
|-damage|p2a: Necrozma|38/100
|-damage|p1a: Eternatus|66/100|[from] item: Life Orb
|
|upkeep
|turn|64
|
|t:|1653688858
|move|p1a: Eternatus|Flamethrower|p2a: Necrozma
|-supereffective|p2a: Necrozma
|-damage|p2a: Necrozma|0 fnt
|faint|p2a: Necrozma
|-damage|p1a: Eternatus|56/100|[from] item: Life Orb
|
|upkeep
|
|t:|1653688860
|switch|p2a: Kyogre|Kyogre|100/100
|-damage|p2a: Kyogre|88/100|[from] Stealth Rock
|-weather|RainDance|[from] ability: Drizzle|[of] p2a: Kyogre
|turn|65
|
|t:|1653688875
|move|p1a: Eternatus|Recover|p1a: Eternatus
|-heal|p1a: Eternatus|100/100
|move|p2a: Kyogre|Calm Mind|p2a: Kyogre
|-boost|p2a: Kyogre|spa|1
|-boost|p2a: Kyogre|spd|1
|
|-weather|RainDance|[upkeep]
|-heal|p2a: Kyogre|94/100|[from] item: Leftovers
|upkeep
|turn|66
|
|t:|1653688881
|switch|p1a: Yveltal|Yveltal|99/100 par
|-ability|p1a: Yveltal|Dark Aura
|move|p2a: Kyogre|Ice Beam|p1a: Yveltal
|-supereffective|p1a: Yveltal
|-damage|p1a: Yveltal|36/100 par
|
|-weather|RainDance|[upkeep]
|-heal|p2a: Kyogre|100/100|[from] item: Leftovers
|upkeep
|turn|67
|
|t:|1653688884
|move|p2a: Kyogre|Ice Beam|p1a: Yveltal
|-supereffective|p1a: Yveltal
|-damage|p1a: Yveltal|0 fnt
|faint|p1a: Yveltal
|
|-weather|RainDance|[upkeep]
|upkeep
|
|t:|1653688887
|switch|p1a: Marshadow|Marshadow|82/100
|-damage|p1a: Marshadow|76/100|[from] Stealth Rock
|turn|68
|
|t:|1653688890
|switch|p2a: Xerneas|Xerneas|88/100
|-damage|p2a: Xerneas|75/100|[from] Stealth Rock
|-ability|p2a: Xerneas|Fairy Aura
|move|p1a: Marshadow|Poltergeist||[still]
|-fail|p1a: Marshadow
|
|-weather|RainDance|[upkeep]
|upkeep
|turn|69
|
|t:|1653688894
|switch|p1a: Eternatus|Eternatus|100/100
|-damage|p1a: Eternatus|88/100|[from] Stealth Rock
|-ability|p1a: Eternatus|Pressure
|move|p2a: Xerneas|Moonblast|p1a: Eternatus
|-damage|p1a: Eternatus|39/100
|-unboost|p1a: Eternatus|spa|1
|
|-weather|none
|upkeep
|turn|70
|
|t:|1653688896
|move|p1a: Eternatus|Recover|p1a: Eternatus
|-heal|p1a: Eternatus|89/100
|move|p2a: Xerneas|Moonblast|p1a: Eternatus
|-damage|p1a: Eternatus|44/100
|
|upkeep
|turn|71
|
|t:|1653688900
|switch|p2a: Kyogre|Kyogre|100/100
|-damage|p2a: Kyogre|88/100|[from] Stealth Rock
|-weather|RainDance|[from] ability: Drizzle|[of] p2a: Kyogre
|move|p1a: Eternatus|Recover|p1a: Eternatus
|-heal|p1a: Eternatus|94/100
|
|-weather|RainDance|[upkeep]
|-heal|p2a: Kyogre|94/100|[from] item: Leftovers
|upkeep
|turn|72
|
|t:|1653688904
|switch|p1a: Marshadow|Marshadow|76/100
|-damage|p1a: Marshadow|69/100|[from] Stealth Rock
|move|p2a: Kyogre|Origin Pulse|p1a: Marshadow
|-damage|p1a: Marshadow|0 fnt
|faint|p1a: Marshadow
|
|-weather|RainDance|[upkeep]
|-heal|p2a: Kyogre|100/100|[from] item: Leftovers
|upkeep
|
|t:|1653688905
|switch|p1a: Eternatus|Eternatus|94/100
|-damage|p1a: Eternatus|82/100|[from] Stealth Rock
|-ability|p1a: Eternatus|Pressure
|turn|73
|
|t:|1653688908
|move|p1a: Eternatus|Sludge Bomb|p2a: Kyogre
|-damage|p2a: Kyogre|52/100
|-damage|p1a: Eternatus|72/100|[from] item: Life Orb
|move|p2a: Kyogre|Calm Mind|p2a: Kyogre
|-boost|p2a: Kyogre|spa|1
|-boost|p2a: Kyogre|spd|1
|
|-weather|RainDance|[upkeep]
|-heal|p2a: Kyogre|58/100|[from] item: Leftovers
|upkeep
|turn|74
|
|t:|1653688912
|move|p1a: Eternatus|Dynamax Cannon|p2a: Kyogre
|-damage|p2a: Kyogre|23/100
|-damage|p1a: Eternatus|62/100|[from] item: Life Orb
|move|p2a: Kyogre|Ice Beam|p1a: Eternatus
|-supereffective|p1a: Eternatus
|-damage|p1a: Eternatus|0 fnt
|faint|p1a: Eternatus
|
|win|ICVR
|raw|ULT9NS★Shionツ's rating: 1436 &rarr; <strong>1430</strong><br />(-6 for losing)
|raw|ICVR's rating: 1726 &rarr; <strong>1732</strong><br />(+6 for winning)
|c|☆ICVR|was fun
|c|☆ICVR|gg
|c|☆ULT9NS★Shionツ|gg
|l|☆ULT9NS★Shionツ
||Ladder isn't responding, score probably updated but might not have (Request timeout).
