|j|☆Grandmaster7890
|j|☆NoTimeNoSpace
|inactive|Battle timer is ON: inactive players will automatically lose when time's up.
|t:|1640960680
|gametype|singles
|player|p1|Grandmaster7890|ghetsis|
|player|p2|NoTimeNoSpace|gambler|
|teamsize|p1|6
|teamsize|p2|6
|gen|8
|tier|[Gen 8] Ubers
|rated|Tournament battle
|rule|Sleep Clause Mod: Limit one foe put to sleep
|rule|Species Clause: Limit one of each Pokémon
|rule|OHKO Clause: OHKO moves are banned
|rule|Evasion Moves Clause: Evasion moves are banned
|rule|Endless Battle Clause: Forcing endless battles is banned
|rule|HP Percentage Mod: HP is shown in percentages
|rule|Dynamax Clause: You cannot dynamax
|rule|Same Type Clause: Pokémon in a team must share a type
|clearpoke
|poke|p1|Mewtwo|
|poke|p1|Lunala|
|poke|p1|Tapu Lele|
|poke|p1|Lugia|
|poke|p1|Calyrex-Shadow|
|poke|p1|Necrozma-Dusk-Mane|
|poke|p2|Marshadow|
|poke|p2|Calyrex-Shadow|
|poke|p2|Giratina|
|poke|p2|Dragapult, F|
|poke|p2|Blacephalon|
|poke|p2|Mimikyu, F|
|teampreview
|j|*Lady Monita ❄
|inactive|Grandmaster7890 has 120 seconds left.
|
|t:|1640960738
|start
|switch|p1a: Tapu Lele|Tapu Lele|100/100
|switch|p2a: Giratina|Giratina|100/100
|-fieldstart|move: Psychic Terrain|[from] ability: Psychic Surge|[of] p1a: Tapu Lele
|-ability|p2a: Giratina|Pressure
|turn|1
|
|t:|1640960758
|switch|p2a: Blacephalon|Blacephalon|100/100
|move|p1a: Tapu Lele|Moonblast|p2a: Blacephalon
|-resisted|p2a: Blacephalon
|-damage|p2a: Blacephalon|58/100
|
|upkeep
|turn|2
|j| Crown Oji
|
|t:|1640960773
|move|p2a: Blacephalon|Shadow Ball|p1a: Tapu Lele
|-supereffective|p1a: Tapu Lele
|-damage|p1a: Tapu Lele|8/100
|move|p1a: Tapu Lele|Moonblast|p2a: Blacephalon
|-resisted|p2a: Blacephalon
|-damage|p2a: Blacephalon|15/100
|
|upkeep
|turn|3
|
|t:|1640960788
|switch|p1a: Steel Lion|Necrozma-Dusk-Mane|100/100
|move|p2a: Blacephalon|Flame Charge|p1a: Steel Lion
|-supereffective|p1a: Steel Lion
|-damage|p1a: Steel Lion|82/100
|-boost|p2a: Blacephalon|spe|1
|-enditem|p1a: Steel Lion|Weakness Policy
|-boost|p1a: Steel Lion|atk|2|[from] item: Weakness Policy
|-boost|p1a: Steel Lion|spa|2|[from] item: Weakness Policy
|
|upkeep
|turn|4
|
|t:|1640960791
|move|p2a: Blacephalon|Flamethrower|p1a: Steel Lion
|-supereffective|p1a: Steel Lion
|-damage|p1a: Steel Lion|15/100
|move|p1a: Steel Lion|Earthquake|p2a: Blacephalon
|-supereffective|p2a: Blacephalon
|-damage|p2a: Blacephalon|0 fnt
|faint|p2a: Blacephalon
|
|upkeep
|
|t:|1640960804
|switch|p2a: Calyrex|Calyrex-Shadow|100/100
|-ability|p2a: Calyrex|As One
|-ability|p2a: Calyrex|Unnerve
|turn|5
|
|t:|1640960809
|move|p2a: Calyrex|Astral Barrage|p1a: Steel Lion
|-supereffective|p1a: Steel Lion
|-damage|p1a: Steel Lion|0 fnt
|faint|p1a: Steel Lion
|-ability|p2a: Calyrex|Grim Neigh|boost
|-boost|p2a: Calyrex|spa|1
|
|upkeep
|
|t:|1640960812
|switch|p1a: Mewtwo|Mewtwo|100/100
|-ability|p1a: Mewtwo|Pressure
|turn|6
|
|t:|1640960817
|move|p2a: Calyrex|Astral Barrage|p1a: Mewtwo
|-supereffective|p1a: Mewtwo
|-damage|p1a: Mewtwo|0 fnt
|faint|p1a: Mewtwo
|-ability|p2a: Calyrex|Grim Neigh|boost
|-boost|p2a: Calyrex|spa|1
|
|upkeep
|
|t:|1640960822
|switch|p1a: Calyrex|Calyrex-Shadow|100/100
|-ability|p1a: Calyrex|As One
|-ability|p1a: Calyrex|Unnerve
|turn|7
|
|t:|1640960824
|move|p2a: Calyrex|Astral Barrage|p1a: Calyrex
|-supereffective|p1a: Calyrex
|-enditem|p1a: Calyrex|Focus Sash
|-damage|p1a: Calyrex|1/100
|move|p1a: Calyrex|Astral Barrage|p2a: Calyrex
|-supereffective|p2a: Calyrex
|-damage|p2a: Calyrex|0 fnt
|faint|p2a: Calyrex
|-ability|p1a: Calyrex|Grim Neigh|boost
|-boost|p1a: Calyrex|spa|1
|
|upkeep
|
|t:|1640960832
|switch|p2a: Mimikyu|Mimikyu, F|100/100
|turn|8
|
|t:|1640960843
|switch|p1a: Lugia|Lugia|100/100
|switch|p2a: Giratina|Giratina|100/100
|-ability|p2a: Giratina|Pressure
|
|-fieldend|move: Psychic Terrain
|upkeep
|turn|9
|
|t:|1640960849
|move|p1a: Lugia|Toxic|p2a: Giratina|[miss]
|-miss|p1a: Lugia|p2a: Giratina
|move|p2a: Giratina|Toxic|p1a: Lugia
|-status|p1a: Lugia|tox
|
|-damage|p1a: Lugia|94/100 tox|[from] psn
|upkeep
|turn|10
|
|t:|1640960853
|switch|p1a: Tapu Lele|Tapu Lele|8/100
|-fieldstart|move: Psychic Terrain|[from] ability: Psychic Surge|[of] p1a: Tapu Lele
|move|p2a: Giratina|Magic Coat|p2a: Giratina
|-singleturn|p2a: Giratina|move: Magic Coat
|
|upkeep
|turn|11
|
|t:|1640960856
|move|p1a: Tapu Lele|Moonblast|p2a: Giratina
|-supereffective|p2a: Giratina
|-damage|p2a: Giratina|47/100
|-unboost|p2a: Giratina|spa|1
|move|p2a: Giratina|Hex|p1a: Tapu Lele
|-supereffective|p1a: Tapu Lele
|-damage|p1a: Tapu Lele|0 fnt
|faint|p1a: Tapu Lele
|
|-heal|p2a: Giratina|53/100|[from] item: Leftovers
|upkeep
|
|t:|1640960859
|switch|p1a: Calyrex|Calyrex-Shadow|1/100
|-ability|p1a: Calyrex|As One
|-ability|p1a: Calyrex|Unnerve
|turn|12
|
|t:|1640960862
|move|p1a: Calyrex|Astral Barrage|p2a: Giratina
|-supereffective|p2a: Giratina
|-damage|p2a: Giratina|0 fnt
|faint|p2a: Giratina
|-ability|p1a: Calyrex|Grim Neigh|boost
|-boost|p1a: Calyrex|spa|1
|
|upkeep
|
|t:|1640960868
|switch|p2a: Marshadow|Marshadow|100/100
|turn|13
|
|t:|1640960874
|move|p1a: Calyrex|Expanding Force|p2a: Marshadow
|-supereffective|p2a: Marshadow
|-crit|p2a: Marshadow
|-enditem|p2a: Marshadow|Focus Sash
|-damage|p2a: Marshadow|1/100
|move|p2a: Marshadow|Spectral Thief||[still]
|-clearpositiveboost|p1a: Calyrex|p2a: Marshadow|move: Spectral Thief
|-boost|p2a: Marshadow|spa|1
|-anim|p2a: Marshadow|Spectral Thief|p1a: Calyrex
|-supereffective|p1a: Calyrex
|-damage|p1a: Calyrex|0 fnt
|faint|p1a: Calyrex
|
|upkeep
|
|t:|1640960891
|switch|p1a: Lunala|Lunala|100/100
|turn|14
|
|t:|1640960901
|move|p1a: Lunala|Moongeist Beam|p2a: Marshadow
|-supereffective|p2a: Marshadow
|-damage|p2a: Marshadow|0 fnt
|faint|p2a: Marshadow
|
|upkeep
|inactive|NoTimeNoSpace has 120 seconds left.
|
|t:|1640960955
|switch|p2a: Dragapult|Dragapult, F|100/100
|turn|15
|
|t:|1640960965
|move|p1a: Lunala|Moongeist Beam|p2a: Dragapult
|-supereffective|p2a: Dragapult
|-damage|p2a: Dragapult|0 fnt
|faint|p2a: Dragapult
|
|upkeep
|
|t:|1640960969
|switch|p2a: Mimikyu|Mimikyu, F|100/100
|turn|16
|
|t:|1640960975
|move|p1a: Lunala|Moongeist Beam|p2a: Mimikyu
|-supereffective|p2a: Mimikyu
|-damage|p2a: Mimikyu|0 fnt
|faint|p2a: Mimikyu
|
|win|Grandmaster7890
|n|☆Grandmaster7890|grandmaster7890
|n|☆NoTimeNoSpace|notimenospace
|n|*Lady Monita ❄|ladymonita
|n| Crown Oji|crownoji
