|j|‽skarma'd
|j|☆PokeDuels
|t:|1619465948
|gametype|singles
|player|p1|skarma'd|ninjaboy|1349
|player|p2|PokeDuels|102|1485
|teamsize|p1|6
|teamsize|p2|6
|gen|8
|tier|[Gen 8] Ubers
|rated|
|clearpoke
|poke|p1|Tyranitar, M|
|poke|p1|Excadrill, M|
|poke|p1|Ferrothorn, F|
|poke|p1|Toxapex, M|
|poke|p1|Dracovish|
|poke|p1|Clefable, M|
|poke|p2|Yveltal|
|poke|p2|Necrozma-Dusk-Mane|
|poke|p2|Ho-Oh|
|poke|p2|Calyrex-Shadow|
|poke|p2|Tangrowth, M|
|poke|p2|Blissey, F|
|rule|Sleep Clause Mod: Limit one foe put to sleep
|rule|Species Clause: Limit one of each Pokémon
|rule|OHKO Clause: OHKO moves are banned
|rule|Evasion Moves Clause: Evasion moves are banned
|rule|Endless Battle Clause: Forcing endless battles is banned
|rule|HP Percentage Mod: HP is shown in percentages
|rule|Dynamax Clause: You cannot dynamax
|teampreview
|inactive|Battle timer is ON: inactive players will automatically lose when time's up. (requested by skarma'd)
|
|t:|1619465995
|start
|switch|p1a: Tyranitar|Tyranitar, M|100/100
|switch|p2a: Tangrowth|Tangrowth, M|100/100
|-weather|Sandstorm|[from] ability: Sand Stream|[of] p1a: Tyranitar
|turn|1
|
|t:|1619466009
|move|p1a: Tyranitar|Stealth Rock|p2a: Tangrowth
|-sidestart|p2: PokeDuels|move: Stealth Rock
|move|p2a: Tangrowth|Toxic|p1a: Tyranitar
|-status|p1a: Tyranitar|tox
|
|-weather|Sandstorm|[upkeep]
|-damage|p2a: Tangrowth|94/100|[from] Sandstorm
|-damage|p1a: Tyranitar|94/100 tox|[from] psn
|upkeep
|turn|2
|
|t:|1619466018
|switch|p1a: Ferrothorn|Ferrothorn, F|100/100
|switch|p2a: Ho-Oh|Ho-Oh|100/100
|
|-weather|Sandstorm|[upkeep]
|-damage|p2a: Ho-Oh|94/100|[from] Sandstorm
|upkeep
|turn|3
|
|t:|1619466028
|switch|p1a: Dracovish|Dracovish|100/100
|move|p2a: Ho-Oh|Defog|p1a: Dracovish
|-unboost|p1a: Dracovish|evasion|1
|-sideend|p2: PokeDuels|Stealth Rock|[from] move: Defog|[of] p2a: Ho-Oh
|
|-weather|Sandstorm|[upkeep]
|-damage|p2a: Ho-Oh|88/100|[from] Sandstorm
|upkeep
|turn|4
|
|t:|1619466035
|switch|p2a: Tangrowth|Tangrowth, M|100/100
|move|p1a: Dracovish|Fishious Rend|p2a: Tangrowth
|-resisted|p2a: Tangrowth
|-damage|p2a: Tangrowth|72/100
|-damage|p1a: Dracovish|84/100|[from] item: Rocky Helmet|[of] p2a: Tangrowth
|
|-weather|Sandstorm|[upkeep]
|-damage|p2a: Tangrowth|65/100|[from] Sandstorm
|upkeep
|turn|5
|
|t:|1619466050
|switch|p1a: Clefable|Clefable, M|100/100
|move|p2a: Tangrowth|Earthquake|p1a: Clefable
|-crit|p1a: Clefable
|-damage|p1a: Clefable|74/100
|
|-weather|Sandstorm|[upkeep]
|-damage|p2a: Tangrowth|59/100|[from] Sandstorm
|-heal|p1a: Clefable|80/100|[from] item: Leftovers
|upkeep
|turn|6
|
|t:|1619466057
|switch|p2a: Blissey|Blissey, F|100/100
|move|p1a: Clefable|Teleport|p1a: Clefable
|
|t:|1619466063
|switch|p1a: Ferrothorn|Ferrothorn, F|100/100|[from]move: Teleport
|
|-weather|Sandstorm|[upkeep]
|-damage|p2a: Blissey|94/100|[from] Sandstorm
|upkeep
|turn|7
|
|t:|1619466072
|switch|p2a: Ho-Oh|Ho-Oh|100/100
|move|p1a: Ferrothorn|Knock Off|p2a: Ho-Oh
|-damage|p2a: Ho-Oh|87/100
|-enditem|p2a: Ho-Oh|Heavy-Duty Boots|[from] move: Knock Off|[of] p1a: Ferrothorn
|
|-weather|Sandstorm|[upkeep]
|-damage|p2a: Ho-Oh|81/100|[from] Sandstorm
|upkeep
|turn|8
|
|t:|1619466079
|switch|p1a: Dracovish|Dracovish|84/100
|move|p2a: Ho-Oh|Sacred Fire|p1a: Dracovish
|-resisted|p1a: Dracovish
|-damage|p1a: Dracovish|73/100
|-status|p1a: Dracovish|brn
|
|-weather|none
|-damage|p1a: Dracovish|67/100 brn|[from] brn
|upkeep
|turn|9
|
|t:|1619466084
|switch|p2a: Tangrowth|Tangrowth, M|92/100
|move|p1a: Dracovish|Facade|p2a: Tangrowth
|-damage|p2a: Tangrowth|57/100
|-damage|p1a: Dracovish|50/100 brn|[from] item: Rocky Helmet|[of] p2a: Tangrowth
|
|-damage|p1a: Dracovish|44/100 brn|[from] brn
|upkeep
|turn|10
|
|t:|1619466091
|switch|p1a: Clefable|Clefable, M|80/100
|move|p2a: Tangrowth|Grass Knot|p1a: Clefable
|-damage|p1a: Clefable|58/100
|
|-heal|p1a: Clefable|64/100|[from] item: Leftovers
|upkeep
|turn|11
|
|t:|1619466100
|switch|p2a: Necrozma|Necrozma-Dusk-Mane|100/100
|move|p1a: Clefable|Wish|p1a: Clefable
|
|-heal|p1a: Clefable|70/100|[from] item: Leftovers
|upkeep
|turn|12
|
|t:|1619466113
|switch|p1a: Dracovish|Dracovish|44/100 brn
|move|p2a: Necrozma|Stealth Rock|p1a: Dracovish
|-sidestart|p1: skarma'd|move: Stealth Rock
|
|-heal|p1a: Dracovish|100/100 brn|[from] move: Wish|[wisher] Clefable
|-damage|p1a: Dracovish|94/100 brn|[from] brn
|upkeep
|turn|13
|
|t:|1619466120
|switch|p1a: Ferrothorn|Ferrothorn, F|100/100
|-damage|p1a: Ferrothorn|94/100|[from] Stealth Rock
|switch|p2a: Tangrowth|Tangrowth, M|90/100
|
|-heal|p1a: Ferrothorn|100/100|[from] item: Leftovers
|upkeep
|turn|14
|
|t:|1619466128
|switch|p2a: Ho-Oh|Ho-Oh|100/100
|switch|p1a: Tyranitar|Tyranitar, M|94/100 tox
|-damage|p1a: Tyranitar|82/100 tox|[from] Stealth Rock
|-weather|Sandstorm|[from] ability: Sand Stream|[of] p1a: Tyranitar
|
|-weather|Sandstorm|[upkeep]
|-damage|p2a: Ho-Oh|94/100|[from] Sandstorm
|-damage|p1a: Tyranitar|76/100 tox|[from] psn
|upkeep
|turn|15
|
|t:|1619466138
|switch|p2a: Tangrowth|Tangrowth, M|100/100
|move|p1a: Tyranitar|Stealth Rock|p2a: Tangrowth
|-sidestart|p2: PokeDuels|move: Stealth Rock
|
|-weather|Sandstorm|[upkeep]
|-damage|p2a: Tangrowth|94/100|[from] Sandstorm
|-damage|p1a: Tyranitar|63/100 tox|[from] psn
|upkeep
|turn|16
|
|t:|1619466152
|switch|p1a: Ferrothorn|Ferrothorn, F|100/100
|-damage|p1a: Ferrothorn|94/100|[from] Stealth Rock
|move|p2a: Tangrowth|Earthquake|p1a: Ferrothorn
|-damage|p1a: Ferrothorn|76/100
|
|-weather|Sandstorm|[upkeep]
|-damage|p2a: Tangrowth|88/100|[from] Sandstorm
|-heal|p1a: Ferrothorn|82/100|[from] item: Leftovers
|upkeep
|turn|17
|
|t:|1619466165
|switch|p2a: Ho-Oh|Ho-Oh|100/100
|-damage|p2a: Ho-Oh|50/100|[from] Stealth Rock
|move|p1a: Ferrothorn|Knock Off|p2a: Ho-Oh
|-damage|p2a: Ho-Oh|40/100
|
|-weather|Sandstorm|[upkeep]
|-damage|p2a: Ho-Oh|34/100|[from] Sandstorm
|-heal|p1a: Ferrothorn|88/100|[from] item: Leftovers
|upkeep
|turn|18
|
|t:|1619466175
|move|p2a: Ho-Oh|Defog|p1a: Ferrothorn
|-unboost|p1a: Ferrothorn|evasion|1
|-sideend|p1: skarma'd|Stealth Rock|[from] move: Defog|[of] p2a: Ho-Oh
|-sideend|p2: PokeDuels|Stealth Rock|[from] move: Defog|[of] p2a: Ho-Oh
|move|p1a: Ferrothorn|Leech Seed|p2a: Ho-Oh
|-start|p2a: Ho-Oh|move: Leech Seed
|
|-weather|Sandstorm|[upkeep]
|-damage|p2a: Ho-Oh|28/100|[from] Sandstorm
|-heal|p1a: Ferrothorn|95/100|[from] item: Leftovers
|-damage|p2a: Ho-Oh|15/100|[from] Leech Seed|[of] p1a: Ferrothorn
|-heal|p1a: Ferrothorn|100/100|[silent]
|upkeep
|turn|19
|
|t:|1619466190
|switch|p2a: Tangrowth|Tangrowth, M|100/100
|switch|p1a: Tyranitar|Tyranitar, M|63/100 tox
|
|-weather|Sandstorm|[upkeep]
|-damage|p2a: Tangrowth|94/100|[from] Sandstorm
|-damage|p1a: Tyranitar|57/100 tox|[from] psn
|upkeep
|turn|20
|
|t:|1619466194
|move|p1a: Tyranitar|Stealth Rock|p2a: Tangrowth
|-sidestart|p2: PokeDuels|move: Stealth Rock
|move|p2a: Tangrowth|Grass Knot|p1a: Tyranitar
|-supereffective|p1a: Tyranitar
|-damage|p1a: Tyranitar|23/100 tox
|
|-weather|Sandstorm|[upkeep]
|-damage|p2a: Tangrowth|88/100|[from] Sandstorm
|-damage|p1a: Tyranitar|11/100 tox|[from] psn
|upkeep
|turn|21
|
|t:|1619466200
|switch|p2a: Yveltal|Yveltal|100/100
|-ability|p2a: Yveltal|Dark Aura
|move|p1a: Tyranitar|Rest|p1a: Tyranitar
|-status|p1a: Tyranitar|slp|[from] move: Rest
|-heal|p1a: Tyranitar|100/100 slp|[silent]
|
|-weather|none
|upkeep
|turn|22
|
|t:|1619466208
|switch|p1a: Clefable|Clefable, M|70/100
|move|p2a: Yveltal|Defog|p1a: Clefable
|-unboost|p1a: Clefable|evasion|1
|-sideend|p2: PokeDuels|Stealth Rock|[from] move: Defog|[of] p2a: Yveltal
|
|-heal|p1a: Clefable|76/100|[from] item: Leftovers
|upkeep
|turn|23
|
|t:|1619466215
|move|p2a: Yveltal|Knock Off|p1a: Clefable
|-resisted|p1a: Clefable
|-damage|p1a: Clefable|52/100
|-enditem|p1a: Clefable|Leftovers|[from] move: Knock Off|[of] p2a: Yveltal
|move|p1a: Clefable|Aromatherapy|p1a: Clefable
|-activate|p1a: Clefable|move: Aromatherapy
|-curestatus|p1: Tyranitar|slp|[msg]
|-curestatus|p1: Dracovish|brn|[msg]
|
|upkeep
|turn|24
|
|t:|1619466224
|switch|p2a: Ho-Oh|Ho-Oh|49/100
|move|p1a: Clefable|Teleport|p1a: Clefable
|
|t:|1619466234
|switch|p1a: Tyranitar|Tyranitar, M|100/100|[from]move: Teleport
|-weather|Sandstorm|[from] ability: Sand Stream|[of] p1a: Tyranitar
|
|-weather|Sandstorm|[upkeep]
|-damage|p2a: Ho-Oh|42/100|[from] Sandstorm
|upkeep
|turn|25
|
|t:|1619466246
|switch|p2a: Yveltal|Yveltal|100/100
|-ability|p2a: Yveltal|Dark Aura
|move|p1a: Tyranitar|Stealth Rock|p2a: Yveltal
|-sidestart|p2: PokeDuels|move: Stealth Rock
|
|-weather|Sandstorm|[upkeep]
|-damage|p2a: Yveltal|94/100|[from] Sandstorm
|upkeep
|turn|26
|
|t:|1619466251
|move|p2a: Yveltal|Defog|p1a: Tyranitar
|-unboost|p1a: Tyranitar|evasion|1
|-sideend|p2: PokeDuels|Stealth Rock|[from] move: Defog|[of] p2a: Yveltal
|move|p1a: Tyranitar|Thunder Wave|p2a: Yveltal
|-status|p2a: Yveltal|par
|
|-weather|Sandstorm|[upkeep]
|-damage|p2a: Yveltal|88/100 par|[from] Sandstorm
|upkeep
|turn|27
|
|t:|1619466256
|move|p1a: Tyranitar|Stealth Rock|p2a: Yveltal
|-sidestart|p2: PokeDuels|move: Stealth Rock
|cant|p2a: Yveltal|par
|
|-weather|Sandstorm|[upkeep]
|-damage|p2a: Yveltal|82/100 par|[from] Sandstorm
|upkeep
|turn|28
|
|t:|1619466266
|switch|p1a: Excadrill|Excadrill, M|100/100
|move|p2a: Yveltal|Defog|p1a: Excadrill
|-unboost|p1a: Excadrill|evasion|1
|-sideend|p2: PokeDuels|Stealth Rock|[from] move: Defog|[of] p2a: Yveltal
|
|-weather|Sandstorm|[upkeep]
|-damage|p2a: Yveltal|76/100 par|[from] Sandstorm
|upkeep
|turn|29
|
|t:|1619466275
|switch|p2a: Tangrowth|Tangrowth, M|100/100
|move|p1a: Excadrill|Rock Slide|p2a: Tangrowth
|-damage|p2a: Tangrowth|85/100
|
|-weather|Sandstorm|[upkeep]
|-damage|p2a: Tangrowth|78/100|[from] Sandstorm
|upkeep
|turn|30
|
|t:|1619466284
|switch|p1a: Ferrothorn|Ferrothorn, F|100/100
|move|p2a: Tangrowth|Earthquake|p1a: Ferrothorn
|-damage|p1a: Ferrothorn|84/100
|
|-weather|Sandstorm|[upkeep]
|-damage|p2a: Tangrowth|72/100|[from] Sandstorm
|-heal|p1a: Ferrothorn|91/100|[from] item: Leftovers
|upkeep
|turn|31
|
|t:|1619466291
|switch|p2a: Ho-Oh|Ho-Oh|75/100
|switch|p1a: Tyranitar|Tyranitar, M|100/100
|
|-weather|none
|upkeep
|turn|32
|
|t:|1619466300
|move|p2a: Ho-Oh|Toxic|p1a: Tyranitar
|-status|p1a: Tyranitar|tox
|move|p1a: Tyranitar|Stealth Rock|p2a: Ho-Oh
|-sidestart|p2: PokeDuels|move: Stealth Rock
|
|-damage|p1a: Tyranitar|94/100 tox|[from] psn
|upkeep
|turn|33
|
|t:|1619466306
|switch|p2a: Tangrowth|Tangrowth, M|100/100
|-damage|p2a: Tangrowth|88/100|[from] Stealth Rock
|move|p1a: Tyranitar|Thunder Wave|p2a: Tangrowth
|-status|p2a: Tangrowth|par
|
|-damage|p1a: Tyranitar|82/100 tox|[from] psn
|upkeep
|turn|34
|
|t:|1619466315
|switch|p1a: Clefable|Clefable, M|52/100
|switch|p2a: Ho-Oh|Ho-Oh|100/100
|-damage|p2a: Ho-Oh|50/100|[from] Stealth Rock
|
|upkeep
|turn|35
|
|t:|1619466322
|move|p2a: Ho-Oh|Defog|p1a: Clefable
|-unboost|p1a: Clefable|evasion|1
|-sideend|p2: PokeDuels|Stealth Rock|[from] move: Defog|[of] p2a: Ho-Oh
|move|p1a: Clefable|Wish|p1a: Clefable
|
|upkeep
|turn|36
|
|t:|1619466332
|move|p2a: Ho-Oh|Toxic|p1a: Clefable
|-status|p1a: Clefable|tox
|move|p1a: Clefable|Moonblast|p2a: Ho-Oh
|-resisted|p2a: Ho-Oh
|-crit|p2a: Ho-Oh
|-damage|p2a: Ho-Oh|37/100
|
|-heal|p1a: Clefable|100/100 tox|[from] move: Wish|[wisher] Clefable
|upkeep
|turn|37
|
|t:|1619466342
|move|p2a: Ho-Oh|Toxic|p1a: Clefable
|-fail|p1a: Clefable|tox
|move|p1a: Clefable|Teleport|p1a: Clefable
|
|t:|1619466362
|switch|p1a: Dracovish|Dracovish|94/100|[from]move: Teleport
|
|upkeep
|turn|38
|
|t:|1619466375
|switch|p1a: Toxapex|Toxapex, M|100/100
|switch|p2a: Tangrowth|Tangrowth, M|100/100 par
|
|upkeep
|turn|39
|
|t:|1619466385
|switch|p2a: Yveltal|Yveltal|76/100 par
|-ability|p2a: Yveltal|Dark Aura
|move|p1a: Toxapex|Knock Off|p2a: Yveltal
|-resisted|p2a: Yveltal
|-damage|p2a: Yveltal|68/100 par
|-enditem|p2a: Yveltal|Heavy-Duty Boots|[from] move: Knock Off|[of] p1a: Toxapex
|
|upkeep
|turn|40
|
|t:|1619466407
|switch|p2a: Ho-Oh|Ho-Oh|70/100
|switch|p1a: Clefable|Clefable, M|100/100 tox
|
|upkeep
|turn|41
|
|t:|1619466425
|switch|p2a: Blissey|Blissey, F|94/100
|move|p1a: Clefable|Teleport|p1a: Clefable
|
|t:|1619466438
|switch|p1a: Tyranitar|Tyranitar, M|82/100 tox|[from]move: Teleport
|-weather|Sandstorm|[from] ability: Sand Stream|[of] p1a: Tyranitar
|
|-weather|Sandstorm|[upkeep]
|-damage|p2a: Blissey|88/100|[from] Sandstorm
|-damage|p1a: Tyranitar|76/100 tox|[from] psn
|upkeep
|turn|42
|
|t:|1619466461
|switch|p2a: Tangrowth|Tangrowth, M|100/100 par
|move|p1a: Tyranitar|Stealth Rock|p2a: Tangrowth
|-sidestart|p2: PokeDuels|move: Stealth Rock
|
|-weather|Sandstorm|[upkeep]
|-damage|p2a: Tangrowth|94/100 par|[from] Sandstorm
|-damage|p1a: Tyranitar|63/100 tox|[from] psn
|upkeep
|turn|43
|
|t:|1619466481
|switch|p1a: Ferrothorn|Ferrothorn, F|91/100
|switch|p2a: Ho-Oh|Ho-Oh|100/100
|-damage|p2a: Ho-Oh|50/100|[from] Stealth Rock
|
|-weather|Sandstorm|[upkeep]
|-damage|p2a: Ho-Oh|44/100|[from] Sandstorm
|-heal|p1a: Ferrothorn|97/100|[from] item: Leftovers
|upkeep
|turn|44
|
|t:|1619466488
|switch|p1a: Tyranitar|Tyranitar, M|63/100 tox
|move|p2a: Ho-Oh|Defog|p1a: Tyranitar
|-unboost|p1a: Tyranitar|evasion|1
|-sideend|p2: PokeDuels|Stealth Rock|[from] move: Defog|[of] p2a: Ho-Oh
|
|-weather|Sandstorm|[upkeep]
|-damage|p2a: Ho-Oh|38/100|[from] Sandstorm
|-damage|p1a: Tyranitar|57/100 tox|[from] psn
|upkeep
|turn|45
|
|t:|1619466495
|switch|p2a: Necrozma|Necrozma-Dusk-Mane|100/100
|move|p1a: Tyranitar|Stealth Rock|p2a: Necrozma
|-sidestart|p2: PokeDuels|move: Stealth Rock
|
|-weather|Sandstorm|[upkeep]
|-damage|p1a: Tyranitar|45/100 tox|[from] psn
|upkeep
|turn|46
|
|t:|1619466512
|switch|p2a: Ho-Oh|Ho-Oh|71/100
|-damage|p2a: Ho-Oh|21/100|[from] Stealth Rock
|move|p1a: Tyranitar|Rest|p1a: Tyranitar
|-status|p1a: Tyranitar|slp|[from] move: Rest
|-heal|p1a: Tyranitar|100/100 slp|[silent]
|
|-weather|Sandstorm|[upkeep]
|-damage|p2a: Ho-Oh|15/100|[from] Sandstorm
|upkeep
|turn|47
|
|t:|1619466517
|move|p2a: Ho-Oh|Defog|p1a: Tyranitar
|-unboost|p1a: Tyranitar|evasion|1
|-sideend|p2: PokeDuels|Stealth Rock|[from] move: Defog|[of] p2a: Ho-Oh
|cant|p1a: Tyranitar|slp
|
|-weather|Sandstorm|[upkeep]
|-damage|p2a: Ho-Oh|9/100|[from] Sandstorm
|upkeep
|turn|48
|
|t:|1619466521
|switch|p2a: Necrozma|Necrozma-Dusk-Mane|100/100
|cant|p1a: Tyranitar|slp
|
|-weather|none
|upkeep
|turn|49
|
|t:|1619466529
|move|p2a: Necrozma|Stealth Rock|p1a: Tyranitar
|-sidestart|p1: skarma'd|move: Stealth Rock
|-curestatus|p1a: Tyranitar|slp|[msg]
|move|p1a: Tyranitar|Stealth Rock|p2a: Necrozma
|-sidestart|p2: PokeDuels|move: Stealth Rock
|
|upkeep
|turn|50
|
|t:|1619466540
|switch|p1a: Dracovish|Dracovish|94/100
|-damage|p1a: Dracovish|82/100|[from] Stealth Rock
|move|p2a: Necrozma|Thunder Wave|p1a: Dracovish
|-status|p1a: Dracovish|par
|
|upkeep
|turn|51
|
|t:|1619466549
|move|p2a: Necrozma|Iron Head|p1a: Dracovish
|-resisted|p1a: Dracovish
|-damage|p1a: Dracovish|60/100 par
|move|p1a: Dracovish|Facade|p2a: Necrozma
|-resisted|p2a: Necrozma
|-damage|p2a: Necrozma|84/100
|-damage|p1a: Dracovish|43/100 par|[from] item: Rocky Helmet|[of] p2a: Necrozma
|
|upkeep
|turn|52
|
|t:|1619466556
|move|p2a: Necrozma|Thunder Wave|p1a: Dracovish
|-fail|p1a: Dracovish|par
|move|p1a: Dracovish|Facade|p2a: Necrozma
|-resisted|p2a: Necrozma
|-damage|p2a: Necrozma|68/100
|-damage|p1a: Dracovish|27/100 par|[from] item: Rocky Helmet|[of] p2a: Necrozma
|
|upkeep
|turn|53
|
|t:|1619466558
|move|p2a: Necrozma|Morning Sun|p2a: Necrozma
|-heal|p2a: Necrozma|100/100
|move|p1a: Dracovish|Facade|p2a: Necrozma
|-resisted|p2a: Necrozma
|-damage|p2a: Necrozma|85/100
|-damage|p1a: Dracovish|10/100 par|[from] item: Rocky Helmet|[of] p2a: Necrozma
|
|upkeep
|turn|54
|
|t:|1619466562
|move|p2a: Necrozma|Thunder Wave|p1a: Dracovish
|-fail|p1a: Dracovish|par
|cant|p1a: Dracovish|par
|
|upkeep
|turn|55
|
|t:|1619466565
|move|p2a: Necrozma|Thunder Wave|p1a: Dracovish|[miss]
|-miss|p2a: Necrozma|p1a: Dracovish
|move|p1a: Dracovish|Facade|p2a: Necrozma
|-resisted|p2a: Necrozma
|-damage|p2a: Necrozma|70/100
|-damage|p1a: Dracovish|0 fnt|[from] item: Rocky Helmet|[of] p2a: Necrozma
|faint|p1a: Dracovish
|
|upkeep
|
|t:|1619466582
|switch|p1a: Ferrothorn|Ferrothorn, F|97/100
|-damage|p1a: Ferrothorn|91/100|[from] Stealth Rock
|turn|56
|
|t:|1619466590
|move|p2a: Necrozma|Thunder Wave|p1a: Ferrothorn
|-status|p1a: Ferrothorn|par
|move|p1a: Ferrothorn|Leech Seed|p2a: Necrozma
|-start|p2a: Necrozma|move: Leech Seed
|
|-heal|p1a: Ferrothorn|97/100 par|[from] item: Leftovers
|-damage|p2a: Necrozma|58/100|[from] Leech Seed|[of] p1a: Ferrothorn
|-heal|p1a: Ferrothorn|100/100 par|[silent]
|upkeep
|turn|57
|
|t:|1619466594
|move|p2a: Necrozma|Morning Sun|p2a: Necrozma
|-heal|p2a: Necrozma|100/100
|move|p1a: Ferrothorn|Knock Off|p2a: Necrozma
|-supereffective|p2a: Necrozma
|-damage|p2a: Necrozma|84/100
|-damage|p1a: Ferrothorn|84/100 par|[from] item: Rocky Helmet|[of] p2a: Necrozma
|-enditem|p2a: Necrozma|Rocky Helmet|[from] move: Knock Off|[of] p1a: Ferrothorn
|
|-heal|p1a: Ferrothorn|90/100 par|[from] item: Leftovers
|-damage|p2a: Necrozma|72/100|[from] Leech Seed|[of] p1a: Ferrothorn
|-heal|p1a: Ferrothorn|100/100 par|[silent]
|upkeep
|turn|58
|
|t:|1619466601
|switch|p2a: Tangrowth|Tangrowth, M|100/100 par
|-damage|p2a: Tangrowth|88/100 par|[from] Stealth Rock
|move|p1a: Ferrothorn|Leech Seed|p2a: Tangrowth
|-immune|p2a: Tangrowth
|
|upkeep
|turn|59
|
|t:|1619466616
|move|p2a: Tangrowth|Earthquake|p1a: Ferrothorn
|-damage|p1a: Ferrothorn|83/100 par
|move|p1a: Ferrothorn|Spikes|p2a: Tangrowth
|-sidestart|p2: PokeDuels|Spikes
|
|-heal|p1a: Ferrothorn|90/100 par|[from] item: Leftovers
|upkeep
|turn|60
|
|t:|1619466628
|switch|p2a: Yveltal|Yveltal|68/100 par
|-damage|p2a: Yveltal|43/100 par|[from] Stealth Rock
|-ability|p2a: Yveltal|Dark Aura
|switch|p1a: Clefable|Clefable, M|100/100 tox
|
|upkeep
|turn|61
|
|t:|1619466638
|switch|p2a: Blissey|Blissey, F|88/100
|-damage|p2a: Blissey|76/100|[from] Stealth Rock
|-damage|p2a: Blissey|63/100|[from] Spikes
|move|p1a: Clefable|Moonblast|p2a: Blissey
|-damage|p2a: Blissey|54/100
|
|upkeep
|turn|62
|
|t:|1619466644
|move|p2a: Blissey|Aromatherapy|p2a: Blissey
|-activate|p2a: Blissey|move: Aromatherapy
|-curestatus|p2: Yveltal|par|[msg]
|-curestatus|p2: Tangrowth|par|[msg]
|move|p1a: Clefable|Teleport|p1a: Clefable
|
|t:|1619466672
|switch|p1a: Excadrill|Excadrill, M|100/100|[from]move: Teleport
|-damage|p1a: Excadrill|97/100|[from] Stealth Rock
|
|upkeep
|turn|63
|
|t:|1619466677
|switch|p2a: Tangrowth|Tangrowth, M|100/100
|-damage|p2a: Tangrowth|88/100|[from] Stealth Rock
|-damage|p2a: Tangrowth|76/100|[from] Spikes
|move|p1a: Excadrill|Rapid Spin|p2a: Tangrowth
|-damage|p2a: Tangrowth|65/100
|-boost|p1a: Excadrill|spe|1
|-damage|p1a: Excadrill|81/100|[from] item: Rocky Helmet|[of] p2a: Tangrowth
|-sideend|p1: skarma'd|Stealth Rock|[from] move: Rapid Spin|[of] p1a: Excadrill
|
|upkeep
|turn|64
|
|t:|1619466688
|switch|p1a: Toxapex|Toxapex, M|100/100
|move|p2a: Tangrowth|Earthquake|p1a: Toxapex
|-supereffective|p1a: Toxapex
|-damage|p1a: Toxapex|71/100
|
|-heal|p1a: Toxapex|77/100|[from] item: Black Sludge
|upkeep
|turn|65
|
|t:|1619466699
|switch|p2a: Blissey|Blissey, F|54/100
|-damage|p2a: Blissey|42/100|[from] Stealth Rock
|-damage|p2a: Blissey|29/100|[from] Spikes
|move|p1a: Toxapex|Scald|p2a: Blissey
|-damage|p2a: Blissey|24/100
|-status|p2a: Blissey|brn
|
|-heal|p1a: Toxapex|83/100|[from] item: Black Sludge
|-damage|p2a: Blissey|18/100 brn|[from] brn
|upkeep
|turn|66
|
|t:|1619466711
|move|p2a: Blissey|Soft-Boiled|p2a: Blissey
|-heal|p2a: Blissey|68/100 brn
|move|p1a: Toxapex|Knock Off|p2a: Blissey
|-damage|p2a: Blissey|53/100 brn
|-enditem|p2a: Blissey|Utility Umbrella|[from] move: Knock Off|[of] p1a: Toxapex
|
|-heal|p1a: Toxapex|89/100|[from] item: Black Sludge
|-damage|p2a: Blissey|47/100 brn|[from] brn
|upkeep
|turn|67
|
|t:|1619466722
|move|p2a: Blissey|Soft-Boiled|p2a: Blissey
|-heal|p2a: Blissey|97/100 brn
|move|p1a: Toxapex|Scald|p2a: Blissey
|-damage|p2a: Blissey|92/100 brn
|
|-heal|p1a: Toxapex|95/100|[from] item: Black Sludge
|-damage|p2a: Blissey|86/100 brn|[from] brn
|upkeep
|turn|68
|inactive|PokeDuels has 120 seconds left.
|inactive|PokeDuels has 90 seconds left.
|
|t:|1619466790
|switch|p1a: Tyranitar|Tyranitar, M|100/100
|-weather|Sandstorm|[from] ability: Sand Stream|[of] p1a: Tyranitar
|move|p2a: Blissey|Toxic|p1a: Tyranitar
|-status|p1a: Tyranitar|tox
|
|-weather|Sandstorm|[upkeep]
|-damage|p2a: Blissey|80/100 brn|[from] Sandstorm
|-damage|p1a: Tyranitar|94/100 tox|[from] psn
|-damage|p2a: Blissey|74/100 brn|[from] brn
|upkeep
|turn|69
|
|t:|1619466807
|switch|p1a: Excadrill|Excadrill, M|81/100
|switch|p2a: Tangrowth|Tangrowth, M|98/100
|-damage|p2a: Tangrowth|86/100|[from] Spikes
|-damage|p2a: Tangrowth|73/100|[from] Stealth Rock
|
|-weather|Sandstorm|[upkeep]
|-damage|p2a: Tangrowth|67/100|[from] Sandstorm
|upkeep
|turn|70
|
|t:|1619466817
|switch|p1a: Toxapex|Toxapex, M|100/100
|move|p2a: Tangrowth|Leech Seed|p1a: Toxapex
|-start|p1a: Toxapex|move: Leech Seed
|
|-weather|Sandstorm|[upkeep]
|-damage|p2a: Tangrowth|61/100|[from] Sandstorm
|-damage|p1a: Toxapex|95/100|[from] Sandstorm
|-heal|p1a: Toxapex|100/100|[from] item: Black Sludge
|-damage|p1a: Toxapex|88/100|[from] Leech Seed|[of] p2a: Tangrowth
|-heal|p2a: Tangrowth|70/100|[silent]
|upkeep
|turn|71
|
|t:|1619466826
|switch|p2a: Blissey|Blissey, F|74/100
|-damage|p2a: Blissey|61/100|[from] Spikes
|-damage|p2a: Blissey|49/100|[from] Stealth Rock
|move|p1a: Toxapex|Scald|p2a: Blissey
|-damage|p2a: Blissey|45/100
|
|-weather|Sandstorm|[upkeep]
|-damage|p2a: Blissey|38/100|[from] Sandstorm
|-damage|p1a: Toxapex|82/100|[from] Sandstorm
|-heal|p1a: Toxapex|88/100|[from] item: Black Sludge
|-damage|p1a: Toxapex|76/100|[from] Leech Seed|[of] p2a: Blissey
|-heal|p2a: Blissey|44/100|[silent]
|upkeep
|turn|72
|
|t:|1619466833
|switch|p1a: Excadrill|Excadrill, M|81/100
|move|p2a: Blissey|Soft-Boiled|p2a: Blissey
|-heal|p2a: Blissey|94/100
|
|-weather|Sandstorm|[upkeep]
|-damage|p2a: Blissey|88/100|[from] Sandstorm
|upkeep
|turn|73
|
|t:|1619466837
|switch|p2a: Tangrowth|Tangrowth, M|100/100
|-damage|p2a: Tangrowth|88/100|[from] Spikes
|-damage|p2a: Tangrowth|76/100|[from] Stealth Rock
|move|p1a: Excadrill|Swords Dance|p1a: Excadrill
|-boost|p1a: Excadrill|atk|2
|
|-weather|Sandstorm|[upkeep]
|-damage|p2a: Tangrowth|70/100|[from] Sandstorm
|upkeep
|turn|74
|
|t:|1619466848
|move|p1a: Excadrill|Rock Slide|p2a: Tangrowth
|-damage|p2a: Tangrowth|38/100
|move|p2a: Tangrowth|Earthquake|p1a: Excadrill
|-supereffective|p1a: Excadrill
|-crit|p1a: Excadrill
|-damage|p1a: Excadrill|0 fnt
|faint|p1a: Excadrill
|
|-weather|Sandstorm|[upkeep]
|-damage|p2a: Tangrowth|32/100|[from] Sandstorm
|upkeep
|
|t:|1619466861
|switch|p1a: Clefable|Clefable, M|100/100 tox
|turn|75
|
|t:|1619466870
|switch|p2a: Blissey|Blissey, F|88/100
|-damage|p2a: Blissey|76/100|[from] Stealth Rock
|-damage|p2a: Blissey|63/100|[from] Spikes
|move|p1a: Clefable|Moonblast|p2a: Blissey
|-damage|p2a: Blissey|54/100
|
|-weather|none
|upkeep
|turn|76
|
|t:|1619466874
|move|p2a: Blissey|Soft-Boiled|p2a: Blissey
|-heal|p2a: Blissey|100/100
|move|p1a: Clefable|Teleport|p1a: Clefable
|
|t:|1619466877
|switch|p1a: Ferrothorn|Ferrothorn, F|90/100 par|[from]move: Teleport
|
|-heal|p1a: Ferrothorn|96/100 par|[from] item: Leftovers
|upkeep
|turn|77
|
|t:|1619466883
|switch|p2a: Tangrowth|Tangrowth, M|65/100
|-damage|p2a: Tangrowth|52/100|[from] Spikes
|-damage|p2a: Tangrowth|40/100|[from] Stealth Rock
|cant|p1a: Ferrothorn|par
|
|-heal|p1a: Ferrothorn|100/100 par|[from] item: Leftovers
|upkeep
|turn|78
|
|t:|1619466902
|switch|p2a: Yveltal|Yveltal|43/100
|-damage|p2a: Yveltal|18/100|[from] Stealth Rock
|-ability|p2a: Yveltal|Dark Aura
|move|p1a: Ferrothorn|Leech Seed|p2a: Yveltal
|-start|p2a: Yveltal|move: Leech Seed
|
|-damage|p2a: Yveltal|6/100|[from] Leech Seed|[of] p1a: Ferrothorn
|upkeep
|turn|79
|
|t:|1619466908
|move|p2a: Yveltal|Roost|p2a: Yveltal
|-heal|p2a: Yveltal|56/100
|-singleturn|p2a: Yveltal|move: Roost
|move|p1a: Ferrothorn|Power Whip|p2a: Yveltal
|-damage|p2a: Yveltal|25/100
|
|-damage|p2a: Yveltal|13/100|[from] Leech Seed|[of] p1a: Ferrothorn
|upkeep
|turn|80
|
|t:|1619466914
|move|p2a: Yveltal|Roost|p2a: Yveltal
|-heal|p2a: Yveltal|63/100
|-singleturn|p2a: Yveltal|move: Roost
|move|p1a: Ferrothorn|Power Whip|p2a: Yveltal
|-damage|p2a: Yveltal|31/100
|
|-damage|p2a: Yveltal|19/100|[from] Leech Seed|[of] p1a: Ferrothorn
|upkeep
|turn|81
|
|t:|1619466929
|move|p2a: Yveltal|Roost|p2a: Yveltal
|-heal|p2a: Yveltal|69/100
|-singleturn|p2a: Yveltal|move: Roost
|cant|p1a: Ferrothorn|par
|
|-damage|p2a: Yveltal|56/100|[from] Leech Seed|[of] p1a: Ferrothorn
|upkeep
|turn|82
|
|t:|1619466933
|switch|p1a: Tyranitar|Tyranitar, M|94/100 tox
|-weather|Sandstorm|[from] ability: Sand Stream|[of] p1a: Tyranitar
|move|p2a: Yveltal|Defog|p1a: Tyranitar
|-unboost|p1a: Tyranitar|evasion|1
|-sideend|p2: PokeDuels|Spikes|[from] move: Defog|[of] p2a: Yveltal
|-sideend|p2: PokeDuels|Stealth Rock|[from] move: Defog|[of] p2a: Yveltal
|
|-weather|Sandstorm|[upkeep]
|-damage|p2a: Yveltal|50/100|[from] Sandstorm
|-damage|p2a: Yveltal|38/100|[from] Leech Seed|[of] p1a: Tyranitar
|-heal|p1a: Tyranitar|100/100 tox|[silent]
|-damage|p1a: Tyranitar|94/100 tox|[from] psn
|upkeep
|turn|83
|
|t:|1619466939
|move|p2a: Yveltal|Roost|p2a: Yveltal
|-heal|p2a: Yveltal|88/100
|-singleturn|p2a: Yveltal|move: Roost
|move|p1a: Tyranitar|Stealth Rock|p2a: Yveltal
|-sidestart|p2: PokeDuels|move: Stealth Rock
|
|-weather|Sandstorm|[upkeep]
|-damage|p2a: Yveltal|82/100|[from] Sandstorm
|-damage|p2a: Yveltal|70/100|[from] Leech Seed|[of] p1a: Tyranitar
|-heal|p1a: Tyranitar|100/100 tox|[silent]
|-damage|p1a: Tyranitar|88/100 tox|[from] psn
|upkeep
|turn|84
|
|t:|1619466955
|move|p2a: Yveltal|Knock Off|p1a: Tyranitar
|-resisted|p1a: Tyranitar
|-damage|p1a: Tyranitar|66/100 tox
|-enditem|p1a: Tyranitar|Smooth Rock|[from] move: Knock Off|[of] p2a: Yveltal
|move|p1a: Tyranitar|Thunder Wave|p2a: Yveltal
|-status|p2a: Yveltal|par
|
|-weather|Sandstorm|[upkeep]
|-damage|p2a: Yveltal|63/100 par|[from] Sandstorm
|-damage|p2a: Yveltal|51/100 par|[from] Leech Seed|[of] p1a: Tyranitar
|-heal|p1a: Tyranitar|80/100 tox|[silent]
|-damage|p1a: Tyranitar|61/100 tox|[from] psn
|upkeep
|turn|85
|
|t:|1619466962
|switch|p1a: Ferrothorn|Ferrothorn, F|100/100 par
|cant|p2a: Yveltal|par
|
|-weather|Sandstorm|[upkeep]
|-damage|p2a: Yveltal|45/100 par|[from] Sandstorm
|-damage|p2a: Yveltal|33/100 par|[from] Leech Seed|[of] p1a: Ferrothorn
|upkeep
|turn|86
|
|t:|1619466968
|cant|p2a: Yveltal|par
|move|p1a: Ferrothorn|Power Whip|p2a: Yveltal
|-resisted|p2a: Yveltal
|-damage|p2a: Yveltal|18/100 par
|
|-weather|Sandstorm|[upkeep]
|-damage|p2a: Yveltal|12/100 par|[from] Sandstorm
|-damage|p2a: Yveltal|0 fnt|[from] Leech Seed|[of] p1a: Ferrothorn
|faint|p2a: Yveltal
|upkeep
|
|t:|1619466982
|switch|p2a: Calyrex|Calyrex-Shadow|100/100
|-ability|p2a: Calyrex|As One
|-ability|p2a: Calyrex|Unnerve
|-damage|p2a: Calyrex|88/100|[from] Stealth Rock
|turn|87
|
|t:|1619466990
|switch|p2a: Necrozma|Necrozma-Dusk-Mane|72/100
|-damage|p2a: Necrozma|66/100|[from] Stealth Rock
|cant|p1a: Ferrothorn|par
|
|-weather|Sandstorm|[upkeep]
|upkeep
|turn|88
|
|t:|1619466999
|switch|p2a: Tangrowth|Tangrowth, M|73/100
|-damage|p2a: Tangrowth|61/100|[from] Stealth Rock
|cant|p1a: Ferrothorn|par
|
|-weather|Sandstorm|[upkeep]
|-damage|p2a: Tangrowth|55/100|[from] Sandstorm
|upkeep
|turn|89
|
|t:|1619467003
|move|p2a: Tangrowth|Earthquake|p1a: Ferrothorn
|-damage|p1a: Ferrothorn|82/100 par
|cant|p1a: Ferrothorn|par
|
|-weather|none
|-heal|p1a: Ferrothorn|89/100 par|[from] item: Leftovers
|upkeep
|turn|90
|
|t:|1619467011
|move|p2a: Tangrowth|Earthquake|p1a: Ferrothorn
|-crit|p1a: Ferrothorn
|-damage|p1a: Ferrothorn|63/100 par
|move|p1a: Ferrothorn|Knock Off|p2a: Tangrowth
|-crit|p2a: Tangrowth
|-damage|p2a: Tangrowth|39/100
|-damage|p1a: Ferrothorn|47/100 par|[from] item: Rocky Helmet|[of] p2a: Tangrowth
|-enditem|p2a: Tangrowth|Rocky Helmet|[from] move: Knock Off|[of] p1a: Ferrothorn
|
|-heal|p1a: Ferrothorn|53/100 par|[from] item: Leftovers
|upkeep
|turn|91
|
|t:|1619467022
|switch|p2a: Calyrex|Calyrex-Shadow|88/100
|-ability|p2a: Calyrex|As One
|-ability|p2a: Calyrex|Unnerve
|-damage|p2a: Calyrex|76/100|[from] Stealth Rock
|switch|p1a: Clefable|Clefable, M|100/100 tox
|
|upkeep
|turn|92
|
|t:|1619467030
|move|p2a: Calyrex|Astral Barrage|p1a: Clefable
|-damage|p1a: Clefable|25/100 tox
|move|p1a: Clefable|Aromatherapy|p1a: Clefable
|-activate|p1a: Clefable|move: Aromatherapy
|-curestatus|p1a: Clefable|tox|[msg]
|-curestatus|p1: Ferrothorn|par|[msg]
|-curestatus|p1: Tyranitar|tox|[msg]
|
|upkeep
|turn|93
|
|t:|1619467034
|switch|p1a: Tyranitar|Tyranitar, M|61/100
|-weather|Sandstorm|[from] ability: Sand Stream|[of] p1a: Tyranitar
|move|p2a: Calyrex|Astral Barrage|p1a: Tyranitar
|-resisted|p1a: Tyranitar
|-damage|p1a: Tyranitar|47/100
|
|-weather|Sandstorm|[upkeep]
|-damage|p2a: Calyrex|70/100|[from] Sandstorm
|upkeep
|turn|94
|
|t:|1619467039
|switch|p2a: Necrozma|Necrozma-Dusk-Mane|66/100
|-damage|p2a: Necrozma|60/100|[from] Stealth Rock
|move|p1a: Tyranitar|Foul Play|p2a: Necrozma
|-supereffective|p2a: Necrozma
|-damage|p2a: Necrozma|23/100
|
|-weather|Sandstorm|[upkeep]
|upkeep
|turn|95
|
|t:|1619467053
|switch|p1a: Ferrothorn|Ferrothorn, F|53/100
|move|p2a: Necrozma|Morning Sun|p2a: Necrozma
|-heal|p2a: Necrozma|48/100
|
|-weather|Sandstorm|[upkeep]
|-heal|p1a: Ferrothorn|59/100|[from] item: Leftovers
|upkeep
|turn|96
|
|t:|1619467062
|move|p2a: Necrozma|Stealth Rock|p1a: Ferrothorn
|-sidestart|p1: skarma'd|move: Stealth Rock
|move|p1a: Ferrothorn|Spikes|p2a: Necrozma
|-sidestart|p2: PokeDuels|Spikes
|
|-weather|Sandstorm|[upkeep]
|-heal|p1a: Ferrothorn|66/100|[from] item: Leftovers
|upkeep
|turn|97
|
|t:|1619467078
|switch|p2a: Ho-Oh|Ho-Oh|42/100
|-damage|p2a: Ho-Oh|0 fnt|[from] Stealth Rock
|faint|p2a: Ho-Oh
|move|p1a: Ferrothorn|Spikes|p2: Ho-Oh
|-sidestart|p2: PokeDuels|Spikes
|
|-weather|none
|-heal|p1a: Ferrothorn|72/100|[from] item: Leftovers
|upkeep
|
|t:|1619467080
|switch|p2a: Calyrex|Calyrex-Shadow|70/100
|-ability|p2a: Calyrex|As One
|-ability|p2a: Calyrex|Unnerve
|-damage|p2a: Calyrex|57/100|[from] Stealth Rock
|-damage|p2a: Calyrex|41/100|[from] Spikes
|turn|98
|
|t:|1619467084
|move|p2a: Calyrex|Astral Barrage|p1a: Ferrothorn
|-damage|p1a: Ferrothorn|22/100
|move|p1a: Ferrothorn|Knock Off|p2a: Calyrex
|-supereffective|p2a: Calyrex
|-crit|p2a: Calyrex
|-damage|p2a: Calyrex|0 fnt
|-enditem|p2a: Calyrex|Choice Scarf|[from] move: Knock Off|[of] p1a: Ferrothorn
|faint|p2a: Calyrex
|
|-heal|p1a: Ferrothorn|28/100|[from] item: Leftovers
|upkeep
|-message|PokeDuels forfeited.
|
|win|skarma'd
|l|☆PokeDuels
|raw|skarma&apos;d's rating: 1349 &rarr; <strong>1376</strong><br />(+27 for winning)
|raw|PokeDuels's rating: 1485 &rarr; <strong>1458</strong><br />(-27 for losing)
||Ladder isn't responding, score probably updated but might not have (Request timeout).
|l|‽skarma'd
|j|‽skarma'd
|player|p1|skarma'd|ninjaboy
