|j|☆neptune732
|j|☆LegacyShowden
|t:|1666322936
|gametype|singles
|player|p1|neptune732|1|1627
|player|p2|LegacyShowden|rosa|1423
|teamsize|p1|6
|teamsize|p2|6
|gen|8
|tier|[Gen 8] Ubers
|rated|
|rule|Sleep Clause Mod: Limit one foe put to sleep
|rule|Species Clause: Limit one of each Pokémon
|rule|OHKO Clause: OHKO moves are banned
|rule|Evasion Items Clause: Evasion items are banned
|rule|Evasion Moves Clause: Evasion moves are banned
|rule|Endless Battle Clause: Forcing endless battles is banned
|rule|HP Percentage Mod: HP is shown in percentages
|rule|Dynamax Clause: You cannot dynamax
|clearpoke
|poke|p1|Grimmsnarl, M|
|poke|p1|Xerneas-*|
|poke|p1|Ditto|
|poke|p1|Dugtrio, M|
|poke|p1|Zamazenta-*|
|poke|p1|Rayquaza|
|poke|p2|Necrozma-Dusk-Mane|
|poke|p2|Reshiram|
|poke|p2|Yveltal|
|poke|p2|Ferrothorn, M|
|poke|p2|Calyrex-Shadow|
|poke|p2|Groudon|
|teampreview
|inactive|Battle timer is ON: inactive players will automatically lose when time's up. (requested by LegacyShowden)
|
|t:|1666322951
|start
|switch|p1a: Grimmsnarl|Grimmsnarl, M|100/100
|switch|p2a: Calyrex|Calyrex-Shadow|100/100
|-ability|p2a: Calyrex|As One
|-ability|p2a: Calyrex|Unnerve
|turn|1
|
|t:|1666322966
|move|p1a: Grimmsnarl|Taunt|p2a: Calyrex
|-start|p2a: Calyrex|move: Taunt
|move|p2a: Calyrex|Draining Kiss|p1a: Grimmsnarl
|-supereffective|p1a: Grimmsnarl
|-damage|p1a: Grimmsnarl|61/100
|
|upkeep
|turn|2
|
|t:|1666322972
|move|p1a: Grimmsnarl|Light Screen|p1a: Grimmsnarl
|-sidestart|p1: neptune732|move: Light Screen
|move|p2a: Calyrex|Draining Kiss|p1a: Grimmsnarl
|-supereffective|p1a: Grimmsnarl
|-damage|p1a: Grimmsnarl|41/100
|
|upkeep
|turn|3
|
|t:|1666322983
|switch|p2a: Groudon|Groudon|100/100
|-weather|SunnyDay|[from] ability: Drought|[of] p2a: Groudon
|move|p1a: Grimmsnarl|Play Rough|p2a: Groudon
|-damage|p2a: Groudon|83/100
|
|-weather|SunnyDay|[upkeep]
|-heal|p2a: Groudon|89/100|[from] item: Leftovers
|upkeep
|turn|4
|
|t:|1666322993
|move|p1a: Grimmsnarl|Reflect|p1a: Grimmsnarl
|-sidestart|p1: neptune732|Reflect
|move|p2a: Groudon|Earthquake|p1a: Grimmsnarl
|-damage|p1a: Grimmsnarl|19/100
|
|-weather|SunnyDay|[upkeep]
|-heal|p2a: Groudon|96/100|[from] item: Leftovers
|upkeep
|turn|5
|
|t:|1666322999
|switch|p1a: Rayquaza|Rayquaza|100/100
|-ability|p1a: Rayquaza|Air Lock
|move|p2a: Groudon|Stealth Rock|p1a: Rayquaza
|-sidestart|p1: neptune732|move: Stealth Rock
|
|-weather|SunnyDay|[upkeep]
|-heal|p2a: Groudon|100/100|[from] item: Leftovers
|upkeep
|turn|6
|
|t:|1666323010
|move|p1a: Rayquaza|Dragon Dance|p1a: Rayquaza
|-boost|p1a: Rayquaza|atk|1
|-boost|p1a: Rayquaza|spe|1
|move|p2a: Groudon|Thunder Wave|p1a: Rayquaza
|-status|p1a: Rayquaza|par
|
|-weather|SunnyDay|[upkeep]
|upkeep
|turn|7
|
|t:|1666323017
|move|p1a: Rayquaza|Dragon Dance|p1a: Rayquaza
|-boost|p1a: Rayquaza|atk|1
|-boost|p1a: Rayquaza|spe|1
|move|p2a: Groudon|Rock Tomb|p1a: Rayquaza
|-supereffective|p1a: Rayquaza
|-damage|p1a: Rayquaza|78/100 par
|-unboost|p1a: Rayquaza|spe|1
|
|-weather|none
|upkeep
|turn|8
|
|t:|1666323025
|move|p1a: Rayquaza|Dragon Ascent|p2a: Groudon
|-damage|p2a: Groudon|3/100
|-unboost|p1a: Rayquaza|def|1
|-unboost|p1a: Rayquaza|spd|1
|-damage|p1a: Rayquaza|68/100 par|[from] item: Life Orb
|move|p2a: Groudon|Rock Tomb|p1a: Rayquaza
|-supereffective|p1a: Rayquaza
|-crit|p1a: Rayquaza
|-damage|p1a: Rayquaza|0 fnt
|faint|p1a: Rayquaza
|
|-heal|p2a: Groudon|9/100|[from] item: Leftovers
|upkeep
|inactive|neptune732 has 120 seconds left.
|
|t:|1666323059
|switch|p1a: Dugtrio|Dugtrio, M|100/100
|-damage|p1a: Dugtrio|94/100|[from] Stealth Rock
|turn|9
|
|t:|1666323063
|move|p1a: Dugtrio|Earthquake|p2a: Groudon
|-damage|p2a: Groudon|0 fnt
|faint|p2a: Groudon
|
|-sideend|p1: neptune732|move: Light Screen
|upkeep
|
|t:|1666323074
|switch|p2a: Calyrex|Calyrex-Shadow|100/100
|-ability|p2a: Calyrex|As One
|-ability|p2a: Calyrex|Unnerve
|turn|10
|
|t:|1666323079
|move|p1a: Dugtrio|Sucker Punch|p2a: Calyrex
|-supereffective|p2a: Calyrex
|-enditem|p2a: Calyrex|Focus Sash
|-damage|p2a: Calyrex|1/100
|move|p2a: Calyrex|Astral Barrage|p1a: Dugtrio
|-damage|p1a: Dugtrio|0 fnt
|faint|p1a: Dugtrio
|-ability|p2a: Calyrex|Grim Neigh|boost
|-boost|p2a: Calyrex|spa|1
|
|upkeep
|
|t:|1666323089
|switch|p1a: Ditto|Ditto|100/100
|-damage|p1a: Ditto|88/100|[from] Stealth Rock
|-transform|p1a: Ditto|p2a: Calyrex|[from] ability: Imposter
|turn|11
|
|t:|1666323096
|switch|p2a: Yveltal|Yveltal, shiny|100/100
|-ability|p2a: Yveltal|Dark Aura
|move|p1a: Ditto|Draining Kiss|p2a: Yveltal
|-supereffective|p2a: Yveltal
|-damage|p2a: Yveltal|54/100
|-heal|p1a: Ditto|100/100|[from] drain|[of] p2a: Yveltal
|
|-sideend|p1: neptune732|Reflect
|upkeep
|turn|12
|
|t:|1666323105
|switch|p1a: Zamazenta|Zamazenta-Crowned|100/100
|-damage|p1a: Zamazenta|97/100|[from] Stealth Rock
|-ability|p1a: Zamazenta|Dauntless Shield|boost
|-boost|p1a: Zamazenta|def|1
|move|p2a: Yveltal|Dark Pulse|p1a: Zamazenta
|-resisted|p1a: Zamazenta
|-damage|p1a: Zamazenta|72/100
|
|upkeep
|turn|13
|
|t:|1666323121
|switch|p2a: Calyrex|Calyrex-Shadow|1/100
|-ability|p2a: Calyrex|As One
|-ability|p2a: Calyrex|Unnerve
|move|p1a: Zamazenta|Howl|p1a: Zamazenta
|-boost|p1a: Zamazenta|atk|1
|
|upkeep
|turn|14
|
|t:|1666323143
|switch|p1a: Grimmsnarl|Grimmsnarl, M|19/100
|-damage|p1a: Grimmsnarl|6/100|[from] Stealth Rock
|move|p2a: Calyrex|Astral Barrage|p1a: Grimmsnarl
|-resisted|p1a: Grimmsnarl
|-damage|p1a: Grimmsnarl|0 fnt
|faint|p1a: Grimmsnarl
|-ability|p2a: Calyrex|Grim Neigh|boost
|-boost|p2a: Calyrex|spa|1
|
|upkeep
|
|t:|1666323153
|switch|p1a: Ditto|Ditto|100/100
|-damage|p1a: Ditto|88/100|[from] Stealth Rock
|-transform|p1a: Ditto|p2a: Calyrex|[from] ability: Imposter
|turn|15
|
|t:|1666323159
|switch|p2a: Ferrothorn|Ferrothorn, M, shiny|100/100
|move|p1a: Ditto|Astral Barrage|p2a: Ferrothorn
|-damage|p2a: Ferrothorn|27/100
|
|-heal|p2a: Ferrothorn|33/100|[from] item: Leftovers
|upkeep
|turn|16
|
|t:|1666323167
|move|p1a: Ditto|Astral Barrage|p2a: Ferrothorn
|-damage|p2a: Ferrothorn|0 fnt
|faint|p2a: Ferrothorn
|-ability|p1a: Ditto|Grim Neigh|boost
|-boost|p1a: Ditto|spa|1
|
|upkeep
|
|t:|1666323170
|switch|p2a: Reshiram|Reshiram|100/100
|-ability|p2a: Reshiram|Turboblaze
|turn|17
|
|t:|1666323177
|move|p1a: Ditto|Astral Barrage|p2a: Reshiram
|-damage|p2a: Reshiram|26/100
|move|p2a: Reshiram|Shadow Ball|p1a: Ditto
|-supereffective|p1a: Ditto
|-damage|p1a: Ditto|0 fnt
|faint|p1a: Ditto
|
|upkeep
|
|t:|1666323201
|switch|p1a: Xerneas|Xerneas|100/100
|-damage|p1a: Xerneas|88/100|[from] Stealth Rock
|-ability|p1a: Xerneas|Fairy Aura
|turn|18
|
|t:|1666323206
|move|p1a: Xerneas|Geomancy||[still]
|-prepare|p1a: Xerneas|Geomancy
|-enditem|p1a: Xerneas|Power Herb
|-anim|p1a: Xerneas|Geomancy|p1a: Xerneas
|-boost|p1a: Xerneas|spa|2
|-boost|p1a: Xerneas|spd|2
|-boost|p1a: Xerneas|spe|2
|move|p2a: Reshiram|Blue Flare|p1a: Xerneas
|-damage|p1a: Xerneas|54/100
|
|upkeep
|turn|19
|
|t:|1666323218
|move|p1a: Xerneas|Moonblast|p2a: Reshiram
|-damage|p2a: Reshiram|0 fnt
|faint|p2a: Reshiram
|
|upkeep
|
|t:|1666323223
|switch|p2a: Necrozma|Necrozma-Dusk-Mane, shiny|100/100
|turn|20
|
|t:|1666323230
|move|p1a: Xerneas|Moonblast|p2a: Necrozma
|-resisted|p2a: Necrozma
|-damage|p2a: Necrozma|52/100
|move|p2a: Necrozma|Iron Head|p1a: Xerneas
|-supereffective|p1a: Xerneas
|-crit|p1a: Xerneas
|-damage|p1a: Xerneas|0 fnt
|faint|p1a: Xerneas
|
|-heal|p2a: Necrozma|58/100|[from] item: Leftovers
|upkeep
|
|t:|1666323239
|switch|p1a: Zamazenta|Zamazenta-Crowned|72/100
|-damage|p1a: Zamazenta|69/100|[from] Stealth Rock
|-ability|p1a: Zamazenta|Dauntless Shield|boost
|-boost|p1a: Zamazenta|def|1
|turn|21
|
|t:|1666323245
|move|p1a: Zamazenta|Substitute|p1a: Zamazenta
|-start|p1a: Zamazenta|Substitute
|-damage|p1a: Zamazenta|44/100
|move|p2a: Necrozma|Thunder Wave||[still]
|-fail|p2a: Necrozma
|
|-heal|p2a: Necrozma|64/100|[from] item: Leftovers
|upkeep
|turn|22
|inactive|neptune732 has 120 seconds left.
|inactive|neptune732 has 90 seconds left.
|inactive|neptune732 has 60 seconds left.
|inactive|neptune732 has 30 seconds left.
|l|☆neptune732
|inactive|neptune732 disconnected and has a minute to reconnect!
|player|p1|
|inactive|neptune732 has 20 seconds left.
|inactive|neptune732 has 15 seconds left.
|inactive|neptune732 has 10 seconds left.
|inactive|neptune732 has 5 seconds left.
|-message|neptune732 lost due to inactivity.
|
|win|LegacyShowden
|raw|neptune732's rating: 1627 &rarr; <strong>1596</strong><br />(-31 for losing)
|raw|LegacyShowden's rating: 1423 &rarr; <strong>1454</strong><br />(+31 for winning)
