|html|<div class="broadcast-blue"><strong>[Gen 8] Ubers is currently suspecting Calyrex-Shadow! For information on how to participate check out the <a href="https://www.smogon.com/forums/threads/np-ss-ubers-stage-8-ridin-dirty-calyrex-shadow-suspect-test.3704200/">suspect thread</a>.</strong></div>
|j|☆PokeDuels
|j|☆UBCS Weeb Dragon
|t:|1657516316
|gametype|singles
|player|p1|PokeDuels|169|1330
|player|p2|UBCS Weeb Dragon|iris|1460
|teamsize|p1|6
|teamsize|p2|6
|gen|8
|tier|[Gen 8] Ubers
|rated|
|rule|Sleep Clause Mod: Limit one foe put to sleep
|rule|Species Clause: Limit one of each Pokémon
|rule|OHKO Clause: OHKO moves are banned
|rule|Evasion Moves Clause: Evasion moves are banned
|rule|Endless Battle Clause: Forcing endless battles is banned
|rule|HP Percentage Mod: HP is shown in percentages
|rule|Dynamax Clause: You cannot dynamax
|clearpoke
|poke|p1|Necrozma-Dusk-Mane|
|poke|p1|Yveltal|
|poke|p1|Eternatus|
|poke|p1|Groudon|
|poke|p1|Marshadow|
|poke|p1|Ho-Oh|
|poke|p2|Kyogre|
|poke|p2|Necrozma-Dusk-Mane|
|poke|p2|Zygarde|
|poke|p2|Yveltal|
|poke|p2|Ditto|
|poke|p2|Eternatus|
|teampreview
|j| Mbouchon
|inactive|Battle timer is ON: inactive players will automatically lose when time's up. (requested by PokeDuels)
|inactive|UBCS Weeb Dragon has 120 seconds left.
|inactive|UBCS Weeb Dragon has 90 seconds left.
|
|t:|1657516429
|start
|switch|p1a: Ho-Oh|Ho-Oh|100/100
|switch|p2a: Necrozma|Necrozma-Dusk-Mane|100/100
|turn|1
|
|t:|1657516444
|move|p1a: Ho-Oh|Substitute|p1a: Ho-Oh
|-start|p1a: Ho-Oh|Substitute
|-damage|p1a: Ho-Oh|76/100
|move|p2a: Necrozma|Stealth Rock|p1a: Ho-Oh
|-sidestart|p1: PokeDuels|move: Stealth Rock
|
|upkeep
|turn|2
|
|t:|1657516452
|switch|p2a: Eternatus|Eternatus|100/100
|-ability|p2a: Eternatus|Pressure
|move|p1a: Ho-Oh|Curse|p1a: Ho-Oh
|-unboost|p1a: Ho-Oh|spe|1
|-boost|p1a: Ho-Oh|atk|1
|-boost|p1a: Ho-Oh|def|1
|
|upkeep
|turn|3
|
|t:|1657516466
|move|p2a: Eternatus|Dynamax Cannon|p1a: Ho-Oh
|-activate|p1a: Ho-Oh|move: Substitute|[damage]
|move|p1a: Ho-Oh|Curse|p1a: Ho-Oh
|-unboost|p1a: Ho-Oh|spe|1
|-boost|p1a: Ho-Oh|atk|1
|-boost|p1a: Ho-Oh|def|1
|
|upkeep
|turn|4
|
|t:|1657516470
|move|p2a: Eternatus|Dynamax Cannon|p1a: Ho-Oh
|-end|p1a: Ho-Oh|Substitute
|move|p1a: Ho-Oh|Substitute|p1a: Ho-Oh
|-start|p1a: Ho-Oh|Substitute
|-damage|p1a: Ho-Oh|51/100
|
|upkeep
|turn|5
|
|t:|1657516482
|switch|p2a: Zygarde|Zygarde|100/100
|move|p1a: Ho-Oh|Roost|p1a: Ho-Oh
|-heal|p1a: Ho-Oh|100/100
|-singleturn|p1a: Ho-Oh|move: Roost
|
|upkeep
|turn|6
|
|t:|1657516487
|move|p2a: Zygarde|Substitute|p2a: Zygarde
|-start|p2a: Zygarde|Substitute
|-damage|p2a: Zygarde|76/100
|move|p1a: Ho-Oh|Brave Bird|p2a: Zygarde
|-end|p2a: Zygarde|Substitute
|-damage|p1a: Ho-Oh|93/100|[from] Recoil|[of] p2a: Zygarde
|
|-heal|p2a: Zygarde|82/100|[from] item: Leftovers
|upkeep
|turn|7
|
|t:|1657516491
|move|p2a: Zygarde|Substitute|p2a: Zygarde
|-start|p2a: Zygarde|Substitute
|-damage|p2a: Zygarde|57/100
|move|p1a: Ho-Oh|Brave Bird|p2a: Zygarde
|-end|p2a: Zygarde|Substitute
|-damage|p1a: Ho-Oh|86/100|[from] Recoil|[of] p2a: Zygarde
|
|-heal|p2a: Zygarde|63/100|[from] item: Leftovers
|upkeep
|turn|8
|
|t:|1657516496
|move|p2a: Zygarde|Substitute|p2a: Zygarde
|-start|p2a: Zygarde|Substitute
|-damage|p2a: Zygarde|38/100
|move|p1a: Ho-Oh|Brave Bird|p2a: Zygarde
|-end|p2a: Zygarde|Substitute
|-damage|p1a: Ho-Oh|79/100|[from] Recoil|[of] p2a: Zygarde
|
|-heal|p2a: Zygarde|44/100|[from] item: Leftovers
|-activate|p2a: Zygarde|ability: Power Construct
|detailschange|p2a: Zygarde|Zygarde-Complete
|-heal|p2a: Zygarde|65/100|[silent]
|upkeep
|turn|9
|
|t:|1657516498
|move|p2a: Zygarde|Thousand Arrows|p1a: Ho-Oh
|-activate|p1a: Ho-Oh|move: Substitute|[damage]
|move|p1a: Ho-Oh|Brave Bird|p2a: Zygarde
|-damage|p2a: Zygarde|23/100
|-damage|p1a: Ho-Oh|60/100|[from] Recoil
|
|-heal|p2a: Zygarde|29/100|[from] item: Leftovers
|upkeep
|turn|10
|inactive|UBCS Weeb Dragon has 120 seconds left.
|
|t:|1657516551
|move|p2a: Zygarde|Thousand Arrows|p1a: Ho-Oh
|-end|p1a: Ho-Oh|Substitute
|move|p1a: Ho-Oh|Brave Bird|p2a: Zygarde
|-damage|p2a: Zygarde|0 fnt
|faint|p2a: Zygarde
|-damage|p1a: Ho-Oh|46/100|[from] Recoil
|
|upkeep
|
|t:|1657516552
|switch|p2a: Kyogre|Kyogre|100/100
|-weather|RainDance|[from] ability: Drizzle|[of] p2a: Kyogre
|turn|11
|
|t:|1657516554
|switch|p1a: Eternatus|Eternatus|100/100
|-ability|p1a: Eternatus|Pressure
|move|p2a: Kyogre|Scald|p1a: Eternatus
|-resisted|p1a: Eternatus
|-damage|p1a: Eternatus|83/100
|
|-weather|RainDance|[upkeep]
|upkeep
|turn|12
|
|t:|1657516558
|move|p1a: Eternatus|Toxic|p2a: Kyogre
|-status|p2a: Kyogre|tox
|move|p2a: Kyogre|Calm Mind|p2a: Kyogre
|-boost|p2a: Kyogre|spa|1
|-boost|p2a: Kyogre|spd|1
|
|-weather|RainDance|[upkeep]
|-damage|p2a: Kyogre|94/100 tox|[from] psn
|upkeep
|turn|13
|
|t:|1657516568
|move|p1a: Eternatus|Dynamax Cannon|p2a: Kyogre
|-damage|p2a: Kyogre|73/100 tox
|move|p2a: Kyogre|Calm Mind|p2a: Kyogre
|-boost|p2a: Kyogre|spa|1
|-boost|p2a: Kyogre|spd|1
|
|-weather|RainDance|[upkeep]
|-heal|p2a: Kyogre|79/100 tox|[from] item: Leftovers
|-damage|p2a: Kyogre|67/100 tox|[from] psn
|upkeep
|turn|14
|
|t:|1657516572
|move|p1a: Eternatus|Dynamax Cannon|p2a: Kyogre
|-damage|p2a: Kyogre|52/100 tox
|move|p2a: Kyogre|Thunder|p1a: Eternatus
|-resisted|p1a: Eternatus
|-damage|p1a: Eternatus|61/100
|
|-weather|RainDance|[upkeep]
|-heal|p2a: Kyogre|58/100 tox|[from] item: Leftovers
|-damage|p2a: Kyogre|40/100 tox|[from] psn
|upkeep
|turn|15
|
|t:|1657516586
|move|p1a: Eternatus|Recover|p1a: Eternatus
|-heal|p1a: Eternatus|100/100
|move|p2a: Kyogre|Rest|p2a: Kyogre
|-status|p2a: Kyogre|slp|[from] move: Rest
|-heal|p2a: Kyogre|100/100 slp|[silent]
|
|-weather|none
|upkeep
|turn|16
|inactive|PokeDuels has 120 seconds left.
|
|t:|1657516629
|switch|p1a: Necrozma|Necrozma-Dusk-Mane|100/100
|-damage|p1a: Necrozma|95/100|[from] Stealth Rock
|cant|p2a: Kyogre|slp
|
|-heal|p1a: Necrozma|100/100|[from] item: Leftovers
|upkeep
|turn|17
|
|t:|1657516634
|move|p1a: Necrozma|Dragon Dance|p1a: Necrozma
|-boost|p1a: Necrozma|atk|1
|-boost|p1a: Necrozma|spe|1
|cant|p2a: Kyogre|slp
|
|upkeep
|turn|18
|
|t:|1657516638
|move|p1a: Necrozma|Knock Off|p2a: Kyogre
|-damage|p2a: Kyogre|53/100 slp
|-enditem|p2a: Kyogre|Leftovers|[from] move: Knock Off|[of] p1a: Necrozma
|-curestatus|p2a: Kyogre|slp|[msg]
|move|p2a: Kyogre|Scald|p1a: Necrozma
|-damage|p1a: Necrozma|24/100
|-status|p1a: Necrozma|brn
|
|-heal|p1a: Necrozma|30/100 brn|[from] item: Leftovers
|-damage|p1a: Necrozma|24/100 brn|[from] brn
|upkeep
|turn|19
|
|t:|1657516661
|move|p1a: Necrozma|Knock Off|p2a: Kyogre
|-damage|p2a: Kyogre|38/100
|move|p2a: Kyogre|Scald|p1a: Necrozma
|-damage|p1a: Necrozma|0 fnt
|faint|p1a: Necrozma
|
|upkeep
|
|t:|1657516667
|switch|p1a: Marshadow|Marshadow|100/100
|-damage|p1a: Marshadow|94/100|[from] Stealth Rock
|turn|20
|
|t:|1657516676
|switch|p2a: Yveltal|Yveltal|100/100
|-ability|p2a: Yveltal|Dark Aura
|move|p1a: Marshadow|Low Kick|p2a: Yveltal
|-damage|p2a: Yveltal|34/100
|-damage|p1a: Marshadow|84/100|[from] item: Life Orb
|
|upkeep
|turn|21
|
|t:|1657516680
|switch|p2a: Eternatus|Eternatus|100/100
|-ability|p2a: Eternatus|Pressure
|move|p1a: Marshadow|Rock Tomb|p2a: Eternatus
|-damage|p2a: Eternatus|65/100
|-unboost|p2a: Eternatus|spe|1
|-damage|p1a: Marshadow|74/100|[from] item: Life Orb
|
|upkeep
|turn|22
|
|t:|1657516686
|move|p1a: Marshadow|Ice Punch|p2a: Eternatus
|-supereffective|p2a: Eternatus
|-damage|p2a: Eternatus|9/100
|-enditem|p2a: Eternatus|Sitrus Berry|[eat]
|-heal|p2a: Eternatus|34/100|[from] item: Sitrus Berry
|-damage|p1a: Marshadow|64/100|[from] item: Life Orb
|move|p2a: Eternatus|Dynamax Cannon|p1a: Marshadow
|-damage|p1a: Marshadow|13/100
|
|upkeep
|turn|23
|inactive|PokeDuels has 120 seconds left.
|inactive|UBCS Weeb Dragon has 120 seconds left.
|
|t:|1657516730
|move|p1a: Marshadow|Ice Punch|p2a: Eternatus
|-supereffective|p2a: Eternatus
|-damage|p2a: Eternatus|0 fnt
|faint|p2a: Eternatus
|-damage|p1a: Marshadow|3/100|[from] item: Life Orb
|
|upkeep
|
|t:|1657516734
|switch|p2a: Ditto|Ditto, shiny|100/100
|-transform|p2a: Ditto|p1a: Marshadow|[from] ability: Imposter
|turn|24
|
|t:|1657516736
|move|p2a: Ditto|Shadow Sneak|p1a: Marshadow
|-supereffective|p1a: Marshadow
|-damage|p1a: Marshadow|0 fnt
|faint|p1a: Marshadow
|
|upkeep
|
|t:|1657516747
|switch|p1a: Yveltal|Yveltal|100/100
|-ability|p1a: Yveltal|Dark Aura
|turn|25
|
|t:|1657516752
|switch|p2a: Yveltal|Yveltal|34/100
|-ability|p2a: Yveltal|Dark Aura
|move|p1a: Yveltal|Knock Off|p2a: Yveltal
|-resisted|p2a: Yveltal
|-damage|p2a: Yveltal|13/100
|-enditem|p2a: Yveltal|Heavy-Duty Boots|[from] move: Knock Off|[of] p1a: Yveltal
|
|upkeep
|turn|26
|
|t:|1657516754
|move|p1a: Yveltal|Knock Off|p2a: Yveltal
|-resisted|p2a: Yveltal
|-damage|p2a: Yveltal|0 fnt
|faint|p2a: Yveltal
|
|upkeep
|
|t:|1657516758
|switch|p2a: Kyogre|Kyogre|38/100
|-weather|RainDance|[from] ability: Drizzle|[of] p2a: Kyogre
|turn|27
|
|t:|1657516762
|move|p1a: Yveltal|Knock Off|p2a: Kyogre
|-damage|p2a: Kyogre|12/100
|move|p2a: Kyogre|Thunder|p1a: Yveltal
|-supereffective|p1a: Yveltal
|-damage|p1a: Yveltal|49/100
|-status|p1a: Yveltal|par
|
|-weather|RainDance|[upkeep]
|upkeep
|turn|28
|
|t:|1657516774
|move|p2a: Kyogre|Rest|p2a: Kyogre
|-status|p2a: Kyogre|slp|[from] move: Rest
|-heal|p2a: Kyogre|100/100 slp|[silent]
|move|p1a: Yveltal|Knock Off|p2a: Kyogre
|-damage|p2a: Kyogre|73/100 slp
|
|-weather|RainDance|[upkeep]
|upkeep
|turn|29
|
|t:|1657516780
|switch|p1a: Groudon|Groudon|100/100
|-damage|p1a: Groudon|94/100|[from] Stealth Rock
|-weather|SunnyDay|[from] ability: Drought|[of] p1a: Groudon
|cant|p2a: Kyogre|slp
|
|-weather|SunnyDay|[upkeep]
|-heal|p1a: Groudon|100/100|[from] item: Leftovers
|upkeep
|turn|30
|
|t:|1657516786
|cant|p2a: Kyogre|slp
|move|p1a: Groudon|Precipice Blades|p2a: Kyogre|[miss]
|-miss|p1a: Groudon|p2a: Kyogre
|
|-weather|SunnyDay|[upkeep]
|upkeep
|turn|31
|
|t:|1657516792
|switch|p1a: Eternatus|Eternatus|100/100
|-ability|p1a: Eternatus|Pressure
|-curestatus|p2a: Kyogre|slp|[msg]
|move|p2a: Kyogre|Scald|p1a: Eternatus
|-resisted|p1a: Eternatus
|-damage|p1a: Eternatus|95/100
|-status|p1a: Eternatus|brn
|
|-weather|SunnyDay|[upkeep]
|-damage|p1a: Eternatus|89/100 brn|[from] brn
|upkeep
|turn|32
|
|t:|1657516796
|move|p1a: Eternatus|Toxic|p2a: Kyogre
|-status|p2a: Kyogre|tox
|move|p2a: Kyogre|Calm Mind|p2a: Kyogre
|-boost|p2a: Kyogre|spa|1
|-boost|p2a: Kyogre|spd|1
|
|-weather|SunnyDay|[upkeep]
|-damage|p2a: Kyogre|67/100 tox|[from] psn
|-damage|p1a: Eternatus|83/100 brn|[from] brn
|upkeep
|turn|33
|
|t:|1657516799
|move|p1a: Eternatus|Dynamax Cannon|p2a: Kyogre
|-damage|p2a: Kyogre|45/100 tox
|move|p2a: Kyogre|Calm Mind|p2a: Kyogre
|-boost|p2a: Kyogre|spa|1
|-boost|p2a: Kyogre|spd|1
|
|-weather|none
|-damage|p2a: Kyogre|33/100 tox|[from] psn
|-damage|p1a: Eternatus|77/100 brn|[from] brn
|upkeep
|turn|34
|
|t:|1657516803
|switch|p1a: Groudon|Groudon|100/100
|-damage|p1a: Groudon|94/100|[from] Stealth Rock
|-weather|SunnyDay|[from] ability: Drought|[of] p1a: Groudon
|move|p2a: Kyogre|Rest|p2a: Kyogre
|-status|p2a: Kyogre|slp|[from] move: Rest
|-heal|p2a: Kyogre|100/100 slp|[silent]
|
|-weather|SunnyDay|[upkeep]
|-heal|p1a: Groudon|100/100|[from] item: Leftovers
|upkeep
|turn|35
|
|t:|1657516806
|cant|p2a: Kyogre|slp
|move|p1a: Groudon|Precipice Blades|p2a: Kyogre
|-damage|p2a: Kyogre|60/100 slp
|
|-weather|SunnyDay|[upkeep]
|upkeep
|turn|36
|
|t:|1657516809
|cant|p2a: Kyogre|slp
|move|p1a: Groudon|Precipice Blades|p2a: Kyogre
|-damage|p2a: Kyogre|22/100 slp
|
|-weather|SunnyDay|[upkeep]
|upkeep
|turn|37
|
|t:|1657516813
|-curestatus|p2a: Kyogre|slp|[msg]
|move|p2a: Kyogre|Scald|p1a: Groudon
|-supereffective|p1a: Groudon
|-damage|p1a: Groudon|23/100
|-status|p1a: Groudon|brn
|move|p1a: Groudon|Precipice Blades|p2a: Kyogre
|-damage|p2a: Kyogre|3/100
|
|-weather|SunnyDay|[upkeep]
|-heal|p1a: Groudon|29/100 brn|[from] item: Leftovers
|-damage|p1a: Groudon|23/100 brn|[from] brn
|upkeep
|turn|38
|
|t:|1657516834
|switch|p1a: Ho-Oh|Ho-Oh|80/100
|move|p2a: Kyogre|Scald|p1a: Ho-Oh
|-supereffective|p1a: Ho-Oh
|-damage|p1a: Ho-Oh|41/100
|
|-weather|none
|upkeep
|turn|39
|j| LocalMetagross
|inactive|UBCS Weeb Dragon has 120 seconds left.
|l| LocalMetagross
|inactive|UBCS Weeb Dragon has 90 seconds left.
|
|t:|1657516915
|move|p1a: Ho-Oh|Brave Bird|p2a: Kyogre
|-damage|p2a: Kyogre|0 fnt
|faint|p2a: Kyogre
|-damage|p1a: Ho-Oh|41/100|[from] Recoil
|
|upkeep
|inactive|UBCS Weeb Dragon has 60 seconds left.
|
|t:|1657516930
|switch|p2a: Ditto|Ditto, shiny|100/100
|-transform|p2a: Ditto|p1a: Ho-Oh|[from] ability: Imposter
|turn|40
|inactive|PokeDuels has 120 seconds left.
|inactive|PokeDuels has 90 seconds left.
|
|t:|1657516994
|switch|p1a: Eternatus|Eternatus|77/100 brn
|-ability|p1a: Eternatus|Pressure
|move|p2a: Ditto|Brave Bird|p1a: Eternatus
|-damage|p1a: Eternatus|40/100 brn
|-damage|p2a: Ditto|82/100|[from] Recoil
|
|-damage|p1a: Eternatus|34/100 brn|[from] brn
|upkeep
|turn|41
|
|t:|1657517001
|move|p2a: Ditto|Brave Bird|p1a: Eternatus
|-damage|p1a: Eternatus|0 fnt
|faint|p1a: Eternatus
|-damage|p2a: Ditto|65/100|[from] Recoil
|
|upkeep
|
|t:|1657517007
|switch|p1a: Ho-Oh|Ho-Oh|74/100
|turn|42
|inactive|UBCS Weeb Dragon has 60 seconds left.
|
|t:|1657517040
|switch|p2a: Necrozma|Necrozma-Dusk-Mane|100/100
|move|p1a: Ho-Oh|Substitute|p1a: Ho-Oh
|-start|p1a: Ho-Oh|Substitute
|-damage|p1a: Ho-Oh|49/100
|
|upkeep
|turn|43
|inactive|UBCS Weeb Dragon has 60 seconds left.
|inactive|PokeDuels has 90 seconds left.
|inactive|PokeDuels has 60 seconds left.
|inactive|PokeDuels has 30 seconds left.
|
|t:|1657517128
|move|p1a: Ho-Oh|Roost|p1a: Ho-Oh
|-heal|p1a: Ho-Oh|99/100
|-singleturn|p1a: Ho-Oh|move: Roost
|move|p2a: Necrozma|Iron Head|p1a: Ho-Oh
|-resisted|p1a: Ho-Oh
|-activate|p1a: Ho-Oh|move: Substitute|[damage]
|
|upkeep
|turn|44
|inactive|PokeDuels has 30 seconds left.
|
|t:|1657517135
|move|p1a: Ho-Oh|Curse|p1a: Ho-Oh
|-unboost|p1a: Ho-Oh|spe|1
|-boost|p1a: Ho-Oh|atk|1
|-boost|p1a: Ho-Oh|def|1
|move|p2a: Necrozma|Iron Head|p1a: Ho-Oh
|-resisted|p1a: Ho-Oh
|-end|p1a: Ho-Oh|Substitute
|
|upkeep
|turn|45
|
|t:|1657517144
|move|p2a: Necrozma|Thunder Wave|p1a: Ho-Oh|[miss]
|-miss|p2a: Necrozma|p1a: Ho-Oh
|move|p1a: Ho-Oh|Substitute|p1a: Ho-Oh
|-start|p1a: Ho-Oh|Substitute
|-damage|p1a: Ho-Oh|74/100
|
|upkeep
|turn|46
|inactive|PokeDuels has 30 seconds left.
|inactive|PokeDuels has 20 seconds left.
|inactive|PokeDuels has 15 seconds left.
|
|t:|1657517180
|move|p2a: Necrozma|Iron Head|p1a: Ho-Oh
|-resisted|p1a: Ho-Oh
|-activate|p1a: Ho-Oh|move: Substitute|[damage]
|move|p1a: Ho-Oh|Curse|p1a: Ho-Oh
|-unboost|p1a: Ho-Oh|spe|1
|-boost|p1a: Ho-Oh|atk|1
|-boost|p1a: Ho-Oh|def|1
|
|upkeep
|turn|47
|inactive|PokeDuels has 25 seconds left this turn.
|inactive|PokeDuels has 20 seconds left.
|inactive|PokeDuels has 15 seconds left.
|inactive|PokeDuels has 10 seconds left.
|
|t:|1657517196
|move|p2a: Necrozma|Iron Head|p1a: Ho-Oh
|-resisted|p1a: Ho-Oh
|-activate|p1a: Ho-Oh|move: Substitute|[damage]
|move|p1a: Ho-Oh|Brave Bird|p2a: Necrozma
|-resisted|p2a: Necrozma
|-damage|p2a: Necrozma|62/100
|-damage|p1a: Ho-Oh|62/100|[from] Recoil
|
|-heal|p2a: Necrozma|68/100|[from] item: Leftovers
|upkeep
|turn|48
|inactive|PokeDuels has 20 seconds left this turn.
|
|t:|1657517203
|move|p2a: Necrozma|Iron Head|p1a: Ho-Oh
|-resisted|p1a: Ho-Oh
|-end|p1a: Ho-Oh|Substitute
|move|p1a: Ho-Oh|Roost|p1a: Ho-Oh
|-heal|p1a: Ho-Oh|100/100
|-singleturn|p1a: Ho-Oh|move: Roost
|
|-heal|p2a: Necrozma|74/100|[from] item: Leftovers
|upkeep
|turn|49
|inactive|PokeDuels has 30 seconds left this turn.
|
|t:|1657517209
|move|p2a: Necrozma|Thunder Wave|p1a: Ho-Oh
|-status|p1a: Ho-Oh|par
|move|p1a: Ho-Oh|Brave Bird|p2a: Necrozma
|-resisted|p2a: Necrozma
|-damage|p2a: Necrozma|36/100
|-damage|p1a: Ho-Oh|88/100 par|[from] Recoil
|
|-heal|p2a: Necrozma|42/100|[from] item: Leftovers
|upkeep
|turn|50
|
|t:|1657517214
|move|p2a: Necrozma|Moonlight|p2a: Necrozma
|-heal|p2a: Necrozma|92/100
|move|p1a: Ho-Oh|Curse|p1a: Ho-Oh
|-unboost|p1a: Ho-Oh|spe|1
|-boost|p1a: Ho-Oh|atk|1
|-boost|p1a: Ho-Oh|def|1
|
|-heal|p2a: Necrozma|98/100|[from] item: Leftovers
|upkeep
|turn|51
|
|t:|1657517219
|move|p2a: Necrozma|Iron Head|p1a: Ho-Oh
|-resisted|p1a: Ho-Oh
|-damage|p1a: Ho-Oh|81/100 par
|cant|p1a: Ho-Oh|flinch
|
|-heal|p2a: Necrozma|100/100|[from] item: Leftovers
|upkeep
|turn|52
|
|t:|1657517225
|move|p2a: Necrozma|Iron Head|p1a: Ho-Oh
|-resisted|p1a: Ho-Oh
|-damage|p1a: Ho-Oh|73/100 par
|move|p1a: Ho-Oh|Substitute|p1a: Ho-Oh
|-start|p1a: Ho-Oh|Substitute
|-damage|p1a: Ho-Oh|48/100 par
|
|upkeep
|turn|53
|
|t:|1657517229
|move|p2a: Necrozma|Iron Head|p1a: Ho-Oh
|-resisted|p1a: Ho-Oh
|-activate|p1a: Ho-Oh|move: Substitute|[damage]
|move|p1a: Ho-Oh|Roost|p1a: Ho-Oh
|-heal|p1a: Ho-Oh|99/100 par
|-singleturn|p1a: Ho-Oh|move: Roost
|
|upkeep
|turn|54
|inactive|PokeDuels has 60 seconds left.
|inactive|PokeDuels has 30 seconds left.
|
|t:|1657517274
|move|p2a: Necrozma|Iron Head|p1a: Ho-Oh
|-resisted|p1a: Ho-Oh
|-activate|p1a: Ho-Oh|move: Substitute|[damage]
|move|p1a: Ho-Oh|Brave Bird|p2a: Necrozma
|-resisted|p2a: Necrozma
|-damage|p2a: Necrozma|59/100
|-damage|p1a: Ho-Oh|85/100 par|[from] Recoil
|
|-heal|p2a: Necrozma|65/100|[from] item: Leftovers
|upkeep
|turn|55
|inactive|PokeDuels has 30 seconds left.
|
|t:|1657517281
|move|p2a: Necrozma|Iron Head|p1a: Ho-Oh
|-resisted|p1a: Ho-Oh
|-activate|p1a: Ho-Oh|move: Substitute|[damage]
|move|p1a: Ho-Oh|Curse|p1a: Ho-Oh
|-unboost|p1a: Ho-Oh|spe|1
|-boost|p1a: Ho-Oh|atk|1
|-boost|p1a: Ho-Oh|def|1
|
|-heal|p2a: Necrozma|71/100|[from] item: Leftovers
|upkeep
|turn|56
|
|t:|1657517284
|move|p2a: Necrozma|Iron Head|p1a: Ho-Oh
|-resisted|p1a: Ho-Oh
|-end|p1a: Ho-Oh|Substitute
|move|p1a: Ho-Oh|Curse|p1a: Ho-Oh
|-unboost|p1a: Ho-Oh|spe|1
|-boost|p1a: Ho-Oh|atk|1
|-boost|p1a: Ho-Oh|def|1
|
|-heal|p2a: Necrozma|77/100|[from] item: Leftovers
|upkeep
|turn|57
|inactive|UBCS Weeb Dragon has 120 seconds left.
|
|t:|1657517316
|switch|p2a: Ditto|Ditto, shiny|98/100
|-transform|p2a: Ditto|p1a: Ho-Oh|[from] ability: Imposter
|move|p1a: Ho-Oh|Substitute|p1a: Ho-Oh
|-start|p1a: Ho-Oh|Substitute
|-damage|p1a: Ho-Oh|60/100 par
|
|upkeep
|turn|58
|
|t:|1657517320
|move|p2a: Ditto|Brave Bird|p1a: Ho-Oh
|-end|p1a: Ho-Oh|Substitute
|-damage|p2a: Ditto|86/100|[from] Recoil|[of] p1a: Ho-Oh
|move|p1a: Ho-Oh|Roost|p1a: Ho-Oh
|-heal|p1a: Ho-Oh|100/100 par
|-singleturn|p1a: Ho-Oh|move: Roost
|
|upkeep
|turn|59
|
|t:|1657517327
|move|p2a: Ditto|Brave Bird|p1a: Ho-Oh
|-crit|p1a: Ho-Oh
|-damage|p1a: Ho-Oh|0 fnt
|faint|p1a: Ho-Oh
|-damage|p2a: Ditto|41/100|[from] Recoil
|
|upkeep
|
|t:|1657517333
|switch|p1a: Groudon|Groudon|23/100 brn
|-damage|p1a: Groudon|17/100 brn|[from] Stealth Rock
|-weather|SunnyDay|[from] ability: Drought|[of] p1a: Groudon
|turn|60
|
|t:|1657517345
|move|p1a: Groudon|Stone Edge|p2a: Ditto
|-supereffective|p2a: Ditto
|-damage|p2a: Ditto|18/100
|move|p2a: Ditto|Brave Bird|p1a: Groudon
|-damage|p1a: Groudon|0 fnt
|faint|p1a: Groudon
|-damage|p2a: Ditto|11/100|[from] Recoil
|
|-weather|SunnyDay|[upkeep]
|upkeep
|
|t:|1657517347
|switch|p1a: Yveltal|Yveltal|49/100 par
|-ability|p1a: Yveltal|Dark Aura
|turn|61
|j| Shandeur
|
|t:|1657517366
|cant|p1a: Yveltal|par
|move|p2a: Ditto|Brave Bird|p1a: Yveltal
|-damage|p1a: Yveltal|0 fnt
|faint|p1a: Yveltal
|-damage|p2a: Ditto|0 fnt|[from] Recoil
|faint|p2a: Ditto
|
|win|UBCS Weeb Dragon
|raw|PokeDuels's rating: 1338 &rarr; <strong>1325</strong><br />(-13 for losing)
|raw|UBCS Weeb Dragon's rating: 1460 &rarr; <strong>1473</strong><br />(+13 for winning)
|l|☆PokeDuels
|l| Shandeur
