|j|☆jhvjhjhvjhvjh
|j|☆Kyng Jaymes HO
|t:|1648611082
|gametype|singles
|player|p1|jhvjhjhvjhvjh|red|1040
|player|p2|Kyng Jaymes HO|n|1082
|teamsize|p1|6
|teamsize|p2|6
|gen|8
|tier|[Gen 8] Ubers
|rated|
|rule|Sleep Clause Mod: Limit one foe put to sleep
|rule|Species Clause: Limit one of each Pokémon
|rule|OHKO Clause: OHKO moves are banned
|rule|Evasion Moves Clause: Evasion moves are banned
|rule|Endless Battle Clause: Forcing endless battles is banned
|rule|HP Percentage Mod: HP is shown in percentages
|rule|Dynamax Clause: You cannot dynamax
|clearpoke
|poke|p1|Cinderace, M|
|poke|p1|Calyrex-Shadow|
|poke|p1|Marshadow|
|poke|p1|Darmanitan-Galar, M|
|poke|p1|Palkia|
|poke|p1|Groudon|
|poke|p2|Aerodactyl, F|
|poke|p2|Yveltal|
|poke|p2|Eternatus|
|poke|p2|Necrozma-Dusk-Mane|
|poke|p2|Kyogre|
|poke|p2|Marshadow|
|teampreview
|inactive|Battle timer is ON: inactive players will automatically lose when time's up. (requested by Kyng Jaymes HO)
|
|t:|1648611086
|start
|switch|p1a: Darmanitan|Darmanitan-Galar, M|100/100
|switch|p2a: Aerodactyl|Aerodactyl, F|100/100
|-ability|p2a: Aerodactyl|Unnerve
|turn|1
|
|t:|1648611094
|move|p1a: Darmanitan|Icicle Crash|p2a: Aerodactyl
|-supereffective|p2a: Aerodactyl
|-enditem|p2a: Aerodactyl|Focus Sash
|-damage|p2a: Aerodactyl|1/100
|move|p2a: Aerodactyl|Stealth Rock|p1a: Darmanitan
|-sidestart|p1: jhvjhjhvjhvjh|move: Stealth Rock
|
|upkeep
|turn|2
|
|t:|1648611119
|switch|p1a: Groudon|Groudon|100/100
|-damage|p1a: Groudon|94/100|[from] Stealth Rock
|-weather|SunnyDay|[from] ability: Drought|[of] p1a: Groudon
|move|p2a: Aerodactyl|Rock Tomb|p1a: Groudon
|-resisted|p1a: Groudon
|-damage|p1a: Groudon|84/100
|-unboost|p1a: Groudon|spe|1
|
|-weather|SunnyDay|[upkeep]
|upkeep
|turn|3
|
|t:|1648611130
|move|p2a: Aerodactyl|Taunt|p1a: Groudon
|-start|p1a: Groudon|move: Taunt
|cant|p1a: Groudon|move: Taunt|Rock Polish
|
|-weather|SunnyDay|[upkeep]
|upkeep
|turn|4
|
|t:|1648611138
|move|p2a: Aerodactyl|Tailwind|p2a: Aerodactyl
|-sidestart|p2: Kyng Jaymes HO|move: Tailwind
|move|p1a: Groudon|Heat Crash|p2a: Aerodactyl
|-resisted|p2a: Aerodactyl
|-damage|p2a: Aerodactyl|0 fnt
|faint|p2a: Aerodactyl
|
|-weather|SunnyDay|[upkeep]
|upkeep
|
|t:|1648611142
|switch|p2a: Kyogre|Kyogre|100/100
|-weather|RainDance|[from] ability: Drizzle|[of] p2a: Kyogre
|turn|5
|
|t:|1648611148
|switch|p1a: Palkia|Palkia|100/100
|-damage|p1a: Palkia|88/100|[from] Stealth Rock
|-ability|p1a: Palkia|Pressure
|move|p2a: Kyogre|Calm Mind|p2a: Kyogre
|-boost|p2a: Kyogre|spa|1
|-boost|p2a: Kyogre|spd|1
|
|-weather|RainDance|[upkeep]
|upkeep
|turn|6
|
|t:|1648611159
|move|p2a: Kyogre|Thunder|p1a: Palkia
|-damage|p1a: Palkia|20/100
|move|p1a: Palkia|Hydro Pump|p2a: Kyogre|[miss]
|-miss|p1a: Palkia|p2a: Kyogre
|
|-weather|RainDance|[upkeep]
|upkeep
|turn|7
|
|t:|1648611167
|move|p2a: Kyogre|Ice Beam|p1a: Palkia
|-damage|p1a: Palkia|0 fnt
|faint|p1a: Palkia
|
|-weather|RainDance|[upkeep]
|-sideend|p2: Kyng Jaymes HO|move: Tailwind
|upkeep
|
|t:|1648611178
|switch|p1a: Calyrex|Calyrex-Shadow|100/100
|-ability|p1a: Calyrex|As One
|-ability|p1a: Calyrex|Unnerve
|-damage|p1a: Calyrex|88/100|[from] Stealth Rock
|turn|8
|
|t:|1648611187
|move|p1a: Calyrex|Astral Barrage|p2a: Kyogre
|-damage|p2a: Kyogre|64/100
|move|p2a: Kyogre|Surf|p1a: Calyrex
|-damage|p1a: Calyrex|0 fnt
|faint|p1a: Calyrex
|
|-weather|RainDance|[upkeep]
|upkeep
|
|t:|1648611196
|switch|p1a: Groudon|Groudon|84/100
|-damage|p1a: Groudon|78/100|[from] Stealth Rock
|-weather|SunnyDay|[from] ability: Drought|[of] p1a: Groudon
|turn|9
|
|t:|1648611203
|move|p1a: Groudon|Earthquake|p2a: Kyogre
|-damage|p2a: Kyogre|4/100
|move|p2a: Kyogre|Ice Beam|p1a: Groudon
|-supereffective|p1a: Groudon
|-damage|p1a: Groudon|0 fnt
|faint|p1a: Groudon
|
|-weather|SunnyDay|[upkeep]
|upkeep
|
|t:|1648611210
|switch|p1a: Marshadow|Marshadow|100/100
|-damage|p1a: Marshadow|94/100|[from] Stealth Rock
|turn|10
|inactive|jhvjhjhvjhvjh has 120 seconds left.
|
|t:|1648611243
|move|p1a: Marshadow|Spectral Thief||[still]
|-clearpositiveboost|p2a: Kyogre|p1a: Marshadow|move: Spectral Thief
|-boost|p1a: Marshadow|spa|1
|-boost|p1a: Marshadow|spd|1
|-anim|p1a: Marshadow|Spectral Thief|p2a: Kyogre
|-damage|p2a: Kyogre|0 fnt
|faint|p2a: Kyogre
|
|-weather|SunnyDay|[upkeep]
|upkeep
|
|t:|1648611249
|switch|p2a: Yveltal|Yveltal|100/100
|-ability|p2a: Yveltal|Dark Aura
|turn|11
|
|t:|1648611258
|switch|p1a: Cinderace|Cinderace, M|100/100
|-damage|p1a: Cinderace|76/100|[from] Stealth Rock
|move|p2a: Yveltal|Acrobatics|p1a: Cinderace
|-damage|p1a: Cinderace|0 fnt
|faint|p1a: Cinderace
|
|-weather|SunnyDay|[upkeep]
|upkeep
|
|t:|1648611266
|switch|p1a: Darmanitan|Darmanitan-Galar, M|100/100
|-damage|p1a: Darmanitan|76/100|[from] Stealth Rock
|turn|12
|
|t:|1648611272
|move|p2a: Yveltal|Sucker Punch|p1a: Darmanitan
|-damage|p1a: Darmanitan|0 fnt
|faint|p1a: Darmanitan
|
|-weather|SunnyDay|[upkeep]
|upkeep
|
|t:|1648611277
|switch|p1a: Marshadow|Marshadow|94/100
|-damage|p1a: Marshadow|88/100|[from] Stealth Rock
|turn|13
|
|t:|1648611284
|move|p1a: Marshadow|Close Combat|p2a: Yveltal
|-damage|p2a: Yveltal|45/100
|-unboost|p1a: Marshadow|def|1
|-unboost|p1a: Marshadow|spd|1
|move|p2a: Yveltal|Acrobatics|p1a: Marshadow
|-supereffective|p1a: Marshadow
|-damage|p1a: Marshadow|0 fnt
|faint|p1a: Marshadow
|
|win|Kyng Jaymes HO
|raw|jhvjhjhvjhvjh's rating: 1040 &rarr; <strong>1027</strong><br />(-13 for losing)
|raw|Kyng Jaymes HO's rating: 1103 &rarr; <strong>1124</strong><br />(+21 for winning)
