|j|☆Goose cooker
|j|☆YuForfeit
|t:|1612718922
|player|p1|Goose cooker|102|1538
|player|p2|YuForfeit|266|1421
|teamsize|p1|6
|teamsize|p2|6
|gametype|singles
|gen|8
|tier|[Gen 8] Ubers
|rated|
|clearpoke
|poke|p1|Groudon|
|poke|p1|Calyrex-Shadow|
|poke|p1|Yveltal|
|poke|p1|Necrozma-Dusk-Mane|
|poke|p1|Ferrothorn, M|
|poke|p1|Eternatus|
|poke|p2|Slurpuff, F|
|poke|p2|Kyurem-White|
|poke|p2|Necrozma-Dusk-Mane|
|poke|p2|Zygarde|
|poke|p2|Yveltal|
|poke|p2|Marshadow|
|rule|Sleep Clause Mod: Limit one foe put to sleep
|rule|Species Clause: Limit one of each Pokémon
|rule|OHKO Clause: OHKO moves are banned
|rule|Evasion Moves Clause: Evasion moves are banned
|rule|Endless Battle Clause: Forcing endless battles is banned
|rule|HP Percentage Mod: HP is shown in percentages
|rule|Dynamax Clause: You cannot dynamax
|teampreview
|
|t:|1612718953
|start
|switch|p1a: Yveltal|Yveltal|100/100
|switch|p2a: Slurpuff|Slurpuff, F|100/100
|-ability|p1a: Yveltal|Dark Aura
|turn|1
|inactive|Battle timer is ON: inactive players will automatically lose when time's up. (requested by YuForfeit)
|
|t:|1612718958
|move|p1a: Yveltal|U-turn|p2a: Slurpuff
|-resisted|p2a: Slurpuff
|-damage|p2a: Slurpuff|85/100
|
|t:|1612718964
|switch|p1a: Calyrex|Calyrex-Shadow|100/100|[from]move: U-turn
|-ability|p1a: Calyrex|As One
|-ability|p1a: Calyrex|Unnerve|p2: YuForfeit
|move|p2a: Slurpuff|Sticky Web|p1a: Calyrex
|-sidestart|p1: Goose cooker|move: Sticky Web
|
|upkeep
|turn|2
|
|t:|1612718969
|switch|p2a: Yveltal|Yveltal|100/100
|-ability|p2a: Yveltal|Dark Aura
|move|p1a: Calyrex|Trick|p2a: Yveltal
|-activate|p1a: Calyrex|move: Trick|[of] p2a: Yveltal
|-item|p2a: Yveltal|Choice Scarf|[from] move: Trick
|-item|p1a: Calyrex|Life Orb|[from] move: Trick
|
|upkeep
|turn|3
|
|t:|1612718979
|switch|p1a: Yveltal|Yveltal|100/100
|-ability|p1a: Yveltal|Dark Aura
|move|p2a: Yveltal|Dark Pulse|p1a: Yveltal
|-resisted|p1a: Yveltal
|-damage|p1a: Yveltal|76/100
|
|upkeep
|turn|4
|
|t:|1612718987
|switch|p2a: Slurpuff|Slurpuff, F|85/100
|move|p1a: Yveltal|Defog|p2a: Slurpuff
|-unboost|p2a: Slurpuff|evasion|1
|-sideend|p1: Goose cooker|Sticky Web|[from] move: Defog|[of] p1a: Yveltal
|
|upkeep
|turn|5
|
|t:|1612718997
|switch|p1a: Necrozma|Necrozma-Dusk-Mane|100/100
|move|p2a: Slurpuff|Sticky Web|p1a: Necrozma
|-sidestart|p1: Goose cooker|move: Sticky Web
|
|upkeep
|turn|6
|
|t:|1612719001
|switch|p2a: Yveltal|Yveltal|100/100
|-ability|p2a: Yveltal|Dark Aura
|move|p1a: Necrozma|Sunsteel Strike|p2a: Yveltal
|-damage|p2a: Yveltal|44/100
|
|upkeep
|turn|7
|
|t:|1612719009
|switch|p1a: Yveltal|Yveltal|76/100
|-ability|p1a: Yveltal|Dark Aura
|move|p2a: Yveltal|Dark Pulse|p1a: Yveltal
|-resisted|p1a: Yveltal
|-damage|p1a: Yveltal|51/100
|
|upkeep
|turn|8
|
|t:|1612719014
|move|p2a: Yveltal|Dark Pulse|p1a: Yveltal
|-resisted|p1a: Yveltal
|-damage|p1a: Yveltal|30/100
|move|p1a: Yveltal|Defog|p2a: Yveltal
|-unboost|p2a: Yveltal|evasion|1
|-sideend|p1: Goose cooker|Sticky Web|[from] move: Defog|[of] p1a: Yveltal
|
|upkeep
|turn|9
|
|t:|1612719019
|move|p2a: Yveltal|Dark Pulse|p1a: Yveltal
|-resisted|p1a: Yveltal
|-damage|p1a: Yveltal|8/100
|cant|p1a: Yveltal|flinch
|
|upkeep
|turn|10
|
|t:|1612719023
|switch|p1a: Eternatus|Eternatus|100/100
|-ability|p1a: Eternatus|Pressure
|move|p2a: Yveltal|Dark Pulse|p1a: Eternatus
|-damage|p1a: Eternatus|57/100
|
|upkeep
|turn|11
|
|t:|1612719029
|move|p2a: Yveltal|Dark Pulse|p1a: Eternatus
|-damage|p1a: Eternatus|12/100
|cant|p1a: Eternatus|flinch
|
|upkeep
|turn|12
|
|t:|1612719035
|switch|p1a: Yveltal|Yveltal|8/100
|-ability|p1a: Yveltal|Dark Aura
|move|p2a: Yveltal|Dark Pulse|p1a: Yveltal
|-resisted|p1a: Yveltal
|-damage|p1a: Yveltal|0 fnt
|faint|p1a: Yveltal
|
|upkeep
|
|t:|1612719038
|switch|p1a: Ferrothorn|Ferrothorn, M|100/100
|turn|13
|c|☆YuForfeit|thank scarf
|
|t:|1612719045
|move|p2a: Yveltal|Dark Pulse|p1a: Ferrothorn
|-damage|p1a: Ferrothorn|63/100
|move|p1a: Ferrothorn|Gyro Ball|p2a: Yveltal
|-damage|p2a: Yveltal|0 fnt
|faint|p2a: Yveltal
|
|-heal|p1a: Ferrothorn|69/100|[from] item: Leftovers
|upkeep
|
|t:|1612719052
|switch|p2a: Slurpuff|Slurpuff, F|85/100
|turn|14
|
|t:|1612719057
|move|p2a: Slurpuff|Sticky Web|p1a: Ferrothorn
|-sidestart|p1: Goose cooker|move: Sticky Web
|move|p1a: Ferrothorn|Curse|p1a: Ferrothorn
|-unboost|p1a: Ferrothorn|spe|1
|-boost|p1a: Ferrothorn|atk|1
|-boost|p1a: Ferrothorn|def|1
|
|-heal|p1a: Ferrothorn|75/100|[from] item: Leftovers
|upkeep
|turn|15
|
|t:|1612719060
|move|p2a: Slurpuff|Yawn|p1a: Ferrothorn
|-start|p1a: Ferrothorn|move: Yawn|[of] p2a: Slurpuff
|move|p1a: Ferrothorn|Curse|p1a: Ferrothorn
|-unboost|p1a: Ferrothorn|spe|1
|-boost|p1a: Ferrothorn|atk|1
|-boost|p1a: Ferrothorn|def|1
|
|-heal|p1a: Ferrothorn|81/100|[from] item: Leftovers
|upkeep
|turn|16
|
|t:|1612719068
|move|p2a: Slurpuff|Magic Coat|p2a: Slurpuff
|-singleturn|p2a: Slurpuff|move: Magic Coat
|move|p1a: Ferrothorn|Curse|p1a: Ferrothorn
|-unboost|p1a: Ferrothorn|spe|1
|-boost|p1a: Ferrothorn|atk|1
|-boost|p1a: Ferrothorn|def|1
|
|-heal|p1a: Ferrothorn|87/100|[from] item: Leftovers
|-end|p1a: Ferrothorn|move: Yawn|[silent]
|-status|p1a: Ferrothorn|slp
|upkeep
|turn|17
|c|☆Goose cooker|thank hax*
|
|t:|1612719078
|switch|p2a: Kyurem|Kyurem-White|100/100
|-ability|p2a: Kyurem|Turboblaze
|cant|p1a: Ferrothorn|slp
|
|-heal|p1a: Ferrothorn|93/100 slp|[from] item: Leftovers
|upkeep
|turn|18
|c|☆YuForfeit|:)
|
|t:|1612719088
|switch|p1a: Eternatus|Eternatus|12/100
|-activate|p1a: Eternatus|move: Sticky Web
|-unboost|p1a: Eternatus|spe|1
|-ability|p1a: Eternatus|Pressure
|move|p2a: Kyurem|Fusion Flare|p1a: Eternatus
|-resisted|p1a: Eternatus
|-damage|p1a: Eternatus|0 fnt
|faint|p1a: Eternatus
|
|upkeep
|c|☆YuForfeit|you forfeit
|
|t:|1612719113
|switch|p1a: Necrozma|Necrozma-Dusk-Mane|100/100
|-activate|p1a: Necrozma|move: Sticky Web
|-unboost|p1a: Necrozma|spe|1
|turn|19
|
|t:|1612719118
|move|p2a: Kyurem|Fusion Flare|p1a: Necrozma
|-supereffective|p1a: Necrozma
|-damage|p1a: Necrozma|30/100
|move|p1a: Necrozma|Stealth Rock|p2a: Kyurem
|-sidestart|p2: YuForfeit|move: Stealth Rock
|
|-heal|p1a: Necrozma|36/100|[from] item: Leftovers
|upkeep
|turn|20
|
|t:|1612719124
|move|p2a: Kyurem|Fusion Flare|p1a: Necrozma
|-supereffective|p1a: Necrozma
|-damage|p1a: Necrozma|0 fnt
|faint|p1a: Necrozma
|
|upkeep
|
|t:|1612719128
|switch|p1a: Calyrex|Calyrex-Shadow|100/100
|-ability|p1a: Calyrex|As One
|-ability|p1a: Calyrex|Unnerve|p2: YuForfeit
|-activate|p1a: Calyrex|move: Sticky Web
|-unboost|p1a: Calyrex|spe|1
|turn|21
|
|t:|1612719140
|switch|p2a: Slurpuff|Slurpuff, F|85/100
|-damage|p2a: Slurpuff|73/100|[from] Stealth Rock
|move|p1a: Calyrex|Astral Barrage|p2a: Slurpuff
|-damage|p2a: Slurpuff|0 fnt
|-damage|p1a: Calyrex|91/100|[from] item: Life Orb
|faint|p2a: Slurpuff
|-ability|p1a: Calyrex|Grim Neigh|boost
|-boost|p1a: Calyrex|spa|1
|
|upkeep
|
|t:|1612719142
|switch|p2a: Marshadow|Marshadow|100/100
|-damage|p2a: Marshadow|94/100|[from] Stealth Rock
|turn|22
|
|t:|1612719152
|move|p2a: Marshadow|Spectral Thief||[still]
|-clearpositiveboost|p1a: Calyrex|p2a: Marshadow|move: Spectral Thief
|-boost|p2a: Marshadow|spa|1
|-anim|p2a: Marshadow|Spectral Thief|p1a: Calyrex
|-supereffective|p1a: Calyrex
|-damage|p1a: Calyrex|0 fnt
|faint|p1a: Calyrex
|
|upkeep
|
|t:|1612719155
|switch|p1a: Groudon|Groudon|100/100
|-activate|p1a: Groudon|move: Sticky Web
|-unboost|p1a: Groudon|spe|1
|-weather|SunnyDay|[from] ability: Drought|[of] p1a: Groudon
|turn|23
|
|t:|1612719160
|move|p2a: Marshadow|Poltergeist|p1a: Groudon|[miss]
|-miss|p2a: Marshadow|p1a: Groudon
|move|p1a: Groudon|Rock Polish|p1a: Groudon
|-boost|p1a: Groudon|spe|2
|
|-weather|SunnyDay|[upkeep]
|upkeep
|turn|24
|
|t:|1612719167
|move|p2a: Marshadow|Spectral Thief||[still]
|-clearpositiveboost|p1a: Groudon|p2a: Marshadow|move: Spectral Thief
|-boost|p2a: Marshadow|spe|1
|-anim|p2a: Marshadow|Spectral Thief|p1a: Groudon
|-damage|p1a: Groudon|69/100
|move|p1a: Groudon|Precipice Blades|p2a: Marshadow|[miss]
|-miss|p1a: Groudon|p2a: Marshadow
|
|-weather|SunnyDay|[upkeep]
|upkeep
|turn|25
|c|☆YuForfeit|ole
|c|☆YuForfeit|i love' hax
|c|☆YuForfeit|loser
|
|t:|1612719184
|move|p2a: Marshadow|Poltergeist|p1a: Groudon
|-activate|p1a: Groudon|move: Poltergeist|Life Orb
|-damage|p1a: Groudon|33/100
|move|p1a: Groudon|Precipice Blades|p2a: Marshadow
|-damage|p2a: Marshadow|0 fnt
|-damage|p1a: Groudon|23/100|[from] item: Life Orb
|faint|p2a: Marshadow
|
|-weather|SunnyDay|[upkeep]
|upkeep
|c|☆YuForfeit|you forfeit
|
|t:|1612719192
|switch|p2a: Kyurem|Kyurem-White|100/100
|-damage|p2a: Kyurem|76/100|[from] Stealth Rock
|-ability|p2a: Kyurem|Turboblaze
|turn|26
|c|☆Goose cooker|only way ur garbage ass will win
|c|☆Goose cooker|ill smash u next time
|-message|Goose cooker forfeited.
|
|win|YuForfeit
|c|☆YuForfeit|go down
|l|☆Goose cooker
||Ladder (probably) updated, but score could not be retrieved (Request timeout).
|c|☆YuForfeit|mdrrrrrrrrr
