|j|☆Entrocefalo
|j|☆ILoveMashing❤
|t:|1634658767
|gametype|singles
|player|p1|Entrocefalo|1|
|player|p2|ILoveMashing❤|marley|
|teamsize|p1|6
|teamsize|p2|6
|gen|8
|tier|[Gen 8] Ubers
|rated|Tournament battle
|rule|Sleep Clause Mod: Limit one foe put to sleep
|rule|Species Clause: Limit one of each Pokémon
|rule|OHKO Clause: OHKO moves are banned
|rule|Evasion Moves Clause: Evasion moves are banned
|rule|Endless Battle Clause: Forcing endless battles is banned
|rule|HP Percentage Mod: HP is shown in percentages
|rule|Dynamax Clause: You cannot dynamax
|clearpoke
|poke|p1|Necrozma-Dusk-Mane|
|poke|p1|Yveltal|
|poke|p1|Zekrom|
|poke|p1|Darmanitan-Galar, F|
|poke|p1|Rayquaza|
|poke|p1|Xerneas-*|
|poke|p2|Kyogre|
|poke|p2|Dracovish|
|poke|p2|Thundurus-Therian, M|
|poke|p2|Zygarde|
|poke|p2|Yveltal|
|poke|p2|Necrozma-Dusk-Mane|
|teampreview
|c|☆Entrocefalo|hf!
|inactive|Battle timer is ON: inactive players will automatically lose when time's up. (requested by Entrocefalo)
|c|☆ILoveMashing❤|hf
|
|t:|1634658787
|start
|switch|p1a: Darmanitan|Darmanitan-Galar, F|100/100
|switch|p2a: Kyogre|Kyogre|100/100
|-weather|RainDance|[from] ability: Drizzle|[of] p2a: Kyogre
|turn|1
|
|t:|1634658797
|move|p1a: Darmanitan|U-turn|p2a: Kyogre
|-damage|p2a: Kyogre|65/100
|
|t:|1634658800
|switch|p1a: Zekrom|Zekrom|100/100|[from]move: U-turn
|-ability|p1a: Zekrom|Teravolt
|move|p2a: Kyogre|Scald|p1a: Zekrom
|-resisted|p1a: Zekrom
|-damage|p1a: Zekrom|74/100
|
|-weather|RainDance|[upkeep]
|-heal|p2a: Kyogre|71/100|[from] item: Leftovers
|upkeep
|turn|2
|
|t:|1634658808
|switch|p2a: Zygarde|Zygarde|100/100
|move|p1a: Zekrom|Bolt Strike|p2a: Zygarde
|-immune|p2a: Zygarde
|
|-weather|RainDance|[upkeep]
|upkeep
|turn|3
|
|t:|1634658820
|switch|p2a: Necrozma|Necrozma-Dusk-Mane|100/100
|move|p1a: Zekrom|Dragon Tail|p2a: Necrozma
|-resisted|p2a: Necrozma
|-damage|p2a: Necrozma|89/100
|drag|p2a: Zygarde|Zygarde|100/100
|
|-weather|RainDance|[upkeep]
|upkeep
|turn|4
|j| glhflmao
|
|t:|1634658826
|move|p1a: Zekrom|Roost|p1a: Zekrom
|-heal|p1a: Zekrom|100/100
|-singleturn|p1a: Zekrom|move: Roost
|move|p2a: Zygarde|Substitute|p2a: Zygarde
|-start|p2a: Zygarde|Substitute
|-damage|p2a: Zygarde|75/100
|
|-weather|RainDance|[upkeep]
|-heal|p2a: Zygarde|82/100|[from] item: Leftovers
|upkeep
|turn|5
|j| skimmythegod
|
|t:|1634658833
|switch|p1a: Xerneas|Xerneas|100/100
|-ability|p1a: Xerneas|Fairy Aura
|-item|p1a: Xerneas|Air Balloon
|move|p2a: Zygarde|Coil|p2a: Zygarde
|-boost|p2a: Zygarde|atk|1
|-boost|p2a: Zygarde|def|1
|-boost|p2a: Zygarde|accuracy|1
|
|-weather|none
|-heal|p2a: Zygarde|88/100|[from] item: Leftovers
|upkeep
|turn|6
|
|t:|1634658843
|move|p1a: Xerneas|Moonblast|p2a: Zygarde
|-supereffective|p2a: Zygarde
|-end|p2a: Zygarde|Substitute
|move|p2a: Zygarde|Thousand Arrows|p1a: Xerneas
|-damage|p1a: Xerneas|74/100
|-enditem|p1a: Xerneas|Air Balloon
|
|-heal|p2a: Zygarde|94/100|[from] item: Leftovers
|upkeep
|turn|7
|
|t:|1634658849
|switch|p2a: Necrozma|Necrozma-Dusk-Mane|89/100
|move|p1a: Xerneas|Moonblast|p2a: Necrozma
|-resisted|p2a: Necrozma
|-damage|p2a: Necrozma|71/100
|
|-heal|p2a: Necrozma|77/100|[from] item: Leftovers
|upkeep
|turn|8
|
|t:|1634658855
|switch|p1a: Zekrom|Zekrom|100/100
|-ability|p1a: Zekrom|Teravolt
|move|p2a: Necrozma|Stealth Rock|p1a: Zekrom
|-sidestart|p1: Entrocefalo|move: Stealth Rock
|
|-heal|p2a: Necrozma|83/100|[from] item: Leftovers
|upkeep
|turn|9
|
|t:|1634658861
|switch|p2a: Zygarde|Zygarde|94/100
|move|p1a: Zekrom|Defog|p2a: Zygarde
|-unboost|p2a: Zygarde|evasion|1
|-sideend|p1: Entrocefalo|Stealth Rock|[from] move: Defog|[of] p1a: Zekrom
|
|-heal|p2a: Zygarde|99/100|[from] item: Leftovers
|upkeep
|turn|10
|
|t:|1634658870
|switch|p1a: Xerneas|Xerneas|74/100
|-ability|p1a: Xerneas|Fairy Aura
|switch|p2a: Necrozma|Necrozma-Dusk-Mane|83/100
|
|-heal|p2a: Necrozma|89/100|[from] item: Leftovers
|upkeep
|turn|11
|
|t:|1634658880
|switch|p1a: Zekrom|Zekrom|100/100
|-ability|p1a: Zekrom|Teravolt
|move|p2a: Necrozma|Stealth Rock|p1a: Zekrom
|-sidestart|p1: Entrocefalo|move: Stealth Rock
|
|-heal|p2a: Necrozma|95/100|[from] item: Leftovers
|upkeep
|turn|12
|
|t:|1634658887
|switch|p2a: Zygarde|Zygarde|99/100
|move|p1a: Zekrom|Defog|p2a: Zygarde
|-unboost|p2a: Zygarde|evasion|1
|-sideend|p1: Entrocefalo|Stealth Rock|[from] move: Defog|[of] p1a: Zekrom
|
|-heal|p2a: Zygarde|100/100|[from] item: Leftovers
|upkeep
|turn|13
|
|t:|1634658891
|move|p2a: Zygarde|Thousand Arrows|p1a: Zekrom
|-supereffective|p1a: Zekrom
|-damage|p1a: Zekrom|57/100
|move|p1a: Zekrom|Dragon Tail|p2a: Zygarde
|-supereffective|p2a: Zygarde
|-damage|p2a: Zygarde|73/100
|drag|p2a: Thundurus|Thundurus-Therian, M|100/100
|
|upkeep
|turn|14
|
|t:|1634658899
|switch|p2a: Zygarde|Zygarde|73/100
|move|p1a: Zekrom|Roost|p1a: Zekrom
|-heal|p1a: Zekrom|100/100
|-singleturn|p1a: Zekrom|move: Roost
|
|-heal|p2a: Zygarde|79/100|[from] item: Leftovers
|upkeep
|turn|15
|
|t:|1634658903
|switch|p1a: Xerneas|Xerneas|74/100
|-ability|p1a: Xerneas|Fairy Aura
|move|p2a: Zygarde|Substitute|p2a: Zygarde
|-start|p2a: Zygarde|Substitute
|-damage|p2a: Zygarde|54/100
|
|-heal|p2a: Zygarde|60/100|[from] item: Leftovers
|upkeep
|turn|16
|
|t:|1634658911
|move|p1a: Xerneas|Moonblast|p2a: Zygarde
|-supereffective|p2a: Zygarde
|-end|p2a: Zygarde|Substitute
|move|p2a: Zygarde|Thousand Arrows|p1a: Xerneas
|-damage|p1a: Xerneas|57/100
|
|-heal|p2a: Zygarde|66/100|[from] item: Leftovers
|upkeep
|turn|17
|
|t:|1634658917
|switch|p1a: Rayquaza|Rayquaza|100/100
|-ability|p1a: Rayquaza|Air Lock
|switch|p2a: Necrozma|Necrozma-Dusk-Mane|95/100
|
|-heal|p2a: Necrozma|100/100|[from] item: Leftovers
|upkeep
|turn|18
|
|t:|1634658923
|switch|p2a: Thundurus|Thundurus-Therian, M|100/100
|move|p1a: Rayquaza|Dragon Ascent|p2a: Thundurus
|-resisted|p2a: Thundurus
|-damage|p2a: Thundurus|21/100
|-unboost|p1a: Rayquaza|def|1
|-unboost|p1a: Rayquaza|spd|1
|
|upkeep
|turn|19
|
|t:|1634658939
|switch|p1a: Zekrom|Zekrom|100/100
|-ability|p1a: Zekrom|Teravolt
|move|p2a: Thundurus|Psychic|p1a: Zekrom
|-damage|p1a: Zekrom|63/100
|-damage|p2a: Thundurus|11/100|[from] item: Life Orb
|
|upkeep
|turn|20
|
|t:|1634658953
|move|p2a: Thundurus|Nasty Plot|p2a: Thundurus
|-boost|p2a: Thundurus|spa|2
|move|p1a: Zekrom|Roost|p1a: Zekrom
|-heal|p1a: Zekrom|100/100
|-singleturn|p1a: Zekrom|move: Roost
|
|upkeep
|turn|21
|
|t:|1634658956
|move|p2a: Thundurus|Psychic|p1a: Zekrom
|-damage|p1a: Zekrom|23/100
|-damage|p2a: Thundurus|1/100|[from] item: Life Orb
|move|p1a: Zekrom|Dragon Tail|p2a: Thundurus
|-damage|p2a: Thundurus|0 fnt
|faint|p2a: Thundurus
|
|upkeep
|
|t:|1634658959
|switch|p2a: Dracovish|Dracovish|100/100
|turn|22
|
|t:|1634658963
|move|p2a: Dracovish|Fishious Rend|p1a: Zekrom
|-resisted|p1a: Zekrom
|-damage|p1a: Zekrom|0 fnt
|faint|p1a: Zekrom
|
|upkeep
|
|t:|1634658966
|switch|p1a: Darmanitan|Darmanitan-Galar, F|100/100
|turn|23
|
|t:|1634658970
|switch|p2a: Kyogre|Kyogre|71/100
|-weather|RainDance|[from] ability: Drizzle|[of] p2a: Kyogre
|move|p1a: Darmanitan|Icicle Crash|p2a: Kyogre
|-resisted|p2a: Kyogre
|-damage|p2a: Kyogre|37/100
|
|-weather|RainDance|[upkeep]
|-heal|p2a: Kyogre|43/100|[from] item: Leftovers
|upkeep
|turn|24
|
|t:|1634658983
|move|p1a: Darmanitan|Icicle Crash|p2a: Kyogre
|-resisted|p2a: Kyogre
|-damage|p2a: Kyogre|13/100
|move|p2a: Kyogre|Rest|p2a: Kyogre
|-status|p2a: Kyogre|slp|[from] move: Rest
|-heal|p2a: Kyogre|100/100 slp|[silent]
|
|-weather|RainDance|[upkeep]
|upkeep
|turn|25
|
|t:|1634658990
|move|p1a: Darmanitan|Icicle Crash|p2a: Kyogre
|-resisted|p2a: Kyogre
|-damage|p2a: Kyogre|70/100 slp
|cant|p2a: Kyogre|slp
|cant|p2a: Kyogre|flinch
|
|-weather|RainDance|[upkeep]
|-heal|p2a: Kyogre|76/100 slp|[from] item: Leftovers
|upkeep
|turn|26
|
|t:|1634658996
|switch|p1a: Rayquaza|Rayquaza|100/100
|-ability|p1a: Rayquaza|Air Lock
|cant|p2a: Kyogre|slp
|move|p2a: Kyogre|Sleep Talk|p2a: Kyogre
|move|p2a: Kyogre|Roar|p1a: Rayquaza|[from]move: Sleep Talk
|drag|p1a: Xerneas|Xerneas|57/100
|-ability|p1a: Xerneas|Fairy Aura
|
|-weather|RainDance|[upkeep]
|-heal|p2a: Kyogre|82/100 slp|[from] item: Leftovers
|upkeep
|turn|27
|
|t:|1634659007
|switch|p2a: Necrozma|Necrozma-Dusk-Mane|100/100
|move|p1a: Xerneas|Rest|p1a: Xerneas
|-status|p1a: Xerneas|slp|[from] move: Rest
|-heal|p1a: Xerneas|100/100 slp|[silent]
|
|-weather|none
|upkeep
|turn|28
|
|t:|1634659014
|switch|p1a: Yveltal|Yveltal|100/100
|-ability|p1a: Yveltal|Dark Aura
|move|p2a: Necrozma|Stealth Rock|p1a: Yveltal
|-sidestart|p1: Entrocefalo|move: Stealth Rock
|
|upkeep
|turn|29
|
|t:|1634659024
|switch|p2a: Yveltal|Yveltal|100/100
|-ability|p2a: Yveltal|Dark Aura
|move|p1a: Yveltal|Knock Off|p2a: Yveltal
|-resisted|p2a: Yveltal
|-damage|p2a: Yveltal|77/100
|-enditem|p2a: Yveltal|Heavy-Duty Boots|[from] move: Knock Off|[of] p1a: Yveltal
|
|upkeep
|turn|30
|
|t:|1634659028
|move|p1a: Yveltal|U-turn|p2a: Yveltal
|-damage|p2a: Yveltal|62/100
|
|t:|1634659030
|switch|p1a: Xerneas|Xerneas|100/100 slp|[from]move: U-turn
|-damage|p1a: Xerneas|88/100 slp|[from] Stealth Rock
|-ability|p1a: Xerneas|Fairy Aura
|move|p2a: Yveltal|Knock Off|p1a: Xerneas
|-resisted|p1a: Xerneas
|-crit|p1a: Xerneas
|-damage|p1a: Xerneas|73/100 slp
|
|upkeep
|turn|31
|
|t:|1634659035
|switch|p1a: Yveltal|Yveltal|100/100
|-ability|p1a: Yveltal|Dark Aura
|switch|p2a: Necrozma|Necrozma-Dusk-Mane|100/100
|
|upkeep
|turn|32
|
|t:|1634659042
|switch|p2a: Zygarde|Zygarde|66/100
|move|p1a: Yveltal|Knock Off|p2a: Zygarde
|-damage|p2a: Zygarde|38/100
|-enditem|p2a: Zygarde|Leftovers|[from] move: Knock Off|[of] p1a: Yveltal
|
|-activate|p2a: Zygarde|ability: Power Construct
|detailschange|p2a: Zygarde|Zygarde-Complete
|-heal|p2a: Zygarde|59/100|[silent]
|upkeep
|turn|33
|l| skimmythegod
|
|t:|1634659053
|move|p1a: Yveltal|U-turn|p2a: Zygarde
|-damage|p2a: Zygarde|52/100
|
|t:|1634659056
|switch|p1a: Xerneas|Xerneas|73/100 slp|[from]move: U-turn
|-damage|p1a: Xerneas|61/100 slp|[from] Stealth Rock
|-ability|p1a: Xerneas|Fairy Aura
|move|p2a: Zygarde|Thousand Arrows|p1a: Xerneas
|-damage|p1a: Xerneas|44/100 slp
|
|upkeep
|turn|34
|
|t:|1634659065
|switch|p2a: Kyogre|Kyogre|82/100 slp
|-weather|RainDance|[from] ability: Drizzle|[of] p2a: Kyogre
|cant|p1a: Xerneas|slp
|move|p1a: Xerneas|Sleep Talk|p1a: Xerneas
|move|p1a: Xerneas|Rest||[from]move: Sleep Talk|[still]
|-fail|p1a: Xerneas
|
|-weather|RainDance|[upkeep]
|-heal|p2a: Kyogre|89/100 slp|[from] item: Leftovers
|upkeep
|turn|35
|
|t:|1634659070
|cant|p1a: Xerneas|slp
|move|p1a: Xerneas|Sleep Talk|p1a: Xerneas
|move|p1a: Xerneas|Rest||[from]move: Sleep Talk|[still]
|-fail|p1a: Xerneas
|-curestatus|p2a: Kyogre|slp|[msg]
|move|p2a: Kyogre|Roar|p1a: Xerneas
|drag|p1a: Rayquaza|Rayquaza|100/100
|-damage|p1a: Rayquaza|76/100|[from] Stealth Rock
|-ability|p1a: Rayquaza|Air Lock
|
|-weather|RainDance|[upkeep]
|-heal|p2a: Kyogre|95/100|[from] item: Leftovers
|upkeep
|turn|36
|
|t:|1634659080
|move|p1a: Rayquaza|Dragon Ascent|p2a: Kyogre
|-damage|p2a: Kyogre|0 fnt
|-unboost|p1a: Rayquaza|def|1
|-unboost|p1a: Rayquaza|spd|1
|faint|p2a: Kyogre
|
|-weather|RainDance|[upkeep]
|upkeep
|
|t:|1634659093
|switch|p2a: Dracovish|Dracovish|100/100
|turn|37
|
|t:|1634659102
|switch|p1a: Necrozma|Necrozma-Dusk-Mane|100/100
|-damage|p1a: Necrozma|94/100|[from] Stealth Rock
|move|p2a: Dracovish|Fishious Rend|p1a: Necrozma
|-damage|p1a: Necrozma|0 fnt
|faint|p1a: Necrozma
|
|-weather|RainDance|[upkeep]
|upkeep
|
|t:|1634659106
|switch|p1a: Darmanitan|Darmanitan-Galar, F|100/100
|-damage|p1a: Darmanitan|76/100|[from] Stealth Rock
|turn|38
|
|t:|1634659110
|move|p1a: Darmanitan|Icicle Crash|p2a: Dracovish
|-damage|p2a: Dracovish|26/100
|move|p2a: Dracovish|Fishious Rend|p1a: Darmanitan
|-damage|p1a: Darmanitan|0 fnt
|faint|p1a: Darmanitan
|
|-weather|none
|upkeep
|
|t:|1634659117
|switch|p1a: Yveltal|Yveltal|100/100
|-ability|p1a: Yveltal|Dark Aura
|turn|39
|
|t:|1634659120
|switch|p2a: Yveltal|Yveltal|62/100
|-ability|p2a: Yveltal|Dark Aura
|move|p1a: Yveltal|Sucker Punch||[still]
|-fail|p1a: Yveltal
|
|upkeep
|turn|40
|
|t:|1634659124
|move|p1a: Yveltal|Knock Off|p2a: Yveltal
|-resisted|p2a: Yveltal
|-damage|p2a: Yveltal|49/100
|move|p2a: Yveltal|Roost|p2a: Yveltal
|-heal|p2a: Yveltal|99/100
|-singleturn|p2a: Yveltal|move: Roost
|
|upkeep
|turn|41
|
|t:|1634659129
|move|p1a: Yveltal|Knock Off|p2a: Yveltal
|-resisted|p2a: Yveltal
|-damage|p2a: Yveltal|84/100
|move|p2a: Yveltal|Knock Off|p1a: Yveltal
|-resisted|p1a: Yveltal
|-crit|p1a: Yveltal
|-damage|p1a: Yveltal|61/100
|-enditem|p1a: Yveltal|Heavy-Duty Boots|[from] move: Knock Off|[of] p2a: Yveltal
|
|upkeep
|turn|42
|
|t:|1634659134
|move|p1a: Yveltal|Roost|p1a: Yveltal
|-heal|p1a: Yveltal|100/100
|-singleturn|p1a: Yveltal|move: Roost
|move|p2a: Yveltal|Knock Off|p1a: Yveltal
|-resisted|p1a: Yveltal
|-damage|p1a: Yveltal|84/100
|
|upkeep
|turn|43
|
|t:|1634659139
|move|p1a: Yveltal|Knock Off|p2a: Yveltal
|-resisted|p2a: Yveltal
|-damage|p2a: Yveltal|69/100
|move|p2a: Yveltal|Knock Off|p1a: Yveltal
|-resisted|p1a: Yveltal
|-damage|p1a: Yveltal|67/100
|
|upkeep
|turn|44
|
|t:|1634659144
|move|p1a: Yveltal|Roost|p1a: Yveltal
|-heal|p1a: Yveltal|100/100
|-singleturn|p1a: Yveltal|move: Roost
|move|p2a: Yveltal|Roost|p2a: Yveltal
|-heal|p2a: Yveltal|100/100
|-singleturn|p2a: Yveltal|move: Roost
|
|upkeep
|turn|45
|
|t:|1634659149
|move|p1a: Yveltal|Knock Off|p2a: Yveltal
|-resisted|p2a: Yveltal
|-damage|p2a: Yveltal|85/100
|move|p2a: Yveltal|Knock Off|p1a: Yveltal
|-resisted|p1a: Yveltal
|-damage|p1a: Yveltal|84/100
|
|upkeep
|turn|46
|
|t:|1634659151
|move|p1a: Yveltal|Knock Off|p2a: Yveltal
|-resisted|p2a: Yveltal
|-damage|p2a: Yveltal|72/100
|move|p2a: Yveltal|Knock Off|p1a: Yveltal
|-resisted|p1a: Yveltal
|-damage|p1a: Yveltal|66/100
|
|upkeep
|turn|47
|
|t:|1634659155
|move|p1a: Yveltal|Sucker Punch|p2a: Yveltal
|-resisted|p2a: Yveltal
|-damage|p2a: Yveltal|57/100
|move|p2a: Yveltal|Knock Off|p1a: Yveltal
|-resisted|p1a: Yveltal
|-damage|p1a: Yveltal|49/100
|
|upkeep
|turn|48
|
|t:|1634659162
|move|p1a: Yveltal|Roost|p1a: Yveltal
|-heal|p1a: Yveltal|99/100
|-singleturn|p1a: Yveltal|move: Roost
|move|p2a: Yveltal|Roost|p2a: Yveltal
|-heal|p2a: Yveltal|100/100
|-singleturn|p2a: Yveltal|move: Roost
|
|upkeep
|turn|49
|
|t:|1634659167
|switch|p2a: Zygarde|Zygarde-Complete|52/100
|move|p1a: Yveltal|Knock Off|p2a: Zygarde
|-crit|p2a: Zygarde
|-damage|p2a: Zygarde|34/100
|
|upkeep
|turn|50
|
|t:|1634659177
|move|p1a: Yveltal|U-turn|p2a: Zygarde
|-damage|p2a: Zygarde|27/100
|
|t:|1634659180
|switch|p1a: Xerneas|Xerneas|44/100 slp|[from]move: U-turn
|-damage|p1a: Xerneas|32/100 slp|[from] Stealth Rock
|-ability|p1a: Xerneas|Fairy Aura
|move|p2a: Zygarde|Thousand Arrows|p1a: Xerneas
|-damage|p1a: Xerneas|13/100 slp
|
|upkeep
|turn|51
|
|t:|1634659195
|switch|p2a: Necrozma|Necrozma-Dusk-Mane|100/100
|-curestatus|p1a: Xerneas|slp|[msg]
|move|p1a: Xerneas|Rest|p1a: Xerneas
|-status|p1a: Xerneas|slp|[from] move: Rest
|-heal|p1a: Xerneas|100/100 slp|[silent]
|
|upkeep
|turn|52
|
|t:|1634659202
|switch|p1a: Yveltal|Yveltal|99/100
|-damage|p1a: Yveltal|74/100|[from] Stealth Rock
|-ability|p1a: Yveltal|Dark Aura
|switch|p2a: Zygarde|Zygarde-Complete|27/100
|
|upkeep
|turn|53
|
|t:|1634659208
|move|p1a: Yveltal|Knock Off|p2a: Zygarde
|-crit|p2a: Zygarde
|-damage|p2a: Zygarde|7/100
|move|p2a: Zygarde|Rest|p2a: Zygarde
|-status|p2a: Zygarde|slp|[from] move: Rest
|-heal|p2a: Zygarde|100/100 slp|[silent]
|
|upkeep
|turn|54
|
|t:|1634659212
|move|p1a: Yveltal|U-turn|p2a: Zygarde
|-damage|p2a: Zygarde|94/100 slp
|
|t:|1634659216
|switch|p1a: Xerneas|Xerneas|100/100 slp|[from]move: U-turn
|-damage|p1a: Xerneas|88/100 slp|[from] Stealth Rock
|-ability|p1a: Xerneas|Fairy Aura
|cant|p2a: Zygarde|slp
|
|upkeep
|turn|55
|
|t:|1634659222
|cant|p1a: Xerneas|slp
|move|p1a: Xerneas|Sleep Talk|p1a: Xerneas
|move|p1a: Xerneas|Aromatherapy|p1a: Xerneas|[from]move: Sleep Talk
|-activate|p1a: Xerneas|move: Aromatherapy
|-curestatus|p1a: Xerneas|slp|[msg]
|cant|p2a: Zygarde|slp
|
|upkeep
|turn|56
|
|t:|1634659227
|switch|p2a: Necrozma|Necrozma-Dusk-Mane|100/100
|move|p1a: Xerneas|Moonblast|p2a: Necrozma
|-resisted|p2a: Necrozma
|-damage|p2a: Necrozma|80/100
|
|-heal|p2a: Necrozma|86/100|[from] item: Leftovers
|upkeep
|turn|57
|
|t:|1634659233
|switch|p1a: Rayquaza|Rayquaza|76/100
|-damage|p1a: Rayquaza|51/100|[from] Stealth Rock
|-ability|p1a: Rayquaza|Air Lock
|move|p2a: Necrozma|Sunsteel Strike|p1a: Rayquaza
|-damage|p1a: Rayquaza|0 fnt
|faint|p1a: Rayquaza
|
|-heal|p2a: Necrozma|92/100|[from] item: Leftovers
|upkeep
|
|t:|1634659236
|switch|p1a: Yveltal|Yveltal|74/100
|-damage|p1a: Yveltal|49/100|[from] Stealth Rock
|-ability|p1a: Yveltal|Dark Aura
|turn|58
|-message|Entrocefalo forfeited.
|
|win|ILoveMashing❤
|n|☆Entrocefalo|entrocefalo
|n|☆ILoveMashing❤|ilovemashing
|n| glhflmao|glhflmao
|l|☆Entrocefalo
|j| dewtios
|l| dewtios
