|raw|<div class="broadcast-blue"><strong>This battle is required to be public due to a player having a name starting with 'ult9ns'.</div>
|j|☆ULT9NS★Shionツ
|j|☆fardin
|t:|1653789786
|gametype|singles
|player|p1|ULT9NS★Shionツ|zinnia|1697
|player|p2|fardin|#ompl2021spindawheels|1743
|teamsize|p1|6
|teamsize|p2|6
|gen|8
|tier|[Gen 8] Ubers
|rated|
|rule|Sleep Clause Mod: Limit one foe put to sleep
|rule|Species Clause: Limit one of each Pokémon
|rule|OHKO Clause: OHKO moves are banned
|rule|Evasion Moves Clause: Evasion moves are banned
|rule|Endless Battle Clause: Forcing endless battles is banned
|rule|HP Percentage Mod: HP is shown in percentages
|rule|Dynamax Clause: You cannot dynamax
|clearpoke
|poke|p1|Aerodactyl, F|
|poke|p1|Kyogre|
|poke|p1|Necrozma-Dusk-Mane|
|poke|p1|Yveltal|
|poke|p1|Groudon|
|poke|p1|Rayquaza|
|poke|p2|Toxapex, M|
|poke|p2|Lunala|
|poke|p2|Yveltal|
|poke|p2|Zygarde|
|poke|p2|Blissey, F|
|poke|p2|Clefable, F|
|teampreview
|inactive|Battle timer is ON: inactive players will automatically lose when time's up. (requested by fardin)
|j| Based Fan
|inactive|fardin has 120 seconds left.
|
|t:|1653789828
|start
|switch|p1a: JEFE|Aerodactyl, F|100/100
|switch|p2a: Clefable|Clefable, F|100/100
|-ability|p1a: JEFE|Pressure
|turn|1
|
|t:|1653789841
|move|p1a: JEFE|Taunt|p2a: Clefable
|-start|p2a: Clefable|move: Taunt
|move|p2a: Clefable|Moonblast|p1a: JEFE
|-damage|p1a: JEFE|56/100
|-unboost|p1a: JEFE|spa|1
|
|upkeep
|turn|2
|
|t:|1653789857
|move|p1a: JEFE|Stealth Rock|p2a: Clefable
|-sidestart|p2: fardin|move: Stealth Rock
|move|p2a: Clefable|Moonblast|p1a: JEFE
|-damage|p1a: JEFE|8/100
|-unboost|p1a: JEFE|spa|1
|
|upkeep
|turn|3
|
|t:|1653789880
|move|p1a: JEFE|Rock Blast|p2a: Clefable|[miss]
|-miss|p1a: JEFE|p2a: Clefable
|move|p2a: Clefable|Moonblast|p1a: JEFE
|-damage|p1a: JEFE|0 fnt
|faint|p1a: JEFE
|
|-end|p2a: Clefable|move: Taunt
|upkeep
|
|t:|1653789884
|switch|p1a: VVS|Kyogre|100/100
|-weather|RainDance|[from] ability: Drizzle|[of] p1a: VVS
|turn|4
|j| tdrgxfvedc
|inactive|fardin has 120 seconds left.
|
|t:|1653789942
|switch|p1a: YSL|Yveltal|100/100
|-ability|p1a: YSL|Dark Aura
|switch|p2a: Yveltal|Yveltal|100/100
|-ability|p2a: Yveltal|Dark Aura
|
|-weather|RainDance|[upkeep]
|upkeep
|turn|5
|
|t:|1653789946
|switch|p2a: Clefable|Clefable, F|100/100
|move|p1a: YSL|Taunt|p2a: Clefable
|-start|p2a: Clefable|move: Taunt
|
|-weather|RainDance|[upkeep]
|upkeep
|turn|6
|
|t:|1653789956
|switch|p1a: RER D|Necrozma-Dusk-Mane|100/100
|move|p2a: Clefable|Knock Off|p1a: RER D
|-supereffective|p1a: RER D
|-damage|p1a: RER D|84/100
|-enditem|p1a: RER D|Weakness Policy
|-boost|p1a: RER D|atk|2|[from] item: Weakness Policy
|-boost|p1a: RER D|spa|2|[from] item: Weakness Policy
|
|-weather|RainDance|[upkeep]
|upkeep
|turn|7
|inactive|fardin has 120 seconds left.
|
|t:|1653789970
|switch|p2a: Lunala|Lunala|100/100
|move|p1a: RER D|Trick Room|p1a: RER D
|-fieldstart|move: Trick Room|[of] p1a: RER D
|
|-weather|RainDance|[upkeep]
|upkeep
|turn|8
|inactive|fardin has 120 seconds left.
|
|t:|1653789976
|move|p1a: RER D|Sunsteel Strike|p2a: Lunala
|-damage|p2a: Lunala|61/100
|move|p2a: Lunala|Will-O-Wisp|p1a: RER D
|-status|p1a: RER D|brn
|
|-weather|none
|-damage|p1a: RER D|78/100 brn|[from] brn
|upkeep
|turn|9
|
|t:|1653789979
|move|p1a: RER D|Sunsteel Strike|p2a: Lunala
|-damage|p2a: Lunala|21/100
|move|p2a: Lunala|Roost|p2a: Lunala
|-heal|p2a: Lunala|71/100
|-singleturn|p2a: Lunala|move: Roost
|
|-damage|p1a: RER D|72/100 brn|[from] brn
|upkeep
|turn|10
|
|t:|1653789986
|move|p1a: RER D|Sunsteel Strike|p2a: Lunala
|-damage|p2a: Lunala|31/100
|move|p2a: Lunala|Roost|p2a: Lunala
|-heal|p2a: Lunala|81/100
|-singleturn|p2a: Lunala|move: Roost
|
|-damage|p1a: RER D|66/100 brn|[from] brn
|upkeep
|turn|11
|
|t:|1653789989
|move|p1a: RER D|Sunsteel Strike|p2a: Lunala
|-damage|p2a: Lunala|43/100
|move|p2a: Lunala|Roost|p2a: Lunala
|-heal|p2a: Lunala|93/100
|-singleturn|p2a: Lunala|move: Roost
|
|-damage|p1a: RER D|60/100 brn|[from] brn
|-fieldend|move: Trick Room
|upkeep
|turn|12
|
|t:|1653789993
|move|p2a: Lunala|Roost|p2a: Lunala
|-heal|p2a: Lunala|100/100
|-singleturn|p2a: Lunala|move: Roost
|move|p1a: RER D|Earthquake|p2a: Lunala
|-crit|p2a: Lunala
|-damage|p2a: Lunala|83/100
|
|-damage|p1a: RER D|54/100 brn|[from] brn
|upkeep
|turn|13
|j| qweasdqwe123
|
|t:|1653789996
|switch|p2a: Yveltal|Yveltal|100/100
|-ability|p2a: Yveltal|Dark Aura
|move|p1a: RER D|Sunsteel Strike|p2a: Yveltal
|-damage|p2a: Yveltal|47/100
|
|-damage|p1a: RER D|48/100 brn|[from] brn
|upkeep
|turn|14
|
|t:|1653790004
|move|p2a: Yveltal|Defog|p1a: RER D
|-unboost|p1a: RER D|evasion|1
|-sideend|p2: fardin|Stealth Rock|[from] move: Defog|[of] p2a: Yveltal
|move|p1a: RER D|Sunsteel Strike|p2a: Yveltal
|-damage|p2a: Yveltal|1/100
|
|-damage|p1a: RER D|42/100 brn|[from] brn
|upkeep
|turn|15
|
|t:|1653790009
|move|p2a: Yveltal|Foul Play|p1a: RER D
|-supereffective|p1a: RER D
|-damage|p1a: RER D|0 fnt
|faint|p1a: RER D
|
|upkeep
|j| ULT9NS spitfire
|
|t:|1653790020
|switch|p1a: YSL|Yveltal|100/100
|-ability|p1a: YSL|Dark Aura
|turn|16
|
|t:|1653790023
|switch|p2a: Toxapex|Toxapex, M|100/100
|move|p1a: YSL|Knock Off|p2a: Toxapex
|-damage|p2a: Toxapex|42/100
|-enditem|p2a: Toxapex|Mental Herb|[from] move: Knock Off|[of] p1a: YSL
|
|upkeep
|turn|17
|
|t:|1653790032
|switch|p2a: Clefable|Clefable, F|100/100
|move|p1a: YSL|Knock Off|p2a: Clefable
|-resisted|p2a: Clefable
|-damage|p2a: Clefable|72/100
|-enditem|p2a: Clefable|Leftovers|[from] move: Knock Off|[of] p1a: YSL
|
|upkeep
|turn|18
|
|t:|1653790035
|switch|p2a: Toxapex|Toxapex, M|75/100
|move|p1a: YSL|Taunt|p2a: Toxapex
|-start|p2a: Toxapex|move: Taunt
|
|upkeep
|turn|19
|j| Skarph♫
|j| Devastating Fog
|
|t:|1653790040
|move|p1a: YSL|Knock Off|p2a: Toxapex
|-damage|p2a: Toxapex|29/100
|move|p2a: Toxapex|Scald|p1a: YSL
|-damage|p1a: YSL|87/100
|
|upkeep
|turn|20
|
|t:|1653790046
|switch|p2a: Yveltal|Yveltal|1/100
|-ability|p2a: Yveltal|Dark Aura
|move|p1a: YSL|Knock Off|p2a: Yveltal
|-resisted|p2a: Yveltal
|-damage|p2a: Yveltal|0 fnt
|-enditem|p2a: Yveltal|Heavy-Duty Boots|[from] move: Knock Off|[of] p1a: YSL
|faint|p2a: Yveltal
|
|upkeep
|
|t:|1653790047
|switch|p2a: Toxapex|Toxapex, M|62/100
|turn|21
|
|t:|1653790053
|move|p1a: YSL|Knock Off|p2a: Toxapex
|-damage|p2a: Toxapex|23/100
|move|p2a: Toxapex|Scald|p1a: YSL
|-damage|p1a: YSL|74/100
|
|upkeep
|turn|22
|l| Devastating Fog
|
|t:|1653790060
|switch|p2a: Clefable|Clefable, F|72/100
|move|p1a: YSL|Taunt|p2a: Clefable
|-start|p2a: Clefable|move: Taunt
|
|upkeep
|turn|23
|j| Devastating Fog
|
|t:|1653790070
|switch|p1a: OG|Groudon|100/100
|-weather|SunnyDay|[from] ability: Drought|[of] p1a: OG
|move|p2a: Clefable|Moonblast|p1a: OG
|-damage|p1a: OG|66/100
|-unboost|p1a: OG|spa|1
|
|-weather|SunnyDay|[upkeep]
|upkeep
|turn|24
|
|t:|1653790075
|switch|p1a: Outro|Rayquaza|100/100
|-ability|p1a: Outro|Air Lock
|switch|p2a: Zygarde|Zygarde|100/100
|
|-weather|SunnyDay|[upkeep]
|upkeep
|turn|25
|
|t:|1653790081
|switch|p2a: Toxapex|Toxapex, M|56/100
|move|p1a: Outro|Dragon Dance|p1a: Outro
|-boost|p1a: Outro|atk|1
|-boost|p1a: Outro|spe|1
|
|-weather|SunnyDay|[upkeep]
|upkeep
|turn|26
|
|t:|1653790085
|move|p1a: Outro|Earthquake|p2a: Toxapex
|-supereffective|p2a: Toxapex
|-damage|p2a: Toxapex|0 fnt
|faint|p2a: Toxapex
|
|-weather|SunnyDay|[upkeep]
|upkeep
|
|t:|1653790089
|switch|p2a: Zygarde|Zygarde|100/100
|turn|27
|
|t:|1653790091
|move|p1a: Outro|Draco Meteor|p2a: Zygarde|[miss]
|-miss|p1a: Outro|p2a: Zygarde
|move|p2a: Zygarde|Dragon Tail|p1a: Outro
|-supereffective|p1a: Outro
|-damage|p1a: Outro|53/100
|drag|p1a: OG|Groudon|66/100
|
|-weather|none
|upkeep
|turn|28
|c|☆ULT9NS★Shionツ|:I
|
|t:|1653790102
|switch|p1a: VVS|Kyogre|100/100
|-weather|RainDance|[from] ability: Drizzle|[of] p1a: VVS
|move|p2a: Zygarde|Coil|p2a: Zygarde
|-boost|p2a: Zygarde|atk|1
|-boost|p2a: Zygarde|def|1
|-boost|p2a: Zygarde|accuracy|1
|
|-weather|RainDance|[upkeep]
|upkeep
|turn|29
|
|t:|1653790109
|switch|p1a: Outro|Rayquaza|53/100
|-ability|p1a: Outro|Air Lock
|switch|p2a: Blissey|Blissey, F|100/100
|
|-weather|RainDance|[upkeep]
|upkeep
|turn|30
|
|t:|1653790114
|switch|p2a: Zygarde|Zygarde|100/100
|move|p1a: Outro|Dragon Dance|p1a: Outro
|-boost|p1a: Outro|atk|1
|-boost|p1a: Outro|spe|1
|
|-weather|RainDance|[upkeep]
|upkeep
|turn|31
|
|t:|1653790120
|switch|p2a: Lunala|Lunala|83/100
|move|p1a: Outro|Draco Meteor|p2a: Lunala
|-damage|p2a: Lunala|41/100
|-unboost|p1a: Outro|spa|2
|
|-weather|RainDance|[upkeep]
|upkeep
|turn|32
|
|t:|1653790124
|switch|p2a: Zygarde|Zygarde|100/100
|move|p1a: Outro|Dragon Ascent|p2a: Zygarde
|-damage|p2a: Zygarde|41/100
|-unboost|p1a: Outro|def|1
|-unboost|p1a: Outro|spd|1
|
|-weather|none
|-heal|p2a: Zygarde|48/100|[from] item: Leftovers
|-activate|p2a: Zygarde|ability: Power Construct
|detailschange|p2a: Zygarde|Zygarde-Complete
|-heal|p2a: Zygarde|66/100|[silent]
|upkeep
|turn|33
|j| ca2oh2co3
|
|t:|1653790129
|switch|p1a: YSL|Yveltal|74/100
|-ability|p1a: YSL|Dark Aura
|move|p2a: Zygarde|Dragon Tail|p1a: YSL
|-damage|p1a: YSL|56/100
|drag|p1a: Outro|Rayquaza|53/100
|-ability|p1a: Outro|Air Lock
|
|-heal|p2a: Zygarde|72/100|[from] item: Leftovers
|upkeep
|turn|34
|
|t:|1653790136
|move|p1a: Outro|Draco Meteor|p2a: Zygarde
|-supereffective|p2a: Zygarde
|-damage|p2a: Zygarde|0 fnt
|-unboost|p1a: Outro|spa|2
|faint|p2a: Zygarde
|
|upkeep
|
|t:|1653790137
|switch|p2a: Lunala|Lunala|41/100
|turn|35
|
|t:|1653790150
|move|p1a: Outro|Dragon Dance|p1a: Outro
|-boost|p1a: Outro|atk|1
|-boost|p1a: Outro|spe|1
|move|p2a: Lunala|Roost|p2a: Lunala
|-heal|p2a: Lunala|91/100
|-singleturn|p2a: Lunala|move: Roost
|
|upkeep
|turn|36
|
|t:|1653790157
|move|p1a: Outro|Dragon Ascent|p2a: Lunala
|-damage|p2a: Lunala|26/100
|-unboost|p1a: Outro|def|1
|-unboost|p1a: Outro|spd|1
|move|p2a: Lunala|Will-O-Wisp|p1a: Outro
|-status|p1a: Outro|brn
|
|-damage|p1a: Outro|47/100 brn|[from] brn
|upkeep
|turn|37
|c|☆fardin|L
|-message|fardin forfeited.
|
|win|ULT9NS★Shionツ
|raw|ULT9NS★Shionツ's rating: 1697 &rarr; <strong>1720</strong><br />(+23 for winning)
|raw|fardin's rating: 1743 &rarr; <strong>1720</strong><br />(-23 for losing)
|l|☆fardin
|c|☆ULT9NS★Shionツ|Gg
|l| ca2oh2co3
|l| Skarph♫
|l| qweasdqwe123
|l| Based Fan
|j| Jojos
||Ladder isn't responding, score probably updated but might not have (Request timeout).
