|j|☆TheGreenRoman
|j|☆8142e
|t:|1611415162
|player|p1|TheGreenRoman|aaron|
|player|p2|8142e|266|
|teamsize|p1|6
|teamsize|p2|6
|gametype|singles
|gen|8
|tier|[Gen 8] Ubers
|clearpoke
|poke|p1|Kyogre|
|poke|p1|Xerneas|
|poke|p1|Necrozma-Dusk-Mane|
|poke|p1|Yveltal|
|poke|p1|Marshadow|
|poke|p1|Eternatus|
|poke|p2|Lunala|
|poke|p2|Groudon|
|poke|p2|Ho-Oh|
|poke|p2|Yveltal|
|poke|p2|Blissey, F|
|poke|p2|Eternatus|
|rule|Sleep Clause Mod: Limit one foe put to sleep
|rule|Species Clause: Limit one of each Pokémon
|rule|OHKO Clause: OHKO moves are banned
|rule|Evasion Moves Clause: Evasion moves are banned
|rule|Endless Battle Clause: Forcing endless battles is banned
|rule|HP Percentage Mod: HP is shown in percentages
|rule|Dynamax Clause: You cannot dynamax
|teampreview
|c|☆TheGreenRoman|hf
|j| FatFighter2
|j| Holy rng loser
|c|☆8142e|U2
|inactive|Battle timer is ON: inactive players will automatically lose when time's up. (requested by 8142e)
|inactiveoff|Battle timer is now OFF.
|
|t:|1611415255
|start
|switch|p1a: Kyogre|Kyogre|100/100
|switch|p2a: Eternatus|Eternatus|100/100
|-ability|p2a: Eternatus|Pressure
|-weather|RainDance|[from] ability: Drizzle|[of] p1a: Kyogre
|turn|1
|
|t:|1611415281
|move|p2a: Eternatus|Sludge Bomb|p1a: Kyogre
|-damage|p1a: Kyogre|67/100
|move|p1a: Kyogre|Ice Beam|p2a: Eternatus
|-supereffective|p2a: Eternatus
|-damage|p2a: Eternatus|28/100
|-status|p2a: Eternatus|frz
|
|-weather|RainDance|[upkeep]
|-heal|p2a: Eternatus|34/100 frz|[from] item: Black Sludge
|upkeep
|turn|2
|c|☆8142e|Nooo
|
|t:|1611415297
|switch|p2a: Blissey|Blissey, F|100/100
|move|p1a: Kyogre|Ice Beam|p2a: Blissey
|-damage|p2a: Blissey|87/100
|
|-weather|RainDance|[upkeep]
|upkeep
|turn|3
|l| Holy rng loser
|
|t:|1611415309
|switch|p1a: Necrozma|Necrozma-Dusk-Mane|100/100
|move|p2a: Blissey|Aromatherapy|p2a: Blissey
|-activate|p2a: Blissey|move: Aromatherapy
|-curestatus|p2: Eternatus|frz|[msg]
|
|-weather|RainDance|[upkeep]
|upkeep
|turn|4
|
|t:|1611415316
|switch|p2a: Groudon|Groudon|100/100
|-weather|SunnyDay|[from] ability: Drought|[of] p2a: Groudon
|move|p1a: Necrozma|Stealth Rock|p2a: Groudon
|-sidestart|p2: 8142e|move: Stealth Rock
|
|-weather|SunnyDay|[upkeep]
|upkeep
|turn|5
|j| Holy rng loser
|inactive|Battle timer is ON: inactive players will automatically lose when time's up. (requested by 8142e)
|
|t:|1611415361
|switch|p1a: Yveltal|Yveltal|100/100
|-ability|p1a: Yveltal|Dark Aura
|move|p2a: Groudon|Stealth Rock|p1a: Yveltal
|-sidestart|p1: TheGreenRoman|move: Stealth Rock
|
|-weather|SunnyDay|[upkeep]
|upkeep
|turn|6
|j| Gareeeb@!
|
|t:|1611415369
|move|p1a: Yveltal|Knock Off|p2a: Groudon
|-damage|p2a: Groudon|72/100
|-enditem|p2a: Groudon|Leftovers|[from] move: Knock Off|[of] p1a: Yveltal
|move|p2a: Groudon|Toxic|p1a: Yveltal
|-status|p1a: Yveltal|tox
|
|-weather|SunnyDay|[upkeep]
|-damage|p1a: Yveltal|94/100 tox|[from] psn
|upkeep
|turn|7
|l| Gareeeb
|inactive|TheGreenRoman has 270 seconds left.
|
|t:|1611415401
|move|p1a: Yveltal|Knock Off|p2a: Groudon
|-damage|p2a: Groudon|55/100
|move|p2a: Groudon|Rock Tomb|p1a: Yveltal
|-supereffective|p1a: Yveltal
|-damage|p1a: Yveltal|64/100 tox
|-unboost|p1a: Yveltal|spe|1
|
|-weather|SunnyDay|[upkeep]
|-damage|p1a: Yveltal|51/100 tox|[from] psn
|upkeep
|turn|8
|inactive|TheGreenRoman has 270 seconds left.
|
|t:|1611415430
|move|p2a: Groudon|Rock Tomb|p1a: Yveltal
|-supereffective|p1a: Yveltal
|-damage|p1a: Yveltal|20/100 tox
|-unboost|p1a: Yveltal|spe|1
|move|p1a: Yveltal|Knock Off|p2a: Groudon
|-damage|p2a: Groudon|37/100
|
|-weather|none
|-damage|p1a: Yveltal|2/100 tox|[from] psn
|upkeep
|turn|9
|
|t:|1611415454
|move|p1a: Yveltal|Sucker Punch|p2a: Groudon
|-damage|p2a: Groudon|20/100
|move|p2a: Groudon|Rock Tomb|p1a: Yveltal
|-supereffective|p1a: Yveltal
|-damage|p1a: Yveltal|0 fnt
|faint|p1a: Yveltal
|
|upkeep
|c|☆8142e|Sad
|c|☆8142e|This seems over
|inactive|TheGreenRoman has 240 seconds left.
|
|t:|1611415481
|switch|p1a: Kyogre|Kyogre|67/100
|-damage|p1a: Kyogre|54/100|[from] Stealth Rock
|-weather|RainDance|[from] ability: Drizzle|[of] p1a: Kyogre
|turn|10
|inactive|TheGreenRoman has 240 seconds left.
|
|t:|1611415493
|move|p1a: Kyogre|Origin Pulse|p2a: Groudon|[miss]
|-miss|p1a: Kyogre|p2a: Groudon
|move|p2a: Groudon|Earthquake|p1a: Kyogre
|-damage|p1a: Kyogre|0 fnt
|faint|p1a: Kyogre
|
|-weather|RainDance|[upkeep]
|upkeep
|inactive|TheGreenRoman has 240 seconds left.
|c|☆8142e|Mb
|c|☆TheGreenRoman|np
|j| TeamCharm69
|
|t:|1611415521
|switch|p1a: Eternatus|Eternatus|100/100
|-damage|p1a: Eternatus|88/100|[from] Stealth Rock
|-ability|p1a: Eternatus|Pressure
|turn|11
|
|t:|1611415534
|switch|p2a: Lunala|Lunala|100/100
|move|p1a: Eternatus|Dynamax Cannon|p2a: Lunala
|-damage|p2a: Lunala|83/100
|
|-weather|RainDance|[upkeep]
|-heal|p1a: Eternatus|94/100|[from] item: Black Sludge
|upkeep
|turn|12
|
|t:|1611415539
|move|p2a: Lunala|Defog|p1a: Eternatus
|-unboost|p1a: Eternatus|evasion|1
|-sideend|p1: TheGreenRoman|Stealth Rock|[from] move: Defog|[of] p2a: Lunala
|-sideend|p2: 8142e|Stealth Rock|[from] move: Defog|[of] p2a: Lunala
|move|p1a: Eternatus|Toxic|p2a: Lunala
|-status|p2a: Lunala|tox
|
|-weather|RainDance|[upkeep]
|-heal|p1a: Eternatus|100/100|[from] item: Black Sludge
|-damage|p2a: Lunala|77/100 tox|[from] psn
|upkeep
|turn|13
|inactive|TheGreenRoman has 240 seconds left.
|
|t:|1611415551
|switch|p2a: Ho-Oh|Ho-Oh|100/100
|move|p1a: Eternatus|Dynamax Cannon|p2a: Ho-Oh
|-damage|p2a: Ho-Oh|67/100
|
|-weather|RainDance|[upkeep]
|upkeep
|turn|14
|
|t:|1611415557
|move|p1a: Eternatus|Toxic|p2a: Ho-Oh
|-status|p2a: Ho-Oh|tox
|move|p2a: Ho-Oh|Earthquake|p1a: Eternatus
|-supereffective|p1a: Eternatus
|-damage|p1a: Eternatus|20/100
|
|-weather|none
|-heal|p1a: Eternatus|27/100|[from] item: Black Sludge
|-damage|p2a: Ho-Oh|61/100 tox|[from] psn
|upkeep
|turn|15
|inactive|TheGreenRoman has 240 seconds left.
|
|t:|1611415602
|move|p1a: Eternatus|Dynamax Cannon|p2a: Ho-Oh
|-crit|p2a: Ho-Oh
|-damage|p2a: Ho-Oh|13/100 tox
|move|p2a: Ho-Oh|Earthquake|p1a: Eternatus
|-supereffective|p1a: Eternatus
|-damage|p1a: Eternatus|0 fnt
|faint|p1a: Eternatus
|
|-damage|p2a: Ho-Oh|1/100 tox|[from] psn
|upkeep
|
|t:|1611415610
|switch|p1a: Marshadow|Marshadow|100/100
|turn|16
|c|☆8142e|Close
|
|t:|1611415621
|switch|p2a: Groudon|Groudon|20/100
|-weather|SunnyDay|[from] ability: Drought|[of] p2a: Groudon
|move|p1a: Marshadow|Spectral Thief|p2a: Groudon
|-damage|p2a: Groudon|0 fnt
|faint|p2a: Groudon
|
|-weather|SunnyDay|[upkeep]
|upkeep
|
|t:|1611415625
|switch|p2a: Yveltal|Yveltal|100/100
|-ability|p2a: Yveltal|Dark Aura
|turn|17
|inactive|TheGreenRoman has 210 seconds left.
|
|t:|1611415650
|switch|p1a: Necrozma|Necrozma-Dusk-Mane|100/100
|move|p2a: Yveltal|Knock Off|p1a: Necrozma
|-supereffective|p1a: Necrozma
|-damage|p1a: Necrozma|60/100
|-damage|p2a: Yveltal|84/100|[from] item: Rocky Helmet|[of] p1a: Necrozma
|-enditem|p1a: Necrozma|Rocky Helmet|[from] move: Knock Off|[of] p2a: Yveltal
|
|-weather|SunnyDay|[upkeep]
|upkeep
|turn|18
|
|t:|1611415660
|switch|p2a: Ho-Oh|Ho-Oh|34/100 tox
|move|p1a: Necrozma|Morning Sun|p1a: Necrozma
|-heal|p1a: Necrozma|100/100
|
|-weather|SunnyDay|[upkeep]
|-damage|p2a: Ho-Oh|28/100 tox|[from] psn
|upkeep
|turn|19
|
|t:|1611415666
|move|p2a: Ho-Oh|Sacred Fire|p1a: Necrozma
|-supereffective|p1a: Necrozma
|-damage|p1a: Necrozma|6/100
|-status|p1a: Necrozma|brn
|move|p1a: Necrozma|Stealth Rock|p2a: Ho-Oh
|-sidestart|p2: 8142e|move: Stealth Rock
|
|-weather|SunnyDay|[upkeep]
|-damage|p2a: Ho-Oh|15/100 tox|[from] psn
|-damage|p1a: Necrozma|0 fnt|[from] brn
|faint|p1a: Necrozma
|upkeep
|
|t:|1611415669
|switch|p1a: Marshadow|Marshadow|100/100
|turn|20
|
|t:|1611415676
|move|p1a: Marshadow|Rock Tomb|p2a: Ho-Oh
|-supereffective|p2a: Ho-Oh
|-damage|p2a: Ho-Oh|0 fnt
|faint|p2a: Ho-Oh
|
|-weather|none
|upkeep
|
|t:|1611415680
|switch|p2a: Yveltal|Yveltal|84/100
|-ability|p2a: Yveltal|Dark Aura
|turn|21
|
|t:|1611415685
|move|p1a: Marshadow|Rock Tomb|p2a: Yveltal|[miss]
|-miss|p1a: Marshadow|p2a: Yveltal
|move|p2a: Yveltal|Knock Off|p1a: Marshadow
|-damage|p1a: Marshadow|26/100
|-enditem|p1a: Marshadow|Focus Sash|[from] move: Knock Off|[of] p2a: Yveltal
|
|upkeep
|turn|22
|
|t:|1611415694
|move|p1a: Marshadow|Rock Tomb|p2a: Yveltal
|-supereffective|p2a: Yveltal
|-damage|p2a: Yveltal|43/100
|-unboost|p2a: Yveltal|spe|1
|move|p2a: Yveltal|Knock Off|p1a: Marshadow
|-damage|p1a: Marshadow|0 fnt
|faint|p1a: Marshadow
|
|upkeep
|
|t:|1611415700
|switch|p1a: Xerneas|Xerneas|100/100
|-ability|p1a: Xerneas|Fairy Aura
|turn|23
|
|t:|1611415710
|switch|p2a: Blissey|Blissey, F|87/100
|-damage|p2a: Blissey|74/100|[from] Stealth Rock
|move|p1a: Xerneas|Geomancy||[still]
|-prepare|p1a: Xerneas|Geomancy
|-enditem|p1a: Xerneas|Power Herb
|-anim|p1a: Xerneas|Geomancy|p1a: Xerneas
|-boost|p1a: Xerneas|spa|2
|-boost|p1a: Xerneas|spd|2
|-boost|p1a: Xerneas|spe|2
|
|upkeep
|turn|24
|inactive|TheGreenRoman has 240 seconds left.
|c|☆8142e|No psychock please
|inactive|TheGreenRoman has 210 seconds left.
|
|t:|1611415775
|move|p1a: Xerneas|Moonblast|p2a: Blissey
|-damage|p2a: Blissey|35/100
|-unboost|p2a: Blissey|spa|1
|move|p2a: Blissey|Confide|p1a: Xerneas
|-unboost|p1a: Xerneas|spa|1
|
|upkeep
|turn|25
|
|t:|1611415785
|move|p1a: Xerneas|Focus Blast|p2a: Blissey|[miss]
|-miss|p1a: Xerneas|p2a: Blissey
|move|p2a: Blissey|Soft-Boiled|p2a: Blissey
|-heal|p2a: Blissey|85/100
|
|upkeep
|turn|26
|inactive|TheGreenRoman has 210 seconds left.
|
|t:|1611415798
|move|p1a: Xerneas|Geomancy||[still]
|-prepare|p1a: Xerneas|Geomancy
|move|p2a: Blissey|Confide|p1a: Xerneas
|-unboost|p1a: Xerneas|spa|1
|
|upkeep
|turn|27
|c|☆8142e|Mb
|
|t:|1611415804
|move|p1a: Xerneas|Geomancy|p1a: Xerneas|[from]lockedmove
|-boost|p1a: Xerneas|spa|2
|-boost|p1a: Xerneas|spd|2
|-boost|p1a: Xerneas|spe|2
|move|p2a: Blissey|Confide|p1a: Xerneas
|-unboost|p1a: Xerneas|spa|1
|
|upkeep
|turn|28
|
|t:|1611415815
|move|p1a: Xerneas|Focus Blast|p2a: Blissey|[miss]
|-miss|p1a: Xerneas|p2a: Blissey
|move|p2a: Blissey|Confide|p1a: Xerneas
|-unboost|p1a: Xerneas|spa|1
|
|upkeep
|turn|29
|
|t:|1611415819
|move|p1a: Xerneas|Geomancy||[still]
|-prepare|p1a: Xerneas|Geomancy
|move|p2a: Blissey|Seismic Toss|p1a: Xerneas
|-damage|p1a: Xerneas|75/100
|
|upkeep
|turn|30
|
|t:|1611415825
|move|p1a: Xerneas|Geomancy|p1a: Xerneas|[from]lockedmove
|-boost|p1a: Xerneas|spa|2
|-boost|p1a: Xerneas|spd|2
|-boost|p1a: Xerneas|spe|2
|move|p2a: Blissey|Confide|p1a: Xerneas
|-unboost|p1a: Xerneas|spa|1
|
|upkeep
|turn|31
|
|t:|1611415829
|move|p1a: Xerneas|Focus Blast|p2a: Blissey
|-supereffective|p2a: Blissey
|-damage|p2a: Blissey|45/100
|move|p2a: Blissey|Confide|p1a: Xerneas
|-unboost|p1a: Xerneas|spa|1
|
|upkeep
|turn|32
|inactive|TheGreenRoman has 240 seconds left.
|
|t:|1611415841
|move|p1a: Xerneas|Geomancy||[still]
|-prepare|p1a: Xerneas|Geomancy
|move|p2a: Blissey|Soft-Boiled|p2a: Blissey
|-heal|p2a: Blissey|95/100
|
|upkeep
|turn|33
|
|t:|1611415846
|move|p1a: Xerneas|Geomancy|p1a: Xerneas|[from]lockedmove
|-boost|p1a: Xerneas|spa|2
|-boost|p1a: Xerneas|spd|0
|-boost|p1a: Xerneas|spe|0
|move|p2a: Blissey|Confide|p1a: Xerneas
|-unboost|p1a: Xerneas|spa|1
|
|upkeep
|turn|34
|
|t:|1611415858
|move|p1a: Xerneas|Thunder|p2a: Blissey|[miss]
|-miss|p1a: Xerneas|p2a: Blissey
|move|p2a: Blissey|Confide|p1a: Xerneas
|-unboost|p1a: Xerneas|spa|1
|
|upkeep
|turn|35
|
|t:|1611415863
|move|p1a: Xerneas|Geomancy||[still]
|-prepare|p1a: Xerneas|Geomancy
|move|p2a: Blissey|Confide|p1a: Xerneas
|-unboost|p1a: Xerneas|spa|1
|
|upkeep
|turn|36
|
|t:|1611415871
|move|p1a: Xerneas|Geomancy|p1a: Xerneas|[from]lockedmove
|-boost|p1a: Xerneas|spa|2
|-boost|p1a: Xerneas|spd|0
|-boost|p1a: Xerneas|spe|0
|move|p2a: Blissey|Seismic Toss|p1a: Xerneas
|-damage|p1a: Xerneas|50/100
|
|upkeep
|turn|37
|
|t:|1611415883
|move|p1a: Xerneas|Focus Blast|p2a: Blissey
|-supereffective|p2a: Blissey
|-damage|p2a: Blissey|58/100
|move|p2a: Blissey|Confide|p1a: Xerneas
|-unboost|p1a: Xerneas|spa|1
|
|upkeep
|turn|38
|
|t:|1611415892
|move|p1a: Xerneas|Thunder|p2a: Blissey|[miss]
|-miss|p1a: Xerneas|p2a: Blissey
|move|p2a: Blissey|Soft-Boiled|p2a: Blissey
|-heal|p2a: Blissey|100/100
|
|upkeep
|turn|39
|
|t:|1611415900
|move|p1a: Xerneas|Thunder|p2a: Blissey|[miss]
|-miss|p1a: Xerneas|p2a: Blissey
|move|p2a: Blissey|Seismic Toss|p1a: Xerneas
|-damage|p1a: Xerneas|24/100
|
|upkeep
|turn|40
|
|t:|1611415905
|move|p1a: Xerneas|Thunder|p2a: Blissey
|-damage|p2a: Blissey|89/100
|-status|p2a: Blissey|par
|move|p2a: Blissey|Confide|p1a: Xerneas
|-unboost|p1a: Xerneas|spa|1
|
|upkeep
|turn|41
|
|t:|1611415911
|move|p1a: Xerneas|Geomancy||[still]
|-prepare|p1a: Xerneas|Geomancy
|cant|p2a: Blissey|par
|
|upkeep
|turn|42
|
|t:|1611415915
|move|p1a: Xerneas|Geomancy|p1a: Xerneas|[from]lockedmove
|-boost|p1a: Xerneas|spa|2
|-boost|p1a: Xerneas|spd|0
|-boost|p1a: Xerneas|spe|0
|cant|p2a: Blissey|par
|
|upkeep
|turn|43
|
|t:|1611415920
|move|p1a: Xerneas|Focus Blast|p2a: Blissey
|-supereffective|p2a: Blissey
|-damage|p2a: Blissey|48/100 par
|move|p2a: Blissey|Confide|p1a: Xerneas
|-unboost|p1a: Xerneas|spa|1
|
|upkeep
|turn|44
|
|t:|1611415925
|move|p1a: Xerneas|Focus Blast|p2a: Blissey|[miss]
|-miss|p1a: Xerneas|p2a: Blissey
|move|p2a: Blissey|Soft-Boiled|p2a: Blissey
|-heal|p2a: Blissey|98/100 par
|
|upkeep
|turn|45
|
|t:|1611415929
|move|p1a: Xerneas|Focus Blast|p2a: Blissey
|-supereffective|p2a: Blissey
|-damage|p2a: Blissey|71/100 par
|-unboost|p2a: Blissey|spd|1
|move|p2a: Blissey|Seismic Toss|p1a: Xerneas
|-damage|p1a: Xerneas|0 fnt
|faint|p1a: Xerneas
|
|win|8142e
|l|☆TheGreenRoman
|l| Holy rng loser
|l| FatFighter2
|l| TeamCharm69
|j| FrostedC
|j|+Pohjis
|j| Basicboltz
|j| BBBlayze
|j| Holy rng loser
|l| FrostedC
|l| Basicboltz
|j| FrostedC
|l| FrostedC
|l|+Pohjis
|j| ILoveMashing❤
|l| Holy rng loser
|l| ILoveMashing❤
|l|☆8142e
|j| Mega Zygarde-100%
|l| Mega Zygarde-100%
|j| DugZaツ
