|j|☆palapapop
|j|☆Jojos ◕‿‿◕@!
|t:|1614014894
|player|p1|palapapop|benga|
|player|p2|Jojos ◕‿‿◕|bertha|
|teamsize|p1|6
|teamsize|p2|6
|gametype|singles
|gen|8
|tier|[Gen 8] Ubers
|rated|Tournament battle
|clearpoke
|poke|p1|Kyogre|
|poke|p1|Yveltal|
|poke|p1|Dracovish|
|poke|p1|Ferrothorn, F|
|poke|p1|Necrozma-Dusk-Mane|
|poke|p1|Palkia|
|poke|p2|Aerodactyl, F|
|poke|p2|Kyogre|
|poke|p2|Zekrom|
|poke|p2|Ditto|
|poke|p2|Necrozma-Dusk-Mane|
|poke|p2|Xerneas|
|rule|Sleep Clause Mod: Limit one foe put to sleep
|rule|Species Clause: Limit one of each Pokémon
|rule|OHKO Clause: OHKO moves are banned
|rule|Evasion Moves Clause: Evasion moves are banned
|rule|Endless Battle Clause: Forcing endless battles is banned
|rule|HP Percentage Mod: HP is shown in percentages
|rule|Dynamax Clause: You cannot dynamax
|teampreview
|inactive|Battle timer is ON: inactive players will automatically lose when time's up. (requested by Jojos ◕‿‿◕)
|c|☆Jojos ◕‿‿◕|je savais pas trop quoi ramener alors j'ai pris du classique
|
|t:|1614014917
|start
|switch|p1a: Palkia|Palkia|100/100
|switch|p2a: Aerodactyl|Aerodactyl, F|100/100
|-ability|p2a: Aerodactyl|Pressure
|-ability|p1a: Palkia|Pressure
|turn|1
|c|☆palapapop|tu me donnes ton check dd palkia :> .
|
|t:|1614014930
|move|p2a: Aerodactyl|Rock Tomb|p1a: Palkia
|-damage|p1a: Palkia|79/100
|-unboost|p1a: Palkia|spe|1
|move|p1a: Palkia|Surging Strikes|p2a: Aerodactyl
|-supereffective|p2a: Aerodactyl
|-crit|p2a: Aerodactyl
|-damage|p2a: Aerodactyl|34/100
|-supereffective|p2a: Aerodactyl
|-crit|p2a: Aerodactyl
|-damage|p2a: Aerodactyl|0 fnt
|-hitcount|p2a: Aerodactyl|2
|faint|p2a: Aerodactyl
|
|upkeep
|
|t:|1614014951
|switch|p2a: Xerneas|Xerneas|100/100
|-ability|p2a: Xerneas|Fairy Aura
|turn|2
|
|t:|1614014963
|move|p2a: Xerneas|Geomancy||[still]
|-prepare|p2a: Xerneas|Geomancy
|-enditem|p2a: Xerneas|Power Herb
|-anim|p2a: Xerneas|Geomancy|p2a: Xerneas
|-boost|p2a: Xerneas|spa|2
|-boost|p2a: Xerneas|spd|2
|-boost|p2a: Xerneas|spe|2
|move|p1a: Palkia|Surging Strikes|p2a: Xerneas
|-crit|p2a: Xerneas
|-damage|p2a: Xerneas|81/100
|-crit|p2a: Xerneas
|-damage|p2a: Xerneas|58/100
|-crit|p2a: Xerneas
|-damage|p2a: Xerneas|39/100
|-hitcount|p2a: Xerneas|3
|
|upkeep
|turn|3
|c|☆Jojos ◕‿‿◕|je connais rien au stabmon moi je te signal
|
|t:|1614014988
|switch|p1a: Yveltal|Yveltal, shiny|100/100
|-ability|p1a: Yveltal|Dark Aura
|move|p2a: Xerneas|Moonblast|p1a: Yveltal
|-supereffective|p1a: Yveltal
|-damage|p1a: Yveltal|0 fnt
|faint|p1a: Yveltal
|
|upkeep
|inactive|palapapop has 120 seconds left.
|
|t:|1614014999
|switch|p1a: Necrozma|Necrozma-Dusk-Mane|100/100
|turn|4
|
|t:|1614015003
|move|p2a: Xerneas|Substitute|p2a: Xerneas
|-start|p2a: Xerneas|Substitute
|-damage|p2a: Xerneas|14/100
|move|p1a: Necrozma|Anchor Shot|p2a: Xerneas
|-supereffective|p2a: Xerneas
|-end|p2a: Xerneas|Substitute
|
|upkeep
|turn|5
|
|t:|1614015020
|move|p2a: Xerneas|Thunder|p1a: Necrozma|[miss]
|-miss|p2a: Xerneas|p1a: Necrozma
|move|p1a: Necrozma|Anchor Shot|p2a: Xerneas
|-supereffective|p2a: Xerneas
|-damage|p2a: Xerneas|0 fnt
|faint|p2a: Xerneas
|
|upkeep
|
|t:|1614015033
|switch|p2a: Kyogre|Kyogre|100/100
|-weather|RainDance|[from] ability: Drizzle|[of] p2a: Kyogre
|turn|6
|
|t:|1614015039
|move|p2a: Kyogre|Water Spout|p1a: Necrozma
|-damage|p1a: Necrozma|0 fnt
|faint|p1a: Necrozma
|
|-weather|RainDance|[upkeep]
|upkeep
|
|t:|1614015043
|switch|p1a: Palkia|Palkia|79/100
|-ability|p1a: Palkia|Pressure
|turn|7
|
|t:|1614015046
|move|p2a: Kyogre|Water Spout|p1a: Palkia
|-resisted|p1a: Palkia
|-damage|p1a: Palkia|38/100
|move|p1a: Palkia|Dragon Dance|p1a: Palkia
|-boost|p1a: Palkia|atk|1
|-boost|p1a: Palkia|spe|1
|
|-weather|RainDance|[upkeep]
|upkeep
|turn|8
|
|t:|1614015051
|move|p1a: Palkia|Dragon Darts|p2a: Kyogre
|-damage|p2a: Kyogre|45/100
|-anim|p1a: Palkia|Dragon Darts|p2a: Kyogre
|-damage|p2a: Kyogre|0 fnt
|faint|p2a: Kyogre
|
|-weather|RainDance|[upkeep]
|upkeep
|
|t:|1614015054
|switch|p2a: Ditto|Ditto|100/100
|-transform|p2a: Ditto|p1a: Palkia|[from] ability: Imposter
|-ability|p2a: Ditto|Pressure
|turn|9
|
|t:|1614015061
|move|p2a: Ditto|Dragon Darts|p1a: Palkia
|-supereffective|p1a: Palkia
|-damage|p1a: Palkia|0 fnt
|faint|p1a: Palkia
|
|-weather|RainDance|[upkeep]
|upkeep
|
|t:|1614015063
|switch|p1a: Ferrothorn|Ferrothorn, F|100/100
|turn|10
|j| Don Colombus
|
|t:|1614015078
|switch|p2a: Necrozma|Necrozma-Dusk-Mane|100/100
|switch|p1a: Dracovish|Dracovish|100/100
|
|-weather|none
|upkeep
|turn|11
|
|t:|1614015091
|move|p2a: Necrozma|Dragon Dance|p2a: Necrozma
|-boost|p2a: Necrozma|atk|1
|-boost|p2a: Necrozma|spe|1
|move|p1a: Dracovish|Substitute|p1a: Dracovish
|-start|p1a: Dracovish|Substitute
|-damage|p1a: Dracovish|76/100
|
|upkeep
|turn|12
|j| Jefff 369421
|
|t:|1614015100
|move|p2a: Necrozma|Earthquake|p1a: Dracovish
|-end|p1a: Dracovish|Substitute
|move|p1a: Dracovish|Fishious Rend|p2a: Necrozma
|-damage|p2a: Necrozma|50/100
|
|upkeep
|turn|13
|
|t:|1614015105
|move|p2a: Necrozma|Earthquake|p1a: Dracovish
|-damage|p1a: Dracovish|10/100
|move|p1a: Dracovish|Fishious Rend|p2a: Necrozma
|-damage|p2a: Necrozma|0 fnt
|faint|p2a: Necrozma
|
|upkeep
|inactive|Jojos ◕‿‿◕ has 120 seconds left.
|c|☆Jojos ◕‿‿◕|je viens de voir que jme suis trompe de team
|
|t:|1614015157
|switch|p2a: Ditto|Ditto|100/100
|-transform|p2a: Ditto|p1a: Dracovish|[from] ability: Imposter
|turn|14
|inactive|Jojos ◕‿‿◕ has 90 seconds left.
|
|t:|1614015187
|move|p2a: Ditto|Dragon Darts|p1a: Dracovish
|-supereffective|p1a: Dracovish
|-damage|p1a: Dracovish|0 fnt
|faint|p1a: Dracovish
|
|upkeep
|
|t:|1614015195
|switch|p1a: Ferrothorn|Ferrothorn, F|100/100
|turn|15
|
|t:|1614015202
|move|p2a: Ditto|Dragon Darts|p1a: Ferrothorn
|-resisted|p1a: Ferrothorn
|-damage|p1a: Ferrothorn|93/100
|-anim|p2a: Ditto|Dragon Darts|p1a: Ferrothorn
|-resisted|p1a: Ferrothorn
|-damage|p1a: Ferrothorn|85/100
|move|p1a: Ferrothorn|Grav Apple|p2a: Ditto
|-damage|p2a: Ditto|68/100
|-unboost|p2a: Ditto|def|1
|
|upkeep
|turn|16
|
|t:|1614015216
|move|p2a: Ditto|Dragon Darts|p1a: Ferrothorn
|-resisted|p1a: Ferrothorn
|-damage|p1a: Ferrothorn|77/100
|-anim|p2a: Ditto|Dragon Darts|p1a: Ferrothorn
|-resisted|p1a: Ferrothorn
|-crit|p1a: Ferrothorn
|-damage|p1a: Ferrothorn|65/100
|move|p1a: Ferrothorn|Spikes|p2a: Ditto
|-sidestart|p2: Jojos ◕‿‿◕|Spikes
|
|upkeep
|turn|17
|
|t:|1614015233
|move|p2a: Ditto|Dragon Darts|p1a: Ferrothorn
|-resisted|p1a: Ferrothorn
|-damage|p1a: Ferrothorn|57/100
|-anim|p2a: Ditto|Dragon Darts|p1a: Ferrothorn
|-resisted|p1a: Ferrothorn
|-damage|p1a: Ferrothorn|50/100
|move|p1a: Ferrothorn|Synthesis|p1a: Ferrothorn
|-heal|p1a: Ferrothorn|99/100
|
|upkeep
|turn|18
|inactive|Jojos ◕‿‿◕ has 90 seconds left.
|
|t:|1614015259
|move|p2a: Ditto|Dragon Darts|p1a: Ferrothorn
|-resisted|p1a: Ferrothorn
|-damage|p1a: Ferrothorn|91/100
|-anim|p2a: Ditto|Dragon Darts|p1a: Ferrothorn
|-resisted|p1a: Ferrothorn
|-damage|p1a: Ferrothorn|83/100
|move|p1a: Ferrothorn|Grav Apple|p2a: Ditto
|-damage|p2a: Ditto|20/100
|-unboost|p2a: Ditto|def|1
|
|upkeep
|turn|19
|
|t:|1614015263
|-activate|p2a: Ditto|move: Struggle
|move|p2a: Ditto|Struggle|p1a: Ferrothorn
|-damage|p1a: Ferrothorn|72/100
|-damage|p2a: Ditto|8/100|[from] ability: Iron Barbs|[of] p1a: Ferrothorn
|-damage|p2a: Ditto|0 fnt|[from] recoil
|faint|p2a: Ditto
|move|p1a: Ferrothorn|Synthesis|p1a: Ferrothorn
|-heal|p1a: Ferrothorn|100/100
|
|upkeep
|
|t:|1614015267
|switch|p2a: Zekrom|Zekrom|100/100
|-damage|p2a: Zekrom|88/100|[from] Spikes
|-ability|p2a: Zekrom|Teravolt
|turn|20
|
|t:|1614015271
|move|p2a: Zekrom|Dragon Dance|p2a: Zekrom
|-boost|p2a: Zekrom|atk|1
|-boost|p2a: Zekrom|spe|1
|move|p1a: Ferrothorn|Grav Apple|p2a: Zekrom
|-resisted|p2a: Zekrom
|-damage|p2a: Zekrom|78/100
|-unboost|p2a: Zekrom|def|1
|
|upkeep
|turn|21
|
|t:|1614015275
|move|p2a: Zekrom|Dragon Dance|p2a: Zekrom
|-boost|p2a: Zekrom|atk|1
|-boost|p2a: Zekrom|spe|1
|move|p1a: Ferrothorn|Grav Apple|p2a: Zekrom
|-resisted|p2a: Zekrom
|-damage|p2a: Zekrom|60/100
|-unboost|p2a: Zekrom|def|1
|
|upkeep
|turn|22
|
|t:|1614015280
|move|p2a: Zekrom|Dragon Dance|p2a: Zekrom
|-boost|p2a: Zekrom|atk|1
|-boost|p2a: Zekrom|spe|1
|move|p1a: Ferrothorn|Grav Apple|p2a: Zekrom
|-resisted|p2a: Zekrom
|-damage|p2a: Zekrom|38/100
|-unboost|p2a: Zekrom|def|1
|
|upkeep
|turn|23
|
|t:|1614015284
|move|p1a: Ferrothorn|King's Shield|p1a: Ferrothorn
|-singleturn|p1a: Ferrothorn|Protect
|move|p2a: Zekrom|Roost|p2a: Zekrom
|-heal|p2a: Zekrom|88/100
|-singleturn|p2a: Zekrom|move: Roost
|
|upkeep
|turn|24
|
|t:|1614015288
|move|p2a: Zekrom|Bolt Strike|p1a: Ferrothorn
|-resisted|p1a: Ferrothorn
|-damage|p1a: Ferrothorn|17/100
|-damage|p2a: Zekrom|76/100|[from] ability: Iron Barbs|[of] p1a: Ferrothorn
|-damage|p2a: Zekrom|66/100|[from] item: Life Orb
|move|p1a: Ferrothorn|Grav Apple|p2a: Zekrom
|-resisted|p2a: Zekrom
|-damage|p2a: Zekrom|38/100
|-unboost|p2a: Zekrom|def|1
|
|upkeep
|turn|25
|
|t:|1614015292
|move|p2a: Zekrom|Draco Meteor|p1a: Ferrothorn
|-resisted|p1a: Ferrothorn
|-damage|p1a: Ferrothorn|0 fnt
|-unboost|p2a: Zekrom|spa|2
|-damage|p2a: Zekrom|28/100|[from] item: Life Orb
|faint|p1a: Ferrothorn
|
|upkeep
|
|t:|1614015295
|switch|p1a: Kyogre|Kyogre|100/100
|-weather|RainDance|[from] ability: Drizzle|[of] p1a: Kyogre
|turn|26
|c|☆Jojos ◕‿‿◕|ok
|c| Don Colombus|miss inc
|c|☆Jojos ◕‿‿◕|!pick miss, pas miss
|c| Jojos ◕‿‿◕|/raw <div class="infobox"><em>We randomly picked:</em> miss</div>
|c|☆Jojos ◕‿‿◕|fuk
|inactive|Jojos ◕‿‿◕ has 120 seconds left.
|
|t:|1614015326
|move|p2a: Zekrom|Bolt Strike|p1a: Kyogre
|-supereffective|p1a: Kyogre
|-damage|p1a: Kyogre|0 fnt
|-damage|p2a: Zekrom|18/100|[from] item: Life Orb
|faint|p1a: Kyogre
|
|win|Jojos ◕‿‿◕
|n|☆palapapop|palapapop
|n|☆Jojos ◕‿‿◕@!|jojos
|n| Don Colombus|doncolombus
|n| Jefff 369421|jefff369421
