|j|☆FoolyCooly54
|j|☆Black Shadow 666
|t:|1625714551
|gametype|singles
|player|p1|FoolyCooly54|jasmine|1350
|player|p2|Black Shadow 666|unknown|1526
|teamsize|p1|6
|teamsize|p2|6
|gen|8
|tier|[Gen 8] Ubers
|rated|
|rule|Sleep Clause Mod: Limit one foe put to sleep
|rule|Species Clause: Limit one of each Pokémon
|rule|OHKO Clause: OHKO moves are banned
|rule|Evasion Moves Clause: Evasion moves are banned
|rule|Endless Battle Clause: Forcing endless battles is banned
|rule|HP Percentage Mod: HP is shown in percentages
|rule|Dynamax Clause: You cannot dynamax
|clearpoke
|poke|p1|Giratina-Origin|
|poke|p1|Yveltal|
|poke|p1|Ferrothorn, F|
|poke|p1|Rayquaza|
|poke|p1|Dialga|
|poke|p1|Ho-Oh|
|poke|p2|Regieleki|
|poke|p2|Necrozma-Dusk-Mane|
|poke|p2|Yveltal|
|poke|p2|Ho-Oh|
|poke|p2|Kyogre|
|poke|p2|Zygarde|
|teampreview
|inactive|Battle timer is ON: inactive players will automatically lose when time's up. (requested by FoolyCooly54)
|
|t:|1625714559
|start
|switch|p1a: Dialga|Dialga|100/100
|switch|p2a: Yveltal|Yveltal|100/100
|-ability|p1a: Dialga|Pressure
|-ability|p2a: Yveltal|Dark Aura
|turn|1
|
|t:|1625714565
|move|p1a: Dialga|Stone Edge|p2a: Yveltal
|-supereffective|p2a: Yveltal
|-damage|p2a: Yveltal|57/100
|move|p2a: Yveltal|Focus Blast|p1a: Dialga|[miss]
|-miss|p2a: Yveltal|p1a: Dialga
|
|upkeep
|turn|2
|
|t:|1625714575
|switch|p2a: Ho-Oh|Ho-Oh, shiny|100/100
|move|p1a: Dialga|Fire Blast|p2a: Ho-Oh
|-resisted|p2a: Ho-Oh
|-damage|p2a: Ho-Oh|87/100
|
|upkeep
|turn|3
|
|t:|1625714581
|move|p2a: Ho-Oh|Sacred Fire|p1a: Dialga
|-damage|p1a: Dialga|66/100
|move|p1a: Dialga|Stone Edge|p2a: Ho-Oh
|-supereffective|p2a: Ho-Oh
|-damage|p2a: Ho-Oh|29/100
|
|upkeep
|turn|4
|
|t:|1625714589
|switch|p2a: Zygarde|Zygarde|100/100
|switch|p1a: Rayquaza|Rayquaza|100/100
|-ability|p1a: Rayquaza|Air Lock
|
|upkeep
|turn|5
|
|t:|1625714601
|switch|p1a: Yveltal|Yveltal|100/100
|-ability|p1a: Yveltal|Dark Aura
|move|p2a: Zygarde|Glare|p1a: Yveltal
|-status|p1a: Yveltal|par
|
|upkeep
|turn|6
|
|t:|1625714608
|move|p2a: Zygarde|Substitute|p2a: Zygarde
|-start|p2a: Zygarde|Substitute
|-damage|p2a: Zygarde|75/100
|move|p1a: Yveltal|Knock Off|p2a: Zygarde
|-end|p2a: Zygarde|Substitute
|
|-heal|p2a: Zygarde|82/100|[from] item: Leftovers
|upkeep
|turn|7
|
|t:|1625714613
|move|p2a: Zygarde|Substitute|p2a: Zygarde
|-start|p2a: Zygarde|Substitute
|-damage|p2a: Zygarde|57/100
|move|p1a: Yveltal|Knock Off|p2a: Zygarde
|-end|p2a: Zygarde|Substitute
|
|-heal|p2a: Zygarde|63/100|[from] item: Leftovers
|upkeep
|turn|8
|
|t:|1625714616
|move|p2a: Zygarde|Substitute|p2a: Zygarde
|-start|p2a: Zygarde|Substitute
|-damage|p2a: Zygarde|38/100
|move|p1a: Yveltal|Knock Off|p2a: Zygarde
|-end|p2a: Zygarde|Substitute
|
|-heal|p2a: Zygarde|44/100|[from] item: Leftovers
|-activate|p2a: Zygarde|ability: Power Construct
|detailschange|p2a: Zygarde|Zygarde-Complete
|-heal|p2a: Zygarde|63/100|[silent]
|upkeep
|turn|9
|inactive|Black Shadow 666 has 120 seconds left.
|
|t:|1625714663
|move|p2a: Zygarde|Substitute|p2a: Zygarde
|-start|p2a: Zygarde|Substitute
|-damage|p2a: Zygarde|38/100
|move|p1a: Yveltal|Knock Off|p2a: Zygarde
|-activate|p2a: Zygarde|move: Substitute|[damage]
|
|-heal|p2a: Zygarde|44/100|[from] item: Leftovers
|upkeep
|turn|10
|
|t:|1625714670
|move|p2a: Zygarde|Dragon Dance|p2a: Zygarde
|-boost|p2a: Zygarde|atk|1
|-boost|p2a: Zygarde|spe|1
|move|p1a: Yveltal|Knock Off|p2a: Zygarde
|-end|p2a: Zygarde|Substitute
|
|-heal|p2a: Zygarde|50/100|[from] item: Leftovers
|upkeep
|turn|11
|inactive|Black Shadow 666 has 120 seconds left.
|inactive|Black Shadow 666 has 90 seconds left.
|
|t:|1625714716
|move|p2a: Zygarde|Substitute|p2a: Zygarde
|-start|p2a: Zygarde|Substitute
|-damage|p2a: Zygarde|25/100
|cant|p1a: Yveltal|par
|
|-heal|p2a: Zygarde|32/100|[from] item: Leftovers
|upkeep
|turn|12
|
|t:|1625714724
|move|p2a: Zygarde|Dragon Dance|p2a: Zygarde
|-boost|p2a: Zygarde|atk|1
|-boost|p2a: Zygarde|spe|1
|move|p1a: Yveltal|Knock Off|p2a: Zygarde
|-activate|p2a: Zygarde|move: Substitute|[damage]
|
|-heal|p2a: Zygarde|38/100|[from] item: Leftovers
|upkeep
|turn|13
|inactive|Black Shadow 666 has 90 seconds left.
|
|t:|1625714743
|move|p2a: Zygarde|Thousand Arrows|p1a: Yveltal
|-damage|p1a: Yveltal|36/100 par
|-start|p1a: Yveltal|Smack Down
|move|p1a: Yveltal|Knock Off|p2a: Zygarde
|-end|p2a: Zygarde|Substitute
|
|-heal|p2a: Zygarde|44/100|[from] item: Leftovers
|upkeep
|turn|14
|inactive|Black Shadow 666 has 90 seconds left.
|
|t:|1625714749
|move|p2a: Zygarde|Substitute|p2a: Zygarde
|-start|p2a: Zygarde|Substitute
|-damage|p2a: Zygarde|19/100
|move|p1a: Yveltal|Knock Off|p2a: Zygarde
|-activate|p2a: Zygarde|move: Substitute|[damage]
|
|-heal|p2a: Zygarde|25/100|[from] item: Leftovers
|upkeep
|turn|15
|
|t:|1625714754
|move|p2a: Zygarde|Thousand Arrows|p1a: Yveltal
|-damage|p1a: Yveltal|0 fnt
|faint|p1a: Yveltal
|
|-heal|p2a: Zygarde|31/100|[from] item: Leftovers
|upkeep
|
|t:|1625714759
|switch|p1a: Giratina|Giratina-Origin|100/100
|turn|16
|inactive|Black Shadow 666 has 90 seconds left.
|
|t:|1625714805
|move|p1a: Giratina|Shadow Sneak|p2a: Zygarde
|-end|p2a: Zygarde|Substitute
|move|p2a: Zygarde|Thousand Arrows|p1a: Giratina
|-damage|p1a: Giratina|58/100
|-start|p1a: Giratina|Smack Down
|
|-heal|p2a: Zygarde|37/100|[from] item: Leftovers
|upkeep
|turn|17
|
|t:|1625714813
|move|p2a: Zygarde|Thousand Arrows|p1a: Giratina
|-damage|p1a: Giratina|12/100
|move|p1a: Giratina|Poltergeist|p2a: Zygarde
|-activate|p2a: Zygarde|move: Poltergeist|Leftovers
|-damage|p2a: Zygarde|15/100
|
|-heal|p2a: Zygarde|21/100|[from] item: Leftovers
|upkeep
|turn|18
|
|t:|1625714827
|move|p1a: Giratina|Shadow Sneak|p2a: Zygarde
|-damage|p2a: Zygarde|11/100
|move|p2a: Zygarde|Thousand Arrows|p1a: Giratina
|-crit|p1a: Giratina
|-damage|p1a: Giratina|0 fnt
|faint|p1a: Giratina
|
|-heal|p2a: Zygarde|17/100|[from] item: Leftovers
|upkeep
|
|t:|1625714833
|switch|p1a: Ferrothorn|Ferrothorn, F|100/100
|turn|19
|inactive|Black Shadow 666 has 90 seconds left.
|
|t:|1625714843
|move|p2a: Zygarde|Glare|p1a: Ferrothorn
|-status|p1a: Ferrothorn|par
|move|p1a: Ferrothorn|Leech Seed|p2a: Zygarde
|-start|p2a: Zygarde|move: Leech Seed
|
|-heal|p2a: Zygarde|23/100|[from] item: Leftovers
|-damage|p2a: Zygarde|11/100|[from] Leech Seed|[of] p1a: Ferrothorn
|upkeep
|turn|20
|
|t:|1625714852
|switch|p2a: Yveltal|Yveltal|57/100
|-ability|p2a: Yveltal|Dark Aura
|move|p1a: Ferrothorn|Iron Head|p2a: Yveltal
|-damage|p2a: Yveltal|33/100
|
|upkeep
|turn|21
|
|t:|1625714855
|move|p2a: Yveltal|Oblivion Wing|p1a: Ferrothorn
|-damage|p1a: Ferrothorn|50/100 par
|-heal|p2a: Yveltal|66/100|[from] drain|[of] p1a: Ferrothorn
|-damage|p2a: Yveltal|56/100|[from] item: Life Orb
|move|p1a: Ferrothorn|Thunder Wave|p2a: Yveltal
|-status|p2a: Yveltal|par
|
|upkeep
|turn|22
|inactive|Black Shadow 666 has 90 seconds left.
|
|t:|1625714891
|move|p2a: Yveltal|Oblivion Wing|p1a: Ferrothorn
|-damage|p1a: Ferrothorn|0 fnt
|-heal|p2a: Yveltal|89/100 par|[from] drain|[of] p1a: Ferrothorn
|faint|p1a: Ferrothorn
|-damage|p2a: Yveltal|79/100 par|[from] item: Life Orb
|
|upkeep
|
|t:|1625714900
|switch|p1a: Rayquaza|Rayquaza|100/100
|-ability|p1a: Rayquaza|Air Lock
|turn|23
|inactive|Black Shadow 666 has 90 seconds left.
|
|t:|1625714929
|move|p1a: Rayquaza|Dragon Dance|p1a: Rayquaza
|-boost|p1a: Rayquaza|atk|1
|-boost|p1a: Rayquaza|spe|1
|cant|p2a: Yveltal|par
|
|upkeep
|turn|24
|
|t:|1625714936
|move|p2a: Yveltal|Sucker Punch||[still]
|-fail|p2a: Yveltal
|move|p1a: Rayquaza|Dragon Dance|p1a: Rayquaza
|-boost|p1a: Rayquaza|atk|1
|-boost|p1a: Rayquaza|spe|1
|
|upkeep
|turn|25
|
|t:|1625714941
|move|p1a: Rayquaza|Extreme Speed|p2a: Yveltal
|-damage|p2a: Yveltal|19/100 par
|move|p2a: Yveltal|Dark Pulse|p1a: Rayquaza
|-damage|p1a: Rayquaza|15/100
|-damage|p2a: Yveltal|9/100 par|[from] item: Life Orb
|
|upkeep
|turn|26
|
|t:|1625714949
|move|p1a: Rayquaza|Extreme Speed|p2a: Yveltal
|-damage|p2a: Yveltal|0 fnt
|faint|p2a: Yveltal
|
|upkeep
|inactive|Black Shadow 666 has 90 seconds left.
|
|t:|1625714960
|switch|p2a: Necrozma|Necrozma-Dusk-Mane, shiny|100/100
|turn|27
|
|t:|1625714964
|move|p1a: Rayquaza|V-create|p2a: Necrozma
|-supereffective|p2a: Necrozma
|-damage|p2a: Necrozma|0 fnt
|-unboost|p1a: Rayquaza|spe|1
|-unboost|p1a: Rayquaza|def|1
|-unboost|p1a: Rayquaza|spd|1
|faint|p2a: Necrozma
|
|upkeep
|c|☆Black Shadow 666|gg
|inactive|Black Shadow 666 has 90 seconds left.
|inactive|Black Shadow 666 has 60 seconds left.
|
|t:|1625715033
|switch|p2a: Regieleki|Regieleki|100/100
|turn|28
|
|t:|1625715036
|move|p1a: Rayquaza|Extreme Speed|p2a: Regieleki
|-damage|p2a: Regieleki|0 fnt
|faint|p2a: Regieleki
|
|upkeep
|inactive|Black Shadow 666 has 30 seconds left.
|inactive|Black Shadow 666 has 20 seconds left.
|inactive|Black Shadow 666 has 15 seconds left.
|inactive|Black Shadow 666 has 10 seconds left.
|inactive|Black Shadow 666 has 5 seconds left.
|-message|Black Shadow 666 lost due to inactivity.
|
|win|FoolyCooly54
|raw|FoolyCooly54's rating: 1351 &rarr; <strong>1380</strong><br />(+29 for winning)
|raw|Black Shadow 666's rating: 1526 &rarr; <strong>1497</strong><br />(-29 for losing)
|l|☆Black Shadow 666
