|j|☆Lawtrixx
|j|☆blaxer15
|t:|1660700244
|gametype|singles
|player|p1|Lawtrixx|2|1380
|player|p2|blaxer15|2|1257
|teamsize|p1|6
|teamsize|p2|6
|gen|8
|tier|[Gen 8] Ubers
|rated|
|rule|Sleep Clause Mod: Limit one foe put to sleep
|rule|Species Clause: Limit one of each Pokémon
|rule|OHKO Clause: OHKO moves are banned
|rule|Evasion Items Clause: Evasion items are banned
|rule|Evasion Moves Clause: Evasion moves are banned
|rule|Endless Battle Clause: Forcing endless battles is banned
|rule|HP Percentage Mod: HP is shown in percentages
|rule|Dynamax Clause: You cannot dynamax
|clearpoke
|poke|p1|Eternatus|
|poke|p1|Yveltal|
|poke|p1|Necrozma-Dusk-Mane|
|poke|p1|Ho-Oh|
|poke|p1|Groudon|
|poke|p1|Marshadow|
|poke|p2|Marshadow|
|poke|p2|Dracovish|
|poke|p2|Calyrex-Shadow|
|poke|p2|Naganadel|
|poke|p2|Lugia|
|poke|p2|Pheromosa|
|teampreview
|
|t:|1660700291
|start
|switch|p1a: Groudon|Groudon|100/100
|switch|p2a: Naganadel|Naganadel|100/100
|-weather|SunnyDay|[from] ability: Drought|[of] p1a: Groudon
|turn|1
|
|t:|1660700308
|switch|p2a: Lugia|Lugia|100/100
|move|p1a: Groudon|Rock Polish|p1a: Groudon
|-boost|p1a: Groudon|spe|2
|
|-weather|SunnyDay|[upkeep]
|upkeep
|turn|2
|
|t:|1660700316
|move|p1a: Groudon|Stone Edge|p2a: Lugia
|-supereffective|p2a: Lugia
|-damage|p2a: Lugia|71/100
|move|p2a: Lugia|Toxic|p1a: Groudon
|-status|p1a: Groudon|tox
|-enditem|p1a: Groudon|Lum Berry|[eat]
|-curestatus|p1a: Groudon|tox|[msg]
|
|-weather|SunnyDay|[upkeep]
|-heal|p2a: Lugia|77/100|[from] item: Leftovers
|upkeep
|turn|3
|
|t:|1660700328
|move|p1a: Groudon|Swords Dance|p1a: Groudon
|-boost|p1a: Groudon|atk|2
|move|p2a: Lugia|Toxic|p1a: Groudon|[miss]
|-miss|p2a: Lugia|p1a: Groudon
|
|-weather|SunnyDay|[upkeep]
|-heal|p2a: Lugia|84/100|[from] item: Leftovers
|upkeep
|turn|4
|
|t:|1660700333
|move|p1a: Groudon|Stone Edge|p2a: Lugia
|-supereffective|p2a: Lugia
|-damage|p2a: Lugia|0 fnt
|faint|p2a: Lugia
|
|-weather|SunnyDay|[upkeep]
|upkeep
|
|t:|1660700344
|switch|p2a: Marshadow|Marshadow|100/100
|turn|5
|
|t:|1660700347
|move|p1a: Groudon|Precipice Blades|p2a: Marshadow
|-damage|p2a: Marshadow|0 fnt
|faint|p2a: Marshadow
|
|-weather|none
|upkeep
|
|t:|1660700351
|switch|p2a: Calyrex|Calyrex-Shadow|100/100
|-ability|p2a: Calyrex|As One
|-ability|p2a: Calyrex|Unnerve
|turn|6
|
|t:|1660700354
|move|p1a: Groudon|Precipice Blades|p2a: Calyrex
|-damage|p2a: Calyrex|0 fnt
|faint|p2a: Calyrex
|
|upkeep
|
|t:|1660700361
|switch|p2a: Pheromosa|Pheromosa|100/100
|turn|7
|
|t:|1660700367
|move|p1a: Groudon|Precipice Blades|p2a: Pheromosa
|-resisted|p2a: Pheromosa
|-crit|p2a: Pheromosa
|-damage|p2a: Pheromosa|0 fnt
|faint|p2a: Pheromosa
|
|upkeep
|
|t:|1660700369
|switch|p2a: Dracovish|Dracovish|100/100
|turn|8
|
|t:|1660700373
|move|p1a: Groudon|Precipice Blades|p2a: Dracovish
|-damage|p2a: Dracovish|0 fnt
|faint|p2a: Dracovish
|
|upkeep
|
|t:|1660700375
|switch|p2a: Naganadel|Naganadel|100/100
|turn|9
|
|t:|1660700378
|move|p1a: Groudon|Precipice Blades|p2a: Naganadel
|-supereffective|p2a: Naganadel
|-crit|p2a: Naganadel
|-damage|p2a: Naganadel|0 fnt
|faint|p2a: Naganadel
|
|win|Lawtrixx
|raw|Lawtrixx's rating: 1380 &rarr; <strong>1393</strong><br />(+13 for winning)
|raw|blaxer15's rating: 1257 &rarr; <strong>1240</strong><br />(-17 for losing)
|l|☆blaxer15
||Ladder isn't responding, score probably updated but might not have (Request timeout).
