|html|<div class="broadcast-blue"><strong>[Gen 8] Ubers is currently suspecting Calyrex-Shadow! For information on how to participate check out the <a href="https://www.smogon.com/forums/threads/np-ss-ubers-stage-8-ridin-dirty-calyrex-shadow-suspect-test.3704200/">suspect thread</a>.</strong></div>
|j|☆PokeDuels
|j|☆Mega-Pert
|t:|1657601886
|gametype|singles
|player|p1|PokeDuels|red|1487
|player|p2|Mega-Pert|265|1284
|teamsize|p1|6
|teamsize|p2|6
|gen|8
|tier|[Gen 8] Ubers
|rated|
|rule|Sleep Clause Mod: Limit one foe put to sleep
|rule|Species Clause: Limit one of each Pokémon
|rule|OHKO Clause: OHKO moves are banned
|rule|Evasion Moves Clause: Evasion moves are banned
|rule|Endless Battle Clause: Forcing endless battles is banned
|rule|HP Percentage Mod: HP is shown in percentages
|rule|Dynamax Clause: You cannot dynamax
|clearpoke
|poke|p1|Eternatus|
|poke|p1|Yveltal|
|poke|p1|Necrozma-Dusk-Mane|
|poke|p1|Groudon|
|poke|p1|Xerneas-*|
|poke|p1|Kyurem-Black|
|poke|p2|Eternatus|
|poke|p2|Xerneas-*|
|poke|p2|Calyrex-Ice|
|poke|p2|Yveltal|
|poke|p2|Necrozma-Dusk-Mane|
|poke|p2|Ho-Oh|
|teampreview
|
|t:|1657601898
|start
|switch|p1a: Eternatus|Eternatus|100/100
|switch|p2a: Calyrex|Calyrex-Ice|100/100
|-ability|p2a: Calyrex|As One
|-ability|p2a: Calyrex|Unnerve
|-ability|p1a: Eternatus|Pressure
|turn|1
|inactive|Battle timer is ON: inactive players will automatically lose when time's up. (requested by Mega-Pert)
|
|t:|1657601901
|switch|p1a: Necrozma|Necrozma-Dusk-Mane|100/100
|move|p2a: Calyrex|Trick Room|p2a: Calyrex
|-fieldstart|move: Trick Room|[of] p2a: Calyrex
|
|upkeep
|turn|2
|
|t:|1657601905
|move|p2a: Calyrex|High Horsepower|p1a: Necrozma
|-supereffective|p1a: Necrozma
|-damage|p1a: Necrozma|59/100
|move|p1a: Necrozma|Sunsteel Strike|p2a: Calyrex
|-supereffective|p2a: Calyrex
|-damage|p2a: Calyrex|36/100
|-enditem|p2a: Calyrex|Weakness Policy
|-boost|p2a: Calyrex|atk|2|[from] item: Weakness Policy
|-boost|p2a: Calyrex|spa|2|[from] item: Weakness Policy
|
|-heal|p1a: Necrozma|65/100|[from] item: Leftovers
|upkeep
|turn|3
|
|t:|1657601918
|switch|p1a: Yveltal|Yveltal|100/100
|-ability|p1a: Yveltal|Dark Aura
|move|p2a: Calyrex|Glacial Lance|p1a: Yveltal
|-supereffective|p1a: Yveltal
|-damage|p1a: Yveltal|0 fnt
|faint|p1a: Yveltal
|-ability|p2a: Calyrex|Chilling Neigh|boost
|-boost|p2a: Calyrex|atk|1
|
|upkeep
|
|t:|1657601936
|switch|p1a: Necrozma|Necrozma-Dusk-Mane|65/100
|turn|4
|
|t:|1657601941
|switch|p1a: Groudon|Groudon|100/100
|-weather|SunnyDay|[from] ability: Drought|[of] p1a: Groudon
|move|p2a: Calyrex|High Horsepower|p1a: Groudon
|-damage|p1a: Groudon|57/100
|
|-weather|SunnyDay|[upkeep]
|-heal|p1a: Groudon|63/100|[from] item: Leftovers
|upkeep
|turn|5
|
|t:|1657601947
|switch|p1a: Necrozma|Necrozma-Dusk-Mane|65/100
|move|p2a: Calyrex|Glacial Lance|p1a: Necrozma
|-resisted|p1a: Necrozma
|-damage|p1a: Necrozma|0 fnt
|faint|p1a: Necrozma
|-ability|p2a: Calyrex|Chilling Neigh|boost
|-boost|p2a: Calyrex|atk|1
|
|-weather|SunnyDay|[upkeep]
|-fieldend|move: Trick Room
|upkeep
|
|t:|1657601951
|switch|p1a: Eternatus|Eternatus|100/100
|-ability|p1a: Eternatus|Pressure
|turn|6
|
|t:|1657601955
|move|p1a: Eternatus|Flamethrower|p2a: Calyrex
|-supereffective|p2a: Calyrex
|-damage|p2a: Calyrex|0 fnt
|faint|p2a: Calyrex
|-damage|p1a: Eternatus|91/100|[from] item: Life Orb
|
|-weather|SunnyDay|[upkeep]
|upkeep
|
|t:|1657601959
|switch|p2a: Xerneas|Xerneas|100/100
|-ability|p2a: Xerneas|Fairy Aura
|turn|7
|
|t:|1657601961
|move|p1a: Eternatus|Sludge Bomb|p2a: Xerneas
|-supereffective|p2a: Xerneas
|-damage|p2a: Xerneas|0 fnt
|faint|p2a: Xerneas
|-damage|p1a: Eternatus|81/100|[from] item: Life Orb
|
|-weather|SunnyDay|[upkeep]
|upkeep
|
|t:|1657601975
|switch|p2a: Ho-Oh|Ho-Oh|100/100
|turn|8
|
|t:|1657601984
|switch|p1a: Kyurem|Kyurem-Black|100/100
|-ability|p1a: Kyurem|Teravolt
|move|p2a: Ho-Oh|Thunder Wave|p1a: Kyurem
|-status|p1a: Kyurem|par
|
|-weather|none
|upkeep
|turn|9
|
|t:|1657601989
|switch|p2a: Necrozma|Necrozma-Dusk-Mane|100/100
|move|p1a: Kyurem|Fusion Bolt|p2a: Necrozma
|-damage|p2a: Necrozma|69/100
|
|-heal|p2a: Necrozma|75/100|[from] item: Leftovers
|upkeep
|turn|10
|
|t:|1657601997
|switch|p1a: Groudon|Groudon|63/100
|-weather|SunnyDay|[from] ability: Drought|[of] p1a: Groudon
|move|p2a: Necrozma|Sunsteel Strike|p1a: Groudon
|-damage|p1a: Groudon|40/100
|
|-weather|SunnyDay|[upkeep]
|-heal|p2a: Necrozma|81/100|[from] item: Leftovers
|-heal|p1a: Groudon|46/100|[from] item: Leftovers
|upkeep
|turn|11
|
|t:|1657602002
|switch|p2a: Yveltal|Yveltal|100/100
|-ability|p2a: Yveltal|Dark Aura
|move|p1a: Groudon|Stealth Rock|p2a: Yveltal
|-sidestart|p2: Mega-Pert|move: Stealth Rock
|
|-weather|SunnyDay|[upkeep]
|-heal|p1a: Groudon|52/100|[from] item: Leftovers
|upkeep
|turn|12
|
|t:|1657602013
|move|p2a: Yveltal|Knock Off|p1a: Groudon
|-damage|p1a: Groudon|23/100
|-enditem|p1a: Groudon|Leftovers|[from] move: Knock Off|[of] p2a: Yveltal
|move|p1a: Groudon|Toxic|p2a: Yveltal
|-status|p2a: Yveltal|tox
|
|-weather|SunnyDay|[upkeep]
|-damage|p2a: Yveltal|94/100 tox|[from] psn
|upkeep
|turn|13
|
|t:|1657602017
|move|p2a: Yveltal|Oblivion Wing|p1a: Groudon
|-damage|p1a: Groudon|0 fnt
|-heal|p2a: Yveltal|100/100 tox|[from] drain|[of] p1a: Groudon
|faint|p1a: Groudon
|
|-weather|SunnyDay|[upkeep]
|-damage|p2a: Yveltal|88/100 tox|[from] psn
|upkeep
|
|t:|1657602026
|switch|p1a: Eternatus|Eternatus|81/100
|-ability|p1a: Eternatus|Pressure
|turn|14
|
|t:|1657602031
|move|p1a: Eternatus|Draco Meteor|p2a: Yveltal
|-damage|p2a: Yveltal|2/100 tox
|-unboost|p1a: Eternatus|spa|2
|-damage|p1a: Eternatus|71/100|[from] item: Life Orb
|move|p2a: Yveltal|Knock Off|p1a: Eternatus
|-damage|p1a: Eternatus|13/100
|-enditem|p1a: Eternatus|Life Orb|[from] move: Knock Off|[of] p2a: Yveltal
|
|-weather|none
|-damage|p2a: Yveltal|0 fnt|[from] psn
|faint|p2a: Yveltal
|upkeep
|
|t:|1657602047
|switch|p2a: Ho-Oh|Ho-Oh|100/100
|turn|15
|inactive|PokeDuels has 120 seconds left.
|
|t:|1657602086
|move|p1a: Eternatus|Recover|p1a: Eternatus
|-heal|p1a: Eternatus|63/100
|move|p2a: Ho-Oh|Defog|p1a: Eternatus
|-unboost|p1a: Eternatus|evasion|1
|-sideend|p2: Mega-Pert|Stealth Rock|[from] move: Defog|[of] p2a: Ho-Oh
|
|upkeep
|turn|16
|inactive|PokeDuels has 120 seconds left.
|
|t:|1657602095
|switch|p1a: Kyurem|Kyurem-Black|100/100 par
|-ability|p1a: Kyurem|Teravolt
|move|p2a: Ho-Oh|Brave Bird|p1a: Kyurem
|-damage|p1a: Kyurem|57/100 par
|-damage|p2a: Ho-Oh|87/100|[from] Recoil
|
|upkeep
|turn|17
|
|t:|1657602105
|switch|p2a: Eternatus|Eternatus|100/100
|-ability|p2a: Eternatus|Pressure
|move|p1a: Kyurem|Roost|p1a: Kyurem
|-heal|p1a: Kyurem|100/100 par
|-singleturn|p1a: Kyurem|move: Roost
|
|upkeep
|turn|18
|
|t:|1657602113
|move|p2a: Eternatus|Meteor Beam||[still]
|-prepare|p2a: Eternatus|Meteor Beam
|-boost|p2a: Eternatus|spa|1
|-enditem|p2a: Eternatus|Power Herb
|-anim|p2a: Eternatus|Meteor Beam|p1a: Kyurem
|-supereffective|p1a: Kyurem
|-damage|p1a: Kyurem|0 fnt
|faint|p1a: Kyurem
|
|upkeep
|
|t:|1657602122
|switch|p1a: Xerneas|Xerneas|100/100
|-ability|p1a: Xerneas|Fairy Aura
|turn|19
|
|t:|1657602126
|switch|p2a: Necrozma|Necrozma-Dusk-Mane|81/100
|move|p1a: Xerneas|Geomancy||[still]
|-prepare|p1a: Xerneas|Geomancy
|-enditem|p1a: Xerneas|Power Herb
|-anim|p1a: Xerneas|Geomancy|p1a: Xerneas
|-boost|p1a: Xerneas|spa|2
|-boost|p1a: Xerneas|spd|2
|-boost|p1a: Xerneas|spe|2
|
|-heal|p2a: Necrozma|87/100|[from] item: Leftovers
|upkeep
|turn|20
|
|t:|1657602130
|move|p1a: Xerneas|Thunder|p2a: Necrozma
|-damage|p2a: Necrozma|32/100
|-status|p2a: Necrozma|par
|move|p2a: Necrozma|Sunsteel Strike|p1a: Xerneas
|-supereffective|p1a: Xerneas
|-damage|p1a: Xerneas|18/100
|
|-heal|p2a: Necrozma|38/100 par|[from] item: Leftovers
|upkeep
|turn|21
|
|t:|1657602136
|move|p1a: Xerneas|Thunder|p2a: Necrozma|[miss]
|-miss|p1a: Xerneas|p2a: Necrozma
|move|p2a: Necrozma|Sunsteel Strike|p1a: Xerneas
|-supereffective|p1a: Xerneas
|-damage|p1a: Xerneas|0 fnt
|faint|p1a: Xerneas
|
|-heal|p2a: Necrozma|44/100 par|[from] item: Leftovers
|upkeep
|
|t:|1657602138
|switch|p1a: Eternatus|Eternatus|63/100
|-ability|p1a: Eternatus|Pressure
|turn|22
|
|t:|1657602143
|move|p1a: Eternatus|Sludge Bomb|p2a: Necrozma
|-immune|p2a: Necrozma
|move|p2a: Necrozma|Thunder Wave|p1a: Eternatus
|-status|p1a: Eternatus|par
|
|-heal|p2a: Necrozma|50/100 par|[from] item: Leftovers
|upkeep
|turn|23
|-message|PokeDuels forfeited.
|
|win|Mega-Pert
|raw|PokeDuels's rating: 1499 &rarr; <strong>1468</strong><br />(-31 for losing)
|raw|Mega-Pert's rating: 1284 &rarr; <strong>1323</strong><br />(+39 for winning)
|l|☆PokeDuels
