|raw|<div class="broadcast-blue"><strong>This battle is required to be public due to a player having a name starting with 'ULTBG7V'.</div>
|j|☆ULTBG7V Zoom zoom
|j|☆mitaiken horizon
|t:|1621863592
|gametype|singles
|player|p1|ULTBG7V Zoom zoom|zinnia|1660
|player|p2|mitaiken horizon|nurseryaide|1699
|teamsize|p1|6
|teamsize|p2|6
|gen|8
|tier|[Gen 8] Ubers
|rated|
|rule|Sleep Clause Mod: Limit one foe put to sleep
|rule|Species Clause: Limit one of each Pokémon
|rule|OHKO Clause: OHKO moves are banned
|rule|Evasion Moves Clause: Evasion moves are banned
|rule|Endless Battle Clause: Forcing endless battles is banned
|rule|HP Percentage Mod: HP is shown in percentages
|rule|Dynamax Clause: You cannot dynamax
|clearpoke
|poke|p1|Yveltal|
|poke|p1|Ditto|
|poke|p1|Calyrex-Shadow|
|poke|p1|Necrozma-Dusk-Mane|
|poke|p1|Blissey, F|
|poke|p1|Ho-Oh|
|poke|p2|Xatu, F|
|poke|p2|Zygarde|
|poke|p2|Toxapex, M|
|poke|p2|Shedinja|
|poke|p2|Ho-Oh|
|poke|p2|Yveltal|
|teampreview
|inactive|Battle timer is ON: inactive players will automatically lose when time's up. (requested by ULTBG7V Zoom zoom)
|c|☆ULTBG7V Zoom zoom|hf
|c|☆mitaiken horizon|pire en pire mes team
|c|☆ULTBG7V Zoom zoom|ah c'est shuwri
|inactive|ULTBG7V Zoom zoom has 120 seconds left.
|inactive|mitaiken horizon has 120 seconds left.
|
|t:|1621863632
|start
|switch|p1a: Necrozma|Necrozma-Dusk-Mane|100/100
|switch|p2a: Ho-Oh|Ho-Oh|100/100
|turn|1
|
|t:|1621863638
|switch|p2a: Xatu|Xatu, F|100/100
|move|p1a: Necrozma|Stealth Rock|p2a: Xatu
|move|p2a: Xatu|Stealth Rock|p1a: Necrozma|[from]ability: Magic Bounce
|-sidestart|p1: ULTBG7V Zoom zoom|move: Stealth Rock
|
|upkeep
|turn|2
|
|t:|1621863642
|move|p2a: Xatu|Thunder Wave|p1a: Necrozma
|-status|p1a: Necrozma|par
|move|p1a: Necrozma|Stealth Rock|p2a: Xatu
|move|p2a: Xatu|Stealth Rock||[from]ability: Magic Bounce|[still]
|-fail|p2a: Xatu
|
|upkeep
|turn|3
|
|t:|1621863646
|move|p2a: Xatu|Night Shade|p1a: Necrozma
|-damage|p1a: Necrozma|75/100 par
|move|p1a: Necrozma|Stealth Rock|p2a: Xatu
|move|p2a: Xatu|Stealth Rock||[from]ability: Magic Bounce|[still]
|-fail|p2a: Xatu
|
|upkeep
|turn|4
|
|t:|1621863649
|move|p2a: Xatu|Night Shade|p1a: Necrozma
|-damage|p1a: Necrozma|50/100 par
|move|p1a: Necrozma|Morning Sun|p1a: Necrozma
|-heal|p1a: Necrozma|99/100 par
|
|upkeep
|turn|5
|
|t:|1621863651
|move|p1a: Necrozma|Sunsteel Strike|p2a: Xatu
|-damage|p2a: Xatu|55/100
|-damage|p1a: Necrozma|83/100 par|[from] item: Rocky Helmet|[of] p2a: Xatu
|move|p2a: Xatu|Teleport|p2a: Xatu
|
|t:|1621863659
|switch|p2a: Ho-Oh|Ho-Oh|100/100|[from]move: Teleport
|
|upkeep
|turn|6
|
|t:|1621863661
|switch|p2a: Xatu|Xatu, F|55/100
|move|p1a: Necrozma|Stealth Rock|p2a: Xatu
|move|p2a: Xatu|Stealth Rock||[from]ability: Magic Bounce|[still]
|-fail|p2a: Xatu
|
|upkeep
|turn|7
|
|t:|1621863665
|switch|p1a: Yveltal|Yveltal|100/100
|-ability|p1a: Yveltal|Dark Aura
|move|p2a: Xatu|Roost|p2a: Xatu
|-heal|p2a: Xatu|100/100
|-singleturn|p2a: Xatu|move: Roost
|
|upkeep
|turn|8
|
|t:|1621863669
|switch|p2a: Toxapex|Toxapex, M|100/100
|move|p1a: Yveltal|Knock Off|p2a: Toxapex
|-damage|p2a: Toxapex|66/100
|-damage|p1a: Yveltal|84/100|[from] item: Rocky Helmet|[of] p2a: Toxapex
|-enditem|p2a: Toxapex|Rocky Helmet|[from] move: Knock Off|[of] p1a: Yveltal
|
|upkeep
|turn|9
|
|t:|1621863673
|switch|p1a: Ho-Oh|Ho-Oh|100/100
|move|p2a: Toxapex|Scald|p1a: Ho-Oh
|-supereffective|p1a: Ho-Oh
|-damage|p1a: Ho-Oh|80/100
|
|upkeep
|turn|10
|c|☆mitaiken horizon|ah mais
|c|☆mitaiken horizon|en plus jai pas de rocks
|c|☆ULTBG7V Zoom zoom|mdrrr
|
|t:|1621863687
|move|p1a: Ho-Oh|Defog|p2a: Toxapex
|-unboost|p2a: Toxapex|evasion|1
|-sideend|p1: ULTBG7V Zoom zoom|Stealth Rock|[from] move: Defog|[of] p1a: Ho-Oh
|move|p2a: Toxapex|Toxic Spikes|p1a: Ho-Oh
|-sidestart|p1: ULTBG7V Zoom zoom|move: Toxic Spikes
|
|upkeep
|turn|11
|
|t:|1621863691
|switch|p2a: Zygarde|Zygarde|100/100
|move|p1a: Ho-Oh|Sacred Fire|p2a: Zygarde
|-resisted|p2a: Zygarde
|-damage|p2a: Zygarde|89/100
|
|-heal|p2a: Zygarde|95/100|[from] item: Leftovers
|upkeep
|turn|12
|
|t:|1621863695
|move|p2a: Zygarde|Glare|p1a: Ho-Oh
|-status|p1a: Ho-Oh|par
|move|p1a: Ho-Oh|Defog|p2a: Zygarde
|-unboost|p2a: Zygarde|evasion|1
|-sideend|p1: ULTBG7V Zoom zoom|Toxic Spikes|[from] move: Defog|[of] p1a: Ho-Oh
|
|-heal|p2a: Zygarde|100/100|[from] item: Leftovers
|upkeep
|turn|13
|
|t:|1621863698
|switch|p2a: Toxapex|Toxapex, M|99/100
|switch|p1a: Yveltal|Yveltal|84/100
|-ability|p1a: Yveltal|Dark Aura
|
|upkeep
|turn|14
|
|t:|1621863704
|switch|p1a: Calyrex|Calyrex-Shadow|100/100
|-ability|p1a: Calyrex|As One
|-ability|p1a: Calyrex|Unnerve
|move|p2a: Toxapex|Toxic Spikes|p1a: Calyrex
|-sidestart|p1: ULTBG7V Zoom zoom|move: Toxic Spikes
|
|upkeep
|turn|15
|
|t:|1621863706
|switch|p2a: Yveltal|Yveltal|100/100
|-ability|p2a: Yveltal|Dark Aura
|move|p1a: Calyrex|Trick|p2a: Yveltal
|-activate|p1a: Calyrex|move: Trick|[of] p2a: Yveltal
|-item|p2a: Yveltal|Choice Specs|[from] move: Trick
|-item|p1a: Calyrex|Heavy-Duty Boots|[from] move: Trick
|
|upkeep
|turn|16
|
|t:|1621863710
|switch|p1a: Yveltal|Yveltal|84/100
|-ability|p1a: Yveltal|Dark Aura
|move|p2a: Yveltal|Foul Play|p1a: Yveltal
|-resisted|p1a: Yveltal
|-damage|p1a: Yveltal|60/100
|
|upkeep
|turn|17
|
|t:|1621863714
|switch|p2a: Toxapex|Toxapex, M|100/100
|move|p1a: Yveltal|Roost|p1a: Yveltal
|-heal|p1a: Yveltal|100/100
|-singleturn|p1a: Yveltal|move: Roost
|
|upkeep
|turn|18
|
|t:|1621863718
|switch|p1a: Ho-Oh|Ho-Oh|100/100 par
|move|p2a: Toxapex|Scald|p1a: Ho-Oh
|-supereffective|p1a: Ho-Oh
|-damage|p1a: Ho-Oh|83/100 par
|
|upkeep
|turn|19
|
|t:|1621863720
|move|p1a: Ho-Oh|Defog|p2a: Toxapex
|-unboost|p2a: Toxapex|evasion|1
|-sideend|p1: ULTBG7V Zoom zoom|Toxic Spikes|[from] move: Defog|[of] p1a: Ho-Oh
|move|p2a: Toxapex|Knock Off|p1a: Ho-Oh
|-damage|p1a: Ho-Oh|74/100 par
|-enditem|p1a: Ho-Oh|Heavy-Duty Boots|[from] move: Knock Off|[of] p2a: Toxapex
|
|upkeep
|turn|20
|
|t:|1621863728
|switch|p1a: Ditto|Ditto|100/100
|-transform|p1a: Ditto|p2a: Toxapex|[from] ability: Imposter
|move|p2a: Toxapex|Toxic Spikes|p1a: Ditto
|-sidestart|p1: ULTBG7V Zoom zoom|move: Toxic Spikes
|
|upkeep
|turn|21
|
|t:|1621863734
|switch|p2a: Ho-Oh|Ho-Oh|100/100
|move|p1a: Ditto|Knock Off|p2a: Ho-Oh
|-damage|p2a: Ho-Oh|91/100
|-enditem|p2a: Ho-Oh|Heavy-Duty Boots|[from] move: Knock Off|[of] p1a: Ditto
|
|upkeep
|turn|22
|
|t:|1621863738
|switch|p2a: Yveltal|Yveltal|100/100
|-ability|p2a: Yveltal|Dark Aura
|switch|p1a: Ho-Oh|Ho-Oh|100/100 par
|
|upkeep
|turn|23
|
|t:|1621863741
|switch|p2a: Toxapex|Toxapex, M|100/100
|move|p1a: Ho-Oh|Sacred Fire|p2a: Toxapex
|-resisted|p2a: Toxapex
|-damage|p2a: Toxapex|89/100
|-status|p2a: Toxapex|brn
|
|-damage|p2a: Toxapex|82/100 brn|[from] brn
|upkeep
|turn|24
|
|t:|1621863746
|switch|p2a: Ho-Oh|Ho-Oh|100/100
|move|p1a: Ho-Oh|Defog|p2a: Ho-Oh
|-unboost|p2a: Ho-Oh|evasion|1
|-sideend|p1: ULTBG7V Zoom zoom|Toxic Spikes|[from] move: Defog|[of] p1a: Ho-Oh
|
|upkeep
|turn|25
|c|☆ULTBG7V Zoom zoom|att att
|c|☆ULTBG7V Zoom zoom|mais t'as pas de cleric
|c|☆mitaiken horizon|oui
|
|t:|1621863761
|switch|p2a: Toxapex|Toxapex, M|100/100 brn
|move|p1a: Ho-Oh|Brave Bird|p2a: Toxapex
|-crit|p2a: Toxapex
|-damage|p2a: Toxapex|54/100 brn
|-damage|p1a: Ho-Oh|89/100 par|[from] Recoil
|
|-damage|p2a: Toxapex|48/100 brn|[from] brn
|upkeep
|turn|26
|c|☆ULTBG7V Zoom zoom|sympa
|
|t:|1621863768
|switch|p1a: Ditto|Ditto|100/100
|-transform|p1a: Ditto|p2a: Toxapex|[from] ability: Imposter
|switch|p2a: Ho-Oh|Ho-Oh|100/100
|
|upkeep
|turn|27
|
|t:|1621863777
|switch|p2a: Toxapex|Toxapex, M|81/100 brn
|move|p1a: Ditto|Toxic Spikes|p2a: Toxapex
|-sidestart|p2: mitaiken horizon|move: Toxic Spikes
|
|-damage|p2a: Toxapex|75/100 brn|[from] brn
|upkeep
|turn|28
|
|t:|1621863783
|switch|p1a: Yveltal|Yveltal|100/100
|-ability|p1a: Yveltal|Dark Aura
|switch|p2a: Ho-Oh|Ho-Oh|100/100
|
|upkeep
|turn|29
|
|t:|1621863792
|switch|p2a: Toxapex|Toxapex, M|100/100 brn
|-sideend|p2: mitaiken horizon|move: Toxic Spikes|[of] p2a: Toxapex
|move|p1a: Yveltal|Foul Play|p2a: Toxapex
|-damage|p2a: Toxapex|85/100 brn
|
|-damage|p2a: Toxapex|79/100 brn|[from] brn
|upkeep
|turn|30
|
|t:|1621863796
|switch|p2a: Ho-Oh|Ho-Oh|100/100
|move|p1a: Yveltal|Taunt|p2a: Ho-Oh
|-start|p2a: Ho-Oh|move: Taunt
|
|upkeep
|turn|31
|c|☆mitaiken horizon|dans 500 tours
|
|t:|1621863802
|switch|p1a: Ho-Oh|Ho-Oh|100/100 par
|switch|p2a: Toxapex|Toxapex, M|100/100 brn
|
|-damage|p2a: Toxapex|94/100 brn|[from] brn
|upkeep
|turn|32
|c|☆ULTBG7V Zoom zoom|oh pitié
|c|☆ULTBG7V Zoom zoom|fais pas ça
|c|☆ULTBG7V Zoom zoom|j'ai un ladd tour
|
|t:|1621863815
|switch|p1a: Yveltal|Yveltal|100/100
|-ability|p1a: Yveltal|Dark Aura
|move|p2a: Toxapex|Toxic Spikes|p1a: Yveltal
|-sidestart|p1: ULTBG7V Zoom zoom|move: Toxic Spikes
|
|-damage|p2a: Toxapex|88/100 brn|[from] brn
|upkeep
|turn|33
|
|t:|1621863821
|move|p1a: Yveltal|Knock Off|p2a: Toxapex
|-damage|p2a: Toxapex|65/100 brn
|move|p2a: Toxapex|Knock Off|p1a: Yveltal
|-resisted|p1a: Yveltal
|-damage|p1a: Yveltal|97/100
|-enditem|p1a: Yveltal|Heavy-Duty Boots|[from] move: Knock Off|[of] p2a: Toxapex
|
|-damage|p2a: Toxapex|59/100 brn|[from] brn
|upkeep
|turn|34
|
|t:|1621863825
|switch|p2a: Ho-Oh|Ho-Oh|100/100
|move|p1a: Yveltal|Taunt|p2a: Ho-Oh
|-start|p2a: Ho-Oh|move: Taunt
|
|upkeep
|turn|35
|
|t:|1621863827
|switch|p2a: Toxapex|Toxapex, M|92/100 brn
|move|p1a: Yveltal|Foul Play|p2a: Toxapex
|-damage|p2a: Toxapex|77/100 brn
|
|-damage|p2a: Toxapex|71/100 brn|[from] brn
|upkeep
|turn|36
|
|t:|1621863829
|switch|p2a: Ho-Oh|Ho-Oh|100/100
|move|p1a: Yveltal|Knock Off|p2a: Ho-Oh
|-damage|p2a: Ho-Oh|76/100
|
|upkeep
|turn|37
|
|t:|1621863832
|switch|p1a: Ho-Oh|Ho-Oh|100/100 par
|switch|p2a: Toxapex|Toxapex, M|100/100 brn
|
|-damage|p2a: Toxapex|94/100 brn|[from] brn
|upkeep
|turn|38
|
|t:|1621863839
|switch|p2a: Ho-Oh|Ho-Oh|100/100
|move|p1a: Ho-Oh|Brave Bird|p2a: Ho-Oh
|-damage|p2a: Ho-Oh|67/100
|-damage|p1a: Ho-Oh|89/100 par|[from] Recoil
|
|upkeep
|turn|39
|c|☆ULTBG7V Zoom zoom|mais vraiment en +
|
|t:|1621863844
|switch|p2a: Toxapex|Toxapex, M|100/100 brn
|move|p1a: Ho-Oh|Defog|p2a: Toxapex
|-unboost|p2a: Toxapex|evasion|1
|-sideend|p1: ULTBG7V Zoom zoom|Toxic Spikes|[from] move: Defog|[of] p1a: Ho-Oh
|
|-damage|p2a: Toxapex|94/100 brn|[from] brn
|upkeep
|turn|40
|
|t:|1621863849
|switch|p1a: Ditto|Ditto|100/100
|-transform|p1a: Ditto|p2a: Toxapex|[from] ability: Imposter
|move|p2a: Toxapex|Toxic Spikes|p1a: Ditto
|-sidestart|p1: ULTBG7V Zoom zoom|move: Toxic Spikes
|
|-damage|p2a: Toxapex|88/100 brn|[from] brn
|upkeep
|turn|41
|
|t:|1621863851
|switch|p2a: Ho-Oh|Ho-Oh|99/100
|move|p1a: Ditto|Scald|p2a: Ho-Oh
|-supereffective|p2a: Ho-Oh
|-damage|p2a: Ho-Oh|82/100
|
|upkeep
|turn|42
|
|t:|1621863854
|switch|p2a: Toxapex|Toxapex, M|100/100 brn
|switch|p1a: Ho-Oh|Ho-Oh|100/100 par
|
|-damage|p2a: Toxapex|94/100 brn|[from] brn
|upkeep
|turn|43
|
|t:|1621863856
|switch|p1a: Necrozma|Necrozma-Dusk-Mane|83/100 par
|switch|p2a: Ho-Oh|Ho-Oh|100/100
|
|upkeep
|turn|44
|
|t:|1621863858
|switch|p2a: Xatu|Xatu, F|100/100
|switch|p1a: Ho-Oh|Ho-Oh|100/100 par
|
|upkeep
|turn|45
|
|t:|1621863864
|switch|p2a: Zygarde|Zygarde|100/100
|move|p1a: Ho-Oh|Brave Bird|p2a: Zygarde
|-damage|p2a: Zygarde|75/100
|-damage|p1a: Ho-Oh|92/100 par|[from] Recoil
|
|-heal|p2a: Zygarde|81/100|[from] item: Leftovers
|upkeep
|turn|46
|
|t:|1621863867
|move|p2a: Zygarde|Coil|p2a: Zygarde
|-boost|p2a: Zygarde|atk|1
|-boost|p2a: Zygarde|def|1
|-boost|p2a: Zygarde|accuracy|1
|move|p1a: Ho-Oh|Defog|p2a: Zygarde
|-unboost|p2a: Zygarde|evasion|1
|-sideend|p1: ULTBG7V Zoom zoom|Toxic Spikes|[from] move: Defog|[of] p1a: Ho-Oh
|
|-heal|p2a: Zygarde|88/100|[from] item: Leftovers
|upkeep
|turn|47
|j| im dumb srly
|
|t:|1621863870
|switch|p1a: Yveltal|Yveltal|97/100
|-ability|p1a: Yveltal|Dark Aura
|move|p2a: Zygarde|Thousand Arrows|p1a: Yveltal
|-damage|p1a: Yveltal|62/100
|-start|p1a: Yveltal|Smack Down
|
|-heal|p2a: Zygarde|94/100|[from] item: Leftovers
|upkeep
|turn|48
|c|☆mitaiken horizon|gé capté
|
|t:|1621863877
|switch|p2a: Toxapex|Toxapex, M|100/100 brn
|move|p1a: Yveltal|Knock Off|p2a: Toxapex
|-damage|p2a: Toxapex|77/100 brn
|
|-damage|p2a: Toxapex|71/100 brn|[from] brn
|upkeep
|turn|49
|
|t:|1621863881
|switch|p2a: Ho-Oh|Ho-Oh|100/100
|move|p1a: Yveltal|Knock Off|p2a: Ho-Oh
|-damage|p2a: Ho-Oh|76/100
|
|upkeep
|turn|50
|l| im dumb srly
|
|t:|1621863884
|switch|p1a: Ho-Oh|Ho-Oh|100/100 par
|switch|p2a: Toxapex|Toxapex, M|100/100 brn
|
|-damage|p2a: Toxapex|94/100 brn|[from] brn
|upkeep
|turn|51
|
|t:|1621863887
|switch|p1a: Necrozma|Necrozma-Dusk-Mane|83/100 par
|move|p2a: Toxapex|Toxic Spikes|p1a: Necrozma
|-sidestart|p1: ULTBG7V Zoom zoom|move: Toxic Spikes
|
|-damage|p2a: Toxapex|88/100 brn|[from] brn
|upkeep
|turn|52
|
|t:|1621863890
|switch|p2a: Xatu|Xatu, F|100/100
|cant|p1a: Necrozma|par
|
|upkeep
|turn|53
|
|t:|1621863893
|move|p2a: Xatu|Night Shade|p1a: Necrozma
|-damage|p1a: Necrozma|58/100 par
|move|p1a: Necrozma|Sunsteel Strike|p2a: Xatu
|-damage|p2a: Xatu|55/100
|-damage|p1a: Necrozma|42/100 par|[from] item: Rocky Helmet|[of] p2a: Xatu
|
|upkeep
|turn|54
|
|t:|1621863896
|move|p2a: Xatu|Roost|p2a: Xatu
|-heal|p2a: Xatu|100/100
|-singleturn|p2a: Xatu|move: Roost
|cant|p1a: Necrozma|par
|
|upkeep
|turn|55
|
|t:|1621863898
|move|p2a: Xatu|Night Shade|p1a: Necrozma
|-damage|p1a: Necrozma|16/100 par
|move|p1a: Necrozma|Morning Sun|p1a: Necrozma
|-heal|p1a: Necrozma|66/100 par
|
|upkeep
|turn|56
|
|t:|1621863900
|move|p2a: Xatu|Night Shade|p1a: Necrozma
|-damage|p1a: Necrozma|41/100 par
|move|p1a: Necrozma|Morning Sun|p1a: Necrozma
|-heal|p1a: Necrozma|91/100 par
|
|upkeep
|turn|57
|
|t:|1621863903
|switch|p1a: Blissey|Blissey, F|100/100
|-status|p1a: Blissey|psn
|move|p2a: Xatu|Night Shade|p1a: Blissey
|-immune|p1a: Blissey
|
|-damage|p1a: Blissey|88/100 psn|[from] psn
|upkeep
|turn|58
|
|t:|1621863911
|move|p1a: Blissey|Seismic Toss|p2a: Xatu
|-damage|p2a: Xatu|71/100
|-damage|p1a: Blissey|72/100 psn|[from] item: Rocky Helmet|[of] p2a: Xatu
|move|p2a: Xatu|Teleport|p2a: Xatu
|
|t:|1621863916
|switch|p2a: Zygarde|Zygarde|94/100|[from]move: Teleport
|
|-heal|p2a: Zygarde|99/100|[from] item: Leftovers
|-damage|p1a: Blissey|59/100 psn|[from] psn
|upkeep
|turn|59
|
|t:|1621863920
|switch|p1a: Necrozma|Necrozma-Dusk-Mane|91/100 par
|move|p2a: Zygarde|Coil|p2a: Zygarde
|-boost|p2a: Zygarde|atk|1
|-boost|p2a: Zygarde|def|1
|-boost|p2a: Zygarde|accuracy|1
|
|-heal|p2a: Zygarde|100/100|[from] item: Leftovers
|upkeep
|turn|60
|
|t:|1621863922
|switch|p2a: Xatu|Xatu, F|71/100
|cant|p1a: Necrozma|par
|
|upkeep
|turn|61
|
|t:|1621863926
|switch|p1a: Ho-Oh|Ho-Oh|100/100 par
|move|p2a: Xatu|Night Shade|p1a: Ho-Oh
|-damage|p1a: Ho-Oh|76/100 par
|
|upkeep
|turn|62
|
|t:|1621863930
|switch|p2a: Toxapex|Toxapex, M|100/100 brn
|switch|p1a: Blissey|Blissey, F|59/100
|-status|p1a: Blissey|psn
|
|-damage|p1a: Blissey|47/100 psn|[from] psn
|-damage|p2a: Toxapex|94/100 brn|[from] brn
|upkeep
|turn|63
|
|t:|1621863935
|switch|p2a: Xatu|Xatu, F|71/100
|move|p1a: Blissey|Soft-Boiled|p1a: Blissey
|-heal|p1a: Blissey|97/100 psn
|
|-damage|p1a: Blissey|84/100 psn|[from] psn
|upkeep
|turn|64
|c|☆ULTBG7V Zoom zoom|'fin
|c|☆ULTBG7V Zoom zoom|tu veux vraiment
|c|☆ULTBG7V Zoom zoom|faire ça
|c|☆ULTBG7V Zoom zoom|alors qu'il y a un ladd tour
|c|☆mitaiken horizon|jpeux rien faire dautre
|c|☆ULTBG7V Zoom zoom|et que tu m snipes
|c|☆ULTBG7V Zoom zoom|'fin
|
|t:|1621863958
|switch|p2a: Zygarde|Zygarde|100/100
|-curestatus|p1a: Blissey|psn|[from] ability: Natural Cure
|switch|p1a: Ho-Oh|Ho-Oh|100/100 par
|
|upkeep
|turn|65
|
|t:|1621863962
|switch|p2a: Toxapex|Toxapex, M|100/100 brn
|switch|p1a: Necrozma|Necrozma-Dusk-Mane|91/100 par
|
|-damage|p2a: Toxapex|94/100 brn|[from] brn
|upkeep
|turn|66
|
|t:|1621863969
|switch|p2a: Xatu|Xatu, F|71/100
|switch|p1a: Calyrex|Calyrex-Shadow|100/100
|-ability|p1a: Calyrex|As One
|-ability|p1a: Calyrex|Unnerve
|
|upkeep
|turn|67
|
|t:|1621863973
|switch|p2a: Yveltal|Yveltal|100/100
|-ability|p2a: Yveltal|Dark Aura
|move|p1a: Calyrex|Aromatherapy|p1a: Calyrex
|-activate|p1a: Calyrex|move: Aromatherapy
|-curestatus|p1: Necrozma|par|[msg]
|-curestatus|p1: Ho-Oh|par|[msg]
|
|upkeep
|turn|68
|
|t:|1621863977
|switch|p1a: Ho-Oh|Ho-Oh|100/100
|move|p2a: Yveltal|Foul Play|p1a: Ho-Oh
|-damage|p1a: Ho-Oh|63/100
|
|upkeep
|turn|69
|
|t:|1621863998
|switch|p2a: Toxapex|Toxapex, M|100/100 brn
|move|p1a: Ho-Oh|Brave Bird|p2a: Toxapex
|-damage|p2a: Toxapex|70/100 brn
|-damage|p1a: Ho-Oh|55/100|[from] Recoil
|
|-damage|p2a: Toxapex|64/100 brn|[from] brn
|upkeep
|turn|70
|
|t:|1621864003
|switch|p2a: Ho-Oh|Ho-Oh|100/100
|move|p1a: Ho-Oh|Brave Bird|p2a: Ho-Oh
|-damage|p2a: Ho-Oh|69/100
|-damage|p1a: Ho-Oh|45/100|[from] Recoil
|
|upkeep
|turn|71
|
|t:|1621864006
|move|p1a: Ho-Oh|Recover|p1a: Ho-Oh
|-heal|p1a: Ho-Oh|95/100
|move|p2a: Ho-Oh|Toxic|p1a: Ho-Oh
|-status|p1a: Ho-Oh|tox
|
|-damage|p1a: Ho-Oh|89/100 tox|[from] psn
|upkeep
|turn|72
|c|☆ULTBG7V Zoom zoom|'fin viens tu fais autre chose nan ?
|c|☆ULTBG7V Zoom zoom|à la place de stall
|c|☆ULTBG7V Zoom zoom|en ladd
|
|t:|1621864027
|switch|p1a: Necrozma|Necrozma-Dusk-Mane|91/100
|switch|p2a: Toxapex|Toxapex, M|97/100 brn
|
|-damage|p2a: Toxapex|91/100 brn|[from] brn
|upkeep
|turn|73
|c|☆mitaiken horizon|mais elle est eco + ma stall
|c|☆mitaiken horizon|stall du bled
|c|☆ULTBG7V Zoom zoom|mais même ptn
|
|t:|1621864040
|switch|p1a: Calyrex|Calyrex-Shadow|100/100
|-ability|p1a: Calyrex|As One
|-ability|p1a: Calyrex|Unnerve
|switch|p2a: Xatu|Xatu, F|71/100
|
|upkeep
|turn|74
|
|t:|1621864043
|switch|p2a: Yveltal|Yveltal|100/100
|-ability|p2a: Yveltal|Dark Aura
|move|p1a: Calyrex|Astral Barrage|p2a: Yveltal
|-resisted|p2a: Yveltal
|-damage|p2a: Yveltal|73/100
|
|upkeep
|turn|75
|
|t:|1621864046
|switch|p1a: Ho-Oh|Ho-Oh|100/100 tox
|move|p2a: Yveltal|Roost|p2a: Yveltal
|-heal|p2a: Yveltal|100/100
|-singleturn|p2a: Yveltal|move: Roost
|
|-damage|p1a: Ho-Oh|94/100 tox|[from] psn
|upkeep
|turn|76
|
|t:|1621864056
|switch|p2a: Toxapex|Toxapex, M|100/100 brn
|switch|p1a: Necrozma|Necrozma-Dusk-Mane|91/100
|
|-damage|p2a: Toxapex|94/100 brn|[from] brn
|upkeep
|turn|77
|c|☆ULTBG7V Zoom zoom|là c'est juste trop chiant
|
|t:|1621864070
|switch|p1a: Ho-Oh|Ho-Oh|100/100 tox
|switch|p2a: Xatu|Xatu, F|71/100
|
|-damage|p1a: Ho-Oh|94/100 tox|[from] psn
|upkeep
|turn|78
|
|t:|1621864073
|switch|p2a: Toxapex|Toxapex, M|100/100 brn
|move|p1a: Ho-Oh|Sacred Fire|p2a: Toxapex
|-resisted|p2a: Toxapex
|-damage|p2a: Toxapex|88/100 brn
|
|-damage|p1a: Ho-Oh|82/100 tox|[from] psn
|-damage|p2a: Toxapex|81/100 brn|[from] brn
|upkeep
|turn|79
|
|t:|1621864077
|switch|p1a: Necrozma|Necrozma-Dusk-Mane|91/100
|switch|p2a: Ho-Oh|Ho-Oh|100/100
|
|upkeep
|turn|80
|
|t:|1621864090
|switch|p2a: Xatu|Xatu, F|71/100
|move|p1a: Necrozma|Sunsteel Strike|p2a: Xatu
|-damage|p2a: Xatu|19/100
|-damage|p1a: Necrozma|74/100|[from] item: Rocky Helmet|[of] p2a: Xatu
|
|upkeep
|turn|81
|
|t:|1621864094
|move|p2a: Xatu|Roost|p2a: Xatu
|-heal|p2a: Xatu|69/100
|-singleturn|p2a: Xatu|move: Roost
|move|p1a: Necrozma|Sunsteel Strike|p2a: Xatu
|-damage|p2a: Xatu|23/100
|-damage|p1a: Necrozma|58/100|[from] item: Rocky Helmet|[of] p2a: Xatu
|
|upkeep
|turn|82
|
|t:|1621864095
|move|p2a: Xatu|Roost|p2a: Xatu
|-heal|p2a: Xatu|73/100
|-singleturn|p2a: Xatu|move: Roost
|move|p1a: Necrozma|Sunsteel Strike|p2a: Xatu
|-damage|p2a: Xatu|28/100
|-damage|p1a: Necrozma|41/100|[from] item: Rocky Helmet|[of] p2a: Xatu
|
|upkeep
|turn|83
|
|t:|1621864098
|move|p2a: Xatu|Roost|p2a: Xatu
|-heal|p2a: Xatu|78/100
|-singleturn|p2a: Xatu|move: Roost
|move|p1a: Necrozma|Sunsteel Strike|p2a: Xatu
|-damage|p2a: Xatu|30/100
|-damage|p1a: Necrozma|24/100|[from] item: Rocky Helmet|[of] p2a: Xatu
|
|upkeep
|turn|84
|
|t:|1621864101
|move|p2a: Xatu|Roost|p2a: Xatu
|-heal|p2a: Xatu|80/100
|-singleturn|p2a: Xatu|move: Roost
|move|p1a: Necrozma|Sunsteel Strike|p2a: Xatu
|-damage|p2a: Xatu|33/100
|-damage|p1a: Necrozma|8/100|[from] item: Rocky Helmet|[of] p2a: Xatu
|
|upkeep
|turn|85
|
|t:|1621864104
|move|p2a: Xatu|Roost|p2a: Xatu
|-heal|p2a: Xatu|83/100
|-singleturn|p2a: Xatu|move: Roost
|move|p1a: Necrozma|Morning Sun|p1a: Necrozma
|-heal|p1a: Necrozma|58/100
|
|upkeep
|turn|86
|
|t:|1621864106
|move|p2a: Xatu|Thunder Wave|p1a: Necrozma
|-status|p1a: Necrozma|par
|move|p1a: Necrozma|Morning Sun|p1a: Necrozma
|-heal|p1a: Necrozma|100/100 par
|
|upkeep
|turn|87
|c|☆ULTBG7V Zoom zoom|bah j'aurais pas crit
|c|☆ULTBG7V Zoom zoom|merci bien hein
|
|t:|1621864117
|move|p2a: Xatu|Night Shade|p1a: Necrozma
|-damage|p1a: Necrozma|75/100 par
|cant|p1a: Necrozma|par
|
|upkeep
|turn|88
|
|t:|1621864119
|move|p2a: Xatu|Night Shade|p1a: Necrozma
|-damage|p1a: Necrozma|50/100 par
|move|p1a: Necrozma|Morning Sun|p1a: Necrozma
|-heal|p1a: Necrozma|99/100 par
|
|upkeep
|turn|89
|j|+Staxi
|
|t:|1621864122
|move|p2a: Xatu|Night Shade|p1a: Necrozma
|-damage|p1a: Necrozma|75/100 par
|move|p1a: Necrozma|Dragon Pulse|p2a: Xatu
|-damage|p2a: Xatu|53/100
|
|upkeep
|turn|90
|
|t:|1621864125
|move|p2a: Xatu|Roost|p2a: Xatu
|-heal|p2a: Xatu|100/100
|-singleturn|p2a: Xatu|move: Roost
|move|p1a: Necrozma|Dragon Pulse|p2a: Xatu
|-damage|p2a: Xatu|70/100
|
|upkeep
|turn|91
|c|☆ULTBG7V Zoom zoom|tu dégoûtes
|c|☆ULTBG7V Zoom zoom|vraiment
|
|t:|1621864133
|move|p2a: Xatu|Night Shade|p1a: Necrozma
|-damage|p1a: Necrozma|50/100 par
|move|p1a: Necrozma|Dragon Pulse|p2a: Xatu
|-damage|p2a: Xatu|39/100
|
|upkeep
|turn|92
|
|t:|1621864135
|move|p2a: Xatu|Roost|p2a: Xatu
|-heal|p2a: Xatu|89/100
|-singleturn|p2a: Xatu|move: Roost
|cant|p1a: Necrozma|par
|
|upkeep
|turn|93
|
|t:|1621864137
|move|p2a: Xatu|Night Shade|p1a: Necrozma
|-damage|p1a: Necrozma|24/100 par
|cant|p1a: Necrozma|par
|
|upkeep
|turn|94
|c|+Staxi|c'est shuri?
|
|t:|1621864139
|move|p2a: Xatu|Night Shade|p1a: Necrozma
|-damage|p1a: Necrozma|0 fnt
|faint|p1a: Necrozma
|
|upkeep
|c|☆ULTBG7V Zoom zoom|oui
|c|☆ULTBG7V Zoom zoom|il me snipe
|c|☆ULTBG7V Zoom zoom|et me stall
|
|t:|1621864148
|switch|p1a: Ho-Oh|Ho-Oh|100/100 tox
|turn|95
|c|☆ULTBG7V Zoom zoom|ptn
|c|☆ULTBG7V Zoom zoom|de merde
|
|t:|1621864158
|switch|p2a: Toxapex|Toxapex, M|100/100 brn
|move|p1a: Ho-Oh|Brave Bird|p2a: Toxapex
|-damage|p2a: Toxapex|70/100 brn
|-damage|p1a: Ho-Oh|93/100 tox|[from] Recoil
|
|-damage|p1a: Ho-Oh|87/100 tox|[from] psn
|-damage|p2a: Toxapex|64/100 brn|[from] brn
|upkeep
|turn|96
|
|t:|1621864161
|switch|p2a: Ho-Oh|Ho-Oh|100/100
|move|p1a: Ho-Oh|Brave Bird|p2a: Ho-Oh
|-damage|p2a: Ho-Oh|67/100
|-damage|p1a: Ho-Oh|76/100 tox|[from] Recoil
|
|-damage|p1a: Ho-Oh|64/100 tox|[from] psn
|upkeep
|turn|97
|
|t:|1621864163
|switch|p2a: Toxapex|Toxapex, M|97/100 brn
|move|p1a: Ho-Oh|Brave Bird|p2a: Toxapex
|-damage|p2a: Toxapex|64/100 brn
|-damage|p1a: Ho-Oh|56/100 tox|[from] Recoil
|
|-damage|p1a: Ho-Oh|38/100 tox|[from] psn
|-damage|p2a: Toxapex|58/100 brn|[from] brn
|upkeep
|turn|98
|
|t:|1621864167
|switch|p2a: Ho-Oh|Ho-Oh|99/100
|move|p1a: Ho-Oh|Brave Bird|p2a: Ho-Oh
|-damage|p2a: Ho-Oh|64/100
|-damage|p1a: Ho-Oh|26/100 tox|[from] Recoil
|
|-damage|p1a: Ho-Oh|1/100 tox|[from] psn
|upkeep
|turn|99
|j| Side Streets
|
|t:|1621864176
|switch|p2a: Toxapex|Toxapex, M|91/100 brn
|move|p1a: Ho-Oh|Recover|p1a: Ho-Oh
|-heal|p1a: Ho-Oh|52/100 tox
|
|-damage|p1a: Ho-Oh|21/100 tox|[from] psn
|-damage|p2a: Toxapex|85/100 brn|[from] brn
|upkeep
|turn|100
|
|t:|1621864179
|switch|p2a: Ho-Oh|Ho-Oh|97/100
|move|p1a: Ho-Oh|Recover|p1a: Ho-Oh
|-heal|p1a: Ho-Oh|72/100 tox
|
|-damage|p1a: Ho-Oh|35/100 tox|[from] psn
|upkeep
|turn|101
|
|t:|1621864181
|switch|p1a: Yveltal|Yveltal|62/100
|-ability|p1a: Yveltal|Dark Aura
|switch|p2a: Toxapex|Toxapex, M|100/100 brn
|
|-damage|p2a: Toxapex|94/100 brn|[from] brn
|upkeep
|turn|102
|
|t:|1621864187
|switch|p1a: Ho-Oh|Ho-Oh|69/100 tox
|move|p2a: Toxapex|Scald|p1a: Ho-Oh
|-supereffective|p1a: Ho-Oh
|-damage|p1a: Ho-Oh|49/100 tox
|
|-damage|p1a: Ho-Oh|43/100 tox|[from] psn
|-damage|p2a: Toxapex|88/100 brn|[from] brn
|upkeep
|turn|103
|
|t:|1621864193
|switch|p2a: Ho-Oh|Ho-Oh|100/100
|move|p1a: Ho-Oh|Defog|p2a: Ho-Oh
|-unboost|p2a: Ho-Oh|evasion|1
|-sideend|p1: ULTBG7V Zoom zoom|Toxic Spikes|[from] move: Defog|[of] p1a: Ho-Oh
|
|-damage|p1a: Ho-Oh|31/100 tox|[from] psn
|upkeep
|turn|104
|c| Side Streets|Ah ouais
|
|t:|1621864198
|switch|p1a: Yveltal|Yveltal|62/100
|-ability|p1a: Yveltal|Dark Aura
|switch|p2a: Toxapex|Toxapex, M|100/100 brn
|
|-damage|p2a: Toxapex|94/100 brn|[from] brn
|upkeep
|turn|105
|c| Side Streets|ca joue des recovers hoho
|c| Side Streets|Ca rigole plus
|
|t:|1621864206
|switch|p1a: Ho-Oh|Ho-Oh|65/100 tox
|move|p2a: Toxapex|Toxic Spikes|p1a: Ho-Oh
|-sidestart|p1: ULTBG7V Zoom zoom|move: Toxic Spikes
|
|-damage|p1a: Ho-Oh|59/100 tox|[from] psn
|-damage|p2a: Toxapex|88/100 brn|[from] brn
|upkeep
|turn|106
|
|t:|1621864209
|switch|p2a: Ho-Oh|Ho-Oh|100/100
|move|p1a: Ho-Oh|Defog|p2a: Ho-Oh
|-unboost|p2a: Ho-Oh|evasion|1
|-sideend|p1: ULTBG7V Zoom zoom|Toxic Spikes|[from] move: Defog|[of] p1a: Ho-Oh
|
|-damage|p1a: Ho-Oh|47/100 tox|[from] psn
|upkeep
|turn|107
|
|t:|1621864213
|switch|p1a: Blissey|Blissey, F|84/100
|switch|p2a: Toxapex|Toxapex, M|100/100 brn
|
|-damage|p2a: Toxapex|94/100 brn|[from] brn
|upkeep
|turn|108
|
|t:|1621864216
|move|p1a: Blissey|Seismic Toss|p2a: Toxapex
|-damage|p2a: Toxapex|61/100 brn
|move|p2a: Toxapex|Toxic Spikes|p1a: Blissey
|-sidestart|p1: ULTBG7V Zoom zoom|move: Toxic Spikes
|
|-damage|p2a: Toxapex|55/100 brn|[from] brn
|upkeep
|turn|109
|
|t:|1621864221
|switch|p1a: Ho-Oh|Ho-Oh|80/100 tox
|switch|p2a: Ho-Oh|Ho-Oh|100/100
|
|-damage|p1a: Ho-Oh|74/100 tox|[from] psn
|upkeep
|turn|110
|c| Side Streets|Tu joues même aps band ho oh
|c|☆ULTBG7V Zoom zoom|bah non
|c| Side Streets|Tu déçois
|c|☆ULTBG7V Zoom zoom|mais je pensais pas me faire snipe
|
|t:|1621864236
|switch|p1a: Calyrex|Calyrex-Shadow|100/100
|-ability|p1a: Calyrex|As One
|-ability|p1a: Calyrex|Unnerve
|switch|p2a: Toxapex|Toxapex, M|88/100 brn
|
|-damage|p2a: Toxapex|82/100 brn|[from] brn
|upkeep
|turn|111
|c|☆ULTBG7V Zoom zoom|par un staller
|c|☆ULTBG7V Zoom zoom|PTN
|c| Side Streets|:v
|c| Side Streets|Staxi ça va
|j| clozap9
|inactiveoff|Battle timer is now OFF.
|c|+Staxi|t'es qui
|c|☆mitaiken horizon|mais
|c| Side Streets|Aggressif
|c|☆mitaiken horizon|jai joué autre chose
|c|☆mitaiken horizon|tt a lheure
|c| Side Streets|molemole
|c| Side Streets|C quoi encore ton alt
|c| Side Streets|Eh gros
ULTBG7V Zoom zoom is offering a tie.
|c| Side Streets|Higehiro est sorti
|c|☆mitaiken horizon|jsp si c legit
|c|☆mitaiken horizon|de faire ça
|c| Side Streets|Tie...
|c|☆ULTBG7V Zoom zoom|idk
|c|☆ULTBG7V Zoom zoom|mais stp
|c| Side Streets|:vvvvv
|c|☆mitaiken horizon|jvais encore me faire infractionner
|c| Side Streets|Staxi c legit ou pas
|c| Side Streets|o_o
|c|+Staxi|j'en sais rien
|c|+Staxi|si le combat peut être giga long
|c|+Staxi|ig c acceptable
|c|☆mitaiken horizon|ben
|c|☆mitaiken horizon|je win avec tspikes
|c|☆mitaiken horizon|non?
|c| Side Streets|Eh tu casses la tete
|c| Side Streets|on sait pas fais comme tv
|c| Side Streets|O pire
|c|☆mitaiken horizon|deja jai casier judiciaire pas blanchi
|c| Side Streets|Ouais bientôt jte rejoins au hebs
|c| Side Streets|akhy
|j| Raph369
|c|☆ULTBG7V Zoom zoom|vraiment viens accepte
|c|☆ULTBG7V Zoom zoom|et on repart bons amis
|c| Side Streets|MDR
|c|☆ULTBG7V Zoom zoom|(si t'arrêtes de me snipe)
|c|+Staxi|mdrr
|c|☆mitaiken horizon|mais tt a lheure jpensais jouer rapide
|c|☆ULTBG7V Zoom zoom|je peux pas jouer demain
|c|☆mitaiken horizon|pr que tu win plus facile
|c| Side Streets|Raph369 que penses tu de cette situation délicate
|l| clozap9
|c|☆ULTBG7V Zoom zoom|de ce soir 21h
|c|☆mitaiken horizon|mais jai win qd mm
|c|☆ULTBG7V Zoom zoom|à 18h
|c|☆ULTBG7V Zoom zoom|(la deadline)
|c|☆ULTBG7V Zoom zoom|non mais j'ai pas win
|c|☆ULTBG7V Zoom zoom|parce que je clique
|c|☆ULTBG7V Zoom zoom|sur le ladd
|c| Raph369|je n'ai plus la compétence pour penser
|c|☆ULTBG7V Zoom zoom|et puis aussi
|c| Side Streets|O le cliquer
|c| Raph369|je l'ai perdu sur le ladd
|c|☆ULTBG7V Zoom zoom|parce que ça me saoule d'affronter stall
|inactive|Battle timer is ON: inactive players will automatically lose when time's up. (requested by mitaiken horizon)
|c| Side Streets|Mdrrrrr
|c|☆ULTBG7V Zoom zoom|alors que c'est un ladd tour
|c| Side Streets|Hard timer
|c| Side Streets|ouhhhhhhh
|c|☆ULTBG7V Zoom zoom|go tie
|inactive|ULTBG7V Zoom zoom has 120 seconds left.
|
|t:|1621864567
|switch|p2a: Yveltal|Yveltal|100/100
|-ability|p2a: Yveltal|Dark Aura
|move|p1a: Calyrex|Aromatherapy|p1a: Calyrex
|-activate|p1a: Calyrex|move: Aromatherapy
|-curestatus|p1: Ho-Oh|tox|[msg]
|
|upkeep
|turn|112
|c| Side Streets|j’aurais pas aimé..,
|
|t:|1621864574
|switch|p1a: Ho-Oh|Ho-Oh|100/100
|move|p2a: Yveltal|Foul Play|p1a: Ho-Oh
|-damage|p1a: Ho-Oh|62/100
|
|upkeep
|turn|113
|j| M117013
|c|☆ULTBG7V Zoom zoom|viens
|c|☆ULTBG7V Zoom zoom|tie
|inactive|ULTBG7V Zoom zoom has 120 seconds left.
|c|☆ULTBG7V Zoom zoom|mince
|
|t:|1621864596
|switch|p2a: Toxapex|Toxapex, M|100/100 brn
|move|p1a: Ho-Oh|Brave Bird|p2a: Toxapex
|-damage|p2a: Toxapex|67/100 brn
|-damage|p1a: Ho-Oh|54/100|[from] Recoil
|
|-damage|p2a: Toxapex|60/100 brn|[from] brn
|upkeep
|turn|114
|c| Side Streets|Je crois qu’il a fait son choix
|j| Sola&Luna⌐◼_◼@!
|
|t:|1621864600
|switch|p2a: Ho-Oh|Ho-Oh|100/100
|move|p1a: Ho-Oh|Recover|p1a: Ho-Oh
|-heal|p1a: Ho-Oh|100/100
|
|upkeep
|turn|115
|c|☆ULTBG7V Zoom zoom|super
|l| M117013
|
|t:|1621864616
|switch|p1a: Blissey|Blissey, F|84/100
|-status|p1a: Blissey|psn
|switch|p2a: Toxapex|Toxapex, M|94/100 brn
|
|-damage|p1a: Blissey|72/100 psn|[from] psn
|-damage|p2a: Toxapex|87/100 brn|[from] brn
|upkeep
|turn|116
|c|☆ULTBG7V Zoom zoom|je suis
|c|☆ULTBG7V Zoom zoom|ravie
|c|☆ULTBG7V Zoom zoom|ravi*
|
|t:|1621864635
|switch|p2a: Shedinja|Shedinja|100/100
|move|p1a: Blissey|Seismic Toss|p2a: Shedinja
|-immune|p2a: Shedinja|[from] ability: Wonder Guard
|
|-damage|p1a: Blissey|59/100 psn|[from] psn
|upkeep
|turn|117
|
|t:|1621864638
|switch|p2a: Toxapex|Toxapex, M|100/100 brn
|move|p1a: Blissey|Thunder Wave||[still]
|-fail|p1a: Blissey
|
|-damage|p1a: Blissey|47/100 psn|[from] psn
|-damage|p2a: Toxapex|94/100 brn|[from] brn
|upkeep
|turn|118
|
|t:|1621864640
|switch|p2a: Shedinja|Shedinja|100/100
|move|p1a: Blissey|Soft-Boiled|p1a: Blissey
|-heal|p1a: Blissey|97/100 psn
|
|-damage|p1a: Blissey|85/100 psn|[from] psn
|upkeep
|turn|119
|
|t:|1621864643
|switch|p2a: Toxapex|Toxapex, M|100/100 brn
|-curestatus|p1a: Blissey|psn|[from] ability: Natural Cure
|switch|p1a: Ho-Oh|Ho-Oh|100/100
|
|-damage|p2a: Toxapex|94/100 brn|[from] brn
|upkeep
|turn|120
|
|t:|1621864646
|switch|p1a: Yveltal|Yveltal|62/100
|-ability|p1a: Yveltal|Dark Aura
|switch|p2a: Ho-Oh|Ho-Oh|100/100
|
|upkeep
|turn|121
|
|t:|1621864650
|switch|p1a: Ho-Oh|Ho-Oh|100/100
|move|p2a: Ho-Oh|Toxic|p1a: Ho-Oh
|-status|p1a: Ho-Oh|tox
|
|-damage|p1a: Ho-Oh|94/100 tox|[from] psn
|upkeep
|turn|122
|
|t:|1621864653
|switch|p2a: Toxapex|Toxapex, M|100/100 brn
|move|p1a: Ho-Oh|Defog|p2a: Toxapex
|-unboost|p2a: Toxapex|evasion|1
|-sideend|p1: ULTBG7V Zoom zoom|Toxic Spikes|[from] move: Defog|[of] p1a: Ho-Oh
|
|-damage|p1a: Ho-Oh|82/100 tox|[from] psn
|-damage|p2a: Toxapex|94/100 brn|[from] brn
|upkeep
|turn|123
|
|t:|1621864657
|switch|p1a: Yveltal|Yveltal|62/100
|-ability|p1a: Yveltal|Dark Aura
|move|p2a: Toxapex|Toxic Spikes|p1a: Yveltal
|-sidestart|p1: ULTBG7V Zoom zoom|move: Toxic Spikes
|
|-damage|p2a: Toxapex|88/100 brn|[from] brn
|upkeep
|turn|124
|
|t:|1621864659
|switch|p2a: Ho-Oh|Ho-Oh|100/100
|move|p1a: Yveltal|Knock Off|p2a: Ho-Oh
|-crit|p2a: Ho-Oh
|-damage|p2a: Ho-Oh|61/100
|
|upkeep
|turn|125
|
|t:|1621864661
|switch|p2a: Toxapex|Toxapex, M|100/100 brn
|move|p1a: Yveltal|Foul Play|p2a: Toxapex
|-damage|p2a: Toxapex|83/100 brn
|
|-damage|p2a: Toxapex|76/100 brn|[from] brn
|upkeep
|turn|126
|
|t:|1621864664
|switch|p2a: Ho-Oh|Ho-Oh|94/100
|move|p1a: Yveltal|Foul Play|p2a: Ho-Oh
|-damage|p2a: Ho-Oh|62/100
|
|upkeep
|turn|127
|
|t:|1621864668
|switch|p2a: Toxapex|Toxapex, M|100/100 brn
|move|p1a: Yveltal|Knock Off|p2a: Toxapex
|-damage|p2a: Toxapex|79/100 brn
|
|-damage|p2a: Toxapex|73/100 brn|[from] brn
|upkeep
|turn|128
|
|t:|1621864670
|switch|p2a: Ho-Oh|Ho-Oh|95/100
|move|p1a: Yveltal|Foul Play|p2a: Ho-Oh
|-crit|p2a: Ho-Oh
|-damage|p2a: Ho-Oh|50/100
|
|upkeep
|turn|129
|
|t:|1621864674
|switch|p2a: Toxapex|Toxapex, M|100/100 brn
|move|p1a: Yveltal|Knock Off|p2a: Toxapex
|-damage|p2a: Toxapex|79/100 brn
|
|-damage|p2a: Toxapex|73/100 brn|[from] brn
|upkeep
|turn|130
|
|t:|1621864676
|switch|p2a: Ho-Oh|Ho-Oh|83/100
|move|p1a: Yveltal|Foul Play|p2a: Ho-Oh
|-damage|p2a: Ho-Oh|53/100
|
|upkeep
|turn|131
|
|t:|1621864679
|switch|p2a: Toxapex|Toxapex, M|100/100 brn
|move|p1a: Yveltal|Knock Off|p2a: Toxapex
|-damage|p2a: Toxapex|79/100 brn
|
|-damage|p2a: Toxapex|73/100 brn|[from] brn
|upkeep
|turn|132
|
|t:|1621864681
|move|p1a: Yveltal|Foul Play|p2a: Toxapex
|-damage|p2a: Toxapex|58/100 brn
|move|p2a: Toxapex|Scald|p1a: Yveltal
|-damage|p1a: Yveltal|49/100
|
|-damage|p2a: Toxapex|52/100 brn|[from] brn
|upkeep
|turn|133
|
|t:|1621864684
|switch|p2a: Ho-Oh|Ho-Oh|87/100
|move|p1a: Yveltal|Knock Off|p2a: Ho-Oh
|-damage|p2a: Ho-Oh|60/100
|
|upkeep
|turn|134
|
|t:|1621864686
|switch|p2a: Toxapex|Toxapex, M|85/100 brn
|move|p1a: Yveltal|Foul Play|p2a: Toxapex
|-damage|p2a: Toxapex|69/100 brn
|
|-damage|p2a: Toxapex|63/100 brn|[from] brn
|upkeep
|turn|135
|
|t:|1621864689
|move|p1a: Yveltal|Knock Off|p2a: Toxapex
|-damage|p2a: Toxapex|40/100 brn
|move|p2a: Toxapex|Scald|p1a: Yveltal
|-damage|p1a: Yveltal|37/100
|
|-damage|p2a: Toxapex|34/100 brn|[from] brn
|upkeep
|turn|136
|
|t:|1621864693
|switch|p2a: Ho-Oh|Ho-Oh|94/100
|move|p1a: Yveltal|Taunt|p2a: Ho-Oh
|-start|p2a: Ho-Oh|move: Taunt
|
|upkeep
|turn|137
|
|t:|1621864696
|move|p1a: Yveltal|Foul Play|p2a: Ho-Oh
|-damage|p2a: Ho-Oh|62/100
|move|p2a: Ho-Oh|Sacred Fire|p1a: Yveltal
|-crit|p1a: Yveltal
|-damage|p1a: Yveltal|0 fnt
|faint|p1a: Yveltal
|
|upkeep
|-message|ULTBG7V Zoom zoom forfeited.
|
|win|mitaiken horizon
|l|☆ULTBG7V Zoom zoom
|raw|ULTBG7V Zoom zoom's rating: 1673 &rarr; <strong>1654</strong><br />(-19 for losing)
|raw|mitaiken horizon's rating: 1699 &rarr; <strong>1718</strong><br />(+19 for winning)
|l| Sola&Luna⌐◼_◼
|c| Side Streets|Tu te mégenre toi même maxi
|c| Side Streets|maxo ???
|l| Raph369
||Ladder isn't responding, score probably updated but might not have (Request timeout).
|c| Side Streets|je savais pas...
|l|+Staxi
|l| Side Streets
