|j|☆waterworld101
|j|☆OtherW0rld
|inactive|Battle timer is ON: inactive players will automatically lose when time's up.
|t:|1636268873
|gametype|singles
|player|p1|waterworld101|hilbert-wonderlauncher|
|player|p2|OtherW0rld|az|
|teamsize|p1|6
|teamsize|p2|6
|gen|8
|tier|[Gen 8] Ubers
|rated|Tournament battle
|rule|Sleep Clause Mod: Limit one foe put to sleep
|rule|Species Clause: Limit one of each Pokémon
|rule|OHKO Clause: OHKO moves are banned
|rule|Evasion Moves Clause: Evasion moves are banned
|rule|Endless Battle Clause: Forcing endless battles is banned
|rule|HP Percentage Mod: HP is shown in percentages
|rule|Dynamax Clause: You cannot dynamax
|clearpoke
|poke|p1|Calyrex-Shadow|
|poke|p1|Necrozma-Dusk-Mane|
|poke|p1|Yveltal|
|poke|p1|Eternatus|
|poke|p1|Groudon|
|poke|p1|Xerneas-*|
|poke|p2|Calyrex-Shadow|
|poke|p2|Yveltal|
|poke|p2|Marshadow|
|poke|p2|Excadrill, F|
|poke|p2|Eternatus|
|poke|p2|Xerneas-*|
|teampreview
|j|*Lady Monita ☽
|j| BB-8-NU
|j| champions41
|j| Reduyan
|j| poopsackman
|j| Mad Piyush
|c|☆OtherW0rld|oh hey
|j| kauoygerfan
|j| plat27
|j| user of name 222
|j| Goat heart ❤
|j| 64 squares
|c|☆OtherW0rld|our names
|c|☆waterworld101|hi
|j| Some Thug
|j| Memelissa18
|c| 64 squares|yoooooo name twins?
|c| plat27|:o
|c| plat27|i ship
|c| Memelissa18|Good luck
|c| Mad Piyush|fate has brought them here
|inactive|waterworld101 has 120 seconds left.
|j| RoyalReloaded
|j| circlebackjenpsaki
|l| RoyalReloaded
|c| Mad Piyush|this is going to be a battle of the worlds
|
|t:|1636268928
|start
|switch|p1a: Yveltal|Yveltal|100/100
|switch|p2a: haha|Excadrill, F, shiny|100/100
|-ability|p1a: Yveltal|Dark Aura
|-ability|p2a: haha|Mold Breaker
|turn|1
|c|☆OtherW0rld|jesus
|c|☆OtherW0rld|16 ppl
|c| poopsackman|i hope both of u win
|c| Mad Piyush|heh?
|c| 64 squares|waterworld is a famous player
|j| Giove97
|c|☆OtherW0rld|i keep freezing
|c| 64 squares|goes by the name gunner on forums
|inactive|OtherW0rld has 120 seconds left.
|c| Mad Piyush|then im with otherworld
|c| poopsackman|waterworld is the father to 3 of my children
|c| Mad Piyush|ooh
|j| 64 squared
|l| Giove97
|j| Robotsnake20
|j| xasahbae
|c| 64 squares|omg my name twin here too
|c| 64 squares|what are the odds
|j| iamnotagenius
|l| xasahbae
|l|☆OtherW0rld
|inactive|OtherW0rld disconnected and has a minute to reconnect!
|player|p2|
|c| 64 squares|nooooooooooo
|c|☆waterworld101|wincon
|c| Memelissa18|NO
|c| Robotsnake20|uh oh
|j|☆OtherW0rld
|inactive|OtherW0rld reconnected and has 85 seconds left.
|player|p2|OtherW0rld|az
|c|☆OtherW0rld|there we go
|c| Memelissa18|Please that would be awful lol
|
|t:|1636269008
|move|p1a: Yveltal|U-turn|p2a: haha
|-resisted|p2a: haha
|-damage|p2a: haha|86/100
|
|t:|1636269014
|switch|p1a: Calyrex|Calyrex-Shadow|100/100|[from]move: U-turn
|-ability|p1a: Calyrex|As One
|-ability|p1a: Calyrex|Unnerve
|move|p2a: haha|Rapid Spin|p1a: Calyrex
|-immune|p1a: Calyrex
|
|upkeep
|turn|2
|
|t:|1636269022
|switch|p2a: dababy|Yveltal, shiny|100/100
|-ability|p2a: dababy|Dark Aura
|move|p1a: Calyrex|Astral Barrage|p2a: dababy
|-resisted|p2a: dababy
|-damage|p2a: dababy|54/100
|
|upkeep
|turn|3
|c| Mad Piyush|shadow rider has entered
|inactive|OtherW0rld has 90 seconds left.
|j| I❤PocketMonsters
|c| Mad Piyush|remember that time when calyrex- shadow was OU?
|inactive|waterworld101 has 120 seconds left.
|j| RoyalReloaded
|
|t:|1636269048
|switch|p1a: Xerneas|Xerneas|100/100
|-ability|p1a: Xerneas|Fairy Aura
|move|p2a: dababy|Knock Off|p1a: Xerneas
|-resisted|p1a: Xerneas
|-damage|p1a: Xerneas|82/100
|-enditem|p1a: Xerneas|Leftovers|[from] move: Knock Off|[of] p2a: dababy
|
|upkeep
|turn|4
|l| RoyalReloaded
|
|t:|1636269055
|switch|p2a: haha|Excadrill, F, shiny|86/100
|-ability|p2a: haha|Mold Breaker
|move|p1a: Xerneas|Moonblast|p2a: haha
|-resisted|p2a: haha
|-damage|p2a: haha|49/100
|
|upkeep
|turn|5
|c| 64 squares|i do yeah
|c| plat27|wild times
|
|t:|1636269068
|switch|p1a: Calyrex|Calyrex-Shadow|100/100
|-ability|p1a: Calyrex|As One
|-ability|p1a: Calyrex|Unnerve
|move|p2a: haha|Stealth Rock|p1a: Calyrex
|-sidestart|p1: waterworld101|move: Stealth Rock
|
|upkeep
|turn|6
|
|t:|1636269073
|move|p1a: Calyrex|Astral Barrage|p2a: haha
|-damage|p2a: haha|0 fnt
|faint|p2a: haha
|-ability|p1a: Calyrex|Grim Neigh|boost
|-boost|p1a: Calyrex|spa|1
|
|upkeep
|
|t:|1636269078
|switch|p2a: dababy|Yveltal, shiny|54/100
|-ability|p2a: dababy|Dark Aura
|turn|7
|inactive|OtherW0rld has 120 seconds left.
|
|t:|1636269085
|switch|p1a: Xerneas|Xerneas|82/100
|-damage|p1a: Xerneas|70/100|[from] Stealth Rock
|-ability|p1a: Xerneas|Fairy Aura
|move|p2a: dababy|Roost|p2a: dababy
|-heal|p2a: dababy|100/100
|-singleturn|p2a: dababy|move: Roost
|
|upkeep
|turn|8
|inactive|OtherW0rld has 120 seconds left.
|c|☆OtherW0rld|uhhhhhhhhhhhh'
|j|%velvet
|j|#Micoy@!
|l|%velvet
|
|t:|1636269123
|switch|p2a: Eternatus|Eternatus|100/100
|-ability|p2a: Eternatus|Pressure
|move|p1a: Xerneas|Moonblast|p2a: Eternatus
|-damage|p2a: Eternatus|54/100
|
|upkeep
|turn|9
|l|#Micoy
|j|%velvet
|
|t:|1636269130
|switch|p1a: Necrozma|Necrozma-Dusk-Mane|100/100
|-damage|p1a: Necrozma|94/100|[from] Stealth Rock
|move|p2a: Eternatus|Sludge Bomb|p1a: Necrozma
|-immune|p1a: Necrozma
|
|-heal|p1a: Necrozma|100/100|[from] item: Leftovers
|upkeep
|turn|10
|
|t:|1636269136
|switch|p2a: dababy|Yveltal, shiny|100/100
|-ability|p2a: dababy|Dark Aura
|move|p1a: Necrozma|Thunder Wave|p2a: dababy
|-status|p2a: dababy|par
|
|upkeep
|turn|11
|
|t:|1636269150
|switch|p1a: Xerneas|Xerneas|70/100
|-damage|p1a: Xerneas|57/100|[from] Stealth Rock
|-ability|p1a: Xerneas|Fairy Aura
|move|p2a: dababy|Knock Off|p1a: Xerneas
|-resisted|p1a: Xerneas
|-damage|p1a: Xerneas|45/100
|
|upkeep
|turn|12
|
|t:|1636269157
|move|p1a: Xerneas|Moonblast|p2a: dababy
|-supereffective|p2a: dababy
|-crit|p2a: dababy
|-damage|p2a: dababy|0 fnt
|faint|p2a: dababy
|
|upkeep
|
|t:|1636269164
|switch|p2a: deer of "life"|Xerneas|100/100
|-ability|p2a: deer of "life"|Fairy Aura
|turn|13
|j| Luthier
|
|t:|1636269168
|switch|p1a: Necrozma|Necrozma-Dusk-Mane|100/100
|-damage|p1a: Necrozma|94/100|[from] Stealth Rock
|move|p2a: deer of "life"|Geomancy||[still]
|-prepare|p2a: deer of "life"|Geomancy
|-enditem|p2a: deer of "life"|Power Herb
|-anim|p2a: deer of "life"|Geomancy|p2a: deer of "life"
|-boost|p2a: deer of "life"|spa|2
|-boost|p2a: deer of "life"|spd|2
|-boost|p2a: deer of "life"|spe|2
|
|-heal|p1a: Necrozma|100/100|[from] item: Leftovers
|upkeep
|turn|14
|c|☆OtherW0rld|its prob sp def necroz
|c|☆OtherW0rld|isnt it
|inactive|OtherW0rld has 120 seconds left.
|
|t:|1636269183
|move|p2a: deer of "life"|Moonblast|p1a: Necrozma
|-resisted|p1a: Necrozma
|-damage|p1a: Necrozma|61/100
|move|p1a: Necrozma|Thunder Wave|p2a: deer of "life"
|-status|p2a: deer of "life"|par
|
|-heal|p1a: Necrozma|67/100|[from] item: Leftovers
|upkeep
|turn|15
|c|☆OtherW0rld|yep
|c|☆OtherW0rld|damn
|
|t:|1636269191
|cant|p2a: deer of "life"|par
|move|p1a: Necrozma|Morning Sun|p1a: Necrozma
|-heal|p1a: Necrozma|100/100
|
|upkeep
|turn|16
|
|t:|1636269195
|cant|p2a: deer of "life"|par
|move|p1a: Necrozma|Iron Head|p2a: deer of "life"
|-supereffective|p2a: deer of "life"
|-damage|p2a: deer of "life"|29/100 par
|
|upkeep
|turn|17
|l| poopsackman
|
|t:|1636269206
|move|p2a: deer of "life"|Moonblast|p1a: Necrozma
|-resisted|p1a: Necrozma
|-damage|p1a: Necrozma|55/100
|move|p1a: Necrozma|Stealth Rock|p2a: deer of "life"
|-sidestart|p2: OtherW0rld|move: Stealth Rock
|
|-heal|p1a: Necrozma|61/100|[from] item: Leftovers
|upkeep
|turn|18
|j| Holy Flatemo
|c|☆OtherW0rld|bruh there are 22 ppl here
|c|☆waterworld101|im famous
|c|☆OtherW0rld|watching me get rekt
|c|☆waterworld101|say hi to the stream
|c| Holy Flatemo|hi
|inactive|OtherW0rld has 120 seconds left.
|c|☆OtherW0rld|damn
|
|t:|1636269239
|move|p2a: deer of "life"|Moonblast|p1a: Necrozma
|-resisted|p1a: Necrozma
|-crit|p1a: Necrozma
|-damage|p1a: Necrozma|0 fnt
|faint|p1a: Necrozma
|
|upkeep
|c|☆OtherW0rld|WOAH
|c|☆OtherW0rld|CRIT
|
|t:|1636269258
|switch|p1a: Calyrex|Calyrex-Shadow|100/100
|-ability|p1a: Calyrex|As One
|-ability|p1a: Calyrex|Unnerve
|-damage|p1a: Calyrex|88/100|[from] Stealth Rock
|turn|19
|
|t:|1636269264
|move|p1a: Calyrex|Psyshock|p2a: deer of "life"
|-damage|p2a: deer of "life"|0 fnt
|faint|p2a: deer of "life"
|-ability|p1a: Calyrex|Grim Neigh|boost
|-boost|p1a: Calyrex|spa|1
|
|upkeep
|
|t:|1636269269
|switch|p2a: mine now|Marshadow|100/100
|-damage|p2a: mine now|94/100|[from] Stealth Rock
|turn|20
|
|t:|1636269275
|switch|p1a: Xerneas|Xerneas|45/100
|-damage|p1a: Xerneas|33/100|[from] Stealth Rock
|-ability|p1a: Xerneas|Fairy Aura
|move|p2a: mine now|Shadow Sneak|p1a: Xerneas
|-damage|p1a: Xerneas|16/100
|
|upkeep
|turn|21
|
|t:|1636269278
|move|p2a: mine now|Shadow Sneak|p1a: Xerneas
|-damage|p1a: Xerneas|0 fnt
|faint|p1a: Xerneas
|
|upkeep
|
|t:|1636269281
|switch|p1a: Eternatus|Eternatus|100/100
|-damage|p1a: Eternatus|88/100|[from] Stealth Rock
|-ability|p1a: Eternatus|Pressure
|turn|22
|
|t:|1636269291
|switch|p2a: Eternatus|Eternatus|54/100
|-damage|p2a: Eternatus|42/100|[from] Stealth Rock
|-ability|p2a: Eternatus|Pressure
|move|p1a: Eternatus|Dynamax Cannon|p2a: Eternatus
|-supereffective|p2a: Eternatus
|-damage|p2a: Eternatus|0 fnt
|faint|p2a: Eternatus
|
|upkeep
|c|☆OtherW0rld|yeah
|c|☆OtherW0rld|i had no choice
|c|☆OtherW0rld|rip
|c|☆OtherW0rld|gg
|c|☆waterworld101|gg
|
|t:|1636269305
|switch|p2a: mine now|Marshadow|94/100
|-damage|p2a: mine now|88/100|[from] Stealth Rock
|turn|23
|
|t:|1636269310
|move|p2a: mine now|Rock Tomb|p1a: Eternatus
|-crit|p1a: Eternatus
|-damage|p1a: Eternatus|54/100
|-unboost|p1a: Eternatus|spe|1
|move|p1a: Eternatus|Dynamax Cannon|p2a: mine now
|-damage|p2a: mine now|28/100
|
|upkeep
|turn|24
|
|t:|1636269313
|move|p2a: mine now|Spectral Thief|p1a: Eternatus
|-damage|p1a: Eternatus|23/100
|move|p1a: Eternatus|Dynamax Cannon|p2a: mine now
|-crit|p2a: mine now
|-damage|p2a: mine now|0 fnt
|faint|p2a: mine now
|
|upkeep
|
|t:|1636269317
|switch|p2a: controller player|Calyrex-Shadow|100/100
|-ability|p2a: controller player|As One
|-ability|p2a: controller player|Unnerve
|-damage|p2a: controller player|88/100|[from] Stealth Rock
|turn|25
|
|t:|1636269322
|move|p2a: controller player|Astral Barrage|p1a: Eternatus
|-damage|p1a: Eternatus|0 fnt
|faint|p1a: Eternatus
|-ability|p2a: controller player|Grim Neigh|boost
|-boost|p2a: controller player|spa|1
|
|upkeep
|
|t:|1636269325
|switch|p1a: Yveltal|Yveltal|100/100
|-ability|p1a: Yveltal|Dark Aura
|turn|26
|
|t:|1636269327
|move|p2a: controller player|Draining Kiss|p1a: Yveltal
|-supereffective|p1a: Yveltal
|-damage|p1a: Yveltal|58/100
|-heal|p2a: controller player|100/100|[from] drain|[of] p1a: Yveltal
|move|p1a: Yveltal|Foul Play|p2a: controller player
|-supereffective|p2a: controller player
|-enditem|p2a: controller player|Focus Sash
|-damage|p2a: controller player|1/100
|
|upkeep
|turn|27
|j| Shortyboi92
|
|t:|1636269334
|move|p2a: controller player|Draining Kiss|p1a: Yveltal
|-supereffective|p1a: Yveltal
|-damage|p1a: Yveltal|17/100
|-heal|p2a: controller player|41/100|[from] drain|[of] p1a: Yveltal
|move|p1a: Yveltal|Foul Play|p2a: controller player
|-supereffective|p2a: controller player
|-damage|p2a: controller player|0 fnt
|faint|p2a: controller player
|
|win|waterworld101
|n|☆waterworld101|waterworld101
|n|*Lady Monita ☽|ladymonita
|n| BB-8-NU|bb8nu
|n| champions41|champions41
|n| Reduyan|reduyan
|n| Mad Piyush|madpiyush
|n| kauoygerfan|kauoygerfan
|n| plat27|plat27
|n| user of name 222|userofname222
|n| Goat heart ❤|goatheart
|n| 64 squares|64squares
|n| Some Thug|somethug
|n| Memelissa18|memelissa18
|n| circlebackjenpsaki|circlebackjenpsaki
|n| 64 squared|64squared
|n| Robotsnake20|robotsnake20
|n| iamnotagenius|iamnotagenius
|n|☆OtherW0rld|otherw0rld
|n| I❤PocketMonsters|ipocketmonsters
|n| velvet|velvet
|n| Luthier|luthier
|n| Holy Flatemo|holyflatemo
|n| Shortyboi92|shortyboi92
|l| Shortyboi92
|l|*Lady Monita ☽
|l| BB-8-NU
|l| velvet
|l| Goat heart ❤
|c| Memelissa18|Grats
|l| Robotsnake20
|c| plat27|goatttttttttt
|c|☆waterworld101|gg
|l| Some Thug
|l| iamnotagenius
|l| Luthier
|l| Mad Piyush
|l| champions41
|l|☆waterworld101
|l| 64 squares
|l| I❤PocketMonsters
|l| Holy Flatemo
|j| Yveltaldestruction
|l| kauoygerfan
|l| Yveltaldestruction
|l| Reduyan
|l| user of name 222
|l| plat27
