|j|☆HolyDunny
|j|☆snakey77
|t:|1631622381
|gametype|singles
|player|p1|HolyDunny|skyla|
|player|p2|snakey77|266|
|teamsize|p1|6
|teamsize|p2|6
|gen|8
|tier|[Gen 8] Ubers
|rated|Tournament battle
|rule|Sleep Clause Mod: Limit one foe put to sleep
|rule|Species Clause: Limit one of each Pokémon
|rule|OHKO Clause: OHKO moves are banned
|rule|Evasion Moves Clause: Evasion moves are banned
|rule|Endless Battle Clause: Forcing endless battles is banned
|rule|HP Percentage Mod: HP is shown in percentages
|rule|Dynamax Clause: You cannot dynamax
|clearpoke
|poke|p1|Shuckle, M|
|poke|p1|Yveltal|
|poke|p1|Ho-Oh|
|poke|p1|Zekrom|
|poke|p1|Marshadow|
|poke|p1|Necrozma-Dusk-Mane|
|poke|p2|Ho-Oh|
|poke|p2|Yveltal|
|poke|p2|Hippowdon, M|
|poke|p2|Ferrothorn, F|
|poke|p2|Tapu Fini|
|poke|p2|Calyrex-Shadow|
|teampreview
|c|☆HolyDunny|Did like 15 battles between semi and finals
|c|☆HolyDunny|But no pb
|c|☆HolyDunny|Gl
|c|☆snakey77|Gl
|
|t:|1631622429
|start
|switch|p1a: Shuckle|Shuckle, M|100/100
|switch|p2a: Yveltal|Yveltal|100/100
|-ability|p2a: Yveltal|Dark Aura
|turn|1
|
|t:|1631622431
|move|p2a: Yveltal|Knock Off|p1a: Shuckle
|-damage|p1a: Shuckle|71/100
|-enditem|p1a: Shuckle|Mental Herb|[from] move: Knock Off|[of] p2a: Yveltal
|move|p1a: Shuckle|Sticky Web|p2a: Yveltal
|-sidestart|p2: snakey77|move: Sticky Web
|
|upkeep
|turn|2
|
|t:|1631622440
|move|p2a: Yveltal|U-turn|p1a: Shuckle
|-damage|p1a: Shuckle|61/100
|
|t:|1631622442
|switch|p2a: Sapphire|Tapu Fini|100/100|[from]move: U-turn
|-activate|p2a: Sapphire|move: Sticky Web
|-unboost|p2a: Sapphire|spe|1
|-fieldstart|move: Misty Terrain|[from] ability: Misty Surge|[of] p2a: Sapphire
|move|p1a: Shuckle|Toxic|p2a: Sapphire|[miss]
|-miss|p1a: Shuckle|p2a: Sapphire
|
|upkeep
|turn|3
|
|t:|1631622447
|move|p2a: Sapphire|Taunt|p1a: Shuckle
|-start|p1a: Shuckle|move: Taunt
|move|p1a: Shuckle|Final Gambit|p2a: Sapphire
|-damage|p2a: Sapphire|58/100
|faint|p1a: Shuckle
|
|-heal|p2a: Sapphire|64/100|[from] item: Leftovers
|upkeep
|
|t:|1631622450
|switch|p1a: Zekrom|Zekrom|100/100
|-ability|p1a: Zekrom|Teravolt
|turn|4
|
|t:|1631622457
|switch|p1a: Ho-Oh|Ho-Oh|100/100
|switch|p2a: Choco|Hippowdon, M|100/100
|-activate|p2a: Choco|move: Sticky Web
|-unboost|p2a: Choco|spe|1
|-weather|Sandstorm|[from] ability: Sand Stream|[of] p2a: Choco
|
|-weather|Sandstorm|[upkeep]
|-damage|p1a: Ho-Oh|94/100|[from] Sandstorm
|upkeep
|turn|5
|
|t:|1631622466
|move|p1a: Ho-Oh|Brave Bird|p2a: Choco
|-damage|p2a: Choco|49/100
|-damage|p1a: Ho-Oh|74/100|[from] Recoil
|move|p2a: Choco|Stealth Rock|p1a: Ho-Oh
|-sidestart|p1: HolyDunny|move: Stealth Rock
|
|-weather|Sandstorm|[upkeep]
|-damage|p1a: Ho-Oh|68/100|[from] Sandstorm
|-heal|p2a: Choco|55/100|[from] item: Leftovers
|upkeep
|turn|6
|
|t:|1631622473
|move|p1a: Ho-Oh|Brave Bird|p2a: Choco
|-damage|p2a: Choco|3/100
|-damage|p1a: Ho-Oh|47/100|[from] Recoil
|move|p2a: Choco|Slack Off|p2a: Choco
|-heal|p2a: Choco|53/100
|
|-weather|Sandstorm|[upkeep]
|-damage|p1a: Ho-Oh|41/100|[from] Sandstorm
|-heal|p2a: Choco|59/100|[from] item: Leftovers
|-fieldend|Misty Terrain
|upkeep
|turn|7
|
|t:|1631622477
|move|p1a: Ho-Oh|Brave Bird|p2a: Choco
|-damage|p2a: Choco|9/100
|-damage|p1a: Ho-Oh|21/100|[from] Recoil
|move|p2a: Choco|Slack Off|p2a: Choco
|-heal|p2a: Choco|59/100
|
|-weather|Sandstorm|[upkeep]
|-damage|p1a: Ho-Oh|15/100|[from] Sandstorm
|-heal|p2a: Choco|65/100|[from] item: Leftovers
|upkeep
|turn|8
|
|t:|1631622480
|move|p1a: Ho-Oh|Brave Bird|p2a: Choco
|-damage|p2a: Choco|13/100
|-damage|p1a: Ho-Oh|0 fnt|[from] Recoil
|faint|p1a: Ho-Oh
|move|p2a: Choco|Slack Off|p2a: Choco
|-heal|p2a: Choco|63/100
|
|-weather|none
|-heal|p2a: Choco|69/100|[from] item: Leftovers
|upkeep
|
|t:|1631622485
|switch|p1a: Yveltal|Yveltal|100/100
|-damage|p1a: Yveltal|76/100|[from] Stealth Rock
|-ability|p1a: Yveltal|Dark Aura
|turn|9
|
|t:|1631622491
|switch|p2a: Yveltal|Yveltal|100/100
|-ability|p2a: Yveltal|Dark Aura
|move|p1a: Yveltal|Knock Off|p2a: Yveltal
|-resisted|p2a: Yveltal
|-damage|p2a: Yveltal|70/100
|-enditem|p2a: Yveltal|Heavy-Duty Boots|[from] move: Knock Off|[of] p1a: Yveltal
|
|upkeep
|turn|10
|
|t:|1631622494
|switch|p1a: Zekrom|Zekrom|100/100
|-damage|p1a: Zekrom|88/100|[from] Stealth Rock
|-ability|p1a: Zekrom|Teravolt
|move|p2a: Yveltal|Knock Off|p1a: Zekrom
|-damage|p1a: Zekrom|41/100
|-enditem|p1a: Zekrom|Choice Band|[from] move: Knock Off|[of] p2a: Yveltal
|
|upkeep
|turn|11
|
|t:|1631622500
|move|p2a: Yveltal|Sucker Punch|p1a: Zekrom
|-damage|p1a: Zekrom|5/100
|move|p1a: Zekrom|Outrage|p2a: Yveltal
|-damage|p2a: Yveltal|33/100
|
|upkeep
|turn|12
|
|t:|1631622516
|move|p2a: Yveltal|Sucker Punch|p1a: Zekrom
|-damage|p1a: Zekrom|0 fnt
|faint|p1a: Zekrom
|
|upkeep
|
|t:|1631622520
|switch|p1a: Yveltal|Yveltal|76/100
|-damage|p1a: Yveltal|51/100|[from] Stealth Rock
|-ability|p1a: Yveltal|Dark Aura
|turn|13
|
|t:|1631622528
|move|p2a: Yveltal|Knock Off|p1a: Yveltal
|-resisted|p1a: Yveltal
|-damage|p1a: Yveltal|27/100
|-enditem|p1a: Yveltal|Choice Band|[from] move: Knock Off|[of] p2a: Yveltal
|move|p1a: Yveltal|Dual Wingbeat|p2a: Yveltal
|-crit|p2a: Yveltal
|-damage|p2a: Yveltal|12/100
|-damage|p2a: Yveltal|0 fnt
|faint|p2a: Yveltal
|-hitcount|p2: Yveltal|2
|
|upkeep
|
|t:|1631622553
|switch|p2a: Salili|Ferrothorn, F|100/100
|-activate|p2a: Salili|move: Sticky Web
|-unboost|p2a: Salili|spe|1
|turn|14
|
|t:|1631622558
|move|p1a: Yveltal|U-turn|p2a: Salili
|-damage|p2a: Salili|79/100
|-damage|p1a: Yveltal|15/100|[from] ability: Iron Barbs|[of] p2a: Salili
|
|t:|1631622560
|switch|p1a: Marshadow|Marshadow|100/100|[from]move: U-turn
|-damage|p1a: Marshadow|94/100|[from] Stealth Rock
|move|p2a: Salili|Gyro Ball|p1a: Marshadow
|-damage|p1a: Marshadow|33/100
|
|-heal|p2a: Salili|85/100|[from] item: Leftovers
|upkeep
|turn|15
|
|t:|1631622567
|move|p1a: Marshadow|Poltergeist|p2a: Salili
|-activate|p2a: Salili|move: Poltergeist|Leftovers
|-damage|p2a: Salili|25/100
|move|p2a: Salili|Gyro Ball|p1a: Marshadow
|-damage|p1a: Marshadow|0 fnt
|faint|p1a: Marshadow
|
|-heal|p2a: Salili|32/100|[from] item: Leftovers
|upkeep
|
|t:|1631622570
|switch|p1a: Necrozma|Necrozma-Dusk-Mane|100/100
|-damage|p1a: Necrozma|94/100|[from] Stealth Rock
|turn|16
|
|t:|1631622584
|move|p1a: Necrozma|Earthquake|p2a: Salili
|-damage|p2a: Salili|0 fnt
|faint|p2a: Salili
|
|upkeep
|
|t:|1631622588
|switch|p2a: Calyrex|Calyrex-Shadow|100/100
|-ability|p2a: Calyrex|As One
|-ability|p2a: Calyrex|Unnerve
|-activate|p2a: Calyrex|move: Sticky Web
|-unboost|p2a: Calyrex|spe|1
|turn|17
|
|t:|1631622592
|switch|p1a: Yveltal|Yveltal|15/100
|-damage|p1a: Yveltal|0 fnt|[from] Stealth Rock
|faint|p1a: Yveltal
|move|p2a: Calyrex|Astral Barrage|p1: Yveltal|[notarget]
|-fail|p2a: Calyrex
|
|upkeep
|
|t:|1631622593
|switch|p1a: Necrozma|Necrozma-Dusk-Mane|94/100
|-damage|p1a: Necrozma|88/100|[from] Stealth Rock
|turn|18
|c|☆HolyDunny|Gg
|c|☆snakey77|all band?
|c|☆HolyDunny|Mono band yep
|
|t:|1631622621
|move|p2a: Calyrex|Astral Barrage|p1a: Necrozma
|-supereffective|p1a: Necrozma
|-damage|p1a: Necrozma|0 fnt
|faint|p1a: Necrozma
|
|win|snakey77
|n|☆HolyDunny|holydunny
|n|☆snakey77|snakey77
