|j|☆tonton Nykos
|j|☆killer whale squa
|player|p1|tonton Nykos|290|1421
|player|p2|killer whale squa|216|1453
|teamsize|p1|6
|teamsize|p2|6
|gametype|singles
|gen|8
|tier|[Gen 8] Ubers
|rated|
|clearpoke
|poke|p1|Necrozma-Dusk-Mane|
|poke|p1|Darmanitan-Galar, M|
|poke|p1|Eternatus|
|poke|p1|Ditto|
|poke|p1|Melmetal|
|poke|p1|Hydreigon, F|
|poke|p2|Quagsire, F|
|poke|p2|Mandibuzz, F|
|poke|p2|Necrozma-Dusk-Mane|
|poke|p2|Eternatus|
|poke|p2|Zacian-Crowned|
|poke|p2|Marshadow|
|rule|Sleep Clause Mod: Limit one foe put to sleep
|rule|Species Clause: Limit one of each Pokémon
|rule|OHKO Clause: OHKO moves are banned
|rule|Evasion Moves Clause: Evasion moves are banned
|rule|Endless Battle Clause: Forcing endless battles is banned
|rule|HP Percentage Mod: HP is shown in percentages
|teampreview
|inactive|Battle timer is ON: inactive players will automatically lose when time's up. (requested by tonton Nykos)
|
|start
|switch|p1a: Hydreigon|Hydreigon, F|100/100
|switch|p2a: Zacian|Zacian-Crowned|100/100
|-ability|p2a: Zacian|Intrepid Sword|boost
|-boost|p2a: Zacian|atk|1
|turn|1
|
|switch|p1a: Eternatus|Eternatus|100/100
|-ability|p1a: Eternatus|Pressure
|move|p2a: Zacian|Play Rough|p1a: Eternatus
|-damage|p1a: Eternatus|31/100
|
|upkeep
|turn|2
|
|move|p2a: Zacian|Behemoth Blade|p1a: Eternatus
|-damage|p1a: Eternatus|0 fnt
|faint|p1a: Eternatus
|
|upkeep
|
|switch|p1a: Ditto|Ditto|100/100
|-transform|p1a: Ditto|p2a: Zacian|[from] ability: Imposter
|-ability|p1a: Ditto|Intrepid Sword|boost
|-boost|p1a: Ditto|atk|1
|turn|3
|
|switch|p2a: Quagsire|Quagsire, F|100/100
|move|p1a: Ditto|Behemoth Blade|p2a: Quagsire
|-resisted|p2a: Quagsire
|-damage|p2a: Quagsire|80/100
|
|-heal|p2a: Quagsire|86/100|[from] item: Leftovers
|upkeep
|turn|4
|
|switch|p1a: Melmetal|Melmetal|100/100
|move|p2a: Quagsire|Toxic|p1a: Melmetal|[miss]
|-miss|p2a: Quagsire|p1a: Melmetal
|
|-heal|p2a: Quagsire|92/100|[from] item: Leftovers
|upkeep
|turn|5
|
|move|p1a: Melmetal|Double Iron Bash|p2a: Quagsire
|-resisted|p2a: Quagsire
|-damage|p2a: Quagsire|67/100
|-resisted|p2a: Quagsire
|-damage|p2a: Quagsire|46/100
|-hitcount|p2a: Quagsire|2
|move|p2a: Quagsire|Earthquake|p1a: Melmetal
|-supereffective|p1a: Melmetal
|-damage|p1a: Melmetal|69/100
|
|-heal|p2a: Quagsire|52/100|[from] item: Leftovers
|upkeep
|turn|6
|
|-start|p1a: Melmetal|Dynamax
|-heal|p1a: Melmetal|69/100|[silent]
|move|p1a: Melmetal|Max Knuckle|p2a: Quagsire
|-damage|p2a: Quagsire|27/100
|-boost|p1a: Melmetal|atk|1
|move|p2a: Quagsire|Recover|p2a: Quagsire
|-heal|p2a: Quagsire|77/100
|
|-heal|p2a: Quagsire|83/100|[from] item: Leftovers
|upkeep
|turn|7
|
|move|p1a: Melmetal|Max Steelspike|p2a: Quagsire
|-resisted|p2a: Quagsire
|-damage|p2a: Quagsire|55/100
|-boost|p1a: Melmetal|def|1
|move|p2a: Quagsire|Recover|p2a: Quagsire
|-heal|p2a: Quagsire|100/100
|
|upkeep
|turn|8
|
|move|p1a: Melmetal|Max Quake|p2a: Quagsire
|-damage|p2a: Quagsire|65/100
|-boost|p1a: Melmetal|spd|1
|move|p2a: Quagsire|Scald|p1a: Melmetal
|-damage|p1a: Melmetal|59/100
|
|-heal|p2a: Quagsire|71/100|[from] item: Leftovers
|-end|p1a: Melmetal|Dynamax
|-heal|p1a: Melmetal|59/100|[silent]
|upkeep
|turn|9
|
|move|p1a: Melmetal|Double Iron Bash|p2a: Quagsire
|-resisted|p2a: Quagsire
|-damage|p2a: Quagsire|46/100
|-resisted|p2a: Quagsire
|-damage|p2a: Quagsire|23/100
|-hitcount|p2a: Quagsire|2
|cant|p2a: Quagsire|flinch
|
|-heal|p2a: Quagsire|29/100|[from] item: Leftovers
|upkeep
|turn|10
|inactive|killer whale squa has 120 seconds left.
|
|switch|p2a: Marshadow|Marshadow|100/100
|move|p1a: Melmetal|Double Iron Bash|p2a: Marshadow
|-damage|p2a: Marshadow|0 fnt
|-hitcount|p2a: Marshadow|1
|faint|p2a: Marshadow
|
|upkeep
|inactive|killer whale squa has 120 seconds left.
|
|switch|p2a: Zacian|Zacian-Crowned|100/100
|-ability|p2a: Zacian|Intrepid Sword|boost
|-boost|p2a: Zacian|atk|1
|turn|11
|
|move|p2a: Zacian|Fire Fang|p1a: Melmetal
|-supereffective|p1a: Melmetal
|-damage|p1a: Melmetal|30/100
|move|p1a: Melmetal|Double Iron Bash|p2a: Zacian
|-damage|p2a: Zacian|0 fnt
|-hitcount|p2a: Zacian|1
|faint|p2a: Zacian
|
|upkeep
|
|switch|p2a: Necrozma|Necrozma-Dusk-Mane|100/100
|turn|12
|inactive|killer whale squa has 120 seconds left.
|
|move|p2a: Necrozma|Dragon Dance|p2a: Necrozma
|-boost|p2a: Necrozma|atk|1
|-boost|p2a: Necrozma|spe|1
|move|p1a: Melmetal|Double Iron Bash|p2a: Necrozma
|-resisted|p2a: Necrozma
|-damage|p2a: Necrozma|74/100
|-resisted|p2a: Necrozma
|-damage|p2a: Necrozma|44/100
|-hitcount|p2a: Necrozma|2
|
|-heal|p2a: Necrozma|50/100|[from] item: Leftovers
|upkeep
|turn|13
|inactive|killer whale squa has 120 seconds left.
|
|move|p2a: Necrozma|Morning Sun|p2a: Necrozma
|-heal|p2a: Necrozma|100/100
|move|p1a: Melmetal|Double Iron Bash|p2a: Necrozma
|-resisted|p2a: Necrozma
|-damage|p2a: Necrozma|73/100
|-resisted|p2a: Necrozma
|-damage|p2a: Necrozma|47/100
|-hitcount|p2a: Necrozma|2
|
|-heal|p2a: Necrozma|53/100|[from] item: Leftovers
|upkeep
|turn|14
|
|switch|p1a: Hydreigon|Hydreigon, F|100/100
|move|p2a: Necrozma|Morning Sun|p2a: Necrozma
|-heal|p2a: Necrozma|100/100
|
|upkeep
|turn|15
|
|-start|p2a: Necrozma|Dynamax
|-heal|p2a: Necrozma|100/100|[silent]
|move|p1a: Hydreigon|Dark Pulse|p2a: Necrozma
|-supereffective|p2a: Necrozma
|-damage|p2a: Necrozma|75/100
|move|p2a: Necrozma|Max Steelspike|p1a: Hydreigon
|-damage|p1a: Hydreigon|0 fnt
|-boost|p2a: Necrozma|def|1
|faint|p1a: Hydreigon
|
|-heal|p2a: Necrozma|78/100|[from] item: Leftovers
|upkeep
|
|switch|p1a: Necrozma|Necrozma-Dusk-Mane|100/100
|turn|16
|
|move|p2a: Necrozma|Max Quake|p1a: Necrozma
|-supereffective|p1a: Necrozma
|-damage|p1a: Necrozma|29/100
|-boost|p2a: Necrozma|spd|1
|move|p1a: Necrozma|Earthquake|p2a: Necrozma
|-supereffective|p2a: Necrozma
|-damage|p2a: Necrozma|65/100
|
|-heal|p2a: Necrozma|68/100|[from] item: Leftovers
|-heal|p1a: Necrozma|35/100|[from] item: Leftovers
|upkeep
|turn|17
|
|move|p2a: Necrozma|Max Quake|p1a: Necrozma
|-supereffective|p1a: Necrozma
|-damage|p1a: Necrozma|0 fnt
|-boost|p2a: Necrozma|spd|1
|faint|p1a: Necrozma
|
|-heal|p2a: Necrozma|71/100|[from] item: Leftovers
|-end|p2a: Necrozma|Dynamax
|-heal|p2a: Necrozma|71/100|[silent]
|upkeep
|
|switch|p1a: Ditto|Ditto|100/100
|-transform|p1a: Ditto|p2a: Necrozma|[from] ability: Imposter
|turn|18
|
|switch|p2a: Mandibuzz|Mandibuzz, F|100/100
|move|p1a: Ditto|Earthquake|p2a: Mandibuzz
|-immune|p2a: Mandibuzz
|
|upkeep
|turn|19
|
|switch|p1a: Melmetal|Melmetal|30/100
|move|p2a: Mandibuzz|Foul Play|p1a: Melmetal
|-damage|p1a: Melmetal|0 fnt
|faint|p1a: Melmetal
|
|upkeep
|
|switch|p1a: Darmanitan|Darmanitan-Galar, M|100/100
|turn|20
|
|switch|p2a: Quagsire|Quagsire, F|29/100
|move|p1a: Darmanitan|Icicle Crash|p2a: Quagsire
|-damage|p2a: Quagsire|0 fnt
|faint|p2a: Quagsire
|
|upkeep
|
|switch|p2a: Necrozma|Necrozma-Dusk-Mane|71/100
|turn|21
|
|move|p1a: Darmanitan|Icicle Crash|p2a: Necrozma
|-resisted|p2a: Necrozma
|-damage|p2a: Necrozma|50/100
|move|p2a: Necrozma|Morning Sun|p2a: Necrozma
|-heal|p2a: Necrozma|99/100
|
|-heal|p2a: Necrozma|100/100|[from] item: Leftovers
|upkeep
|turn|22
|
|switch|p1a: Ditto|Ditto|100/100
|-transform|p1a: Ditto|p2a: Necrozma|[from] ability: Imposter
|move|p2a: Necrozma|Dragon Dance|p2a: Necrozma
|-boost|p2a: Necrozma|atk|1
|-boost|p2a: Necrozma|spe|1
|
|upkeep
|turn|23
|
|move|p1a: Ditto|Earthquake|p2a: Necrozma
|-supereffective|p2a: Necrozma
|-damage|p2a: Necrozma|74/100
|move|p2a: Necrozma|Earthquake|p1a: Ditto
|-supereffective|p1a: Ditto
|-damage|p1a: Ditto|27/100
|
|-heal|p2a: Necrozma|80/100|[from] item: Leftovers
|upkeep
|turn|24
|
|move|p1a: Ditto|Earthquake|p2a: Necrozma
|-supereffective|p2a: Necrozma
|-damage|p2a: Necrozma|50/100
|move|p2a: Necrozma|Dragon Dance|p2a: Necrozma
|-boost|p2a: Necrozma|atk|1
|-boost|p2a: Necrozma|spe|1
|
|-heal|p2a: Necrozma|56/100|[from] item: Leftovers
|upkeep
|turn|25
|
|switch|p1a: Darmanitan|Darmanitan-Galar, M|100/100
|move|p2a: Necrozma|Morning Sun|p2a: Necrozma
|-heal|p2a: Necrozma|100/100
|
|upkeep
|turn|26
|
|move|p1a: Darmanitan|Earthquake|p2a: Necrozma
|-supereffective|p2a: Necrozma
|-damage|p2a: Necrozma|56/100
|move|p2a: Necrozma|Sunsteel Strike|p1a: Darmanitan
|-supereffective|p1a: Darmanitan
|-damage|p1a: Darmanitan|0 fnt
|faint|p1a: Darmanitan
|
|-heal|p2a: Necrozma|63/100|[from] item: Leftovers
|upkeep
|
|switch|p1a: Ditto|Ditto|27/100
|-transform|p1a: Ditto|p2a: Necrozma|[from] ability: Imposter
|turn|27
|
|move|p1a: Ditto|Earthquake|p2a: Necrozma
|-supereffective|p2a: Necrozma
|-damage|p2a: Necrozma|10/100
|move|p2a: Necrozma|Earthquake|p1a: Ditto
|-supereffective|p1a: Ditto
|-damage|p1a: Ditto|0 fnt
|faint|p1a: Ditto
|
|win|killer whale squa
|l|☆tonton Nykos
|raw|tonton Nykos's rating: 1421 &rarr; <strong>1401</strong><br />(-20 for losing)
|raw|killer whale squa's rating: 1431 &rarr; <strong>1450</strong><br />(+19 for winning)
