|j|☆ok sir
|j|☆ox04
|t:|1664371453
|gametype|singles
|player|p1|ok sir|1|1635
|player|p2|ox04|red-gen7|1645
|teamsize|p1|6
|teamsize|p2|6
|gen|8
|tier|[Gen 8] Ubers
|rated|
|rule|Sleep Clause Mod: Limit one foe put to sleep
|rule|Species Clause: Limit one of each Pokémon
|rule|OHKO Clause: OHKO moves are banned
|rule|Evasion Items Clause: Evasion items are banned
|rule|Evasion Moves Clause: Evasion moves are banned
|rule|Endless Battle Clause: Forcing endless battles is banned
|rule|HP Percentage Mod: HP is shown in percentages
|rule|Dynamax Clause: You cannot dynamax
|clearpoke
|poke|p1|Yveltal|
|poke|p1|Eternatus|
|poke|p1|Calyrex-Shadow|
|poke|p1|Rayquaza|
|poke|p1|Mew|
|poke|p1|Kyogre|
|poke|p2|Yveltal|
|poke|p2|Eternatus|
|poke|p2|Necrozma-Dusk-Mane|
|poke|p2|Calyrex-Shadow|
|poke|p2|Groudon|
|poke|p2|Zekrom|
|teampreview
|inactive|Battle timer is ON: inactive players will automatically lose when time's up. (requested by ok sir)
|c|☆ox04|hi glhf
|c|☆ok sir|gl hf
|
|t:|1664371486
|start
|switch|p1a: Mew|Mew|100/100
|switch|p2a: Calyrex|Calyrex-Shadow|100/100
|-ability|p2a: Calyrex|As One
|-ability|p2a: Calyrex|Unnerve
|turn|1
|
|t:|1664371492
|move|p2a: Calyrex|Astral Barrage|p1a: Mew
|-supereffective|p1a: Mew
|-enditem|p1a: Mew|Focus Sash
|-damage|p1a: Mew|1/100
|move|p1a: Mew|Thunder Wave|p2a: Calyrex
|-status|p2a: Calyrex|par
|
|upkeep
|turn|2
|
|t:|1664371497
|move|p2a: Calyrex|Astral Barrage|p1a: Mew
|-supereffective|p1a: Mew
|-damage|p1a: Mew|0 fnt
|faint|p1a: Mew
|-ability|p2a: Calyrex|Grim Neigh|boost
|-boost|p2a: Calyrex|spa|1
|
|upkeep
|
|t:|1664371509
|switch|p1a: Yveltal|Yveltal|100/100
|-ability|p1a: Yveltal|Dark Aura
|turn|3
|
|t:|1664371525
|move|p2a: Calyrex|Astral Barrage|p1a: Yveltal
|-resisted|p1a: Yveltal
|-damage|p1a: Yveltal|50/100
|move|p1a: Yveltal|Oblivion Wing|p2a: Calyrex
|-damage|p2a: Calyrex|44/100 par
|-heal|p1a: Yveltal|87/100|[from] drain|[of] p2a: Calyrex
|-damage|p1a: Yveltal|77/100|[from] item: Life Orb
|
|upkeep
|turn|4
|
|t:|1664371531
|switch|p2a: Eternatus|Eternatus|100/100
|-ability|p2a: Eternatus|Pressure
|move|p1a: Yveltal|Oblivion Wing|p2a: Eternatus
|-damage|p2a: Eternatus|66/100
|-heal|p1a: Yveltal|100/100|[from] drain|[of] p2a: Eternatus
|-damage|p1a: Yveltal|91/100|[from] item: Life Orb
|
|upkeep
|turn|5
|
|t:|1664371539
|switch|p1a: Eternatus|Eternatus|100/100
|-ability|p1a: Eternatus|Pressure
|move|p2a: Eternatus|Toxic|p1a: Eternatus
|-immune|p1a: Eternatus
|
|upkeep
|turn|6
|
|t:|1664371544
|switch|p1a: Kyogre|Kyogre|100/100
|-weather|RainDance|[from] ability: Drizzle|[of] p1a: Kyogre
|switch|p2a: Necrozma|Necrozma-Dusk-Mane|100/100
|
|-weather|RainDance|[upkeep]
|upkeep
|turn|7
|
|t:|1664371549
|switch|p2a: Calyrex|Calyrex-Shadow|44/100 par
|-ability|p2a: Calyrex|As One
|-ability|p2a: Calyrex|Unnerve
|move|p1a: Kyogre|Water Spout|p2a: Calyrex
|-damage|p2a: Calyrex|0 fnt
|faint|p2a: Calyrex
|
|-weather|RainDance|[upkeep]
|upkeep
|
|t:|1664371553
|switch|p2a: Zekrom|Zekrom|100/100
|-ability|p2a: Zekrom|Teravolt
|turn|8
|
|t:|1664371557
|switch|p1a: Eternatus|Eternatus|100/100
|-ability|p1a: Eternatus|Pressure
|move|p2a: Zekrom|Draco Meteor|p1a: Eternatus
|-supereffective|p1a: Eternatus
|-damage|p1a: Eternatus|0 fnt
|-unboost|p2a: Zekrom|spa|2
|faint|p1a: Eternatus
|-damage|p2a: Zekrom|91/100|[from] item: Life Orb
|
|-weather|RainDance|[upkeep]
|upkeep
|
|t:|1664371566
|switch|p1a: Rayquaza|Rayquaza|100/100
|-ability|p1a: Rayquaza|Air Lock
|turn|9
|
|t:|1664371575
|move|p2a: Zekrom|Draco Meteor|p1a: Rayquaza
|-supereffective|p1a: Rayquaza
|-damage|p1a: Rayquaza|18/100
|-unboost|p2a: Zekrom|spa|2
|-damage|p2a: Zekrom|81/100|[from] item: Life Orb
|move|p1a: Rayquaza|Scale Shot|p2a: Zekrom
|-supereffective|p2a: Zekrom
|-damage|p2a: Zekrom|36/100
|-supereffective|p2a: Zekrom
|-damage|p2a: Zekrom|0 fnt
|faint|p2a: Zekrom
|-hitcount|p2: Zekrom|2
|-unboost|p1a: Rayquaza|def|1
|-boost|p1a: Rayquaza|spe|1
|-damage|p1a: Rayquaza|8/100|[from] item: Life Orb
|
|-weather|RainDance|[upkeep]
|upkeep
|
|t:|1664371584
|switch|p2a: Yveltal|Yveltal|100/100
|-ability|p2a: Yveltal|Dark Aura
|turn|10
|
|t:|1664371587
|move|p1a: Rayquaza|Extreme Speed|p2a: Yveltal
|-damage|p2a: Yveltal|63/100
|-damage|p1a: Rayquaza|0 fnt|[from] item: Life Orb
|faint|p1a: Rayquaza
|move|p2a: Yveltal|Roost|p2a: Yveltal
|-heal|p2a: Yveltal|100/100
|-singleturn|p2a: Yveltal|move: Roost
|
|-weather|none
|upkeep
|
|t:|1664371592
|switch|p1a: Kyogre|Kyogre|100/100
|-weather|RainDance|[from] ability: Drizzle|[of] p1a: Kyogre
|turn|11
|
|t:|1664371595
|switch|p2a: Groudon|Groudon|100/100
|-weather|SunnyDay|[from] ability: Drought|[of] p2a: Groudon
|move|p1a: Kyogre|Water Spout|p2a: Groudon
|-supereffective|p2a: Groudon
|-damage|p2a: Groudon|35/100
|
|-weather|SunnyDay|[upkeep]
|-heal|p2a: Groudon|41/100|[from] item: Leftovers
|upkeep
|turn|12
|
|t:|1664371598
|switch|p2a: Eternatus|Eternatus|66/100
|-ability|p2a: Eternatus|Pressure
|move|p1a: Kyogre|Water Spout|p2a: Eternatus
|-resisted|p2a: Eternatus
|-damage|p2a: Eternatus|52/100
|
|-weather|SunnyDay|[upkeep]
|upkeep
|turn|13
|
|t:|1664371601
|switch|p1a: Calyrex|Calyrex-Shadow|100/100
|-ability|p1a: Calyrex|As One
|-ability|p1a: Calyrex|Unnerve
|move|p2a: Eternatus|Recover|p2a: Eternatus
|-heal|p2a: Eternatus|100/100
|
|-weather|SunnyDay|[upkeep]
|upkeep
|turn|14
|
|t:|1664371608
|switch|p1a: Kyogre|Kyogre|100/100
|-weather|RainDance|[from] ability: Drizzle|[of] p1a: Kyogre
|move|p2a: Eternatus|Toxic|p1a: Kyogre
|-status|p1a: Kyogre|tox
|
|-weather|RainDance|[upkeep]
|-damage|p1a: Kyogre|94/100 tox|[from] psn
|upkeep
|turn|15
|
|t:|1664371611
|switch|p2a: Necrozma|Necrozma-Dusk-Mane|100/100
|move|p1a: Kyogre|Water Spout|p2a: Necrozma
|-damage|p2a: Necrozma|24/100
|
|-weather|RainDance|[upkeep]
|-heal|p2a: Necrozma|30/100|[from] item: Leftovers
|-damage|p1a: Kyogre|82/100 tox|[from] psn
|upkeep
|turn|16
|
|t:|1664371615
|switch|p2a: Eternatus|Eternatus|100/100
|-ability|p2a: Eternatus|Pressure
|move|p1a: Kyogre|Water Spout|p2a: Eternatus
|-resisted|p2a: Eternatus
|-damage|p2a: Eternatus|66/100
|
|-weather|RainDance|[upkeep]
|-damage|p1a: Kyogre|64/100 tox|[from] psn
|upkeep
|turn|17
|
|t:|1664371620
|switch|p1a: Yveltal|Yveltal|91/100
|-ability|p1a: Yveltal|Dark Aura
|switch|p2a: Yveltal|Yveltal|100/100
|-ability|p2a: Yveltal|Dark Aura
|
|-weather|RainDance|[upkeep]
|upkeep
|turn|18
|
|t:|1664371629
|switch|p2a: Groudon|Groudon|41/100
|-weather|SunnyDay|[from] ability: Drought|[of] p2a: Groudon
|move|p1a: Yveltal|Oblivion Wing|p2a: Groudon
|-damage|p2a: Groudon|2/100
|-heal|p1a: Yveltal|100/100|[from] drain|[of] p2a: Groudon
|-damage|p1a: Yveltal|91/100|[from] item: Life Orb
|
|-weather|SunnyDay|[upkeep]
|-heal|p2a: Groudon|8/100|[from] item: Leftovers
|upkeep
|turn|19
|
|t:|1664371633
|move|p1a: Yveltal|Oblivion Wing|p2a: Groudon
|-crit|p2a: Groudon
|-damage|p2a: Groudon|0 fnt
|-heal|p1a: Yveltal|96/100|[from] drain|[of] p2a: Groudon
|faint|p2a: Groudon
|-damage|p1a: Yveltal|87/100|[from] item: Life Orb
|
|-weather|SunnyDay|[upkeep]
|upkeep
|
|t:|1664371635
|switch|p2a: Eternatus|Eternatus|66/100
|-ability|p2a: Eternatus|Pressure
|turn|20
|
|t:|1664371638
|switch|p1a: Kyogre|Kyogre|64/100 tox
|-weather|RainDance|[from] ability: Drizzle|[of] p1a: Kyogre
|move|p2a: Eternatus|Toxic|p1a: Kyogre
|-fail|p1a: Kyogre|tox
|
|-weather|RainDance|[upkeep]
|-damage|p1a: Kyogre|57/100 tox|[from] psn
|upkeep
|turn|21
|
|t:|1664371645
|move|p1a: Kyogre|Ice Beam|p2a: Eternatus
|-supereffective|p2a: Eternatus
|-damage|p2a: Eternatus|26/100
|move|p2a: Eternatus|Recover|p2a: Eternatus
|-heal|p2a: Eternatus|76/100
|
|-weather|RainDance|[upkeep]
|-damage|p1a: Kyogre|45/100 tox|[from] psn
|upkeep
|turn|22
|
|t:|1664371649
|move|p1a: Kyogre|Ice Beam|p2a: Eternatus
|-supereffective|p2a: Eternatus
|-damage|p2a: Eternatus|33/100
|move|p2a: Eternatus|Recover|p2a: Eternatus
|-heal|p2a: Eternatus|83/100
|
|-weather|RainDance|[upkeep]
|-damage|p1a: Kyogre|27/100 tox|[from] psn
|upkeep
|turn|23
|
|t:|1664371654
|switch|p2a: Necrozma|Necrozma-Dusk-Mane|30/100
|move|p1a: Kyogre|Ice Beam|p2a: Necrozma
|-resisted|p2a: Necrozma
|-damage|p2a: Necrozma|20/100
|
|-weather|RainDance|[upkeep]
|-heal|p2a: Necrozma|26/100|[from] item: Leftovers
|-damage|p1a: Kyogre|2/100 tox|[from] psn
|upkeep
|turn|24
|
|t:|1664371659
|move|p1a: Kyogre|Ice Beam|p2a: Necrozma
|-resisted|p2a: Necrozma
|-damage|p2a: Necrozma|15/100
|move|p2a: Necrozma|Morning Sun|p2a: Necrozma
|-heal|p2a: Necrozma|40/100
|
|-weather|none
|-heal|p2a: Necrozma|46/100|[from] item: Leftovers
|-damage|p1a: Kyogre|0 fnt|[from] psn
|faint|p1a: Kyogre
|upkeep
|
|t:|1664371661
|switch|p1a: Calyrex|Calyrex-Shadow|100/100
|-ability|p1a: Calyrex|As One
|-ability|p1a: Calyrex|Unnerve
|turn|25
|
|t:|1664371667
|switch|p1a: Yveltal|Yveltal|87/100
|-ability|p1a: Yveltal|Dark Aura
|switch|p2a: Yveltal|Yveltal|100/100
|-ability|p2a: Yveltal|Dark Aura
|
|upkeep
|turn|26
|
|t:|1664371669
|switch|p2a: Eternatus|Eternatus|83/100
|-ability|p2a: Eternatus|Pressure
|move|p1a: Yveltal|Oblivion Wing|p2a: Eternatus
|-damage|p2a: Eternatus|51/100
|-heal|p1a: Yveltal|100/100|[from] drain|[of] p2a: Eternatus
|-damage|p1a: Yveltal|91/100|[from] item: Life Orb
|
|upkeep
|turn|27
|
|t:|1664371671
|move|p2a: Eternatus|Toxic|p1a: Yveltal
|-status|p1a: Yveltal|tox
|move|p1a: Yveltal|Taunt|p2a: Eternatus
|-start|p2a: Eternatus|move: Taunt
|
|-damage|p1a: Yveltal|84/100 tox|[from] psn
|upkeep
|turn|28
|
|t:|1664371674
|switch|p2a: Necrozma|Necrozma-Dusk-Mane|46/100
|move|p1a: Yveltal|Dark Pulse|p2a: Necrozma
|-supereffective|p2a: Necrozma
|-damage|p2a: Necrozma|0 fnt
|faint|p2a: Necrozma
|-damage|p1a: Yveltal|75/100 tox|[from] item: Life Orb
|
|-damage|p1a: Yveltal|62/100 tox|[from] psn
|upkeep
|
|t:|1664371676
|switch|p2a: Eternatus|Eternatus|51/100
|-ability|p2a: Eternatus|Pressure
|turn|29
|
|t:|1664371680
|move|p2a: Eternatus|Recover|p2a: Eternatus
|-heal|p2a: Eternatus|100/100
|move|p1a: Yveltal|Dark Pulse|p2a: Eternatus
|-damage|p2a: Eternatus|55/100
|-damage|p1a: Yveltal|52/100 tox|[from] item: Life Orb
|
|-damage|p1a: Yveltal|34/100 tox|[from] psn
|upkeep
|turn|30
|
|t:|1664371683
|switch|p1a: Calyrex|Calyrex-Shadow|100/100
|-ability|p1a: Calyrex|As One
|-ability|p1a: Calyrex|Unnerve
|move|p2a: Eternatus|Recover|p2a: Eternatus
|-heal|p2a: Eternatus|100/100
|
|upkeep
|turn|31
|
|t:|1664371685
|move|p1a: Calyrex|Astral Barrage|p2a: Eternatus
|-damage|p2a: Eternatus|54/100
|move|p2a: Eternatus|Toxic|p1a: Calyrex
|-status|p1a: Calyrex|tox
|
|-damage|p1a: Calyrex|94/100 tox|[from] psn
|upkeep
|turn|32
|
|t:|1664371688
|move|p1a: Calyrex|Astral Barrage|p2a: Eternatus
|-damage|p2a: Eternatus|10/100
|move|p2a: Eternatus|Recover|p2a: Eternatus
|-heal|p2a: Eternatus|60/100
|
|-damage|p1a: Calyrex|82/100 tox|[from] psn
|upkeep
|turn|33
|
|t:|1664371690
|move|p1a: Calyrex|Psyshock|p2a: Eternatus
|-supereffective|p2a: Eternatus
|-damage|p2a: Eternatus|0 fnt
|faint|p2a: Eternatus
|-ability|p1a: Calyrex|Grim Neigh|boost
|-boost|p1a: Calyrex|spa|1
|
|-damage|p1a: Calyrex|64/100 tox|[from] psn
|upkeep
|
|t:|1664371693
|switch|p2a: Yveltal|Yveltal|100/100
|-ability|p2a: Yveltal|Dark Aura
|turn|34
|
|t:|1664371696
|move|p1a: Calyrex|Draining Kiss|p2a: Yveltal
|-supereffective|p2a: Yveltal
|-damage|p2a: Yveltal|57/100
|-heal|p1a: Calyrex|100/100 tox|[from] drain|[of] p2a: Yveltal
|move|p2a: Yveltal|Foul Play|p1a: Calyrex
|-supereffective|p1a: Calyrex
|-enditem|p1a: Calyrex|Focus Sash
|-damage|p1a: Calyrex|1/100 tox
|
|-damage|p1a: Calyrex|0 fnt|[from] psn
|faint|p1a: Calyrex
|upkeep
|
|t:|1664371702
|switch|p1a: Yveltal|Yveltal|34/100 tox
|-ability|p1a: Yveltal|Dark Aura
|turn|35
|
|t:|1664371704
|move|p1a: Yveltal|Oblivion Wing|p2a: Yveltal
|-damage|p2a: Yveltal|14/100
|-heal|p1a: Yveltal|71/100 tox|[from] drain|[of] p2a: Yveltal
|-damage|p1a: Yveltal|61/100 tox|[from] item: Life Orb
|move|p2a: Yveltal|Roost|p2a: Yveltal
|-heal|p2a: Yveltal|64/100
|-singleturn|p2a: Yveltal|move: Roost
|
|-damage|p1a: Yveltal|55/100 tox|[from] psn
|upkeep
|turn|36
|
|t:|1664371709
|move|p1a: Yveltal|Taunt|p2a: Yveltal
|-start|p2a: Yveltal|move: Taunt
|cant|p2a: Yveltal|move: Taunt|Roost
|
|-damage|p1a: Yveltal|43/100 tox|[from] psn
|upkeep
|turn|37
|
|t:|1664371711
|move|p1a: Yveltal|Oblivion Wing|p2a: Yveltal
|-damage|p2a: Yveltal|25/100
|-heal|p1a: Yveltal|77/100 tox|[from] drain|[of] p2a: Yveltal
|-damage|p1a: Yveltal|67/100 tox|[from] item: Life Orb
|move|p2a: Yveltal|Foul Play|p1a: Yveltal
|-resisted|p1a: Yveltal
|-damage|p1a: Yveltal|46/100 tox
|
|-damage|p1a: Yveltal|28/100 tox|[from] psn
|upkeep
|turn|38
|
|t:|1664371715
|move|p2a: Yveltal|Foul Play|p1a: Yveltal
|-resisted|p1a: Yveltal
|-damage|p1a: Yveltal|5/100 tox
|move|p1a: Yveltal|Oblivion Wing|p2a: Yveltal
|-damage|p2a: Yveltal|0 fnt
|-heal|p1a: Yveltal|26/100 tox|[from] drain|[of] p2a: Yveltal
|faint|p2a: Yveltal
|-damage|p1a: Yveltal|16/100 tox|[from] item: Life Orb
|
|win|ok sir
|raw|ok sir's rating: 1635 &rarr; <strong>1656</strong><br />(+21 for winning)
|raw|ox04's rating: 1645 &rarr; <strong>1624</strong><br />(-21 for losing)
|c|☆ox04|speed tie btw
|c|☆ox04|gg
|c|☆ok sir|gg
|l|☆ox04
||Ladder isn't responding, score probably updated but might not have (Request timeout).
