|j|☆Dun 26
|j|☆Hardef
|t:|1651931493
|gametype|singles
|player|p1|Dun 26|skyla|1558
|player|p2|Hardef|li|1419
|teamsize|p1|6
|teamsize|p2|6
|gen|8
|tier|[Gen 8] Ubers
|rated|
|rule|Sleep Clause Mod: Limit one foe put to sleep
|rule|Species Clause: Limit one of each Pokémon
|rule|OHKO Clause: OHKO moves are banned
|rule|Evasion Moves Clause: Evasion moves are banned
|rule|Endless Battle Clause: Forcing endless battles is banned
|rule|HP Percentage Mod: HP is shown in percentages
|rule|Dynamax Clause: You cannot dynamax
|clearpoke
|poke|p1|Xerneas-*|
|poke|p1|Yveltal|
|poke|p1|Eternatus|
|poke|p1|Necrozma-Dusk-Mane|
|poke|p1|Kyogre|
|poke|p1|Landorus-Therian, M|
|poke|p2|Marshadow|
|poke|p2|Calyrex-Shadow|
|poke|p2|Necrozma-Dusk-Mane|
|poke|p2|Pheromosa|
|poke|p2|Lugia|
|poke|p2|Yveltal|
|teampreview
|
|t:|1651931506
|start
|switch|p1a: 6-0 sans klef|Xerneas|100/100
|switch|p2a: Pheromosa|Pheromosa|100/100
|-ability|p1a: 6-0 sans klef|Fairy Aura
|turn|1
|
|t:|1651931516
|switch|p2a: Necrozma|Necrozma-Dusk-Mane|100/100
|move|p1a: 6-0 sans klef|Moonblast|p2a: Necrozma
|-resisted|p2a: Necrozma
|-damage|p2a: Necrozma|72/100
|
|upkeep
|turn|2
|
|t:|1651931519
|switch|p1a: Lead special koko|Landorus-Therian, M|100/100
|-ability|p1a: Lead special koko|Intimidate|boost
|-unboost|p2a: Necrozma|atk|1
|move|p2a: Necrozma|Sunsteel Strike|p1a: Lead special koko
|-damage|p1a: Lead special koko|75/100
|-damage|p2a: Necrozma|55/100|[from] item: Rocky Helmet|[of] p1a: Lead special koko
|
|upkeep
|turn|3
|
|t:|1651931527
|switch|p2a: Lugia|Lugia|100/100
|move|p1a: Lead special koko|Stealth Rock|p2a: Lugia
|-sidestart|p2: Hardef|move: Stealth Rock
|
|upkeep
|turn|4
|
|t:|1651931531
|move|p2a: Lugia|Ice Beam|p1a: Lead special koko
|-supereffective|p1a: Lead special koko
|-damage|p1a: Lead special koko|0 fnt
|faint|p1a: Lead special koko
|
|upkeep
|
|t:|1651931552
|switch|p1a: Au cas où|Yveltal|100/100
|-ability|p1a: Au cas où|Dark Aura
|turn|5
|
|t:|1651931557
|move|p2a: Lugia|Toxic|p1a: Au cas où
|-status|p1a: Au cas où|tox
|move|p1a: Au cas où|Knock Off|p2a: Lugia
|-supereffective|p2a: Lugia
|-damage|p2a: Lugia|50/100
|-enditem|p2a: Lugia|Heavy-Duty Boots|[from] move: Knock Off|[of] p1a: Au cas où
|
|-damage|p1a: Au cas où|94/100 tox|[from] psn
|upkeep
|turn|6
|c|☆Hardef|a oe au cas ou
|
|t:|1651931572
|switch|p2a: Yveltal|Yveltal|100/100
|-ability|p2a: Yveltal|Dark Aura
|move|p1a: Au cas où|Knock Off|p2a: Yveltal
|-resisted|p2a: Yveltal
|-damage|p2a: Yveltal|59/100
|-enditem|p2a: Yveltal|Heavy-Duty Boots|[from] move: Knock Off|[of] p1a: Au cas où
|
|-damage|p1a: Au cas où|82/100 tox|[from] psn
|upkeep
|turn|7
|
|t:|1651931577
|move|p2a: Yveltal|Knock Off|p1a: Au cas où
|-resisted|p1a: Au cas où
|-damage|p1a: Au cas où|58/100 tox
|-enditem|p1a: Au cas où|Black Glasses|[from] move: Knock Off|[of] p2a: Yveltal
|move|p1a: Au cas où|U-turn|p2a: Yveltal
|-damage|p2a: Yveltal|34/100
|
|t:|1651931584
|switch|p1a: 6-0 sans klef|Xerneas|100/100|[from]move: U-turn
|-ability|p1a: 6-0 sans klef|Fairy Aura
|
|upkeep
|turn|8
|
|t:|1651931588
|move|p1a: 6-0 sans klef|Moonblast|p2a: Yveltal
|-supereffective|p2a: Yveltal
|-damage|p2a: Yveltal|0 fnt
|faint|p2a: Yveltal
|
|upkeep
|
|t:|1651931601
|switch|p2a: Necrozma|Necrozma-Dusk-Mane|55/100
|-damage|p2a: Necrozma|49/100|[from] Stealth Rock
|turn|9
|
|t:|1651931609
|switch|p1a: Special klef|Kyogre|100/100
|-weather|RainDance|[from] ability: Drizzle|[of] p1a: Special klef
|move|p2a: Necrozma|Sunsteel Strike|p1a: Special klef
|-resisted|p1a: Special klef
|-damage|p1a: Special klef|84/100
|
|-weather|RainDance|[upkeep]
|-heal|p1a: Special klef|90/100|[from] item: Leftovers
|upkeep
|turn|10
|
|t:|1651931620
|switch|p2a: Lugia|Lugia|50/100
|-damage|p2a: Lugia|25/100|[from] Stealth Rock
|move|p1a: Special klef|Calm Mind|p1a: Special klef
|-boost|p1a: Special klef|spa|1
|-boost|p1a: Special klef|spd|1
|
|-weather|RainDance|[upkeep]
|-heal|p1a: Special klef|97/100|[from] item: Leftovers
|upkeep
|turn|11
|
|t:|1651931640
|move|p1a: Special klef|Scald|p2a: Lugia
|-damage|p2a: Lugia|0 fnt
|faint|p2a: Lugia
|
|-weather|RainDance|[upkeep]
|-heal|p1a: Special klef|100/100|[from] item: Leftovers
|upkeep
|
|t:|1651931649
|switch|p2a: Marshadow|Marshadow|100/100
|-damage|p2a: Marshadow|94/100|[from] Stealth Rock
|turn|12
|
|t:|1651931665
|move|p2a: Marshadow|Spectral Thief||[still]
|-clearpositiveboost|p1a: Special klef|p2a: Marshadow|move: Spectral Thief
|-boost|p2a: Marshadow|spa|1
|-boost|p2a: Marshadow|spd|1
|-anim|p2a: Marshadow|Spectral Thief|p1a: Special klef
|-damage|p1a: Special klef|70/100
|move|p1a: Special klef|Scald|p2a: Marshadow
|-damage|p2a: Marshadow|49/100
|
|-weather|RainDance|[upkeep]
|-heal|p1a: Special klef|76/100|[from] item: Leftovers
|upkeep
|turn|13
|
|t:|1651931678
|move|p2a: Marshadow|Spectral Thief|p1a: Special klef
|-damage|p1a: Special klef|44/100
|move|p1a: Special klef|Scald|p2a: Marshadow
|-damage|p2a: Marshadow|3/100
|-status|p2a: Marshadow|brn
|
|-weather|none
|-heal|p1a: Special klef|50/100|[from] item: Leftovers
|-damage|p2a: Marshadow|0 fnt|[from] brn
|faint|p2a: Marshadow
|upkeep
|
|t:|1651931686
|switch|p2a: Calyrex|Calyrex-Shadow|100/100
|-ability|p2a: Calyrex|As One
|-ability|p2a: Calyrex|Unnerve
|-damage|p2a: Calyrex|88/100|[from] Stealth Rock
|turn|14
|
|t:|1651931703
|switch|p1a: Eternatus|Eternatus|100/100
|-ability|p1a: Eternatus|Pressure
|move|p2a: Calyrex|Astral Barrage|p1a: Eternatus
|-damage|p1a: Eternatus|45/100
|
|upkeep
|turn|15
|
|t:|1651931710
|move|p2a: Calyrex|Astral Barrage|p1a: Eternatus
|-damage|p1a: Eternatus|0 fnt
|faint|p1a: Eternatus
|-ability|p2a: Calyrex|Grim Neigh|boost
|-boost|p2a: Calyrex|spa|1
|
|upkeep
|
|t:|1651931730
|switch|p1a: Au cas où|Yveltal|58/100 tox
|-ability|p1a: Au cas où|Dark Aura
|turn|16
|
|t:|1651931737
|switch|p2a: Necrozma|Necrozma-Dusk-Mane|49/100
|-damage|p2a: Necrozma|43/100|[from] Stealth Rock
|move|p1a: Au cas où|Knock Off|p2a: Necrozma
|-supereffective|p2a: Necrozma
|-damage|p2a: Necrozma|0 fnt
|-damage|p1a: Au cas où|41/100 tox|[from] item: Rocky Helmet|[of] p2a: Necrozma
|-enditem|p2a: Necrozma|Rocky Helmet|[from] move: Knock Off|[of] p1a: Au cas où
|faint|p2a: Necrozma
|
|-damage|p1a: Au cas où|35/100 tox|[from] psn
|upkeep
|
|t:|1651931743
|switch|p2a: Pheromosa|Pheromosa|100/100
|-damage|p2a: Pheromosa|88/100|[from] Stealth Rock
|turn|17
|
|t:|1651931756
|move|p1a: Au cas où|Sucker Punch|p2a: Pheromosa
|-resisted|p2a: Pheromosa
|-damage|p2a: Pheromosa|20/100
|move|p2a: Pheromosa|Ice Beam|p1a: Au cas où
|-supereffective|p1a: Au cas où
|-damage|p1a: Au cas où|0 fnt
|faint|p1a: Au cas où
|-ability|p2a: Pheromosa|Beast Boost|boost
|-boost|p2a: Pheromosa|spa|1
|
|upkeep
|
|t:|1651931760
|switch|p1a: 6-0 sans klef|Xerneas|100/100
|-ability|p1a: 6-0 sans klef|Fairy Aura
|turn|18
|
|t:|1651931765
|move|p1a: 6-0 sans klef|Moonblast|p2a: Pheromosa
|-supereffective|p2a: Pheromosa
|-damage|p2a: Pheromosa|0 fnt
|faint|p2a: Pheromosa
|
|upkeep
|
|t:|1651931769
|switch|p2a: Calyrex|Calyrex-Shadow|88/100
|-ability|p2a: Calyrex|As One
|-ability|p2a: Calyrex|Unnerve
|-damage|p2a: Calyrex|76/100|[from] Stealth Rock
|turn|19
|
|t:|1651931772
|move|p2a: Calyrex|Astral Barrage|p1a: 6-0 sans klef
|-damage|p1a: 6-0 sans klef|38/100
|move|p1a: 6-0 sans klef|Moonblast|p2a: Calyrex
|-damage|p2a: Calyrex|6/100
|-unboost|p2a: Calyrex|spa|1
|
|upkeep
|turn|20
|
|t:|1651931778
|move|p2a: Calyrex|Astral Barrage|p1a: 6-0 sans klef
|-damage|p1a: 6-0 sans klef|0 fnt
|faint|p1a: 6-0 sans klef
|-ability|p2a: Calyrex|Grim Neigh|boost
|-boost|p2a: Calyrex|spa|1
|
|upkeep
|
|t:|1651931780
|switch|p1a: Caly rip|Necrozma-Dusk-Mane|100/100
|turn|21
|
|t:|1651931783
|move|p2a: Calyrex|Astral Barrage|p1a: Caly rip
|-supereffective|p1a: Caly rip
|-damage|p1a: Caly rip|0 fnt
|faint|p1a: Caly rip
|-ability|p2a: Calyrex|Grim Neigh|boost
|-boost|p2a: Calyrex|spa|1
|
|upkeep
|
|t:|1651931784
|switch|p1a: Special klef|Kyogre|50/100
|-weather|RainDance|[from] ability: Drizzle|[of] p1a: Special klef
|turn|22
|
|t:|1651931788
|move|p2a: Calyrex|Astral Barrage|p1a: Special klef
|-damage|p1a: Special klef|0 fnt
|faint|p1a: Special klef
|
|win|Hardef
|raw|Dun 26's rating: 1576 &rarr; <strong>1548</strong><br />(-28 for losing)
|raw|Hardef's rating: 1419 &rarr; <strong>1447</strong><br />(+28 for winning)
|l|☆Dun 26
||Ladder isn't responding, score probably updated but might not have (Request timeout).
