|html|<div class="broadcast-blue"><strong>[Gen 8] Ubers is currently suspecting Calyrex-Shadow! For information on how to participate check out the <a href="https://www.smogon.com/forums/threads/np-ss-ubers-stage-8-ridin-dirty-calyrex-shadow-suspect-test.3704200/">suspect thread</a>.</strong></div>
|j|☆raetta
|j|☆Ryriss
|t:|1657722250
|gametype|singles
|player|p1|raetta|caitlin|1278
|player|p2|Ryriss|hilbert|1360
|teamsize|p1|6
|teamsize|p2|6
|gen|8
|tier|[Gen 8] Ubers
|rated|
|rule|Sleep Clause Mod: Limit one foe put to sleep
|rule|Species Clause: Limit one of each Pokémon
|rule|OHKO Clause: OHKO moves are banned
|rule|Evasion Moves Clause: Evasion moves are banned
|rule|Endless Battle Clause: Forcing endless battles is banned
|rule|HP Percentage Mod: HP is shown in percentages
|rule|Dynamax Clause: You cannot dynamax
|clearpoke
|poke|p1|Calyrex-Shadow|
|poke|p1|Yveltal|
|poke|p1|Necrozma-Dusk-Mane|
|poke|p1|Eternatus|
|poke|p1|Xerneas-*|
|poke|p1|Cinderace, M|
|poke|p2|Giratina-Origin|
|poke|p2|Zekrom|
|poke|p2|Necrozma-Dusk-Mane|
|poke|p2|Kyurem-Black|
|poke|p2|Kyogre|
|poke|p2|Yveltal|
|teampreview
|inactive|Battle timer is ON: inactive players will automatically lose when time's up. (requested by raetta)
|
|t:|1657722260
|start
|switch|p1a: Xerneas|Xerneas|100/100
|switch|p2a: Giratina|Giratina-Origin|100/100
|-ability|p1a: Xerneas|Fairy Aura
|turn|1
|
|t:|1657722268
|switch|p2a: Necrozma|Necrozma-Dusk-Mane|100/100
|move|p1a: Xerneas|Geomancy||[still]
|-prepare|p1a: Xerneas|Geomancy
|-enditem|p1a: Xerneas|Power Herb
|-anim|p1a: Xerneas|Geomancy|p1a: Xerneas
|-boost|p1a: Xerneas|spa|2
|-boost|p1a: Xerneas|spd|2
|-boost|p1a: Xerneas|spe|2
|
|upkeep
|turn|2
|
|t:|1657722279
|move|p1a: Xerneas|Thunder|p2a: Necrozma
|-damage|p2a: Necrozma|52/100
|move|p2a: Necrozma|Cosmic Power|p2a: Necrozma
|-boost|p2a: Necrozma|def|1
|-boost|p2a: Necrozma|spd|1
|
|upkeep
|turn|3
|
|t:|1657722286
|move|p1a: Xerneas|Moonblast|p2a: Necrozma
|-resisted|p2a: Necrozma
|-damage|p2a: Necrozma|23/100
|-unboost|p2a: Necrozma|spa|1
|move|p2a: Necrozma|Morning Sun|p2a: Necrozma
|-heal|p2a: Necrozma|73/100
|
|upkeep
|turn|4
|
|t:|1657722296
|switch|p1a: Yveltal|Yveltal|100/100
|-ability|p1a: Yveltal|Dark Aura
|move|p2a: Necrozma|Morning Sun|p2a: Necrozma
|-heal|p2a: Necrozma|100/100
|
|upkeep
|turn|5
|
|t:|1657722312
|switch|p2a: Zekrom|Zekrom|100/100
|-ability|p2a: Zekrom|Teravolt
|move|p1a: Yveltal|Knock Off|p2a: Zekrom
|-damage|p2a: Zekrom|57/100
|-enditem|p2a: Zekrom|Heavy-Duty Boots|[from] move: Knock Off|[of] p1a: Yveltal
|
|upkeep
|turn|6
|
|t:|1657722320
|move|p1a: Yveltal|Sucker Punch||[still]
|-fail|p1a: Yveltal
|move|p2a: Zekrom|Roost|p2a: Zekrom
|-heal|p2a: Zekrom|100/100
|-singleturn|p2a: Zekrom|move: Roost
|
|upkeep
|turn|7
|
|t:|1657722327
|switch|p1a: Eternatus|Eternatus|100/100
|-ability|p1a: Eternatus|Pressure
|move|p2a: Zekrom|Dragon Dance|p2a: Zekrom
|-boost|p2a: Zekrom|atk|1
|-boost|p2a: Zekrom|spe|1
|
|upkeep
|turn|8
|
|t:|1657722335
|move|p1a: Eternatus|Dynamax Cannon|p2a: Zekrom
|-supereffective|p2a: Zekrom
|-damage|p2a: Zekrom|11/100
|move|p2a: Zekrom|Dragon Claw|p1a: Eternatus
|-supereffective|p1a: Eternatus
|-damage|p1a: Eternatus|0 fnt
|faint|p1a: Eternatus
|
|upkeep
|
|t:|1657722345
|switch|p1a: Cinderace|Cinderace, M|100/100
|turn|9
|
|t:|1657722349
|move|p1a: Cinderace|Sucker Punch||[still]
|-fail|p1a: Cinderace
|move|p2a: Zekrom|Roost|p2a: Zekrom
|-heal|p2a: Zekrom|61/100
|-singleturn|p2a: Zekrom|move: Roost
|
|upkeep
|turn|10
|
|t:|1657722358
|move|p1a: Cinderace|U-turn|p2a: Zekrom
|-start|p1a: Cinderace|typechange|Bug|[from] ability: Libero
|-damage|p2a: Zekrom|36/100
|
|t:|1657722368
|switch|p1a: Necrozma|Necrozma-Dusk-Mane|100/100|[from]move: U-turn
|move|p2a: Zekrom|Roost|p2a: Zekrom
|-heal|p2a: Zekrom|86/100
|-singleturn|p2a: Zekrom|move: Roost
|
|upkeep
|turn|11
|
|t:|1657722375
|move|p2a: Zekrom|Dragon Dance|p2a: Zekrom
|-boost|p2a: Zekrom|atk|1
|-boost|p2a: Zekrom|spe|1
|move|p1a: Necrozma|Autotomize|p1a: Necrozma
|-boost|p1a: Necrozma|spe|2
|-start|p1a: Necrozma|Autotomize
|
|upkeep
|turn|12
|
|t:|1657722386
|move|p2a: Zekrom|Dragon Dance|p2a: Zekrom
|-boost|p2a: Zekrom|atk|1
|-boost|p2a: Zekrom|spe|1
|move|p1a: Necrozma|Sunsteel Strike|p2a: Zekrom
|-resisted|p2a: Zekrom
|-damage|p2a: Zekrom|60/100
|
|upkeep
|turn|13
|
|t:|1657722394
|move|p2a: Zekrom|Dragon Dance|p2a: Zekrom
|-boost|p2a: Zekrom|atk|1
|-boost|p2a: Zekrom|spe|1
|move|p1a: Necrozma|Knock Off|p2a: Zekrom
|-damage|p2a: Zekrom|41/100
|
|upkeep
|turn|14
|
|t:|1657722400
|move|p2a: Zekrom|Roost|p2a: Zekrom
|-heal|p2a: Zekrom|91/100
|-singleturn|p2a: Zekrom|move: Roost
|move|p1a: Necrozma|Sunsteel Strike|p2a: Zekrom
|-resisted|p2a: Zekrom
|-damage|p2a: Zekrom|66/100
|
|upkeep
|turn|15
|
|t:|1657722408
|switch|p1a: Calyrex|Calyrex-Shadow|100/100
|-ability|p1a: Calyrex|As One
|-ability|p1a: Calyrex|Unnerve
|move|p2a: Zekrom|Roost|p2a: Zekrom
|-heal|p2a: Zekrom|100/100
|-singleturn|p2a: Zekrom|move: Roost
|
|upkeep
|turn|16
|
|t:|1657722417
|move|p2a: Zekrom|Dragon Claw|p1a: Calyrex
|-enditem|p1a: Calyrex|Focus Sash
|-damage|p1a: Calyrex|1/100
|move|p1a: Calyrex|Astral Barrage|p2a: Zekrom
|-damage|p2a: Zekrom|37/100
|
|upkeep
|turn|17
|
|t:|1657722428
|switch|p1a: Xerneas|Xerneas|100/100
|-ability|p1a: Xerneas|Fairy Aura
|move|p2a: Zekrom|Dragon Claw|p1a: Xerneas
|-immune|p1a: Xerneas
|
|upkeep
|turn|18
|
|t:|1657722436
|move|p2a: Zekrom|Bolt Strike|p1a: Xerneas|[miss]
|-miss|p2a: Zekrom|p1a: Xerneas
|move|p1a: Xerneas|Moonblast|p2a: Zekrom
|-supereffective|p2a: Zekrom
|-damage|p2a: Zekrom|0 fnt
|faint|p2a: Zekrom
|
|upkeep
|
|t:|1657722446
|switch|p2a: Necrozma|Necrozma-Dusk-Mane|100/100
|turn|19
|
|t:|1657722451
|switch|p1a: Calyrex|Calyrex-Shadow|1/100
|-ability|p1a: Calyrex|As One
|-ability|p1a: Calyrex|Unnerve
|switch|p2a: Yveltal|Yveltal|100/100
|-ability|p2a: Yveltal|Dark Aura
|
|upkeep
|turn|20
|
|t:|1657722461
|move|p1a: Calyrex|Astral Barrage|p2a: Yveltal
|-resisted|p2a: Yveltal
|-damage|p2a: Yveltal|65/100
|move|p2a: Yveltal|Snarl|p1a: Calyrex
|-supereffective|p1a: Calyrex
|-damage|p1a: Calyrex|0 fnt
|faint|p1a: Calyrex
|-enditem|p2a: Yveltal|Throat Spray
|-boost|p2a: Yveltal|spa|1|[from] item: Throat Spray
|
|upkeep
|
|t:|1657722476
|switch|p1a: Xerneas|Xerneas|100/100
|-ability|p1a: Xerneas|Fairy Aura
|turn|21
|
|t:|1657722482
|move|p2a: Yveltal|Snarl|p1a: Xerneas
|-resisted|p1a: Xerneas
|-damage|p1a: Xerneas|78/100
|-unboost|p1a: Xerneas|spa|1
|move|p1a: Xerneas|Moonblast|p2a: Yveltal
|-supereffective|p2a: Yveltal
|-damage|p2a: Yveltal|0 fnt
|faint|p2a: Yveltal
|
|upkeep
|
|t:|1657722492
|switch|p2a: Kyogre|Kyogre|100/100
|-weather|RainDance|[from] ability: Drizzle|[of] p2a: Kyogre
|turn|22
|
|t:|1657722497
|move|p1a: Xerneas|Thunder|p2a: Kyogre
|-supereffective|p2a: Kyogre
|-damage|p2a: Kyogre|66/100
|move|p2a: Kyogre|Calm Mind|p2a: Kyogre
|-boost|p2a: Kyogre|spa|1
|-boost|p2a: Kyogre|spd|1
|
|-weather|RainDance|[upkeep]
|-heal|p2a: Kyogre|73/100|[from] item: Leftovers
|upkeep
|turn|23
|
|t:|1657722506
|move|p1a: Xerneas|Thunder|p2a: Kyogre
|-supereffective|p2a: Kyogre
|-damage|p2a: Kyogre|48/100
|-status|p2a: Kyogre|par
|move|p2a: Kyogre|Calm Mind|p2a: Kyogre
|-boost|p2a: Kyogre|spa|1
|-boost|p2a: Kyogre|spd|1
|
|-weather|RainDance|[upkeep]
|-heal|p2a: Kyogre|54/100 par|[from] item: Leftovers
|upkeep
|turn|24
|
|t:|1657722518
|move|p1a: Xerneas|Geomancy||[still]
|-prepare|p1a: Xerneas|Geomancy
|move|p2a: Kyogre|Thunder|p1a: Xerneas
|-damage|p1a: Xerneas|3/100
|-status|p1a: Xerneas|par
|
|-weather|RainDance|[upkeep]
|-heal|p2a: Kyogre|61/100 par|[from] item: Leftovers
|upkeep
|turn|25
|j| Lonely grandpa
|
|t:|1657722528
|move|p1a: Xerneas|Geomancy|p1a: Xerneas|[from]lockedmove
|-boost|p1a: Xerneas|spa|2
|-boost|p1a: Xerneas|spd|2
|-boost|p1a: Xerneas|spe|2
|cant|p2a: Kyogre|par
|
|-weather|RainDance|[upkeep]
|-heal|p2a: Kyogre|67/100 par|[from] item: Leftovers
|upkeep
|turn|26
|
|t:|1657722538
|switch|p2a: Necrozma|Necrozma-Dusk-Mane|100/100
|move|p1a: Xerneas|Thunder|p2a: Necrozma
|-damage|p2a: Necrozma|66/100
|-status|p2a: Necrozma|par
|
|-weather|none
|upkeep
|turn|27
|
|t:|1657722551
|move|p1a: Xerneas|Thunder|p2a: Necrozma
|-damage|p2a: Necrozma|27/100 par
|cant|p2a: Necrozma|par
|
|upkeep
|turn|28
|
|t:|1657722557
|move|p1a: Xerneas|Moonblast|p2a: Necrozma
|-resisted|p2a: Necrozma
|-damage|p2a: Necrozma|0 fnt
|faint|p2a: Necrozma
|
|upkeep
|
|t:|1657722563
|switch|p2a: Giratina|Giratina-Origin|100/100
|turn|29
|
|t:|1657722566
|move|p2a: Giratina|Shadow Sneak|p1a: Xerneas
|-damage|p1a: Xerneas|0 fnt
|faint|p1a: Xerneas
|
|upkeep
|
|t:|1657722571
|switch|p1a: Yveltal|Yveltal|100/100
|-ability|p1a: Yveltal|Dark Aura
|turn|30
|
|t:|1657722578
|move|p1a: Yveltal|Knock Off|p2a: Giratina
|-supereffective|p2a: Giratina
|-damage|p2a: Giratina|43/100
|move|p2a: Giratina|Will-O-Wisp|p1a: Yveltal
|-status|p1a: Yveltal|brn
|
|-damage|p1a: Yveltal|94/100 brn|[from] brn
|upkeep
|turn|31
|
|t:|1657722587
|switch|p2a: Kyogre|Kyogre|67/100 par
|-weather|RainDance|[from] ability: Drizzle|[of] p2a: Kyogre
|move|p1a: Yveltal|Knock Off|p2a: Kyogre
|-damage|p2a: Kyogre|37/100 par
|-enditem|p2a: Kyogre|Leftovers|[from] move: Knock Off|[of] p1a: Yveltal
|
|-weather|RainDance|[upkeep]
|-damage|p1a: Yveltal|88/100 brn|[from] brn
|upkeep
|turn|32
|
|t:|1657722597
|move|p1a: Yveltal|Knock Off|p2a: Kyogre
|-damage|p2a: Kyogre|18/100 par
|move|p2a: Kyogre|Origin Pulse|p1a: Yveltal
|-damage|p1a: Yveltal|23/100 brn
|
|-weather|RainDance|[upkeep]
|-damage|p1a: Yveltal|17/100 brn|[from] brn
|upkeep
|turn|33
|
|t:|1657722606
|move|p1a: Yveltal|Sucker Punch|p2a: Kyogre
|-damage|p2a: Kyogre|0 fnt
|faint|p2a: Kyogre
|
|-weather|RainDance|[upkeep]
|-damage|p1a: Yveltal|11/100 brn|[from] brn
|upkeep
|
|t:|1657722613
|switch|p2a: Kyurem|Kyurem-Black|100/100
|-ability|p2a: Kyurem|Teravolt
|turn|34
|
|t:|1657722619
|move|p2a: Kyurem|Dragon Dance|p2a: Kyurem
|-boost|p2a: Kyurem|atk|1
|-boost|p2a: Kyurem|spe|1
|move|p1a: Yveltal|Knock Off|p2a: Kyurem
|-damage|p2a: Kyurem|75/100
|-enditem|p2a: Kyurem|Heavy-Duty Boots|[from] move: Knock Off|[of] p1a: Yveltal
|
|-weather|RainDance|[upkeep]
|-damage|p1a: Yveltal|4/100 brn|[from] brn
|upkeep
|turn|35
|
|t:|1657722630
|switch|p1a: Necrozma|Necrozma-Dusk-Mane|100/100
|move|p2a: Kyurem|Dragon Dance|p2a: Kyurem
|-boost|p2a: Kyurem|atk|1
|-boost|p2a: Kyurem|spe|1
|
|-weather|none
|upkeep
|turn|36
|
|t:|1657722638
|move|p2a: Kyurem|Fusion Bolt|p1a: Necrozma
|-damage|p1a: Necrozma|41/100
|move|p1a: Necrozma|Sunsteel Strike|p2a: Kyurem
|-supereffective|p2a: Kyurem
|-damage|p2a: Kyurem|0 fnt
|faint|p2a: Kyurem
|
|upkeep
|
|t:|1657722647
|switch|p2a: Giratina|Giratina-Origin|43/100
|turn|37
|
|t:|1657722651
|move|p2a: Giratina|Poltergeist|p1a: Necrozma
|-activate|p1a: Necrozma|move: Poltergeist|Weakness Policy
|-supereffective|p1a: Necrozma
|-damage|p1a: Necrozma|0 fnt
|faint|p1a: Necrozma
|
|upkeep
|
|t:|1657722658
|switch|p1a: Yveltal|Yveltal|4/100 brn
|-ability|p1a: Yveltal|Dark Aura
|turn|38
|
|t:|1657722662
|move|p1a: Yveltal|Sucker Punch||[still]
|-fail|p1a: Yveltal
|move|p2a: Giratina|Will-O-Wisp|p1a: Yveltal
|-fail|p1a: Yveltal|brn
|
|-damage|p1a: Yveltal|0 fnt|[from] brn
|faint|p1a: Yveltal
|upkeep
|
|t:|1657722669
|switch|p1a: Cinderace|Cinderace, M|100/100
|turn|39
|
|t:|1657722675
|move|p1a: Cinderace|Pyro Ball|p2a: Giratina
|-resisted|p2a: Giratina
|-damage|p2a: Giratina|23/100
|move|p2a: Giratina|Will-O-Wisp|p1a: Cinderace
|-immune|p1a: Cinderace
|
|upkeep
|turn|40
|
|t:|1657722681
|move|p1a: Cinderace|Sucker Punch|p2a: Giratina
|-start|p1a: Cinderace|typechange|Dark|[from] ability: Libero
|-supereffective|p2a: Giratina
|-damage|p2a: Giratina|0 fnt
|faint|p2a: Giratina
|
|win|raetta
|raw|raetta's rating: 1278 &rarr; <strong>1309</strong><br />(+31 for winning)
|raw|Ryriss's rating: 1360 &rarr; <strong>1335</strong><br />(-25 for losing)
|l|☆Ryriss
|c|☆raetta|gg wp
||Ladder isn't responding, score probably updated but might not have (Request timeout).
