|j|☆ihavebestsandteam
|j|☆Mega Ray isnt good
|t:|1665522467
|gametype|singles
|player|p1|ihavebestsandteam|lucas|1511
|player|p2|Mega Ray isnt good|benga|1549
|teamsize|p1|6
|teamsize|p2|6
|gen|8
|tier|[Gen 8] Ubers
|rated|
|rule|Sleep Clause Mod: Limit one foe put to sleep
|rule|Species Clause: Limit one of each Pokémon
|rule|OHKO Clause: OHKO moves are banned
|rule|Evasion Items Clause: Evasion items are banned
|rule|Evasion Moves Clause: Evasion moves are banned
|rule|Endless Battle Clause: Forcing endless battles is banned
|rule|HP Percentage Mod: HP is shown in percentages
|rule|Dynamax Clause: You cannot dynamax
|clearpoke
|poke|p1|Eternatus|
|poke|p1|Toxapex, M|
|poke|p1|Tangrowth, M|
|poke|p1|Necrozma-Dusk-Mane|
|poke|p1|Ho-Oh|
|poke|p1|Umbreon, M|
|poke|p2|Zygarde|
|poke|p2|Hatterene, F|
|poke|p2|Calyrex-Ice|
|poke|p2|Ho-Oh|
|poke|p2|Xerneas-*|
|poke|p2|Reshiram|
|teampreview
|j| georgebowserjr1
|
|t:|1665522480
|start
|switch|p1a: Necrozma|Necrozma-Dusk-Mane|100/100
|switch|p2a: Zygarde|Zygarde|100/100
|turn|1
|
|t:|1665522485
|switch|p1a: Ho-Oh|Ho-Oh|100/100
|move|p2a: Zygarde|Thousand Arrows|p1a: Ho-Oh
|-damage|p1a: Ho-Oh|60/100
|-start|p1a: Ho-Oh|Smack Down
|
|upkeep
|turn|2
|
|t:|1665522488
|switch|p1a: Tangrowth|Tangrowth, M|100/100
|move|p2a: Zygarde|Thousand Arrows|p1a: Tangrowth
|-resisted|p1a: Tangrowth
|-crit|p1a: Tangrowth
|-damage|p1a: Tangrowth|76/100
|
|upkeep
|turn|3
|
|t:|1665522493
|switch|p2a: Reshiram|Reshiram|100/100
|-ability|p2a: Reshiram|Turboblaze
|switch|p1a: Ho-Oh|Ho-Oh|93/100
|
|upkeep
|turn|4
|
|t:|1665522496
|switch|p1a: Toxapex|Toxapex, M|100/100
|move|p2a: Reshiram|Dragon Pulse|p1a: Toxapex
|-damage|p1a: Toxapex|65/100
|
|upkeep
|turn|5
|
|t:|1665522501
|move|p1a: Toxapex|Baneful Bunker|p1a: Toxapex
|-singleturn|p1a: Toxapex|move: Protect
|move|p2a: Reshiram|Dragon Pulse|p1a: Toxapex
|-activate|p1a: Toxapex|move: Protect
|
|upkeep
|turn|6
|
|t:|1665522512
|switch|p1a: Ho-Oh|Ho-Oh|100/100
|move|p2a: Reshiram|Dragon Pulse|p1a: Ho-Oh
|-damage|p1a: Ho-Oh|71/100
|
|upkeep
|turn|7
|
|t:|1665522517
|switch|p1a: Toxapex|Toxapex, M|98/100
|move|p2a: Reshiram|Roost||[still]
|-fail|p2a: Reshiram|heal
|
|upkeep
|turn|8
|
|t:|1665522520
|switch|p2a: Zygarde|Zygarde|100/100
|switch|p1a: Ho-Oh|Ho-Oh|100/100
|
|upkeep
|turn|9
|
|t:|1665522525
|switch|p1a: Tangrowth|Tangrowth, M|100/100
|move|p2a: Zygarde|Thousand Arrows|p1a: Tangrowth
|-resisted|p1a: Tangrowth
|-damage|p1a: Tangrowth|83/100
|
|upkeep
|turn|10
|
|t:|1665522535
|switch|p2a: Hatterene|Hatterene, F|100/100
|switch|p1a: Ho-Oh|Ho-Oh|100/100
|
|upkeep
|turn|11
|
|t:|1665522544
|switch|p1a: Necrozma|Necrozma-Dusk-Mane|100/100
|move|p2a: Hatterene|Trick Room|p2a: Hatterene
|-fieldstart|move: Trick Room|[of] p2a: Hatterene
|
|upkeep
|turn|12
|
|t:|1665522547
|move|p2a: Hatterene|Mystical Fire|p1a: Necrozma
|-supereffective|p1a: Necrozma
|-damage|p1a: Necrozma|73/100
|-unboost|p1a: Necrozma|spa|1
|move|p1a: Necrozma|Iron Head|p2a: Hatterene
|-supereffective|p2a: Hatterene
|-damage|p2a: Hatterene|14/100
|
|-heal|p1a: Necrozma|79/100|[from] item: Leftovers
|upkeep
|turn|13
|
|t:|1665522552
|move|p2a: Hatterene|Healing Wish|p2a: Hatterene
|faint|p2a: Hatterene
|move|p1a: Necrozma|Morning Sun|p1a: Necrozma
|-heal|p1a: Necrozma|100/100
|
|upkeep
|
|t:|1665522558
|switch|p2a: Reshiram|Reshiram|100/100
|-ability|p2a: Reshiram|Turboblaze
|turn|14
|
|t:|1665522565
|switch|p1a: Toxapex|Toxapex, M|100/100
|move|p2a: Reshiram|Blue Flare|p1a: Toxapex
|-resisted|p1a: Toxapex
|-damage|p1a: Toxapex|73/100
|
|upkeep
|turn|15
|
|t:|1665522571
|switch|p2a: Ho-Oh|Ho-Oh|100/100
|move|p1a: Toxapex|Knock Off|p2a: Ho-Oh
|-damage|p2a: Ho-Oh|84/100
|-enditem|p2a: Ho-Oh|Choice Band|[from] move: Knock Off|[of] p1a: Toxapex
|
|-fieldend|move: Trick Room
|upkeep
|turn|16
|
|t:|1665522577
|move|p1a: Toxapex|Baneful Bunker|p1a: Toxapex
|-singleturn|p1a: Toxapex|move: Protect
|move|p2a: Ho-Oh|Thunder Wave|p1a: Toxapex
|-activate|p1a: Toxapex|move: Protect
|
|upkeep
|turn|17
|
|t:|1665522581
|switch|p2a: Calyrex|Calyrex-Ice|100/100
|-ability|p2a: Calyrex|As One
|-ability|p2a: Calyrex|Unnerve
|move|p1a: Toxapex|Recover|p1a: Toxapex
|-heal|p1a: Toxapex|100/100
|
|upkeep
|turn|18
|
|t:|1665522590
|switch|p2a: Zygarde|Zygarde|100/100
|move|p1a: Toxapex|Knock Off|p2a: Zygarde
|-damage|p2a: Zygarde|91/100
|-enditem|p2a: Zygarde|Choice Band|[from] move: Knock Off|[of] p1a: Toxapex
|
|upkeep
|turn|19
|
|t:|1665522596
|switch|p1a: Ho-Oh|Ho-Oh|100/100
|move|p2a: Zygarde|Thousand Arrows|p1a: Ho-Oh
|-damage|p1a: Ho-Oh|70/100
|-start|p1a: Ho-Oh|Smack Down
|
|upkeep
|turn|20
|
|t:|1665522600
|switch|p1a: Tangrowth|Tangrowth, M|100/100
|move|p2a: Zygarde|Dragon Tail|p1a: Tangrowth
|-crit|p1a: Tangrowth
|-damage|p1a: Tangrowth|76/100
|drag|p1a: Necrozma|Necrozma-Dusk-Mane|100/100
|
|upkeep
|turn|21
|l| georgebowserjr1
|
|t:|1665522604
|switch|p1a: Ho-Oh|Ho-Oh|100/100
|move|p2a: Zygarde|Skitter Smack|p1a: Ho-Oh
|-resisted|p1a: Ho-Oh
|-damage|p1a: Ho-Oh|97/100
|-unboost|p1a: Ho-Oh|spa|1
|
|upkeep
|turn|22
|
|t:|1665522609
|switch|p1a: Tangrowth|Tangrowth, M|100/100
|move|p2a: Zygarde|Thousand Arrows|p1a: Tangrowth
|-resisted|p1a: Tangrowth
|-damage|p1a: Tangrowth|89/100
|
|upkeep
|turn|23
|
|t:|1665522616
|switch|p1a: Ho-Oh|Ho-Oh|100/100
|move|p2a: Zygarde|Skitter Smack|p1a: Ho-Oh|[miss]
|-miss|p2a: Zygarde|p1a: Ho-Oh
|
|upkeep
|turn|24
|
|t:|1665522619
|switch|p2a: Calyrex|Calyrex-Ice|100/100
|-ability|p2a: Calyrex|As One
|-ability|p2a: Calyrex|Unnerve
|switch|p1a: Tangrowth|Tangrowth, M|100/100
|
|upkeep
|turn|25
|
|t:|1665522623
|switch|p1a: Toxapex|Toxapex, M|100/100
|move|p2a: Calyrex|Swords Dance|p2a: Calyrex
|-boost|p2a: Calyrex|atk|2
|
|upkeep
|turn|26
|
|t:|1665522632
|move|p1a: Toxapex|Baneful Bunker|p1a: Toxapex
|-singleturn|p1a: Toxapex|move: Protect
|move|p2a: Calyrex|Swords Dance|p2a: Calyrex
|-boost|p2a: Calyrex|atk|2
|
|upkeep
|turn|27
|j| Ariin tha rein
|
|t:|1665522638
|move|p2a: Calyrex|Glacial Lance|p1a: Toxapex
|-resisted|p1a: Toxapex
|-damage|p1a: Toxapex|0 fnt
|faint|p1a: Toxapex
|-ability|p2a: Calyrex|Chilling Neigh|boost
|-boost|p2a: Calyrex|atk|1
|
|upkeep
|
|t:|1665522644
|switch|p1a: Umbreon|Umbreon, M|100/100
|turn|28
|l| Ariin tha rein
|
|t:|1665522652
|switch|p2a: Xerneas|Xerneas|100/100
|-ability|p2a: Xerneas|Fairy Aura
|move|p1a: Umbreon|Foul Play|p2a: Xerneas
|-resisted|p2a: Xerneas
|-damage|p2a: Xerneas|88/100
|
|-heal|p2a: Xerneas|95/100|[from] item: Leftovers
|upkeep
|turn|29
|
|t:|1665522659
|switch|p2a: Reshiram|Reshiram|100/100
|-ability|p2a: Reshiram|Turboblaze
|switch|p1a: Necrozma|Necrozma-Dusk-Mane|100/100
|
|upkeep
|turn|30
|
|t:|1665522664
|switch|p1a: Ho-Oh|Ho-Oh|100/100
|move|p2a: Reshiram|Dragon Pulse|p1a: Ho-Oh
|-damage|p1a: Ho-Oh|74/100
|
|upkeep
|turn|31
|
|t:|1665522668
|switch|p1a: Umbreon|Umbreon, M|100/100
|move|p2a: Reshiram|Dragon Pulse|p1a: Umbreon
|-damage|p1a: Umbreon|73/100
|
|upkeep
|turn|32
|
|t:|1665522670
|move|p2a: Reshiram|Dragon Pulse|p1a: Umbreon
|-damage|p1a: Umbreon|42/100
|move|p1a: Umbreon|Wish|p1a: Umbreon
|
|upkeep
|turn|33
|
|t:|1665522676
|move|p1a: Umbreon|Protect|p1a: Umbreon
|-singleturn|p1a: Umbreon|Protect
|move|p2a: Reshiram|Dragon Pulse|p1a: Umbreon
|-activate|p1a: Umbreon|move: Protect
|
|-heal|p1a: Umbreon|92/100|[from] move: Wish|[wisher] Umbreon
|upkeep
|turn|34
|
|t:|1665522679
|switch|p1a: Ho-Oh|Ho-Oh|100/100
|move|p2a: Reshiram|Dragon Pulse|p1a: Ho-Oh
|-damage|p1a: Ho-Oh|73/100
|
|upkeep
|turn|35
|
|t:|1665522683
|switch|p2a: Zygarde|Zygarde|91/100
|-heal|p2a: Zygarde|100/100|[from] move: Healing Wish
|move|p1a: Ho-Oh|Whirlwind|p2a: Zygarde
|drag|p2a: Reshiram|Reshiram|100/100
|-ability|p2a: Reshiram|Turboblaze
|
|upkeep
|turn|36
|
|t:|1665522696
|move|p2a: Reshiram|Dragon Pulse|p1a: Ho-Oh
|-damage|p1a: Ho-Oh|44/100
|move|p1a: Ho-Oh|Whirlwind|p2a: Reshiram
|drag|p2a: Ho-Oh|Ho-Oh|100/100
|
|upkeep
|turn|37
|
|t:|1665522702
|switch|p1a: Eternatus|Eternatus|100/100
|-ability|p1a: Eternatus|Pressure
|move|p2a: Ho-Oh|Brave Bird|p1a: Eternatus
|-damage|p1a: Eternatus|55/100
|-damage|p2a: Ho-Oh|81/100|[from] Recoil
|
|upkeep
|turn|38
|
|t:|1665522705
|move|p1a: Eternatus|Recover|p1a: Eternatus
|-heal|p1a: Eternatus|100/100
|move|p2a: Ho-Oh|Thunder Wave|p1a: Eternatus
|-status|p1a: Eternatus|par
|
|upkeep
|turn|39
|
|t:|1665522710
|switch|p1a: Necrozma|Necrozma-Dusk-Mane|100/100
|move|p2a: Ho-Oh|Brave Bird|p1a: Necrozma
|-resisted|p1a: Necrozma
|-damage|p1a: Necrozma|80/100
|-damage|p2a: Ho-Oh|74/100|[from] Recoil
|
|-heal|p1a: Necrozma|86/100|[from] item: Leftovers
|upkeep
|turn|40
|
|t:|1665522714
|move|p2a: Ho-Oh|Sacred Fire|p1a: Necrozma
|-supereffective|p1a: Necrozma
|-damage|p1a: Necrozma|32/100
|-status|p1a: Necrozma|brn
|move|p1a: Necrozma|Thunder Wave|p2a: Ho-Oh
|-status|p2a: Ho-Oh|par
|
|-heal|p1a: Necrozma|38/100 brn|[from] item: Leftovers
|-damage|p1a: Necrozma|32/100 brn|[from] brn
|upkeep
|turn|41
|
|t:|1665522723
|move|p1a: Necrozma|Morning Sun|p1a: Necrozma
|-heal|p1a: Necrozma|82/100 brn
|move|p2a: Ho-Oh|Flare Blitz|p1a: Necrozma
|-supereffective|p1a: Necrozma
|-damage|p1a: Necrozma|17/100 brn
|-damage|p2a: Ho-Oh|50/100 par|[from] Recoil
|
|-heal|p1a: Necrozma|23/100 brn|[from] item: Leftovers
|-damage|p1a: Necrozma|17/100 brn|[from] brn
|upkeep
|turn|42
|j| luisYR_b
|
|t:|1665522734
|switch|p2a: Xerneas|Xerneas|95/100
|-ability|p2a: Xerneas|Fairy Aura
|move|p1a: Necrozma|Stealth Rock|p2a: Xerneas
|-sidestart|p2: Mega Ray isnt good|move: Stealth Rock
|
|-heal|p2a: Xerneas|100/100|[from] item: Leftovers
|-heal|p1a: Necrozma|23/100 brn|[from] item: Leftovers
|-damage|p1a: Necrozma|17/100 brn|[from] brn
|upkeep
|turn|43
|
|t:|1665522740
|switch|p1a: Ho-Oh|Ho-Oh|77/100
|move|p2a: Xerneas|Aromatherapy|p2a: Xerneas
|-activate|p2a: Xerneas|move: Aromatherapy
|-curestatus|p2: Ho-Oh|par|[msg]
|
|upkeep
|turn|44
|
|t:|1665522744
|switch|p2a: Reshiram|Reshiram|100/100
|-ability|p2a: Reshiram|Turboblaze
|move|p1a: Ho-Oh|Whirlwind|p2a: Reshiram
|drag|p2a: Xerneas|Xerneas|100/100
|-damage|p2a: Xerneas|88/100|[from] Stealth Rock
|-ability|p2a: Xerneas|Fairy Aura
|
|-heal|p2a: Xerneas|94/100|[from] item: Leftovers
|upkeep
|turn|45
|
|t:|1665522756
|switch|p2a: Reshiram|Reshiram|100/100
|-ability|p2a: Reshiram|Turboblaze
|switch|p1a: Eternatus|Eternatus|100/100 par
|-ability|p1a: Eternatus|Pressure
|
|upkeep
|turn|46
|
|t:|1665522759
|switch|p1a: Ho-Oh|Ho-Oh|100/100
|move|p2a: Reshiram|Defog|p1a: Ho-Oh
|-unboost|p1a: Ho-Oh|evasion|1
|-sideend|p2: Mega Ray isnt good|Stealth Rock|[from] move: Defog|[of] p2a: Reshiram
|
|upkeep
|turn|47
|
|t:|1665522765
|switch|p1a: Umbreon|Umbreon, M|92/100
|switch|p2a: Ho-Oh|Ho-Oh|83/100
|
|upkeep
|turn|48
|
|t:|1665522773
|move|p2a: Ho-Oh|Sacred Fire|p1a: Umbreon|[miss]
|-miss|p2a: Ho-Oh|p1a: Umbreon
|move|p1a: Umbreon|Wish|p1a: Umbreon
|
|upkeep
|turn|49
|
|t:|1665522777
|move|p2a: Ho-Oh|Thunder Wave|p1a: Umbreon
|-status|p1a: Umbreon|par
|-activate|p1a: Umbreon|ability: Synchronize
|-status|p2a: Ho-Oh|par
|move|p1a: Umbreon|Heal Bell|p1a: Umbreon
|-activate|p1a: Umbreon|move: Heal Bell
|-curestatus|p1a: Umbreon|par|[msg]
|-curestatus|p1: Eternatus|par|[msg]
|-curestatus|p1: Necrozma|brn|[msg]
|
|-heal|p1a: Umbreon|100/100|[from] move: Wish|[wisher] Umbreon
|upkeep
|turn|50
|
|t:|1665522785
|switch|p1a: Ho-Oh|Ho-Oh|100/100
|switch|p2a: Xerneas|Xerneas|94/100
|-ability|p2a: Xerneas|Fairy Aura
|
|-heal|p2a: Xerneas|99/100|[from] item: Leftovers
|upkeep
|turn|51
|
|t:|1665522789
|switch|p1a: Necrozma|Necrozma-Dusk-Mane|17/100
|move|p2a: Xerneas|Aromatherapy|p2a: Xerneas
|-activate|p2a: Xerneas|move: Aromatherapy
|-curestatus|p2: Ho-Oh|par|[msg]
|
|-heal|p2a: Xerneas|100/100|[from] item: Leftovers
|-heal|p1a: Necrozma|23/100|[from] item: Leftovers
|upkeep
|turn|52
|
|t:|1665522798
|switch|p2a: Zygarde|Zygarde|100/100
|move|p1a: Necrozma|Stealth Rock|p2a: Zygarde
|-sidestart|p2: Mega Ray isnt good|move: Stealth Rock
|
|-heal|p1a: Necrozma|29/100|[from] item: Leftovers
|upkeep
|turn|53
|
|t:|1665522802
|switch|p1a: Tangrowth|Tangrowth, M|100/100
|move|p2a: Zygarde|Thousand Arrows|p1a: Tangrowth
|-resisted|p1a: Tangrowth
|-damage|p1a: Tangrowth|90/100
|
|upkeep
|turn|54
|
|t:|1665522808
|move|p2a: Zygarde|Skitter Smack|p1a: Tangrowth
|-supereffective|p1a: Tangrowth
|-damage|p1a: Tangrowth|68/100
|-unboost|p1a: Tangrowth|spa|1
|move|p1a: Tangrowth|Leech Seed|p2a: Zygarde
|-start|p2a: Zygarde|move: Leech Seed
|
|-damage|p2a: Zygarde|88/100|[from] Leech Seed|[of] p1a: Tangrowth
|-heal|p1a: Tangrowth|81/100|[silent]
|upkeep
|turn|55
|
|t:|1665522814
|switch|p2a: Reshiram|Reshiram|100/100
|-ability|p2a: Reshiram|Turboblaze
|move|p1a: Tangrowth|Leech Seed|p2a: Reshiram
|-start|p2a: Reshiram|move: Leech Seed
|
|-damage|p2a: Reshiram|88/100|[from] Leech Seed|[of] p1a: Tangrowth
|-heal|p1a: Tangrowth|94/100|[silent]
|upkeep
|turn|56
|
|t:|1665522818
|switch|p1a: Umbreon|Umbreon, M|100/100
|move|p2a: Reshiram|Defog|p1a: Umbreon
|-unboost|p1a: Umbreon|evasion|1
|-sideend|p2: Mega Ray isnt good|Stealth Rock|[from] move: Defog|[of] p2a: Reshiram
|
|-damage|p2a: Reshiram|76/100|[from] Leech Seed|[of] p1a: Umbreon
|upkeep
|turn|57
|l| luisYR_b
|
|t:|1665522821
|move|p2a: Reshiram|Blue Flare|p1a: Umbreon
|-damage|p1a: Umbreon|60/100
|-status|p1a: Umbreon|brn
|-activate|p1a: Umbreon|ability: Synchronize
|-immune|p2a: Reshiram
|move|p1a: Umbreon|Wish|p1a: Umbreon
|
|-damage|p2a: Reshiram|63/100|[from] Leech Seed|[of] p1a: Umbreon
|-heal|p1a: Umbreon|73/100 brn|[silent]
|-damage|p1a: Umbreon|66/100 brn|[from] brn
|upkeep
|turn|58
|j| luisYR_b
|
|t:|1665522829
|switch|p2a: Ho-Oh|Ho-Oh|100/100
|move|p1a: Umbreon|Foul Play|p2a: Ho-Oh
|-crit|p2a: Ho-Oh
|-damage|p2a: Ho-Oh|65/100
|
|-heal|p1a: Umbreon|100/100 brn|[from] move: Wish|[wisher] Umbreon
|-damage|p1a: Umbreon|94/100 brn|[from] brn
|upkeep
|turn|59
|
|t:|1665522831
|switch|p2a: Calyrex|Calyrex-Ice|100/100
|-ability|p2a: Calyrex|As One
|-ability|p2a: Calyrex|Unnerve
|switch|p1a: Ho-Oh|Ho-Oh|100/100
|
|upkeep
|turn|60
|
|t:|1665522836
|move|p1a: Ho-Oh|Sacred Fire|p2a: Calyrex
|-supereffective|p2a: Calyrex
|-damage|p2a: Calyrex|50/100
|-status|p2a: Calyrex|brn
|move|p2a: Calyrex|Trick Room|p2a: Calyrex
|-fieldstart|move: Trick Room|[of] p2a: Calyrex
|
|-heal|p2a: Calyrex|56/100 brn|[from] item: Leftovers
|-damage|p2a: Calyrex|50/100 brn|[from] brn
|upkeep
|turn|61
|
|t:|1665522842
|switch|p2a: Xerneas|Xerneas|100/100
|-ability|p2a: Xerneas|Fairy Aura
|move|p1a: Ho-Oh|Whirlwind|p2a: Xerneas
|drag|p2a: Reshiram|Reshiram|63/100
|-ability|p2a: Reshiram|Turboblaze
|
|upkeep
|turn|62
|
|t:|1665522847
|switch|p1a: Eternatus|Eternatus|100/100
|-ability|p1a: Eternatus|Pressure
|switch|p2a: Xerneas|Xerneas|100/100
|-ability|p2a: Xerneas|Fairy Aura
|
|upkeep
|turn|63
|
|t:|1665522851
|switch|p1a: Ho-Oh|Ho-Oh|100/100
|move|p2a: Xerneas|Aromatherapy|p2a: Xerneas
|-activate|p2a: Xerneas|move: Aromatherapy
|-curestatus|p2: Calyrex|brn|[msg]
|
|upkeep
|turn|64
|
|t:|1665522857
|switch|p1a: Necrozma|Necrozma-Dusk-Mane|29/100
|switch|p2a: Reshiram|Reshiram|63/100
|-ability|p2a: Reshiram|Turboblaze
|
|-heal|p1a: Necrozma|35/100|[from] item: Leftovers
|-fieldend|move: Trick Room
|upkeep
|turn|65
|
|t:|1665522860
|switch|p1a: Ho-Oh|Ho-Oh|100/100
|move|p2a: Reshiram|Roost|p2a: Reshiram
|-heal|p2a: Reshiram|100/100
|-singleturn|p2a: Reshiram|move: Roost
|
|upkeep
|turn|66
|
|t:|1665522867
|switch|p1a: Umbreon|Umbreon, M|94/100 brn
|switch|p2a: Zygarde|Zygarde|88/100
|
|-damage|p1a: Umbreon|88/100 brn|[from] brn
|upkeep
|turn|67
|
|t:|1665522873
|switch|p1a: Tangrowth|Tangrowth, M|100/100
|move|p2a: Zygarde|Thousand Arrows|p1a: Tangrowth
|-resisted|p1a: Tangrowth
|-damage|p1a: Tangrowth|90/100
|
|upkeep
|turn|68
|
|t:|1665522875
|switch|p1a: Ho-Oh|Ho-Oh|100/100
|move|p2a: Zygarde|Dragon Tail|p1a: Ho-Oh|[miss]
|-miss|p2a: Zygarde|p1a: Ho-Oh
|
|upkeep
|turn|69
|
|t:|1665522888
|switch|p2a: Reshiram|Reshiram|100/100
|-ability|p2a: Reshiram|Turboblaze
|switch|p1a: Tangrowth|Tangrowth, M|100/100
|
|upkeep
|turn|70
|
|t:|1665522891
|switch|p2a: Calyrex|Calyrex-Ice|50/100
|-ability|p2a: Calyrex|As One
|-ability|p2a: Calyrex|Unnerve
|switch|p1a: Ho-Oh|Ho-Oh|100/100
|
|-heal|p2a: Calyrex|56/100|[from] item: Leftovers
|upkeep
|turn|71
|
|t:|1665522895
|switch|p2a: Zygarde|Zygarde|88/100
|move|p1a: Ho-Oh|Whirlwind|p2a: Zygarde
|drag|p2a: Ho-Oh|Ho-Oh|98/100
|
|upkeep
|turn|72
|
|t:|1665522901
|switch|p1a: Eternatus|Eternatus|100/100
|-ability|p1a: Eternatus|Pressure
|move|p2a: Ho-Oh|Thunder Wave|p1a: Eternatus
|-status|p1a: Eternatus|par
|
|upkeep
|turn|73
|
|t:|1665522906
|switch|p2a: Zygarde|Zygarde|88/100
|switch|p1a: Ho-Oh|Ho-Oh|100/100
|
|upkeep
|turn|74
|
|t:|1665522910
|switch|p1a: Tangrowth|Tangrowth, M|100/100
|move|p2a: Zygarde|Thousand Arrows|p1a: Tangrowth
|-resisted|p1a: Tangrowth
|-damage|p1a: Tangrowth|89/100
|
|upkeep
|turn|75
|
|t:|1665522918
|switch|p2a: Ho-Oh|Ho-Oh|100/100
|switch|p1a: Ho-Oh|Ho-Oh|100/100
|
|upkeep
|turn|76
|
|t:|1665522922
|switch|p1a: Tangrowth|Tangrowth, M|100/100
|move|p2a: Ho-Oh|Thunder Wave|p1a: Tangrowth|[miss]
|-miss|p2a: Ho-Oh|p1a: Tangrowth
|
|upkeep
|turn|77
|
|t:|1665522929
|switch|p1a: Ho-Oh|Ho-Oh|100/100
|move|p2a: Ho-Oh|Brave Bird|p1a: Ho-Oh
|-damage|p1a: Ho-Oh|57/100
|-damage|p2a: Ho-Oh|84/100|[from] Recoil
|
|upkeep
|turn|78
|
|t:|1665522932
|switch|p1a: Tangrowth|Tangrowth, M|100/100
|move|p2a: Ho-Oh|Brave Bird|p1a: Tangrowth
|-supereffective|p1a: Tangrowth
|-crit|p1a: Tangrowth
|-damage|p1a: Tangrowth|8/100
|-damage|p2a: Ho-Oh|49/100|[from] Recoil
|
|upkeep
|turn|79
|
|t:|1665522936
|switch|p2a: Calyrex|Calyrex-Ice|56/100
|-ability|p2a: Calyrex|As One
|-ability|p2a: Calyrex|Unnerve
|switch|p1a: Ho-Oh|Ho-Oh|90/100
|
|-heal|p2a: Calyrex|62/100|[from] item: Leftovers
|upkeep
|turn|80
|
|t:|1665522939
|switch|p1a: Necrozma|Necrozma-Dusk-Mane|35/100
|switch|p2a: Zygarde|Zygarde|88/100
|
|-heal|p1a: Necrozma|41/100|[from] item: Leftovers
|upkeep
|turn|81
|
|t:|1665522942
|switch|p1a: Ho-Oh|Ho-Oh|100/100
|move|p2a: Zygarde|Thousand Arrows|p1a: Ho-Oh
|-damage|p1a: Ho-Oh|69/100
|-start|p1a: Ho-Oh|Smack Down
|
|upkeep
|turn|82
|
|t:|1665522947
|switch|p2a: Calyrex|Calyrex-Ice|62/100
|-ability|p2a: Calyrex|As One
|-ability|p2a: Calyrex|Unnerve
|switch|p1a: Tangrowth|Tangrowth, M|41/100
|
|-heal|p2a: Calyrex|68/100|[from] item: Leftovers
|upkeep
|turn|83
|
|t:|1665522953
|switch|p1a: Necrozma|Necrozma-Dusk-Mane|41/100
|move|p2a: Calyrex|Trick Room|p2a: Calyrex
|-fieldstart|move: Trick Room|[of] p2a: Calyrex
|
|-heal|p2a: Calyrex|74/100|[from] item: Leftovers
|-heal|p1a: Necrozma|48/100|[from] item: Leftovers
|upkeep
|turn|84
|
|t:|1665522961
|move|p2a: Calyrex|Swords Dance|p2a: Calyrex
|-boost|p2a: Calyrex|atk|2
|move|p1a: Necrozma|Iron Head|p2a: Calyrex
|-supereffective|p2a: Calyrex
|-damage|p2a: Calyrex|29/100
|
|-heal|p2a: Calyrex|35/100|[from] item: Leftovers
|-heal|p1a: Necrozma|54/100|[from] item: Leftovers
|upkeep
|turn|85
|
|t:|1665522964
|move|p2a: Calyrex|Close Combat|p1a: Necrozma
|-damage|p1a: Necrozma|0 fnt
|-unboost|p2a: Calyrex|def|1
|-unboost|p2a: Calyrex|spd|1
|faint|p1a: Necrozma
|-ability|p2a: Calyrex|Chilling Neigh|boost
|-boost|p2a: Calyrex|atk|1
|
|-heal|p2a: Calyrex|42/100|[from] item: Leftovers
|upkeep
|-message|ihavebestsandteam forfeited.
|
|win|Mega Ray isnt good
|raw|ihavebestsandteam's rating: 1511 &rarr; <strong>1493</strong><br />(-18 for losing)
|raw|Mega Ray isnt good's rating: 1549 &rarr; <strong>1567</strong><br />(+18 for winning)
|l|☆ihavebestsandteam
|c|☆Mega Ray isnt good|boring bro
|l|☆Mega Ray isnt good
|j|☆Mega Ray isnt good
|player|p2|Mega Ray isnt good|benga
|l| luisYR_b
|l|☆Mega Ray isnt good
|player|p2|
|j|☆Mega Ray isnt good
|player|p2|Mega Ray isnt good|benga
||Ladder isn't responding, score probably updated but might not have (Request timeout).
