|j|☆Ainzcrad
|j|☆Nael222
|t:|1665331237
|gametype|singles
|player|p1|Ainzcrad|winona-gen6|
|player|p2|Nael222|169|
|teamsize|p1|6
|teamsize|p2|6
|gen|8
|tier|[Gen 8] Ubers
|rule|Sleep Clause Mod: Limit one foe put to sleep
|rule|Species Clause: Limit one of each Pokémon
|rule|OHKO Clause: OHKO moves are banned
|rule|Evasion Items Clause: Evasion items are banned
|rule|Evasion Moves Clause: Evasion moves are banned
|rule|Endless Battle Clause: Forcing endless battles is banned
|rule|HP Percentage Mod: HP is shown in percentages
|rule|Dynamax Clause: You cannot dynamax
|clearpoke
|poke|p1|Cloyster, F|
|poke|p1|Weavile, F|
|poke|p1|Necrozma-Dusk-Mane|
|poke|p1|Groudon|
|poke|p1|Yveltal|
|poke|p1|Calyrex-Shadow|
|poke|p2|Groudon|
|poke|p2|Yveltal|
|poke|p2|Necrozma-Dusk-Mane|
|poke|p2|Zekrom|
|poke|p2|Darmanitan-Galar, M|
|poke|p2|Weavile, M|
|teampreview
|c|☆Ainzcrad|hf
|c|☆Nael222|hf
|inactive|Battle timer is ON: inactive players will automatically lose when time's up. (requested by Ainzcrad)
|j| Siras
|j|+heroictobias
|j| Beraldinhoo
|j| TDNT
|inactive|Nael222 has 270 seconds left.
|j|+Raj.Shoot
|j| Joya
|c|+Raj.Shoot|good evening Ainzcrad
|j| thin film
|j|+gorex
|c|☆Ainzcrad|ge raj.shoot
|c|+Raj.Shoot|i need you to not win
|c|+Raj.Shoot|thank you
|inactive|Nael222 has 240 seconds left.
|c|☆Ainzcrad|sorry but i need to win for my team ;x
|j| Permission Slip
|j| Hoennseptile
|j| Ninja
|j| Ikaishi
|c|+Raj.Shoot|unfortunate does not begin
|
|t:|1665331342
|start
|switch|p1a: Cloyster|Cloyster, F|100/100
|switch|p2a: Darmanitan|Darmanitan-Galar, M|100/100
|turn|1
|j| KeldeoCrowned
|j| Sandevistan
|c| Ikaishi|goo Medichams
|c| Siras|-Beraldinhoo n sei qual jogo ver
|c| Siras|'-'-'
|c| Sandevistan|Gooo medichams
|
|t:|1665331367
|move|p2a: Darmanitan|U-turn|p1a: Cloyster
|-damage|p1a: Cloyster|69/100
|c| KeldeoCrowned|vamos medichams
|
|t:|1665331376
|switch|p2a: Necrozma|Necrozma-Dusk-Mane|100/100|[from]move: U-turn
|move|p1a: Cloyster|Shell Smash|p1a: Cloyster
|-unboost|p1a: Cloyster|def|1
|-unboost|p1a: Cloyster|spd|1
|-boost|p1a: Cloyster|atk|2
|-boost|p1a: Cloyster|spa|2
|-boost|p1a: Cloyster|spe|2
|
|upkeep
|turn|2
|c| Beraldinhoo|eu to vendo o do ash
|
|t:|1665331380
|move|p1a: Cloyster|Spikes|p2a: Necrozma
|-sidestart|p2: Nael222|Spikes
|move|p2a: Necrozma|Sunsteel Strike|p1a: Cloyster
|-damage|p1a: Cloyster|0 fnt
|faint|p1a: Cloyster
|-damage|p2a: Necrozma|91/100|[from] item: Life Orb
|
|upkeep
|c| Beraldinhoo|mas espero que o ainz vença
|c| Beraldinhoo|'-'
|c| KeldeoCrowned|que
|
|t:|1665331390
|switch|p1a: Calyrex|Calyrex-Shadow|100/100
|-ability|p1a: Calyrex|As One
|-ability|p1a: Calyrex|Unnerve
|turn|3
|
|t:|1665331393
|switch|p1a: Weavile|Weavile, F|100/100
|-ability|p1a: Weavile|Pressure
|switch|p2a: Yveltal|Yveltal|100/100
|-ability|p2a: Yveltal|Dark Aura
|
|upkeep
|turn|4
|
|t:|1665331400
|switch|p2a: Necrozma|Necrozma-Dusk-Mane|91/100
|-damage|p2a: Necrozma|78/100|[from] Spikes
|move|p1a: Weavile|Swords Dance|p1a: Weavile
|-boost|p1a: Weavile|atk|2
|
|upkeep
|turn|5
|
|t:|1665331407
|move|p1a: Weavile|Knock Off|p2a: Necrozma
|-supereffective|p2a: Necrozma
|-damage|p2a: Necrozma|0 fnt
|-enditem|p2a: Necrozma|Life Orb|[from] move: Knock Off|[of] p1a: Weavile
|faint|p2a: Necrozma
|
|upkeep
|
|t:|1665331416
|switch|p2a: Weavile|Weavile, M|100/100
|-damage|p2a: Weavile|88/100|[from] Spikes
|-ability|p2a: Weavile|Pressure
|turn|6
|
|t:|1665331420
|move|p2a: Weavile|Knock Off|p1a: Weavile
|-resisted|p1a: Weavile
|-damage|p1a: Weavile|42/100
|-enditem|p1a: Weavile|Focus Sash|[from] move: Knock Off|[of] p2a: Weavile
|move|p1a: Weavile|Triple Axel|p2a: Weavile|[miss]
|-miss|p1a: Weavile|p2a: Weavile
|
|upkeep
|turn|7
|
|t:|1665331425
|move|p2a: Weavile|Knock Off|p1a: Weavile
|-resisted|p1a: Weavile
|-damage|p1a: Weavile|1/100
|move|p1a: Weavile|Triple Axel|p2a: Weavile|[miss]
|-miss|p1a: Weavile|p2a: Weavile
|
|upkeep
|turn|8
|c| KeldeoCrowned|é o golpe
|j| Demon Visions
|c| KeldeoCrowned|que não deve ser
|
|t:|1665331431
|move|p1a: Weavile|Ice Shard|p2a: Weavile
|-resisted|p2a: Weavile
|-damage|p2a: Weavile|52/100
|move|p2a: Weavile|Knock Off|p1a: Weavile
|-resisted|p1a: Weavile
|-damage|p1a: Weavile|0 fnt
|faint|p1a: Weavile
|
|upkeep
|c| KeldeoCrowned|mencionado
|l| Joya
|c| Hoennseptile|wow
|
|t:|1665331434
|switch|p1a: Calyrex|Calyrex-Shadow|100/100
|-ability|p1a: Calyrex|As One
|-ability|p1a: Calyrex|Unnerve
|turn|9
|c| thin film|q_q
|c| Sandevistan|Menudo robo
|c| KeldeoCrowned|Keldeo moment
|j| Joya
|
|t:|1665331439
|switch|p2a: Yveltal|Yveltal|100/100
|-ability|p2a: Yveltal|Dark Aura
|move|p1a: Calyrex|Draining Kiss|p2a: Yveltal
|-supereffective|p2a: Yveltal
|-damage|p2a: Yveltal|78/100
|
|upkeep
|turn|10
|c| Ikaishi|0
|c| Siras|perd
|l| Sandevistan
|inactive|Nael222 has 270 seconds left.
|
|t:|1665331478
|switch|p1a: Yveltal|Yveltal|100/100
|-ability|p1a: Yveltal|Dark Aura
|move|p2a: Yveltal|Defog|p1a: Yveltal
|-unboost|p1a: Yveltal|evasion|1
|-sideend|p2: Nael222|Spikes|[from] move: Defog|[of] p2a: Yveltal
|
|upkeep
|turn|11
|inactive|Nael222 has 270 seconds left.
|j| Sandevistan
|inactive|Nael222 has 240 seconds left.
|j| javitu
|j| Sificon gen 6 Mono
|inactive|Nael222 has 210 seconds left.
|
|t:|1665331557
|move|p1a: Yveltal|Oblivion Wing|p2a: Yveltal
|-damage|p2a: Yveltal|52/100
|-damage|p1a: Yveltal|91/100|[from] item: Life Orb
|move|p2a: Yveltal|U-turn|p1a: Yveltal
|-damage|p1a: Yveltal|71/100
|c| KeldeoCrowned|hello there javitu
|
|t:|1665331570
|switch|p2a: Weavile|Weavile, M|52/100|[from]move: U-turn
|-ability|p2a: Weavile|Pressure
|
|upkeep
|turn|12
|l| javitu
|
|t:|1665331591
|move|p1a: Yveltal|Sucker Punch|p2a: Weavile
|-resisted|p2a: Weavile
|-damage|p2a: Weavile|0 fnt
|faint|p2a: Weavile
|-damage|p1a: Yveltal|61/100|[from] item: Life Orb
|
|upkeep
|
|t:|1665331597
|switch|p2a: Darmanitan|Darmanitan-Galar, M|100/100
|turn|13
|
|t:|1665331600
|move|p1a: Yveltal|Sucker Punch|p2a: Darmanitan
|-damage|p2a: Darmanitan|0 fnt
|faint|p2a: Darmanitan
|-damage|p1a: Yveltal|51/100|[from] item: Life Orb
|
|upkeep
|c| KeldeoCrowned|toma seu cachorro
|c| Ikaishi|lmfoa
|
|t:|1665331608
|switch|p2a: Groudon|Groudon|100/100
|-weather|SunnyDay|[from] ability: Drought|[of] p2a: Groudon
|turn|14
|c| Ikaishi|lmfao*
|
|t:|1665331629
|move|p1a: Yveltal|Knock Off|p2a: Groudon
|-damage|p2a: Groudon|58/100
|-enditem|p2a: Groudon|Leftovers|[from] move: Knock Off|[of] p1a: Yveltal
|-damage|p1a: Yveltal|41/100|[from] item: Life Orb
|move|p2a: Groudon|Stone Edge|p1a: Yveltal
|-supereffective|p1a: Yveltal
|-crit|p1a: Yveltal
|-damage|p1a: Yveltal|0 fnt
|faint|p1a: Yveltal
|
|-weather|SunnyDay|[upkeep]
|upkeep
|
|t:|1665331656
|switch|p1a: Necrozma|Necrozma-Dusk-Mane|100/100
|turn|15
|
|t:|1665331665
|move|p2a: Groudon|Precipice Blades|p1a: Necrozma
|-supereffective|p1a: Necrozma
|-damage|p1a: Necrozma|27/100
|-enditem|p1a: Necrozma|Weakness Policy
|-boost|p1a: Necrozma|atk|2|[from] item: Weakness Policy
|-boost|p1a: Necrozma|spa|2|[from] item: Weakness Policy
|move|p1a: Necrozma|Dragon Dance|p1a: Necrozma
|-boost|p1a: Necrozma|atk|1
|-boost|p1a: Necrozma|spe|1
|
|-weather|SunnyDay|[upkeep]
|upkeep
|turn|16
|c| KeldeoCrowned|i
|c| thin film|kkkkkkk
|
|t:|1665331671
|move|p1a: Necrozma|Sunsteel Strike|p2a: Groudon
|-damage|p2a: Groudon|0 fnt
|faint|p2a: Groudon
|
|-weather|SunnyDay|[upkeep]
|upkeep
|c| Sandevistan|Sexo
|c| Siras|Sandevistan
|c| Siras|sexo
|
|t:|1665331680
|switch|p2a: Yveltal|Yveltal|52/100
|-ability|p2a: Yveltal|Dark Aura
|turn|17
|c| Sandevistan|Sexo dirás
|inactive|Nael222 has 210 seconds left.
|
|t:|1665331687
|move|p1a: Necrozma|Sunsteel Strike|p2a: Yveltal
|-damage|p2a: Yveltal|0 fnt
|faint|p2a: Yveltal
|
|-weather|SunnyDay|[upkeep]
|upkeep
|
|t:|1665331689
|switch|p2a: Zekrom|Zekrom|100/100
|-ability|p2a: Zekrom|Teravolt
|turn|18
|c| Siras|genio
|
|t:|1665331692
|move|p1a: Necrozma|Earthquake|p2a: Zekrom
|-supereffective|p2a: Zekrom
|-damage|p2a: Zekrom|0 fnt
|faint|p2a: Zekrom
|
|win|Ainzcrad
|c|☆Ainzcrad|gg
|l|☆Nael222
|l| Ikaishi
|l| TDNT
|l|+heroictobias
|l| Sificon gen 6 Mono
|l| KeldeoCrowned
|l| Sandevistan
|l| Hoennseptile
|l| Joya
|l|+Raj.Shoot
|l| thin film
|l| Ninja
|j| javitu
|l| javitu
|l|+gorex
|j| javitu
|l| Demon Visions
|l| javitu
