|raw|<div class="broadcast-blue"><strong>This battle is required to be public due to a player having a name starting with 'ndlt3hpu'.</div>
|j|☆NDLT3HPU 3d
|j|‽bdhb
|t:|1654651311
|gametype|singles
|player|p1|NDLT3HPU 3d|erika|
|player|p2|bdhb|2|
|teamsize|p1|6
|teamsize|p2|6
|gen|8
|tier|[Gen 8] Ubers
|rule|Sleep Clause Mod: Limit one foe put to sleep
|rule|Species Clause: Limit one of each Pokémon
|rule|OHKO Clause: OHKO moves are banned
|rule|Evasion Moves Clause: Evasion moves are banned
|rule|Endless Battle Clause: Forcing endless battles is banned
|rule|HP Percentage Mod: HP is shown in percentages
|rule|Dynamax Clause: You cannot dynamax
|clearpoke
|poke|p1|Landorus, M|
|poke|p1|Tyranitar, F|
|poke|p1|Excadrill, F|
|poke|p1|Toxapex, M|
|poke|p1|Zapdos|
|poke|p1|Heatran, M|
|poke|p2|Blaziken, M|
|poke|p2|Slowbro, M|
|poke|p2|Zapdos|
|poke|p2|Landorus-Therian, M|
|poke|p2|Tyranitar, M|
|poke|p2|Ferrothorn, M|
|teampreview
|
|t:|1654651325
|start
|switch|p1a: Zapdos|Zapdos|100/100
|switch|p2a: Blaziken|Blaziken, M|100/100
|turn|1
|
|t:|1654651332
|switch|p2a: Landorus|Landorus-Therian, M|100/100
|-ability|p2a: Landorus|Intimidate|boost
|-unboost|p1a: Zapdos|atk|1
|move|p1a: Zapdos|Volt Switch|p2a: Landorus
|-immune|p2a: Landorus
|
|upkeep
|turn|2
|j| fuckmonsongawd
|
|t:|1654651347
|switch|p1a: Tyranitar|Tyranitar, F, shiny|100/100
|-weather|Sandstorm|[from] ability: Sand Stream|[of] p1a: Tyranitar
|move|p2a: Landorus|Stone Edge|p1a: Tyranitar
|-damage|p1a: Tyranitar|50/100
|
|-weather|Sandstorm|[upkeep]
|upkeep
|turn|3
|c| fuckmonsongawd|wtf own
|
|t:|1654651356
|switch|p2a: Slowbro|Slowbro, M|100/100
|switch|p1a: Excadrill|Excadrill, F|100/100
|
|-weather|Sandstorm|[upkeep]
|-damage|p2a: Slowbro|94/100|[from] Sandstorm
|upkeep
|turn|4
|
|t:|1654651361
|move|p1a: Excadrill|Earthquake|p2a: Slowbro
|-crit|p2a: Slowbro
|-damage|p2a: Slowbro|9/100
|move|p2a: Slowbro|Teleport|p2a: Slowbro
|
|t:|1654651366
|switch|p2a: Landorus|Landorus-Therian, M|100/100|[from]move: Teleport
|-ability|p2a: Landorus|Intimidate|boost
|-unboost|p1a: Excadrill|atk|1
|
|-weather|Sandstorm|[upkeep]
|upkeep
|turn|5
|
|t:|1654651376
|switch|p1a: Tyranitar|Tyranitar, F, shiny|50/100
|move|p2a: Landorus|U-turn|p1a: Tyranitar
|-supereffective|p1a: Tyranitar
|-damage|p1a: Tyranitar|0 fnt
|faint|p1a: Tyranitar
|
|t:|1654651382
|switch|p2a: Tyranitar|Tyranitar, M|100/100|[from]move: U-turn
|
|-weather|Sandstorm|[upkeep]
|upkeep
|c|☆NDLT3HPU 3d|cb lando
|c|☆NDLT3HPU 3d|is a threat
|c|☆NDLT3HPU 3d|honestly
|c| fuckmonsongawd|i like sd better
|
|t:|1654651391
|switch|p1a: Landorus|Landorus, M|100/100
|turn|6
|
|t:|1654651394
|move|p1a: Landorus|Earth Power|p2a: Tyranitar
|-supereffective|p2a: Tyranitar
|-damage|p2a: Tyranitar|11/100
|move|p2a: Tyranitar|Ice Beam|p1a: Landorus
|-supereffective|p1a: Landorus
|-damage|p1a: Landorus|0 fnt
|faint|p1a: Landorus
|
|-weather|none
|upkeep
|c|☆NDLT3HPU 3d|bro
|c| fuckmonsongawd|smashed
|c| fuckmonsongawd|fucking smashed
|c|☆NDLT3HPU 3d|thats fine
|c|☆NDLT3HPU 3d|honestly
|
|t:|1654651414
|switch|p1a: Heatran|Heatran, M|100/100
|-item|p1a: Heatran|Air Balloon
|turn|7
|c| fuckmonsongawd|is it?
|c|☆NDLT3HPU 3d|yes
|c| fuckmonsongawd|would u say
|c| fuckmonsongawd|its fine
|
|t:|1654651421
|switch|p2a: Zapdos|Zapdos|100/100
|-ability|p2a: Zapdos|Pressure
|move|p1a: Heatran|Eruption|p2a: Zapdos
|-damage|p2a: Zapdos|15/100
|
|upkeep
|turn|8
|c| fuckmonsongawd|because
|c|☆NDLT3HPU 3d|yes
|c| fuckmonsongawd|u no longer have the randorosu
|
|t:|1654651430
|move|p1a: Heatran|Eruption|p2a: Zapdos
|-damage|p2a: Zapdos|0 fnt
|faint|p2a: Zapdos
|
|upkeep
|
|t:|1654651432
|switch|p2a: Landorus|Landorus-Therian, M|100/100
|-ability|p2a: Landorus|Intimidate|boost
|-unboost|p1a: Heatran|atk|1
|turn|9
|c|☆NDLT3HPU 3d|its say its fine because zapdos wins
|c| fuckmonsongawd|lmao must save the 2% ttar
|
|t:|1654651440
|move|p2a: Landorus|U-turn|p1a: Heatran
|-resisted|p1a: Heatran
|-damage|p1a: Heatran|92/100
|-enditem|p1a: Heatran|Air Balloon
|
|t:|1654651445
|switch|p2a: Tyranitar|Tyranitar, M|11/100|[from]move: U-turn
|-weather|Sandstorm|[from] ability: Sand Stream|[of] p2a: Tyranitar
|move|p1a: Heatran|Stealth Rock|p2a: Tyranitar
|-sidestart|p2: bdhb|move: Stealth Rock
|
|-weather|Sandstorm|[upkeep]
|upkeep
|turn|10
|
|t:|1654651452
|move|p1a: Heatran|Eruption|p2a: Tyranitar
|-resisted|p2a: Tyranitar
|-damage|p2a: Tyranitar|0 fnt
|faint|p2a: Tyranitar
|
|-weather|Sandstorm|[upkeep]
|upkeep
|
|t:|1654651463
|switch|p2a: Blaziken|Blaziken, M|100/100
|-damage|p2a: Blaziken|88/100|[from] Stealth Rock
|turn|11
|
|t:|1654651466
|switch|p1a: Toxapex|Toxapex, M, shiny|100/100
|move|p2a: Blaziken|Protect||[still]
|-fail|p2a: Blaziken
|
|-weather|Sandstorm|[upkeep]
|-damage|p2a: Blaziken|82/100|[from] Sandstorm
|-damage|p1a: Toxapex|95/100|[from] Sandstorm
|-ability|p2a: Blaziken|Speed Boost|boost
|-boost|p2a: Blaziken|spe|1
|upkeep
|turn|12
|
|t:|1654651476
|switch|p2a: Slowbro|Slowbro, M|42/100
|move|p1a: Toxapex|Scald|p2a: Slowbro
|-resisted|p2a: Slowbro
|-damage|p2a: Slowbro|34/100
|
|-weather|Sandstorm|[upkeep]
|-damage|p1a: Toxapex|89/100|[from] Sandstorm
|-damage|p2a: Slowbro|28/100|[from] Sandstorm
|upkeep
|turn|13
|
|t:|1654651481
|switch|p1a: Zapdos|Zapdos|100/100
|move|p2a: Slowbro|Slack Off|p2a: Slowbro
|-heal|p2a: Slowbro|78/100
|
|-weather|none
|upkeep
|turn|14
|
|t:|1654651500
|switch|p2a: Ferrothorn|Ferrothorn, M|100/100
|-damage|p2a: Ferrothorn|94/100|[from] Stealth Rock
|move|p1a: Zapdos|Volt Switch|p2a: Ferrothorn
|-resisted|p2a: Ferrothorn
|-damage|p2a: Ferrothorn|83/100
|
|t:|1654651502
|switch|p1a: Heatran|Heatran, M|92/100|[from]move: Volt Switch
|
|upkeep
|turn|15
|
|t:|1654651506
|switch|p2a: Slowbro|Slowbro, M|100/100
|move|p1a: Heatran|Eruption|p2a: Slowbro
|-resisted|p2a: Slowbro
|-damage|p2a: Slowbro|65/100
|
|upkeep
|turn|16
|
|t:|1654651513
|move|p1a: Heatran|Eruption|p2a: Slowbro
|-resisted|p2a: Slowbro
|-damage|p2a: Slowbro|31/100
|move|p2a: Slowbro|Slack Off|p2a: Slowbro
|-heal|p2a: Slowbro|81/100
|
|upkeep
|turn|17
|
|t:|1654651521
|switch|p1a: Zapdos|Zapdos|100/100
|move|p2a: Slowbro|Future Sight|p1a: Zapdos
|-start|p2a: Slowbro|move: Future Sight
|
|upkeep
|turn|18
|
|t:|1654651525
|move|p1a: Zapdos|Volt Switch|p2a: Slowbro
|-supereffective|p2a: Slowbro
|-damage|p2a: Slowbro|17/100
|
|t:|1654651528
|switch|p1a: Excadrill|Excadrill, F|100/100|[from]move: Volt Switch
|move|p2a: Slowbro|Teleport|p2a: Slowbro
|
|t:|1654651534
|switch|p2a: Landorus|Landorus-Therian, M|100/100|[from]move: Teleport
|-damage|p2a: Landorus|88/100|[from] Stealth Rock
|-ability|p2a: Landorus|Intimidate|boost
|-unboost|p1a: Excadrill|atk|1
|
|upkeep
|turn|19
|
|t:|1654651548
|move|p2a: Landorus|Earthquake|p1a: Excadrill
|-supereffective|p1a: Excadrill
|-damage|p1a: Excadrill|0 fnt
|faint|p1a: Excadrill
|
|-hint|Future Sight did not hit because the target is fainted.
|upkeep
|c|☆NDLT3HPU 3d|u suck for that
|
|t:|1654651553
|switch|p1a: Zapdos|Zapdos|100/100
|turn|20
|
|t:|1654651560
|switch|p2a: Ferrothorn|Ferrothorn, M|83/100
|-damage|p2a: Ferrothorn|77/100|[from] Stealth Rock
|move|p1a: Zapdos|Hurricane|p2a: Ferrothorn|[miss]
|-miss|p1a: Zapdos|p2a: Ferrothorn
|
|upkeep
|turn|21
|
|t:|1654651565
|switch|p2a: Landorus|Landorus-Therian, M|88/100
|-damage|p2a: Landorus|76/100|[from] Stealth Rock
|-ability|p2a: Landorus|Intimidate|boost
|-unboost|p1a: Zapdos|atk|1
|move|p1a: Zapdos|Heat Wave|p2a: Landorus
|-damage|p2a: Landorus|44/100
|
|upkeep
|turn|22
|c|☆NDLT3HPU 3d|u suck for that too
|
|t:|1654651575
|switch|p1a: Heatran|Heatran, M|92/100
|move|p2a: Landorus|Stone Edge|p1a: Heatran
|-damage|p1a: Heatran|37/100
|
|upkeep
|turn|23
|
|t:|1654651582
|switch|p1a: Toxapex|Toxapex, M, shiny|100/100
|move|p2a: Landorus|Stone Edge|p1a: Toxapex
|-damage|p1a: Toxapex|63/100
|
|upkeep
|turn|24
|
|t:|1654651587
|switch|p1a: Zapdos|Zapdos|100/100
|move|p2a: Landorus|Stone Edge|p1a: Zapdos
|-supereffective|p1a: Zapdos
|-damage|p1a: Zapdos|19/100
|
|upkeep
|turn|25
|c|☆NDLT3HPU 3d|and for that
|c| fuckmonsongawd|lmao
|
|t:|1654651599
|move|p2a: Landorus|Stone Edge|p1a: Zapdos
|-supereffective|p1a: Zapdos
|-damage|p1a: Zapdos|0 fnt
|faint|p1a: Zapdos
|
|upkeep
|c|☆NDLT3HPU 3d|and for that
|-message|NDLT3HPU 3d forfeited.
|
|win|bdhb
|c| fuckmonsongawd|lmfao
