|j|☆zhesiii
|j|☆ox04
|t:|1664633015
|gametype|singles
|player|p1|zhesiii|265|1353
|player|p2|ox04|red-gen7|1671
|teamsize|p1|6
|teamsize|p2|6
|gen|8
|tier|[Gen 8] Ubers
|rated|
|rule|Sleep Clause Mod: Limit one foe put to sleep
|rule|Species Clause: Limit one of each Pokémon
|rule|OHKO Clause: OHKO moves are banned
|rule|Evasion Items Clause: Evasion items are banned
|rule|Evasion Moves Clause: Evasion moves are banned
|rule|Endless Battle Clause: Forcing endless battles is banned
|rule|HP Percentage Mod: HP is shown in percentages
|rule|Dynamax Clause: You cannot dynamax
|clearpoke
|poke|p1|Tyranitar, M|
|poke|p1|Ho-Oh|
|poke|p1|Toxapex, M|
|poke|p1|Zygarde|
|poke|p1|Hatterene, F|
|poke|p1|Chansey, F|
|poke|p2|Marshadow|
|poke|p2|Yveltal|
|poke|p2|Kyurem-White|
|poke|p2|Necrozma-Dusk-Mane|
|poke|p2|Groudon|
|poke|p2|Cinderace, M|
|teampreview
|
|t:|1664633038
|start
|switch|p1a: Ho-Oh|Ho-Oh|100/100
|switch|p2a: Cinderace|Cinderace, M|100/100
|turn|1
|
|t:|1664633054
|move|p2a: Cinderace|U-turn|p1a: Ho-Oh
|-start|p2a: Cinderace|typechange|Bug|[from] ability: Libero
|-resisted|p1a: Ho-Oh
|-damage|p1a: Ho-Oh|92/100
|
|t:|1664633061
|switch|p2a: Kyurem|Kyurem-White|100/100|[from]move: U-turn
|-ability|p2a: Kyurem|Turboblaze
|move|p1a: Ho-Oh|Earthquake|p2a: Kyurem
|-damage|p2a: Kyurem|44/100
|
|upkeep
|turn|2
|
|t:|1664633098
|switch|p1a: Chansey|Chansey, F|100/100
|move|p2a: Kyurem|Draco Meteor|p1a: Chansey
|-damage|p1a: Chansey|79/100
|-unboost|p2a: Kyurem|spa|2
|
|upkeep
|turn|3
|
|t:|1664633114
|switch|p2a: Cinderace|Cinderace, M|100/100
|move|p1a: Chansey|Toxic|p2a: Cinderace
|-status|p2a: Cinderace|tox
|
|-damage|p2a: Cinderace|95/100 tox|[from] psn
|upkeep
|turn|4
|
|t:|1664633118
|switch|p1a: Toxapex|Toxapex, M|100/100
|move|p2a: Cinderace|U-turn|p1a: Toxapex
|-start|p2a: Cinderace|typechange|Bug|[from] ability: Libero
|-resisted|p1a: Toxapex
|-damage|p1a: Toxapex|88/100
|-damage|p2a: Cinderace|78/100 tox|[from] item: Rocky Helmet|[of] p1a: Toxapex
|
|t:|1664633120
|switch|p2a: Groudon|Groudon|100/100|[from]move: U-turn
|-weather|SunnyDay|[from] ability: Drought|[of] p2a: Groudon
|
|-weather|SunnyDay|[upkeep]
|upkeep
|turn|5
|
|t:|1664633164
|switch|p1a: Ho-Oh|Ho-Oh|100/100
|move|p2a: Groudon|Swords Dance|p2a: Groudon
|-boost|p2a: Groudon|atk|2
|
|-weather|SunnyDay|[upkeep]
|upkeep
|turn|6
|
|t:|1664633169
|move|p2a: Groudon|Stone Edge|p1a: Ho-Oh
|-supereffective|p1a: Ho-Oh
|-crit|p1a: Ho-Oh
|-damage|p1a: Ho-Oh|0 fnt
|faint|p1a: Ho-Oh
|-damage|p2a: Groudon|91/100|[from] item: Life Orb
|
|-weather|SunnyDay|[upkeep]
|upkeep
|
|t:|1664633172
|switch|p1a: Zygarde|Zygarde|100/100
|turn|7
|
|t:|1664633175
|move|p2a: Groudon|Precipice Blades|p1a: Zygarde
|-damage|p1a: Zygarde|0 fnt
|faint|p1a: Zygarde
|-damage|p2a: Groudon|81/100|[from] item: Life Orb
|
|-weather|SunnyDay|[upkeep]
|upkeep
|c|☆ox04|yup
|l|☆zhesiii
|player|p1|
|c|☆ox04|groudon is op
|inactive|Battle timer is ON: inactive players will automatically lose when time's up. (requested by ox04)
|inactive|zhesiii has 30 seconds to reconnect!
|inactive|zhesiii has 20 seconds to reconnect!
|inactive|zhesiii has 15 seconds to reconnect!
|inactive|zhesiii has 10 seconds to reconnect!
|inactive|zhesiii has 5 seconds to reconnect!
|-message|zhesiii lost due to inactivity.
|
|win|ox04
|raw|zhesiii's rating: 1353 &rarr; <strong>1347</strong><br />(-6 for losing)
|raw|ox04's rating: 1671 &rarr; <strong>1677</strong><br />(+6 for winning)
||Ladder isn't responding, score probably updated but might not have (Request timeout).
