|j|☆RIP_Player
|j|☆rng loser
|t:|1617112597
|player|p1|RIP_Player|firebreather|1530
|player|p2|rng loser|pokekid|1658
|teamsize|p1|6
|teamsize|p2|6
|gametype|singles
|gen|8
|tier|[Gen 8] Ubers
|rated|
|clearpoke
|poke|p1|Eternatus|
|poke|p1|Toxapex, F|
|poke|p1|Yveltal|
|poke|p1|Ferrothorn, F|
|poke|p1|Marshadow|
|poke|p1|Heatran, F|
|poke|p2|Darmanitan-Galar, M|
|poke|p2|Calyrex-Ice|
|poke|p2|Yveltal|
|poke|p2|Necrozma-Dusk-Mane|
|poke|p2|Froslass, F|
|poke|p2|Eternatus|
|rule|Sleep Clause Mod: Limit one foe put to sleep
|rule|Species Clause: Limit one of each Pokémon
|rule|OHKO Clause: OHKO moves are banned
|rule|Evasion Moves Clause: Evasion moves are banned
|rule|Endless Battle Clause: Forcing endless battles is banned
|rule|HP Percentage Mod: HP is shown in percentages
|rule|Dynamax Clause: You cannot dynamax
|teampreview
|inactive|Battle timer is ON: inactive players will automatically lose when time's up. (requested by RIP_Player)
|
|t:|1617112626
|start
|switch|p1a: Ferrothorn|Ferrothorn, F|100/100
|switch|p2a: Froslass|Froslass, F|100/100
|turn|1
|
|t:|1617112641
|move|p2a: Froslass|Taunt|p1a: Ferrothorn
|-start|p1a: Ferrothorn|move: Taunt
|move|p1a: Ferrothorn|Knock Off|p2a: Froslass
|-supereffective|p2a: Froslass
|-crit|p2a: Froslass
|-enditem|p2a: Froslass|Focus Sash
|-damage|p2a: Froslass|1/100
|
|upkeep
|turn|2
|j| Fiutolini
|inactive|rng loser has 120 seconds left.
|l| Fiutolini
|j| Fiutolini
|l| Fiutolini
|
|t:|1617112686
|switch|p1a: Toxapex|Toxapex, F|100/100
|move|p2a: Froslass|Destiny Bond|p2a: Froslass
|-singlemove|p2a: Froslass|Destiny Bond
|
|upkeep
|turn|3
|
|t:|1617112691
|move|p2a: Froslass|Spikes|p1a: Toxapex
|-sidestart|p1: RIP_Player|Spikes
|move|p1a: Toxapex|Scald|p2a: Froslass
|-damage|p2a: Froslass|0 fnt
|-start|p1a: Toxapex|Disable|Scald|[from] ability: Cursed Body|[of] p2a: Froslass
|faint|p2a: Froslass
|
|upkeep
|
|t:|1617112719
|switch|p2a: Jaraxxus|Yveltal, shiny|100/100
|-ability|p2a: Jaraxxus|Dark Aura
|turn|4
|
|t:|1617112732
|move|p1a: Toxapex|Baneful Bunker|p1a: Toxapex
|-singleturn|p1a: Toxapex|move: Protect
|move|p2a: Jaraxxus|Taunt|p1a: Toxapex
|-activate|p1a: Toxapex|move: Protect
|
|upkeep
|turn|5
|
|t:|1617112744
|switch|p1a: Ferrothorn|Ferrothorn, F|100/100
|-damage|p1a: Ferrothorn|88/100|[from] Spikes
|move|p2a: Jaraxxus|Taunt|p1a: Ferrothorn
|-start|p1a: Ferrothorn|move: Taunt
|
|-heal|p1a: Ferrothorn|94/100|[from] item: Leftovers
|upkeep
|turn|6
|
|t:|1617112748
|move|p2a: Jaraxxus|Dark Pulse|p1a: Ferrothorn
|-damage|p1a: Ferrothorn|51/100
|-damage|p2a: Jaraxxus|91/100|[from] item: Life Orb
|move|p1a: Ferrothorn|Knock Off|p2a: Jaraxxus
|-resisted|p2a: Jaraxxus
|-damage|p2a: Jaraxxus|77/100
|-enditem|p2a: Jaraxxus|Life Orb|[from] move: Knock Off|[of] p1a: Ferrothorn
|
|-heal|p1a: Ferrothorn|57/100|[from] item: Leftovers
|upkeep
|turn|7
|inactive|rng loser has 120 seconds left.
|
|t:|1617112757
|switch|p1a: Yveltal|Yveltal|100/100
|-ability|p1a: Yveltal|Dark Aura
|move|p2a: Jaraxxus|Dark Pulse|p1a: Yveltal
|-resisted|p1a: Yveltal
|-damage|p1a: Yveltal|78/100
|
|upkeep
|turn|8
|inactive|rng loser has 120 seconds left.
|
|t:|1617112785
|move|p1a: Yveltal|Defog|p2a: Jaraxxus
|-unboost|p2a: Jaraxxus|evasion|1
|-sideend|p1: RIP_Player|Spikes|[from] move: Defog|[of] p1a: Yveltal
|move|p2a: Jaraxxus|Taunt|p1a: Yveltal
|-start|p1a: Yveltal|move: Taunt
|
|upkeep
|turn|9
|
|t:|1617112799
|switch|p1a: Heatran|Heatran, F|100/100
|move|p2a: Jaraxxus|Oblivion Wing|p1a: Heatran
|-resisted|p1a: Heatran
|-damage|p1a: Heatran|88/100
|-heal|p2a: Jaraxxus|86/100|[from] drain|[of] p1a: Heatran
|
|-heal|p1a: Heatran|94/100|[from] item: Leftovers
|upkeep
|turn|10
|inactive|rng loser has 120 seconds left.
|
|t:|1617112819
|switch|p1a: Toxapex|Toxapex, F|100/100
|move|p2a: Jaraxxus|Taunt|p1a: Toxapex
|-start|p1a: Toxapex|move: Taunt
|
|upkeep
|turn|11
|
|t:|1617112827
|switch|p1a: Ferrothorn|Ferrothorn, F|57/100
|move|p2a: Jaraxxus|Dark Pulse|p1a: Ferrothorn
|-damage|p1a: Ferrothorn|22/100
|
|-heal|p1a: Ferrothorn|28/100|[from] item: Leftovers
|upkeep
|turn|12
|inactive|rng loser has 120 seconds left.
|
|t:|1617112836
|move|p2a: Jaraxxus|Dark Pulse|p1a: Ferrothorn
|-damage|p1a: Ferrothorn|0 fnt
|faint|p1a: Ferrothorn
|
|upkeep
|
|t:|1617112838
|switch|p1a: Eternatus|Eternatus|100/100
|-ability|p1a: Eternatus|Pressure
|turn|13
|inactive|rng loser has 120 seconds left.
|inactive|rng loser has 90 seconds left.
|
|t:|1617112892
|switch|p2a: Darmanitan|Darmanitan-Galar, M|100/100
|move|p1a: Eternatus|Meteor Beam||[still]
|-prepare|p1a: Eternatus|Meteor Beam
|-boost|p1a: Eternatus|spa|1
|-enditem|p1a: Eternatus|Power Herb
|-anim|p1a: Eternatus|Meteor Beam|p2a: Darmanitan
|-supereffective|p2a: Darmanitan
|-damage|p2a: Darmanitan|0 fnt
|faint|p2a: Darmanitan
|
|upkeep
|
|t:|1617112906
|switch|p2a: Eternatus|Eternatus|100/100
|-ability|p2a: Eternatus|Pressure
|turn|14
|
|t:|1617112910
|move|p1a: Eternatus|Dynamax Cannon|p2a: Eternatus
|-supereffective|p2a: Eternatus
|-damage|p2a: Eternatus|0 fnt
|faint|p2a: Eternatus
|
|upkeep
|
|t:|1617112915
|switch|p2a: Necrozma|Necrozma-Dusk-Mane|100/100
|turn|15
|
|t:|1617112917
|move|p1a: Eternatus|Flamethrower|p2a: Necrozma
|-supereffective|p2a: Necrozma
|-damage|p2a: Necrozma|36/100
|-enditem|p2a: Necrozma|Weakness Policy
|-boost|p2a: Necrozma|atk|2|[from] item: Weakness Policy
|-boost|p2a: Necrozma|spa|2|[from] item: Weakness Policy
|move|p2a: Necrozma|Trick Room|p2a: Necrozma
|-fieldstart|move: Trick Room|[of] p2a: Necrozma
|
|upkeep
|turn|16
|
|t:|1617112943
|move|p2a: Necrozma|Earthquake|p1a: Eternatus
|-supereffective|p1a: Eternatus
|-damage|p1a: Eternatus|0 fnt
|faint|p1a: Eternatus
|
|upkeep
|
|t:|1617112945
|switch|p1a: Marshadow|Marshadow|100/100
|turn|17
|
|t:|1617112966
|move|p2a: Necrozma|Sunsteel Strike|p1a: Marshadow
|-enditem|p1a: Marshadow|Focus Sash
|-damage|p1a: Marshadow|1/100
|move|p1a: Marshadow|Spectral Thief||[still]
|-clearpositiveboost|p2a: Necrozma|p1a: Marshadow|move: Spectral Thief
|-boost|p1a: Marshadow|atk|2
|-boost|p1a: Marshadow|spa|2
|-anim|p1a: Marshadow|Spectral Thief|p2a: Necrozma
|-supereffective|p2a: Necrozma
|-damage|p2a: Necrozma|0 fnt
|faint|p2a: Necrozma
|
|upkeep
|
|t:|1617112970
|switch|p2a: Jaraxxus|Yveltal, shiny|86/100
|-ability|p2a: Jaraxxus|Dark Aura
|turn|18
|
|t:|1617112981
|switch|p1a: Toxapex|Toxapex, F|100/100
|move|p2a: Jaraxxus|Sucker Punch||[still]
|-fail|p2a: Jaraxxus
|
|upkeep
|turn|19
|
|t:|1617112987
|move|p1a: Toxapex|Toxic|p2a: Jaraxxus
|-status|p2a: Jaraxxus|tox
|move|p2a: Jaraxxus|Taunt|p1a: Toxapex
|-start|p1a: Toxapex|move: Taunt
|
|-damage|p2a: Jaraxxus|80/100 tox|[from] psn
|-fieldend|move: Trick Room
|upkeep
|turn|20
|inactive|rng loser has 120 seconds left.
|
|t:|1617112996
|switch|p1a: Yveltal|Yveltal|78/100
|-ability|p1a: Yveltal|Dark Aura
|move|p2a: Jaraxxus|Oblivion Wing|p1a: Yveltal
|-damage|p1a: Yveltal|41/100
|-heal|p2a: Jaraxxus|100/100 tox|[from] drain|[of] p1a: Yveltal
|
|-damage|p2a: Jaraxxus|88/100 tox|[from] psn
|upkeep
|turn|21
|
|t:|1617113002
|move|p1a: Yveltal|Rock Slide|p2a: Jaraxxus|[miss]
|-miss|p1a: Yveltal|p2a: Jaraxxus
|move|p2a: Jaraxxus|Taunt|p1a: Yveltal
|-start|p1a: Yveltal|move: Taunt
|
|-damage|p2a: Jaraxxus|70/100 tox|[from] psn
|upkeep
|turn|22
|
|t:|1617113006
|move|p2a: Jaraxxus|Oblivion Wing|p1a: Yveltal
|-damage|p1a: Yveltal|5/100
|-heal|p2a: Jaraxxus|97/100 tox|[from] drain|[of] p1a: Yveltal
|move|p1a: Yveltal|Rock Slide|p2a: Jaraxxus
|-supereffective|p2a: Jaraxxus
|-damage|p2a: Jaraxxus|13/100 tox
|
|-damage|p2a: Jaraxxus|0 fnt|[from] psn
|faint|p2a: Jaraxxus
|upkeep
|
|t:|1617113010
|switch|p2a: Calyrex|Calyrex-Ice|100/100
|-ability|p2a: Calyrex|As One
|-ability|p2a: Calyrex|Unnerve|p1: RIP_Player
|turn|23
|
|t:|1617113016
|switch|p1a: Toxapex|Toxapex, F|100/100
|move|p2a: Calyrex|Trick Room|p2a: Calyrex
|-fieldstart|move: Trick Room|[of] p2a: Calyrex
|
|upkeep
|turn|24
|
|t:|1617113033
|move|p1a: Toxapex|Baneful Bunker|p1a: Toxapex
|-singleturn|p1a: Toxapex|move: Protect
|move|p2a: Calyrex|Swords Dance|p2a: Calyrex
|-boost|p2a: Calyrex|atk|2
|
|upkeep
|turn|25
|
|t:|1617113048
|switch|p1a: Yveltal|Yveltal|5/100
|-ability|p1a: Yveltal|Dark Aura
|move|p2a: Calyrex|High Horsepower|p1a: Yveltal
|-immune|p1a: Yveltal
|
|upkeep
|turn|26
|c|☆rng loser|gg
|
|t:|1617113060
|switch|p1a: Heatran|Heatran, F|94/100
|move|p2a: Calyrex|Glacial Lance|p1a: Heatran
|-resisted|p1a: Heatran
|-crit|p1a: Heatran
|-damage|p1a: Heatran|38/100
|
|-heal|p1a: Heatran|44/100|[from] item: Leftovers
|upkeep
|turn|27
|j| nagisa6666
|
|t:|1617113068
|move|p2a: Calyrex|Glacial Lance|p1a: Heatran
|-resisted|p1a: Heatran
|-damage|p1a: Heatran|5/100
|move|p1a: Heatran|Lava Plume|p2a: Calyrex
|-supereffective|p2a: Calyrex
|-damage|p2a: Calyrex|50/100
|-enditem|p2a: Calyrex|Weakness Policy
|-boost|p2a: Calyrex|atk|2|[from] item: Weakness Policy
|-boost|p2a: Calyrex|spa|2|[from] item: Weakness Policy
|
|-heal|p1a: Heatran|11/100|[from] item: Leftovers
|-fieldend|move: Trick Room
|upkeep
|turn|28
|
|t:|1617113077
|move|p1a: Heatran|Lava Plume|p2a: Calyrex
|-supereffective|p2a: Calyrex
|-damage|p2a: Calyrex|3/100
|move|p2a: Calyrex|Trick Room|p2a: Calyrex
|-fieldstart|move: Trick Room|[of] p2a: Calyrex
|
|-heal|p1a: Heatran|18/100|[from] item: Leftovers
|upkeep
|turn|29
|
|t:|1617113084
|move|p2a: Calyrex|Glacial Lance|p1a: Heatran
|-resisted|p1a: Heatran
|-damage|p1a: Heatran|0 fnt
|faint|p1a: Heatran
|-ability|p2a: Calyrex|Chilling Neigh|boost
|-boost|p2a: Calyrex|atk|1
|
|upkeep
|
|t:|1617113087
|switch|p1a: Marshadow|Marshadow|1/100
|turn|30
|
|t:|1617113092
|move|p1a: Marshadow|Shadow Sneak|p2a: Calyrex
|-supereffective|p2a: Calyrex
|-damage|p2a: Calyrex|0 fnt
|faint|p2a: Calyrex
|
|win|RIP_Player
|l|☆rng loser
|raw|RIP_Player's rating: 1530 &rarr; <strong>1557</strong><br />(+27 for winning)
|raw|rng loser's rating: 1658 &rarr; <strong>1631</strong><br />(-27 for losing)
||Ladder isn't responding, score probably updated but might not have (Request timeout).
