|j|☆Rell27
|j|☆F0rdPrefect
|t:|1624486666
|gametype|singles
|player|p1|Rell27|101|1428
|player|p2|F0rdPrefect|wallace-gen6|1489
|teamsize|p1|6
|teamsize|p2|6
|gen|8
|tier|[Gen 8] Ubers
|rated|
|rule|Sleep Clause Mod: Limit one foe put to sleep
|rule|Species Clause: Limit one of each Pokémon
|rule|OHKO Clause: OHKO moves are banned
|rule|Evasion Moves Clause: Evasion moves are banned
|rule|Endless Battle Clause: Forcing endless battles is banned
|rule|HP Percentage Mod: HP is shown in percentages
|rule|Dynamax Clause: You cannot dynamax
|clearpoke
|poke|p1|Eternatus|
|poke|p1|Necrozma-Dusk-Mane|
|poke|p1|Kyogre|
|poke|p1|Xerneas-*|
|poke|p1|Calyrex-Shadow|
|poke|p1|Yveltal|
|poke|p2|Shuckle, F|
|poke|p2|Calyrex-Shadow|
|poke|p2|Eternatus|
|poke|p2|Zekrom|
|poke|p2|Yveltal|
|poke|p2|Kyogre|
|teampreview
|
|t:|1624486674
|start
|switch|p1a: Kyogre|Kyogre|100/100
|switch|p2a: AAAAAAAAAAAAA|Shuckle, F|100/100
|-weather|RainDance|[from] ability: Drizzle|[of] p1a: Kyogre
|turn|1
|
|t:|1624486678
|move|p1a: Kyogre|Water Spout|p2a: AAAAAAAAAAAAA
|-supereffective|p2a: AAAAAAAAAAAAA
|-ability|p2a: AAAAAAAAAAAAA|Sturdy
|-damage|p2a: AAAAAAAAAAAAA|1/100
|move|p2a: AAAAAAAAAAAAA|Sticky Web|p1a: Kyogre
|-sidestart|p1: Rell27|move: Sticky Web
|
|-weather|RainDance|[upkeep]
|upkeep
|turn|2
|
|t:|1624486684
|move|p1a: Kyogre|Water Spout|p2a: AAAAAAAAAAAAA
|-supereffective|p2a: AAAAAAAAAAAAA
|-damage|p2a: AAAAAAAAAAAAA|0 fnt
|faint|p2a: AAAAAAAAAAAAA
|
|-weather|RainDance|[upkeep]
|upkeep
|
|t:|1624486690
|switch|p2a: UUUUUUUUUUUUUU|Yveltal|100/100
|-ability|p2a: UUUUUUUUUUUUUU|Dark Aura
|turn|3
|
|t:|1624486693
|switch|p1a: Xerneas|Xerneas|100/100
|-activate|p1a: Xerneas|move: Sticky Web
|-unboost|p1a: Xerneas|spe|1
|-ability|p1a: Xerneas|Fairy Aura
|move|p2a: UUUUUUUUUUUUUU|Knock Off|p1a: Xerneas
|-resisted|p1a: Xerneas
|-damage|p1a: Xerneas|76/100
|-enditem|p1a: Xerneas|Power Herb|[from] move: Knock Off|[of] p2a: UUUUUUUUUUUUUU
|
|-weather|RainDance|[upkeep]
|upkeep
|turn|4
|
|t:|1624486702
|move|p2a: UUUUUUUUUUUUUU|Taunt|p1a: Xerneas
|-start|p1a: Xerneas|move: Taunt
|move|p1a: Xerneas|Moonblast|p2a: UUUUUUUUUUUUUU
|-supereffective|p2a: UUUUUUUUUUUUUU
|-damage|p2a: UUUUUUUUUUUUUU|0 fnt
|faint|p2a: UUUUUUUUUUUUUU
|
|-weather|RainDance|[upkeep]
|upkeep
|
|t:|1624486706
|switch|p2a: IIIIIIIIIIIIII|Eternatus|100/100
|-ability|p2a: IIIIIIIIIIIIII|Pressure
|turn|5
|
|t:|1624486710
|switch|p2a: Kyogre|Kyogre|100/100
|switch|p1a: Necrozma|Necrozma-Dusk-Mane|100/100
|-activate|p1a: Necrozma|move: Sticky Web
|-unboost|p1a: Necrozma|spe|1
|
|-weather|none
|upkeep
|turn|6
|
|t:|1624486718
|switch|p2a: IIIIIIIIIIIIII|Eternatus|100/100
|-ability|p2a: IIIIIIIIIIIIII|Pressure
|switch|p1a: Eternatus|Eternatus|100/100
|-activate|p1a: Eternatus|move: Sticky Web
|-unboost|p1a: Eternatus|spe|1
|-ability|p1a: Eternatus|Pressure
|
|upkeep
|turn|7
|
|t:|1624486723
|move|p2a: IIIIIIIIIIIIII|Dynamax Cannon|p1a: Eternatus
|-supereffective|p1a: Eternatus
|-crit|p1a: Eternatus
|-damage|p1a: Eternatus|0 fnt
|faint|p1a: Eternatus
|
|upkeep
|
|t:|1624486737
|switch|p1a: Necrozma|Necrozma-Dusk-Mane|100/100
|-activate|p1a: Necrozma|move: Sticky Web
|-unboost|p1a: Necrozma|spe|1
|turn|8
|
|t:|1624486750
|move|p2a: IIIIIIIIIIIIII|Meteor Beam||[still]
|-prepare|p2a: IIIIIIIIIIIIII|Meteor Beam
|-boost|p2a: IIIIIIIIIIIIII|spa|1
|-enditem|p2a: IIIIIIIIIIIIII|Power Herb
|-anim|p2a: IIIIIIIIIIIIII|Meteor Beam|p1a: Necrozma
|-resisted|p1a: Necrozma
|-damage|p1a: Necrozma|71/100
|move|p1a: Necrozma|Sunsteel Strike|p2a: IIIIIIIIIIIIII
|-damage|p2a: IIIIIIIIIIIIII|53/100
|
|upkeep
|turn|9
|
|t:|1624486756
|move|p2a: IIIIIIIIIIIIII|Flamethrower|p1a: Necrozma
|-supereffective|p1a: Necrozma
|-damage|p1a: Necrozma|0 fnt
|faint|p1a: Necrozma
|
|upkeep
|
|t:|1624486774
|switch|p1a: Xerneas|Xerneas|76/100
|-activate|p1a: Xerneas|move: Sticky Web
|-unboost|p1a: Xerneas|spe|1
|-ability|p1a: Xerneas|Fairy Aura
|turn|10
|
|t:|1624486778
|move|p2a: IIIIIIIIIIIIII|Sludge Bomb|p1a: Xerneas
|-supereffective|p1a: Xerneas
|-damage|p1a: Xerneas|0 fnt
|faint|p1a: Xerneas
|
|upkeep
|
|t:|1624486785
|switch|p1a: Yveltal|Yveltal|100/100
|-ability|p1a: Yveltal|Dark Aura
|turn|11
|
|t:|1624486788
|move|p2a: IIIIIIIIIIIIII|Dynamax Cannon|p1a: Yveltal
|-damage|p1a: Yveltal|41/100
|move|p1a: Yveltal|Oblivion Wing|p2a: IIIIIIIIIIIIII
|-damage|p2a: IIIIIIIIIIIIII|6/100
|-heal|p1a: Yveltal|74/100|[from] drain|[of] p2a: IIIIIIIIIIIIII
|-damage|p1a: Yveltal|65/100|[from] item: Life Orb
|
|upkeep
|turn|12
|
|t:|1624486793
|move|p1a: Yveltal|Sucker Punch|p2a: IIIIIIIIIIIIII
|-damage|p2a: IIIIIIIIIIIIII|0 fnt
|faint|p2a: IIIIIIIIIIIIII
|-damage|p1a: Yveltal|55/100|[from] item: Life Orb
|
|upkeep
|j| pinktheseagod
|
|t:|1624486797
|switch|p2a: YYYYYYYYYYYYYY|Zekrom|100/100
|-ability|p2a: YYYYYYYYYYYYYY|Teravolt
|turn|13
|
|t:|1624486800
|move|p2a: YYYYYYYYYYYYYY|Dragon Dance|p2a: YYYYYYYYYYYYYY
|-boost|p2a: YYYYYYYYYYYYYY|atk|1
|-boost|p2a: YYYYYYYYYYYYYY|spe|1
|move|p1a: Yveltal|Dark Pulse|p2a: YYYYYYYYYYYYYY
|-damage|p2a: YYYYYYYYYYYYYY|27/100
|-damage|p1a: Yveltal|45/100|[from] item: Life Orb
|
|upkeep
|turn|14
|
|t:|1624486806
|move|p1a: Yveltal|Sucker Punch||[still]
|-fail|p1a: Yveltal
|move|p2a: YYYYYYYYYYYYYY|Dragon Dance|p2a: YYYYYYYYYYYYYY
|-boost|p2a: YYYYYYYYYYYYYY|atk|1
|-boost|p2a: YYYYYYYYYYYYYY|spe|1
|
|upkeep
|turn|15
|
|t:|1624486812
|move|p1a: Yveltal|Sucker Punch|p2a: YYYYYYYYYYYYYY
|-damage|p2a: YYYYYYYYYYYYYY|0 fnt
|faint|p2a: YYYYYYYYYYYYYY
|-damage|p1a: Yveltal|35/100|[from] item: Life Orb
|
|upkeep
|
|t:|1624486816
|switch|p2a: OOOOOOOOOOOOOO|Calyrex-Shadow|100/100
|-ability|p2a: OOOOOOOOOOOOOO|As One
|-ability|p2a: OOOOOOOOOOOOOO|Unnerve
|turn|16
|
|t:|1624486826
|move|p2a: OOOOOOOOOOOOOO|Draining Kiss|p1a: Yveltal
|-supereffective|p1a: Yveltal
|-damage|p1a: Yveltal|5/100
|move|p1a: Yveltal|Oblivion Wing|p2a: OOOOOOOOOOOOOO
|-damage|p2a: OOOOOOOOOOOOOO|48/100
|-heal|p1a: Yveltal|36/100|[from] drain|[of] p2a: OOOOOOOOOOOOOO
|-damage|p1a: Yveltal|26/100|[from] item: Life Orb
|
|upkeep
|turn|17
|
|t:|1624486843
|move|p1a: Yveltal|Sucker Punch||[still]
|-fail|p1a: Yveltal
|move|p2a: OOOOOOOOOOOOOO|Nasty Plot|p2a: OOOOOOOOOOOOOO
|-boost|p2a: OOOOOOOOOOOOOO|spa|2
|
|upkeep
|turn|18
|
|t:|1624486848
|move|p1a: Yveltal|Sucker Punch||[still]
|-fail|p1a: Yveltal
|move|p2a: OOOOOOOOOOOOOO|Nasty Plot|p2a: OOOOOOOOOOOOOO
|-boost|p2a: OOOOOOOOOOOOOO|spa|2
|
|upkeep
|turn|19
|
|t:|1624486853
|move|p1a: Yveltal|Sucker Punch||[still]
|-fail|p1a: Yveltal
|move|p2a: OOOOOOOOOOOOOO|Nasty Plot|p2a: OOOOOOOOOOOOOO
|-boost|p2a: OOOOOOOOOOOOOO|spa|2
|
|upkeep
|turn|20
|
|t:|1624486858
|switch|p1a: Calyrex|Calyrex-Shadow|100/100
|-ability|p1a: Calyrex|As One
|-ability|p1a: Calyrex|Unnerve
|-activate|p1a: Calyrex|move: Sticky Web
|-unboost|p1a: Calyrex|spe|1
|move|p2a: OOOOOOOOOOOOOO|Nasty Plot|p2a: OOOOOOOOOOOOOO
|-boost|p2a: OOOOOOOOOOOOOO|spa|0
|
|upkeep
|turn|21
|
|t:|1624486861
|move|p2a: OOOOOOOOOOOOOO|Astral Barrage|p1a: Calyrex
|-supereffective|p1a: Calyrex
|-enditem|p1a: Calyrex|Focus Sash
|-damage|p1a: Calyrex|1/100
|move|p1a: Calyrex|Astral Barrage|p2a: OOOOOOOOOOOOOO
|-supereffective|p2a: OOOOOOOOOOOOOO
|-damage|p2a: OOOOOOOOOOOOOO|0 fnt
|faint|p2a: OOOOOOOOOOOOOO
|-ability|p1a: Calyrex|Grim Neigh|boost
|-boost|p1a: Calyrex|spa|1
|
|upkeep
|j| night sentinel 0
|
|t:|1624486864
|switch|p2a: Kyogre|Kyogre|100/100
|-weather|RainDance|[from] ability: Drizzle|[of] p2a: Kyogre
|turn|22
|l| night sentinel 0
|
|t:|1624486869
|move|p2a: Kyogre|Thunder|p1a: Calyrex
|-damage|p1a: Calyrex|0 fnt
|faint|p1a: Calyrex
|
|-weather|RainDance|[upkeep]
|upkeep
|j| night sentinel 0
|
|t:|1624486871
|switch|p1a: Kyogre|Kyogre|100/100
|-activate|p1a: Kyogre|move: Sticky Web
|-unboost|p1a: Kyogre|spe|1
|turn|23
|
|t:|1624486873
|move|p2a: Kyogre|Thunder|p1a: Kyogre
|-supereffective|p1a: Kyogre
|-damage|p1a: Kyogre|2/100
|move|p1a: Kyogre|Thunder|p2a: Kyogre
|-supereffective|p2a: Kyogre
|-damage|p2a: Kyogre|41/100
|-status|p2a: Kyogre|par
|
|-weather|RainDance|[upkeep]
|upkeep
|turn|24
|
|t:|1624486876
|move|p1a: Kyogre|Thunder|p2a: Kyogre
|-supereffective|p2a: Kyogre
|-damage|p2a: Kyogre|0 fnt
|faint|p2a: Kyogre
|
|win|Rell27
|raw|Rell27's rating: 1428 &rarr; <strong>1451</strong><br />(+23 for winning)
|raw|F0rdPrefect's rating: 1489 &rarr; <strong>1466</strong><br />(-23 for losing)
|l|☆F0rdPrefect
|l| night sentinel 0
