|j|☆Strange What
|j|☆Pika Sup~
|t:|1668992704
|gametype|singles
|player|p1|Strange What|aromalady|
|player|p2|Pika Sup~|elaine|
|teamsize|p1|6
|teamsize|p2|6
|gen|8
|tier|[Gen 8] Ubers
|rated|Tournament battle
|rule|Sleep Clause Mod: Limit one foe put to sleep
|rule|Species Clause: Limit one of each Pokémon
|rule|OHKO Clause: OHKO moves are banned
|rule|Evasion Items Clause: Evasion items are banned
|rule|Evasion Moves Clause: Evasion moves are banned
|rule|Endless Battle Clause: Forcing endless battles is banned
|rule|HP Percentage Mod: HP is shown in percentages
|rule|Dynamax Clause: You cannot dynamax
|clearpoke
|poke|p1|Ditto|
|poke|p1|Kyogre|
|poke|p1|Zygarde|
|poke|p1|Eternatus|
|poke|p1|Yveltal|
|poke|p1|Necrozma-Dusk-Mane|
|poke|p2|Xerneas-*|
|poke|p2|Calyrex-Shadow|
|poke|p2|Eternatus|
|poke|p2|Yveltal|
|poke|p2|Groudon|
|poke|p2|Necrozma-Dusk-Mane|
|teampreview
|inactive|Battle timer is ON: inactive players will automatically lose when time's up. (requested by Pika Sup~)
|c|☆Pika Sup~|Damn
|c|☆Pika Sup~|glhf
|
|t:|1668992729
|start
|switch|p1a: Zygarde|Zygarde|100/100
|switch|p2a: Groudon|Groudon|100/100
|-weather|SunnyDay|[from] ability: Drought|[of] p2a: Groudon
|turn|1
|
|t:|1668992734
|move|p2a: Groudon|Swords Dance|p2a: Groudon
|-boost|p2a: Groudon|atk|2
|move|p1a: Zygarde|Glare|p2a: Groudon
|-status|p2a: Groudon|par
|
|-weather|SunnyDay|[upkeep]
|upkeep
|turn|2
|
|t:|1668992740
|move|p1a: Zygarde|Haze|p1a: Zygarde
|-clearallboost
|move|p2a: Groudon|Precipice Blades|p1a: Zygarde
|-damage|p1a: Zygarde|61/100
|
|-weather|SunnyDay|[upkeep]
|-heal|p1a: Zygarde|67/100|[from] item: Leftovers
|upkeep
|turn|3
|
|t:|1668992745
|move|p1a: Zygarde|Thousand Arrows|p2a: Groudon
|-damage|p2a: Groudon|77/100 par
|cant|p2a: Groudon|par
|
|-weather|SunnyDay|[upkeep]
|-heal|p1a: Zygarde|74/100|[from] item: Leftovers
|-heal|p2a: Groudon|83/100 par|[from] item: Leftovers
|upkeep
|turn|4
|
|t:|1668992753
|move|p1a: Zygarde|Glare|p2a: Groudon
|-fail|p2a: Groudon|par
|move|p2a: Groudon|Stealth Rock|p1a: Zygarde
|-sidestart|p1: Strange What|move: Stealth Rock
|
|-weather|SunnyDay|[upkeep]
|-heal|p1a: Zygarde|80/100|[from] item: Leftovers
|-heal|p2a: Groudon|90/100 par|[from] item: Leftovers
|upkeep
|turn|5
|j|%ibbysonlyfan
|
|t:|1668992761
|move|p1a: Zygarde|Thousand Arrows|p2a: Groudon
|-damage|p2a: Groudon|65/100 par
|cant|p2a: Groudon|par
|
|-weather|none
|-heal|p1a: Zygarde|86/100|[from] item: Leftovers
|-heal|p2a: Groudon|71/100 par|[from] item: Leftovers
|upkeep
|turn|6
|
|t:|1668992766
|move|p1a: Zygarde|Thousand Arrows|p2a: Groudon
|-damage|p2a: Groudon|48/100 par
|move|p2a: Groudon|Swords Dance|p2a: Groudon
|-boost|p2a: Groudon|atk|2
|
|-heal|p1a: Zygarde|92/100|[from] item: Leftovers
|-heal|p2a: Groudon|54/100 par|[from] item: Leftovers
|upkeep
|turn|7
|
|t:|1668992775
|switch|p2a: Guess who|Xerneas|100/100
|-ability|p2a: Guess who|Fairy Aura
|move|p1a: Zygarde|Haze|p1a: Zygarde
|-clearallboost
|
|-heal|p1a: Zygarde|98/100|[from] item: Leftovers
|upkeep
|turn|8
|
|t:|1668992782
|switch|p2a: Yveltal|Yveltal|100/100
|-ability|p2a: Yveltal|Dark Aura
|switch|p1a: Necrozma|Necrozma-Dusk-Mane|100/100
|-damage|p1a: Necrozma|94/100|[from] Stealth Rock
|
|-heal|p1a: Necrozma|100/100|[from] item: Leftovers
|upkeep
|turn|9
|
|t:|1668992790
|move|p2a: Yveltal|Knock Off|p1a: Necrozma
|-supereffective|p1a: Necrozma
|-damage|p1a: Necrozma|35/100
|-enditem|p1a: Necrozma|Leftovers|[from] move: Knock Off|[of] p2a: Yveltal
|move|p1a: Necrozma|Thunder Wave|p2a: Yveltal
|-status|p2a: Yveltal|par
|
|upkeep
|turn|10
|
|t:|1668992797
|move|p1a: Necrozma|Moonlight|p1a: Necrozma
|-heal|p1a: Necrozma|85/100
|cant|p2a: Yveltal|par
|
|upkeep
|turn|11
|
|t:|1668992810
|move|p1a: Necrozma|Stealth Rock|p2a: Yveltal
|-sidestart|p2: Pika Sup~|move: Stealth Rock
|move|p2a: Yveltal|Knock Off|p1a: Necrozma
|-supereffective|p1a: Necrozma
|-damage|p1a: Necrozma|38/100
|
|upkeep
|turn|12
|
|t:|1668992815
|move|p1a: Necrozma|Moonlight|p1a: Necrozma
|-heal|p1a: Necrozma|88/100
|cant|p2a: Yveltal|par
|
|upkeep
|turn|13
|
|t:|1668992819
|move|p1a: Necrozma|Iron Head|p2a: Yveltal
|-damage|p2a: Yveltal|62/100 par
|cant|p2a: Yveltal|par
|
|upkeep
|turn|14
|
|t:|1668992828
|switch|p2a: Necrozma|Necrozma-Dusk-Mane|100/100
|-damage|p2a: Necrozma|95/100|[from] Stealth Rock
|move|p1a: Necrozma|Iron Head|p2a: Necrozma
|-resisted|p2a: Necrozma
|-damage|p2a: Necrozma|78/100
|
|upkeep
|turn|15
|
|t:|1668992845
|switch|p2a: Yveltal|Yveltal|62/100 par
|-ability|p2a: Yveltal|Dark Aura
|switch|p1a: Zygarde|Zygarde|98/100
|-damage|p1a: Zygarde|92/100|[from] Stealth Rock
|
|-heal|p1a: Zygarde|98/100|[from] item: Leftovers
|upkeep
|turn|16
|
|t:|1668992854
|switch|p1a: Kyogre|Kyogre|100/100
|-damage|p1a: Kyogre|88/100|[from] Stealth Rock
|-weather|RainDance|[from] ability: Drizzle|[of] p1a: Kyogre
|move|p2a: Yveltal|Roost|p2a: Yveltal
|-heal|p2a: Yveltal|100/100 par
|-singleturn|p2a: Yveltal|move: Roost
|
|-weather|RainDance|[upkeep]
|-heal|p1a: Kyogre|94/100|[from] item: Leftovers
|upkeep
|turn|17
|
|t:|1668992864
|move|p1a: Kyogre|Substitute|p1a: Kyogre
|-start|p1a: Kyogre|Substitute
|-damage|p1a: Kyogre|69/100
|move|p2a: Yveltal|Knock Off|p1a: Kyogre
|-end|p1a: Kyogre|Substitute
|
|-weather|RainDance|[upkeep]
|-heal|p1a: Kyogre|75/100|[from] item: Leftovers
|upkeep
|turn|18
|
|t:|1668992870
|move|p1a: Kyogre|Substitute|p1a: Kyogre
|-start|p1a: Kyogre|Substitute
|-damage|p1a: Kyogre|50/100
|move|p2a: Yveltal|Knock Off|p1a: Kyogre
|-end|p1a: Kyogre|Substitute
|
|-weather|RainDance|[upkeep]
|-heal|p1a: Kyogre|57/100|[from] item: Leftovers
|upkeep
|turn|19
|
|t:|1668992876
|move|p1a: Kyogre|Substitute|p1a: Kyogre
|-start|p1a: Kyogre|Substitute
|-damage|p1a: Kyogre|32/100
|move|p2a: Yveltal|Knock Off|p1a: Kyogre
|-end|p1a: Kyogre|Substitute
|
|-weather|RainDance|[upkeep]
|-heal|p1a: Kyogre|38/100|[from] item: Leftovers
|upkeep
|turn|20
|
|t:|1668992882
|move|p1a: Kyogre|Scald|p2a: Yveltal
|-damage|p2a: Yveltal|49/100 par
|cant|p2a: Yveltal|par
|
|-weather|none
|-heal|p1a: Kyogre|44/100|[from] item: Leftovers
|upkeep
|turn|21
|
|t:|1668992890
|cant|p2a: Yveltal|par
|move|p1a: Kyogre|Scald|p2a: Yveltal
|-damage|p2a: Yveltal|17/100 par
|
|-heal|p1a: Kyogre|50/100|[from] item: Leftovers
|upkeep
|turn|22
|
|t:|1668992897
|switch|p1a: Necrozma|Necrozma-Dusk-Mane|88/100
|-damage|p1a: Necrozma|82/100|[from] Stealth Rock
|move|p2a: Yveltal|Knock Off|p1a: Necrozma
|-supereffective|p1a: Necrozma
|-damage|p1a: Necrozma|38/100
|
|upkeep
|turn|23
|
|t:|1668992903
|move|p1a: Necrozma|Moonlight|p1a: Necrozma
|-heal|p1a: Necrozma|88/100
|move|p2a: Yveltal|Taunt|p1a: Necrozma
|-start|p1a: Necrozma|move: Taunt
|
|upkeep
|turn|24
|
|t:|1668992906
|cant|p2a: Yveltal|par
|move|p1a: Necrozma|Iron Head|p2a: Yveltal
|-damage|p2a: Yveltal|0 fnt
|faint|p2a: Yveltal
|
|upkeep
|
|t:|1668992911
|switch|p2a: Eternatus|Eternatus|100/100
|-damage|p2a: Eternatus|88/100|[from] Stealth Rock
|-ability|p2a: Eternatus|Pressure
|turn|25
|
|t:|1668992919
|switch|p1a: Kyogre|Kyogre|50/100
|-damage|p1a: Kyogre|38/100|[from] Stealth Rock
|-weather|RainDance|[from] ability: Drizzle|[of] p1a: Kyogre
|move|p2a: Eternatus|Meteor Beam||[still]
|-prepare|p2a: Eternatus|Meteor Beam
|-boost|p2a: Eternatus|spa|1
|-enditem|p2a: Eternatus|Power Herb
|-anim|p2a: Eternatus|Meteor Beam|p1a: Kyogre
|-damage|p1a: Kyogre|0 fnt
|faint|p1a: Kyogre
|
|-weather|RainDance|[upkeep]
|upkeep
|
|t:|1668992921
|switch|p1a: Necrozma|Necrozma-Dusk-Mane|88/100
|-damage|p1a: Necrozma|82/100|[from] Stealth Rock
|turn|26
|
|t:|1668992927
|switch|p2a: Groudon|Groudon|54/100 par
|-damage|p2a: Groudon|48/100 par|[from] Stealth Rock
|-weather|SunnyDay|[from] ability: Drought|[of] p2a: Groudon
|move|p1a: Necrozma|Thunder Wave|p2a: Groudon
|-immune|p2a: Groudon
|
|-weather|SunnyDay|[upkeep]
|-heal|p2a: Groudon|54/100 par|[from] item: Leftovers
|upkeep
|turn|27
|
|t:|1668992941
|switch|p1a: Yveltal|Yveltal|100/100
|-ability|p1a: Yveltal|Dark Aura
|move|p2a: Groudon|Precipice Blades|p1a: Yveltal
|-immune|p1a: Yveltal
|
|-weather|SunnyDay|[upkeep]
|-heal|p2a: Groudon|61/100 par|[from] item: Leftovers
|upkeep
|turn|28
|
|t:|1668992946
|move|p1a: Yveltal|Knock Off|p2a: Groudon
|-crit|p2a: Groudon
|-damage|p2a: Groudon|2/100 par
|-enditem|p2a: Groudon|Leftovers|[from] move: Knock Off|[of] p1a: Yveltal
|move|p2a: Groudon|Stone Edge|p1a: Yveltal|[miss]
|-miss|p2a: Groudon|p1a: Yveltal
|
|-weather|SunnyDay|[upkeep]
|upkeep
|turn|29
|c|☆Pika Sup~|This sucks
|
|t:|1668992973
|move|p1a: Yveltal|U-turn|p2a: Groudon
|-damage|p2a: Groudon|0 fnt
|faint|p2a: Groudon
|
|t:|1668992987
|switch|p1a: Necrozma|Necrozma-Dusk-Mane|82/100|[from]move: U-turn
|-damage|p1a: Necrozma|76/100|[from] Stealth Rock
|
|-weather|SunnyDay|[upkeep]
|upkeep
|
|t:|1668992991
|switch|p2a: Eternatus|Eternatus|88/100
|-damage|p2a: Eternatus|76/100|[from] Stealth Rock
|-ability|p2a: Eternatus|Pressure
|turn|30
|
|t:|1668992996
|move|p2a: Eternatus|Flamethrower|p1a: Necrozma
|-supereffective|p1a: Necrozma
|-damage|p1a: Necrozma|29/100
|move|p1a: Necrozma|Thunder Wave|p2a: Eternatus
|-status|p2a: Eternatus|par
|
|-weather|none
|upkeep
|turn|31
|
|t:|1668993005
|move|p1a: Necrozma|Moonlight|p1a: Necrozma
|-heal|p1a: Necrozma|79/100
|cant|p2a: Eternatus|par
|
|upkeep
|turn|32
|
|t:|1668993011
|switch|p2a: Necrozma|Necrozma-Dusk-Mane|78/100
|-damage|p2a: Necrozma|72/100|[from] Stealth Rock
|move|p1a: Necrozma|Iron Head|p2a: Necrozma
|-resisted|p2a: Necrozma
|-damage|p2a: Necrozma|55/100
|
|upkeep
|turn|33
|
|t:|1668993022
|move|p2a: Necrozma|Dragon Dance|p2a: Necrozma
|-boost|p2a: Necrozma|atk|1
|-boost|p2a: Necrozma|spe|1
|move|p1a: Necrozma|Thunder Wave|p2a: Necrozma
|-status|p2a: Necrozma|par
|
|upkeep
|turn|34
|
|t:|1668993028
|switch|p1a: Zygarde|Zygarde|98/100
|-damage|p1a: Zygarde|92/100|[from] Stealth Rock
|move|p2a: Necrozma|Sunsteel Strike|p1a: Zygarde
|-damage|p1a: Zygarde|43/100
|
|-heal|p1a: Zygarde|49/100|[from] item: Leftovers
|-activate|p1a: Zygarde|ability: Power Construct
|detailschange|p1a: Zygarde|Zygarde-Complete
|-heal|p1a: Zygarde|67/100|[silent]
|upkeep
|turn|35
|
|t:|1668993038
|switch|p2a: Guess who|Xerneas|100/100
|-damage|p2a: Guess who|88/100|[from] Stealth Rock
|-ability|p2a: Guess who|Fairy Aura
|move|p1a: Zygarde|Thousand Arrows|p2a: Guess who
|-damage|p2a: Guess who|57/100
|
|-heal|p1a: Zygarde|73/100|[from] item: Leftovers
|upkeep
|turn|36
|
|t:|1668993047
|switch|p1a: Necrozma|Necrozma-Dusk-Mane|79/100
|-damage|p1a: Necrozma|73/100|[from] Stealth Rock
|move|p2a: Guess who|Moonblast|p1a: Necrozma
|-resisted|p1a: Necrozma
|-damage|p1a: Necrozma|54/100
|
|upkeep
|turn|37
|
|t:|1668993053
|switch|p2a: Necrozma|Necrozma-Dusk-Mane|55/100 par
|-damage|p2a: Necrozma|49/100 par|[from] Stealth Rock
|move|p1a: Necrozma|Moonlight|p1a: Necrozma
|-heal|p1a: Necrozma|100/100
|
|upkeep
|turn|38
|inactive|Pika Sup~ has 120 seconds left.
|j|%BluBirD
|j|+BeeOrSomething
|
|t:|1668993096
|move|p1a: Necrozma|Thunder Wave|p2a: Necrozma
|-fail|p2a: Necrozma|par
|move|p2a: Necrozma|Sunsteel Strike|p1a: Necrozma
|-resisted|p1a: Necrozma
|-damage|p1a: Necrozma|77/100
|
|upkeep
|turn|39
|
|t:|1668993111
|move|p1a: Necrozma|Iron Head|p2a: Necrozma
|-resisted|p2a: Necrozma
|-crit|p2a: Necrozma
|-damage|p2a: Necrozma|25/100 par
|move|p2a: Necrozma|Earthquake|p1a: Necrozma
|-supereffective|p1a: Necrozma
|-damage|p1a: Necrozma|32/100
|
|upkeep
|turn|40
|j|+kinjana
|l|+kinjana
|
|t:|1668993118
|move|p1a: Necrozma|Iron Head|p2a: Necrozma
|-resisted|p2a: Necrozma
|-damage|p2a: Necrozma|9/100 par
|move|p2a: Necrozma|Earthquake|p1a: Necrozma
|-supereffective|p1a: Necrozma
|-damage|p1a: Necrozma|0 fnt
|faint|p1a: Necrozma
|
|upkeep
|c|☆Pika Sup~|Yesss
|
|t:|1668993123
|switch|p1a: Eternatus|Eternatus|100/100
|-damage|p1a: Eternatus|88/100|[from] Stealth Rock
|-ability|p1a: Eternatus|Pressure
|turn|41
|
|t:|1668993127
|move|p1a: Eternatus|Mystical Fire|p2a: Necrozma
|-supereffective|p2a: Necrozma
|-damage|p2a: Necrozma|0 fnt
|faint|p2a: Necrozma
|
|upkeep
|c|☆Pika Sup~|Lucky break
|inactive|Pika Sup~ has 120 seconds left.
|
|t:|1668993148
|switch|p2a: Guess what|Calyrex-Shadow|100/100
|-ability|p2a: Guess what|As One
|-ability|p2a: Guess what|Unnerve
|-damage|p2a: Guess what|88/100|[from] Stealth Rock
|turn|42
|
|t:|1668993153
|move|p2a: Guess what|Aromatherapy|p2a: Guess what
|-activate|p2a: Guess what|move: Aromatherapy
|-curestatus|p2: Eternatus|par|[msg]
|move|p1a: Eternatus|Toxic|p2a: Guess what
|-status|p2a: Guess what|tox
|
|-damage|p2a: Guess what|82/100 tox|[from] psn
|upkeep
|turn|43
|
|t:|1668993165
|move|p2a: Guess what|Aromatherapy|p2a: Guess what
|-activate|p2a: Guess what|move: Aromatherapy
|-curestatus|p2a: Guess what|tox|[msg]
|move|p1a: Eternatus|Mystical Fire|p2a: Guess what
|-damage|p2a: Guess what|58/100
|-unboost|p2a: Guess what|spa|1
|
|upkeep
|turn|44
|inactive|Pika Sup~ has 120 seconds left.
|
|t:|1668993180
|switch|p2a: Guess who|Xerneas|57/100
|-damage|p2a: Guess who|45/100|[from] Stealth Rock
|-ability|p2a: Guess who|Fairy Aura
|move|p1a: Eternatus|Mystical Fire|p2a: Guess who
|-damage|p2a: Guess who|23/100
|-unboost|p2a: Guess who|spa|1
|
|upkeep
|turn|45
|inactive|Pika Sup~ has 120 seconds left.
|
|t:|1668993191
|move|p1a: Eternatus|Mystical Fire|p2a: Guess who
|-damage|p2a: Guess who|2/100
|-unboost|p2a: Guess who|spa|1
|move|p2a: Guess who|Moonblast|p1a: Eternatus
|-damage|p1a: Eternatus|67/100
|
|upkeep
|turn|46
|j|+ILoveMashing❤
|
|t:|1668993196
|move|p1a: Eternatus|Recover|p1a: Eternatus
|-heal|p1a: Eternatus|100/100
|move|p2a: Guess who|Moonblast|p1a: Eternatus
|-damage|p1a: Eternatus|79/100
|
|upkeep
|turn|47
|
|t:|1668993201
|move|p1a: Eternatus|Mystical Fire|p2a: Guess who
|-damage|p2a: Guess who|0 fnt
|faint|p2a: Guess who
|
|upkeep
|
|t:|1668993207
|switch|p2a: Eternatus|Eternatus|76/100
|-damage|p2a: Eternatus|63/100|[from] Stealth Rock
|-ability|p2a: Eternatus|Pressure
|turn|48
|
|t:|1668993214
|move|p2a: Eternatus|Dynamax Cannon|p1a: Eternatus
|-supereffective|p1a: Eternatus
|-crit|p1a: Eternatus
|-damage|p1a: Eternatus|0 fnt
|faint|p1a: Eternatus
|
|upkeep
|
|t:|1668993218
|switch|p1a: Ditto|Ditto|100/100
|-damage|p1a: Ditto|88/100|[from] Stealth Rock
|-transform|p1a: Ditto|p2a: Eternatus|[from] ability: Imposter
|-ability|p1a: Ditto|Pressure
|turn|49
|
|t:|1668993221
|move|p1a: Ditto|Dynamax Cannon|p2a: Eternatus
|-supereffective|p2a: Eternatus
|-damage|p2a: Eternatus|0 fnt
|faint|p2a: Eternatus
|
|upkeep
|
|t:|1668993224
|switch|p2a: Guess what|Calyrex-Shadow|58/100
|-ability|p2a: Guess what|As One
|-ability|p2a: Guess what|Unnerve
|-damage|p2a: Guess what|46/100|[from] Stealth Rock
|turn|50
|c|☆Pika Sup~|Gg
|
|t:|1668993227
|move|p2a: Guess what|Astral Barrage|p1a: Ditto
|-damage|p1a: Ditto|7/100
|move|p1a: Ditto|Dynamax Cannon|p2a: Guess what
|-damage|p2a: Guess what|0 fnt
|faint|p2a: Guess what
|
|win|Strange What
|n|☆Strange What|strangewhat
|n|☆Pika Sup~|pikasup
|n| ibbysonlyfan|ibbysonlyfan
|n| BluBirD|blubird
|n| BeeOrSomething|beeorsomething
|n| ILoveMashing❤|ilovemashing
|l| BluBirD
|l| BeeOrSomething
|l| ILoveMashing❤
|l|☆Pika Sup~
|j| Sunny the god
|l| Sunny the god
|l| ibbysonlyfan
