|j|☆tugrin
|j|☆celestial nolonolo
|player|p1|tugrin|101|1148
|player|p2|celestial nolonolo|209|1000
|teamsize|p1|6
|teamsize|p2|6
|gametype|singles
|gen|8
|tier|[Gen 8] Ubers
|rated|
|rule|Sleep Clause Mod: Limit one foe put to sleep
|rule|Species Clause: Limit one of each Pokémon
|rule|OHKO Clause: OHKO moves are banned
|rule|Moody Clause: Moody is banned
|rule|Evasion Moves Clause: Evasion moves are banned
|rule|Endless Battle Clause: Forcing endless battles is banned
|rule|HP Percentage Mod: HP is shown in percentages
|clearpoke
|poke|p1|Eternatus|item
|poke|p1|Zacian-Crowned|item
|poke|p1|Zamazenta-Crowned|item
|poke|p1|Ninetales-Alola, M|item
|poke|p1|Ferrothorn, M|item
|poke|p1|Aegislash, M|item
|poke|p2|Dugtrio, M|item
|poke|p2|Eternatus|item
|poke|p2|Runerigus, F|item
|poke|p2|Aegislash, M|item
|poke|p2|Chandelure, F|item
|poke|p2|Obstagoon, F|item
|teampreview
|
|start
|switch|p1a: Ferrothorn|Ferrothorn, M|100/100
|switch|p2a: Runerigus|Runerigus, F|100/100
|turn|1
|
|move|p2a: Runerigus|Will-O-Wisp|p1a: Ferrothorn
|-status|p1a: Ferrothorn|brn
|move|p1a: Ferrothorn|Stealth Rock|p2a: Runerigus
|-sidestart|p2: celestial nolonolo|move: Stealth Rock
|
|-damage|p1a: Ferrothorn|95/100 brn|[from] brn
|upkeep
|turn|2
|
|move|p2a: Runerigus|Stealth Rock|p1a: Ferrothorn
|-sidestart|p1: tugrin|move: Stealth Rock
|move|p1a: Ferrothorn|Spikes|p2a: Runerigus
|-sidestart|p2: celestial nolonolo|Spikes
|
|-damage|p1a: Ferrothorn|89/100 brn|[from] brn
|upkeep
|turn|3
|
|move|p2a: Runerigus|Toxic Spikes|p1a: Ferrothorn
|-sidestart|p1: tugrin|move: Toxic Spikes
|move|p1a: Ferrothorn|Spikes|p2a: Runerigus
|-sidestart|p2: celestial nolonolo|Spikes
|
|-damage|p1a: Ferrothorn|83/100 brn|[from] brn
|upkeep
|turn|4
|
|move|p2a: Runerigus|Toxic Spikes|p1a: Ferrothorn
|-sidestart|p1: tugrin|move: Toxic Spikes
|move|p1a: Ferrothorn|Spikes|p2a: Runerigus
|-sidestart|p2: celestial nolonolo|Spikes
|
|-damage|p1a: Ferrothorn|77/100 brn|[from] brn
|upkeep
|turn|5
|
|move|p2a: Runerigus|Earthquake|p1a: Ferrothorn
|-damage|p1a: Ferrothorn|58/100 brn
|move|p1a: Ferrothorn|Leech Seed|p2a: Runerigus
|-start|p2a: Runerigus|move: Leech Seed
|
|-damage|p2a: Runerigus|88/100|[from] Leech Seed|[of] p1a: Ferrothorn
|-heal|p1a: Ferrothorn|69/100 brn|[silent]
|-damage|p1a: Ferrothorn|63/100 brn|[from] brn
|upkeep
|turn|6
|
|move|p1a: Ferrothorn|Protect|p1a: Ferrothorn
|-singleturn|p1a: Ferrothorn|Protect
|move|p2a: Runerigus|Earthquake|p1a: Ferrothorn
|-activate|p1a: Ferrothorn|move: Protect
|
|-heal|p2a: Runerigus|94/100|[from] item: Leftovers
|-damage|p2a: Runerigus|82/100|[from] Leech Seed|[of] p1a: Ferrothorn
|-heal|p1a: Ferrothorn|75/100 brn|[silent]
|-damage|p1a: Ferrothorn|69/100 brn|[from] brn
|upkeep
|turn|7
|
|move|p2a: Runerigus|Earthquake|p1a: Ferrothorn
|-damage|p1a: Ferrothorn|47/100 brn
|move|p1a: Ferrothorn|Stealth Rock||[still]
|-fail|p1a: Ferrothorn
|
|-heal|p2a: Runerigus|88/100|[from] item: Leftovers
|-damage|p2a: Runerigus|75/100|[from] Leech Seed|[of] p1a: Ferrothorn
|-heal|p1a: Ferrothorn|59/100 brn|[silent]
|-damage|p1a: Ferrothorn|53/100 brn|[from] brn
|upkeep
|turn|8
|
|move|p1a: Ferrothorn|Protect|p1a: Ferrothorn
|-singleturn|p1a: Ferrothorn|Protect
|move|p2a: Runerigus|Earthquake|p1a: Ferrothorn
|-activate|p1a: Ferrothorn|move: Protect
|
|-heal|p2a: Runerigus|82/100|[from] item: Leftovers
|-damage|p2a: Runerigus|69/100|[from] Leech Seed|[of] p1a: Ferrothorn
|-heal|p1a: Ferrothorn|64/100 brn|[silent]
|-damage|p1a: Ferrothorn|58/100 brn|[from] brn
|upkeep
|turn|9
|
|move|p2a: Runerigus|Earthquake|p1a: Ferrothorn
|-damage|p1a: Ferrothorn|37/100 brn
|move|p1a: Ferrothorn|Stealth Rock||[still]
|-fail|p1a: Ferrothorn
|
|-heal|p2a: Runerigus|75/100|[from] item: Leftovers
|-damage|p2a: Runerigus|63/100|[from] Leech Seed|[of] p1a: Ferrothorn
|-heal|p1a: Ferrothorn|48/100 brn|[silent]
|-damage|p1a: Ferrothorn|42/100 brn|[from] brn
|upkeep
|turn|10
|
|move|p1a: Ferrothorn|Protect|p1a: Ferrothorn
|-singleturn|p1a: Ferrothorn|Protect
|move|p2a: Runerigus|Earthquake|p1a: Ferrothorn
|-activate|p1a: Ferrothorn|move: Protect
|
|-heal|p2a: Runerigus|69/100|[from] item: Leftovers
|-damage|p2a: Runerigus|57/100|[from] Leech Seed|[of] p1a: Ferrothorn
|-heal|p1a: Ferrothorn|53/100 brn|[silent]
|-damage|p1a: Ferrothorn|48/100 brn|[from] brn
|upkeep
|turn|11
|
|move|p2a: Runerigus|Earthquake|p1a: Ferrothorn
|-damage|p1a: Ferrothorn|27/100 brn
|move|p1a: Ferrothorn|Stealth Rock||[still]
|-fail|p1a: Ferrothorn
|
|-heal|p2a: Runerigus|63/100|[from] item: Leftovers
|-damage|p2a: Runerigus|50/100|[from] Leech Seed|[of] p1a: Ferrothorn
|-heal|p1a: Ferrothorn|38/100 brn|[silent]
|-damage|p1a: Ferrothorn|32/100 brn|[from] brn
|upkeep
|turn|12
|
|move|p1a: Ferrothorn|Protect|p1a: Ferrothorn
|-singleturn|p1a: Ferrothorn|Protect
|move|p2a: Runerigus|Earthquake|p1a: Ferrothorn
|-activate|p1a: Ferrothorn|move: Protect
|
|-heal|p2a: Runerigus|57/100|[from] item: Leftovers
|-damage|p2a: Runerigus|44/100|[from] Leech Seed|[of] p1a: Ferrothorn
|-heal|p1a: Ferrothorn|44/100 brn|[silent]
|-damage|p1a: Ferrothorn|38/100 brn|[from] brn
|upkeep
|turn|13
|
|-start|p2a: Runerigus|Dynamax
|-heal|p2a: Runerigus|44/100|[from] Dynamax
|move|p2a: Runerigus|Max Quake|p1a: Ferrothorn
|-damage|p1a: Ferrothorn|12/100 brn
|-boost|p2a: Runerigus|spd|1
|move|p1a: Ferrothorn|Stealth Rock||[still]
|-fail|p1a: Ferrothorn
|
|-heal|p2a: Runerigus|50/100|[from] item: Leftovers
|-damage|p2a: Runerigus|38/100|[from] Leech Seed|[of] p1a: Ferrothorn
|-heal|p1a: Ferrothorn|35/100 brn|[silent]
|-damage|p1a: Ferrothorn|29/100 brn|[from] brn
|upkeep
|turn|14
|
|move|p1a: Ferrothorn|Protect|p1a: Ferrothorn
|-singleturn|p1a: Ferrothorn|Protect
|move|p2a: Runerigus|Max Quake|p1a: Ferrothorn
|-zbroken|p1a: Ferrothorn
|-damage|p1a: Ferrothorn|22/100 brn
|-boost|p2a: Runerigus|spd|1
|
|-heal|p2a: Runerigus|44/100|[from] item: Leftovers
|-damage|p2a: Runerigus|32/100|[from] Leech Seed|[of] p1a: Ferrothorn
|-heal|p1a: Ferrothorn|45/100 brn|[silent]
|-damage|p1a: Ferrothorn|39/100 brn|[from] brn
|upkeep
|turn|15
|
|move|p1a: Ferrothorn|Protect|p1a: Ferrothorn
|-singleturn|p1a: Ferrothorn|Protect
|move|p2a: Runerigus|Max Quake|p1a: Ferrothorn
|-zbroken|p1a: Ferrothorn
|-damage|p1a: Ferrothorn|33/100 brn
|-boost|p2a: Runerigus|spd|1
|
|-heal|p2a: Runerigus|38/100|[from] item: Leftovers
|-damage|p2a: Runerigus|25/100|[from] Leech Seed|[of] p1a: Ferrothorn
|-heal|p1a: Ferrothorn|55/100 brn|[silent]
|-damage|p1a: Ferrothorn|50/100 brn|[from] brn
|-end|p2a: Runerigus|Dynamax
|-heal|p2a: Runerigus|25/100|[from] Dynamax
|upkeep
|turn|16
|
|move|p2a: Runerigus|Earthquake|p1a: Ferrothorn
|-damage|p1a: Ferrothorn|32/100 brn
|move|p1a: Ferrothorn|Stealth Rock||[still]
|-fail|p1a: Ferrothorn
|
|-heal|p2a: Runerigus|32/100|[from] item: Leftovers
|-damage|p2a: Runerigus|19/100|[from] Leech Seed|[of] p1a: Ferrothorn
|-heal|p1a: Ferrothorn|43/100 brn|[silent]
|-damage|p1a: Ferrothorn|37/100 brn|[from] brn
|upkeep
|turn|17
|
|move|p1a: Ferrothorn|Protect|p1a: Ferrothorn
|-singleturn|p1a: Ferrothorn|Protect
|move|p2a: Runerigus|Earthquake|p1a: Ferrothorn
|-activate|p1a: Ferrothorn|move: Protect
|
|-heal|p2a: Runerigus|25/100|[from] item: Leftovers
|-damage|p2a: Runerigus|13/100|[from] Leech Seed|[of] p1a: Ferrothorn
|-heal|p1a: Ferrothorn|48/100 brn|[silent]
|-damage|p1a: Ferrothorn|42/100 brn|[from] brn
|upkeep
|turn|18
|
|move|p2a: Runerigus|Earthquake|p1a: Ferrothorn
|-damage|p1a: Ferrothorn|24/100 brn
|move|p1a: Ferrothorn|Stealth Rock||[still]
|-fail|p1a: Ferrothorn
|
|-heal|p2a: Runerigus|19/100|[from] item: Leftovers
|-damage|p2a: Runerigus|7/100|[from] Leech Seed|[of] p1a: Ferrothorn
|-heal|p1a: Ferrothorn|36/100 brn|[silent]
|-damage|p1a: Ferrothorn|30/100 brn|[from] brn
|upkeep
|turn|19
|
|move|p1a: Ferrothorn|Protect|p1a: Ferrothorn
|-singleturn|p1a: Ferrothorn|Protect
|move|p2a: Runerigus|Earthquake|p1a: Ferrothorn
|-activate|p1a: Ferrothorn|move: Protect
|
|-heal|p2a: Runerigus|13/100|[from] item: Leftovers
|-damage|p2a: Runerigus|0 fnt|[from] Leech Seed|[of] p1a: Ferrothorn
|-heal|p1a: Ferrothorn|41/100 brn|[silent]
|faint|p2a: Runerigus
|-damage|p1a: Ferrothorn|35/100 brn|[from] brn
|upkeep
|
|switch|p2a: Chandelure|Chandelure, F|100/100
|-damage|p2a: Chandelure|76/100|[from] Spikes
|-damage|p2a: Chandelure|51/100|[from] Stealth Rock
|turn|20
|
|move|p2a: Chandelure|Overheat|p1a: Ferrothorn
|-supereffective|p1a: Ferrothorn
|-damage|p1a: Ferrothorn|0 fnt
|-unboost|p2a: Chandelure|spa|2
|faint|p1a: Ferrothorn
|
|upkeep
|
|switch|p1a: Aegislash|Aegislash, M|100/100
|-damage|p1a: Aegislash|94/100|[from] Stealth Rock
|turn|21
|
|-formechange|p1a: Aegislash|Aegislash-Blade||[from] ability: Stance Change
|move|p1a: Aegislash|Shadow Sneak|p2a: Chandelure
|-supereffective|p2a: Chandelure
|-damage|p2a: Chandelure|0 fnt
|-status|p1a: Aegislash|brn|[from] ability: Flame Body|[of] p2a: Chandelure
|faint|p2a: Chandelure
|
|-damage|p1a: Aegislash|88/100 brn|[from] brn
|upkeep
|
|switch|p2a: Aegislash|Aegislash, M|100/100
|-damage|p2a: Aegislash|94/100|[from] Stealth Rock
|-damage|p2a: Aegislash|70/100|[from] Spikes
|turn|22
|
|move|p1a: Aegislash|Shadow Sneak|p2a: Aegislash
|-supereffective|p2a: Aegislash
|-damage|p2a: Aegislash|53/100
|move|p2a: Aegislash|Substitute|p2a: Aegislash
|-start|p2a: Aegislash|Substitute
|-damage|p2a: Aegislash|28/100
|
|-heal|p2a: Aegislash|34/100|[from] item: Leftovers
|-damage|p1a: Aegislash|82/100 brn|[from] brn
|upkeep
|turn|23
|
|-formechange|p2a: Aegislash|Aegislash-Blade||[from] ability: Stance Change
|move|p2a: Aegislash|Shadow Sneak|p1a: Aegislash
|-supereffective|p1a: Aegislash
|-damage|p1a: Aegislash|17/100 brn
|move|p1a: Aegislash|Shadow Claw|p2a: Aegislash
|-supereffective|p2a: Aegislash
|-end|p2a: Aegislash|Substitute
|
|-heal|p2a: Aegislash|40/100|[from] item: Leftovers
|-damage|p1a: Aegislash|10/100 brn|[from] brn
|upkeep
|turn|24
|
|-formechange|p2a: Aegislash|Aegislash||[from] ability: Stance Change
|move|p2a: Aegislash|King's Shield|p2a: Aegislash
|-singleturn|p2a: Aegislash|Protect
|move|p1a: Aegislash|Shadow Sneak|p2a: Aegislash
|-activate|p2a: Aegislash|move: Protect
|-unboost|p1a: Aegislash|atk|1
|
|-heal|p2a: Aegislash|46/100|[from] item: Leftovers
|-damage|p1a: Aegislash|4/100 brn|[from] brn
|upkeep
|turn|25
|
|move|p1a: Aegislash|Shadow Sneak|p2a: Aegislash
|-supereffective|p2a: Aegislash
|-damage|p2a: Aegislash|35/100
|move|p2a: Aegislash|Swords Dance|p2a: Aegislash
|-boost|p2a: Aegislash|atk|2
|
|-heal|p2a: Aegislash|41/100|[from] item: Leftovers
|-damage|p1a: Aegislash|0 fnt|[from] brn
|faint|p1a: Aegislash
|upkeep
|
|switch|p1a: Eternatus|Eternatus|100/100
|-damage|p1a: Eternatus|88/100|[from] Stealth Rock
|-sideend|p1: tugrin|move: Toxic Spikes|[of] p1a: Eternatus
|-ability|p1a: Eternatus|Pressure
|turn|26
|
|move|p2a: Aegislash|King's Shield|p2a: Aegislash
|-singleturn|p2a: Aegislash|Protect
|move|p1a: Eternatus|Flamethrower|p2a: Aegislash
|-activate|p2a: Aegislash|move: Protect
|
|-heal|p2a: Aegislash|47/100|[from] item: Leftovers
|upkeep
|turn|27
|
|switch|p2a: Eternatus|Eternatus|100/100
|-damage|p2a: Eternatus|88/100|[from] Stealth Rock
|-damage|p2a: Eternatus|63/100|[from] Spikes
|-ability|p2a: Eternatus|Pressure
|move|p1a: Eternatus|Flamethrower|p2a: Eternatus
|-resisted|p2a: Eternatus
|-damage|p2a: Eternatus|50/100
|-status|p2a: Eternatus|brn
|
|-damage|p2a: Eternatus|44/100 brn|[from] brn
|upkeep
|turn|28
|inactive|Battle timer is ON: inactive players will automatically lose when time's up. (requested by celestial nolonolo)
|
|switch|p1a: Ninetales|Ninetales-Alola, M|100/100
|-damage|p1a: Ninetales|76/100|[from] Stealth Rock
|-weather|Hail|[from] ability: Snow Warning|[of] p1a: Ninetales
|move|p2a: Eternatus|Agility|p2a: Eternatus
|-boost|p2a: Eternatus|spe|2
|
|-weather|Hail|[upkeep]
|-damage|p2a: Eternatus|38/100 brn|[from] Hail
|-damage|p2a: Eternatus|31/100 brn|[from] brn
|upkeep
|turn|29
|
|move|p2a: Eternatus|Sludge Wave|p1a: Ninetales
|-supereffective|p1a: Ninetales
|-damage|p1a: Ninetales|0 fnt
|-damage|p2a: Eternatus|22/100 brn|[from] item: Life Orb
|faint|p1a: Ninetales
|
|-weather|Hail|[upkeep]
|-damage|p2a: Eternatus|15/100 brn|[from] Hail
|-damage|p2a: Eternatus|9/100 brn|[from] brn
|upkeep
|
|switch|p1a: Zamazenta|Zamazenta-Crowned|100/100
|-ability|p1a: Zamazenta|Dauntless Shield|boost
|-boost|p1a: Zamazenta|def|1
|-damage|p1a: Zamazenta|97/100|[from] Stealth Rock
|turn|30
|
|move|p1a: Zamazenta|Quick Attack|p2a: Eternatus
|-crit|p2a: Eternatus
|-damage|p2a: Eternatus|0 fnt
|faint|p2a: Eternatus
|
|-weather|Hail|[upkeep]
|-damage|p1a: Zamazenta|91/100|[from] Hail
|upkeep
|
|switch|p2a: Dugtrio|Dugtrio, M|100/100
|-damage|p2a: Dugtrio|94/100|[from] Stealth Rock
|-damage|p2a: Dugtrio|70/100|[from] Spikes
|turn|31
|
|move|p1a: Zamazenta|Play Rough|p2a: Dugtrio
|-damage|p2a: Dugtrio|0 fnt
|faint|p2a: Dugtrio
|
|-weather|Hail|[upkeep]
|-damage|p1a: Zamazenta|85/100|[from] Hail
|upkeep
|
|switch|p2a: Aegislash|Aegislash, M|47/100
|-damage|p2a: Aegislash|41/100|[from] Stealth Rock
|-damage|p2a: Aegislash|16/100|[from] Spikes
|turn|32
|
|move|p2a: Aegislash|King's Shield|p2a: Aegislash
|-singleturn|p2a: Aegislash|Protect
|move|p1a: Zamazenta|Behemoth Bash|p2a: Aegislash
|-activate|p2a: Aegislash|move: Protect
|-unboost|p1a: Zamazenta|atk|1
|
|-weather|none
|-heal|p2a: Aegislash|22/100|[from] item: Leftovers
|upkeep
|turn|33
|
|move|p1a: Zamazenta|Behemoth Bash|p2a: Aegislash
|-resisted|p2a: Aegislash
|-damage|p2a: Aegislash|12/100
|move|p2a: Aegislash|Swords Dance|p2a: Aegislash
|-boost|p2a: Aegislash|atk|2
|
|-heal|p2a: Aegislash|18/100|[from] item: Leftovers
|upkeep
|turn|34
|
|move|p2a: Aegislash|King's Shield|p2a: Aegislash
|-singleturn|p2a: Aegislash|Protect
|move|p1a: Zamazenta|Play Rough|p2a: Aegislash
|-activate|p2a: Aegislash|move: Protect
|-unboost|p1a: Zamazenta|atk|1
|
|-heal|p2a: Aegislash|25/100|[from] item: Leftovers
|upkeep
|turn|35
|
|move|p1a: Zamazenta|Play Rough|p2a: Aegislash|[miss]
|-miss|p1a: Zamazenta|p2a: Aegislash
|move|p2a: Aegislash|Swords Dance|p2a: Aegislash
|-boost|p2a: Aegislash|atk|2
|
|-heal|p2a: Aegislash|31/100|[from] item: Leftovers
|upkeep
|turn|36
|
|move|p2a: Aegislash|King's Shield|p2a: Aegislash
|-singleturn|p2a: Aegislash|Protect
|move|p1a: Zamazenta|Behemoth Bash|p2a: Aegislash
|-activate|p2a: Aegislash|move: Protect
|-unboost|p1a: Zamazenta|atk|1
|
|-heal|p2a: Aegislash|37/100|[from] item: Leftovers
|upkeep
|turn|37
|
|move|p1a: Zamazenta|Play Rough|p2a: Aegislash
|-resisted|p2a: Aegislash
|-damage|p2a: Aegislash|33/100
|move|p2a: Aegislash|Substitute|p2a: Aegislash
|-start|p2a: Aegislash|Substitute
|-damage|p2a: Aegislash|8/100
|
|-heal|p2a: Aegislash|14/100|[from] item: Leftovers
|upkeep
|turn|38
|
|switch|p1a: Eternatus|Eternatus|88/100
|-damage|p1a: Eternatus|76/100|[from] Stealth Rock
|-ability|p1a: Eternatus|Pressure
|move|p2a: Aegislash|King's Shield||[still]
|-fail|p2a: Aegislash
|
|-heal|p2a: Aegislash|21/100|[from] item: Leftovers
|upkeep
|turn|39
|
|-formechange|p2a: Aegislash|Aegislash-Blade||[from] ability: Stance Change
|move|p2a: Aegislash|Shadow Sneak|p1a: Eternatus
|-damage|p1a: Eternatus|26/100
|move|p1a: Eternatus|Flamethrower|p2a: Aegislash
|-supereffective|p2a: Aegislash
|-end|p2a: Aegislash|Substitute
|
|-heal|p2a: Aegislash|27/100|[from] item: Leftovers
|upkeep
|turn|40
|
|move|p2a: Aegislash|Shadow Sneak|p1a: Eternatus
|-damage|p1a: Eternatus|0 fnt
|faint|p1a: Eternatus
|
|-heal|p2a: Aegislash|33/100|[from] item: Leftovers
|upkeep
|
|switch|p1a: Zamazenta|Zamazenta-Crowned|85/100
|-ability|p1a: Zamazenta|Dauntless Shield|boost
|-boost|p1a: Zamazenta|def|1
|-damage|p1a: Zamazenta|82/100|[from] Stealth Rock
|turn|41
|
|-formechange|p2a: Aegislash|Aegislash||[from] ability: Stance Change
|move|p2a: Aegislash|King's Shield|p2a: Aegislash
|-singleturn|p2a: Aegislash|Protect
|move|p1a: Zamazenta|Play Rough|p2a: Aegislash
|-activate|p2a: Aegislash|move: Protect
|-unboost|p1a: Zamazenta|atk|1
|
|-heal|p2a: Aegislash|39/100|[from] item: Leftovers
|upkeep
|turn|42
|
|move|p1a: Zamazenta|Play Rough|p2a: Aegislash
|-resisted|p2a: Aegislash
|-damage|p2a: Aegislash|33/100
|-unboost|p2a: Aegislash|atk|1
|move|p2a: Aegislash|Substitute|p2a: Aegislash
|-start|p2a: Aegislash|Substitute
|-damage|p2a: Aegislash|9/100
|
|-heal|p2a: Aegislash|15/100|[from] item: Leftovers
|upkeep
|turn|43
|
|switch|p1a: Zacian|Zacian-Crowned|100/100
|-ability|p1a: Zacian|Intrepid Sword|boost
|-boost|p1a: Zacian|atk|1
|-damage|p1a: Zacian|94/100|[from] Stealth Rock
|move|p2a: Aegislash|King's Shield||[still]
|-fail|p2a: Aegislash
|
|-heal|p2a: Aegislash|21/100|[from] item: Leftovers
|upkeep
|turn|44
|
|move|p2a: Aegislash|King's Shield|p2a: Aegislash
|-singleturn|p2a: Aegislash|Protect
|move|p1a: Zacian|Swords Dance|p1a: Zacian
|-boost|p1a: Zacian|atk|2
|
|-heal|p2a: Aegislash|27/100|[from] item: Leftovers
|upkeep
|turn|45
|
|-formechange|p2a: Aegislash|Aegislash-Blade||[from] ability: Stance Change
|move|p2a: Aegislash|Shadow Sneak|p1a: Zacian
|-damage|p1a: Zacian|50/100
|move|p1a: Zacian|Psychic Fangs|p2a: Aegislash
|-resisted|p2a: Aegislash
|-end|p2a: Aegislash|Substitute
|
|-heal|p2a: Aegislash|33/100|[from] item: Leftovers
|upkeep
|turn|46
|
|switch|p2a: Obstagoon|Obstagoon, F|100/100
|-damage|p2a: Obstagoon|88/100|[from] Stealth Rock
|-damage|p2a: Obstagoon|63/100|[from] Spikes
|move|p1a: Zacian|Psychic Fangs|p2a: Obstagoon
|-immune|p2a: Obstagoon
|
|-status|p2a: Obstagoon|brn|[from] item: Flame Orb
|upkeep
|turn|47
|
|move|p1a: Zacian|Sacred Sword|p2a: Obstagoon
|-supereffective|p2a: Obstagoon
|-damage|p2a: Obstagoon|0 fnt
|faint|p2a: Obstagoon
|
|upkeep
|
|switch|p2a: Aegislash|Aegislash, M|33/100
|-damage|p2a: Aegislash|27/100|[from] Stealth Rock
|-damage|p2a: Aegislash|2/100|[from] Spikes
|turn|48
|
|-formechange|p2a: Aegislash|Aegislash-Blade||[from] ability: Stance Change
|move|p2a: Aegislash|Shadow Sneak|p1a: Zacian
|-damage|p1a: Zacian|32/100
|move|p1a: Zacian|Psychic Fangs|p2a: Aegislash
|-resisted|p2a: Aegislash
|-damage|p2a: Aegislash|0 fnt
|faint|p2a: Aegislash
|
|win|tugrin
|l|☆celestial nolonolo
