|j|☆AdenJ
|j|☆Poderrerer2
|t:|1641227590
|gametype|singles
|player|p1|AdenJ|veteran|1452
|player|p2|Poderrerer2|170|1499
|teamsize|p1|6
|teamsize|p2|6
|gen|8
|tier|[Gen 8] Ubers
|rated|
|rule|Sleep Clause Mod: Limit one foe put to sleep
|rule|Species Clause: Limit one of each Pokémon
|rule|OHKO Clause: OHKO moves are banned
|rule|Evasion Moves Clause: Evasion moves are banned
|rule|Endless Battle Clause: Forcing endless battles is banned
|rule|HP Percentage Mod: HP is shown in percentages
|rule|Dynamax Clause: You cannot dynamax
|clearpoke
|poke|p1|Calyrex-Ice|
|poke|p1|Magearna|
|poke|p1|Palkia|
|poke|p1|Ho-Oh|
|poke|p1|Urshifu-*, F|
|poke|p1|Groudon|
|poke|p2|Kartana|
|poke|p2|Nihilego|
|poke|p2|Landorus-Therian, M|
|poke|p2|Eternatus|
|poke|p2|Yveltal|
|poke|p2|Arcanine, F|
|teampreview
|inactive|Battle timer is ON: inactive players will automatically lose when time's up. (requested by AdenJ)
|
|t:|1641227649
|start
|switch|p1a: Palkia|Palkia, shiny|100/100
|switch|p2a: Yveltal|Yveltal|100/100
|-ability|p1a: Palkia|Pressure
|-ability|p2a: Yveltal|Dark Aura
|turn|1
|
|t:|1641227654
|switch|p1a: Magearna|Magearna|100/100
|move|p2a: Yveltal|Knock Off|p1a: Magearna
|-resisted|p1a: Magearna
|-damage|p1a: Magearna|78/100
|-enditem|p1a: Magearna|Leftovers|[from] move: Knock Off|[of] p2a: Yveltal
|
|upkeep
|turn|2
|inactive|Poderrerer2 has 120 seconds left.
|
|t:|1641227686
|switch|p2a: Nihilego|Nihilego|100/100
|move|p1a: Magearna|Fleur Cannon|p2a: Nihilego
|-resisted|p2a: Nihilego
|-damage|p2a: Nihilego|82/100
|-unboost|p1a: Magearna|spa|2
|
|-heal|p2a: Nihilego|88/100|[from] item: Black Sludge
|upkeep
|turn|3
|
|t:|1641227708
|switch|p2a: Landorus|Landorus-Therian, M|100/100
|-ability|p2a: Landorus|Intimidate|boost
|-unboost|p1a: Magearna|atk|1
|switch|p1a: Groudon|Groudon|100/100
|-weather|SunnyDay|[from] ability: Drought|[of] p1a: Groudon
|
|-weather|SunnyDay|[upkeep]
|upkeep
|turn|4
|
|t:|1641227720
|move|p1a: Groudon|Toxic|p2a: Landorus
|-status|p2a: Landorus|tox
|move|p2a: Landorus|Toxic|p1a: Groudon
|-status|p1a: Groudon|tox
|
|-weather|SunnyDay|[upkeep]
|-damage|p1a: Groudon|94/100 tox|[from] psn
|-damage|p2a: Landorus|94/100 tox|[from] psn
|upkeep
|turn|5
|
|t:|1641227723
|move|p1a: Groudon|Stealth Rock|p2a: Landorus
|-sidestart|p2: Poderrerer2|move: Stealth Rock
|move|p2a: Landorus|Stealth Rock|p1a: Groudon
|-sidestart|p1: AdenJ|move: Stealth Rock
|
|-weather|SunnyDay|[upkeep]
|-heal|p1a: Groudon|100/100 tox|[from] item: Leftovers
|-heal|p2a: Landorus|100/100 tox|[from] item: Leftovers
|-damage|p1a: Groudon|88/100 tox|[from] psn
|-damage|p2a: Landorus|88/100 tox|[from] psn
|upkeep
|turn|6
|
|t:|1641227734
|move|p1a: Groudon|Stone Edge|p2a: Landorus
|-damage|p2a: Landorus|67/100 tox
|move|p2a: Landorus|U-turn|p1a: Groudon
|-damage|p1a: Groudon|78/100 tox
|
|t:|1641227740
|switch|p2a: Kartana|Kartana, shiny|100/100|[from]move: U-turn
|-damage|p2a: Kartana|94/100|[from] Stealth Rock
|
|-weather|SunnyDay|[upkeep]
|-heal|p1a: Groudon|84/100 tox|[from] item: Leftovers
|-damage|p1a: Groudon|65/100 tox|[from] psn
|upkeep
|turn|7
|
|t:|1641227745
|switch|p1a: Ho-Oh|Ho-Oh|100/100
|move|p2a: Kartana|Knock Off|p1a: Ho-Oh
|-damage|p1a: Ho-Oh|44/100
|-enditem|p1a: Ho-Oh|Heavy-Duty Boots|[from] move: Knock Off|[of] p2a: Kartana
|
|-weather|none
|upkeep
|turn|8
|
|t:|1641227754
|switch|p2a: Nihilego|Nihilego|88/100
|-damage|p2a: Nihilego|76/100|[from] Stealth Rock
|move|p1a: Ho-Oh|Defog|p2a: Nihilego
|-unboost|p2a: Nihilego|evasion|1
|-sideend|p2: Poderrerer2|Stealth Rock|[from] move: Defog|[of] p1a: Ho-Oh
|-sideend|p1: AdenJ|Stealth Rock|[from] move: Defog|[of] p1a: Ho-Oh
|
|-heal|p2a: Nihilego|82/100|[from] item: Black Sludge
|upkeep
|turn|9
|
|t:|1641227780
|switch|p1a: Magearna|Magearna|78/100
|move|p2a: Nihilego|Power Gem|p1a: Magearna
|-resisted|p1a: Magearna
|-damage|p1a: Magearna|63/100
|
|-heal|p2a: Nihilego|88/100|[from] item: Black Sludge
|upkeep
|turn|10
|inactive|Poderrerer2 has 120 seconds left.
|
|t:|1641227797
|move|p2a: Nihilego|Power Gem|p1a: Magearna
|-resisted|p1a: Magearna
|-damage|p1a: Magearna|49/100
|move|p1a: Magearna|Heal Bell|p1a: Magearna
|-activate|p1a: Magearna|move: Heal Bell
|-curestatus|p1: Groudon|tox|[msg]
|
|-heal|p2a: Nihilego|95/100|[from] item: Black Sludge
|upkeep
|turn|11
|
|t:|1641227805
|move|p2a: Nihilego|Power Gem|p1a: Magearna
|-resisted|p1a: Magearna
|-damage|p1a: Magearna|35/100
|move|p1a: Magearna|Pain Split|p2a: Nihilego
|-sethp|p2a: Nihilego|63/100|[from] move: Pain Split|[silent]
|-sethp|p1a: Magearna|72/100|[from] move: Pain Split
|
|-heal|p2a: Nihilego|69/100|[from] item: Black Sludge
|upkeep
|turn|12
|
|t:|1641227810
|move|p2a: Nihilego|Power Gem|p1a: Magearna
|-resisted|p1a: Magearna
|-damage|p1a: Magearna|60/100
|move|p1a: Magearna|Volt Switch|p2a: Nihilego
|-damage|p2a: Nihilego|57/100
|
|t:|1641227815
|switch|p1a: Urshifu|Urshifu, F|100/100|[from]move: Volt Switch
|
|-heal|p2a: Nihilego|63/100|[from] item: Black Sludge
|upkeep
|turn|13
|
|t:|1641227830
|switch|p2a: Yveltal|Yveltal|100/100
|-ability|p2a: Yveltal|Dark Aura
|move|p1a: Urshifu|Wicked Blow|p2a: Yveltal
|-resisted|p2a: Yveltal
|-crit|p2a: Yveltal
|-damage|p2a: Yveltal|55/100
|
|upkeep
|turn|14
|
|t:|1641227838
|switch|p1a: Ho-Oh|Ho-Oh|77/100
|move|p2a: Yveltal|Roost|p2a: Yveltal
|-heal|p2a: Yveltal|100/100
|-singleturn|p2a: Yveltal|move: Roost
|
|upkeep
|turn|15
|
|t:|1641227844
|switch|p2a: Eternatus|Eternatus|100/100
|-ability|p2a: Eternatus|Pressure
|move|p1a: Ho-Oh|Thunder Wave|p2a: Eternatus|[miss]
|-miss|p1a: Ho-Oh|p2a: Eternatus
|
|upkeep
|turn|16
|
|t:|1641227849
|move|p2a: Eternatus|Toxic|p1a: Ho-Oh
|-status|p1a: Ho-Oh|tox
|move|p1a: Ho-Oh|Thunder Wave|p2a: Eternatus
|-status|p2a: Eternatus|par
|
|-damage|p1a: Ho-Oh|71/100 tox|[from] psn
|upkeep
|turn|17
|
|t:|1641227852
|switch|p1a: Magearna|Magearna|60/100
|cant|p2a: Eternatus|par
|
|upkeep
|turn|18
|
|t:|1641227855
|cant|p2a: Eternatus|par
|move|p1a: Magearna|Pain Split|p2a: Eternatus
|-sethp|p2a: Eternatus|73/100 par|[from] move: Pain Split|[silent]
|-sethp|p1a: Magearna|96/100|[from] move: Pain Split
|
|-heal|p2a: Eternatus|79/100 par|[from] item: Black Sludge
|upkeep
|turn|19
|
|t:|1641227860
|move|p2a: Eternatus|Flamethrower|p1a: Magearna
|-supereffective|p1a: Magearna
|-damage|p1a: Magearna|51/100
|-status|p1a: Magearna|brn
|move|p1a: Magearna|Heal Bell|p1a: Magearna
|-activate|p1a: Magearna|move: Heal Bell
|-curestatus|p1a: Magearna|brn|[msg]
|-curestatus|p1: Ho-Oh|tox|[msg]
|
|-heal|p2a: Eternatus|85/100 par|[from] item: Black Sludge
|upkeep
|turn|20
|
|t:|1641227868
|switch|p2a: Nihilego|Nihilego|63/100
|switch|p1a: Palkia|Palkia, shiny|100/100
|-ability|p1a: Palkia|Pressure
|
|-heal|p2a: Nihilego|69/100|[from] item: Black Sludge
|upkeep
|turn|21
|
|t:|1641227874
|move|p1a: Palkia|Hydro Pump|p2a: Nihilego
|-supereffective|p2a: Nihilego
|-damage|p2a: Nihilego|0 fnt
|faint|p2a: Nihilego
|
|upkeep
|
|t:|1641227882
|switch|p2a: Eternatus|Eternatus|85/100 par
|-ability|p2a: Eternatus|Pressure
|turn|22
|
|t:|1641227890
|move|p1a: Palkia|Spacial Rend|p2a: Eternatus
|-supereffective|p2a: Eternatus
|-damage|p2a: Eternatus|0 fnt
|faint|p2a: Eternatus
|
|upkeep
|
|t:|1641227900
|switch|p2a: Yveltal|Yveltal|100/100
|-ability|p2a: Yveltal|Dark Aura
|turn|23
|
|t:|1641227907
|switch|p1a: Ho-Oh|Ho-Oh|100/100
|move|p2a: Yveltal|Knock Off|p1a: Ho-Oh
|-damage|p1a: Ho-Oh|66/100
|
|upkeep
|turn|24
|
|t:|1641227911
|switch|p2a: Landorus|Landorus-Therian, M|67/100 tox
|-ability|p2a: Landorus|Intimidate|boost
|-unboost|p1a: Ho-Oh|atk|1
|move|p1a: Ho-Oh|Thunder Wave|p2a: Landorus
|-immune|p2a: Landorus
|
|-heal|p2a: Landorus|73/100 tox|[from] item: Leftovers
|-damage|p2a: Landorus|67/100 tox|[from] psn
|upkeep
|turn|25
|
|t:|1641227917
|switch|p1a: Groudon|Groudon|65/100
|-weather|SunnyDay|[from] ability: Drought|[of] p1a: Groudon
|move|p2a: Landorus|Stealth Rock|p1a: Groudon
|-sidestart|p1: AdenJ|move: Stealth Rock
|
|-weather|SunnyDay|[upkeep]
|-heal|p1a: Groudon|72/100|[from] item: Leftovers
|-heal|p2a: Landorus|73/100 tox|[from] item: Leftovers
|-damage|p2a: Landorus|61/100 tox|[from] psn
|upkeep
|turn|26
|
|t:|1641227925
|move|p1a: Groudon|Stone Edge|p2a: Landorus
|-damage|p2a: Landorus|40/100 tox
|move|p2a: Landorus|U-turn|p1a: Groudon
|-damage|p1a: Groudon|61/100
|
|t:|1641227927
|switch|p2a: Kartana|Kartana, shiny|94/100|[from]move: U-turn
|
|-weather|SunnyDay|[upkeep]
|-heal|p1a: Groudon|67/100|[from] item: Leftovers
|upkeep
|turn|27
|
|t:|1641227943
|switch|p1a: Magearna|Magearna|51/100
|-damage|p1a: Magearna|45/100|[from] Stealth Rock
|move|p2a: Kartana|Smart Strike|p1a: Magearna
|-damage|p1a: Magearna|0 fnt
|faint|p1a: Magearna
|-ability|p2a: Kartana|Beast Boost|boost
|-boost|p2a: Kartana|atk|1
|
|-weather|SunnyDay|[upkeep]
|upkeep
|
|t:|1641227950
|switch|p1a: Palkia|Palkia, shiny|100/100
|-damage|p1a: Palkia|88/100|[from] Stealth Rock
|-ability|p1a: Palkia|Pressure
|turn|28
|
|t:|1641227973
|switch|p2a: Yveltal|Yveltal|100/100
|-ability|p2a: Yveltal|Dark Aura
|move|p1a: Palkia|Fire Blast|p2a: Yveltal
|-damage|p2a: Yveltal|68/100
|
|-weather|SunnyDay|[upkeep]
|upkeep
|turn|29
|
|t:|1641227995
|switch|p1a: Groudon|Groudon|67/100
|-damage|p1a: Groudon|61/100|[from] Stealth Rock
|move|p2a: Yveltal|Knock Off|p1a: Groudon
|-damage|p1a: Groudon|33/100
|-enditem|p1a: Groudon|Leftovers|[from] move: Knock Off|[of] p2a: Yveltal
|
|-weather|none
|upkeep
|turn|30
|
|t:|1641228005
|move|p2a: Yveltal|Roost|p2a: Yveltal
|-heal|p2a: Yveltal|100/100
|-singleturn|p2a: Yveltal|move: Roost
|move|p1a: Groudon|Stealth Rock|p2a: Yveltal
|-sidestart|p2: Poderrerer2|move: Stealth Rock
|
|upkeep
|turn|31
|
|t:|1641228009
|switch|p2a: Kartana|Kartana, shiny|94/100
|-damage|p2a: Kartana|88/100|[from] Stealth Rock
|move|p1a: Groudon|Toxic|p2a: Kartana
|-immune|p2a: Kartana
|
|upkeep
|turn|32
|
|t:|1641228017
|move|p2a: Kartana|Smart Strike|p1a: Groudon
|-damage|p1a: Groudon|0 fnt
|faint|p1a: Groudon
|-ability|p2a: Kartana|Beast Boost|boost
|-boost|p2a: Kartana|atk|1
|
|upkeep
|
|t:|1641228022
|switch|p1a: Ho-Oh|Ho-Oh|99/100
|-damage|p1a: Ho-Oh|50/100|[from] Stealth Rock
|turn|33
|
|t:|1641228025
|move|p2a: Kartana|Smart Strike|p1a: Ho-Oh
|-resisted|p1a: Ho-Oh
|-damage|p1a: Ho-Oh|0 fnt
|faint|p1a: Ho-Oh
|-ability|p2a: Kartana|Beast Boost|boost
|-boost|p2a: Kartana|atk|1
|
|upkeep
|
|t:|1641228030
|switch|p1a: Palkia|Palkia, shiny|88/100
|-damage|p1a: Palkia|76/100|[from] Stealth Rock
|-ability|p1a: Palkia|Pressure
|turn|34
|
|t:|1641228036
|move|p2a: Kartana|Smart Strike|p1a: Palkia
|-resisted|p1a: Palkia
|-damage|p1a: Palkia|0 fnt
|faint|p1a: Palkia
|-ability|p2a: Kartana|Beast Boost|boost
|-boost|p2a: Kartana|atk|1
|
|upkeep
|c|☆AdenJ|gg
|-message|AdenJ forfeited.
|
|win|Poderrerer2
|raw|AdenJ's rating: 1452 &rarr; <strong>1436</strong><br />(-16 for losing)
|raw|Poderrerer2's rating: 1516 &rarr; <strong>1532</strong><br />(+16 for winning)
|c|☆Poderrerer2|Gg
|l|☆AdenJ
