|j|☆Swandiri
|j|☆Grace-sas
|t:|1659929558
|gametype|singles
|player|p1|Swandiri|melony|1444
|player|p2|Grace-sas|102|1721
|teamsize|p1|6
|teamsize|p2|6
|gen|8
|tier|[Gen 8] Ubers
|rated|
|rule|Sleep Clause Mod: Limit one foe put to sleep
|rule|Species Clause: Limit one of each Pokémon
|rule|OHKO Clause: OHKO moves are banned
|rule|Evasion Items Clause: Evasion items are banned
|rule|Evasion Moves Clause: Evasion moves are banned
|rule|Endless Battle Clause: Forcing endless battles is banned
|rule|HP Percentage Mod: HP is shown in percentages
|rule|Dynamax Clause: You cannot dynamax
|clearpoke
|poke|p1|Yveltal|
|poke|p1|Ho-Oh|
|poke|p1|Eternatus|
|poke|p1|Necrozma-Dusk-Mane|
|poke|p1|Calyrex-Shadow|
|poke|p1|Landorus-Therian, M|
|poke|p2|Excadrill, F|
|poke|p2|Eternatus|
|poke|p2|Xerneas-*|
|poke|p2|Yveltal|
|poke|p2|Necrozma-Dusk-Mane|
|poke|p2|Marshadow|
|teampreview
|inactive|Battle timer is ON: inactive players will automatically lose when time's up. (requested by Grace-sas)
|
|t:|1659929569
|start
|switch|p1a: Landorus|Landorus-Therian, M|100/100
|switch|p2a: Excadrill|Excadrill, F|100/100
|-ability|p2a: Excadrill|Mold Breaker
|-ability|p1a: Landorus|Intimidate|boost
|-unboost|p2a: Excadrill|atk|1
|turn|1
|
|t:|1659929580
|move|p2a: Excadrill|Stealth Rock|p1a: Landorus
|-sidestart|p1: Swandiri|move: Stealth Rock
|move|p1a: Landorus|Earthquake|p2a: Excadrill
|-supereffective|p2a: Excadrill
|-enditem|p2a: Excadrill|Focus Sash
|-damage|p2a: Excadrill|1/100
|
|upkeep
|turn|2
|
|t:|1659929588
|move|p2a: Excadrill|Rock Tomb|p1a: Landorus
|-damage|p1a: Landorus|88/100
|-unboost|p1a: Landorus|spe|1
|move|p1a: Landorus|Stealth Rock|p2a: Excadrill
|-sidestart|p2: Grace-sas|move: Stealth Rock
|
|-heal|p1a: Landorus|94/100|[from] item: Leftovers
|upkeep
|turn|3
|
|t:|1659929594
|switch|p1a: Calyrex|Calyrex-Shadow|100/100
|-ability|p1a: Calyrex|As One
|-ability|p1a: Calyrex|Unnerve
|-damage|p1a: Calyrex|88/100|[from] Stealth Rock
|move|p2a: Excadrill|Rapid Spin|p1a: Calyrex
|-immune|p1a: Calyrex
|
|upkeep
|turn|4
|
|t:|1659929597
|move|p1a: Calyrex|Astral Barrage|p2a: Excadrill
|-damage|p2a: Excadrill|0 fnt
|faint|p2a: Excadrill
|-ability|p1a: Calyrex|Grim Neigh|boost
|-boost|p1a: Calyrex|spa|1
|
|upkeep
|
|t:|1659929601
|switch|p2a: Marshadow|Marshadow|100/100
|-damage|p2a: Marshadow|94/100|[from] Stealth Rock
|turn|5
|
|t:|1659929604
|switch|p1a: Landorus|Landorus-Therian, M|94/100
|-damage|p1a: Landorus|82/100|[from] Stealth Rock
|-ability|p1a: Landorus|Intimidate|boost
|-unboost|p2a: Marshadow|atk|1
|move|p2a: Marshadow|Shadow Sneak|p1a: Landorus
|-damage|p1a: Landorus|58/100
|-damage|p2a: Marshadow|84/100|[from] item: Life Orb
|
|-heal|p1a: Landorus|64/100|[from] item: Leftovers
|upkeep
|turn|6
|
|t:|1659929611
|switch|p1a: Ho-Oh|Ho-Oh|100/100
|move|p2a: Marshadow|Ice Punch|p1a: Ho-Oh
|-damage|p1a: Ho-Oh|83/100
|-damage|p2a: Marshadow|74/100|[from] item: Life Orb
|
|upkeep
|turn|7
|
|t:|1659929615
|switch|p2a: Eternatus|Eternatus|100/100
|-damage|p2a: Eternatus|88/100|[from] Stealth Rock
|-ability|p2a: Eternatus|Pressure
|move|p1a: Ho-Oh|Thunder Wave|p2a: Eternatus
|-status|p2a: Eternatus|par
|
|upkeep
|turn|8
|
|t:|1659929624
|switch|p1a: Landorus|Landorus-Therian, M|64/100
|-damage|p1a: Landorus|51/100|[from] Stealth Rock
|-ability|p1a: Landorus|Intimidate|boost
|-unboost|p2a: Eternatus|atk|1
|cant|p2a: Eternatus|par
|
|-heal|p1a: Landorus|57/100|[from] item: Leftovers
|upkeep
|turn|9
|
|t:|1659929630
|move|p1a: Landorus|U-turn|p2a: Eternatus
|-resisted|p2a: Eternatus
|-damage|p2a: Eternatus|79/100 par
|
|t:|1659929633
|switch|p1a: Necrozma|Necrozma-Dusk-Mane|100/100|[from]move: U-turn
|-damage|p1a: Necrozma|94/100|[from] Stealth Rock
|move|p2a: Eternatus|Meteor Beam||[still]
|-prepare|p2a: Eternatus|Meteor Beam
|-boost|p2a: Eternatus|spa|1
|-enditem|p2a: Eternatus|Power Herb
|-anim|p2a: Eternatus|Meteor Beam|p1a: Necrozma
|-resisted|p1a: Necrozma
|-damage|p1a: Necrozma|73/100
|
|upkeep
|turn|10
|
|t:|1659929638
|move|p1a: Necrozma|Earthquake|p2a: Eternatus
|-supereffective|p2a: Eternatus
|-damage|p2a: Eternatus|21/100 par
|cant|p2a: Eternatus|par
|
|upkeep
|turn|11
|
|t:|1659929642
|move|p1a: Necrozma|Sunsteel Strike|p2a: Eternatus
|-crit|p2a: Eternatus
|-damage|p2a: Eternatus|0 fnt
|faint|p2a: Eternatus
|
|upkeep
|
|t:|1659929647
|switch|p2a: Necrozma|Necrozma-Dusk-Mane|100/100
|-damage|p2a: Necrozma|94/100|[from] Stealth Rock
|turn|12
|
|t:|1659929651
|move|p1a: Necrozma|Thunder Wave|p2a: Necrozma
|-status|p2a: Necrozma|par
|move|p2a: Necrozma|Trick Room|p2a: Necrozma
|-fieldstart|move: Trick Room|[of] p2a: Necrozma
|
|upkeep
|turn|13
|
|t:|1659929656
|switch|p1a: Landorus|Landorus-Therian, M|57/100
|-damage|p1a: Landorus|45/100|[from] Stealth Rock
|-ability|p1a: Landorus|Intimidate|boost
|-unboost|p2a: Necrozma|atk|1
|move|p2a: Necrozma|Earthquake|p1a: Landorus
|-immune|p1a: Landorus
|
|-heal|p1a: Landorus|51/100|[from] item: Leftovers
|upkeep
|turn|14
|
|t:|1659929659
|cant|p2a: Necrozma|par
|move|p1a: Landorus|Earthquake|p2a: Necrozma
|-supereffective|p2a: Necrozma
|-damage|p2a: Necrozma|44/100 par
|-enditem|p2a: Necrozma|Weakness Policy
|-boost|p2a: Necrozma|atk|2|[from] item: Weakness Policy
|-boost|p2a: Necrozma|spa|2|[from] item: Weakness Policy
|
|-heal|p1a: Landorus|57/100|[from] item: Leftovers
|upkeep
|turn|15
|
|t:|1659929662
|move|p2a: Necrozma|Sunsteel Strike|p1a: Landorus
|-damage|p1a: Landorus|0 fnt
|faint|p1a: Landorus
|
|upkeep
|
|t:|1659929669
|switch|p1a: Yveltal|Yveltal|100/100
|-ability|p1a: Yveltal|Dark Aura
|turn|16
|
|t:|1659929672
|move|p1a: Yveltal|Sucker Punch|p2a: Necrozma
|-supereffective|p2a: Necrozma
|-damage|p2a: Necrozma|0 fnt
|faint|p2a: Necrozma
|
|-fieldend|move: Trick Room
|upkeep
|c|☆Grace-sas|Parra and pray
|c|☆Grace-sas|nice strat
|
|t:|1659929688
|switch|p2a: Marshadow|Marshadow|74/100
|-damage|p2a: Marshadow|68/100|[from] Stealth Rock
|turn|17
|c|☆Swandiri|ty
|
|t:|1659929694
|move|p2a: Marshadow|Ice Punch|p1a: Yveltal
|-supereffective|p1a: Yveltal
|-damage|p1a: Yveltal|39/100
|-damage|p2a: Marshadow|58/100|[from] item: Life Orb
|move|p1a: Yveltal|Knock Off|p2a: Marshadow
|-damage|p2a: Marshadow|0 fnt
|-enditem|p2a: Marshadow|Life Orb|[from] move: Knock Off|[of] p1a: Yveltal
|faint|p2a: Marshadow
|
|upkeep
|
|t:|1659929700
|switch|p2a: Xerneas|Xerneas|100/100
|-damage|p2a: Xerneas|88/100|[from] Stealth Rock
|-ability|p2a: Xerneas|Fairy Aura
|turn|18
|
|t:|1659929707
|move|p1a: Yveltal|Dual Wingbeat|p2a: Xerneas
|-damage|p2a: Xerneas|74/100
|-damage|p2a: Xerneas|57/100
|-hitcount|p2a: Xerneas|2
|move|p2a: Xerneas|Geomancy||[still]
|-prepare|p2a: Xerneas|Geomancy
|-enditem|p2a: Xerneas|Power Herb
|-anim|p2a: Xerneas|Geomancy|p2a: Xerneas
|-boost|p2a: Xerneas|spa|2
|-boost|p2a: Xerneas|spd|2
|-boost|p2a: Xerneas|spe|2
|
|upkeep
|turn|19
|c|☆Grace-sas|It was sarcasm
|
|t:|1659929715
|move|p1a: Yveltal|Sucker Punch||[still]
|-fail|p1a: Yveltal
|move|p2a: Xerneas|Geomancy||[still]
|-prepare|p2a: Xerneas|Geomancy
|
|upkeep
|turn|20
|
|t:|1659929719
|move|p2a: Xerneas|Geomancy|p2a: Xerneas|[from]lockedmove
|-boost|p2a: Xerneas|spa|2
|-boost|p2a: Xerneas|spd|2
|-boost|p2a: Xerneas|spe|2
|move|p1a: Yveltal|Dual Wingbeat|p2a: Xerneas
|-damage|p2a: Xerneas|41/100
|-damage|p2a: Xerneas|25/100
|-hitcount|p2a: Xerneas|2
|
|upkeep
|turn|21
|
|t:|1659929721
|move|p1a: Yveltal|Sucker Punch|p2a: Xerneas
|-resisted|p2a: Xerneas
|-damage|p2a: Xerneas|7/100
|move|p2a: Xerneas|Moonblast|p1a: Yveltal
|-supereffective|p1a: Yveltal
|-damage|p1a: Yveltal|0 fnt
|faint|p1a: Yveltal
|
|upkeep
|
|t:|1659929726
|switch|p1a: Ho-Oh|Ho-Oh|100/100
|turn|22
|
|t:|1659929730
|move|p2a: Xerneas|Thunder|p1a: Ho-Oh|[miss]
|-miss|p2a: Xerneas|p1a: Ho-Oh
|move|p1a: Ho-Oh|Brave Bird|p2a: Xerneas
|-damage|p2a: Xerneas|0 fnt
|faint|p2a: Xerneas
|-damage|p1a: Ho-Oh|98/100|[from] Recoil
|
|upkeep
|c|☆Grace-sas|Lmao
|c|☆Swandiri|ggs
|c|☆Grace-sas|no way bro
|c|☆Swandiri|lol
|c|☆Grace-sas|nice luck is all
|
|t:|1659929749
|switch|p2a: Yveltal|Yveltal|100/100
|-damage|p2a: Yveltal|76/100|[from] Stealth Rock
|-ability|p2a: Yveltal|Dark Aura
|turn|23
|
|t:|1659929755
|move|p2a: Yveltal|Knock Off|p1a: Ho-Oh
|-damage|p1a: Ho-Oh|36/100
|-enditem|p1a: Ho-Oh|Heavy-Duty Boots|[from] move: Knock Off|[of] p2a: Yveltal
|move|p1a: Ho-Oh|Thunder Wave|p2a: Yveltal
|-status|p2a: Yveltal|par
|
|upkeep
|turn|24
|c|☆Grace-sas|Literal I was number one
|c|☆Grace-sas|and this shit beats me
|c|☆Grace-sas|lmao
|c|☆Grace-sas|you are terrible
|c|☆Swandiri|haha thats mean
|c|☆Swandiri|my mains on the leader board
|c|☆Grace-sas|Stfu
|c|☆Swandiri|top 50
|inactive|Grace-sas has 120 seconds left.
|j| meinkrafter
|c|☆Grace-sas|Mines 1
|c|☆Swandiri|like chill out
|c|☆Swandiri|lol
|-message|Grace-sas forfeited.
|
|win|Swandiri
|raw|Swandiri's rating: 1444 &rarr; <strong>1477</strong><br />(+33 for winning)
|raw|Grace-sas's rating: 1721 &rarr; <strong>1688</strong><br />(-33 for losing)
|l|☆Grace-sas
||Ladder isn't responding, score probably updated but might not have (Request timeout).
