|j|☆I like Lovely
|j|‽IIExcaliburBetaII
|player|p1|I like Lovely|battlegirl-gen4|1597
|player|p2|IIExcaliburBetaII|backersf|1359
|teamsize|p1|6
|teamsize|p2|6
|gametype|singles
|gen|8
|tier|[Gen 8] Ubers
|rated|
|clearpoke
|poke|p1|Hatterene, F|
|poke|p1|Darmanitan-Galar, F|
|poke|p1|Eternatus|
|poke|p1|Zamazenta|
|poke|p1|Mew|
|poke|p1|Rotom-Heat|
|poke|p2|Dugtrio, M|
|poke|p2|Corviknight, M|
|poke|p2|Eternatus|
|poke|p2|Zacian-Crowned|
|poke|p2|Zamazenta-Crowned|
|poke|p2|Gardevoir, F|
|rule|Sleep Clause Mod: Limit one foe put to sleep
|rule|Species Clause: Limit one of each Pokémon
|rule|OHKO Clause: OHKO moves are banned
|rule|Evasion Moves Clause: Evasion moves are banned
|rule|Endless Battle Clause: Forcing endless battles is banned
|rule|HP Percentage Mod: HP is shown in percentages
|teampreview
|
|start
|switch|p1a: Mew|Mew|100/100
|switch|p2a: Dugtrio|Dugtrio, M|100/100
|turn|1
|
|move|p2a: Dugtrio|Memento|p1a: Mew
|-unboost|p1a: Mew|atk|2
|-unboost|p1a: Mew|spa|2
|faint|p2a: Dugtrio
|move|p1a: Mew|Spikes|p2: Dugtrio
|-sidestart|p2: IIExcaliburBetaII|Spikes
|
|upkeep
|
|switch|p2a: Eternatus|Eternatus|100/100
|-damage|p2a: Eternatus|88/100|[from] Spikes
|-ability|p2a: Eternatus|Pressure
|turn|2
|
|move|p1a: Mew|Thunder Wave|p2a: Eternatus
|-status|p2a: Eternatus|par
|move|p2a: Eternatus|Agility|p2a: Eternatus
|-boost|p2a: Eternatus|spe|2
|
|upkeep
|turn|3
|
|move|p1a: Mew|Spikes|p2a: Eternatus
|-sidestart|p2: IIExcaliburBetaII|Spikes
|move|p2a: Eternatus|Agility|p2a: Eternatus
|-boost|p2a: Eternatus|spe|2
|
|upkeep
|turn|4
|
|move|p2a: Eternatus|Dynamax Cannon|p1a: Mew
|-damage|p1a: Mew|59/100
|move|p1a: Mew|Spikes|p2a: Eternatus
|-sidestart|p2: IIExcaliburBetaII|Spikes
|
|upkeep
|turn|5
|
|move|p2a: Eternatus|Dynamax Cannon|p1a: Mew
|-damage|p1a: Mew|22/100
|move|p1a: Mew|Flamethrower|p2a: Eternatus
|-resisted|p2a: Eternatus
|-damage|p2a: Eternatus|84/100 par
|
|upkeep
|turn|6
|
|move|p2a: Eternatus|Flamethrower|p1a: Mew
|-damage|p1a: Mew|0 fnt
|faint|p1a: Mew
|
|upkeep
|
|switch|p1a: Eternatus|Eternatus|100/100
|-ability|p1a: Eternatus|Pressure
|turn|7
|
|move|p2a: Eternatus|Recover|p2a: Eternatus
|-heal|p2a: Eternatus|100/100 par
|move|p1a: Eternatus|Agility|p1a: Eternatus
|-boost|p1a: Eternatus|spe|2
|
|upkeep
|turn|8
|inactive|Battle timer is ON: inactive players will automatically lose when time's up. (requested by I like Lovely)
|
|move|p1a: Eternatus|Dynamax Cannon|p2a: Eternatus
|-supereffective|p2a: Eternatus
|-damage|p2a: Eternatus|16/100 par
|-enditem|p2a: Eternatus|Weakness Policy
|-boost|p2a: Eternatus|atk|2|[from] item: Weakness Policy
|-boost|p2a: Eternatus|spa|2|[from] item: Weakness Policy
|move|p2a: Eternatus|Agility|p2a: Eternatus
|-boost|p2a: Eternatus|spe|2
|
|upkeep
|turn|9
|
|move|p1a: Eternatus|Dynamax Cannon|p2a: Eternatus
|-supereffective|p2a: Eternatus
|-damage|p2a: Eternatus|0 fnt
|faint|p2a: Eternatus
|
|upkeep
|
|switch|p2a: Corviknight|Corviknight, M|100/100
|-ability|p2a: Corviknight|Pressure
|turn|10
|
|-start|p2a: Corviknight|Dynamax
|-formechange|p2a: Corviknight|Corviknight-Gmax
|-heal|p2a: Corviknight|100/100|[silent]
|move|p1a: Eternatus|Flamethrower|p2a: Corviknight
|-supereffective|p2a: Corviknight
|-damage|p2a: Corviknight|74/100
|move|p2a: Corviknight|G-Max Wind Rage|p1a: Eternatus
|-damage|p1a: Eternatus|73/100
|-sideend|p2: IIExcaliburBetaII|Spikes|[from] move: G-Max Wind Rage|[of] p2a: Corviknight
|
|-heal|p2a: Corviknight|77/100|[from] item: Leftovers
|upkeep
|turn|11
|
|move|p1a: Eternatus|Flamethrower|p2a: Corviknight
|-supereffective|p2a: Corviknight
|-damage|p2a: Corviknight|49/100
|-status|p2a: Corviknight|brn
|move|p2a: Corviknight|G-Max Wind Rage|p1a: Eternatus
|-damage|p1a: Eternatus|58/100
|
|-heal|p2a: Corviknight|52/100 brn|[from] item: Leftovers
|-damage|p2a: Corviknight|49/100 brn|[from] brn
|upkeep
|turn|12
|
|move|p1a: Eternatus|Flamethrower|p2a: Corviknight
|-supereffective|p2a: Corviknight
|-crit|p2a: Corviknight
|-damage|p2a: Corviknight|12/100 brn
|move|p2a: Corviknight|G-Max Wind Rage|p1a: Eternatus
|-damage|p1a: Eternatus|43/100
|
|-heal|p2a: Corviknight|15/100 brn|[from] item: Leftovers
|-damage|p2a: Corviknight|12/100 brn|[from] brn
|-end|p2a: Corviknight|Dynamax
|-formechange|p2a: Corviknight|Corviknight
|-heal|p2a: Corviknight|12/100 brn|[silent]
|upkeep
|turn|13
|
|move|p1a: Eternatus|Flamethrower|p2a: Corviknight
|-supereffective|p2a: Corviknight
|-damage|p2a: Corviknight|0 fnt
|faint|p2a: Corviknight
|
|upkeep
|
|switch|p2a: Gardevoir|Gardevoir, F|100/100
|-ability|p2a: Gardevoir|Pressure|[from] ability: Trace|[of] p1a: Eternatus
|-ability|p2a: Gardevoir|Pressure
|turn|14
|l|☆I like Lovely
|inactive|I like Lovely disconnected and has a minute to reconnect!
|player|p1|
|inactive|I like Lovely has 30 seconds to reconnect!
|inactive|I like Lovely has 20 seconds to reconnect!
|inactive|I like Lovely has 15 seconds to reconnect!
|inactive|I like Lovely has 10 seconds to reconnect!
|inactive|I like Lovely has 5 seconds to reconnect!
|inactive|IIExcaliburBetaII has 120 seconds left.
|-message|I like Lovely lost due to inactivity.
|
|win|IIExcaliburBetaII
|raw|I like Lovely's rating: 1597 &rarr; <strong>1565</strong><br />(-32 for losing)
|raw|IIExcaliburBetaII's rating: 1359 &rarr; <strong>1391</strong><br />(+32 for winning)
