|j|☆crottefeu
|j|☆Highlord
|t:|1668190140
|gametype|singles
|player|p1|crottefeu|lucas|
|player|p2|Highlord|caitlin|
|teamsize|p1|6
|teamsize|p2|6
|gen|8
|tier|[Gen 8] Ubers
|rated|Tournament battle
|rule|Sleep Clause Mod: Limit one foe put to sleep
|rule|Species Clause: Limit one of each Pokémon
|rule|OHKO Clause: OHKO moves are banned
|rule|Evasion Items Clause: Evasion items are banned
|rule|Evasion Moves Clause: Evasion moves are banned
|rule|Endless Battle Clause: Forcing endless battles is banned
|rule|HP Percentage Mod: HP is shown in percentages
|rule|Dynamax Clause: You cannot dynamax
|clearpoke
|poke|p1|Yveltal|
|poke|p1|Landorus-Therian, M|
|poke|p1|Darmanitan-Galar, F|
|poke|p1|Kyogre|
|poke|p1|Eternatus|
|poke|p1|Necrozma-Dusk-Mane|
|poke|p2|Kyogre|
|poke|p2|Landorus-Therian, M|
|poke|p2|Yveltal|
|poke|p2|Necrozma-Dusk-Mane|
|poke|p2|Eternatus|
|poke|p2|Calyrex-Shadow|
|teampreview
|j|%Aurora
|
|t:|1668190161
|start
|switch|p1a: Darmanitan|Darmanitan-Galar, F|100/100
|switch|p2a: Kyogre|Kyogre|100/100
|-weather|RainDance|[from] ability: Drizzle|[of] p2a: Kyogre
|turn|1
|
|t:|1668190166
|move|p1a: Darmanitan|U-turn|p2a: Kyogre
|-damage|p2a: Kyogre|77/100
|
|t:|1668190169
|switch|p1a: Eternatus|Eternatus|100/100|[from]move: U-turn
|-ability|p1a: Eternatus|Pressure
|move|p2a: Kyogre|Scald|p1a: Eternatus
|-resisted|p1a: Eternatus
|-damage|p1a: Eternatus|81/100
|
|-weather|RainDance|[upkeep]
|-heal|p2a: Kyogre|83/100|[from] item: Leftovers
|upkeep
|turn|2
|
|t:|1668190177
|switch|p1a: Yveltal|Yveltal|100/100
|-ability|p1a: Yveltal|Dark Aura
|switch|p2a: Necrozma|Necrozma-Dusk-Mane|100/100
|
|-weather|RainDance|[upkeep]
|upkeep
|turn|3
|
|t:|1668190186
|move|p1a: Yveltal|Knock Off|p2a: Necrozma
|-supereffective|p2a: Necrozma
|-damage|p2a: Necrozma|37/100
|-enditem|p2a: Necrozma|Leftovers|[from] move: Knock Off|[of] p1a: Yveltal
|move|p2a: Necrozma|Thunder Wave|p1a: Yveltal
|-status|p1a: Yveltal|par
|
|-weather|RainDance|[upkeep]
|upkeep
|turn|4
|j|%steel....SKITTY
|
|t:|1668190199
|switch|p2a: Eternatus|Eternatus|100/100
|-ability|p2a: Eternatus|Pressure
|switch|p1a: Kyogre|Kyogre|100/100
|
|-weather|RainDance|[upkeep]
|upkeep
|turn|5
|
|t:|1668190205
|switch|p1a: Eternatus|Eternatus|81/100
|-ability|p1a: Eternatus|Pressure
|move|p2a: Eternatus|Toxic|p1a: Eternatus
|-immune|p1a: Eternatus
|
|-weather|none
|upkeep
|turn|6
|
|t:|1668190210
|switch|p2a: Kyogre|Kyogre|83/100
|-weather|RainDance|[from] ability: Drizzle|[of] p2a: Kyogre
|move|p1a: Eternatus|Draco Meteor|p2a: Kyogre
|-damage|p2a: Kyogre|47/100
|-unboost|p1a: Eternatus|spa|2
|-enditem|p1a: Eternatus|Eject Pack
|
|t:|1668190213
|switch|p1a: Kyogre|Kyogre|100/100
|
|-weather|RainDance|[upkeep]
|-heal|p2a: Kyogre|53/100|[from] item: Leftovers
|upkeep
|turn|7
|
|t:|1668190220
|switch|p2a: Eternatus|Eternatus|100/100
|-ability|p2a: Eternatus|Pressure
|move|p1a: Kyogre|Water Spout|p2a: Eternatus
|-resisted|p2a: Eternatus
|-crit|p2a: Eternatus
|-damage|p2a: Eternatus|14/100
|
|-weather|RainDance|[upkeep]
|upkeep
|turn|8
|
|t:|1668190224
|move|p2a: Eternatus|Recover|p2a: Eternatus
|-heal|p2a: Eternatus|64/100
|move|p1a: Kyogre|Thunder Wave|p2a: Eternatus
|-status|p2a: Eternatus|par
|
|-weather|RainDance|[upkeep]
|upkeep
|turn|9
|
|t:|1668190234
|switch|p1a: Yveltal|Yveltal|100/100 par
|-ability|p1a: Yveltal|Dark Aura
|cant|p2a: Eternatus|par
|
|-weather|RainDance|[upkeep]
|upkeep
|turn|10
|
|t:|1668190239
|move|p2a: Eternatus|Recover|p2a: Eternatus
|-heal|p2a: Eternatus|100/100 par
|move|p1a: Yveltal|U-turn|p2a: Eternatus
|-resisted|p2a: Eternatus
|-damage|p2a: Eternatus|92/100 par
|
|t:|1668190241
|switch|p1a: Darmanitan|Darmanitan-Galar, F|100/100|[from]move: U-turn
|
|-weather|none
|upkeep
|turn|11
|
|t:|1668190250
|switch|p2a: Kyogre|Kyogre|53/100
|-weather|RainDance|[from] ability: Drizzle|[of] p2a: Kyogre
|move|p1a: Darmanitan|U-turn|p2a: Kyogre
|-damage|p2a: Kyogre|27/100
|
|t:|1668190252
|switch|p1a: Kyogre|Kyogre|100/100|[from]move: U-turn
|
|-weather|RainDance|[upkeep]
|-heal|p2a: Kyogre|33/100|[from] item: Leftovers
|upkeep
|turn|12
|
|t:|1668190259
|switch|p2a: Eternatus|Eternatus|92/100 par
|-ability|p2a: Eternatus|Pressure
|move|p1a: Kyogre|Water Spout|p2a: Eternatus
|-resisted|p2a: Eternatus
|-crit|p2a: Eternatus
|-damage|p2a: Eternatus|3/100 par
|
|-weather|RainDance|[upkeep]
|upkeep
|turn|13
|inactive|Battle timer is ON: inactive players will automatically lose when time's up. (requested by crottefeu)
|
|t:|1668190264
|move|p1a: Kyogre|Ice Beam|p2a: Eternatus
|-supereffective|p2a: Eternatus
|-damage|p2a: Eternatus|0 fnt
|faint|p2a: Eternatus
|
|-weather|RainDance|[upkeep]
|upkeep
|
|t:|1668190267
|switch|p2a: Yveltal|Yveltal|100/100
|-ability|p2a: Yveltal|Dark Aura
|turn|14
|
|t:|1668190269
|switch|p1a: Eternatus|Eternatus|81/100
|-ability|p1a: Eternatus|Pressure
|move|p2a: Yveltal|Knock Off|p1a: Eternatus
|-damage|p1a: Eternatus|50/100
|
|-weather|RainDance|[upkeep]
|upkeep
|turn|15
|
|t:|1668190274
|switch|p1a: Landorus|Landorus-Therian, M|100/100
|-ability|p1a: Landorus|Intimidate|boost
|-unboost|p2a: Yveltal|atk|1
|move|p2a: Yveltal|U-turn|p1a: Landorus
|-resisted|p1a: Landorus
|-crit|p1a: Landorus
|-damage|p1a: Landorus|90/100
|
|t:|1668190277
|switch|p2a: Calyrex|Calyrex-Shadow|100/100|[from]move: U-turn
|-ability|p2a: Calyrex|As One
|-ability|p2a: Calyrex|Unnerve
|
|-weather|none
|-heal|p1a: Landorus|96/100|[from] item: Leftovers
|upkeep
|turn|16
|
|t:|1668190283
|switch|p1a: Yveltal|Yveltal|100/100 par
|-ability|p1a: Yveltal|Dark Aura
|move|p2a: Calyrex|Substitute|p2a: Calyrex
|-start|p2a: Calyrex|Substitute
|-damage|p2a: Calyrex|76/100
|
|-heal|p2a: Calyrex|82/100|[from] item: Leftovers
|upkeep
|turn|17
|
|t:|1668190290
|move|p2a: Calyrex|Leech Seed|p1a: Yveltal
|-start|p1a: Yveltal|move: Leech Seed
|move|p1a: Yveltal|U-turn|p2a: Calyrex
|-activate|p2a: Calyrex|move: Substitute|[damage]
|
|t:|1668190292
|switch|p1a: Darmanitan|Darmanitan-Galar, F|100/100|[from]move: U-turn
|
|-heal|p2a: Calyrex|88/100|[from] item: Leftovers
|upkeep
|turn|18
|
|t:|1668190294
|move|p1a: Darmanitan|U-turn|p2a: Calyrex
|-end|p2a: Calyrex|Substitute
|
|t:|1668190296
|switch|p1a: Yveltal|Yveltal|100/100 par|[from]move: U-turn
|-ability|p1a: Yveltal|Dark Aura
|move|p2a: Calyrex|Astral Barrage|p1a: Yveltal
|-resisted|p1a: Yveltal
|-damage|p1a: Yveltal|82/100 par
|
|-heal|p2a: Calyrex|94/100|[from] item: Leftovers
|upkeep
|turn|19
|
|t:|1668190300
|move|p2a: Calyrex|Substitute|p2a: Calyrex
|-start|p2a: Calyrex|Substitute
|-damage|p2a: Calyrex|69/100
|cant|p1a: Yveltal|par
|
|-heal|p2a: Calyrex|75/100|[from] item: Leftovers
|upkeep
|turn|20
|
|t:|1668190309
|move|p2a: Calyrex|Nasty Plot|p2a: Calyrex
|-boost|p2a: Calyrex|spa|2
|cant|p1a: Yveltal|par
|
|-heal|p2a: Calyrex|81/100|[from] item: Leftovers
|upkeep
|turn|21
|
|t:|1668190314
|move|p2a: Calyrex|Nasty Plot|p2a: Calyrex
|-boost|p2a: Calyrex|spa|2
|move|p1a: Yveltal|Knock Off|p2a: Calyrex
|-supereffective|p2a: Calyrex
|-end|p2a: Calyrex|Substitute
|
|-heal|p2a: Calyrex|88/100|[from] item: Leftovers
|upkeep
|turn|22
|
|t:|1668190316
|move|p2a: Calyrex|Substitute|p2a: Calyrex
|-start|p2a: Calyrex|Substitute
|-damage|p2a: Calyrex|63/100
|move|p1a: Yveltal|Knock Off|p2a: Calyrex
|-supereffective|p2a: Calyrex
|-end|p2a: Calyrex|Substitute
|
|-heal|p2a: Calyrex|69/100|[from] item: Leftovers
|upkeep
|turn|23
|
|t:|1668190318
|move|p2a: Calyrex|Substitute|p2a: Calyrex
|-start|p2a: Calyrex|Substitute
|-damage|p2a: Calyrex|44/100
|cant|p1a: Yveltal|par
|
|-heal|p2a: Calyrex|50/100|[from] item: Leftovers
|upkeep
|turn|24
|
|t:|1668190320
|move|p2a: Calyrex|Leech Seed|p1a: Yveltal
|-start|p1a: Yveltal|move: Leech Seed
|cant|p1a: Yveltal|par
|
|-heal|p2a: Calyrex|56/100|[from] item: Leftovers
|-damage|p1a: Yveltal|69/100 par|[from] Leech Seed|[of] p2a: Calyrex
|-heal|p2a: Calyrex|73/100|[silent]
|upkeep
|turn|25
|j|@Lasen
|
|t:|1668190323
|move|p2a: Calyrex|Astral Barrage|p1a: Yveltal
|-resisted|p1a: Yveltal
|-damage|p1a: Yveltal|11/100 par
|move|p1a: Yveltal|Knock Off|p2a: Calyrex
|-supereffective|p2a: Calyrex
|-end|p2a: Calyrex|Substitute
|
|-heal|p2a: Calyrex|79/100|[from] item: Leftovers
|-damage|p1a: Yveltal|0 fnt|[from] Leech Seed|[of] p2a: Calyrex
|-heal|p2a: Calyrex|93/100|[silent]
|faint|p1a: Yveltal
|upkeep
|
|t:|1668190326
|switch|p1a: Darmanitan|Darmanitan-Galar, F|100/100
|turn|26
|
|t:|1668190331
|switch|p2a: Necrozma|Necrozma-Dusk-Mane|37/100
|move|p1a: Darmanitan|Icicle Crash|p2a: Necrozma
|-resisted|p2a: Necrozma
|-damage|p2a: Necrozma|11/100
|
|upkeep
|turn|27
|
|t:|1668190335
|move|p1a: Darmanitan|Icicle Crash|p2a: Necrozma|[miss]
|-miss|p1a: Darmanitan|p2a: Necrozma
|move|p2a: Necrozma|Morning Sun|p2a: Necrozma
|-heal|p2a: Necrozma|61/100
|
|upkeep
|turn|28
|
|t:|1668190340
|switch|p1a: Landorus|Landorus-Therian, M|96/100
|-ability|p1a: Landorus|Intimidate|boost
|-unboost|p2a: Necrozma|atk|1
|move|p2a: Necrozma|Thunder Wave|p1a: Landorus
|-immune|p1a: Landorus
|
|-heal|p1a: Landorus|100/100|[from] item: Leftovers
|upkeep
|turn|29
|
|t:|1668190344
|switch|p2a: Yveltal|Yveltal|100/100
|-ability|p2a: Yveltal|Dark Aura
|move|p1a: Landorus|U-turn|p2a: Yveltal
|-damage|p2a: Yveltal|84/100
|
|t:|1668190346
|switch|p1a: Darmanitan|Darmanitan-Galar, F|100/100|[from]move: U-turn
|
|upkeep
|turn|30
|
|t:|1668190353
|switch|p2a: Necrozma|Necrozma-Dusk-Mane|61/100
|move|p1a: Darmanitan|Icicle Crash|p2a: Necrozma
|-resisted|p2a: Necrozma
|-damage|p2a: Necrozma|38/100
|
|upkeep
|turn|31
|
|t:|1668190357
|switch|p1a: Kyogre|Kyogre|100/100
|-weather|RainDance|[from] ability: Drizzle|[of] p1a: Kyogre
|move|p2a: Necrozma|Morning Sun|p2a: Necrozma
|-heal|p2a: Necrozma|63/100
|
|-weather|RainDance|[upkeep]
|upkeep
|turn|32
|
|t:|1668190361
|move|p1a: Kyogre|Water Spout|p2a: Necrozma
|-damage|p2a: Necrozma|0 fnt
|faint|p2a: Necrozma
|
|-weather|RainDance|[upkeep]
|upkeep
|
|t:|1668190364
|switch|p2a: Yveltal|Yveltal|84/100
|-ability|p2a: Yveltal|Dark Aura
|turn|33
|
|t:|1668190370
|switch|p1a: Necrozma|Necrozma-Dusk-Mane|100/100
|move|p2a: Yveltal|Knock Off|p1a: Necrozma
|-supereffective|p1a: Necrozma
|-damage|p1a: Necrozma|44/100
|-enditem|p1a: Necrozma|Leftovers|[from] move: Knock Off|[of] p2a: Yveltal
|
|-weather|RainDance|[upkeep]
|upkeep
|turn|34
|
|t:|1668190375
|switch|p2a: Kyogre|Kyogre|33/100
|move|p1a: Necrozma|Stealth Rock|p2a: Kyogre
|-sidestart|p2: Highlord|move: Stealth Rock
|
|-weather|RainDance|[upkeep]
|-heal|p2a: Kyogre|40/100|[from] item: Leftovers
|upkeep
|turn|35
|
|t:|1668190384
|switch|p1a: Kyogre|Kyogre|100/100
|move|p2a: Kyogre|Calm Mind|p2a: Kyogre
|-boost|p2a: Kyogre|spa|1
|-boost|p2a: Kyogre|spd|1
|
|-weather|none
|-heal|p2a: Kyogre|46/100|[from] item: Leftovers
|upkeep
|turn|36
|
|t:|1668190388
|move|p1a: Kyogre|Water Spout|p2a: Kyogre
|-resisted|p2a: Kyogre
|-damage|p2a: Kyogre|24/100
|move|p2a: Kyogre|Rest|p2a: Kyogre
|-status|p2a: Kyogre|slp|[from] move: Rest
|-heal|p2a: Kyogre|100/100 slp|[silent]
|
|upkeep
|turn|37
|
|t:|1668190393
|switch|p1a: Darmanitan|Darmanitan-Galar, F|100/100
|cant|p2a: Kyogre|slp
|
|upkeep
|turn|38
|
|t:|1668190396
|move|p1a: Darmanitan|U-turn|p2a: Kyogre
|-damage|p2a: Kyogre|74/100 slp
|
|t:|1668190400
|switch|p1a: Kyogre|Kyogre|100/100|[from]move: U-turn
|-weather|RainDance|[from] ability: Drizzle|[of] p1a: Kyogre
|cant|p2a: Kyogre|slp
|
|-weather|RainDance|[upkeep]
|-heal|p2a: Kyogre|80/100 slp|[from] item: Leftovers
|upkeep
|turn|39
|
|t:|1668190404
|move|p1a: Kyogre|Water Spout|p2a: Kyogre
|-resisted|p2a: Kyogre
|-damage|p2a: Kyogre|41/100 slp
|-curestatus|p2a: Kyogre|slp|[msg]
|move|p2a: Kyogre|Calm Mind|p2a: Kyogre
|-boost|p2a: Kyogre|spa|1
|-boost|p2a: Kyogre|spd|1
|
|-weather|RainDance|[upkeep]
|-heal|p2a: Kyogre|47/100|[from] item: Leftovers
|upkeep
|turn|40
|
|t:|1668190409
|move|p1a: Kyogre|Origin Pulse|p2a: Kyogre
|-resisted|p2a: Kyogre
|-damage|p2a: Kyogre|29/100
|move|p2a: Kyogre|Rest|p2a: Kyogre
|-status|p2a: Kyogre|slp|[from] move: Rest
|-heal|p2a: Kyogre|100/100 slp|[silent]
|
|-weather|RainDance|[upkeep]
|upkeep
|turn|41
|
|t:|1668190412
|switch|p1a: Darmanitan|Darmanitan-Galar, F|100/100
|cant|p2a: Kyogre|slp
|
|-weather|RainDance|[upkeep]
|upkeep
|turn|42
|
|t:|1668190416
|move|p1a: Darmanitan|U-turn|p2a: Kyogre
|-damage|p2a: Kyogre|75/100 slp
|
|t:|1668190417
|switch|p1a: Eternatus|Eternatus|50/100|[from]move: U-turn
|-ability|p1a: Eternatus|Pressure
|cant|p2a: Kyogre|slp
|
|-weather|none
|-heal|p2a: Kyogre|82/100 slp|[from] item: Leftovers
|upkeep
|turn|43
|
|t:|1668190420
|move|p1a: Eternatus|Mystical Fire|p2a: Kyogre
|-resisted|p2a: Kyogre
|-damage|p2a: Kyogre|78/100 slp
|-unboost|p2a: Kyogre|spa|1
|-curestatus|p2a: Kyogre|slp|[msg]
|move|p2a: Kyogre|Ice Beam|p1a: Eternatus
|-supereffective|p1a: Eternatus
|-damage|p1a: Eternatus|0 fnt
|faint|p1a: Eternatus
|
|-heal|p2a: Kyogre|84/100|[from] item: Leftovers
|upkeep
|
|t:|1668190426
|switch|p1a: Darmanitan|Darmanitan-Galar, F|100/100
|turn|44
|
|t:|1668190429
|move|p1a: Darmanitan|Rock Slide|p2a: Kyogre
|-damage|p2a: Kyogre|59/100
|move|p2a: Kyogre|Scald|p1a: Darmanitan
|-damage|p1a: Darmanitan|13/100
|
|-heal|p2a: Kyogre|65/100|[from] item: Leftovers
|upkeep
|turn|45
|
|t:|1668190434
|move|p1a: Darmanitan|Rock Slide|p2a: Kyogre
|-damage|p2a: Kyogre|40/100
|move|p2a: Kyogre|Rest|p2a: Kyogre
|-status|p2a: Kyogre|slp|[from] move: Rest
|-heal|p2a: Kyogre|100/100 slp|[silent]
|
|upkeep
|turn|46
|
|t:|1668190437
|move|p1a: Darmanitan|Rock Slide|p2a: Kyogre|[miss]
|-miss|p1a: Darmanitan|p2a: Kyogre
|cant|p2a: Kyogre|slp
|
|upkeep
|turn|47
|
|t:|1668190439
|move|p1a: Darmanitan|Rock Slide|p2a: Kyogre
|-damage|p2a: Kyogre|71/100 slp
|cant|p2a: Kyogre|slp
|
|-heal|p2a: Kyogre|78/100 slp|[from] item: Leftovers
|upkeep
|turn|48
|
|t:|1668190441
|move|p1a: Darmanitan|Rock Slide|p2a: Kyogre
|-damage|p2a: Kyogre|52/100 slp
|-curestatus|p2a: Kyogre|slp|[msg]
|cant|p2a: Kyogre|flinch
|
|-heal|p2a: Kyogre|58/100|[from] item: Leftovers
|upkeep
|turn|49
|
|t:|1668190443
|move|p1a: Darmanitan|Rock Slide|p2a: Kyogre|[miss]
|-miss|p1a: Darmanitan|p2a: Kyogre
|move|p2a: Kyogre|Rest|p2a: Kyogre
|-status|p2a: Kyogre|slp|[from] move: Rest
|-heal|p2a: Kyogre|100/100 slp|[silent]
|
|upkeep
|turn|50
|
|t:|1668190445
|move|p1a: Darmanitan|Rock Slide|p2a: Kyogre
|-damage|p2a: Kyogre|73/100 slp
|cant|p2a: Kyogre|slp
|
|-heal|p2a: Kyogre|79/100 slp|[from] item: Leftovers
|upkeep
|turn|51
|
|t:|1668190446
|move|p1a: Darmanitan|Rock Slide|p2a: Kyogre
|-crit|p2a: Kyogre
|-damage|p2a: Kyogre|37/100 slp
|cant|p2a: Kyogre|slp
|
|-heal|p2a: Kyogre|43/100 slp|[from] item: Leftovers
|upkeep
|turn|52
|
|t:|1668190448
|move|p1a: Darmanitan|Rock Slide|p2a: Kyogre
|-damage|p2a: Kyogre|14/100 slp
|-curestatus|p2a: Kyogre|slp|[msg]
|move|p2a: Kyogre|Rest|p2a: Kyogre
|-status|p2a: Kyogre|slp|[from] move: Rest
|-heal|p2a: Kyogre|100/100 slp|[silent]
|
|upkeep
|turn|53
|
|t:|1668190450
|move|p1a: Darmanitan|Rock Slide|p2a: Kyogre
|-damage|p2a: Kyogre|73/100 slp
|cant|p2a: Kyogre|slp
|
|-heal|p2a: Kyogre|79/100 slp|[from] item: Leftovers
|upkeep
|turn|54
|
|t:|1668190451
|move|p1a: Darmanitan|Rock Slide|p2a: Kyogre
|-damage|p2a: Kyogre|54/100 slp
|cant|p2a: Kyogre|slp
|
|-heal|p2a: Kyogre|60/100 slp|[from] item: Leftovers
|upkeep
|turn|55
|l|%Aurora
|
|t:|1668190455
|move|p1a: Darmanitan|Rock Slide|p2a: Kyogre
|-damage|p2a: Kyogre|34/100 slp
|-curestatus|p2a: Kyogre|slp|[msg]
|move|p2a: Kyogre|Scald|p1a: Darmanitan
|-damage|p1a: Darmanitan|0 fnt
|faint|p1a: Darmanitan
|
|-heal|p2a: Kyogre|40/100|[from] item: Leftovers
|upkeep
|
|t:|1668190461
|switch|p1a: Kyogre|Kyogre|100/100
|-weather|RainDance|[from] ability: Drizzle|[of] p1a: Kyogre
|turn|56
|
|t:|1668190463
|move|p1a: Kyogre|Thunder Wave|p2a: Kyogre|[miss]
|-miss|p1a: Kyogre|p2a: Kyogre
|move|p2a: Kyogre|Rest|p2a: Kyogre
|-status|p2a: Kyogre|slp|[from] move: Rest
|-heal|p2a: Kyogre|100/100 slp|[silent]
|
|-weather|RainDance|[upkeep]
|upkeep
|turn|57
|
|t:|1668190482
|move|p1a: Kyogre|Origin Pulse|p2a: Kyogre|[miss]
|-miss|p1a: Kyogre|p2a: Kyogre
|cant|p2a: Kyogre|slp
|
|-weather|RainDance|[upkeep]
|upkeep
|turn|58
|
|t:|1668190486
|move|p1a: Kyogre|Origin Pulse|p2a: Kyogre
|-resisted|p2a: Kyogre
|-damage|p2a: Kyogre|81/100 slp
|cant|p2a: Kyogre|slp
|
|-weather|RainDance|[upkeep]
|-heal|p2a: Kyogre|87/100 slp|[from] item: Leftovers
|upkeep
|turn|59
|
|t:|1668190492
|switch|p1a: Necrozma|Necrozma-Dusk-Mane|44/100
|-curestatus|p2a: Kyogre|slp|[msg]
|move|p2a: Kyogre|Calm Mind|p2a: Kyogre
|-boost|p2a: Kyogre|spa|1
|-boost|p2a: Kyogre|spd|1
|
|-weather|RainDance|[upkeep]
|-heal|p2a: Kyogre|93/100|[from] item: Leftovers
|upkeep
|turn|60
|
|t:|1668190494
|move|p2a: Kyogre|Scald|p1a: Necrozma
|-damage|p1a: Necrozma|0 fnt
|faint|p1a: Necrozma
|
|-weather|none
|-heal|p2a: Kyogre|99/100|[from] item: Leftovers
|upkeep
|
|t:|1668190496
|switch|p1a: Kyogre|Kyogre|100/100
|-weather|RainDance|[from] ability: Drizzle|[of] p1a: Kyogre
|turn|61
|
|t:|1668190498
|move|p1a: Kyogre|Thunder Wave|p2a: Kyogre
|-status|p2a: Kyogre|par
|cant|p2a: Kyogre|par
|
|-weather|RainDance|[upkeep]
|-heal|p2a: Kyogre|100/100 par|[from] item: Leftovers
|upkeep
|turn|62
|
|t:|1668190503
|move|p1a: Kyogre|Origin Pulse|p2a: Kyogre
|-resisted|p2a: Kyogre
|-damage|p2a: Kyogre|85/100 par
|move|p2a: Kyogre|Rest|p2a: Kyogre
|-status|p2a: Kyogre|slp|[from] move: Rest
|-heal|p2a: Kyogre|100/100 slp|[silent]
|
|-weather|RainDance|[upkeep]
|upkeep
|turn|63
|
|t:|1668190506
|switch|p1a: Landorus|Landorus-Therian, M|100/100
|-ability|p1a: Landorus|Intimidate|boost
|-unboost|p2a: Kyogre|atk|1
|cant|p2a: Kyogre|slp
|
|-weather|RainDance|[upkeep]
|upkeep
|turn|64
|-message|crottefeu forfeited.
|
|win|Highlord
|n|☆crottefeu|crottefeu
|n|☆Highlord|highlord
|n|+steel....SKITTY|steelskitty
|n|+Lasen|lasen
