|j|☆PokeDuels Blue
|j|☆ahahahahahhahe34
|t:|1655182165
|gametype|singles
|player|p1|PokeDuels Blue|101|1301
|player|p2|ahahahahahhahe34|1|1000
|teamsize|p1|6
|teamsize|p2|6
|gen|8
|tier|[Gen 8] Ubers
|rated|
|rule|Sleep Clause Mod: Limit one foe put to sleep
|rule|Species Clause: Limit one of each Pokémon
|rule|OHKO Clause: OHKO moves are banned
|rule|Evasion Moves Clause: Evasion moves are banned
|rule|Endless Battle Clause: Forcing endless battles is banned
|rule|HP Percentage Mod: HP is shown in percentages
|rule|Dynamax Clause: You cannot dynamax
|clearpoke
|poke|p1|Necrozma-Dusk-Mane|
|poke|p1|Groudon|
|poke|p1|Yveltal|
|poke|p1|Eternatus|
|poke|p1|Landorus-Therian, M|
|poke|p1|Ho-Oh|
|poke|p2|Falinks|
|poke|p2|Ditto|
|poke|p2|Eiscue, F|
|poke|p2|Dunsparce, M|
|poke|p2|Hitmonlee, M|
|poke|p2|Whimsicott, F|
|teampreview
|inactive|Battle timer is ON: inactive players will automatically lose when time's up. (requested by ahahahahahhahe34)
|
|t:|1655182204
|start
|switch|p1a: Ho-Oh|Ho-Oh|100/100
|switch|p2a: Dunsparce|Dunsparce, M|100/100
|turn|1
|
|t:|1655182209
|move|p1a: Ho-Oh|Sacred Fire|p2a: Dunsparce
|-damage|p2a: Dunsparce|19/100
|-status|p2a: Dunsparce|brn
|move|p2a: Dunsparce|Glare|p1a: Ho-Oh
|-status|p1a: Ho-Oh|par
|
|-heal|p2a: Dunsparce|25/100 brn|[from] item: Leftovers
|-damage|p2a: Dunsparce|19/100 brn|[from] brn
|upkeep
|turn|2
|
|t:|1655182218
|move|p2a: Dunsparce|Protect|p2a: Dunsparce
|-singleturn|p2a: Dunsparce|Protect
|move|p1a: Ho-Oh|Sacred Fire|p2a: Dunsparce
|-activate|p2a: Dunsparce|move: Protect
|
|-heal|p2a: Dunsparce|25/100 brn|[from] item: Leftovers
|-damage|p2a: Dunsparce|19/100 brn|[from] brn
|upkeep
|turn|3
|
|t:|1655182223
|move|p1a: Ho-Oh|Sacred Fire|p2a: Dunsparce
|-damage|p2a: Dunsparce|0 fnt
|faint|p2a: Dunsparce
|
|upkeep
|
|t:|1655182239
|switch|p2a: Falinks|Falinks|100/100
|turn|4
|inactive|PokeDuels Blue has 120 seconds left.
|inactive|PokeDuels Blue has 90 seconds left.
|
|t:|1655182318
|move|p2a: Falinks|No Retreat|p2a: Falinks
|-boost|p2a: Falinks|atk|1
|-boost|p2a: Falinks|def|1
|-boost|p2a: Falinks|spa|1
|-boost|p2a: Falinks|spd|1
|-boost|p2a: Falinks|spe|1
|-start|p2a: Falinks|move: No Retreat
|move|p1a: Ho-Oh|Sacred Fire|p2a: Falinks
|-damage|p2a: Falinks|45/100
|-status|p2a: Falinks|brn
|
|-heal|p2a: Falinks|51/100 brn|[from] item: Leftovers
|-damage|p2a: Falinks|45/100 brn|[from] brn
|upkeep
|turn|5
|
|t:|1655182327
|move|p2a: Falinks|Poison Jab|p1a: Ho-Oh
|-damage|p1a: Ho-Oh|79/100 par
|move|p1a: Ho-Oh|Sacred Fire|p2a: Falinks
|-damage|p2a: Falinks|0 fnt
|faint|p2a: Falinks
|
|upkeep
|
|t:|1655182332
|switch|p2a: Hitmonlee|Hitmonlee, M|100/100
|turn|6
|
|t:|1655182339
|move|p2a: Hitmonlee|Fake Out|p1a: Ho-Oh
|-damage|p1a: Ho-Oh|63/100 par
|cant|p1a: Ho-Oh|flinch
|
|upkeep
|turn|7
|
|t:|1655182343
|move|p2a: Hitmonlee|Endure|p2a: Hitmonlee
|-singleturn|p2a: Hitmonlee|move: Endure
|move|p1a: Ho-Oh|Sacred Fire|p2a: Hitmonlee
|-activate|p2a: Hitmonlee|move: Endure
|-damage|p2a: Hitmonlee|1/100
|-enditem|p2a: Hitmonlee|Liechi Berry|[eat]
|-boost|p2a: Hitmonlee|atk|1|[from] item: Liechi Berry
|
|upkeep
|turn|8
|
|t:|1655182354
|move|p2a: Hitmonlee|Reversal|p1a: Ho-Oh
|-resisted|p1a: Ho-Oh
|-damage|p1a: Ho-Oh|0 fnt
|faint|p1a: Ho-Oh
|
|upkeep
|inactive|PokeDuels Blue has 90 seconds left.
|
|t:|1655182396
|switch|p1a: Yveltal|Yveltal|100/100
|-ability|p1a: Yveltal|Dark Aura
|turn|9
|
|t:|1655182409
|move|p2a: Hitmonlee|Fake Out||[still]
|-hint|Fake Out only works on your first turn out.
|-fail|p2a: Hitmonlee
|move|p1a: Yveltal|Knock Off|p2a: Hitmonlee
|-resisted|p2a: Hitmonlee
|-damage|p2a: Hitmonlee|0 fnt
|faint|p2a: Hitmonlee
|
|upkeep
|
|t:|1655182412
|switch|p2a: Whimsicott|Whimsicott, F|100/100
|turn|10
|inactive|PokeDuels Blue has 90 seconds left.
|inactive|PokeDuels Blue has 60 seconds left.
|inactive|PokeDuels Blue has 30 seconds left.
|
|t:|1655182488
|move|p2a: Whimsicott|Taunt|p1a: Yveltal
|-hint|Since gen 7, Dark is immune to Prankster moves.
|-immune|p1a: Yveltal
|move|p1a: Yveltal|Knock Off|p2a: Whimsicott
|-resisted|p2a: Whimsicott
|-damage|p2a: Whimsicott|76/100
|-enditem|p2a: Whimsicott|Leftovers|[from] move: Knock Off|[of] p1a: Yveltal
|
|upkeep
|turn|11
|inactive|ahahahahahhahe34 has 120 seconds left.
|inactive|ahahahahahhahe34 has 90 seconds left.
|
|t:|1655182567
|move|p2a: Whimsicott|Leech Seed|p1a: Yveltal
|-hint|Since gen 7, Dark is immune to Prankster moves.
|-immune|p1a: Yveltal
|move|p1a: Yveltal|Taunt|p2a: Whimsicott
|-start|p2a: Whimsicott|move: Taunt
|
|upkeep
|turn|12
|inactive|PokeDuels Blue has 30 seconds left.
|inactive|PokeDuels Blue has 20 seconds left.
|inactive|PokeDuels Blue has 15 seconds left.
|inactive|PokeDuels Blue has 10 seconds left.
|inactive|PokeDuels Blue has 5 seconds left.
|-message|PokeDuels Blue lost due to inactivity.
|
|win|ahahahahahhahe34
|raw|PokeDuels Blue's rating: 1277 &rarr; <strong>1235</strong><br />(-42 for losing)
|raw|ahahahahahhahe34's rating: 1000 &rarr; <strong>1067</strong><br />(+67 for winning)
|l|☆ahahahahahhahe34
