|j|☆QiYu3
|j|☆Acey 2B
|player|p1|QiYu3|psychic-gen4|1792
|player|p2|Acey 2B|anabel|1616
|teamsize|p1|6
|teamsize|p2|6
|gametype|singles
|gen|8
|tier|[Gen 8] Ubers
|rated|
|clearpoke
|poke|p1|Necrozma-Dusk-Mane|
|poke|p1|Marshadow|
|poke|p1|Lunala|
|poke|p1|Ditto|
|poke|p1|Eternatus|
|poke|p1|Zekrom|
|poke|p2|Hippowdon, M|
|poke|p2|Excadrill, F|
|poke|p2|Lunala|
|poke|p2|Vaporeon, M|
|poke|p2|Necrozma-Dusk-Mane|
|poke|p2|Eternatus|
|rule|Sleep Clause Mod: Limit one foe put to sleep
|rule|Species Clause: Limit one of each Pokémon
|rule|OHKO Clause: OHKO moves are banned
|rule|Evasion Moves Clause: Evasion moves are banned
|rule|Endless Battle Clause: Forcing endless battles is banned
|rule|HP Percentage Mod: HP is shown in percentages
|teampreview
|j| DIO-D Trixiewagon
|j| thundersparksdown
|inactive|Battle timer is ON: inactive players will automatically lose when time's up. (requested by QiYu3)
|j| TheDoff
|
|start
|switch|p1a: Necrozma|Necrozma-Dusk-Mane|100/100
|switch|p2a: Eternatus|Eternatus|100/100
|-ability|p2a: Eternatus|Pressure
|turn|1
|
|switch|p2a: Hippowdon|Hippowdon, M|100/100
|-weather|Sandstorm|[from] ability: Sand Stream|[of] p2a: Hippowdon
|move|p1a: Necrozma|Stealth Rock|p2a: Hippowdon
|-sidestart|p2: Acey 2B|move: Stealth Rock
|
|-weather|Sandstorm|[upkeep]
|upkeep
|turn|2
|
|move|p1a: Necrozma|Knock Off|p2a: Hippowdon
|-damage|p2a: Hippowdon|83/100
|-enditem|p2a: Hippowdon|Leftovers|[from] move: Knock Off|[of] p1a: Necrozma
|move|p2a: Hippowdon|Stealth Rock|p1a: Necrozma
|-sidestart|p1: QiYu3|move: Stealth Rock
|
|-weather|Sandstorm|[upkeep]
|upkeep
|turn|3
|
|switch|p1a: Ditto|Ditto|100/100
|-damage|p1a: Ditto|88/100|[from] Stealth Rock
|-transform|p1a: Ditto|p2a: Hippowdon|[from] ability: Imposter
|move|p2a: Hippowdon|Earthquake|p1a: Ditto
|-damage|p1a: Ditto|62/100
|
|-weather|Sandstorm|[upkeep]
|upkeep
|turn|4
|
|move|p1a: Ditto|Slack Off|p1a: Ditto
|-heal|p1a: Ditto|100/100
|move|p2a: Hippowdon|Slack Off|p2a: Hippowdon
|-heal|p2a: Hippowdon|100/100
|
|-weather|Sandstorm|[upkeep]
|upkeep
|turn|5
|j| abraz.bashar
|
|switch|p1a: Lunala|Lunala|100/100
|-damage|p1a: Lunala|88/100|[from] Stealth Rock
|move|p2a: Hippowdon|Earthquake|p1a: Lunala
|-crit|p1a: Lunala
|-damage|p1a: Lunala|33/100
|
|-weather|none
|upkeep
|turn|6
|
|switch|p2a: Lunala|Lunala|100/100
|move|p1a: Lunala|Moongeist Beam|p2a: Lunala
|-supereffective|p2a: Lunala
|-damage|p2a: Lunala|17/100
|
|upkeep
|turn|7
|
|move|p1a: Lunala|Moongeist Beam|p2a: Lunala
|-supereffective|p2a: Lunala
|-damage|p2a: Lunala|0 fnt
|faint|p2a: Lunala
|
|upkeep
|
|switch|p2a: Eternatus|Eternatus|100/100
|-damage|p2a: Eternatus|88/100|[from] Stealth Rock
|-ability|p2a: Eternatus|Pressure
|turn|8
|
|switch|p1a: Necrozma|Necrozma-Dusk-Mane|100/100
|-damage|p1a: Necrozma|94/100|[from] Stealth Rock
|move|p2a: Eternatus|Cosmic Power|p2a: Eternatus
|-boost|p2a: Eternatus|def|1
|-boost|p2a: Eternatus|spd|1
|
|-heal|p2a: Eternatus|94/100|[from] item: Black Sludge
|-heal|p1a: Necrozma|100/100|[from] item: Leftovers
|upkeep
|turn|9
|
|switch|p2a: Hippowdon|Hippowdon, M|100/100
|-damage|p2a: Hippowdon|94/100|[from] Stealth Rock
|-weather|Sandstorm|[from] ability: Sand Stream|[of] p2a: Hippowdon
|move|p1a: Necrozma|Knock Off|p2a: Hippowdon
|-damage|p2a: Hippowdon|83/100
|
|-weather|Sandstorm|[upkeep]
|upkeep
|turn|10
|
|switch|p1a: Eternatus|Eternatus|100/100
|-damage|p1a: Eternatus|88/100|[from] Stealth Rock
|-ability|p1a: Eternatus|Pressure
|move|p2a: Hippowdon|Earthquake|p1a: Eternatus
|-supereffective|p1a: Eternatus
|-crit|p1a: Eternatus
|-damage|p1a: Eternatus|5/100
|
|-weather|Sandstorm|[upkeep]
|-damage|p1a: Eternatus|0 fnt|[from] Sandstorm
|faint|p1a: Eternatus
|upkeep
|c|☆QiYu3|lol
|c|☆QiYu3|3×crit
|c|☆Acey 2B|scope lens
|c|☆Acey 2B|bro
|
|switch|p1a: Lunala|Lunala|33/100
|-damage|p1a: Lunala|21/100|[from] Stealth Rock
|turn|11
|c| thundersparksdown|hehe
|
|switch|p2a: Vaporeon|Vaporeon, M|100/100
|-damage|p2a: Vaporeon|88/100|[from] Stealth Rock
|-start|p1a: Lunala|Dynamax
|-heal|p1a: Lunala|21/100|[silent]
|move|p1a: Lunala|Max Phantasm|p2a: Vaporeon
|-damage|p2a: Vaporeon|48/100
|-unboost|p2a: Vaporeon|def|1
|
|-weather|Sandstorm|[upkeep]
|-damage|p1a: Lunala|18/100|[from] Sandstorm
|-damage|p2a: Vaporeon|42/100|[from] Sandstorm
|-heal|p2a: Vaporeon|48/100|[from] item: Leftovers
|upkeep
|turn|12
|c| DIO-D Trixiewagon|Agency lens
|
|move|p1a: Lunala|Max Phantasm|p2a: Vaporeon
|-damage|p2a: Vaporeon|11/100
|-unboost|p2a: Vaporeon|def|1
|move|p2a: Vaporeon|Wish|p2a: Vaporeon
|
|-weather|Sandstorm|[upkeep]
|-damage|p1a: Lunala|15/100|[from] Sandstorm
|-damage|p2a: Vaporeon|5/100|[from] Sandstorm
|-heal|p2a: Vaporeon|11/100|[from] item: Leftovers
|upkeep
|turn|13
|
|switch|p2a: Eternatus|Eternatus|94/100
|-damage|p2a: Eternatus|82/100|[from] Stealth Rock
|-ability|p2a: Eternatus|Pressure
|move|p1a: Lunala|Max Mindstorm|p2a: Eternatus
|-supereffective|p2a: Eternatus
|-damage|p2a: Eternatus|0 fnt
|-fieldstart|move: Psychic Terrain
|faint|p2a: Eternatus
|
|-weather|none
|-end|p1a: Lunala|Dynamax
|-heal|p1a: Lunala|15/100|[silent]
|upkeep
|c|☆Acey 2B|fuckaroo
|c| thundersparksdown|Scope lens hippo
|
|switch|p2a: Hippowdon|Hippowdon, M|83/100
|-damage|p2a: Hippowdon|77/100|[from] Stealth Rock
|-weather|Sandstorm|[from] ability: Sand Stream|[of] p2a: Hippowdon
|turn|14
|
|switch|p2a: Vaporeon|Vaporeon, M|11/100
|-damage|p2a: Vaporeon|0 fnt|[from] Stealth Rock
|faint|p2a: Vaporeon
|move|p1a: Lunala|Psychic|p2: Vaporeon|[notarget]
|-fail|p1a: Lunala
|
|-weather|Sandstorm|[upkeep]
|-damage|p1a: Lunala|9/100|[from] Sandstorm
|upkeep
|
|switch|p2a: Excadrill|Excadrill, F|100/100
|-damage|p2a: Excadrill|97/100|[from] Stealth Rock
|-item|p2a: Excadrill|Air Balloon
|turn|15
|
|move|p2a: Excadrill|Iron Head|p1a: Lunala
|-damage|p1a: Lunala|0 fnt
|faint|p1a: Lunala
|
|-weather|Sandstorm|[upkeep]
|upkeep
|
|switch|p1a: Necrozma|Necrozma-Dusk-Mane|100/100
|-damage|p1a: Necrozma|94/100|[from] Stealth Rock
|turn|16
|
|switch|p2a: Hippowdon|Hippowdon, M|77/100
|-damage|p2a: Hippowdon|71/100|[from] Stealth Rock
|move|p1a: Necrozma|Knock Off|p2a: Hippowdon
|-damage|p2a: Hippowdon|59/100
|
|-weather|Sandstorm|[upkeep]
|-heal|p1a: Necrozma|100/100|[from] item: Leftovers
|upkeep
|turn|17
|
|switch|p1a: Zekrom|Zekrom|100/100
|-damage|p1a: Zekrom|88/100|[from] Stealth Rock
|-ability|p1a: Zekrom|Teravolt
|move|p2a: Hippowdon|Slack Off|p2a: Hippowdon
|-heal|p2a: Hippowdon|100/100
|
|-weather|Sandstorm|[upkeep]
|-damage|p1a: Zekrom|82/100|[from] Sandstorm
|-fieldend|move: Psychic Terrain
|upkeep
|turn|18
|c| thundersparksdown|Qiyu3 Cop the agency metch
|
|-start|p2a: Hippowdon|Dynamax
|-heal|p2a: Hippowdon|100/100|[silent]
|move|p1a: Zekrom|Outrage|p2a: Hippowdon
|-damage|p2a: Hippowdon|82/100
|move|p2a: Hippowdon|Max Quake|p1a: Zekrom
|-supereffective|p1a: Zekrom
|-damage|p1a: Zekrom|5/100
|-boost|p2a: Hippowdon|spd|1
|
|-weather|none
|upkeep
|turn|19
|c| thundersparksdown|merch*
|
|move|p2a: Hippowdon|Max Guard|p2a: Hippowdon
|-singleturn|p2a: Hippowdon|Max Guard
|move|p1a: Zekrom|Outrage|p2a: Hippowdon|[from]lockedmove
|-activate|p2a: Hippowdon|move: Max Guard
|-start|p1a: Zekrom|confusion|[fatigue]
|
|upkeep
|turn|20
|
|switch|p1a: Ditto|Ditto|100/100
|-damage|p1a: Ditto|88/100|[from] Stealth Rock
|-transform|p1a: Ditto|p2a: Hippowdon|[from] ability: Imposter
|-weather|Sandstorm|[from] ability: Sand Stream|[of] p1a: Ditto
|move|p2a: Hippowdon|Max Guard||[still]
|-fail|p2a: Hippowdon
|
|-weather|Sandstorm|[upkeep]
|-end|p2a: Hippowdon|Dynamax
|-heal|p2a: Hippowdon|82/100|[silent]
|upkeep
|turn|21
|c| TheDoff|18%
|
|move|p1a: Ditto|Earthquake|p2a: Hippowdon
|-damage|p2a: Hippowdon|61/100
|move|p2a: Hippowdon|Slack Off|p2a: Hippowdon
|-heal|p2a: Hippowdon|100/100
|
|-weather|Sandstorm|[upkeep]
|upkeep
|turn|22
|
|switch|p2a: Excadrill|Excadrill, F|97/100
|-damage|p2a: Excadrill|94/100|[from] Stealth Rock
|-item|p2a: Excadrill|Air Balloon
|move|p1a: Ditto|Earthquake|p2a: Excadrill
|-immune|p2a: Excadrill
|
|-weather|Sandstorm|[upkeep]
|upkeep
|turn|23
|
|switch|p2a: Necrozma|Necrozma-Dusk-Mane|100/100
|-damage|p2a: Necrozma|94/100|[from] Stealth Rock
|move|p1a: Ditto|Whirlwind|p2a: Necrozma
|drag|p2a: Hippowdon|Hippowdon, M|100/100
|-damage|p2a: Hippowdon|94/100|[from] Stealth Rock
|
|-weather|Sandstorm|[upkeep]
|upkeep
|turn|24
|
|move|p2a: Hippowdon|Earthquake|p1a: Ditto
|-damage|p1a: Ditto|60/100
|move|p1a: Ditto|Slack Off|p1a: Ditto
|-heal|p1a: Ditto|100/100
|
|-weather|none
|upkeep
|turn|25
|
|move|p1a: Ditto|Earthquake|p2a: Hippowdon
|-damage|p2a: Hippowdon|76/100
|move|p2a: Hippowdon|Whirlwind|p1a: Ditto
|drag|p1a: Marshadow|Marshadow|100/100
|-damage|p1a: Marshadow|94/100|[from] Stealth Rock
|
|upkeep
|turn|26
|
|move|p1a: Marshadow|Close Combat|p2a: Hippowdon
|-crit|p2a: Hippowdon
|-damage|p2a: Hippowdon|27/100
|-unboost|p1a: Marshadow|def|1
|-unboost|p1a: Marshadow|spd|1
|move|p2a: Hippowdon|Slack Off|p2a: Hippowdon
|-heal|p2a: Hippowdon|77/100
|
|upkeep
|turn|27
|
|move|p1a: Marshadow|Close Combat|p2a: Hippowdon
|-damage|p2a: Hippowdon|47/100
|-unboost|p1a: Marshadow|def|1
|-unboost|p1a: Marshadow|spd|1
|move|p2a: Hippowdon|Slack Off|p2a: Hippowdon
|-heal|p2a: Hippowdon|97/100
|
|upkeep
|turn|28
|
|switch|p1a: Ditto|Ditto|100/100
|-damage|p1a: Ditto|88/100|[from] Stealth Rock
|-transform|p1a: Ditto|p2a: Hippowdon|[from] ability: Imposter
|-weather|Sandstorm|[from] ability: Sand Stream|[of] p1a: Ditto
|move|p2a: Hippowdon|Earthquake|p1a: Ditto
|-crit|p1a: Ditto
|-damage|p1a: Ditto|43/100
|
|-weather|Sandstorm|[upkeep]
|upkeep
|turn|29
|
|switch|p2a: Excadrill|Excadrill, F|94/100
|-damage|p2a: Excadrill|91/100|[from] Stealth Rock
|-item|p2a: Excadrill|Air Balloon
|move|p1a: Ditto|Slack Off|p1a: Ditto
|-heal|p1a: Ditto|93/100
|
|-weather|Sandstorm|[upkeep]
|upkeep
|turn|30
|
|move|p2a: Excadrill|Earthquake|p1a: Ditto
|-damage|p1a: Ditto|57/100
|move|p1a: Ditto|Whirlwind|p2a: Excadrill
|drag|p2a: Hippowdon|Hippowdon, M|97/100
|-damage|p2a: Hippowdon|91/100|[from] Stealth Rock
|
|-weather|Sandstorm|[upkeep]
|upkeep
|turn|31
|c| thundersparksdown|on the agency
|
|move|p1a: Ditto|Slack Off|p1a: Ditto
|-heal|p1a: Ditto|100/100
|move|p2a: Hippowdon|Whirlwind|p1a: Ditto
|drag|p1a: Marshadow|Marshadow|94/100
|-damage|p1a: Marshadow|88/100|[from] Stealth Rock
|
|-weather|Sandstorm|[upkeep]
|-damage|p1a: Marshadow|82/100|[from] Sandstorm
|upkeep
|turn|32
|
|switch|p1a: Ditto|Ditto|100/100
|-damage|p1a: Ditto|88/100|[from] Stealth Rock
|-transform|p1a: Ditto|p2a: Hippowdon|[from] ability: Imposter
|move|p2a: Hippowdon|Earthquake|p1a: Ditto
|-damage|p1a: Ditto|63/100
|
|-weather|none
|upkeep
|turn|33
|
|move|p2a: Hippowdon|Stealth Rock||[still]
|-fail|p2a: Hippowdon
|move|p1a: Ditto|Slack Off|p1a: Ditto
|-heal|p1a: Ditto|100/100
|
|upkeep
|turn|34
|
|move|p2a: Hippowdon|Stealth Rock||[still]
|-fail|p2a: Hippowdon
|move|p1a: Ditto|Whirlwind|p2a: Hippowdon
|drag|p2a: Excadrill|Excadrill, F|91/100
|-damage|p2a: Excadrill|88/100|[from] Stealth Rock
|-item|p2a: Excadrill|Air Balloon
|
|upkeep
|turn|35
|
|move|p2a: Excadrill|Rapid Spin|p1a: Ditto
|-damage|p1a: Ditto|86/100
|-boost|p2a: Excadrill|spe|1
|-sideend|p2: Acey 2B|Stealth Rock|[from] move: Rapid Spin|[of] p2a: Excadrill
|move|p1a: Ditto|Whirlwind|p2a: Excadrill
|drag|p2a: Necrozma|Necrozma-Dusk-Mane|94/100
|
|-heal|p2a: Necrozma|100/100|[from] item: Leftovers
|upkeep
|turn|36
|
|move|p2a: Necrozma|Earthquake|p1a: Ditto
|-damage|p1a: Ditto|62/100
|move|p1a: Ditto|Stealth Rock|p2a: Necrozma
|-sidestart|p2: Acey 2B|move: Stealth Rock
|
|upkeep
|turn|37
|
|move|p2a: Necrozma|Dragon Dance|p2a: Necrozma
|-boost|p2a: Necrozma|atk|1
|-boost|p2a: Necrozma|spe|1
|move|p1a: Ditto|Earthquake|p2a: Necrozma
|-supereffective|p2a: Necrozma
|-damage|p2a: Necrozma|58/100
|
|-heal|p2a: Necrozma|64/100|[from] item: Leftovers
|upkeep
|turn|38
|
|move|p2a: Necrozma|Sunsteel Strike|p1a: Ditto
|-damage|p1a: Ditto|3/100
|move|p1a: Ditto|Slack Off|p1a: Ditto
|-heal|p1a: Ditto|53/100
|
|-heal|p2a: Necrozma|70/100|[from] item: Leftovers
|upkeep
|turn|39
|
|switch|p1a: Zekrom|Zekrom|5/100
|-damage|p1a: Zekrom|0 fnt|[from] Stealth Rock
|faint|p1a: Zekrom
|move|p2a: Necrozma|Sunsteel Strike|p1: Zekrom|[notarget]
|-fail|p2a: Necrozma
|
|-heal|p2a: Necrozma|76/100|[from] item: Leftovers
|upkeep
|
|switch|p1a: Marshadow|Marshadow|82/100
|-damage|p1a: Marshadow|76/100|[from] Stealth Rock
|turn|40
|
|switch|p2a: Hippowdon|Hippowdon, M|91/100
|-damage|p2a: Hippowdon|85/100|[from] Stealth Rock
|-weather|Sandstorm|[from] ability: Sand Stream|[of] p2a: Hippowdon
|move|p1a: Marshadow|Spectral Thief|p2a: Hippowdon
|-damage|p2a: Hippowdon|62/100
|
|-weather|Sandstorm|[upkeep]
|-damage|p1a: Marshadow|69/100|[from] Sandstorm
|upkeep
|turn|41
|
|switch|p1a: Ditto|Ditto|53/100
|-damage|p1a: Ditto|41/100|[from] Stealth Rock
|-transform|p1a: Ditto|p2a: Hippowdon|[from] ability: Imposter
|move|p2a: Hippowdon|Slack Off|p2a: Hippowdon
|-heal|p2a: Hippowdon|100/100
|
|-weather|Sandstorm|[upkeep]
|upkeep
|turn|42
|
|switch|p2a: Excadrill|Excadrill, F|88/100
|-damage|p2a: Excadrill|85/100|[from] Stealth Rock
|-item|p2a: Excadrill|Air Balloon
|move|p1a: Ditto|Slack Off|p1a: Ditto
|-heal|p1a: Ditto|91/100
|
|-weather|Sandstorm|[upkeep]
|upkeep
|turn|43
|
|move|p2a: Excadrill|Earthquake|p1a: Ditto
|-damage|p1a: Ditto|54/100
|move|p1a: Ditto|Whirlwind|p2a: Excadrill
|drag|p2a: Necrozma|Necrozma-Dusk-Mane|76/100
|-damage|p2a: Necrozma|70/100|[from] Stealth Rock
|
|-weather|Sandstorm|[upkeep]
|-heal|p2a: Necrozma|76/100|[from] item: Leftovers
|upkeep
|turn|44
|
|move|p2a: Necrozma|Sunsteel Strike|p1a: Ditto
|-damage|p1a: Ditto|15/100
|move|p1a: Ditto|Whirlwind|p2a: Necrozma
|drag|p2a: Hippowdon|Hippowdon, M|100/100
|-damage|p2a: Hippowdon|94/100|[from] Stealth Rock
|
|-weather|none
|upkeep
|turn|45
|
|move|p1a: Ditto|Slack Off|p1a: Ditto
|-heal|p1a: Ditto|65/100
|move|p2a: Hippowdon|Earthquake|p1a: Ditto
|-damage|p1a: Ditto|40/100
|
|upkeep
|turn|46
|
|move|p2a: Hippowdon|Earthquake|p1a: Ditto
|-crit|p1a: Ditto
|-damage|p1a: Ditto|0 fnt
|faint|p1a: Ditto
|
|upkeep
|c|☆QiYu3|lol
|c|☆Acey 2B|keep laughing bro
|c| thundersparksdown|Dude why is it not scarfed ditto
|-message|QiYu3 forfeited.
|
|win|Acey 2B
|l|☆QiYu3
|c|☆Acey 2B|yeah
|c|☆Acey 2B|RUN
|c|☆Acey 2B|RUN BITCH
|raw|QiYu3's rating: 1792 &rarr; <strong>1763</strong><br />(-29 for losing)
|raw|Acey 2B's rating: 1616 &rarr; <strong>1645</strong><br />(+29 for winning)
|c| DIO-D Trixiewagon|Smashed
