|j|☆tesla roadster
|j|☆Wyrzsetdfunl
|t:|1660324721
|gametype|singles
|player|p1|tesla roadster|265|1271
|player|p2|Wyrzsetdfunl|lusamine-nihilego|1163
|teamsize|p1|6
|teamsize|p2|6
|gen|8
|tier|[Gen 8] Ubers
|rated|
|rule|Sleep Clause Mod: Limit one foe put to sleep
|rule|Species Clause: Limit one of each Pokémon
|rule|OHKO Clause: OHKO moves are banned
|rule|Evasion Items Clause: Evasion items are banned
|rule|Evasion Moves Clause: Evasion moves are banned
|rule|Endless Battle Clause: Forcing endless battles is banned
|rule|HP Percentage Mod: HP is shown in percentages
|rule|Dynamax Clause: You cannot dynamax
|clearpoke
|poke|p1|Dracovish|
|poke|p1|Kyogre|
|poke|p1|Magearna|
|poke|p1|Porygon2|
|poke|p1|Cresselia, F|
|poke|p1|Hatterene, F|
|poke|p2|Mewtwo|
|poke|p2|Zekrom|
|poke|p2|Ferrothorn, F|
|poke|p2|Yveltal|
|poke|p2|Ho-Oh|
|poke|p2|Groudon|
|teampreview
|c|☆Wyrzsetdfunl|Gl hf
|c|☆tesla roadster|hf
|
|t:|1660324736
|start
|switch|p1a: Hatterene|Hatterene, F|100/100
|switch|p2a: Yveltal|Yveltal|100/100
|-ability|p2a: Yveltal|Dark Aura
|turn|1
|inactive|Battle timer is ON: inactive players will automatically lose when time's up. (requested by tesla roadster)
|l|☆Wyrzsetdfunl
|inactive|Wyrzsetdfunl disconnected and has a minute to reconnect!
|player|p2|
|
|t:|1660324765
|switch|p1a: Magearna|Magearna|100/100
|move|p2a: Yveltal|Knock Off|p1a: Magearna
|-resisted|p1a: Magearna
|-damage|p1a: Magearna|76/100
|-enditem|p1a: Magearna|Weakness Policy|[from] move: Knock Off|[of] p2a: Yveltal
|
|upkeep
|turn|2
|j|☆Wyrzsetdfunl
|inactive|Wyrzsetdfunl reconnected and has 150 seconds left.
|player|p2|Wyrzsetdfunl|lusamine-nihilego
|
|t:|1660324770
|switch|p2a: Ho-Oh|Ho-Oh|100/100
|move|p1a: Magearna|Trick Room|p1a: Magearna
|-fieldstart|move: Trick Room|[of] p1a: Magearna
|
|upkeep
|turn|3
|
|t:|1660324776
|switch|p1a: Dracovish|Dracovish|100/100
|move|p2a: Ho-Oh|Brave Bird|p1a: Dracovish
|-damage|p1a: Dracovish|37/100
|-damage|p2a: Ho-Oh|84/100|[from] Recoil
|
|upkeep
|turn|4
|
|t:|1660324781
|switch|p2a: Ferrothorn|Ferrothorn, F|100/100
|move|p1a: Dracovish|Fishious Rend|p2a: Ferrothorn
|-resisted|p2a: Ferrothorn
|-damage|p2a: Ferrothorn|31/100
|-damage|p1a: Dracovish|24/100|[from] ability: Iron Barbs|[of] p2a: Ferrothorn
|
|-heal|p2a: Ferrothorn|37/100|[from] item: Leftovers
|upkeep
|turn|5
|
|t:|1660324790
|switch|p2a: Groudon|Groudon|100/100
|-weather|SunnyDay|[from] ability: Drought|[of] p2a: Groudon
|switch|p1a: Hatterene|Hatterene, F|100/100
|
|-weather|SunnyDay|[upkeep]
|upkeep
|turn|6
|
|t:|1660324797
|switch|p1a: Cresselia|Cresselia, F|100/100
|switch|p2a: Yveltal|Yveltal|100/100
|-ability|p2a: Yveltal|Dark Aura
|
|-weather|SunnyDay|[upkeep]
|-fieldend|move: Trick Room
|upkeep
|turn|7
|
|t:|1660324804
|switch|p1a: Magearna|Magearna|76/100
|move|p2a: Yveltal|Taunt|p1a: Magearna
|-start|p1a: Magearna|move: Taunt
|
|-weather|SunnyDay|[upkeep]
|upkeep
|turn|8
|inactive|tesla roadster has 120 seconds left.
|
|t:|1660324837
|switch|p2a: Ho-Oh|Ho-Oh|100/100
|move|p1a: Magearna|Thunderbolt|p2a: Ho-Oh
|-supereffective|p2a: Ho-Oh
|-damage|p2a: Ho-Oh|62/100
|
|-weather|SunnyDay|[upkeep]
|upkeep
|turn|9
|inactive|tesla roadster has 120 seconds left.
|
|t:|1660324854
|switch|p1a: Porygon2|Porygon2|100/100
|-ability|p1a: Porygon2|Regenerator|[from] ability: Trace|[of] p2a: Ho-Oh
|move|p2a: Ho-Oh|Sacred Fire|p1a: Porygon2
|-damage|p1a: Porygon2|44/100
|-status|p1a: Porygon2|brn
|
|-weather|none
|-damage|p1a: Porygon2|37/100 brn|[from] brn
|upkeep
|turn|10
|inactive|tesla roadster has 120 seconds left.
|
|t:|1660324861
|move|p2a: Ho-Oh|Brave Bird|p1a: Porygon2
|-damage|p1a: Porygon2|0 fnt
|faint|p1a: Porygon2
|-damage|p2a: Ho-Oh|51/100|[from] Recoil
|
|upkeep
|inactive|tesla roadster has 120 seconds left.
|
|t:|1660324867
|switch|p1a: Kyogre|Kyogre|100/100
|-weather|RainDance|[from] ability: Drizzle|[of] p1a: Kyogre
|turn|11
|
|t:|1660324876
|switch|p2a: Ferrothorn|Ferrothorn, F|37/100
|move|p1a: Kyogre|Water Spout|p2a: Ferrothorn
|-resisted|p2a: Ferrothorn
|-damage|p2a: Ferrothorn|0 fnt
|faint|p2a: Ferrothorn
|
|-weather|RainDance|[upkeep]
|upkeep
|
|t:|1660324878
|switch|p2a: Groudon|Groudon|100/100
|-weather|SunnyDay|[from] ability: Drought|[of] p2a: Groudon
|turn|12
|inactive|tesla roadster has 120 seconds left.
|
|t:|1660324899
|switch|p1a: Hatterene|Hatterene, F|100/100
|move|p2a: Groudon|Precipice Blades|p1a: Hatterene
|-damage|p1a: Hatterene|33/100
|
|-weather|SunnyDay|[upkeep]
|upkeep
|turn|13
|
|t:|1660324905
|switch|p1a: Cresselia|Cresselia, F|100/100
|move|p2a: Groudon|Stone Edge|p1a: Cresselia
|-damage|p1a: Cresselia|86/100
|
|-weather|SunnyDay|[upkeep]
|upkeep
|turn|14
|
|t:|1660324911
|switch|p1a: Hatterene|Hatterene, F|33/100
|move|p2a: Groudon|Toxic|p1a: Hatterene
|move|p1a: Hatterene|Toxic|p2a: Groudon|[from]ability: Magic Bounce
|-status|p2a: Groudon|tox
|
|-weather|SunnyDay|[upkeep]
|-damage|p2a: Groudon|94/100 tox|[from] psn
|upkeep
|turn|15
|
|t:|1660324921
|switch|p2a: Zekrom|Zekrom|100/100
|-ability|p2a: Zekrom|Teravolt
|switch|p1a: Cresselia|Cresselia, F|86/100
|
|-weather|SunnyDay|[upkeep]
|upkeep
|turn|16
|
|t:|1660324940
|move|p2a: Zekrom|Bolt Strike|p1a: Cresselia
|-damage|p1a: Cresselia|47/100
|move|p1a: Cresselia|Trick Room|p1a: Cresselia
|-fieldstart|move: Trick Room|[of] p1a: Cresselia
|
|-weather|none
|upkeep
|turn|17
|
|t:|1660324948
|switch|p1a: Hatterene|Hatterene, F|33/100
|move|p2a: Zekrom|Bolt Strike|p1a: Hatterene|[miss]
|-miss|p2a: Zekrom|p1a: Hatterene
|
|upkeep
|turn|18
|
|t:|1660324953
|switch|p2a: Ho-Oh|Ho-Oh|85/100
|move|p1a: Hatterene|Misty Explosion|p2a: Ho-Oh
|-resisted|p2a: Ho-Oh
|-damage|p2a: Ho-Oh|69/100
|faint|p1a: Hatterene
|
|upkeep
|
|t:|1660324955
|switch|p1a: Dracovish|Dracovish|24/100
|turn|19
|
|t:|1660324961
|switch|p2a: Mewtwo|Mewtwo|100/100
|-ability|p2a: Mewtwo|Pressure
|move|p1a: Dracovish|Fishious Rend|p2a: Mewtwo
|-damage|p2a: Mewtwo|0 fnt
|faint|p2a: Mewtwo
|
|upkeep
|
|t:|1660324968
|switch|p2a: Groudon|Groudon|94/100 tox
|-weather|SunnyDay|[from] ability: Drought|[of] p2a: Groudon
|turn|20
|
|t:|1660324981
|move|p1a: Dracovish|Fishious Rend|p2a: Groudon
|-supereffective|p2a: Groudon
|-damage|p2a: Groudon|8/100 tox
|move|p2a: Groudon|Stone Edge|p1a: Dracovish
|-damage|p1a: Dracovish|0 fnt
|faint|p1a: Dracovish
|
|-weather|SunnyDay|[upkeep]
|-heal|p2a: Groudon|14/100 tox|[from] item: Leftovers
|-damage|p2a: Groudon|8/100 tox|[from] psn
|-fieldend|move: Trick Room
|upkeep
|
|t:|1660324997
|switch|p1a: Kyogre|Kyogre|100/100
|-weather|RainDance|[from] ability: Drizzle|[of] p1a: Kyogre
|turn|21
|
|t:|1660325013
|move|p1a: Kyogre|Ice Beam|p2a: Groudon
|-supereffective|p2a: Groudon
|-damage|p2a: Groudon|0 fnt
|faint|p2a: Groudon
|
|-weather|RainDance|[upkeep]
|upkeep
|
|t:|1660325019
|switch|p2a: Yveltal|Yveltal|100/100
|-ability|p2a: Yveltal|Dark Aura
|turn|22
|
|t:|1660325022
|switch|p1a: Magearna|Magearna|76/100
|move|p2a: Yveltal|Knock Off|p1a: Magearna
|-resisted|p1a: Magearna
|-damage|p1a: Magearna|62/100
|
|-weather|RainDance|[upkeep]
|upkeep
|turn|23
|inactive|tesla roadster has 120 seconds left.
|
|t:|1660325055
|move|p2a: Yveltal|Taunt|p1a: Magearna
|-start|p1a: Magearna|move: Taunt
|cant|p1a: Magearna|move: Taunt|Calm Mind
|
|-weather|RainDance|[upkeep]
|upkeep
|turn|24
|
|t:|1660325061
|move|p2a: Yveltal|Knock Off|p1a: Magearna
|-resisted|p1a: Magearna
|-damage|p1a: Magearna|47/100
|move|p1a: Magearna|Thunderbolt|p2a: Yveltal
|-supereffective|p2a: Yveltal
|-damage|p2a: Yveltal|48/100
|
|-weather|RainDance|[upkeep]
|upkeep
|turn|25
|
|t:|1660325068
|move|p2a: Yveltal|Knock Off|p1a: Magearna
|-resisted|p1a: Magearna
|-damage|p1a: Magearna|31/100
|move|p1a: Magearna|Thunderbolt|p2a: Yveltal
|-supereffective|p2a: Yveltal
|-damage|p2a: Yveltal|3/100
|
|-weather|none
|-end|p1a: Magearna|move: Taunt
|upkeep
|turn|26
|inactive|tesla roadster has 120 seconds left.
|
|t:|1660325093
|switch|p1a: Kyogre|Kyogre|100/100
|-weather|RainDance|[from] ability: Drizzle|[of] p1a: Kyogre
|move|p2a: Yveltal|Taunt|p1a: Kyogre
|-start|p1a: Kyogre|move: Taunt
|
|-weather|RainDance|[upkeep]
|upkeep
|turn|27
|inactive|tesla roadster has 120 seconds left.
|
|t:|1660325113
|move|p1a: Kyogre|Ice Beam|p2a: Yveltal
|-supereffective|p2a: Yveltal
|-damage|p2a: Yveltal|0 fnt
|faint|p2a: Yveltal
|
|-weather|RainDance|[upkeep]
|upkeep
|
|t:|1660325116
|switch|p2a: Ho-Oh|Ho-Oh|100/100
|turn|28
|inactive|tesla roadster has 120 seconds left.
|
|t:|1660325130
|switch|p1a: Magearna|Magearna|31/100
|move|p2a: Ho-Oh|Thunder Wave|p1a: Magearna
|-status|p1a: Magearna|par
|
|-weather|RainDance|[upkeep]
|upkeep
|turn|29
|inactive|tesla roadster has 120 seconds left.
|
|t:|1660325143
|move|p2a: Ho-Oh|Sacred Fire|p1a: Magearna
|-supereffective|p1a: Magearna
|-damage|p1a: Magearna|0 fnt
|faint|p1a: Magearna
|
|-weather|RainDance|[upkeep]
|upkeep
|
|t:|1660325146
|switch|p1a: Kyogre|Kyogre|100/100
|turn|30
|
|t:|1660325149
|move|p1a: Kyogre|Water Spout|p2a: Ho-Oh
|-supereffective|p2a: Ho-Oh
|-damage|p2a: Ho-Oh|0 fnt
|faint|p2a: Ho-Oh
|
|-weather|none
|upkeep
|
|t:|1660325151
|switch|p2a: Zekrom|Zekrom|100/100
|-ability|p2a: Zekrom|Teravolt
|turn|31
|
|t:|1660325154
|move|p1a: Kyogre|Water Spout|p2a: Zekrom
|-resisted|p2a: Zekrom
|-damage|p2a: Zekrom|57/100
|move|p2a: Zekrom|Dragon Dance|p2a: Zekrom
|-boost|p2a: Zekrom|atk|1
|-boost|p2a: Zekrom|spe|1
|
|upkeep
|turn|32
|
|t:|1660325166
|switch|p1a: Cresselia|Cresselia, F|47/100
|move|p2a: Zekrom|Bolt Strike|p1a: Cresselia
|-damage|p1a: Cresselia|0 fnt
|faint|p1a: Cresselia
|
|upkeep
|
|t:|1660325171
|switch|p1a: Kyogre|Kyogre|100/100
|-weather|RainDance|[from] ability: Drizzle|[of] p1a: Kyogre
|turn|33
|
|t:|1660325174
|move|p1a: Kyogre|Ice Beam|p2a: Zekrom
|-supereffective|p2a: Zekrom
|-damage|p2a: Zekrom|0 fnt
|faint|p2a: Zekrom
|
|win|tesla roadster
|raw|tesla roadster's rating: 1271 &rarr; <strong>1288</strong><br />(+17 for winning)
|raw|Wyrzsetdfunl's rating: 1163 &rarr; <strong>1146</strong><br />(-17 for losing)
|c|☆tesla roadster|gg
|c|☆Wyrzsetdfunl|Gg
|l|☆tesla roadster
|c|☆Wyrzsetdfunl|Scarf ogre on tr?
