|j|☆Darth Grogu
|j|☆dragonlover227
|t:|1606948007
|player|p1|Darth Grogu|hoopster|1098
|player|p2|dragonlover227|ghetsis-gen5bw|1145
|teamsize|p1|6
|teamsize|p2|6
|gametype|singles
|gen|8
|tier|[Gen 8] Ubers
|rated|
|clearpoke
|poke|p1|Zacian-Crowned|
|poke|p1|Xerneas|
|poke|p1|Yveltal|
|poke|p1|Eternatus|
|poke|p1|Calyrex-Shadow|
|poke|p1|Necrozma-Dusk-Mane|
|poke|p2|Zygarde|
|poke|p2|Ditto|
|poke|p2|Zacian-Crowned|
|poke|p2|Xerneas|
|poke|p2|Kyogre|
|poke|p2|Calyrex-Shadow|
|rule|Sleep Clause Mod: Limit one foe put to sleep
|rule|Species Clause: Limit one of each Pokémon
|rule|OHKO Clause: OHKO moves are banned
|rule|Evasion Moves Clause: Evasion moves are banned
|rule|Endless Battle Clause: Forcing endless battles is banned
|rule|HP Percentage Mod: HP is shown in percentages
|rule|Dynamax Clause: You cannot dynamax
|teampreview
|
|t:|1606948014
|start
|switch|p1a: Calyrex|Calyrex-Shadow|100/100
|switch|p2a: Xerneas|Xerneas, shiny|100/100
|-ability|p1a: Calyrex|As One
|-ability|p1a: Calyrex|Unnerve|p2: dragonlover227
|-ability|p2a: Xerneas|Fairy Aura
|turn|1
|inactive|Battle timer is ON: inactive players will automatically lose when time's up. (requested by Darth Grogu)
|
|t:|1606948025
|move|p1a: Calyrex|Astral Barrage|p2a: Xerneas
|-damage|p2a: Xerneas|11/100
|-damage|p1a: Calyrex|91/100|[from] item: Life Orb
|move|p2a: Xerneas|Geomancy||[still]
|-prepare|p2a: Xerneas|Geomancy
|-enditem|p2a: Xerneas|Power Herb
|-anim|p2a: Xerneas|Geomancy|p2a: Xerneas
|-boost|p2a: Xerneas|spa|2
|-boost|p2a: Xerneas|spd|2
|-boost|p2a: Xerneas|spe|2
|
|upkeep
|turn|2
|
|t:|1606948037
|switch|p1a: Yveltal|Yveltal, shiny|100/100
|-ability|p1a: Yveltal|Dark Aura
|move|p2a: Xerneas|Moonblast|p1a: Yveltal
|-supereffective|p1a: Yveltal
|-damage|p1a: Yveltal|0 fnt
|faint|p1a: Yveltal
|
|upkeep
|
|t:|1606948046
|switch|p1a: Necrozma|Necrozma-Dusk-Mane|100/100
|turn|3
|
|t:|1606948049
|move|p2a: Xerneas|Moonblast|p1a: Necrozma
|-resisted|p1a: Necrozma
|-damage|p1a: Necrozma|42/100
|move|p1a: Necrozma|Earthquake|p2a: Xerneas
|-damage|p2a: Xerneas|0 fnt
|faint|p2a: Xerneas
|
|-heal|p1a: Necrozma|48/100|[from] item: Leftovers
|upkeep
|
|t:|1606948058
|switch|p2a: Kyogre|Kyogre, shiny|100/100
|-weather|RainDance|[from] ability: Drizzle|[of] p2a: Kyogre
|turn|4
|
|t:|1606948063
|move|p2a: Kyogre|Calm Mind|p2a: Kyogre
|-boost|p2a: Kyogre|spa|1
|-boost|p2a: Kyogre|spd|1
|move|p1a: Necrozma|Stealth Rock|p2a: Kyogre
|-sidestart|p2: dragonlover227|move: Stealth Rock
|
|-weather|RainDance|[upkeep]
|-heal|p1a: Necrozma|55/100|[from] item: Leftovers
|upkeep
|turn|5
|
|t:|1606948071
|switch|p1a: Eternatus|Eternatus|100/100
|-ability|p1a: Eternatus|Pressure
|move|p2a: Kyogre|Calm Mind|p2a: Kyogre
|-boost|p2a: Kyogre|spa|1
|-boost|p2a: Kyogre|spd|1
|
|-weather|RainDance|[upkeep]
|upkeep
|turn|6
|
|t:|1606948081
|move|p1a: Eternatus|Toxic|p2a: Kyogre
|-status|p2a: Kyogre|tox
|move|p2a: Kyogre|Ice Beam|p1a: Eternatus
|-supereffective|p1a: Eternatus
|-damage|p1a: Eternatus|32/100
|
|-weather|RainDance|[upkeep]
|-heal|p1a: Eternatus|39/100|[from] item: Black Sludge
|-damage|p2a: Kyogre|94/100 tox|[from] psn
|upkeep
|turn|7
|
|t:|1606948091
|switch|p1a: Necrozma|Necrozma-Dusk-Mane|55/100
|move|p2a: Kyogre|Ice Beam|p1a: Necrozma
|-resisted|p1a: Necrozma
|-damage|p1a: Necrozma|33/100
|
|-weather|RainDance|[upkeep]
|-heal|p2a: Kyogre|100/100 tox|[from] item: Leftovers
|-heal|p1a: Necrozma|39/100|[from] item: Leftovers
|-damage|p2a: Kyogre|88/100 tox|[from] psn
|upkeep
|turn|8
|
|t:|1606948103
|move|p2a: Kyogre|Scald|p1a: Necrozma
|-crit|p1a: Necrozma
|-damage|p1a: Necrozma|0 fnt
|faint|p1a: Necrozma
|
|-weather|none
|-heal|p2a: Kyogre|94/100 tox|[from] item: Leftovers
|-damage|p2a: Kyogre|76/100 tox|[from] psn
|upkeep
|
|t:|1606948112
|switch|p1a: Zacian|Zacian-Crowned|100/100
|-ability|p1a: Zacian|Intrepid Sword|boost
|-boost|p1a: Zacian|atk|1
|turn|9
|
|t:|1606948119
|switch|p1a: Eternatus|Eternatus|39/100
|-ability|p1a: Eternatus|Pressure
|move|p2a: Kyogre|Scald|p1a: Eternatus
|-resisted|p1a: Eternatus
|-damage|p1a: Eternatus|15/100
|
|-heal|p1a: Eternatus|21/100|[from] item: Black Sludge
|-heal|p2a: Kyogre|82/100 tox|[from] item: Leftovers
|-damage|p2a: Kyogre|57/100 tox|[from] psn
|upkeep
|turn|10
|
|t:|1606948131
|move|p1a: Eternatus|Recover|p1a: Eternatus
|-heal|p1a: Eternatus|71/100
|move|p2a: Kyogre|Ice Beam|p1a: Eternatus
|-supereffective|p1a: Eternatus
|-damage|p1a: Eternatus|4/100
|
|-heal|p1a: Eternatus|10/100|[from] item: Black Sludge
|-heal|p2a: Kyogre|63/100 tox|[from] item: Leftovers
|-damage|p2a: Kyogre|32/100 tox|[from] psn
|upkeep
|turn|11
|
|t:|1606948142
|move|p1a: Eternatus|Dynamax Cannon|p2a: Kyogre
|-damage|p2a: Kyogre|18/100 tox
|move|p2a: Kyogre|Rest|p2a: Kyogre
|-status|p2a: Kyogre|slp|[from] move: Rest
|-heal|p2a: Kyogre|100/100 slp|[silent]
|
|-heal|p1a: Eternatus|16/100|[from] item: Black Sludge
|upkeep
|turn|12
|
|t:|1606948154
|switch|p1a: Xerneas|Xerneas|100/100
|-ability|p1a: Xerneas|Fairy Aura
|cant|p2a: Kyogre|slp
|
|upkeep
|turn|13
|-message|Darth Grogu forfeited.
|
|win|dragonlover227
|l|☆Darth Grogu
||Ladder (probably) updated, but score could not be retrieved (Request timeout).
