|j|☆Trolling Love
|j|☆Ryriss
|t:|1656709929
|gametype|singles
|player|p1|Trolling Love|unknown|1542
|player|p2|Ryriss|hilbert|1634
|teamsize|p1|6
|teamsize|p2|6
|gen|8
|tier|[Gen 8] Ubers
|rated|
|rule|Sleep Clause Mod: Limit one foe put to sleep
|rule|Species Clause: Limit one of each Pokémon
|rule|OHKO Clause: OHKO moves are banned
|rule|Evasion Moves Clause: Evasion moves are banned
|rule|Endless Battle Clause: Forcing endless battles is banned
|rule|HP Percentage Mod: HP is shown in percentages
|rule|Dynamax Clause: You cannot dynamax
|clearpoke
|poke|p1|Xerneas-*|
|poke|p1|Magnezone|
|poke|p1|Blissey, F|
|poke|p1|Yveltal|
|poke|p1|Zekrom|
|poke|p1|Darmanitan-Galar, F|
|poke|p2|Giratina-Origin|
|poke|p2|Zekrom|
|poke|p2|Necrozma-Dusk-Mane|
|poke|p2|Kyurem-Black|
|poke|p2|Kyogre|
|poke|p2|Yveltal|
|teampreview
|
|t:|1656709951
|start
|switch|p1a: Darmanitan|Darmanitan-Galar, F|100/100
|switch|p2a: Necrozma|Necrozma-Dusk-Mane|100/100
|turn|1
|inactive|Battle timer is ON: inactive players will automatically lose when time's up. (requested by Ryriss)
|
|t:|1656709959
|switch|p2a: Kyogre|Kyogre|100/100
|-weather|RainDance|[from] ability: Drizzle|[of] p2a: Kyogre
|move|p1a: Darmanitan|U-turn|p2a: Kyogre
|-damage|p2a: Kyogre|66/100
|
|t:|1656709968
|switch|p1a: Blissey|Blissey, F|100/100|[from]move: U-turn
|
|-weather|RainDance|[upkeep]
|-heal|p2a: Kyogre|72/100|[from] item: Leftovers
|upkeep
|turn|2
|
|t:|1656709975
|switch|p2a: Zekrom|Zekrom|100/100
|-ability|p2a: Zekrom|Teravolt
|move|p1a: Blissey|Toxic|p2a: Zekrom
|-status|p2a: Zekrom|tox
|
|-weather|RainDance|[upkeep]
|-damage|p2a: Zekrom|94/100 tox|[from] psn
|upkeep
|turn|3
|j| zGxMz
|
|t:|1656709994
|switch|p1a: Yveltal|Yveltal|100/100
|-ability|p1a: Yveltal|Dark Aura
|move|p2a: Zekrom|Bolt Strike|p1a: Yveltal
|-supereffective|p1a: Yveltal
|-damage|p1a: Yveltal|0 fnt
|faint|p1a: Yveltal
|
|-weather|RainDance|[upkeep]
|-damage|p2a: Zekrom|82/100 tox|[from] psn
|upkeep
|l| zGxMz
|
|t:|1656710008
|switch|p1a: Darmanitan|Darmanitan-Galar, F|100/100
|turn|4
|
|t:|1656710017
|switch|p2a: Giratina|Giratina-Origin|100/100
|move|p1a: Darmanitan|Icicle Crash|p2a: Giratina
|-supereffective|p2a: Giratina
|-damage|p2a: Giratina|8/100
|
|-weather|RainDance|[upkeep]
|upkeep
|turn|5
|
|t:|1656710025
|move|p2a: Giratina|Shadow Sneak|p1a: Darmanitan
|-damage|p1a: Darmanitan|64/100
|move|p1a: Darmanitan|Icicle Crash|p2a: Giratina|[miss]
|-miss|p1a: Darmanitan|p2a: Giratina
|
|-weather|none
|upkeep
|turn|6
|
|t:|1656710032
|move|p2a: Giratina|Shadow Sneak|p1a: Darmanitan
|-damage|p1a: Darmanitan|26/100
|move|p1a: Darmanitan|Icicle Crash|p2a: Giratina
|-supereffective|p2a: Giratina
|-damage|p2a: Giratina|0 fnt
|faint|p2a: Giratina
|
|upkeep
|
|t:|1656710043
|switch|p2a: Necrozma|Necrozma-Dusk-Mane|100/100
|turn|7
|
|t:|1656710052
|switch|p1a: Magnezone|Magnezone|100/100
|-item|p1a: Magnezone|Air Balloon
|switch|p2a: Yveltal|Yveltal|100/100
|-ability|p2a: Yveltal|Dark Aura
|
|upkeep
|turn|8
|
|t:|1656710067
|switch|p1a: Zekrom|Zekrom|100/100
|-ability|p1a: Zekrom|Teravolt
|move|p2a: Yveltal|Snarl|p1a: Zekrom
|-damage|p1a: Zekrom|64/100
|-unboost|p1a: Zekrom|spa|1
|-enditem|p2a: Yveltal|Throat Spray
|-boost|p2a: Yveltal|spa|1|[from] item: Throat Spray
|
|upkeep
|turn|9
|
|t:|1656710082
|move|p2a: Yveltal|Dark Pulse|p1a: Zekrom
|-damage|p1a: Zekrom|0 fnt
|faint|p1a: Zekrom
|
|upkeep
|
|t:|1656710087
|switch|p1a: Darmanitan|Darmanitan-Galar, F|26/100
|turn|10
|
|t:|1656710090
|move|p2a: Yveltal|Sucker Punch|p1a: Darmanitan
|-damage|p1a: Darmanitan|0 fnt
|faint|p1a: Darmanitan
|
|upkeep
|
|t:|1656710094
|switch|p1a: Xerneas|Xerneas|100/100
|-ability|p1a: Xerneas|Fairy Aura
|turn|11
|
|t:|1656710100
|switch|p2a: Necrozma|Necrozma-Dusk-Mane|100/100
|switch|p1a: Magnezone|Magnezone|100/100
|-item|p1a: Magnezone|Air Balloon
|
|upkeep
|turn|12
|
|t:|1656710107
|move|p1a: Magnezone|Magnet Rise|p1a: Magnezone
|-start|p1a: Magnezone|Magnet Rise
|move|p2a: Necrozma|Sunsteel Strike|p1a: Magnezone
|-resisted|p1a: Magnezone
|-damage|p1a: Magnezone|90/100
|-enditem|p1a: Magnezone|Air Balloon
|
|upkeep
|turn|13
|
|t:|1656710116
|move|p1a: Magnezone|Iron Defense|p1a: Magnezone
|-boost|p1a: Magnezone|def|2
|move|p2a: Necrozma|Sunsteel Strike|p1a: Magnezone
|-resisted|p1a: Magnezone
|-damage|p1a: Magnezone|84/100
|
|upkeep
|turn|14
|
|t:|1656710124
|move|p1a: Magnezone|Iron Defense|p1a: Magnezone
|-boost|p1a: Magnezone|def|2
|move|p2a: Necrozma|Sunsteel Strike|p1a: Magnezone
|-resisted|p1a: Magnezone
|-damage|p1a: Magnezone|80/100
|
|upkeep
|turn|15
|
|t:|1656710132
|move|p1a: Magnezone|Iron Defense|p1a: Magnezone
|-boost|p1a: Magnezone|def|2
|move|p2a: Necrozma|Cosmic Power|p2a: Necrozma
|-boost|p2a: Necrozma|def|1
|-boost|p2a: Necrozma|spd|1
|
|upkeep
|turn|16
|
|t:|1656710138
|move|p1a: Magnezone|Body Press|p2a: Necrozma
|-damage|p2a: Necrozma|50/100
|move|p2a: Necrozma|Sunsteel Strike|p1a: Magnezone
|-resisted|p1a: Magnezone
|-damage|p1a: Magnezone|77/100
|
|-end|p1a: Magnezone|Magnet Rise
|upkeep
|turn|17
|
|t:|1656710148
|move|p1a: Magnezone|Magnet Rise|p1a: Magnezone
|-start|p1a: Magnezone|Magnet Rise
|move|p2a: Necrozma|Morning Sun|p2a: Necrozma
|-heal|p2a: Necrozma|99/100
|
|upkeep
|turn|18
|
|t:|1656710155
|move|p1a: Magnezone|Body Press|p2a: Necrozma
|-damage|p2a: Necrozma|50/100
|move|p2a: Necrozma|Cosmic Power|p2a: Necrozma
|-boost|p2a: Necrozma|def|1
|-boost|p2a: Necrozma|spd|1
|
|upkeep
|turn|19
|
|t:|1656710162
|move|p1a: Magnezone|Body Press|p2a: Necrozma
|-damage|p2a: Necrozma|14/100
|move|p2a: Necrozma|Morning Sun|p2a: Necrozma
|-heal|p2a: Necrozma|64/100
|
|upkeep
|turn|20
|
|t:|1656710169
|move|p1a: Magnezone|Body Press|p2a: Necrozma
|-damage|p2a: Necrozma|28/100
|move|p2a: Necrozma|Cosmic Power|p2a: Necrozma
|-boost|p2a: Necrozma|def|1
|-boost|p2a: Necrozma|spd|1
|
|upkeep
|turn|21
|
|t:|1656710176
|move|p1a: Magnezone|Body Press|p2a: Necrozma
|-crit|p2a: Necrozma
|-damage|p2a: Necrozma|0 fnt
|faint|p2a: Necrozma
|
|-end|p1a: Magnezone|Magnet Rise
|upkeep
|
|t:|1656710183
|switch|p2a: Yveltal|Yveltal|100/100
|-ability|p2a: Yveltal|Dark Aura
|turn|22
|
|t:|1656710189
|move|p2a: Yveltal|Snarl|p1a: Magnezone
|-damage|p1a: Magnezone|29/100
|-unboost|p1a: Magnezone|spa|1
|move|p1a: Magnezone|Discharge|p2a: Yveltal
|-supereffective|p2a: Yveltal
|-damage|p2a: Yveltal|60/100
|
|upkeep
|turn|23
|
|t:|1656710197
|move|p2a: Yveltal|Snarl|p1a: Magnezone
|-damage|p1a: Magnezone|0 fnt
|faint|p1a: Magnezone
|
|upkeep
|
|t:|1656710199
|switch|p1a: Xerneas|Xerneas|100/100
|-ability|p1a: Xerneas|Fairy Aura
|turn|24
|
|t:|1656710205
|move|p2a: Yveltal|Snarl|p1a: Xerneas|[miss]
|-miss|p2a: Yveltal|p1a: Xerneas
|move|p1a: Xerneas|Geomancy||[still]
|-prepare|p1a: Xerneas|Geomancy
|-enditem|p1a: Xerneas|Power Herb
|-anim|p1a: Xerneas|Geomancy|p1a: Xerneas
|-boost|p1a: Xerneas|spa|2
|-boost|p1a: Xerneas|spd|2
|-boost|p1a: Xerneas|spe|2
|
|upkeep
|turn|25
|
|t:|1656710214
|move|p2a: Yveltal|Sucker Punch|p1a: Xerneas
|-resisted|p1a: Xerneas
|-crit|p1a: Xerneas
|-damage|p1a: Xerneas|80/100
|move|p1a: Xerneas|Moonblast|p2a: Yveltal
|-supereffective|p2a: Yveltal
|-damage|p2a: Yveltal|0 fnt
|faint|p2a: Yveltal
|
|upkeep
|
|t:|1656710224
|switch|p2a: Kyogre|Kyogre|72/100
|-weather|RainDance|[from] ability: Drizzle|[of] p2a: Kyogre
|turn|26
|
|t:|1656710228
|move|p1a: Xerneas|Thunder|p2a: Kyogre
|-supereffective|p2a: Kyogre
|-damage|p2a: Kyogre|0 fnt
|faint|p2a: Kyogre
|
|-weather|RainDance|[upkeep]
|upkeep
|-message|Ryriss forfeited.
|
|win|Trolling Love
|raw|Trolling Love's rating: 1542 &rarr; <strong>1567</strong><br />(+25 for winning)
|raw|Ryriss's rating: 1634 &rarr; <strong>1609</strong><br />(-25 for losing)
|l|☆Ryriss
||Ladder isn't responding, score probably updated but might not have (Request timeout).
