|html|<div class="broadcast-blue"><strong>[Gen 8] Ubers is currently suspecting Shadow Tag! For information on how to participate check out the <a href="https://www.smogon.com/forums/threads/np-ss-ubers-stage-6-tag-youre-it.3679546/">suspect thread</a>.</strong></div>
|j|☆Rell27
|j|☆rashedbinowaidha
|t:|1615608199
|player|p1|Rell27|1|1523
|player|p2|rashedbinowaidha|hiker-gen4|1353
|teamsize|p1|6
|teamsize|p2|6
|gametype|singles
|gen|8
|tier|[Gen 8] Ubers
|rated|
|clearpoke
|poke|p1|Necrozma-Dusk-Mane|
|poke|p1|Eternatus|
|poke|p1|Rayquaza|
|poke|p1|Yveltal|
|poke|p1|Calyrex-Shadow|
|poke|p1|Xerneas|
|poke|p2|Lugia|
|poke|p2|Ditto|
|poke|p2|Xerneas|
|poke|p2|Blissey, F|
|poke|p2|Calyrex-Ice|
|poke|p2|Darmanitan-Galar, F|
|rule|Sleep Clause Mod: Limit one foe put to sleep
|rule|Species Clause: Limit one of each Pokémon
|rule|OHKO Clause: OHKO moves are banned
|rule|Evasion Moves Clause: Evasion moves are banned
|rule|Endless Battle Clause: Forcing endless battles is banned
|rule|HP Percentage Mod: HP is shown in percentages
|rule|Dynamax Clause: You cannot dynamax
|teampreview
|
|t:|1615608204
|start
|switch|p1a: Calyrex|Calyrex-Shadow|100/100
|switch|p2a: Calyrex|Calyrex-Ice|100/100
|-ability|p1a: Calyrex|As One
|-ability|p1a: Calyrex|Unnerve|p2: rashedbinowaidha
|-ability|p2a: Calyrex|As One
|-ability|p2a: Calyrex|Unnerve|p1: Rell27
|turn|1
|
|t:|1615608208
|switch|p1a: Necrozma|Necrozma-Dusk-Mane|100/100
|move|p2a: Calyrex|Speed Swap|p1a: Necrozma
|-activate|p2a: Calyrex|move: Speed Swap|[of] p1a: Necrozma
|
|upkeep
|turn|2
|
|t:|1615608213
|move|p2a: Calyrex|Swords Dance|p2a: Calyrex
|-boost|p2a: Calyrex|atk|2
|move|p1a: Necrozma|Sunsteel Strike|p2a: Calyrex
|-supereffective|p2a: Calyrex
|-damage|p2a: Calyrex|37/100
|
|upkeep
|turn|3
|
|t:|1615608224
|switch|p1a: Rayquaza|Rayquaza|100/100
|-ability|p1a: Rayquaza|Air Lock
|move|p2a: Calyrex|Glacial Lance|p1a: Rayquaza
|-supereffective|p1a: Rayquaza
|-enditem|p1a: Rayquaza|Focus Sash
|-damage|p1a: Rayquaza|1/100
|
|upkeep
|turn|4
|
|t:|1615608232
|move|p1a: Rayquaza|Dragon Ascent|p2a: Calyrex
|-damage|p2a: Calyrex|0 fnt
|-unboost|p1a: Rayquaza|def|1
|-unboost|p1a: Rayquaza|spd|1
|faint|p2a: Calyrex
|
|upkeep
|
|t:|1615608256
|switch|p2a: Lugia|Lugia|100/100
|turn|5
|
|t:|1615608260
|switch|p1a: Necrozma|Necrozma-Dusk-Mane|100/100
|move|p2a: Lugia|Aeroblast|p1a: Necrozma
|-resisted|p1a: Necrozma
|-damage|p1a: Necrozma|83/100
|
|upkeep
|turn|6
|
|t:|1615608264
|switch|p2a: Darmanitan|Darmanitan-Galar, F|100/100
|move|p1a: Necrozma|Thunder Wave|p2a: Darmanitan
|-status|p2a: Darmanitan|par
|
|upkeep
|turn|7
|
|t:|1615608274
|switch|p1a: Eternatus|Eternatus|100/100
|-ability|p1a: Eternatus|Pressure
|move|p2a: Darmanitan|Earthquake|p1a: Eternatus
|-supereffective|p1a: Eternatus
|-damage|p1a: Eternatus|16/100
|
|upkeep
|turn|8
|
|t:|1615608286
|switch|p1a: Rayquaza|Rayquaza|1/100
|-ability|p1a: Rayquaza|Air Lock
|switch|p2a: Blissey|Blissey, F|100/100
|
|upkeep
|turn|9
|
|t:|1615608295
|move|p1a: Rayquaza|Dragon Ascent|p2a: Blissey
|-damage|p2a: Blissey|24/100
|-unboost|p1a: Rayquaza|def|1
|-unboost|p1a: Rayquaza|spd|1
|move|p2a: Blissey|Stealth Rock|p1a: Rayquaza
|-sidestart|p1: Rell27|move: Stealth Rock
|
|-heal|p2a: Blissey|31/100|[from] item: Leftovers
|upkeep
|turn|10
|
|t:|1615608307
|switch|p2a: Lugia|Lugia|100/100
|move|p1a: Rayquaza|Dragon Ascent|p2a: Lugia
|-damage|p2a: Lugia|71/100
|-unboost|p1a: Rayquaza|def|1
|-unboost|p1a: Rayquaza|spd|1
|
|upkeep
|turn|11
|
|t:|1615608319
|move|p2a: Lugia|Shadow Ball|p1a: Rayquaza
|-damage|p1a: Rayquaza|0 fnt
|faint|p1a: Rayquaza
|
|upkeep
|
|t:|1615608325
|switch|p1a: Necrozma|Necrozma-Dusk-Mane|83/100
|-damage|p1a: Necrozma|77/100|[from] Stealth Rock
|turn|12
|
|t:|1615608330
|move|p2a: Lugia|Shadow Ball|p1a: Necrozma
|-supereffective|p1a: Necrozma
|-damage|p1a: Necrozma|46/100
|move|p1a: Necrozma|Thunder Wave|p2a: Lugia|[miss]
|-miss|p1a: Necrozma|p2a: Lugia
|
|upkeep
|turn|13
|
|t:|1615608334
|move|p2a: Lugia|Shadow Ball|p1a: Necrozma
|-supereffective|p1a: Necrozma
|-damage|p1a: Necrozma|15/100
|-unboost|p1a: Necrozma|spd|1
|move|p1a: Necrozma|Thunder Wave|p2a: Lugia
|-status|p2a: Lugia|par
|
|upkeep
|turn|14
|
|t:|1615608338
|cant|p2a: Lugia|par
|move|p1a: Necrozma|Moonlight|p1a: Necrozma
|-heal|p1a: Necrozma|65/100
|
|upkeep
|turn|15
|
|t:|1615608345
|switch|p1a: Yveltal|Yveltal|100/100
|-damage|p1a: Yveltal|76/100|[from] Stealth Rock
|-ability|p1a: Yveltal|Dark Aura
|move|p2a: Lugia|Shadow Ball|p1a: Yveltal
|-resisted|p1a: Yveltal
|-damage|p1a: Yveltal|66/100
|-unboost|p1a: Yveltal|spd|1
|
|upkeep
|turn|16
|
|t:|1615608352
|switch|p2a: Xerneas|Xerneas|100/100
|-ability|p2a: Xerneas|Fairy Aura
|move|p1a: Yveltal|Dark Pulse|p2a: Xerneas
|-resisted|p2a: Xerneas
|-damage|p2a: Xerneas|71/100
|-damage|p1a: Yveltal|56/100|[from] item: Life Orb
|
|upkeep
|turn|17
|
|t:|1615608355
|move|p1a: Yveltal|Oblivion Wing|p2a: Xerneas
|-damage|p2a: Xerneas|30/100
|-heal|p1a: Yveltal|90/100|[from] drain|[of] p2a: Xerneas
|-damage|p1a: Yveltal|80/100|[from] item: Life Orb
|move|p2a: Xerneas|Aromatherapy|p2a: Xerneas
|-activate|p2a: Xerneas|move: Aromatherapy
|-curestatus|p2: Lugia|par|[msg]
|-curestatus|p2: Darmanitan|par|[msg]
|
|upkeep
|turn|18
|
|t:|1615608363
|switch|p2a: Blissey|Blissey, F|31/100
|move|p1a: Yveltal|Oblivion Wing|p2a: Blissey
|-damage|p2a: Blissey|13/100
|-heal|p1a: Yveltal|100/100|[from] drain|[of] p2a: Blissey
|-damage|p1a: Yveltal|91/100|[from] item: Life Orb
|
|-heal|p2a: Blissey|19/100|[from] item: Leftovers
|upkeep
|turn|19
|
|t:|1615608367
|move|p1a: Yveltal|Taunt|p2a: Blissey
|-start|p2a: Blissey|move: Taunt
|cant|p2a: Blissey|move: Taunt|Soft-Boiled
|
|-heal|p2a: Blissey|25/100|[from] item: Leftovers
|upkeep
|turn|20
|
|t:|1615608372
|switch|p2a: Ditto|Ditto|100/100
|-transform|p2a: Ditto|p1a: Yveltal|[from] ability: Imposter
|-ability|p2a: Ditto|Dark Aura
|move|p1a: Yveltal|Dark Pulse|p2a: Ditto
|-resisted|p2a: Ditto
|-damage|p2a: Ditto|37/100
|-damage|p1a: Yveltal|81/100|[from] item: Life Orb
|
|upkeep
|turn|21
|
|t:|1615608383
|switch|p1a: Xerneas|Xerneas|100/100
|-damage|p1a: Xerneas|88/100|[from] Stealth Rock
|-ability|p1a: Xerneas|Fairy Aura
|move|p2a: Ditto|Oblivion Wing|p1a: Xerneas
|-damage|p1a: Xerneas|53/100
|-heal|p2a: Ditto|75/100|[from] drain|[of] p1a: Xerneas
|
|-heal|p1a: Xerneas|59/100|[from] item: Leftovers
|upkeep
|turn|22
|
|t:|1615608395
|switch|p2a: Darmanitan|Darmanitan-Galar, F|100/100
|move|p1a: Xerneas|Moonblast|p2a: Darmanitan
|-damage|p2a: Darmanitan|0 fnt
|faint|p2a: Darmanitan
|
|-heal|p1a: Xerneas|65/100|[from] item: Leftovers
|upkeep
|
|t:|1615608401
|switch|p2a: Blissey|Blissey, F|25/100
|turn|23
|
|t:|1615608406
|move|p1a: Xerneas|Defog|p2a: Blissey
|-unboost|p2a: Blissey|evasion|1
|-sideend|p1: Rell27|Stealth Rock|[from] move: Defog|[of] p1a: Xerneas
|move|p2a: Blissey|Soft-Boiled|p2a: Blissey
|-heal|p2a: Blissey|75/100
|
|-heal|p1a: Xerneas|72/100|[from] item: Leftovers
|-heal|p2a: Blissey|82/100|[from] item: Leftovers
|upkeep
|turn|24
|
|t:|1615608410
|switch|p1a: Calyrex|Calyrex-Shadow|100/100
|-ability|p1a: Calyrex|As One
|-ability|p1a: Calyrex|Unnerve|p2: rashedbinowaidha
|move|p2a: Blissey|Stealth Rock|p1a: Calyrex
|-sidestart|p1: Rell27|move: Stealth Rock
|
|-heal|p2a: Blissey|88/100|[from] item: Leftovers
|upkeep
|turn|25
|
|t:|1615608431
|switch|p2a: Lugia|Lugia|71/100
|move|p1a: Calyrex|Trick|p2a: Lugia
|-activate|p1a: Calyrex|move: Trick|[of] p2a: Lugia
|-item|p2a: Lugia|Choice Scarf|[from] move: Trick
|-item|p1a: Calyrex|Choice Scarf|[from] move: Trick
|
|upkeep
|turn|26
|
|t:|1615608441
|switch|p2a: Blissey|Blissey, F|88/100
|move|p1a: Calyrex|Astral Barrage|p2a: Blissey
|-immune|p2a: Blissey
|
|-heal|p2a: Blissey|94/100|[from] item: Leftovers
|upkeep
|turn|27
|j| Piercey9
|
|t:|1615608452
|switch|p1a: Necrozma|Necrozma-Dusk-Mane|65/100
|-damage|p1a: Necrozma|59/100|[from] Stealth Rock
|move|p2a: Blissey|Wish|p2a: Blissey
|
|-heal|p2a: Blissey|99/100|[from] item: Leftovers
|upkeep
|turn|28
|
|t:|1615608469
|switch|p2a: Lugia|Lugia|71/100
|move|p1a: Necrozma|Thunder Wave|p2a: Lugia
|-status|p2a: Lugia|par
|
|-heal|p2a: Lugia|100/100 par|[from] move: Wish|[wisher] Blissey
|upkeep
|turn|29
|
|t:|1615608482
|cant|p2a: Lugia|par
|move|p1a: Necrozma|Moonlight|p1a: Necrozma
|-heal|p1a: Necrozma|100/100
|
|upkeep
|turn|30
|
|t:|1615608491
|move|p2a: Lugia|Earth Power|p1a: Necrozma
|-supereffective|p1a: Necrozma
|-damage|p1a: Necrozma|69/100
|-unboost|p1a: Necrozma|spd|1
|move|p1a: Necrozma|Sunsteel Strike|p2a: Lugia
|-damage|p2a: Lugia|57/100 par
|
|upkeep
|turn|31
|
|t:|1615608501
|switch|p1a: Yveltal|Yveltal|81/100
|-damage|p1a: Yveltal|56/100|[from] Stealth Rock
|-ability|p1a: Yveltal|Dark Aura
|move|p2a: Lugia|Earth Power|p1a: Yveltal
|-immune|p1a: Yveltal
|
|upkeep
|turn|32
|
|t:|1615608505
|switch|p2a: Blissey|Blissey, F|99/100
|move|p1a: Yveltal|Oblivion Wing|p2a: Blissey
|-damage|p2a: Blissey|83/100
|-heal|p1a: Yveltal|76/100|[from] drain|[of] p2a: Blissey
|-damage|p1a: Yveltal|66/100|[from] item: Life Orb
|
|-heal|p2a: Blissey|89/100|[from] item: Leftovers
|upkeep
|turn|33
|
|t:|1615608508
|move|p1a: Yveltal|Taunt|p2a: Blissey
|-start|p2a: Blissey|move: Taunt
|cant|p2a: Blissey|move: Taunt|Wish
|
|-heal|p2a: Blissey|96/100|[from] item: Leftovers
|upkeep
|turn|34
|
|t:|1615608511
|move|p1a: Yveltal|Oblivion Wing|p2a: Blissey
|-damage|p2a: Blissey|80/100
|-heal|p1a: Yveltal|84/100|[from] drain|[of] p2a: Blissey
|-damage|p1a: Yveltal|74/100|[from] item: Life Orb
|move|p2a: Blissey|Seismic Toss|p1a: Yveltal
|-damage|p1a: Yveltal|50/100
|
|-heal|p2a: Blissey|86/100|[from] item: Leftovers
|upkeep
|turn|35
|
|t:|1615608515
|switch|p1a: Calyrex|Calyrex-Shadow|100/100
|-ability|p1a: Calyrex|As One
|-ability|p1a: Calyrex|Unnerve|p2: rashedbinowaidha
|-damage|p1a: Calyrex|88/100|[from] Stealth Rock
|move|p2a: Blissey|Seismic Toss|p1a: Calyrex
|-immune|p1a: Calyrex
|
|-heal|p2a: Blissey|92/100|[from] item: Leftovers
|-end|p2a: Blissey|move: Taunt
|upkeep
|turn|36
|
|t:|1615608522
|move|p1a: Calyrex|Psyshock|p2a: Blissey
|-damage|p2a: Blissey|41/100
|move|p2a: Blissey|Wish|p2a: Blissey
|
|-heal|p2a: Blissey|48/100|[from] item: Leftovers
|upkeep
|turn|37
|
|t:|1615608531
|switch|p2a: Xerneas|Xerneas|30/100
|-ability|p2a: Xerneas|Fairy Aura
|move|p1a: Calyrex|Psyshock|p2a: Xerneas
|-damage|p2a: Xerneas|0 fnt
|faint|p2a: Xerneas
|-ability|p1a: Calyrex|Grim Neigh|boost
|-boost|p1a: Calyrex|spa|1
|
|upkeep
|
|t:|1615608535
|switch|p2a: Lugia|Lugia|57/100 par
|turn|38
|
|t:|1615608541
|switch|p1a: Xerneas|Xerneas|72/100
|-damage|p1a: Xerneas|59/100|[from] Stealth Rock
|-ability|p1a: Xerneas|Fairy Aura
|move|p2a: Lugia|Shadow Ball|p1a: Xerneas
|-damage|p1a: Xerneas|41/100
|
|-heal|p1a: Xerneas|47/100|[from] item: Leftovers
|upkeep
|turn|39
|
|t:|1615608550
|switch|p2a: Blissey|Blissey, F|48/100
|move|p1a: Xerneas|Defog|p2a: Blissey
|-unboost|p2a: Blissey|evasion|1
|-sideend|p1: Rell27|Stealth Rock|[from] move: Defog|[of] p1a: Xerneas
|
|-heal|p1a: Xerneas|53/100|[from] item: Leftovers
|-heal|p2a: Blissey|54/100|[from] item: Leftovers
|upkeep
|turn|40
|
|t:|1615608561
|move|p1a: Xerneas|Moonblast|p2a: Blissey
|-damage|p2a: Blissey|34/100
|move|p2a: Blissey|Soft-Boiled|p2a: Blissey
|-heal|p2a: Blissey|84/100
|
|-heal|p1a: Xerneas|59/100|[from] item: Leftovers
|-heal|p2a: Blissey|91/100|[from] item: Leftovers
|upkeep
|turn|41
|
|t:|1615608571
|switch|p1a: Calyrex|Calyrex-Shadow|88/100
|-ability|p1a: Calyrex|As One
|-ability|p1a: Calyrex|Unnerve|p2: rashedbinowaidha
|move|p2a: Blissey|Wish|p2a: Blissey
|
|-heal|p2a: Blissey|97/100|[from] item: Leftovers
|upkeep
|turn|42
|j| goriogle
|
|t:|1615608585
|move|p1a: Calyrex|Trick|p2a: Blissey
|-activate|p1a: Calyrex|move: Trick|[of] p2a: Blissey
|-item|p2a: Blissey|Choice Scarf|[from] move: Trick
|-item|p1a: Calyrex|Leftovers|[from] move: Trick
|move|p2a: Blissey|Stealth Rock|p1a: Calyrex
|-sidestart|p1: Rell27|move: Stealth Rock
|
|-heal|p2a: Blissey|100/100|[from] move: Wish|[wisher] Blissey
|-heal|p1a: Calyrex|94/100|[from] item: Leftovers
|upkeep
|turn|43
|
|t:|1615608594
|switch|p2a: Ditto|Ditto|75/100
|-transform|p2a: Ditto|p1a: Calyrex|[from] ability: Imposter
|move|p1a: Calyrex|Astral Barrage|p2a: Ditto
|-supereffective|p2a: Ditto
|-damage|p2a: Ditto|0 fnt
|faint|p2a: Ditto
|-ability|p1a: Calyrex|Grim Neigh|boost
|-boost|p1a: Calyrex|spa|1
|
|-heal|p1a: Calyrex|99/100|[from] item: Leftovers
|upkeep
|
|t:|1615608600
|switch|p2a: Lugia|Lugia|57/100 par
|turn|44
|-message|rashedbinowaidha forfeited.
|
|win|Rell27
|raw|Rell27's rating: 1523 &rarr; <strong>1534</strong><br />(+11 for winning)
|raw|rashedbinowaidha's rating: 1353 &rarr; <strong>1342</strong><br />(-11 for losing)
|l|☆rashedbinowaidha
|l|☆Rell27
|raw|Rell27's rating: 1523 &rarr; <strong>1534</strong><br />(+11 for winning)
|raw|rashedbinowaidha's rating: 1353 &rarr; <strong>1342</strong><br />(-11 for losing)
|j|☆Rell27
|player|p1|Rell27|1
|l| Piercey9
