|j|☆Malkobaran
|j|☆qoqqq
|t:|1617526108
|gametype|singles
|player|p1|Malkobaran|266|1491
|player|p2|qoqqq|skierf|1538
|teamsize|p1|6
|teamsize|p2|6
|gen|8
|tier|[Gen 8] Ubers
|rated|
|clearpoke
|poke|p1|Calyrex-Shadow|
|poke|p1|Eternatus|
|poke|p1|Ho-Oh|
|poke|p1|Necrozma-Dusk-Mane|
|poke|p1|Yveltal|
|poke|p1|Regieleki|
|poke|p2|Zacian|
|poke|p2|Eternatus|
|poke|p2|Yveltal|
|poke|p2|Ferrothorn, M|
|poke|p2|Lunala|
|poke|p2|Necrozma-Dusk-Mane|
|rule|Sleep Clause Mod: Limit one foe put to sleep
|rule|Species Clause: Limit one of each Pokémon
|rule|OHKO Clause: OHKO moves are banned
|rule|Evasion Moves Clause: Evasion moves are banned
|rule|Endless Battle Clause: Forcing endless battles is banned
|rule|HP Percentage Mod: HP is shown in percentages
|rule|Dynamax Clause: You cannot dynamax
|teampreview
|inactive|Battle timer is ON: inactive players will automatically lose when time's up. (requested by qoqqq)
|inactive|Malkobaran also wants the timer to be on.
|
|t:|1617526132
|start
|switch|p1a: Necrozma|Necrozma-Dusk-Mane|100/100
|switch|p2a: Zacian|Zacian|100/100
|-ability|p2a: Zacian|Intrepid Sword|boost
|-boost|p2a: Zacian|atk|1
|turn|1
|
|t:|1617526137
|move|p2a: Zacian|Crunch|p1a: Necrozma
|-supereffective|p1a: Necrozma
|-damage|p1a: Necrozma|49/100
|move|p1a: Necrozma|Toxic|p2a: Zacian
|-status|p2a: Zacian|tox
|
|-heal|p1a: Necrozma|55/100|[from] item: Leftovers
|-damage|p2a: Zacian|94/100 tox|[from] psn
|upkeep
|turn|2
|
|t:|1617526150
|switch|p2a: Ferrothorn|Ferrothorn, M|100/100
|move|p1a: Necrozma|Morning Sun|p1a: Necrozma
|-heal|p1a: Necrozma|100/100
|
|upkeep
|turn|3
|
|t:|1617526160
|move|p1a: Necrozma|Stealth Rock|p2a: Ferrothorn
|-sidestart|p2: qoqqq|move: Stealth Rock
|move|p2a: Ferrothorn|Spikes|p1a: Necrozma
|-sidestart|p1: Malkobaran|Spikes
|
|upkeep
|turn|4
|
|t:|1617526165
|switch|p1a: Ho-Oh|Ho-Oh|100/100
|move|p2a: Ferrothorn|Spikes|p1a: Ho-Oh
|-sidestart|p1: Malkobaran|Spikes
|
|upkeep
|turn|5
|
|t:|1617526171
|switch|p1a: Calyrex|Calyrex-Shadow|100/100
|-ability|p1a: Calyrex|As One
|-ability|p1a: Calyrex|Unnerve
|-damage|p1a: Calyrex|84/100|[from] Spikes
|switch|p2a: Eternatus|Eternatus|100/100
|-damage|p2a: Eternatus|88/100|[from] Stealth Rock
|-ability|p2a: Eternatus|Pressure
|
|-heal|p2a: Eternatus|94/100|[from] item: Black Sludge
|upkeep
|turn|6
|
|t:|1617526192
|switch|p1a: Regieleki|Regieleki|100/100
|-damage|p1a: Regieleki|84/100|[from] Spikes
|switch|p2a: Lunala|Lunala|100/100
|
|upkeep
|turn|7
|
|t:|1617526198
|move|p1a: Regieleki|Thunder Wave|p2a: Lunala
|-status|p2a: Lunala|par
|move|p2a: Lunala|Will-O-Wisp|p1a: Regieleki
|-status|p1a: Regieleki|brn
|
|-damage|p1a: Regieleki|78/100 brn|[from] brn
|upkeep
|turn|8
|
|t:|1617526203
|move|p1a: Regieleki|Thunderbolt|p2a: Lunala
|-damage|p2a: Lunala|76/100 par
|move|p2a: Lunala|Will-O-Wisp|p1a: Regieleki
|-fail|p1a: Regieleki|brn
|
|-damage|p1a: Regieleki|72/100 brn|[from] brn
|upkeep
|turn|9
|
|t:|1617526207
|move|p1a: Regieleki|Thunderbolt|p2a: Lunala
|-damage|p2a: Lunala|28/100 par
|cant|p2a: Lunala|par
|
|-damage|p1a: Regieleki|66/100 brn|[from] brn
|upkeep
|turn|10
|
|t:|1617526215
|switch|p2a: Ferrothorn|Ferrothorn, M|100/100
|-damage|p2a: Ferrothorn|94/100|[from] Stealth Rock
|move|p1a: Regieleki|Rapid Spin|p2a: Ferrothorn
|-resisted|p2a: Ferrothorn
|-damage|p2a: Ferrothorn|93/100
|-boost|p1a: Regieleki|spe|1
|-damage|p1a: Regieleki|54/100 brn|[from] ability: Iron Barbs|[of] p2a: Ferrothorn
|-sideend|p1: Malkobaran|Spikes|[from] move: Rapid Spin|[of] p1a: Regieleki
|
|-heal|p2a: Ferrothorn|99/100|[from] item: Leftovers
|-damage|p1a: Regieleki|48/100 brn|[from] brn
|upkeep
|turn|11
|
|t:|1617526235
|move|p1a: Regieleki|Volt Switch|p2a: Ferrothorn
|-resisted|p2a: Ferrothorn
|-damage|p2a: Ferrothorn|75/100
|
|t:|1617526243
|switch|p1a: Ho-Oh|Ho-Oh|100/100|[from]move: Volt Switch
|move|p2a: Ferrothorn|Body Press|p1a: Ho-Oh
|-resisted|p1a: Ho-Oh
|-damage|p1a: Ho-Oh|87/100
|
|-heal|p2a: Ferrothorn|81/100|[from] item: Leftovers
|upkeep
|turn|12
|
|t:|1617526251
|switch|p2a: Eternatus|Eternatus|94/100
|-damage|p2a: Eternatus|82/100|[from] Stealth Rock
|-ability|p2a: Eternatus|Pressure
|move|p1a: Ho-Oh|Sacred Fire|p2a: Eternatus
|-resisted|p2a: Eternatus
|-damage|p2a: Eternatus|66/100
|-status|p2a: Eternatus|brn
|
|-heal|p2a: Eternatus|73/100 brn|[from] item: Black Sludge
|-damage|p2a: Eternatus|66/100 brn|[from] brn
|upkeep
|turn|13
|
|t:|1617526268
|switch|p1a: Necrozma|Necrozma-Dusk-Mane|100/100
|move|p2a: Eternatus|Recover|p2a: Eternatus
|-heal|p2a: Eternatus|100/100 brn
|
|-damage|p2a: Eternatus|94/100 brn|[from] brn
|upkeep
|turn|14
|
|t:|1617526276
|switch|p2a: Ferrothorn|Ferrothorn, M|81/100
|-damage|p2a: Ferrothorn|75/100|[from] Stealth Rock
|move|p1a: Necrozma|Sunsteel Strike|p2a: Ferrothorn
|-resisted|p2a: Ferrothorn
|-damage|p2a: Ferrothorn|61/100
|-damage|p1a: Necrozma|88/100|[from] ability: Iron Barbs|[of] p2a: Ferrothorn
|
|-heal|p1a: Necrozma|94/100|[from] item: Leftovers
|-heal|p2a: Ferrothorn|68/100|[from] item: Leftovers
|upkeep
|turn|15
|
|t:|1617526280
|switch|p1a: Ho-Oh|Ho-Oh|100/100
|move|p2a: Ferrothorn|Leech Seed|p1a: Ho-Oh
|-start|p1a: Ho-Oh|move: Leech Seed
|
|-heal|p2a: Ferrothorn|74/100|[from] item: Leftovers
|-damage|p1a: Ho-Oh|88/100|[from] Leech Seed|[of] p2a: Ferrothorn
|-heal|p2a: Ferrothorn|88/100|[silent]
|upkeep
|turn|16
|
|t:|1617526285
|switch|p2a: Eternatus|Eternatus|94/100 brn
|-damage|p2a: Eternatus|82/100 brn|[from] Stealth Rock
|-ability|p2a: Eternatus|Pressure
|move|p1a: Ho-Oh|Sacred Fire|p2a: Eternatus
|-resisted|p2a: Eternatus
|-damage|p2a: Eternatus|67/100 brn
|
|-heal|p2a: Eternatus|73/100 brn|[from] item: Black Sludge
|-damage|p1a: Ho-Oh|76/100|[from] Leech Seed|[of] p2a: Eternatus
|-heal|p2a: Eternatus|84/100 brn|[silent]
|-damage|p2a: Eternatus|78/100 brn|[from] brn
|upkeep
|turn|17
|
|t:|1617526298
|switch|p1a: Necrozma|Necrozma-Dusk-Mane|94/100
|move|p2a: Eternatus|Mystical Fire|p1a: Necrozma
|-supereffective|p1a: Necrozma
|-damage|p1a: Necrozma|65/100
|-unboost|p1a: Necrozma|spa|1
|
|-heal|p2a: Eternatus|84/100 brn|[from] item: Black Sludge
|-heal|p1a: Necrozma|71/100|[from] item: Leftovers
|-damage|p2a: Eternatus|78/100 brn|[from] brn
|upkeep
|turn|18
|
|t:|1617526308
|switch|p2a: Yveltal|Yveltal|100/100
|-ability|p2a: Yveltal|Dark Aura
|switch|p1a: Ho-Oh|Ho-Oh|100/100
|
|upkeep
|turn|19
|
|t:|1617526316
|move|p2a: Yveltal|U-turn|p1a: Ho-Oh
|-resisted|p1a: Ho-Oh
|-damage|p1a: Ho-Oh|96/100
|
|t:|1617526318
|switch|p2a: Eternatus|Eternatus|78/100 brn|[from]move: U-turn
|-damage|p2a: Eternatus|65/100 brn|[from] Stealth Rock
|-ability|p2a: Eternatus|Pressure
|move|p1a: Ho-Oh|Toxic||[still]
|-fail|p1a: Ho-Oh
|
|-heal|p2a: Eternatus|71/100 brn|[from] item: Black Sludge
|-damage|p2a: Eternatus|65/100 brn|[from] brn
|upkeep
|turn|20
|
|t:|1617526326
|switch|p1a: Yveltal|Yveltal|100/100
|-ability|p1a: Yveltal|Dark Aura
|move|p2a: Eternatus|Toxic|p1a: Yveltal
|-status|p1a: Yveltal|tox
|
|-heal|p2a: Eternatus|71/100 brn|[from] item: Black Sludge
|-damage|p2a: Eternatus|65/100 brn|[from] brn
|-damage|p1a: Yveltal|94/100 tox|[from] psn
|upkeep
|turn|21
|
|t:|1617526329
|move|p2a: Eternatus|Recover|p2a: Eternatus
|-heal|p2a: Eternatus|100/100 brn
|move|p1a: Yveltal|Knock Off|p2a: Eternatus
|-damage|p2a: Eternatus|49/100 brn
|-enditem|p2a: Eternatus|Black Sludge|[from] move: Knock Off|[of] p1a: Yveltal
|
|-damage|p2a: Eternatus|43/100 brn|[from] brn
|-damage|p1a: Yveltal|82/100 tox|[from] psn
|upkeep
|turn|22
|
|t:|1617526334
|switch|p1a: Calyrex|Calyrex-Shadow|84/100
|-ability|p1a: Calyrex|As One
|-ability|p1a: Calyrex|Unnerve
|move|p2a: Eternatus|Recover|p2a: Eternatus
|-heal|p2a: Eternatus|93/100 brn
|
|-damage|p2a: Eternatus|86/100 brn|[from] brn
|upkeep
|turn|23
|
|t:|1617526347
|switch|p2a: Lunala|Lunala|28/100 par
|move|p1a: Calyrex|Aromatherapy|p1a: Calyrex
|-activate|p1a: Calyrex|move: Aromatherapy
|-curestatus|p1: Regieleki|brn|[msg]
|-curestatus|p1: Yveltal|tox|[msg]
|
|upkeep
|turn|24
|
|t:|1617526354
|switch|p1a: Ho-Oh|Ho-Oh|100/100
|switch|p2a: Yveltal|Yveltal|100/100
|-ability|p2a: Yveltal|Dark Aura
|
|upkeep
|turn|25
|
|t:|1617526357
|move|p2a: Yveltal|U-turn|p1a: Ho-Oh
|-resisted|p1a: Ho-Oh
|-damage|p1a: Ho-Oh|96/100
|
|t:|1617526360
|switch|p2a: Eternatus|Eternatus|86/100 brn|[from]move: U-turn
|-damage|p2a: Eternatus|74/100 brn|[from] Stealth Rock
|-ability|p2a: Eternatus|Pressure
|move|p1a: Ho-Oh|Toxic||[still]
|-fail|p1a: Ho-Oh
|
|-damage|p2a: Eternatus|68/100 brn|[from] brn
|upkeep
|turn|26
|
|t:|1617526363
|switch|p1a: Necrozma|Necrozma-Dusk-Mane|71/100
|move|p2a: Eternatus|Toxic|p1a: Necrozma
|-immune|p1a: Necrozma
|
|-heal|p1a: Necrozma|77/100|[from] item: Leftovers
|-damage|p2a: Eternatus|62/100 brn|[from] brn
|upkeep
|turn|27
|
|t:|1617526368
|switch|p1a: Eternatus|Eternatus|100/100
|-ability|p1a: Eternatus|Pressure
|move|p2a: Eternatus|Recover|p2a: Eternatus
|-heal|p2a: Eternatus|100/100 brn
|
|-damage|p2a: Eternatus|94/100 brn|[from] brn
|upkeep
|turn|28
|
|t:|1617526377
|switch|p2a: Necrozma|Necrozma-Dusk-Mane|100/100
|-damage|p2a: Necrozma|94/100|[from] Stealth Rock
|move|p1a: Eternatus|Dynamax Cannon|p2a: Necrozma
|-resisted|p2a: Necrozma
|-damage|p2a: Necrozma|74/100
|
|-heal|p2a: Necrozma|80/100|[from] item: Leftovers
|upkeep
|turn|29
|
|t:|1617526386
|switch|p1a: Regieleki|Regieleki|48/100
|move|p2a: Necrozma|Stealth Rock|p1a: Regieleki
|-sidestart|p1: Malkobaran|move: Stealth Rock
|
|-heal|p2a: Necrozma|86/100|[from] item: Leftovers
|upkeep
|turn|30
|
|t:|1617526395
|move|p1a: Regieleki|Thunderbolt|p2a: Necrozma
|-damage|p2a: Necrozma|27/100
|move|p2a: Necrozma|Earthquake|p1a: Regieleki
|-supereffective|p1a: Regieleki
|-damage|p1a: Regieleki|0 fnt
|faint|p1a: Regieleki
|
|-heal|p2a: Necrozma|33/100|[from] item: Leftovers
|upkeep
|
|t:|1617526404
|switch|p1a: Yveltal|Yveltal|82/100
|-ability|p1a: Yveltal|Dark Aura
|turn|31
|
|t:|1617526409
|switch|p2a: Eternatus|Eternatus|94/100 brn
|-damage|p2a: Eternatus|82/100 brn|[from] Stealth Rock
|-ability|p2a: Eternatus|Pressure
|move|p1a: Yveltal|Knock Off|p2a: Eternatus
|-damage|p2a: Eternatus|43/100 brn
|
|-damage|p2a: Eternatus|37/100 brn|[from] brn
|upkeep
|turn|32
|
|t:|1617526415
|switch|p1a: Calyrex|Calyrex-Shadow|84/100
|-ability|p1a: Calyrex|As One
|-ability|p1a: Calyrex|Unnerve
|-damage|p1a: Calyrex|72/100|[from] Stealth Rock
|move|p2a: Eternatus|Recover|p2a: Eternatus
|-heal|p2a: Eternatus|87/100 brn
|
|-damage|p2a: Eternatus|81/100 brn|[from] brn
|upkeep
|turn|33
|
|t:|1617526420
|switch|p2a: Lunala|Lunala|28/100 par
|move|p1a: Calyrex|Astral Barrage|p2a: Lunala
|-supereffective|p2a: Lunala
|-damage|p2a: Lunala|0 fnt
|faint|p2a: Lunala
|-ability|p1a: Calyrex|Grim Neigh|boost
|-boost|p1a: Calyrex|spa|1
|
|upkeep
|
|t:|1617526422
|switch|p2a: Yveltal|Yveltal|100/100
|-ability|p2a: Yveltal|Dark Aura
|turn|34
|
|t:|1617526425
|switch|p1a: Yveltal|Yveltal|82/100
|-ability|p1a: Yveltal|Dark Aura
|move|p2a: Yveltal|Knock Off|p1a: Yveltal
|-resisted|p1a: Yveltal
|-damage|p1a: Yveltal|58/100
|-enditem|p1a: Yveltal|Heavy-Duty Boots|[from] move: Knock Off|[of] p2a: Yveltal
|
|upkeep
|turn|35
|
|t:|1617526430
|move|p1a: Yveltal|Defog|p2a: Yveltal
|-unboost|p2a: Yveltal|evasion|1
|-sideend|p2: qoqqq|Stealth Rock|[from] move: Defog|[of] p1a: Yveltal
|-sideend|p1: Malkobaran|Stealth Rock|[from] move: Defog|[of] p1a: Yveltal
|move|p2a: Yveltal|U-turn|p1a: Yveltal
|-damage|p1a: Yveltal|42/100
|
|t:|1617526433
|switch|p2a: Zacian|Zacian|94/100 tox|[from]move: U-turn
|-ability|p2a: Zacian|Intrepid Sword|boost
|-boost|p2a: Zacian|atk|1
|
|-damage|p2a: Zacian|88/100 tox|[from] psn
|upkeep
|turn|36
|
|t:|1617526436
|switch|p1a: Necrozma|Necrozma-Dusk-Mane|77/100
|move|p2a: Zacian|Close Combat|p1a: Necrozma
|-damage|p1a: Necrozma|23/100
|-unboost|p2a: Zacian|def|1
|-unboost|p2a: Zacian|spd|1
|
|-heal|p1a: Necrozma|29/100|[from] item: Leftovers
|-damage|p2a: Zacian|76/100 tox|[from] psn
|upkeep
|turn|37
|
|t:|1617526445
|switch|p2a: Yveltal|Yveltal|100/100
|-ability|p2a: Yveltal|Dark Aura
|switch|p1a: Calyrex|Calyrex-Shadow|72/100
|-ability|p1a: Calyrex|As One
|-ability|p1a: Calyrex|Unnerve
|
|upkeep
|turn|38
|
|t:|1617526451
|switch|p1a: Yveltal|Yveltal|42/100
|-ability|p1a: Yveltal|Dark Aura
|move|p2a: Yveltal|U-turn|p1a: Yveltal
|-damage|p1a: Yveltal|27/100
|
|t:|1617526453
|switch|p2a: Zacian|Zacian|76/100 tox|[from]move: U-turn
|-ability|p2a: Zacian|Intrepid Sword|boost
|-boost|p2a: Zacian|atk|1
|
|-damage|p2a: Zacian|70/100 tox|[from] psn
|upkeep
|turn|39
|
|t:|1617526460
|switch|p1a: Eternatus|Eternatus|100/100
|-ability|p1a: Eternatus|Pressure
|move|p2a: Zacian|Play Rough|p1a: Eternatus
|-crit|p1a: Eternatus
|-damage|p1a: Eternatus|0 fnt
|faint|p1a: Eternatus
|
|-damage|p2a: Zacian|57/100 tox|[from] psn
|upkeep
|c|☆Malkobaran|really a crit
|
|t:|1617526475
|switch|p1a: Necrozma|Necrozma-Dusk-Mane|29/100
|turn|40
|c|☆qoqqq|sry
|
|t:|1617526485
|switch|p2a: Necrozma|Necrozma-Dusk-Mane|33/100
|move|p1a: Necrozma|Morning Sun|p1a: Necrozma
|-heal|p1a: Necrozma|79/100
|
|-heal|p2a: Necrozma|39/100|[from] item: Leftovers
|-heal|p1a: Necrozma|85/100|[from] item: Leftovers
|upkeep
|turn|41
|
|t:|1617526489
|switch|p1a: Yveltal|Yveltal|27/100
|-ability|p1a: Yveltal|Dark Aura
|move|p2a: Necrozma|Morning Sun|p2a: Necrozma
|-heal|p2a: Necrozma|89/100
|
|-heal|p2a: Necrozma|95/100|[from] item: Leftovers
|upkeep
|turn|42
|
|t:|1617526492
|move|p1a: Yveltal|Roost|p1a: Yveltal
|-heal|p1a: Yveltal|77/100
|-singleturn|p1a: Yveltal|move: Roost
|move|p2a: Necrozma|Sunsteel Strike|p1a: Yveltal
|-damage|p1a: Yveltal|35/100
|
|-heal|p2a: Necrozma|100/100|[from] item: Leftovers
|upkeep
|turn|43
|
|t:|1617526497
|move|p1a: Yveltal|Roost|p1a: Yveltal
|-heal|p1a: Yveltal|85/100
|-singleturn|p1a: Yveltal|move: Roost
|move|p2a: Necrozma|Stealth Rock|p1a: Yveltal
|-sidestart|p1: Malkobaran|move: Stealth Rock
|
|upkeep
|turn|44
|
|t:|1617526516
|move|p1a: Yveltal|Defog|p2a: Necrozma
|-unboost|p2a: Necrozma|evasion|1
|-sideend|p1: Malkobaran|Stealth Rock|[from] move: Defog|[of] p1a: Yveltal
|move|p2a: Necrozma|Sunsteel Strike|p1a: Yveltal
|-damage|p1a: Yveltal|48/100
|
|upkeep
|turn|45
|
|t:|1617526524
|move|p1a: Yveltal|Knock Off|p2a: Necrozma
|-supereffective|p2a: Necrozma
|-damage|p2a: Necrozma|46/100
|-enditem|p2a: Necrozma|Leftovers|[from] move: Knock Off|[of] p1a: Yveltal
|move|p2a: Necrozma|Stealth Rock|p1a: Yveltal
|-sidestart|p1: Malkobaran|move: Stealth Rock
|
|upkeep
|turn|46
|
|t:|1617526532
|switch|p2a: Eternatus|Eternatus|81/100 brn
|-ability|p2a: Eternatus|Pressure
|move|p1a: Yveltal|Knock Off|p2a: Eternatus
|-damage|p2a: Eternatus|46/100 brn
|
|-damage|p2a: Eternatus|40/100 brn|[from] brn
|upkeep
|turn|47
|
|t:|1617526535
|move|p2a: Eternatus|Recover|p2a: Eternatus
|-heal|p2a: Eternatus|90/100 brn
|move|p1a: Yveltal|Roost|p1a: Yveltal
|-heal|p1a: Yveltal|98/100
|-singleturn|p1a: Yveltal|move: Roost
|
|-damage|p2a: Eternatus|84/100 brn|[from] brn
|upkeep
|turn|48
|
|t:|1617526538
|move|p2a: Eternatus|Toxic|p1a: Yveltal
|-status|p1a: Yveltal|tox
|move|p1a: Yveltal|Defog|p2a: Eternatus
|-unboost|p2a: Eternatus|evasion|1
|-sideend|p1: Malkobaran|Stealth Rock|[from] move: Defog|[of] p1a: Yveltal
|
|-damage|p2a: Eternatus|78/100 brn|[from] brn
|-damage|p1a: Yveltal|91/100 tox|[from] psn
|upkeep
|turn|49
|
|t:|1617526556
|switch|p1a: Ho-Oh|Ho-Oh|100/100
|move|p2a: Eternatus|Mystical Fire|p1a: Ho-Oh
|-resisted|p1a: Ho-Oh
|-damage|p1a: Ho-Oh|95/100
|-unboost|p1a: Ho-Oh|spa|1
|
|-damage|p2a: Eternatus|71/100 brn|[from] brn
|upkeep
|turn|50
|
|t:|1617526563
|switch|p1a: Yveltal|Yveltal|91/100 tox
|-ability|p1a: Yveltal|Dark Aura
|move|p2a: Eternatus|Toxic|p1a: Yveltal
|-fail|p1a: Yveltal|tox
|
|-damage|p2a: Eternatus|65/100 brn|[from] brn
|-damage|p1a: Yveltal|85/100 tox|[from] psn
|upkeep
|turn|51
|
|t:|1617526585
|switch|p1a: Calyrex|Calyrex-Shadow|72/100
|-ability|p1a: Calyrex|As One
|-ability|p1a: Calyrex|Unnerve
|move|p2a: Eternatus|Dynamax Cannon|p1a: Calyrex
|-damage|p1a: Calyrex|22/100
|
|-damage|p2a: Eternatus|59/100 brn|[from] brn
|upkeep
|turn|52
|
|t:|1617526608
|switch|p2a: Yveltal|Yveltal|100/100
|-ability|p2a: Yveltal|Dark Aura
|move|p1a: Calyrex|Will-O-Wisp|p2a: Yveltal
|-status|p2a: Yveltal|brn
|
|-damage|p2a: Yveltal|94/100 brn|[from] brn
|upkeep
|turn|53
|
|t:|1617526615
|switch|p1a: Necrozma|Necrozma-Dusk-Mane|85/100
|move|p2a: Yveltal|Knock Off|p1a: Necrozma
|-supereffective|p1a: Necrozma
|-damage|p1a: Necrozma|64/100
|-enditem|p1a: Necrozma|Leftovers|[from] move: Knock Off|[of] p2a: Yveltal
|
|-damage|p2a: Yveltal|88/100 brn|[from] brn
|upkeep
|turn|54
|
|t:|1617526619
|move|p2a: Yveltal|U-turn|p1a: Necrozma
|-damage|p1a: Necrozma|59/100
|
|t:|1617526622
|switch|p2a: Ferrothorn|Ferrothorn, M|88/100|[from]move: U-turn
|move|p1a: Necrozma|Morning Sun|p1a: Necrozma
|-heal|p1a: Necrozma|100/100
|
|-heal|p2a: Ferrothorn|95/100|[from] item: Leftovers
|upkeep
|turn|55
|
|t:|1617526627
|switch|p1a: Ho-Oh|Ho-Oh|100/100
|move|p2a: Ferrothorn|Leech Seed|p1a: Ho-Oh
|-start|p1a: Ho-Oh|move: Leech Seed
|
|-heal|p2a: Ferrothorn|100/100|[from] item: Leftovers
|-damage|p1a: Ho-Oh|88/100|[from] Leech Seed|[of] p2a: Ferrothorn
|upkeep
|turn|56
|
|t:|1617526631
|switch|p1a: Calyrex|Calyrex-Shadow|22/100
|-ability|p1a: Calyrex|As One
|-ability|p1a: Calyrex|Unnerve
|switch|p2a: Eternatus|Eternatus|59/100 brn
|-ability|p2a: Eternatus|Pressure
|
|-damage|p2a: Eternatus|53/100 brn|[from] brn
|upkeep
|turn|57
|
|t:|1617526639
|switch|p2a: Yveltal|Yveltal|88/100 brn
|-ability|p2a: Yveltal|Dark Aura
|move|p1a: Calyrex|Astral Barrage|p2a: Yveltal
|-resisted|p2a: Yveltal
|-damage|p2a: Yveltal|59/100 brn
|
|-damage|p2a: Yveltal|53/100 brn|[from] brn
|upkeep
|turn|58
|
|t:|1617526648
|switch|p1a: Necrozma|Necrozma-Dusk-Mane|100/100
|move|p2a: Yveltal|Roost|p2a: Yveltal
|-heal|p2a: Yveltal|100/100 brn
|-singleturn|p2a: Yveltal|move: Roost
|
|-damage|p2a: Yveltal|94/100 brn|[from] brn
|upkeep
|turn|59
|
|t:|1617526656
|move|p2a: Yveltal|U-turn|p1a: Necrozma
|-damage|p1a: Necrozma|95/100
|
|t:|1617526661
|switch|p2a: Ferrothorn|Ferrothorn, M|100/100|[from]move: U-turn
|move|p1a: Necrozma|Sunsteel Strike|p2a: Ferrothorn
|-resisted|p2a: Ferrothorn
|-damage|p2a: Ferrothorn|87/100
|-damage|p1a: Necrozma|83/100|[from] ability: Iron Barbs|[of] p2a: Ferrothorn
|
|-heal|p2a: Ferrothorn|93/100|[from] item: Leftovers
|upkeep
|turn|60
|c|☆qoqqq|t
|
|t:|1617526688
|switch|p1a: Ho-Oh|Ho-Oh|100/100
|move|p2a: Ferrothorn|Spikes|p1a: Ho-Oh
|-sidestart|p1: Malkobaran|Spikes
|
|-heal|p2a: Ferrothorn|99/100|[from] item: Leftovers
|upkeep
|turn|61
|
|t:|1617526698
|switch|p1a: Calyrex|Calyrex-Shadow|22/100
|-ability|p1a: Calyrex|As One
|-ability|p1a: Calyrex|Unnerve
|-damage|p1a: Calyrex|9/100|[from] Spikes
|switch|p2a: Necrozma|Necrozma-Dusk-Mane|46/100
|
|upkeep
|turn|62
|
|t:|1617526704
|switch|p1a: Yveltal|Yveltal|85/100 tox
|-ability|p1a: Yveltal|Dark Aura
|switch|p2a: Yveltal|Yveltal|94/100 brn
|-ability|p2a: Yveltal|Dark Aura
|
|-damage|p1a: Yveltal|79/100 tox|[from] psn
|-damage|p2a: Yveltal|88/100 brn|[from] brn
|upkeep
|turn|63
|
|t:|1617526709
|switch|p2a: Necrozma|Necrozma-Dusk-Mane|46/100
|move|p1a: Yveltal|Defog|p2a: Necrozma
|-unboost|p2a: Necrozma|evasion|1
|-sideend|p1: Malkobaran|Spikes|[from] move: Defog|[of] p1a: Yveltal
|
|-damage|p1a: Yveltal|67/100 tox|[from] psn
|upkeep
|turn|64
|
|t:|1617526718
|move|p1a: Yveltal|Knock Off|p2a: Necrozma
|-supereffective|p2a: Necrozma
|-damage|p2a: Necrozma|4/100
|move|p2a: Necrozma|Stealth Rock|p1a: Yveltal
|-sidestart|p1: Malkobaran|move: Stealth Rock
|
|-damage|p1a: Yveltal|48/100 tox|[from] psn
|upkeep
|turn|65
|
|t:|1617526725
|move|p1a: Yveltal|Knock Off|p2a: Necrozma
|-supereffective|p2a: Necrozma
|-damage|p2a: Necrozma|0 fnt
|faint|p2a: Necrozma
|
|-damage|p1a: Yveltal|24/100 tox|[from] psn
|upkeep
|
|t:|1617526738
|switch|p2a: Zacian|Zacian|57/100 tox
|-ability|p2a: Zacian|Intrepid Sword|boost
|-boost|p2a: Zacian|atk|1
|turn|66
|
|t:|1617526749
|switch|p1a: Necrozma|Necrozma-Dusk-Mane|83/100
|-damage|p1a: Necrozma|77/100|[from] Stealth Rock
|move|p2a: Zacian|Wild Charge|p1a: Necrozma
|-damage|p1a: Necrozma|34/100
|-damage|p2a: Zacian|44/100 tox|[from] Recoil
|
|-damage|p2a: Zacian|38/100 tox|[from] psn
|upkeep
|turn|67
|
|t:|1617526755
|move|p2a: Zacian|Wild Charge|p1a: Necrozma
|-damage|p1a: Necrozma|0 fnt
|-damage|p2a: Zacian|28/100 tox|[from] Recoil
|faint|p1a: Necrozma
|
|-damage|p2a: Zacian|16/100 tox|[from] psn
|upkeep
|
|t:|1617526764
|switch|p1a: Ho-Oh|Ho-Oh|100/100
|turn|68
|
|t:|1617526771
|move|p2a: Zacian|Wild Charge|p1a: Ho-Oh
|-supereffective|p1a: Ho-Oh
|-damage|p1a: Ho-Oh|0 fnt
|-damage|p2a: Zacian|0 fnt|[from] Recoil
|faint|p1a: Ho-Oh
|faint|p2a: Zacian
|
|upkeep
|-message|Malkobaran forfeited.
|
|win|qoqqq
|raw|Malkobaran's rating: 1491 &rarr; <strong>1474</strong><br />(-17 for losing)
|raw|qoqqq's rating: 1538 &rarr; <strong>1555</strong><br />(+17 for winning)
|l|☆Malkobaran
