|j|☆Baguette7
|j|☆Kage UwU
|t:|1652296688
|gametype|singles
|player|p1|Baguette7|101|1263
|player|p2|Kage UwU|265|1457
|teamsize|p1|6
|teamsize|p2|6
|gen|8
|tier|[Gen 8] Ubers
|rated|
|rule|Sleep Clause Mod: Limit one foe put to sleep
|rule|Species Clause: Limit one of each Pokémon
|rule|OHKO Clause: OHKO moves are banned
|rule|Evasion Moves Clause: Evasion moves are banned
|rule|Endless Battle Clause: Forcing endless battles is banned
|rule|HP Percentage Mod: HP is shown in percentages
|rule|Dynamax Clause: You cannot dynamax
|clearpoke
|poke|p1|Palkia|
|poke|p1|Kyogre|
|poke|p1|Darmanitan-Galar, F|
|poke|p1|Pelipper, M|
|poke|p1|Calyrex-Ice|
|poke|p1|Kabutops, F|
|poke|p2|Yveltal|
|poke|p2|Ferrothorn, M|
|poke|p2|Necrozma-Dusk-Mane|
|poke|p2|Eternatus|
|poke|p2|Blissey, F|
|poke|p2|Giratina|
|teampreview
|inactive|Battle timer is ON: inactive players will automatically lose when time's up. (requested by Kage UwU)
|
|t:|1652296702
|start
|switch|p1a: Darmanitan|Darmanitan-Galar, F|100/100
|switch|p2a: Hamsuke|Ferrothorn, M|100/100
|turn|1
|
|t:|1652296709
|switch|p2a: Demiurge|Eternatus|100/100
|-ability|p2a: Demiurge|Pressure
|move|p1a: Darmanitan|Flare Blitz|p2a: Demiurge
|-resisted|p2a: Demiurge
|-damage|p2a: Demiurge|81/100
|-damage|p1a: Darmanitan|92/100|[from] Recoil
|
|-heal|p2a: Demiurge|87/100|[from] item: Leftovers
|upkeep
|turn|2
|
|t:|1652296722
|switch|p1a: Calyrex|Calyrex-Ice|100/100
|-ability|p1a: Calyrex|As One
|-ability|p1a: Calyrex|Unnerve
|move|p2a: Demiurge|Dynamax Cannon|p1a: Calyrex
|-damage|p1a: Calyrex|62/100
|
|-heal|p2a: Demiurge|93/100|[from] item: Leftovers
|upkeep
|turn|3
|
|t:|1652296732
|switch|p2a: Hamsuke|Ferrothorn, M|100/100
|move|p1a: Calyrex|Agility|p1a: Calyrex
|-boost|p1a: Calyrex|spe|2
|
|upkeep
|turn|4
|
|t:|1652296757
|move|p1a: Calyrex|Glacial Lance|p2a: Hamsuke
|-damage|p2a: Hamsuke|54/100
|move|p2a: Hamsuke|Body Press|p1a: Calyrex
|-damage|p1a: Calyrex|42/100
|
|upkeep
|turn|5
|
|t:|1652296771
|switch|p2a: Cocytus|Necrozma-Dusk-Mane|100/100
|move|p1a: Calyrex|Close Combat|p2a: Cocytus
|-damage|p2a: Cocytus|67/100
|-unboost|p1a: Calyrex|def|1
|-unboost|p1a: Calyrex|spd|1
|
|-heal|p2a: Cocytus|73/100|[from] item: Leftovers
|upkeep
|turn|6
|
|t:|1652296784
|move|p1a: Calyrex|Close Combat|p2a: Cocytus
|-damage|p2a: Cocytus|36/100
|-unboost|p1a: Calyrex|def|1
|-unboost|p1a: Calyrex|spd|1
|move|p2a: Cocytus|Iron Head|p1a: Calyrex
|-supereffective|p1a: Calyrex
|-damage|p1a: Calyrex|0 fnt
|faint|p1a: Calyrex
|
|-heal|p2a: Cocytus|42/100|[from] item: Leftovers
|upkeep
|inactive|Baguette7 has 120 seconds left.
|
|t:|1652296804
|switch|p1a: Palkia|Palkia|100/100
|-ability|p1a: Palkia|Pressure
|turn|7
|inactive|Baguette7 has 120 seconds left.
|
|t:|1652296811
|switch|p2a: Pleiade|Blissey, F|100/100
|move|p1a: Palkia|Hydro Pump|p2a: Pleiade|[miss]
|-miss|p1a: Palkia|p2a: Pleiade
|
|upkeep
|turn|8
|inactive|Baguette7 has 120 seconds left.
|
|t:|1652296822
|switch|p1a: Kyogre|Kyogre|100/100
|-weather|RainDance|[from] ability: Drizzle|[of] p1a: Kyogre
|move|p2a: Pleiade|Wish|p2a: Pleiade
|
|-weather|RainDance|[upkeep]
|upkeep
|turn|9
|
|t:|1652296829
|switch|p1a: Kabutops|Kabutops, F|100/100
|move|p2a: Pleiade|Confide|p1a: Kabutops
|-unboost|p1a: Kabutops|spa|1
|
|-weather|RainDance|[upkeep]
|upkeep
|turn|10
|inactive|Baguette7 has 120 seconds left.
|inactive|Baguette7 has 90 seconds left.
|
|t:|1652296880
|switch|p2a: Hamsuke|Ferrothorn, M|54/100
|move|p1a: Kabutops|Liquidation|p2a: Hamsuke
|-resisted|p2a: Hamsuke
|-damage|p2a: Hamsuke|27/100
|-damage|p1a: Kabutops|88/100|[from] ability: Iron Barbs|[of] p2a: Hamsuke
|-damage|p1a: Kabutops|72/100|[from] item: Rocky Helmet|[of] p2a: Hamsuke
|
|-weather|RainDance|[upkeep]
|upkeep
|turn|11
|
|t:|1652296888
|move|p1a: Kabutops|Liquidation|p2a: Hamsuke
|-resisted|p2a: Hamsuke
|-damage|p2a: Hamsuke|0 fnt
|-damage|p1a: Kabutops|60/100|[from] ability: Iron Barbs|[of] p2a: Hamsuke
|-damage|p1a: Kabutops|43/100|[from] item: Rocky Helmet|[of] p2a: Hamsuke
|faint|p2a: Hamsuke
|
|-weather|RainDance|[upkeep]
|upkeep
|
|t:|1652296896
|switch|p2a: Demiurge|Eternatus|93/100
|-ability|p2a: Demiurge|Pressure
|turn|12
|
|t:|1652296904
|switch|p1a: Darmanitan|Darmanitan-Galar, F|92/100
|move|p2a: Demiurge|Flamethrower|p1a: Darmanitan
|-supereffective|p1a: Darmanitan
|-damage|p1a: Darmanitan|46/100
|
|-weather|RainDance|[upkeep]
|-heal|p2a: Demiurge|99/100|[from] item: Leftovers
|upkeep
|turn|13
|
|t:|1652296912
|switch|p2a: Cocytus|Necrozma-Dusk-Mane|42/100
|move|p1a: Darmanitan|Icicle Crash|p2a: Cocytus
|-resisted|p2a: Cocytus
|-damage|p2a: Cocytus|16/100
|
|-weather|RainDance|[upkeep]
|-heal|p2a: Cocytus|22/100|[from] item: Leftovers
|upkeep
|turn|14
|
|t:|1652296920
|move|p1a: Darmanitan|Icicle Crash|p2a: Cocytus
|-resisted|p2a: Cocytus
|-damage|p2a: Cocytus|0 fnt
|faint|p2a: Cocytus
|
|-weather|RainDance|[upkeep]
|upkeep
|
|t:|1652296933
|switch|p2a: Albedo|Giratina|100/100
|-ability|p2a: Albedo|Pressure
|turn|15
|
|t:|1652296938
|move|p1a: Darmanitan|Icicle Crash|p2a: Albedo
|-supereffective|p2a: Albedo
|-damage|p2a: Albedo|37/100
|move|p2a: Albedo|Will-O-Wisp|p1a: Darmanitan
|-status|p1a: Darmanitan|brn
|
|-weather|none
|-heal|p2a: Albedo|44/100|[from] item: Leftovers
|-damage|p1a: Darmanitan|40/100 brn|[from] brn
|upkeep
|turn|16
|
|t:|1652296950
|move|p1a: Darmanitan|Icicle Crash|p2a: Albedo
|-supereffective|p2a: Albedo
|-damage|p2a: Albedo|13/100
|move|p2a: Albedo|Rest|p2a: Albedo
|-status|p2a: Albedo|slp|[from] move: Rest
|-heal|p2a: Albedo|100/100 slp|[silent]
|
|-damage|p1a: Darmanitan|34/100 brn|[from] brn
|upkeep
|turn|17
|
|t:|1652296959
|move|p1a: Darmanitan|Icicle Crash|p2a: Albedo
|-supereffective|p2a: Albedo
|-damage|p2a: Albedo|71/100 slp
|cant|p2a: Albedo|slp
|
|-heal|p2a: Albedo|77/100 slp|[from] item: Leftovers
|-damage|p1a: Darmanitan|28/100 brn|[from] brn
|upkeep
|turn|18
|
|t:|1652296966
|move|p1a: Darmanitan|Icicle Crash|p2a: Albedo
|-supereffective|p2a: Albedo
|-damage|p2a: Albedo|47/100 slp
|cant|p2a: Albedo|slp
|
|-heal|p2a: Albedo|53/100 slp|[from] item: Leftovers
|-damage|p1a: Darmanitan|22/100 brn|[from] brn
|upkeep
|turn|19
|
|t:|1652296974
|move|p1a: Darmanitan|Icicle Crash|p2a: Albedo
|-supereffective|p2a: Albedo
|-damage|p2a: Albedo|24/100 slp
|-curestatus|p2a: Albedo|slp|[msg]
|move|p2a: Albedo|Rest|p2a: Albedo
|-status|p2a: Albedo|slp|[from] move: Rest
|-heal|p2a: Albedo|100/100 slp|[silent]
|
|-damage|p1a: Darmanitan|16/100 brn|[from] brn
|upkeep
|turn|20
|
|t:|1652296985
|move|p1a: Darmanitan|Icicle Crash|p2a: Albedo
|-supereffective|p2a: Albedo
|-damage|p2a: Albedo|73/100 slp
|cant|p2a: Albedo|slp
|
|-heal|p2a: Albedo|79/100 slp|[from] item: Leftovers
|-damage|p1a: Darmanitan|10/100 brn|[from] brn
|upkeep
|turn|21
|
|t:|1652296992
|move|p1a: Darmanitan|Icicle Crash|p2a: Albedo
|-supereffective|p2a: Albedo
|-damage|p2a: Albedo|47/100 slp
|cant|p2a: Albedo|slp
|
|-heal|p2a: Albedo|53/100 slp|[from] item: Leftovers
|-damage|p1a: Darmanitan|4/100 brn|[from] brn
|upkeep
|turn|22
|
|t:|1652297000
|-activate|p1a: Darmanitan|move: Struggle
|move|p1a: Darmanitan|Struggle|p2a: Albedo
|-damage|p2a: Albedo|48/100 slp
|-damage|p1a: Darmanitan|0 fnt|[from] recoil
|faint|p1a: Darmanitan
|-curestatus|p2a: Albedo|slp|[msg]
|move|p2a: Albedo|Rest|p2a: Albedo
|-status|p2a: Albedo|slp|[from] move: Rest
|-heal|p2a: Albedo|100/100 slp|[silent]
|
|upkeep
|
|t:|1652297005
|switch|p1a: Palkia|Palkia|100/100
|-ability|p1a: Palkia|Pressure
|turn|23
|
|t:|1652297015
|switch|p2a: Pleiade|Blissey, F|100/100
|move|p1a: Palkia|Draco Meteor|p2a: Pleiade
|-damage|p2a: Pleiade|65/100
|-unboost|p1a: Palkia|spa|2
|
|upkeep
|turn|24
|
|t:|1652297025
|switch|p1a: Pelipper|Pelipper, M|100/100
|-weather|RainDance|[from] ability: Drizzle|[of] p1a: Pelipper
|move|p2a: Pleiade|Soft-Boiled|p2a: Pleiade
|-heal|p2a: Pleiade|100/100
|
|-weather|RainDance|[upkeep]
|upkeep
|turn|25
|
|t:|1652297035
|move|p1a: Pelipper|Scald|p2a: Pleiade
|-damage|p2a: Pleiade|93/100
|move|p2a: Pleiade|Wish|p2a: Pleiade
|
|-weather|RainDance|[upkeep]
|upkeep
|turn|26
|
|t:|1652297042
|switch|p1a: Kabutops|Kabutops, F|43/100
|switch|p2a: Shalltear|Yveltal|100/100
|-ability|p2a: Shalltear|Dark Aura
|
|-weather|RainDance|[upkeep]
|upkeep
|turn|27
|
|t:|1652297051
|move|p1a: Kabutops|Stone Edge|p2a: Shalltear|[miss]
|-miss|p1a: Kabutops|p2a: Shalltear
|move|p2a: Shalltear|Knock Off|p1a: Kabutops
|-damage|p1a: Kabutops|0 fnt
|-enditem|p1a: Kabutops|Choice Band|[from] move: Knock Off|[of] p2a: Shalltear
|faint|p1a: Kabutops
|
|-weather|RainDance|[upkeep]
|upkeep
|
|t:|1652297061
|switch|p1a: Palkia|Palkia|100/100
|-ability|p1a: Palkia|Pressure
|turn|28
|
|t:|1652297065
|switch|p2a: Pleiade|Blissey, F|93/100
|move|p1a: Palkia|Hydro Pump|p2a: Pleiade|[miss]
|-miss|p1a: Palkia|p2a: Pleiade
|
|-weather|none
|upkeep
|turn|29
|-message|Baguette7 forfeited.
|
|win|Kage UwU
|raw|Baguette7's rating: 1263 &rarr; <strong>1251</strong><br />(-12 for losing)
|raw|Kage UwU's rating: 1457 &rarr; <strong>1467</strong><br />(+10 for winning)
|l|☆Baguette7
