|j|☆hahahohi
|j|☆TogeBirlHQ
|t:|1661348770
|gametype|singles
|player|p1|hahahohi|clown|1350
|player|p2|TogeBirlHQ|nate|1562
|teamsize|p1|6
|teamsize|p2|6
|gen|8
|tier|[Gen 8] Ubers
|rated|
|rule|Sleep Clause Mod: Limit one foe put to sleep
|rule|Species Clause: Limit one of each Pokémon
|rule|OHKO Clause: OHKO moves are banned
|rule|Evasion Items Clause: Evasion items are banned
|rule|Evasion Moves Clause: Evasion moves are banned
|rule|Endless Battle Clause: Forcing endless battles is banned
|rule|HP Percentage Mod: HP is shown in percentages
|rule|Dynamax Clause: You cannot dynamax
|clearpoke
|poke|p1|Aerodactyl, F|
|poke|p1|Weavile, F|
|poke|p1|Yveltal|
|poke|p1|Calyrex-Shadow|
|poke|p1|Necrozma-Dusk-Mane|
|poke|p1|Rayquaza|
|poke|p2|Marshadow|
|poke|p2|Yveltal|
|poke|p2|Buzzwole|
|poke|p2|Ho-Oh|
|poke|p2|Necrozma-Dusk-Mane|
|poke|p2|Eternatus|
|teampreview
|inactive|Battle timer is ON: inactive players will automatically lose when time's up. (requested by hahahohi)
|
|t:|1661348789
|start
|switch|p1a: Aerodactyl|Aerodactyl, F|100/100
|switch|p2a: Necrozma|Necrozma-Dusk-Mane|100/100
|-ability|p1a: Aerodactyl|Pressure
|turn|1
|
|t:|1661348797
|move|p1a: Aerodactyl|Taunt|p2a: Necrozma
|-start|p2a: Necrozma|move: Taunt
|move|p2a: Necrozma|Iron Head|p1a: Aerodactyl
|-supereffective|p1a: Aerodactyl
|-enditem|p1a: Aerodactyl|Focus Sash
|-damage|p1a: Aerodactyl|1/100
|
|upkeep
|turn|2
|
|t:|1661348804
|move|p1a: Aerodactyl|Stealth Rock|p2a: Necrozma
|-sidestart|p2: TogeBirlHQ|move: Stealth Rock
|move|p2a: Necrozma|Iron Head|p1a: Aerodactyl
|-supereffective|p1a: Aerodactyl
|-damage|p1a: Aerodactyl|0 fnt
|faint|p1a: Aerodactyl
|
|upkeep
|
|t:|1661348827
|switch|p1a: Calyrex|Calyrex-Shadow|100/100
|-ability|p1a: Calyrex|As One
|-ability|p1a: Calyrex|Unnerve
|turn|3
|
|t:|1661348836
|move|p1a: Calyrex|Nasty Plot|p1a: Calyrex
|-boost|p1a: Calyrex|spa|2
|move|p2a: Necrozma|Knock Off|p1a: Calyrex
|-supereffective|p1a: Calyrex
|-enditem|p1a: Calyrex|Focus Sash
|-damage|p1a: Calyrex|1/100
|
|-end|p2a: Necrozma|move: Taunt
|upkeep
|turn|4
|inactive|TogeBirlHQ has 120 seconds left.
|
|t:|1661348868
|move|p1a: Calyrex|Astral Barrage|p2a: Necrozma
|-supereffective|p2a: Necrozma
|-damage|p2a: Necrozma|0 fnt
|faint|p2a: Necrozma
|-ability|p1a: Calyrex|Grim Neigh|boost
|-boost|p1a: Calyrex|spa|1
|
|upkeep
|
|t:|1661348873
|switch|p2a: Marshadow|Marshadow|100/100
|-damage|p2a: Marshadow|94/100|[from] Stealth Rock
|turn|5
|
|t:|1661348879
|move|p2a: Marshadow|Shadow Sneak|p1a: Calyrex
|-supereffective|p1a: Calyrex
|-damage|p1a: Calyrex|0 fnt
|faint|p1a: Calyrex
|
|upkeep
|
|t:|1661348893
|switch|p1a: Rayquaza|Rayquaza|100/100
|-ability|p1a: Rayquaza|Air Lock
|turn|6
|
|t:|1661348907
|switch|p2a: Eternatus|Eternatus|100/100
|-damage|p2a: Eternatus|88/100|[from] Stealth Rock
|-ability|p2a: Eternatus|Pressure
|move|p1a: Rayquaza|Dragon Ascent|p2a: Eternatus
|-damage|p2a: Eternatus|36/100
|-unboost|p1a: Rayquaza|def|1
|-unboost|p1a: Rayquaza|spd|1
|
|upkeep
|turn|7
|
|t:|1661348919
|move|p2a: Eternatus|Dynamax Cannon|p1a: Rayquaza
|-supereffective|p1a: Rayquaza
|-enditem|p1a: Rayquaza|Focus Sash
|-damage|p1a: Rayquaza|1/100
|move|p1a: Rayquaza|Dragon Ascent|p2a: Eternatus
|-damage|p2a: Eternatus|0 fnt
|-unboost|p1a: Rayquaza|def|1
|-unboost|p1a: Rayquaza|spd|1
|faint|p2a: Eternatus
|
|upkeep
|
|t:|1661348928
|switch|p2a: Marshadow|Marshadow|94/100
|-damage|p2a: Marshadow|88/100|[from] Stealth Rock
|turn|8
|
|t:|1661348934
|move|p2a: Marshadow|Low Kick|p1a: Rayquaza
|-resisted|p1a: Rayquaza
|-damage|p1a: Rayquaza|0 fnt
|faint|p1a: Rayquaza
|
|upkeep
|inactive|hahahohi has 120 seconds left.
|inactive|hahahohi has 90 seconds left.
|
|t:|1661349006
|switch|p1a: Yveltal|Yveltal|100/100
|-ability|p1a: Yveltal|Dark Aura
|turn|9
|
|t:|1661349011
|move|p2a: Marshadow|Low Kick|p1a: Yveltal
|-damage|p1a: Yveltal|14/100
|move|p1a: Yveltal|Knock Off|p2a: Marshadow
|-damage|p2a: Marshadow|0 fnt
|-enditem|p2a: Marshadow|Choice Band|[from] move: Knock Off|[of] p1a: Yveltal
|faint|p2a: Marshadow
|
|upkeep
|
|t:|1661349027
|switch|p2a: Ho-Oh|Ho-Oh|100/100
|turn|10
|
|t:|1661349034
|move|p1a: Yveltal|Knock Off|p2a: Ho-Oh
|-damage|p2a: Ho-Oh|46/100
|-enditem|p2a: Ho-Oh|Heavy-Duty Boots|[from] move: Knock Off|[of] p1a: Yveltal
|move|p2a: Ho-Oh|Sacred Fire|p1a: Yveltal
|-damage|p1a: Yveltal|0 fnt
|faint|p1a: Yveltal
|
|upkeep
|inactive|hahahohi has 90 seconds left.
|
|t:|1661349063
|switch|p1a: Necrozma|Necrozma-Dusk-Mane|100/100
|turn|11
|
|t:|1661349067
|move|p1a: Necrozma|Stone Edge|p2a: Ho-Oh
|-supereffective|p2a: Ho-Oh
|-crit|p2a: Ho-Oh
|-damage|p2a: Ho-Oh|0 fnt
|faint|p2a: Ho-Oh
|
|upkeep
|
|t:|1661349074
|switch|p2a: Buzzwole|Buzzwole|100/100
|-damage|p2a: Buzzwole|88/100|[from] Stealth Rock
|turn|12
|
|t:|1661349084
|move|p1a: Necrozma|Sunsteel Strike|p2a: Buzzwole
|-damage|p2a: Buzzwole|59/100
|-damage|p1a: Necrozma|84/100|[from] item: Rocky Helmet|[of] p2a: Buzzwole
|move|p2a: Buzzwole|Bulk Up|p2a: Buzzwole
|-boost|p2a: Buzzwole|atk|1
|-boost|p2a: Buzzwole|def|1
|
|upkeep
|turn|13
|
|t:|1661349091
|move|p1a: Necrozma|Dragon Dance|p1a: Necrozma
|-boost|p1a: Necrozma|atk|1
|-boost|p1a: Necrozma|spe|1
|move|p2a: Buzzwole|Bulk Up|p2a: Buzzwole
|-boost|p2a: Buzzwole|atk|1
|-boost|p2a: Buzzwole|def|1
|
|upkeep
|turn|14
|
|t:|1661349102
|move|p1a: Necrozma|Dragon Dance|p1a: Necrozma
|-boost|p1a: Necrozma|atk|1
|-boost|p1a: Necrozma|spe|1
|move|p2a: Buzzwole|Bulk Up|p2a: Buzzwole
|-boost|p2a: Buzzwole|atk|1
|-boost|p2a: Buzzwole|def|1
|
|upkeep
|turn|15
|
|t:|1661349107
|move|p1a: Necrozma|Sunsteel Strike|p2a: Buzzwole
|-damage|p2a: Buzzwole|35/100
|-damage|p1a: Necrozma|68/100|[from] item: Rocky Helmet|[of] p2a: Buzzwole
|move|p2a: Buzzwole|Drain Punch|p1a: Necrozma
|-damage|p1a: Necrozma|0 fnt
|-heal|p2a: Buzzwole|62/100|[from] drain|[of] p1a: Necrozma
|faint|p1a: Necrozma
|-ability|p2a: Buzzwole|Beast Boost|boost
|-boost|p2a: Buzzwole|def|1
|
|upkeep
|
|t:|1661349115
|switch|p1a: Weavile|Weavile, F|100/100
|-ability|p1a: Weavile|Pressure
|turn|16
|
|t:|1661349118
|move|p1a: Weavile|Triple Axel|p2a: Buzzwole
|-damage|p2a: Buzzwole|60/100
|-damage|p1a: Weavile|84/100|[from] item: Rocky Helmet|[of] p2a: Buzzwole
|-damage|p2a: Buzzwole|57/100
|-damage|p1a: Weavile|68/100|[from] item: Rocky Helmet|[of] p2a: Buzzwole
|-damage|p2a: Buzzwole|53/100
|-damage|p1a: Weavile|51/100|[from] item: Rocky Helmet|[of] p2a: Buzzwole
|-hitcount|p2a: Buzzwole|3
|move|p2a: Buzzwole|Drain Punch|p1a: Weavile
|-supereffective|p1a: Weavile
|-damage|p1a: Weavile|0 fnt
|-heal|p2a: Buzzwole|70/100|[from] drain|[of] p1a: Weavile
|faint|p1a: Weavile
|
|win|TogeBirlHQ
|raw|hahahohi's rating: 1350 &rarr; <strong>1341</strong><br />(-9 for losing)
|raw|TogeBirlHQ's rating: 1562 &rarr; <strong>1571</strong><br />(+9 for winning)
|l|☆hahahohi
