|j|☆Kingdra
|j|☆Rell27
|t:|1604641307
|player|p1|Kingdra|148|1474
|player|p2|Rell27|169|1324
|teamsize|p1|6
|teamsize|p2|6
|gametype|singles
|gen|8
|tier|[Gen 8] Ubers
|rated|
|clearpoke
|poke|p1|Klefki, M|
|poke|p1|Ditto|
|poke|p1|Zacian-Crowned|
|poke|p1|Zygarde|
|poke|p1|Xerneas|
|poke|p1|Eternatus|
|poke|p2|Calyrex-Shadow|
|poke|p2|Ho-Oh|
|poke|p2|Kyogre|
|poke|p2|Yveltal|
|poke|p2|Dialga|
|poke|p2|Eternatus|
|rule|Sleep Clause Mod: Limit one foe put to sleep
|rule|Species Clause: Limit one of each Pokémon
|rule|OHKO Clause: OHKO moves are banned
|rule|Evasion Moves Clause: Evasion moves are banned
|rule|Endless Battle Clause: Forcing endless battles is banned
|rule|HP Percentage Mod: HP is shown in percentages
|teampreview
|inactive|Battle timer is ON: inactive players will automatically lose when time's up. (requested by Kingdra)
|
|t:|1604641324
|start
|switch|p1a: Klefki|Klefki, M|100/100
|switch|p2a: Dialga|Dialga|100/100
|-ability|p2a: Dialga|Pressure
|turn|1
|
|t:|1604641331
|move|p1a: Klefki|Light Screen|p1a: Klefki
|-sidestart|p1: Kingdra|move: Light Screen
|move|p2a: Dialga|Fire Blast|p1a: Klefki
|-supereffective|p1a: Klefki
|-damage|p1a: Klefki|47/100
|
|upkeep
|turn|2
|
|t:|1604641339
|move|p1a: Klefki|Thunder Wave|p2a: Dialga
|-status|p2a: Dialga|par
|cant|p2a: Dialga|par
|
|upkeep
|turn|3
|
|t:|1604641345
|move|p1a: Klefki|Spikes|p2a: Dialga
|-sidestart|p2: Rell27|Spikes
|move|p2a: Dialga|Stealth Rock|p1a: Klefki
|-sidestart|p1: Kingdra|move: Stealth Rock
|
|upkeep
|turn|4
|
|t:|1604641356
|move|p1a: Klefki|Spikes|p2a: Dialga
|-sidestart|p2: Rell27|Spikes
|cant|p2a: Dialga|par
|
|upkeep
|turn|5
|
|t:|1604641361
|move|p1a: Klefki|Spikes|p2a: Dialga
|-sidestart|p2: Rell27|Spikes
|move|p2a: Dialga|Fire Blast|p1a: Klefki
|-supereffective|p1a: Klefki
|-damage|p1a: Klefki|0 fnt
|faint|p1a: Klefki
|
|upkeep
|
|t:|1604641367
|switch|p1a: Zygarde|Zygarde|100/100
|-damage|p1a: Zygarde|94/100|[from] Stealth Rock
|turn|6
|
|t:|1604641374
|move|p1a: Zygarde|Dragon Dance|p1a: Zygarde
|-boost|p1a: Zygarde|atk|1
|-boost|p1a: Zygarde|spe|1
|cant|p2a: Dialga|par
|
|-heal|p1a: Zygarde|100/100|[from] item: Leftovers
|upkeep
|turn|7
|
|t:|1604641382
|move|p1a: Zygarde|Thousand Arrows|p2a: Dialga
|-supereffective|p2a: Dialga
|-damage|p2a: Dialga|10/100 par
|move|p2a: Dialga|Dragon Pulse|p1a: Zygarde
|-supereffective|p1a: Zygarde
|-damage|p1a: Zygarde|54/100
|
|-heal|p1a: Zygarde|60/100|[from] item: Leftovers
|-heal|p2a: Dialga|16/100 par|[from] item: Leftovers
|upkeep
|turn|8
|
|t:|1604641396
|move|p1a: Zygarde|Substitute|p1a: Zygarde
|-start|p1a: Zygarde|Substitute
|-damage|p1a: Zygarde|35/100
|move|p2a: Dialga|Dragon Pulse|p1a: Zygarde
|-supereffective|p1a: Zygarde
|-end|p1a: Zygarde|Substitute
|
|-heal|p1a: Zygarde|41/100|[from] item: Leftovers
|-heal|p2a: Dialga|22/100 par|[from] item: Leftovers
|-sideend|p1: Kingdra|move: Light Screen
|-activate|p1a: Zygarde|ability: Power Construct
|detailschange|p1a: Zygarde|Zygarde-Complete
|-heal|p1a: Zygarde|64/100|[silent]
|upkeep
|turn|9
|
|t:|1604641403
|move|p1a: Zygarde|Thousand Arrows|p2a: Dialga
|-supereffective|p2a: Dialga
|-damage|p2a: Dialga|0 fnt
|faint|p2a: Dialga
|
|-heal|p1a: Zygarde|70/100|[from] item: Leftovers
|upkeep
|
|t:|1604641410
|switch|p2a: Kyogre|Kyogre|100/100
|-damage|p2a: Kyogre|76/100|[from] Spikes
|-weather|RainDance|[from] ability: Drizzle|[of] p2a: Kyogre
|turn|10
|
|t:|1604641418
|-start|p1a: Zygarde|Dynamax
|-heal|p1a: Zygarde|70/100|[silent]
|move|p2a: Kyogre|Ice Beam|p1a: Zygarde
|-supereffective|p1a: Zygarde
|-damage|p1a: Zygarde|30/100
|move|p1a: Zygarde|Max Quake|p2a: Kyogre
|-damage|p2a: Kyogre|0 fnt
|-boost|p1a: Zygarde|spd|1
|faint|p2a: Kyogre
|
|-weather|RainDance|[upkeep]
|-heal|p1a: Zygarde|33/100|[from] item: Leftovers
|upkeep
|
|t:|1604641433
|switch|p2a: Eternatus|Eternatus|100/100
|-damage|p2a: Eternatus|75/100|[from] Spikes
|-ability|p2a: Eternatus|Pressure
|turn|11
|
|t:|1604641440
|move|p1a: Zygarde|Max Steelspike|p2a: Eternatus
|-damage|p2a: Eternatus|27/100
|-boost|p1a: Zygarde|def|1
|move|p2a: Eternatus|Dynamax Cannon|p1a: Zygarde
|-supereffective|p1a: Zygarde
|-crit|p1a: Zygarde
|-damage|p1a: Zygarde|0 fnt
|-damage|p2a: Eternatus|17/100|[from] item: Life Orb
|faint|p1a: Zygarde
|
|-weather|RainDance|[upkeep]
|upkeep
|
|t:|1604641454
|switch|p1a: Zacian|Zacian-Crowned|100/100
|-damage|p1a: Zacian|94/100|[from] Stealth Rock
|-ability|p1a: Zacian|Intrepid Sword|boost
|-boost|p1a: Zacian|atk|1
|turn|12
|
|t:|1604641474
|switch|p2a: Ho-Oh|Ho-Oh|100/100
|move|p1a: Zacian|Crunch|p2a: Ho-Oh
|-damage|p2a: Ho-Oh|61/100
|
|-weather|RainDance|[upkeep]
|upkeep
|turn|13
|
|t:|1604641487
|-start|p2a: Ho-Oh|Dynamax
|-heal|p2a: Ho-Oh|61/100|[silent]
|move|p1a: Zacian|Wild Charge|p2a: Ho-Oh
|-supereffective|p2a: Ho-Oh
|-damage|p2a: Ho-Oh|16/100
|-damage|p1a: Zacian|67/100|[from] Recoil
|move|p2a: Ho-Oh|Max Flare|p1a: Zacian
|-supereffective|p1a: Zacian
|-damage|p1a: Zacian|6/100
|-weather|SunnyDay
|
|-weather|SunnyDay|[upkeep]
|upkeep
|turn|14
|
|t:|1604641499
|-end|p2a: Ho-Oh|Dynamax
|-heal|p2a: Ho-Oh|16/100|[silent]
|switch|p2a: Eternatus|Eternatus|17/100
|-damage|p2a: Eternatus|0 fnt|[from] Spikes
|faint|p2a: Eternatus
|move|p1a: Zacian|Behemoth Blade|p2: Eternatus|[notarget]
|-fail|p1a: Zacian
|
|-weather|SunnyDay|[upkeep]
|upkeep
|
|t:|1604641511
|switch|p2a: Yveltal|Yveltal|100/100
|-ability|p2a: Yveltal|Dark Aura
|turn|15
|
|t:|1604641515
|move|p2a: Yveltal|Sucker Punch|p1a: Zacian
|-resisted|p1a: Zacian
|-damage|p1a: Zacian|0 fnt
|-damage|p2a: Yveltal|91/100|[from] item: Life Orb
|faint|p1a: Zacian
|
|-weather|SunnyDay|[upkeep]
|upkeep
|
|t:|1604641519
|switch|p1a: Xerneas|Xerneas|100/100
|-damage|p1a: Xerneas|88/100|[from] Stealth Rock
|-ability|p1a: Xerneas|Fairy Aura
|turn|16
|
|t:|1604641525
|move|p2a: Yveltal|Taunt|p1a: Xerneas
|-start|p1a: Xerneas|move: Taunt
|cant|p1a: Xerneas|move: Taunt|Geomancy
|
|-weather|SunnyDay|[upkeep]
|upkeep
|turn|17
|
|t:|1604641532
|switch|p2a: Ho-Oh|Ho-Oh|50/100
|move|p1a: Xerneas|Moonblast|p2a: Ho-Oh
|-resisted|p2a: Ho-Oh
|-damage|p2a: Ho-Oh|28/100
|
|-weather|none
|upkeep
|turn|18
|
|t:|1604641540
|move|p1a: Xerneas|Thunderbolt|p2a: Ho-Oh
|-supereffective|p2a: Ho-Oh
|-damage|p2a: Ho-Oh|0 fnt
|faint|p2a: Ho-Oh
|
|-end|p1a: Xerneas|move: Taunt
|upkeep
|
|t:|1604641544
|switch|p2a: Calyrex|Calyrex-Shadow|100/100
|-ability|p2a: Calyrex|As One
|-ability|p2a: Calyrex|Unnerve|p1: Kingdra
|-damage|p2a: Calyrex|76/100|[from] Spikes
|turn|19
|
|t:|1604641552
|move|p2a: Calyrex|Astral Barrage|p1a: Xerneas
|-damage|p1a: Xerneas|14/100
|-damage|p2a: Calyrex|66/100|[from] item: Life Orb
|move|p1a: Xerneas|Geomancy||[still]
|-prepare|p1a: Xerneas|Geomancy
|-enditem|p1a: Xerneas|Power Herb
|-anim|p1a: Xerneas|Geomancy|p1a: Xerneas
|-boost|p1a: Xerneas|spa|2
|-boost|p1a: Xerneas|spd|2
|-boost|p1a: Xerneas|spe|2
|
|upkeep
|turn|20
|
|t:|1604641563
|move|p1a: Xerneas|Moonblast|p2a: Calyrex
|-damage|p2a: Calyrex|0 fnt
|faint|p2a: Calyrex
|
|upkeep
|
|t:|1604641566
|switch|p2a: Yveltal|Yveltal|91/100
|-ability|p2a: Yveltal|Dark Aura
|turn|21
|
|t:|1604641571
|move|p2a: Yveltal|Sucker Punch|p1a: Xerneas
|-resisted|p1a: Xerneas
|-damage|p1a: Xerneas|0 fnt
|-damage|p2a: Yveltal|81/100|[from] item: Life Orb
|faint|p1a: Xerneas
|
|upkeep
|
|t:|1604641578
|switch|p1a: Eternatus|Eternatus|100/100
|-damage|p1a: Eternatus|88/100|[from] Stealth Rock
|-ability|p1a: Eternatus|Pressure
|turn|22
|
|t:|1604641583
|move|p1a: Eternatus|Dynamax Cannon|p2a: Yveltal
|-damage|p2a: Yveltal|38/100
|move|p2a: Yveltal|Oblivion Wing|p1a: Eternatus
|-damage|p1a: Eternatus|54/100
|-heal|p2a: Yveltal|70/100|[from] drain|[of] p1a: Eternatus
|-damage|p2a: Yveltal|60/100|[from] item: Life Orb
|
|-heal|p1a: Eternatus|60/100|[from] item: Black Sludge
|upkeep
|turn|23
|
|t:|1604641588
|move|p1a: Eternatus|Dynamax Cannon|p2a: Yveltal
|-crit|p2a: Yveltal
|-damage|p2a: Yveltal|0 fnt
|faint|p2a: Yveltal
|
|win|Kingdra
|l|☆Rell27
|raw|Kingdra's rating: 1474 &rarr; <strong>1485</strong><br />(+11 for winning)
|raw|Rell27's rating: 1305 &rarr; <strong>1294</strong><br />(-11 for losing)
