|j|☆fearofmonoteam
|j|☆I Crit My Panties
|t:|1603854189
|player|p1|fearofmonoteam|skier-gen2|1625
|player|p2|I Crit My Panties|170|1455
|teamsize|p1|6
|teamsize|p2|6
|gametype|singles
|gen|8
|tier|[Gen 8] Ubers
|rated|
|clearpoke
|poke|p1|Shedinja|
|poke|p1|Dugtrio, F|
|poke|p1|Umbreon, F|
|poke|p1|Calyrex-Shadow|
|poke|p1|Ho-Oh|
|poke|p1|Eternatus|
|poke|p2|Yveltal|
|poke|p2|Zacian-Crowned|
|poke|p2|Ditto|
|poke|p2|Xerneas|
|poke|p2|Giratina-Origin|
|poke|p2|Dialga|
|rule|Sleep Clause Mod: Limit one foe put to sleep
|rule|Species Clause: Limit one of each Pokémon
|rule|OHKO Clause: OHKO moves are banned
|rule|Evasion Moves Clause: Evasion moves are banned
|rule|Endless Battle Clause: Forcing endless battles is banned
|rule|HP Percentage Mod: HP is shown in percentages
|teampreview
|
|t:|1603854206
|start
|switch|p1a: Calyrex|Calyrex-Shadow|100/100
|switch|p2a: Dialga|Dialga|100/100
|-ability|p1a: Calyrex|As One
|-ability|p1a: Calyrex|Unnerve|p2: I Crit My Panties
|-ability|p2a: Dialga|Pressure
|turn|1
|
|t:|1603854212
|switch|p2a: Yveltal|Yveltal|100/100
|-ability|p2a: Yveltal|Dark Aura
|move|p1a: Calyrex|Nasty Plot|p1a: Calyrex
|-boost|p1a: Calyrex|spa|2
|
|upkeep
|turn|2
|
|t:|1603854217
|switch|p1a: Eternatus|Eternatus|100/100
|-ability|p1a: Eternatus|Pressure
|move|p2a: Yveltal|Sucker Punch||[still]
|-fail|p2a: Yveltal
|
|upkeep
|turn|3
|
|t:|1603854222
|switch|p2a: Dialga|Dialga|100/100
|-ability|p2a: Dialga|Pressure
|move|p1a: Eternatus|Toxic Spikes|p2a: Dialga
|-sidestart|p2: I Crit My Panties|move: Toxic Spikes
|
|upkeep
|turn|4
|
|t:|1603854228
|switch|p1a: Ho-Oh|Ho-Oh|100/100
|move|p2a: Dialga|Stealth Rock|p1a: Ho-Oh
|-sidestart|p1: fearofmonoteam|move: Stealth Rock
|
|upkeep
|turn|5
|
|t:|1603854232
|move|p2a: Dialga|Toxic|p1a: Ho-Oh
|-status|p1a: Ho-Oh|tox
|move|p1a: Ho-Oh|Sacred Fire|p2a: Dialga|[miss]
|-miss|p1a: Ho-Oh|p2a: Dialga
|
|-damage|p1a: Ho-Oh|94/100 tox|[from] psn
|upkeep
|turn|6
|
|t:|1603854238
|switch|p1a: Umbreon|Umbreon, F|100/100
|-damage|p1a: Umbreon|88/100|[from] Stealth Rock
|move|p2a: Dialga|Draco Meteor|p1a: Umbreon
|-damage|p1a: Umbreon|35/100
|-unboost|p2a: Dialga|spa|2
|-damage|p2a: Dialga|91/100|[from] item: Life Orb
|
|-heal|p1a: Umbreon|41/100|[from] item: Leftovers
|upkeep
|turn|7
|
|t:|1603854291
|switch|p2a: Zacian|Zacian-Crowned|100/100
|-ability|p2a: Zacian|Intrepid Sword|boost
|-boost|p2a: Zacian|atk|1
|move|p1a: Umbreon|Heal Bell|p1a: Umbreon
|-activate|p1a: Umbreon|move: Heal Bell
|-curestatus|p1: Ho-Oh|tox|[msg]
|
|-heal|p1a: Umbreon|47/100|[from] item: Leftovers
|upkeep
|turn|8
|
|t:|1603854305
|move|p1a: Umbreon|Protect|p1a: Umbreon
|-singleturn|p1a: Umbreon|Protect
|move|p2a: Zacian|Psychic Fangs|p1a: Umbreon
|-activate|p1a: Umbreon|move: Protect
|
|-heal|p1a: Umbreon|54/100|[from] item: Leftovers
|upkeep
|turn|9
|
|t:|1603854326
|switch|p2a: Yveltal|Yveltal|100/100
|-ability|p2a: Yveltal|Dark Aura
|switch|p1a: Shedinja|Shedinja|100/100
|
|upkeep
|turn|10
|
|t:|1603854331
|switch|p1a: Eternatus|Eternatus|100/100
|-damage|p1a: Eternatus|88/100|[from] Stealth Rock
|-ability|p1a: Eternatus|Pressure
|move|p2a: Yveltal|Knock Off|p1a: Eternatus
|-damage|p1a: Eternatus|27/100
|-enditem|p1a: Eternatus|Black Sludge|[from] move: Knock Off|[of] p2a: Yveltal
|-damage|p2a: Yveltal|91/100|[from] item: Life Orb
|
|upkeep
|turn|11
|
|t:|1603854346
|switch|p2a: Zacian|Zacian-Crowned|100/100
|-ability|p2a: Zacian|Intrepid Sword|boost
|-boost|p2a: Zacian|atk|1
|move|p1a: Eternatus|Recover|p1a: Eternatus
|-heal|p1a: Eternatus|77/100
|
|upkeep
|turn|12
|
|t:|1603854353
|switch|p1a: Shedinja|Shedinja|100/100
|move|p2a: Zacian|Play Rough|p1a: Shedinja
|-immune|p1a: Shedinja|[from] ability: Wonder Guard
|
|upkeep
|turn|13
|
|t:|1603854359
|switch|p2a: Dialga|Dialga|91/100
|-ability|p2a: Dialga|Pressure
|switch|p1a: Ho-Oh|Ho-Oh|100/100
|
|upkeep
|turn|14
|
|t:|1603854365
|move|p2a: Dialga|Toxic|p1a: Ho-Oh
|-status|p1a: Ho-Oh|tox
|move|p1a: Ho-Oh|Sacred Fire|p2a: Dialga
|-damage|p2a: Dialga|57/100
|
|-damage|p1a: Ho-Oh|94/100 tox|[from] psn
|upkeep
|turn|15
|
|t:|1603854373
|move|p2a: Dialga|Draco Meteor|p1a: Ho-Oh
|-damage|p1a: Ho-Oh|39/100 tox
|-unboost|p2a: Dialga|spa|2
|-damage|p2a: Dialga|47/100|[from] item: Life Orb
|move|p1a: Ho-Oh|Roost|p1a: Ho-Oh
|-heal|p1a: Ho-Oh|89/100 tox
|-singleturn|p1a: Ho-Oh|move: Roost
|
|-damage|p1a: Ho-Oh|76/100 tox|[from] psn
|upkeep
|turn|16
|
|t:|1603854379
|switch|p2a: Yveltal|Yveltal|91/100
|-ability|p2a: Yveltal|Dark Aura
|switch|p1a: Umbreon|Umbreon, F|54/100
|-damage|p1a: Umbreon|41/100|[from] Stealth Rock
|
|-heal|p1a: Umbreon|47/100|[from] item: Leftovers
|upkeep
|turn|17
|
|t:|1603854387
|move|p1a: Umbreon|Protect|p1a: Umbreon
|-singleturn|p1a: Umbreon|Protect
|move|p2a: Yveltal|Knock Off|p1a: Umbreon
|-activate|p1a: Umbreon|move: Protect
|
|-heal|p1a: Umbreon|53/100|[from] item: Leftovers
|upkeep
|turn|18
|
|t:|1603854392
|switch|p2a: Zacian|Zacian-Crowned|100/100
|-ability|p2a: Zacian|Intrepid Sword|boost
|-boost|p2a: Zacian|atk|1
|switch|p1a: Eternatus|Eternatus|77/100
|-damage|p1a: Eternatus|65/100|[from] Stealth Rock
|-ability|p1a: Eternatus|Pressure
|
|upkeep
|turn|19
|inactive|Battle timer is ON: inactive players will automatically lose when time's up. (requested by fearofmonoteam)
|
|t:|1603854398
|switch|p1a: Shedinja|Shedinja|100/100
|move|p2a: Zacian|Behemoth Blade|p1a: Shedinja
|-immune|p1a: Shedinja|[from] ability: Wonder Guard
|
|upkeep
|turn|20
|
|t:|1603854405
|switch|p2a: Dialga|Dialga|47/100
|-ability|p2a: Dialga|Pressure
|move|p1a: Shedinja|X-Scissor|p2a: Dialga
|-resisted|p2a: Dialga
|-damage|p2a: Dialga|34/100
|
|upkeep
|turn|21
|
|t:|1603854423
|switch|p2a: Yveltal|Yveltal|91/100
|-ability|p2a: Yveltal|Dark Aura
|switch|p1a: Eternatus|Eternatus|65/100
|-damage|p1a: Eternatus|52/100|[from] Stealth Rock
|-ability|p1a: Eternatus|Pressure
|
|upkeep
|turn|22
|
|t:|1603854430
|-start|p2a: Yveltal|Dynamax
|-heal|p2a: Yveltal|91/100|[silent]
|move|p1a: Eternatus|Recover|p1a: Eternatus
|-heal|p1a: Eternatus|100/100
|move|p2a: Yveltal|Max Airstream|p1a: Eternatus
|-damage|p1a: Eternatus|42/100
|-boost|p2a: Yveltal|spe|1
|-damage|p2a: Yveltal|86/100|[from] item: Life Orb
|
|upkeep
|turn|23
|
|t:|1603854443
|switch|p1a: Umbreon|Umbreon, F|53/100
|-damage|p1a: Umbreon|41/100|[from] Stealth Rock
|move|p2a: Yveltal|Max Darkness|p1a: Umbreon
|-resisted|p1a: Umbreon
|-damage|p1a: Umbreon|0 fnt
|-damage|p2a: Yveltal|81/100|[from] item: Life Orb
|faint|p1a: Umbreon
|
|upkeep
|
|t:|1603854449
|switch|p1a: Ho-Oh|Ho-Oh|100/100 tox
|turn|24
|
|t:|1603854455
|-start|p1a: Ho-Oh|Dynamax
|-heal|p1a: Ho-Oh|100/100 tox|[silent]
|move|p1a: Ho-Oh|Max Guard|p1a: Ho-Oh
|-singleturn|p1a: Ho-Oh|Max Guard
|move|p2a: Yveltal|Max Darkness|p1a: Ho-Oh
|-activate|p1a: Ho-Oh|move: Max Guard
|
|-damage|p1a: Ho-Oh|97/100 tox|[from] psn
|-end|p2a: Yveltal|Dynamax
|-heal|p2a: Yveltal|81/100|[silent]
|upkeep
|turn|25
|
|t:|1603854460
|switch|p2a: Dialga|Dialga|34/100
|-ability|p2a: Dialga|Pressure
|move|p1a: Ho-Oh|Max Flare|p2a: Dialga
|-damage|p2a: Dialga|0 fnt
|-weather|SunnyDay
|faint|p2a: Dialga
|
|-weather|SunnyDay|[upkeep]
|-damage|p1a: Ho-Oh|91/100 tox|[from] psn
|upkeep
|j| NoHatePlz28
|
|t:|1603854465
|switch|p2a: Ditto|Ditto|100/100
|-status|p2a: Ditto|psn
|-transform|p2a: Ditto|p1a: Ho-Oh|[from] ability: Imposter
|turn|26
|
|t:|1603854480
|move|p2a: Ditto|Roost||[still]
|-fail|p2a: Ditto|heal
|move|p1a: Ho-Oh|Max Flare|p2a: Ditto
|-resisted|p2a: Ditto
|-damage|p2a: Ditto|66/100 psn
|
|-weather|SunnyDay|[upkeep]
|-damage|p2a: Ditto|54/100 psn|[from] psn
|-damage|p1a: Ho-Oh|82/100 tox|[from] psn
|-end|p1a: Ho-Oh|Dynamax
|-heal|p1a: Ho-Oh|82/100 tox|[silent]
|upkeep
|turn|27
|
|t:|1603854486
|switch|p2a: Giratina|Giratina-Origin|100/100
|switch|p1a: Eternatus|Eternatus|42/100
|-damage|p1a: Eternatus|29/100|[from] Stealth Rock
|-ability|p1a: Eternatus|Pressure
|
|-weather|SunnyDay|[upkeep]
|upkeep
|turn|28
|
|t:|1603854491
|move|p2a: Giratina|Shadow Sneak|p1a: Eternatus
|-damage|p1a: Eternatus|11/100
|move|p1a: Eternatus|Recover|p1a: Eternatus
|-heal|p1a: Eternatus|61/100
|
|-weather|SunnyDay|[upkeep]
|upkeep
|turn|29
|
|t:|1603854495
|switch|p2a: Zacian|Zacian-Crowned|100/100
|-ability|p2a: Zacian|Intrepid Sword|boost
|-boost|p2a: Zacian|atk|1
|move|p1a: Eternatus|Dynamax Cannon|p2a: Zacian
|-immune|p2a: Zacian
|
|-weather|none
|upkeep
|turn|30
|
|t:|1603854500
|switch|p2a: Yveltal|Yveltal|81/100
|-ability|p2a: Yveltal|Dark Aura
|switch|p1a: Shedinja|Shedinja|100/100
|
|upkeep
|turn|31
|
|t:|1603854503
|switch|p1a: Eternatus|Eternatus|61/100
|-damage|p1a: Eternatus|48/100|[from] Stealth Rock
|-ability|p1a: Eternatus|Pressure
|move|p2a: Yveltal|Knock Off|p1a: Eternatus
|-damage|p1a: Eternatus|5/100
|-damage|p2a: Yveltal|71/100|[from] item: Life Orb
|
|upkeep
|turn|32
|
|t:|1603854511
|switch|p2a: Zacian|Zacian-Crowned|100/100
|-ability|p2a: Zacian|Intrepid Sword|boost
|-boost|p2a: Zacian|atk|1
|move|p1a: Eternatus|Recover|p1a: Eternatus
|-heal|p1a: Eternatus|55/100
|
|upkeep
|turn|33
|
|t:|1603854516
|switch|p1a: Ho-Oh|Ho-Oh|100/100 tox
|move|p2a: Zacian|Behemoth Blade|p1a: Ho-Oh
|-resisted|p1a: Ho-Oh
|-damage|p1a: Ho-Oh|72/100 tox
|
|-damage|p1a: Ho-Oh|66/100 tox|[from] psn
|upkeep
|turn|34
|
|t:|1603854521
|switch|p2a: Giratina|Giratina-Origin|100/100
|move|p1a: Ho-Oh|Sacred Fire|p2a: Giratina
|-resisted|p2a: Giratina
|-damage|p2a: Giratina|87/100
|-status|p2a: Giratina|brn
|
|-damage|p1a: Ho-Oh|54/100 tox|[from] psn
|-damage|p2a: Giratina|80/100 brn|[from] brn
|upkeep
|turn|35
|
|t:|1603854529
|switch|p1a: Calyrex|Calyrex-Shadow|100/100
|-ability|p1a: Calyrex|As One
|-ability|p1a: Calyrex|Unnerve|p2: I Crit My Panties
|-damage|p1a: Calyrex|88/100|[from] Stealth Rock
|move|p2a: Giratina|Dragon Claw|p1a: Calyrex
|-damage|p1a: Calyrex|56/100
|
|-damage|p2a: Giratina|74/100 brn|[from] brn
|upkeep
|turn|36
|
|t:|1603854550
|switch|p1a: Eternatus|Eternatus|55/100
|-damage|p1a: Eternatus|43/100|[from] Stealth Rock
|-ability|p1a: Eternatus|Pressure
|move|p2a: Giratina|Shadow Sneak|p1a: Eternatus
|-damage|p1a: Eternatus|33/100
|
|-damage|p2a: Giratina|68/100 brn|[from] brn
|upkeep
|turn|37
|
|t:|1603854554
|switch|p2a: Zacian|Zacian-Crowned|100/100
|-ability|p2a: Zacian|Intrepid Sword|boost
|-boost|p2a: Zacian|atk|1
|move|p1a: Eternatus|Recover|p1a: Eternatus
|-heal|p1a: Eternatus|83/100
|
|upkeep
|turn|38
|
|t:|1603854559
|switch|p2a: Yveltal|Yveltal|71/100
|-ability|p2a: Yveltal|Dark Aura
|switch|p1a: Shedinja|Shedinja|100/100
|
|upkeep
|turn|39
|
|t:|1603854562
|switch|p1a: Eternatus|Eternatus|83/100
|-damage|p1a: Eternatus|70/100|[from] Stealth Rock
|-ability|p1a: Eternatus|Pressure
|move|p2a: Yveltal|Oblivion Wing|p1a: Eternatus
|-damage|p1a: Eternatus|30/100
|-heal|p2a: Yveltal|100/100|[from] drain|[of] p1a: Eternatus
|-damage|p2a: Yveltal|91/100|[from] item: Life Orb
|
|upkeep
|turn|40
|
|t:|1603854572
|move|p1a: Eternatus|Recover|p1a: Eternatus
|-heal|p1a: Eternatus|80/100
|move|p2a: Yveltal|Oblivion Wing|p1a: Eternatus
|-damage|p1a: Eternatus|45/100
|-heal|p2a: Yveltal|100/100|[from] drain|[of] p1a: Eternatus
|-damage|p2a: Yveltal|91/100|[from] item: Life Orb
|
|upkeep
|turn|41
|
|t:|1603854577
|move|p1a: Eternatus|Recover|p1a: Eternatus
|-heal|p1a: Eternatus|95/100
|move|p2a: Yveltal|Oblivion Wing|p1a: Eternatus
|-damage|p1a: Eternatus|57/100
|-heal|p2a: Yveltal|100/100|[from] drain|[of] p1a: Eternatus
|-damage|p2a: Yveltal|91/100|[from] item: Life Orb
|
|upkeep
|turn|42
|
|t:|1603854583
|switch|p2a: Zacian|Zacian-Crowned|100/100
|-ability|p2a: Zacian|Intrepid Sword|boost
|-boost|p2a: Zacian|atk|1
|move|p1a: Eternatus|Flamethrower|p2a: Zacian
|-supereffective|p2a: Zacian
|-damage|p2a: Zacian|37/100
|
|upkeep
|turn|43
|
|t:|1603854594
|switch|p2a: Yveltal|Yveltal|91/100
|-ability|p2a: Yveltal|Dark Aura
|switch|p1a: Ho-Oh|Ho-Oh|87/100 tox
|
|-damage|p1a: Ho-Oh|81/100 tox|[from] psn
|upkeep
|turn|44
|
|t:|1603854600
|move|p2a: Yveltal|Knock Off|p1a: Ho-Oh
|-crit|p1a: Ho-Oh
|-damage|p1a: Ho-Oh|3/100 tox
|-enditem|p1a: Ho-Oh|Heavy-Duty Boots|[from] move: Knock Off|[of] p2a: Yveltal
|-damage|p2a: Yveltal|81/100|[from] item: Life Orb
|move|p1a: Ho-Oh|Sacred Fire|p2a: Yveltal
|-damage|p2a: Yveltal|34/100
|
|-damage|p1a: Ho-Oh|0 fnt|[from] psn
|faint|p1a: Ho-Oh
|upkeep
|
|t:|1603854608
|switch|p1a: Eternatus|Eternatus|57/100
|-damage|p1a: Eternatus|45/100|[from] Stealth Rock
|-ability|p1a: Eternatus|Pressure
|turn|45
|
|t:|1603854617
|switch|p2a: Ditto|Ditto|87/100 psn
|-transform|p2a: Ditto|p1a: Eternatus|[from] ability: Imposter
|-ability|p2a: Ditto|Pressure
|move|p1a: Eternatus|Dynamax Cannon|p2a: Ditto
|-supereffective|p2a: Ditto
|-damage|p2a: Ditto|0 fnt
|faint|p2a: Ditto
|
|upkeep
|
|t:|1603854622
|switch|p2a: Xerneas|Xerneas|100/100
|-status|p2a: Xerneas|psn
|-ability|p2a: Xerneas|Fairy Aura
|turn|46
|
|t:|1603854627
|switch|p2a: Yveltal|Yveltal|34/100
|-ability|p2a: Yveltal|Dark Aura
|move|p1a: Eternatus|Recover|p1a: Eternatus
|-heal|p1a: Eternatus|95/100
|
|upkeep
|turn|47
|
|t:|1603854630
|switch|p2a: Xerneas|Xerneas|100/100 psn
|-ability|p2a: Xerneas|Fairy Aura
|move|p1a: Eternatus|Dynamax Cannon|p2a: Xerneas
|-immune|p2a: Xerneas
|
|-damage|p2a: Xerneas|88/100 psn|[from] psn
|upkeep
|turn|48
|
|t:|1603854640
|move|p1a: Eternatus|Flamethrower|p2a: Xerneas
|-damage|p2a: Xerneas|57/100 psn
|move|p2a: Xerneas|Moonblast|p1a: Eternatus
|-damage|p1a: Eternatus|42/100
|-unboost|p1a: Eternatus|spa|1
|
|-damage|p2a: Xerneas|45/100 psn|[from] psn
|upkeep
|turn|49
|
|t:|1603854648
|move|p1a: Eternatus|Recover|p1a: Eternatus
|-heal|p1a: Eternatus|92/100
|move|p2a: Xerneas|Geomancy||[still]
|-prepare|p2a: Xerneas|Geomancy
|-enditem|p2a: Xerneas|Power Herb
|-anim|p2a: Xerneas|Geomancy|p2a: Xerneas
|-boost|p2a: Xerneas|spa|2
|-boost|p2a: Xerneas|spd|2
|-boost|p2a: Xerneas|spe|2
|
|-damage|p2a: Xerneas|33/100 psn|[from] psn
|upkeep
|turn|50
|
|t:|1603854652
|switch|p2a: Yveltal|Yveltal|34/100
|-ability|p2a: Yveltal|Dark Aura
|switch|p1a: Shedinja|Shedinja|100/100
|
|upkeep
|turn|51
|
|t:|1603854655
|switch|p1a: Eternatus|Eternatus|92/100
|-damage|p1a: Eternatus|80/100|[from] Stealth Rock
|-ability|p1a: Eternatus|Pressure
|move|p2a: Yveltal|Oblivion Wing|p1a: Eternatus
|-damage|p1a: Eternatus|43/100
|-heal|p2a: Yveltal|68/100|[from] drain|[of] p1a: Eternatus
|-damage|p2a: Yveltal|58/100|[from] item: Life Orb
|
|upkeep
|turn|52
|
|t:|1603854661
|switch|p2a: Zacian|Zacian-Crowned|37/100
|-ability|p2a: Zacian|Intrepid Sword|boost
|-boost|p2a: Zacian|atk|1
|move|p1a: Eternatus|Recover|p1a: Eternatus
|-heal|p1a: Eternatus|93/100
|
|upkeep
|turn|53
|
|t:|1603854665
|switch|p1a: Shedinja|Shedinja|100/100
|move|p2a: Zacian|Psychic Fangs|p1a: Shedinja
|-immune|p1a: Shedinja|[from] ability: Wonder Guard
|
|upkeep
|turn|54
|
|t:|1603854674
|switch|p2a: Yveltal|Yveltal|58/100
|-ability|p2a: Yveltal|Dark Aura
|move|p1a: Shedinja|X-Scissor|p2a: Yveltal
|-damage|p2a: Yveltal|22/100
|
|upkeep
|turn|55
|
|t:|1603854680
|switch|p1a: Eternatus|Eternatus|93/100
|-damage|p1a: Eternatus|81/100|[from] Stealth Rock
|-ability|p1a: Eternatus|Pressure
|move|p2a: Yveltal|Oblivion Wing|p1a: Eternatus
|-damage|p1a: Eternatus|43/100
|-heal|p2a: Yveltal|57/100|[from] drain|[of] p1a: Eternatus
|-damage|p2a: Yveltal|48/100|[from] item: Life Orb
|
|upkeep
|turn|56
|
|t:|1603854686
|move|p1a: Eternatus|Dynamax Cannon|p2a: Yveltal
|-damage|p2a: Yveltal|0 fnt
|faint|p2a: Yveltal
|
|upkeep
|
|t:|1603854690
|switch|p2a: Xerneas|Xerneas|33/100 psn
|-ability|p2a: Xerneas|Fairy Aura
|turn|57
|-message|I Crit My Panties forfeited.
|
|win|fearofmonoteam
|l|☆I Crit My Panties
|raw|fearofmonoteam's rating: 1638 &rarr; <strong>1649</strong><br />(+11 for winning)
|raw|I Crit My Panties's rating: 1469 &rarr; <strong>1458</strong><br />(-11 for losing)
