|j|☆4125al41
|j|☆dripstain
|inactive|Battle timer is ON: inactive players will automatically lose when time's up.
|t:|1647731507
|gametype|singles
|player|p1|4125al41|steven|
|player|p2|dripstain|li|
|teamsize|p1|6
|teamsize|p2|6
|gen|8
|tier|[Gen 8] Ubers
|rated|Tournament battle
|rule|Sleep Clause Mod: Limit one foe put to sleep
|rule|Species Clause: Limit one of each Pokémon
|rule|OHKO Clause: OHKO moves are banned
|rule|Evasion Moves Clause: Evasion moves are banned
|rule|Endless Battle Clause: Forcing endless battles is banned
|rule|HP Percentage Mod: HP is shown in percentages
|rule|Dynamax Clause: You cannot dynamax
|clearpoke
|poke|p1|Marshadow|
|poke|p1|Eternatus|
|poke|p1|Ho-Oh|
|poke|p1|Groudon|
|poke|p1|Darmanitan-Galar, F|
|poke|p1|Xerneas-*|
|poke|p2|Landorus-Therian, M|
|poke|p2|Marshadow|
|poke|p2|Kyogre|
|poke|p2|Eternatus|
|poke|p2|Yveltal|
|poke|p2|Necrozma-Dusk-Mane|
|teampreview
|j|*Lady Monita ❄
|
|t:|1647731522
|start
|switch|p1a: Darmanitan|Darmanitan-Galar, F|100/100
|switch|p2a: Landorus|Landorus-Therian, M|100/100
|-ability|p2a: Landorus|Intimidate|boost
|-unboost|p1a: Darmanitan|atk|1
|turn|1
|
|t:|1647731526
|move|p1a: Darmanitan|U-turn|p2a: Landorus
|-resisted|p2a: Landorus
|-damage|p2a: Landorus|85/100
|
|t:|1647731533
|switch|p1a: Groudon|Groudon|100/100|[from]move: U-turn
|-weather|SunnyDay|[from] ability: Drought|[of] p1a: Groudon
|move|p2a: Landorus|Stealth Rock|p1a: Groudon
|-sidestart|p1: 4125al41|move: Stealth Rock
|
|-weather|SunnyDay|[upkeep]
|upkeep
|turn|2
|
|t:|1647731536
|move|p2a: Landorus|Toxic|p1a: Groudon
|-status|p1a: Groudon|tox
|move|p1a: Groudon|Stealth Rock|p2a: Landorus
|-sidestart|p2: dripstain|move: Stealth Rock
|
|-weather|SunnyDay|[upkeep]
|-damage|p1a: Groudon|94/100 tox|[from] psn
|upkeep
|turn|3
|
|t:|1647731542
|switch|p1a: Xerneas|Xerneas|100/100
|-damage|p1a: Xerneas|88/100|[from] Stealth Rock
|-ability|p1a: Xerneas|Fairy Aura
|move|p2a: Landorus|U-turn|p1a: Xerneas
|-resisted|p1a: Xerneas
|-damage|p1a: Xerneas|78/100
|j| ANoobWithoutANameツ
|
|t:|1647731556
|switch|p2a: Necrozma|Necrozma-Dusk-Mane|100/100|[from]move: U-turn
|-damage|p2a: Necrozma|94/100|[from] Stealth Rock
|
|-weather|SunnyDay|[upkeep]
|upkeep
|turn|4
|
|t:|1647731563
|switch|p1a: Groudon|Groudon|94/100 tox
|-damage|p1a: Groudon|88/100 tox|[from] Stealth Rock
|switch|p2a: Yveltal|Yveltal|100/100
|-ability|p2a: Yveltal|Dark Aura
|
|-weather|SunnyDay|[upkeep]
|-heal|p1a: Groudon|94/100 tox|[from] item: Leftovers
|-damage|p1a: Groudon|88/100 tox|[from] psn
|upkeep
|turn|5
|
|t:|1647731567
|move|p2a: Yveltal|Defog|p1a: Groudon
|-unboost|p1a: Groudon|evasion|1
|-sideend|p1: 4125al41|Stealth Rock|[from] move: Defog|[of] p2a: Yveltal
|-sideend|p2: dripstain|Stealth Rock|[from] move: Defog|[of] p2a: Yveltal
|move|p1a: Groudon|Thunder Wave|p2a: Yveltal
|-status|p2a: Yveltal|par
|
|-weather|none
|-heal|p1a: Groudon|94/100 tox|[from] item: Leftovers
|-damage|p1a: Groudon|82/100 tox|[from] psn
|upkeep
|turn|6
|
|t:|1647731570
|move|p1a: Groudon|Stealth Rock|p2a: Yveltal
|-sidestart|p2: dripstain|move: Stealth Rock
|move|p2a: Yveltal|Knock Off|p1a: Groudon
|-damage|p1a: Groudon|56/100 tox
|-enditem|p1a: Groudon|Leftovers|[from] move: Knock Off|[of] p2a: Yveltal
|
|-damage|p1a: Groudon|37/100 tox|[from] psn
|upkeep
|turn|7
|
|t:|1647731577
|switch|p1a: Darmanitan|Darmanitan-Galar, F|100/100
|move|p2a: Yveltal|Defog|p1a: Darmanitan
|-unboost|p1a: Darmanitan|evasion|1
|-sideend|p2: dripstain|Stealth Rock|[from] move: Defog|[of] p2a: Yveltal
|
|upkeep
|turn|8
|
|t:|1647731583
|switch|p2a: Landorus|Landorus-Therian, M|85/100
|-ability|p2a: Landorus|Intimidate|boost
|-unboost|p1a: Darmanitan|atk|1
|move|p1a: Darmanitan|U-turn|p2a: Landorus
|-resisted|p2a: Landorus
|-damage|p2a: Landorus|71/100
|
|t:|1647731592
|switch|p1a: Xerneas|Xerneas|78/100|[from]move: U-turn
|-ability|p1a: Xerneas|Fairy Aura
|
|upkeep
|turn|9
|
|t:|1647731596
|move|p2a: Landorus|Toxic|p1a: Xerneas|[miss]
|-miss|p2a: Landorus|p1a: Xerneas
|move|p1a: Xerneas|Moonblast|p2a: Landorus
|-damage|p2a: Landorus|0 fnt
|faint|p2a: Landorus
|
|upkeep
|
|t:|1647731606
|switch|p2a: Necrozma|Necrozma-Dusk-Mane|94/100
|turn|10
|
|t:|1647731612
|switch|p1a: Groudon|Groudon|37/100 tox
|-weather|SunnyDay|[from] ability: Drought|[of] p1a: Groudon
|move|p2a: Necrozma|Dragon Dance|p2a: Necrozma
|-boost|p2a: Necrozma|atk|1
|-boost|p2a: Necrozma|spe|1
|
|-weather|SunnyDay|[upkeep]
|-damage|p1a: Groudon|31/100 tox|[from] psn
|upkeep
|turn|11
|
|t:|1647731618
|switch|p1a: Ho-Oh|Ho-Oh|100/100
|move|p2a: Necrozma|Dragon Dance|p2a: Necrozma
|-boost|p2a: Necrozma|atk|1
|-boost|p2a: Necrozma|spe|1
|
|-weather|SunnyDay|[upkeep]
|upkeep
|turn|12
|
|t:|1647731628
|switch|p2a: Eternatus|Eternatus|100/100
|-ability|p2a: Eternatus|Pressure
|move|p1a: Ho-Oh|Sacred Fire|p2a: Eternatus|[miss]
|-miss|p1a: Ho-Oh|p2a: Eternatus
|
|-weather|SunnyDay|[upkeep]
|upkeep
|turn|13
|
|t:|1647731636
|switch|p1a: Eternatus|Eternatus|100/100
|-ability|p1a: Eternatus|Pressure
|move|p2a: Eternatus|Toxic|p1a: Eternatus
|-immune|p1a: Eternatus
|
|-weather|SunnyDay|[upkeep]
|upkeep
|turn|14
|
|t:|1647731644
|move|p1a: Eternatus|Dynamax Cannon|p2a: Eternatus
|-supereffective|p2a: Eternatus
|-damage|p2a: Eternatus|32/100
|move|p2a: Eternatus|Dynamax Cannon|p1a: Eternatus
|-supereffective|p1a: Eternatus
|-damage|p1a: Eternatus|27/100
|
|-weather|none
|upkeep
|turn|15
|
|t:|1647731650
|move|p1a: Eternatus|Dynamax Cannon|p2a: Eternatus
|-supereffective|p2a: Eternatus
|-damage|p2a: Eternatus|0 fnt
|faint|p2a: Eternatus
|
|upkeep
|
|t:|1647731657
|switch|p2a: Necrozma|Necrozma-Dusk-Mane|94/100
|turn|16
|
|t:|1647731663
|switch|p1a: Groudon|Groudon|31/100 tox
|-weather|SunnyDay|[from] ability: Drought|[of] p1a: Groudon
|move|p2a: Necrozma|Dragon Dance|p2a: Necrozma
|-boost|p2a: Necrozma|atk|1
|-boost|p2a: Necrozma|spe|1
|
|-weather|SunnyDay|[upkeep]
|-damage|p1a: Groudon|25/100 tox|[from] psn
|upkeep
|turn|17
|
|t:|1647731670
|move|p2a: Necrozma|Knock Off|p1a: Groudon
|-damage|p1a: Groudon|5/100 tox
|move|p1a: Groudon|Stealth Rock|p2a: Necrozma
|-sidestart|p2: dripstain|move: Stealth Rock
|
|-weather|SunnyDay|[upkeep]
|-damage|p1a: Groudon|0 fnt|[from] psn
|faint|p1a: Groudon
|upkeep
|
|t:|1647731682
|switch|p1a: Darmanitan|Darmanitan-Galar, F|100/100
|turn|18
|
|t:|1647731687
|switch|p2a: Kyogre|Kyogre|100/100
|-damage|p2a: Kyogre|88/100|[from] Stealth Rock
|-weather|RainDance|[from] ability: Drizzle|[of] p2a: Kyogre
|move|p1a: Darmanitan|Fire Blast|p2a: Kyogre
|-resisted|p2a: Kyogre
|-crit|p2a: Kyogre
|-damage|p2a: Kyogre|86/100
|
|-weather|RainDance|[upkeep]
|upkeep
|turn|19
|
|t:|1647731696
|switch|p1a: Ho-Oh|Ho-Oh|100/100
|move|p2a: Kyogre|Thunder Wave|p1a: Ho-Oh
|-status|p1a: Ho-Oh|par
|
|-weather|RainDance|[upkeep]
|upkeep
|turn|20
|
|t:|1647731700
|move|p2a: Kyogre|Origin Pulse|p1a: Ho-Oh
|-supereffective|p1a: Ho-Oh
|-damage|p1a: Ho-Oh|0 fnt
|faint|p1a: Ho-Oh
|
|-weather|RainDance|[upkeep]
|upkeep
|j| mbm99
|
|t:|1647731723
|switch|p1a: Eternatus|Eternatus|27/100
|-ability|p1a: Eternatus|Pressure
|turn|21
|
|t:|1647731729
|move|p1a: Eternatus|Meteor Beam||[still]
|-prepare|p1a: Eternatus|Meteor Beam
|-boost|p1a: Eternatus|spa|1
|-enditem|p1a: Eternatus|Power Herb
|-anim|p1a: Eternatus|Meteor Beam|p2a: Kyogre
|-damage|p2a: Kyogre|40/100
|move|p2a: Kyogre|Thunder Wave|p1a: Eternatus
|-status|p1a: Eternatus|par
|
|-weather|RainDance|[upkeep]
|upkeep
|turn|22
|
|t:|1647731734
|move|p2a: Kyogre|Ice Beam|p1a: Eternatus
|-supereffective|p1a: Eternatus
|-damage|p1a: Eternatus|0 fnt
|faint|p1a: Eternatus
|
|-weather|none
|upkeep
|
|t:|1647731740
|switch|p1a: tensa-zangetsu|Marshadow|100/100
|turn|23
|
|t:|1647731747
|move|p1a: tensa-zangetsu|Close Combat|p2a: Kyogre
|-damage|p2a: Kyogre|0 fnt
|-unboost|p1a: tensa-zangetsu|def|1
|-unboost|p1a: tensa-zangetsu|spd|1
|faint|p2a: Kyogre
|
|upkeep
|
|t:|1647731751
|switch|p2a: Yveltal|Yveltal|100/100 par
|-ability|p2a: Yveltal|Dark Aura
|turn|24
|
|t:|1647731754
|switch|p1a: Xerneas|Xerneas|78/100
|-ability|p1a: Xerneas|Fairy Aura
|move|p2a: Yveltal|Defog|p1a: Xerneas
|-unboost|p1a: Xerneas|evasion|1
|-sideend|p2: dripstain|Stealth Rock|[from] move: Defog|[of] p2a: Yveltal
|
|upkeep
|turn|25
|
|t:|1647731766
|switch|p2a: Necrozma|Necrozma-Dusk-Mane|94/100
|move|p1a: Xerneas|Geomancy||[still]
|-prepare|p1a: Xerneas|Geomancy
|-enditem|p1a: Xerneas|Power Herb
|-anim|p1a: Xerneas|Geomancy|p1a: Xerneas
|-boost|p1a: Xerneas|spa|2
|-boost|p1a: Xerneas|spd|2
|-boost|p1a: Xerneas|spe|2
|
|upkeep
|turn|26
|
|t:|1647731769
|move|p1a: Xerneas|Thunder|p2a: Necrozma
|-damage|p2a: Necrozma|25/100
|-status|p2a: Necrozma|par
|cant|p2a: Necrozma|par
|
|upkeep
|turn|27
|l| mbm99
|
|t:|1647731786
|move|p1a: Xerneas|Moonblast|p2a: Necrozma
|-resisted|p2a: Necrozma
|-damage|p2a: Necrozma|0 fnt
|faint|p2a: Necrozma
|
|upkeep
|
|t:|1647731788
|switch|p2a: Marshadow|Marshadow|100/100
|turn|28
|
|t:|1647731792
|move|p1a: Xerneas|Moonblast|p2a: Marshadow
|-supereffective|p2a: Marshadow
|-enditem|p2a: Marshadow|Focus Sash
|-damage|p2a: Marshadow|1/100
|move|p2a: Marshadow|Spectral Thief||[still]
|-clearpositiveboost|p1a: Xerneas|p2a: Marshadow|move: Spectral Thief
|-boost|p2a: Marshadow|spa|2
|-boost|p2a: Marshadow|spd|2
|-boost|p2a: Marshadow|spe|2
|-anim|p2a: Marshadow|Spectral Thief|p1a: Xerneas
|-damage|p1a: Xerneas|35/100
|
|upkeep
|turn|29
|
|t:|1647731802
|move|p2a: Marshadow|Spectral Thief|p1a: Xerneas
|-damage|p1a: Xerneas|0 fnt
|faint|p1a: Xerneas
|
|upkeep
|
|t:|1647731804
|switch|p1a: tensa-zangetsu|Marshadow|100/100
|turn|30
|
|t:|1647731808
|move|p2a: Marshadow|Shadow Sneak|p1a: tensa-zangetsu
|-supereffective|p1a: tensa-zangetsu
|-damage|p1a: tensa-zangetsu|9/100
|move|p1a: tensa-zangetsu|Spectral Thief||[still]
|-clearpositiveboost|p2a: Marshadow|p1a: tensa-zangetsu|move: Spectral Thief
|-boost|p1a: tensa-zangetsu|spa|2
|-boost|p1a: tensa-zangetsu|spd|2
|-boost|p1a: tensa-zangetsu|spe|2
|-anim|p1a: tensa-zangetsu|Spectral Thief|p2a: Marshadow
|-supereffective|p2a: Marshadow
|-damage|p2a: Marshadow|0 fnt
|faint|p2a: Marshadow
|
|upkeep
|c|☆dripstain|Gg
|-message|dripstain forfeited.
|
|win|4125al41
|n|☆4125al41|4125al41
|n|☆dripstain|dripstain
|n|*Lady Monita ❄|ladymonita
|n| ANoobWithoutANameツ|anoobwithoutaname
