|j|☆bergurz8
|j|☆Magikarp4000
|t:|1617343474
|gametype|singles
|player|p1|bergurz8|102|1577
|player|p2|Magikarp4000|steven|1599
|teamsize|p1|6
|teamsize|p2|6
|gen|8
|tier|[Gen 8] Ubers
|rated|
|clearpoke
|poke|p1|Palkia|
|poke|p1|Necrozma-Dusk-Mane|
|poke|p1|Yveltal|
|poke|p1|Xerneas|
|poke|p1|Pheromosa|
|poke|p1|Eternatus|
|poke|p2|Yveltal|
|poke|p2|Eternatus|
|poke|p2|Necrozma-Dusk-Mane|
|poke|p2|Ho-Oh|
|poke|p2|Zacian|
|poke|p2|Calyrex-Shadow|
|rule|Sleep Clause Mod: Limit one foe put to sleep
|rule|Species Clause: Limit one of each Pokémon
|rule|OHKO Clause: OHKO moves are banned
|rule|Evasion Moves Clause: Evasion moves are banned
|rule|Endless Battle Clause: Forcing endless battles is banned
|rule|HP Percentage Mod: HP is shown in percentages
|rule|Dynamax Clause: You cannot dynamax
|teampreview
|c|☆Magikarp4000|glhf
|
|t:|1617343486
|start
|switch|p1a: Pheromosa|Pheromosa|100/100
|switch|p2a: Yveltal|Yveltal|100/100
|-ability|p2a: Yveltal|Dark Aura
|turn|1
|c|☆bergurz8|gl
|
|t:|1617343493
|move|p1a: Pheromosa|Triple Axel|p2a: Yveltal
|-supereffective|p2a: Yveltal
|-damage|p2a: Yveltal|81/100
|-hitcount|p2a: Yveltal|1
|move|p2a: Yveltal|Knock Off|p1a: Pheromosa
|-resisted|p1a: Pheromosa
|-damage|p1a: Pheromosa|27/100
|-enditem|p1a: Pheromosa|Choice Band|[from] move: Knock Off|[of] p2a: Yveltal
|
|upkeep
|turn|2
|j| Zehir_bulutu
|
|t:|1617343502
|move|p2a: Yveltal|Sucker Punch|p1a: Pheromosa
|-resisted|p1a: Pheromosa
|-damage|p1a: Pheromosa|0 fnt
|faint|p1a: Pheromosa
|
|upkeep
|
|t:|1617343511
|switch|p1a: Xerneas|Xerneas|100/100
|-ability|p1a: Xerneas|Fairy Aura
|turn|3
|
|t:|1617343524
|switch|p2a: Necrozma|Necrozma-Dusk-Mane|100/100
|switch|p1a: Palkia|Palkia|100/100
|-ability|p1a: Palkia|Pressure
|
|upkeep
|turn|4
|
|t:|1617343546
|move|p1a: Palkia|Surf|p2a: Necrozma
|-damage|p2a: Necrozma|47/100
|move|p2a: Necrozma|Knock Off|p1a: Palkia
|-damage|p1a: Palkia|71/100
|-enditem|p1a: Palkia|Lustrous Orb|[from] move: Knock Off|[of] p2a: Necrozma
|
|upkeep
|turn|5
|
|t:|1617343588
|switch|p2a: Ho-Oh|Ho-Oh|100/100
|move|p1a: Palkia|Spacial Rend|p2a: Ho-Oh
|-damage|p2a: Ho-Oh|72/100
|
|upkeep
|turn|6
|inactive|Battle timer is ON: inactive players will automatically lose when time's up. (requested by Magikarp4000)
|
|t:|1617343619
|move|p1a: Palkia|Surf|p2a: Ho-Oh
|-supereffective|p2a: Ho-Oh
|-damage|p2a: Ho-Oh|22/100
|move|p2a: Ho-Oh|Thunder Wave|p1a: Palkia
|-status|p1a: Palkia|par
|
|upkeep
|turn|7
|
|t:|1617343626
|move|p2a: Ho-Oh|Roost|p2a: Ho-Oh
|-heal|p2a: Ho-Oh|73/100
|-singleturn|p2a: Ho-Oh|move: Roost
|move|p1a: Palkia|Surf|p2a: Ho-Oh
|-supereffective|p2a: Ho-Oh
|-damage|p2a: Ho-Oh|23/100
|
|upkeep
|turn|8
|
|t:|1617343632
|move|p2a: Ho-Oh|Roost|p2a: Ho-Oh
|-heal|p2a: Ho-Oh|73/100
|-singleturn|p2a: Ho-Oh|move: Roost
|move|p1a: Palkia|Surf|p2a: Ho-Oh
|-supereffective|p2a: Ho-Oh
|-damage|p2a: Ho-Oh|25/100
|
|upkeep
|turn|9
|
|t:|1617343651
|move|p2a: Ho-Oh|Roost|p2a: Ho-Oh
|-heal|p2a: Ho-Oh|75/100
|-singleturn|p2a: Ho-Oh|move: Roost
|cant|p1a: Palkia|par
|
|upkeep
|turn|10
|l| Zehir_bulutu
|
|t:|1617343672
|switch|p2a: Zacian|Zacian|100/100
|-ability|p2a: Zacian|Intrepid Sword|boost
|-boost|p2a: Zacian|atk|1
|switch|p1a: Eternatus|Eternatus|100/100
|-ability|p1a: Eternatus|Pressure
|
|upkeep
|turn|11
|
|t:|1617343682
|switch|p2a: Ho-Oh|Ho-Oh|100/100
|move|p1a: Eternatus|Sludge Wave|p2a: Ho-Oh
|-damage|p2a: Ho-Oh|82/100
|
|upkeep
|turn|12
|
|t:|1617343695
|move|p1a: Eternatus|Sludge Wave|p2a: Ho-Oh
|-damage|p2a: Ho-Oh|60/100
|-status|p2a: Ho-Oh|psn
|move|p2a: Ho-Oh|Thunder Wave|p1a: Eternatus
|-status|p1a: Eternatus|par
|
|-damage|p2a: Ho-Oh|48/100 psn|[from] psn
|upkeep
|turn|13
|
|t:|1617343707
|move|p2a: Ho-Oh|Roost|p2a: Ho-Oh
|-heal|p2a: Ho-Oh|98/100 psn
|-singleturn|p2a: Ho-Oh|move: Roost
|cant|p1a: Eternatus|par
|
|-damage|p2a: Ho-Oh|86/100 psn|[from] psn
|upkeep
|turn|14
|
|t:|1617343714
|switch|p2a: Yveltal|Yveltal|81/100
|-ability|p2a: Yveltal|Dark Aura
|move|p1a: Eternatus|Dynamax Cannon|p2a: Yveltal
|-damage|p2a: Yveltal|47/100
|
|upkeep
|turn|15
|
|t:|1617343721
|switch|p1a: Xerneas|Xerneas|100/100
|-ability|p1a: Xerneas|Fairy Aura
|move|p2a: Yveltal|Knock Off|p1a: Xerneas
|-resisted|p1a: Xerneas
|-damage|p1a: Xerneas|84/100
|-enditem|p1a: Xerneas|Leftovers|[from] move: Knock Off|[of] p2a: Yveltal
|
|upkeep
|turn|16
|
|t:|1617343731
|switch|p2a: Eternatus|Eternatus|100/100
|-ability|p2a: Eternatus|Pressure
|move|p1a: Xerneas|Aromatherapy|p1a: Xerneas
|-activate|p1a: Xerneas|move: Aromatherapy
|-curestatus|p1: Eternatus|par|[msg]
|-curestatus|p1: Palkia|par|[msg]
|
|upkeep
|turn|17
|
|t:|1617343739
|switch|p1a: Necrozma|Necrozma-Dusk-Mane|100/100
|move|p2a: Eternatus|Mystical Fire|p1a: Necrozma
|-supereffective|p1a: Necrozma
|-damage|p1a: Necrozma|81/100
|-unboost|p1a: Necrozma|spa|1
|
|-heal|p1a: Necrozma|87/100|[from] item: Leftovers
|upkeep
|turn|18
|
|t:|1617343755
|switch|p2a: Yveltal|Yveltal|47/100
|-ability|p2a: Yveltal|Dark Aura
|move|p1a: Necrozma|Stealth Rock|p2a: Yveltal
|-sidestart|p2: Magikarp4000|move: Stealth Rock
|
|-heal|p1a: Necrozma|93/100|[from] item: Leftovers
|upkeep
|turn|19
|
|t:|1617343764
|move|p2a: Yveltal|Taunt|p1a: Necrozma
|-start|p1a: Necrozma|move: Taunt
|cant|p1a: Necrozma|move: Taunt|Thunder Wave
|
|-heal|p1a: Necrozma|99/100|[from] item: Leftovers
|upkeep
|turn|20
|
|t:|1617343777
|switch|p2a: Necrozma|Necrozma-Dusk-Mane|47/100
|-damage|p2a: Necrozma|41/100|[from] Stealth Rock
|move|p1a: Necrozma|Sunsteel Strike|p2a: Necrozma
|-resisted|p2a: Necrozma
|-damage|p2a: Necrozma|27/100
|-damage|p1a: Necrozma|82/100|[from] item: Rocky Helmet|[of] p2a: Necrozma
|
|-heal|p1a: Necrozma|88/100|[from] item: Leftovers
|upkeep
|turn|21
|
|t:|1617343784
|switch|p1a: Palkia|Palkia|71/100
|-ability|p1a: Palkia|Pressure
|move|p2a: Necrozma|Morning Sun|p2a: Necrozma
|-heal|p2a: Necrozma|77/100
|
|upkeep
|turn|22
|
|t:|1617343797
|switch|p2a: Zacian|Zacian|100/100
|-damage|p2a: Zacian|88/100|[from] Stealth Rock
|-ability|p2a: Zacian|Intrepid Sword|boost
|-boost|p2a: Zacian|atk|1
|move|p1a: Palkia|Surf|p2a: Zacian
|-damage|p2a: Zacian|33/100
|
|upkeep
|turn|23
|
|t:|1617343808
|switch|p1a: Xerneas|Xerneas|84/100
|-ability|p1a: Xerneas|Fairy Aura
|move|p2a: Zacian|Crunch|p1a: Xerneas
|-resisted|p1a: Xerneas
|-damage|p1a: Xerneas|72/100
|
|upkeep
|turn|24
|
|t:|1617343822
|switch|p2a: Eternatus|Eternatus|100/100
|-damage|p2a: Eternatus|88/100|[from] Stealth Rock
|-ability|p2a: Eternatus|Pressure
|move|p1a: Xerneas|Moonblast|p2a: Eternatus
|-damage|p2a: Eternatus|56/100
|-unboost|p2a: Eternatus|spa|1
|
|upkeep
|turn|25
|
|t:|1617343839
|switch|p1a: Eternatus|Eternatus|100/100
|-ability|p1a: Eternatus|Pressure
|move|p2a: Eternatus|Recover|p2a: Eternatus
|-heal|p2a: Eternatus|100/100
|
|upkeep
|turn|26
|
|t:|1617343849
|switch|p2a: Ho-Oh|Ho-Oh|100/100 psn
|move|p1a: Eternatus|Dynamax Cannon|p2a: Ho-Oh
|-damage|p2a: Ho-Oh|80/100 psn
|
|-damage|p2a: Ho-Oh|67/100 psn|[from] psn
|upkeep
|turn|27
|
|t:|1617343856
|switch|p1a: Palkia|Palkia|71/100
|-ability|p1a: Palkia|Pressure
|move|p2a: Ho-Oh|Thunder Wave|p1a: Palkia
|-status|p1a: Palkia|par
|
|-damage|p2a: Ho-Oh|55/100 psn|[from] psn
|upkeep
|turn|28
|
|t:|1617343864
|move|p2a: Ho-Oh|Roost|p2a: Ho-Oh
|-heal|p2a: Ho-Oh|100/100 psn
|-singleturn|p2a: Ho-Oh|move: Roost
|cant|p1a: Palkia|par
|
|-damage|p2a: Ho-Oh|88/100 psn|[from] psn
|upkeep
|turn|29
|
|t:|1617343871
|move|p2a: Ho-Oh|Defog|p1a: Palkia
|-unboost|p1a: Palkia|evasion|1
|-sideend|p2: Magikarp4000|Stealth Rock|[from] move: Defog|[of] p2a: Ho-Oh
|cant|p1a: Palkia|par
|
|-damage|p2a: Ho-Oh|76/100 psn|[from] psn
|upkeep
|turn|30
|
|t:|1617343880
|switch|p2a: Eternatus|Eternatus|100/100
|-ability|p2a: Eternatus|Pressure
|move|p1a: Palkia|Surf|p2a: Eternatus
|-resisted|p2a: Eternatus
|-damage|p2a: Eternatus|85/100
|
|upkeep
|turn|31
|
|t:|1617343889
|switch|p1a: Necrozma|Necrozma-Dusk-Mane|88/100
|move|p2a: Eternatus|Mystical Fire|p1a: Necrozma
|-supereffective|p1a: Necrozma
|-damage|p1a: Necrozma|66/100
|-unboost|p1a: Necrozma|spa|1
|
|-heal|p1a: Necrozma|72/100|[from] item: Leftovers
|upkeep
|turn|32
|
|t:|1617343896
|switch|p2a: Ho-Oh|Ho-Oh|100/100 psn
|move|p1a: Necrozma|Thunder Wave||[still]
|-fail|p1a: Necrozma
|
|-heal|p1a: Necrozma|78/100|[from] item: Leftovers
|-damage|p2a: Ho-Oh|88/100 psn|[from] psn
|upkeep
|turn|33
|
|t:|1617343907
|switch|p2a: Zacian|Zacian|33/100
|-ability|p2a: Zacian|Intrepid Sword|boost
|-boost|p2a: Zacian|atk|1
|move|p1a: Necrozma|Stealth Rock|p2a: Zacian
|-sidestart|p2: Magikarp4000|move: Stealth Rock
|
|-heal|p1a: Necrozma|84/100|[from] item: Leftovers
|upkeep
|turn|34
|
|t:|1617343914
|switch|p2a: Ho-Oh|Ho-Oh|100/100 psn
|move|p1a: Necrozma|Sunsteel Strike|p2a: Ho-Oh
|-resisted|p2a: Ho-Oh
|-damage|p2a: Ho-Oh|77/100 psn
|
|-heal|p1a: Necrozma|90/100|[from] item: Leftovers
|-damage|p2a: Ho-Oh|65/100 psn|[from] psn
|upkeep
|turn|35
|
|t:|1617343921
|switch|p1a: Yveltal|Yveltal|100/100
|-ability|p1a: Yveltal|Dark Aura
|move|p2a: Ho-Oh|Defog|p1a: Yveltal
|-unboost|p1a: Yveltal|evasion|1
|-sideend|p2: Magikarp4000|Stealth Rock|[from] move: Defog|[of] p2a: Ho-Oh
|
|-damage|p2a: Ho-Oh|53/100 psn|[from] psn
|upkeep
|turn|36
|
|t:|1617343932
|move|p1a: Yveltal|Knock Off|p2a: Ho-Oh
|-damage|p2a: Ho-Oh|0 fnt
|-enditem|p2a: Ho-Oh|Heavy-Duty Boots|[from] move: Knock Off|[of] p1a: Yveltal
|faint|p2a: Ho-Oh
|
|upkeep
|
|t:|1617343937
|switch|p2a: Zacian|Zacian|33/100
|-ability|p2a: Zacian|Intrepid Sword|boost
|-boost|p2a: Zacian|atk|1
|turn|37
|
|t:|1617343943
|switch|p1a: Necrozma|Necrozma-Dusk-Mane|90/100
|move|p2a: Zacian|Play Rough|p1a: Necrozma
|-resisted|p1a: Necrozma
|-damage|p1a: Necrozma|68/100
|
|-heal|p1a: Necrozma|74/100|[from] item: Leftovers
|upkeep
|turn|38
|
|t:|1617343954
|switch|p2a: Calyrex|Calyrex-Shadow|100/100
|-ability|p2a: Calyrex|As One
|-ability|p2a: Calyrex|Unnerve
|move|p1a: Necrozma|Thunder Wave|p2a: Calyrex
|-status|p2a: Calyrex|par
|
|-heal|p1a: Necrozma|80/100|[from] item: Leftovers
|upkeep
|turn|39
|
|t:|1617343971
|switch|p2a: Zacian|Zacian|33/100
|-ability|p2a: Zacian|Intrepid Sword|boost
|-boost|p2a: Zacian|atk|1
|switch|p1a: Yveltal|Yveltal|100/100
|-ability|p1a: Yveltal|Dark Aura
|
|upkeep
|turn|40
|
|t:|1617343978
|switch|p1a: Xerneas|Xerneas|72/100
|-ability|p1a: Xerneas|Fairy Aura
|move|p2a: Zacian|Crunch|p1a: Xerneas
|-resisted|p1a: Xerneas
|-damage|p1a: Xerneas|61/100
|
|upkeep
|turn|41
|c|☆bergurz8|3 out of 3
|
|t:|1617343996
|switch|p2a: Calyrex|Calyrex-Shadow|100/100 par
|-ability|p2a: Calyrex|As One
|-ability|p2a: Calyrex|Unnerve
|move|p1a: Xerneas|Moonblast|p2a: Calyrex
|-damage|p2a: Calyrex|48/100 par
|-unboost|p2a: Calyrex|spa|1
|
|upkeep
|turn|42
|
|t:|1617344006
|switch|p2a: Necrozma|Necrozma-Dusk-Mane|77/100
|move|p1a: Xerneas|Moonblast|p2a: Necrozma
|-resisted|p2a: Necrozma
|-damage|p2a: Necrozma|55/100
|-unboost|p2a: Necrozma|spa|1
|
|upkeep
|turn|43
|
|t:|1617344027
|switch|p1a: Yveltal|Yveltal|100/100
|-ability|p1a: Yveltal|Dark Aura
|move|p2a: Necrozma|Knock Off|p1a: Yveltal
|-resisted|p1a: Yveltal
|-damage|p1a: Yveltal|83/100
|-enditem|p1a: Yveltal|Heavy-Duty Boots|[from] move: Knock Off|[of] p2a: Necrozma
|
|upkeep
|turn|44
|
|t:|1617344038
|switch|p2a: Eternatus|Eternatus|85/100
|-ability|p2a: Eternatus|Pressure
|move|p1a: Yveltal|Knock Off|p2a: Eternatus
|-damage|p2a: Eternatus|45/100
|-enditem|p2a: Eternatus|Power Herb|[from] move: Knock Off|[of] p1a: Yveltal
|
|upkeep
|turn|45
|
|t:|1617344057
|switch|p1a: Xerneas|Xerneas|61/100
|-ability|p1a: Xerneas|Fairy Aura
|move|p2a: Eternatus|Recover|p2a: Eternatus
|-heal|p2a: Eternatus|95/100
|
|upkeep
|turn|46
|
|t:|1617344062
|move|p2a: Eternatus|Mystical Fire|p1a: Xerneas
|-damage|p1a: Xerneas|42/100
|-unboost|p1a: Xerneas|spa|1
|move|p1a: Xerneas|Aromatherapy|p1a: Xerneas
|-activate|p1a: Xerneas|move: Aromatherapy
|-curestatus|p1: Palkia|par|[msg]
|
|upkeep
|turn|47
|
|t:|1617344076
|switch|p1a: Necrozma|Necrozma-Dusk-Mane|80/100
|move|p2a: Eternatus|Mystical Fire|p1a: Necrozma
|-supereffective|p1a: Necrozma
|-damage|p1a: Necrozma|57/100
|-unboost|p1a: Necrozma|spa|1
|
|-heal|p1a: Necrozma|63/100|[from] item: Leftovers
|upkeep
|turn|48
|
|t:|1617344092
|switch|p2a: Necrozma|Necrozma-Dusk-Mane|55/100
|move|p1a: Necrozma|Sunsteel Strike|p2a: Necrozma
|-resisted|p2a: Necrozma
|-damage|p2a: Necrozma|42/100
|-damage|p1a: Necrozma|46/100|[from] item: Rocky Helmet|[of] p2a: Necrozma
|
|-heal|p1a: Necrozma|53/100|[from] item: Leftovers
|upkeep
|turn|49
|
|t:|1617344102
|move|p1a: Necrozma|Moonlight|p1a: Necrozma
|-heal|p1a: Necrozma|100/100
|move|p2a: Necrozma|Stealth Rock|p1a: Necrozma
|-sidestart|p1: bergurz8|move: Stealth Rock
|
|upkeep
|turn|50
|
|t:|1617344107
|move|p1a: Necrozma|Stealth Rock|p2a: Necrozma
|-sidestart|p2: Magikarp4000|move: Stealth Rock
|move|p2a: Necrozma|Knock Off|p1a: Necrozma
|-supereffective|p1a: Necrozma
|-damage|p1a: Necrozma|66/100
|-enditem|p1a: Necrozma|Leftovers|[from] move: Knock Off|[of] p2a: Necrozma
|
|upkeep
|turn|51
|
|t:|1617344113
|move|p2a: Necrozma|Morning Sun|p2a: Necrozma
|-heal|p2a: Necrozma|92/100
|move|p1a: Necrozma|Thunder Wave|p2a: Necrozma
|-status|p2a: Necrozma|par
|
|upkeep
|turn|52
|
|t:|1617344119
|move|p1a: Necrozma|Moonlight|p1a: Necrozma
|-heal|p1a: Necrozma|100/100
|move|p2a: Necrozma|Sunsteel Strike|p1a: Necrozma
|-resisted|p1a: Necrozma
|-damage|p1a: Necrozma|83/100
|
|upkeep
|turn|53
|
|t:|1617344128
|switch|p1a: Palkia|Palkia|71/100
|-damage|p1a: Palkia|58/100|[from] Stealth Rock
|-ability|p1a: Palkia|Pressure
|move|p2a: Necrozma|Knock Off|p1a: Palkia
|-damage|p1a: Palkia|37/100
|
|upkeep
|turn|54
|
|t:|1617344156
|move|p1a: Palkia|Spacial Rend|p2a: Necrozma
|-resisted|p2a: Necrozma
|-damage|p2a: Necrozma|69/100 par
|move|p2a: Necrozma|Sunsteel Strike|p1a: Palkia
|-resisted|p1a: Palkia
|-damage|p1a: Palkia|14/100
|
|upkeep
|turn|55
|
|t:|1617344165
|move|p1a: Palkia|Surf|p2a: Necrozma
|-damage|p2a: Necrozma|25/100 par
|cant|p2a: Necrozma|par
|
|upkeep
|turn|56
|
|t:|1617344181
|move|p1a: Palkia|Rest|p1a: Palkia
|-status|p1a: Palkia|slp|[from] move: Rest
|-heal|p1a: Palkia|100/100 slp|[silent]
|cant|p2a: Necrozma|par
|
|upkeep
|turn|57
|
|t:|1617344188
|switch|p1a: Yveltal|Yveltal|83/100
|-damage|p1a: Yveltal|58/100|[from] Stealth Rock
|-ability|p1a: Yveltal|Dark Aura
|move|p2a: Necrozma|Morning Sun|p2a: Necrozma
|-heal|p2a: Necrozma|75/100 par
|
|upkeep
|turn|58
|
|t:|1617344200
|switch|p2a: Eternatus|Eternatus|95/100
|-damage|p2a: Eternatus|83/100|[from] Stealth Rock
|-ability|p2a: Eternatus|Pressure
|move|p1a: Yveltal|Knock Off|p2a: Eternatus
|-damage|p2a: Eternatus|57/100
|
|upkeep
|turn|59
|
|t:|1617344221
|switch|p1a: Xerneas|Xerneas|42/100
|-damage|p1a: Xerneas|29/100|[from] Stealth Rock
|-ability|p1a: Xerneas|Fairy Aura
|move|p2a: Eternatus|Mystical Fire|p1a: Xerneas
|-damage|p1a: Xerneas|10/100
|-unboost|p1a: Xerneas|spa|1
|
|upkeep
|turn|60
|inactive|bergurz8 has 120 seconds left.
|
|t:|1617344254
|switch|p1a: Eternatus|Eternatus|100/100
|-damage|p1a: Eternatus|88/100|[from] Stealth Rock
|-ability|p1a: Eternatus|Pressure
|move|p2a: Eternatus|Mystical Fire|p1a: Eternatus
|-resisted|p1a: Eternatus
|-damage|p1a: Eternatus|81/100
|-unboost|p1a: Eternatus|spa|1
|
|-heal|p1a: Eternatus|87/100|[from] item: Black Sludge
|upkeep
|turn|61
|
|t:|1617344258
|move|p1a: Eternatus|Dynamax Cannon|p2a: Eternatus
|-supereffective|p2a: Eternatus
|-damage|p2a: Eternatus|24/100
|move|p2a: Eternatus|Recover|p2a: Eternatus
|-heal|p2a: Eternatus|74/100
|
|-heal|p1a: Eternatus|94/100|[from] item: Black Sludge
|upkeep
|turn|62
|
|t:|1617344270
|switch|p1a: Necrozma|Necrozma-Dusk-Mane|83/100
|-damage|p1a: Necrozma|77/100|[from] Stealth Rock
|move|p2a: Eternatus|Recover|p2a: Eternatus
|-heal|p2a: Eternatus|100/100
|
|upkeep
|turn|63
|
|t:|1617344281
|switch|p2a: Necrozma|Necrozma-Dusk-Mane|75/100 par
|-damage|p2a: Necrozma|69/100 par|[from] Stealth Rock
|switch|p1a: Palkia|Palkia|100/100 slp
|-damage|p1a: Palkia|88/100 slp|[from] Stealth Rock
|-ability|p1a: Palkia|Pressure
|
|upkeep
|turn|64
|
|t:|1617344287
|switch|p2a: Eternatus|Eternatus|100/100
|-damage|p2a: Eternatus|88/100|[from] Stealth Rock
|-ability|p2a: Eternatus|Pressure
|cant|p1a: Palkia|slp
|
|upkeep
|turn|65
|
|t:|1617344295
|switch|p1a: Necrozma|Necrozma-Dusk-Mane|77/100
|-damage|p1a: Necrozma|71/100|[from] Stealth Rock
|move|p2a: Eternatus|Dynamax Cannon|p1a: Necrozma
|-resisted|p1a: Necrozma
|-damage|p1a: Necrozma|58/100
|
|upkeep
|turn|66
|
|t:|1617344304
|switch|p2a: Necrozma|Necrozma-Dusk-Mane|69/100 par
|-damage|p2a: Necrozma|63/100 par|[from] Stealth Rock
|move|p1a: Necrozma|Moonlight|p1a: Necrozma
|-heal|p1a: Necrozma|100/100
|
|upkeep
|turn|67
|
|t:|1617344317
|switch|p1a: Yveltal|Yveltal|58/100
|-damage|p1a: Yveltal|33/100|[from] Stealth Rock
|-ability|p1a: Yveltal|Dark Aura
|switch|p2a: Eternatus|Eternatus|88/100
|-damage|p2a: Eternatus|76/100|[from] Stealth Rock
|-ability|p2a: Eternatus|Pressure
|
|upkeep
|turn|68
|
|t:|1617344329
|move|p2a: Eternatus|Mystical Fire|p1a: Yveltal
|-damage|p1a: Yveltal|20/100
|-unboost|p1a: Yveltal|spa|1
|move|p1a: Yveltal|Roost|p1a: Yveltal
|-heal|p1a: Yveltal|70/100
|-singleturn|p1a: Yveltal|move: Roost
|
|upkeep
|turn|69
|
|t:|1617344341
|move|p2a: Eternatus|Dynamax Cannon|p1a: Yveltal
|-damage|p1a: Yveltal|45/100
|move|p1a: Yveltal|Roost|p1a: Yveltal
|-heal|p1a: Yveltal|95/100
|-singleturn|p1a: Yveltal|move: Roost
|
|upkeep
|turn|70
|
|t:|1617344354
|move|p2a: Eternatus|Mystical Fire|p1a: Yveltal
|-damage|p1a: Yveltal|82/100
|-unboost|p1a: Yveltal|spa|1
|move|p1a: Yveltal|Knock Off|p2a: Eternatus
|-damage|p2a: Eternatus|49/100
|
|upkeep
|turn|71
|
|t:|1617344361
|switch|p1a: Eternatus|Eternatus|94/100
|-damage|p1a: Eternatus|81/100|[from] Stealth Rock
|-ability|p1a: Eternatus|Pressure
|move|p2a: Eternatus|Recover|p2a: Eternatus
|-heal|p2a: Eternatus|99/100
|
|-heal|p1a: Eternatus|87/100|[from] item: Black Sludge
|upkeep
|turn|72
|
|t:|1617344368
|move|p1a: Eternatus|Dynamax Cannon|p2a: Eternatus
|-supereffective|p2a: Eternatus
|-damage|p2a: Eternatus|49/100
|move|p2a: Eternatus|Mystical Fire|p1a: Eternatus
|-resisted|p1a: Eternatus
|-damage|p1a: Eternatus|81/100
|-unboost|p1a: Eternatus|spa|1
|
|-heal|p1a: Eternatus|87/100|[from] item: Black Sludge
|upkeep
|turn|73
|
|t:|1617344388
|switch|p1a: Necrozma|Necrozma-Dusk-Mane|100/100
|-damage|p1a: Necrozma|94/100|[from] Stealth Rock
|move|p2a: Eternatus|Recover|p2a: Eternatus
|-heal|p2a: Eternatus|99/100
|
|upkeep
|turn|74
|
|t:|1617344393
|switch|p2a: Necrozma|Necrozma-Dusk-Mane|63/100 par
|-damage|p2a: Necrozma|57/100 par|[from] Stealth Rock
|switch|p1a: Xerneas|Xerneas|10/100
|-damage|p1a: Xerneas|0 fnt|[from] Stealth Rock
|faint|p1a: Xerneas
|
|upkeep
|
|t:|1617344397
|switch|p1a: Palkia|Palkia|88/100 slp
|-damage|p1a: Palkia|75/100 slp|[from] Stealth Rock
|-ability|p1a: Palkia|Pressure
|turn|75
|
|t:|1617344405
|switch|p2a: Eternatus|Eternatus|99/100
|-damage|p2a: Eternatus|87/100|[from] Stealth Rock
|-ability|p2a: Eternatus|Pressure
|cant|p1a: Palkia|slp
|
|upkeep
|turn|76
|
|t:|1617344419
|switch|p2a: Zacian|Zacian|33/100
|-damage|p2a: Zacian|20/100|[from] Stealth Rock
|-ability|p2a: Zacian|Intrepid Sword|boost
|-boost|p2a: Zacian|atk|1
|switch|p1a: Necrozma|Necrozma-Dusk-Mane|94/100
|-damage|p1a: Necrozma|88/100|[from] Stealth Rock
|
|upkeep
|turn|77
|
|t:|1617344429
|switch|p2a: Eternatus|Eternatus|87/100
|-damage|p2a: Eternatus|74/100|[from] Stealth Rock
|-ability|p2a: Eternatus|Pressure
|move|p1a: Necrozma|Sunsteel Strike|p2a: Eternatus
|-damage|p2a: Eternatus|38/100
|
|upkeep
|turn|78
|
|t:|1617344436
|move|p2a: Eternatus|Recover|p2a: Eternatus
|-heal|p2a: Eternatus|88/100
|move|p1a: Necrozma|Thunder Wave|p2a: Eternatus
|-status|p2a: Eternatus|par
|
|upkeep
|turn|79
|
|t:|1617344450
|switch|p1a: Yveltal|Yveltal|82/100
|-damage|p1a: Yveltal|57/100|[from] Stealth Rock
|-ability|p1a: Yveltal|Dark Aura
|move|p2a: Eternatus|Dynamax Cannon|p1a: Yveltal
|-damage|p1a: Yveltal|29/100
|
|upkeep
|turn|80
|
|t:|1617344458
|move|p1a: Yveltal|Roost|p1a: Yveltal
|-heal|p1a: Yveltal|79/100
|-singleturn|p1a: Yveltal|move: Roost
|move|p2a: Eternatus|Meteor Beam||[still]
|-prepare|p2a: Eternatus|Meteor Beam
|-boost|p2a: Eternatus|spa|1
|
|upkeep
|turn|81
|
|t:|1617344462
|move|p1a: Yveltal|Knock Off|p2a: Eternatus
|-damage|p2a: Eternatus|61/100 par
|move|p2a: Eternatus|Meteor Beam|p1a: Yveltal|[from]lockedmove
|-supereffective|p1a: Yveltal
|-damage|p1a: Yveltal|15/100
|
|upkeep
|turn|82
|
|t:|1617344471
|move|p1a: Yveltal|Roost|p1a: Yveltal
|-heal|p1a: Yveltal|65/100
|-singleturn|p1a: Yveltal|move: Roost
|move|p2a: Eternatus|Recover|p2a: Eternatus
|-heal|p2a: Eternatus|100/100 par
|
|upkeep
|turn|83
|
|t:|1617344479
|move|p1a: Yveltal|Knock Off|p2a: Eternatus
|-damage|p2a: Eternatus|71/100 par
|move|p2a: Eternatus|Mystical Fire|p1a: Yveltal
|-damage|p1a: Yveltal|46/100
|-unboost|p1a: Yveltal|spa|1
|
|upkeep
|turn|84
|
|t:|1617344490
|move|p1a: Yveltal|Roost|p1a: Yveltal
|-heal|p1a: Yveltal|96/100
|-singleturn|p1a: Yveltal|move: Roost
|move|p2a: Eternatus|Recover|p2a: Eternatus
|-heal|p2a: Eternatus|100/100 par
|
|upkeep
|turn|85
|
|t:|1617344496
|move|p1a: Yveltal|Knock Off|p2a: Eternatus
|-damage|p2a: Eternatus|71/100 par
|cant|p2a: Eternatus|par
|
|upkeep
|turn|86
|
|t:|1617344507
|move|p1a: Yveltal|Knock Off|p2a: Eternatus
|-damage|p2a: Eternatus|41/100 par
|move|p2a: Eternatus|Recover|p2a: Eternatus
|-heal|p2a: Eternatus|91/100 par
|
|upkeep
|turn|87
|
|t:|1617344512
|move|p1a: Yveltal|Knock Off|p2a: Eternatus
|-damage|p2a: Eternatus|65/100 par
|move|p2a: Eternatus|Meteor Beam||[still]
|-prepare|p2a: Eternatus|Meteor Beam
|-boost|p2a: Eternatus|spa|1
|
|upkeep
|turn|88
|
|t:|1617344526
|switch|p1a: Necrozma|Necrozma-Dusk-Mane|88/100
|-damage|p1a: Necrozma|82/100|[from] Stealth Rock
|move|p2a: Eternatus|Meteor Beam|p1a: Necrozma|[from]lockedmove
|-resisted|p1a: Necrozma
|-damage|p1a: Necrozma|59/100
|
|upkeep
|turn|89
|
|t:|1617344536
|switch|p1a: Yveltal|Yveltal|96/100
|-damage|p1a: Yveltal|71/100|[from] Stealth Rock
|-ability|p1a: Yveltal|Dark Aura
|move|p2a: Eternatus|Mystical Fire|p1a: Yveltal
|-damage|p1a: Yveltal|45/100
|-unboost|p1a: Yveltal|spa|1
|
|upkeep
|turn|90
|
|t:|1617344544
|move|p1a: Yveltal|Roost|p1a: Yveltal
|-heal|p1a: Yveltal|95/100
|-singleturn|p1a: Yveltal|move: Roost
|cant|p2a: Eternatus|par
|
|upkeep
|turn|91
|
|t:|1617344549
|move|p1a: Yveltal|Knock Off|p2a: Eternatus
|-damage|p2a: Eternatus|37/100 par
|cant|p2a: Eternatus|par
|
|upkeep
|turn|92
|
|t:|1617344554
|move|p1a: Yveltal|Knock Off|p2a: Eternatus
|-damage|p2a: Eternatus|11/100 par
|move|p2a: Eternatus|Recover|p2a: Eternatus
|-heal|p2a: Eternatus|61/100 par
|
|upkeep
|turn|93
|
|t:|1617344560
|move|p1a: Yveltal|Knock Off|p2a: Eternatus
|-damage|p2a: Eternatus|35/100 par
|move|p2a: Eternatus|Recover|p2a: Eternatus
|-heal|p2a: Eternatus|85/100 par
|
|upkeep
|turn|94
|
|t:|1617344567
|move|p1a: Yveltal|Knock Off|p2a: Eternatus
|-damage|p2a: Eternatus|58/100 par
|move|p2a: Eternatus|Meteor Beam||[still]
|-prepare|p2a: Eternatus|Meteor Beam
|-boost|p2a: Eternatus|spa|1
|
|upkeep
|turn|95
|
|t:|1617344573
|switch|p1a: Necrozma|Necrozma-Dusk-Mane|59/100
|-damage|p1a: Necrozma|53/100|[from] Stealth Rock
|cant|p2a: Eternatus|par
|
|upkeep
|turn|96
|
|t:|1617344589
|move|p1a: Necrozma|Sunsteel Strike|p2a: Eternatus
|-damage|p2a: Eternatus|18/100 par
|move|p2a: Eternatus|Dynamax Cannon|p1a: Necrozma
|-resisted|p1a: Necrozma
|-damage|p1a: Necrozma|15/100
|
|upkeep
|turn|97
|
|t:|1617344604
|switch|p2a: Necrozma|Necrozma-Dusk-Mane|57/100 par
|-damage|p2a: Necrozma|50/100 par|[from] Stealth Rock
|move|p1a: Necrozma|Moonlight|p1a: Necrozma
|-heal|p1a: Necrozma|65/100
|
|upkeep
|turn|98
|
|t:|1617344612
|switch|p1a: Palkia|Palkia|75/100 slp
|-damage|p1a: Palkia|63/100 slp|[from] Stealth Rock
|-ability|p1a: Palkia|Pressure
|move|p2a: Necrozma|Sunsteel Strike|p1a: Palkia
|-resisted|p1a: Palkia
|-damage|p1a: Palkia|42/100 slp
|
|upkeep
|turn|99
|inactive|Magikarp4000 has 120 seconds left.
|
|t:|1617344630
|-curestatus|p1a: Palkia|slp|[msg]
|move|p1a: Palkia|Surf|p2a: Necrozma
|-damage|p2a: Necrozma|5/100 par
|move|p2a: Necrozma|Morning Sun|p2a: Necrozma
|-heal|p2a: Necrozma|55/100 par
|
|upkeep
|turn|100
|inactive|Magikarp4000 has 120 seconds left.
|
|t:|1617344646
|move|p1a: Palkia|Surf|p2a: Necrozma
|-damage|p2a: Necrozma|14/100 par
|move|p2a: Necrozma|Sunsteel Strike|p1a: Palkia
|-resisted|p1a: Palkia
|-damage|p1a: Palkia|18/100
|
|upkeep
|turn|101
|
|t:|1617344664
|switch|p2a: Yveltal|Yveltal|47/100
|-ability|p2a: Yveltal|Dark Aura
|move|p1a: Palkia|Rest|p1a: Palkia
|-status|p1a: Palkia|slp|[from] move: Rest
|-heal|p1a: Palkia|100/100 slp|[silent]
|
|upkeep
|turn|102
|
|t:|1617344682
|move|p2a: Yveltal|Roost|p2a: Yveltal
|-heal|p2a: Yveltal|97/100
|-singleturn|p2a: Yveltal|move: Roost
|cant|p1a: Palkia|slp
|
|upkeep
|turn|103
|
|t:|1617344687
|move|p2a: Yveltal|Knock Off|p1a: Palkia
|-crit|p1a: Palkia
|-damage|p1a: Palkia|51/100 slp
|cant|p1a: Palkia|slp
|
|upkeep
|turn|104
|
|t:|1617344703
|switch|p1a: Yveltal|Yveltal|95/100
|-damage|p1a: Yveltal|70/100|[from] Stealth Rock
|-ability|p1a: Yveltal|Dark Aura
|move|p2a: Yveltal|Knock Off|p1a: Yveltal
|-resisted|p1a: Yveltal
|-damage|p1a: Yveltal|56/100
|
|upkeep
|turn|105
|
|t:|1617344718
|move|p2a: Yveltal|Knock Off|p1a: Yveltal
|-resisted|p1a: Yveltal
|-damage|p1a: Yveltal|40/100
|move|p1a: Yveltal|Knock Off|p2a: Yveltal
|-resisted|p2a: Yveltal
|-damage|p2a: Yveltal|74/100
|-enditem|p2a: Yveltal|Heavy-Duty Boots|[from] move: Knock Off|[of] p1a: Yveltal
|
|upkeep
|turn|106
|
|t:|1617344723
|move|p2a: Yveltal|Taunt|p1a: Yveltal
|-start|p1a: Yveltal|move: Taunt
|cant|p1a: Yveltal|move: Taunt|Roost
|
|upkeep
|turn|107
|
|t:|1617344728
|switch|p1a: Eternatus|Eternatus|87/100
|-damage|p1a: Eternatus|75/100|[from] Stealth Rock
|-ability|p1a: Eternatus|Pressure
|move|p2a: Yveltal|Knock Off|p1a: Eternatus
|-crit|p1a: Eternatus
|-damage|p1a: Eternatus|16/100
|-enditem|p1a: Eternatus|Black Sludge|[from] move: Knock Off|[of] p2a: Yveltal
|
|upkeep
|turn|108
|
|t:|1617344735
|move|p1a: Eternatus|Dynamax Cannon|p2a: Yveltal
|-damage|p2a: Yveltal|38/100
|move|p2a: Yveltal|Knock Off|p1a: Eternatus
|-damage|p1a: Eternatus|0 fnt
|faint|p1a: Eternatus
|
|upkeep
|
|t:|1617344738
|switch|p1a: Palkia|Palkia|51/100 slp
|-damage|p1a: Palkia|39/100 slp|[from] Stealth Rock
|-ability|p1a: Palkia|Pressure
|turn|109
|
|t:|1617344744
|move|p2a: Yveltal|Sucker Punch|p1a: Palkia
|-damage|p1a: Palkia|3/100 slp
|-curestatus|p1a: Palkia|slp|[msg]
|move|p1a: Palkia|Thunder|p2a: Yveltal
|-supereffective|p2a: Yveltal
|-damage|p2a: Yveltal|0 fnt
|faint|p2a: Yveltal
|
|upkeep
|
|t:|1617344753
|switch|p2a: Zacian|Zacian|20/100
|-damage|p2a: Zacian|8/100|[from] Stealth Rock
|-ability|p2a: Zacian|Intrepid Sword|boost
|-boost|p2a: Zacian|atk|1
|turn|110
|
|t:|1617344762
|move|p2a: Zacian|Crunch|p1a: Palkia
|-damage|p1a: Palkia|0 fnt
|faint|p1a: Palkia
|
|upkeep
|
|t:|1617344765
|switch|p1a: Yveltal|Yveltal|40/100
|-damage|p1a: Yveltal|15/100|[from] Stealth Rock
|-ability|p1a: Yveltal|Dark Aura
|turn|111
|
|t:|1617344775
|move|p1a: Yveltal|Sucker Punch|p2a: Zacian
|-resisted|p2a: Zacian
|-damage|p2a: Zacian|0 fnt
|faint|p2a: Zacian
|
|upkeep
|c|☆bergurz8|satisfying end
|
|t:|1617344790
|switch|p2a: Eternatus|Eternatus|18/100 par
|-damage|p2a: Eternatus|6/100 par|[from] Stealth Rock
|-ability|p2a: Eternatus|Pressure
|turn|112
|
|t:|1617344796
|move|p1a: Yveltal|Knock Off|p2a: Eternatus
|-damage|p2a: Eternatus|0 fnt
|faint|p2a: Eternatus
|
|upkeep
|c|☆bergurz8|gg
|
|t:|1617344800
|switch|p2a: Necrozma|Necrozma-Dusk-Mane|14/100 par
|-damage|p2a: Necrozma|8/100 par|[from] Stealth Rock
|turn|113
|c|☆Magikarp4000|gg
|
|t:|1617344805
|move|p1a: Yveltal|Knock Off|p2a: Necrozma
|-supereffective|p2a: Necrozma
|-crit|p2a: Necrozma
|-damage|p2a: Necrozma|0 fnt
|-damage|p1a: Yveltal|0 fnt|[from] item: Rocky Helmet|[of] p2a: Necrozma
|faint|p2a: Necrozma
|faint|p1a: Yveltal
|
|upkeep
|c|☆bergurz8|that one felt good
|c|☆bergurz8|ngl
|c|☆bergurz8|wait
|c|☆Magikarp4000|LETS GO
|
|t:|1617344821
|switch|p1a: Necrozma|Necrozma-Dusk-Mane|65/100
|switch|p2a: Calyrex|Calyrex-Shadow|48/100 par
|-ability|p2a: Calyrex|As One
|-ability|p2a: Calyrex|Unnerve
|-damage|p2a: Calyrex|35/100 par|[from] Stealth Rock
|-damage|p1a: Necrozma|59/100|[from] Stealth Rock
|turn|114
|c|☆bergurz8|1 pp lol
|
|t:|1617344829
|move|p2a: Calyrex|Astral Barrage|p1a: Necrozma
|-supereffective|p1a: Necrozma
|-damage|p1a: Necrozma|0 fnt
|faint|p1a: Necrozma
|
|win|Magikarp4000
|raw|bergurz8's rating: 1577 &rarr; <strong>1558</strong><br />(-19 for losing)
|raw|Magikarp4000's rating: 1599 &rarr; <strong>1618</strong><br />(+19 for winning)
|c|☆Magikarp4000|GG
|c|☆bergurz8|gg lol
|c|☆Magikarp4000|lol
|c|☆Magikarp4000|that was some poggers game
|c|☆bergurz8|lmao ya
|c|☆Magikarp4000|i thought u would roost
|c|☆bergurz8|I def shouldve
