|j|☆Nael222
|j|☆iKiQ
|t:|1667133955
|gametype|singles
|player|p1|Nael222|102|
|player|p2|iKiQ|beauty-masters|
|teamsize|p1|6
|teamsize|p2|6
|gen|8
|tier|[Gen 8] Ubers
|rule|Sleep Clause Mod: Limit one foe put to sleep
|rule|Species Clause: Limit one of each Pokémon
|rule|OHKO Clause: OHKO moves are banned
|rule|Evasion Items Clause: Evasion items are banned
|rule|Evasion Moves Clause: Evasion moves are banned
|rule|Endless Battle Clause: Forcing endless battles is banned
|rule|HP Percentage Mod: HP is shown in percentages
|rule|Dynamax Clause: You cannot dynamax
|clearpoke
|poke|p1|Calyrex-Shadow|
|poke|p1|Magearna|
|poke|p1|Marshadow|
|poke|p1|Mewtwo|
|poke|p1|Zygarde|
|poke|p1|Rayquaza|
|poke|p2|Dracovish|
|poke|p2|Kyogre|
|poke|p2|Yveltal|
|poke|p2|Necrozma-Dusk-Mane|
|poke|p2|Zygarde|
|poke|p2|Eternatus|
|teampreview
|j| PokemonCestDur
|c|☆Nael222|hf
|c| PokemonCestDur|gl both of u
|j| vhkv
|j| tf
|j| Be Like Bisharp
|j| Flo2699
|c|☆iKiQ|hf
|j| AxCypher
|j| Mat on the beat
|j| SGKI
|j| Trick-or-Prise
|j| Bhalal
|c| SGKI|allez nael
|inactive|Battle timer is ON: inactive players will automatically lose when time's up. (requested by Nael222)
|
|t:|1667134092
|start
|switch|p1a: Rayquaza|Rayquaza|100/100
|switch|p2a: Necrozma|Necrozma-Dusk-Mane|100/100
|-ability|p1a: Rayquaza|Air Lock
|turn|1
|
|t:|1667134097
|switch|p1a: Zygarde|Zygarde|100/100
|move|p2a: Necrozma|Thunder Wave|p1a: Zygarde
|-immune|p1a: Zygarde
|
|upkeep
|turn|2
|inactive|iKiQ has 270 seconds left.
|inactive|iKiQ has 240 seconds left.
|j| hackmonisfunpart3@!
|l| Flo2699
|inactive|iKiQ has 210 seconds left.
|j| Jeza.p
|j| Flo2699
|n| Slowbrotiste|bhalal
|
|t:|1667134214
|switch|p2a: Zygarde|Zygarde|100/100
|move|p1a: Zygarde|Thousand Arrows|p2a: Zygarde
|-damage|p2a: Zygarde|69/100
|-damage|p1a: Zygarde|91/100|[from] item: Life Orb
|
|-heal|p2a: Zygarde|75/100|[from] item: Leftovers
|upkeep
|turn|3
|j| Volcaronium
|j| Scavet
|inactive|iKiQ has 180 seconds left.
|c| Jeza.p|Allez mon poussin
|
|t:|1667134246
|move|p1a: Zygarde|Scale Shot|p2a: Zygarde
|-supereffective|p2a: Zygarde
|-damage|p2a: Zygarde|57/100
|-supereffective|p2a: Zygarde
|-damage|p2a: Zygarde|39/100
|-hitcount|p2a: Zygarde|2
|-unboost|p1a: Zygarde|def|1
|-boost|p1a: Zygarde|spe|1
|-damage|p1a: Zygarde|81/100|[from] item: Life Orb
|move|p2a: Zygarde|Glare|p1a: Zygarde
|-status|p1a: Zygarde|par
|
|-heal|p2a: Zygarde|45/100|[from] item: Leftovers
|-activate|p2a: Zygarde|ability: Power Construct
|detailschange|p2a: Zygarde|Zygarde-Complete
|-heal|p2a: Zygarde|64/100|[silent]
|upkeep
|turn|4
|l| Flo2699
|inactive|iKiQ has 150 seconds left.
|l| Mat on the beat
|c|☆Nael222|tjrs cool ce move qui tape 2 fois x)
|j| Uxilon
|c| Trick-or-Prise|^^
|j| Flo2699
|inactive|iKiQ has 120 seconds left.
|c| Volcaronium|^^
|c|☆Nael222|^^
|l| Flo2699
|j| Flo2699
|c| PokemonCestDur|outrage existe :rollingeyes:
|inactive|iKiQ has 90 seconds left.
|c|☆Nael222|oe et heatran c est fort en ubers askip ^^
|
|t:|1667134352
|move|p2a: Zygarde|Thousand Arrows|p1a: Zygarde
|-damage|p1a: Zygarde|41/100 par
|move|p1a: Zygarde|Scale Shot|p2a: Zygarde
|-supereffective|p2a: Zygarde
|-crit|p2a: Zygarde
|-damage|p2a: Zygarde|48/100
|-supereffective|p2a: Zygarde
|-damage|p2a: Zygarde|37/100
|-supereffective|p2a: Zygarde
|-damage|p2a: Zygarde|24/100
|-hitcount|p2a: Zygarde|3
|-unboost|p1a: Zygarde|def|1
|-boost|p1a: Zygarde|spe|1
|-damage|p1a: Zygarde|31/100 par|[from] item: Life Orb
|
|-heal|p2a: Zygarde|31/100|[from] item: Leftovers
|-activate|p1a: Zygarde|ability: Power Construct
|detailschange|p1a: Zygarde|Zygarde-Complete
|-heal|p1a: Zygarde|57/100 par|[silent]
|upkeep
|turn|5
|inactive|iKiQ has 60 seconds left.
|c| Scavet|^^
|inactive|iKiQ has 30 seconds left.
|
|t:|1667134410
|switch|p2a: Necrozma|Necrozma-Dusk-Mane|100/100
|move|p1a: Zygarde|Scale Shot|p2a: Necrozma
|-resisted|p2a: Necrozma
|-damage|p2a: Necrozma|95/100
|-resisted|p2a: Necrozma
|-damage|p2a: Necrozma|90/100
|-resisted|p2a: Necrozma
|-damage|p2a: Necrozma|84/100
|-hitcount|p2a: Necrozma|3
|-unboost|p1a: Zygarde|def|1
|-boost|p1a: Zygarde|spe|1
|-damage|p1a: Zygarde|47/100 par|[from] item: Life Orb
|
|-heal|p2a: Necrozma|90/100|[from] item: Leftovers
|upkeep
|turn|6
|l| Flo2699
|inactive|iKiQ has 30 seconds left.
|
|t:|1667134424
|move|p1a: Zygarde|Thousand Arrows|p2a: Necrozma
|-supereffective|p2a: Necrozma
|-damage|p2a: Necrozma|33/100
|-damage|p1a: Zygarde|37/100 par|[from] item: Life Orb
|move|p2a: Necrozma|Iron Head|p1a: Zygarde
|-damage|p1a: Zygarde|0 fnt
|faint|p1a: Zygarde
|
|-heal|p2a: Necrozma|39/100|[from] item: Leftovers
|upkeep
|j| Flo2699
|
|t:|1667134436
|switch|p1a: Calyrex|Calyrex-Shadow|100/100
|-ability|p1a: Calyrex|As One
|-ability|p1a: Calyrex|Unnerve
|turn|7
|
|t:|1667134440
|switch|p2a: Yveltal|Yveltal|100/100
|-ability|p2a: Yveltal|Dark Aura
|move|p1a: Calyrex|Substitute|p1a: Calyrex
|-start|p1a: Calyrex|Substitute
|-damage|p1a: Calyrex|76/100
|
|-heal|p1a: Calyrex|82/100|[from] item: Leftovers
|upkeep
|turn|8
|
|t:|1667134446
|move|p1a: Calyrex|Nasty Plot|p1a: Calyrex
|-boost|p1a: Calyrex|spa|2
|move|p2a: Yveltal|Knock Off|p1a: Calyrex
|-supereffective|p1a: Calyrex
|-end|p1a: Calyrex|Substitute
|
|-heal|p1a: Calyrex|88/100|[from] item: Leftovers
|upkeep
|turn|9
|
|t:|1667134449
|move|p1a: Calyrex|Disable|p2a: Yveltal
|-start|p2a: Yveltal|Disable|Knock Off
|cant|p2a: Yveltal|Disable|Knock Off
|
|-heal|p1a: Calyrex|94/100|[from] item: Leftovers
|upkeep
|turn|10
|inactive|iKiQ has 60 seconds left.
|j| ty-tyui↻
|inactive|iKiQ has 30 seconds left.
|
|t:|1667134491
|switch|p2a: Zygarde|Zygarde-Complete|31/100
|move|p1a: Calyrex|Substitute|p1a: Calyrex
|-start|p1a: Calyrex|Substitute
|-damage|p1a: Calyrex|69/100
|
|-heal|p1a: Calyrex|75/100|[from] item: Leftovers
|-heal|p2a: Zygarde|37/100|[from] item: Leftovers
|upkeep
|turn|11
|
|t:|1667134494
|move|p1a: Calyrex|Astral Barrage|p2a: Zygarde
|-damage|p2a: Zygarde|0 fnt
|faint|p2a: Zygarde
|-ability|p1a: Calyrex|Grim Neigh|boost
|-boost|p1a: Calyrex|spa|1
|
|-heal|p1a: Calyrex|81/100|[from] item: Leftovers
|upkeep
|
|t:|1667134496
|switch|p2a: Yveltal|Yveltal|100/100
|-ability|p2a: Yveltal|Dark Aura
|turn|12
|
|t:|1667134503
|move|p1a: Calyrex|Astral Barrage|p2a: Yveltal
|-resisted|p2a: Yveltal
|-damage|p2a: Yveltal|54/100
|move|p2a: Yveltal|Knock Off|p1a: Calyrex
|-supereffective|p1a: Calyrex
|-end|p1a: Calyrex|Substitute
|
|-heal|p1a: Calyrex|88/100|[from] item: Leftovers
|upkeep
|turn|13
|
|t:|1667134506
|move|p2a: Yveltal|Sucker Punch||[still]
|-fail|p2a: Yveltal
|move|p1a: Calyrex|Disable|p2a: Yveltal
|-start|p2a: Yveltal|Disable|Sucker Punch
|
|-heal|p1a: Calyrex|94/100|[from] item: Leftovers
|upkeep
|turn|14
|
|t:|1667134512
|switch|p1a: Magearna|Magearna|100/100
|move|p2a: Yveltal|Knock Off|p1a: Magearna
|-resisted|p1a: Magearna
|-damage|p1a: Magearna|77/100
|-enditem|p1a: Magearna|Leftovers|[from] move: Knock Off|[of] p2a: Yveltal
|
|upkeep
|turn|15
|
|t:|1667134522
|switch|p2a: Necrozma|Necrozma-Dusk-Mane|39/100
|move|p1a: Magearna|Volt Switch|p2a: Necrozma
|-damage|p2a: Necrozma|25/100
|
|t:|1667134527
|switch|p1a: Marshadow|Marshadow|100/100|[from]move: Volt Switch
|
|-heal|p2a: Necrozma|31/100|[from] item: Leftovers
|upkeep
|turn|16
|
|t:|1667134532
|move|p1a: Marshadow|Spectral Thief|p2a: Necrozma
|-supereffective|p2a: Necrozma
|-damage|p2a: Necrozma|0 fnt
|faint|p2a: Necrozma
|-damage|p1a: Marshadow|91/100|[from] item: Life Orb
|
|upkeep
|inactive|iKiQ has 60 seconds left.
|
|t:|1667134569
|switch|p2a: Kyogre|Kyogre|100/100
|-weather|RainDance|[from] ability: Drizzle|[of] p2a: Kyogre
|turn|17
|
|t:|1667134586
|move|p1a: Marshadow|Close Combat|p2a: Kyogre
|-damage|p2a: Kyogre|27/100
|-unboost|p1a: Marshadow|def|1
|-unboost|p1a: Marshadow|spd|1
|-damage|p1a: Marshadow|81/100|[from] item: Life Orb
|move|p2a: Kyogre|Surf|p1a: Marshadow
|-damage|p1a: Marshadow|0 fnt
|faint|p1a: Marshadow
|
|-weather|RainDance|[upkeep]
|-heal|p2a: Kyogre|33/100|[from] item: Leftovers
|upkeep
|
|t:|1667134589
|switch|p1a: Rayquaza|Rayquaza|100/100
|-ability|p1a: Rayquaza|Air Lock
|turn|18
|
|t:|1667134597
|move|p1a: Rayquaza|Dragon Ascent|p2a: Kyogre
|-damage|p2a: Kyogre|0 fnt
|-unboost|p1a: Rayquaza|def|1
|-unboost|p1a: Rayquaza|spd|1
|faint|p2a: Kyogre
|-damage|p1a: Rayquaza|91/100|[from] item: Life Orb
|
|-weather|RainDance|[upkeep]
|upkeep
|
|t:|1667134603
|switch|p2a: Eternatus|Eternatus|100/100
|-ability|p2a: Eternatus|Pressure
|turn|19
|
|t:|1667134610
|switch|p1a: Magearna|Magearna|77/100
|move|p2a: Eternatus|Dynamax Cannon|p1a: Magearna
|-immune|p1a: Magearna
|
|-weather|RainDance|[upkeep]
|upkeep
|turn|20
|l| Uxilon
|
|t:|1667134614
|move|p2a: Eternatus|Mystical Fire|p1a: Magearna
|-supereffective|p1a: Magearna
|-damage|p1a: Magearna|63/100
|-unboost|p1a: Magearna|spa|1
|move|p1a: Magearna|Volt Switch|p2a: Eternatus
|-resisted|p2a: Eternatus
|-damage|p2a: Eternatus|96/100
|
|t:|1667134618
|switch|p1a: Mewtwo|Mewtwo|100/100|[from]move: Volt Switch
|-ability|p1a: Mewtwo|Pressure
|
|-weather|RainDance|[upkeep]
|upkeep
|turn|21
|
|t:|1667134628
|switch|p2a: Yveltal|Yveltal|54/100
|-ability|p2a: Yveltal|Dark Aura
|move|p1a: Mewtwo|Ice Beam|p2a: Yveltal
|-supereffective|p2a: Yveltal
|-damage|p2a: Yveltal|0 fnt
|faint|p2a: Yveltal
|-damage|p1a: Mewtwo|91/100|[from] item: Life Orb
|
|-weather|none
|upkeep
|j| Uxilon
|
|t:|1667134634
|switch|p2a: COOPPPAIN|Dracovish|100/100
|turn|22
|
|t:|1667134642
|switch|p1a: Magearna|Magearna|63/100
|move|p2a: COOPPPAIN|Fishious Rend|p1a: Magearna
|-damage|p1a: Magearna|0 fnt
|faint|p1a: Magearna
|
|upkeep
|
|t:|1667134654
|switch|p1a: Rayquaza|Rayquaza|91/100
|-ability|p1a: Rayquaza|Air Lock
|turn|23
|
|t:|1667134664
|move|p1a: Rayquaza|Dragon Dance|p1a: Rayquaza
|-boost|p1a: Rayquaza|atk|1
|-boost|p1a: Rayquaza|spe|1
|move|p2a: COOPPPAIN|Fishious Rend|p1a: Rayquaza
|-resisted|p1a: Rayquaza
|-damage|p1a: Rayquaza|44/100
|
|upkeep
|turn|24
|
|t:|1667134668
|move|p1a: Rayquaza|Dragon Ascent|p2a: COOPPPAIN
|-damage|p2a: COOPPPAIN|0 fnt
|-unboost|p1a: Rayquaza|def|1
|-unboost|p1a: Rayquaza|spd|1
|faint|p2a: COOPPPAIN
|-damage|p1a: Rayquaza|34/100|[from] item: Life Orb
|
|upkeep
|
|t:|1667134670
|switch|p2a: Eternatus|Eternatus|96/100
|-ability|p2a: Eternatus|Pressure
|turn|25
|
|t:|1667134672
|move|p1a: Rayquaza|Dragon Ascent|p2a: Eternatus
|-damage|p2a: Eternatus|0 fnt
|-unboost|p1a: Rayquaza|def|1
|-unboost|p1a: Rayquaza|spd|1
|faint|p2a: Eternatus
|-damage|p1a: Rayquaza|24/100|[from] item: Life Orb
|
|win|Nael222
|c|☆Nael222|gg
|l| Uxilon
|c|☆iKiQ|gg
