|html|<div class="broadcast-blue"><strong>[Gen 8] Ubers is currently suspecting Calyrex-Shadow! For information on how to participate check out the <a href="https://www.smogon.com/forums/threads/np-ss-ubers-stage-8-ridin-dirty-calyrex-shadow-suspect-test.3704200/">suspect thread</a>.</strong></div>
|j|☆penguinsingh337
|j|☆Ryriss
|t:|1657537869
|gametype|singles
|player|p1|penguinsingh337|ethan|1299
|player|p2|Ryriss|hilbert|1363
|teamsize|p1|6
|teamsize|p2|6
|gen|8
|tier|[Gen 8] Ubers
|rated|
|rule|Sleep Clause Mod: Limit one foe put to sleep
|rule|Species Clause: Limit one of each Pokémon
|rule|OHKO Clause: OHKO moves are banned
|rule|Evasion Moves Clause: Evasion moves are banned
|rule|Endless Battle Clause: Forcing endless battles is banned
|rule|HP Percentage Mod: HP is shown in percentages
|rule|Dynamax Clause: You cannot dynamax
|clearpoke
|poke|p1|Calyrex-Shadow|
|poke|p1|Darmanitan-Galar, M|
|poke|p1|Zekrom|
|poke|p1|Necrozma-Dusk-Mane|
|poke|p1|Yveltal|
|poke|p1|Shuckle, F|
|poke|p2|Giratina-Origin|
|poke|p2|Zekrom|
|poke|p2|Necrozma-Dusk-Mane|
|poke|p2|Kyurem-Black|
|poke|p2|Kyogre|
|poke|p2|Yveltal|
|teampreview
|inactive|Battle timer is ON: inactive players will automatically lose when time's up. (requested by penguinsingh337)
|
|t:|1657537876
|start
|switch|p1a: Darmanitan|Darmanitan-Galar, M|100/100
|switch|p2a: Giratina|Giratina-Origin|100/100
|turn|1
|
|t:|1657537883
|switch|p2a: Necrozma|Necrozma-Dusk-Mane|100/100
|move|p1a: Darmanitan|U-turn|p2a: Necrozma
|-damage|p2a: Necrozma|75/100
|
|t:|1657537888
|switch|p1a: Calyrex|Calyrex-Shadow|100/100|[from]move: U-turn
|-ability|p1a: Calyrex|As One
|-ability|p1a: Calyrex|Unnerve
|
|upkeep
|turn|2
|
|t:|1657537895
|switch|p2a: Yveltal|Yveltal|100/100
|-ability|p2a: Yveltal|Dark Aura
|move|p1a: Calyrex|Nasty Plot|p1a: Calyrex
|-boost|p1a: Calyrex|spa|2
|
|upkeep
|turn|3
|
|t:|1657537903
|move|p1a: Calyrex|Substitute|p1a: Calyrex
|-start|p1a: Calyrex|Substitute
|-damage|p1a: Calyrex|76/100
|move|p2a: Yveltal|Dark Pulse|p1a: Calyrex
|-supereffective|p1a: Calyrex
|-end|p1a: Calyrex|Substitute
|
|-heal|p1a: Calyrex|82/100|[from] item: Leftovers
|upkeep
|turn|4
|
|t:|1657537913
|move|p1a: Calyrex|Disable|p2a: Yveltal
|-start|p2a: Yveltal|Disable|Dark Pulse
|cant|p2a: Yveltal|Disable|Dark Pulse
|
|-heal|p1a: Calyrex|88/100|[from] item: Leftovers
|upkeep
|turn|5
|
|t:|1657537920
|move|p1a: Calyrex|Substitute|p1a: Calyrex
|-start|p1a: Calyrex|Substitute
|-damage|p1a: Calyrex|63/100
|move|p2a: Yveltal|Snarl|p1a: Calyrex
|-supereffective|p1a: Calyrex
|-damage|p1a: Calyrex|0 fnt
|faint|p1a: Calyrex
|-enditem|p2a: Yveltal|Throat Spray
|-boost|p2a: Yveltal|spa|1|[from] item: Throat Spray
|
|upkeep
|
|t:|1657537930
|switch|p1a: Darmanitan|Darmanitan-Galar, M|100/100
|turn|6
|
|t:|1657537938
|switch|p2a: Necrozma|Necrozma-Dusk-Mane|75/100
|move|p1a: Darmanitan|U-turn|p2a: Necrozma
|-damage|p2a: Necrozma|48/100
|
|t:|1657537945
|switch|p1a: Shuckle|Shuckle, F|100/100|[from]move: U-turn
|
|upkeep
|turn|7
|
|t:|1657537950
|move|p2a: Necrozma|Sunsteel Strike|p1a: Shuckle
|-supereffective|p1a: Shuckle
|-damage|p1a: Shuckle|31/100
|move|p1a: Shuckle|Stealth Rock|p2a: Necrozma
|-sidestart|p2: Ryriss|move: Stealth Rock
|
|upkeep
|turn|8
|
|t:|1657537957
|move|p2a: Necrozma|Sunsteel Strike|p1a: Shuckle
|-supereffective|p1a: Shuckle
|-damage|p1a: Shuckle|0 fnt
|faint|p1a: Shuckle
|
|upkeep
|
|t:|1657537964
|switch|p1a: Zekrom|Zekrom|100/100
|-ability|p1a: Zekrom|Teravolt
|turn|9
|
|t:|1657537972
|switch|p2a: Zekrom|Zekrom|100/100
|-ability|p2a: Zekrom|Teravolt
|move|p1a: Zekrom|Dragon Dance|p1a: Zekrom
|-boost|p1a: Zekrom|atk|1
|-boost|p1a: Zekrom|spe|1
|
|upkeep
|turn|10
|
|t:|1657537980
|move|p1a: Zekrom|Dragon Claw|p2a: Zekrom
|-supereffective|p2a: Zekrom
|-damage|p2a: Zekrom|0 fnt
|faint|p2a: Zekrom
|-damage|p1a: Zekrom|91/100|[from] item: Life Orb
|
|upkeep
|
|t:|1657537989
|switch|p2a: Giratina|Giratina-Origin|100/100
|-damage|p2a: Giratina|88/100|[from] Stealth Rock
|turn|11
|
|t:|1657537993
|move|p1a: Zekrom|Dragon Claw|p2a: Giratina
|-supereffective|p2a: Giratina
|-damage|p2a: Giratina|0 fnt
|faint|p2a: Giratina
|-damage|p1a: Zekrom|81/100|[from] item: Life Orb
|
|upkeep
|
|t:|1657538006
|switch|p2a: Kyogre|Kyogre|100/100
|-damage|p2a: Kyogre|88/100|[from] Stealth Rock
|-weather|RainDance|[from] ability: Drizzle|[of] p2a: Kyogre
|turn|12
|
|t:|1657538012
|move|p1a: Zekrom|Bolt Strike|p2a: Kyogre
|-supereffective|p2a: Kyogre
|-damage|p2a: Kyogre|0 fnt
|faint|p2a: Kyogre
|-damage|p1a: Zekrom|71/100|[from] item: Life Orb
|
|-weather|RainDance|[upkeep]
|upkeep
|
|t:|1657538020
|switch|p2a: Yveltal|Yveltal|100/100
|-damage|p2a: Yveltal|76/100|[from] Stealth Rock
|-ability|p2a: Yveltal|Dark Aura
|turn|13
|
|t:|1657538026
|move|p1a: Zekrom|Dragon Claw|p2a: Yveltal
|-damage|p2a: Yveltal|0 fnt
|faint|p2a: Yveltal
|-damage|p1a: Zekrom|61/100|[from] item: Life Orb
|
|-weather|RainDance|[upkeep]
|upkeep
|
|t:|1657538033
|switch|p2a: Kyurem|Kyurem-Black|100/100
|-ability|p2a: Kyurem|Teravolt
|turn|14
|
|t:|1657538037
|move|p1a: Zekrom|Dragon Claw|p2a: Kyurem
|-supereffective|p2a: Kyurem
|-damage|p2a: Kyurem|0 fnt
|faint|p2a: Kyurem
|-damage|p1a: Zekrom|51/100|[from] item: Life Orb
|
|-weather|RainDance|[upkeep]
|upkeep
|-message|Ryriss forfeited.
|
|win|penguinsingh337
|raw|penguinsingh337's rating: 1299 &rarr; <strong>1329</strong><br />(+30 for winning)
|raw|Ryriss's rating: 1363 &rarr; <strong>1339</strong><br />(-24 for losing)
|l|☆Ryriss
|l|☆penguinsingh337
||Ladder isn't responding, score probably updated but might not have (Request timeout).
|j|☆penguinsingh337
|player|p1|penguinsingh337|ethan
