|j|☆FinnQwert♛♚
|j|☆UFG Icvr
|player|p1|FinnQwert♛♚|iris-gen5bw2|1770
|player|p2|UFG Icvr|proton|1693
|teamsize|p1|6
|teamsize|p2|6
|gametype|singles
|gen|8
|tier|[Gen 8] Ubers
|rated|
|clearpoke
|poke|p1|Corviknight, M|
|poke|p1|Tyranitar, M|
|poke|p1|Excadrill, F|
|poke|p1|Eternatus|
|poke|p1|Zacian-Crowned|
|poke|p1|Reshiram|
|poke|p2|Corviknight, M|
|poke|p2|Darmanitan-Galar, M|
|poke|p2|Zacian-Crowned|
|poke|p2|Excadrill, M|
|poke|p2|Tyranitar, M|
|poke|p2|Eternatus|
|rule|Sleep Clause Mod: Limit one foe put to sleep
|rule|Species Clause: Limit one of each Pokémon
|rule|OHKO Clause: OHKO moves are banned
|rule|Evasion Moves Clause: Evasion moves are banned
|rule|Endless Battle Clause: Forcing endless battles is banned
|rule|HP Percentage Mod: HP is shown in percentages
|html|Ubers Dynamax Clause: Pokémon on the <a href="https://www.smogon.com/dex/ss/formats/uber/">Ubers Dynamax Banlist</a> cannot Dynamax.
|teampreview
|c|☆UFG Icvr|oe
|c|☆FinnQwert♛♚|oe
|c|☆UFG Icvr|oups sry^^
|inactive|Battle timer is ON: inactive players will automatically lose when time's up. (requested by FinnQwert♛♚)
|c|☆UFG Icvr|hf
|c|☆FinnQwert♛♚|u2
|j| Reegychodon_64
|j| lasjdjaosdoasdasd
|
|start
|switch|p1a: Raveline|Zacian-Crowned|100/100
|switch|p2a: UFG Icvr|Darmanitan-Galar, M|100/100
|-ability|p1a: Raveline|Intrepid Sword|boost
|-boost|p1a: Raveline|atk|1
|turn|1
|
|move|p1a: Raveline|Protect|p1a: Raveline
|-singleturn|p1a: Raveline|Protect
|move|p2a: UFG Icvr|Flare Blitz|p1a: Raveline
|-activate|p1a: Raveline|move: Protect
|
|upkeep
|turn|2
|
|switch|p1a: Day for Night|Eternatus|100/100
|-ability|p1a: Day for Night|Pressure
|-start|p2a: UFG Icvr|Dynamax
|-heal|p2a: UFG Icvr|100/100|[silent]
|move|p2a: UFG Icvr|Max Quake|p1a: Day for Night
|-supereffective|p1a: Day for Night
|-damage|p1a: Day for Night|22/100
|-boost|p2a: UFG Icvr|spd|1
|
|upkeep
|turn|3
|
|move|p1a: Day for Night|Dynamax Cannon|p2a: UFG Icvr
|-damage|p2a: UFG Icvr|43/100
|move|p2a: UFG Icvr|Max Flare|p1a: Day for Night
|-resisted|p1a: Day for Night
|-damage|p1a: Day for Night|0 fnt
|-weather|SunnyDay
|faint|p1a: Day for Night
|
|-weather|SunnyDay|[upkeep]
|upkeep
|
|switch|p1a: Raveline|Zacian-Crowned|100/100
|-ability|p1a: Raveline|Intrepid Sword|boost
|-boost|p1a: Raveline|atk|1
|turn|4
|
|-end|p2a: UFG Icvr|Dynamax
|-heal|p2a: UFG Icvr|43/100|[silent]
|switch|p2a: UFG Clearque|Corviknight, M|100/100
|-ability|p2a: UFG Clearque|Pressure
|move|p1a: Raveline|Wild Charge|p2a: UFG Clearque
|-supereffective|p2a: UFG Clearque
|-damage|p2a: UFG Clearque|32/100
|-damage|p1a: Raveline|84/100|[from] item: Rocky Helmet|[of] p2a: UFG Clearque
|-damage|p1a: Raveline|63/100|[from] Recoil
|
|-weather|SunnyDay|[upkeep]
|upkeep
|turn|5
|
|move|p1a: Raveline|Wild Charge|p2a: UFG Clearque
|-supereffective|p2a: UFG Clearque
|-damage|p2a: UFG Clearque|0 fnt
|-damage|p1a: Raveline|46/100|[from] item: Rocky Helmet|[of] p2a: UFG Clearque
|-damage|p1a: Raveline|36/100|[from] Recoil
|faint|p2a: UFG Clearque
|
|-weather|SunnyDay|[upkeep]
|upkeep
|
|switch|p2a: Cielbakasan|Eternatus|100/100
|-ability|p2a: Cielbakasan|Pressure
|turn|6
|
|switch|p1a: Sun Go Down|Tyranitar, M|100/100
|-weather|Sandstorm|[from] ability: Sand Stream|[of] p1a: Sun Go Down
|switch|p2a: UFG Chinchi|Zacian-Crowned|100/100
|-ability|p2a: UFG Chinchi|Intrepid Sword|boost
|-boost|p2a: UFG Chinchi|atk|1
|
|-weather|Sandstorm|[upkeep]
|upkeep
|turn|7
|
|switch|p1a: Raveline|Zacian-Crowned|36/100
|-ability|p1a: Raveline|Intrepid Sword|boost
|-boost|p1a: Raveline|atk|1
|move|p2a: UFG Chinchi|Wild Charge|p1a: Raveline
|-damage|p1a: Raveline|0 fnt
|-damage|p2a: UFG Chinchi|92/100|[from] Recoil
|faint|p1a: Raveline
|
|-weather|Sandstorm|[upkeep]
|upkeep
|
|switch|p1a: Kicks van Staal|Excadrill, F|100/100
|turn|8
|
|move|p1a: Kicks van Staal|Earthquake|p2a: UFG Chinchi
|-supereffective|p2a: UFG Chinchi
|-damage|p2a: UFG Chinchi|0 fnt
|-damage|p1a: Kicks van Staal|91/100|[from] item: Life Orb
|faint|p2a: UFG Chinchi
|
|-weather|Sandstorm|[upkeep]
|upkeep
|
|switch|p2a: UFG Oats|Tyranitar, M|100/100
|turn|9
|
|switch|p1a: Can't Take This|Corviknight, M|100/100
|-ability|p1a: Can't Take This|Pressure
|move|p2a: UFG Oats|Earthquake|p1a: Can't Take This
|-immune|p1a: Can't Take This
|
|-weather|Sandstorm|[upkeep]
|upkeep
|turn|10
|
|switch|p1a: Sun Go Down|Tyranitar, M|100/100
|move|p2a: UFG Oats|Thunder Wave|p1a: Sun Go Down
|-status|p1a: Sun Go Down|par
|
|-weather|Sandstorm|[upkeep]
|upkeep
|turn|11
|
|move|p2a: UFG Oats|Stealth Rock|p1a: Sun Go Down
|-sidestart|p1: FinnQwert♛♚|move: Stealth Rock
|move|p1a: Sun Go Down|Stealth Rock|p2a: UFG Oats
|-sidestart|p2: UFG Icvr|move: Stealth Rock
|
|-weather|Sandstorm|[upkeep]
|upkeep
|turn|12
|
|move|p2a: UFG Oats|Earthquake|p1a: Sun Go Down
|-supereffective|p1a: Sun Go Down
|-damage|p1a: Sun Go Down|48/100 par
|cant|p1a: Sun Go Down|par
|
|-weather|Sandstorm|[upkeep]
|upkeep
|turn|13
|
|switch|p1a: Can't Take This|Corviknight, M|100/100
|-damage|p1a: Can't Take This|88/100|[from] Stealth Rock
|-ability|p1a: Can't Take This|Pressure
|move|p2a: UFG Oats|Thunder Wave|p1a: Can't Take This
|-status|p1a: Can't Take This|par
|
|-weather|none
|-heal|p1a: Can't Take This|94/100 par|[from] item: Leftovers
|upkeep
|turn|14
|
|switch|p2a: Cielbakasan|Eternatus|100/100
|-damage|p2a: Cielbakasan|88/100|[from] Stealth Rock
|-ability|p2a: Cielbakasan|Pressure
|move|p1a: Can't Take This|Bulk Up|p1a: Can't Take This
|-boost|p1a: Can't Take This|atk|1
|-boost|p1a: Can't Take This|def|1
|
|-heal|p1a: Can't Take This|99/100 par|[from] item: Leftovers
|upkeep
|turn|15
|
|switch|p1a: Sun Go Down|Tyranitar, M|48/100 par
|-damage|p1a: Sun Go Down|36/100 par|[from] Stealth Rock
|-weather|Sandstorm|[from] ability: Sand Stream|[of] p1a: Sun Go Down
|move|p2a: Cielbakasan|Flamethrower|p1a: Sun Go Down
|-resisted|p1a: Sun Go Down
|-damage|p1a: Sun Go Down|27/100 par
|
|-weather|Sandstorm|[upkeep]
|-damage|p2a: Cielbakasan|82/100|[from] Sandstorm
|upkeep
|turn|16
|
|move|p2a: Cielbakasan|Recover|p2a: Cielbakasan
|-heal|p2a: Cielbakasan|100/100
|move|p1a: Sun Go Down|Earthquake|p2a: Cielbakasan
|-supereffective|p2a: Cielbakasan
|-damage|p2a: Cielbakasan|49/100
|
|-weather|Sandstorm|[upkeep]
|-damage|p2a: Cielbakasan|43/100|[from] Sandstorm
|upkeep
|turn|17
|
|move|p2a: Cielbakasan|Recover|p2a: Cielbakasan
|-heal|p2a: Cielbakasan|93/100
|move|p1a: Sun Go Down|Rest|p1a: Sun Go Down
|-status|p1a: Sun Go Down|slp|[from] move: Rest
|-heal|p1a: Sun Go Down|100/100 slp|[silent]
|
|-weather|Sandstorm|[upkeep]
|-damage|p2a: Cielbakasan|87/100|[from] Sandstorm
|upkeep
|turn|18
|
|switch|p1a: Kicks van Staal|Excadrill, F|91/100
|-damage|p1a: Kicks van Staal|87/100|[from] Stealth Rock
|move|p2a: Cielbakasan|Flamethrower|p1a: Kicks van Staal
|-supereffective|p1a: Kicks van Staal
|-damage|p1a: Kicks van Staal|0 fnt
|faint|p1a: Kicks van Staal
|
|-weather|Sandstorm|[upkeep]
|-damage|p2a: Cielbakasan|81/100|[from] Sandstorm
|upkeep
|
|switch|p1a: Sun Go Down|Tyranitar, M|100/100 slp
|-damage|p1a: Sun Go Down|88/100 slp|[from] Stealth Rock
|turn|19
|
|switch|p2a: UFGG|Excadrill, M|100/100
|-damage|p2a: UFGG|97/100|[from] Stealth Rock
|switch|p1a: Can't Take This|Corviknight, M|99/100 par
|-damage|p1a: Can't Take This|88/100 par|[from] Stealth Rock
|-ability|p1a: Can't Take This|Pressure
|
|-weather|Sandstorm|[upkeep]
|-heal|p1a: Can't Take This|94/100 par|[from] item: Leftovers
|upkeep
|turn|20
|
|switch|p2a: Cielbakasan|Eternatus|81/100
|-damage|p2a: Cielbakasan|68/100|[from] Stealth Rock
|-ability|p2a: Cielbakasan|Pressure
|move|p1a: Can't Take This|Bulk Up|p1a: Can't Take This
|-boost|p1a: Can't Take This|atk|1
|-boost|p1a: Can't Take This|def|1
|
|-weather|Sandstorm|[upkeep]
|-damage|p2a: Cielbakasan|62/100|[from] Sandstorm
|-heal|p1a: Can't Take This|99/100 par|[from] item: Leftovers
|upkeep
|turn|21
|
|switch|p2a: UFGG|Excadrill, M|97/100
|-damage|p2a: UFGG|94/100|[from] Stealth Rock
|-start|p1a: Can't Take This|Dynamax
|-heal|p1a: Can't Take This|99/100 par|[silent]
|cant|p1a: Can't Take This|par
|
|-weather|Sandstorm|[upkeep]
|-heal|p1a: Can't Take This|100/100 par|[from] item: Leftovers
|upkeep
|turn|22
|l| lasjdjaosdoasdasd
|
|switch|p2a: UFG Oats|Tyranitar, M|100/100
|-damage|p2a: UFG Oats|88/100|[from] Stealth Rock
|cant|p1a: Can't Take This|par
|
|-weather|none
|-heal|p2a: UFG Oats|94/100|[from] item: Leftovers
|upkeep
|turn|23
|c|☆FinnQwert♛♚|bro
|
|move|p2a: UFG Oats|Crunch|p1a: Can't Take This
|-damage|p1a: Can't Take This|93/100 par
|move|p1a: Can't Take This|Max Knuckle|p2a: UFG Oats
|-supereffective|p2a: UFG Oats
|-damage|p2a: UFG Oats|10/100
|-boost|p1a: Can't Take This|atk|1
|
|-heal|p2a: UFG Oats|16/100|[from] item: Leftovers
|-heal|p1a: Can't Take This|96/100 par|[from] item: Leftovers
|-end|p1a: Can't Take This|Dynamax
|-heal|p1a: Can't Take This|96/100 par|[silent]
|upkeep
|turn|24
|
|move|p2a: UFG Oats|Crunch|p1a: Can't Take This
|-damage|p1a: Can't Take This|81/100 par
|move|p1a: Can't Take This|Bulk Up|p1a: Can't Take This
|-boost|p1a: Can't Take This|atk|1
|-boost|p1a: Can't Take This|def|1
|
|-heal|p2a: UFG Oats|23/100|[from] item: Leftovers
|-heal|p1a: Can't Take This|87/100 par|[from] item: Leftovers
|upkeep
|turn|25
|
|move|p2a: UFG Oats|Crunch|p1a: Can't Take This
|-damage|p1a: Can't Take This|76/100 par
|-unboost|p1a: Can't Take This|def|1
|move|p1a: Can't Take This|Bulk Up|p1a: Can't Take This
|-boost|p1a: Can't Take This|atk|1
|-boost|p1a: Can't Take This|def|1
|
|-heal|p2a: UFG Oats|29/100|[from] item: Leftovers
|-heal|p1a: Can't Take This|82/100 par|[from] item: Leftovers
|upkeep
|turn|26
|
|switch|p2a: Cielbakasan|Eternatus|62/100
|-damage|p2a: Cielbakasan|50/100|[from] Stealth Rock
|-ability|p2a: Cielbakasan|Pressure
|move|p1a: Can't Take This|Roost|p1a: Can't Take This
|-heal|p1a: Can't Take This|100/100 par
|-singleturn|p1a: Can't Take This|move: Roost
|
|upkeep
|turn|27
|
|move|p2a: Cielbakasan|Recover|p2a: Cielbakasan
|-heal|p2a: Cielbakasan|99/100
|move|p1a: Can't Take This|Brave Bird|p2a: Cielbakasan
|-damage|p2a: Cielbakasan|1/100
|-damage|p1a: Can't Take This|66/100 par|[from] Recoil
|
|-heal|p1a: Can't Take This|72/100 par|[from] item: Leftovers
|upkeep
|turn|28
|
|switch|p1a: Sun Go Down|Tyranitar, M|88/100 slp
|-damage|p1a: Sun Go Down|76/100 slp|[from] Stealth Rock
|-weather|Sandstorm|[from] ability: Sand Stream|[of] p1a: Sun Go Down
|move|p2a: Cielbakasan|Flamethrower|p1a: Sun Go Down
|-resisted|p1a: Sun Go Down
|-damage|p1a: Sun Go Down|68/100 slp
|
|-weather|Sandstorm|[upkeep]
|-damage|p2a: Cielbakasan|0 fnt|[from] Sandstorm
|faint|p2a: Cielbakasan
|upkeep
|
|switch|p2a: UFGG|Excadrill, M|94/100
|-damage|p2a: UFGG|91/100|[from] Stealth Rock
|turn|29
|
|switch|p1a: Can't Take This|Corviknight, M|72/100 par
|-damage|p1a: Can't Take This|60/100 par|[from] Stealth Rock
|-ability|p1a: Can't Take This|Pressure
|move|p2a: UFGG|Swords Dance|p2a: UFGG
|-boost|p2a: UFGG|atk|2
|
|-weather|Sandstorm|[upkeep]
|-heal|p1a: Can't Take This|66/100 par|[from] item: Leftovers
|upkeep
|turn|30
|
|move|p2a: UFGG|Rock Slide|p1a: Can't Take This
|-damage|p1a: Can't Take This|20/100 par
|-damage|p2a: UFGG|81/100|[from] item: Life Orb
|move|p1a: Can't Take This|Body Press|p2a: UFGG
|-supereffective|p2a: UFGG
|-damage|p2a: UFGG|9/100
|
|-weather|Sandstorm|[upkeep]
|-heal|p1a: Can't Take This|26/100 par|[from] item: Leftovers
|upkeep
|turn|31
|
|switch|p1a: Sun Go Down|Tyranitar, M|68/100 slp
|-damage|p1a: Sun Go Down|56/100 slp|[from] Stealth Rock
|move|p2a: UFGG|Rock Slide|p1a: Sun Go Down
|-damage|p1a: Sun Go Down|0 fnt
|-damage|p2a: UFGG|0 fnt|[from] item: Life Orb
|faint|p1a: Sun Go Down
|faint|p2a: UFGG
|
|-weather|Sandstorm|[upkeep]
|upkeep
|
|switch|p2a: UFG Icvr|Darmanitan-Galar, M|43/100
|switch|p1a: Til Sunrise|Reshiram, shiny|100/100
|-damage|p2a: UFG Icvr|18/100|[from] Stealth Rock
|-ability|p1a: Til Sunrise|Turboblaze
|turn|32
|
|move|p2a: UFG Icvr|Icicle Crash|p1a: Til Sunrise
|-damage|p1a: Til Sunrise|27/100
|cant|p1a: Til Sunrise|flinch
|
|-weather|Sandstorm|[upkeep]
|-damage|p2a: UFG Icvr|12/100|[from] Sandstorm
|-damage|p1a: Til Sunrise|21/100|[from] Sandstorm
|upkeep
|turn|33
|c|☆FinnQwert♛♚|fuck u
|
|move|p2a: UFG Icvr|Icicle Crash|p1a: Til Sunrise
|-damage|p1a: Til Sunrise|0 fnt
|faint|p1a: Til Sunrise
|
|-weather|Sandstorm|[upkeep]
|-damage|p2a: UFG Icvr|6/100|[from] Sandstorm
|upkeep
|
|switch|p1a: Can't Take This|Corviknight, M|26/100 par
|-damage|p1a: Can't Take This|14/100 par|[from] Stealth Rock
|-ability|p1a: Can't Take This|Pressure
|turn|34
|c|☆UFG Icvr|lol
|c|☆UFG Icvr|ez
|
|move|p2a: UFG Icvr|Icicle Crash|p1a: Can't Take This
|-damage|p1a: Can't Take This|0 fnt
|faint|p1a: Can't Take This
|
|win|UFG Icvr
|c| Reegychodon_64|E
|c|☆FinnQwert♛♚|rtard
|c| Reegychodon_64|Z
|c|☆UFG Icvr|ez
|c|☆UFG Icvr|ptdr
|n|‽FinnQwert♛♚|finnqwert
|raw|FinnQwert♛♚'s rating: 1788 &rarr; <strong>1762</strong><br />(-26 for losing)
|raw|UFG Icvr's rating: 1694 &rarr; <strong>1719</strong><br />(+25 for winning)
