|j|☆Reegychodon_64
|j|☆flaw47
|t:|1659214610
|gametype|singles
|player|p1|Reegychodon_64|birdkeeper|
|player|p2|flaw47|norman|
|teamsize|p1|6
|teamsize|p2|6
|gen|8
|tier|[Gen 8] Ubers
|rule|Sleep Clause Mod: Limit one foe put to sleep
|rule|Species Clause: Limit one of each Pokémon
|rule|OHKO Clause: OHKO moves are banned
|rule|Evasion Moves Clause: Evasion moves are banned
|rule|Endless Battle Clause: Forcing endless battles is banned
|rule|HP Percentage Mod: HP is shown in percentages
|rule|Dynamax Clause: You cannot dynamax
|clearpoke
|poke|p1|Melmetal|
|poke|p1|Landorus-Therian, M|
|poke|p1|Eternatus|
|poke|p1|Marshadow|
|poke|p1|Yveltal|
|poke|p1|Kyogre|
|poke|p2|Urshifu-*, F|
|poke|p2|Yveltal|
|poke|p2|Necrozma-Dusk-Mane|
|poke|p2|Eternatus|
|poke|p2|Xerneas-*|
|poke|p2|Kyogre|
|teampreview
|c|☆Reegychodon_64|hf
|j| Semort
|c|☆flaw47|gl hf
|c| Semort|Lgi flaw
|inactive|Battle timer is ON: inactive players will automatically lose when time's up. (requested by Reegychodon_64)
|l| Semort
|
|t:|1659214685
|start
|switch|p1a: Marshadow|Marshadow|100/100
|switch|p2a: Urshifu|Urshifu, F|100/100
|turn|1
|j| Semort
|
|t:|1659214709
|move|p2a: Urshifu|Sucker Punch|p1a: Marshadow
|-damage|p1a: Marshadow|24/100
|move|p1a: Marshadow|Poltergeist|p2a: Urshifu
|-activate|p2a: Urshifu|move: Poltergeist|Choice Band
|-resisted|p2a: Urshifu
|-damage|p2a: Urshifu|56/100
|
|upkeep
|turn|2
|
|t:|1659214722
|switch|p1a: Landorus|Landorus-Therian, M|100/100
|-ability|p1a: Landorus|Intimidate|boost
|-unboost|p2a: Urshifu|atk|1
|switch|p2a: Yveltal|Yveltal|100/100
|-ability|p2a: Yveltal|Dark Aura
|
|upkeep
|turn|3
|
|t:|1659214733
|switch|p1a: Eternatus|Eternatus|100/100
|-ability|p1a: Eternatus|Pressure
|move|p2a: Yveltal|Knock Off|p1a: Eternatus
|-damage|p1a: Eternatus|56/100
|-enditem|p1a: Eternatus|Heavy-Duty Boots|[from] move: Knock Off|[of] p2a: Yveltal
|
|upkeep
|turn|4
|
|t:|1659214742
|move|p1a: Eternatus|Recover|p1a: Eternatus
|-heal|p1a: Eternatus|100/100
|move|p2a: Yveltal|U-turn|p1a: Eternatus
|-resisted|p1a: Eternatus
|-damage|p1a: Eternatus|92/100
|
|t:|1659214756
|switch|p2a: Necrozma|Necrozma-Dusk-Mane|100/100|[from]move: U-turn
|
|upkeep
|turn|5
|
|t:|1659214764
|switch|p1a: Kyogre|Kyogre|100/100
|-weather|RainDance|[from] ability: Drizzle|[of] p1a: Kyogre
|move|p2a: Necrozma|Stealth Rock|p1a: Kyogre
|-sidestart|p1: Reegychodon_64|move: Stealth Rock
|
|-weather|RainDance|[upkeep]
|upkeep
|turn|6
|j| Darkriba
|
|t:|1659214772
|switch|p2a: Eternatus|Eternatus|100/100
|-ability|p2a: Eternatus|Pressure
|move|p1a: Kyogre|Calm Mind|p1a: Kyogre
|-boost|p1a: Kyogre|spa|1
|-boost|p1a: Kyogre|spd|1
|
|-weather|RainDance|[upkeep]
|upkeep
|turn|7
|
|t:|1659214782
|move|p2a: Eternatus|Toxic|p1a: Kyogre
|-status|p1a: Kyogre|tox
|move|p1a: Kyogre|Ice Beam|p2a: Eternatus
|-supereffective|p2a: Eternatus
|-damage|p2a: Eternatus|49/100
|
|-weather|RainDance|[upkeep]
|-damage|p1a: Kyogre|94/100 tox|[from] psn
|upkeep
|turn|8
|
|t:|1659214793
|move|p2a: Eternatus|Mystical Fire|p1a: Kyogre
|-resisted|p1a: Kyogre
|-damage|p1a: Kyogre|92/100 tox
|-unboost|p1a: Kyogre|spa|1
|move|p1a: Kyogre|Calm Mind|p1a: Kyogre
|-boost|p1a: Kyogre|spa|1
|-boost|p1a: Kyogre|spd|1
|
|-weather|RainDance|[upkeep]
|-heal|p1a: Kyogre|98/100 tox|[from] item: Leftovers
|-damage|p1a: Kyogre|86/100 tox|[from] psn
|upkeep
|turn|9
|
|t:|1659214804
|move|p2a: Eternatus|Recover|p2a: Eternatus
|-heal|p2a: Eternatus|99/100
|move|p1a: Kyogre|Ice Beam|p2a: Eternatus
|-supereffective|p2a: Eternatus
|-damage|p2a: Eternatus|43/100
|-status|p2a: Eternatus|frz
|
|-weather|none
|-heal|p1a: Kyogre|92/100 tox|[from] item: Leftovers
|-damage|p1a: Kyogre|73/100 tox|[from] psn
|upkeep
|turn|10
|j| Elou2000
|
|t:|1659214822
|cant|p2a: Eternatus|frz
|move|p1a: Kyogre|Ice Beam|p2a: Eternatus
|-supereffective|p2a: Eternatus
|-damage|p2a: Eternatus|0 fnt
|faint|p2a: Eternatus
|
|-heal|p1a: Kyogre|79/100 tox|[from] item: Leftovers
|-damage|p1a: Kyogre|55/100 tox|[from] psn
|upkeep
|inactive|flaw47 has 270 seconds left.
|
|t:|1659214853
|switch|p2a: Urshifu|Urshifu, F|56/100
|turn|11
|l| Elou2000
|
|t:|1659214876
|switch|p1a: Yveltal|Yveltal|100/100
|-ability|p1a: Yveltal|Dark Aura
|move|p2a: Urshifu|U-turn|p1a: Yveltal
|-damage|p1a: Yveltal|71/100
|
|t:|1659214884
|switch|p2a: Xerneas|Xerneas|100/100|[from]move: U-turn
|-ability|p2a: Xerneas|Fairy Aura
|
|upkeep
|turn|12
|j| Elou2000
|inactive|Reegychodon_64 has 270 seconds left.
|
|t:|1659214922
|switch|p1a: Eternatus|Eternatus|92/100
|-damage|p1a: Eternatus|80/100|[from] Stealth Rock
|-ability|p1a: Eternatus|Pressure
|move|p2a: Xerneas|Moonblast|p1a: Eternatus
|-damage|p1a: Eternatus|37/100
|
|upkeep
|turn|13
|inactive|flaw47 has 240 seconds left.
|
|t:|1659214952
|switch|p2a: Necrozma|Necrozma-Dusk-Mane|100/100
|move|p1a: Eternatus|Recover|p1a: Eternatus
|-heal|p1a: Eternatus|87/100
|
|upkeep
|turn|14
|j| Sergiopoena
|l| Sergiopoena
|
|t:|1659214962
|switch|p1a: Landorus|Landorus-Therian, M|100/100
|-damage|p1a: Landorus|88/100|[from] Stealth Rock
|-ability|p1a: Landorus|Intimidate|boost
|-unboost|p2a: Necrozma|atk|1
|move|p2a: Necrozma|Thunder Wave|p1a: Landorus
|-immune|p1a: Landorus
|
|-heal|p1a: Landorus|94/100|[from] item: Leftovers
|upkeep
|turn|15
|inactive|Reegychodon_64 has 270 seconds left.
|
|t:|1659214987
|switch|p2a: Yveltal|Yveltal|100/100
|-ability|p2a: Yveltal|Dark Aura
|move|p1a: Landorus|U-turn|p2a: Yveltal
|-damage|p2a: Yveltal|84/100
|l| Elou2000
|
|t:|1659215000
|switch|p1a: Yveltal|Yveltal|71/100|[from]move: U-turn
|-ability|p1a: Yveltal|Dark Aura
|
|upkeep
|turn|16
|
|t:|1659215007
|move|p1a: Yveltal|Defog|p2a: Yveltal
|-unboost|p2a: Yveltal|evasion|1
|-sideend|p1: Reegychodon_64|Stealth Rock|[from] move: Defog|[of] p1a: Yveltal
|move|p2a: Yveltal|Knock Off|p1a: Yveltal
|-resisted|p1a: Yveltal
|-damage|p1a: Yveltal|49/100
|-enditem|p1a: Yveltal|Heavy-Duty Boots|[from] move: Knock Off|[of] p2a: Yveltal
|
|upkeep
|turn|17
|l| Semort
|inactive|flaw47 has 240 seconds left.
|
|t:|1659215016
|move|p1a: Yveltal|Roost|p1a: Yveltal
|-heal|p1a: Yveltal|99/100
|-singleturn|p1a: Yveltal|move: Roost
|move|p2a: Yveltal|U-turn|p1a: Yveltal
|-supereffective|p1a: Yveltal
|-damage|p1a: Yveltal|68/100
|inactive|flaw47 has 240 seconds left.
|
|t:|1659215026
|switch|p2a: Xerneas|Xerneas|100/100|[from]move: U-turn
|-ability|p2a: Xerneas|Fairy Aura
|
|upkeep
|turn|18
|
|t:|1659215040
|switch|p1a: Eternatus|Eternatus|87/100
|-ability|p1a: Eternatus|Pressure
|move|p2a: Xerneas|Moonblast|p1a: Eternatus
|-damage|p1a: Eternatus|45/100
|
|upkeep
|turn|19
|j| Semort
|j| Elou2000
|
|t:|1659215050
|move|p1a: Eternatus|Recover|p1a: Eternatus
|-heal|p1a: Eternatus|95/100
|move|p2a: Xerneas|Geomancy||[still]
|-prepare|p2a: Xerneas|Geomancy
|-enditem|p2a: Xerneas|Power Herb
|-anim|p2a: Xerneas|Geomancy|p2a: Xerneas
|-boost|p2a: Xerneas|spa|2
|-boost|p2a: Xerneas|spd|2
|-boost|p2a: Xerneas|spe|2
|
|upkeep
|turn|20
|
|t:|1659215071
|switch|p1a: Kyogre|Kyogre|55/100 tox
|-weather|RainDance|[from] ability: Drizzle|[of] p1a: Kyogre
|move|p2a: Xerneas|Moonblast|p1a: Kyogre
|-damage|p1a: Kyogre|0 fnt
|faint|p1a: Kyogre
|
|-weather|RainDance|[upkeep]
|upkeep
|
|t:|1659215074
|switch|p1a: Melmetal|Melmetal|100/100
|turn|21
|
|t:|1659215086
|move|p2a: Xerneas|Thunder|p1a: Melmetal
|-damage|p1a: Melmetal|31/100
|move|p1a: Melmetal|Double Iron Bash|p2a: Xerneas
|-supereffective|p2a: Xerneas
|-damage|p2a: Xerneas|33/100
|-supereffective|p2a: Xerneas
|-damage|p2a: Xerneas|0 fnt
|faint|p2a: Xerneas
|-hitcount|p2: Xerneas|2
|
|-weather|RainDance|[upkeep]
|upkeep
|c| Semort|No para => haxx
|c| Elou2000|^
|inactive|flaw47 has 240 seconds left.
|
|t:|1659215118
|switch|p2a: Necrozma|Necrozma-Dusk-Mane|100/100
|turn|22
|
|t:|1659215145
|switch|p1a: Landorus|Landorus-Therian, M|94/100
|-ability|p1a: Landorus|Intimidate|boost
|-unboost|p2a: Necrozma|atk|1
|move|p2a: Necrozma|Stealth Rock|p1a: Landorus
|-sidestart|p1: Reegychodon_64|move: Stealth Rock
|
|-weather|RainDance|[upkeep]
|-heal|p1a: Landorus|99/100|[from] item: Leftovers
|upkeep
|turn|23
|c|☆flaw47|j'aurais aimé compensé le freeze tant pis
|inactive|flaw47 has 240 seconds left.
|
|t:|1659215158
|move|p1a: Landorus|Toxic|p2a: Necrozma
|-immune|p2a: Necrozma
|move|p2a: Necrozma|Iron Head|p1a: Landorus
|-damage|p1a: Landorus|76/100
|
|-weather|RainDance|[upkeep]
|-heal|p1a: Landorus|82/100|[from] item: Leftovers
|upkeep
|turn|24
|c| Semort|Mdrr
|
|t:|1659215165
|move|p1a: Landorus|Toxic|p2a: Necrozma
|-immune|p2a: Necrozma
|move|p2a: Necrozma|Iron Head|p1a: Landorus
|-damage|p1a: Landorus|54/100
|
|-weather|none
|-heal|p1a: Landorus|60/100|[from] item: Leftovers
|upkeep
|turn|25
|inactive|flaw47 has 240 seconds left.
|
|t:|1659215181
|move|p1a: Landorus|Earthquake|p2a: Necrozma
|-supereffective|p2a: Necrozma
|-damage|p2a: Necrozma|48/100
|move|p2a: Necrozma|Iron Head|p1a: Landorus
|-damage|p1a: Landorus|34/100
|
|-heal|p1a: Landorus|40/100|[from] item: Leftovers
|-heal|p2a: Necrozma|54/100|[from] item: Leftovers
|upkeep
|turn|26
|c| Semort|Fallait jouer cc xern que veux tu
|inactive|flaw47 has 240 seconds left.
|c| Elou2000|Le fameux
|c| Elou2000|Xern physique sous côté
|
|t:|1659215209
|move|p1a: Landorus|Stealth Rock|p2a: Necrozma
|-sidestart|p2: flaw47|move: Stealth Rock
|move|p2a: Necrozma|Moonlight|p2a: Necrozma
|-heal|p2a: Necrozma|100/100
|
|-heal|p1a: Landorus|46/100|[from] item: Leftovers
|upkeep
|turn|27
|
|t:|1659215217
|switch|p2a: Yveltal|Yveltal|84/100
|-ability|p2a: Yveltal|Dark Aura
|move|p1a: Landorus|Earthquake|p2a: Yveltal
|-immune|p2a: Yveltal
|
|-heal|p1a: Landorus|52/100|[from] item: Leftovers
|upkeep
|turn|28
|c| Semort|131 en atk en sag
|c| Semort|sah*
|
|t:|1659215229
|switch|p1a: Eternatus|Eternatus|95/100
|-damage|p1a: Eternatus|83/100|[from] Stealth Rock
|-ability|p1a: Eternatus|Pressure
|move|p2a: Yveltal|Knock Off|p1a: Eternatus
|-damage|p1a: Eternatus|56/100
|
|upkeep
|turn|29
|
|t:|1659215242
|move|p1a: Eternatus|Recover|p1a: Eternatus
|-heal|p1a: Eternatus|100/100
|move|p2a: Yveltal|U-turn|p1a: Eternatus
|-resisted|p1a: Eternatus
|-damage|p1a: Eternatus|93/100
|
|t:|1659215254
|switch|p2a: Necrozma|Necrozma-Dusk-Mane|100/100|[from]move: U-turn
|-damage|p2a: Necrozma|94/100|[from] Stealth Rock
|
|-heal|p2a: Necrozma|100/100|[from] item: Leftovers
|upkeep
|turn|30
|
|t:|1659215263
|switch|p1a: Melmetal|Melmetal|31/100
|-damage|p1a: Melmetal|25/100|[from] Stealth Rock
|move|p2a: Necrozma|Iron Head|p1a: Melmetal
|-resisted|p1a: Melmetal
|-damage|p1a: Melmetal|13/100
|
|upkeep
|turn|31
|
|t:|1659215271
|move|p2a: Necrozma|Iron Head|p1a: Melmetal
|-resisted|p1a: Melmetal
|-damage|p1a: Melmetal|0 fnt
|faint|p1a: Melmetal
|
|upkeep
|c| Semort|Let’s go let’s go
|l| Elou2000
|
|t:|1659215287
|switch|p1a: Marshadow|Marshadow|24/100
|-damage|p1a: Marshadow|18/100|[from] Stealth Rock
|turn|32
|inactive|flaw47 has 240 seconds left.
|
|t:|1659215305
|move|p1a: Marshadow|Poltergeist|p2a: Necrozma
|-activate|p2a: Necrozma|move: Poltergeist|Leftovers
|-supereffective|p2a: Necrozma
|-damage|p2a: Necrozma|17/100
|move|p2a: Necrozma|Iron Head|p1a: Marshadow
|-damage|p1a: Marshadow|0 fnt
|faint|p1a: Marshadow
|
|-heal|p2a: Necrozma|23/100|[from] item: Leftovers
|upkeep
|inactive|Reegychodon_64 has 270 seconds left.
|l| Semort
|inactive|Reegychodon_64 has 240 seconds left.
|j| Semort
|j| Elou2000
|
|t:|1659215374
|switch|p1a: Eternatus|Eternatus|93/100
|-damage|p1a: Eternatus|81/100|[from] Stealth Rock
|-ability|p1a: Eternatus|Pressure
|turn|33
|inactive|flaw47 has 240 seconds left.
|
|t:|1659215393
|move|p1a: Eternatus|Flamethrower|p2a: Necrozma
|-supereffective|p2a: Necrozma
|-damage|p2a: Necrozma|0 fnt
|faint|p2a: Necrozma
|
|upkeep
|
|t:|1659215418
|switch|p2a: Yveltal|Yveltal|84/100
|-ability|p2a: Yveltal|Dark Aura
|turn|34
|
|t:|1659215424
|move|p1a: Eternatus|Toxic|p2a: Yveltal
|-status|p2a: Yveltal|tox
|move|p2a: Yveltal|Knock Off|p1a: Eternatus
|-damage|p1a: Eternatus|54/100
|
|-damage|p2a: Yveltal|78/100 tox|[from] psn
|upkeep
|turn|35
|
|t:|1659215433
|move|p1a: Eternatus|Recover|p1a: Eternatus
|-heal|p1a: Eternatus|100/100
|move|p2a: Yveltal|U-turn|p1a: Eternatus
|-resisted|p1a: Eternatus
|-damage|p1a: Eternatus|93/100
|
|t:|1659215439
|switch|p2a: Urshifu|Urshifu, F|56/100|[from]move: U-turn
|-damage|p2a: Urshifu|50/100|[from] Stealth Rock
|
|upkeep
|turn|36
|inactive|Reegychodon_64 has 270 seconds left.
|j| Bhalal
|
|t:|1659215466
|switch|p1a: Landorus|Landorus-Therian, M|52/100
|-damage|p1a: Landorus|40/100|[from] Stealth Rock
|-ability|p1a: Landorus|Intimidate|boost
|-unboost|p2a: Urshifu|atk|1
|move|p2a: Urshifu|Sucker Punch||[still]
|-fail|p2a: Urshifu
|
|-heal|p1a: Landorus|46/100|[from] item: Leftovers
|upkeep
|turn|37
|inactive|Reegychodon_64 has 240 seconds left.
|
|t:|1659215492
|switch|p1a: Yveltal|Yveltal|68/100
|-damage|p1a: Yveltal|43/100|[from] Stealth Rock
|-ability|p1a: Yveltal|Dark Aura
|switch|p2a: Yveltal|Yveltal|78/100 tox
|-ability|p2a: Yveltal|Dark Aura
|
|-damage|p2a: Yveltal|71/100 tox|[from] psn
|upkeep
|turn|38
|inactive|flaw47 has 210 seconds left.
|
|t:|1659215508
|move|p1a: Yveltal|Roost|p1a: Yveltal
|-heal|p1a: Yveltal|93/100
|-singleturn|p1a: Yveltal|move: Roost
|move|p2a: Yveltal|U-turn|p1a: Yveltal
|-supereffective|p1a: Yveltal
|-damage|p1a: Yveltal|59/100
|inactive|flaw47 has 210 seconds left.
|
|t:|1659215515
|switch|p2a: Urshifu|Urshifu, F|50/100|[from]move: U-turn
|-damage|p2a: Urshifu|44/100|[from] Stealth Rock
|
|upkeep
|turn|39
|l| Elou2000
|c| Semort|Gênant l’ambiance là
|inactive|Reegychodon_64 has 240 seconds left.
|
|t:|1659215561
|move|p1a: Yveltal|U-turn|p2a: Urshifu
|-damage|p2a: Urshifu|24/100
|l| Bhalal
|
|t:|1659215564
|switch|p1a: Landorus|Landorus-Therian, M|46/100|[from]move: U-turn
|-damage|p1a: Landorus|34/100|[from] Stealth Rock
|-ability|p1a: Landorus|Intimidate|boost
|-unboost|p2a: Urshifu|atk|1
|move|p2a: Urshifu|Wicked Blow|p1a: Landorus
|-crit|p1a: Landorus
|-damage|p1a: Landorus|0 fnt
|faint|p1a: Landorus
|
|upkeep
|c| Darkriba|l'ambiance mortel des Yveltal :paz:
|
|t:|1659215570
|switch|p1a: Eternatus|Eternatus|93/100
|-damage|p1a: Eternatus|81/100|[from] Stealth Rock
|-ability|p1a: Eternatus|Pressure
|turn|40
|j| Elou2000
|c| Semort|:paz:
|inactive|flaw47 has 210 seconds left.
|
|t:|1659215596
|move|p1a: Eternatus|Dynamax Cannon|p2a: Urshifu
|-damage|p2a: Urshifu|0 fnt
|faint|p2a: Urshifu
|
|upkeep
|inactive|flaw47 has 210 seconds left.
|
|t:|1659215606
|switch|p2a: Kyogre|Kyogre|100/100
|-damage|p2a: Kyogre|88/100|[from] Stealth Rock
|-weather|RainDance|[from] ability: Drizzle|[of] p2a: Kyogre
|turn|41
|inactive|Reegychodon_64 has 240 seconds left.
|inactive|flaw47 has 210 seconds left.
|
|t:|1659215613
|move|p2a: Kyogre|Ice Beam|p1a: Eternatus
|-supereffective|p1a: Eternatus
|-damage|p1a: Eternatus|43/100
|move|p1a: Eternatus|Recover|p1a: Eternatus
|-heal|p1a: Eternatus|93/100
|
|-weather|RainDance|[upkeep]
|upkeep
|turn|42
|
|t:|1659215620
|move|p2a: Kyogre|Ice Beam|p1a: Eternatus
|-supereffective|p1a: Eternatus
|-damage|p1a: Eternatus|49/100
|move|p1a: Eternatus|Toxic|p2a: Kyogre
|-status|p2a: Kyogre|tox
|
|-weather|RainDance|[upkeep]
|-damage|p2a: Kyogre|82/100 tox|[from] psn
|upkeep
|turn|43
|
|t:|1659215627
|move|p2a: Kyogre|Ice Beam|p1a: Eternatus
|-supereffective|p1a: Eternatus
|-damage|p1a: Eternatus|12/100
|move|p1a: Eternatus|Recover|p1a: Eternatus
|-heal|p1a: Eternatus|62/100
|
|-weather|RainDance|[upkeep]
|-damage|p2a: Kyogre|70/100 tox|[from] psn
|upkeep
|turn|44
|c| Elou2000|Where freeze
|c| Semort|No freeze => haxx
|
|t:|1659215635
|move|p2a: Kyogre|Ice Beam|p1a: Eternatus
|-supereffective|p1a: Eternatus
|-damage|p1a: Eternatus|23/100
|-status|p1a: Eternatus|frz
|cant|p1a: Eternatus|frz
|
|-weather|RainDance|[upkeep]
|-damage|p2a: Kyogre|51/100 tox|[from] psn
|upkeep
|turn|45
|c| Semort|OH
|
|t:|1659215643
|move|p2a: Kyogre|Ice Beam|p1a: Eternatus
|-supereffective|p1a: Eternatus
|-damage|p1a: Eternatus|0 fnt
|faint|p1a: Eternatus
|
|-weather|none
|-damage|p2a: Kyogre|27/100 tox|[from] psn
|upkeep
|
|t:|1659215646
|switch|p1a: Yveltal|Yveltal|59/100
|-damage|p1a: Yveltal|34/100|[from] Stealth Rock
|-ability|p1a: Yveltal|Dark Aura
|turn|46
|inactive|flaw47 has 240 seconds left.
|
|t:|1659215653
|move|p2a: Kyogre|Ice Beam|p1a: Yveltal
|-supereffective|p1a: Yveltal
|-damage|p1a: Yveltal|0 fnt
|faint|p1a: Yveltal
|
|win|flaw47
|c| Elou2000|SKlLL ISSUE
|c| Semort|Ggs
|c|☆flaw47|le sssssssssss go
|c| Darkriba|c'est toujours ethernatus qui se fait freeze dans ce match :paz:
|c| Semort|:paz:
|c|☆flaw47|gg
|c| Elou2000|Gg
|c| Darkriba|gg
|l|☆Reegychodon_64
