|j|☆SUPREME BOT
|j|☆Skyward78
|t:|1667222512
|gametype|singles
|player|p1|SUPREME BOT|veteran|1404
|player|p2|Skyward78|gambler|1493
|teamsize|p1|6
|teamsize|p2|6
|gen|8
|tier|[Gen 8] Ubers
|rated|
|rule|Sleep Clause Mod: Limit one foe put to sleep
|rule|Species Clause: Limit one of each Pokémon
|rule|OHKO Clause: OHKO moves are banned
|rule|Evasion Items Clause: Evasion items are banned
|rule|Evasion Moves Clause: Evasion moves are banned
|rule|Endless Battle Clause: Forcing endless battles is banned
|rule|HP Percentage Mod: HP is shown in percentages
|rule|Dynamax Clause: You cannot dynamax
|clearpoke
|poke|p1|Shuckle, M|
|poke|p1|Eternatus|
|poke|p1|Necrozma-Dusk-Mane|
|poke|p1|Calyrex-Shadow|
|poke|p1|Yveltal|
|poke|p1|Kyurem-Black|
|poke|p2|Calyrex-Shadow|
|poke|p2|Eternatus|
|poke|p2|Yveltal|
|poke|p2|Necrozma-Dusk-Mane|
|poke|p2|Ditto|
|poke|p2|Zekrom|
|teampreview
|inactive|Battle timer is ON: inactive players will automatically lose when time's up. (requested by Skyward78)
|c|☆Skyward78|glhf
|
|t:|1667222526
|start
|switch|p1a: Shuckle|Shuckle, M|100/100
|switch|p2a: Yveltal|Yveltal|100/100
|-ability|p2a: Yveltal|Dark Aura
|turn|1
|
|t:|1667222533
|move|p2a: Yveltal|Knock Off|p1a: Shuckle
|-damage|p1a: Shuckle|68/100
|-enditem|p1a: Shuckle|Mental Herb|[from] move: Knock Off|[of] p2a: Yveltal
|move|p1a: Shuckle|Sticky Web|p2a: Yveltal
|-sidestart|p2: Skyward78|move: Sticky Web
|
|upkeep
|turn|2
|
|t:|1667222536
|move|p2a: Yveltal|Taunt|p1a: Shuckle
|-start|p1a: Shuckle|move: Taunt
|cant|p1a: Shuckle|move: Taunt|Stealth Rock
|
|upkeep
|turn|3
|
|t:|1667222544
|switch|p1a: Kyurem|Kyurem-Black|100/100
|-ability|p1a: Kyurem|Teravolt
|move|p2a: Yveltal|Defog|p1a: Kyurem
|-unboost|p1a: Kyurem|evasion|1
|-sideend|p2: Skyward78|Sticky Web|[from] move: Defog|[of] p2a: Yveltal
|
|upkeep
|turn|4
|
|t:|1667222549
|switch|p2a: Necrozma|Necrozma-Dusk-Mane|100/100
|move|p1a: Kyurem|Dragon Dance|p1a: Kyurem
|-boost|p1a: Kyurem|atk|1
|-boost|p1a: Kyurem|spe|1
|
|upkeep
|turn|5
|
|t:|1667222552
|move|p1a: Kyurem|Fling|p2a: Necrozma
|-supereffective|p2a: Necrozma
|-damage|p2a: Necrozma|35/100
|-enditem|p1a: Kyurem|TR43|[from] move: Fling
|move|p2a: Necrozma|Sunsteel Strike|p1a: Kyurem
|-supereffective|p1a: Kyurem
|-damage|p1a: Kyurem|11/100
|
|upkeep
|turn|6
|c|☆SUPREME BOT|Nooooooooooooooooo
|c|☆Skyward78|is that the overheat tr?
|inactive|SUPREME BOT has 120 seconds left.
|c|☆SUPREME BOT|My emotional state is in shambles
|c|☆SUPREME BOT|Yes(it is the tr for overheat
|c|☆SUPREME BOT|)
|c|☆Skyward78|That is hilarious
|
|t:|1667222602
|move|p1a: Kyurem|Fusion Bolt|p2a: Necrozma
|-damage|p2a: Necrozma|0 fnt
|faint|p2a: Necrozma
|
|upkeep
|c|☆Skyward78|Fire set though
|
|t:|1667222607
|switch|p2a: Ditto|Ditto|100/100
|-transform|p2a: Ditto|p1a: Kyurem|[from] ability: Imposter
|-ability|p2a: Ditto|Teravolt
|turn|7
|c|☆SUPREME BOT|wait
|c|☆SUPREME BOT|yo
|c|☆SUPREME BOT|no
|
|t:|1667222625
|move|p2a: Ditto|Icicle Spear|p1a: Kyurem
|-damage|p1a: Kyurem|0 fnt
|faint|p1a: Kyurem
|-hitcount|p1: Kyurem|1
|
|upkeep
|c|☆Skyward78|hi
|inactive|SUPREME BOT has 90 seconds left.
|c|☆SUPREME BOT|Honestly you should have flung and lose the scarf
|c|☆SUPREME BOT|Maybe
|
|t:|1667222667
|switch|p1a: Necrozma|Necrozma-Dusk-Mane|100/100
|turn|8
|
|t:|1667222688
|switch|p2a: Yveltal|Yveltal|100/100
|-ability|p2a: Yveltal|Dark Aura
|move|p1a: Necrozma|Dragon Dance|p1a: Necrozma
|-boost|p1a: Necrozma|atk|1
|-boost|p1a: Necrozma|spe|1
|
|upkeep
|turn|9
|
|t:|1667222703
|move|p1a: Necrozma|Sunsteel Strike|p2a: Yveltal
|-damage|p2a: Yveltal|8/100
|move|p2a: Yveltal|Knock Off|p1a: Necrozma
|-supereffective|p1a: Necrozma
|-damage|p1a: Necrozma|37/100
|-enditem|p1a: Necrozma|Weakness Policy
|-boost|p1a: Necrozma|atk|2|[from] item: Weakness Policy
|-boost|p1a: Necrozma|spa|2|[from] item: Weakness Policy
|
|upkeep
|turn|10
|
|t:|1667222712
|move|p1a: Necrozma|Sunsteel Strike|p2a: Yveltal
|-damage|p2a: Yveltal|0 fnt
|faint|p2a: Yveltal
|
|upkeep
|
|t:|1667222714
|switch|p2a: Ditto|Ditto|100/100
|-transform|p2a: Ditto|p1a: Necrozma|[from] ability: Imposter
|turn|11
|inactive|SUPREME BOT has 90 seconds left.
|
|t:|1667222720
|move|p2a: Ditto|Sunsteel Strike|p1a: Necrozma
|-resisted|p1a: Necrozma
|-damage|p1a: Necrozma|0 fnt
|faint|p1a: Necrozma
|
|upkeep
|inactive|SUPREME BOT has 90 seconds left.
|
|t:|1667222742
|switch|p1a: A-train|Calyrex-Shadow|100/100
|-ability|p1a: A-train|As One
|-ability|p1a: A-train|Unnerve
|turn|12
|
|t:|1667222746
|move|p1a: A-train|Astral Barrage|p2a: Ditto
|-supereffective|p2a: Ditto
|-damage|p2a: Ditto|0 fnt
|faint|p2a: Ditto
|-ability|p1a: A-train|Grim Neigh|boost
|-boost|p1a: A-train|spa|1
|
|upkeep
|
|t:|1667222749
|switch|p2a: Calyrex|Calyrex-Shadow|100/100
|-ability|p2a: Calyrex|As One
|-ability|p2a: Calyrex|Unnerve
|turn|13
|
|t:|1667222755
|move|p1a: A-train|Astral Barrage|p2a: Calyrex
|-supereffective|p2a: Calyrex
|-enditem|p2a: Calyrex|Focus Sash
|-damage|p2a: Calyrex|1/100
|move|p2a: Calyrex|Astral Barrage|p1a: A-train
|-supereffective|p1a: A-train
|-damage|p1a: A-train|0 fnt
|faint|p1a: A-train
|-ability|p2a: Calyrex|Grim Neigh|boost
|-boost|p2a: Calyrex|spa|1
|
|upkeep
|
|t:|1667222761
|switch|p1a: Yveltal|Yveltal|100/100
|-ability|p1a: Yveltal|Dark Aura
|turn|14
|
|t:|1667222764
|move|p1a: Yveltal|Sucker Punch||[still]
|-fail|p1a: Yveltal
|move|p2a: Calyrex|Nasty Plot|p2a: Calyrex
|-boost|p2a: Calyrex|spa|2
|
|upkeep
|turn|15
|
|t:|1667222770
|move|p1a: Yveltal|Sucker Punch||[still]
|-fail|p1a: Yveltal
|move|p2a: Calyrex|Nasty Plot|p2a: Calyrex
|-boost|p2a: Calyrex|spa|2
|
|upkeep
|turn|16
|
|t:|1667222775
|move|p1a: Yveltal|Sucker Punch||[still]
|-fail|p1a: Yveltal
|move|p2a: Calyrex|Nasty Plot|p2a: Calyrex
|-boost|p2a: Calyrex|spa|1
|
|upkeep
|turn|17
|
|t:|1667222779
|move|p1a: Yveltal|Sucker Punch||[still]
|-fail|p1a: Yveltal
|move|p2a: Calyrex|Nasty Plot|p2a: Calyrex
|-boost|p2a: Calyrex|spa|0
|
|upkeep
|turn|18
|
|t:|1667222784
|move|p2a: Calyrex|Draining Kiss|p1a: Yveltal
|-supereffective|p1a: Yveltal
|-damage|p1a: Yveltal|0 fnt
|-heal|p2a: Calyrex|87/100|[from] drain|[of] p1a: Yveltal
|faint|p1a: Yveltal
|
|upkeep
|c|☆Skyward78|Pog
|c|☆SUPREME BOT|F
|c|☆SUPREME BOT|😭
|-message|SUPREME BOT forfeited.
|
|win|Skyward78
|raw|SUPREME BOT's rating: 1404 &rarr; <strong>1389</strong><br />(-15 for losing)
|raw|Skyward78's rating: 1493 &rarr; <strong>1508</strong><br />(+15 for winning)
|l|☆SUPREME BOT
|c|☆Skyward78|gg
