|j|☆Kyohei (Ubers)
|j|☆sanjaymewtwo
|t:|1611734716
|player|p1|Kyohei (Ubers)|elio|
|player|p2|sanjaymewtwo|red-gen1|
|teamsize|p1|6
|teamsize|p2|6
|gametype|singles
|gen|8
|tier|[Gen 8] Ubers
|rated|Tournament battle
|clearpoke
|poke|p1|Marshadow|
|poke|p1|Yveltal|
|poke|p1|Zekrom|
|poke|p1|Klefki, F|
|poke|p1|Kyogre|
|poke|p1|Ho-Oh|
|poke|p2|Kyogre|
|poke|p2|Blissey, F|
|poke|p2|Yveltal|
|poke|p2|Zygarde|
|poke|p2|Necrozma-Dusk-Mane|
|poke|p2|Xerneas|
|rule|Sleep Clause Mod: Limit one foe put to sleep
|rule|Species Clause: Limit one of each Pokémon
|rule|OHKO Clause: OHKO moves are banned
|rule|Evasion Moves Clause: Evasion moves are banned
|rule|Endless Battle Clause: Forcing endless battles is banned
|rule|HP Percentage Mod: HP is shown in percentages
|rule|Dynamax Clause: You cannot dynamax
|teampreview
|j| BasedWhat?
|
|t:|1611734727
|start
|switch|p1a: Whale|Kyogre|100/100
|switch|p2a: Necrozma|Necrozma-Dusk-Mane|100/100
|-weather|RainDance|[from] ability: Drizzle|[of] p1a: Whale
|turn|1
|
|t:|1611734739
|switch|p2a: Kyogre|Kyogre|100/100
|move|p1a: Whale|Water Spout|p2a: Kyogre
|-resisted|p2a: Kyogre
|-damage|p2a: Kyogre|56/100
|
|-weather|RainDance|[upkeep]
|upkeep
|turn|2
|inactive|Battle timer is ON: inactive players will automatically lose when time's up. (requested by sanjaymewtwo)
|
|t:|1611734748
|move|p1a: Whale|Water Spout|p2a: Kyogre
|-resisted|p2a: Kyogre
|-damage|p2a: Kyogre|4/100
|move|p2a: Kyogre|Thunder|p1a: Whale
|-supereffective|p1a: Whale
|-crit|p1a: Whale
|-damage|p1a: Whale|11/100
|
|-weather|RainDance|[upkeep]
|upkeep
|turn|3
|
|t:|1611734757
|switch|p1a: Phoenix|Ho-Oh|100/100
|move|p2a: Kyogre|Thunder|p1a: Phoenix
|-supereffective|p1a: Phoenix
|-damage|p1a: Phoenix|57/100
|
|-weather|RainDance|[upkeep]
|upkeep
|turn|4
|
|t:|1611734764
|move|p2a: Kyogre|Thunder|p1a: Phoenix
|-supereffective|p1a: Phoenix
|-crit|p1a: Phoenix
|-damage|p1a: Phoenix|0 fnt
|faint|p1a: Phoenix
|
|-weather|RainDance|[upkeep]
|upkeep
|
|t:|1611734767
|switch|p1a: Chrom|Zekrom|100/100
|-ability|p1a: Chrom|Teravolt
|turn|5
|
|t:|1611734796
|move|p2a: Kyogre|Thunder|p1a: Chrom
|-resisted|p1a: Chrom
|-damage|p1a: Chrom|90/100
|move|p1a: Chrom|Dragon Dance|p1a: Chrom
|-boost|p1a: Chrom|atk|1
|-boost|p1a: Chrom|spe|1
|
|-weather|none
|-heal|p1a: Chrom|96/100|[from] item: Leftovers
|upkeep
|turn|6
|
|t:|1611734809
|switch|p2a: Blissey|Blissey, F|100/100
|move|p1a: Chrom|Dragon Dance|p1a: Chrom
|-boost|p1a: Chrom|atk|1
|-boost|p1a: Chrom|spe|1
|
|-heal|p1a: Chrom|100/100|[from] item: Leftovers
|upkeep
|turn|7
|
|t:|1611734817
|move|p1a: Chrom|Substitute|p1a: Chrom
|-start|p1a: Chrom|Substitute
|-damage|p1a: Chrom|76/100
|move|p2a: Blissey|Confide|p1a: Chrom
|-unboost|p1a: Chrom|spa|1
|
|-heal|p1a: Chrom|82/100|[from] item: Leftovers
|upkeep
|turn|8
|
|t:|1611734824
|move|p1a: Chrom|Dragon Claw|p2a: Blissey
|-damage|p2a: Blissey|6/100
|move|p2a: Blissey|Seismic Toss|p1a: Chrom
|-end|p1a: Chrom|Substitute
|
|-heal|p1a: Chrom|88/100|[from] item: Leftovers
|upkeep
|turn|9
|
|t:|1611734836
|move|p1a: Chrom|Substitute|p1a: Chrom
|-start|p1a: Chrom|Substitute
|-damage|p1a: Chrom|63/100
|move|p2a: Blissey|Soft-Boiled|p2a: Blissey
|-heal|p2a: Blissey|56/100
|
|-heal|p1a: Chrom|69/100|[from] item: Leftovers
|upkeep
|turn|10
|
|t:|1611734847
|move|p1a: Chrom|Dragon Claw|p2a: Blissey
|-damage|p2a: Blissey|0 fnt
|faint|p2a: Blissey
|
|-heal|p1a: Chrom|75/100|[from] item: Leftovers
|upkeep
|
|t:|1611734858
|switch|p2a: Xerneas|Xerneas|100/100
|-ability|p2a: Xerneas|Fairy Aura
|turn|11
|
|t:|1611734863
|move|p1a: Chrom|Fusion Bolt|p2a: Xerneas
|-damage|p2a: Xerneas|10/100
|move|p2a: Xerneas|Geomancy||[still]
|-prepare|p2a: Xerneas|Geomancy
|-enditem|p2a: Xerneas|Power Herb
|-anim|p2a: Xerneas|Geomancy|p2a: Xerneas
|-boost|p2a: Xerneas|spa|2
|-boost|p2a: Xerneas|spd|2
|-boost|p2a: Xerneas|spe|2
|
|-heal|p1a: Chrom|81/100|[from] item: Leftovers
|upkeep
|turn|12
|
|t:|1611734877
|move|p1a: Chrom|Fusion Bolt|p2a: Xerneas
|-damage|p2a: Xerneas|0 fnt
|faint|p2a: Xerneas
|
|-heal|p1a: Chrom|88/100|[from] item: Leftovers
|upkeep
|
|t:|1611734884
|switch|p2a: Yveltal|Yveltal|100/100
|-ability|p2a: Yveltal|Dark Aura
|turn|13
|
|t:|1611734888
|move|p1a: Chrom|Fusion Bolt|p2a: Yveltal
|-supereffective|p2a: Yveltal
|-damage|p2a: Yveltal|0 fnt
|faint|p2a: Yveltal
|
|-heal|p1a: Chrom|94/100|[from] item: Leftovers
|upkeep
|
|t:|1611734898
|switch|p2a: Zygarde|Zygarde|100/100
|turn|14
|
|t:|1611734901
|move|p1a: Chrom|Dragon Claw|p2a: Zygarde
|-supereffective|p2a: Zygarde
|-damage|p2a: Zygarde|0 fnt
|faint|p2a: Zygarde
|
|-heal|p1a: Chrom|99/100|[from] item: Leftovers
|upkeep
|l| BasedWhat?
|
|t:|1611734918
|switch|p2a: Necrozma|Necrozma-Dusk-Mane|100/100
|turn|15
|
|t:|1611734921
|move|p1a: Chrom|Fusion Bolt|p2a: Necrozma
|-damage|p2a: Necrozma|42/100
|move|p2a: Necrozma|Earthquake|p1a: Chrom
|-supereffective|p1a: Chrom
|-end|p1a: Chrom|Substitute
|
|-heal|p1a: Chrom|100/100|[from] item: Leftovers
|upkeep
|turn|16
|
|t:|1611734936
|move|p1a: Chrom|Fusion Bolt|p2a: Necrozma
|-damage|p2a: Necrozma|0 fnt
|faint|p2a: Necrozma
|
|upkeep
|
|t:|1611734943
|switch|p2a: Kyogre|Kyogre|4/100
|-weather|RainDance|[from] ability: Drizzle|[of] p2a: Kyogre
|turn|17
|c|☆sanjaymewtwo|gg
|
|t:|1611734949
|move|p1a: Chrom|Fusion Bolt|p2a: Kyogre
|-supereffective|p2a: Kyogre
|-damage|p2a: Kyogre|0 fnt
|faint|p2a: Kyogre
|
|win|Kyohei (Ubers)
|n|☆Kyohei (Ubers)|kyoheiubers
|n|☆sanjaymewtwo|sanjaymewtwo
|c|☆Kyohei (Ubers)|gg
|l|☆Kyohei (Ubers)
