|j|☆Rhmsitb
|j|☆Carl Murray
|player|p1|Rhmsitb|red-gen1|
|player|p2|Carl Murray|211|
|teamsize|p1|6
|teamsize|p2|6
|gametype|singles
|gen|8
|tier|[Gen 8] Ubers
|rated|Tournament battle
|clearpoke
|poke|p1|Torkoal, M|
|poke|p1|Zacian-*|
|poke|p1|Eternatus|
|poke|p1|Tyranitar, M|
|poke|p1|Corviknight, M|
|poke|p1|Quagsire, M|
|poke|p2|Zacian-*|
|poke|p2|Eternatus|
|poke|p2|Aegislash, M|
|poke|p2|Ditto|
|poke|p2|Dugtrio, M|
|poke|p2|Corviknight, M|
|rule|Sleep Clause Mod: Limit one foe put to sleep
|rule|Species Clause: Limit one of each Pokémon
|rule|OHKO Clause: OHKO moves are banned
|rule|Evasion Moves Clause: Evasion moves are banned
|rule|Endless Battle Clause: Forcing endless battles is banned
|rule|HP Percentage Mod: HP is shown in percentages
|teampreview
|c|☆Carl Murray|hello buddy
|c|☆Rhmsitb|hey hf
|c|☆Carl Murray|no chatot this time sorry
|j| Regmore
|c|☆Rhmsitb|wheres my chatot
|c|☆Carl Murray|coming soon
|
|start
|switch|p1a: Corviknight|Corviknight, M|100/100
|switch|p2a: Dugtrio|Dugtrio, M|100/100
|-ability|p1a: Corviknight|Pressure
|turn|1
|l| Regmore
|
|switch|p2a: Aegislash|Aegislash, M|100/100
|move|p1a: Corviknight|U-turn|p2a: Aegislash
|-resisted|p2a: Aegislash
|-damage|p2a: Aegislash|98/100
|j| TRHurricane
|
|switch|p1a: Torkoal|Torkoal, M|100/100|[from]move: U-turn
|-weather|SunnyDay|[from] ability: Drought|[of] p1a: Torkoal
|
|-weather|SunnyDay|[upkeep]
|-heal|p2a: Aegislash|100/100|[from] item: Leftovers
|upkeep
|turn|2
|j| Bondi St love love
|
|-formechange|p2a: Aegislash|Aegislash-Blade||[from] ability: Stance Change
|move|p2a: Aegislash|Shadow Ball|p1a: Torkoal
|-damage|p1a: Torkoal|49/100
|move|p1a: Torkoal|Stealth Rock|p2a: Aegislash
|-sidestart|p2: Carl Murray|move: Stealth Rock
|
|-weather|SunnyDay|[upkeep]
|upkeep
|turn|3
|j|+Terra the creator
|
|switch|p2a: Zacian|Zacian-Crowned|100/100
|-damage|p2a: Zacian|94/100|[from] Stealth Rock
|-ability|p2a: Zacian|Intrepid Sword|boost
|-boost|p2a: Zacian|atk|1
|switch|p1a: Tyranitar|Tyranitar, M|100/100
|-weather|Sandstorm|[from] ability: Sand Stream|[of] p1a: Tyranitar
|
|-weather|Sandstorm|[upkeep]
|upkeep
|turn|4
|
|switch|p2a: Corviknight|Corviknight, M|100/100
|-damage|p2a: Corviknight|88/100|[from] Stealth Rock
|-ability|p2a: Corviknight|Pressure
|switch|p1a: Quagsire|Quagsire, M|100/100
|
|-weather|Sandstorm|[upkeep]
|-heal|p2a: Corviknight|94/100|[from] item: Leftovers
|upkeep
|turn|5
|
|switch|p1a: Torkoal|Torkoal, M|49/100
|-weather|SunnyDay|[from] ability: Drought|[of] p1a: Torkoal
|move|p2a: Corviknight|Defog|p1a: Torkoal
|-unboost|p1a: Torkoal|evasion|1
|-sideend|p2: Carl Murray|Stealth Rock|[from] move: Defog|[of] p2a: Corviknight
|
|-weather|SunnyDay|[upkeep]
|-heal|p2a: Corviknight|100/100|[from] item: Leftovers
|upkeep
|turn|6
|
|move|p2a: Corviknight|Taunt|p1a: Torkoal
|-start|p1a: Torkoal|move: Taunt
|cant|p1a: Torkoal|move: Taunt|Stealth Rock
|
|-weather|SunnyDay|[upkeep]
|upkeep
|turn|7
|
|switch|p1a: Tyranitar|Tyranitar, M|100/100
|-weather|Sandstorm|[from] ability: Sand Stream|[of] p1a: Tyranitar
|move|p2a: Corviknight|U-turn|p1a: Tyranitar
|-supereffective|p1a: Tyranitar
|-damage|p1a: Tyranitar|77/100
|
|switch|p2a: Dugtrio|Dugtrio, M|100/100|[from]move: U-turn
|
|-weather|Sandstorm|[upkeep]
|-heal|p1a: Tyranitar|83/100|[from] item: Leftovers
|upkeep
|turn|8
|
|-start|p2a: Dugtrio|Dynamax
|-heal|p2a: Dugtrio|100/100|[silent]
|-start|p1a: Tyranitar|Dynamax
|-heal|p1a: Tyranitar|83/100|[silent]
|move|p2a: Dugtrio|Max Knuckle|p1a: Tyranitar
|-supereffective|p1a: Tyranitar
|-damage|p1a: Tyranitar|37/100
|-boost|p2a: Dugtrio|atk|1
|move|p1a: Tyranitar|Max Quake|p2a: Dugtrio
|-damage|p2a: Dugtrio|41/100
|-boost|p1a: Tyranitar|spd|1
|
|-weather|Sandstorm|[upkeep]
|-heal|p1a: Tyranitar|40/100|[from] item: Leftovers
|upkeep
|turn|9
|
|move|p1a: Tyranitar|Max Guard|p1a: Tyranitar
|-singleturn|p1a: Tyranitar|Max Guard
|move|p2a: Dugtrio|Max Quake|p1a: Tyranitar
|-activate|p1a: Tyranitar|move: Max Guard
|
|-weather|Sandstorm|[upkeep]
|-heal|p1a: Tyranitar|43/100|[from] item: Leftovers
|upkeep
|turn|10
|
|move|p2a: Dugtrio|Max Knuckle|p1a: Tyranitar
|-supereffective|p1a: Tyranitar
|-damage|p1a: Tyranitar|0 fnt
|-boost|p2a: Dugtrio|atk|1
|faint|p1a: Tyranitar
|
|-weather|Sandstorm|[upkeep]
|-end|p2a: Dugtrio|Dynamax
|-heal|p2a: Dugtrio|41/100|[silent]
|upkeep
|
|switch|p1a: Quagsire|Quagsire, M|100/100
|turn|11
|
|move|p2a: Dugtrio|Stealth Rock|p1a: Quagsire
|-sidestart|p1: Rhmsitb|move: Stealth Rock
|move|p1a: Quagsire|Scald|p2a: Dugtrio
|-supereffective|p2a: Dugtrio
|-damage|p2a: Dugtrio|0 fnt
|faint|p2a: Dugtrio
|
|-weather|none
|upkeep
|
|switch|p2a: Eternatus|Eternatus|100/100
|-ability|p2a: Eternatus|Pressure
|turn|12
|
|switch|p1a: Zacian|Zacian-Crowned|100/100
|-damage|p1a: Zacian|94/100|[from] Stealth Rock
|-ability|p1a: Zacian|Intrepid Sword|boost
|-boost|p1a: Zacian|atk|1
|move|p2a: Eternatus|Dynamax Cannon|p1a: Zacian
|-immune|p1a: Zacian
|
|upkeep
|turn|13
|
|move|p1a: Zacian|Play Rough|p2a: Eternatus|[miss]
|-miss|p1a: Zacian|p2a: Eternatus
|move|p2a: Eternatus|Flamethrower|p1a: Zacian
|-supereffective|p1a: Zacian
|-damage|p1a: Zacian|35/100
|
|upkeep
|turn|14
|c|☆Carl Murray|i'm sorry
|
|move|p1a: Zacian|Play Rough|p2a: Eternatus
|-damage|p2a: Eternatus|19/100
|move|p2a: Eternatus|Flamethrower|p1a: Zacian
|-supereffective|p1a: Zacian
|-damage|p1a: Zacian|0 fnt
|faint|p1a: Zacian
|
|upkeep
|j| Tapu Wat
|
|switch|p1a: Eternatus|Eternatus|100/100
|-damage|p1a: Eternatus|88/100|[from] Stealth Rock
|-ability|p1a: Eternatus|Pressure
|turn|15
|c|☆Rhmsitb|nw
|
|switch|p2a: Corviknight|Corviknight, M|100/100
|-ability|p2a: Corviknight|Pressure
|move|p1a: Eternatus|Dragon Tail|p2a: Corviknight
|-resisted|p2a: Corviknight
|-damage|p2a: Corviknight|96/100
|drag|p2a: Aegislash|Aegislash, M|100/100
|
|-heal|p1a: Eternatus|94/100|[from] item: Black Sludge
|upkeep
|turn|16
|c|☆Carl Murray|oh
|c|☆Carl Murray|i like this one
|
|move|p1a: Eternatus|Flamethrower|p2a: Aegislash
|-supereffective|p2a: Aegislash
|-damage|p2a: Aegislash|67/100
|move|p2a: Aegislash|Substitute|p2a: Aegislash
|-start|p2a: Aegislash|Substitute
|-damage|p2a: Aegislash|42/100
|
|-heal|p1a: Eternatus|100/100|[from] item: Black Sludge
|-heal|p2a: Aegislash|48/100|[from] item: Leftovers
|upkeep
|turn|17
|
|move|p1a: Eternatus|Flamethrower|p2a: Aegislash
|-supereffective|p2a: Aegislash
|-end|p2a: Aegislash|Substitute
|-formechange|p2a: Aegislash|Aegislash-Blade||[from] ability: Stance Change
|move|p2a: Aegislash|Shadow Ball|p1a: Eternatus
|-damage|p1a: Eternatus|75/100
|
|-heal|p1a: Eternatus|81/100|[from] item: Black Sludge
|-heal|p2a: Aegislash|55/100|[from] item: Leftovers
|upkeep
|turn|18
|
|-formechange|p2a: Aegislash|Aegislash||[from] ability: Stance Change
|move|p2a: Aegislash|King's Shield|p2a: Aegislash
|-singleturn|p2a: Aegislash|Protect
|move|p1a: Eternatus|Flamethrower|p2a: Aegislash
|-activate|p2a: Aegislash|move: Protect
|
|-heal|p1a: Eternatus|87/100|[from] item: Black Sludge
|-heal|p2a: Aegislash|61/100|[from] item: Leftovers
|upkeep
|turn|19
|
|-formechange|p2a: Aegislash|Aegislash-Blade||[from] ability: Stance Change
|move|p2a: Aegislash|Shadow Ball|p1a: Eternatus
|-damage|p1a: Eternatus|58/100
|move|p1a: Eternatus|Dragon Tail|p2a: Aegislash
|-resisted|p2a: Aegislash
|-damage|p2a: Aegislash|47/100
|drag|p2a: Corviknight|Corviknight, M|96/100
|-ability|p2a: Corviknight|Pressure
|
|-heal|p1a: Eternatus|64/100|[from] item: Black Sludge
|-heal|p2a: Corviknight|100/100|[from] item: Leftovers
|upkeep
|turn|20
|
|move|p1a: Eternatus|Flamethrower|p2a: Corviknight
|-supereffective|p2a: Corviknight
|-damage|p2a: Corviknight|42/100
|move|p2a: Corviknight|U-turn|p1a: Eternatus
|-resisted|p1a: Eternatus
|-damage|p1a: Eternatus|60/100
|l| Tapu Wat
|
|switch|p2a: Zacian|Zacian-Crowned|94/100|[from]move: U-turn
|-ability|p2a: Zacian|Intrepid Sword|boost
|-boost|p2a: Zacian|atk|1
|
|-heal|p1a: Eternatus|66/100|[from] item: Black Sludge
|upkeep
|turn|21
|
|switch|p1a: Torkoal|Torkoal, M|49/100
|-damage|p1a: Torkoal|25/100|[from] Stealth Rock
|-weather|SunnyDay|[from] ability: Drought|[of] p1a: Torkoal
|move|p2a: Zacian|Play Rough|p1a: Torkoal
|-resisted|p1a: Torkoal
|-damage|p1a: Torkoal|3/100
|
|-weather|SunnyDay|[upkeep]
|upkeep
|turn|22
|
|move|p2a: Zacian|Behemoth Blade|p1a: Torkoal
|-resisted|p1a: Torkoal
|-damage|p1a: Torkoal|0 fnt
|faint|p1a: Torkoal
|
|-weather|SunnyDay|[upkeep]
|upkeep
|l|+Terra the creator
|
|switch|p1a: Quagsire|Quagsire, M|100/100
|-damage|p1a: Quagsire|94/100|[from] Stealth Rock
|turn|23
|
|switch|p2a: Corviknight|Corviknight, M|42/100
|-ability|p2a: Corviknight|Pressure
|move|p1a: Quagsire|Scald|p2a: Corviknight
|-crit|p2a: Corviknight
|-damage|p2a: Corviknight|29/100
|
|-weather|SunnyDay|[upkeep]
|-heal|p2a: Corviknight|36/100|[from] item: Leftovers
|upkeep
|turn|24
|j| PleaseStayWithMe
|
|switch|p1a: Eternatus|Eternatus|66/100
|-damage|p1a: Eternatus|54/100|[from] Stealth Rock
|-ability|p1a: Eternatus|Pressure
|move|p2a: Corviknight|Taunt|p1a: Eternatus
|-start|p1a: Eternatus|move: Taunt
|
|-weather|SunnyDay|[upkeep]
|-heal|p1a: Eternatus|60/100|[from] item: Black Sludge
|-heal|p2a: Corviknight|42/100|[from] item: Leftovers
|upkeep
|turn|25
|
|switch|p2a: Ditto|Ditto|100/100
|-transform|p2a: Ditto|p1a: Eternatus|[from] ability: Imposter
|-ability|p2a: Ditto|Pressure
|move|p1a: Eternatus|Flamethrower|p2a: Ditto
|-resisted|p2a: Ditto
|-damage|p2a: Ditto|74/100
|
|-weather|SunnyDay|[upkeep]
|-heal|p1a: Eternatus|66/100|[from] item: Black Sludge
|upkeep
|turn|26
|
|switch|p1a: Corviknight|Corviknight, M|100/100
|-damage|p1a: Corviknight|88/100|[from] Stealth Rock
|-ability|p1a: Corviknight|Pressure
|move|p2a: Ditto|Dragon Tail|p1a: Corviknight
|-resisted|p1a: Corviknight
|-crit|p1a: Corviknight
|-damage|p1a: Corviknight|80/100
|-damage|p2a: Ditto|58/100|[from] item: Rocky Helmet|[of] p1a: Corviknight
|drag|p1a: Eternatus|Eternatus|66/100
|-damage|p1a: Eternatus|54/100|[from] Stealth Rock
|-ability|p1a: Eternatus|Pressure
|
|-weather|SunnyDay|[upkeep]
|-heal|p1a: Eternatus|60/100|[from] item: Black Sludge
|upkeep
|turn|27
|
|switch|p2a: Eternatus|Eternatus|19/100
|-ability|p2a: Eternatus|Pressure
|move|p1a: Eternatus|Recover|p1a: Eternatus
|-heal|p1a: Eternatus|100/100
|
|-weather|SunnyDay|[upkeep]
|upkeep
|turn|28
|
|move|p2a: Eternatus|Dynamax Cannon|p1a: Eternatus
|-supereffective|p1a: Eternatus
|-crit|p1a: Eternatus
|-damage|p1a: Eternatus|0 fnt
|faint|p1a: Eternatus
|
|-weather|none
|upkeep
|c|☆Carl Murray|i'm lucky and bad
|
|switch|p1a: Corviknight|Corviknight, M|80/100
|-damage|p1a: Corviknight|68/100|[from] Stealth Rock
|-ability|p1a: Corviknight|Pressure
|turn|29
|c|☆Rhmsitb|nah
|c|☆Rhmsitb|you have a nice team
|
|move|p2a: Eternatus|Toxic Spikes|p1a: Corviknight
|-sidestart|p1: Rhmsitb|move: Toxic Spikes
|move|p1a: Corviknight|U-turn|p2a: Eternatus
|-resisted|p2a: Eternatus
|-damage|p2a: Eternatus|13/100
|c|☆Carl Murray|idk, apparently reversal dugtrio is unset
|
|switch|p1a: Quagsire|Quagsire, M|94/100|[from]move: U-turn
|-status|p1a: Quagsire|psn
|-damage|p1a: Quagsire|88/100 psn|[from] Stealth Rock
|
|-damage|p1a: Quagsire|76/100 psn|[from] psn
|upkeep
|turn|30
|c| TRHurricane|Lmao
|
|move|p2a: Eternatus|Dynamax Cannon|p1a: Quagsire
|-damage|p1a: Quagsire|10/100 psn
|move|p1a: Quagsire|Earthquake|p2a: Eternatus
|-supereffective|p2a: Eternatus
|-damage|p2a: Eternatus|0 fnt
|faint|p2a: Eternatus
|
|-damage|p1a: Quagsire|0 fnt|[from] psn
|faint|p1a: Quagsire
|upkeep
|c|☆Carl Murray|gg
|
|switch|p2a: Corviknight|Corviknight, M|42/100
|switch|p1a: Corviknight|Corviknight, M|68/100
|-ability|p2a: Corviknight|Pressure
|-damage|p1a: Corviknight|56/100|[from] Stealth Rock
|-ability|p1a: Corviknight|Pressure
|turn|31
|
|move|p2a: Corviknight|Taunt|p1a: Corviknight
|-start|p1a: Corviknight|move: Taunt
|cant|p1a: Corviknight|move: Taunt|Defog
|
|-heal|p2a: Corviknight|48/100|[from] item: Leftovers
|upkeep
|turn|32
|
|move|p1a: Corviknight|U-turn|p2a: Corviknight
|-resisted|p2a: Corviknight
|-damage|p2a: Corviknight|46/100
|move|p2a: Corviknight|Roost|p2a: Corviknight
|-heal|p2a: Corviknight|96/100
|-singleturn|p2a: Corviknight|move: Roost
|
|-heal|p2a: Corviknight|100/100|[from] item: Leftovers
|upkeep
|turn|33
|
|move|p1a: Corviknight|U-turn|p2a: Corviknight
|-resisted|p2a: Corviknight
|-damage|p2a: Corviknight|98/100
|move|p2a: Corviknight|U-turn|p1a: Corviknight
|-resisted|p1a: Corviknight
|-damage|p1a: Corviknight|54/100
|-damage|p2a: Corviknight|82/100|[from] item: Rocky Helmet|[of] p1a: Corviknight
|
|switch|p2a: Zacian|Zacian-Crowned|94/100|[from]move: U-turn
|-ability|p2a: Zacian|Intrepid Sword|boost
|-boost|p2a: Zacian|atk|1
|
|-end|p1a: Corviknight|move: Taunt
|upkeep
|turn|34
|c|☆Rhmsitb|gg
|
|move|p2a: Zacian|Swords Dance|p2a: Zacian
|-boost|p2a: Zacian|atk|2
|move|p1a: Corviknight|Iron Defense|p1a: Corviknight
|-boost|p1a: Corviknight|def|2
|
|upkeep
|turn|35
|c|☆Carl Murray|oh
|c|☆Carl Murray|nice
|
|move|p2a: Zacian|Swords Dance|p2a: Zacian
|-boost|p2a: Zacian|atk|2
|move|p1a: Corviknight|Roost|p1a: Corviknight
|-heal|p1a: Corviknight|100/100
|-singleturn|p1a: Corviknight|move: Roost
|
|upkeep
|turn|36
|
|move|p2a: Zacian|Swords Dance|p2a: Zacian
|-boost|p2a: Zacian|atk|1
|move|p1a: Corviknight|Iron Defense|p1a: Corviknight
|-boost|p1a: Corviknight|def|2
|
|upkeep
|turn|37
|
|move|p2a: Zacian|Behemoth Blade|p1a: Corviknight
|-resisted|p1a: Corviknight
|-damage|p1a: Corviknight|77/100
|-damage|p2a: Zacian|78/100|[from] item: Rocky Helmet|[of] p1a: Corviknight
|move|p1a: Corviknight|Iron Defense|p1a: Corviknight
|-boost|p1a: Corviknight|def|2
|
|upkeep
|turn|38
|
|move|p2a: Zacian|Swords Dance|p2a: Zacian
|-boost|p2a: Zacian|atk|0
|move|p1a: Corviknight|Roost|p1a: Corviknight
|-heal|p1a: Corviknight|100/100
|-singleturn|p1a: Corviknight|move: Roost
|
|upkeep
|turn|39
|
|switch|p2a: Aegislash|Aegislash, M|47/100
|move|p1a: Corviknight|Defog|p2a: Aegislash
|-unboost|p2a: Aegislash|evasion|1
|-sideend|p1: Rhmsitb|Toxic Spikes|[from] move: Defog|[of] p1a: Corviknight
|-sideend|p1: Rhmsitb|Stealth Rock|[from] move: Defog|[of] p1a: Corviknight
|
|-heal|p2a: Aegislash|53/100|[from] item: Leftovers
|upkeep
|turn|40
|
|move|p1a: Corviknight|U-turn|p2a: Aegislash
|-resisted|p2a: Aegislash
|-damage|p2a: Aegislash|51/100
|-formechange|p2a: Aegislash|Aegislash-Blade||[from] ability: Stance Change
|move|p2a: Aegislash|Shadow Ball|p1a: Corviknight
|-damage|p1a: Corviknight|63/100
|
|-heal|p2a: Aegislash|57/100|[from] item: Leftovers
|upkeep
|turn|41
|
|move|p1a: Corviknight|Roost|p1a: Corviknight
|-heal|p1a: Corviknight|100/100
|-singleturn|p1a: Corviknight|move: Roost
|move|p2a: Aegislash|Shadow Ball|p1a: Corviknight
|-damage|p1a: Corviknight|64/100
|
|-heal|p2a: Aegislash|63/100|[from] item: Leftovers
|upkeep
|turn|42
|
|move|p1a: Corviknight|U-turn|p2a: Aegislash
|-resisted|p2a: Aegislash
|-damage|p2a: Aegislash|57/100
|move|p2a: Aegislash|Shadow Ball|p1a: Corviknight
|-damage|p1a: Corviknight|30/100
|
|-heal|p2a: Aegislash|63/100|[from] item: Leftovers
|upkeep
|turn|43
|
|move|p1a: Corviknight|Roost|p1a: Corviknight
|-heal|p1a: Corviknight|80/100
|-singleturn|p1a: Corviknight|move: Roost
|move|p2a: Aegislash|Shadow Ball|p1a: Corviknight
|-damage|p1a: Corviknight|43/100
|-unboost|p1a: Corviknight|spd|1
|
|-heal|p2a: Aegislash|69/100|[from] item: Leftovers
|upkeep
|turn|44
|
|move|p1a: Corviknight|Roost|p1a: Corviknight
|-heal|p1a: Corviknight|93/100
|-singleturn|p1a: Corviknight|move: Roost
|move|p2a: Aegislash|Shadow Ball|p1a: Corviknight
|-damage|p1a: Corviknight|42/100
|-unboost|p1a: Corviknight|spd|1
|
|-heal|p2a: Aegislash|75/100|[from] item: Leftovers
|upkeep
|turn|45
|
|move|p1a: Corviknight|Roost|p1a: Corviknight
|-heal|p1a: Corviknight|92/100
|-singleturn|p1a: Corviknight|move: Roost
|move|p2a: Aegislash|Shadow Ball|p1a: Corviknight
|-crit|p1a: Corviknight
|-damage|p1a: Corviknight|0 fnt
|faint|p1a: Corviknight
|
|win|Carl Murray
