|j|☆neptune732
|j|☆ult4pdr mush
|t:|1654309366
|gametype|singles
|player|p1|neptune732|265|1488
|player|p2|ult4pdr mush|lass|1705
|teamsize|p1|6
|teamsize|p2|6
|gen|8
|tier|[Gen 8] Ubers
|rated|
|rule|Sleep Clause Mod: Limit one foe put to sleep
|rule|Species Clause: Limit one of each Pokémon
|rule|OHKO Clause: OHKO moves are banned
|rule|Evasion Moves Clause: Evasion moves are banned
|rule|Endless Battle Clause: Forcing endless battles is banned
|rule|HP Percentage Mod: HP is shown in percentages
|rule|Dynamax Clause: You cannot dynamax
|clearpoke
|poke|p1|Cloyster, F|
|poke|p1|Aegislash, F|
|poke|p1|Kyurem-Black|
|poke|p1|Urshifu-*, M|
|poke|p1|Dragapult, M|
|poke|p1|Xerneas-*|
|poke|p2|Calyrex-Shadow|
|poke|p2|Necrozma-Dusk-Mane|
|poke|p2|Groudon|
|poke|p2|Landorus-Therian, M|
|poke|p2|Eternatus|
|poke|p2|Yveltal|
|teampreview
|
|t:|1654309382
|start
|switch|p1a: Cloyster|Cloyster, F|100/100
|switch|p2a: Groudon|Groudon|100/100
|-weather|SunnyDay|[from] ability: Drought|[of] p2a: Groudon
|turn|1
|inactive|Battle timer is ON: inactive players will automatically lose when time's up. (requested by neptune732)
|
|t:|1654309388
|move|p1a: Cloyster|Shell Smash|p1a: Cloyster
|-unboost|p1a: Cloyster|def|1
|-unboost|p1a: Cloyster|spd|1
|-boost|p1a: Cloyster|atk|2
|-boost|p1a: Cloyster|spa|2
|-boost|p1a: Cloyster|spe|2
|move|p2a: Groudon|Roar|p1a: Cloyster
|drag|p1a: Dragapult|Dragapult, M|100/100
|
|-weather|SunnyDay|[upkeep]
|upkeep
|turn|2
|
|t:|1654309397
|move|p1a: Dragapult|Will-O-Wisp|p2a: Groudon
|-status|p2a: Groudon|brn
|move|p2a: Groudon|Stealth Rock|p1a: Dragapult
|-sidestart|p1: neptune732|move: Stealth Rock
|
|-weather|SunnyDay|[upkeep]
|-damage|p2a: Groudon|94/100 brn|[from] brn
|upkeep
|turn|3
|
|t:|1654309405
|switch|p1a: Cloyster|Cloyster, F|100/100
|-damage|p1a: Cloyster|76/100|[from] Stealth Rock
|switch|p2a: Yveltal|Yveltal|100/100
|-ability|p2a: Yveltal|Dark Aura
|
|-weather|SunnyDay|[upkeep]
|upkeep
|turn|4
|
|t:|1654309418
|switch|p2a: Necrozma|Necrozma-Dusk-Mane|100/100
|move|p1a: Cloyster|Shell Smash|p1a: Cloyster
|-unboost|p1a: Cloyster|def|1
|-unboost|p1a: Cloyster|spd|1
|-boost|p1a: Cloyster|atk|2
|-boost|p1a: Cloyster|spa|2
|-boost|p1a: Cloyster|spe|2
|
|-weather|SunnyDay|[upkeep]
|upkeep
|turn|5
|
|t:|1654309427
|move|p1a: Cloyster|Rapid Spin|p2a: Necrozma
|-resisted|p2a: Necrozma
|-damage|p2a: Necrozma|89/100
|-boost|p1a: Cloyster|spe|1
|-sideend|p1: neptune732|Stealth Rock|[from] move: Rapid Spin|[of] p1a: Cloyster
|move|p2a: Necrozma|Sunsteel Strike|p1a: Cloyster
|-damage|p1a: Cloyster|14/100
|
|-weather|none
|-heal|p2a: Necrozma|95/100|[from] item: Leftovers
|upkeep
|turn|6
|
|t:|1654309439
|move|p1a: Cloyster|Icicle Spear|p2a: Necrozma
|-resisted|p2a: Necrozma
|-damage|p2a: Necrozma|86/100
|-resisted|p2a: Necrozma
|-damage|p2a: Necrozma|79/100
|-resisted|p2a: Necrozma
|-damage|p2a: Necrozma|71/100
|-resisted|p2a: Necrozma
|-damage|p2a: Necrozma|64/100
|-resisted|p2a: Necrozma
|-damage|p2a: Necrozma|55/100
|-hitcount|p2a: Necrozma|5
|move|p2a: Necrozma|Knock Off|p1a: Cloyster
|-damage|p1a: Cloyster|0 fnt
|-enditem|p1a: Cloyster|Focus Sash|[from] move: Knock Off|[of] p2a: Necrozma
|faint|p1a: Cloyster
|
|-heal|p2a: Necrozma|61/100|[from] item: Leftovers
|upkeep
|
|t:|1654309460
|switch|p1a: Urshifu|Urshifu, M|100/100
|turn|7
|
|t:|1654309469
|switch|p2a: Groudon|Groudon|94/100 brn
|-weather|SunnyDay|[from] ability: Drought|[of] p2a: Groudon
|move|p1a: Urshifu|U-turn|p2a: Groudon
|-damage|p2a: Groudon|81/100 brn
|
|t:|1654309476
|switch|p1a: Kyurem|Kyurem-Black|100/100|[from]move: U-turn
|-ability|p1a: Kyurem|Teravolt
|
|-weather|SunnyDay|[upkeep]
|-heal|p2a: Groudon|87/100 brn|[from] item: Leftovers
|-damage|p2a: Groudon|81/100 brn|[from] brn
|upkeep
|turn|8
|
|t:|1654309501
|move|p1a: Kyurem|Dragon Dance|p1a: Kyurem
|-boost|p1a: Kyurem|atk|1
|-boost|p1a: Kyurem|spe|1
|move|p2a: Groudon|Roar|p1a: Kyurem
|drag|p1a: Urshifu|Urshifu, M|100/100
|
|-weather|SunnyDay|[upkeep]
|-heal|p2a: Groudon|87/100 brn|[from] item: Leftovers
|-damage|p2a: Groudon|81/100 brn|[from] brn
|upkeep
|turn|9
|
|t:|1654309520
|move|p1a: Urshifu|U-turn|p2a: Groudon
|-damage|p2a: Groudon|68/100 brn
|
|t:|1654309522
|switch|p1a: Kyurem|Kyurem-Black|100/100|[from]move: U-turn
|-ability|p1a: Kyurem|Teravolt
|move|p2a: Groudon|Stealth Rock|p1a: Kyurem
|-sidestart|p1: neptune732|move: Stealth Rock
|
|-weather|SunnyDay|[upkeep]
|-heal|p2a: Groudon|74/100 brn|[from] item: Leftovers
|-damage|p2a: Groudon|68/100 brn|[from] brn
|upkeep
|turn|10
|
|t:|1654309533
|switch|p2a: Necrozma|Necrozma-Dusk-Mane|61/100
|move|p1a: Kyurem|Icicle Spear|p2a: Necrozma
|-resisted|p2a: Necrozma
|-damage|p2a: Necrozma|56/100
|-resisted|p2a: Necrozma
|-damage|p2a: Necrozma|50/100
|-hitcount|p2a: Necrozma|2
|
|-weather|SunnyDay|[upkeep]
|-heal|p2a: Necrozma|56/100|[from] item: Leftovers
|upkeep
|turn|11
|
|t:|1654309542
|move|p1a: Kyurem|Fling|p2a: Necrozma
|-supereffective|p2a: Necrozma
|-damage|p2a: Necrozma|0 fnt
|-enditem|p1a: Kyurem|TR71|[from] move: Fling
|faint|p2a: Necrozma
|
|-weather|none
|upkeep
|j|+ATTRIBUTE
|j| I am CrazyClown
|c|☆ult4pdr mush|cool set
|
|t:|1654309570
|switch|p2a: Eternatus|Eternatus|100/100
|-ability|p2a: Eternatus|Pressure
|turn|12
|
|t:|1654309577
|switch|p1a: Aegislash|Aegislash, F|100/100
|-damage|p1a: Aegislash|95/100|[from] Stealth Rock
|move|p2a: Eternatus|Cosmic Power|p2a: Eternatus
|-boost|p2a: Eternatus|def|1
|-boost|p2a: Eternatus|spd|1
|
|upkeep
|turn|13
|
|t:|1654309595
|switch|p1a: Xerneas|Xerneas|100/100
|-damage|p1a: Xerneas|88/100|[from] Stealth Rock
|-ability|p1a: Xerneas|Fairy Aura
|move|p2a: Eternatus|Cosmic Power|p2a: Eternatus
|-boost|p2a: Eternatus|def|1
|-boost|p2a: Eternatus|spd|1
|
|upkeep
|turn|14
|
|t:|1654309603
|move|p2a: Eternatus|Meteor Beam||[still]
|-prepare|p2a: Eternatus|Meteor Beam
|-boost|p2a: Eternatus|spa|1
|-enditem|p2a: Eternatus|Power Herb
|-anim|p2a: Eternatus|Meteor Beam|p1a: Xerneas
|-damage|p1a: Xerneas|43/100
|move|p1a: Xerneas|Geomancy||[still]
|-prepare|p1a: Xerneas|Geomancy
|-enditem|p1a: Xerneas|Power Herb
|-anim|p1a: Xerneas|Geomancy|p1a: Xerneas
|-boost|p1a: Xerneas|spa|2
|-boost|p1a: Xerneas|spd|2
|-boost|p1a: Xerneas|spe|2
|
|upkeep
|turn|15
|j| JirachiFlinch
|c| JirachiFlinch|ofc hes losing
|c| JirachiFlinch|smh my head
|c| I am CrazyClown|LOL
|
|t:|1654309620
|move|p1a: Xerneas|Moonblast|p2a: Eternatus
|-damage|p2a: Eternatus|53/100
|move|p2a: Eternatus|Meteor Beam||[still]
|-prepare|p2a: Eternatus|Meteor Beam
|-boost|p2a: Eternatus|spa|1
|
|upkeep
|turn|16
|inactive|neptune732 has 120 seconds left.
|j| just like hunny
|c| JirachiFlinch|neptune732 u got this
|
|t:|1654309657
|move|p1a: Xerneas|Moonblast|p2a: Eternatus
|-damage|p2a: Eternatus|4/100
|move|p2a: Eternatus|Meteor Beam|p1a: Xerneas|[from]lockedmove
|-damage|p1a: Xerneas|13/100
|
|upkeep
|turn|17
|j| hatred heart
|
|t:|1654309672
|switch|p2a: Groudon|Groudon|68/100 brn
|-weather|SunnyDay|[from] ability: Drought|[of] p2a: Groudon
|move|p1a: Xerneas|Moonblast|p2a: Groudon
|-damage|p2a: Groudon|0 fnt
|faint|p2a: Groudon
|
|-weather|SunnyDay|[upkeep]
|upkeep
|j| TheWyvernKing
|
|t:|1654309674
|switch|p2a: Landorus|Landorus-Therian, M|100/100
|-ability|p2a: Landorus|Intimidate|boost
|-unboost|p1a: Xerneas|atk|1
|turn|18
|j| a lot of nekos
|
|t:|1654309684
|move|p1a: Xerneas|Moonblast|p2a: Landorus
|-enditem|p2a: Landorus|Focus Sash
|-damage|p2a: Landorus|1/100
|move|p2a: Landorus|Earthquake|p1a: Xerneas
|-damage|p1a: Xerneas|0 fnt
|faint|p1a: Xerneas
|
|-weather|SunnyDay|[upkeep]
|upkeep
|inactive|neptune732 has 120 seconds left.
|
|t:|1654309700
|switch|p1a: Urshifu|Urshifu, M|100/100
|-damage|p1a: Urshifu|94/100|[from] Stealth Rock
|turn|19
|inactive|neptune732 has 120 seconds left.
|
|t:|1654309720
|move|p1a: Urshifu|U-turn|p2a: Landorus
|-resisted|p2a: Landorus
|-damage|p2a: Landorus|0 fnt
|faint|p2a: Landorus
|inactive|neptune732 has 120 seconds left.
|
|t:|1654309730
|switch|p1a: Dragapult|Dragapult, M|100/100|[from]move: U-turn
|-damage|p1a: Dragapult|88/100|[from] Stealth Rock
|
|-weather|SunnyDay|[upkeep]
|upkeep
|
|t:|1654309735
|switch|p2a: Calyrex|Calyrex-Shadow|100/100
|-ability|p2a: Calyrex|As One
|-ability|p2a: Calyrex|Unnerve
|turn|20
|
|t:|1654309741
|move|p1a: Dragapult|Sucker Punch|p2a: Calyrex
|-supereffective|p2a: Calyrex
|-damage|p2a: Calyrex|0 fnt
|faint|p2a: Calyrex
|-damage|p1a: Dragapult|79/100|[from] item: Life Orb
|
|-weather|SunnyDay|[upkeep]
|upkeep
|c| JirachiFlinch|Like
|c| JirachiFlinch|this kid is actually
|c| JirachiFlinch|TRASH
|
|t:|1654309751
|switch|p2a: Yveltal|Yveltal|100/100
|-ability|p2a: Yveltal|Dark Aura
|turn|21
|
|t:|1654309756
|move|p1a: Dragapult|Will-O-Wisp|p2a: Yveltal
|-status|p2a: Yveltal|brn
|move|p2a: Yveltal|Knock Off|p1a: Dragapult
|-supereffective|p1a: Dragapult
|-damage|p1a: Dragapult|6/100
|-enditem|p1a: Dragapult|Life Orb|[from] move: Knock Off|[of] p2a: Yveltal
|
|-weather|none
|-damage|p2a: Yveltal|94/100 brn|[from] brn
|upkeep
|turn|22
|
|t:|1654309766
|move|p1a: Dragapult|Draco Meteor|p2a: Yveltal
|-damage|p2a: Yveltal|58/100 brn
|-unboost|p1a: Dragapult|spa|2
|move|p2a: Yveltal|Knock Off|p1a: Dragapult
|-supereffective|p1a: Dragapult
|-damage|p1a: Dragapult|0 fnt
|faint|p1a: Dragapult
|
|-damage|p2a: Yveltal|52/100 brn|[from] brn
|upkeep
|
|t:|1654309782
|switch|p1a: Kyurem|Kyurem-Black|100/100
|-damage|p1a: Kyurem|76/100|[from] Stealth Rock
|-ability|p1a: Kyurem|Teravolt
|turn|23
|-message|ult4pdr mush forfeited.
|
|win|neptune732
|raw|neptune732's rating: 1488 &rarr; <strong>1519</strong><br />(+31 for winning)
|raw|ult4pdr mush's rating: 1705 &rarr; <strong>1674</strong><br />(-31 for losing)
