|j|☆is bp broken?
|j|☆Magikarp4000
|player|p1|is bp broken?|n|1486
|player|p2|Magikarp4000|bellelba|1435
|teamsize|p1|6
|teamsize|p2|6
|gametype|singles
|gen|8
|tier|[Gen 8] Ubers
|rated|
|clearpoke
|poke|p1|Ninjask, F|
|poke|p1|Dubwool, F|
|poke|p1|Indeedee-F, F|
|poke|p1|Vaporeon, M|
|poke|p1|Mew|
|poke|p1|Espeon, M|
|poke|p2|Necrozma-Dusk-Mane|
|poke|p2|Marshadow|
|poke|p2|Umbreon, M|
|poke|p2|Toxapex, F|
|poke|p2|Dracovish|
|poke|p2|Ferrothorn, M|
|rule|Sleep Clause Mod: Limit one foe put to sleep
|rule|Species Clause: Limit one of each Pokémon
|rule|OHKO Clause: OHKO moves are banned
|rule|Evasion Moves Clause: Evasion moves are banned
|rule|Endless Battle Clause: Forcing endless battles is banned
|rule|HP Percentage Mod: HP is shown in percentages
|html|Ubers Dynamax Clause: Pokémon on the <a href="https://www.smogon.com/dex/ss/formats/uber/">Ubers Dynamax Banlist</a> cannot Dynamax.
|teampreview
|c|☆Magikarp4000|glhf
|c|☆is bp broken?|hf
|inactive|Battle timer is ON: inactive players will automatically lose when time's up. (requested by is bp broken?)
|
|start
|switch|p1a: Ninjask|Ninjask, F, shiny|100/100
|switch|p2a: Necrozma|Necrozma-Dusk-Mane|100/100
|turn|1
|c|☆Magikarp4000|i mean bp isnt too good anymore
|
|move|p1a: Ninjask|Substitute|p1a: Ninjask
|-start|p1a: Ninjask|Substitute
|-damage|p1a: Ninjask|76/100
|move|p2a: Necrozma|Trick Room|p2a: Necrozma
|-fieldstart|move: Trick Room|[of] p2a: Necrozma
|
|-ability|p1a: Ninjask|Speed Boost|boost
|-boost|p1a: Ninjask|spe|1
|upkeep
|turn|2
|c|☆is bp broken?|yeah, I've heard a lot of people complain about it tho, so I made this alt to test it
|
|move|p1a: Ninjask|Protect|p1a: Ninjask
|-singleturn|p1a: Ninjask|Protect
|move|p2a: Necrozma|Swords Dance|p2a: Necrozma
|-boost|p2a: Necrozma|atk|2
|
|-ability|p1a: Ninjask|Speed Boost|boost
|-boost|p1a: Ninjask|spe|1
|upkeep
|turn|3
|c|☆Magikarp4000|oh lol
|inactive|is bp broken? has 120 seconds left.
|c|☆is bp broken?|imo full bp isn't that good, smash pass is really good, but full pass is mu specific
|
|move|p2a: Necrozma|Sunsteel Strike|p1a: Ninjask
|-end|p1a: Ninjask|Substitute
|move|p1a: Ninjask|Substitute|p1a: Ninjask
|-start|p1a: Ninjask|Substitute
|-damage|p1a: Ninjask|51/100
|
|-ability|p1a: Ninjask|Speed Boost|boost
|-boost|p1a: Ninjask|spe|1
|upkeep
|turn|4
|
|move|p2a: Necrozma|Swords Dance|p2a: Necrozma
|-boost|p2a: Necrozma|atk|2
|move|p1a: Ninjask|Substitute|p1a: Ninjask
|-fail|p1a: Ninjask|move: Substitute
|
|-ability|p1a: Ninjask|Speed Boost|boost
|-boost|p1a: Ninjask|spe|1
|upkeep
|turn|5
|
|move|p1a: Ninjask|Protect|p1a: Ninjask
|-singleturn|p1a: Ninjask|Protect
|move|p2a: Necrozma|Sunsteel Strike|p1a: Ninjask
|-activate|p1a: Ninjask|move: Protect
|
|-fieldend|move: Trick Room
|-ability|p1a: Ninjask|Speed Boost|boost
|-boost|p1a: Ninjask|spe|1
|upkeep
|turn|6
|
|move|p1a: Ninjask|Baton Pass|p1a: Ninjask
|
|switch|p1a: Mew|Mew, shiny|100/100|[from]move: Baton Pass
|move|p2a: Necrozma|Sunsteel Strike|p1a: Mew
|-end|p1a: Mew|Substitute
|
|upkeep
|turn|7
|
|move|p1a: Mew|Will-O-Wisp|p2a: Necrozma
|-status|p2a: Necrozma|brn
|move|p2a: Necrozma|Sunsteel Strike|p1a: Mew
|-damage|p1a: Mew|22/100
|
|-heal|p1a: Mew|28/100|[from] item: Leftovers
|-damage|p2a: Necrozma|94/100 brn|[from] brn
|upkeep
|turn|8
|
|move|p1a: Mew|Baton Pass|p1a: Mew
|
|switch|p1a: Vaporeon|Vaporeon, M|100/100|[from]move: Baton Pass
|move|p2a: Necrozma|Trick Room|p2a: Necrozma
|-fieldstart|move: Trick Room|[of] p2a: Necrozma
|
|-damage|p2a: Necrozma|88/100 brn|[from] brn
|upkeep
|turn|9
|
|move|p2a: Necrozma|Swords Dance|p2a: Necrozma
|-boost|p2a: Necrozma|atk|2
|move|p1a: Vaporeon|Acid Armor|p1a: Vaporeon
|-boost|p1a: Vaporeon|def|2
|
|-damage|p2a: Necrozma|82/100 brn|[from] brn
|upkeep
|turn|10
|
|move|p2a: Necrozma|Photon Geyser|p1a: Vaporeon
|-damage|p1a: Vaporeon|57/100
|move|p1a: Vaporeon|Acid Armor|p1a: Vaporeon
|-boost|p1a: Vaporeon|def|2
|
|-heal|p1a: Vaporeon|63/100|[from] item: Leftovers
|-damage|p2a: Necrozma|76/100 brn|[from] brn
|upkeep
|turn|11
|
|move|p2a: Necrozma|Photon Geyser|p1a: Vaporeon
|-damage|p1a: Vaporeon|31/100
|move|p1a: Vaporeon|Aqua Ring|p1a: Vaporeon
|-start|p1a: Vaporeon|Aqua Ring
|
|-heal|p1a: Vaporeon|37/100|[from] item: Leftovers
|-heal|p1a: Vaporeon|44/100|[from] Aqua Ring
|-damage|p2a: Necrozma|70/100 brn|[from] brn
|upkeep
|turn|12
|
|switch|p2a: Marshadow|Marshadow|100/100
|move|p1a: Vaporeon|Acid Armor|p1a: Vaporeon
|-boost|p1a: Vaporeon|def|2
|
|-heal|p1a: Vaporeon|50/100|[from] item: Leftovers
|-heal|p1a: Vaporeon|56/100|[from] Aqua Ring
|-fieldend|move: Trick Room
|upkeep
|turn|13
|j|+Perry
|
|switch|p2a: Toxapex|Toxapex, F|100/100
|move|p1a: Vaporeon|Baton Pass|p1a: Vaporeon
|
|switch|p1a: Indeedee|Indeedee-F, F|100/100|[from]move: Baton Pass
|-fieldstart|move: Psychic Terrain|[from] ability: Psychic Surge|[of] p1a: Indeedee
|
|upkeep
|turn|14
|
|move|p2a: Toxapex|Baneful Bunker|p2a: Toxapex
|-singleturn|p2a: Toxapex|move: Protect
|move|p1a: Indeedee|Stored Power|p2a: Toxapex
|-activate|p2a: Toxapex|move: Protect
|
|upkeep
|turn|15
|
|switch|p2a: Umbreon|Umbreon, M|100/100
|move|p1a: Indeedee|Calm Mind|p1a: Indeedee
|-boost|p1a: Indeedee|spa|1
|-boost|p1a: Indeedee|spd|1
|
|upkeep
|turn|16
|
|move|p1a: Indeedee|Calm Mind|p1a: Indeedee
|-boost|p1a: Indeedee|spa|1
|-boost|p1a: Indeedee|spd|1
|move|p2a: Umbreon|Toxic|p1a: Indeedee
|-status|p1a: Indeedee|tox
|
|-damage|p1a: Indeedee|94/100 tox|[from] psn
|upkeep
|turn|17
|
|move|p1a: Indeedee|Calm Mind|p1a: Indeedee
|-boost|p1a: Indeedee|spa|1
|-boost|p1a: Indeedee|spd|1
|move|p2a: Umbreon|Heal Bell|p2a: Umbreon
|-activate|p2a: Umbreon|move: Heal Bell
|-curestatus|p2: Necrozma|brn|[msg]
|
|-heal|p1a: Indeedee|100/100 tox|[from] item: Leftovers
|-damage|p1a: Indeedee|88/100 tox|[from] psn
|-fieldend|move: Psychic Terrain
|upkeep
|turn|18
|
|move|p1a: Indeedee|Calm Mind|p1a: Indeedee
|-boost|p1a: Indeedee|spa|1
|-boost|p1a: Indeedee|spd|1
|move|p2a: Umbreon|Wish|p2a: Umbreon
|
|-heal|p1a: Indeedee|94/100 tox|[from] item: Leftovers
|-heal|p1a: Indeedee|100/100 tox|[from] Aqua Ring
|-damage|p1a: Indeedee|82/100 tox|[from] psn
|upkeep
|turn|19
|
|switch|p2a: Necrozma|Necrozma-Dusk-Mane|70/100
|move|p1a: Indeedee|Dazzling Gleam|p2a: Necrozma
|-resisted|p2a: Necrozma
|-damage|p2a: Necrozma|43/100
|
|-heal|p2a: Necrozma|92/100|[from] move: Wish|[wisher] Umbreon
|-heal|p1a: Indeedee|88/100 tox|[from] item: Leftovers
|-heal|p1a: Indeedee|94/100 tox|[from] Aqua Ring
|-damage|p1a: Indeedee|70/100 tox|[from] psn
|upkeep
|turn|20
|
|move|p1a: Indeedee|Stored Power|p2a: Necrozma
|-resisted|p2a: Necrozma
|-damage|p2a: Necrozma|0 fnt
|faint|p2a: Necrozma
|
|-heal|p1a: Indeedee|76/100 tox|[from] item: Leftovers
|-heal|p1a: Indeedee|82/100 tox|[from] Aqua Ring
|-damage|p1a: Indeedee|52/100 tox|[from] psn
|upkeep
|
|switch|p2a: Ferrothorn|Ferrothorn, M|100/100
|turn|21
|
|move|p1a: Indeedee|Baton Pass|p1a: Indeedee
|
|switch|p1a: Espeon|Espeon, M|100/100|[from]move: Baton Pass
|move|p2a: Ferrothorn|Leech Seed|p1a: Espeon
|move|p1a: Espeon|Leech Seed|p2a: Ferrothorn|[from]Magic Bounce
|-immune|p2a: Ferrothorn
|
|upkeep
|turn|22
|-message|Magikarp4000 forfeited.
|
|win|is bp broken?
|l|☆Magikarp4000
|raw|is bp broken?'s rating: 1493 &rarr; <strong>1509</strong><br />(+16 for winning)
|raw|Magikarp4000's rating: 1428 &rarr; <strong>1412</strong><br />(-16 for losing)
|l|☆is bp broken?
|j| TrueNora
