|j|☆Pika Sup
|j|☆ssj blunderr
|t:|1669345904
|gametype|singles
|player|p1|Pika Sup|elaine|
|player|p2|ssj blunderr|unknown|
|teamsize|p1|6
|teamsize|p2|6
|gen|8
|tier|[Gen 8] Ubers
|rated|Tournament battle
|rule|Sleep Clause Mod: Limit one foe put to sleep
|rule|Species Clause: Limit one of each Pokémon
|rule|OHKO Clause: OHKO moves are banned
|rule|Evasion Items Clause: Evasion items are banned
|rule|Evasion Moves Clause: Evasion moves are banned
|rule|Endless Battle Clause: Forcing endless battles is banned
|rule|HP Percentage Mod: HP is shown in percentages
|rule|Dynamax Clause: You cannot dynamax
|clearpoke
|poke|p1|Xerneas-*|
|poke|p1|Calyrex-Shadow|
|poke|p1|Eternatus|
|poke|p1|Yveltal|
|poke|p1|Groudon|
|poke|p1|Necrozma-Dusk-Mane|
|poke|p2|Yveltal|
|poke|p2|Ho-Oh|
|poke|p2|Xerneas-*|
|poke|p2|Marshadow|
|poke|p2|Kyogre|
|poke|p2|Eternatus|
|teampreview
|j| BB-8-NU
|inactive|Battle timer is ON: inactive players will automatically lose when time's up. (requested by Pika Sup)
|c|☆ssj blunderr|Gl
|
|t:|1669345910
|start
|switch|p1a: Groudon|Groudon|100/100
|switch|p2a: Kai|Kyogre|100/100
|-weather|RainDance|[from] ability: Drizzle|[of] p2a: Kai
|-weather|SunnyDay|[from] ability: Drought|[of] p1a: Groudon
|turn|1
|
|t:|1669345918
|move|p2a: Kai|Water Spout|p1a: Groudon
|-supereffective|p1a: Groudon
|-damage|p1a: Groudon|3/100
|move|p1a: Groudon|Precipice Blades|p2a: Kai
|-damage|p2a: Kai|24/100
|
|-weather|SunnyDay|[upkeep]
|-heal|p1a: Groudon|9/100|[from] item: Leftovers
|upkeep
|turn|2
|
|t:|1669345926
|switch|p2a: Oh-No|Ho-Oh|100/100
|move|p1a: Groudon|Stealth Rock|p2a: Oh-No
|-sidestart|p2: ssj blunderr|move: Stealth Rock
|
|-weather|SunnyDay|[upkeep]
|-heal|p1a: Groudon|15/100|[from] item: Leftovers
|upkeep
|turn|3
|
|t:|1669345930
|move|p1a: Groudon|Stone Edge|p2a: Oh-No
|-supereffective|p2a: Oh-No
|-crit|p2a: Oh-No
|-damage|p2a: Oh-No|0 fnt
|faint|p2a: Oh-No
|
|-weather|SunnyDay|[upkeep]
|-heal|p1a: Groudon|22/100|[from] item: Leftovers
|upkeep
|j|%ibbysonlyfan
|
|t:|1669345945
|switch|p2a: Kai|Kyogre|24/100
|-damage|p2a: Kai|12/100|[from] Stealth Rock
|-weather|RainDance|[from] ability: Drizzle|[of] p2a: Kai
|turn|4
|
|t:|1669345948
|move|p2a: Kai|Origin Pulse|p1a: Groudon
|-supereffective|p1a: Groudon
|-damage|p1a: Groudon|0 fnt
|faint|p1a: Groudon
|
|-weather|RainDance|[upkeep]
|upkeep
|
|t:|1669345957
|switch|p1a: Yveltal|Yveltal|100/100
|-ability|p1a: Yveltal|Dark Aura
|turn|5
|j| AbsoluteDookieFart
|l| AbsoluteDookieFart
|
|t:|1669345972
|switch|p2a: Zernie Sanders|Xerneas|100/100
|-damage|p2a: Zernie Sanders|88/100|[from] Stealth Rock
|-ability|p2a: Zernie Sanders|Fairy Aura
|move|p1a: Yveltal|Sucker Punch||[still]
|-fail|p1a: Yveltal
|
|-weather|RainDance|[upkeep]
|upkeep
|turn|6
|j| Rubi Needs Friends
|
|t:|1669345979
|switch|p1a: Necrozma|Necrozma-Dusk-Mane|100/100
|switch|p2a: Bloodbath|Yveltal, shiny|100/100
|-damage|p2a: Bloodbath|76/100|[from] Stealth Rock
|-ability|p2a: Bloodbath|Dark Aura
|
|-weather|RainDance|[upkeep]
|upkeep
|turn|7
|
|t:|1669346006
|switch|p1a: Yveltal|Yveltal|100/100
|-ability|p1a: Yveltal|Dark Aura
|move|p2a: Bloodbath|Knock Off|p1a: Yveltal
|-resisted|p1a: Yveltal
|-damage|p1a: Yveltal|47/100
|-enditem|p1a: Yveltal|Heavy-Duty Boots|[from] move: Knock Off|[of] p2a: Bloodbath
|
|-weather|RainDance|[upkeep]
|upkeep
|turn|8
|l|%ibbysonlyfan
|
|t:|1669346030
|switch|p2a: Marshmallow|Marshadow|100/100
|-damage|p2a: Marshmallow|94/100|[from] Stealth Rock
|move|p1a: Yveltal|Knock Off|p2a: Marshmallow
|-damage|p2a: Marshmallow|11/100
|-enditem|p2a: Marshmallow|Focus Sash|[from] move: Knock Off|[of] p1a: Yveltal
|
|-weather|none
|upkeep
|turn|9
|inactive|Pika Sup has 120 seconds left.
|j|+ILoveMashing❤
|inactive|Pika Sup has 90 seconds left.
|
|t:|1669346081
|move|p1a: Yveltal|Sucker Punch|p2a: Marshmallow
|-damage|p2a: Marshmallow|0 fnt
|faint|p2a: Marshmallow
|
|upkeep
|j| ProXXDev
|
|t:|1669346088
|switch|p2a: Zernie Sanders|Xerneas|88/100
|-damage|p2a: Zernie Sanders|76/100|[from] Stealth Rock
|-ability|p2a: Zernie Sanders|Fairy Aura
|turn|10
|inactive|Pika Sup has 90 seconds left.
|
|t:|1669346103
|switch|p1a: Necrozma|Necrozma-Dusk-Mane|100/100
|switch|p2a: Kai|Kyogre|12/100
|-damage|p2a: Kai|0 fnt|[from] Stealth Rock
|faint|p2a: Kai
|
|upkeep
|
|t:|1669346113
|switch|p2a: Bloodbath|Yveltal, shiny|76/100
|-damage|p2a: Bloodbath|51/100|[from] Stealth Rock
|-ability|p2a: Bloodbath|Dark Aura
|turn|11
|inactive|Pika Sup has 90 seconds left.
|l| Rubi Needs Friends
|
|t:|1669346137
|switch|p1a: Yveltal|Yveltal|47/100
|-ability|p1a: Yveltal|Dark Aura
|move|p2a: Bloodbath|Knock Off|p1a: Yveltal
|-resisted|p1a: Yveltal
|-damage|p1a: Yveltal|12/100
|
|upkeep
|turn|12
|
|t:|1669346159
|move|p1a: Yveltal|Sucker Punch|p2a: Bloodbath
|-resisted|p2a: Bloodbath
|-damage|p2a: Bloodbath|30/100
|move|p2a: Bloodbath|Knock Off|p1a: Yveltal
|-resisted|p1a: Yveltal
|-damage|p1a: Yveltal|0 fnt
|faint|p1a: Yveltal
|
|upkeep
|
|t:|1669346168
|switch|p1a: Guess who|Xerneas|100/100
|-ability|p1a: Guess who|Fairy Aura
|turn|13
|
|t:|1669346173
|move|p2a: Bloodbath|Knock Off|p1a: Guess who
|-resisted|p1a: Guess who
|-damage|p1a: Guess who|52/100
|-enditem|p1a: Guess who|Power Herb|[from] move: Knock Off|[of] p2a: Bloodbath
|move|p1a: Guess who|Moonblast|p2a: Bloodbath
|-supereffective|p2a: Bloodbath
|-damage|p2a: Bloodbath|0 fnt
|faint|p2a: Bloodbath
|
|upkeep
|
|t:|1669346182
|switch|p2a: Beastie|Eternatus|100/100
|-damage|p2a: Beastie|88/100|[from] Stealth Rock
|-ability|p2a: Beastie|Pressure
|turn|14
|
|t:|1669346204
|move|p2a: Beastie|Meteor Beam||[still]
|-prepare|p2a: Beastie|Meteor Beam
|-boost|p2a: Beastie|spa|1
|-enditem|p2a: Beastie|Power Herb
|-anim|p2a: Beastie|Meteor Beam|p1a: Guess who|[miss]
|-miss|p2a: Beastie|p1a: Guess who
|move|p1a: Guess who|Moonblast|p2a: Beastie
|-damage|p2a: Beastie|30/100
|-unboost|p2a: Beastie|spa|1
|
|upkeep
|turn|15
|
|t:|1669346210
|move|p2a: Beastie|Dynamax Cannon|p1a: Guess who
|-immune|p1a: Guess who
|move|p1a: Guess who|Moonblast|p2a: Beastie
|-damage|p2a: Beastie|0 fnt
|faint|p2a: Beastie
|
|upkeep
|c|☆Pika Sup|Oof
|
|t:|1669346212
|switch|p2a: Zernie Sanders|Xerneas|76/100
|-damage|p2a: Zernie Sanders|64/100|[from] Stealth Rock
|-ability|p2a: Zernie Sanders|Fairy Aura
|turn|16
|
|t:|1669346216
|move|p1a: Guess who|Moonblast|p2a: Zernie Sanders
|-damage|p2a: Zernie Sanders|14/100
|move|p2a: Zernie Sanders|Geomancy||[still]
|-prepare|p2a: Zernie Sanders|Geomancy
|-enditem|p2a: Zernie Sanders|Power Herb
|-anim|p2a: Zernie Sanders|Geomancy|p2a: Zernie Sanders
|-boost|p2a: Zernie Sanders|spa|2
|-boost|p2a: Zernie Sanders|spd|2
|-boost|p2a: Zernie Sanders|spe|2
|
|upkeep
|turn|17
|c|☆ssj blunderr|Gg
|c|☆Pika Sup|Gg
|
|t:|1669346226
|move|p2a: Zernie Sanders|Moonblast|p1a: Guess who
|-damage|p1a: Guess who|0 fnt
|faint|p1a: Guess who
|
|upkeep
|
|t:|1669346228
|switch|p1a: Guess what|Calyrex-Shadow|100/100
|-ability|p1a: Guess what|As One
|-ability|p1a: Guess what|Unnerve
|turn|18
|l| ProXXDev
|
|t:|1669346253
|move|p1a: Guess what|Psyshock|p2a: Zernie Sanders
|-damage|p2a: Zernie Sanders|0 fnt
|faint|p2a: Zernie Sanders
|
|win|Pika Sup
|n|☆Pika Sup|pikasup
|n|☆ssj blunderr|ssjblunderr
|n| BB-8-NU|bb8nu
|n| ILoveMashing❤|ilovemashing
