|j|☆Ayouko
|j|☆Ropalme1914
|player|p1|Ayouko|nate|1726
|player|p2|Ropalme1914|blackbelt|1666
|teamsize|p1|6
|teamsize|p2|6
|gametype|singles
|gen|8
|tier|[Gen 8] Ubers
|rated|
|clearpoke
|poke|p1|Lunala|
|poke|p1|Zamazenta|
|poke|p1|Eternatus|
|poke|p1|Corviknight, F|
|poke|p1|Tyranitar, F|
|poke|p1|Necrozma-Dusk-Mane|
|poke|p2|Eternatus|
|poke|p2|Necrozma-Dusk-Mane|
|poke|p2|Marshadow|
|poke|p2|Umbreon, M|
|poke|p2|Lunala|
|poke|p2|Darmanitan-Galar, M|
|rule|Sleep Clause Mod: Limit one foe put to sleep
|rule|Species Clause: Limit one of each Pokémon
|rule|OHKO Clause: OHKO moves are banned
|rule|Evasion Moves Clause: Evasion moves are banned
|rule|Endless Battle Clause: Forcing endless battles is banned
|rule|HP Percentage Mod: HP is shown in percentages
|html|Ubers Dynamax Clause: Pokémon on the <a href="https://www.smogon.com/dex/ss/formats/uber/">Ubers Dynamax Banlist</a> cannot Dynamax.
|teampreview
|
|start
|switch|p1a: Sadio Maness|Lunala, shiny|100/100
|switch|p2a: Darmanitan|Darmanitan-Galar, M|100/100
|turn|1
|
|switch|p2a: Umbreon|Umbreon, M|100/100
|move|p1a: Sadio Maness|Moongeist Beam|p2a: Umbreon
|-resisted|p2a: Umbreon
|-damage|p2a: Umbreon|79/100
|
|-heal|p2a: Umbreon|85/100|[from] item: Leftovers
|upkeep
|turn|2
|
|switch|p1a: Dybala guetteur|Corviknight, F|100/100
|-ability|p1a: Dybala guetteur|Pressure
|move|p2a: Umbreon|Wish|p2a: Umbreon
|
|-heal|p2a: Umbreon|91/100|[from] item: Leftovers
|upkeep
|turn|3
|
|switch|p2a: Eternatus|Eternatus|100/100
|-ability|p2a: Eternatus|Pressure
|move|p1a: Dybala guetteur|U-turn|p2a: Eternatus
|-resisted|p2a: Eternatus
|-damage|p2a: Eternatus|97/100
|
|switch|p1a: Bastien dealer|Tyranitar, F|100/100|[from]move: U-turn
|-weather|Sandstorm|[from] ability: Sand Stream|[of] p1a: Bastien dealer
|
|-weather|Sandstorm|[upkeep]
|-damage|p2a: Eternatus|91/100|[from] Sandstorm
|-heal|p2a: Eternatus|100/100|[from] move: Wish|[wisher] Umbreon
|upkeep
|turn|4
|
|move|p2a: Eternatus|Toxic|p1a: Bastien dealer
|-status|p1a: Bastien dealer|tox
|move|p1a: Bastien dealer|Stealth Rock|p2a: Eternatus
|-sidestart|p2: Ropalme1914|move: Stealth Rock
|
|-weather|Sandstorm|[upkeep]
|-damage|p2a: Eternatus|94/100|[from] Sandstorm
|-heal|p2a: Eternatus|100/100|[from] item: Black Sludge
|-damage|p1a: Bastien dealer|94/100 tox|[from] psn
|upkeep
|turn|5
|
|switch|p2a: Umbreon|Umbreon, M|91/100
|-damage|p2a: Umbreon|79/100|[from] Stealth Rock
|move|p1a: Bastien dealer|Thunder Wave||[still]
|-status|p2a: Umbreon|par
|-activate|p2a: Umbreon|ability: Synchronize
|-fail|p2a: Umbreon
|
|-weather|Sandstorm|[upkeep]
|-damage|p2a: Umbreon|73/100 par|[from] Sandstorm
|-heal|p2a: Umbreon|79/100 par|[from] item: Leftovers
|-damage|p1a: Bastien dealer|82/100 tox|[from] psn
|upkeep
|turn|6
|
|switch|p1a: Hyssou guetteur|Zamazenta|100/100
|-ability|p1a: Hyssou guetteur|Dauntless Shield|boost
|-boost|p1a: Hyssou guetteur|def|1
|move|p2a: Umbreon|Baton Pass|p2a: Umbreon
|
|switch|p2a: Lunala|Lunala|100/100|[from]move: Baton Pass
|
|-weather|Sandstorm|[upkeep]
|-damage|p1a: Hyssou guetteur|94/100|[from] Sandstorm
|-damage|p2a: Lunala|94/100|[from] Sandstorm
|upkeep
|turn|7
|
|switch|p2a: Eternatus|Eternatus|100/100
|-damage|p2a: Eternatus|88/100|[from] Stealth Rock
|-ability|p2a: Eternatus|Pressure
|move|p1a: Hyssou guetteur|Crunch|p2a: Eternatus
|-damage|p2a: Eternatus|62/100
|-unboost|p2a: Eternatus|def|1
|
|-weather|none
|-heal|p2a: Eternatus|68/100|[from] item: Black Sludge
|upkeep
|turn|8
|
|switch|p1a: Bastien dealer|Tyranitar, F|82/100 tox
|-weather|Sandstorm|[from] ability: Sand Stream|[of] p1a: Bastien dealer
|move|p2a: Eternatus|Recover|p2a: Eternatus
|-heal|p2a: Eternatus|100/100
|
|-weather|Sandstorm|[upkeep]
|-damage|p2a: Eternatus|94/100|[from] Sandstorm
|-heal|p2a: Eternatus|100/100|[from] item: Black Sludge
|-damage|p1a: Bastien dealer|76/100 tox|[from] psn
|upkeep
|turn|9
|
|switch|p2a: Umbreon|Umbreon, M|79/100 par
|-damage|p2a: Umbreon|66/100 par|[from] Stealth Rock
|move|p1a: Bastien dealer|Thunder Wave|p2a: Umbreon
|-fail|p2a: Umbreon|par
|
|-weather|Sandstorm|[upkeep]
|-damage|p2a: Umbreon|60/100 par|[from] Sandstorm
|-heal|p2a: Umbreon|66/100 par|[from] item: Leftovers
|-damage|p1a: Bastien dealer|63/100 tox|[from] psn
|upkeep
|turn|10
|
|switch|p1a: Hyssou guetteur|Zamazenta|94/100
|-ability|p1a: Hyssou guetteur|Dauntless Shield|boost
|-boost|p1a: Hyssou guetteur|def|1
|move|p2a: Umbreon|Wish|p2a: Umbreon
|
|-weather|Sandstorm|[upkeep]
|-damage|p1a: Hyssou guetteur|88/100|[from] Sandstorm
|-damage|p2a: Umbreon|60/100 par|[from] Sandstorm
|-heal|p2a: Umbreon|66/100 par|[from] item: Leftovers
|upkeep
|turn|11
|
|move|p2a: Umbreon|Protect|p2a: Umbreon
|-singleturn|p2a: Umbreon|Protect
|move|p1a: Hyssou guetteur|Close Combat|p2a: Umbreon
|-activate|p2a: Umbreon|move: Protect
|
|-weather|Sandstorm|[upkeep]
|-damage|p1a: Hyssou guetteur|82/100|[from] Sandstorm
|-damage|p2a: Umbreon|60/100 par|[from] Sandstorm
|-heal|p2a: Umbreon|100/100 par|[from] move: Wish|[wisher] Umbreon
|upkeep
|turn|12
|
|switch|p1a: Bastien dealer|Tyranitar, F|63/100 tox
|switch|p2a: Lunala|Lunala|94/100
|
|-weather|none
|-damage|p1a: Bastien dealer|57/100 tox|[from] psn
|upkeep
|turn|13
|
|switch|p2a: Umbreon|Umbreon, M|100/100 par
|-damage|p2a: Umbreon|88/100 par|[from] Stealth Rock
|switch|p1a: Skyrio le gérant|Eternatus|100/100
|-ability|p1a: Skyrio le gérant|Pressure
|
|-heal|p2a: Umbreon|94/100 par|[from] item: Leftovers
|upkeep
|turn|14
|
|move|p1a: Skyrio le gérant|Substitute|p1a: Skyrio le gérant
|-start|p1a: Skyrio le gérant|Substitute
|-damage|p1a: Skyrio le gérant|75/100
|cant|p2a: Umbreon|par
|
|-heal|p1a: Skyrio le gérant|82/100|[from] item: Black Sludge
|-heal|p2a: Umbreon|99/100 par|[from] item: Leftovers
|upkeep
|turn|15
|
|move|p1a: Skyrio le gérant|Flamethrower|p2a: Umbreon
|-crit|p2a: Umbreon
|-damage|p2a: Umbreon|78/100 par
|move|p2a: Umbreon|Snarl|p1a: Skyrio le gérant
|-damage|p1a: Skyrio le gérant|74/100
|-unboost|p1a: Skyrio le gérant|spa|1
|
|-heal|p1a: Skyrio le gérant|81/100|[from] item: Black Sludge
|-heal|p2a: Umbreon|84/100 par|[from] item: Leftovers
|upkeep
|turn|16
|
|switch|p1a: Hyssou guetteur|Zamazenta|82/100
|-ability|p1a: Hyssou guetteur|Dauntless Shield|boost
|-boost|p1a: Hyssou guetteur|def|1
|move|p2a: Umbreon|Snarl|p1a: Hyssou guetteur
|-resisted|p1a: Hyssou guetteur
|-damage|p1a: Hyssou guetteur|76/100
|-unboost|p1a: Hyssou guetteur|spa|1
|
|-heal|p2a: Umbreon|90/100 par|[from] item: Leftovers
|upkeep
|turn|17
|
|move|p2a: Umbreon|Protect|p2a: Umbreon
|-singleturn|p2a: Umbreon|Protect
|move|p1a: Hyssou guetteur|Close Combat|p2a: Umbreon
|-activate|p2a: Umbreon|move: Protect
|
|-heal|p2a: Umbreon|96/100 par|[from] item: Leftovers
|upkeep
|turn|18
|
|switch|p2a: Lunala|Lunala|94/100
|move|p1a: Hyssou guetteur|Close Combat|p2a: Lunala
|-immune|p2a: Lunala
|
|upkeep
|turn|19
|
|switch|p1a: Bastien dealer|Tyranitar, F|57/100 tox
|-weather|Sandstorm|[from] ability: Sand Stream|[of] p1a: Bastien dealer
|move|p2a: Lunala|Defog|p1a: Bastien dealer
|-unboost|p1a: Bastien dealer|evasion|1
|-sideend|p2: Ropalme1914|Stealth Rock|[from] move: Defog|[of] p2a: Lunala
|
|-weather|Sandstorm|[upkeep]
|-damage|p2a: Lunala|88/100|[from] Sandstorm
|-damage|p1a: Bastien dealer|51/100 tox|[from] psn
|upkeep
|turn|20
|
|switch|p2a: Marshadow|Marshadow|100/100
|move|p1a: Bastien dealer|Stealth Rock|p2a: Marshadow
|-sidestart|p2: Ropalme1914|move: Stealth Rock
|
|-weather|Sandstorm|[upkeep]
|-damage|p2a: Marshadow|94/100|[from] Sandstorm
|-damage|p1a: Bastien dealer|39/100 tox|[from] psn
|upkeep
|turn|21
|
|switch|p1a: Dybala guetteur|Corviknight, F|100/100
|-ability|p1a: Dybala guetteur|Pressure
|move|p2a: Marshadow|Bulk Up|p2a: Marshadow
|-boost|p2a: Marshadow|atk|1
|-boost|p2a: Marshadow|def|1
|
|-weather|Sandstorm|[upkeep]
|-damage|p2a: Marshadow|88/100|[from] Sandstorm
|upkeep
|turn|22
|
|move|p2a: Marshadow|Spectral Thief|p1a: Dybala guetteur
|-crit|p1a: Dybala guetteur
|-damage|p1a: Dybala guetteur|24/100
|-damage|p2a: Marshadow|72/100|[from] item: Rocky Helmet|[of] p1a: Dybala guetteur
|-damage|p2a: Marshadow|62/100|[from] item: Life Orb
|move|p1a: Dybala guetteur|U-turn|p2a: Marshadow
|-resisted|p2a: Marshadow
|-damage|p2a: Marshadow|59/100
|inactive|Battle timer is ON: inactive players will automatically lose when time's up. (requested by Ayouko)
|
|switch|p1a: Hyssou guetteur|Zamazenta|76/100|[from]move: U-turn
|-ability|p1a: Hyssou guetteur|Dauntless Shield|boost
|-boost|p1a: Hyssou guetteur|def|1
|
|-weather|Sandstorm|[upkeep]
|-damage|p1a: Hyssou guetteur|70/100|[from] Sandstorm
|-damage|p2a: Marshadow|53/100|[from] Sandstorm
|upkeep
|turn|23
|
|move|p1a: Hyssou guetteur|Psychic Fangs|p2a: Marshadow
|-supereffective|p2a: Marshadow
|-damage|p2a: Marshadow|0 fnt
|faint|p2a: Marshadow
|
|-weather|none
|upkeep
|
|switch|p2a: Lunala|Lunala|88/100
|turn|24
|
|switch|p1a: Skyrio le gérant|Eternatus|81/100
|-ability|p1a: Skyrio le gérant|Pressure
|move|p2a: Lunala|Hex|p1a: Skyrio le gérant
|-damage|p1a: Skyrio le gérant|63/100
|
|-heal|p1a: Skyrio le gérant|69/100|[from] item: Black Sludge
|upkeep
|turn|25
|
|switch|p2a: Umbreon|Umbreon, M|96/100 par
|-damage|p2a: Umbreon|84/100 par|[from] Stealth Rock
|move|p1a: Skyrio le gérant|Substitute|p1a: Skyrio le gérant
|-start|p1a: Skyrio le gérant|Substitute
|-damage|p1a: Skyrio le gérant|44/100
|
|-heal|p1a: Skyrio le gérant|51/100|[from] item: Black Sludge
|-heal|p2a: Umbreon|90/100 par|[from] item: Leftovers
|upkeep
|turn|26
|
|move|p1a: Skyrio le gérant|Recover|p1a: Skyrio le gérant
|-heal|p1a: Skyrio le gérant|100/100
|move|p2a: Umbreon|Snarl|p1a: Skyrio le gérant
|-damage|p1a: Skyrio le gérant|93/100
|-unboost|p1a: Skyrio le gérant|spa|1
|
|-heal|p1a: Skyrio le gérant|99/100|[from] item: Black Sludge
|-heal|p2a: Umbreon|96/100 par|[from] item: Leftovers
|upkeep
|turn|27
|
|switch|p1a: Bastien dealer|Tyranitar, F|39/100 tox
|-weather|Sandstorm|[from] ability: Sand Stream|[of] p1a: Bastien dealer
|move|p2a: Umbreon|Wish|p2a: Umbreon
|
|-weather|Sandstorm|[upkeep]
|-damage|p2a: Umbreon|90/100 par|[from] Sandstorm
|-heal|p2a: Umbreon|96/100 par|[from] item: Leftovers
|-damage|p1a: Bastien dealer|32/100 tox|[from] psn
|upkeep
|turn|28
|
|move|p1a: Bastien dealer|Rest|p1a: Bastien dealer
|-status|p1a: Bastien dealer|slp|[from] move: Rest
|-heal|p1a: Bastien dealer|100/100 slp|[silent]
|move|p2a: Umbreon|Snarl|p1a: Bastien dealer
|-resisted|p1a: Bastien dealer
|-damage|p1a: Bastien dealer|98/100 slp
|-unboost|p1a: Bastien dealer|spa|1
|
|-weather|Sandstorm|[upkeep]
|-damage|p2a: Umbreon|90/100 par|[from] Sandstorm
|-heal|p2a: Umbreon|100/100 par|[from] move: Wish|[wisher] Umbreon
|upkeep
|turn|29
|
|cant|p1a: Bastien dealer|slp
|move|p2a: Umbreon|Baton Pass|p2a: Umbreon
|
|switch|p2a: Necrozma|Necrozma-Dusk-Mane|100/100|[from]move: Baton Pass
|-damage|p2a: Necrozma|94/100|[from] Stealth Rock
|
|-weather|Sandstorm|[upkeep]
|-heal|p2a: Necrozma|100/100|[from] item: Leftovers
|upkeep
|turn|30
|
|switch|p1a: Welliou le dealer|Necrozma-Dusk-Mane|100/100
|move|p2a: Necrozma|Stealth Rock|p1a: Welliou le dealer
|-sidestart|p1: Ayouko|move: Stealth Rock
|
|-weather|Sandstorm|[upkeep]
|upkeep
|turn|31
|
|move|p1a: Welliou le dealer|Thunder Wave|p2a: Necrozma
|-status|p2a: Necrozma|par
|move|p2a: Necrozma|Thunder Wave|p1a: Welliou le dealer
|-status|p1a: Welliou le dealer|par
|
|-weather|none
|upkeep
|turn|32
|
|switch|p2a: Umbreon|Umbreon, M|100/100 par
|-damage|p2a: Umbreon|88/100 par|[from] Stealth Rock
|move|p1a: Welliou le dealer|Earthquake|p2a: Umbreon
|-damage|p2a: Umbreon|62/100 par
|
|-heal|p2a: Umbreon|68/100 par|[from] item: Leftovers
|upkeep
|turn|33
|
|move|p1a: Welliou le dealer|Earthquake|p2a: Umbreon
|-damage|p2a: Umbreon|42/100 par
|cant|p2a: Umbreon|par
|
|-heal|p2a: Umbreon|48/100 par|[from] item: Leftovers
|upkeep
|turn|34
|
|move|p2a: Umbreon|Protect|p2a: Umbreon
|-singleturn|p2a: Umbreon|Protect
|move|p1a: Welliou le dealer|Earthquake|p2a: Umbreon
|-activate|p2a: Umbreon|move: Protect
|
|-heal|p2a: Umbreon|54/100 par|[from] item: Leftovers
|upkeep
|turn|35
|
|move|p1a: Welliou le dealer|Earthquake|p2a: Umbreon
|-damage|p2a: Umbreon|27/100 par
|move|p2a: Umbreon|Wish|p2a: Umbreon
|
|-heal|p2a: Umbreon|33/100 par|[from] item: Leftovers
|upkeep
|turn|36
|
|switch|p1a: Dybala guetteur|Corviknight, F|24/100
|-damage|p1a: Dybala guetteur|12/100|[from] Stealth Rock
|-ability|p1a: Dybala guetteur|Pressure
|move|p2a: Umbreon|Protect||[still]
|-fail|p2a: Umbreon
|
|-heal|p2a: Umbreon|83/100 par|[from] move: Wish|[wisher] Umbreon
|-heal|p2a: Umbreon|89/100 par|[from] item: Leftovers
|upkeep
|turn|37
|
|move|p1a: Dybala guetteur|Roost|p1a: Dybala guetteur
|-heal|p1a: Dybala guetteur|62/100
|-singleturn|p1a: Dybala guetteur|move: Roost
|move|p2a: Umbreon|Baton Pass|p2a: Umbreon
|
|switch|p2a: Eternatus|Eternatus|100/100|[from]move: Baton Pass
|-damage|p2a: Eternatus|88/100|[from] Stealth Rock
|-ability|p2a: Eternatus|Pressure
|
|-heal|p2a: Eternatus|94/100|[from] item: Black Sludge
|upkeep
|turn|38
|
|switch|p2a: Darmanitan|Darmanitan-Galar, M|100/100
|-damage|p2a: Darmanitan|76/100|[from] Stealth Rock
|switch|p1a: Bastien dealer|Tyranitar, F|98/100 slp
|-damage|p1a: Bastien dealer|85/100 slp|[from] Stealth Rock
|-weather|Sandstorm|[from] ability: Sand Stream|[of] p1a: Bastien dealer
|
|-weather|Sandstorm|[upkeep]
|-damage|p2a: Darmanitan|70/100|[from] Sandstorm
|upkeep
|turn|39
|
|switch|p1a: Dybala guetteur|Corviknight, F|62/100
|-damage|p1a: Dybala guetteur|49/100|[from] Stealth Rock
|-ability|p1a: Dybala guetteur|Pressure
|move|p2a: Darmanitan|Earthquake|p1a: Dybala guetteur
|-immune|p1a: Dybala guetteur
|
|-weather|Sandstorm|[upkeep]
|-damage|p2a: Darmanitan|64/100|[from] Sandstorm
|upkeep
|turn|40
|
|-start|p2a: Darmanitan|Dynamax
|-heal|p2a: Darmanitan|64/100|[silent]
|move|p2a: Darmanitan|Max Flare|p1a: Dybala guetteur
|-supereffective|p1a: Dybala guetteur
|-damage|p1a: Dybala guetteur|0 fnt
|-weather|SunnyDay
|faint|p1a: Dybala guetteur
|
|-weather|SunnyDay|[upkeep]
|upkeep
|
|switch|p1a: Sadio Maness|Lunala, shiny|100/100
|-damage|p1a: Sadio Maness|88/100|[from] Stealth Rock
|turn|41
|j| Rhmsitb
|
|-end|p2a: Darmanitan|Dynamax
|-heal|p2a: Darmanitan|64/100|[silent]
|switch|p2a: Umbreon|Umbreon, M|89/100 par
|-damage|p2a: Umbreon|77/100 par|[from] Stealth Rock
|move|p1a: Sadio Maness|Focus Blast|p2a: Umbreon|[miss]
|-miss|p1a: Sadio Maness|p2a: Umbreon
|
|-weather|SunnyDay|[upkeep]
|-heal|p2a: Umbreon|83/100 par|[from] item: Leftovers
|upkeep
|turn|42
|c|☆Ayouko|cmon
|
|move|p1a: Sadio Maness|Focus Blast|p2a: Umbreon
|-supereffective|p2a: Umbreon
|-damage|p2a: Umbreon|19/100 par
|move|p2a: Umbreon|Wish|p2a: Umbreon
|
|-weather|SunnyDay|[upkeep]
|-heal|p2a: Umbreon|25/100 par|[from] item: Leftovers
|upkeep
|turn|43
|
|move|p2a: Umbreon|Protect|p2a: Umbreon
|-singleturn|p2a: Umbreon|Protect
|move|p1a: Sadio Maness|Focus Blast|p2a: Umbreon
|-activate|p2a: Umbreon|move: Protect
|
|-weather|SunnyDay|[upkeep]
|-heal|p2a: Umbreon|75/100 par|[from] move: Wish|[wisher] Umbreon
|-heal|p2a: Umbreon|81/100 par|[from] item: Leftovers
|upkeep
|turn|44
|c|☆Ayouko|0 para
|
|switch|p2a: Lunala|Lunala|88/100
|move|p1a: Sadio Maness|Focus Blast|p2a: Lunala
|-immune|p2a: Lunala
|
|-weather|none
|upkeep
|turn|45
|
|switch|p1a: Bastien dealer|Tyranitar, F|85/100 slp
|-damage|p1a: Bastien dealer|73/100 slp|[from] Stealth Rock
|-weather|Sandstorm|[from] ability: Sand Stream|[of] p1a: Bastien dealer
|move|p2a: Lunala|Hex|p1a: Bastien dealer
|-resisted|p1a: Bastien dealer
|-damage|p1a: Bastien dealer|62/100 slp
|
|-weather|Sandstorm|[upkeep]
|-damage|p2a: Lunala|82/100|[from] Sandstorm
|upkeep
|turn|46
|
|switch|p2a: Umbreon|Umbreon, M|81/100 par
|-damage|p2a: Umbreon|69/100 par|[from] Stealth Rock
|switch|p1a: Hyssou guetteur|Zamazenta|70/100
|-damage|p1a: Hyssou guetteur|64/100|[from] Stealth Rock
|-ability|p1a: Hyssou guetteur|Dauntless Shield|boost
|-boost|p1a: Hyssou guetteur|def|1
|
|-weather|Sandstorm|[upkeep]
|-damage|p1a: Hyssou guetteur|58/100|[from] Sandstorm
|-damage|p2a: Umbreon|62/100 par|[from] Sandstorm
|-heal|p2a: Umbreon|69/100 par|[from] item: Leftovers
|upkeep
|turn|47
|
|cant|p2a: Umbreon|par
|move|p1a: Hyssou guetteur|Close Combat|p2a: Umbreon
|-supereffective|p2a: Umbreon
|-damage|p2a: Umbreon|0 fnt
|-unboost|p1a: Hyssou guetteur|def|1
|-unboost|p1a: Hyssou guetteur|spd|1
|faint|p2a: Umbreon
|
|-weather|Sandstorm|[upkeep]
|-damage|p1a: Hyssou guetteur|52/100|[from] Sandstorm
|upkeep
|
|switch|p2a: Lunala|Lunala|82/100
|turn|48
|
|switch|p1a: Bastien dealer|Tyranitar, F|62/100 slp
|-damage|p1a: Bastien dealer|50/100 slp|[from] Stealth Rock
|move|p2a: Lunala|Defog|p1a: Bastien dealer
|-unboost|p1a: Bastien dealer|evasion|1
|-sideend|p1: Ayouko|Stealth Rock|[from] move: Defog|[of] p2a: Lunala
|-sideend|p2: Ropalme1914|Stealth Rock|[from] move: Defog|[of] p2a: Lunala
|
|-weather|Sandstorm|[upkeep]
|-damage|p2a: Lunala|76/100|[from] Sandstorm
|upkeep
|turn|49
|
|switch|p2a: Darmanitan|Darmanitan-Galar, M|64/100
|cant|p1a: Bastien dealer|slp
|
|-weather|none
|upkeep
|turn|50
|
|switch|p1a: Welliou le dealer|Necrozma-Dusk-Mane|100/100 par
|move|p2a: Darmanitan|Earthquake|p1a: Welliou le dealer
|-supereffective|p1a: Welliou le dealer
|-damage|p1a: Welliou le dealer|56/100 par
|
|-heal|p1a: Welliou le dealer|62/100 par|[from] item: Leftovers
|upkeep
|turn|51
|
|switch|p2a: Necrozma|Necrozma-Dusk-Mane|100/100 par
|move|p1a: Welliou le dealer|Thunder Wave|p2a: Necrozma
|-fail|p2a: Necrozma|par
|
|-heal|p1a: Welliou le dealer|68/100 par|[from] item: Leftovers
|upkeep
|turn|52
|
|move|p1a: Welliou le dealer|Morning Sun|p1a: Welliou le dealer
|-heal|p1a: Welliou le dealer|100/100 par
|move|p2a: Necrozma|Stealth Rock|p1a: Welliou le dealer
|-sidestart|p1: Ayouko|move: Stealth Rock
|
|upkeep
|turn|53
|
|move|p1a: Welliou le dealer|Thunder Wave|p2a: Necrozma
|-fail|p2a: Necrozma|par
|move|p2a: Necrozma|Sunsteel Strike|p1a: Welliou le dealer
|-resisted|p1a: Welliou le dealer
|-damage|p1a: Welliou le dealer|85/100 par
|
|-heal|p1a: Welliou le dealer|91/100 par|[from] item: Leftovers
|upkeep
|turn|54
|
|move|p1a: Welliou le dealer|Thunder Wave|p2a: Necrozma
|-fail|p2a: Necrozma|par
|cant|p2a: Necrozma|par
|
|-heal|p1a: Welliou le dealer|97/100 par|[from] item: Leftovers
|upkeep
|turn|55
|
|move|p1a: Welliou le dealer|Thunder Wave|p2a: Necrozma
|-fail|p2a: Necrozma|par
|move|p2a: Necrozma|Thunder Wave|p1a: Welliou le dealer
|-fail|p1a: Welliou le dealer|par
|
|-heal|p1a: Welliou le dealer|100/100 par|[from] item: Leftovers
|upkeep
|turn|56
|
|switch|p1a: Skyrio le gérant|Eternatus|99/100
|-damage|p1a: Skyrio le gérant|87/100|[from] Stealth Rock
|-ability|p1a: Skyrio le gérant|Pressure
|move|p2a: Necrozma|Thunder Wave|p1a: Skyrio le gérant
|-status|p1a: Skyrio le gérant|par
|
|-heal|p1a: Skyrio le gérant|93/100 par|[from] item: Black Sludge
|upkeep
|turn|57
|j| ufg france
|
|switch|p2a: Eternatus|Eternatus|94/100
|-ability|p2a: Eternatus|Pressure
|move|p1a: Skyrio le gérant|Substitute|p1a: Skyrio le gérant
|-start|p1a: Skyrio le gérant|Substitute
|-damage|p1a: Skyrio le gérant|68/100 par
|
|-heal|p2a: Eternatus|100/100|[from] item: Black Sludge
|-heal|p1a: Skyrio le gérant|74/100 par|[from] item: Black Sludge
|upkeep
|turn|58
|
|move|p2a: Eternatus|Dynamax Cannon|p1a: Skyrio le gérant
|-supereffective|p1a: Skyrio le gérant
|-end|p1a: Skyrio le gérant|Substitute
|cant|p1a: Skyrio le gérant|par
|
|-heal|p1a: Skyrio le gérant|81/100 par|[from] item: Black Sludge
|upkeep
|turn|59
|
|switch|p2a: Darmanitan|Darmanitan-Galar, M|64/100
|switch|p1a: Welliou le dealer|Necrozma-Dusk-Mane|100/100 par
|-damage|p1a: Welliou le dealer|94/100 par|[from] Stealth Rock
|
|-heal|p1a: Welliou le dealer|100/100 par|[from] item: Leftovers
|upkeep
|turn|60
|
|switch|p2a: Necrozma|Necrozma-Dusk-Mane|100/100 par
|cant|p1a: Welliou le dealer|par
|
|upkeep
|turn|61
|
|move|p1a: Welliou le dealer|Heat Wave|p2a: Necrozma
|-supereffective|p2a: Necrozma
|-damage|p2a: Necrozma|75/100 par
|move|p2a: Necrozma|Thunder Wave|p1a: Welliou le dealer
|-fail|p1a: Welliou le dealer|par
|
|-heal|p2a: Necrozma|81/100 par|[from] item: Leftovers
|upkeep
|turn|62
|
|move|p1a: Welliou le dealer|Earthquake|p2a: Necrozma
|-supereffective|p2a: Necrozma
|-damage|p2a: Necrozma|53/100 par
|move|p2a: Necrozma|Thunder Wave|p1a: Welliou le dealer
|-fail|p1a: Welliou le dealer|par
|
|-heal|p2a: Necrozma|59/100 par|[from] item: Leftovers
|upkeep
|turn|63
|
|cant|p1a: Welliou le dealer|par
|move|p2a: Necrozma|Moonlight|p2a: Necrozma
|-heal|p2a: Necrozma|100/100 par
|
|upkeep
|turn|64
|
|switch|p2a: Lunala|Lunala|76/100
|move|p1a: Welliou le dealer|Earthquake|p2a: Lunala
|-damage|p2a: Lunala|47/100
|
|upkeep
|turn|65
|
|switch|p1a: Bastien dealer|Tyranitar, F|50/100 slp
|-damage|p1a: Bastien dealer|37/100 slp|[from] Stealth Rock
|-weather|Sandstorm|[from] ability: Sand Stream|[of] p1a: Bastien dealer
|move|p2a: Lunala|Hex|p1a: Bastien dealer
|-resisted|p1a: Bastien dealer
|-damage|p1a: Bastien dealer|26/100 slp
|
|-weather|Sandstorm|[upkeep]
|-damage|p2a: Lunala|41/100|[from] Sandstorm
|upkeep
|turn|66
|
|switch|p2a: Necrozma|Necrozma-Dusk-Mane|100/100 par
|-curestatus|p1a: Bastien dealer|slp|[msg]
|move|p1a: Bastien dealer|Rest|p1a: Bastien dealer
|-status|p1a: Bastien dealer|slp|[from] move: Rest
|-heal|p1a: Bastien dealer|100/100 slp|[silent]
|
|-weather|Sandstorm|[upkeep]
|upkeep
|turn|67
|
|switch|p1a: Welliou le dealer|Necrozma-Dusk-Mane|100/100 par
|-damage|p1a: Welliou le dealer|94/100 par|[from] Stealth Rock
|switch|p2a: Lunala|Lunala|41/100
|
|-weather|Sandstorm|[upkeep]
|-damage|p2a: Lunala|35/100|[from] Sandstorm
|-heal|p1a: Welliou le dealer|100/100 par|[from] item: Leftovers
|upkeep
|turn|68
|
|move|p2a: Lunala|Hex|p1a: Welliou le dealer
|-supereffective|p1a: Welliou le dealer
|-damage|p1a: Welliou le dealer|25/100 par
|cant|p1a: Welliou le dealer|par
|
|-weather|Sandstorm|[upkeep]
|-damage|p2a: Lunala|29/100|[from] Sandstorm
|-heal|p1a: Welliou le dealer|31/100 par|[from] item: Leftovers
|upkeep
|turn|69
|
|move|p2a: Lunala|Hex|p1a: Welliou le dealer
|-supereffective|p1a: Welliou le dealer
|-damage|p1a: Welliou le dealer|0 fnt
|faint|p1a: Welliou le dealer
|
|-weather|none
|upkeep
|
|switch|p1a: Hyssou guetteur|Zamazenta|52/100
|-damage|p1a: Hyssou guetteur|46/100|[from] Stealth Rock
|-ability|p1a: Hyssou guetteur|Dauntless Shield|boost
|-boost|p1a: Hyssou guetteur|def|1
|turn|70
|
|switch|p2a: Necrozma|Necrozma-Dusk-Mane|100/100 par
|move|p1a: Hyssou guetteur|Psychic Fangs|p2a: Necrozma
|-resisted|p2a: Necrozma
|-damage|p2a: Necrozma|94/100 par
|
|-heal|p2a: Necrozma|100/100 par|[from] item: Leftovers
|upkeep
|turn|71
|c| ufg france|fallait
|c| ufg france|crunch
|c|☆Ayouko|zebi gros il a que dde la luck
|
|switch|p1a: Sadio Maness|Lunala, shiny|88/100
|-damage|p1a: Sadio Maness|76/100|[from] Stealth Rock
|switch|p2a: Lunala|Lunala|29/100
|
|upkeep
|turn|72
|
|move|p2a: Lunala|Hex|p1a: Sadio Maness
|-supereffective|p1a: Sadio Maness
|-damage|p1a: Sadio Maness|0 fnt
|faint|p1a: Sadio Maness
|
|upkeep
|c|☆Ayouko|lhfmlfsjmksdlm
|c|☆Ayouko|mgl
|c|☆Ayouko|c grave
|c| ufg france|its scarf?
|c|☆Ayouko|zebi
|c|☆Ayouko|bah nn
|
|switch|p1a: Hyssou guetteur|Zamazenta|46/100
|-damage|p1a: Hyssou guetteur|40/100|[from] Stealth Rock
|-ability|p1a: Hyssou guetteur|Dauntless Shield|boost
|-boost|p1a: Hyssou guetteur|def|1
|turn|73
|c| ufg france|jsp
|
|switch|p2a: Necrozma|Necrozma-Dusk-Mane|100/100 par
|move|p1a: Hyssou guetteur|Crunch|p2a: Necrozma
|-supereffective|p2a: Necrozma
|-damage|p2a: Necrozma|64/100 par
|
|-heal|p2a: Necrozma|70/100 par|[from] item: Leftovers
|upkeep
|turn|74
|c|☆Ayouko|il est avc les bott
|
|move|p1a: Hyssou guetteur|Crunch|p2a: Necrozma
|-supereffective|p2a: Necrozma
|-damage|p2a: Necrozma|36/100 par
|move|p2a: Necrozma|Moonlight|p2a: Necrozma
|-heal|p2a: Necrozma|86/100 par
|
|-heal|p2a: Necrozma|92/100 par|[from] item: Leftovers
|upkeep
|turn|75
|-message|Ayouko forfeited.
|
|win|Ropalme1914
|l|☆Ayouko
|raw|Ayouko's rating: 1726 &rarr; <strong>1702</strong><br />(-24 for losing)
|raw|Ropalme1914's rating: 1666 &rarr; <strong>1689</strong><br />(+23 for winning)
|l| ufg france
|l| Rhmsitb
