|j|☆FoolyCooly54
|j|☆Black Shadow 666
|t:|1629102986
|gametype|singles
|player|p1|FoolyCooly54|jasmine|1432
|player|p2|Black Shadow 666|unknown|1653
|teamsize|p1|6
|teamsize|p2|6
|gen|8
|tier|[Gen 8] Ubers
|rated|
|rule|Sleep Clause Mod: Limit one foe put to sleep
|rule|Species Clause: Limit one of each Pokémon
|rule|OHKO Clause: OHKO moves are banned
|rule|Evasion Moves Clause: Evasion moves are banned
|rule|Endless Battle Clause: Forcing endless battles is banned
|rule|HP Percentage Mod: HP is shown in percentages
|rule|Dynamax Clause: You cannot dynamax
|clearpoke
|poke|p1|Kyogre|
|poke|p1|Yveltal|
|poke|p1|Ferrothorn, F|
|poke|p1|Necrozma-Dusk-Mane|
|poke|p1|Rayquaza|
|poke|p1|Xerneas-*|
|poke|p2|Necrozma-Dusk-Mane|
|poke|p2|Calyrex-Shadow|
|poke|p2|Yveltal|
|poke|p2|Ho-Oh|
|poke|p2|Zekrom|
|poke|p2|Zygarde|
|teampreview
|inactive|Battle timer is ON: inactive players will automatically lose when time's up. (requested by FoolyCooly54)
|
|t:|1629102995
|start
|switch|p1a: Kyogre|Kyogre|100/100
|switch|p2a: Yveltal|Yveltal|100/100
|-weather|RainDance|[from] ability: Drizzle|[of] p1a: Kyogre
|-ability|p2a: Yveltal|Dark Aura
|turn|1
|
|t:|1629102998
|move|p2a: Yveltal|Sucker Punch|p1a: Kyogre
|-damage|p1a: Kyogre|42/100
|-damage|p2a: Yveltal|91/100|[from] item: Life Orb
|move|p1a: Kyogre|Thunder|p2a: Yveltal
|-supereffective|p2a: Yveltal
|-damage|p2a: Yveltal|26/100
|
|-weather|RainDance|[upkeep]
|-heal|p1a: Kyogre|48/100|[from] item: Leftovers
|upkeep
|turn|2
|
|t:|1629103005
|switch|p2a: Zygarde|Zygarde|100/100
|move|p1a: Kyogre|Thunder Wave|p2a: Zygarde
|-immune|p2a: Zygarde
|
|-weather|RainDance|[upkeep]
|-heal|p1a: Kyogre|54/100|[from] item: Leftovers
|upkeep
|turn|3
|inactive|Black Shadow 666 has 120 seconds left.
|
|t:|1629103042
|switch|p2a: Necrozma|Necrozma-Dusk-Mane|100/100
|move|p1a: Kyogre|Ice Beam|p2a: Necrozma
|-resisted|p2a: Necrozma
|-damage|p2a: Necrozma|90/100
|
|-weather|RainDance|[upkeep]
|-heal|p1a: Kyogre|61/100|[from] item: Leftovers
|-heal|p2a: Necrozma|96/100|[from] item: Leftovers
|upkeep
|turn|4
|
|t:|1629103046
|switch|p2a: Zekrom|Zekrom, shiny|100/100
|-ability|p2a: Zekrom|Teravolt
|move|p1a: Kyogre|Surf|p2a: Zekrom
|-resisted|p2a: Zekrom
|-damage|p2a: Zekrom|59/100
|
|-weather|RainDance|[upkeep]
|-heal|p1a: Kyogre|67/100|[from] item: Leftovers
|upkeep
|turn|5
|
|t:|1629103060
|switch|p1a: Ferrothorn|Ferrothorn, F|100/100
|move|p2a: Zekrom|Bolt Strike|p1a: Ferrothorn
|-resisted|p1a: Ferrothorn
|-damage|p1a: Ferrothorn|79/100
|-damage|p2a: Zekrom|46/100|[from] ability: Iron Barbs|[of] p1a: Ferrothorn
|-damage|p2a: Zekrom|30/100|[from] item: Rocky Helmet|[of] p1a: Ferrothorn
|
|-weather|none
|upkeep
|turn|6
|
|t:|1629103066
|move|p2a: Zekrom|Roost|p2a: Zekrom
|-heal|p2a: Zekrom|80/100
|-singleturn|p2a: Zekrom|move: Roost
|move|p1a: Ferrothorn|Knock Off|p2a: Zekrom
|-damage|p2a: Zekrom|60/100
|-enditem|p2a: Zekrom|Haban Berry|[from] move: Knock Off|[of] p1a: Ferrothorn
|
|upkeep
|turn|7
|
|t:|1629103075
|switch|p2a: Yveltal|Yveltal|26/100
|-ability|p2a: Yveltal|Dark Aura
|move|p1a: Ferrothorn|Toxic|p2a: Yveltal
|-status|p2a: Yveltal|tox
|
|-damage|p2a: Yveltal|20/100 tox|[from] psn
|upkeep
|turn|8
|
|t:|1629103081
|move|p2a: Yveltal|Oblivion Wing|p1a: Ferrothorn
|-damage|p1a: Ferrothorn|28/100
|-heal|p2a: Yveltal|54/100 tox|[from] drain|[of] p1a: Ferrothorn
|-damage|p2a: Yveltal|45/100 tox|[from] item: Life Orb
|move|p1a: Ferrothorn|Leech Seed|p2a: Yveltal|[miss]
|-miss|p1a: Ferrothorn|p2a: Yveltal
|
|-damage|p2a: Yveltal|32/100 tox|[from] psn
|upkeep
|turn|9
|
|t:|1629103085
|move|p2a: Yveltal|Oblivion Wing|p1a: Ferrothorn
|-damage|p1a: Ferrothorn|0 fnt
|-heal|p2a: Yveltal|51/100 tox|[from] drain|[of] p1a: Ferrothorn
|faint|p1a: Ferrothorn
|-damage|p2a: Yveltal|41/100 tox|[from] item: Life Orb
|
|-damage|p2a: Yveltal|23/100 tox|[from] psn
|upkeep
|
|t:|1629103091
|switch|p1a: Rayquaza|Rayquaza|100/100
|-ability|p1a: Rayquaza|Air Lock
|turn|10
|
|t:|1629103100
|move|p1a: Rayquaza|Swords Dance|p1a: Rayquaza
|-boost|p1a: Rayquaza|atk|2
|move|p2a: Yveltal|Dark Pulse|p1a: Rayquaza
|-damage|p1a: Rayquaza|25/100
|-damage|p2a: Yveltal|13/100 tox|[from] item: Life Orb
|
|-damage|p2a: Yveltal|0 fnt|[from] psn
|faint|p2a: Yveltal
|upkeep
|j| zjzzz
|
|t:|1629103108
|switch|p2a: Calyrex|Calyrex-Shadow|100/100
|-ability|p2a: Calyrex|As One
|-ability|p2a: Calyrex|Unnerve
|turn|11
|
|t:|1629103111
|switch|p1a: Yveltal|Yveltal|100/100
|-ability|p1a: Yveltal|Dark Aura
|move|p2a: Calyrex|Draining Kiss|p1a: Yveltal
|-supereffective|p1a: Yveltal
|-damage|p1a: Yveltal|75/100
|
|upkeep
|turn|12
|
|t:|1629103117
|switch|p2a: Ho-Oh|Ho-Oh, shiny|100/100
|move|p1a: Yveltal|Toxic|p2a: Ho-Oh|[miss]
|-miss|p1a: Yveltal|p2a: Ho-Oh
|
|upkeep
|turn|13
|
|t:|1629103122
|move|p1a: Yveltal|Knock Off|p2a: Ho-Oh
|-damage|p2a: Ho-Oh|61/100
|-enditem|p2a: Ho-Oh|Heavy-Duty Boots|[from] move: Knock Off|[of] p1a: Yveltal
|move|p2a: Ho-Oh|Toxic|p1a: Yveltal
|-status|p1a: Yveltal|tox
|
|-damage|p1a: Yveltal|69/100 tox|[from] psn
|upkeep
|turn|14
|
|t:|1629103128
|move|p1a: Yveltal|Toxic|p2a: Ho-Oh
|-status|p2a: Ho-Oh|tox
|move|p2a: Ho-Oh|Sacred Fire|p1a: Yveltal
|-damage|p1a: Yveltal|35/100 tox
|
|-damage|p1a: Yveltal|23/100 tox|[from] psn
|-damage|p2a: Ho-Oh|55/100 tox|[from] psn
|upkeep
|turn|15
|
|t:|1629103139
|move|p1a: Yveltal|Roost|p1a: Yveltal
|-heal|p1a: Yveltal|73/100 tox
|-singleturn|p1a: Yveltal|move: Roost
|move|p2a: Ho-Oh|Sacred Fire|p1a: Yveltal|[miss]
|-miss|p2a: Ho-Oh|p1a: Yveltal
|
|-damage|p1a: Yveltal|55/100 tox|[from] psn
|-damage|p2a: Ho-Oh|43/100 tox|[from] psn
|upkeep
|turn|16
|
|t:|1629103146
|switch|p1a: Kyogre|Kyogre|67/100
|-weather|RainDance|[from] ability: Drizzle|[of] p1a: Kyogre
|move|p2a: Ho-Oh|Sacred Fire|p1a: Kyogre
|-resisted|p1a: Kyogre
|-damage|p1a: Kyogre|54/100
|
|-weather|RainDance|[upkeep]
|-heal|p1a: Kyogre|60/100|[from] item: Leftovers
|-damage|p2a: Ho-Oh|24/100 tox|[from] psn
|upkeep
|turn|17
|
|t:|1629103150
|move|p1a: Kyogre|Surf|p2a: Ho-Oh
|-supereffective|p2a: Ho-Oh
|-damage|p2a: Ho-Oh|0 fnt
|faint|p2a: Ho-Oh
|
|-weather|RainDance|[upkeep]
|-heal|p1a: Kyogre|66/100|[from] item: Leftovers
|upkeep
|
|t:|1629103156
|switch|p2a: Zekrom|Zekrom, shiny|60/100
|-ability|p2a: Zekrom|Teravolt
|turn|18
|
|t:|1629103159
|move|p2a: Zekrom|Bolt Strike|p1a: Kyogre
|-supereffective|p1a: Kyogre
|-damage|p1a: Kyogre|0 fnt
|faint|p1a: Kyogre
|
|-weather|RainDance|[upkeep]
|upkeep
|
|t:|1629103164
|switch|p1a: Xerneas|Xerneas|100/100
|-ability|p1a: Xerneas|Fairy Aura
|turn|19
|
|t:|1629103168
|switch|p2a: Necrozma|Necrozma-Dusk-Mane|96/100
|move|p1a: Xerneas|Aromatherapy|p1a: Xerneas
|-activate|p1a: Xerneas|move: Aromatherapy
|-curestatus|p1: Yveltal|tox|[msg]
|
|-weather|RainDance|[upkeep]
|-heal|p2a: Necrozma|100/100|[from] item: Leftovers
|upkeep
|turn|20
|
|t:|1629103179
|switch|p1a: Rayquaza|Rayquaza|25/100
|-ability|p1a: Rayquaza|Air Lock
|switch|p2a: Zygarde|Zygarde|100/100
|
|-weather|none
|upkeep
|turn|21
|
|t:|1629103184
|switch|p1a: Xerneas|Xerneas|100/100
|-ability|p1a: Xerneas|Fairy Aura
|move|p2a: Zygarde|Glare|p1a: Xerneas
|-status|p1a: Xerneas|par
|
|upkeep
|turn|22
|
|t:|1629103190
|move|p2a: Zygarde|Substitute|p2a: Zygarde
|-start|p2a: Zygarde|Substitute
|-damage|p2a: Zygarde|75/100
|move|p1a: Xerneas|Moonblast|p2a: Zygarde
|-supereffective|p2a: Zygarde
|-end|p2a: Zygarde|Substitute
|
|-heal|p2a: Zygarde|82/100|[from] item: Leftovers
|upkeep
|turn|23
|
|t:|1629103194
|switch|p2a: Necrozma|Necrozma-Dusk-Mane|100/100
|move|p1a: Xerneas|Aromatherapy|p1a: Xerneas
|-activate|p1a: Xerneas|move: Aromatherapy
|-curestatus|p1a: Xerneas|par|[msg]
|
|upkeep
|turn|24
|
|t:|1629103213
|switch|p1a: Yveltal|Yveltal|55/100
|-ability|p1a: Yveltal|Dark Aura
|move|p2a: Necrozma|Earthquake|p1a: Yveltal
|-immune|p1a: Yveltal
|
|upkeep
|turn|25
|
|t:|1629103219
|move|p1a: Yveltal|Roost|p1a: Yveltal
|-heal|p1a: Yveltal|100/100
|-singleturn|p1a: Yveltal|move: Roost
|move|p2a: Necrozma|Sunsteel Strike|p1a: Yveltal
|-damage|p1a: Yveltal|57/100
|
|upkeep
|turn|26
|
|t:|1629103223
|move|p1a: Yveltal|Roost|p1a: Yveltal
|-heal|p1a: Yveltal|100/100
|-singleturn|p1a: Yveltal|move: Roost
|move|p2a: Necrozma|Sunsteel Strike|p1a: Yveltal
|-damage|p1a: Yveltal|59/100
|
|upkeep
|turn|27
|
|t:|1629103226
|switch|p2a: Zygarde|Zygarde|82/100
|move|p1a: Yveltal|Knock Off|p2a: Zygarde
|-damage|p2a: Zygarde|52/100
|-enditem|p2a: Zygarde|Leftovers|[from] move: Knock Off|[of] p1a: Yveltal
|
|upkeep
|turn|28
|
|t:|1629103228
|move|p1a: Yveltal|Toxic|p2a: Zygarde
|-status|p2a: Zygarde|tox
|move|p2a: Zygarde|Glare|p1a: Yveltal
|-status|p1a: Yveltal|par
|
|-damage|p2a: Zygarde|45/100 tox|[from] psn
|-activate|p2a: Zygarde|ability: Power Construct
|detailschange|p2a: Zygarde|Zygarde-Complete
|-heal|p2a: Zygarde|64/100 tox|[silent]
|upkeep
|turn|29
|
|t:|1629103235
|switch|p2a: Zekrom|Zekrom, shiny|60/100
|-ability|p2a: Zekrom|Teravolt
|move|p1a: Yveltal|Taunt|p2a: Zekrom
|-start|p2a: Zekrom|move: Taunt
|
|upkeep
|turn|30
|
|t:|1629103239
|switch|p1a: Necrozma|Necrozma-Dusk-Mane|100/100
|move|p2a: Zekrom|Bolt Strike|p1a: Necrozma
|-damage|p1a: Necrozma|46/100
|
|-heal|p1a: Necrozma|52/100|[from] item: Leftovers
|upkeep
|turn|31
|
|t:|1629103251
|switch|p2a: Calyrex|Calyrex-Shadow|100/100
|-ability|p2a: Calyrex|As One
|-ability|p2a: Calyrex|Unnerve
|move|p1a: Necrozma|Trick Room|p1a: Necrozma
|-fieldstart|move: Trick Room|[of] p1a: Necrozma
|
|-heal|p1a: Necrozma|58/100|[from] item: Leftovers
|upkeep
|turn|32
|
|t:|1629103254
|switch|p2a: Zygarde|Zygarde-Complete|64/100 tox
|move|p1a: Necrozma|Sunsteel Strike|p2a: Zygarde
|-damage|p2a: Zygarde|43/100 tox
|
|-heal|p1a: Necrozma|64/100|[from] item: Leftovers
|-damage|p2a: Zygarde|37/100 tox|[from] psn
|upkeep
|turn|33
|
|t:|1629103257
|move|p1a: Necrozma|Morning Sun|p1a: Necrozma
|-heal|p1a: Necrozma|100/100
|move|p2a: Zygarde|Glare|p1a: Necrozma
|-status|p1a: Necrozma|par
|
|-damage|p2a: Zygarde|25/100 tox|[from] psn
|upkeep
|turn|34
|
|t:|1629103263
|switch|p2a: Zekrom|Zekrom, shiny|60/100
|-ability|p2a: Zekrom|Teravolt
|move|p1a: Necrozma|Sunsteel Strike|p2a: Zekrom
|-resisted|p2a: Zekrom
|-damage|p2a: Zekrom|32/100
|
|upkeep
|turn|35
|
|t:|1629103274
|switch|p2a: Calyrex|Calyrex-Shadow|100/100
|-ability|p2a: Calyrex|As One
|-ability|p2a: Calyrex|Unnerve
|move|p1a: Necrozma|Earthquake|p2a: Calyrex
|-damage|p2a: Calyrex|44/100
|
|-fieldend|move: Trick Room
|upkeep
|turn|36
|
|t:|1629103289
|move|p2a: Calyrex|Nasty Plot|p2a: Calyrex
|-boost|p2a: Calyrex|spa|2
|move|p1a: Necrozma|Trick Room|p1a: Necrozma
|-fieldstart|move: Trick Room|[of] p1a: Necrozma
|
|upkeep
|turn|37
|
|t:|1629103300
|switch|p2a: Zygarde|Zygarde-Complete|25/100 tox
|cant|p1a: Necrozma|par
|
|-damage|p2a: Zygarde|18/100 tox|[from] psn
|upkeep
|turn|38
|
|t:|1629103304
|cant|p1a: Necrozma|par
|move|p2a: Zygarde|Thousand Arrows|p1a: Necrozma
|-supereffective|p1a: Necrozma
|-damage|p1a: Necrozma|69/100 par
|
|-heal|p1a: Necrozma|75/100 par|[from] item: Leftovers
|-damage|p2a: Zygarde|6/100 tox|[from] psn
|upkeep
|turn|39
|
|t:|1629103306
|move|p1a: Necrozma|Sunsteel Strike|p2a: Zygarde
|-damage|p2a: Zygarde|0 fnt
|faint|p2a: Zygarde
|
|-heal|p1a: Necrozma|81/100 par|[from] item: Leftovers
|upkeep
|
|t:|1629103311
|switch|p2a: Necrozma|Necrozma-Dusk-Mane|100/100
|turn|40
|
|t:|1629103316
|move|p1a: Necrozma|Morning Sun|p1a: Necrozma
|-heal|p1a: Necrozma|100/100 par
|move|p2a: Necrozma|Earthquake|p1a: Necrozma
|-supereffective|p1a: Necrozma
|-damage|p1a: Necrozma|61/100 par
|
|-heal|p1a: Necrozma|67/100 par|[from] item: Leftovers
|-fieldend|move: Trick Room
|upkeep
|turn|41
|
|t:|1629103319
|move|p2a: Necrozma|Earthquake|p1a: Necrozma
|-supereffective|p1a: Necrozma
|-damage|p1a: Necrozma|27/100 par
|move|p1a: Necrozma|Trick Room|p1a: Necrozma
|-fieldstart|move: Trick Room|[of] p1a: Necrozma
|
|-heal|p1a: Necrozma|33/100 par|[from] item: Leftovers
|upkeep
|turn|42
|
|t:|1629103323
|move|p1a: Necrozma|Earthquake|p2a: Necrozma
|-supereffective|p2a: Necrozma
|-damage|p2a: Necrozma|56/100
|move|p2a: Necrozma|Earthquake|p1a: Necrozma
|-supereffective|p1a: Necrozma
|-damage|p1a: Necrozma|0 fnt
|faint|p1a: Necrozma
|
|-heal|p2a: Necrozma|62/100|[from] item: Leftovers
|upkeep
|
|t:|1629103325
|switch|p1a: Rayquaza|Rayquaza|25/100
|-ability|p1a: Rayquaza|Air Lock
|turn|43
|
|t:|1629103332
|move|p2a: Necrozma|Sunsteel Strike|p1a: Rayquaza
|-damage|p1a: Rayquaza|0 fnt
|faint|p1a: Rayquaza
|
|-heal|p2a: Necrozma|68/100|[from] item: Leftovers
|upkeep
|c|☆Black Shadow 666|?
|
|t:|1629103339
|switch|p1a: Yveltal|Yveltal|59/100 par
|-ability|p1a: Yveltal|Dark Aura
|turn|44
|
|t:|1629103354
|move|p1a: Yveltal|Knock Off|p2a: Necrozma
|-supereffective|p2a: Necrozma
|-damage|p2a: Necrozma|6/100
|-enditem|p2a: Necrozma|Leftovers|[from] move: Knock Off|[of] p1a: Yveltal
|move|p2a: Necrozma|Morning Sun|p2a: Necrozma
|-heal|p2a: Necrozma|56/100
|
|upkeep
|turn|45
|-message|FoolyCooly54 forfeited.
|
|win|Black Shadow 666
|raw|FoolyCooly54's rating: 1432 &rarr; <strong>1423</strong><br />(-9 for losing)
|raw|Black Shadow 666's rating: 1653 &rarr; <strong>1662</strong><br />(+9 for winning)
|l|☆FoolyCooly54
|l|☆Black Shadow 666
