|j|☆Magikarp4000
|j|☆jigsawfii
|t:|1617083892
|player|p1|Magikarp4000|steven|1469
|player|p2|jigsawfii|cameraman|1542
|teamsize|p1|6
|teamsize|p2|6
|gametype|singles
|gen|8
|tier|[Gen 8] Ubers
|rated|
|clearpoke
|poke|p1|Yveltal|
|poke|p1|Xerneas|
|poke|p1|Necrozma-Dusk-Mane|
|poke|p1|Eternatus|
|poke|p1|Zygarde|
|poke|p1|Calyrex-Shadow|
|poke|p2|Necrozma-Dusk-Mane|
|poke|p2|Zacian|
|poke|p2|Calyrex-Shadow|
|poke|p2|Ditto|
|poke|p2|Yveltal|
|poke|p2|Kyogre|
|rule|Sleep Clause Mod: Limit one foe put to sleep
|rule|Species Clause: Limit one of each Pokémon
|rule|OHKO Clause: OHKO moves are banned
|rule|Evasion Moves Clause: Evasion moves are banned
|rule|Endless Battle Clause: Forcing endless battles is banned
|rule|HP Percentage Mod: HP is shown in percentages
|rule|Dynamax Clause: You cannot dynamax
|teampreview
|inactive|Battle timer is ON: inactive players will automatically lose when time's up. (requested by jigsawfii)
|c|☆Magikarp4000|glhf
|
|t:|1617083898
|start
|switch|p1a: Eternatus|Eternatus|100/100
|switch|p2a: Kyogre|Kyogre|100/100
|-weather|RainDance|[from] ability: Drizzle|[of] p2a: Kyogre
|-ability|p1a: Eternatus|Pressure
|turn|1
|
|t:|1617083902
|switch|p2a: Necrozma|Necrozma-Dusk-Mane|100/100
|move|p1a: Eternatus|Dynamax Cannon|p2a: Necrozma
|-resisted|p2a: Necrozma
|-damage|p2a: Necrozma|87/100
|
|-weather|RainDance|[upkeep]
|-heal|p2a: Necrozma|93/100|[from] item: Leftovers
|upkeep
|turn|2
|
|t:|1617083915
|switch|p1a: Zygarde|Zygarde|100/100
|move|p2a: Necrozma|Stealth Rock|p1a: Zygarde
|-sidestart|p1: Magikarp4000|move: Stealth Rock
|
|-weather|RainDance|[upkeep]
|-heal|p2a: Necrozma|99/100|[from] item: Leftovers
|upkeep
|turn|3
|
|t:|1617083934
|switch|p2a: Zacian|Zacian|100/100
|-ability|p2a: Zacian|Intrepid Sword|boost
|-boost|p2a: Zacian|atk|1
|move|p1a: Zygarde|Thousand Arrows|p2a: Zacian
|-damage|p2a: Zacian|65/100
|
|-weather|RainDance|[upkeep]
|upkeep
|turn|4
|
|t:|1617083946
|switch|p1a: Necrozma|Necrozma-Dusk-Mane|100/100
|-damage|p1a: Necrozma|94/100|[from] Stealth Rock
|move|p2a: Zacian|Play Rough|p1a: Necrozma
|-resisted|p1a: Necrozma
|-damage|p1a: Necrozma|73/100
|-damage|p2a: Zacian|49/100|[from] item: Rocky Helmet|[of] p1a: Necrozma
|
|-weather|RainDance|[upkeep]
|upkeep
|turn|5
|
|t:|1617083962
|switch|p2a: Calyrex|Calyrex-Shadow|100/100
|-ability|p2a: Calyrex|As One
|-ability|p2a: Calyrex|Unnerve|p1: Magikarp4000
|move|p1a: Necrozma|Knock Off|p2a: Calyrex
|-supereffective|p2a: Calyrex
|-damage|p2a: Calyrex|0 fnt
|-enditem|p2a: Calyrex|Leftovers|[from] move: Knock Off|[of] p1a: Necrozma
|faint|p2a: Calyrex
|
|-weather|none
|upkeep
|
|t:|1617083968
|switch|p2a: Kyogre|Kyogre|100/100
|-weather|RainDance|[from] ability: Drizzle|[of] p2a: Kyogre
|turn|6
|
|t:|1617083975
|switch|p1a: Eternatus|Eternatus|100/100
|-damage|p1a: Eternatus|88/100|[from] Stealth Rock
|-ability|p1a: Eternatus|Pressure
|move|p2a: Kyogre|Water Spout|p1a: Eternatus
|-resisted|p1a: Eternatus
|-damage|p1a: Eternatus|50/100
|
|-weather|RainDance|[upkeep]
|-heal|p1a: Eternatus|57/100|[from] item: Black Sludge
|upkeep
|turn|7
|
|t:|1617083980
|switch|p2a: Zacian|Zacian|49/100
|-ability|p2a: Zacian|Intrepid Sword|boost
|-boost|p2a: Zacian|atk|1
|move|p1a: Eternatus|Dynamax Cannon|p2a: Zacian
|-immune|p2a: Zacian
|
|-weather|RainDance|[upkeep]
|-heal|p1a: Eternatus|63/100|[from] item: Black Sludge
|upkeep
|turn|8
|
|t:|1617083986
|switch|p1a: Necrozma|Necrozma-Dusk-Mane|73/100
|-damage|p1a: Necrozma|67/100|[from] Stealth Rock
|move|p2a: Zacian|Crunch|p1a: Necrozma
|-supereffective|p1a: Necrozma
|-damage|p1a: Necrozma|29/100
|-damage|p2a: Zacian|32/100|[from] item: Rocky Helmet|[of] p1a: Necrozma
|
|-weather|RainDance|[upkeep]
|upkeep
|turn|9
|
|t:|1617083992
|move|p2a: Zacian|Crunch|p1a: Necrozma
|-supereffective|p1a: Necrozma
|-damage|p1a: Necrozma|0 fnt
|-damage|p2a: Zacian|16/100|[from] item: Rocky Helmet|[of] p1a: Necrozma
|faint|p1a: Necrozma
|
|-weather|RainDance|[upkeep]
|upkeep
|
|t:|1617083996
|switch|p1a: Calyrex|Calyrex-Shadow|100/100
|-ability|p1a: Calyrex|As One
|-ability|p1a: Calyrex|Unnerve|p2: jigsawfii
|-damage|p1a: Calyrex|88/100|[from] Stealth Rock
|turn|10
|
|t:|1617084003
|move|p1a: Calyrex|Trick|p2a: Zacian
|-activate|p1a: Calyrex|move: Trick|[of] p2a: Zacian
|-item|p2a: Zacian|Choice Scarf|[from] move: Trick
|-item|p1a: Calyrex|Choice Scarf|[from] move: Trick
|move|p2a: Zacian|Crunch|p1a: Calyrex
|-supereffective|p1a: Calyrex
|-damage|p1a: Calyrex|0 fnt
|faint|p1a: Calyrex
|
|-weather|none
|upkeep
|
|t:|1617084011
|switch|p1a: Xerneas|Xerneas|100/100
|-damage|p1a: Xerneas|88/100|[from] Stealth Rock
|-ability|p1a: Xerneas|Fairy Aura
|turn|11
|inactive|jigsawfii has 120 seconds left.
|
|t:|1617084066
|move|p2a: Zacian|Crunch|p1a: Xerneas
|-resisted|p1a: Xerneas
|-damage|p1a: Xerneas|69/100
|-unboost|p1a: Xerneas|def|1
|move|p1a: Xerneas|Moonblast|p2a: Zacian
|-damage|p2a: Zacian|0 fnt
|faint|p2a: Zacian
|
|upkeep
|
|t:|1617084077
|switch|p2a: Kyogre|Kyogre|100/100
|-weather|RainDance|[from] ability: Drizzle|[of] p2a: Kyogre
|turn|12
|
|t:|1617084107
|move|p2a: Kyogre|Water Spout|p1a: Xerneas
|-damage|p1a: Xerneas|0 fnt
|faint|p1a: Xerneas
|
|-weather|RainDance|[upkeep]
|upkeep
|
|t:|1617084110
|switch|p1a: Eternatus|Eternatus|63/100
|-damage|p1a: Eternatus|50/100|[from] Stealth Rock
|-ability|p1a: Eternatus|Pressure
|turn|13
|
|t:|1617084122
|switch|p2a: Necrozma|Necrozma-Dusk-Mane|99/100
|move|p1a: Eternatus|Recover|p1a: Eternatus
|-heal|p1a: Eternatus|100/100
|
|-weather|RainDance|[upkeep]
|-heal|p2a: Necrozma|100/100|[from] item: Leftovers
|upkeep
|turn|14
|
|t:|1617084128
|switch|p1a: Zygarde|Zygarde|100/100
|-damage|p1a: Zygarde|94/100|[from] Stealth Rock
|move|p2a: Necrozma|Knock Off|p1a: Zygarde
|-damage|p1a: Zygarde|69/100
|-enditem|p1a: Zygarde|Leftovers|[from] move: Knock Off|[of] p2a: Necrozma
|
|-weather|RainDance|[upkeep]
|upkeep
|turn|15
|
|t:|1617084136
|switch|p2a: Kyogre|Kyogre|100/100
|move|p1a: Zygarde|Thousand Arrows|p2a: Kyogre
|-damage|p2a: Kyogre|54/100
|
|-weather|RainDance|[upkeep]
|upkeep
|turn|16
|
|t:|1617084140
|switch|p1a: Eternatus|Eternatus|100/100
|-damage|p1a: Eternatus|88/100|[from] Stealth Rock
|-ability|p1a: Eternatus|Pressure
|move|p2a: Kyogre|Ice Beam|p1a: Eternatus
|-supereffective|p1a: Eternatus
|-damage|p1a: Eternatus|50/100
|
|-weather|none
|-heal|p1a: Eternatus|57/100|[from] item: Black Sludge
|upkeep
|turn|17
|
|t:|1617084156
|switch|p2a: Necrozma|Necrozma-Dusk-Mane|100/100
|move|p1a: Eternatus|Recover|p1a: Eternatus
|-heal|p1a: Eternatus|100/100
|
|upkeep
|turn|18
|
|t:|1617084165
|switch|p1a: Zygarde|Zygarde|69/100
|-damage|p1a: Zygarde|63/100|[from] Stealth Rock
|switch|p2a: Kyogre|Kyogre|54/100
|-weather|RainDance|[from] ability: Drizzle|[of] p2a: Kyogre
|
|-weather|RainDance|[upkeep]
|upkeep
|turn|19
|
|t:|1617084169
|switch|p1a: Eternatus|Eternatus|100/100
|-damage|p1a: Eternatus|88/100|[from] Stealth Rock
|-ability|p1a: Eternatus|Pressure
|move|p2a: Kyogre|Ice Beam|p1a: Eternatus
|-supereffective|p1a: Eternatus
|-damage|p1a: Eternatus|47/100
|
|-weather|RainDance|[upkeep]
|-heal|p1a: Eternatus|53/100|[from] item: Black Sludge
|upkeep
|turn|20
|
|t:|1617084181
|switch|p2a: Yveltal|Yveltal|100/100
|-ability|p2a: Yveltal|Dark Aura
|move|p1a: Eternatus|Recover|p1a: Eternatus
|-heal|p1a: Eternatus|100/100
|
|-weather|RainDance|[upkeep]
|upkeep
|turn|21
|
|t:|1617084187
|move|p1a: Eternatus|Toxic|p2a: Yveltal
|-status|p2a: Yveltal|tox
|move|p2a: Yveltal|Knock Off|p1a: Eternatus
|-damage|p1a: Eternatus|58/100
|-enditem|p1a: Eternatus|Black Sludge|[from] move: Knock Off|[of] p2a: Yveltal
|
|-weather|RainDance|[upkeep]
|-damage|p2a: Yveltal|94/100 tox|[from] psn
|upkeep
|turn|22
|
|t:|1617084198
|switch|p2a: Ditto|Ditto|100/100
|-transform|p2a: Ditto|p1a: Eternatus|[from] ability: Imposter
|-ability|p2a: Ditto|Pressure
|move|p1a: Eternatus|Recover|p1a: Eternatus
|-heal|p1a: Eternatus|100/100
|
|-weather|none
|upkeep
|turn|23
|
|t:|1617084204
|switch|p1a: Yveltal|Yveltal|100/100
|-ability|p1a: Yveltal|Dark Aura
|move|p2a: Ditto|Dynamax Cannon|p1a: Yveltal
|-damage|p1a: Yveltal|77/100
|
|upkeep
|turn|24
|
|t:|1617084212
|switch|p2a: Yveltal|Yveltal|94/100 tox
|-ability|p2a: Yveltal|Dark Aura
|move|p1a: Yveltal|Defog|p2a: Yveltal
|-unboost|p2a: Yveltal|evasion|1
|-sideend|p1: Magikarp4000|Stealth Rock|[from] move: Defog|[of] p1a: Yveltal
|
|-damage|p2a: Yveltal|88/100 tox|[from] psn
|upkeep
|turn|25
|
|t:|1617084219
|switch|p1a: Zygarde|Zygarde|63/100
|move|p2a: Yveltal|Toxic|p1a: Zygarde
|-status|p1a: Zygarde|tox
|
|-damage|p1a: Zygarde|56/100 tox|[from] psn
|-damage|p2a: Yveltal|76/100 tox|[from] psn
|upkeep
|turn|26
|
|t:|1617084236
|switch|p2a: Necrozma|Necrozma-Dusk-Mane|100/100
|move|p1a: Zygarde|Rest|p1a: Zygarde
|-status|p1a: Zygarde|slp|[from] move: Rest
|-heal|p1a: Zygarde|100/100 slp|[silent]
|
|upkeep
|turn|27
|
|t:|1617084241
|switch|p1a: Yveltal|Yveltal|77/100
|-ability|p1a: Yveltal|Dark Aura
|move|p2a: Necrozma|Stealth Rock|p1a: Yveltal
|-sidestart|p1: Magikarp4000|move: Stealth Rock
|
|upkeep
|turn|28
|
|t:|1617084245
|move|p1a: Yveltal|Knock Off|p2a: Necrozma
|-supereffective|p2a: Necrozma
|-damage|p2a: Necrozma|41/100
|-enditem|p2a: Necrozma|Leftovers|[from] move: Knock Off|[of] p1a: Yveltal
|move|p2a: Necrozma|Knock Off|p1a: Yveltal
|-resisted|p1a: Yveltal
|-damage|p1a: Yveltal|60/100
|-enditem|p1a: Yveltal|Heavy-Duty Boots|[from] move: Knock Off|[of] p2a: Necrozma
|
|upkeep
|turn|29
|
|t:|1617084269
|switch|p2a: Ditto|Ditto|100/100
|-transform|p2a: Ditto|p1a: Yveltal|[from] ability: Imposter
|-ability|p2a: Ditto|Dark Aura
|move|p1a: Yveltal|Defog|p2a: Ditto
|-unboost|p2a: Ditto|evasion|1
|-sideend|p1: Magikarp4000|Stealth Rock|[from] move: Defog|[of] p1a: Yveltal
|
|upkeep
|turn|30
|inactive|jigsawfii has 120 seconds left.
|
|t:|1617084294
|switch|p2a: Yveltal|Yveltal|76/100 tox
|-ability|p2a: Yveltal|Dark Aura
|move|p1a: Yveltal|Roost|p1a: Yveltal
|-heal|p1a: Yveltal|100/100
|-singleturn|p1a: Yveltal|move: Roost
|
|-damage|p2a: Yveltal|70/100 tox|[from] psn
|upkeep
|turn|31
|
|t:|1617084303
|switch|p1a: Zygarde|Zygarde|100/100 slp
|move|p2a: Yveltal|Roost|p2a: Yveltal
|-heal|p2a: Yveltal|100/100 tox
|-singleturn|p2a: Yveltal|move: Roost
|
|-damage|p2a: Yveltal|88/100 tox|[from] psn
|upkeep
|turn|32
|
|t:|1617084316
|switch|p2a: Kyogre|Kyogre|54/100
|-weather|RainDance|[from] ability: Drizzle|[of] p2a: Kyogre
|cant|p1a: Zygarde|slp
|
|-weather|RainDance|[upkeep]
|upkeep
|turn|33
|
|t:|1617084318
|switch|p2a: Necrozma|Necrozma-Dusk-Mane|41/100
|switch|p1a: Eternatus|Eternatus|100/100
|-ability|p1a: Eternatus|Pressure
|
|-weather|RainDance|[upkeep]
|upkeep
|turn|34
|
|t:|1617084329
|switch|p1a: Yveltal|Yveltal|100/100
|-ability|p1a: Yveltal|Dark Aura
|move|p2a: Necrozma|Morning Sun|p2a: Necrozma
|-heal|p2a: Necrozma|65/100
|
|-weather|RainDance|[upkeep]
|upkeep
|turn|35
|
|t:|1617084337
|switch|p2a: Yveltal|Yveltal|88/100 tox
|-ability|p2a: Yveltal|Dark Aura
|move|p1a: Yveltal|Knock Off|p2a: Yveltal
|-resisted|p2a: Yveltal
|-damage|p2a: Yveltal|65/100 tox
|-enditem|p2a: Yveltal|Heavy-Duty Boots|[from] move: Knock Off|[of] p1a: Yveltal
|
|-weather|RainDance|[upkeep]
|-damage|p2a: Yveltal|59/100 tox|[from] psn
|upkeep
|turn|36
|
|t:|1617084356
|switch|p1a: Zygarde|Zygarde|100/100 slp
|move|p2a: Yveltal|Roost|p2a: Yveltal
|-heal|p2a: Yveltal|100/100 tox
|-singleturn|p2a: Yveltal|move: Roost
|
|-weather|none
|-damage|p2a: Yveltal|88/100 tox|[from] psn
|upkeep
|turn|37
|
|t:|1617084370
|switch|p2a: Necrozma|Necrozma-Dusk-Mane|65/100
|cant|p1a: Zygarde|slp
|
|upkeep
|turn|38
|
|t:|1617084379
|switch|p1a: Yveltal|Yveltal|100/100
|-ability|p1a: Yveltal|Dark Aura
|move|p2a: Necrozma|Stealth Rock|p1a: Yveltal
|-sidestart|p1: Magikarp4000|move: Stealth Rock
|
|upkeep
|turn|39
|
|t:|1617084386
|move|p1a: Yveltal|Defog|p2a: Necrozma
|-unboost|p2a: Necrozma|evasion|1
|-sideend|p1: Magikarp4000|Stealth Rock|[from] move: Defog|[of] p1a: Yveltal
|move|p2a: Necrozma|Morning Sun|p2a: Necrozma
|-heal|p2a: Necrozma|100/100
|
|upkeep
|turn|40
|
|t:|1617084399
|move|p1a: Yveltal|Knock Off|p2a: Necrozma
|-supereffective|p2a: Necrozma
|-damage|p2a: Necrozma|63/100
|move|p2a: Necrozma|Stealth Rock|p1a: Yveltal
|-sidestart|p1: Magikarp4000|move: Stealth Rock
|
|upkeep
|turn|41
|
|t:|1617084407
|switch|p2a: Kyogre|Kyogre|54/100
|-weather|RainDance|[from] ability: Drizzle|[of] p2a: Kyogre
|move|p1a: Yveltal|Knock Off|p2a: Kyogre
|-damage|p2a: Kyogre|0 fnt
|-enditem|p2a: Kyogre|Choice Scarf|[from] move: Knock Off|[of] p1a: Yveltal
|faint|p2a: Kyogre
|
|-weather|RainDance|[upkeep]
|upkeep
|
|t:|1617084413
|switch|p2a: Yveltal|Yveltal|88/100 tox
|-ability|p2a: Yveltal|Dark Aura
|turn|42
|
|t:|1617084427
|move|p1a: Yveltal|Defog|p2a: Yveltal
|-unboost|p2a: Yveltal|evasion|1
|-sideend|p1: Magikarp4000|Stealth Rock|[from] move: Defog|[of] p1a: Yveltal
|move|p2a: Yveltal|Toxic|p1a: Yveltal
|-status|p1a: Yveltal|tox
|
|-weather|RainDance|[upkeep]
|-damage|p1a: Yveltal|94/100 tox|[from] psn
|-damage|p2a: Yveltal|82/100 tox|[from] psn
|upkeep
|turn|43
|
|t:|1617084446
|switch|p1a: Zygarde|Zygarde|100/100 slp
|move|p2a: Yveltal|Knock Off|p1a: Zygarde
|-damage|p1a: Zygarde|72/100 slp
|
|-weather|RainDance|[upkeep]
|-damage|p2a: Yveltal|70/100 tox|[from] psn
|upkeep
|turn|44
|
|t:|1617084461
|switch|p2a: Ditto|Ditto|100/100
|-transform|p2a: Ditto|p1a: Zygarde|[from] ability: Imposter
|-curestatus|p1a: Zygarde|slp|[msg]
|move|p1a: Zygarde|Thousand Arrows|p2a: Ditto
|-damage|p2a: Ditto|64/100
|
|-weather|RainDance|[upkeep]
|upkeep
|turn|45
|
|t:|1617084473
|switch|p2a: Yveltal|Yveltal|70/100 tox
|-ability|p2a: Yveltal|Dark Aura
|move|p1a: Zygarde|Thousand Arrows|p2a: Yveltal
|-damage|p2a: Yveltal|40/100 tox
|-start|p2a: Yveltal|Smack Down
|
|-weather|none
|-damage|p2a: Yveltal|34/100 tox|[from] psn
|upkeep
|turn|46
|c|☆jigsawfii|fuking shit noob staller
|-message|jigsawfii forfeited.
|
|win|Magikarp4000
|raw|Magikarp4000's rating: 1454 &rarr; <strong>1479</strong><br />(+25 for winning)
|raw|jigsawfii's rating: 1542 &rarr; <strong>1517</strong><br />(-25 for losing)
|l|☆jigsawfii
|c|☆Magikarp4000|lol
|c|☆Magikarp4000|cringe
|c|☆Magikarp4000|ggwp
