|j|☆Delemme
|j|☆Dysipius
|t:|1663584736
|gametype|singles
|player|p1|Delemme|fisherman|1427
|player|p2|Dysipius|riley|1555
|teamsize|p1|6
|teamsize|p2|6
|gen|8
|tier|[Gen 8] Ubers
|rated|
|rule|Sleep Clause Mod: Limit one foe put to sleep
|rule|Species Clause: Limit one of each Pokémon
|rule|OHKO Clause: OHKO moves are banned
|rule|Evasion Items Clause: Evasion items are banned
|rule|Evasion Moves Clause: Evasion moves are banned
|rule|Endless Battle Clause: Forcing endless battles is banned
|rule|HP Percentage Mod: HP is shown in percentages
|rule|Dynamax Clause: You cannot dynamax
|clearpoke
|poke|p1|Kyogre|
|poke|p1|Pelipper, F|
|poke|p1|Ferrothorn, F|
|poke|p1|Yveltal|
|poke|p1|Dracovish|
|poke|p1|Dugtrio, M|
|poke|p2|Marshadow|
|poke|p2|Slowbro, M|
|poke|p2|Yveltal|
|poke|p2|Ferrothorn, F|
|poke|p2|Urshifu-*, F|
|poke|p2|Ho-Oh|
|teampreview
|inactive|Battle timer is ON: inactive players will automatically lose when time's up. (requested by Dysipius)
|inactive|Delemme also wants the timer to be on.
|
|t:|1663584763
|start
|switch|p1a: big fish|Kyogre|100/100
|switch|p2a: Ferrothorn|Ferrothorn, F|100/100
|-weather|RainDance|[from] ability: Drizzle|[of] p1a: big fish
|turn|1
|
|t:|1663584771
|switch|p1a: Treepassing|Ferrothorn, F|100/100
|move|p2a: Ferrothorn|Leech Seed|p1a: Treepassing
|-immune|p1a: Treepassing
|
|-weather|RainDance|[upkeep]
|upkeep
|turn|2
|
|t:|1663584779
|move|p1a: Treepassing|Stealth Rock|p2a: Ferrothorn
|-sidestart|p2: Dysipius|move: Stealth Rock
|move|p2a: Ferrothorn|Stealth Rock|p1a: Treepassing
|-sidestart|p1: Delemme|move: Stealth Rock
|
|-weather|RainDance|[upkeep]
|upkeep
|turn|3
|
|t:|1663584786
|move|p1a: Treepassing|Spikes|p2a: Ferrothorn
|-sidestart|p2: Dysipius|Spikes
|move|p2a: Ferrothorn|Spikes|p1a: Treepassing
|-sidestart|p1: Delemme|Spikes
|
|-weather|RainDance|[upkeep]
|upkeep
|turn|4
|
|t:|1663584792
|move|p1a: Treepassing|Spikes|p2a: Ferrothorn
|-sidestart|p2: Dysipius|Spikes
|move|p2a: Ferrothorn|Spikes|p1a: Treepassing
|-sidestart|p1: Delemme|Spikes
|
|-weather|RainDance|[upkeep]
|upkeep
|turn|5
|
|t:|1663584798
|move|p1a: Treepassing|Knock Off|p2a: Ferrothorn
|-damage|p2a: Ferrothorn|84/100
|-damage|p1a: Treepassing|88/100|[from] ability: Iron Barbs|[of] p2a: Ferrothorn
|-enditem|p2a: Ferrothorn|Leftovers|[from] move: Knock Off|[of] p1a: Treepassing
|move|p2a: Ferrothorn|Spikes|p1a: Treepassing
|-sidestart|p1: Delemme|Spikes
|
|-weather|none
|-heal|p1a: Treepassing|94/100|[from] item: Leftovers
|upkeep
|turn|6
|
|t:|1663584812
|switch|p2a: Slowbro|Slowbro, M|100/100
|-damage|p2a: Slowbro|88/100|[from] Stealth Rock
|-damage|p2a: Slowbro|72/100|[from] Spikes
|move|p1a: Treepassing|Knock Off|p2a: Slowbro
|-supereffective|p2a: Slowbro
|-damage|p2a: Slowbro|45/100
|-damage|p1a: Treepassing|78/100|[from] item: Rocky Helmet|[of] p2a: Slowbro
|-enditem|p2a: Slowbro|Rocky Helmet|[from] move: Knock Off|[of] p1a: Treepassing
|
|-heal|p1a: Treepassing|84/100|[from] item: Leftovers
|upkeep
|turn|7
|
|t:|1663584826
|move|p1a: Treepassing|Toxic|p2a: Slowbro
|-status|p2a: Slowbro|tox
|move|p2a: Slowbro|Teleport|p2a: Slowbro
|
|t:|1663584831
|switch|p2a: Urshifu|Urshifu, F|100/100|[from]move: Teleport
|-damage|p2a: Urshifu|94/100|[from] Stealth Rock
|-damage|p2a: Urshifu|78/100|[from] Spikes
|
|-heal|p1a: Treepassing|90/100|[from] item: Leftovers
|upkeep
|turn|8
|
|t:|1663584840
|move|p2a: Urshifu|Wicked Blow|p1a: Treepassing
|-crit|p1a: Treepassing
|-damage|p1a: Treepassing|14/100
|-damage|p2a: Urshifu|66/100|[from] ability: Iron Barbs|[of] p1a: Treepassing
|move|p1a: Treepassing|Knock Off|p2a: Urshifu
|-resisted|p2a: Urshifu
|-damage|p2a: Urshifu|61/100
|-enditem|p2a: Urshifu|Choice Band|[from] move: Knock Off|[of] p1a: Treepassing
|
|-heal|p1a: Treepassing|20/100|[from] item: Leftovers
|upkeep
|turn|9
|
|t:|1663584853
|move|p2a: Urshifu|Wicked Blow|p1a: Treepassing
|-crit|p1a: Treepassing
|-damage|p1a: Treepassing|0 fnt
|-damage|p2a: Urshifu|48/100|[from] ability: Iron Barbs|[of] p1a: Treepassing
|faint|p1a: Treepassing
|
|upkeep
|
|t:|1663584858
|switch|p1a: Lando|Yveltal|100/100
|-ability|p1a: Lando|Dark Aura
|turn|10
|
|t:|1663584864
|move|p2a: Urshifu|Wicked Blow|p1a: Lando
|-resisted|p1a: Lando
|-crit|p1a: Lando
|-damage|p1a: Lando|79/100
|move|p1a: Lando|U-turn|p2a: Urshifu
|-damage|p2a: Urshifu|28/100
|
|t:|1663584868
|switch|p1a: big fish|Kyogre|100/100|[from]move: U-turn
|-damage|p1a: big fish|88/100|[from] Stealth Rock
|-damage|p1a: big fish|63/100|[from] Spikes
|-weather|RainDance|[from] ability: Drizzle|[of] p1a: big fish
|
|-weather|RainDance|[upkeep]
|upkeep
|turn|11
|
|t:|1663584880
|switch|p1a: Hangin'out|Dugtrio, M|100/100
|-damage|p1a: Hangin'out|94/100|[from] Stealth Rock
|-damage|p1a: Hangin'out|70/100|[from] Spikes
|move|p2a: Urshifu|Sucker Punch||[still]
|-fail|p2a: Urshifu
|
|-weather|RainDance|[upkeep]
|upkeep
|turn|12
|
|t:|1663584889
|move|p1a: Hangin'out|Sucker Punch|p2a: Urshifu
|-resisted|p2a: Urshifu
|-damage|p2a: Urshifu|21/100
|move|p2a: Urshifu|Sucker Punch||[still]
|-fail|p2a: Urshifu
|
|-weather|RainDance|[upkeep]
|upkeep
|turn|13
|
|t:|1663584896
|switch|p1a: Lando|Yveltal|79/100
|-ability|p1a: Lando|Dark Aura
|move|p2a: Urshifu|Wicked Blow|p1a: Lando
|-resisted|p1a: Lando
|-crit|p1a: Lando
|-damage|p1a: Lando|57/100
|
|-weather|RainDance|[upkeep]
|upkeep
|turn|14
|
|t:|1663584907
|move|p2a: Urshifu|Close Combat|p1a: Lando
|-crit|p1a: Lando
|-damage|p1a: Lando|4/100
|-unboost|p2a: Urshifu|def|1
|-unboost|p2a: Urshifu|spd|1
|move|p1a: Lando|Roost|p1a: Lando
|-heal|p1a: Lando|54/100
|-singleturn|p1a: Lando|move: Roost
|
|-weather|none
|upkeep
|turn|15
|
|t:|1663584917
|move|p2a: Urshifu|Close Combat|p1a: Lando
|-damage|p1a: Lando|22/100
|-unboost|p2a: Urshifu|def|1
|-unboost|p2a: Urshifu|spd|1
|move|p1a: Lando|Roost|p1a: Lando
|-heal|p1a: Lando|72/100
|-singleturn|p1a: Lando|move: Roost
|
|upkeep
|turn|16
|
|t:|1663584926
|move|p2a: Urshifu|Close Combat|p1a: Lando
|-damage|p1a: Lando|36/100
|-unboost|p2a: Urshifu|def|1
|-unboost|p2a: Urshifu|spd|1
|move|p1a: Lando|Foul Play|p2a: Urshifu
|-resisted|p2a: Urshifu
|-damage|p2a: Urshifu|0 fnt
|faint|p2a: Urshifu
|
|upkeep
|
|t:|1663584938
|switch|p2a: Marshadow|Marshadow|100/100
|-damage|p2a: Marshadow|94/100|[from] Stealth Rock
|-damage|p2a: Marshadow|78/100|[from] Spikes
|turn|17
|
|t:|1663584945
|move|p2a: Marshadow|Ice Punch|p1a: Lando
|-supereffective|p1a: Lando
|-damage|p1a: Lando|7/100
|move|p1a: Lando|Foul Play|p2a: Marshadow
|-damage|p2a: Marshadow|0 fnt
|faint|p2a: Marshadow
|
|upkeep
|
|t:|1663584957
|switch|p2a: Ho-Oh|Ho-Oh|100/100
|-damage|p2a: Ho-Oh|51/100|[from] Stealth Rock
|turn|18
|
|t:|1663584963
|move|p1a: Lando|Taunt|p2a: Ho-Oh
|-start|p2a: Ho-Oh|move: Taunt
|move|p2a: Ho-Oh|Flame Charge|p1a: Lando
|-damage|p1a: Lando|0 fnt
|-boost|p2a: Ho-Oh|spe|1
|faint|p1a: Lando
|
|upkeep
|
|t:|1663584970
|switch|p1a: big fish|Kyogre|63/100
|-damage|p1a: big fish|51/100|[from] Stealth Rock
|-damage|p1a: big fish|26/100|[from] Spikes
|-weather|RainDance|[from] ability: Drizzle|[of] p1a: big fish
|turn|19
|
|t:|1663584981
|move|p1a: big fish|Surf|p2a: Ho-Oh
|-supereffective|p2a: Ho-Oh
|-damage|p2a: Ho-Oh|3/100
|move|p2a: Ho-Oh|Flame Charge|p1a: big fish
|-resisted|p1a: big fish
|-damage|p1a: big fish|21/100
|-boost|p2a: Ho-Oh|spe|1
|
|-weather|RainDance|[upkeep]
|upkeep
|turn|20
|
|t:|1663584991
|move|p1a: big fish|Surf|p2a: Ho-Oh
|-supereffective|p2a: Ho-Oh
|-damage|p2a: Ho-Oh|0 fnt
|faint|p2a: Ho-Oh
|
|-weather|RainDance|[upkeep]
|upkeep
|
|t:|1663584998
|switch|p2a: Ferrothorn|Ferrothorn, F|84/100
|-damage|p2a: Ferrothorn|78/100|[from] Stealth Rock
|-damage|p2a: Ferrothorn|62/100|[from] Spikes
|turn|21
|
|t:|1663585004
|move|p1a: big fish|Surf|p2a: Ferrothorn
|-resisted|p2a: Ferrothorn
|-damage|p2a: Ferrothorn|37/100
|move|p2a: Ferrothorn|Leech Seed|p1a: big fish
|-start|p1a: big fish|move: Leech Seed
|
|-weather|RainDance|[upkeep]
|-damage|p1a: big fish|8/100|[from] Leech Seed|[of] p2a: Ferrothorn
|-heal|p2a: Ferrothorn|49/100|[silent]
|upkeep
|turn|22
|
|t:|1663585020
|move|p1a: big fish|Surf|p2a: Ferrothorn
|-resisted|p2a: Ferrothorn
|-damage|p2a: Ferrothorn|24/100
|move|p2a: Ferrothorn|Spikes||[still]
|-fail|p2a: Ferrothorn
|
|-weather|RainDance|[upkeep]
|-damage|p1a: big fish|0 fnt|[from] Leech Seed|[of] p2a: Ferrothorn
|-heal|p2a: Ferrothorn|31/100|[silent]
|faint|p1a: big fish
|upkeep
|
|t:|1663585023
|switch|p1a: Hangin'out|Dugtrio, M|70/100
|-damage|p1a: Hangin'out|64/100|[from] Stealth Rock
|-damage|p1a: Hangin'out|39/100|[from] Spikes
|turn|23
|
|t:|1663585035
|move|p1a: Hangin'out|Earthquake|p2a: Ferrothorn
|-damage|p2a: Ferrothorn|0 fnt
|faint|p2a: Ferrothorn
|
|-weather|none
|upkeep
|
|t:|1663585042
|switch|p2a: Yveltal|Yveltal|100/100
|-ability|p2a: Yveltal|Dark Aura
|turn|24
|
|t:|1663585047
|switch|p1a: Lady Gaga|Pelipper, F|100/100
|-weather|RainDance|[from] ability: Drizzle|[of] p1a: Lady Gaga
|move|p2a: Yveltal|Knock Off|p1a: Lady Gaga
|-damage|p1a: Lady Gaga|52/100
|-enditem|p1a: Lady Gaga|Heavy-Duty Boots|[from] move: Knock Off|[of] p2a: Yveltal
|
|-weather|RainDance|[upkeep]
|upkeep
|turn|25
|
|t:|1663585057
|move|p2a: Yveltal|Knock Off|p1a: Lady Gaga
|-damage|p1a: Lady Gaga|16/100
|move|p1a: Lady Gaga|U-turn|p2a: Yveltal
|-damage|p2a: Yveltal|93/100
|
|t:|1663585059
|switch|p1a: fish|Dracovish|100/100|[from]move: U-turn
|-damage|p1a: fish|88/100|[from] Stealth Rock
|-damage|p1a: fish|63/100|[from] Spikes
|
|-weather|RainDance|[upkeep]
|upkeep
|turn|26
|
|t:|1663585071
|move|p2a: Yveltal|Sucker Punch|p1a: fish
|-damage|p1a: fish|17/100
|move|p1a: fish|Fishious Rend|p2a: Yveltal
|-damage|p2a: Yveltal|23/100
|
|-weather|RainDance|[upkeep]
|upkeep
|turn|27
|
|t:|1663585079
|switch|p1a: Hangin'out|Dugtrio, M|39/100
|-damage|p1a: Hangin'out|33/100|[from] Stealth Rock
|-damage|p1a: Hangin'out|8/100|[from] Spikes
|move|p2a: Yveltal|Sucker Punch||[still]
|-fail|p2a: Yveltal
|
|-weather|RainDance|[upkeep]
|upkeep
|turn|28
|
|t:|1663585089
|switch|p2a: Slowbro|Slowbro, M|78/100 tox
|-damage|p2a: Slowbro|65/100 tox|[from] Stealth Rock
|-damage|p2a: Slowbro|49/100 tox|[from] Spikes
|move|p1a: Hangin'out|Rock Slide|p2a: Slowbro
|-damage|p2a: Slowbro|31/100 tox
|
|-weather|none
|-damage|p2a: Slowbro|25/100 tox|[from] psn
|upkeep
|turn|29
|
|t:|1663585101
|move|p1a: Hangin'out|Rock Slide|p2a: Slowbro
|-damage|p2a: Slowbro|5/100 tox
|move|p2a: Slowbro|Scald|p1a: Hangin'out
|-supereffective|p1a: Hangin'out
|-damage|p1a: Hangin'out|0 fnt
|faint|p1a: Hangin'out
|
|-damage|p2a: Slowbro|0 fnt|[from] psn
|faint|p2a: Slowbro
|upkeep
|
|t:|1663585112
|switch|p1a: Lady Gaga|Pelipper, F|16/100
|switch|p2a: Yveltal|Yveltal|23/100
|-ability|p2a: Yveltal|Dark Aura
|-damage|p1a: Lady Gaga|0 fnt|[from] Stealth Rock
|faint|p1a: Lady Gaga
|
|t:|1663585114
|switch|p1a: fish|Dracovish|17/100
|-damage|p1a: fish|5/100|[from] Stealth Rock
|-damage|p1a: fish|0 fnt|[from] Spikes
|faint|p1a: fish
|
|win|Dysipius
|raw|Delemme's rating: 1427 &rarr; <strong>1414</strong><br />(-13 for losing)
|raw|Dysipius's rating: 1555 &rarr; <strong>1568</strong><br />(+13 for winning)
|l|☆Delemme
