|j|☆Flatemo 02
|j|☆hjuyttdd
|t:|1597132436
|player|p1|Flatemo 02|gladion|
|player|p2|hjuyttdd|pokemonranger|
|teamsize|p1|6
|teamsize|p2|6
|gametype|singles
|gen|8
|tier|[Gen 8] Ubers
|rated|Tournament battle
|clearpoke
|poke|p1|Pelipper, F|
|poke|p1|Melmetal|
|poke|p1|Shuckle, F|
|poke|p1|Eternatus|
|poke|p1|Drednaw, F|
|poke|p1|Eiscue, F|
|poke|p2|Zacian-Crowned|
|poke|p2|Mewtwo|
|poke|p2|Grimmsnarl, M|
|poke|p2|Blastoise, M|
|poke|p2|Necrozma-Dusk-Mane|
|poke|p2|Mew|
|rule|Sleep Clause Mod: Limit one foe put to sleep
|rule|Species Clause: Limit one of each Pokémon
|rule|OHKO Clause: OHKO moves are banned
|rule|Evasion Moves Clause: Evasion moves are banned
|rule|Endless Battle Clause: Forcing endless battles is banned
|rule|HP Percentage Mod: HP is shown in percentages
|html|Ubers Dynamax Clause: Pokémon on the <a href="https://www.smogon.com/dex/ss/formats/uber/">Ubers Dynamax Banlist</a> cannot Dynamax.
|teampreview
|j| Jinoo Daddy
|inactive|Battle timer is ON: inactive players will automatically lose when time's up. (requested by hjuyttdd)
|c|☆hjuyttdd|dont u dare lose
|c|☆hjuyttdd|ok
|
|t:|1597132456
|start
|switch|p1a: Thicc|Melmetal|100/100
|switch|p2a: Mew|Mew|100/100
|turn|1
|c|☆Flatemo 02|H a v e   F u n
|c|☆hjuyttdd|dont u dare lose
|
|t:|1597132470
|move|p2a: Mew|Stealth Rock|p1a: Thicc
|-sidestart|p1: Flatemo 02|move: Stealth Rock
|move|p1a: Thicc|Double Iron Bash|p2a: Mew
|-damage|p2a: Mew|42/100
|-damage|p2a: Mew|0 fnt
|-hitcount|p2a: Mew|2
|faint|p2a: Mew
|
|upkeep
|
|t:|1597132475
|switch|p2a: Blastoise|Blastoise, M|100/100
|turn|2
|c|☆Flatemo 02|I'll try not to
|
|t:|1597132482
|-start|p1a: Thicc|Dynamax
|-formechange|p1a: Thicc|Melmetal-Gmax
|-heal|p1a: Thicc|100/100|[silent]
|move|p2a: Blastoise|Shell Smash|p2a: Blastoise
|-unboost|p2a: Blastoise|def|1
|-unboost|p2a: Blastoise|spd|1
|-boost|p2a: Blastoise|atk|2
|-boost|p2a: Blastoise|spa|2
|-boost|p2a: Blastoise|spe|2
|-enditem|p2a: Blastoise|White Herb
|-clearnegativeboost|p2a: Blastoise|[silent]
|move|p1a: Thicc|Max Lightning|p2a: Blastoise
|-supereffective|p2a: Blastoise
|-damage|p2a: Blastoise|0 fnt
|-fieldstart|move: Electric Terrain
|faint|p2a: Blastoise
|
|upkeep
|j| batkospatkom
|j| LeBarBURR2
|c|☆hjuyttdd|gmax nut
|c|☆hjuyttdd|oh i lose
|c|☆hjuyttdd|i hate nut
|c|☆Flatemo 02|lol
|
|t:|1597132506
|switch|p2a: Grimmsnarl|Grimmsnarl, M|100/100
|turn|3
|
|t:|1597132510
|move|p2a: Grimmsnarl|Reflect|p2a: Grimmsnarl
|-sidestart|p2: hjuyttdd|Reflect
|move|p1a: Thicc|G-Max Meltdown|p2a: Grimmsnarl
|-supereffective|p2a: Grimmsnarl
|-damage|p2a: Grimmsnarl|0 fnt
|faint|p2a: Grimmsnarl
|
|upkeep
|c| LeBarBURR2|Nut is greasy
|
|t:|1597132519
|switch|p2a: Necrozma|Necrozma-Dusk-Mane|100/100
|turn|4
|
|t:|1597132523
|move|p1a: Thicc|Max Quake|p2a: Necrozma
|-supereffective|p2a: Necrozma
|-damage|p2a: Necrozma|74/100
|-enditem|p2a: Necrozma|Weakness Policy
|-boost|p2a: Necrozma|atk|2|[from] item: Weakness Policy
|-boost|p2a: Necrozma|spa|2|[from] item: Weakness Policy
|-boost|p1a: Thicc|spd|1
|move|p2a: Necrozma|Trick Room|p2a: Necrozma
|-fieldstart|move: Trick Room|[of] p2a: Necrozma
|
|-end|p1a: Thicc|Dynamax
|-formechange|p1a: Thicc|Melmetal
|-heal|p1a: Thicc|100/100|[silent]
|upkeep
|turn|5
|c|☆hjuyttdd|its bullshit mon
|
|t:|1597132532
|move|p1a: Thicc|Double Iron Bash|p2a: Necrozma
|-resisted|p2a: Necrozma
|-damage|p2a: Necrozma|63/100
|-resisted|p2a: Necrozma
|-damage|p2a: Necrozma|52/100
|-hitcount|p2a: Necrozma|2
|move|p2a: Necrozma|Earthquake|p1a: Thicc
|-supereffective|p1a: Thicc
|-damage|p1a: Thicc|10/100
|
|upkeep
|turn|6
|
|t:|1597132539
|switch|p1a: Bird|Pelipper, F|100/100
|-damage|p1a: Bird|76/100|[from] Stealth Rock
|-weather|RainDance|[from] ability: Drizzle|[of] p1a: Bird
|move|p2a: Necrozma|Earthquake|p1a: Bird
|-immune|p1a: Bird
|
|-weather|RainDance|[upkeep]
|-fieldend|move: Electric Terrain
|upkeep
|turn|7
|
|t:|1597132545
|move|p1a: Bird|Scald|p2a: Necrozma
|-damage|p2a: Necrozma|22/100
|-status|p2a: Necrozma|brn
|move|p2a: Necrozma|Stone Edge|p1a: Bird|[miss]
|-miss|p2a: Necrozma|p1a: Bird
|
|-weather|RainDance|[upkeep]
|-damage|p2a: Necrozma|16/100 brn|[from] brn
|upkeep
|turn|8
|c|☆hjuyttdd|ye
|c|☆hjuyttdd|lol
|c|☆Flatemo 02|aren't you supposed to be faster
|
|t:|1597132565
|move|p1a: Bird|Scald|p2a: Necrozma
|-damage|p2a: Necrozma|0 fnt
|faint|p2a: Necrozma
|
|-weather|RainDance|[upkeep]
|-fieldend|move: Trick Room
|upkeep
|c|☆Flatemo 02|due to trick room
|c|☆hjuyttdd|my evs r urgh
|
|t:|1597132583
|switch|p2a: Mewtwo|Mewtwo|100/100
|-ability|p2a: Mewtwo|Pressure
|turn|9
|
|t:|1597132594
|move|p2a: Mewtwo|Psystrike|p1a: Bird
|-damage|p1a: Bird|21/100
|-damage|p2a: Mewtwo|91/100|[from] item: Life Orb
|move|p1a: Bird|Defog|p2a: Mewtwo
|-unboost|p2a: Mewtwo|evasion|1
|-sideend|p2: hjuyttdd|Reflect
|-sideend|p1: Flatemo 02|Stealth Rock|[from] move: Defog|[of] p1a: Bird
|
|-weather|RainDance|[upkeep]
|upkeep
|turn|10
|c|☆hjuyttdd|u see when i see nut
|c|☆hjuyttdd|i lose
|
|t:|1597132604
|switch|p1a: Thicc|Melmetal|10/100
|move|p2a: Mewtwo|Psystrike|p1a: Thicc
|-resisted|p1a: Thicc
|-damage|p1a: Thicc|0 fnt
|-damage|p2a: Mewtwo|81/100|[from] item: Life Orb
|faint|p1a: Thicc
|
|-weather|RainDance|[upkeep]
|upkeep
|
|t:|1597132606
|switch|p1a: Rock|Shuckle, F|100/100
|turn|11
|
|t:|1597132611
|move|p2a: Mewtwo|Psystrike|p1a: Rock
|-damage|p1a: Rock|50/100
|-enditem|p1a: Rock|Red Card|[of] p2a: Mewtwo
|-damage|p2a: Mewtwo|71/100|[from] item: Life Orb
|drag|p2a: Zacian|Zacian-Crowned|100/100
|-ability|p2a: Zacian|Intrepid Sword|boost
|-boost|p2a: Zacian|atk|1
|move|p1a: Rock|Sticky Web|p2a: Zacian
|-sidestart|p2: hjuyttdd|move: Sticky Web
|
|-weather|RainDance|[upkeep]
|upkeep
|turn|12
|c|☆Flatemo 02|yay 2nd tournament win
|
|t:|1597132621
|move|p2a: Zacian|Behemoth Blade|p1a: Rock
|-supereffective|p1a: Rock
|-damage|p1a: Rock|0 fnt
|faint|p1a: Rock
|
|-weather|RainDance|[upkeep]
|upkeep
|
|t:|1597132625
|switch|p1a: Eiscue|Eiscue, F|100/100
|turn|13
|
|t:|1597132630
|move|p2a: Zacian|Behemoth Blade|p1a: Eiscue
|-activate|p1a: Eiscue|ability: Ice Face
|-damage|p1a: Eiscue|100/100
|detailschange|p1a: Eiscue|Eiscue-Noice, F
|move|p1a: Eiscue|Substitute|p1a: Eiscue
|-start|p1a: Eiscue|Substitute
|-damage|p1a: Eiscue|75/100
|
|-weather|none
|upkeep
|turn|14
|j| Thebestneverrest
|
|t:|1597132635
|move|p2a: Zacian|Behemoth Blade|p1a: Eiscue
|-supereffective|p1a: Eiscue
|-end|p1a: Eiscue|Substitute
|move|p1a: Eiscue|Belly Drum|p1a: Eiscue
|-damage|p1a: Eiscue|25/100
|-setboost|p1a: Eiscue|atk|6|[from] move: Belly Drum
|-enditem|p1a: Eiscue|Salac Berry|[eat]
|-boost|p1a: Eiscue|spe|1|[from] item: Salac Berry
|
|upkeep
|turn|15
|
|t:|1597132644
|move|p2a: Zacian|Quick Attack|p1a: Eiscue
|-damage|p1a: Eiscue|0 fnt
|faint|p1a: Eiscue
|
|upkeep
|
|t:|1597132647
|switch|p1a: Bird|Pelipper, F|21/100
|-weather|RainDance|[from] ability: Drizzle|[of] p1a: Bird
|turn|16
|
|t:|1597132655
|move|p2a: Zacian|Behemoth Blade|p1a: Bird
|-resisted|p1a: Bird
|-damage|p1a: Bird|0 fnt
|faint|p1a: Bird
|
|-weather|RainDance|[upkeep]
|upkeep
|
|t:|1597132657
|switch|p1a: Drednaw|Drednaw, F|100/100
|turn|17
|
|t:|1597132663
|move|p1a: Drednaw|Earthquake|p2a: Zacian
|-supereffective|p2a: Zacian
|-crit|p2a: Zacian
|-damage|p2a: Zacian|0 fnt
|-damage|p1a: Drednaw|91/100|[from] item: Life Orb
|faint|p2a: Zacian
|
|-weather|RainDance|[upkeep]
|upkeep
|
|t:|1597132665
|switch|p2a: Mewtwo|Mewtwo|71/100
|-activate|p2a: Mewtwo|move: Sticky Web
|-unboost|p2a: Mewtwo|spe|1
|-ability|p2a: Mewtwo|Pressure
|turn|18
|c| Thebestneverrest|Zacian use quick attack
|c|☆Flatemo 02|yes crit
|
|t:|1597132673
|move|p1a: Drednaw|Liquidation|p2a: Mewtwo
|-damage|p2a: Mewtwo|0 fnt
|-damage|p1a: Drednaw|81/100|[from] item: Life Orb
|faint|p2a: Mewtwo
|
|win|Flatemo 02
