|j|☆napkin sqweezings
|j|☆tesla roadster
|t:|1664725634
|gametype|singles
|player|p1|napkin sqweezings|workerice|1382
|player|p2|tesla roadster|lucas|1592
|teamsize|p1|6
|teamsize|p2|6
|gen|8
|tier|[Gen 8] Ubers
|rated|
|rule|Sleep Clause Mod: Limit one foe put to sleep
|rule|Species Clause: Limit one of each Pokémon
|rule|OHKO Clause: OHKO moves are banned
|rule|Evasion Items Clause: Evasion items are banned
|rule|Evasion Moves Clause: Evasion moves are banned
|rule|Endless Battle Clause: Forcing endless battles is banned
|rule|HP Percentage Mod: HP is shown in percentages
|rule|Dynamax Clause: You cannot dynamax
|clearpoke
|poke|p1|Groudon|
|poke|p1|Polteageist|
|poke|p1|Pyukumuku, M|
|poke|p1|Marshadow|
|poke|p1|Ho-Oh|
|poke|p1|Hatterene, F|
|poke|p2|Tyranitar, F|
|poke|p2|Yveltal|
|poke|p2|Zygarde|
|poke|p2|Necrozma-Dusk-Mane|
|poke|p2|Eternatus|
|poke|p2|Xerneas-*|
|teampreview
|inactive|Battle timer is ON: inactive players will automatically lose when time's up. (requested by napkin sqweezings)
|inactive|tesla roadster has 120 seconds left.
|
|t:|1664725669
|start
|switch|p1a: Oi Bruv|Polteageist|100/100
|switch|p2a: Tyranitar|Tyranitar, F|100/100
|-weather|Sandstorm|[from] ability: Sand Stream|[of] p2a: Tyranitar
|turn|1
|
|t:|1664725675
|switch|p1a: Cruton|Groudon|100/100
|-weather|SunnyDay|[from] ability: Drought|[of] p1a: Cruton
|move|p2a: Tyranitar|Foul Play|p1a: Cruton
|-damage|p1a: Cruton|57/100
|
|-weather|SunnyDay|[upkeep]
|upkeep
|turn|2
|
|t:|1664725684
|switch|p2a: Zygarde|Zygarde|100/100
|move|p1a: Cruton|Earthquake|p2a: Zygarde
|-damage|p2a: Zygarde|63/100
|
|-weather|SunnyDay|[upkeep]
|upkeep
|turn|3
|
|t:|1664725687
|move|p2a: Zygarde|Dragon Dance|p2a: Zygarde
|-boost|p2a: Zygarde|atk|1
|-boost|p2a: Zygarde|spe|1
|move|p1a: Cruton|Stealth Rock|p2a: Zygarde
|-sidestart|p2: tesla roadster|move: Stealth Rock
|
|-weather|SunnyDay|[upkeep]
|upkeep
|turn|4
|
|t:|1664725693
|switch|p1a: Kevin|Pyukumuku, M|100/100
|move|p2a: Zygarde|Block|p1a: Kevin
|-activate|p1a: Kevin|trapped
|
|-weather|SunnyDay|[upkeep]
|upkeep
|turn|5
|
|t:|1664725702
|move|p2a: Zygarde|Dragon Dance|p2a: Zygarde
|-boost|p2a: Zygarde|atk|1
|-boost|p2a: Zygarde|spe|1
|move|p1a: Kevin|Toxic|p2a: Zygarde
|-status|p2a: Zygarde|tox
|
|-weather|SunnyDay|[upkeep]
|-damage|p2a: Zygarde|56/100 tox|[from] psn
|upkeep
|turn|6
|
|t:|1664725707
|move|p2a: Zygarde|Dragon Dance|p2a: Zygarde
|-boost|p2a: Zygarde|atk|1
|-boost|p2a: Zygarde|spe|1
|move|p1a: Kevin|Substitute|p1a: Kevin
|-start|p1a: Kevin|Substitute
|-damage|p1a: Kevin|76/100
|
|-weather|SunnyDay|[upkeep]
|-heal|p1a: Kevin|82/100|[from] item: Leftovers
|-damage|p2a: Zygarde|44/100 tox|[from] psn
|-activate|p2a: Zygarde|ability: Power Construct
|detailschange|p2a: Zygarde|Zygarde-Complete
|-heal|p2a: Zygarde|63/100 tox|[silent]
|upkeep
|turn|7
|
|t:|1664725714
|move|p1a: Kevin|Protect|p1a: Kevin
|-singleturn|p1a: Kevin|Protect
|move|p2a: Zygarde|Dragon Dance|p2a: Zygarde
|-boost|p2a: Zygarde|atk|1
|-boost|p2a: Zygarde|spe|1
|
|-weather|SunnyDay|[upkeep]
|-heal|p1a: Kevin|88/100|[from] item: Leftovers
|-damage|p2a: Zygarde|45/100 tox|[from] psn
|upkeep
|turn|8
|
|t:|1664725722
|move|p2a: Zygarde|Dragon Dance|p2a: Zygarde
|-boost|p2a: Zygarde|atk|1
|-boost|p2a: Zygarde|spe|1
|move|p1a: Kevin|Soak|p2a: Zygarde
|-start|p2a: Zygarde|typechange|Water
|
|-weather|none
|-heal|p1a: Kevin|94/100|[from] item: Leftovers
|-damage|p2a: Zygarde|20/100 tox|[from] psn
|upkeep
|turn|9
|
|t:|1664725725
|move|p1a: Kevin|Protect|p1a: Kevin
|-singleturn|p1a: Kevin|Protect
|move|p2a: Zygarde|Rest|p2a: Zygarde
|-status|p2a: Zygarde|slp|[from] move: Rest
|-heal|p2a: Zygarde|100/100 slp|[silent]
|
|-heal|p1a: Kevin|99/100|[from] item: Leftovers
|upkeep
|turn|10
|
|t:|1664725742
|cant|p2a: Zygarde|slp
|move|p1a: Kevin|Toxic||[still]
|-fail|p1a: Kevin
|
|-heal|p1a: Kevin|100/100|[from] item: Leftovers
|upkeep
|turn|11
|
|t:|1664725746
|cant|p2a: Zygarde|slp
|move|p1a: Kevin|Toxic||[still]
|-fail|p1a: Kevin
|
|upkeep
|turn|12
|
|t:|1664725750
|-curestatus|p2a: Zygarde|slp|[msg]
|move|p2a: Zygarde|Dragon Dance|p2a: Zygarde
|-boost|p2a: Zygarde|atk|1
|-boost|p2a: Zygarde|spe|1
|move|p1a: Kevin|Soak|p2a: Zygarde
|-fail|p2a: Zygarde
|
|upkeep
|turn|13
|
|t:|1664725755
|move|p2a: Zygarde|Dragon Dance|p2a: Zygarde
|-boost|p2a: Zygarde|atk|0
|-boost|p2a: Zygarde|spe|0
|move|p1a: Kevin|Toxic|p2a: Zygarde
|-status|p2a: Zygarde|tox
|
|-damage|p2a: Zygarde|94/100 tox|[from] psn
|upkeep
|turn|14
|
|t:|1664725759
|move|p2a: Zygarde|Rest|p2a: Zygarde
|-status|p2a: Zygarde|slp|[from] move: Rest
|-heal|p2a: Zygarde|100/100 slp|[silent]
|move|p1a: Kevin|Soak|p2a: Zygarde
|-fail|p2a: Zygarde
|
|upkeep
|turn|15
|
|t:|1664725763
|cant|p2a: Zygarde|slp
|move|p1a: Kevin|Soak|p2a: Zygarde
|-fail|p2a: Zygarde
|
|upkeep
|turn|16
|
|t:|1664725765
|cant|p2a: Zygarde|slp
|move|p1a: Kevin|Soak|p2a: Zygarde
|-fail|p2a: Zygarde
|
|upkeep
|turn|17
|
|t:|1664725768
|-curestatus|p2a: Zygarde|slp|[msg]
|move|p2a: Zygarde|Dragon Dance|p2a: Zygarde
|-boost|p2a: Zygarde|atk|0
|-boost|p2a: Zygarde|spe|0
|move|p1a: Kevin|Soak|p2a: Zygarde
|-fail|p2a: Zygarde
|
|upkeep
|turn|18
|
|t:|1664725776
|move|p2a: Zygarde|Dragon Dance|p2a: Zygarde
|-boost|p2a: Zygarde|atk|0
|-boost|p2a: Zygarde|spe|0
|move|p1a: Kevin|Soak|p2a: Zygarde
|-fail|p2a: Zygarde
|
|upkeep
|turn|19
|
|t:|1664725779
|move|p2a: Zygarde|Dragon Dance|p2a: Zygarde
|-boost|p2a: Zygarde|atk|0
|-boost|p2a: Zygarde|spe|0
|move|p1a: Kevin|Soak|p2a: Zygarde
|-fail|p2a: Zygarde
|
|upkeep
|turn|20
|
|t:|1664725781
|move|p2a: Zygarde|Dragon Dance|p2a: Zygarde
|-boost|p2a: Zygarde|atk|0
|-boost|p2a: Zygarde|spe|0
|move|p1a: Kevin|Soak|p2a: Zygarde
|-fail|p2a: Zygarde
|
|upkeep
|turn|21
|
|t:|1664725787
|move|p2a: Zygarde|Dragon Dance|p2a: Zygarde
|-boost|p2a: Zygarde|atk|0
|-boost|p2a: Zygarde|spe|0
|move|p1a: Kevin|Soak|p2a: Zygarde
|-fail|p2a: Zygarde
|
|upkeep
|turn|22
|
|t:|1664725789
|move|p2a: Zygarde|Dragon Dance|p2a: Zygarde
|-boost|p2a: Zygarde|atk|0
|-boost|p2a: Zygarde|spe|0
|move|p1a: Kevin|Soak|p2a: Zygarde
|-fail|p2a: Zygarde
|
|upkeep
|turn|23
|
|t:|1664725797
|move|p1a: Kevin|Protect|p1a: Kevin
|-singleturn|p1a: Kevin|Protect
|move|p2a: Zygarde|Dragon Dance|p2a: Zygarde
|-boost|p2a: Zygarde|atk|0
|-boost|p2a: Zygarde|spe|0
|
|upkeep
|turn|24
|
|t:|1664725801
|move|p2a: Zygarde|Dragon Dance|p2a: Zygarde
|-boost|p2a: Zygarde|atk|0
|-boost|p2a: Zygarde|spe|0
|move|p1a: Kevin|Soak|p2a: Zygarde
|-fail|p2a: Zygarde
|
|upkeep
|turn|25
|
|t:|1664725810
|move|p2a: Zygarde|Dragon Dance|p2a: Zygarde
|-boost|p2a: Zygarde|atk|0
|-boost|p2a: Zygarde|spe|0
|move|p1a: Kevin|Soak|p2a: Zygarde
|-fail|p2a: Zygarde
|
|upkeep
|turn|26
|
|t:|1664725815
|move|p2a: Zygarde|Dragon Dance|p2a: Zygarde
|-boost|p2a: Zygarde|atk|0
|-boost|p2a: Zygarde|spe|0
|move|p1a: Kevin|Soak|p2a: Zygarde
|-fail|p2a: Zygarde
|
|upkeep
|turn|27
|
|t:|1664725819
|move|p2a: Zygarde|Dragon Dance|p2a: Zygarde
|-boost|p2a: Zygarde|atk|0
|-boost|p2a: Zygarde|spe|0
|move|p1a: Kevin|Soak|p2a: Zygarde
|-fail|p2a: Zygarde
|
|upkeep
|turn|28
|
|t:|1664725822
|move|p2a: Zygarde|Dragon Dance|p2a: Zygarde
|-boost|p2a: Zygarde|atk|0
|-boost|p2a: Zygarde|spe|0
|move|p1a: Kevin|Soak|p2a: Zygarde
|-fail|p2a: Zygarde
|
|upkeep
|turn|29
|
|t:|1664725825
|move|p2a: Zygarde|Dragon Dance|p2a: Zygarde
|-boost|p2a: Zygarde|atk|0
|-boost|p2a: Zygarde|spe|0
|move|p1a: Kevin|Soak|p2a: Zygarde
|-fail|p2a: Zygarde
|
|upkeep
|turn|30
|
|t:|1664725828
|move|p2a: Zygarde|Dragon Dance|p2a: Zygarde
|-boost|p2a: Zygarde|atk|0
|-boost|p2a: Zygarde|spe|0
|move|p1a: Kevin|Soak|p2a: Zygarde
|-fail|p2a: Zygarde
|
|upkeep
|turn|31
|
|t:|1664725839
|move|p2a: Zygarde|Dragon Dance|p2a: Zygarde
|-boost|p2a: Zygarde|atk|0
|-boost|p2a: Zygarde|spe|0
|move|p1a: Kevin|Soak|p2a: Zygarde
|-fail|p2a: Zygarde
|
|upkeep
|turn|32
|
|t:|1664725841
|move|p2a: Zygarde|Dragon Dance|p2a: Zygarde
|-boost|p2a: Zygarde|atk|0
|-boost|p2a: Zygarde|spe|0
|move|p1a: Kevin|Soak|p2a: Zygarde
|-fail|p2a: Zygarde
|
|upkeep
|turn|33
|
|t:|1664725843
|move|p2a: Zygarde|Dragon Dance|p2a: Zygarde
|-boost|p2a: Zygarde|atk|0
|-boost|p2a: Zygarde|spe|0
|move|p1a: Kevin|Soak|p2a: Zygarde
|-fail|p2a: Zygarde
|
|upkeep
|turn|34
|
|t:|1664725846
|move|p2a: Zygarde|Dragon Dance|p2a: Zygarde
|-boost|p2a: Zygarde|atk|0
|-boost|p2a: Zygarde|spe|0
|move|p1a: Kevin|Soak|p2a: Zygarde
|-fail|p2a: Zygarde
|
|upkeep
|turn|35
|
|t:|1664725849
|move|p2a: Zygarde|Dragon Dance|p2a: Zygarde
|-boost|p2a: Zygarde|atk|0
|-boost|p2a: Zygarde|spe|0
|move|p1a: Kevin|Soak|p2a: Zygarde
|-fail|p2a: Zygarde
|
|upkeep
|turn|36
|
|t:|1664725852
|move|p2a: Zygarde|Dragon Dance|p2a: Zygarde
|-boost|p2a: Zygarde|atk|0
|-boost|p2a: Zygarde|spe|0
|move|p1a: Kevin|Soak|p2a: Zygarde
|-fail|p2a: Zygarde
|
|upkeep
|turn|37
|
|t:|1664725854
|move|p2a: Zygarde|Dragon Dance|p2a: Zygarde
|-boost|p2a: Zygarde|atk|0
|-boost|p2a: Zygarde|spe|0
|move|p1a: Kevin|Soak|p2a: Zygarde
|-fail|p2a: Zygarde
|
|upkeep
|turn|38
|
|t:|1664725859
|move|p2a: Zygarde|Dragon Dance|p2a: Zygarde
|-boost|p2a: Zygarde|atk|0
|-boost|p2a: Zygarde|spe|0
|move|p1a: Kevin|Soak|p2a: Zygarde
|-fail|p2a: Zygarde
|
|upkeep
|turn|39
|
|t:|1664725861
|move|p2a: Zygarde|Dragon Dance|p2a: Zygarde
|-boost|p2a: Zygarde|atk|0
|-boost|p2a: Zygarde|spe|0
|move|p1a: Kevin|Soak|p2a: Zygarde
|-fail|p2a: Zygarde
|
|upkeep
|turn|40
|
|t:|1664725863
|move|p2a: Zygarde|Dragon Dance|p2a: Zygarde
|-boost|p2a: Zygarde|atk|0
|-boost|p2a: Zygarde|spe|0
|move|p1a: Kevin|Soak|p2a: Zygarde
|-fail|p2a: Zygarde
|
|upkeep
|turn|41
|
|t:|1664725865
|move|p2a: Zygarde|Dragon Dance|p2a: Zygarde
|-boost|p2a: Zygarde|atk|0
|-boost|p2a: Zygarde|spe|0
|move|p1a: Kevin|Soak|p2a: Zygarde
|-fail|p2a: Zygarde
|
|upkeep
|turn|42
|
|t:|1664725868
|move|p1a: Kevin|Protect|p1a: Kevin
|-singleturn|p1a: Kevin|Protect
|move|p2a: Zygarde|Block||[still]
|-fail|p2a: Zygarde
|
|upkeep
|turn|43
|
|t:|1664725872
|move|p1a: Kevin|Protect||[still]
|-fail|p1a: Kevin
|move|p2a: Zygarde|Block||[still]
|-fail|p2a: Zygarde
|
|upkeep
|turn|44
|
|t:|1664725883
|move|p2a: Zygarde|Block||[still]
|-fail|p2a: Zygarde
|move|p1a: Kevin|Substitute|p1a: Kevin
|-fail|p1a: Kevin|move: Substitute
|
|upkeep
|turn|45
|
|t:|1664725885
|move|p2a: Zygarde|Block||[still]
|-fail|p2a: Zygarde
|move|p1a: Kevin|Substitute|p1a: Kevin
|-fail|p1a: Kevin|move: Substitute
|
|upkeep
|turn|46
|
|t:|1664725888
|move|p2a: Zygarde|Block||[still]
|-fail|p2a: Zygarde
|move|p1a: Kevin|Substitute|p1a: Kevin
|-fail|p1a: Kevin|move: Substitute
|
|upkeep
|turn|47
|
|t:|1664725891
|move|p2a: Zygarde|Block||[still]
|-fail|p2a: Zygarde
|move|p1a: Kevin|Substitute|p1a: Kevin
|-fail|p1a: Kevin|move: Substitute
|
|upkeep
|turn|48
|
|t:|1664725902
|move|p1a: Kevin|Protect|p1a: Kevin
|-singleturn|p1a: Kevin|Protect
|move|p2a: Zygarde|Block||[still]
|-fail|p2a: Zygarde
|
|upkeep
|turn|49
|
|t:|1664725908
|move|p1a: Kevin|Protect||[still]
|-fail|p1a: Kevin
|move|p2a: Zygarde|Thousand Arrows|p1a: Kevin
|-activate|p1a: Kevin|move: Substitute|[damage]
|
|upkeep
|turn|50
|
|t:|1664725916
|move|p2a: Zygarde|Rest|p2a: Zygarde
|-fail|p2a: Zygarde|heal
|move|p1a: Kevin|Substitute|p1a: Kevin
|-fail|p1a: Kevin|move: Substitute
|
|upkeep
|turn|51
|
|t:|1664725922
|move|p2a: Zygarde|Thousand Arrows|p1a: Kevin
|-end|p1a: Kevin|Substitute
|move|p1a: Kevin|Soak|p2a: Zygarde
|-fail|p2a: Zygarde
|
|upkeep
|turn|52
|
|t:|1664725925
|move|p2a: Zygarde|Thousand Arrows|p1a: Kevin
|-crit|p1a: Kevin
|-damage|p1a: Kevin|74/100
|move|p1a: Kevin|Substitute|p1a: Kevin
|-start|p1a: Kevin|Substitute
|-damage|p1a: Kevin|49/100
|
|-heal|p1a: Kevin|55/100|[from] item: Leftovers
|upkeep
|turn|53
|
|t:|1664725931
|move|p1a: Kevin|Protect|p1a: Kevin
|-singleturn|p1a: Kevin|Protect
|move|p2a: Zygarde|Rest|p2a: Zygarde
|-fail|p2a: Zygarde|heal
|
|-heal|p1a: Kevin|61/100|[from] item: Leftovers
|upkeep
|turn|54
|
|t:|1664725937
|move|p2a: Zygarde|Thousand Arrows|p1a: Kevin
|-activate|p1a: Kevin|move: Substitute|[damage]
|move|p1a: Kevin|Substitute|p1a: Kevin
|-fail|p1a: Kevin|move: Substitute
|
|-heal|p1a: Kevin|67/100|[from] item: Leftovers
|upkeep
|turn|55
|
|t:|1664725941
|move|p2a: Zygarde|Thousand Arrows|p1a: Kevin
|-end|p1a: Kevin|Substitute
|move|p1a: Kevin|Substitute|p1a: Kevin
|-start|p1a: Kevin|Substitute
|-damage|p1a: Kevin|42/100
|
|-heal|p1a: Kevin|48/100|[from] item: Leftovers
|upkeep
|turn|56
|
|t:|1664725949
|move|p2a: Zygarde|Rest|p2a: Zygarde
|-fail|p2a: Zygarde|heal
|move|p1a: Kevin|Soak|p2a: Zygarde
|-fail|p2a: Zygarde
|
|-heal|p1a: Kevin|54/100|[from] item: Leftovers
|upkeep
|turn|57
|
|t:|1664725956
|move|p1a: Kevin|Protect|p1a: Kevin
|-singleturn|p1a: Kevin|Protect
|move|p2a: Zygarde|Thousand Arrows|p1a: Kevin
|-activate|p1a: Kevin|move: Protect
|
|-heal|p1a: Kevin|60/100|[from] item: Leftovers
|upkeep
|turn|58
|
|t:|1664725963
|move|p2a: Zygarde|Thousand Arrows|p1a: Kevin
|-activate|p1a: Kevin|move: Substitute|[damage]
|move|p1a: Kevin|Soak|p2a: Zygarde
|-fail|p2a: Zygarde
|
|-heal|p1a: Kevin|66/100|[from] item: Leftovers
|upkeep
|turn|59
|
|t:|1664725972
|move|p1a: Kevin|Protect|p1a: Kevin
|-singleturn|p1a: Kevin|Protect
|move|p2a: Zygarde|Thousand Arrows|p1a: Kevin
|-activate|p1a: Kevin|move: Protect
|
|-heal|p1a: Kevin|72/100|[from] item: Leftovers
|upkeep
|turn|60
|
|t:|1664725977
|move|p2a: Zygarde|Thousand Arrows|p1a: Kevin
|-crit|p1a: Kevin
|-end|p1a: Kevin|Substitute
|move|p1a: Kevin|Substitute|p1a: Kevin
|-start|p1a: Kevin|Substitute
|-damage|p1a: Kevin|48/100
|
|-heal|p1a: Kevin|54/100|[from] item: Leftovers
|upkeep
|turn|61
|
|t:|1664725985
|move|p1a: Kevin|Protect|p1a: Kevin
|-singleturn|p1a: Kevin|Protect
|move|p2a: Zygarde|Thousand Arrows|p1a: Kevin
|-activate|p1a: Kevin|move: Protect
|
|-heal|p1a: Kevin|60/100|[from] item: Leftovers
|upkeep
|turn|62
|
|t:|1664725993
|move|p1a: Kevin|Protect||[still]
|-fail|p1a: Kevin
|move|p2a: Zygarde|Thousand Arrows|p1a: Kevin
|-activate|p1a: Kevin|move: Substitute|[damage]
|
|-heal|p1a: Kevin|66/100|[from] item: Leftovers
|upkeep
|turn|63
|
|t:|1664725999
|move|p1a: Kevin|Protect|p1a: Kevin
|-singleturn|p1a: Kevin|Protect
|move|p2a: Zygarde|Rest|p2a: Zygarde
|-fail|p2a: Zygarde|heal
|
|-heal|p1a: Kevin|72/100|[from] item: Leftovers
|upkeep
|turn|64
|
|t:|1664726005
|move|p2a: Zygarde|Thousand Arrows|p1a: Kevin
|-end|p1a: Kevin|Substitute
|move|p1a: Kevin|Substitute|p1a: Kevin
|-start|p1a: Kevin|Substitute
|-damage|p1a: Kevin|47/100
|
|-heal|p1a: Kevin|53/100|[from] item: Leftovers
|upkeep
|turn|65
|
|t:|1664726010
|move|p1a: Kevin|Protect|p1a: Kevin
|-singleturn|p1a: Kevin|Protect
|move|p2a: Zygarde|Thousand Arrows|p1a: Kevin
|-activate|p1a: Kevin|move: Protect
|
|-heal|p1a: Kevin|59/100|[from] item: Leftovers
|upkeep
|turn|66
|
|t:|1664726021
|move|p2a: Zygarde|Thousand Arrows|p1a: Kevin
|-activate|p1a: Kevin|move: Substitute|[damage]
|move|p1a: Kevin|Substitute|p1a: Kevin
|-fail|p1a: Kevin|move: Substitute
|
|-heal|p1a: Kevin|65/100|[from] item: Leftovers
|upkeep
|turn|67
|
|t:|1664726026
|move|p1a: Kevin|Protect|p1a: Kevin
|-singleturn|p1a: Kevin|Protect
|move|p2a: Zygarde|Rest|p2a: Zygarde
|-fail|p2a: Zygarde|heal
|
|-heal|p1a: Kevin|71/100|[from] item: Leftovers
|upkeep
|turn|68
|
|t:|1664726032
|move|p2a: Zygarde|Thousand Arrows|p1a: Kevin
|-end|p1a: Kevin|Substitute
|move|p1a: Kevin|Substitute|p1a: Kevin
|-start|p1a: Kevin|Substitute
|-damage|p1a: Kevin|46/100
|
|-heal|p1a: Kevin|52/100|[from] item: Leftovers
|upkeep
|turn|69
|
|t:|1664726039
|move|p1a: Kevin|Protect|p1a: Kevin
|-singleturn|p1a: Kevin|Protect
|move|p2a: Zygarde|Thousand Arrows|p1a: Kevin
|-activate|p1a: Kevin|move: Protect
|
|-heal|p1a: Kevin|58/100|[from] item: Leftovers
|upkeep
|turn|70
|
|t:|1664726048
|move|p2a: Zygarde|Rest|p2a: Zygarde
|-fail|p2a: Zygarde|heal
|move|p1a: Kevin|Toxic|p2a: Zygarde
|-status|p2a: Zygarde|tox
|
|-heal|p1a: Kevin|65/100|[from] item: Leftovers
|-damage|p2a: Zygarde|94/100 tox|[from] psn
|upkeep
|turn|71
|
|t:|1664726052
|move|p2a: Zygarde|Rest|p2a: Zygarde
|-status|p2a: Zygarde|slp|[from] move: Rest
|-heal|p2a: Zygarde|100/100 slp|[silent]
|move|p1a: Kevin|Toxic||[still]
|-fail|p1a: Kevin
|
|-heal|p1a: Kevin|71/100|[from] item: Leftovers
|upkeep
|turn|72
|
|t:|1664726054
|cant|p2a: Zygarde|slp
|move|p1a: Kevin|Substitute|p1a: Kevin
|-fail|p1a: Kevin|move: Substitute
|
|-heal|p1a: Kevin|77/100|[from] item: Leftovers
|upkeep
|turn|73
|
|t:|1664726057
|cant|p2a: Zygarde|slp
|move|p1a: Kevin|Toxic||[still]
|-fail|p1a: Kevin
|
|-heal|p1a: Kevin|83/100|[from] item: Leftovers
|upkeep
|turn|74
|
|t:|1664726061
|-curestatus|p2a: Zygarde|slp|[msg]
|move|p2a: Zygarde|Rest|p2a: Zygarde
|-fail|p2a: Zygarde|heal
|move|p1a: Kevin|Toxic|p2a: Zygarde
|-status|p2a: Zygarde|tox
|
|-heal|p1a: Kevin|89/100|[from] item: Leftovers
|-damage|p2a: Zygarde|94/100 tox|[from] psn
|upkeep
|turn|75
|
|t:|1664726063
|move|p2a: Zygarde|Rest|p2a: Zygarde
|-status|p2a: Zygarde|slp|[from] move: Rest
|-heal|p2a: Zygarde|100/100 slp|[silent]
|move|p1a: Kevin|Toxic||[still]
|-fail|p1a: Kevin
|
|-heal|p1a: Kevin|95/100|[from] item: Leftovers
|upkeep
|turn|76
|
|t:|1664726072
|cant|p2a: Zygarde|slp
|move|p1a: Kevin|Toxic||[still]
|-fail|p1a: Kevin
|
|-heal|p1a: Kevin|100/100|[from] item: Leftovers
|upkeep
|turn|77
|
|t:|1664726083
|cant|p2a: Zygarde|slp
|move|p1a: Kevin|Substitute|p1a: Kevin
|-fail|p1a: Kevin|move: Substitute
|
|upkeep
|turn|78
|
|t:|1664726088
|-curestatus|p2a: Zygarde|slp|[msg]
|move|p2a: Zygarde|Rest|p2a: Zygarde
|-fail|p2a: Zygarde|heal
|move|p1a: Kevin|Toxic|p2a: Zygarde
|-status|p2a: Zygarde|tox
|
|-damage|p2a: Zygarde|94/100 tox|[from] psn
|upkeep
|turn|79
|
|t:|1664726093
|move|p2a: Zygarde|Rest|p2a: Zygarde
|-status|p2a: Zygarde|slp|[from] move: Rest
|-heal|p2a: Zygarde|100/100 slp|[silent]
|move|p1a: Kevin|Substitute|p1a: Kevin
|-fail|p1a: Kevin|move: Substitute
|
|upkeep
|turn|80
|
|t:|1664726095
|cant|p2a: Zygarde|slp
|move|p1a: Kevin|Toxic||[still]
|-fail|p1a: Kevin
|
|upkeep
|turn|81
|
|t:|1664726099
|cant|p2a: Zygarde|slp
|move|p1a: Kevin|Toxic||[still]
|-fail|p1a: Kevin
|
|upkeep
|turn|82
|
|t:|1664726102
|-curestatus|p2a: Zygarde|slp|[msg]
|move|p2a: Zygarde|Rest|p2a: Zygarde
|-fail|p2a: Zygarde|heal
|move|p1a: Kevin|Toxic|p2a: Zygarde
|-status|p2a: Zygarde|tox
|
|-damage|p2a: Zygarde|94/100 tox|[from] psn
|upkeep
|turn|83
|
|t:|1664726109
|move|p2a: Zygarde|Rest|p2a: Zygarde
|-status|p2a: Zygarde|slp|[from] move: Rest
|-heal|p2a: Zygarde|100/100 slp|[silent]
|move|p1a: Kevin|Toxic|p2a: Zygarde|[miss]
|-miss|p1a: Kevin|p2a: Zygarde
|
|upkeep
|turn|84
|
|t:|1664726113
|cant|p2a: Zygarde|slp
|move|p1a: Kevin|Toxic||[still]
|-fail|p1a: Kevin
|
|upkeep
|turn|85
|
|t:|1664726117
|cant|p2a: Zygarde|slp
|-activate|p1a: Kevin|move: Struggle
|move|p1a: Kevin|Struggle|p2a: Zygarde
|-damage|p2a: Zygarde|98/100 slp
|-damage|p1a: Kevin|75/100|[from] recoil
|
|-heal|p1a: Kevin|81/100|[from] item: Leftovers
|upkeep
|turn|86
|
|t:|1664726124
|-curestatus|p2a: Zygarde|slp|[msg]
|move|p2a: Zygarde|Rest|p2a: Zygarde
|-status|p2a: Zygarde|slp|[from] move: Rest
|-heal|p2a: Zygarde|100/100 slp|[silent]
|-activate|p1a: Kevin|move: Struggle
|move|p1a: Kevin|Struggle|p2a: Zygarde
|-damage|p2a: Zygarde|98/100 slp
|-damage|p1a: Kevin|56/100|[from] recoil
|
|-heal|p1a: Kevin|62/100|[from] item: Leftovers
|upkeep
|turn|87
|
|t:|1664726132
|cant|p2a: Zygarde|slp
|-activate|p1a: Kevin|move: Struggle
|move|p1a: Kevin|Struggle|p2a: Zygarde
|-damage|p2a: Zygarde|95/100 slp
|-damage|p1a: Kevin|37/100|[from] recoil
|
|-heal|p1a: Kevin|43/100|[from] item: Leftovers
|upkeep
|turn|88
|
|t:|1664726135
|cant|p2a: Zygarde|slp
|-activate|p1a: Kevin|move: Struggle
|move|p1a: Kevin|Struggle|p2a: Zygarde
|-damage|p2a: Zygarde|93/100 slp
|-damage|p1a: Kevin|18/100|[from] recoil
|
|-heal|p1a: Kevin|24/100|[from] item: Leftovers
|upkeep
|turn|89
|
|t:|1664726140
|-curestatus|p2a: Zygarde|slp|[msg]
|-activate|p2a: Zygarde|move: Struggle
|move|p2a: Zygarde|Struggle|p1a: Kevin
|-activate|p1a: Kevin|move: Substitute|[damage]
|-damage|p2a: Zygarde|68/100|[from] recoil
|-activate|p1a: Kevin|move: Struggle
|move|p1a: Kevin|Struggle|p2a: Zygarde
|-damage|p2a: Zygarde|65/100
|-damage|p1a: Kevin|0 fnt|[from] recoil
|faint|p1a: Kevin
|
|upkeep
|
|t:|1664726159
|switch|p1a: Im not apologizing|Marshadow|100/100
|turn|90
|
|t:|1664726163
|-activate|p2a: Zygarde|move: Struggle
|move|p2a: Zygarde|Struggle|p1a: Im not apologizing
|-damage|p1a: Im not apologizing|39/100
|-damage|p2a: Zygarde|40/100|[from] recoil
|move|p1a: Im not apologizing|Spectral Thief||[still]
|-clearpositiveboost|p2a: Zygarde|p1a: Im not apologizing|move: Spectral Thief
|-boost|p1a: Im not apologizing|atk|6
|-boost|p1a: Im not apologizing|spe|6
|-anim|p1a: Im not apologizing|Spectral Thief|p2a: Zygarde
|-damage|p2a: Zygarde|0 fnt
|faint|p2a: Zygarde
|
|upkeep
|
|t:|1664726169
|switch|p2a: Eternatus|Eternatus|100/100
|-damage|p2a: Eternatus|88/100|[from] Stealth Rock
|-ability|p2a: Eternatus|Pressure
|turn|91
|
|t:|1664726175
|move|p1a: Im not apologizing|Spectral Thief|p2a: Eternatus
|-damage|p2a: Eternatus|0 fnt
|faint|p2a: Eternatus
|
|upkeep
|-message|tesla roadster forfeited.
|
|win|napkin sqweezings
|raw|napkin sqweezings's rating: 1382 &rarr; <strong>1413</strong><br />(+31 for winning)
|raw|tesla roadster's rating: 1592 &rarr; <strong>1561</strong><br />(-31 for losing)
|l|☆tesla roadster
||Ladder isn't responding, score probably updated but might not have (Request timeout).
