|j|☆ICVR
|j|☆drawwithme_yt
|t:|1629398209
|gametype|singles
|player|p1|ICVR|lucas|
|player|p2|drawwithme_yt|artist|
|teamsize|p1|6
|teamsize|p2|6
|gen|8
|tier|[Gen 8] Ubers
|rule|Sleep Clause Mod: Limit one foe put to sleep
|rule|Species Clause: Limit one of each Pokémon
|rule|OHKO Clause: OHKO moves are banned
|rule|Evasion Moves Clause: Evasion moves are banned
|rule|Endless Battle Clause: Forcing endless battles is banned
|rule|HP Percentage Mod: HP is shown in percentages
|rule|Dynamax Clause: You cannot dynamax
|clearpoke
|poke|p1|Calyrex-Ice|
|poke|p1|Ho-Oh|
|poke|p1|Eternatus|
|poke|p1|Zygarde|
|poke|p1|Necrozma-Dusk-Mane|
|poke|p1|Yveltal|
|poke|p2|Grimmsnarl, M|
|poke|p2|Groudon|
|poke|p2|Necrozma-Dusk-Mane|
|poke|p2|Zekrom|
|poke|p2|Yveltal|
|poke|p2|Xerneas-*|
|teampreview
|inactive|Battle timer is ON: inactive players will automatically lose when time's up. (requested by ICVR)
|inactive|drawwithme_yt also wants the timer to be on.
|c|☆ICVR|hf
|inactive|ICVR has 270 seconds left.
|inactive|drawwithme_yt has 270 seconds left.
|c|☆drawwithme_yt|glhf
|j| FyroxZ
|j| UltraHervalt99
|j| CHADESM
|inactive|drawwithme_yt has 240 seconds left.
|
|t:|1629398271
|start
|switch|p1a: Ho-Oh|Ho-Oh|100/100
|switch|p2a: Grimmsnarl|Grimmsnarl, M|100/100
|turn|1
|
|t:|1629398283
|move|p2a: Grimmsnarl|Taunt|p1a: Ho-Oh
|-start|p1a: Ho-Oh|move: Taunt
|move|p1a: Ho-Oh|Sacred Fire|p2a: Grimmsnarl
|-damage|p2a: Grimmsnarl|53/100
|
|upkeep
|turn|2
|
|t:|1629398288
|switch|p1a: Necrozma|Necrozma-Dusk-Mane|100/100
|move|p2a: Grimmsnarl|Reflect|p2a: Grimmsnarl
|-sidestart|p2: drawwithme_yt|Reflect
|
|upkeep
|turn|3
|
|t:|1629398291
|switch|p2a: Necrozma|Necrozma-Dusk-Mane|100/100
|move|p1a: Necrozma|Stealth Rock|p2a: Necrozma
|-sidestart|p2: drawwithme_yt|move: Stealth Rock
|
|upkeep
|turn|4
|inactive|ICVR has 270 seconds left.
|
|t:|1629398325
|move|p2a: Necrozma|Dragon Dance|p2a: Necrozma
|-boost|p2a: Necrozma|atk|1
|-boost|p2a: Necrozma|spe|1
|move|p1a: Necrozma|Thunder Wave|p2a: Necrozma
|-status|p2a: Necrozma|par
|
|upkeep
|turn|5
|
|t:|1629398329
|switch|p1a: Zygarde|Zygarde|100/100
|cant|p2a: Necrozma|par
|
|upkeep
|turn|6
|
|t:|1629398333
|move|p1a: Zygarde|Coil|p1a: Zygarde
|-boost|p1a: Zygarde|atk|1
|-boost|p1a: Zygarde|def|1
|-boost|p1a: Zygarde|accuracy|1
|cant|p2a: Necrozma|par
|
|upkeep
|turn|7
|
|t:|1629398339
|move|p1a: Zygarde|Coil|p1a: Zygarde
|-boost|p1a: Zygarde|atk|1
|-boost|p1a: Zygarde|def|1
|-boost|p1a: Zygarde|accuracy|1
|move|p2a: Necrozma|Sunsteel Strike|p1a: Zygarde
|-damage|p1a: Zygarde|76/100
|
|-heal|p1a: Zygarde|82/100|[from] item: Leftovers
|upkeep
|turn|8
|inactive|drawwithme_yt has 270 seconds left.
|
|t:|1629398370
|switch|p2a: Groudon|Groudon|100/100
|-damage|p2a: Groudon|94/100|[from] Stealth Rock
|-weather|SunnyDay|[from] ability: Drought|[of] p2a: Groudon
|move|p1a: Zygarde|Thousand Arrows|p2a: Groudon
|-damage|p2a: Groudon|73/100
|
|-weather|SunnyDay|[upkeep]
|-heal|p1a: Zygarde|88/100|[from] item: Leftovers
|upkeep
|turn|9
|
|t:|1629398375
|move|p2a: Groudon|Swords Dance|p2a: Groudon
|-boost|p2a: Groudon|atk|2
|move|p1a: Zygarde|Dragon Tail|p2a: Groudon
|-damage|p2a: Groudon|59/100
|drag|p2a: Xerneas|Xerneas|100/100
|-damage|p2a: Xerneas|88/100|[from] Stealth Rock
|-ability|p2a: Xerneas|Fairy Aura
|
|-weather|SunnyDay|[upkeep]
|-heal|p1a: Zygarde|94/100|[from] item: Leftovers
|-sideend|p2: drawwithme_yt|Reflect
|upkeep
|turn|10
|
|t:|1629398381
|switch|p2a: Groudon|Groudon|59/100
|-damage|p2a: Groudon|53/100|[from] Stealth Rock
|switch|p1a: Necrozma|Necrozma-Dusk-Mane|100/100
|
|-weather|SunnyDay|[upkeep]
|upkeep
|turn|11
|
|t:|1629398389
|switch|p1a: Calyrex|Calyrex-Ice|100/100
|-ability|p1a: Calyrex|As One
|-ability|p1a: Calyrex|Unnerve
|move|p2a: Groudon|Rock Polish|p2a: Groudon
|-boost|p2a: Groudon|spe|2
|
|-weather|SunnyDay|[upkeep]
|upkeep
|turn|12
|
|t:|1629398406
|move|p2a: Groudon|Stone Edge|p1a: Calyrex
|-supereffective|p1a: Calyrex
|-damage|p1a: Calyrex|51/100
|-damage|p2a: Groudon|43/100|[from] item: Life Orb
|move|p1a: Calyrex|Glacial Lance|p2a: Groudon
|-supereffective|p2a: Groudon
|-damage|p2a: Groudon|0 fnt
|faint|p2a: Groudon
|-ability|p1a: Calyrex|Chilling Neigh|boost
|-boost|p1a: Calyrex|atk|1
|
|-weather|none
|upkeep
|j| Vextal
|
|t:|1629398414
|switch|p2a: Necrozma|Necrozma-Dusk-Mane|100/100 par
|-damage|p2a: Necrozma|95/100 par|[from] Stealth Rock
|turn|13
|
|t:|1629398430
|switch|p1a: Zygarde|Zygarde|94/100
|cant|p2a: Necrozma|par
|
|-heal|p1a: Zygarde|100/100|[from] item: Leftovers
|upkeep
|turn|14
|
|t:|1629398436
|switch|p2a: Yveltal|Yveltal|100/100
|-damage|p2a: Yveltal|76/100|[from] Stealth Rock
|-ability|p2a: Yveltal|Dark Aura
|move|p1a: Zygarde|Thousand Arrows|p2a: Yveltal
|-damage|p2a: Yveltal|46/100
|-start|p2a: Yveltal|Smack Down
|
|upkeep
|turn|15
|
|t:|1629398444
|switch|p1a: Ho-Oh|Ho-Oh|100/100
|move|p2a: Yveltal|Roost|p2a: Yveltal
|-heal|p2a: Yveltal|96/100
|-singleturn|p2a: Yveltal|move: Roost
|
|upkeep
|turn|16
|
|t:|1629398453
|move|p2a: Yveltal|Hone Claws|p2a: Yveltal
|-boost|p2a: Yveltal|atk|1
|-boost|p2a: Yveltal|accuracy|1
|move|p1a: Ho-Oh|Sacred Fire|p2a: Yveltal
|-damage|p2a: Yveltal|59/100
|
|upkeep
|turn|17
|
|t:|1629398461
|move|p2a: Yveltal|Knock Off|p1a: Ho-Oh
|-damage|p1a: Ho-Oh|6/100
|-enditem|p1a: Ho-Oh|Heavy-Duty Boots|[from] move: Knock Off|[of] p2a: Yveltal
|-damage|p2a: Yveltal|49/100|[from] item: Life Orb
|move|p1a: Ho-Oh|Sacred Fire|p2a: Yveltal
|-damage|p2a: Yveltal|9/100
|
|upkeep
|turn|18
|
|t:|1629398469
|move|p2a: Yveltal|Dual Wingbeat|p1a: Ho-Oh
|-damage|p1a: Ho-Oh|0 fnt
|faint|p1a: Ho-Oh
|-hitcount|p1: Ho-Oh|1
|-damage|p2a: Yveltal|0 fnt|[from] item: Life Orb
|faint|p2a: Yveltal
|
|upkeep
|j| Flo2699
|
|t:|1629398487
|switch|p2a: Grimmsnarl|Grimmsnarl, M|53/100
|switch|p1a: Zygarde|Zygarde|100/100
|-damage|p2a: Grimmsnarl|41/100|[from] Stealth Rock
|turn|19
|
|t:|1629398492
|move|p2a: Grimmsnarl|Reflect|p2a: Grimmsnarl
|-sidestart|p2: drawwithme_yt|Reflect
|move|p1a: Zygarde|Substitute|p1a: Zygarde
|-start|p1a: Zygarde|Substitute
|-damage|p1a: Zygarde|75/100
|
|-heal|p1a: Zygarde|82/100|[from] item: Leftovers
|upkeep
|turn|20
|
|t:|1629398495
|move|p2a: Grimmsnarl|Taunt|p1a: Zygarde
|-start|p1a: Zygarde|move: Taunt
|move|p1a: Zygarde|Thousand Arrows|p2a: Grimmsnarl
|-damage|p2a: Grimmsnarl|23/100
|
|-heal|p1a: Zygarde|88/100|[from] item: Leftovers
|upkeep
|turn|21
|
|t:|1629398502
|move|p2a: Grimmsnarl|Play Rough|p1a: Zygarde
|-supereffective|p1a: Zygarde
|-end|p1a: Zygarde|Substitute
|move|p1a: Zygarde|Dragon Tail|p2a: Grimmsnarl
|-immune|p2a: Grimmsnarl
|
|-heal|p1a: Zygarde|94/100|[from] item: Leftovers
|upkeep
|turn|22
|
|t:|1629398512
|move|p2a: Grimmsnarl|Light Screen|p2a: Grimmsnarl
|-sidestart|p2: drawwithme_yt|move: Light Screen
|move|p1a: Zygarde|Dragon Tail|p2a: Grimmsnarl
|-immune|p2a: Grimmsnarl
|
|-heal|p1a: Zygarde|100/100|[from] item: Leftovers
|-end|p1a: Zygarde|move: Taunt
|upkeep
|turn|23
|
|t:|1629398519
|move|p2a: Grimmsnarl|Taunt|p1a: Zygarde
|-start|p1a: Zygarde|move: Taunt
|cant|p1a: Zygarde|move: Taunt|Substitute
|
|upkeep
|turn|24
|
|t:|1629398524
|switch|p1a: Necrozma|Necrozma-Dusk-Mane|100/100
|switch|p2a: Xerneas|Xerneas|88/100
|-damage|p2a: Xerneas|76/100|[from] Stealth Rock
|-ability|p2a: Xerneas|Fairy Aura
|
|upkeep
|turn|25
|
|t:|1629398532
|switch|p2a: Zekrom|Zekrom|100/100
|-damage|p2a: Zekrom|88/100|[from] Stealth Rock
|-ability|p2a: Zekrom|Teravolt
|move|p1a: Necrozma|Thunder Wave|p2a: Zekrom
|-immune|p2a: Zekrom
|
|upkeep
|turn|26
|
|t:|1629398534
|switch|p1a: Zygarde|Zygarde|100/100
|move|p2a: Zekrom|Dragon Dance|p2a: Zekrom
|-boost|p2a: Zekrom|atk|1
|-boost|p2a: Zekrom|spe|1
|
|-sideend|p2: drawwithme_yt|Reflect
|upkeep
|turn|27
|
|t:|1629398541
|move|p2a: Zekrom|Dragon Claw|p1a: Zygarde
|-supereffective|p1a: Zygarde
|-damage|p1a: Zygarde|12/100
|-damage|p2a: Zekrom|78/100|[from] item: Life Orb
|move|p1a: Zygarde|Coil|p1a: Zygarde
|-boost|p1a: Zygarde|atk|1
|-boost|p1a: Zygarde|def|1
|-boost|p1a: Zygarde|accuracy|1
|
|-heal|p1a: Zygarde|19/100|[from] item: Leftovers
|-activate|p1a: Zygarde|ability: Power Construct
|detailschange|p1a: Zygarde|Zygarde-Complete
|-heal|p1a: Zygarde|47/100|[silent]
|upkeep
|turn|28
|
|t:|1629398547
|move|p2a: Zekrom|Dragon Claw|p1a: Zygarde
|-supereffective|p1a: Zygarde
|-damage|p1a: Zygarde|3/100
|-damage|p2a: Zekrom|68/100|[from] item: Life Orb
|move|p1a: Zygarde|Thousand Arrows|p2a: Zekrom
|-supereffective|p2a: Zekrom
|-damage|p2a: Zekrom|0 fnt
|faint|p2a: Zekrom
|
|-heal|p1a: Zygarde|10/100|[from] item: Leftovers
|upkeep
|
|t:|1629398558
|switch|p2a: Xerneas|Xerneas|76/100
|-damage|p2a: Xerneas|63/100|[from] Stealth Rock
|-ability|p2a: Xerneas|Fairy Aura
|turn|29
|
|t:|1629398567
|move|p2a: Xerneas|Moonblast|p1a: Zygarde
|-supereffective|p1a: Zygarde
|-damage|p1a: Zygarde|0 fnt
|faint|p1a: Zygarde
|
|-sideend|p2: drawwithme_yt|move: Light Screen
|upkeep
|
|t:|1629398569
|switch|p1a: Necrozma|Necrozma-Dusk-Mane|100/100
|turn|30
|
|t:|1629398575
|switch|p2a: Necrozma|Necrozma-Dusk-Mane|95/100 par
|-damage|p2a: Necrozma|89/100 par|[from] Stealth Rock
|move|p1a: Necrozma|Iron Head|p2a: Necrozma
|-resisted|p2a: Necrozma
|-damage|p2a: Necrozma|72/100 par
|
|upkeep
|turn|31
|
|t:|1629398577
|switch|p1a: Yveltal|Yveltal|100/100
|-ability|p1a: Yveltal|Dark Aura
|move|p2a: Necrozma|Dragon Dance|p2a: Necrozma
|-boost|p2a: Necrozma|atk|1
|-boost|p2a: Necrozma|spe|1
|
|upkeep
|turn|32
|
|t:|1629398580
|move|p1a: Yveltal|Knock Off|p2a: Necrozma
|-supereffective|p2a: Necrozma
|-damage|p2a: Necrozma|0 fnt
|-enditem|p2a: Necrozma|Weakness Policy|[from] move: Knock Off|[of] p1a: Yveltal
|faint|p2a: Necrozma
|
|upkeep
|j| oreotrague
|
|t:|1629398584
|switch|p2a: Grimmsnarl|Grimmsnarl, M|23/100
|-damage|p2a: Grimmsnarl|11/100|[from] Stealth Rock
|turn|33
|
|t:|1629398589
|move|p2a: Grimmsnarl|Reflect|p2a: Grimmsnarl
|-sidestart|p2: drawwithme_yt|Reflect
|move|p1a: Yveltal|Taunt|p2a: Grimmsnarl
|-start|p2a: Grimmsnarl|move: Taunt
|
|upkeep
|turn|34
|
|t:|1629398592
|switch|p1a: Necrozma|Necrozma-Dusk-Mane|100/100
|move|p2a: Grimmsnarl|Play Rough|p1a: Necrozma|[miss]
|-miss|p2a: Grimmsnarl|p1a: Necrozma
|
|upkeep
|turn|35
|l| UltraHervalt99
|
|t:|1629398597
|move|p1a: Necrozma|Stealth Rock||[still]
|-fail|p1a: Necrozma
|move|p2a: Grimmsnarl|Play Rough|p1a: Necrozma
|-resisted|p1a: Necrozma
|-damage|p1a: Necrozma|88/100
|
|-heal|p1a: Necrozma|94/100|[from] item: Leftovers
|upkeep
|turn|36
|
|t:|1629398602
|move|p1a: Necrozma|Thunder Wave|p2a: Grimmsnarl
|-status|p2a: Grimmsnarl|par
|move|p2a: Grimmsnarl|Play Rough|p1a: Necrozma
|-resisted|p1a: Necrozma
|-damage|p1a: Necrozma|83/100
|
|-heal|p1a: Necrozma|89/100|[from] item: Leftovers
|-end|p2a: Grimmsnarl|move: Taunt
|upkeep
|turn|37
|
|t:|1629398614
|switch|p1a: Calyrex|Calyrex-Ice|51/100
|-ability|p1a: Calyrex|As One
|-ability|p1a: Calyrex|Unnerve
|move|p2a: Grimmsnarl|Taunt|p1a: Calyrex
|-start|p1a: Calyrex|move: Taunt
|
|upkeep
|turn|38
|
|t:|1629398619
|switch|p1a: Necrozma|Necrozma-Dusk-Mane|89/100
|move|p2a: Grimmsnarl|Light Screen|p2a: Grimmsnarl
|-sidestart|p2: drawwithme_yt|move: Light Screen
|
|-heal|p1a: Necrozma|95/100|[from] item: Leftovers
|upkeep
|turn|39
|
|t:|1629398622
|cant|p2a: Grimmsnarl|par
|move|p1a: Necrozma|Iron Head|p2a: Grimmsnarl
|-supereffective|p2a: Grimmsnarl
|-damage|p2a: Grimmsnarl|0 fnt
|faint|p2a: Grimmsnarl
|
|-heal|p1a: Necrozma|100/100|[from] item: Leftovers
|upkeep
|
|t:|1629398625
|switch|p2a: Xerneas|Xerneas|63/100
|-damage|p2a: Xerneas|51/100|[from] Stealth Rock
|-ability|p2a: Xerneas|Fairy Aura
|turn|40
|
|t:|1629398627
|move|p2a: Xerneas|Geomancy||[still]
|-prepare|p2a: Xerneas|Geomancy
|-enditem|p2a: Xerneas|Power Herb
|-anim|p2a: Xerneas|Geomancy|p2a: Xerneas
|-boost|p2a: Xerneas|spa|2
|-boost|p2a: Xerneas|spd|2
|-boost|p2a: Xerneas|spe|2
|move|p1a: Necrozma|Thunder Wave|p2a: Xerneas
|-status|p2a: Xerneas|par
|
|-sideend|p2: drawwithme_yt|Reflect
|upkeep
|turn|41
|
|t:|1629398631
|cant|p2a: Xerneas|par
|move|p1a: Necrozma|Iron Head|p2a: Xerneas
|-supereffective|p2a: Xerneas
|-damage|p2a: Xerneas|0 fnt
|faint|p2a: Xerneas
|
|win|ICVR
|c|☆drawwithme_yt|gg
|l| Flo2699
|c|☆ICVR|gg
