|j|☆the e's alt
|j|☆Rell27
|t:|1637105651
|gametype|singles
|player|p1|the e's alt|169|1316
|player|p2|Rell27|102|1553
|teamsize|p1|6
|teamsize|p2|6
|gen|8
|tier|[Gen 8] Ubers
|rated|
|rule|Sleep Clause Mod: Limit one foe put to sleep
|rule|Species Clause: Limit one of each Pokémon
|rule|OHKO Clause: OHKO moves are banned
|rule|Evasion Moves Clause: Evasion moves are banned
|rule|Endless Battle Clause: Forcing endless battles is banned
|rule|HP Percentage Mod: HP is shown in percentages
|rule|Dynamax Clause: You cannot dynamax
|clearpoke
|poke|p1|Excadrill, M|
|poke|p1|Kyogre|
|poke|p1|Barraskewda, M|
|poke|p1|Weavile, F|
|poke|p1|Dialga|
|poke|p1|Yveltal|
|poke|p2|Necrozma-Dusk-Mane|
|poke|p2|Eternatus|
|poke|p2|Yveltal|
|poke|p2|Xerneas-*|
|poke|p2|Zekrom|
|poke|p2|Calyrex-Shadow|
|teampreview
|
|t:|1637105665
|start
|switch|p1a: mole thing|Excadrill, M|100/100
|switch|p2a: Necrozma|Necrozma-Dusk-Mane|100/100
|-ability|p1a: mole thing|Mold Breaker
|turn|1
|
|t:|1637105669
|move|p1a: mole thing|Stealth Rock|p2a: Necrozma
|-sidestart|p2: Rell27|move: Stealth Rock
|move|p2a: Necrozma|Trick Room|p2a: Necrozma
|-fieldstart|move: Trick Room|[of] p2a: Necrozma
|
|upkeep
|turn|2
|
|t:|1637105673
|move|p2a: Necrozma|Earthquake|p1a: mole thing
|-supereffective|p1a: mole thing
|-enditem|p1a: mole thing|Focus Sash
|-damage|p1a: mole thing|1/100
|move|p1a: mole thing|Earthquake|p2a: Necrozma
|-supereffective|p2a: Necrozma
|-damage|p2a: Necrozma|42/100
|-enditem|p2a: Necrozma|Weakness Policy
|-boost|p2a: Necrozma|atk|2|[from] item: Weakness Policy
|-boost|p2a: Necrozma|spa|2|[from] item: Weakness Policy
|
|upkeep
|turn|3
|
|t:|1637105679
|move|p2a: Necrozma|Sunsteel Strike|p1a: mole thing
|-resisted|p1a: mole thing
|-damage|p1a: mole thing|0 fnt
|faint|p1a: mole thing
|
|upkeep
|
|t:|1637105685
|switch|p1a: Yveltal|Yveltal|100/100
|-ability|p1a: Yveltal|Dark Aura
|turn|4
|
|t:|1637105688
|move|p1a: Yveltal|Sucker Punch||[still]
|-fail|p1a: Yveltal
|move|p2a: Necrozma|Stealth Rock|p1a: Yveltal
|-sidestart|p1: the e's alt|move: Stealth Rock
|
|upkeep
|turn|5
|
|t:|1637105694
|move|p1a: Yveltal|Sucker Punch|p2a: Necrozma
|-supereffective|p2a: Necrozma
|-damage|p2a: Necrozma|0 fnt
|faint|p2a: Necrozma
|
|-fieldend|move: Trick Room
|upkeep
|
|t:|1637105700
|switch|p2a: Zekrom|Zekrom|100/100
|-damage|p2a: Zekrom|88/100|[from] Stealth Rock
|-ability|p2a: Zekrom|Teravolt
|turn|6
|
|t:|1637105709
|move|p2a: Zekrom|Dragon Dance|p2a: Zekrom
|-boost|p2a: Zekrom|atk|1
|-boost|p2a: Zekrom|spe|1
|move|p1a: Yveltal|Knock Off|p2a: Zekrom
|-damage|p2a: Zekrom|25/100
|-enditem|p2a: Zekrom|Leftovers|[from] move: Knock Off|[of] p1a: Yveltal
|
|upkeep
|turn|7
|
|t:|1637105717
|move|p1a: Yveltal|Sucker Punch|p2a: Zekrom
|-damage|p2a: Zekrom|0 fnt
|faint|p2a: Zekrom
|
|upkeep
|
|t:|1637105726
|switch|p2a: Calyrex|Calyrex-Shadow|100/100
|-ability|p2a: Calyrex|As One
|-ability|p2a: Calyrex|Unnerve
|-damage|p2a: Calyrex|88/100|[from] Stealth Rock
|turn|8
|
|t:|1637105729
|move|p2a: Calyrex|Trick|p1a: Yveltal
|-activate|p2a: Calyrex|move: Trick|[of] p1a: Yveltal
|-item|p1a: Yveltal|Choice Scarf|[from] move: Trick
|-item|p2a: Calyrex|Leftovers|[from] move: Trick
|move|p1a: Yveltal|Knock Off|p2a: Calyrex
|-supereffective|p2a: Calyrex
|-damage|p2a: Calyrex|0 fnt
|-enditem|p2a: Calyrex|Leftovers|[from] move: Knock Off|[of] p1a: Yveltal
|faint|p2a: Calyrex
|
|upkeep
|
|t:|1637105736
|switch|p2a: Xerneas|Xerneas|100/100
|-damage|p2a: Xerneas|88/100|[from] Stealth Rock
|-ability|p2a: Xerneas|Fairy Aura
|turn|9
|
|t:|1637105738
|move|p1a: Yveltal|Knock Off|p2a: Xerneas
|-resisted|p2a: Xerneas
|-damage|p2a: Xerneas|60/100
|-enditem|p2a: Xerneas|Power Herb|[from] move: Knock Off|[of] p1a: Yveltal
|move|p2a: Xerneas|Geomancy||[still]
|-prepare|p2a: Xerneas|Geomancy
|
|upkeep
|turn|10
|
|t:|1637105743
|switch|p1a: random whale|Kyogre|100/100
|-damage|p1a: random whale|88/100|[from] Stealth Rock
|-weather|RainDance|[from] ability: Drizzle|[of] p1a: random whale
|move|p2a: Xerneas|Geomancy|p2a: Xerneas|[from]lockedmove
|-boost|p2a: Xerneas|spa|2
|-boost|p2a: Xerneas|spd|2
|-boost|p2a: Xerneas|spe|2
|
|-weather|RainDance|[upkeep]
|upkeep
|turn|11
|
|t:|1637105746
|move|p2a: Xerneas|Moonblast|p1a: random whale
|-damage|p1a: random whale|0 fnt
|faint|p1a: random whale
|
|-weather|RainDance|[upkeep]
|upkeep
|
|t:|1637105749
|switch|p1a: big piranha|Barraskewda, M|100/100
|-damage|p1a: big piranha|88/100|[from] Stealth Rock
|turn|12
|
|t:|1637105766
|switch|p2a: Eternatus|Eternatus|100/100
|-damage|p2a: Eternatus|88/100|[from] Stealth Rock
|-ability|p2a: Eternatus|Pressure
|move|p1a: big piranha|Liquidation|p2a: Eternatus
|-resisted|p2a: Eternatus
|-damage|p2a: Eternatus|51/100
|
|-weather|RainDance|[upkeep]
|upkeep
|turn|13
|
|t:|1637105778
|switch|p1a: tree eyes|Weavile, F|100/100
|-damage|p1a: tree eyes|76/100|[from] Stealth Rock
|-ability|p1a: tree eyes|Pressure
|move|p2a: Eternatus|Dynamax Cannon|p1a: tree eyes
|-damage|p1a: tree eyes|0 fnt
|faint|p1a: tree eyes
|-damage|p2a: Eternatus|41/100|[from] item: Life Orb
|
|-weather|RainDance|[upkeep]
|upkeep
|
|t:|1637105785
|switch|p1a: Yveltal|Yveltal|100/100
|-damage|p1a: Yveltal|75/100|[from] Stealth Rock
|-ability|p1a: Yveltal|Dark Aura
|turn|14
|
|t:|1637105799
|move|p2a: Eternatus|Recover|p2a: Eternatus
|-heal|p2a: Eternatus|91/100
|move|p1a: Yveltal|Knock Off|p2a: Eternatus
|-damage|p2a: Eternatus|33/100
|-enditem|p2a: Eternatus|Life Orb|[from] move: Knock Off|[of] p1a: Yveltal
|
|-weather|none
|upkeep
|turn|15
|
|t:|1637105805
|move|p2a: Eternatus|Recover|p2a: Eternatus
|-heal|p2a: Eternatus|83/100
|move|p1a: Yveltal|Knock Off|p2a: Eternatus
|-damage|p2a: Eternatus|43/100
|
|upkeep
|turn|16
|
|t:|1637105810
|switch|p1a: Dialga|Dialga|100/100
|-damage|p1a: Dialga|94/100|[from] Stealth Rock
|-ability|p1a: Dialga|Pressure
|move|p2a: Eternatus|Dynamax Cannon|p1a: Dialga
|-damage|p1a: Dialga|43/100
|
|upkeep
|turn|17
|
|t:|1637105815
|move|p2a: Eternatus|Dynamax Cannon|p1a: Dialga
|-damage|p1a: Dialga|0 fnt
|faint|p1a: Dialga
|
|upkeep
|
|t:|1637105822
|switch|p1a: big piranha|Barraskewda, M|88/100
|-damage|p1a: big piranha|76/100|[from] Stealth Rock
|turn|18
|
|t:|1637105826
|move|p1a: big piranha|Crunch|p2a: Eternatus
|-damage|p2a: Eternatus|12/100
|move|p2a: Eternatus|Sludge Bomb|p1a: big piranha
|-damage|p1a: big piranha|0 fnt
|faint|p1a: big piranha
|
|upkeep
|
|t:|1637105838
|switch|p1a: Yveltal|Yveltal|75/100
|-damage|p1a: Yveltal|50/100|[from] Stealth Rock
|-ability|p1a: Yveltal|Dark Aura
|turn|19
|
|t:|1637105844
|move|p2a: Eternatus|Recover|p2a: Eternatus
|-heal|p2a: Eternatus|62/100
|move|p1a: Yveltal|Dual Wingbeat|p2a: Eternatus
|-damage|p2a: Eternatus|44/100
|-damage|p2a: Eternatus|26/100
|-hitcount|p2a: Eternatus|2
|
|upkeep
|turn|20
|
|t:|1637105846
|move|p2a: Eternatus|Recover|p2a: Eternatus
|-heal|p2a: Eternatus|76/100
|move|p1a: Yveltal|Dual Wingbeat|p2a: Eternatus
|-damage|p2a: Eternatus|57/100
|-damage|p2a: Eternatus|39/100
|-hitcount|p2a: Eternatus|2
|
|upkeep
|turn|21
|-message|the e's alt forfeited.
|
|win|Rell27
|raw|the e&apos;s alt's rating: 1316 &rarr; <strong>1308</strong><br />(-8 for losing)
|raw|Rell27's rating: 1553 &rarr; <strong>1561</strong><br />(+8 for winning)
|l|☆the e's alt
||Ladder isn't responding, score probably updated but might not have (Request timeout).
