|j|☆8142e
|j|☆LuckyPiper
|t:|1612440900
|player|p1|8142e|hugh|
|player|p2|LuckyPiper|clerkf|
|teamsize|p1|6
|teamsize|p2|6
|gametype|singles
|gen|8
|tier|[Gen 8] Ubers
|clearpoke
|poke|p1|Shuckle, F|
|poke|p1|Yveltal|
|poke|p1|Rayquaza|
|poke|p1|Groudon|
|poke|p1|Zacian|
|poke|p1|Necrozma-Dusk-Mane|
|poke|p2|Calyrex-Shadow|
|poke|p2|Ho-Oh|
|poke|p2|Xerneas|
|poke|p2|Tyranitar, F|
|poke|p2|Kyogre|
|poke|p2|Zygarde|
|rule|Sleep Clause Mod: Limit one foe put to sleep
|rule|Species Clause: Limit one of each Pokémon
|rule|OHKO Clause: OHKO moves are banned
|rule|Evasion Moves Clause: Evasion moves are banned
|rule|Endless Battle Clause: Forcing endless battles is banned
|rule|HP Percentage Mod: HP is shown in percentages
|rule|Dynamax Clause: You cannot dynamax
|teampreview
|
|t:|1612440921
|start
|switch|p1a: Shuckle|Shuckle, F|100/100
|switch|p2a: Calyrex|Calyrex-Shadow|100/100
|-ability|p2a: Calyrex|As One
|-ability|p2a: Calyrex|Unnerve|p1: 8142e
|turn|1
|
|t:|1612440929
|move|p2a: Calyrex|Astral Barrage|p1a: Shuckle
|-damage|p1a: Shuckle|45/100
|move|p1a: Shuckle|Encore|p2a: Calyrex
|-start|p2a: Calyrex|Encore
|
|upkeep
|turn|2
|
|t:|1612440935
|switch|p1a: Yveltal|Yveltal|100/100
|-ability|p1a: Yveltal|Dark Aura
|move|p2a: Calyrex|Astral Barrage|p1a: Yveltal
|-resisted|p1a: Yveltal
|-damage|p1a: Yveltal|59/100
|
|upkeep
|turn|3
|
|t:|1612440947
|switch|p2a: Tyranitar|Tyranitar, F|100/100
|-weather|Sandstorm|[from] ability: Sand Stream|[of] p2a: Tyranitar
|switch|p1a: Shuckle|Shuckle, F|45/100
|
|-weather|Sandstorm|[upkeep]
|upkeep
|turn|4
|
|t:|1612440952
|move|p2a: Tyranitar|Stealth Rock|p1a: Shuckle
|-sidestart|p1: 8142e|move: Stealth Rock
|move|p1a: Shuckle|Sticky Web|p2a: Tyranitar
|-sidestart|p2: LuckyPiper|move: Sticky Web
|
|-weather|Sandstorm|[upkeep]
|upkeep
|turn|5
|
|t:|1612440956
|switch|p2a: Calyrex|Calyrex-Shadow|100/100
|-ability|p2a: Calyrex|As One
|-ability|p2a: Calyrex|Unnerve|p1: 8142e
|-activate|p2a: Calyrex|move: Sticky Web
|-unboost|p2a: Calyrex|spe|1
|move|p1a: Shuckle|Stealth Rock|p2a: Calyrex
|-sidestart|p2: LuckyPiper|move: Stealth Rock
|
|-weather|Sandstorm|[upkeep]
|-damage|p2a: Calyrex|94/100|[from] Sandstorm
|upkeep
|turn|6
|
|t:|1612440965
|move|p2a: Calyrex|Agility|p2a: Calyrex
|-boost|p2a: Calyrex|spe|2
|move|p1a: Shuckle|Sticky Web||[still]
|-fail|p1a: Shuckle
|
|-weather|Sandstorm|[upkeep]
|-damage|p2a: Calyrex|88/100|[from] Sandstorm
|upkeep
|turn|7
|
|t:|1612440968
|move|p2a: Calyrex|Astral Barrage|p1a: Shuckle
|-damage|p1a: Shuckle|6/100
|move|p1a: Shuckle|Encore|p2a: Calyrex
|-start|p2a: Calyrex|Encore
|
|-weather|none
|upkeep
|turn|8
|
|t:|1612440977
|move|p2a: Calyrex|Astral Barrage|p1a: Shuckle
|-damage|p1a: Shuckle|0 fnt
|faint|p1a: Shuckle
|-ability|p2a: Calyrex|Grim Neigh|boost
|-boost|p2a: Calyrex|spa|1
|
|upkeep
|
|t:|1612440979
|switch|p1a: Yveltal|Yveltal|59/100
|-damage|p1a: Yveltal|34/100|[from] Stealth Rock
|-ability|p1a: Yveltal|Dark Aura
|turn|9
|
|t:|1612441003
|move|p1a: Yveltal|Sucker Punch|p2a: Calyrex
|-supereffective|p2a: Calyrex
|-damage|p2a: Calyrex|0 fnt
|-damage|p1a: Yveltal|24/100|[from] item: Life Orb
|faint|p2a: Calyrex
|
|upkeep
|
|t:|1612441013
|switch|p2a: Xerneas|Xerneas|100/100
|-damage|p2a: Xerneas|88/100|[from] Stealth Rock
|-activate|p2a: Xerneas|move: Sticky Web
|-unboost|p2a: Xerneas|spe|1
|-ability|p2a: Xerneas|Fairy Aura
|turn|10
|
|t:|1612441017
|move|p1a: Yveltal|Knock Off|p2a: Xerneas
|-resisted|p2a: Xerneas
|-damage|p2a: Xerneas|55/100
|-enditem|p2a: Xerneas|Power Herb|[from] move: Knock Off|[of] p1a: Yveltal
|-damage|p1a: Yveltal|14/100|[from] item: Life Orb
|move|p2a: Xerneas|Geomancy||[still]
|-prepare|p2a: Xerneas|Geomancy
|
|upkeep
|turn|11
|c|☆LuckyPiper|o:
|
|t:|1612441024
|move|p1a: Yveltal|Knock Off|p2a: Xerneas
|-resisted|p2a: Xerneas
|-damage|p2a: Xerneas|33/100
|-damage|p1a: Yveltal|5/100|[from] item: Life Orb
|move|p2a: Xerneas|Geomancy|p2a: Xerneas|[from]lockedmove
|-boost|p2a: Xerneas|spa|2
|-boost|p2a: Xerneas|spd|2
|-boost|p2a: Xerneas|spe|2
|
|upkeep
|turn|12
|
|t:|1612441032
|move|p1a: Yveltal|Sucker Punch||[still]
|-fail|p1a: Yveltal
|move|p2a: Xerneas|Geomancy||[still]
|-prepare|p2a: Xerneas|Geomancy
|
|upkeep
|turn|13
|
|t:|1612441039
|move|p2a: Xerneas|Geomancy|p2a: Xerneas|[from]lockedmove
|-boost|p2a: Xerneas|spa|2
|-boost|p2a: Xerneas|spd|2
|-boost|p2a: Xerneas|spe|2
|move|p1a: Yveltal|Knock Off|p2a: Xerneas
|-resisted|p2a: Xerneas
|-damage|p2a: Xerneas|11/100
|-damage|p1a: Yveltal|0 fnt|[from] item: Life Orb
|faint|p1a: Yveltal
|
|upkeep
|
|t:|1612441045
|switch|p1a: Rayquaza|Rayquaza|100/100
|-damage|p1a: Rayquaza|76/100|[from] Stealth Rock
|-ability|p1a: Rayquaza|Air Lock
|turn|14
|
|t:|1612441047
|move|p1a: Rayquaza|Extreme Speed|p2a: Xerneas
|-damage|p2a: Xerneas|0 fnt
|faint|p2a: Xerneas
|
|upkeep
|
|t:|1612441053
|switch|p2a: Ho-Oh|Ho-Oh|100/100
|turn|15
|
|t:|1612441065
|move|p1a: Rayquaza|Swords Dance|p1a: Rayquaza
|-boost|p1a: Rayquaza|atk|2
|move|p2a: Ho-Oh|Will-O-Wisp|p1a: Rayquaza|[miss]
|-miss|p2a: Ho-Oh|p1a: Rayquaza
|
|upkeep
|turn|16
|
|t:|1612441072
|move|p1a: Rayquaza|Dragon Ascent|p2a: Ho-Oh
|-damage|p2a: Ho-Oh|0 fnt
|-unboost|p1a: Rayquaza|def|1
|-unboost|p1a: Rayquaza|spd|1
|faint|p2a: Ho-Oh
|
|upkeep
|
|t:|1612441075
|switch|p2a: Tyranitar|Tyranitar, F|100/100
|-damage|p2a: Tyranitar|88/100|[from] Stealth Rock
|-activate|p2a: Tyranitar|move: Sticky Web
|-unboost|p2a: Tyranitar|spe|1
|-weather|Sandstorm|[from] ability: Sand Stream|[of] p2a: Tyranitar
|turn|17
|c|☆8142e|Mb
|c|☆LuckyPiper|happens
|
|t:|1612441086
|move|p1a: Rayquaza|Dragon Ascent|p2a: Tyranitar
|-resisted|p2a: Tyranitar
|-damage|p2a: Tyranitar|35/100
|-unboost|p1a: Rayquaza|def|1
|-unboost|p1a: Rayquaza|spd|1
|move|p2a: Tyranitar|Rock Tomb|p1a: Rayquaza|[miss]
|-miss|p2a: Tyranitar|p1a: Rayquaza
|
|-weather|Sandstorm|[upkeep]
|upkeep
|turn|18
|
|t:|1612441092
|move|p1a: Rayquaza|Dragon Ascent|p2a: Tyranitar
|-resisted|p2a: Tyranitar
|-damage|p2a: Tyranitar|0 fnt
|-unboost|p1a: Rayquaza|def|1
|-unboost|p1a: Rayquaza|spd|1
|faint|p2a: Tyranitar
|
|-weather|Sandstorm|[upkeep]
|upkeep
|c|☆LuckyPiper|:/
|
|t:|1612441098
|switch|p2a: Kyogre|Kyogre|100/100
|-activate|p2a: Kyogre|move: Sticky Web
|-unboost|p2a: Kyogre|spe|1
|-damage|p2a: Kyogre|88/100|[from] Stealth Rock
|-weather|RainDance|[from] ability: Drizzle|[of] p2a: Kyogre
|turn|19
|c|☆8142e|Mb
|
|t:|1612441102
|move|p1a: Rayquaza|Dragon Ascent|p2a: Kyogre
|-damage|p2a: Kyogre|0 fnt
|-unboost|p1a: Rayquaza|def|1
|-unboost|p1a: Rayquaza|spd|1
|faint|p2a: Kyogre
|
|-weather|RainDance|[upkeep]
|upkeep
|
|t:|1612441105
|switch|p2a: Zygarde|Zygarde|100/100
|-activate|p2a: Zygarde|move: Sticky Web
|-unboost|p2a: Zygarde|spe|1
|-damage|p2a: Zygarde|94/100|[from] Stealth Rock
|turn|20
|
|t:|1612441107
|move|p1a: Rayquaza|Dragon Ascent|p2a: Zygarde
|-damage|p2a: Zygarde|0 fnt
|-unboost|p1a: Rayquaza|def|1
|-unboost|p1a: Rayquaza|spd|1
|faint|p2a: Zygarde
|
|win|8142e
|l|☆LuckyPiper
|l|☆8142e
|j| DecidueyeOwlArcher
|l| DecidueyeOwlArcher
|j| Mega Zygarde-100%
|j| Kyohei (Ubers)
|l| Kyohei (Ubers)
|j| Marsii
|l| Marsii
|j|☆8142e
|player|p1|8142e|hugh
|l| Mega Zygarde-100%
|j| Mega Zygarde-100%
|l| Mega Zygarde-100%
|l|☆8142e
|player|p1|
|j|☆8142e
|player|p1|8142e|hugh
|j| DugZaッ
