|j|☆Pokemon League 4
|j|☆I Crit My Panties
|t:|1665008803
|gametype|singles
|player|p1|Pokemon League 4|thorton|1425
|player|p2|I Crit My Panties|169|1617
|teamsize|p1|6
|teamsize|p2|6
|gen|8
|tier|[Gen 8] Ubers
|rated|
|rule|Sleep Clause Mod: Limit one foe put to sleep
|rule|Species Clause: Limit one of each Pokémon
|rule|OHKO Clause: OHKO moves are banned
|rule|Evasion Items Clause: Evasion items are banned
|rule|Evasion Moves Clause: Evasion moves are banned
|rule|Endless Battle Clause: Forcing endless battles is banned
|rule|HP Percentage Mod: HP is shown in percentages
|rule|Dynamax Clause: You cannot dynamax
|clearpoke
|poke|p1|Whimsicott, M|
|poke|p1|Cinderace, M|
|poke|p1|Calyrex-Shadow|
|poke|p1|Eternatus|
|poke|p1|Mew|
|poke|p1|Mewtwo|
|poke|p2|Hatterene, F|
|poke|p2|Porygon2|
|poke|p2|Magearna|
|poke|p2|Dracovish|
|poke|p2|Calyrex-Ice|
|poke|p2|Necrozma-Dusk-Mane|
|teampreview
|
|t:|1665008813
|start
|switch|p1a: Cinderace|Cinderace, M|100/100
|switch|p2a: Necrozma|Necrozma-Dusk-Mane|100/100
|turn|1
|
|t:|1665008818
|move|p1a: Cinderace|Pyro Ball|p2a: Necrozma
|-supereffective|p2a: Necrozma
|-damage|p2a: Necrozma|39/100
|-enditem|p2a: Necrozma|Weakness Policy
|-boost|p2a: Necrozma|atk|2|[from] item: Weakness Policy
|-boost|p2a: Necrozma|spa|2|[from] item: Weakness Policy
|move|p2a: Necrozma|Earthquake|p1a: Cinderace
|-supereffective|p1a: Cinderace
|-damage|p1a: Cinderace|0 fnt
|faint|p1a: Cinderace
|
|upkeep
|
|t:|1665008825
|switch|p1a: Calyrex|Calyrex-Shadow|100/100
|-ability|p1a: Calyrex|As One
|-ability|p1a: Calyrex|Unnerve
|turn|2
|
|t:|1665008827
|switch|p2a: Porygon2|Porygon2|100/100
|move|p1a: Calyrex|Nasty Plot|p1a: Calyrex
|-boost|p1a: Calyrex|spa|2
|
|upkeep
|turn|3
|
|t:|1665008832
|move|p1a: Calyrex|Psyshock|p2a: Porygon2
|-damage|p2a: Porygon2|56/100
|move|p2a: Porygon2|Trick Room|p2a: Porygon2
|-fieldstart|move: Trick Room|[of] p2a: Porygon2
|
|upkeep
|turn|4
|
|t:|1665008837
|move|p2a: Porygon2|Shadow Ball|p1a: Calyrex
|-supereffective|p1a: Calyrex
|-damage|p1a: Calyrex|29/100
|move|p1a: Calyrex|Psyshock|p2a: Porygon2
|-damage|p2a: Porygon2|9/100
|
|upkeep
|turn|5
|
|t:|1665008843
|switch|p1a: Eternatus|Eternatus|100/100
|-ability|p2a: Porygon2|Pressure|[from] ability: Trace|[of] p1a: Eternatus
|-ability|p2a: Porygon2|Pressure
|-ability|p1a: Eternatus|Pressure
|move|p2a: Porygon2|Shadow Ball|p1a: Eternatus
|-damage|p1a: Eternatus|88/100
|
|upkeep
|turn|6
|
|t:|1665008846
|move|p1a: Eternatus|Toxic|p2a: Porygon2
|-status|p2a: Porygon2|tox
|move|p2a: Porygon2|Teleport|p2a: Porygon2
|
|t:|1665008849
|switch|p2a: Calyrex|Calyrex-Ice|100/100|[from]move: Teleport
|-ability|p2a: Calyrex|As One
|-ability|p2a: Calyrex|Unnerve
|
|upkeep
|turn|7
|
|t:|1665008853
|switch|p1a: Calyrex|Calyrex-Shadow|29/100
|-ability|p1a: Calyrex|As One
|-ability|p1a: Calyrex|Unnerve
|move|p2a: Calyrex|Glacial Lance|p1a: Calyrex
|-damage|p1a: Calyrex|0 fnt
|faint|p1a: Calyrex
|-ability|p2a: Calyrex|Chilling Neigh|boost
|-boost|p2a: Calyrex|atk|1
|
|-fieldend|move: Trick Room
|upkeep
|
|t:|1665008859
|switch|p1a: Mewtwo|Mewtwo|100/100
|-ability|p1a: Mewtwo|Pressure
|turn|8
|
|t:|1665008863
|switch|p2a: Porygon2|Porygon2|9/100 tox
|-ability|p2a: Porygon2|Pressure|[from] ability: Trace|[of] p1a: Mewtwo
|-ability|p2a: Porygon2|Pressure
|move|p1a: Mewtwo|Fire Blast|p2a: Porygon2
|-damage|p2a: Porygon2|0 fnt
|faint|p2a: Porygon2
|-damage|p1a: Mewtwo|91/100|[from] item: Life Orb
|
|upkeep
|
|t:|1665008869
|switch|p2a: Hatterene|Hatterene, F|100/100
|turn|9
|
|t:|1665008872
|move|p1a: Mewtwo|Nasty Plot|p1a: Mewtwo
|-boost|p1a: Mewtwo|spa|2
|move|p2a: Hatterene|Trick Room|p2a: Hatterene
|-fieldstart|move: Trick Room|[of] p2a: Hatterene
|
|upkeep
|turn|10
|
|t:|1665008874
|switch|p2a: Necrozma|Necrozma-Dusk-Mane|39/100
|move|p1a: Mewtwo|Ice Beam|p2a: Necrozma
|-resisted|p2a: Necrozma
|-damage|p2a: Necrozma|5/100
|-damage|p1a: Mewtwo|81/100|[from] item: Life Orb
|
|upkeep
|turn|11
|
|t:|1665008878
|move|p2a: Necrozma|Sunsteel Strike|p1a: Mewtwo
|-damage|p1a: Mewtwo|10/100
|move|p1a: Mewtwo|Ice Beam|p2a: Necrozma
|-resisted|p2a: Necrozma
|-crit|p2a: Necrozma
|-damage|p2a: Necrozma|0 fnt
|faint|p2a: Necrozma
|-damage|p1a: Mewtwo|0 fnt|[from] item: Life Orb
|faint|p1a: Mewtwo
|
|upkeep
|
|t:|1665008889
|switch|p2a: Calyrex|Calyrex-Ice|100/100
|switch|p1a: Mew|Mew, shiny|100/100
|-ability|p2a: Calyrex|As One
|-ability|p2a: Calyrex|Unnerve
|turn|12
|
|t:|1665008892
|switch|p2a: Dracovish|Dracovish|100/100
|move|p1a: Mew|Endeavor|p2a: Dracovish
|-damage|p2a: Dracovish|90/100
|
|upkeep
|turn|13
|
|t:|1665008897
|switch|p1a: Eternatus|Eternatus|88/100
|-ability|p1a: Eternatus|Pressure
|move|p2a: Dracovish|Fishious Rend|p1a: Eternatus
|-resisted|p1a: Eternatus
|-damage|p1a: Eternatus|21/100
|
|-fieldend|move: Trick Room
|upkeep
|turn|14
|
|t:|1665008900
|switch|p2a: Magearna|Magearna|100/100
|move|p1a: Eternatus|Recover|p1a: Eternatus
|-heal|p1a: Eternatus|71/100
|
|upkeep
|turn|15
|
|t:|1665008903
|move|p1a: Eternatus|Mystical Fire|p2a: Magearna
|-supereffective|p2a: Magearna
|-damage|p2a: Magearna|72/100
|-unboost|p2a: Magearna|spa|1
|move|p2a: Magearna|Trick Room|p2a: Magearna
|-fieldstart|move: Trick Room|[of] p2a: Magearna
|
|-heal|p2a: Magearna|79/100|[from] item: Leftovers
|upkeep
|turn|16
|
|t:|1665008906
|move|p2a: Magearna|Volt Switch|p1a: Eternatus
|-resisted|p1a: Eternatus
|-damage|p1a: Eternatus|67/100
|
|t:|1665008908
|switch|p2a: Calyrex|Calyrex-Ice|100/100|[from]move: Volt Switch
|-ability|p2a: Calyrex|As One
|-ability|p2a: Calyrex|Unnerve
|move|p1a: Eternatus|Mystical Fire|p2a: Calyrex
|-supereffective|p2a: Calyrex
|-damage|p2a: Calyrex|68/100
|-unboost|p2a: Calyrex|spa|1
|
|upkeep
|turn|17
|
|t:|1665008912
|switch|p1a: Whimsicott|Whimsicott, M|100/100
|move|p2a: Calyrex|Glacial Lance|p1a: Whimsicott
|-supereffective|p1a: Whimsicott
|-damage|p1a: Whimsicott|0 fnt
|faint|p1a: Whimsicott
|-ability|p2a: Calyrex|Chilling Neigh|boost
|-boost|p2a: Calyrex|atk|1
|
|upkeep
|
|t:|1665008914
|switch|p1a: Mew|Mew, shiny|100/100
|turn|18
|
|t:|1665008920
|move|p2a: Calyrex|Glacial Lance|p1a: Mew
|-enditem|p1a: Mew|Focus Sash
|-damage|p1a: Mew|1/100
|move|p1a: Mew|Endeavor|p2a: Calyrex
|-damage|p2a: Calyrex|1/100
|
|upkeep
|turn|19
|
|t:|1665008927
|switch|p2a: Magearna|Magearna|79/100
|move|p1a: Mew|Sucker Punch||[still]
|-fail|p1a: Mew
|
|-heal|p2a: Magearna|85/100|[from] item: Leftovers
|-fieldend|move: Trick Room
|upkeep
|turn|20
|
|t:|1665008931
|move|p1a: Mew|Endeavor|p2a: Magearna
|-damage|p2a: Magearna|1/100
|move|p2a: Magearna|Trick Room|p2a: Magearna
|-fieldstart|move: Trick Room|[of] p2a: Magearna
|
|-heal|p2a: Magearna|7/100|[from] item: Leftovers
|upkeep
|turn|21
|
|t:|1665008934
|move|p1a: Mew|Sucker Punch|p2a: Magearna
|-resisted|p2a: Magearna
|-damage|p2a: Magearna|0 fnt
|faint|p2a: Magearna
|
|upkeep
|
|t:|1665008937
|switch|p2a: Dracovish|Dracovish|90/100
|turn|22
|
|t:|1665008945
|move|p1a: Mew|Sucker Punch|p2a: Dracovish
|-damage|p2a: Dracovish|72/100
|move|p2a: Dracovish|Outrage|p1a: Mew
|-damage|p1a: Mew|0 fnt
|faint|p1a: Mew
|
|upkeep
|
|t:|1665008948
|switch|p1a: Eternatus|Eternatus|67/100
|-ability|p1a: Eternatus|Pressure
|turn|23
|
|t:|1665008949
|move|p2a: Dracovish|Outrage|p1a: Eternatus|[from]lockedmove
|-supereffective|p1a: Eternatus
|-damage|p1a: Eternatus|0 fnt
|faint|p1a: Eternatus
|-start|p2a: Dracovish|confusion|[fatigue]
|
|win|I Crit My Panties
|raw|Pokemon League 4's rating: 1425 &rarr; <strong>1415</strong><br />(-10 for losing)
|raw|I Crit My Panties's rating: 1617 &rarr; <strong>1627</strong><br />(+10 for winning)
