|j|☆QiYu4
|j|☆Meracx
|player|p1|QiYu4|psychic-gen4|1573
|player|p2|Meracx|93|1571
|teamsize|p1|6
|teamsize|p2|6
|gametype|singles
|gen|8
|tier|[Gen 8] Ubers
|rated|
|clearpoke
|poke|p1|Zacian-Crowned|
|poke|p1|Eternatus|
|poke|p1|Necrozma-Dusk-Mane|
|poke|p1|Mewtwo|
|poke|p1|Marshadow|
|poke|p1|Lunala|
|poke|p2|Kyurem-White|
|poke|p2|Marshadow|
|poke|p2|Zekrom|
|poke|p2|Necrozma-Dusk-Mane|
|poke|p2|Eternatus|
|poke|p2|Excadrill, F|
|rule|Sleep Clause Mod: Limit one foe put to sleep
|rule|Species Clause: Limit one of each Pokémon
|rule|OHKO Clause: OHKO moves are banned
|rule|Evasion Moves Clause: Evasion moves are banned
|rule|Endless Battle Clause: Forcing endless battles is banned
|rule|HP Percentage Mod: HP is shown in percentages
|teampreview
|
|start
|switch|p1a: Lunala|Lunala|100/100
|switch|p2a: Excadrill|Excadrill, F|100/100
|-ability|p2a: Excadrill|Mold Breaker
|turn|1
|inactive|Battle timer is ON: inactive players will automatically lose when time's up. (requested by QiYu4)
|
|move|p2a: Excadrill|Stealth Rock|p1a: Lunala
|-sidestart|p1: QiYu4|move: Stealth Rock
|move|p1a: Lunala|Moongeist Beam|p2a: Excadrill
|-damage|p2a: Excadrill|37/100
|
|upkeep
|turn|2
|j| Gengar2123
|inactive|QiYu4 has 120 seconds left.
|
|move|p2a: Excadrill|Earthquake|p1a: Lunala
|-damage|p1a: Lunala|85/100
|move|p1a: Lunala|Moongeist Beam|p2a: Excadrill
|-damage|p2a: Excadrill|0 fnt
|faint|p2a: Excadrill
|
|upkeep
|
|switch|p2a: Marshadow|Marshadow|100/100
|turn|3
|
|switch|p1a: Eternatus|Eternatus|100/100
|-damage|p1a: Eternatus|88/100|[from] Stealth Rock
|-ability|p1a: Eternatus|Pressure
|move|p2a: Marshadow|Spectral Thief|p1a: Eternatus
|-damage|p1a: Eternatus|61/100
|
|-heal|p1a: Eternatus|67/100|[from] item: Black Sludge
|upkeep
|turn|4
|
|switch|p2a: Necrozma|Necrozma-Dusk-Mane|100/100
|move|p1a: Eternatus|Toxic|p2a: Necrozma
|-immune|p2a: Necrozma
|
|-heal|p1a: Eternatus|74/100|[from] item: Black Sludge
|upkeep
|turn|5
|
|switch|p1a: Lunala|Lunala|85/100
|move|p2a: Necrozma|Rock Polish|p2a: Necrozma
|-boost|p2a: Necrozma|spe|2
|
|upkeep
|turn|6
|
|-start|p2a: Necrozma|Dynamax
|-heal|p2a: Necrozma|100/100|[silent]
|move|p2a: Necrozma|Max Quake|p1a: Lunala
|-damage|p1a: Lunala|54/100
|-boost|p2a: Necrozma|spd|1
|move|p1a: Lunala|Thunder Wave|p2a: Necrozma|[miss]
|-miss|p1a: Lunala|p2a: Necrozma
|
|upkeep
|turn|7
|
|move|p2a: Necrozma|Max Steelspike|p1a: Lunala
|-crit|p1a: Lunala
|-damage|p1a: Lunala|0 fnt
|-boost|p2a: Necrozma|def|1
|faint|p1a: Lunala
|
|upkeep
|inactive|QiYu4 has 120 seconds left.
|
|switch|p1a: Marshadow|Marshadow|100/100
|-damage|p1a: Marshadow|94/100|[from] Stealth Rock
|turn|8
|
|move|p1a: Marshadow|Spectral Thief||[still]
|-clearpositiveboost|p2a: Necrozma|p1a: Marshadow|move: Spectral Thief
|-boost|p1a: Marshadow|def|1
|-boost|p1a: Marshadow|spd|1
|-boost|p1a: Marshadow|spe|2
|-anim|p1a: Marshadow|Spectral Thief|p2a: Necrozma
|-supereffective|p2a: Necrozma
|-damage|p2a: Necrozma|70/100
|-enditem|p2a: Necrozma|Weakness Policy
|-boost|p2a: Necrozma|atk|2|[from] item: Weakness Policy
|-boost|p2a: Necrozma|spa|2|[from] item: Weakness Policy
|move|p2a: Necrozma|Max Steelspike|p1a: Marshadow
|-damage|p1a: Marshadow|0 fnt
|-boost|p2a: Necrozma|def|1
|faint|p1a: Marshadow
|
|-end|p2a: Necrozma|Dynamax
|-heal|p2a: Necrozma|70/100|[silent]
|upkeep
|inactive|QiYu4 has 120 seconds left.
|
|switch|p1a: Mewtwo|Mewtwo|100/100
|-damage|p1a: Mewtwo|88/100|[from] Stealth Rock
|-ability|p1a: Mewtwo|Pressure
|turn|9
|
|-start|p1a: Mewtwo|Dynamax
|-heal|p1a: Mewtwo|88/100|[silent]
|move|p1a: Mewtwo|Max Flare|p2a: Necrozma
|-supereffective|p2a: Necrozma
|-damage|p2a: Necrozma|0 fnt
|-weather|SunnyDay
|faint|p2a: Necrozma
|
|-weather|SunnyDay|[upkeep]
|upkeep
|
|switch|p2a: Zekrom|Zekrom|100/100
|-ability|p2a: Zekrom|Teravolt
|turn|10
|inactive|QiYu4 has 120 seconds left.
|
|move|p1a: Mewtwo|Max Mindstorm|p2a: Zekrom
|-damage|p2a: Zekrom|26/100
|-fieldstart|move: Psychic Terrain
|move|p2a: Zekrom|Bolt Strike|p1a: Mewtwo|[miss]
|-miss|p2a: Zekrom|p1a: Mewtwo
|
|-weather|SunnyDay|[upkeep]
|upkeep
|turn|11
|inactive|QiYu4 has 120 seconds left.
|
|move|p1a: Mewtwo|Max Airstream|p2a: Zekrom
|-resisted|p2a: Zekrom
|-crit|p2a: Zekrom
|-damage|p2a: Zekrom|0 fnt
|-boost|p1a: Mewtwo|spe|1
|faint|p2a: Zekrom
|
|-weather|SunnyDay|[upkeep]
|-end|p1a: Mewtwo|Dynamax
|-heal|p1a: Mewtwo|88/100|[silent]
|upkeep
|j| dr necrotizer
|l| dr necrotizer
|
|switch|p2a: Kyurem|Kyurem-White|100/100
|-ability|p2a: Kyurem|Turboblaze
|turn|12
|
|move|p1a: Mewtwo|Psystrike|p2a: Kyurem
|-damage|p2a: Kyurem|23/100
|move|p2a: Kyurem|Draco Meteor|p1a: Mewtwo
|-damage|p1a: Mewtwo|8/100
|-unboost|p2a: Kyurem|spa|2
|
|-weather|SunnyDay|[upkeep]
|upkeep
|turn|13
|c|☆QiYu4|?
|inactive|QiYu4 has 120 seconds left.
|
|move|p1a: Mewtwo|Psystrike|p2a: Kyurem
|-damage|p2a: Kyurem|0 fnt
|faint|p2a: Kyurem
|
|-weather|none
|upkeep
|
|switch|p2a: Marshadow|Marshadow|100/100
|turn|14
|
|move|p1a: Mewtwo|Psystrike|p2a: Marshadow
|-supereffective|p2a: Marshadow
|-enditem|p2a: Marshadow|Focus Sash
|-damage|p2a: Marshadow|1/100
|move|p2a: Marshadow|Spectral Thief||[still]
|-clearpositiveboost|p1a: Mewtwo|p2a: Marshadow|move: Spectral Thief
|-boost|p2a: Marshadow|spe|1
|-anim|p2a: Marshadow|Spectral Thief|p1a: Mewtwo
|-supereffective|p1a: Mewtwo
|-enditem|p1a: Mewtwo|Kasib Berry|[eat]
|-enditem|p1a: Mewtwo|Kasib Berry|[weaken]
|-damage|p1a: Mewtwo|0 fnt
|faint|p1a: Mewtwo
|
|-fieldend|move: Psychic Terrain
|upkeep
|
|switch|p1a: Eternatus|Eternatus|74/100
|-damage|p1a: Eternatus|61/100|[from] Stealth Rock
|-ability|p1a: Eternatus|Pressure
|turn|15
|
|move|p2a: Marshadow|Spectral Thief|p1a: Eternatus
|-damage|p1a: Eternatus|38/100
|move|p1a: Eternatus|Recover|p1a: Eternatus
|-heal|p1a: Eternatus|88/100
|
|-heal|p1a: Eternatus|95/100|[from] item: Black Sludge
|upkeep
|turn|16
|
|switch|p2a: Eternatus|Eternatus|100/100
|-ability|p2a: Eternatus|Pressure
|move|p1a: Eternatus|Dragon Tail|p2a: Eternatus
|-supereffective|p2a: Eternatus
|-damage|p2a: Eternatus|77/100
|drag|p2a: Marshadow|Marshadow|1/100
|
|-heal|p1a: Eternatus|100/100|[from] item: Black Sludge
|upkeep
|turn|17
|
|move|p2a: Marshadow|Spectral Thief|p1a: Eternatus
|-damage|p1a: Eternatus|76/100
|move|p1a: Eternatus|Dragon Tail|p2a: Marshadow
|-damage|p2a: Marshadow|0 fnt
|faint|p2a: Marshadow
|
|-heal|p1a: Eternatus|82/100|[from] item: Black Sludge
|upkeep
|
|switch|p2a: Eternatus|Eternatus|77/100
|-ability|p2a: Eternatus|Pressure
|turn|18
|
|move|p2a: Eternatus|Cosmic Power|p2a: Eternatus
|-boost|p2a: Eternatus|def|1
|-boost|p2a: Eternatus|spd|1
|move|p1a: Eternatus|Dragon Tail|p2a: Eternatus
|-supereffective|p2a: Eternatus
|-damage|p2a: Eternatus|60/100
|
|-heal|p2a: Eternatus|67/100|[from] item: Black Sludge
|-heal|p1a: Eternatus|88/100|[from] item: Black Sludge
|upkeep
|turn|19
|
|switch|p1a: Necrozma|Necrozma-Dusk-Mane|100/100
|-damage|p1a: Necrozma|94/100|[from] Stealth Rock
|move|p2a: Eternatus|Flamethrower|p1a: Necrozma
|-supereffective|p1a: Necrozma
|-damage|p1a: Necrozma|66/100
|-status|p1a: Necrozma|brn
|
|-heal|p2a: Eternatus|73/100|[from] item: Black Sludge
|-heal|p1a: Necrozma|72/100 brn|[from] item: Leftovers
|-damage|p1a: Necrozma|66/100 brn|[from] brn
|upkeep
|turn|20
|
|move|p2a: Eternatus|Cosmic Power|p2a: Eternatus
|-boost|p2a: Eternatus|def|1
|-boost|p2a: Eternatus|spd|1
|move|p1a: Necrozma|Dragon Dance|p1a: Necrozma
|-boost|p1a: Necrozma|atk|1
|-boost|p1a: Necrozma|spe|1
|
|-heal|p2a: Eternatus|79/100|[from] item: Black Sludge
|-heal|p1a: Necrozma|72/100 brn|[from] item: Leftovers
|-damage|p1a: Necrozma|66/100 brn|[from] brn
|upkeep
|turn|21
|
|move|p2a: Eternatus|Cosmic Power|p2a: Eternatus
|-boost|p2a: Eternatus|def|1
|-boost|p2a: Eternatus|spd|1
|move|p1a: Necrozma|Dragon Dance|p1a: Necrozma
|-boost|p1a: Necrozma|atk|1
|-boost|p1a: Necrozma|spe|1
|
|-heal|p1a: Necrozma|72/100 brn|[from] item: Leftovers
|-heal|p2a: Eternatus|85/100|[from] item: Black Sludge
|-damage|p1a: Necrozma|66/100 brn|[from] brn
|upkeep
|turn|22
|
|move|p1a: Necrozma|Dragon Dance|p1a: Necrozma
|-boost|p1a: Necrozma|atk|1
|-boost|p1a: Necrozma|spe|1
|move|p2a: Eternatus|Cosmic Power|p2a: Eternatus
|-boost|p2a: Eternatus|def|1
|-boost|p2a: Eternatus|spd|1
|
|-heal|p1a: Necrozma|72/100 brn|[from] item: Leftovers
|-heal|p2a: Eternatus|91/100|[from] item: Black Sludge
|-damage|p1a: Necrozma|66/100 brn|[from] brn
|upkeep
|turn|23
|
|move|p1a: Necrozma|Dragon Dance|p1a: Necrozma
|-boost|p1a: Necrozma|atk|1
|-boost|p1a: Necrozma|spe|1
|move|p2a: Eternatus|Cosmic Power|p2a: Eternatus
|-boost|p2a: Eternatus|def|1
|-boost|p2a: Eternatus|spd|1
|
|-heal|p1a: Necrozma|72/100 brn|[from] item: Leftovers
|-heal|p2a: Eternatus|98/100|[from] item: Black Sludge
|-damage|p1a: Necrozma|66/100 brn|[from] brn
|upkeep
|turn|24
|
|move|p1a: Necrozma|Dragon Dance|p1a: Necrozma
|-boost|p1a: Necrozma|atk|1
|-boost|p1a: Necrozma|spe|1
|move|p2a: Eternatus|Cosmic Power|p2a: Eternatus
|-boost|p2a: Eternatus|def|1
|-boost|p2a: Eternatus|spd|1
|
|-heal|p1a: Necrozma|72/100 brn|[from] item: Leftovers
|-heal|p2a: Eternatus|100/100|[from] item: Black Sludge
|-damage|p1a: Necrozma|66/100 brn|[from] brn
|upkeep
|turn|25
|
|move|p1a: Necrozma|Moonlight|p1a: Necrozma
|-heal|p1a: Necrozma|100/100 brn
|move|p2a: Eternatus|Flamethrower|p1a: Necrozma
|-supereffective|p1a: Necrozma
|-damage|p1a: Necrozma|69/100 brn
|
|-heal|p1a: Necrozma|75/100 brn|[from] item: Leftovers
|-damage|p1a: Necrozma|69/100 brn|[from] brn
|upkeep
|turn|26
|
|move|p1a: Necrozma|Sunsteel Strike|p2a: Eternatus
|-damage|p2a: Eternatus|83/100
|move|p2a: Eternatus|Flamethrower|p1a: Necrozma
|-supereffective|p1a: Necrozma
|-damage|p1a: Necrozma|40/100 brn
|
|-heal|p1a: Necrozma|46/100 brn|[from] item: Leftovers
|-heal|p2a: Eternatus|89/100|[from] item: Black Sludge
|-damage|p1a: Necrozma|40/100 brn|[from] brn
|upkeep
|turn|27
|
|move|p1a: Necrozma|Moonlight|p1a: Necrozma
|-heal|p1a: Necrozma|90/100 brn
|move|p2a: Eternatus|Flamethrower|p1a: Necrozma
|-supereffective|p1a: Necrozma
|-damage|p1a: Necrozma|62/100 brn
|
|-heal|p1a: Necrozma|68/100 brn|[from] item: Leftovers
|-heal|p2a: Eternatus|95/100|[from] item: Black Sludge
|-damage|p1a: Necrozma|62/100 brn|[from] brn
|upkeep
|turn|28
|
|move|p1a: Necrozma|Moonlight|p1a: Necrozma
|-heal|p1a: Necrozma|100/100 brn
|move|p2a: Eternatus|Flamethrower|p1a: Necrozma
|-supereffective|p1a: Necrozma
|-damage|p1a: Necrozma|73/100 brn
|
|-heal|p1a: Necrozma|79/100 brn|[from] item: Leftovers
|-heal|p2a: Eternatus|100/100|[from] item: Black Sludge
|-damage|p1a: Necrozma|73/100 brn|[from] brn
|upkeep
|turn|29
|
|switch|p1a: Eternatus|Eternatus|88/100
|-damage|p1a: Eternatus|76/100|[from] Stealth Rock
|-ability|p1a: Eternatus|Pressure
|move|p2a: Eternatus|Flamethrower|p1a: Eternatus
|-resisted|p1a: Eternatus
|-damage|p1a: Eternatus|64/100
|
|-heal|p1a: Eternatus|71/100|[from] item: Black Sludge
|upkeep
|turn|30
|
|switch|p1a: Necrozma|Necrozma-Dusk-Mane|73/100 brn
|-damage|p1a: Necrozma|67/100 brn|[from] Stealth Rock
|move|p2a: Eternatus|Cosmic Power|p2a: Eternatus
|-boost|p2a: Eternatus|def|0
|-boost|p2a: Eternatus|spd|0
|
|-heal|p1a: Necrozma|73/100 brn|[from] item: Leftovers
|-damage|p1a: Necrozma|67/100 brn|[from] brn
|upkeep
|turn|31
|
|switch|p1a: Eternatus|Eternatus|71/100
|-damage|p1a: Eternatus|58/100|[from] Stealth Rock
|-ability|p1a: Eternatus|Pressure
|move|p2a: Eternatus|Flamethrower|p1a: Eternatus
|-resisted|p1a: Eternatus
|-damage|p1a: Eternatus|48/100
|-status|p1a: Eternatus|brn
|
|-heal|p1a: Eternatus|55/100 brn|[from] item: Black Sludge
|-damage|p1a: Eternatus|48/100 brn|[from] brn
|upkeep
|turn|32
|
|move|p2a: Eternatus|Dragon Pulse|p1a: Eternatus
|-supereffective|p1a: Eternatus
|-damage|p1a: Eternatus|0 fnt
|faint|p1a: Eternatus
|
|upkeep
|
|switch|p1a: Zacian|Zacian-Crowned|100/100
|-damage|p1a: Zacian|94/100|[from] Stealth Rock
|-ability|p1a: Zacian|Intrepid Sword|boost
|-boost|p1a: Zacian|atk|1
|turn|33
|
|move|p1a: Zacian|Swords Dance|p1a: Zacian
|-boost|p1a: Zacian|atk|2
|move|p2a: Eternatus|Flamethrower|p1a: Zacian
|-supereffective|p1a: Zacian
|-damage|p1a: Zacian|42/100
|
|upkeep
|turn|34
|
|move|p1a: Zacian|Play Rough|p2a: Eternatus
|-damage|p2a: Eternatus|72/100
|move|p2a: Eternatus|Flamethrower|p1a: Zacian
|-supereffective|p1a: Zacian
|-damage|p1a: Zacian|0 fnt
|faint|p1a: Zacian
|
|-heal|p2a: Eternatus|79/100|[from] item: Black Sludge
|upkeep
|-message|QiYu4 forfeited.
|
|win|Meracx
|l|☆QiYu4
|j|☆QiYu4
|player|p1|QiYu4|psychic-gen4
|raw|QiYu4's rating: 1574 &rarr; <strong>1554</strong><br />(-20 for losing)
|raw|Meracx's rating: 1571 &rarr; <strong>1591</strong><br />(+20 for winning)
