|j|☆Hoennseptile
|j|☆noranoob
|t:|1613828112
|player|p1|Hoennseptile|wallace|
|player|p2|noranoob|parasollady-gen4|
|teamsize|p1|6
|teamsize|p2|6
|gametype|singles
|gen|8
|tier|[Gen 8] Ubers
|rated|Tournament battle
|clearpoke
|poke|p1|Shuckle, M|
|poke|p1|Rayquaza|
|poke|p1|Groudon|
|poke|p1|Calyrex-Shadow|
|poke|p1|Yveltal|
|poke|p1|Zacian|
|poke|p2|Zacian|
|poke|p2|Ho-Oh|
|poke|p2|Yveltal|
|poke|p2|Zygarde|
|poke|p2|Eternatus|
|poke|p2|Necrozma-Dusk-Mane|
|rule|Sleep Clause Mod: Limit one foe put to sleep
|rule|Species Clause: Limit one of each Pokémon
|rule|OHKO Clause: OHKO moves are banned
|rule|Evasion Moves Clause: Evasion moves are banned
|rule|Endless Battle Clause: Forcing endless battles is banned
|rule|HP Percentage Mod: HP is shown in percentages
|rule|Dynamax Clause: You cannot dynamax
|teampreview
|c|☆Hoennseptile|Hf
|
|t:|1613828121
|start
|switch|p1a: Shuckle|Shuckle, M|100/100
|switch|p2a: Necrozma|Necrozma-Dusk-Mane|100/100
|turn|1
|j| R.I.P legendss
|
|t:|1613828128
|move|p2a: Necrozma|Stealth Rock|p1a: Shuckle
|-sidestart|p1: Hoennseptile|move: Stealth Rock
|move|p1a: Shuckle|Sticky Web|p2a: Necrozma
|-sidestart|p2: noranoob|move: Sticky Web
|
|upkeep
|turn|2
|j| FSM LBDC
|
|t:|1613828138
|move|p2a: Necrozma|Sunsteel Strike|p1a: Shuckle
|-supereffective|p1a: Shuckle
|-damage|p1a: Shuckle|46/100
|move|p1a: Shuckle|Stealth Rock|p2a: Necrozma
|-sidestart|p2: noranoob|move: Stealth Rock
|
|upkeep
|turn|3
|j| AGCL3 Swastik
|
|t:|1613828146
|move|p2a: Necrozma|Sunsteel Strike|p1a: Shuckle
|-supereffective|p1a: Shuckle
|-damage|p1a: Shuckle|0 fnt
|faint|p1a: Shuckle
|
|upkeep
|inactive|Battle timer is ON: inactive players will automatically lose when time's up. (requested by noranoob)
|
|t:|1613828153
|switch|p1a: Yveltal|Yveltal|100/100
|-damage|p1a: Yveltal|76/100|[from] Stealth Rock
|-ability|p1a: Yveltal|Dark Aura
|turn|4
|j| plasmisa
|
|t:|1613828161
|switch|p2a: Eternatus|Eternatus|100/100
|-activate|p2a: Eternatus|move: Sticky Web
|-unboost|p2a: Eternatus|spe|1
|-damage|p2a: Eternatus|88/100|[from] Stealth Rock
|-ability|p2a: Eternatus|Pressure
|move|p1a: Yveltal|Knock Off|p2a: Eternatus
|-damage|p2a: Eternatus|28/100
|-enditem|p2a: Eternatus|Black Sludge|[from] move: Knock Off|[of] p1a: Yveltal
|-damage|p1a: Yveltal|66/100|[from] item: Life Orb
|
|upkeep
|turn|5
|c| plasmisa|betting noranoob is bapbop
|
|t:|1613828173
|move|p1a: Yveltal|Knock Off|p2a: Eternatus
|-damage|p2a: Eternatus|0 fnt
|-damage|p1a: Yveltal|56/100|[from] item: Life Orb
|faint|p2a: Eternatus
|
|upkeep
|
|t:|1613828176
|switch|p2a: Ho-Oh|Ho-Oh|100/100
|turn|6
|
|t:|1613828183
|move|p1a: Yveltal|Taunt|p2a: Ho-Oh
|-start|p2a: Ho-Oh|move: Taunt
|move|p2a: Ho-Oh|Sacred Fire|p1a: Yveltal
|-damage|p1a: Yveltal|13/100
|-status|p1a: Yveltal|brn
|
|-damage|p1a: Yveltal|7/100 brn|[from] brn
|upkeep
|turn|7
|j| 8142e
|
|t:|1613828195
|switch|p2a: Zacian|Zacian|100/100
|-damage|p2a: Zacian|88/100|[from] Stealth Rock
|-activate|p2a: Zacian|move: Sticky Web
|-unboost|p2a: Zacian|spe|1
|-ability|p2a: Zacian|Intrepid Sword|boost
|-boost|p2a: Zacian|atk|1
|move|p1a: Yveltal|Knock Off|p2a: Zacian
|-resisted|p2a: Zacian
|-damage|p2a: Zacian|69/100
|-enditem|p2a: Zacian|Choice Band|[from] move: Knock Off|[of] p1a: Yveltal
|-damage|p1a: Yveltal|0 fnt|[from] item: Life Orb
|faint|p1a: Yveltal
|
|upkeep
|
|t:|1613828211
|switch|p1a: Zacian|Zacian|100/100
|-ability|p1a: Zacian|Intrepid Sword|boost
|-boost|p1a: Zacian|atk|1
|turn|8
|
|t:|1613828218
|move|p1a: Zacian|Play Rough|p2a: Zacian
|-damage|p2a: Zacian|5/100
|move|p2a: Zacian|Play Rough|p1a: Zacian
|-damage|p1a: Zacian|32/100
|
|upkeep
|turn|9
|
|t:|1613828226
|move|p1a: Zacian|Wild Charge|p2a: Zacian
|-damage|p2a: Zacian|0 fnt
|-damage|p1a: Zacian|31/100|[from] Recoil
|faint|p2a: Zacian
|
|upkeep
|j| fuckcops1312
|inactive|noranoob has 120 seconds left.
|
|t:|1613828259
|switch|p2a: Necrozma|Necrozma-Dusk-Mane|100/100
|-activate|p2a: Necrozma|move: Sticky Web
|-unboost|p2a: Necrozma|spe|1
|-damage|p2a: Necrozma|94/100|[from] Stealth Rock
|turn|10
|
|t:|1613828276
|switch|p1a: Groudon|Groudon|100/100
|-damage|p1a: Groudon|94/100|[from] Stealth Rock
|-weather|SunnyDay|[from] ability: Drought|[of] p1a: Groudon
|move|p2a: Necrozma|Sunsteel Strike|p1a: Groudon
|-damage|p1a: Groudon|54/100
|
|-weather|SunnyDay|[upkeep]
|-heal|p2a: Necrozma|100/100|[from] item: Leftovers
|upkeep
|turn|11
|
|t:|1613828290
|switch|p2a: Zygarde|Zygarde|100/100
|-damage|p2a: Zygarde|94/100|[from] Stealth Rock
|-activate|p2a: Zygarde|move: Sticky Web
|-unboost|p2a: Zygarde|spe|1
|move|p1a: Groudon|Precipice Blades|p2a: Zygarde
|-crit|p2a: Zygarde
|-damage|p2a: Zygarde|20/100
|-damage|p1a: Groudon|44/100|[from] item: Life Orb
|
|-weather|SunnyDay|[upkeep]
|-heal|p2a: Zygarde|26/100|[from] item: Leftovers
|-activate|p2a: Zygarde|ability: Power Construct
|detailschange|p2a: Zygarde|Zygarde-Complete
|-heal|p2a: Zygarde|51/100|[silent]
|upkeep
|turn|12
|
|t:|1613828313
|switch|p1a: Calyrex|Calyrex-Shadow|100/100
|-ability|p1a: Calyrex|As One
|-ability|p1a: Calyrex|Unnerve|p2: noranoob
|-damage|p1a: Calyrex|88/100|[from] Stealth Rock
|move|p2a: Zygarde|Glare|p1a: Calyrex
|-status|p1a: Calyrex|par
|
|-weather|SunnyDay|[upkeep]
|-heal|p2a: Zygarde|57/100|[from] item: Leftovers
|upkeep
|turn|13
|c| 8142e|should of just sd
|l| 8142e
|
|t:|1613828338
|switch|p2a: Yveltal|Yveltal|100/100
|-ability|p2a: Yveltal|Dark Aura
|move|p1a: Calyrex|Draining Kiss|p2a: Yveltal
|-supereffective|p2a: Yveltal
|-damage|p2a: Yveltal|78/100
|-heal|p1a: Calyrex|100/100 par|[from] drain|[of] p2a: Yveltal
|
|-weather|SunnyDay|[upkeep]
|upkeep
|turn|14
|
|t:|1613828349
|switch|p1a: Zacian|Zacian|31/100
|-ability|p1a: Zacian|Intrepid Sword|boost
|-boost|p1a: Zacian|atk|1
|move|p2a: Yveltal|Roost|p2a: Yveltal
|-heal|p2a: Yveltal|100/100
|-singleturn|p2a: Yveltal|move: Roost
|
|-weather|none
|upkeep
|turn|15
|
|t:|1613828361
|switch|p2a: Necrozma|Necrozma-Dusk-Mane|100/100
|-activate|p2a: Necrozma|move: Sticky Web
|-unboost|p2a: Necrozma|spe|1
|-damage|p2a: Necrozma|94/100|[from] Stealth Rock
|move|p1a: Zacian|Play Rough|p2a: Necrozma|[miss]
|-miss|p1a: Zacian|p2a: Necrozma
|
|-heal|p2a: Necrozma|100/100|[from] item: Leftovers
|upkeep
|turn|16
|
|t:|1613828373
|switch|p1a: Groudon|Groudon|44/100
|-damage|p1a: Groudon|38/100|[from] Stealth Rock
|-weather|SunnyDay|[from] ability: Drought|[of] p1a: Groudon
|move|p2a: Necrozma|Sunsteel Strike|p1a: Groudon
|-damage|p1a: Groudon|0 fnt
|faint|p1a: Groudon
|
|-weather|SunnyDay|[upkeep]
|upkeep
|inactive|Hoennseptile has 120 seconds left.
|l| R.I.P legendss
|
|t:|1613828392
|switch|p1a: Rayquaza|Rayquaza|100/100
|-damage|p1a: Rayquaza|76/100|[from] Stealth Rock
|-ability|p1a: Rayquaza|Air Lock
|turn|17
|inactive|Hoennseptile has 120 seconds left.
|
|t:|1613828401
|move|p1a: Rayquaza|Swords Dance|p1a: Rayquaza
|-boost|p1a: Rayquaza|atk|2
|move|p2a: Necrozma|Sunsteel Strike|p1a: Rayquaza
|-damage|p1a: Rayquaza|26/100
|
|-weather|SunnyDay|[upkeep]
|upkeep
|turn|18
|l| fuckcops1312
|
|t:|1613828410
|switch|p2a: Ho-Oh|Ho-Oh|100/100
|move|p1a: Rayquaza|V-create|p2a: Ho-Oh
|-resisted|p2a: Ho-Oh
|-damage|p2a: Ho-Oh|57/100
|-unboost|p1a: Rayquaza|spe|1
|-unboost|p1a: Rayquaza|def|1
|-unboost|p1a: Rayquaza|spd|1
|
|-weather|SunnyDay|[upkeep]
|upkeep
|turn|19
|
|t:|1613828422
|switch|p1a: Calyrex|Calyrex-Shadow|100/100 par
|-ability|p1a: Calyrex|As One
|-ability|p1a: Calyrex|Unnerve|p2: noranoob
|-damage|p1a: Calyrex|88/100 par|[from] Stealth Rock
|move|p2a: Ho-Oh|Whirlwind|p1a: Calyrex
|drag|p1a: Zacian|Zacian|31/100
|-ability|p1a: Zacian|Intrepid Sword|boost
|-boost|p1a: Zacian|atk|1
|
|-weather|SunnyDay|[upkeep]
|upkeep
|turn|20
|inactive|Hoennseptile has 120 seconds left.
|
|t:|1613828440
|switch|p2a: Necrozma|Necrozma-Dusk-Mane|100/100
|-damage|p2a: Necrozma|94/100|[from] Stealth Rock
|-activate|p2a: Necrozma|move: Sticky Web
|-unboost|p2a: Necrozma|spe|1
|move|p1a: Zacian|Wild Charge|p2a: Necrozma
|-damage|p2a: Necrozma|72/100
|-damage|p1a: Zacian|24/100|[from] Recoil
|
|-weather|none
|-heal|p2a: Necrozma|78/100|[from] item: Leftovers
|upkeep
|turn|21
|inactive|Hoennseptile has 120 seconds left.
|
|t:|1613828461
|move|p1a: Zacian|Close Combat|p2a: Necrozma
|-damage|p2a: Necrozma|45/100
|-unboost|p1a: Zacian|def|1
|-unboost|p1a: Zacian|spd|1
|move|p2a: Necrozma|Sunsteel Strike|p1a: Zacian
|-supereffective|p1a: Zacian
|-damage|p1a: Zacian|0 fnt
|faint|p1a: Zacian
|
|-heal|p2a: Necrozma|52/100|[from] item: Leftovers
|upkeep
|
|t:|1613828475
|switch|p1a: Calyrex|Calyrex-Shadow|88/100 par
|-ability|p1a: Calyrex|As One
|-ability|p1a: Calyrex|Unnerve|p2: noranoob
|-damage|p1a: Calyrex|76/100 par|[from] Stealth Rock
|turn|22
|
|t:|1613828482
|switch|p1a: Rayquaza|Rayquaza|26/100
|-damage|p1a: Rayquaza|1/100|[from] Stealth Rock
|-ability|p1a: Rayquaza|Air Lock
|switch|p2a: Ho-Oh|Ho-Oh|90/100
|
|upkeep
|turn|23
|
|t:|1613828492
|move|p1a: Rayquaza|Dragon Ascent|p2a: Ho-Oh
|-damage|p2a: Ho-Oh|46/100
|-unboost|p1a: Rayquaza|def|1
|-unboost|p1a: Rayquaza|spd|1
|move|p2a: Ho-Oh|Whirlwind|p1a: Rayquaza
|drag|p1a: Calyrex|Calyrex-Shadow|76/100 par
|-ability|p1a: Calyrex|As One
|-ability|p1a: Calyrex|Unnerve|p2: noranoob
|-damage|p1a: Calyrex|64/100 par|[from] Stealth Rock
|
|upkeep
|turn|24
|inactive|Hoennseptile has 120 seconds left.
|c|☆Hoennseptile|gg
|-message|Hoennseptile forfeited.
|
|win|noranoob
|n|☆Hoennseptile|hoennseptile
|n|☆noranoob|noranoob
|n| FSM LBDC|fsmlbdc
|n| AGCL3 Swastik|agcl3swastik
|n| plasmisa|plasmisa
