|raw|<div class="broadcast-blue"><strong>This battle is required to be public due to a player having a name starting with 'ult4pdr'.</div>
|j|☆bald ben
|j|☆ULT4PDR mush
|t:|1654158145
|gametype|singles
|player|p1|bald ben|102|1614
|player|p2|ULT4PDR mush|swimmerf-gen8|1603
|teamsize|p1|6
|teamsize|p2|6
|gen|8
|tier|[Gen 8] Ubers
|rated|
|rule|Sleep Clause Mod: Limit one foe put to sleep
|rule|Species Clause: Limit one of each Pokémon
|rule|OHKO Clause: OHKO moves are banned
|rule|Evasion Moves Clause: Evasion moves are banned
|rule|Endless Battle Clause: Forcing endless battles is banned
|rule|HP Percentage Mod: HP is shown in percentages
|rule|Dynamax Clause: You cannot dynamax
|clearpoke
|poke|p1|Shuckle, F|
|poke|p1|Yveltal|
|poke|p1|Marshadow|
|poke|p1|Necrozma-Dusk-Mane|
|poke|p1|Calyrex-Shadow|
|poke|p1|Zekrom|
|poke|p2|Yveltal|
|poke|p2|Zygarde|
|poke|p2|Kyogre|
|poke|p2|Eternatus|
|poke|p2|Necrozma-Dusk-Mane|
|poke|p2|Xerneas-*|
|teampreview
|inactive|Battle timer is ON: inactive players will automatically lose when time's up. (requested by bald ben)
|
|t:|1654158175
|start
|switch|p1a: Shuckle|Shuckle, F|100/100
|switch|p2a: Kyogre|Kyogre|100/100
|-weather|RainDance|[from] ability: Drizzle|[of] p2a: Kyogre
|turn|1
|
|t:|1654158180
|move|p2a: Kyogre|Scald|p1a: Shuckle
|-supereffective|p1a: Shuckle
|-damage|p1a: Shuckle|14/100
|move|p1a: Shuckle|Stealth Rock|p2a: Kyogre
|-sidestart|p2: ULT4PDR mush|move: Stealth Rock
|
|-weather|RainDance|[upkeep]
|upkeep
|turn|2
|
|t:|1654158184
|switch|p1a: Zekrom|Zekrom|100/100
|-ability|p1a: Zekrom|Teravolt
|move|p2a: Kyogre|Scald|p1a: Zekrom
|-resisted|p1a: Zekrom
|-damage|p1a: Zekrom|72/100
|
|-weather|RainDance|[upkeep]
|upkeep
|turn|3
|
|t:|1654158192
|switch|p2a: Zygarde|Zygarde|100/100
|-damage|p2a: Zygarde|94/100|[from] Stealth Rock
|move|p1a: Zekrom|Hone Claws|p1a: Zekrom
|-boost|p1a: Zekrom|atk|1
|-boost|p1a: Zekrom|accuracy|1
|
|-weather|RainDance|[upkeep]
|-heal|p2a: Zygarde|100/100|[from] item: Leftovers
|upkeep
|turn|4
|
|t:|1654158199
|switch|p2a: Xerneas|Xerneas|100/100
|-damage|p2a: Xerneas|88/100|[from] Stealth Rock
|-ability|p2a: Xerneas|Fairy Aura
|move|p1a: Zekrom|Scale Shot|p2a: Xerneas
|-immune|p2a: Xerneas
|
|-weather|RainDance|[upkeep]
|upkeep
|turn|5
|
|t:|1654158202
|move|p2a: Xerneas|Moonblast|p1a: Zekrom
|-supereffective|p1a: Zekrom
|-damage|p1a: Zekrom|0 fnt
|faint|p1a: Zekrom
|
|-weather|none
|upkeep
|
|t:|1654158210
|switch|p1a: Necrozma|Necrozma-Dusk-Mane|100/100
|turn|6
|
|t:|1654158217
|switch|p2a: Zygarde|Zygarde|100/100
|-damage|p2a: Zygarde|94/100|[from] Stealth Rock
|move|p1a: Necrozma|Knock Off|p2a: Zygarde
|-damage|p2a: Zygarde|72/100
|-enditem|p2a: Zygarde|Leftovers|[from] move: Knock Off|[of] p1a: Necrozma
|
|upkeep
|turn|7
|j| ULT4PDR KB
|
|t:|1654158222
|switch|p1a: Shuckle|Shuckle, F|14/100
|move|p2a: Zygarde|Dragon Dance|p2a: Zygarde
|-boost|p2a: Zygarde|atk|1
|-boost|p2a: Zygarde|spe|1
|
|upkeep
|turn|8
|
|t:|1654158226
|move|p2a: Zygarde|Thousand Arrows|p1a: Shuckle
|-damage|p1a: Shuckle|0 fnt
|faint|p1a: Shuckle
|
|upkeep
|
|t:|1654158228
|switch|p1a: Calyrex|Calyrex-Shadow|100/100
|-ability|p1a: Calyrex|As One
|-ability|p1a: Calyrex|Unnerve
|turn|9
|
|t:|1654158231
|switch|p2a: Yveltal|Yveltal|100/100
|-ability|p2a: Yveltal|Dark Aura
|move|p1a: Calyrex|Astral Barrage|p2a: Yveltal
|-resisted|p2a: Yveltal
|-damage|p2a: Yveltal|78/100
|
|upkeep
|turn|10
|
|t:|1654158235
|move|p1a: Calyrex|Substitute|p1a: Calyrex
|-start|p1a: Calyrex|Substitute
|-damage|p1a: Calyrex|76/100
|move|p2a: Yveltal|Defog|p1a: Calyrex
|-sideend|p2: ULT4PDR mush|Stealth Rock|[from] move: Defog|[of] p2a: Yveltal
|
|upkeep
|turn|11
|
|t:|1654158239
|move|p1a: Calyrex|Nasty Plot|p1a: Calyrex
|-boost|p1a: Calyrex|spa|2
|move|p2a: Yveltal|Knock Off|p1a: Calyrex
|-supereffective|p1a: Calyrex
|-end|p1a: Calyrex|Substitute
|
|upkeep
|turn|12
|
|t:|1654158242
|move|p1a: Calyrex|Disable|p2a: Yveltal
|-start|p2a: Yveltal|Disable|Knock Off
|cant|p2a: Yveltal|Disable|Knock Off
|
|upkeep
|turn|13
|
|t:|1654158261
|switch|p2a: Eternatus|Eternatus|100/100
|-ability|p2a: Eternatus|Pressure
|move|p1a: Calyrex|Substitute|p1a: Calyrex
|-start|p1a: Calyrex|Substitute
|-damage|p1a: Calyrex|51/100
|
|upkeep
|turn|14
|
|t:|1654158274
|move|p1a: Calyrex|Nasty Plot|p1a: Calyrex
|-boost|p1a: Calyrex|spa|2
|move|p2a: Eternatus|Draco Meteor|p1a: Calyrex
|-end|p1a: Calyrex|Substitute
|-unboost|p2a: Eternatus|spa|2
|
|upkeep
|turn|15
|
|t:|1654158277
|move|p1a: Calyrex|Substitute|p1a: Calyrex
|-start|p1a: Calyrex|Substitute
|-damage|p1a: Calyrex|26/100
|move|p2a: Eternatus|Draco Meteor|p1a: Calyrex
|-end|p1a: Calyrex|Substitute
|-unboost|p2a: Eternatus|spa|2
|
|upkeep
|turn|16
|
|t:|1654158302
|move|p1a: Calyrex|Substitute|p1a: Calyrex
|-start|p1a: Calyrex|Substitute
|-damage|p1a: Calyrex|1/100
|move|p2a: Eternatus|Draco Meteor|p1a: Calyrex|[miss]
|-miss|p2a: Eternatus|p1a: Calyrex
|
|upkeep
|turn|17
|
|t:|1654158309
|move|p1a: Calyrex|Disable|p2a: Eternatus
|-start|p2a: Eternatus|Disable|Draco Meteor
|cant|p2a: Eternatus|Disable|Draco Meteor
|
|upkeep
|turn|18
|
|t:|1654158314
|move|p1a: Calyrex|Nasty Plot|p1a: Calyrex
|-boost|p1a: Calyrex|spa|2
|move|p2a: Eternatus|Sludge Bomb|p1a: Calyrex
|-resisted|p1a: Calyrex
|-activate|p1a: Calyrex|move: Substitute|[damage]
|
|upkeep
|turn|19
|
|t:|1654158317
|move|p1a: Calyrex|Astral Barrage|p2a: Eternatus
|-damage|p2a: Eternatus|0 fnt
|faint|p2a: Eternatus
|
|upkeep
|
|t:|1654158319
|switch|p2a: Yveltal|Yveltal|78/100
|-ability|p2a: Yveltal|Dark Aura
|turn|20
|
|t:|1654158326
|move|p1a: Calyrex|Astral Barrage|p2a: Yveltal
|-resisted|p2a: Yveltal
|-damage|p2a: Yveltal|0 fnt
|faint|p2a: Yveltal
|
|upkeep
|
|t:|1654158340
|switch|p2a: Necrozma|Necrozma-Dusk-Mane|100/100
|turn|21
|
|t:|1654158348
|move|p1a: Calyrex|Astral Barrage|p2a: Necrozma
|-supereffective|p2a: Necrozma
|-damage|p2a: Necrozma|0 fnt
|faint|p2a: Necrozma
|
|upkeep
|c|☆bald ben|:3
|inactive|ULT4PDR mush has 120 seconds left.
|
|t:|1654158381
|switch|p2a: Xerneas|Xerneas|88/100
|-ability|p2a: Xerneas|Fairy Aura
|turn|22
|inactive|ULT4PDR mush has 120 seconds left.
|
|t:|1654158391
|move|p2a: Xerneas|Moonblast|p1a: Calyrex
|-end|p1a: Calyrex|Substitute
|move|p1a: Calyrex|Astral Barrage|p2a: Xerneas
|-damage|p2a: Xerneas|0 fnt
|faint|p2a: Xerneas
|
|upkeep
|inactive|ULT4PDR mush has 120 seconds left.
|-message|ULT4PDR mush forfeited.
|
|win|bald ben
|raw|bald ben's rating: 1614 &rarr; <strong>1633</strong><br />(+19 for winning)
|raw|ULT4PDR mush's rating: 1603 &rarr; <strong>1584</strong><br />(-19 for losing)
|l|☆ULT4PDR mush
|c|☆bald ben|Technoooooo
