|j|☆THE PERMABANNED
|j|☆Rell27
|t:|1605145065
|player|p1|THE PERMABANNED|unknown|1705
|player|p2|Rell27|102|1579
|teamsize|p1|6
|teamsize|p2|6
|gametype|singles
|gen|8
|tier|[Gen 8] Ubers
|rated|
|clearpoke
|poke|p1|Eternatus|
|poke|p1|Ferrothorn, M|
|poke|p1|Ditto|
|poke|p1|Lugia|
|poke|p1|Necrozma-Dusk-Mane|
|poke|p1|Yveltal|
|poke|p2|Zacian-Crowned|
|poke|p2|Eternatus|
|poke|p2|Necrozma-Dusk-Mane|
|poke|p2|Calyrex-Shadow|
|poke|p2|Yveltal|
|poke|p2|Zygarde|
|rule|Sleep Clause Mod: Limit one foe put to sleep
|rule|Species Clause: Limit one of each Pokémon
|rule|OHKO Clause: OHKO moves are banned
|rule|Evasion Moves Clause: Evasion moves are banned
|rule|Endless Battle Clause: Forcing endless battles is banned
|rule|HP Percentage Mod: HP is shown in percentages
|teampreview
|
|t:|1605145076
|start
|switch|p1a: JINOO'S REVENGE|Ferrothorn, M, shiny|100/100
|switch|p2a: Yveltal|Yveltal|100/100
|-ability|p2a: Yveltal|Dark Aura
|turn|1
|inactive|Battle timer is ON: inactive players will automatically lose when time's up. (requested by THE PERMABANNED)
|
|t:|1605145080
|switch|p1a: JINOO IS ETERNAL|Eternatus|100/100
|-ability|p1a: JINOO IS ETERNAL|Pressure
|move|p2a: Yveltal|Heat Wave|p1a: JINOO IS ETERNAL
|-resisted|p1a: JINOO IS ETERNAL
|-damage|p1a: JINOO IS ETERNAL|87/100
|-status|p1a: JINOO IS ETERNAL|brn
|-damage|p2a: Yveltal|91/100|[from] item: Life Orb
|
|-damage|p1a: JINOO IS ETERNAL|81/100 brn|[from] brn
|upkeep
|turn|2
|
|t:|1605145087
|switch|p2a: Zacian|Zacian-Crowned|100/100
|-ability|p2a: Zacian|Intrepid Sword|boost
|-boost|p2a: Zacian|atk|1
|move|p1a: JINOO IS ETERNAL|Toxic|p2a: Zacian
|-immune|p2a: Zacian
|
|-damage|p1a: JINOO IS ETERNAL|75/100 brn|[from] brn
|upkeep
|turn|3
|
|t:|1605145092
|switch|p1a: JINOO DADDY'S RAGE|Necrozma-Dusk-Mane, shiny|100/100
|move|p2a: Zacian|Behemoth Blade|p1a: JINOO DADDY'S RAGE
|-resisted|p1a: JINOO DADDY'S RAGE
|-damage|p1a: JINOO DADDY'S RAGE|75/100
|
|upkeep
|turn|4
|
|t:|1605145100
|switch|p2a: Yveltal|Yveltal|91/100
|-ability|p2a: Yveltal|Dark Aura
|move|p1a: JINOO DADDY'S RAGE|Morning Sun|p1a: JINOO DADDY'S RAGE
|-heal|p1a: JINOO DADDY'S RAGE|100/100
|
|upkeep
|turn|5
|
|t:|1605145109
|switch|p1a: JINOO IS ETERNAL|Eternatus|75/100 brn
|-ability|p1a: JINOO IS ETERNAL|Pressure
|-start|p2a: Yveltal|Dynamax
|-heal|p2a: Yveltal|91/100|[silent]
|move|p2a: Yveltal|Max Airstream|p1a: JINOO IS ETERNAL
|-damage|p1a: JINOO IS ETERNAL|20/100 brn
|-boost|p2a: Yveltal|spe|1
|-damage|p2a: Yveltal|86/100|[from] item: Life Orb
|
|-damage|p1a: JINOO IS ETERNAL|14/100 brn|[from] brn
|upkeep
|turn|6
|
|t:|1605145115
|move|p2a: Yveltal|Max Darkness|p1a: JINOO IS ETERNAL
|-damage|p1a: JINOO IS ETERNAL|0 fnt
|-damage|p2a: Yveltal|81/100|[from] item: Life Orb
|faint|p1a: JINOO IS ETERNAL
|
|upkeep
|
|t:|1605145120
|switch|p1a: JINOO'S VENGEANCE|Ditto, shiny|100/100
|-transform|p1a: JINOO'S VENGEANCE|p2a: Yveltal|[from] ability: Imposter
|-ability|p1a: JINOO'S VENGEANCE|Dark Aura
|turn|7
|
|t:|1605145127
|-start|p1a: JINOO'S VENGEANCE|Dynamax
|-heal|p1a: JINOO'S VENGEANCE|100/100|[silent]
|move|p2a: Yveltal|Max Airstream|p1a: JINOO'S VENGEANCE
|-damage|p1a: JINOO'S VENGEANCE|48/100
|-boost|p2a: Yveltal|spe|1
|-damage|p2a: Yveltal|76/100|[from] item: Life Orb
|move|p1a: JINOO'S VENGEANCE|Max Airstream|p2a: Yveltal
|-damage|p2a: Yveltal|46/100
|-boost|p1a: JINOO'S VENGEANCE|spe|1
|
|-end|p2a: Yveltal|Dynamax
|-heal|p2a: Yveltal|46/100|[silent]
|upkeep
|turn|8
|
|t:|1605145135
|move|p2a: Yveltal|Oblivion Wing|p1a: JINOO'S VENGEANCE
|-damage|p1a: JINOO'S VENGEANCE|18/100
|-heal|p2a: Yveltal|81/100|[from] drain|[of] p1a: JINOO'S VENGEANCE
|-damage|p2a: Yveltal|71/100|[from] item: Life Orb
|move|p1a: JINOO'S VENGEANCE|Max Airstream|p2a: Yveltal
|-damage|p2a: Yveltal|18/100
|-boost|p1a: JINOO'S VENGEANCE|spe|1
|
|upkeep
|turn|9
|
|t:|1605145139
|move|p2a: Yveltal|Sucker Punch|p1a: JINOO'S VENGEANCE
|-resisted|p1a: JINOO'S VENGEANCE
|-damage|p1a: JINOO'S VENGEANCE|0 fnt
|-damage|p2a: Yveltal|8/100|[from] item: Life Orb
|faint|p1a: JINOO'S VENGEANCE
|
|upkeep
|
|t:|1605145156
|switch|p1a: CUP OF JINOO|Yveltal, shiny|100/100
|-ability|p1a: CUP OF JINOO|Dark Aura
|turn|10
|j| JeffBezosOfficial
|
|t:|1605145164
|switch|p2a: Zacian|Zacian-Crowned|100/100
|-ability|p2a: Zacian|Intrepid Sword|boost
|-boost|p2a: Zacian|atk|1
|move|p1a: CUP OF JINOO|Knock Off|p2a: Zacian
|-resisted|p2a: Zacian
|-damage|p2a: Zacian|84/100
|
|upkeep
|turn|11
|
|t:|1605145171
|switch|p2a: Yveltal|Yveltal|8/100
|-ability|p2a: Yveltal|Dark Aura
|switch|p1a: JINOO DADDY'S RAGE|Necrozma-Dusk-Mane, shiny|100/100
|
|upkeep
|turn|12
|
|t:|1605145180
|move|p2a: Yveltal|Oblivion Wing|p1a: JINOO DADDY'S RAGE
|-resisted|p1a: JINOO DADDY'S RAGE
|-damage|p1a: JINOO DADDY'S RAGE|79/100
|-heal|p2a: Yveltal|24/100|[from] drain|[of] p1a: JINOO DADDY'S RAGE
|-damage|p2a: Yveltal|14/100|[from] item: Life Orb
|move|p1a: JINOO DADDY'S RAGE|Sunsteel Strike|p2a: Yveltal
|-damage|p2a: Yveltal|0 fnt
|faint|p2a: Yveltal
|
|upkeep
|
|t:|1605145184
|switch|p2a: Calyrex|Calyrex-Shadow|100/100
|-ability|p2a: Calyrex|As One
|-ability|p2a: Calyrex|Unnerve|p1: THE PERMABANNED
|turn|13
|
|t:|1605145189
|switch|p1a: CUP OF JINOO|Yveltal, shiny|100/100
|-ability|p1a: CUP OF JINOO|Dark Aura
|move|p2a: Calyrex|Astral Barrage|p1a: CUP OF JINOO
|-resisted|p1a: CUP OF JINOO
|-damage|p1a: CUP OF JINOO|81/100
|
|upkeep
|turn|14
|
|t:|1605145195
|switch|p2a: Zacian|Zacian-Crowned|84/100
|-ability|p2a: Zacian|Intrepid Sword|boost
|-boost|p2a: Zacian|atk|1
|move|p1a: CUP OF JINOO|Knock Off|p2a: Zacian
|-resisted|p2a: Zacian
|-damage|p2a: Zacian|66/100
|
|upkeep
|turn|15
|
|t:|1605145210
|switch|p1a: JINOO DADDY'S RAGE|Necrozma-Dusk-Mane, shiny|79/100
|move|p2a: Zacian|Wild Charge|p1a: JINOO DADDY'S RAGE
|-damage|p1a: JINOO DADDY'S RAGE|47/100
|-damage|p2a: Zacian|57/100|[from] Recoil
|
|upkeep
|turn|16
|j| JOBD CREW
|
|t:|1605145220
|switch|p2a: Zygarde|Zygarde|100/100
|move|p1a: JINOO DADDY'S RAGE|Morning Sun|p1a: JINOO DADDY'S RAGE
|-heal|p1a: JINOO DADDY'S RAGE|97/100
|
|upkeep
|turn|17
|
|t:|1605145225
|switch|p1a: JINOO'S RESURGENCE|Lugia, shiny|100/100
|move|p2a: Zygarde|Glare|p1a: JINOO'S RESURGENCE
|-status|p1a: JINOO'S RESURGENCE|par
|
|upkeep
|turn|18
|
|t:|1605145250
|move|p2a: Zygarde|Substitute|p2a: Zygarde
|-start|p2a: Zygarde|Substitute
|-damage|p2a: Zygarde|76/100
|cant|p1a: JINOO'S RESURGENCE|par
|
|-heal|p2a: Zygarde|82/100|[from] item: Leftovers
|upkeep
|turn|19
|
|t:|1605145255
|move|p2a: Zygarde|Thousand Arrows|p1a: JINOO'S RESURGENCE
|-damage|p1a: JINOO'S RESURGENCE|91/100 par
|-start|p1a: JINOO'S RESURGENCE|Smack Down
|move|p1a: JINOO'S RESURGENCE|Whirlwind|p2a: Zygarde
|drag|p2a: Zacian|Zacian-Crowned|57/100
|-ability|p2a: Zacian|Intrepid Sword|boost
|-boost|p2a: Zacian|atk|1
|
|upkeep
|turn|20
|
|t:|1605145269
|switch|p1a: JINOO DADDY'S RAGE|Necrozma-Dusk-Mane, shiny|97/100
|move|p2a: Zacian|Behemoth Blade|p1a: JINOO DADDY'S RAGE
|-resisted|p1a: JINOO DADDY'S RAGE
|-damage|p1a: JINOO DADDY'S RAGE|72/100
|
|upkeep
|turn|21
|
|t:|1605145278
|switch|p2a: Zygarde|Zygarde|82/100
|move|p1a: JINOO DADDY'S RAGE|Morning Sun|p1a: JINOO DADDY'S RAGE
|-heal|p1a: JINOO DADDY'S RAGE|100/100
|
|-heal|p2a: Zygarde|88/100|[from] item: Leftovers
|upkeep
|turn|22
|
|t:|1605145288
|switch|p1a: JINOO'S RESURGENCE|Lugia, shiny|91/100 par
|move|p2a: Zygarde|Substitute|p2a: Zygarde
|-start|p2a: Zygarde|Substitute
|-damage|p2a: Zygarde|63/100
|
|-heal|p2a: Zygarde|69/100|[from] item: Leftovers
|upkeep
|turn|23
|
|t:|1605145294
|move|p2a: Zygarde|Thousand Arrows|p1a: JINOO'S RESURGENCE
|-damage|p1a: JINOO'S RESURGENCE|73/100 par
|-start|p1a: JINOO'S RESURGENCE|Smack Down
|move|p1a: JINOO'S RESURGENCE|Roost|p1a: JINOO'S RESURGENCE
|-heal|p1a: JINOO'S RESURGENCE|100/100 par
|-singleturn|p1a: JINOO'S RESURGENCE|move: Roost
|
|-heal|p2a: Zygarde|76/100|[from] item: Leftovers
|upkeep
|turn|24
|
|t:|1605145303
|move|p2a: Zygarde|Dragon Dance|p2a: Zygarde
|-boost|p2a: Zygarde|atk|1
|-boost|p2a: Zygarde|spe|1
|move|p1a: JINOO'S RESURGENCE|Ice Beam|p2a: Zygarde
|-supereffective|p2a: Zygarde
|-end|p2a: Zygarde|Substitute
|
|-heal|p2a: Zygarde|82/100|[from] item: Leftovers
|upkeep
|turn|25
|
|t:|1605145308
|move|p2a: Zygarde|Substitute|p2a: Zygarde
|-start|p2a: Zygarde|Substitute
|-damage|p2a: Zygarde|57/100
|move|p1a: JINOO'S RESURGENCE|Ice Beam|p2a: Zygarde
|-supereffective|p2a: Zygarde
|-end|p2a: Zygarde|Substitute
|
|-heal|p2a: Zygarde|63/100|[from] item: Leftovers
|upkeep
|turn|26
|
|t:|1605145318
|switch|p2a: Calyrex|Calyrex-Shadow|100/100
|-ability|p2a: Calyrex|As One
|-ability|p2a: Calyrex|Unnerve|p1: THE PERMABANNED
|move|p1a: JINOO'S RESURGENCE|Ice Beam|p2a: Calyrex
|-damage|p2a: Calyrex|82/100
|
|upkeep
|turn|27
|
|t:|1605145331
|switch|p1a: CUP OF JINOO|Yveltal, shiny|81/100
|-ability|p1a: CUP OF JINOO|Dark Aura
|move|p2a: Calyrex|Astral Barrage|p1a: CUP OF JINOO
|-resisted|p1a: CUP OF JINOO
|-damage|p1a: CUP OF JINOO|61/100
|
|upkeep
|turn|28
|
|t:|1605145337
|switch|p2a: Zacian|Zacian-Crowned|57/100
|-ability|p2a: Zacian|Intrepid Sword|boost
|-boost|p2a: Zacian|atk|1
|move|p1a: CUP OF JINOO|Roost|p1a: CUP OF JINOO
|-heal|p1a: CUP OF JINOO|100/100
|-singleturn|p1a: CUP OF JINOO|move: Roost
|
|upkeep
|turn|29
|
|t:|1605145343
|switch|p2a: Necrozma|Necrozma-Dusk-Mane|100/100
|switch|p1a: JINOO DADDY'S RAGE|Necrozma-Dusk-Mane, shiny|100/100
|
|upkeep
|turn|30
|
|t:|1605145348
|move|p1a: JINOO DADDY'S RAGE|Stealth Rock|p2a: Necrozma
|-sidestart|p2: Rell27|move: Stealth Rock
|move|p2a: Necrozma|Stealth Rock|p1a: JINOO DADDY'S RAGE
|-sidestart|p1: THE PERMABANNED|move: Stealth Rock
|
|upkeep
|turn|31
|
|t:|1605145374
|switch|p1a: JINOO'S REVENGE|Ferrothorn, M, shiny|100/100
|-damage|p1a: JINOO'S REVENGE|94/100|[from] Stealth Rock
|move|p2a: Necrozma|Sunsteel Strike|p1a: JINOO'S REVENGE
|-resisted|p1a: JINOO'S REVENGE
|-damage|p1a: JINOO'S REVENGE|73/100
|-damage|p2a: Necrozma|88/100|[from] ability: Iron Barbs|[of] p1a: JINOO'S REVENGE
|
|-heal|p1a: JINOO'S REVENGE|79/100|[from] item: Leftovers
|upkeep
|turn|32
|
|t:|1605145381
|switch|p2a: Eternatus|Eternatus|100/100
|-damage|p2a: Eternatus|88/100|[from] Stealth Rock
|-ability|p2a: Eternatus|Pressure
|move|p1a: JINOO'S REVENGE|Spikes|p2a: Eternatus
|-sidestart|p2: Rell27|Spikes
|
|-heal|p1a: JINOO'S REVENGE|85/100|[from] item: Leftovers
|upkeep
|turn|33
|
|t:|1605145391
|move|p1a: JINOO'S REVENGE|Protect|p1a: JINOO'S REVENGE
|-singleturn|p1a: JINOO'S REVENGE|Protect
|move|p2a: Eternatus|Flamethrower|p1a: JINOO'S REVENGE
|-activate|p1a: JINOO'S REVENGE|move: Protect
|
|-heal|p1a: JINOO'S REVENGE|92/100|[from] item: Leftovers
|upkeep
|turn|34
|
|t:|1605145401
|switch|p2a: Calyrex|Calyrex-Shadow|82/100
|-ability|p2a: Calyrex|As One
|-ability|p2a: Calyrex|Unnerve|p1: THE PERMABANNED
|-damage|p2a: Calyrex|70/100|[from] Stealth Rock
|-damage|p2a: Calyrex|57/100|[from] Spikes
|switch|p1a: CUP OF JINOO|Yveltal, shiny|100/100
|-ability|p1a: CUP OF JINOO|Dark Aura
|
|upkeep
|turn|35
|
|t:|1605145412
|switch|p2a: Zacian|Zacian-Crowned|57/100
|-damage|p2a: Zacian|50/100|[from] Stealth Rock
|-damage|p2a: Zacian|38/100|[from] Spikes
|-ability|p2a: Zacian|Intrepid Sword|boost
|-boost|p2a: Zacian|atk|1
|move|p1a: CUP OF JINOO|Knock Off|p2a: Zacian
|-resisted|p2a: Zacian
|-damage|p2a: Zacian|22/100
|
|upkeep
|turn|36
|
|t:|1605145421
|switch|p1a: JINOO DADDY'S RAGE|Necrozma-Dusk-Mane, shiny|100/100
|move|p2a: Zacian|Wild Charge|p1a: JINOO DADDY'S RAGE
|-damage|p1a: JINOO DADDY'S RAGE|69/100
|-damage|p2a: Zacian|13/100|[from] Recoil
|
|upkeep
|turn|37
|
|t:|1605145431
|move|p2a: Zacian|Play Rough|p1a: JINOO DADDY'S RAGE
|-resisted|p1a: JINOO DADDY'S RAGE
|-damage|p1a: JINOO DADDY'S RAGE|44/100
|move|p1a: JINOO DADDY'S RAGE|Morning Sun|p1a: JINOO DADDY'S RAGE
|-heal|p1a: JINOO DADDY'S RAGE|94/100
|
|upkeep
|turn|38
|
|t:|1605145437
|move|p2a: Zacian|Play Rough|p1a: JINOO DADDY'S RAGE
|-resisted|p1a: JINOO DADDY'S RAGE
|-damage|p1a: JINOO DADDY'S RAGE|69/100
|move|p1a: JINOO DADDY'S RAGE|Sunsteel Strike|p2a: Zacian
|-damage|p2a: Zacian|0 fnt
|faint|p2a: Zacian
|
|upkeep
|
|t:|1605145450
|switch|p2a: Zygarde|Zygarde|63/100
|-damage|p2a: Zygarde|51/100|[from] Spikes
|-damage|p2a: Zygarde|44/100|[from] Stealth Rock
|turn|39
|
|t:|1605145454
|switch|p1a: JINOO'S RESURGENCE|Lugia, shiny|100/100 par
|move|p2a: Zygarde|Dragon Dance|p2a: Zygarde
|-boost|p2a: Zygarde|atk|1
|-boost|p2a: Zygarde|spe|1
|
|-heal|p2a: Zygarde|51/100|[from] item: Leftovers
|upkeep
|turn|40
|
|t:|1605145461
|move|p2a: Zygarde|Substitute|p2a: Zygarde
|-start|p2a: Zygarde|Substitute
|-damage|p2a: Zygarde|26/100
|cant|p1a: JINOO'S RESURGENCE|par
|
|-heal|p2a: Zygarde|32/100|[from] item: Leftovers
|-activate|p2a: Zygarde|ability: Power Construct
|detailschange|p2a: Zygarde|Zygarde-Complete
|-heal|p2a: Zygarde|56/100|[silent]
|upkeep
|turn|41
|
|t:|1605145466
|move|p2a: Zygarde|Thousand Arrows|p1a: JINOO'S RESURGENCE
|-damage|p1a: JINOO'S RESURGENCE|88/100 par
|-start|p1a: JINOO'S RESURGENCE|Smack Down
|move|p1a: JINOO'S RESURGENCE|Whirlwind|p2a: Zygarde
|drag|p2a: Calyrex|Calyrex-Shadow|57/100
|-damage|p2a: Calyrex|45/100|[from] Spikes
|-damage|p2a: Calyrex|33/100|[from] Stealth Rock
|-ability|p2a: Calyrex|As One
|-ability|p2a: Calyrex|Unnerve|p1: THE PERMABANNED
|
|upkeep
|turn|42
|
|t:|1605145475
|switch|p1a: CUP OF JINOO|Yveltal, shiny|100/100
|-ability|p1a: CUP OF JINOO|Dark Aura
|move|p2a: Calyrex|Draining Kiss|p1a: CUP OF JINOO
|-supereffective|p1a: CUP OF JINOO
|-damage|p1a: CUP OF JINOO|76/100
|-heal|p2a: Calyrex|56/100|[from] drain|[of] p1a: CUP OF JINOO
|
|upkeep
|turn|43
|
|t:|1605145487
|move|p2a: Calyrex|Draining Kiss|p1a: CUP OF JINOO
|-supereffective|p1a: CUP OF JINOO
|-damage|p1a: CUP OF JINOO|53/100
|-heal|p2a: Calyrex|79/100|[from] drain|[of] p1a: CUP OF JINOO
|move|p1a: CUP OF JINOO|Roost|p1a: CUP OF JINOO
|-heal|p1a: CUP OF JINOO|100/100
|-singleturn|p1a: CUP OF JINOO|move: Roost
|
|upkeep
|turn|44
|
|t:|1605145503
|switch|p2a: Eternatus|Eternatus|88/100
|-damage|p2a: Eternatus|76/100|[from] Stealth Rock
|-damage|p2a: Eternatus|63/100|[from] Spikes
|-ability|p2a: Eternatus|Pressure
|move|p1a: CUP OF JINOO|Knock Off|p2a: Eternatus
|-damage|p2a: Eternatus|20/100
|-enditem|p2a: Eternatus|Choice Scarf|[from] move: Knock Off|[of] p1a: CUP OF JINOO
|
|upkeep
|turn|45
|
|t:|1605145511
|move|p2a: Eternatus|Dynamax Cannon|p1a: CUP OF JINOO
|-damage|p1a: CUP OF JINOO|69/100
|move|p1a: CUP OF JINOO|Knock Off|p2a: Eternatus
|-damage|p2a: Eternatus|0 fnt
|faint|p2a: Eternatus
|
|upkeep
|
|t:|1605145520
|switch|p2a: Necrozma|Necrozma-Dusk-Mane|88/100
|-damage|p2a: Necrozma|82/100|[from] Stealth Rock
|-damage|p2a: Necrozma|69/100|[from] Spikes
|turn|46
|
|t:|1605145524
|switch|p1a: JINOO'S REVENGE|Ferrothorn, M, shiny|92/100
|-damage|p1a: JINOO'S REVENGE|85/100|[from] Stealth Rock
|move|p2a: Necrozma|Sunsteel Strike|p1a: JINOO'S REVENGE
|-resisted|p1a: JINOO'S REVENGE
|-damage|p1a: JINOO'S REVENGE|62/100
|-damage|p2a: Necrozma|57/100|[from] ability: Iron Barbs|[of] p1a: JINOO'S REVENGE
|
|-heal|p1a: JINOO'S REVENGE|69/100|[from] item: Leftovers
|upkeep
|turn|47
|-message|Rell27 forfeited.
|
|win|THE PERMABANNED
|l|☆Rell27
||Ladder (probably) updated, but score could not be retrieved (Request timeout).
|l|☆THE PERMABANNED
|l| JeffBezosOfficial
