|j|☆ActualPan
|j|☆REGITRUMP
|t:|1667201311
|gametype|singles
|player|p1|ActualPan|kimonogirl|1109
|player|p2|REGITRUMP|101|1388
|teamsize|p1|6
|teamsize|p2|6
|gen|8
|tier|[Gen 8] Ubers
|rated|
|rule|Sleep Clause Mod: Limit one foe put to sleep
|rule|Species Clause: Limit one of each Pokémon
|rule|OHKO Clause: OHKO moves are banned
|rule|Evasion Items Clause: Evasion items are banned
|rule|Evasion Moves Clause: Evasion moves are banned
|rule|Endless Battle Clause: Forcing endless battles is banned
|rule|HP Percentage Mod: HP is shown in percentages
|rule|Dynamax Clause: You cannot dynamax
|clearpoke
|poke|p1|Darmanitan-Galar, M|
|poke|p1|Kyogre|
|poke|p1|Dracovish|
|poke|p1|Naganadel|
|poke|p1|Regieleki|
|poke|p1|Lunala|
|poke|p2|Necrozma-Dusk-Mane|
|poke|p2|Eternatus|
|poke|p2|Yveltal|
|poke|p2|Calyrex-Shadow|
|poke|p2|Marshadow|
|poke|p2|Ho-Oh|
|teampreview
|inactive|Battle timer is ON: inactive players will automatically lose when time's up. (requested by ActualPan)
|inactive|REGITRUMP has 120 seconds left.
|
|t:|1667201413
|start
|switch|p1a: Naganadel|Naganadel, shiny|100/100
|switch|p2a: Calyrex|Calyrex-Shadow|100/100
|-ability|p2a: Calyrex|As One
|-ability|p2a: Calyrex|Unnerve
|turn|1
|
|t:|1667201421
|move|p2a: Calyrex|Astral Barrage|p1a: Naganadel
|-damage|p1a: Naganadel|5/100
|move|p1a: Naganadel|Tailwind|p1a: Naganadel
|-sidestart|p1: ActualPan|move: Tailwind
|
|upkeep
|turn|2
|
|t:|1667201429
|switch|p2a: Ho-Oh|Ho-Oh|100/100
|move|p1a: Naganadel|Spikes|p2a: Ho-Oh
|-sidestart|p2: REGITRUMP|Spikes
|
|upkeep
|turn|3
|
|t:|1667201434
|switch|p1a: Dracovish|Dracovish|100/100
|move|p2a: Ho-Oh|Defog|p1a: Dracovish
|-unboost|p1a: Dracovish|evasion|1
|-sideend|p2: REGITRUMP|Spikes|[from] move: Defog|[of] p2a: Ho-Oh
|
|upkeep
|turn|4
|
|t:|1667201442
|switch|p2a: Eternatus|Eternatus|100/100
|-ability|p2a: Eternatus|Pressure
|move|p1a: Dracovish|Fishious Rend|p2a: Eternatus
|-resisted|p2a: Eternatus
|-damage|p2a: Eternatus|28/100
|
|-heal|p2a: Eternatus|34/100|[from] item: Black Sludge
|-sideend|p1: ActualPan|move: Tailwind
|upkeep
|turn|5
|
|t:|1667201455
|switch|p1a: Naganadel|Naganadel, shiny|5/100
|move|p2a: Eternatus|Recover|p2a: Eternatus
|-heal|p2a: Eternatus|85/100
|
|-heal|p2a: Eternatus|91/100|[from] item: Black Sludge
|upkeep
|turn|6
|
|t:|1667201461
|move|p2a: Eternatus|Dynamax Cannon|p1a: Naganadel
|-supereffective|p1a: Naganadel
|-damage|p1a: Naganadel|0 fnt
|faint|p1a: Naganadel
|
|-heal|p2a: Eternatus|97/100|[from] item: Black Sludge
|upkeep
|j| NTEEETU
|inactive|ActualPan has 120 seconds left.
|
|t:|1667201501
|switch|p1a: Lunala|Lunala|100/100
|turn|7
|inactive|ActualPan has 120 seconds left.
|
|t:|1667201519
|move|p2a: Eternatus|Mystical Fire|p1a: Lunala
|-damage|p1a: Lunala|90/100
|-unboost|p1a: Lunala|spa|1
|move|p1a: Lunala|Tailwind|p1a: Lunala
|-sidestart|p1: ActualPan|move: Tailwind
|
|-heal|p2a: Eternatus|100/100|[from] item: Black Sludge
|upkeep
|turn|8
|inactive|ActualPan has 120 seconds left.
|
|t:|1667201533
|move|p1a: Lunala|Will-O-Wisp|p2a: Eternatus
|-status|p2a: Eternatus|brn
|move|p2a: Eternatus|Toxic|p1a: Lunala
|-status|p1a: Lunala|tox
|
|-damage|p1a: Lunala|84/100 tox|[from] psn
|-damage|p2a: Eternatus|94/100 brn|[from] brn
|upkeep
|turn|9
|
|t:|1667201541
|switch|p1a: Darmanitan|Darmanitan-Galar, M|100/100
|move|p2a: Eternatus|Dynamax Cannon|p1a: Darmanitan
|-damage|p1a: Darmanitan|13/100
|
|-heal|p2a: Eternatus|100/100 brn|[from] item: Black Sludge
|-damage|p2a: Eternatus|94/100 brn|[from] brn
|upkeep
|turn|10
|
|t:|1667201546
|switch|p2a: Necrozma|Necrozma-Dusk-Mane|100/100
|move|p1a: Darmanitan|Icicle Crash|p2a: Necrozma
|-resisted|p2a: Necrozma
|-damage|p2a: Necrozma|73/100
|
|-sideend|p1: ActualPan|move: Tailwind
|upkeep
|turn|11
|
|t:|1667201554
|switch|p1a: Lunala|Lunala|84/100 tox
|move|p2a: Necrozma|Stealth Rock|p1a: Lunala
|-sidestart|p1: ActualPan|move: Stealth Rock
|
|-damage|p1a: Lunala|78/100 tox|[from] psn
|upkeep
|turn|12
|
|t:|1667201559
|move|p1a: Lunala|Tailwind|p1a: Lunala
|-sidestart|p1: ActualPan|move: Tailwind
|move|p2a: Necrozma|Thunder Wave||[still]
|-fail|p2a: Necrozma
|
|-damage|p1a: Lunala|66/100 tox|[from] psn
|upkeep
|turn|13
|
|t:|1667201568
|switch|p1a: Dracovish|Dracovish|100/100
|-damage|p1a: Dracovish|88/100|[from] Stealth Rock
|switch|p2a: Ho-Oh|Ho-Oh|100/100
|
|upkeep
|turn|14
|
|t:|1667201575
|switch|p2a: Necrozma|Necrozma-Dusk-Mane|73/100
|move|p1a: Dracovish|Fishious Rend|p2a: Necrozma
|-damage|p2a: Necrozma|0 fnt
|-damage|p1a: Dracovish|72/100|[from] item: Rocky Helmet|[of] p2a: Necrozma
|faint|p2a: Necrozma
|
|upkeep
|
|t:|1667201577
|switch|p2a: Yveltal|Yveltal|100/100
|-ability|p2a: Yveltal|Dark Aura
|turn|15
|
|t:|1667201580
|move|p2a: Yveltal|Sucker Punch|p1a: Dracovish
|-damage|p1a: Dracovish|11/100
|move|p1a: Dracovish|Fishious Rend|p2a: Yveltal
|-crit|p2a: Yveltal
|-damage|p2a: Yveltal|0 fnt
|faint|p2a: Yveltal
|
|-sideend|p1: ActualPan|move: Tailwind
|upkeep
|
|t:|1667201585
|switch|p2a: Calyrex|Calyrex-Shadow|100/100
|-ability|p2a: Calyrex|As One
|-ability|p2a: Calyrex|Unnerve
|turn|16
|
|t:|1667201591
|move|p2a: Calyrex|Astral Barrage|p1a: Dracovish
|-damage|p1a: Dracovish|0 fnt
|faint|p1a: Dracovish
|-ability|p2a: Calyrex|Grim Neigh|boost
|-boost|p2a: Calyrex|spa|1
|
|upkeep
|
|t:|1667201604
|switch|p1a: Regieleki|Regieleki|100/100
|-damage|p1a: Regieleki|88/100|[from] Stealth Rock
|turn|17
|
|t:|1667201610
|move|p1a: Regieleki|Assurance|p2a: Calyrex
|-supereffective|p2a: Calyrex
|-enditem|p2a: Calyrex|Focus Sash
|-damage|p2a: Calyrex|1/100
|-damage|p1a: Regieleki|78/100|[from] item: Life Orb
|move|p2a: Calyrex|Astral Barrage|p1a: Regieleki
|-damage|p1a: Regieleki|0 fnt
|faint|p1a: Regieleki
|-ability|p2a: Calyrex|Grim Neigh|boost
|-boost|p2a: Calyrex|spa|1
|
|upkeep
|
|t:|1667201614
|switch|p1a: Kyogre|Kyogre|100/100
|-damage|p1a: Kyogre|88/100|[from] Stealth Rock
|-weather|RainDance|[from] ability: Drizzle|[of] p1a: Kyogre
|turn|18
|
|t:|1667201619
|move|p1a: Kyogre|Water Spout|p2a: Calyrex
|-damage|p2a: Calyrex|0 fnt
|faint|p2a: Calyrex
|
|-weather|RainDance|[upkeep]
|upkeep
|
|t:|1667201621
|switch|p2a: Eternatus|Eternatus|94/100 brn
|-ability|p2a: Eternatus|Pressure
|turn|19
|
|t:|1667201630
|switch|p1a: Darmanitan|Darmanitan-Galar, M|13/100
|-damage|p1a: Darmanitan|0 fnt|[from] Stealth Rock
|faint|p1a: Darmanitan
|move|p2a: Eternatus|Dynamax Cannon|p1: Darmanitan|[notarget]
|-fail|p2a: Eternatus
|
|-weather|RainDance|[upkeep]
|-heal|p2a: Eternatus|100/100 brn|[from] item: Black Sludge
|-damage|p2a: Eternatus|94/100 brn|[from] brn
|upkeep
|
|t:|1667201632
|switch|p1a: Lunala|Lunala|66/100 tox
|turn|20
|
|t:|1667201636
|move|p2a: Eternatus|Mystical Fire|p1a: Lunala
|-damage|p1a: Lunala|57/100 tox
|-unboost|p1a: Lunala|spa|1
|move|p1a: Lunala|Tailwind|p1a: Lunala
|-sidestart|p1: ActualPan|move: Tailwind
|
|-weather|RainDance|[upkeep]
|-heal|p2a: Eternatus|100/100 brn|[from] item: Black Sludge
|-damage|p1a: Lunala|50/100 tox|[from] psn
|-damage|p2a: Eternatus|94/100 brn|[from] brn
|upkeep
|turn|21
|
|t:|1667201640
|move|p1a: Lunala|Roost|p1a: Lunala
|-heal|p1a: Lunala|100/100 tox
|-singleturn|p1a: Lunala|move: Roost
|move|p2a: Eternatus|Mystical Fire|p1a: Lunala
|-damage|p1a: Lunala|96/100 tox
|-unboost|p1a: Lunala|spa|1
|
|-weather|RainDance|[upkeep]
|-heal|p2a: Eternatus|100/100 brn|[from] item: Black Sludge
|-damage|p1a: Lunala|84/100 tox|[from] psn
|-damage|p2a: Eternatus|94/100 brn|[from] brn
|upkeep
|turn|22
|
|t:|1667201644
|switch|p1a: Kyogre|Kyogre|88/100
|-damage|p1a: Kyogre|76/100|[from] Stealth Rock
|move|p2a: Eternatus|Mystical Fire|p1a: Kyogre
|-resisted|p1a: Kyogre
|-damage|p1a: Kyogre|71/100
|-unboost|p1a: Kyogre|spa|1
|
|-weather|none
|-heal|p2a: Eternatus|100/100 brn|[from] item: Black Sludge
|-damage|p2a: Eternatus|94/100 brn|[from] brn
|upkeep
|turn|23
|
|t:|1667201648
|move|p1a: Kyogre|Ice Beam|p2a: Eternatus
|-supereffective|p2a: Eternatus
|-damage|p2a: Eternatus|56/100 brn
|move|p2a: Eternatus|Mystical Fire|p1a: Kyogre
|-resisted|p1a: Kyogre
|-damage|p1a: Kyogre|60/100
|-unboost|p1a: Kyogre|spa|1
|
|-heal|p2a: Eternatus|62/100 brn|[from] item: Black Sludge
|-damage|p2a: Eternatus|56/100 brn|[from] brn
|-sideend|p1: ActualPan|move: Tailwind
|upkeep
|turn|24
|
|t:|1667201653
|switch|p2a: Marshadow|Marshadow|100/100
|move|p1a: Kyogre|Ice Beam|p2a: Marshadow
|-damage|p2a: Marshadow|80/100
|
|upkeep
|turn|25
|
|t:|1667201657
|switch|p1a: Lunala|Lunala|84/100 tox
|move|p2a: Marshadow|Spectral Thief|p1a: Lunala
|-supereffective|p1a: Lunala
|-damage|p1a: Lunala|0 fnt
|faint|p1a: Lunala
|-damage|p2a: Marshadow|70/100|[from] item: Life Orb
|
|upkeep
|
|t:|1667201660
|switch|p1a: Kyogre|Kyogre|60/100
|-damage|p1a: Kyogre|48/100|[from] Stealth Rock
|-weather|RainDance|[from] ability: Drizzle|[of] p1a: Kyogre
|turn|26
|
|t:|1667201664
|move|p2a: Marshadow|Shadow Sneak|p1a: Kyogre
|-damage|p1a: Kyogre|6/100
|-damage|p2a: Marshadow|60/100|[from] item: Life Orb
|move|p1a: Kyogre|Origin Pulse|p2a: Marshadow
|-damage|p2a: Marshadow|0 fnt
|faint|p2a: Marshadow
|
|-weather|RainDance|[upkeep]
|upkeep
|
|t:|1667201668
|switch|p2a: Eternatus|Eternatus|56/100 brn
|-ability|p2a: Eternatus|Pressure
|turn|27
|
|t:|1667201674
|move|p1a: Kyogre|Origin Pulse|p2a: Eternatus
|-resisted|p2a: Eternatus
|-damage|p2a: Eternatus|16/100 brn
|move|p2a: Eternatus|Dynamax Cannon|p1a: Kyogre
|-damage|p1a: Kyogre|0 fnt
|faint|p1a: Kyogre
|
|win|REGITRUMP
|raw|ActualPan's rating: 1109 &rarr; <strong>1101</strong><br />(-8 for losing)
|raw|REGITRUMP's rating: 1388 &rarr; <strong>1395</strong><br />(+7 for winning)
|l|☆ActualPan
