|j|☆Slowpokeke
|j|☆yugimaj
|t:|1609009032
|player|p1|Slowpokeke|2|1497
|player|p2|yugimaj|265|1311
|teamsize|p1|6
|teamsize|p2|6
|gametype|singles
|gen|8
|tier|[Gen 8] Ubers
|rated|
|clearpoke
|poke|p1|Calyrex-Shadow|
|poke|p1|Yveltal|
|poke|p1|Darmanitan-Galar, M|
|poke|p1|Eternatus|
|poke|p1|Landorus-Therian, M|
|poke|p1|Ditto|
|poke|p2|Yveltal|
|poke|p2|Eternatus|
|poke|p2|Necrozma-Dusk-Mane|
|poke|p2|Calyrex-Ice|
|poke|p2|Xerneas|
|poke|p2|Zacian-Crowned|
|rule|Sleep Clause Mod: Limit one foe put to sleep
|rule|Species Clause: Limit one of each Pokémon
|rule|OHKO Clause: OHKO moves are banned
|rule|Evasion Moves Clause: Evasion moves are banned
|rule|Endless Battle Clause: Forcing endless battles is banned
|rule|HP Percentage Mod: HP is shown in percentages
|rule|Dynamax Clause: You cannot dynamax
|teampreview
|inactive|Battle timer is ON: inactive players will automatically lose when time's up. (requested by Slowpokeke)
|
|t:|1609009041
|start
|switch|p1a: Landorus|Landorus-Therian, M|100/100
|switch|p2a: Zacian|Zacian-Crowned|100/100
|-ability|p2a: Zacian|Intrepid Sword|boost
|-boost|p2a: Zacian|atk|1
|-ability|p1a: Landorus|Intimidate|boost
|-unboost|p2a: Zacian|atk|1
|turn|1
|
|t:|1609009049
|move|p2a: Zacian|Behemoth Blade|p1a: Landorus
|-crit|p1a: Landorus
|-enditem|p1a: Landorus|Focus Sash
|-damage|p1a: Landorus|1/100
|move|p1a: Landorus|Earthquake|p2a: Zacian
|-supereffective|p2a: Zacian
|-damage|p2a: Zacian|0 fnt
|faint|p2a: Zacian
|
|upkeep
|
|t:|1609009062
|switch|p2a: Eternatus|Eternatus|100/100
|-ability|p2a: Eternatus|Pressure
|turn|2
|
|t:|1609009069
|move|p2a: Eternatus|Dynamax Cannon|p1a: Landorus
|-damage|p1a: Landorus|0 fnt
|faint|p1a: Landorus
|
|upkeep
|
|t:|1609009073
|switch|p1a: Darmanitan|Darmanitan-Galar, M|100/100
|turn|3
|
|t:|1609009077
|switch|p2a: Necrozma|Necrozma-Dusk-Mane|100/100
|move|p1a: Darmanitan|Substitute|p1a: Darmanitan
|-start|p1a: Darmanitan|Substitute
|-damage|p1a: Darmanitan|75/100
|
|upkeep
|turn|4
|
|t:|1609009084
|switch|p2a: Calyrex|Calyrex-Ice|100/100
|-ability|p2a: Calyrex|As One
|-ability|p2a: Calyrex|Unnerve|p1: Slowpokeke
|move|p1a: Darmanitan|Belly Drum|p1a: Darmanitan
|-damage|p1a: Darmanitan|25/100
|-setboost|p1a: Darmanitan|atk|6|[from] move: Belly Drum
|
|-formechange|p1a: Darmanitan|Darmanitan-Galar-Zen|
|upkeep
|turn|5
|
|t:|1609009087
|move|p1a: Darmanitan|Earthquake|p2a: Calyrex
|-damage|p2a: Calyrex|0 fnt
|faint|p2a: Calyrex
|-enditem|p1a: Darmanitan|Salac Berry|[eat]
|-boost|p1a: Darmanitan|spe|1|[from] item: Salac Berry
|
|upkeep
|
|t:|1609009093
|switch|p2a: Yveltal|Yveltal|100/100
|-ability|p2a: Yveltal|Dark Aura
|turn|6
|
|t:|1609009095
|move|p2a: Yveltal|Sucker Punch|p1a: Darmanitan
|-end|p1a: Darmanitan|Substitute
|move|p1a: Darmanitan|Icicle Crash|p2a: Yveltal
|-supereffective|p2a: Yveltal
|-damage|p2a: Yveltal|0 fnt
|faint|p2a: Yveltal
|
|upkeep
|
|t:|1609009104
|switch|p2a: Xerneas|Xerneas|100/100
|-ability|p2a: Xerneas|Fairy Aura
|turn|7
|
|t:|1609009109
|move|p1a: Darmanitan|Earthquake|p2a: Xerneas
|-damage|p2a: Xerneas|0 fnt
|faint|p2a: Xerneas
|
|upkeep
|-message|yugimaj forfeited.
|
|win|Slowpokeke
|l|☆yugimaj
|raw|Slowpokeke's rating: 1497 &rarr; <strong>1508</strong><br />(+11 for winning)
|raw|yugimaj's rating: 1330 &rarr; <strong>1319</strong><br />(-11 for losing)
