|j|☆PokeDuels
|j|☆ViZarPKMN
|t:|1631549031
|gametype|singles
|player|p1|PokeDuels|2|1477
|player|p2|ViZarPKMN|benga|1544
|teamsize|p1|6
|teamsize|p2|6
|gen|8
|tier|[Gen 8] Ubers
|rated|
|rule|Sleep Clause Mod: Limit one foe put to sleep
|rule|Species Clause: Limit one of each Pokémon
|rule|OHKO Clause: OHKO moves are banned
|rule|Evasion Moves Clause: Evasion moves are banned
|rule|Endless Battle Clause: Forcing endless battles is banned
|rule|HP Percentage Mod: HP is shown in percentages
|rule|Dynamax Clause: You cannot dynamax
|clearpoke
|poke|p1|Melmetal|
|poke|p1|Magnezone|
|poke|p1|Xatu, M|
|poke|p1|Solosis, M|
|poke|p1|Carbink|
|poke|p1|Calyrex-Shadow|
|poke|p2|Heatran, M|
|poke|p2|Eternatus|
|poke|p2|Yveltal|
|poke|p2|Necrozma-Dusk-Mane|
|poke|p2|Xerneas-*|
|poke|p2|Calyrex-Shadow|
|teampreview
|inactive|Battle timer is ON: inactive players will automatically lose when time's up. (requested by ViZarPKMN)
|
|t:|1631549046
|start
|switch|p1a: Xatu|Xatu, M|100/100
|switch|p2a: Heatran|Heatran, M|100/100
|turn|1
|
|t:|1631549056
|move|p2a: Heatran|Magma Storm|p1a: Xatu
|-damage|p1a: Xatu|44/100
|-activate|p1a: Xatu|move: Magma Storm|[of] p2a: Heatran
|move|p1a: Xatu|Trick Room|p1a: Xatu
|-fieldstart|move: Trick Room|[of] p1a: Xatu
|
|-damage|p1a: Xatu|31/100|[from] move: Magma Storm|[partiallytrapped]
|upkeep
|turn|2
|
|t:|1631549064
|move|p1a: Xatu|Sucker Punch|p2a: Heatran
|-damage|p2a: Heatran|90/100
|move|p2a: Heatran|Magma Storm|p1a: Xatu|[miss]
|-miss|p2a: Heatran|p1a: Xatu
|
|-heal|p2a: Heatran|96/100|[from] item: Leftovers
|-damage|p1a: Xatu|19/100|[from] move: Magma Storm|[partiallytrapped]
|upkeep
|turn|3
|
|t:|1631549067
|move|p2a: Heatran|Magma Storm|p1a: Xatu
|-damage|p1a: Xatu|0 fnt
|faint|p1a: Xatu
|
|-heal|p2a: Heatran|100/100|[from] item: Leftovers
|upkeep
|
|t:|1631549070
|switch|p1a: Melmetal|Melmetal|100/100
|turn|4
|
|t:|1631549072
|move|p2a: Heatran|Protect|p2a: Heatran
|-singleturn|p2a: Heatran|Protect
|move|p1a: Melmetal|Earthquake|p2a: Heatran
|-activate|p2a: Heatran|move: Protect
|
|upkeep
|turn|5
|
|t:|1631549078
|switch|p2a: Necrozma|Necrozma-Dusk-Mane|100/100
|move|p1a: Melmetal|Earthquake|p2a: Necrozma
|-supereffective|p2a: Necrozma
|-damage|p2a: Necrozma|50/100
|
|-heal|p2a: Necrozma|57/100|[from] item: Leftovers
|-fieldend|move: Trick Room
|upkeep
|turn|6
|
|t:|1631549082
|switch|p1a: Magnezone|Magnezone|100/100
|move|p2a: Necrozma|Morning Sun|p2a: Necrozma
|-heal|p2a: Necrozma|100/100
|
|upkeep
|turn|7
|
|t:|1631549085
|move|p1a: Magnezone|Thunder Wave|p2a: Necrozma
|-status|p2a: Necrozma|par
|move|p2a: Necrozma|Earthquake|p1a: Magnezone
|-supereffective|p1a: Magnezone
|-damage|p1a: Magnezone|0 fnt
|faint|p1a: Magnezone
|
|upkeep
|
|t:|1631549096
|switch|p1a: Calyrex|Calyrex-Shadow|100/100
|-ability|p1a: Calyrex|As One
|-ability|p1a: Calyrex|Unnerve
|turn|8
|
|t:|1631549100
|switch|p2a: Yveltal|Yveltal|100/100
|-ability|p2a: Yveltal|Dark Aura
|move|p1a: Calyrex|Trick Room|p1a: Calyrex
|-fieldstart|move: Trick Room|[of] p1a: Calyrex
|
|upkeep
|turn|9
|
|t:|1631549103
|switch|p1a: Carbink|Carbink|100/100
|move|p2a: Yveltal|Sucker Punch||[still]
|-fail|p2a: Yveltal
|
|upkeep
|turn|10
|
|t:|1631549106
|switch|p2a: Heatran|Heatran, M|100/100
|move|p1a: Carbink|Stealth Rock|p2a: Heatran
|-sidestart|p2: ViZarPKMN|move: Stealth Rock
|
|upkeep
|turn|11
|
|t:|1631549111
|switch|p1a: Melmetal|Melmetal|100/100
|move|p2a: Heatran|Taunt|p1a: Melmetal
|-start|p1a: Melmetal|move: Taunt
|
|upkeep
|turn|12
|
|t:|1631549115
|move|p2a: Heatran|Protect|p2a: Heatran
|-singleturn|p2a: Heatran|Protect
|move|p1a: Melmetal|Earthquake|p2a: Heatran
|-activate|p2a: Heatran|move: Protect
|
|-fieldend|move: Trick Room
|upkeep
|turn|13
|
|t:|1631549118
|switch|p1a: Carbink|Carbink|100/100
|move|p2a: Heatran|Magma Storm|p1a: Carbink|[miss]
|-miss|p2a: Heatran|p1a: Carbink
|
|upkeep
|turn|14
|
|t:|1631549122
|move|p2a: Heatran|Magma Storm|p1a: Carbink
|-resisted|p1a: Carbink
|-damage|p1a: Carbink|88/100
|-activate|p1a: Carbink|move: Magma Storm|[of] p2a: Heatran
|move|p1a: Carbink|Trick Room|p1a: Carbink
|-fieldstart|move: Trick Room|[of] p1a: Carbink
|
|-damage|p1a: Carbink|75/100|[from] move: Magma Storm|[partiallytrapped]
|upkeep
|turn|15
|
|t:|1631549127
|move|p1a: Carbink|Moonblast|p2a: Heatran
|-resisted|p2a: Heatran
|-damage|p2a: Heatran|98/100
|-unboost|p2a: Heatran|spa|1
|move|p2a: Heatran|Earth Power|p1a: Carbink
|-supereffective|p1a: Carbink
|-damage|p1a: Carbink|54/100
|
|-heal|p2a: Heatran|100/100|[from] item: Leftovers
|-damage|p1a: Carbink|42/100|[from] move: Magma Storm|[partiallytrapped]
|upkeep
|turn|16
|
|t:|1631549132
|move|p2a: Heatran|Protect|p2a: Heatran
|-singleturn|p2a: Heatran|Protect
|move|p1a: Carbink|Misty Explosion|p2a: Heatran
|-activate|p2a: Heatran|move: Protect
|faint|p1a: Carbink
|
|upkeep
|inactive|PokeDuels has 120 seconds left.
|inactive|PokeDuels has 90 seconds left.
|inactive|PokeDuels has 60 seconds left.
|
|t:|1631549241
|switch|p1a: Melmetal|Melmetal|100/100
|turn|17
|
|t:|1631549245
|switch|p2a: Xerneas|Xerneas|100/100
|-damage|p2a: Xerneas|88/100|[from] Stealth Rock
|-ability|p2a: Xerneas|Fairy Aura
|move|p1a: Melmetal|Double Iron Bash|p2a: Xerneas
|-supereffective|p2a: Xerneas
|-damage|p2a: Xerneas|0 fnt
|faint|p2a: Xerneas
|-hitcount|p2: Xerneas|1
|
|upkeep
|
|t:|1631549252
|switch|p2a: Heatran|Heatran, M|100/100
|-damage|p2a: Heatran|88/100|[from] Stealth Rock
|turn|18
|
|t:|1631549254
|move|p2a: Heatran|Protect|p2a: Heatran
|-singleturn|p2a: Heatran|Protect
|move|p1a: Melmetal|Double Iron Bash|p2a: Heatran
|-activate|p2a: Heatran|move: Protect
|
|-heal|p2a: Heatran|94/100|[from] item: Leftovers
|-fieldend|move: Trick Room
|upkeep
|turn|19
|
|t:|1631549257
|move|p2a: Heatran|Magma Storm|p1a: Melmetal|[miss]
|-miss|p2a: Heatran|p1a: Melmetal
|move|p1a: Melmetal|Double Iron Bash|p2a: Heatran
|-resisted|p2a: Heatran
|-damage|p2a: Heatran|81/100
|-resisted|p2a: Heatran
|-damage|p2a: Heatran|68/100
|-hitcount|p2a: Heatran|2
|
|-heal|p2a: Heatran|74/100|[from] item: Leftovers
|upkeep
|turn|20
|
|t:|1631549261
|switch|p1a: Calyrex|Calyrex-Shadow|100/100
|-ability|p1a: Calyrex|As One
|-ability|p1a: Calyrex|Unnerve
|move|p2a: Heatran|Magma Storm|p1a: Calyrex|[miss]
|-miss|p2a: Heatran|p1a: Calyrex
|
|-heal|p2a: Heatran|80/100|[from] item: Leftovers
|upkeep
|turn|21
|
|t:|1631549267
|move|p1a: Calyrex|Astral Barrage|p2a: Heatran
|-damage|p2a: Heatran|37/100
|move|p2a: Heatran|Magma Storm|p1a: Calyrex|[miss]
|-miss|p2a: Heatran|p1a: Calyrex
|
|-heal|p2a: Heatran|43/100|[from] item: Leftovers
|upkeep
|turn|22
|
|t:|1631549272
|move|p2a: Heatran|Protect|p2a: Heatran
|-singleturn|p2a: Heatran|Protect
|move|p1a: Calyrex|Astral Barrage|p2a: Heatran
|-activate|p2a: Heatran|move: Protect
|
|-heal|p2a: Heatran|49/100|[from] item: Leftovers
|upkeep
|turn|23
|
|t:|1631549274
|switch|p2a: Yveltal|Yveltal|100/100
|-ability|p2a: Yveltal|Dark Aura
|move|p1a: Calyrex|Astral Barrage|p2a: Yveltal
|-resisted|p2a: Yveltal
|-damage|p2a: Yveltal|67/100
|
|upkeep
|turn|24
|
|t:|1631549277
|move|p2a: Yveltal|Knock Off|p1a: Calyrex
|-supereffective|p1a: Calyrex
|-enditem|p1a: Calyrex|Focus Sash
|-damage|p1a: Calyrex|1/100
|move|p1a: Calyrex|Trick Room|p1a: Calyrex
|-fieldstart|move: Trick Room|[of] p1a: Calyrex
|
|upkeep
|turn|25
|
|t:|1631549282
|switch|p1a: Melmetal|Melmetal|100/100
|move|p2a: Yveltal|U-turn|p1a: Melmetal
|-resisted|p1a: Melmetal
|-damage|p1a: Melmetal|94/100
|
|t:|1631549284
|switch|p2a: Heatran|Heatran, M|49/100|[from]move: U-turn
|-damage|p2a: Heatran|37/100|[from] Stealth Rock
|
|-heal|p2a: Heatran|43/100|[from] item: Leftovers
|upkeep
|turn|26
|
|t:|1631549293
|move|p2a: Heatran|Protect|p2a: Heatran
|-singleturn|p2a: Heatran|Protect
|move|p1a: Melmetal|Double Iron Bash|p2a: Heatran
|-activate|p2a: Heatran|move: Protect
|
|-heal|p2a: Heatran|49/100|[from] item: Leftovers
|upkeep
|turn|27
|
|t:|1631549297
|move|p1a: Melmetal|Double Iron Bash|p2a: Heatran
|-resisted|p2a: Heatran
|-damage|p2a: Heatran|35/100
|-resisted|p2a: Heatran
|-damage|p2a: Heatran|22/100
|-hitcount|p2a: Heatran|2
|cant|p2a: Heatran|flinch
|
|-heal|p2a: Heatran|28/100|[from] item: Leftovers
|upkeep
|turn|28
|
|t:|1631549302
|switch|p1a: Calyrex|Calyrex-Shadow|1/100
|-ability|p1a: Calyrex|As One
|-ability|p1a: Calyrex|Unnerve
|move|p2a: Heatran|Protect||[still]
|-fail|p2a: Heatran
|
|-heal|p2a: Heatran|34/100|[from] item: Leftovers
|-fieldend|move: Trick Room
|upkeep
|turn|29
|
|t:|1631549306
|move|p1a: Calyrex|Astral Barrage|p2a: Heatran
|-damage|p2a: Heatran|0 fnt
|faint|p2a: Heatran
|-ability|p1a: Calyrex|Grim Neigh|boost
|-boost|p1a: Calyrex|spa|1
|
|upkeep
|
|t:|1631549308
|switch|p2a: Yveltal|Yveltal|67/100
|-ability|p2a: Yveltal|Dark Aura
|turn|30
|
|t:|1631549312
|move|p2a: Yveltal|Sucker Punch||[still]
|-fail|p2a: Yveltal
|move|p1a: Calyrex|Trick Room|p1a: Calyrex
|-fieldstart|move: Trick Room|[of] p1a: Calyrex
|
|upkeep
|turn|31
|
|t:|1631549317
|move|p2a: Yveltal|Sucker Punch|p1a: Calyrex
|-supereffective|p1a: Calyrex
|-damage|p1a: Calyrex|0 fnt
|faint|p1a: Calyrex
|
|upkeep
|
|t:|1631549319
|switch|p1a: Melmetal|Melmetal|94/100
|turn|32
|
|t:|1631549321
|switch|p2a: Necrozma|Necrozma-Dusk-Mane|100/100 par
|-damage|p2a: Necrozma|94/100 par|[from] Stealth Rock
|move|p1a: Melmetal|Earthquake|p2a: Necrozma
|-supereffective|p2a: Necrozma
|-damage|p2a: Necrozma|39/100 par
|
|-heal|p2a: Necrozma|45/100 par|[from] item: Leftovers
|upkeep
|turn|33
|
|t:|1631549325
|switch|p2a: Yveltal|Yveltal|67/100
|-ability|p2a: Yveltal|Dark Aura
|move|p1a: Melmetal|Earthquake|p2a: Yveltal
|-immune|p2a: Yveltal
|
|upkeep
|turn|34
|
|t:|1631549327
|switch|p1a: Solosis|Solosis, M|100/100
|move|p2a: Yveltal|Knock Off|p1a: Solosis
|-supereffective|p1a: Solosis
|-enditem|p1a: Solosis|Focus Sash
|-damage|p1a: Solosis|1/100
|
|-fieldend|move: Trick Room
|upkeep
|turn|35
|
|t:|1631549330
|move|p2a: Yveltal|Knock Off|p1a: Solosis
|-supereffective|p1a: Solosis
|-damage|p1a: Solosis|0 fnt
|faint|p1a: Solosis
|
|upkeep
|-message|PokeDuels forfeited.
|
|win|ViZarPKMN
|raw|PokeDuels's rating: 1477 &rarr; <strong>1461</strong><br />(-16 for losing)
|raw|ViZarPKMN's rating: 1544 &rarr; <strong>1560</strong><br />(+16 for winning)
|l|☆PokeDuels
|c|☆ViZarPKMN|gg
