|j|☆Yati426
|j|☆Dark★Shionツ
|t:|1652535303
|gametype|singles
|player|p1|Yati426|falkner|1552
|player|p2|Dark★Shionツ|zinnia|1545
|teamsize|p1|6
|teamsize|p2|6
|gen|8
|tier|[Gen 8] Ubers
|rated|
|rule|Sleep Clause Mod: Limit one foe put to sleep
|rule|Species Clause: Limit one of each Pokémon
|rule|OHKO Clause: OHKO moves are banned
|rule|Evasion Moves Clause: Evasion moves are banned
|rule|Endless Battle Clause: Forcing endless battles is banned
|rule|HP Percentage Mod: HP is shown in percentages
|rule|Dynamax Clause: You cannot dynamax
|clearpoke
|poke|p1|Yveltal|
|poke|p1|Toxapex, M|
|poke|p1|Shedinja|
|poke|p1|Steelix, F|
|poke|p1|Blissey, F|
|poke|p1|Corviknight, M|
|poke|p2|Ditto|
|poke|p2|Eternatus|
|poke|p2|Necrozma-Dusk-Mane|
|poke|p2|Groudon|
|poke|p2|Kyogre|
|poke|p2|Yveltal|
|teampreview
|
|t:|1652535310
|start
|switch|p1a: Toxapex|Toxapex, M|100/100
|switch|p2a: Kyogre|Kyogre|100/100
|-weather|RainDance|[from] ability: Drizzle|[of] p2a: Kyogre
|turn|1
|
|t:|1652535313
|switch|p1a: Shedinja|Shedinja|100/100
|move|p2a: Kyogre|Water Spout|p1a: Shedinja
|-immune|p1a: Shedinja|[from] ability: Wonder Guard
|
|-weather|RainDance|[upkeep]
|upkeep
|turn|2
|
|t:|1652535316
|switch|p2a: Necrozma|Necrozma-Dusk-Mane|100/100
|move|p1a: Shedinja|Will-O-Wisp|p2a: Necrozma
|-status|p2a: Necrozma|brn
|
|-weather|RainDance|[upkeep]
|-damage|p2a: Necrozma|94/100 brn|[from] brn
|upkeep
|turn|3
|
|t:|1652535318
|switch|p1a: Steelix|Steelix, F|100/100
|move|p2a: Necrozma|Stealth Rock|p1a: Steelix
|-sidestart|p1: Yati426|move: Stealth Rock
|
|-weather|RainDance|[upkeep]
|-heal|p2a: Necrozma|100/100 brn|[from] item: Leftovers
|-damage|p2a: Necrozma|94/100 brn|[from] brn
|upkeep
|turn|4
|
|t:|1652535323
|switch|p2a: Yveltal|Yveltal|100/100
|-ability|p2a: Yveltal|Dark Aura
|move|p1a: Steelix|Stealth Rock|p2a: Yveltal
|-sidestart|p2: Dark★Shionツ|move: Stealth Rock
|
|-weather|RainDance|[upkeep]
|upkeep
|turn|5
|
|t:|1652535326
|switch|p1a: Toxapex|Toxapex, M|100/100
|-damage|p1a: Toxapex|88/100|[from] Stealth Rock
|move|p2a: Yveltal|Taunt|p1a: Toxapex
|-start|p1a: Toxapex|move: Taunt
|
|-weather|none
|upkeep
|turn|6
|
|t:|1652535329
|move|p2a: Yveltal|Knock Off|p1a: Toxapex
|-damage|p1a: Toxapex|67/100
|move|p1a: Toxapex|Scald|p2a: Yveltal
|-damage|p2a: Yveltal|91/100
|
|upkeep
|turn|7
|
|t:|1652535331
|move|p2a: Yveltal|Defog|p1a: Toxapex
|-unboost|p1a: Toxapex|evasion|1
|-sideend|p1: Yati426|Stealth Rock|[from] move: Defog|[of] p2a: Yveltal
|-sideend|p2: Dark★Shionツ|Stealth Rock|[from] move: Defog|[of] p2a: Yveltal
|move|p1a: Toxapex|Scald|p2a: Yveltal
|-damage|p2a: Yveltal|81/100
|
|-end|p1a: Toxapex|move: Taunt
|upkeep
|turn|8
|
|t:|1652535335
|switch|p2a: Necrozma|Necrozma-Dusk-Mane|94/100 brn
|move|p1a: Toxapex|Scald|p2a: Necrozma
|-damage|p2a: Necrozma|81/100 brn
|
|-heal|p2a: Necrozma|87/100 brn|[from] item: Leftovers
|-damage|p2a: Necrozma|81/100 brn|[from] brn
|upkeep
|turn|9
|
|t:|1652535339
|switch|p1a: Steelix|Steelix, F|100/100
|move|p2a: Necrozma|Stealth Rock|p1a: Steelix
|-sidestart|p1: Yati426|move: Stealth Rock
|
|-heal|p2a: Necrozma|87/100 brn|[from] item: Leftovers
|-damage|p2a: Necrozma|81/100 brn|[from] brn
|upkeep
|turn|10
|
|t:|1652535349
|switch|p2a: Groudon|Groudon|100/100
|-weather|SunnyDay|[from] ability: Drought|[of] p2a: Groudon
|move|p1a: Steelix|Stealth Rock|p2a: Groudon
|-sidestart|p2: Dark★Shionツ|move: Stealth Rock
|
|-weather|SunnyDay|[upkeep]
|upkeep
|turn|11
|
|t:|1652535352
|switch|p1a: Corviknight|Corviknight, M|100/100
|-damage|p1a: Corviknight|88/100|[from] Stealth Rock
|-ability|p1a: Corviknight|Pressure
|move|p2a: Groudon|Swords Dance|p2a: Groudon
|-boost|p2a: Groudon|atk|2
|
|-weather|SunnyDay|[upkeep]
|-heal|p1a: Corviknight|94/100|[from] item: Leftovers
|upkeep
|turn|12
|
|t:|1652535355
|move|p2a: Groudon|Stone Edge|p1a: Corviknight
|-damage|p1a: Corviknight|35/100
|-damage|p2a: Groudon|91/100|[from] item: Life Orb
|move|p1a: Corviknight|Iron Defense|p1a: Corviknight
|-boost|p1a: Corviknight|def|2
|
|-weather|SunnyDay|[upkeep]
|-heal|p1a: Corviknight|42/100|[from] item: Leftovers
|upkeep
|turn|13
|
|t:|1652535359
|switch|p2a: Eternatus|Eternatus|100/100
|-damage|p2a: Eternatus|88/100|[from] Stealth Rock
|-ability|p2a: Eternatus|Pressure
|move|p1a: Corviknight|Roost|p1a: Corviknight
|-heal|p1a: Corviknight|92/100
|-singleturn|p1a: Corviknight|move: Roost
|
|-weather|SunnyDay|[upkeep]
|-heal|p2a: Eternatus|94/100|[from] item: Black Sludge
|-heal|p1a: Corviknight|98/100|[from] item: Leftovers
|upkeep
|turn|14
|
|t:|1652535362
|switch|p1a: Blissey|Blissey, F|100/100
|move|p2a: Eternatus|Flamethrower|p1a: Blissey
|-damage|p1a: Blissey|88/100
|
|-weather|none
|-heal|p2a: Eternatus|100/100|[from] item: Black Sludge
|upkeep
|turn|15
|
|t:|1652535365
|switch|p2a: Ditto|Ditto|100/100
|-damage|p2a: Ditto|88/100|[from] Stealth Rock
|-transform|p2a: Ditto|p1a: Blissey|[from] ability: Imposter
|switch|p1a: Toxapex|Toxapex, M|99/100
|-damage|p1a: Toxapex|88/100|[from] Stealth Rock
|
|upkeep
|turn|16
|
|t:|1652535371
|switch|p1a: Shedinja|Shedinja|100/100
|move|p2a: Ditto|Aromatherapy|p2a: Ditto
|-activate|p2a: Ditto|move: Aromatherapy
|-curestatus|p2: Necrozma|brn|[msg]
|
|upkeep
|turn|17
|
|t:|1652535376
|switch|p2a: Necrozma|Necrozma-Dusk-Mane|81/100
|-damage|p2a: Necrozma|75/100|[from] Stealth Rock
|move|p1a: Shedinja|Will-O-Wisp|p2a: Necrozma|[miss]
|-miss|p1a: Shedinja|p2a: Necrozma
|
|-heal|p2a: Necrozma|81/100|[from] item: Leftovers
|upkeep
|turn|18
|
|t:|1652535382
|move|p2a: Necrozma|Thunder Wave|p1a: Shedinja
|-status|p1a: Shedinja|par
|cant|p1a: Shedinja|par
|
|-heal|p2a: Necrozma|87/100|[from] item: Leftovers
|upkeep
|turn|19
|
|t:|1652535401
|switch|p2a: Eternatus|Eternatus|100/100
|-damage|p2a: Eternatus|88/100|[from] Stealth Rock
|-ability|p2a: Eternatus|Pressure
|move|p1a: Shedinja|Will-O-Wisp|p2a: Eternatus
|-status|p2a: Eternatus|brn
|
|-heal|p2a: Eternatus|94/100 brn|[from] item: Black Sludge
|-damage|p2a: Eternatus|88/100 brn|[from] brn
|upkeep
|turn|20
|
|t:|1652535406
|switch|p2a: Yveltal|Yveltal|81/100
|-ability|p2a: Yveltal|Dark Aura
|switch|p1a: Toxapex|Toxapex, M|100/100
|-damage|p1a: Toxapex|88/100|[from] Stealth Rock
|
|upkeep
|turn|21
|
|t:|1652535409
|move|p2a: Yveltal|Knock Off|p1a: Toxapex
|-damage|p1a: Toxapex|66/100
|move|p1a: Toxapex|Scald|p2a: Yveltal
|-damage|p2a: Yveltal|72/100
|
|upkeep
|turn|22
|
|t:|1652535411
|move|p1a: Toxapex|Baneful Bunker|p1a: Toxapex
|-singleturn|p1a: Toxapex|move: Protect
|move|p2a: Yveltal|Knock Off|p1a: Toxapex
|-activate|p1a: Toxapex|move: Protect
|-status|p2a: Yveltal|psn
|
|-damage|p2a: Yveltal|60/100 psn|[from] psn
|upkeep
|turn|23
|
|t:|1652535423
|switch|p2a: Groudon|Groudon|91/100
|-damage|p2a: Groudon|84/100|[from] Stealth Rock
|-weather|SunnyDay|[from] ability: Drought|[of] p2a: Groudon
|move|p1a: Toxapex|Scald|p2a: Groudon
|-supereffective|p2a: Groudon
|-damage|p2a: Groudon|66/100
|
|-weather|SunnyDay|[upkeep]
|upkeep
|turn|24
|
|t:|1652535426
|switch|p1a: Corviknight|Corviknight, M|98/100
|-damage|p1a: Corviknight|85/100|[from] Stealth Rock
|-ability|p1a: Corviknight|Pressure
|move|p2a: Groudon|Swords Dance|p2a: Groudon
|-boost|p2a: Groudon|atk|2
|
|-weather|SunnyDay|[upkeep]
|-heal|p1a: Corviknight|92/100|[from] item: Leftovers
|upkeep
|turn|25
|
|t:|1652535428
|move|p2a: Groudon|Stone Edge|p1a: Corviknight|[miss]
|-miss|p2a: Groudon|p1a: Corviknight
|move|p1a: Corviknight|Iron Defense|p1a: Corviknight
|-boost|p1a: Corviknight|def|2
|
|-weather|SunnyDay|[upkeep]
|-heal|p1a: Corviknight|98/100|[from] item: Leftovers
|upkeep
|turn|26
|
|t:|1652535432
|switch|p2a: Eternatus|Eternatus|88/100 brn
|-damage|p2a: Eternatus|76/100 brn|[from] Stealth Rock
|-ability|p2a: Eternatus|Pressure
|move|p1a: Corviknight|Iron Defense|p1a: Corviknight
|-boost|p1a: Corviknight|def|2
|
|-weather|SunnyDay|[upkeep]
|-heal|p2a: Eternatus|82/100 brn|[from] item: Black Sludge
|-heal|p1a: Corviknight|100/100|[from] item: Leftovers
|-damage|p2a: Eternatus|76/100 brn|[from] brn
|upkeep
|turn|27
|
|t:|1652535436
|switch|p1a: Toxapex|Toxapex, M|99/100
|-damage|p1a: Toxapex|87/100|[from] Stealth Rock
|move|p2a: Eternatus|Flamethrower|p1a: Toxapex
|-resisted|p1a: Toxapex
|-damage|p1a: Toxapex|70/100
|
|-weather|none
|-heal|p2a: Eternatus|82/100 brn|[from] item: Black Sludge
|-damage|p2a: Eternatus|76/100 brn|[from] brn
|upkeep
|turn|28
|
|t:|1652535439
|switch|p1a: Yveltal|Yveltal|100/100
|-ability|p1a: Yveltal|Dark Aura
|move|p2a: Eternatus|Flamethrower|p1a: Yveltal
|-damage|p1a: Yveltal|84/100
|
|-heal|p2a: Eternatus|82/100 brn|[from] item: Black Sludge
|-damage|p2a: Eternatus|76/100 brn|[from] brn
|upkeep
|turn|29
|
|t:|1652535441
|move|p2a: Eternatus|Toxic|p1a: Yveltal
|-status|p1a: Yveltal|tox
|move|p1a: Yveltal|Knock Off|p2a: Eternatus
|-damage|p2a: Eternatus|43/100 brn
|-enditem|p2a: Eternatus|Black Sludge|[from] move: Knock Off|[of] p1a: Yveltal
|
|-damage|p1a: Yveltal|77/100 tox|[from] psn
|-damage|p2a: Eternatus|37/100 brn|[from] brn
|upkeep
|turn|30
|
|t:|1652535444
|move|p2a: Eternatus|Recover|p2a: Eternatus
|-heal|p2a: Eternatus|87/100 brn
|move|p1a: Yveltal|Knock Off|p2a: Eternatus
|-damage|p2a: Eternatus|67/100 brn
|
|-damage|p1a: Yveltal|65/100 tox|[from] psn
|-damage|p2a: Eternatus|61/100 brn|[from] brn
|upkeep
|turn|31
|
|t:|1652535449
|move|p2a: Eternatus|Recover|p2a: Eternatus
|-heal|p2a: Eternatus|100/100 brn
|move|p1a: Yveltal|Roost|p1a: Yveltal
|-heal|p1a: Yveltal|100/100 tox
|-singleturn|p1a: Yveltal|move: Roost
|
|-damage|p1a: Yveltal|82/100 tox|[from] psn
|-damage|p2a: Eternatus|94/100 brn|[from] brn
|upkeep
|turn|32
|
|t:|1652535452
|switch|p1a: Toxapex|Toxapex, M|100/100
|-damage|p1a: Toxapex|88/100|[from] Stealth Rock
|move|p2a: Eternatus|Flamethrower|p1a: Toxapex
|-resisted|p1a: Toxapex
|-damage|p1a: Toxapex|76/100
|
|-damage|p2a: Eternatus|88/100 brn|[from] brn
|upkeep
|turn|33
|
|t:|1652535454
|switch|p1a: Blissey|Blissey, F|88/100
|move|p2a: Eternatus|Flamethrower|p1a: Blissey
|-damage|p1a: Blissey|79/100
|
|-damage|p2a: Eternatus|82/100 brn|[from] brn
|upkeep
|turn|34
|
|t:|1652535457
|switch|p2a: Ditto|Ditto|88/100
|-damage|p2a: Ditto|76/100|[from] Stealth Rock
|-transform|p2a: Ditto|p1a: Blissey|[from] ability: Imposter
|move|p1a: Blissey|Aromatherapy|p1a: Blissey
|-activate|p1a: Blissey|move: Aromatherapy
|-curestatus|p1: Yveltal|tox|[msg]
|-curestatus|p1: Shedinja|par|[msg]
|
|upkeep
|turn|35
|
|t:|1652535460
|switch|p1a: Yveltal|Yveltal|82/100
|-ability|p1a: Yveltal|Dark Aura
|move|p2a: Ditto|Aromatherapy|p2a: Ditto
|-activate|p2a: Ditto|move: Aromatherapy
|-curestatus|p2: Yveltal|psn|[msg]
|-curestatus|p2: Eternatus|brn|[msg]
|
|upkeep
|turn|36
|
|t:|1652535463
|switch|p2a: Eternatus|Eternatus|82/100
|-damage|p2a: Eternatus|70/100|[from] Stealth Rock
|-ability|p2a: Eternatus|Pressure
|move|p1a: Yveltal|Substitute|p1a: Yveltal
|-start|p1a: Yveltal|Substitute
|-damage|p1a: Yveltal|57/100
|
|upkeep
|turn|37
|
|t:|1652535465
|move|p2a: Eternatus|Dynamax Cannon|p1a: Yveltal
|-crit|p1a: Yveltal
|-end|p1a: Yveltal|Substitute
|move|p1a: Yveltal|Roost|p1a: Yveltal
|-heal|p1a: Yveltal|100/100
|-singleturn|p1a: Yveltal|move: Roost
|
|upkeep
|turn|38
|
|t:|1652535468
|switch|p1a: Toxapex|Toxapex, M|100/100
|-damage|p1a: Toxapex|88/100|[from] Stealth Rock
|move|p2a: Eternatus|Recover|p2a: Eternatus
|-heal|p2a: Eternatus|100/100
|
|upkeep
|turn|39
|
|t:|1652535472
|switch|p1a: Blissey|Blissey, F|79/100
|move|p2a: Eternatus|Flamethrower|p1a: Blissey
|-damage|p1a: Blissey|72/100
|
|upkeep
|turn|40
|
|t:|1652535480
|switch|p2a: Yveltal|Yveltal|60/100
|-ability|p2a: Yveltal|Dark Aura
|switch|p1a: Toxapex|Toxapex, M|100/100
|-damage|p1a: Toxapex|88/100|[from] Stealth Rock
|
|upkeep
|turn|41
|
|t:|1652535485
|move|p1a: Toxapex|Baneful Bunker|p1a: Toxapex
|-singleturn|p1a: Toxapex|move: Protect
|move|p2a: Yveltal|Roost|p2a: Yveltal
|-heal|p2a: Yveltal|100/100
|-singleturn|p2a: Yveltal|move: Roost
|
|upkeep
|turn|42
|
|t:|1652535499
|switch|p2a: Eternatus|Eternatus|100/100
|-damage|p2a: Eternatus|88/100|[from] Stealth Rock
|-ability|p2a: Eternatus|Pressure
|move|p1a: Toxapex|Scald|p2a: Eternatus
|-resisted|p2a: Eternatus
|-damage|p2a: Eternatus|82/100
|
|upkeep
|turn|43
|
|t:|1652535506
|switch|p2a: Yveltal|Yveltal|100/100
|-ability|p2a: Yveltal|Dark Aura
|switch|p1a: Blissey|Blissey, F|72/100
|
|upkeep
|turn|44
|
|t:|1652535510
|switch|p1a: Toxapex|Toxapex, M|100/100
|-damage|p1a: Toxapex|88/100|[from] Stealth Rock
|move|p2a: Yveltal|Taunt|p1a: Toxapex
|-start|p1a: Toxapex|move: Taunt
|
|upkeep
|turn|45
|
|t:|1652535513
|switch|p2a: Eternatus|Eternatus|82/100
|-damage|p2a: Eternatus|70/100|[from] Stealth Rock
|-ability|p2a: Eternatus|Pressure
|switch|p1a: Yveltal|Yveltal|100/100
|-ability|p1a: Yveltal|Dark Aura
|
|upkeep
|turn|46
|
|t:|1652535516
|switch|p1a: Corviknight|Corviknight, M|100/100
|-damage|p1a: Corviknight|88/100|[from] Stealth Rock
|-ability|p1a: Corviknight|Pressure
|move|p2a: Eternatus|Toxic|p1a: Corviknight
|-immune|p1a: Corviknight
|
|-heal|p1a: Corviknight|94/100|[from] item: Leftovers
|upkeep
|turn|47
|
|t:|1652535521
|switch|p2a: Yveltal|Yveltal|100/100
|-ability|p2a: Yveltal|Dark Aura
|switch|p1a: Blissey|Blissey, F|72/100
|
|upkeep
|turn|48
|
|t:|1652535530
|switch|p1a: Toxapex|Toxapex, M|100/100
|-damage|p1a: Toxapex|88/100|[from] Stealth Rock
|move|p2a: Yveltal|Taunt|p1a: Toxapex
|-start|p1a: Toxapex|move: Taunt
|
|upkeep
|turn|49
|
|t:|1652535534
|move|p2a: Yveltal|Knock Off|p1a: Toxapex
|-damage|p1a: Toxapex|67/100
|move|p1a: Toxapex|Scald|p2a: Yveltal
|-damage|p2a: Yveltal|91/100
|-status|p2a: Yveltal|brn
|
|-damage|p2a: Yveltal|84/100 brn|[from] brn
|upkeep
|turn|50
|
|t:|1652535539
|switch|p2a: Eternatus|Eternatus|70/100
|-damage|p2a: Eternatus|58/100|[from] Stealth Rock
|-ability|p2a: Eternatus|Pressure
|switch|p1a: Steelix|Steelix, F|100/100
|-damage|p1a: Steelix|97/100|[from] Stealth Rock
|
|-heal|p1a: Steelix|100/100|[from] item: Leftovers
|upkeep
|turn|51
|
|t:|1652535542
|move|p2a: Eternatus|Recover|p2a: Eternatus
|-heal|p2a: Eternatus|100/100
|move|p1a: Steelix|Roar|p2a: Eternatus
|drag|p2a: Groudon|Groudon|66/100
|-damage|p2a: Groudon|60/100|[from] Stealth Rock
|-weather|SunnyDay|[from] ability: Drought|[of] p2a: Groudon
|
|-weather|SunnyDay|[upkeep]
|upkeep
|turn|52
|
|t:|1652535547
|switch|p2a: Yveltal|Yveltal|84/100 brn
|-ability|p2a: Yveltal|Dark Aura
|switch|p1a: Corviknight|Corviknight, M|94/100
|-damage|p1a: Corviknight|82/100|[from] Stealth Rock
|-ability|p1a: Corviknight|Pressure
|
|-weather|SunnyDay|[upkeep]
|-heal|p1a: Corviknight|88/100|[from] item: Leftovers
|-damage|p2a: Yveltal|78/100 brn|[from] brn
|upkeep
|turn|53
|
|t:|1652535552
|move|p2a: Yveltal|Defog|p1a: Corviknight
|-unboost|p1a: Corviknight|evasion|1
|-sideend|p1: Yati426|Stealth Rock|[from] move: Defog|[of] p2a: Yveltal
|-sideend|p2: Dark★Shionツ|Stealth Rock|[from] move: Defog|[of] p2a: Yveltal
|move|p1a: Corviknight|Body Press|p2a: Yveltal
|-damage|p2a: Yveltal|56/100 brn
|
|-weather|SunnyDay|[upkeep]
|-heal|p1a: Corviknight|94/100|[from] item: Leftovers
|-damage|p2a: Yveltal|50/100 brn|[from] brn
|upkeep
|turn|54
|
|t:|1652535557
|switch|p1a: Toxapex|Toxapex, M|99/100
|move|p2a: Yveltal|Roost|p2a: Yveltal
|-heal|p2a: Yveltal|99/100 brn
|-singleturn|p2a: Yveltal|move: Roost
|
|-weather|SunnyDay|[upkeep]
|-damage|p2a: Yveltal|94/100 brn|[from] brn
|upkeep
|turn|55
|
|t:|1652535561
|switch|p2a: Eternatus|Eternatus|100/100
|-ability|p2a: Eternatus|Pressure
|move|p1a: Toxapex|Haze|p1a: Toxapex
|-clearallboost
|
|-weather|none
|upkeep
|turn|56
|
|t:|1652535568
|switch|p2a: Kyogre|Kyogre|100/100
|-weather|RainDance|[from] ability: Drizzle|[of] p2a: Kyogre
|switch|p1a: Blissey|Blissey, F|72/100
|
|-weather|RainDance|[upkeep]
|upkeep
|turn|57
|
|t:|1652535572
|switch|p2a: Ditto|Ditto|76/100
|-transform|p2a: Ditto|p1a: Blissey|[from] ability: Imposter
|switch|p1a: Shedinja|Shedinja|100/100
|
|-weather|RainDance|[upkeep]
|upkeep
|turn|58
|
|t:|1652535577
|switch|p1a: Steelix|Steelix, F|100/100
|move|p2a: Ditto|Aromatherapy|p2a: Ditto
|-activate|p2a: Ditto|move: Aromatherapy
|-curestatus|p2: Yveltal|brn|[msg]
|
|-weather|RainDance|[upkeep]
|upkeep
|turn|59
|
|t:|1652535583
|switch|p2a: Yveltal|Yveltal|94/100
|-ability|p2a: Yveltal|Dark Aura
|move|p1a: Steelix|Stealth Rock|p2a: Yveltal
|-sidestart|p2: Dark★Shionツ|move: Stealth Rock
|
|-weather|RainDance|[upkeep]
|upkeep
|turn|60
|
|t:|1652535586
|move|p2a: Yveltal|Taunt|p1a: Steelix
|-start|p1a: Steelix|move: Taunt
|cant|p1a: Steelix|move: Taunt|Roar
|
|-weather|none
|upkeep
|turn|61
|
|t:|1652535589
|switch|p1a: Corviknight|Corviknight, M|94/100
|-ability|p1a: Corviknight|Pressure
|move|p2a: Yveltal|Defog|p1a: Corviknight
|-unboost|p1a: Corviknight|evasion|1
|-sideend|p2: Dark★Shionツ|Stealth Rock|[from] move: Defog|[of] p2a: Yveltal
|
|-heal|p1a: Corviknight|100/100|[from] item: Leftovers
|upkeep
|turn|62
|
|t:|1652535593
|switch|p1a: Toxapex|Toxapex, M|100/100
|move|p2a: Yveltal|Knock Off|p1a: Toxapex
|-damage|p1a: Toxapex|79/100
|
|upkeep
|turn|63
|
|t:|1652535596
|switch|p2a: Eternatus|Eternatus|100/100
|-ability|p2a: Eternatus|Pressure
|switch|p1a: Steelix|Steelix, F|100/100
|
|upkeep
|turn|64
|
|t:|1652535599
|switch|p1a: Blissey|Blissey, F|72/100
|move|p2a: Eternatus|Flamethrower|p1a: Blissey
|-damage|p1a: Blissey|64/100
|
|upkeep
|turn|65
|
|t:|1652535608
|switch|p2a: Ditto|Ditto|76/100
|-transform|p2a: Ditto|p1a: Blissey|[from] ability: Imposter
|move|p1a: Blissey|Soft-Boiled|p1a: Blissey
|-heal|p1a: Blissey|100/100
|
|upkeep
|turn|66
|
|t:|1652535615
|switch|p1a: Yveltal|Yveltal|100/100
|-ability|p1a: Yveltal|Dark Aura
|move|p2a: Ditto|Wish|p2a: Ditto
|
|upkeep
|turn|67
|
|t:|1652535619
|switch|p2a: Eternatus|Eternatus|100/100
|-ability|p2a: Eternatus|Pressure
|move|p1a: Yveltal|Knock Off|p2a: Eternatus
|-damage|p2a: Eternatus|79/100
|
|-heal|p2a: Eternatus|100/100|[from] move: Wish|[wisher] Ditto
|upkeep
|turn|68
|
|t:|1652535625
|switch|p2a: Yveltal|Yveltal|94/100
|-ability|p2a: Yveltal|Dark Aura
|switch|p1a: Blissey|Blissey, F|100/100
|
|upkeep
|turn|69
|
|t:|1652535630
|switch|p2a: Ditto|Ditto|76/100
|-transform|p2a: Ditto|p1a: Blissey|[from] ability: Imposter
|switch|p1a: Toxapex|Toxapex, M|100/100
|
|upkeep
|turn|70
|
|t:|1652535634
|switch|p1a: Yveltal|Yveltal|100/100
|-ability|p1a: Yveltal|Dark Aura
|move|p2a: Ditto|Wish|p2a: Ditto
|
|upkeep
|turn|71
|
|t:|1652535639
|switch|p2a: Groudon|Groudon|60/100
|-weather|SunnyDay|[from] ability: Drought|[of] p2a: Groudon
|move|p1a: Yveltal|Knock Off|p2a: Groudon
|-damage|p2a: Groudon|23/100
|-enditem|p2a: Groudon|Life Orb|[from] move: Knock Off|[of] p1a: Yveltal
|
|-weather|SunnyDay|[upkeep]
|-heal|p2a: Groudon|67/100|[from] move: Wish|[wisher] Ditto
|upkeep
|turn|72
|
|t:|1652535644
|switch|p2a: Eternatus|Eternatus|100/100
|-ability|p2a: Eternatus|Pressure
|switch|p1a: Corviknight|Corviknight, M|100/100
|-ability|p1a: Corviknight|Pressure
|
|-weather|SunnyDay|[upkeep]
|upkeep
|turn|73
|
|t:|1652535648
|switch|p2a: Groudon|Groudon|67/100
|switch|p1a: Toxapex|Toxapex, M|100/100
|
|-weather|SunnyDay|[upkeep]
|upkeep
|turn|74
|
|t:|1652535652
|switch|p2a: Yveltal|Yveltal|94/100
|-ability|p2a: Yveltal|Dark Aura
|switch|p1a: Corviknight|Corviknight, M|100/100
|-ability|p1a: Corviknight|Pressure
|
|-weather|SunnyDay|[upkeep]
|upkeep
|turn|75
|
|t:|1652535656
|switch|p1a: Toxapex|Toxapex, M|100/100
|move|p2a: Yveltal|Knock Off|p1a: Toxapex
|-damage|p1a: Toxapex|77/100
|
|-weather|none
|upkeep
|turn|76
|
|t:|1652535660
|switch|p1a: Steelix|Steelix, F|100/100
|move|p2a: Yveltal|Taunt|p1a: Steelix
|-start|p1a: Steelix|move: Taunt
|
|upkeep
|turn|77
|
|t:|1652535664
|switch|p2a: Kyogre|Kyogre|100/100
|-weather|RainDance|[from] ability: Drizzle|[of] p2a: Kyogre
|switch|p1a: Toxapex|Toxapex, M|100/100
|
|-weather|RainDance|[upkeep]
|upkeep
|turn|78
|
|t:|1652535667
|switch|p2a: Yveltal|Yveltal|94/100
|-ability|p2a: Yveltal|Dark Aura
|switch|p1a: Shedinja|Shedinja|100/100
|
|-weather|RainDance|[upkeep]
|upkeep
|turn|79
|
|t:|1652535670
|move|p1a: Shedinja|Protect|p1a: Shedinja
|-singleturn|p1a: Shedinja|Protect
|move|p2a: Yveltal|Taunt|p1a: Shedinja
|-activate|p1a: Shedinja|move: Protect
|
|-weather|RainDance|[upkeep]
|upkeep
|turn|80
|
|t:|1652535673
|switch|p1a: Toxapex|Toxapex, M|100/100
|move|p2a: Yveltal|Taunt|p1a: Toxapex
|-start|p1a: Toxapex|move: Taunt
|
|-weather|RainDance|[upkeep]
|upkeep
|turn|81
|
|t:|1652535677
|switch|p2a: Eternatus|Eternatus|100/100
|-ability|p2a: Eternatus|Pressure
|switch|p1a: Steelix|Steelix, F|100/100
|
|-weather|none
|upkeep
|turn|82
|
|t:|1652535680
|switch|p1a: Yveltal|Yveltal|100/100
|-ability|p1a: Yveltal|Dark Aura
|move|p2a: Eternatus|Flamethrower|p1a: Yveltal
|-damage|p1a: Yveltal|84/100
|
|upkeep
|turn|83
|
|t:|1652535684
|switch|p1a: Toxapex|Toxapex, M|100/100
|move|p2a: Eternatus|Toxic|p1a: Toxapex
|-immune|p1a: Toxapex
|
|upkeep
|turn|84
|
|t:|1652535687
|switch|p1a: Blissey|Blissey, F|100/100
|move|p2a: Eternatus|Flamethrower|p1a: Blissey
|-damage|p1a: Blissey|92/100
|
|upkeep
|turn|85
|
|t:|1652535690
|switch|p2a: Ditto|Ditto|76/100
|-transform|p2a: Ditto|p1a: Blissey|[from] ability: Imposter
|switch|p1a: Corviknight|Corviknight, M|100/100
|-ability|p1a: Corviknight|Pressure
|
|upkeep
|turn|86
|
|t:|1652535695
|switch|p2a: Eternatus|Eternatus|100/100
|-ability|p2a: Eternatus|Pressure
|move|p1a: Corviknight|Body Press|p2a: Eternatus
|-resisted|p2a: Eternatus
|-damage|p2a: Eternatus|92/100
|
|upkeep
|turn|87
|
|t:|1652535702
|switch|p2a: Groudon|Groudon|67/100
|-weather|SunnyDay|[from] ability: Drought|[of] p2a: Groudon
|move|p1a: Corviknight|Roost||[still]
|-fail|p1a: Corviknight|heal
|
|-weather|SunnyDay|[upkeep]
|upkeep
|turn|88
|
|t:|1652535706
|switch|p2a: Eternatus|Eternatus|92/100
|-ability|p2a: Eternatus|Pressure
|switch|p1a: Yveltal|Yveltal|84/100
|-ability|p1a: Yveltal|Dark Aura
|
|-weather|SunnyDay|[upkeep]
|upkeep
|turn|89
|
|t:|1652535711
|switch|p2a: Yveltal|Yveltal|94/100
|-ability|p2a: Yveltal|Dark Aura
|switch|p1a: Toxapex|Toxapex, M|100/100
|
|-weather|SunnyDay|[upkeep]
|upkeep
|turn|90
|
|t:|1652535715
|move|p1a: Toxapex|Baneful Bunker|p1a: Toxapex
|-singleturn|p1a: Toxapex|move: Protect
|move|p2a: Yveltal|Defog|p1a: Toxapex
|-activate|p1a: Toxapex|move: Protect
|
|-weather|SunnyDay|[upkeep]
|upkeep
|turn|91
|
|t:|1652535719
|switch|p1a: Steelix|Steelix, F|100/100
|move|p2a: Yveltal|Taunt|p1a: Steelix
|-start|p1a: Steelix|move: Taunt
|
|-weather|none
|upkeep
|turn|92
|
|t:|1652535722
|switch|p2a: Kyogre|Kyogre|100/100
|-weather|RainDance|[from] ability: Drizzle|[of] p2a: Kyogre
|switch|p1a: Toxapex|Toxapex, M|100/100
|
|-weather|RainDance|[upkeep]
|upkeep
|turn|93
|
|t:|1652535725
|switch|p2a: Necrozma|Necrozma-Dusk-Mane|87/100
|switch|p1a: Shedinja|Shedinja|100/100
|
|-weather|RainDance|[upkeep]
|-heal|p2a: Necrozma|93/100|[from] item: Leftovers
|upkeep
|turn|94
|
|t:|1652535733
|switch|p2a: Yveltal|Yveltal|94/100
|-ability|p2a: Yveltal|Dark Aura
|switch|p1a: Steelix|Steelix, F|100/100
|
|-weather|RainDance|[upkeep]
|upkeep
|turn|95
|
|t:|1652535739
|switch|p1a: Toxapex|Toxapex, M|100/100
|move|p2a: Yveltal|Taunt|p1a: Toxapex
|-start|p1a: Toxapex|move: Taunt
|
|-weather|RainDance|[upkeep]
|upkeep
|turn|96
|
|t:|1652535750
|switch|p1a: Steelix|Steelix, F|100/100
|move|p2a: Yveltal|Knock Off|p1a: Steelix
|-damage|p1a: Steelix|76/100
|-enditem|p1a: Steelix|Leftovers|[from] move: Knock Off|[of] p2a: Yveltal
|
|-weather|none
|upkeep
|turn|97
|
|t:|1652535757
|switch|p2a: Necrozma|Necrozma-Dusk-Mane|93/100
|move|p1a: Steelix|Stealth Rock|p2a: Necrozma
|-sidestart|p2: Dark★Shionツ|move: Stealth Rock
|
|-heal|p2a: Necrozma|99/100|[from] item: Leftovers
|upkeep
|turn|98
|
|t:|1652535762
|switch|p1a: Corviknight|Corviknight, M|100/100
|-ability|p1a: Corviknight|Pressure
|move|p2a: Necrozma|Stealth Rock|p1a: Corviknight
|-sidestart|p1: Yati426|move: Stealth Rock
|
|-heal|p2a: Necrozma|100/100|[from] item: Leftovers
|upkeep
|turn|99
|
|t:|1652535766
|switch|p1a: Yveltal|Yveltal|84/100
|-ability|p1a: Yveltal|Dark Aura
|move|p2a: Necrozma|Thunder Wave|p1a: Yveltal
|-status|p1a: Yveltal|par
|
|upkeep
|turn|100
|
|t:|1652535770
|switch|p1a: Shedinja|Shedinja|100/100
|move|p2a: Necrozma|Sunsteel Strike|p1a: Shedinja
|-damage|p1a: Shedinja|0 fnt
|faint|p1a: Shedinja
|
|upkeep
|-message|Yati426 forfeited.
|
|win|Dark★Shionツ
|raw|Yati426's rating: 1552 &rarr; <strong>1532</strong><br />(-20 for losing)
|raw|Dark★Shionツ's rating: 1545 &rarr; <strong>1565</strong><br />(+20 for winning)
|l|☆Yati426
||Ladder isn't responding, score probably updated but might not have (Request timeout).
