|raw|<div class="broadcast-blue"><strong>This battle is required to be public due to a player having a name starting with 'ULTBG7V'.</div>
|j|☆ULTBG7V Zoom zoom
|j|☆mitaiken horizon
|t:|1621862573
|gametype|singles
|player|p1|ULTBG7V Zoom zoom|zinnia|1670
|player|p2|mitaiken horizon|nurseryaide|1670
|teamsize|p1|6
|teamsize|p2|6
|gen|8
|tier|[Gen 8] Ubers
|rated|
|rule|Sleep Clause Mod: Limit one foe put to sleep
|rule|Species Clause: Limit one of each Pokémon
|rule|OHKO Clause: OHKO moves are banned
|rule|Evasion Moves Clause: Evasion moves are banned
|rule|Endless Battle Clause: Forcing endless battles is banned
|rule|HP Percentage Mod: HP is shown in percentages
|rule|Dynamax Clause: You cannot dynamax
|clearpoke
|poke|p1|Yveltal|
|poke|p1|Ditto|
|poke|p1|Calyrex-Shadow|
|poke|p1|Necrozma-Dusk-Mane|
|poke|p1|Blissey, F|
|poke|p1|Ho-Oh|
|poke|p2|Kyogre|
|poke|p2|Tangrowth, F|
|poke|p2|Calyrex-Shadow|
|poke|p2|Necrozma-Dusk-Mane|
|poke|p2|Yveltal|
|poke|p2|Eternatus|
|teampreview
|inactive|Battle timer is ON: inactive players will automatically lose when time's up. (requested by ULTBG7V Zoom zoom)
|j| Raph369
|c|☆ULTBG7V Zoom zoom|hf
|
|t:|1621862598
|start
|switch|p1a: Yveltal|Yveltal|100/100
|switch|p2a: Yveltal|Yveltal|100/100
|-ability|p1a: Yveltal|Dark Aura
|-ability|p2a: Yveltal|Dark Aura
|turn|1
|
|t:|1621862601
|move|p1a: Yveltal|Knock Off|p2a: Yveltal
|-resisted|p2a: Yveltal
|-damage|p2a: Yveltal|78/100
|-enditem|p2a: Yveltal|Heavy-Duty Boots|[from] move: Knock Off|[of] p1a: Yveltal
|move|p2a: Yveltal|Knock Off|p1a: Yveltal
|-resisted|p1a: Yveltal
|-damage|p1a: Yveltal|76/100
|-enditem|p1a: Yveltal|Heavy-Duty Boots|[from] move: Knock Off|[of] p2a: Yveltal
|
|upkeep
|turn|2
|
|t:|1621862604
|move|p1a: Yveltal|Foul Play|p2a: Yveltal
|-resisted|p2a: Yveltal
|-damage|p2a: Yveltal|58/100
|move|p2a: Yveltal|U-turn|p1a: Yveltal
|-damage|p1a: Yveltal|61/100
|
|t:|1621862607
|switch|p2a: Eternatus|Eternatus|100/100|[from]move: U-turn
|-ability|p2a: Eternatus|Pressure
|
|upkeep
|turn|3
|
|t:|1621862610
|switch|p2a: Yveltal|Yveltal|58/100
|-ability|p2a: Yveltal|Dark Aura
|switch|p1a: Blissey|Blissey, F|100/100
|
|upkeep
|turn|4
|j| Hrishioo7
|
|t:|1621862613
|move|p2a: Yveltal|Roost|p2a: Yveltal
|-heal|p2a: Yveltal|100/100
|-singleturn|p2a: Yveltal|move: Roost
|move|p1a: Blissey|Thunder Wave|p2a: Yveltal
|-status|p2a: Yveltal|par
|
|upkeep
|turn|5
|
|t:|1621862616
|switch|p1a: Yveltal|Yveltal|61/100
|-ability|p1a: Yveltal|Dark Aura
|move|p2a: Yveltal|U-turn|p1a: Yveltal
|-damage|p1a: Yveltal|46/100
|l| Raph369
|
|t:|1621862620
|switch|p2a: Kyogre|Kyogre|100/100|[from]move: U-turn
|-weather|RainDance|[from] ability: Drizzle|[of] p2a: Kyogre
|
|-weather|RainDance|[upkeep]
|upkeep
|turn|6
|
|t:|1621862625
|switch|p1a: Blissey|Blissey, F|100/100
|switch|p2a: Eternatus|Eternatus|100/100
|-ability|p2a: Eternatus|Pressure
|
|-weather|RainDance|[upkeep]
|upkeep
|turn|7
|
|t:|1621862630
|move|p2a: Eternatus|Substitute|p2a: Eternatus
|-start|p2a: Eternatus|Substitute
|-damage|p2a: Eternatus|76/100
|move|p1a: Blissey|Thunder Wave||[still]
|-fail|p1a: Blissey
|
|-weather|RainDance|[upkeep]
|-heal|p2a: Eternatus|82/100|[from] item: Black Sludge
|upkeep
|turn|8
|
|t:|1621862636
|move|p2a: Eternatus|Meteor Beam||[still]
|-prepare|p2a: Eternatus|Meteor Beam
|-boost|p2a: Eternatus|spa|1
|move|p1a: Blissey|Seismic Toss|p2a: Eternatus
|-activate|p2a: Eternatus|move: Substitute|[damage]
|
|-weather|RainDance|[upkeep]
|-heal|p2a: Eternatus|88/100|[from] item: Black Sludge
|upkeep
|turn|9
|
|t:|1621862639
|move|p2a: Eternatus|Meteor Beam|p1a: Blissey|[from]lockedmove
|-damage|p1a: Blissey|82/100
|move|p1a: Blissey|Seismic Toss|p2a: Eternatus
|-end|p2a: Eternatus|Substitute
|
|-weather|none
|-heal|p2a: Eternatus|94/100|[from] item: Black Sludge
|upkeep
|turn|10
|
|t:|1621862643
|move|p2a: Eternatus|Substitute|p2a: Eternatus
|-start|p2a: Eternatus|Substitute
|-damage|p2a: Eternatus|69/100
|move|p1a: Blissey|Confide|p2a: Eternatus
|-unboost|p2a: Eternatus|spa|1
|
|-heal|p2a: Eternatus|75/100|[from] item: Black Sludge
|upkeep
|turn|11
|
|t:|1621862649
|move|p2a: Eternatus|Meteor Beam||[still]
|-prepare|p2a: Eternatus|Meteor Beam
|-boost|p2a: Eternatus|spa|1
|move|p1a: Blissey|Seismic Toss|p2a: Eternatus
|-activate|p2a: Eternatus|move: Substitute|[damage]
|
|-heal|p2a: Eternatus|81/100|[from] item: Black Sludge
|upkeep
|turn|12
|
|t:|1621862653
|move|p2a: Eternatus|Meteor Beam|p1a: Blissey|[from]lockedmove
|-damage|p1a: Blissey|64/100
|move|p1a: Blissey|Seismic Toss|p2a: Eternatus
|-end|p2a: Eternatus|Substitute
|
|-heal|p2a: Eternatus|87/100|[from] item: Black Sludge
|upkeep
|turn|13
|
|t:|1621862655
|move|p2a: Eternatus|Substitute|p2a: Eternatus
|-start|p2a: Eternatus|Substitute
|-damage|p2a: Eternatus|62/100
|move|p1a: Blissey|Soft-Boiled|p1a: Blissey
|-heal|p1a: Blissey|100/100
|
|-heal|p2a: Eternatus|68/100|[from] item: Black Sludge
|upkeep
|turn|14
|
|t:|1621862659
|move|p2a: Eternatus|Meteor Beam||[still]
|-prepare|p2a: Eternatus|Meteor Beam
|-boost|p2a: Eternatus|spa|1
|move|p1a: Blissey|Confide|p2a: Eternatus
|-unboost|p2a: Eternatus|spa|1
|
|-heal|p2a: Eternatus|74/100|[from] item: Black Sludge
|upkeep
|turn|15
|
|t:|1621862661
|move|p2a: Eternatus|Meteor Beam|p1a: Blissey|[from]lockedmove
|-damage|p1a: Blissey|82/100
|move|p1a: Blissey|Confide|p2a: Eternatus
|-unboost|p2a: Eternatus|spa|1
|
|-heal|p2a: Eternatus|80/100|[from] item: Black Sludge
|upkeep
|turn|16
|
|t:|1621862665
|move|p2a: Eternatus|Meteor Beam||[still]
|-prepare|p2a: Eternatus|Meteor Beam
|-boost|p2a: Eternatus|spa|1
|move|p1a: Blissey|Confide|p2a: Eternatus
|-unboost|p2a: Eternatus|spa|1
|
|-heal|p2a: Eternatus|87/100|[from] item: Black Sludge
|upkeep
|turn|17
|
|t:|1621862668
|switch|p1a: Necrozma|Necrozma-Dusk-Mane|100/100
|move|p2a: Eternatus|Meteor Beam|p1a: Necrozma|[from]lockedmove
|-resisted|p1a: Necrozma
|-damage|p1a: Necrozma|84/100
|
|-heal|p2a: Eternatus|93/100|[from] item: Black Sludge
|upkeep
|turn|18
|
|t:|1621862675
|switch|p2a: Necrozma|Necrozma-Dusk-Mane|100/100
|move|p1a: Necrozma|Stealth Rock|p2a: Necrozma
|-sidestart|p2: mitaiken horizon|move: Stealth Rock
|
|upkeep
|turn|19
|
|t:|1621862679
|switch|p1a: Yveltal|Yveltal|46/100
|-ability|p1a: Yveltal|Dark Aura
|move|p2a: Necrozma|Stealth Rock|p1a: Yveltal
|-sidestart|p1: ULTBG7V Zoom zoom|move: Stealth Rock
|
|upkeep
|turn|20
|
|t:|1621862694
|switch|p2a: Eternatus|Eternatus|93/100
|-damage|p2a: Eternatus|80/100|[from] Stealth Rock
|-ability|p2a: Eternatus|Pressure
|move|p1a: Yveltal|Roost|p1a: Yveltal
|-heal|p1a: Yveltal|96/100
|-singleturn|p1a: Yveltal|move: Roost
|
|-heal|p2a: Eternatus|86/100|[from] item: Black Sludge
|upkeep
|turn|21
|
|t:|1621862700
|move|p2a: Eternatus|Substitute|p2a: Eternatus
|-start|p2a: Eternatus|Substitute
|-damage|p2a: Eternatus|61/100
|move|p1a: Yveltal|Knock Off|p2a: Eternatus
|-end|p2a: Eternatus|Substitute
|
|-heal|p2a: Eternatus|68/100|[from] item: Black Sludge
|upkeep
|turn|22
|
|t:|1621862703
|move|p2a: Eternatus|Recover|p2a: Eternatus
|-heal|p2a: Eternatus|100/100
|move|p1a: Yveltal|Knock Off|p2a: Eternatus
|-damage|p2a: Eternatus|61/100
|-enditem|p2a: Eternatus|Black Sludge|[from] move: Knock Off|[of] p1a: Yveltal
|
|upkeep
|turn|23
|
|t:|1621862707
|move|p2a: Eternatus|Recover|p2a: Eternatus
|-heal|p2a: Eternatus|100/100
|move|p1a: Yveltal|Taunt|p2a: Eternatus
|-start|p2a: Eternatus|move: Taunt
|
|upkeep
|turn|24
|
|t:|1621862710
|move|p2a: Eternatus|Meteor Beam||[still]
|-prepare|p2a: Eternatus|Meteor Beam
|-boost|p2a: Eternatus|spa|1
|move|p1a: Yveltal|Knock Off|p2a: Eternatus
|-damage|p2a: Eternatus|73/100
|
|upkeep
|turn|25
|
|t:|1621862714
|switch|p1a: Necrozma|Necrozma-Dusk-Mane|84/100
|-damage|p1a: Necrozma|78/100|[from] Stealth Rock
|move|p2a: Eternatus|Meteor Beam|p1a: Necrozma|[from]lockedmove
|-resisted|p1a: Necrozma
|-damage|p1a: Necrozma|54/100
|
|upkeep
|turn|26
|
|t:|1621862720
|switch|p2a: Tangrowth|Tangrowth, F|100/100
|-damage|p2a: Tangrowth|88/100|[from] Stealth Rock
|move|p1a: Necrozma|Morning Sun|p1a: Necrozma
|-heal|p1a: Necrozma|100/100
|
|upkeep
|turn|27
|inactive|ULTBG7V Zoom zoom has 120 seconds left.
|
|t:|1621862758
|move|p1a: Necrozma|Dragon Pulse|p2a: Tangrowth
|-damage|p2a: Tangrowth|58/100
|move|p2a: Tangrowth|Stun Spore|p1a: Necrozma
|-status|p1a: Necrozma|par
|
|upkeep
|turn|28
|
|t:|1621862766
|move|p2a: Tangrowth|Leech Seed|p1a: Necrozma
|-start|p1a: Necrozma|move: Leech Seed
|move|p1a: Necrozma|Dragon Pulse|p2a: Tangrowth
|-damage|p2a: Tangrowth|24/100
|
|-damage|p1a: Necrozma|88/100 par|[from] Leech Seed|[of] p2a: Tangrowth
|-heal|p2a: Tangrowth|36/100|[silent]
|upkeep
|turn|29
|j| im dumb srly
|
|t:|1621862772
|switch|p1a: Yveltal|Yveltal|96/100
|-damage|p1a: Yveltal|71/100|[from] Stealth Rock
|-ability|p1a: Yveltal|Dark Aura
|move|p2a: Tangrowth|Stun Spore|p1a: Yveltal
|-status|p1a: Yveltal|par
|
|upkeep
|turn|30
|l| im dumb srly
|
|t:|1621862785
|switch|p2a: Yveltal|Yveltal|100/100 par
|-damage|p2a: Yveltal|75/100 par|[from] Stealth Rock
|-ability|p2a: Yveltal|Dark Aura
|move|p1a: Yveltal|Knock Off|p2a: Yveltal
|-resisted|p2a: Yveltal
|-damage|p2a: Yveltal|62/100 par
|
|upkeep
|turn|31
|
|t:|1621862790
|switch|p1a: Ho-Oh|Ho-Oh|100/100
|cant|p2a: Yveltal|par
|
|upkeep
|turn|32
|
|t:|1621862799
|switch|p2a: Eternatus|Eternatus|73/100
|-damage|p2a: Eternatus|60/100|[from] Stealth Rock
|-ability|p2a: Eternatus|Pressure
|move|p1a: Ho-Oh|Brave Bird|p2a: Eternatus
|-damage|p2a: Eternatus|22/100
|-damage|p1a: Ho-Oh|86/100|[from] Recoil
|
|upkeep
|turn|33
|
|t:|1621862803
|switch|p1a: Calyrex|Calyrex-Shadow|100/100
|-ability|p1a: Calyrex|As One
|-ability|p1a: Calyrex|Unnerve
|-damage|p1a: Calyrex|88/100|[from] Stealth Rock
|move|p2a: Eternatus|Recover|p2a: Eternatus
|-heal|p2a: Eternatus|72/100
|
|upkeep
|turn|34
|
|t:|1621862811
|move|p1a: Calyrex|Astral Barrage|p2a: Eternatus
|-damage|p2a: Eternatus|11/100
|move|p2a: Eternatus|Recover|p2a: Eternatus
|-heal|p2a: Eternatus|61/100
|
|upkeep
|turn|35
|
|t:|1621862814
|move|p1a: Calyrex|Astral Barrage|p2a: Eternatus
|-damage|p2a: Eternatus|0 fnt
|faint|p2a: Eternatus
|-ability|p1a: Calyrex|Grim Neigh|boost
|-boost|p1a: Calyrex|spa|1
|
|upkeep
|
|t:|1621862816
|switch|p2a: Yveltal|Yveltal|62/100 par
|-damage|p2a: Yveltal|37/100 par|[from] Stealth Rock
|-ability|p2a: Yveltal|Dark Aura
|turn|36
|
|t:|1621862819
|move|p1a: Calyrex|Astral Barrage|p2a: Yveltal
|-resisted|p2a: Yveltal
|-damage|p2a: Yveltal|0 fnt
|faint|p2a: Yveltal
|-ability|p1a: Calyrex|Grim Neigh|boost
|-boost|p1a: Calyrex|spa|1
|
|upkeep
|
|t:|1621862823
|switch|p2a: Necrozma|Necrozma-Dusk-Mane|100/100
|-damage|p2a: Necrozma|94/100|[from] Stealth Rock
|turn|37
|
|t:|1621862825
|move|p2a: Necrozma|Protect|p2a: Necrozma
|-singleturn|p2a: Necrozma|Protect
|move|p1a: Calyrex|Astral Barrage|p2a: Necrozma
|-activate|p2a: Necrozma|move: Protect
|
|-heal|p2a: Necrozma|100/100|[from] item: Leftovers
|upkeep
|turn|38
|c|☆ULTBG7V Zoom zoom|oh
|c|☆ULTBG7V Zoom zoom|what
|
|t:|1621862839
|switch|p2a: Tangrowth|Tangrowth, F|70/100
|-damage|p2a: Tangrowth|57/100|[from] Stealth Rock
|move|p1a: Calyrex|Astral Barrage|p2a: Tangrowth
|-damage|p2a: Tangrowth|0 fnt
|faint|p2a: Tangrowth
|-ability|p1a: Calyrex|Grim Neigh|boost
|-boost|p1a: Calyrex|spa|1
|
|upkeep
|
|t:|1621862841
|switch|p2a: Necrozma|Necrozma-Dusk-Mane|100/100
|-damage|p2a: Necrozma|94/100|[from] Stealth Rock
|turn|39
|
|t:|1621862849
|switch|p1a: Ho-Oh|Ho-Oh|100/100
|switch|p2a: Calyrex|Calyrex-Shadow|100/100
|-ability|p2a: Calyrex|As One
|-ability|p2a: Calyrex|Unnerve
|-damage|p2a: Calyrex|88/100|[from] Stealth Rock
|
|upkeep
|turn|40
|
|t:|1621862852
|move|p2a: Calyrex|Trick|p1a: Ho-Oh
|-activate|p2a: Calyrex|move: Trick|[of] p1a: Ho-Oh
|-item|p1a: Ho-Oh|Choice Scarf|[from] move: Trick
|-item|p2a: Calyrex|Heavy-Duty Boots|[from] move: Trick
|move|p1a: Ho-Oh|Brave Bird|p2a: Calyrex
|-damage|p2a: Calyrex|21/100
|-damage|p1a: Ho-Oh|82/100|[from] Recoil
|
|upkeep
|turn|41
|
|t:|1621862864
|switch|p2a: Necrozma|Necrozma-Dusk-Mane|94/100
|-damage|p2a: Necrozma|88/100|[from] Stealth Rock
|switch|p1a: Necrozma|Necrozma-Dusk-Mane|88/100 par
|-damage|p1a: Necrozma|82/100 par|[from] Stealth Rock
|
|-heal|p2a: Necrozma|94/100|[from] item: Leftovers
|upkeep
|turn|42
|
|t:|1621862868
|switch|p2a: Kyogre|Kyogre|100/100
|-damage|p2a: Kyogre|88/100|[from] Stealth Rock
|-weather|RainDance|[from] ability: Drizzle|[of] p2a: Kyogre
|switch|p1a: Ho-Oh|Ho-Oh|100/100
|-damage|p1a: Ho-Oh|51/100|[from] Stealth Rock
|
|-weather|RainDance|[upkeep]
|-heal|p2a: Kyogre|94/100|[from] item: Leftovers
|upkeep
|turn|43
|
|t:|1621862875
|move|p1a: Ho-Oh|Defog|p2a: Kyogre
|-unboost|p2a: Kyogre|evasion|1
|-sideend|p2: mitaiken horizon|Stealth Rock|[from] move: Defog|[of] p1a: Ho-Oh
|-sideend|p1: ULTBG7V Zoom zoom|Stealth Rock|[from] move: Defog|[of] p1a: Ho-Oh
|move|p2a: Kyogre|Surf|p1a: Ho-Oh
|-supereffective|p1a: Ho-Oh
|-damage|p1a: Ho-Oh|0 fnt
|faint|p1a: Ho-Oh
|
|-weather|RainDance|[upkeep]
|-heal|p2a: Kyogre|100/100|[from] item: Leftovers
|upkeep
|
|t:|1621862879
|switch|p1a: Calyrex|Calyrex-Shadow|88/100
|-ability|p1a: Calyrex|As One
|-ability|p1a: Calyrex|Unnerve
|turn|44
|
|t:|1621862885
|switch|p2a: Necrozma|Necrozma-Dusk-Mane|94/100
|move|p1a: Calyrex|Astral Barrage|p2a: Necrozma
|-supereffective|p2a: Necrozma
|-damage|p2a: Necrozma|0 fnt
|faint|p2a: Necrozma
|-ability|p1a: Calyrex|Grim Neigh|boost
|-boost|p1a: Calyrex|spa|1
|
|-weather|RainDance|[upkeep]
|upkeep
|
|t:|1621862887
|switch|p2a: Calyrex|Calyrex-Shadow|21/100
|-ability|p2a: Calyrex|As One
|-ability|p2a: Calyrex|Unnerve
|turn|45
|
|t:|1621862890
|switch|p1a: Blissey|Blissey, F|82/100
|move|p2a: Calyrex|Astral Barrage|p1a: Blissey
|-immune|p1a: Blissey
|
|-weather|RainDance|[upkeep]
|upkeep
|turn|46
|
|t:|1621862894
|move|p2a: Calyrex|Psyshock|p1a: Blissey
|-damage|p1a: Blissey|33/100
|move|p1a: Blissey|Seismic Toss|p2a: Calyrex
|-immune|p2a: Calyrex
|
|-weather|none
|upkeep
|turn|47
|
|t:|1621862903
|switch|p2a: Kyogre|Kyogre|100/100
|-weather|RainDance|[from] ability: Drizzle|[of] p2a: Kyogre
|move|p1a: Blissey|Seismic Toss|p2a: Kyogre
|-damage|p2a: Kyogre|76/100
|
|-weather|RainDance|[upkeep]
|-heal|p2a: Kyogre|82/100|[from] item: Leftovers
|upkeep
|turn|48
|
|t:|1621862906
|move|p2a: Kyogre|Substitute|p2a: Kyogre
|-start|p2a: Kyogre|Substitute
|-damage|p2a: Kyogre|57/100
|move|p1a: Blissey|Confide|p2a: Kyogre
|-unboost|p2a: Kyogre|spa|1
|
|-weather|RainDance|[upkeep]
|-heal|p2a: Kyogre|63/100|[from] item: Leftovers
|upkeep
|turn|49
|
|t:|1621862908
|move|p2a: Kyogre|Calm Mind|p2a: Kyogre
|-boost|p2a: Kyogre|spa|1
|-boost|p2a: Kyogre|spd|1
|move|p1a: Blissey|Soft-Boiled|p1a: Blissey
|-heal|p1a: Blissey|83/100
|
|-weather|RainDance|[upkeep]
|-heal|p2a: Kyogre|69/100|[from] item: Leftovers
|upkeep
|turn|50
|
|t:|1621862910
|move|p2a: Kyogre|Calm Mind|p2a: Kyogre
|-boost|p2a: Kyogre|spa|1
|-boost|p2a: Kyogre|spd|1
|move|p1a: Blissey|Confide|p2a: Kyogre
|-unboost|p2a: Kyogre|spa|1
|
|-weather|RainDance|[upkeep]
|-heal|p2a: Kyogre|75/100|[from] item: Leftovers
|upkeep
|turn|51
|
|t:|1621862913
|move|p2a: Kyogre|Calm Mind|p2a: Kyogre
|-boost|p2a: Kyogre|spa|1
|-boost|p2a: Kyogre|spd|1
|move|p1a: Blissey|Confide|p2a: Kyogre
|-unboost|p2a: Kyogre|spa|1
|
|-weather|none
|-heal|p2a: Kyogre|82/100|[from] item: Leftovers
|upkeep
|turn|52
|
|t:|1621862915
|move|p2a: Kyogre|Toxic|p1a: Blissey
|-status|p1a: Blissey|tox
|move|p1a: Blissey|Seismic Toss|p2a: Kyogre
|-activate|p2a: Kyogre|move: Substitute|[damage]
|
|-heal|p2a: Kyogre|88/100|[from] item: Leftovers
|-damage|p1a: Blissey|77/100 tox|[from] psn
|upkeep
|turn|53
|
|t:|1621862918
|move|p2a: Kyogre|Calm Mind|p2a: Kyogre
|-boost|p2a: Kyogre|spa|1
|-boost|p2a: Kyogre|spd|1
|move|p1a: Blissey|Seismic Toss|p2a: Kyogre
|-end|p2a: Kyogre|Substitute
|
|-heal|p2a: Kyogre|94/100|[from] item: Leftovers
|-damage|p1a: Blissey|65/100 tox|[from] psn
|upkeep
|turn|54
|
|t:|1621862921
|switch|p1a: Necrozma|Necrozma-Dusk-Mane|82/100 par
|move|p2a: Kyogre|Substitute|p2a: Kyogre
|-start|p2a: Kyogre|Substitute
|-damage|p2a: Kyogre|69/100
|
|-heal|p2a: Kyogre|75/100|[from] item: Leftovers
|upkeep
|turn|55
|
|t:|1621862924
|switch|p1a: Blissey|Blissey, F|65/100
|move|p2a: Kyogre|Calm Mind|p2a: Kyogre
|-boost|p2a: Kyogre|spa|1
|-boost|p2a: Kyogre|spd|1
|
|-heal|p2a: Kyogre|81/100|[from] item: Leftovers
|upkeep
|turn|56
|
|t:|1621862927
|move|p2a: Kyogre|Toxic|p1a: Blissey
|-status|p1a: Blissey|tox
|move|p1a: Blissey|Confide|p2a: Kyogre
|-unboost|p2a: Kyogre|spa|1
|
|-heal|p2a: Kyogre|88/100|[from] item: Leftovers
|-damage|p1a: Blissey|59/100 tox|[from] psn
|upkeep
|turn|57
|
|t:|1621862931
|move|p2a: Kyogre|Calm Mind|p2a: Kyogre
|-boost|p2a: Kyogre|spa|1
|-boost|p2a: Kyogre|spd|1
|move|p1a: Blissey|Confide|p2a: Kyogre
|-unboost|p2a: Kyogre|spa|1
|
|-heal|p2a: Kyogre|94/100|[from] item: Leftovers
|-damage|p1a: Blissey|47/100 tox|[from] psn
|upkeep
|turn|58
|
|t:|1621862933
|move|p2a: Kyogre|Calm Mind|p2a: Kyogre
|-boost|p2a: Kyogre|spa|1
|-boost|p2a: Kyogre|spd|0
|move|p1a: Blissey|Soft-Boiled|p1a: Blissey
|-heal|p1a: Blissey|97/100 tox
|
|-heal|p2a: Kyogre|99/100|[from] item: Leftovers
|-damage|p1a: Blissey|78/100 tox|[from] psn
|upkeep
|turn|59
|
|t:|1621862936
|-curestatus|p1a: Blissey|tox|[from] ability: Natural Cure
|switch|p1a: Necrozma|Necrozma-Dusk-Mane|82/100 par
|move|p2a: Kyogre|Calm Mind|p2a: Kyogre
|-boost|p2a: Kyogre|spa|1
|-boost|p2a: Kyogre|spd|0
|
|-heal|p2a: Kyogre|100/100|[from] item: Leftovers
|upkeep
|turn|60
|
|t:|1621862939
|switch|p1a: Blissey|Blissey, F|78/100
|move|p2a: Kyogre|Calm Mind|p2a: Kyogre
|-boost|p2a: Kyogre|spa|1
|-boost|p2a: Kyogre|spd|0
|
|upkeep
|turn|61
|
|t:|1621862942
|move|p2a: Kyogre|Toxic|p1a: Blissey
|-status|p1a: Blissey|tox
|move|p1a: Blissey|Soft-Boiled|p1a: Blissey
|-heal|p1a: Blissey|100/100 tox
|
|-damage|p1a: Blissey|94/100 tox|[from] psn
|upkeep
|turn|62
|
|t:|1621862945
|-curestatus|p1a: Blissey|tox|[from] ability: Natural Cure
|switch|p1a: Necrozma|Necrozma-Dusk-Mane|82/100 par
|move|p2a: Kyogre|Calm Mind|p2a: Kyogre
|-boost|p2a: Kyogre|spa|1
|-boost|p2a: Kyogre|spd|0
|
|upkeep
|turn|63
|
|t:|1621862950
|switch|p1a: Blissey|Blissey, F|94/100
|move|p2a: Kyogre|Calm Mind|p2a: Kyogre
|-boost|p2a: Kyogre|spa|1
|-boost|p2a: Kyogre|spd|0
|
|upkeep
|turn|64
|
|t:|1621862953
|move|p2a: Kyogre|Surf|p1a: Blissey
|-damage|p1a: Blissey|29/100
|move|p1a: Blissey|Seismic Toss|p2a: Kyogre
|-activate|p2a: Kyogre|move: Substitute|[damage]
|
|upkeep
|turn|65
|
|t:|1621862958
|move|p2a: Kyogre|Surf|p1a: Blissey
|-damage|p1a: Blissey|0 fnt
|faint|p1a: Blissey
|
|upkeep
|
|t:|1621862964
|switch|p1a: Yveltal|Yveltal|71/100 par
|-ability|p1a: Yveltal|Dark Aura
|turn|66
|
|t:|1621862967
|move|p2a: Kyogre|Surf|p1a: Yveltal
|-damage|p1a: Yveltal|0 fnt
|faint|p1a: Yveltal
|
|upkeep
|
|t:|1621862968
|switch|p1a: Calyrex|Calyrex-Shadow|88/100
|-ability|p1a: Calyrex|As One
|-ability|p1a: Calyrex|Unnerve
|turn|67
|
|t:|1621862976
|move|p1a: Calyrex|Psyshock|p2a: Kyogre
|-end|p2a: Kyogre|Substitute
|move|p2a: Kyogre|Surf|p1a: Calyrex
|-damage|p1a: Calyrex|0 fnt
|faint|p1a: Calyrex
|
|upkeep
|
|t:|1621862979
|switch|p1a: Ditto|Ditto|100/100
|-transform|p1a: Ditto|p2a: Kyogre|[from] ability: Imposter
|-weather|RainDance|[from] ability: Drizzle|[of] p1a: Ditto
|turn|68
|
|t:|1621862983
|move|p1a: Ditto|Toxic|p2a: Kyogre
|-status|p2a: Kyogre|tox
|move|p2a: Kyogre|Toxic|p1a: Ditto
|-status|p1a: Ditto|tox
|
|-weather|RainDance|[upkeep]
|-damage|p1a: Ditto|94/100 tox|[from] psn
|-damage|p2a: Kyogre|94/100 tox|[from] psn
|upkeep
|turn|69
|
|t:|1621862986
|switch|p1a: Necrozma|Necrozma-Dusk-Mane|82/100 par
|switch|p2a: Calyrex|Calyrex-Shadow|21/100
|-ability|p2a: Calyrex|As One
|-ability|p2a: Calyrex|Unnerve
|
|-weather|RainDance|[upkeep]
|upkeep
|turn|70
|l| Hrishioo7
|
|t:|1621862990
|move|p2a: Calyrex|Astral Barrage|p1a: Necrozma
|-supereffective|p1a: Necrozma
|-damage|p1a: Necrozma|0 fnt
|faint|p1a: Necrozma
|-ability|p2a: Calyrex|Grim Neigh|boost
|-boost|p2a: Calyrex|spa|1
|
|-weather|RainDance|[upkeep]
|upkeep
|
|t:|1621862992
|switch|p1a: Ditto|Ditto|94/100 tox
|-transform|p1a: Ditto|p2a: Calyrex|[from] ability: Imposter
|turn|71
|
|t:|1621862995
|move|p1a: Ditto|Astral Barrage|p2a: Calyrex
|-supereffective|p2a: Calyrex
|-damage|p2a: Calyrex|0 fnt
|faint|p2a: Calyrex
|-ability|p1a: Ditto|Grim Neigh|boost
|-boost|p1a: Ditto|spa|1
|
|-weather|RainDance|[upkeep]
|-damage|p1a: Ditto|88/100 tox|[from] psn
|upkeep
|
|t:|1621862997
|switch|p2a: Kyogre|Kyogre|94/100 tox
|turn|72
|
|t:|1621862998
|move|p1a: Ditto|Astral Barrage|p2a: Kyogre
|-damage|p2a: Kyogre|4/100 tox
|move|p2a: Kyogre|Surf|p1a: Ditto
|-damage|p1a: Ditto|2/100 tox
|
|-weather|none
|-heal|p2a: Kyogre|11/100 tox|[from] item: Leftovers
|-damage|p1a: Ditto|0 fnt|[from] psn
|faint|p1a: Ditto
|
|win|mitaiken horizon
|upkeep
|raw|ULTBG7V Zoom zoom's rating: 1670 &rarr; <strong>1650</strong><br />(-20 for losing)
|raw|mitaiken horizon's rating: 1670 &rarr; <strong>1690</strong><br />(+20 for winning)
|l|☆ULTBG7V Zoom zoom
||Ladder isn't responding, score probably updated but might not have (Request timeout).
