|j|☆research club
|j|☆Starfall
|t:|1635950873
|gametype|singles
|player|p1|research club|266|
|player|p2|Starfall|ethan|
|teamsize|p1|6
|teamsize|p2|6
|gen|8
|tier|[Gen 8] Ubers
|rated|Tournament battle
|rule|Sleep Clause Mod: Limit one foe put to sleep
|rule|Species Clause: Limit one of each Pokémon
|rule|OHKO Clause: OHKO moves are banned
|rule|Evasion Moves Clause: Evasion moves are banned
|rule|Endless Battle Clause: Forcing endless battles is banned
|rule|HP Percentage Mod: HP is shown in percentages
|rule|Dynamax Clause: You cannot dynamax
|clearpoke
|poke|p1|Shuckle, F|
|poke|p1|Landorus, M|
|poke|p1|Zekrom|
|poke|p1|Yveltal|
|poke|p1|Xerneas-*|
|poke|p1|Calyrex-Shadow|
|poke|p2|Shuckle, F|
|poke|p2|Landorus, M|
|poke|p2|Zekrom|
|poke|p2|Yveltal|
|poke|p2|Xerneas-*|
|poke|p2|Calyrex-Shadow|
|teampreview
|inactive|Battle timer is ON: inactive players will automatically lose when time's up. (requested by Starfall)
|j| LeBarBURR2
|c|☆Starfall|hf inder
|j| Zenadark
|c|☆research club|u2 inder
|
|t:|1635950899
|start
|switch|p1a: Shuckle|Shuckle, F|100/100
|switch|p2a: Shuckle|Shuckle, F|100/100
|turn|1
|c| Zenadark|j'espère tu t eclates bro
|c|☆research club|ouais franchement c lourd
|c|☆Starfall|Je suis d’accord avec inder
|inactive|research club has 120 seconds left.
|
|t:|1635950930
|move|p1a: Shuckle|Sticky Web|p2a: Shuckle
|-sidestart|p2: Starfall|move: Sticky Web
|move|p2a: Shuckle|Sticky Web|p1a: Shuckle
|-sidestart|p1: research club|move: Sticky Web
|
|upkeep
|turn|2
|
|t:|1635950941
|move|p2a: Shuckle|Encore|p1a: Shuckle
|-start|p1a: Shuckle|Encore
|-enditem|p1a: Shuckle|Mental Herb
|-end|p1a: Shuckle|Encore
|move|p1a: Shuckle|Encore||[still]
|-fail|p1a: Shuckle
|
|upkeep
|turn|3
|
|t:|1635950953
|move|p2a: Shuckle|Encore||[still]
|-fail|p2a: Shuckle
|move|p1a: Shuckle|Encore||[still]
|-fail|p1a: Shuckle
|
|upkeep
|turn|4
|
|t:|1635950967
|move|p2a: Shuckle|Toxic|p1a: Shuckle|[miss]
|-miss|p2a: Shuckle|p1a: Shuckle
|move|p1a: Shuckle|Toxic|p2a: Shuckle
|-status|p2a: Shuckle|tox
|
|-damage|p2a: Shuckle|94/100 tox|[from] psn
|upkeep
|turn|5
|
|t:|1635950978
|move|p1a: Shuckle|Final Gambit|p2a: Shuckle
|-damage|p2a: Shuckle|0 fnt
|faint|p1a: Shuckle
|faint|p2a: Shuckle
|
|upkeep
|
|t:|1635950988
|switch|p1a: Landorus|Landorus, M|100/100
|switch|p2a: Landorus|Landorus, M|100/100
|turn|6
|
|t:|1635951001
|move|p1a: Landorus|Rock Slide|p2a: Landorus
|-damage|p2a: Landorus|52/100
|move|p2a: Landorus|Rock Slide|p1a: Landorus
|-damage|p1a: Landorus|50/100
|
|upkeep
|turn|7
|
|t:|1635951012
|move|p1a: Landorus|Rock Slide|p2a: Landorus
|-damage|p2a: Landorus|0 fnt
|faint|p2a: Landorus
|
|upkeep
|
|t:|1635951022
|switch|p2a: Xerneas|Xerneas|100/100
|-activate|p2a: Xerneas|move: Sticky Web
|-unboost|p2a: Xerneas|spe|1
|-ability|p2a: Xerneas|Fairy Aura
|turn|8
|
|t:|1635951042
|switch|p2a: Zekrom|Zekrom|100/100
|-activate|p2a: Zekrom|move: Sticky Web
|-unboost|p2a: Zekrom|spe|1
|-ability|p2a: Zekrom|Teravolt
|move|p1a: Landorus|Explosion|p2a: Zekrom
|-damage|p2a: Zekrom|0 fnt
|faint|p1a: Landorus
|faint|p2a: Zekrom
|
|upkeep
|c|☆research club|Pas mal la read bro
|c|☆Starfall|cimer le sang
|inactive|research club has 120 seconds left.
|
|t:|1635951074
|switch|p1a: Xerneas|Xerneas|100/100
|switch|p2a: Xerneas|Xerneas|100/100
|-activate|p2a: Xerneas|move: Sticky Web
|-unboost|p2a: Xerneas|spe|1
|-ability|p2a: Xerneas|Fairy Aura
|-activate|p1a: Xerneas|move: Sticky Web
|-unboost|p1a: Xerneas|spe|1
|-ability|p1a: Xerneas|Fairy Aura
|turn|9
|
|t:|1635951082
|move|p2a: Xerneas|Geomancy||[still]
|-prepare|p2a: Xerneas|Geomancy
|-enditem|p2a: Xerneas|Power Herb
|-anim|p2a: Xerneas|Geomancy|p2a: Xerneas
|-boost|p2a: Xerneas|spa|2
|-boost|p2a: Xerneas|spd|2
|-boost|p2a: Xerneas|spe|2
|move|p1a: Xerneas|Geomancy||[still]
|-prepare|p1a: Xerneas|Geomancy
|-enditem|p1a: Xerneas|Power Herb
|-anim|p1a: Xerneas|Geomancy|p1a: Xerneas
|-boost|p1a: Xerneas|spa|2
|-boost|p1a: Xerneas|spd|2
|-boost|p1a: Xerneas|spe|2
|
|upkeep
|turn|10
|
|t:|1635951089
|move|p1a: Xerneas|Geomancy||[still]
|-prepare|p1a: Xerneas|Geomancy
|move|p2a: Xerneas|Moonblast|p1a: Xerneas
|-damage|p1a: Xerneas|33/100
|-unboost|p1a: Xerneas|spa|1
|
|upkeep
|turn|11
|c|☆research club|Oh le miss click
|c|☆research club|noooon
|c| Zenadark|en tout cas tu sortiras gagnant dans tous les cas mdr
|
|t:|1635951110
|move|p2a: Xerneas|Substitute|p2a: Xerneas
|-start|p2a: Xerneas|Substitute
|-damage|p2a: Xerneas|76/100
|move|p1a: Xerneas|Geomancy|p1a: Xerneas|[from]lockedmove
|-boost|p1a: Xerneas|spa|2
|-boost|p1a: Xerneas|spd|2
|-boost|p1a: Xerneas|spe|2
|
|upkeep
|turn|12
|c|☆research club|ui…
|inactive|research club has 120 seconds left.
|inactive|Starfall has 120 seconds left.
|
|t:|1635951143
|move|p1a: Xerneas|Moonblast|p2a: Xerneas
|-end|p2a: Xerneas|Substitute
|move|p2a: Xerneas|Geomancy||[still]
|-prepare|p2a: Xerneas|Geomancy
|
|upkeep
|turn|13
|inactive|research club has 120 seconds left.
|
|t:|1635951160
|move|p1a: Xerneas|Substitute|p1a: Xerneas
|-start|p1a: Xerneas|Substitute
|-damage|p1a: Xerneas|8/100
|move|p2a: Xerneas|Geomancy|p2a: Xerneas|[from]lockedmove
|-boost|p2a: Xerneas|spa|2
|-boost|p2a: Xerneas|spd|2
|-boost|p2a: Xerneas|spe|2
|
|upkeep
|turn|14
|inactive|Starfall has 120 seconds left.
|
|t:|1635951181
|move|p2a: Xerneas|Moonblast|p1a: Xerneas
|-end|p1a: Xerneas|Substitute
|move|p1a: Xerneas|Moonblast|p2a: Xerneas
|-damage|p2a: Xerneas|20/100
|
|upkeep
|turn|15
|inactive|research club has 120 seconds left.
|
|t:|1635951190
|move|p2a: Xerneas|Moonblast|p1a: Xerneas
|-damage|p1a: Xerneas|0 fnt
|faint|p1a: Xerneas
|
|upkeep
|inactive|research club has 120 seconds left.
|c|☆Starfall|Jtai eu
|
|t:|1635951208
|switch|p1a: Yveltal|Yveltal|100/100
|-ability|p1a: Yveltal|Dark Aura
|turn|16
|
|t:|1635951217
|move|p1a: Yveltal|Sucker Punch|p2a: Xerneas
|-resisted|p2a: Xerneas
|-damage|p2a: Xerneas|0 fnt
|faint|p2a: Xerneas
|-damage|p1a: Yveltal|91/100|[from] item: Life Orb
|
|upkeep
|inactive|Starfall has 120 seconds left.
|c|☆research club|Et boom
|
|t:|1635951237
|switch|p2a: Yveltal|Yveltal|100/100
|-ability|p2a: Yveltal|Dark Aura
|turn|17
|
|t:|1635951246
|move|p1a: Yveltal|Oblivion Wing|p2a: Yveltal
|-damage|p2a: Yveltal|61/100
|-heal|p1a: Yveltal|100/100|[from] drain|[of] p2a: Yveltal
|-damage|p1a: Yveltal|91/100|[from] item: Life Orb
|move|p2a: Yveltal|Oblivion Wing|p1a: Yveltal
|-damage|p1a: Yveltal|50/100
|-heal|p2a: Yveltal|91/100|[from] drain|[of] p1a: Yveltal
|-damage|p2a: Yveltal|81/100|[from] item: Life Orb
|
|upkeep
|turn|18
|
|t:|1635951263
|move|p2a: Yveltal|Oblivion Wing|p1a: Yveltal
|-damage|p1a: Yveltal|12/100
|-heal|p2a: Yveltal|100/100|[from] drain|[of] p1a: Yveltal
|-damage|p2a: Yveltal|91/100|[from] item: Life Orb
|move|p1a: Yveltal|Oblivion Wing|p2a: Yveltal
|-damage|p2a: Yveltal|53/100
|-heal|p1a: Yveltal|41/100|[from] drain|[of] p2a: Yveltal
|-damage|p1a: Yveltal|31/100|[from] item: Life Orb
|
|upkeep
|turn|19
|
|t:|1635951271
|move|p1a: Yveltal|Oblivion Wing|p2a: Yveltal
|-damage|p2a: Yveltal|11/100
|-heal|p1a: Yveltal|62/100|[from] drain|[of] p2a: Yveltal
|-damage|p1a: Yveltal|52/100|[from] item: Life Orb
|move|p2a: Yveltal|Oblivion Wing|p1a: Yveltal
|-damage|p1a: Yveltal|15/100
|-heal|p2a: Yveltal|39/100|[from] drain|[of] p1a: Yveltal
|-damage|p2a: Yveltal|29/100|[from] item: Life Orb
|
|upkeep
|turn|20
|
|t:|1635951281
|move|p1a: Yveltal|Oblivion Wing|p2a: Yveltal
|-damage|p2a: Yveltal|0 fnt
|-heal|p1a: Yveltal|36/100|[from] drain|[of] p2a: Yveltal
|faint|p2a: Yveltal
|-damage|p1a: Yveltal|26/100|[from] item: Life Orb
|
|upkeep
|c|☆Starfall|Oh la tie…
|inactive|Starfall has 120 seconds left.
|c|☆research club|J’ai été meilleur akhy
|
|t:|1635951312
|switch|p2a: Calyrex|Calyrex-Shadow|100/100
|-ability|p2a: Calyrex|As One
|-ability|p2a: Calyrex|Unnerve
|-activate|p2a: Calyrex|move: Sticky Web
|-unboost|p2a: Calyrex|spe|1
|turn|21
|l| LeBarBURR2
|c|☆research club|Go tenter la calyrex war
|inactive|Starfall has 90 seconds left.
|c|☆Starfall|vrai homme win
|c|☆Starfall|la yie
|c|☆research club|Agree w u
|
|t:|1635951358
|move|p1a: Yveltal|Taunt|p2a: Calyrex
|-start|p2a: Calyrex|move: Taunt
|move|p2a: Calyrex|Draining Kiss|p1a: Yveltal
|-supereffective|p1a: Yveltal
|-damage|p1a: Yveltal|0 fnt
|faint|p1a: Yveltal
|-ability|p2a: Calyrex|Grim Neigh|boost
|-boost|p2a: Calyrex|spa|1
|
|upkeep
|
|t:|1635951370
|switch|p1a: Zekrom|Zekrom|100/100
|-activate|p1a: Zekrom|move: Sticky Web
|-unboost|p1a: Zekrom|spe|1
|-ability|p1a: Zekrom|Teravolt
|turn|22
|
|t:|1635951378
|move|p2a: Calyrex|Astral Barrage|p1a: Zekrom
|-damage|p1a: Zekrom|0 fnt
|faint|p1a: Zekrom
|-ability|p2a: Calyrex|Grim Neigh|boost
|-boost|p2a: Calyrex|spa|1
|
|upkeep
|
|t:|1635951386
|switch|p1a: Calyrex|Calyrex-Shadow|100/100
|-ability|p1a: Calyrex|As One
|-ability|p1a: Calyrex|Unnerve
|-activate|p1a: Calyrex|move: Sticky Web
|-unboost|p1a: Calyrex|spe|1
|turn|23
|inactive|Starfall has 90 seconds left.
|c|☆Starfall|ALLER CALYREX
|
|t:|1635951399
|move|p1a: Calyrex|Astral Barrage|p2a: Calyrex
|-supereffective|p2a: Calyrex
|-enditem|p2a: Calyrex|Focus Sash
|-damage|p2a: Calyrex|1/100
|move|p2a: Calyrex|Astral Barrage|p1a: Calyrex
|-supereffective|p1a: Calyrex
|-enditem|p1a: Calyrex|Focus Sash
|-damage|p1a: Calyrex|1/100
|
|-end|p2a: Calyrex|move: Taunt
|upkeep
|turn|24
|inactive|Starfall has 90 seconds left.
|c|☆research club|VASY MON PETIT
|
|t:|1635951418
|move|p2a: Calyrex|Astral Barrage|p1a: Calyrex
|-supereffective|p1a: Calyrex
|-damage|p1a: Calyrex|0 fnt
|faint|p1a: Calyrex
|
|win|Starfall
|n|☆research club|researchclub
|n|☆Starfall|starfall
|n| Zenadark|zenadark
