|j|☆ewqw
|j|☆BUTTOBASU
|t:|1610963328
|player|p1|ewqw|falkner|1397
|player|p2|BUTTOBASU|102|1327
|teamsize|p1|6
|teamsize|p2|6
|gametype|singles
|gen|8
|tier|[Gen 8] Ubers
|rated|
|clearpoke
|poke|p1|Quagsire, F|
|poke|p1|Gothitelle, F|
|poke|p1|Ferrothorn, F|
|poke|p1|Yveltal|
|poke|p1|Toxapex, M|
|poke|p1|Slowking-Galar, M|
|poke|p2|Xerneas|
|poke|p2|Yveltal|
|poke|p2|Zygarde|
|poke|p2|Marshadow|
|poke|p2|Kyogre|
|poke|p2|Necrozma-Dusk-Mane|
|rule|Sleep Clause Mod: Limit one foe put to sleep
|rule|Species Clause: Limit one of each Pokémon
|rule|OHKO Clause: OHKO moves are banned
|rule|Evasion Moves Clause: Evasion moves are banned
|rule|Endless Battle Clause: Forcing endless battles is banned
|rule|HP Percentage Mod: HP is shown in percentages
|rule|Dynamax Clause: You cannot dynamax
|teampreview
|inactive|Battle timer is ON: inactive players will automatically lose when time's up. (requested by BUTTOBASU)
|
|t:|1610963346
|start
|switch|p1a: Ferrothorn|Ferrothorn, F|100/100
|switch|p2a: Zygarde|Zygarde|100/100
|turn|1
|
|t:|1610963355
|move|p2a: Zygarde|Glare|p1a: Ferrothorn
|-status|p1a: Ferrothorn|par
|move|p1a: Ferrothorn|Power Whip|p2a: Zygarde
|-damage|p2a: Zygarde|72/100
|
|-heal|p2a: Zygarde|78/100|[from] item: Leftovers
|upkeep
|turn|2
|
|t:|1610963365
|move|p1a: Ferrothorn|Stealth Rock|p2a: Zygarde
|-sidestart|p2: BUTTOBASU|move: Stealth Rock
|move|p2a: Zygarde|Dragon Tail|p1a: Ferrothorn
|-resisted|p1a: Ferrothorn
|-damage|p1a: Ferrothorn|89/100 par
|-damage|p2a: Zygarde|66/100|[from] ability: Iron Barbs|[of] p1a: Ferrothorn
|drag|p1a: Gothitelle|Gothitelle, F|100/100
|
|-heal|p2a: Zygarde|72/100|[from] item: Leftovers
|upkeep
|turn|3
|
|t:|1610963377
|switch|p1a: Ferrothorn|Ferrothorn, F|89/100 par
|move|p2a: Zygarde|Glare|p1a: Ferrothorn
|-fail|p1a: Ferrothorn|par
|
|-heal|p2a: Zygarde|78/100|[from] item: Leftovers
|-heal|p1a: Ferrothorn|95/100 par|[from] item: Leftovers
|upkeep
|turn|4
|
|t:|1610963388
|move|p1a: Ferrothorn|Leech Seed|p2a: Zygarde
|-start|p2a: Zygarde|move: Leech Seed
|move|p2a: Zygarde|Dragon Tail|p1a: Ferrothorn
|-resisted|p1a: Ferrothorn
|-damage|p1a: Ferrothorn|84/100 par
|-damage|p2a: Zygarde|66/100|[from] ability: Iron Barbs|[of] p1a: Ferrothorn
|drag|p1a: Gothitelle|Gothitelle, F|100/100
|
|-heal|p2a: Zygarde|72/100|[from] item: Leftovers
|-damage|p2a: Zygarde|60/100|[from] Leech Seed|[of] p1a: Gothitelle
|upkeep
|turn|5
|
|t:|1610963399
|switch|p1a: Ferrothorn|Ferrothorn, F|84/100 par
|move|p2a: Zygarde|Thousand Arrows|p1a: Ferrothorn
|-damage|p1a: Ferrothorn|51/100 par
|
|-heal|p2a: Zygarde|66/100|[from] item: Leftovers
|-heal|p1a: Ferrothorn|57/100 par|[from] item: Leftovers
|-damage|p2a: Zygarde|53/100|[from] Leech Seed|[of] p1a: Ferrothorn
|-heal|p1a: Ferrothorn|72/100 par|[silent]
|upkeep
|turn|6
|
|t:|1610963411
|move|p1a: Ferrothorn|Protect|p1a: Ferrothorn
|-singleturn|p1a: Ferrothorn|Protect
|move|p2a: Zygarde|Thousand Arrows|p1a: Ferrothorn
|-activate|p1a: Ferrothorn|move: Protect
|
|-heal|p2a: Zygarde|60/100|[from] item: Leftovers
|-heal|p1a: Ferrothorn|78/100 par|[from] item: Leftovers
|-damage|p2a: Zygarde|47/100|[from] Leech Seed|[of] p1a: Ferrothorn
|-heal|p1a: Ferrothorn|93/100 par|[silent]
|-activate|p2a: Zygarde|ability: Power Construct
|detailschange|p2a: Zygarde|Zygarde-Complete
|-heal|p2a: Zygarde|65/100|[silent]
|upkeep
|turn|7
|
|t:|1610963424
|switch|p1a: Quagsire|Quagsire, F|100/100
|move|p2a: Zygarde|Thousand Arrows|p1a: Quagsire
|-damage|p1a: Quagsire|72/100
|
|-heal|p2a: Zygarde|71/100|[from] item: Leftovers
|-heal|p1a: Quagsire|78/100|[from] item: Leftovers
|-damage|p2a: Zygarde|59/100|[from] Leech Seed|[of] p1a: Quagsire
|-heal|p1a: Quagsire|98/100|[silent]
|upkeep
|turn|8
|
|t:|1610963444
|switch|p2a: Yveltal|Yveltal|100/100
|-damage|p2a: Yveltal|76/100|[from] Stealth Rock
|-ability|p2a: Yveltal|Dark Aura
|move|p1a: Quagsire|Scald|p2a: Yveltal
|-damage|p2a: Yveltal|59/100
|
|-heal|p1a: Quagsire|100/100|[from] item: Leftovers
|upkeep
|turn|9
|
|t:|1610963459
|switch|p1a: Yveltal|Yveltal|100/100
|-ability|p1a: Yveltal|Dark Aura
|move|p2a: Yveltal|Oblivion Wing|p1a: Yveltal
|-damage|p1a: Yveltal|79/100
|-heal|p2a: Yveltal|77/100|[from] drain|[of] p1a: Yveltal
|
|-heal|p1a: Yveltal|85/100|[from] item: Leftovers
|upkeep
|turn|10
|
|t:|1610963470
|move|p2a: Yveltal|Oblivion Wing|p1a: Yveltal
|-damage|p1a: Yveltal|64/100
|-heal|p2a: Yveltal|96/100|[from] drain|[of] p1a: Yveltal
|move|p1a: Yveltal|Substitute|p1a: Yveltal
|-start|p1a: Yveltal|Substitute
|-damage|p1a: Yveltal|39/100
|
|-heal|p1a: Yveltal|45/100|[from] item: Leftovers
|upkeep
|turn|11
|
|t:|1610963479
|move|p2a: Yveltal|Oblivion Wing|p1a: Yveltal
|-activate|p1a: Yveltal|move: Substitute|[damage]
|-heal|p2a: Yveltal|100/100|[from] drain|[of] p1a: Yveltal
|move|p1a: Yveltal|Roost|p1a: Yveltal
|-heal|p1a: Yveltal|95/100
|-singleturn|p1a: Yveltal|move: Roost
|
|-heal|p1a: Yveltal|100/100|[from] item: Leftovers
|upkeep
|turn|12
|
|t:|1610963496
|switch|p2a: Xerneas|Xerneas|100/100
|-damage|p2a: Xerneas|88/100|[from] Stealth Rock
|-ability|p2a: Xerneas|Fairy Aura
|move|p1a: Yveltal|Knock Off|p2a: Xerneas
|-resisted|p2a: Xerneas
|-damage|p2a: Xerneas|66/100
|-enditem|p2a: Xerneas|Power Herb|[from] move: Knock Off|[of] p1a: Yveltal
|
|upkeep
|turn|13
|
|t:|1610963508
|move|p1a: Yveltal|U-turn|p2a: Xerneas
|-resisted|p2a: Xerneas
|-damage|p2a: Xerneas|58/100
|
|t:|1610963512
|switch|p1a: Slowking|Slowking-Galar, M|100/100|[from]move: U-turn
|move|p2a: Xerneas|Moonblast|p1a: Slowking
|-resisted|p1a: Slowking
|-damage|p1a: Slowking|80/100
|
|-heal|p1a: Slowking|87/100|[from] item: Black Sludge
|upkeep
|turn|14
|inactive|BUTTOBASU has 120 seconds left.
|
|t:|1610963541
|switch|p2a: Zygarde|Zygarde-Complete|59/100
|-damage|p2a: Zygarde|53/100|[from] Stealth Rock
|move|p1a: Slowking|Flamethrower|p2a: Zygarde
|-resisted|p2a: Zygarde
|-damage|p2a: Zygarde|47/100
|
|-heal|p2a: Zygarde|53/100|[from] item: Leftovers
|-heal|p1a: Slowking|93/100|[from] item: Black Sludge
|upkeep
|turn|15
|inactive|BUTTOBASU has 120 seconds left.
|
|t:|1610963555
|switch|p1a: Quagsire|Quagsire, F|100/100
|move|p2a: Zygarde|Thousand Arrows|p1a: Quagsire
|-damage|p1a: Quagsire|70/100
|
|-heal|p2a: Zygarde|59/100|[from] item: Leftovers
|-heal|p1a: Quagsire|76/100|[from] item: Leftovers
|upkeep
|turn|16
|
|t:|1610963564
|move|p2a: Zygarde|Glare|p1a: Quagsire
|-status|p1a: Quagsire|par
|move|p1a: Quagsire|Scald|p2a: Zygarde
|-damage|p2a: Zygarde|48/100
|
|-heal|p2a: Zygarde|54/100|[from] item: Leftovers
|-heal|p1a: Quagsire|82/100 par|[from] item: Leftovers
|upkeep
|turn|17
|
|t:|1610963575
|move|p2a: Zygarde|Thousand Arrows|p1a: Quagsire
|-damage|p1a: Quagsire|55/100 par
|cant|p1a: Quagsire|par
|
|-heal|p2a: Zygarde|61/100|[from] item: Leftovers
|-heal|p1a: Quagsire|61/100 par|[from] item: Leftovers
|upkeep
|turn|18
|
|t:|1610963584
|move|p2a: Zygarde|Thousand Arrows|p1a: Quagsire
|-damage|p1a: Quagsire|29/100 par
|move|p1a: Quagsire|Recover|p1a: Quagsire
|-heal|p1a: Quagsire|79/100 par
|
|-heal|p2a: Zygarde|67/100|[from] item: Leftovers
|-heal|p1a: Quagsire|86/100 par|[from] item: Leftovers
|upkeep
|turn|19
|
|t:|1610963593
|move|p1a: Quagsire|Protect|p1a: Quagsire
|-singleturn|p1a: Quagsire|Protect
|move|p2a: Zygarde|Thousand Arrows|p1a: Quagsire
|-activate|p1a: Quagsire|move: Protect
|
|-heal|p2a: Zygarde|73/100|[from] item: Leftovers
|-heal|p1a: Quagsire|92/100 par|[from] item: Leftovers
|upkeep
|turn|20
|
|t:|1610963602
|move|p1a: Quagsire|Scald|p2a: Zygarde
|-damage|p2a: Zygarde|62/100
|move|p2a: Zygarde|Dragon Tail|p1a: Quagsire
|-damage|p1a: Quagsire|73/100 par
|drag|p1a: Ferrothorn|Ferrothorn, F|93/100 par
|
|-heal|p2a: Zygarde|68/100|[from] item: Leftovers
|-heal|p1a: Ferrothorn|99/100 par|[from] item: Leftovers
|upkeep
|turn|21
|
|t:|1610963613
|move|p2a: Zygarde|Thousand Arrows|p1a: Ferrothorn
|-damage|p1a: Ferrothorn|66/100 par
|cant|p1a: Ferrothorn|par
|
|-heal|p2a: Zygarde|75/100|[from] item: Leftovers
|-heal|p1a: Ferrothorn|72/100 par|[from] item: Leftovers
|upkeep
|turn|22
|
|t:|1610963621
|move|p1a: Ferrothorn|Protect|p1a: Ferrothorn
|-singleturn|p1a: Ferrothorn|Protect
|move|p2a: Zygarde|Thousand Arrows|p1a: Ferrothorn
|-activate|p1a: Ferrothorn|move: Protect
|
|-heal|p2a: Zygarde|81/100|[from] item: Leftovers
|-heal|p1a: Ferrothorn|78/100 par|[from] item: Leftovers
|upkeep
|turn|23
|
|t:|1610963630
|move|p2a: Zygarde|Thousand Arrows|p1a: Ferrothorn
|-damage|p1a: Ferrothorn|47/100 par
|cant|p1a: Ferrothorn|par
|
|-heal|p2a: Zygarde|87/100|[from] item: Leftovers
|-heal|p1a: Ferrothorn|53/100 par|[from] item: Leftovers
|upkeep
|turn|24
|
|t:|1610963639
|cant|p1a: Ferrothorn|par
|move|p2a: Zygarde|Thousand Arrows|p1a: Ferrothorn
|-damage|p1a: Ferrothorn|18/100 par
|
|-heal|p2a: Zygarde|93/100|[from] item: Leftovers
|-heal|p1a: Ferrothorn|25/100 par|[from] item: Leftovers
|upkeep
|turn|25
|
|t:|1610963650
|move|p1a: Ferrothorn|Protect|p1a: Ferrothorn
|-singleturn|p1a: Ferrothorn|Protect
|move|p2a: Zygarde|Thousand Arrows|p1a: Ferrothorn
|-activate|p1a: Ferrothorn|move: Protect
|
|-heal|p2a: Zygarde|99/100|[from] item: Leftovers
|-heal|p1a: Ferrothorn|31/100 par|[from] item: Leftovers
|upkeep
|turn|26
|
|t:|1610963658
|switch|p1a: Quagsire|Quagsire, F|73/100 par
|move|p2a: Zygarde|Thousand Arrows|p1a: Quagsire
|-damage|p1a: Quagsire|45/100 par
|
|-heal|p2a: Zygarde|100/100|[from] item: Leftovers
|-heal|p1a: Quagsire|51/100 par|[from] item: Leftovers
|upkeep
|turn|27
|
|t:|1610963668
|move|p1a: Quagsire|Recover|p1a: Quagsire
|-heal|p1a: Quagsire|100/100 par
|move|p2a: Zygarde|Dragon Tail|p1a: Quagsire
|-damage|p1a: Quagsire|79/100 par
|drag|p1a: Gothitelle|Gothitelle, F|100/100
|
|upkeep
|turn|28
|
|t:|1610963677
|move|p2a: Zygarde|Glare|p1a: Gothitelle
|-status|p1a: Gothitelle|par
|move|p1a: Gothitelle|Charm|p2a: Zygarde
|-unboost|p2a: Zygarde|atk|2
|
|upkeep
|turn|29
|
|t:|1610963698
|switch|p1a: Quagsire|Quagsire, F|79/100 par
|move|p2a: Zygarde|Dragon Tail|p1a: Quagsire
|-damage|p1a: Quagsire|58/100 par
|drag|p1a: Slowking|Slowking-Galar, M|100/100
|
|upkeep
|turn|30
|
|t:|1610963706
|switch|p1a: Quagsire|Quagsire, F|58/100 par
|move|p2a: Zygarde|Thousand Arrows|p1a: Quagsire
|-damage|p1a: Quagsire|28/100 par
|
|-heal|p1a: Quagsire|35/100 par|[from] item: Leftovers
|upkeep
|turn|31
|
|t:|1610963717
|move|p1a: Quagsire|Recover|p1a: Quagsire
|-heal|p1a: Quagsire|85/100 par
|move|p2a: Zygarde|Dragon Tail|p1a: Quagsire
|-damage|p1a: Quagsire|62/100 par
|drag|p1a: Gothitelle|Gothitelle, F|100/100 par
|
|upkeep
|turn|32
|
|t:|1610963730
|move|p1a: Gothitelle|Charm|p2a: Zygarde
|-unboost|p2a: Zygarde|atk|2
|move|p2a: Zygarde|Dragon Tail|p1a: Gothitelle
|-damage|p1a: Gothitelle|91/100 par
|drag|p1a: Slowking|Slowking-Galar, M|100/100
|
|upkeep
|turn|33
|
|t:|1610963737
|switch|p1a: Ferrothorn|Ferrothorn, F|31/100 par
|move|p2a: Zygarde|Glare|p1a: Ferrothorn
|-fail|p1a: Ferrothorn|par
|
|-heal|p1a: Ferrothorn|37/100 par|[from] item: Leftovers
|upkeep
|turn|34
|
|t:|1610963750
|switch|p2a: Yveltal|Yveltal|100/100
|-damage|p2a: Yveltal|76/100|[from] Stealth Rock
|-ability|p2a: Yveltal|Dark Aura
|move|p1a: Ferrothorn|Leech Seed|p2a: Yveltal
|-start|p2a: Yveltal|move: Leech Seed
|
|-heal|p1a: Ferrothorn|43/100 par|[from] item: Leftovers
|-damage|p2a: Yveltal|63/100|[from] Leech Seed|[of] p1a: Ferrothorn
|-heal|p1a: Ferrothorn|57/100 par|[silent]
|upkeep
|turn|35
|
|t:|1610963761
|move|p1a: Ferrothorn|Protect|p1a: Ferrothorn
|-singleturn|p1a: Ferrothorn|Protect
|move|p2a: Yveltal|Heat Wave|p1a: Ferrothorn
|-activate|p1a: Ferrothorn|move: Protect
|
|-heal|p1a: Ferrothorn|64/100 par|[from] item: Leftovers
|-damage|p2a: Yveltal|51/100|[from] Leech Seed|[of] p1a: Ferrothorn
|-heal|p1a: Ferrothorn|77/100 par|[silent]
|upkeep
|turn|36
|
|t:|1610963769
|switch|p1a: Yveltal|Yveltal|100/100
|-ability|p1a: Yveltal|Dark Aura
|move|p2a: Yveltal|Heat Wave|p1a: Yveltal
|-damage|p1a: Yveltal|81/100
|
|-heal|p1a: Yveltal|87/100|[from] item: Leftovers
|-damage|p2a: Yveltal|38/100|[from] Leech Seed|[of] p1a: Yveltal
|-heal|p1a: Yveltal|98/100|[silent]
|upkeep
|turn|37
|
|t:|1610963784
|switch|p2a: Zygarde|Zygarde-Complete|100/100
|-damage|p2a: Zygarde|94/100|[from] Stealth Rock
|move|p1a: Yveltal|Knock Off|p2a: Zygarde
|-damage|p2a: Zygarde|68/100
|-enditem|p2a: Zygarde|Leftovers|[from] move: Knock Off|[of] p1a: Yveltal
|
|-heal|p1a: Yveltal|100/100|[from] item: Leftovers
|upkeep
|turn|38
|
|t:|1610963795
|move|p1a: Yveltal|Substitute|p1a: Yveltal
|-start|p1a: Yveltal|Substitute
|-damage|p1a: Yveltal|75/100
|move|p2a: Zygarde|Glare||[still]
|-fail|p2a: Zygarde
|
|-heal|p1a: Yveltal|82/100|[from] item: Leftovers
|upkeep
|turn|39
|
|t:|1610963802
|move|p1a: Yveltal|Knock Off|p2a: Zygarde
|-damage|p2a: Zygarde|50/100
|move|p2a: Zygarde|Thousand Arrows|p1a: Yveltal
|-end|p1a: Yveltal|Substitute
|
|-heal|p1a: Yveltal|88/100|[from] item: Leftovers
|upkeep
|turn|40
|
|t:|1610963810
|move|p1a: Yveltal|Substitute|p1a: Yveltal
|-start|p1a: Yveltal|Substitute
|-damage|p1a: Yveltal|63/100
|move|p2a: Zygarde|Thousand Arrows|p1a: Yveltal
|-end|p1a: Yveltal|Substitute
|
|-heal|p1a: Yveltal|69/100|[from] item: Leftovers
|upkeep
|turn|41
|
|t:|1610963821
|move|p2a: Zygarde|Extreme Speed|p1a: Yveltal
|-damage|p1a: Yveltal|49/100
|move|p1a: Yveltal|Substitute|p1a: Yveltal
|-start|p1a: Yveltal|Substitute
|-damage|p1a: Yveltal|24/100
|
|-heal|p1a: Yveltal|31/100|[from] item: Leftovers
|upkeep
|turn|42
|
|t:|1610963829
|move|p2a: Zygarde|Extreme Speed|p1a: Yveltal
|-activate|p1a: Yveltal|move: Substitute|[damage]
|move|p1a: Yveltal|Roost|p1a: Yveltal
|-heal|p1a: Yveltal|81/100
|-singleturn|p1a: Yveltal|move: Roost
|
|-heal|p1a: Yveltal|87/100|[from] item: Leftovers
|upkeep
|turn|43
|
|t:|1610963844
|switch|p2a: Kyogre|Kyogre|100/100
|-damage|p2a: Kyogre|88/100|[from] Stealth Rock
|-weather|RainDance|[from] ability: Drizzle|[of] p2a: Kyogre
|move|p1a: Yveltal|Knock Off|p2a: Kyogre
|-damage|p2a: Kyogre|34/100
|-enditem|p2a: Kyogre|Iapapa Berry|[from] move: Knock Off|[of] p1a: Yveltal
|
|-weather|RainDance|[upkeep]
|-heal|p1a: Yveltal|93/100|[from] item: Leftovers
|upkeep
|turn|44
|
|t:|1610963855
|move|p1a: Yveltal|Knock Off|p2a: Kyogre
|-damage|p2a: Kyogre|1/100
|move|p2a: Kyogre|Thunder|p1a: Yveltal
|-supereffective|p1a: Yveltal
|-end|p1a: Yveltal|Substitute
|
|-weather|RainDance|[upkeep]
|-heal|p1a: Yveltal|99/100|[from] item: Leftovers
|upkeep
|turn|45
|
|t:|1610963866
|move|p1a: Yveltal|U-turn|p2a: Kyogre
|-damage|p2a: Kyogre|0 fnt
|faint|p2a: Kyogre
|
|t:|1610963871
|switch|p1a: Quagsire|Quagsire, F|62/100 par|[from]move: U-turn
|
|-weather|RainDance|[upkeep]
|-heal|p1a: Quagsire|69/100 par|[from] item: Leftovers
|upkeep
|
|t:|1610963891
|switch|p2a: Yveltal|Yveltal|38/100
|-damage|p2a: Yveltal|13/100|[from] Stealth Rock
|-ability|p2a: Yveltal|Dark Aura
|turn|46
|
|t:|1610963897
|switch|p1a: Yveltal|Yveltal|99/100
|-ability|p1a: Yveltal|Dark Aura
|move|p2a: Yveltal|Oblivion Wing|p1a: Yveltal
|-damage|p1a: Yveltal|74/100
|-heal|p2a: Yveltal|35/100|[from] drain|[of] p1a: Yveltal
|
|-weather|RainDance|[upkeep]
|-heal|p1a: Yveltal|81/100|[from] item: Leftovers
|upkeep
|turn|47
|
|t:|1610963908
|move|p2a: Yveltal|Oblivion Wing|p1a: Yveltal
|-damage|p1a: Yveltal|57/100
|-heal|p2a: Yveltal|55/100|[from] drain|[of] p1a: Yveltal
|move|p1a: Yveltal|Substitute|p1a: Yveltal
|-start|p1a: Yveltal|Substitute
|-damage|p1a: Yveltal|32/100
|
|-weather|none
|-heal|p1a: Yveltal|38/100|[from] item: Leftovers
|upkeep
|turn|48
|
|t:|1610963921
|move|p2a: Yveltal|Oblivion Wing|p1a: Yveltal
|-activate|p1a: Yveltal|move: Substitute|[damage]
|-heal|p2a: Yveltal|77/100|[from] drain|[of] p1a: Yveltal
|move|p1a: Yveltal|Roost|p1a: Yveltal
|-heal|p1a: Yveltal|88/100
|-singleturn|p1a: Yveltal|move: Roost
|
|-heal|p1a: Yveltal|94/100|[from] item: Leftovers
|upkeep
|turn|49
|
|t:|1610963931
|move|p2a: Yveltal|Oblivion Wing|p1a: Yveltal
|-end|p1a: Yveltal|Substitute
|-heal|p2a: Yveltal|77/100|[from] drain|[of] p1a: Yveltal
|move|p1a: Yveltal|Substitute|p1a: Yveltal
|-start|p1a: Yveltal|Substitute
|-damage|p1a: Yveltal|69/100
|
|-heal|p1a: Yveltal|75/100|[from] item: Leftovers
|upkeep
|turn|50
|
|t:|1610963940
|move|p2a: Yveltal|Oblivion Wing|p1a: Yveltal
|-activate|p1a: Yveltal|move: Substitute|[damage]
|-heal|p2a: Yveltal|97/100|[from] drain|[of] p1a: Yveltal
|move|p1a: Yveltal|Roost|p1a: Yveltal
|-heal|p1a: Yveltal|100/100
|-singleturn|p1a: Yveltal|move: Roost
|
|upkeep
|turn|51
|
|t:|1610963949
|move|p2a: Yveltal|Oblivion Wing|p1a: Yveltal
|-end|p1a: Yveltal|Substitute
|-heal|p2a: Yveltal|99/100|[from] drain|[of] p1a: Yveltal
|move|p1a: Yveltal|Substitute|p1a: Yveltal
|-start|p1a: Yveltal|Substitute
|-damage|p1a: Yveltal|75/100
|
|-heal|p1a: Yveltal|82/100|[from] item: Leftovers
|upkeep
|turn|52
|
|t:|1610963965
|switch|p2a: Xerneas|Xerneas|58/100
|-damage|p2a: Xerneas|46/100|[from] Stealth Rock
|-ability|p2a: Xerneas|Fairy Aura
|move|p1a: Yveltal|U-turn|p2a: Xerneas
|-resisted|p2a: Xerneas
|-damage|p2a: Xerneas|38/100
|
|t:|1610963968
|switch|p1a: Slowking|Slowking-Galar, M|100/100|[from]move: U-turn
|
|upkeep
|turn|53
|
|t:|1610963987
|switch|p2a: Necrozma|Necrozma-Dusk-Mane|100/100
|-damage|p2a: Necrozma|94/100|[from] Stealth Rock
|move|p1a: Slowking|Flamethrower|p2a: Necrozma
|-supereffective|p2a: Necrozma
|-damage|p2a: Necrozma|66/100
|
|upkeep
|turn|54
|
|t:|1610964002
|switch|p1a: Quagsire|Quagsire, F|69/100 par
|move|p2a: Necrozma|Sunsteel Strike|p1a: Quagsire
|-resisted|p1a: Quagsire
|-damage|p1a: Quagsire|46/100 par
|
|-heal|p1a: Quagsire|53/100 par|[from] item: Leftovers
|upkeep
|turn|55
|
|t:|1610964015
|move|p2a: Necrozma|Earthquake|p1a: Quagsire
|-damage|p1a: Quagsire|21/100 par
|move|p1a: Quagsire|Recover|p1a: Quagsire
|-heal|p1a: Quagsire|71/100 par
|
|-heal|p1a: Quagsire|77/100 par|[from] item: Leftovers
|upkeep
|turn|56
|
|t:|1610964023
|move|p2a: Necrozma|Morning Sun|p2a: Necrozma
|-heal|p2a: Necrozma|100/100
|move|p1a: Quagsire|Recover|p1a: Quagsire
|-heal|p1a: Quagsire|100/100 par
|
|upkeep
|turn|57
|
|t:|1610964030
|move|p2a: Necrozma|Earthquake|p1a: Quagsire
|-damage|p1a: Quagsire|69/100 par
|move|p1a: Quagsire|Scald|p2a: Necrozma
|-damage|p2a: Necrozma|85/100
|-status|p2a: Necrozma|brn
|
|-heal|p1a: Quagsire|75/100 par|[from] item: Leftovers
|-damage|p2a: Necrozma|79/100 brn|[from] brn
|upkeep
|turn|58
|
|t:|1610964042
|switch|p2a: Xerneas|Xerneas|38/100
|-damage|p2a: Xerneas|26/100|[from] Stealth Rock
|-ability|p2a: Xerneas|Fairy Aura
|cant|p1a: Quagsire|par
|
|-heal|p1a: Quagsire|81/100 par|[from] item: Leftovers
|upkeep
|turn|59
|
|t:|1610964051
|switch|p1a: Slowking|Slowking-Galar, M|100/100
|move|p2a: Xerneas|Aromatherapy|p2a: Xerneas
|-activate|p2a: Xerneas|move: Aromatherapy
|-curestatus|p2: Necrozma|brn|[msg]
|
|upkeep
|turn|60
|
|t:|1610964058
|switch|p2a: Necrozma|Necrozma-Dusk-Mane|79/100
|-damage|p2a: Necrozma|73/100|[from] Stealth Rock
|move|p1a: Slowking|Flamethrower|p2a: Necrozma
|-supereffective|p2a: Necrozma
|-damage|p2a: Necrozma|47/100
|-status|p2a: Necrozma|brn
|
|-damage|p2a: Necrozma|41/100 brn|[from] brn
|upkeep
|turn|61
|
|t:|1610964069
|switch|p1a: Yveltal|Yveltal|82/100
|-ability|p1a: Yveltal|Dark Aura
|move|p2a: Necrozma|Stealth Rock|p1a: Yveltal
|-sidestart|p1: ewqw|move: Stealth Rock
|
|-heal|p1a: Yveltal|88/100|[from] item: Leftovers
|-damage|p2a: Necrozma|35/100 brn|[from] brn
|upkeep
|turn|62
|
|t:|1610964078
|move|p1a: Yveltal|Substitute|p1a: Yveltal
|-start|p1a: Yveltal|Substitute
|-damage|p1a: Yveltal|63/100
|move|p2a: Necrozma|Sunsteel Strike|p1a: Yveltal
|-end|p1a: Yveltal|Substitute
|
|-heal|p1a: Yveltal|69/100|[from] item: Leftovers
|-damage|p2a: Necrozma|29/100 brn|[from] brn
|upkeep
|turn|63
|
|t:|1610964089
|move|p1a: Yveltal|Knock Off|p2a: Necrozma
|-supereffective|p2a: Necrozma
|-damage|p2a: Necrozma|0 fnt
|-enditem|p2a: Necrozma|Aguav Berry|[from] move: Knock Off|[of] p1a: Yveltal
|faint|p2a: Necrozma
|
|-heal|p1a: Yveltal|75/100|[from] item: Leftovers
|upkeep
|
|t:|1610964103
|switch|p2a: Marshadow|Marshadow|100/100
|-damage|p2a: Marshadow|94/100|[from] Stealth Rock
|turn|64
|
|t:|1610964115
|switch|p1a: Toxapex|Toxapex, M|100/100
|-damage|p1a: Toxapex|88/100|[from] Stealth Rock
|move|p2a: Marshadow|Close Combat|p1a: Toxapex
|-resisted|p1a: Toxapex
|-damage|p1a: Toxapex|64/100
|-unboost|p2a: Marshadow|def|1
|-unboost|p2a: Marshadow|spd|1
|-damage|p2a: Marshadow|84/100|[from] item: Life Orb
|
|-heal|p1a: Toxapex|70/100|[from] item: Black Sludge
|upkeep
|turn|65
|
|t:|1610964129
|move|p2a: Marshadow|Spectral Thief|p1a: Toxapex
|-damage|p1a: Toxapex|30/100
|-damage|p2a: Marshadow|74/100|[from] item: Life Orb
|move|p1a: Toxapex|Scald|p2a: Marshadow
|-damage|p2a: Marshadow|44/100
|
|-heal|p1a: Toxapex|36/100|[from] item: Black Sludge
|upkeep
|turn|66
|
|t:|1610964140
|switch|p1a: Ferrothorn|Ferrothorn, F|77/100 par
|-damage|p1a: Ferrothorn|71/100 par|[from] Stealth Rock
|move|p2a: Marshadow|Spectral Thief|p1a: Ferrothorn
|-damage|p1a: Ferrothorn|22/100 par
|-damage|p2a: Marshadow|32/100|[from] ability: Iron Barbs|[of] p1a: Ferrothorn
|-damage|p2a: Marshadow|22/100|[from] item: Life Orb
|
|-heal|p1a: Ferrothorn|29/100 par|[from] item: Leftovers
|upkeep
|turn|67
|
|t:|1610964154
|move|p2a: Marshadow|Spectral Thief|p1a: Ferrothorn
|-damage|p1a: Ferrothorn|0 fnt
|-damage|p2a: Marshadow|10/100|[from] ability: Iron Barbs|[of] p1a: Ferrothorn
|-damage|p2a: Marshadow|0 fnt|[from] item: Life Orb
|faint|p1a: Ferrothorn
|faint|p2a: Marshadow
|
|upkeep
|
|t:|1610964169
|switch|p2a: Zygarde|Zygarde-Complete|50/100
|switch|p1a: Yveltal|Yveltal|75/100
|-damage|p1a: Yveltal|50/100|[from] Stealth Rock
|-ability|p1a: Yveltal|Dark Aura
|-damage|p2a: Zygarde|44/100|[from] Stealth Rock
|turn|68
|
|t:|1610964181
|move|p1a: Yveltal|Substitute|p1a: Yveltal
|-start|p1a: Yveltal|Substitute
|-damage|p1a: Yveltal|25/100
|move|p2a: Zygarde|Dragon Tail|p1a: Yveltal
|-activate|p1a: Yveltal|move: Substitute|[damage]
|
|-heal|p1a: Yveltal|31/100|[from] item: Leftovers
|upkeep
|turn|69
|
|t:|1610964189
|move|p2a: Zygarde|Extreme Speed|p1a: Yveltal
|-end|p1a: Yveltal|Substitute
|move|p1a: Yveltal|Roost|p1a: Yveltal
|-heal|p1a: Yveltal|81/100
|-singleturn|p1a: Yveltal|move: Roost
|
|-heal|p1a: Yveltal|87/100|[from] item: Leftovers
|upkeep
|turn|70
|
|t:|1610964197
|move|p2a: Zygarde|Extreme Speed|p1a: Yveltal
|-damage|p1a: Yveltal|66/100
|move|p1a: Yveltal|Substitute|p1a: Yveltal
|-start|p1a: Yveltal|Substitute
|-damage|p1a: Yveltal|41/100
|
|-heal|p1a: Yveltal|47/100|[from] item: Leftovers
|upkeep
|turn|71
|
|t:|1610964205
|move|p2a: Zygarde|Extreme Speed|p1a: Yveltal
|-activate|p1a: Yveltal|move: Substitute|[damage]
|move|p1a: Yveltal|Roost|p1a: Yveltal
|-heal|p1a: Yveltal|97/100
|-singleturn|p1a: Yveltal|move: Roost
|
|-heal|p1a: Yveltal|100/100|[from] item: Leftovers
|upkeep
|turn|72
|
|t:|1610964214
|move|p2a: Zygarde|Extreme Speed|p1a: Yveltal
|-end|p1a: Yveltal|Substitute
|move|p1a: Yveltal|Knock Off|p2a: Zygarde
|-damage|p2a: Zygarde|27/100
|
|upkeep
|turn|73
|
|t:|1610964223
|move|p1a: Yveltal|Substitute|p1a: Yveltal
|-start|p1a: Yveltal|Substitute
|-damage|p1a: Yveltal|75/100
|move|p2a: Zygarde|Dragon Tail|p1a: Yveltal
|-activate|p1a: Yveltal|move: Substitute|[damage]
|
|-heal|p1a: Yveltal|82/100|[from] item: Leftovers
|upkeep
|turn|74
|
|t:|1610964230
|move|p1a: Yveltal|Knock Off|p2a: Zygarde
|-crit|p2a: Zygarde
|-damage|p2a: Zygarde|3/100
|move|p2a: Zygarde|Dragon Tail|p1a: Yveltal
|-end|p1a: Yveltal|Substitute
|
|-heal|p1a: Yveltal|88/100|[from] item: Leftovers
|upkeep
|turn|75
|
|t:|1610964241
|move|p2a: Zygarde|Extreme Speed|p1a: Yveltal
|-damage|p1a: Yveltal|67/100
|move|p1a: Yveltal|Substitute|p1a: Yveltal
|-start|p1a: Yveltal|Substitute
|-damage|p1a: Yveltal|42/100
|
|-heal|p1a: Yveltal|49/100|[from] item: Leftovers
|upkeep
|turn|76
|
|t:|1610964253
|move|p2a: Zygarde|Extreme Speed|p1a: Yveltal
|-activate|p1a: Yveltal|move: Substitute|[damage]
|move|p1a: Yveltal|Roost|p1a: Yveltal
|-heal|p1a: Yveltal|99/100
|-singleturn|p1a: Yveltal|move: Roost
|
|-heal|p1a: Yveltal|100/100|[from] item: Leftovers
|upkeep
|turn|77
|
|t:|1610964264
|move|p1a: Yveltal|Knock Off|p2a: Zygarde
|-crit|p2a: Zygarde
|-damage|p2a: Zygarde|0 fnt
|faint|p2a: Zygarde
|
|upkeep
|
|t:|1610964269
|switch|p2a: Xerneas|Xerneas|26/100
|-damage|p2a: Xerneas|14/100|[from] Stealth Rock
|-ability|p2a: Xerneas|Fairy Aura
|turn|78
|
|t:|1610964279
|move|p2a: Xerneas|Moonblast|p1a: Yveltal
|-supereffective|p1a: Yveltal
|-end|p1a: Yveltal|Substitute
|move|p1a: Yveltal|Knock Off|p2a: Xerneas
|-resisted|p2a: Xerneas
|-damage|p2a: Xerneas|0 fnt
|faint|p2a: Xerneas
|
|upkeep
|
|t:|1610964286
|switch|p2a: Yveltal|Yveltal|99/100
|-damage|p2a: Yveltal|74/100|[from] Stealth Rock
|-ability|p2a: Yveltal|Dark Aura
|turn|79
|
|t:|1610964295
|move|p2a: Yveltal|Oblivion Wing|p1a: Yveltal
|-damage|p1a: Yveltal|77/100
|-heal|p2a: Yveltal|95/100|[from] drain|[of] p1a: Yveltal
|move|p1a: Yveltal|Substitute|p1a: Yveltal
|-start|p1a: Yveltal|Substitute
|-damage|p1a: Yveltal|52/100
|
|-heal|p1a: Yveltal|58/100|[from] item: Leftovers
|upkeep
|turn|80
|
|t:|1610964304
|move|p2a: Yveltal|Oblivion Wing|p1a: Yveltal
|-activate|p1a: Yveltal|move: Substitute|[damage]
|-heal|p2a: Yveltal|100/100|[from] drain|[of] p1a: Yveltal
|move|p1a: Yveltal|Roost|p1a: Yveltal
|-heal|p1a: Yveltal|100/100
|-singleturn|p1a: Yveltal|move: Roost
|
|upkeep
|turn|81
|
|t:|1610964313
|move|p2a: Yveltal|Oblivion Wing|p1a: Yveltal
|-end|p1a: Yveltal|Substitute
|move|p1a: Yveltal|Substitute|p1a: Yveltal
|-start|p1a: Yveltal|Substitute
|-damage|p1a: Yveltal|75/100
|
|-heal|p1a: Yveltal|82/100|[from] item: Leftovers
|upkeep
|turn|82
|
|t:|1610964321
|move|p2a: Yveltal|Oblivion Wing|p1a: Yveltal
|-activate|p1a: Yveltal|move: Substitute|[damage]
|move|p1a: Yveltal|Roost|p1a: Yveltal
|-heal|p1a: Yveltal|100/100
|-singleturn|p1a: Yveltal|move: Roost
|
|upkeep
|turn|83
|
|t:|1610964328
|move|p2a: Yveltal|Oblivion Wing|p1a: Yveltal
|-end|p1a: Yveltal|Substitute
|move|p1a: Yveltal|Substitute|p1a: Yveltal
|-start|p1a: Yveltal|Substitute
|-damage|p1a: Yveltal|75/100
|
|-heal|p1a: Yveltal|82/100|[from] item: Leftovers
|upkeep
|turn|84
|
|t:|1610964336
|move|p2a: Yveltal|Oblivion Wing|p1a: Yveltal
|-activate|p1a: Yveltal|move: Substitute|[damage]
|move|p1a: Yveltal|Roost|p1a: Yveltal
|-heal|p1a: Yveltal|100/100
|-singleturn|p1a: Yveltal|move: Roost
|
|upkeep
|turn|85
|
|t:|1610964344
|move|p2a: Yveltal|Oblivion Wing|p1a: Yveltal
|-end|p1a: Yveltal|Substitute
|move|p1a: Yveltal|Substitute|p1a: Yveltal
|-start|p1a: Yveltal|Substitute
|-damage|p1a: Yveltal|75/100
|
|-heal|p1a: Yveltal|82/100|[from] item: Leftovers
|upkeep
|turn|86
|
|t:|1610964352
|-activate|p2a: Yveltal|move: Struggle
|move|p2a: Yveltal|Struggle|p1a: Yveltal
|-activate|p1a: Yveltal|move: Substitute|[damage]
|-damage|p2a: Yveltal|76/100|[from] recoil
|move|p1a: Yveltal|Roost|p1a: Yveltal
|-heal|p1a: Yveltal|100/100
|-singleturn|p1a: Yveltal|move: Roost
|
|upkeep
|turn|87
|
|t:|1610964361
|-activate|p2a: Yveltal|move: Struggle
|move|p2a: Yveltal|Struggle|p1a: Yveltal
|-activate|p1a: Yveltal|move: Substitute|[damage]
|-damage|p2a: Yveltal|51/100|[from] recoil
|move|p1a: Yveltal|U-turn|p2a: Yveltal
|-damage|p2a: Yveltal|28/100
|
|t:|1610964364
|switch|p1a: Toxapex|Toxapex, M|70/100|[from]move: U-turn
|-damage|p1a: Toxapex|57/100|[from] Stealth Rock
|
|-heal|p1a: Toxapex|63/100|[from] item: Black Sludge
|upkeep
|turn|88
|
|t:|1610964373
|-activate|p2a: Yveltal|move: Struggle
|move|p2a: Yveltal|Struggle|p1a: Toxapex
|-damage|p1a: Toxapex|53/100
|-damage|p2a: Yveltal|3/100|[from] recoil
|move|p1a: Toxapex|Scald|p2a: Yveltal
|-damage|p2a: Yveltal|0 fnt
|faint|p2a: Yveltal
|
|win|ewqw
|j| CletusTheFetus666
|l|☆BUTTOBASU
|l|☆ewqw
|l| CletusTheFetus666
