|j|☆Luna's Banned now
|j|☆LT Ubers
|player|p1|Luna's Banned now|youngcouple-gen4dp|1661
|player|p2|LT Ubers|lance-gen1rb|1397
|teamsize|p1|6
|teamsize|p2|6
|gametype|singles
|gen|8
|tier|[Gen 8] Ubers
|rated|
|clearpoke
|poke|p1|Volcarona, F|
|poke|p1|Klefki, M|
|poke|p1|Eternatus|
|poke|p1|Zacian-Crowned|
|poke|p1|Lunala|
|poke|p1|Necrozma-Dusk-Mane|
|poke|p2|Necrozma-Dusk-Mane|
|poke|p2|Toxapex, M|
|poke|p2|Ditto|
|poke|p2|Corviknight, M|
|poke|p2|Umbreon, M|
|poke|p2|Eternatus|
|rule|Sleep Clause Mod: Limit one foe put to sleep
|rule|Species Clause: Limit one of each Pokémon
|rule|OHKO Clause: OHKO moves are banned
|rule|Evasion Moves Clause: Evasion moves are banned
|rule|Endless Battle Clause: Forcing endless battles is banned
|rule|HP Percentage Mod: HP is shown in percentages
|html|Ubers Dynamax Clause: Pokémon on the <a href="https://www.smogon.com/dex/ss/formats/uber/">Ubers Dynamax Banlist</a> cannot Dynamax.
|teampreview
|
|start
|switch|p1a: Klefki|Klefki, M|100/100
|switch|p2a: Necrozma|Necrozma-Dusk-Mane|100/100
|turn|1
|
|move|p1a: Klefki|Thunder Wave|p2a: Necrozma
|-status|p2a: Necrozma|par
|cant|p2a: Necrozma|par
|
|upkeep
|turn|2
|
|move|p1a: Klefki|Spikes|p2a: Necrozma
|-sidestart|p2: LT Ubers|Spikes
|move|p2a: Necrozma|Knock Off|p1a: Klefki
|-resisted|p1a: Klefki
|-damage|p1a: Klefki|87/100
|-enditem|p1a: Klefki|Leftovers|[from] move: Knock Off|[of] p2a: Necrozma
|
|upkeep
|turn|3
|
|move|p1a: Klefki|Spikes|p2a: Necrozma
|-sidestart|p2: LT Ubers|Spikes
|cant|p2a: Necrozma|par
|
|upkeep
|turn|4
|
|move|p1a: Klefki|Spikes|p2a: Necrozma
|-sidestart|p2: LT Ubers|Spikes
|cant|p2a: Necrozma|par
|
|upkeep
|turn|5
|
|move|p1a: Klefki|Spikes||[still]
|-fail|p1a: Klefki
|move|p2a: Necrozma|Toxic|p1a: Klefki
|-immune|p1a: Klefki
|
|upkeep
|turn|6
|
|move|p1a: Klefki|Foul Play|p2a: Necrozma
|-supereffective|p2a: Necrozma
|-damage|p2a: Necrozma|76/100 par
|move|p2a: Necrozma|Knock Off|p1a: Klefki
|-resisted|p1a: Klefki
|-damage|p1a: Klefki|78/100
|
|-heal|p2a: Necrozma|82/100 par|[from] item: Leftovers
|upkeep
|turn|7
|
|switch|p1a: Lunala|Lunala|100/100
|move|p2a: Necrozma|Sunsteel Strike|p1a: Lunala
|-damage|p1a: Lunala|77/100
|
|-heal|p2a: Necrozma|88/100 par|[from] item: Leftovers
|upkeep
|turn|8
|
|move|p2a: Necrozma|Knock Off|p1a: Lunala
|-supereffective|p1a: Lunala
|-damage|p1a: Lunala|0 fnt
|-enditem|p1a: Lunala|Choice Scarf|[from] move: Knock Off|[of] p2a: Necrozma
|faint|p1a: Lunala
|
|-heal|p2a: Necrozma|94/100 par|[from] item: Leftovers
|upkeep
|
|switch|p1a: Necrozma|Necrozma-Dusk-Mane|100/100
|turn|9
|
|switch|p2a: Corviknight|Corviknight, M|100/100
|-ability|p2a: Corviknight|Pressure
|move|p1a: Necrozma|Stealth Rock|p2a: Corviknight
|-sidestart|p2: LT Ubers|move: Stealth Rock
|
|upkeep
|turn|10
|
|switch|p1a: Volcarona|Volcarona, F|100/100
|move|p2a: Corviknight|Defog|p1a: Volcarona
|-unboost|p1a: Volcarona|evasion|1
|-sideend|p2: LT Ubers|Spikes|[from] move: Defog|[of] p2a: Corviknight
|-sideend|p2: LT Ubers|Stealth Rock|[from] move: Defog|[of] p2a: Corviknight
|
|upkeep
|turn|11
|
|switch|p2a: Eternatus|Eternatus|100/100
|-ability|p2a: Eternatus|Pressure
|move|p1a: Volcarona|Quiver Dance|p1a: Volcarona
|-boost|p1a: Volcarona|spa|1
|-boost|p1a: Volcarona|spd|1
|-boost|p1a: Volcarona|spe|1
|
|upkeep
|turn|12
|
|-start|p1a: Volcarona|Dynamax
|-heal|p1a: Volcarona|100/100|[silent]
|move|p1a: Volcarona|Max Mindstorm|p2a: Eternatus
|-supereffective|p2a: Eternatus
|-damage|p2a: Eternatus|0 fnt
|-fieldstart|move: Psychic Terrain
|faint|p2a: Eternatus
|
|upkeep
|
|switch|p2a: Umbreon|Umbreon, M|100/100
|turn|13
|
|-start|p2a: Umbreon|Dynamax
|-heal|p2a: Umbreon|100/100|[silent]
|move|p2a: Umbreon|Max Guard|p2a: Umbreon
|-singleturn|p2a: Umbreon|Max Guard
|move|p1a: Volcarona|Max Flutterby|p2a: Umbreon
|-activate|p2a: Umbreon|move: Max Guard
|
|upkeep
|turn|14
|
|-end|p2a: Umbreon|Dynamax
|-heal|p2a: Umbreon|100/100|[silent]
|switch|p2a: Toxapex|Toxapex, M|100/100
|move|p1a: Volcarona|Max Flutterby|p2a: Toxapex
|-resisted|p2a: Toxapex
|-damage|p2a: Toxapex|56/100
|-unboost|p2a: Toxapex|spa|1
|
|-end|p1a: Volcarona|Dynamax
|-heal|p1a: Volcarona|100/100|[silent]
|upkeep
|turn|15
|
|switch|p2a: Necrozma|Necrozma-Dusk-Mane|94/100 par
|move|p1a: Volcarona|Bug Buzz|p2a: Necrozma
|-damage|p2a: Necrozma|28/100 par
|
|-heal|p2a: Necrozma|34/100 par|[from] item: Leftovers
|upkeep
|turn|16
|
|move|p1a: Volcarona|Bug Buzz|p2a: Necrozma
|-damage|p2a: Necrozma|0 fnt
|faint|p2a: Necrozma
|
|-fieldend|move: Psychic Terrain
|upkeep
|
|switch|p2a: Ditto|Ditto|100/100
|-transform|p2a: Ditto|p1a: Volcarona|[from] ability: Imposter
|turn|17
|
|move|p2a: Ditto|Fire Blast|p1a: Volcarona
|-crit|p1a: Volcarona
|-damage|p1a: Volcarona|0 fnt
|faint|p1a: Volcarona
|
|upkeep
|
|switch|p1a: Eternatus|Eternatus|100/100
|-ability|p1a: Eternatus|Pressure
|turn|18
|
|switch|p2a: Umbreon|Umbreon, M|100/100
|move|p1a: Eternatus|Toxic Spikes|p2a: Umbreon
|-sidestart|p2: LT Ubers|move: Toxic Spikes
|
|upkeep
|turn|19
|
|switch|p1a: Zacian|Zacian-Crowned|100/100
|-ability|p1a: Zacian|Intrepid Sword|boost
|-boost|p1a: Zacian|atk|1
|move|p2a: Umbreon|Wish|p2a: Umbreon
|
|upkeep
|turn|20
|
|switch|p2a: Toxapex|Toxapex, M|89/100
|-sideend|p2: LT Ubers|move: Toxic Spikes|[of] p2a: Toxapex
|move|p1a: Zacian|Close Combat|p2a: Toxapex
|-resisted|p2a: Toxapex
|-damage|p2a: Toxapex|62/100
|-unboost|p1a: Zacian|def|1
|-unboost|p1a: Zacian|spd|1
|
|-heal|p2a: Toxapex|100/100|[from] move: Wish|[wisher] Umbreon
|upkeep
|turn|21
|
|move|p1a: Zacian|Wild Charge|p2a: Toxapex
|-supereffective|p2a: Toxapex
|-damage|p2a: Toxapex|21/100
|-damage|p1a: Zacian|82/100|[from] Recoil
|move|p2a: Toxapex|Scald|p1a: Zacian
|-damage|p1a: Zacian|60/100
|-status|p1a: Zacian|brn
|
|-damage|p1a: Zacian|53/100 brn|[from] brn
|upkeep
|turn|22
|
|switch|p2a: Corviknight|Corviknight, M|100/100
|-ability|p2a: Corviknight|Pressure
|move|p1a: Zacian|Close Combat|p2a: Corviknight
|-damage|p2a: Corviknight|77/100
|-unboost|p1a: Zacian|def|1
|-unboost|p1a: Zacian|spd|1
|
|-heal|p2a: Corviknight|83/100|[from] item: Leftovers
|-damage|p1a: Zacian|47/100 brn|[from] brn
|upkeep
|turn|23
|
|switch|p1a: Eternatus|Eternatus|100/100
|-ability|p1a: Eternatus|Pressure
|move|p2a: Corviknight|Roost|p2a: Corviknight
|-heal|p2a: Corviknight|100/100
|-singleturn|p2a: Corviknight|move: Roost
|
|upkeep
|turn|24
|
|switch|p2a: Umbreon|Umbreon, M|100/100
|move|p1a: Eternatus|Dynamax Cannon|p2a: Umbreon
|-damage|p2a: Umbreon|76/100
|
|-heal|p2a: Umbreon|82/100|[from] item: Leftovers
|upkeep
|turn|25
|
|switch|p1a: Zacian|Zacian-Crowned|47/100 brn
|-ability|p1a: Zacian|Intrepid Sword|boost
|-boost|p1a: Zacian|atk|1
|move|p2a: Umbreon|Wish|p2a: Umbreon
|
|-heal|p2a: Umbreon|88/100|[from] item: Leftovers
|-damage|p1a: Zacian|41/100 brn|[from] brn
|upkeep
|turn|26
|
|switch|p2a: Corviknight|Corviknight, M|100/100
|-ability|p2a: Corviknight|Pressure
|move|p1a: Zacian|Wild Charge|p2a: Corviknight
|-supereffective|p2a: Corviknight
|-damage|p2a: Corviknight|64/100
|-damage|p1a: Zacian|30/100 brn|[from] Recoil
|
|-heal|p2a: Corviknight|100/100|[from] move: Wish|[wisher] Umbreon
|-damage|p1a: Zacian|24/100 brn|[from] brn
|upkeep
|turn|27
|
|switch|p1a: Necrozma|Necrozma-Dusk-Mane|100/100
|move|p2a: Corviknight|U-turn|p1a: Necrozma
|-damage|p1a: Necrozma|92/100
|-damage|p2a: Corviknight|84/100|[from] item: Rocky Helmet|[of] p1a: Necrozma
|-message|Luna's Banned now forfeited.
|
|win|LT Ubers
|l|☆Luna's Banned now
||Ladder (probably) updated, but score could not be retrieved (Request timeout).
