|j|☆85792195wwww
|j|☆Ryriss
|t:|1647940441
|gametype|singles
|player|p1|85792195wwww|lady|1537
|player|p2|Ryriss|hilbert|1438
|teamsize|p1|6
|teamsize|p2|6
|gen|8
|tier|[Gen 8] Ubers
|rated|
|rule|Sleep Clause Mod: Limit one foe put to sleep
|rule|Species Clause: Limit one of each Pokémon
|rule|OHKO Clause: OHKO moves are banned
|rule|Evasion Moves Clause: Evasion moves are banned
|rule|Endless Battle Clause: Forcing endless battles is banned
|rule|HP Percentage Mod: HP is shown in percentages
|rule|Dynamax Clause: You cannot dynamax
|clearpoke
|poke|p1|Landorus-Therian, M|
|poke|p1|Excadrill, M|
|poke|p1|Tyranitar, M|
|poke|p1|Zekrom|
|poke|p1|Marshadow|
|poke|p1|Cloyster, M|
|poke|p2|Giratina-Origin|
|poke|p2|Groudon|
|poke|p2|Genesect|
|poke|p2|Kyurem-Black|
|poke|p2|Lugia|
|poke|p2|Yveltal|
|teampreview
|inactive|Battle timer is ON: inactive players will automatically lose when time's up. (requested by Ryriss)
|
|t:|1647940465
|start
|switch|p1a: Cloyster|Cloyster, M|100/100
|switch|p2a: Lugia|Lugia|100/100
|-ability|p2a: Lugia|Pressure
|turn|1
|inactive|Ryriss has 120 seconds left.
|inactive|Ryriss has 90 seconds left.
|
|t:|1647940529
|move|p2a: Lugia|Thunder Wave|p1a: Cloyster
|-status|p1a: Cloyster|par
|move|p1a: Cloyster|Shell Smash|p1a: Cloyster
|-unboost|p1a: Cloyster|def|1
|-unboost|p1a: Cloyster|spd|1
|-boost|p1a: Cloyster|atk|2
|-boost|p1a: Cloyster|spa|2
|-boost|p1a: Cloyster|spe|2
|
|upkeep
|turn|2
|
|t:|1647940538
|move|p2a: Lugia|Reflect|p2a: Lugia
|-sidestart|p2: Ryriss|Reflect
|move|p1a: Cloyster|Icicle Spear|p2a: Lugia
|-supereffective|p2a: Lugia
|-damage|p2a: Lugia|86/100
|-supereffective|p2a: Lugia
|-damage|p2a: Lugia|72/100
|-supereffective|p2a: Lugia
|-damage|p2a: Lugia|56/100
|-supereffective|p2a: Lugia
|-damage|p2a: Lugia|40/100
|-supereffective|p2a: Lugia
|-damage|p2a: Lugia|24/100
|-hitcount|p2a: Lugia|5
|
|upkeep
|turn|3
|
|t:|1647940549
|move|p2a: Lugia|Light Screen|p2a: Lugia
|-sidestart|p2: Ryriss|move: Light Screen
|move|p1a: Cloyster|Icicle Spear|p2a: Lugia
|-supereffective|p2a: Lugia
|-damage|p2a: Lugia|9/100
|-supereffective|p2a: Lugia
|-damage|p2a: Lugia|0 fnt
|faint|p2a: Lugia
|-hitcount|p2: Lugia|2
|
|upkeep
|inactive|Ryriss has 90 seconds left.
|
|t:|1647940562
|switch|p2a: Genesect|Genesect, shiny|100/100
|-ability|p2a: Genesect|Download|boost
|-boost|p2a: Genesect|spa|1
|turn|4
|
|t:|1647940577
|move|p2a: Genesect|Iron Head|p1a: Cloyster
|-damage|p1a: Cloyster|58/100 par
|cant|p1a: Cloyster|par
|
|upkeep
|turn|5
|
|t:|1647940583
|move|p2a: Genesect|Iron Head|p1a: Cloyster
|-damage|p1a: Cloyster|15/100 par
|cant|p1a: Cloyster|par
|
|upkeep
|turn|6
|
|t:|1647940591
|switch|p1a: Landorus|Landorus-Therian, M|100/100
|-ability|p1a: Landorus|Intimidate|boost
|-unboost|p2a: Genesect|atk|1
|move|p2a: Genesect|Iron Head|p1a: Landorus
|-damage|p1a: Landorus|78/100
|
|upkeep
|turn|7
|
|t:|1647940601
|switch|p2a: Groudon|Groudon|100/100
|-weather|SunnyDay|[from] ability: Drought|[of] p2a: Groudon
|move|p1a: Landorus|U-turn|p2a: Groudon
|-damage|p2a: Groudon|91/100
|
|t:|1647940616
|switch|p1a: Cloyster|Cloyster, M|15/100 par|[from]move: U-turn
|
|-weather|SunnyDay|[upkeep]
|upkeep
|turn|8
|inactive|Ryriss has 120 seconds left.
|
|t:|1647940629
|move|p2a: Groudon|Rock Polish|p2a: Groudon
|-boost|p2a: Groudon|spe|2
|move|p1a: Cloyster|Icicle Spear|p2a: Groudon
|-supereffective|p2a: Groudon
|-damage|p2a: Groudon|84/100
|-supereffective|p2a: Groudon
|-damage|p2a: Groudon|76/100
|-supereffective|p2a: Groudon
|-damage|p2a: Groudon|68/100
|-supereffective|p2a: Groudon
|-damage|p2a: Groudon|60/100
|-supereffective|p2a: Groudon
|-damage|p2a: Groudon|52/100
|-hitcount|p2a: Groudon|5
|
|-weather|SunnyDay|[upkeep]
|upkeep
|turn|9
|inactive|Ryriss has 120 seconds left.
|
|t:|1647940645
|switch|p1a: Landorus|Landorus-Therian, M|78/100
|-ability|p1a: Landorus|Intimidate|boost
|-unboost|p2a: Groudon|atk|1
|move|p2a: Groudon|Earthquake|p1a: Landorus
|-immune|p1a: Landorus
|
|-weather|SunnyDay|[upkeep]
|-sideend|p2: Ryriss|Reflect
|upkeep
|turn|10
|inactive|Ryriss has 120 seconds left.
|
|t:|1647940658
|move|p1a: Landorus|Explosion|p2a: Groudon
|-damage|p2a: Groudon|0 fnt
|faint|p1a: Landorus
|faint|p2a: Groudon
|
|-weather|SunnyDay|[upkeep]
|-sideend|p2: Ryriss|move: Light Screen
|upkeep
|inactive|Ryriss has 120 seconds left.
|
|t:|1647940672
|switch|p1a: Tyranitar|Tyranitar, M|100/100
|switch|p2a: Yveltal|Yveltal|100/100
|-ability|p2a: Yveltal|Dark Aura
|-weather|Sandstorm|[from] ability: Sand Stream|[of] p1a: Tyranitar
|turn|11
|inactive|Ryriss has 120 seconds left.
|
|t:|1647940683
|switch|p2a: Genesect|Genesect, shiny|100/100
|-ability|p2a: Genesect|Download|boost
|-boost|p2a: Genesect|spa|1
|move|p1a: Tyranitar|Dragon Dance|p1a: Tyranitar
|-boost|p1a: Tyranitar|atk|1
|-boost|p1a: Tyranitar|spe|1
|
|-weather|Sandstorm|[upkeep]
|upkeep
|turn|12
|inactive|Ryriss has 120 seconds left.
|
|t:|1647940705
|switch|p1a: Cloyster|Cloyster, M|15/100 par
|move|p2a: Genesect|Shift Gear|p2a: Genesect
|-boost|p2a: Genesect|spe|2
|-boost|p2a: Genesect|atk|1
|
|-weather|Sandstorm|[upkeep]
|-damage|p1a: Cloyster|9/100 par|[from] Sandstorm
|upkeep
|turn|13
|
|t:|1647940715
|move|p2a: Genesect|Shift Gear|p2a: Genesect
|-boost|p2a: Genesect|spe|2
|-boost|p2a: Genesect|atk|1
|move|p1a: Cloyster|Explosion|p2a: Genesect
|-resisted|p2a: Genesect
|-damage|p2a: Genesect|60/100
|faint|p1a: Cloyster
|
|-weather|Sandstorm|[upkeep]
|upkeep
|
|t:|1647940733
|switch|p1a: Zekrom|Zekrom|100/100
|-ability|p1a: Zekrom|Teravolt
|turn|14
|
|t:|1647940739
|move|p2a: Genesect|Extreme Speed|p1a: Zekrom
|-damage|p1a: Zekrom|67/100
|move|p1a: Zekrom|Bolt Strike|p2a: Genesect
|-damage|p2a: Genesect|0 fnt
|faint|p2a: Genesect
|
|-weather|Sandstorm|[upkeep]
|-damage|p1a: Zekrom|61/100|[from] Sandstorm
|upkeep
|
|t:|1647940751
|switch|p2a: Kyurem|Kyurem-Black|100/100
|-ability|p2a: Kyurem|Teravolt
|turn|15
|
|t:|1647940757
|move|p2a: Kyurem|Dragon Claw|p1a: Zekrom
|-supereffective|p1a: Zekrom
|-damage|p1a: Zekrom|0 fnt
|faint|p1a: Zekrom
|
|-weather|none
|upkeep
|
|t:|1647940780
|switch|p1a: Excadrill|Excadrill, M|100/100
|turn|16
|
|t:|1647940787
|move|p2a: Kyurem|Icicle Spear|p1a: Excadrill
|-damage|p1a: Excadrill|76/100
|-crit|p1a: Excadrill
|-damage|p1a: Excadrill|43/100
|-damage|p1a: Excadrill|19/100
|-hitcount|p1a: Excadrill|3
|move|p1a: Excadrill|Iron Head|p2a: Kyurem
|-supereffective|p2a: Kyurem
|-damage|p2a: Kyurem|2/100
|-damage|p1a: Excadrill|9/100|[from] item: Life Orb
|
|upkeep
|turn|17
|
|t:|1647940798
|move|p2a: Kyurem|Icicle Spear|p1a: Excadrill
|-damage|p1a: Excadrill|0 fnt
|faint|p1a: Excadrill
|-hitcount|p1: Excadrill|1
|
|upkeep
|
|t:|1647940809
|switch|p1a: Tyranitar|Tyranitar, M|100/100
|-weather|Sandstorm|[from] ability: Sand Stream|[of] p1a: Tyranitar
|turn|18
|
|t:|1647940815
|move|p2a: Kyurem|Dragon Claw|p1a: Tyranitar
|-damage|p1a: Tyranitar|49/100
|move|p1a: Tyranitar|Dragon Dance|p1a: Tyranitar
|-boost|p1a: Tyranitar|atk|1
|-boost|p1a: Tyranitar|spe|1
|
|-weather|Sandstorm|[upkeep]
|-damage|p2a: Kyurem|0 fnt|[from] Sandstorm
|faint|p2a: Kyurem
|upkeep
|
|t:|1647940826
|switch|p2a: Giratina|Giratina-Origin|100/100
|turn|19
|
|t:|1647940830
|move|p1a: Tyranitar|Crunch|p2a: Giratina
|-supereffective|p2a: Giratina
|-damage|p2a: Giratina|10/100
|-unboost|p2a: Giratina|def|1
|move|p2a: Giratina|Will-O-Wisp|p1a: Tyranitar|[miss]
|-miss|p2a: Giratina|p1a: Tyranitar
|
|-weather|Sandstorm|[upkeep]
|-damage|p2a: Giratina|4/100|[from] Sandstorm
|upkeep
|turn|20
|
|t:|1647940845
|move|p2a: Giratina|Shadow Sneak|p1a: Tyranitar
|-resisted|p1a: Tyranitar
|-damage|p1a: Tyranitar|39/100
|move|p1a: Tyranitar|Ice Punch|p2a: Giratina
|-supereffective|p2a: Giratina
|-damage|p2a: Giratina|0 fnt
|faint|p2a: Giratina
|
|-weather|Sandstorm|[upkeep]
|upkeep
|
|t:|1647940855
|switch|p2a: Yveltal|Yveltal|100/100
|-ability|p2a: Yveltal|Dark Aura
|turn|21
|
|t:|1647940864
|move|p1a: Tyranitar|Ice Punch|p2a: Yveltal
|-supereffective|p2a: Yveltal
|-damage|p2a: Yveltal|27/100
|move|p2a: Yveltal|Dark Pulse|p1a: Tyranitar
|-resisted|p1a: Tyranitar
|-damage|p1a: Tyranitar|20/100
|
|-weather|Sandstorm|[upkeep]
|-damage|p2a: Yveltal|21/100|[from] Sandstorm
|upkeep
|turn|22
|
|t:|1647940875
|move|p2a: Yveltal|Sucker Punch|p1a: Tyranitar
|-resisted|p1a: Tyranitar
|-damage|p1a: Tyranitar|5/100
|move|p1a: Tyranitar|Ice Punch|p2a: Yveltal
|-supereffective|p2a: Yveltal
|-damage|p2a: Yveltal|0 fnt
|faint|p2a: Yveltal
|
|win|85792195wwww
|raw|85792195wwww's rating: 1537 &rarr; <strong>1551</strong><br />(+14 for winning)
|raw|Ryriss's rating: 1438 &rarr; <strong>1424</strong><br />(-14 for losing)
|l|☆Ryriss
