|j|☆Nickelstein
|j|☆HTezcat04
|player|p1|Nickelstein|266|1423
|player|p2|HTezcat04|plasmagrunt-gen5bw|1436
|teamsize|p1|6
|teamsize|p2|6
|gametype|singles
|gen|8
|tier|[Gen 8] Ubers
|rated|
|clearpoke
|poke|p1|Hippowdon, F|
|poke|p1|Excadrill, F|
|poke|p1|Lunala|
|poke|p1|Umbreon, F|
|poke|p1|Zacian-Crowned|
|poke|p1|Corviknight, M|
|poke|p2|Necrozma-Dusk-Mane|
|poke|p2|Marshadow|
|poke|p2|Zekrom|
|poke|p2|Ditto|
|poke|p2|Zacian-Crowned|
|poke|p2|Tyranitar, M|
|rule|Sleep Clause Mod: Limit one foe put to sleep
|rule|Species Clause: Limit one of each Pokémon
|rule|OHKO Clause: OHKO moves are banned
|rule|Evasion Moves Clause: Evasion moves are banned
|rule|Endless Battle Clause: Forcing endless battles is banned
|rule|HP Percentage Mod: HP is shown in percentages
|html|Ubers Dynamax Clause: Pokémon on the <a href="https://www.smogon.com/dex/ss/formats/uber/">Ubers Dynamax Banlist</a> cannot Dynamax.
|teampreview
|
|start
|switch|p1a: Lunala|Lunala|100/100
|switch|p2a: Illoilloillo|Zacian-Crowned|100/100
|-ability|p2a: Illoilloillo|Intrepid Sword|boost
|-boost|p2a: Illoilloillo|atk|1
|turn|1
|inactive|Battle timer is ON: inactive players will automatically lose when time's up. (requested by HTezcat04)
|
|move|p2a: Illoilloillo|Protect|p2a: Illoilloillo
|-singleturn|p2a: Illoilloillo|Protect
|move|p1a: Lunala|Will-O-Wisp|p2a: Illoilloillo
|-activate|p2a: Illoilloillo|move: Protect
|
|upkeep
|turn|2
|
|switch|p2a: Manolo Pérez|Tyranitar, M|100/100
|-weather|Sandstorm|[from] ability: Sand Stream|[of] p2a: Manolo Pérez
|move|p1a: Lunala|Thunder Wave|p2a: Manolo Pérez
|-status|p2a: Manolo Pérez|par
|
|-weather|Sandstorm|[upkeep]
|-damage|p1a: Lunala|94/100|[from] Sandstorm
|upkeep
|turn|3
|
|switch|p1a: Zacian|Zacian-Crowned|100/100
|-ability|p1a: Zacian|Intrepid Sword|boost
|-boost|p1a: Zacian|atk|1
|move|p2a: Manolo Pérez|Toxic|p1a: Zacian
|-immune|p1a: Zacian
|
|-weather|Sandstorm|[upkeep]
|upkeep
|turn|4
|
|switch|p2a: Juan Ramírez|Necrozma-Dusk-Mane|100/100
|move|p1a: Zacian|Behemoth Blade|p2a: Juan Ramírez
|-resisted|p2a: Juan Ramírez
|-damage|p2a: Juan Ramírez|77/100
|
|-weather|Sandstorm|[upkeep]
|upkeep
|turn|5
|
|switch|p1a: Excadrill|Excadrill, F|100/100
|move|p2a: Juan Ramírez|Dragon Dance|p2a: Juan Ramírez
|-boost|p2a: Juan Ramírez|atk|1
|-boost|p2a: Juan Ramírez|spe|1
|
|-weather|Sandstorm|[upkeep]
|upkeep
|turn|6
|
|move|p1a: Excadrill|Earthquake|p2a: Juan Ramírez
|-supereffective|p2a: Juan Ramírez
|-damage|p2a: Juan Ramírez|16/100
|-enditem|p2a: Juan Ramírez|Weakness Policy
|-boost|p2a: Juan Ramírez|atk|2|[from] item: Weakness Policy
|-boost|p2a: Juan Ramírez|spa|2|[from] item: Weakness Policy
|-damage|p1a: Excadrill|91/100|[from] item: Life Orb
|move|p2a: Juan Ramírez|Earthquake|p1a: Excadrill
|-supereffective|p1a: Excadrill
|-damage|p1a: Excadrill|0 fnt
|faint|p1a: Excadrill
|
|-weather|none
|upkeep
|
|switch|p1a: Corviknight|Corviknight, M|100/100
|-ability|p1a: Corviknight|Pressure
|turn|7
|
|move|p2a: Juan Ramírez|Moonlight|p2a: Juan Ramírez
|-heal|p2a: Juan Ramírez|66/100
|move|p1a: Corviknight|Body Press|p2a: Juan Ramírez
|-damage|p2a: Juan Ramírez|52/100
|
|upkeep
|turn|8
|
|move|p2a: Juan Ramírez|Dragon Dance|p2a: Juan Ramírez
|-boost|p2a: Juan Ramírez|atk|1
|-boost|p2a: Juan Ramírez|spe|1
|move|p1a: Corviknight|Iron Defense|p1a: Corviknight
|-boost|p1a: Corviknight|def|2
|
|upkeep
|turn|9
|
|move|p2a: Juan Ramírez|Sunsteel Strike|p1a: Corviknight
|-resisted|p1a: Corviknight
|-damage|p1a: Corviknight|79/100
|move|p1a: Corviknight|Iron Defense|p1a: Corviknight
|-boost|p1a: Corviknight|def|2
|
|upkeep
|turn|10
|
|switch|p2a: Javier Sarda|Marshadow|100/100
|move|p1a: Corviknight|Body Press|p2a: Javier Sarda
|-immune|p2a: Javier Sarda
|
|upkeep
|turn|11
|
|switch|p1a: Hippowdon|Hippowdon, F|100/100
|-weather|Sandstorm|[from] ability: Sand Stream|[of] p1a: Hippowdon
|move|p2a: Javier Sarda|Spectral Thief|p1a: Hippowdon
|-damage|p1a: Hippowdon|71/100
|-damage|p2a: Javier Sarda|91/100|[from] item: Life Orb
|
|-weather|Sandstorm|[upkeep]
|-damage|p2a: Javier Sarda|84/100|[from] Sandstorm
|-heal|p1a: Hippowdon|77/100|[from] item: Leftovers
|upkeep
|turn|12
|
|move|p2a: Javier Sarda|Bulk Up|p2a: Javier Sarda
|-boost|p2a: Javier Sarda|atk|1
|-boost|p2a: Javier Sarda|def|1
|move|p1a: Hippowdon|Earthquake|p2a: Javier Sarda
|-damage|p2a: Javier Sarda|53/100
|
|-weather|Sandstorm|[upkeep]
|-damage|p2a: Javier Sarda|47/100|[from] Sandstorm
|-heal|p1a: Hippowdon|83/100|[from] item: Leftovers
|upkeep
|turn|13
|
|move|p2a: Javier Sarda|Spectral Thief|p1a: Hippowdon
|-damage|p1a: Hippowdon|40/100
|-damage|p2a: Javier Sarda|37/100|[from] item: Life Orb
|move|p1a: Hippowdon|Whirlwind|p2a: Javier Sarda
|drag|p2a: Juan Ramírez|Necrozma-Dusk-Mane|52/100
|
|-weather|Sandstorm|[upkeep]
|-heal|p1a: Hippowdon|46/100|[from] item: Leftovers
|upkeep
|turn|14
|
|move|p2a: Juan Ramírez|Sunsteel Strike|p1a: Hippowdon
|-damage|p1a: Hippowdon|19/100
|move|p1a: Hippowdon|Slack Off|p1a: Hippowdon
|-heal|p1a: Hippowdon|69/100
|
|-weather|Sandstorm|[upkeep]
|-heal|p1a: Hippowdon|75/100|[from] item: Leftovers
|upkeep
|turn|15
|
|move|p2a: Juan Ramírez|Moonlight|p2a: Juan Ramírez
|-heal|p2a: Juan Ramírez|77/100
|move|p1a: Hippowdon|Stealth Rock|p2a: Juan Ramírez
|-sidestart|p2: HTezcat04|move: Stealth Rock
|
|-weather|none
|-heal|p1a: Hippowdon|81/100|[from] item: Leftovers
|upkeep
|turn|16
|
|move|p2a: Juan Ramírez|Sunsteel Strike|p1a: Hippowdon
|-crit|p1a: Hippowdon
|-damage|p1a: Hippowdon|40/100
|move|p1a: Hippowdon|Earthquake|p2a: Juan Ramírez
|-supereffective|p2a: Juan Ramírez
|-damage|p2a: Juan Ramírez|46/100
|
|-heal|p1a: Hippowdon|46/100|[from] item: Leftovers
|upkeep
|turn|17
|
|move|p2a: Juan Ramírez|Dragon Dance|p2a: Juan Ramírez
|-boost|p2a: Juan Ramírez|atk|1
|-boost|p2a: Juan Ramírez|spe|1
|move|p1a: Hippowdon|Slack Off|p1a: Hippowdon
|-heal|p1a: Hippowdon|96/100
|
|-heal|p1a: Hippowdon|100/100|[from] item: Leftovers
|upkeep
|turn|18
|
|move|p2a: Juan Ramírez|Sunsteel Strike|p1a: Hippowdon
|-damage|p1a: Hippowdon|58/100
|move|p1a: Hippowdon|Whirlwind|p2a: Juan Ramírez
|drag|p2a: Javier Sarda|Marshadow|37/100
|-damage|p2a: Javier Sarda|31/100|[from] Stealth Rock
|
|-heal|p1a: Hippowdon|65/100|[from] item: Leftovers
|upkeep
|turn|19
|
|move|p2a: Javier Sarda|Close Combat|p1a: Hippowdon
|-damage|p1a: Hippowdon|24/100
|-unboost|p2a: Javier Sarda|def|1
|-unboost|p2a: Javier Sarda|spd|1
|-damage|p2a: Javier Sarda|21/100|[from] item: Life Orb
|move|p1a: Hippowdon|Slack Off|p1a: Hippowdon
|-heal|p1a: Hippowdon|74/100
|
|-heal|p1a: Hippowdon|80/100|[from] item: Leftovers
|upkeep
|turn|20
|
|move|p2a: Javier Sarda|Close Combat|p1a: Hippowdon
|-crit|p1a: Hippowdon
|-damage|p1a: Hippowdon|14/100
|-unboost|p2a: Javier Sarda|def|1
|-unboost|p2a: Javier Sarda|spd|1
|-damage|p2a: Javier Sarda|11/100|[from] item: Life Orb
|move|p1a: Hippowdon|Slack Off|p1a: Hippowdon
|-heal|p1a: Hippowdon|64/100
|
|-heal|p1a: Hippowdon|70/100|[from] item: Leftovers
|upkeep
|turn|21
|
|move|p2a: Javier Sarda|Bulk Up|p2a: Javier Sarda
|-boost|p2a: Javier Sarda|atk|1
|-boost|p2a: Javier Sarda|def|1
|move|p1a: Hippowdon|Slack Off|p1a: Hippowdon
|-heal|p1a: Hippowdon|100/100
|
|upkeep
|turn|22
|
|switch|p1a: Zacian|Zacian-Crowned|100/100
|-ability|p1a: Zacian|Intrepid Sword|boost
|-boost|p1a: Zacian|atk|1
|move|p2a: Javier Sarda|Close Combat|p1a: Zacian
|-damage|p1a: Zacian|0 fnt
|-unboost|p2a: Javier Sarda|def|1
|-unboost|p2a: Javier Sarda|spd|1
|-damage|p2a: Javier Sarda|1/100|[from] item: Life Orb
|faint|p1a: Zacian
|
|upkeep
|
|switch|p1a: Hippowdon|Hippowdon, F|100/100
|-weather|Sandstorm|[from] ability: Sand Stream|[of] p1a: Hippowdon
|turn|23
|
|move|p2a: Javier Sarda|Close Combat|p1a: Hippowdon
|-damage|p1a: Hippowdon|37/100
|-unboost|p2a: Javier Sarda|def|1
|-unboost|p2a: Javier Sarda|spd|1
|-damage|p2a: Javier Sarda|0 fnt|[from] item: Life Orb
|faint|p2a: Javier Sarda
|move|p1a: Hippowdon|Slack Off|p1a: Hippowdon
|-heal|p1a: Hippowdon|87/100
|
|-weather|Sandstorm|[upkeep]
|-heal|p1a: Hippowdon|93/100|[from] item: Leftovers
|upkeep
|
|switch|p2a: Illoilloillo|Zacian-Crowned|100/100
|-damage|p2a: Illoilloillo|94/100|[from] Stealth Rock
|-ability|p2a: Illoilloillo|Intrepid Sword|boost
|-boost|p2a: Illoilloillo|atk|1
|turn|24
|
|-start|p1a: Hippowdon|Dynamax
|-heal|p1a: Hippowdon|93/100|[silent]
|move|p2a: Illoilloillo|Behemoth Blade|p1a: Hippowdon
|-damage|p1a: Hippowdon|36/100
|move|p1a: Hippowdon|Max Quake|p2a: Illoilloillo
|-supereffective|p2a: Illoilloillo
|-damage|p2a: Illoilloillo|9/100
|-boost|p1a: Hippowdon|spd|1
|
|-weather|Sandstorm|[upkeep]
|-heal|p1a: Hippowdon|39/100|[from] item: Leftovers
|upkeep
|turn|25
|
|-end|p1a: Hippowdon|Dynamax
|-heal|p1a: Hippowdon|39/100|[silent]
|switch|p1a: Corviknight|Corviknight, M|79/100
|-ability|p1a: Corviknight|Pressure
|move|p2a: Illoilloillo|Behemoth Blade|p1a: Corviknight
|-resisted|p1a: Corviknight
|-damage|p1a: Corviknight|47/100
|
|-weather|Sandstorm|[upkeep]
|upkeep
|turn|26
|
|move|p2a: Illoilloillo|Close Combat|p1a: Corviknight
|-damage|p1a: Corviknight|0 fnt
|-unboost|p2a: Illoilloillo|def|1
|-unboost|p2a: Illoilloillo|spd|1
|faint|p1a: Corviknight
|
|-weather|Sandstorm|[upkeep]
|upkeep
|
|switch|p1a: Lunala|Lunala|94/100
|turn|27
|
|switch|p2a: Juan Ramírez|Necrozma-Dusk-Mane|46/100
|-damage|p2a: Juan Ramírez|40/100|[from] Stealth Rock
|move|p1a: Lunala|Hex|p2a: Juan Ramírez
|-supereffective|p2a: Juan Ramírez
|-damage|p2a: Juan Ramírez|6/100
|
|-weather|none
|upkeep
|turn|28
|
|move|p1a: Lunala|Hex|p2a: Juan Ramírez
|-supereffective|p2a: Juan Ramírez
|-damage|p2a: Juan Ramírez|0 fnt
|faint|p2a: Juan Ramírez
|
|upkeep
|inactive|HTezcat04 has 120 seconds left.
|
|switch|p2a: Manolo Pérez|Tyranitar, M|100/100 par
|-damage|p2a: Manolo Pérez|88/100 par|[from] Stealth Rock
|-weather|Sandstorm|[from] ability: Sand Stream|[of] p2a: Manolo Pérez
|turn|29
|
|switch|p1a: Hippowdon|Hippowdon, F|39/100
|move|p2a: Manolo Pérez|Toxic|p1a: Hippowdon
|-status|p1a: Hippowdon|tox
|
|-weather|Sandstorm|[upkeep]
|-heal|p1a: Hippowdon|45/100 tox|[from] item: Leftovers
|-damage|p1a: Hippowdon|39/100 tox|[from] psn
|upkeep
|turn|30
|
|move|p1a: Hippowdon|Slack Off|p1a: Hippowdon
|-heal|p1a: Hippowdon|89/100 tox
|move|p2a: Manolo Pérez|Stealth Rock|p1a: Hippowdon
|-sidestart|p1: Nickelstein|move: Stealth Rock
|
|-weather|Sandstorm|[upkeep]
|-heal|p1a: Hippowdon|95/100 tox|[from] item: Leftovers
|-damage|p1a: Hippowdon|83/100 tox|[from] psn
|upkeep
|turn|31
|
|move|p1a: Hippowdon|Earthquake|p2a: Manolo Pérez
|-supereffective|p2a: Manolo Pérez
|-damage|p2a: Manolo Pérez|31/100 par
|move|p2a: Manolo Pérez|Earthquake|p1a: Hippowdon
|-damage|p1a: Hippowdon|68/100 tox
|
|-weather|Sandstorm|[upkeep]
|-heal|p1a: Hippowdon|74/100 tox|[from] item: Leftovers
|-damage|p1a: Hippowdon|56/100 tox|[from] psn
|upkeep
|turn|32
|
|switch|p1a: Umbreon|Umbreon, F|100/100
|-damage|p1a: Umbreon|88/100|[from] Stealth Rock
|-start|p2a: Manolo Pérez|Dynamax
|-heal|p2a: Manolo Pérez|31/100 par|[silent]
|move|p2a: Manolo Pérez|Max Quake|p1a: Umbreon
|-damage|p1a: Umbreon|59/100
|-boost|p2a: Manolo Pérez|spd|1
|
|-weather|Sandstorm|[upkeep]
|-damage|p1a: Umbreon|53/100|[from] Sandstorm
|-heal|p1a: Umbreon|59/100|[from] item: Leftovers
|upkeep
|turn|33
|
|move|p1a: Umbreon|Wish|p1a: Umbreon
|cant|p2a: Manolo Pérez|par
|
|-weather|none
|-heal|p1a: Umbreon|65/100|[from] item: Leftovers
|upkeep
|turn|34
|
|move|p1a: Umbreon|Heal Bell|p1a: Umbreon
|-activate|p1a: Umbreon|move: Heal Bell
|-curestatus|p1: Hippowdon|tox|[msg]
|cant|p2a: Manolo Pérez|par
|
|-heal|p1a: Umbreon|100/100|[from] move: Wish|[wisher] Umbreon
|-end|p2a: Manolo Pérez|Dynamax
|-heal|p2a: Manolo Pérez|31/100 par|[silent]
|upkeep
|turn|35
|
|move|p1a: Umbreon|Wish|p1a: Umbreon
|move|p2a: Manolo Pérez|Rest|p2a: Manolo Pérez
|-status|p2a: Manolo Pérez|slp|[from] move: Rest
|-heal|p2a: Manolo Pérez|100/100 slp|[silent]
|
|upkeep
|turn|36
|
|switch|p1a: Hippowdon|Hippowdon, F|56/100
|-damage|p1a: Hippowdon|50/100|[from] Stealth Rock
|-weather|Sandstorm|[from] ability: Sand Stream|[of] p1a: Hippowdon
|cant|p2a: Manolo Pérez|slp
|
|-weather|Sandstorm|[upkeep]
|-heal|p1a: Hippowdon|96/100|[from] move: Wish|[wisher] Umbreon
|-heal|p1a: Hippowdon|100/100|[from] item: Leftovers
|upkeep
|turn|37
|
|cant|p2a: Manolo Pérez|slp
|move|p1a: Hippowdon|Earthquake|p2a: Manolo Pérez
|-supereffective|p2a: Manolo Pérez
|-damage|p2a: Manolo Pérez|43/100 slp
|
|-weather|Sandstorm|[upkeep]
|upkeep
|turn|38
|
|-curestatus|p2a: Manolo Pérez|slp|[msg]
|move|p2a: Manolo Pérez|Toxic|p1a: Hippowdon
|-status|p1a: Hippowdon|tox
|move|p1a: Hippowdon|Earthquake|p2a: Manolo Pérez
|-supereffective|p2a: Manolo Pérez
|-damage|p2a: Manolo Pérez|0 fnt
|faint|p2a: Manolo Pérez
|
|-weather|Sandstorm|[upkeep]
|-damage|p1a: Hippowdon|94/100 tox|[from] psn
|upkeep
|
|switch|p2a: Illoilloillo|Zacian-Crowned|9/100
|-damage|p2a: Illoilloillo|3/100|[from] Stealth Rock
|-ability|p2a: Illoilloillo|Intrepid Sword|boost
|-boost|p2a: Illoilloillo|atk|1
|turn|39
|
|move|p2a: Illoilloillo|Protect|p2a: Illoilloillo
|-singleturn|p2a: Illoilloillo|Protect
|move|p1a: Hippowdon|Earthquake|p2a: Illoilloillo
|-activate|p2a: Illoilloillo|move: Protect
|
|-weather|Sandstorm|[upkeep]
|-heal|p1a: Hippowdon|100/100 tox|[from] item: Leftovers
|-damage|p1a: Hippowdon|88/100 tox|[from] psn
|upkeep
|turn|40
|
|move|p2a: Illoilloillo|Behemoth Blade|p1a: Hippowdon
|-damage|p1a: Hippowdon|29/100 tox
|move|p1a: Hippowdon|Whirlwind|p2a: Illoilloillo
|drag|p2a: Er mehó|Zekrom|100/100
|-damage|p2a: Er mehó|88/100|[from] Stealth Rock
|-ability|p2a: Er mehó|Teravolt
|
|-weather|none
|-heal|p2a: Er mehó|94/100|[from] item: Leftovers
|-heal|p1a: Hippowdon|35/100 tox|[from] item: Leftovers
|-damage|p1a: Hippowdon|16/100 tox|[from] psn
|upkeep
|turn|41
|
|move|p2a: Er mehó|Dragon Claw|p1a: Hippowdon
|-damage|p1a: Hippowdon|0 fnt
|faint|p1a: Hippowdon
|
|-heal|p2a: Er mehó|100/100|[from] item: Leftovers
|upkeep
|
|switch|p1a: Lunala|Lunala|94/100
|turn|42
|
|move|p1a: Lunala|Will-O-Wisp|p2a: Er mehó
|-status|p2a: Er mehó|brn
|move|p2a: Er mehó|Dragon Dance|p2a: Er mehó
|-boost|p2a: Er mehó|atk|1
|-boost|p2a: Er mehó|spe|1
|
|-damage|p2a: Er mehó|94/100 brn|[from] brn
|upkeep
|turn|43
|
|move|p2a: Er mehó|Bolt Strike|p1a: Lunala
|-damage|p1a: Lunala|50/100
|move|p1a: Lunala|Hex|p2a: Er mehó
|-damage|p2a: Er mehó|39/100 brn
|
|-heal|p2a: Er mehó|45/100 brn|[from] item: Leftovers
|-damage|p2a: Er mehó|39/100 brn|[from] brn
|upkeep
|turn|44
|
|move|p2a: Er mehó|Bolt Strike|p1a: Lunala|[miss]
|-miss|p2a: Er mehó|p1a: Lunala
|move|p1a: Lunala|Roost|p1a: Lunala
|-heal|p1a: Lunala|99/100
|-singleturn|p1a: Lunala|move: Roost
|
|-heal|p2a: Er mehó|45/100 brn|[from] item: Leftovers
|-damage|p2a: Er mehó|39/100 brn|[from] brn
|upkeep
|turn|45
|
|move|p2a: Er mehó|Bolt Strike|p1a: Lunala
|-damage|p1a: Lunala|47/100
|move|p1a: Lunala|Roost|p1a: Lunala
|-heal|p1a: Lunala|97/100
|-singleturn|p1a: Lunala|move: Roost
|
|-heal|p2a: Er mehó|45/100 brn|[from] item: Leftovers
|-damage|p2a: Er mehó|39/100 brn|[from] brn
|upkeep
|turn|46
|
|move|p2a: Er mehó|Dragon Dance|p2a: Er mehó
|-boost|p2a: Er mehó|atk|1
|-boost|p2a: Er mehó|spe|1
|move|p1a: Lunala|Hex|p2a: Er mehó
|-damage|p2a: Er mehó|0 fnt
|faint|p2a: Er mehó
|
|upkeep
|
|switch|p2a: Antonio Sánchez|Ditto|100/100
|-damage|p2a: Antonio Sánchez|88/100|[from] Stealth Rock
|-transform|p2a: Antonio Sánchez|p1a: Lunala|[from] ability: Imposter
|turn|47
|
|switch|p1a: Umbreon|Umbreon, F|100/100
|-damage|p1a: Umbreon|88/100|[from] Stealth Rock
|move|p2a: Antonio Sánchez|Hex|p1a: Umbreon
|-resisted|p1a: Umbreon
|-damage|p1a: Umbreon|81/100
|
|-heal|p1a: Umbreon|87/100|[from] item: Leftovers
|upkeep
|turn|48
|-message|HTezcat04 forfeited.
|
|win|Nickelstein
|l|☆HTezcat04
