|j|☆Sam360games
|j|☆Rell27
|t:|1616382337
|player|p1|Sam360games|bruno-gen3|1582
|player|p2|Rell27|1|1562
|teamsize|p1|6
|teamsize|p2|6
|gametype|singles
|gen|8
|tier|[Gen 8] Ubers
|rated|
|clearpoke
|poke|p1|Urshifu-*, M|
|poke|p1|Necrozma-Dusk-Mane|
|poke|p1|Yveltal|
|poke|p1|Kyogre|
|poke|p1|Groudon|
|poke|p1|Ditto|
|poke|p2|Eternatus|
|poke|p2|Necrozma-Dusk-Mane|
|poke|p2|Calyrex-Shadow|
|poke|p2|Yveltal|
|poke|p2|Zygarde|
|poke|p2|Xerneas|
|rule|Sleep Clause Mod: Limit one foe put to sleep
|rule|Species Clause: Limit one of each Pokémon
|rule|OHKO Clause: OHKO moves are banned
|rule|Evasion Moves Clause: Evasion moves are banned
|rule|Endless Battle Clause: Forcing endless battles is banned
|rule|HP Percentage Mod: HP is shown in percentages
|rule|Dynamax Clause: You cannot dynamax
|teampreview
|inactive|Battle timer is ON: inactive players will automatically lose when time's up. (requested by Sam360games)
|
|t:|1616382366
|start
|switch|p1a: Heat|Groudon, shiny|100/100
|switch|p2a: Xerneas|Xerneas|100/100
|-weather|SunnyDay|[from] ability: Drought|[of] p1a: Heat
|-ability|p2a: Xerneas|Fairy Aura
|turn|1
|
|t:|1616382375
|move|p1a: Heat|Fire Punch|p2a: Xerneas
|-damage|p2a: Xerneas|57/100
|move|p2a: Xerneas|Geomancy||[still]
|-prepare|p2a: Xerneas|Geomancy
|-enditem|p2a: Xerneas|Power Herb
|-anim|p2a: Xerneas|Geomancy|p2a: Xerneas
|-boost|p2a: Xerneas|spa|2
|-boost|p2a: Xerneas|spd|2
|-boost|p2a: Xerneas|spe|2
|
|-weather|SunnyDay|[upkeep]
|upkeep
|turn|2
|
|t:|1616382382
|switch|p1a: hakuna matata|Necrozma-Dusk-Mane|100/100
|move|p2a: Xerneas|Moonblast|p1a: hakuna matata
|-resisted|p1a: hakuna matata
|-damage|p1a: hakuna matata|48/100
|
|-weather|SunnyDay|[upkeep]
|upkeep
|turn|3
|
|t:|1616382390
|switch|p2a: Zygarde|Zygarde|100/100
|switch|p1a: BIG NEMO|Kyogre, shiny|100/100
|-weather|RainDance|[from] ability: Drizzle|[of] p1a: BIG NEMO
|
|-weather|RainDance|[upkeep]
|upkeep
|turn|4
|
|t:|1616382407
|switch|p2a: Necrozma|Necrozma-Dusk-Mane|100/100
|move|p1a: BIG NEMO|Scald|p2a: Necrozma
|-damage|p2a: Necrozma|50/100
|-status|p2a: Necrozma|brn
|
|-weather|RainDance|[upkeep]
|-damage|p2a: Necrozma|44/100 brn|[from] brn
|upkeep
|turn|5
|
|t:|1616382411
|move|p1a: BIG NEMO|Scald|p2a: Necrozma
|-damage|p2a: Necrozma|0 fnt
|faint|p2a: Necrozma
|
|-weather|RainDance|[upkeep]
|upkeep
|
|t:|1616382417
|switch|p2a: Yveltal|Yveltal|100/100
|-ability|p2a: Yveltal|Dark Aura
|turn|6
|
|t:|1616382421
|move|p2a: Yveltal|Knock Off|p1a: BIG NEMO
|-damage|p1a: BIG NEMO|52/100
|-enditem|p1a: BIG NEMO|Leftovers|[from] move: Knock Off|[of] p2a: Yveltal
|-damage|p2a: Yveltal|91/100|[from] item: Life Orb
|move|p1a: BIG NEMO|Thunder Wave|p2a: Yveltal
|-status|p2a: Yveltal|par
|
|-weather|RainDance|[upkeep]
|upkeep
|turn|7
|
|t:|1616382430
|move|p1a: BIG NEMO|Calm Mind|p1a: BIG NEMO
|-boost|p1a: BIG NEMO|spa|1
|-boost|p1a: BIG NEMO|spd|1
|cant|p2a: Yveltal|par
|
|-weather|none
|upkeep
|turn|8
|
|t:|1616382436
|switch|p2a: Calyrex|Calyrex-Shadow|100/100
|-ability|p2a: Calyrex|As One
|-ability|p2a: Calyrex|Unnerve|p1: Sam360games
|move|p1a: BIG NEMO|Scald|p2a: Calyrex
|-damage|p2a: Calyrex|44/100
|-status|p2a: Calyrex|brn
|
|-damage|p2a: Calyrex|37/100 brn|[from] brn
|upkeep
|turn|9
|
|t:|1616382440
|move|p2a: Calyrex|Psyshock|p1a: BIG NEMO
|-damage|p1a: BIG NEMO|23/100
|move|p1a: BIG NEMO|Scald|p2a: Calyrex
|-damage|p2a: Calyrex|0 fnt
|faint|p2a: Calyrex
|
|upkeep
|
|t:|1616382447
|switch|p2a: Eternatus|Eternatus|100/100
|-ability|p2a: Eternatus|Pressure
|turn|10
|
|t:|1616382454
|move|p2a: Eternatus|Dynamax Cannon|p1a: BIG NEMO
|-damage|p1a: BIG NEMO|0 fnt
|-damage|p2a: Eternatus|91/100|[from] item: Life Orb
|faint|p1a: BIG NEMO
|
|upkeep
|
|t:|1616382480
|switch|p1a: Kolluki|Yveltal, shiny|100/100
|-ability|p1a: Kolluki|Dark Aura
|turn|11
|
|t:|1616382485
|move|p2a: Eternatus|Sludge Bomb|p1a: Kolluki
|-crit|p1a: Kolluki
|-damage|p1a: Kolluki|17/100
|-status|p1a: Kolluki|psn
|-damage|p2a: Eternatus|81/100|[from] item: Life Orb
|move|p1a: Kolluki|Knock Off|p2a: Eternatus
|-damage|p2a: Eternatus|12/100
|-enditem|p2a: Eternatus|Life Orb|[from] move: Knock Off|[of] p1a: Kolluki
|
|-damage|p1a: Kolluki|5/100 psn|[from] psn
|upkeep
|turn|12
|
|t:|1616382492
|move|p1a: Kolluki|Sucker Punch||[still]
|-fail|p1a: Kolluki
|move|p2a: Eternatus|Recover|p2a: Eternatus
|-heal|p2a: Eternatus|62/100
|
|-damage|p1a: Kolluki|0 fnt|[from] psn
|faint|p1a: Kolluki
|upkeep
|
|t:|1616382503
|switch|p1a: Heat|Groudon, shiny|100/100
|-weather|SunnyDay|[from] ability: Drought|[of] p1a: Heat
|turn|13
|
|t:|1616382527
|switch|p2a: Zygarde|Zygarde|100/100
|move|p1a: Heat|Precipice Blades|p2a: Zygarde
|-damage|p2a: Zygarde|39/100
|
|-weather|SunnyDay|[upkeep]
|-heal|p2a: Zygarde|45/100|[from] item: Leftovers
|-activate|p2a: Zygarde|ability: Power Construct
|detailschange|p2a: Zygarde|Zygarde-Complete
|-heal|p2a: Zygarde|64/100|[silent]
|upkeep
|turn|14
|
|t:|1616382537
|switch|p2a: Yveltal|Yveltal|91/100 par
|-ability|p2a: Yveltal|Dark Aura
|move|p1a: Heat|Precipice Blades|p2a: Yveltal
|-immune|p2a: Yveltal
|
|-weather|SunnyDay|[upkeep]
|upkeep
|turn|15
|
|t:|1616382543
|switch|p1a: hakuna matata|Necrozma-Dusk-Mane|48/100
|move|p2a: Yveltal|Dark Pulse|p1a: hakuna matata
|-supereffective|p1a: hakuna matata
|-damage|p1a: hakuna matata|0 fnt
|-damage|p2a: Yveltal|81/100 par|[from] item: Life Orb
|faint|p1a: hakuna matata
|
|-weather|SunnyDay|[upkeep]
|upkeep
|
|t:|1616382550
|switch|p1a: Heat|Groudon, shiny|100/100
|turn|16
|
|t:|1616382554
|switch|p2a: Zygarde|Zygarde-Complete|64/100
|move|p1a: Heat|Rock Tomb|p2a: Zygarde
|-resisted|p2a: Zygarde
|-damage|p2a: Zygarde|58/100
|-unboost|p2a: Zygarde|spe|1
|
|-weather|SunnyDay|[upkeep]
|-heal|p2a: Zygarde|64/100|[from] item: Leftovers
|upkeep
|turn|17
|
|t:|1616382558
|switch|p1a: Rek|Urshifu, M, shiny|100/100
|move|p2a: Zygarde|Coil|p2a: Zygarde
|-boost|p2a: Zygarde|atk|1
|-boost|p2a: Zygarde|def|1
|-boost|p2a: Zygarde|accuracy|1
|
|-weather|none
|-heal|p2a: Zygarde|70/100|[from] item: Leftovers
|upkeep
|turn|18
|
|t:|1616382563
|move|p1a: Rek|Wicked Blow|p2a: Zygarde
|-crit|p2a: Zygarde
|-damage|p2a: Zygarde|35/100
|move|p2a: Zygarde|Thousand Waves|p1a: Rek
|-damage|p1a: Rek|54/100
|-activate|p1a: Rek|trapped
|
|-heal|p2a: Zygarde|41/100|[from] item: Leftovers
|upkeep
|turn|19
|
|t:|1616382582
|move|p1a: Rek|Wicked Blow|p2a: Zygarde
|-crit|p2a: Zygarde
|-damage|p2a: Zygarde|0 fnt
|faint|p2a: Zygarde
|
|upkeep
|
|t:|1616382589
|switch|p2a: Xerneas|Xerneas|57/100
|-ability|p2a: Xerneas|Fairy Aura
|turn|20
|
|t:|1616382592
|switch|p1a: Heat|Groudon, shiny|100/100
|-weather|SunnyDay|[from] ability: Drought|[of] p1a: Heat
|move|p2a: Xerneas|Moonblast|p1a: Heat
|-damage|p1a: Heat|27/100
|
|-weather|SunnyDay|[upkeep]
|upkeep
|turn|21
|
|t:|1616382597
|move|p1a: Heat|Fire Punch|p2a: Xerneas
|-damage|p2a: Xerneas|11/100
|move|p2a: Xerneas|Moonblast|p1a: Heat
|-damage|p1a: Heat|0 fnt
|faint|p1a: Heat
|
|-weather|SunnyDay|[upkeep]
|upkeep
|
|t:|1616382603
|switch|p1a: lol|Ditto, shiny|100/100
|-transform|p1a: lol|p2a: Xerneas|[from] ability: Imposter
|-ability|p1a: lol|Fairy Aura
|turn|22
|
|t:|1616382618
|move|p1a: lol|Moonblast|p2a: Xerneas
|-damage|p2a: Xerneas|0 fnt
|faint|p2a: Xerneas
|
|-weather|SunnyDay|[upkeep]
|upkeep
|
|t:|1616382620
|switch|p2a: Eternatus|Eternatus|62/100
|-ability|p2a: Eternatus|Pressure
|turn|23
|
|t:|1616382623
|switch|p1a: Rek|Urshifu, M, shiny|54/100
|move|p2a: Eternatus|Sludge Bomb|p1a: Rek
|-damage|p1a: Rek|0 fnt
|faint|p1a: Rek
|
|-weather|SunnyDay|[upkeep]
|upkeep
|
|t:|1616382625
|switch|p1a: lol|Ditto, shiny|100/100
|-transform|p1a: lol|p2a: Eternatus|[from] ability: Imposter
|-ability|p1a: lol|Pressure
|turn|24
|
|t:|1616382630
|move|p1a: lol|Dynamax Cannon|p2a: Eternatus
|-supereffective|p2a: Eternatus
|-damage|p2a: Eternatus|0 fnt
|faint|p2a: Eternatus
|
|-weather|none
|upkeep
|
|t:|1616382632
|switch|p2a: Yveltal|Yveltal|81/100 par
|-ability|p2a: Yveltal|Dark Aura
|turn|25
|
|t:|1616382636
|move|p1a: lol|Dynamax Cannon|p2a: Yveltal
|-damage|p2a: Yveltal|39/100 par
|move|p2a: Yveltal|Oblivion Wing|p1a: lol
|-damage|p1a: lol|47/100
|-heal|p2a: Yveltal|67/100 par|[from] drain|[of] p1a: lol
|-damage|p2a: Yveltal|57/100 par|[from] item: Life Orb
|
|upkeep
|turn|26
|
|t:|1616382640
|move|p1a: lol|Dynamax Cannon|p2a: Yveltal
|-damage|p2a: Yveltal|17/100 par
|move|p2a: Yveltal|Dark Pulse|p1a: lol
|-damage|p1a: lol|0 fnt
|-damage|p2a: Yveltal|7/100 par|[from] item: Life Orb
|faint|p1a: lol
|
|win|Rell27
|raw|Sam360games's rating: 1582 &rarr; <strong>1561</strong><br />(-21 for losing)
|raw|Rell27's rating: 1562 &rarr; <strong>1583</strong><br />(+21 for winning)
|l|☆Sam360games
