|j|☆Asurya SNAKE
|j|☆LD8 nvzhuangkeai
|t:|1662867802
|gametype|singles
|player|p1|Asurya SNAKE|veteran|1376
|player|p2|LD8 nvzhuangkeai|dawn|1587
|teamsize|p1|6
|teamsize|p2|6
|gen|8
|tier|[Gen 8] Ubers
|rated|
|rule|Sleep Clause Mod: Limit one foe put to sleep
|rule|Species Clause: Limit one of each Pokémon
|rule|OHKO Clause: OHKO moves are banned
|rule|Evasion Items Clause: Evasion items are banned
|rule|Evasion Moves Clause: Evasion moves are banned
|rule|Endless Battle Clause: Forcing endless battles is banned
|rule|HP Percentage Mod: HP is shown in percentages
|rule|Dynamax Clause: You cannot dynamax
|clearpoke
|poke|p1|Necrozma-Dusk-Mane|
|poke|p1|Zygarde|
|poke|p1|Calyrex-Shadow|
|poke|p1|Yveltal|
|poke|p1|Xerneas-*|
|poke|p1|Landorus, M|
|poke|p2|Giratina-Origin|
|poke|p2|Eternatus|
|poke|p2|Slowbro, F|
|poke|p2|Tyranitar, F|
|poke|p2|Excadrill, F|
|poke|p2|Blissey, F|
|teampreview
|inactive|Battle timer is ON: inactive players will automatically lose when time's up. (requested by Asurya SNAKE)
|
|t:|1662867815
|start
|switch|p1a: Necrozma|Necrozma-Dusk-Mane|100/100
|switch|p2a: Giratina|Giratina-Origin, shiny|100/100
|turn|1
|
|t:|1662867821
|move|p2a: Giratina|Thunder Wave|p1a: Necrozma
|-status|p1a: Necrozma|par
|move|p1a: Necrozma|Thunder Wave|p2a: Giratina
|-status|p2a: Giratina|par
|
|upkeep
|turn|2
|
|t:|1662867828
|switch|p1a: Yveltal|Yveltal|100/100
|-ability|p1a: Yveltal|Dark Aura
|move|p2a: Giratina|Hex|p1a: Yveltal
|-resisted|p1a: Yveltal
|-damage|p1a: Yveltal|90/100
|
|upkeep
|turn|3
|
|t:|1662867832
|switch|p2a: Eternatus|Eternatus|100/100
|-ability|p2a: Eternatus|Pressure
|move|p1a: Yveltal|Knock Off|p2a: Eternatus
|-damage|p2a: Eternatus|66/100
|-enditem|p2a: Eternatus|Black Sludge|[from] move: Knock Off|[of] p1a: Yveltal
|
|upkeep
|turn|4
|
|t:|1662867843
|switch|p1a: Necrozma|Necrozma-Dusk-Mane|100/100 par
|move|p2a: Eternatus|Recover|p2a: Eternatus
|-heal|p2a: Eternatus|100/100
|
|upkeep
|turn|5
|
|t:|1662867857
|switch|p2a: Excadrill|Excadrill, F, shiny|100/100
|cant|p1a: Necrozma|par
|
|upkeep
|turn|6
|
|t:|1662867874
|switch|p1a: Landorus|Landorus, M|100/100
|move|p2a: Excadrill|Rock Slide|p1a: Landorus
|-damage|p1a: Landorus|72/100
|
|upkeep
|turn|7
|
|t:|1662867890
|switch|p2a: Giratina|Giratina-Origin, shiny|100/100 par
|move|p1a: Landorus|Earth Power|p2a: Giratina
|-immune|p2a: Giratina|[from] ability: Levitate
|
|upkeep
|turn|8
|
|t:|1662867896
|switch|p1a: Necrozma|Necrozma-Dusk-Mane|100/100 par
|move|p2a: Giratina|Draco Meteor|p1a: Necrozma|[miss]
|-miss|p2a: Giratina|p1a: Necrozma
|
|upkeep
|turn|9
|
|t:|1662867902
|move|p2a: Giratina|Hex|p1a: Necrozma
|-supereffective|p1a: Necrozma
|-damage|p1a: Necrozma|8/100 par
|move|p1a: Necrozma|Stealth Rock|p2a: Giratina
|-sidestart|p2: LD8 nvzhuangkeai|move: Stealth Rock
|
|-heal|p1a: Necrozma|14/100 par|[from] item: Leftovers
|upkeep
|turn|10
|
|t:|1662867906
|switch|p1a: Yveltal|Yveltal|90/100
|-ability|p1a: Yveltal|Dark Aura
|cant|p2a: Giratina|par
|
|upkeep
|turn|11
|
|t:|1662867911
|switch|p2a: Eternatus|Eternatus|100/100
|-damage|p2a: Eternatus|88/100|[from] Stealth Rock
|-ability|p2a: Eternatus|Pressure
|move|p1a: Yveltal|U-turn|p2a: Eternatus
|-resisted|p2a: Eternatus
|-damage|p2a: Eternatus|82/100
|
|t:|1662867939
|switch|p1a: Calyrex|Calyrex-Shadow|100/100|[from]move: U-turn
|-ability|p1a: Calyrex|As One
|-ability|p1a: Calyrex|Unnerve
|
|upkeep
|turn|12
|
|t:|1662867946
|switch|p2a: Tyranitar|Tyranitar, F, shiny|100/100
|-damage|p2a: Tyranitar|88/100|[from] Stealth Rock
|-weather|Sandstorm|[from] ability: Sand Stream|[of] p2a: Tyranitar
|move|p1a: Calyrex|Trick|p2a: Tyranitar
|-activate|p1a: Calyrex|move: Trick|[of] p2a: Tyranitar
|-item|p2a: Tyranitar|Choice Specs|[from] move: Trick
|-item|p1a: Calyrex|Smooth Rock|[from] move: Trick
|
|-weather|Sandstorm|[upkeep]
|-damage|p1a: Calyrex|94/100|[from] Sandstorm
|upkeep
|turn|13
|
|t:|1662867959
|move|p1a: Calyrex|Substitute|p1a: Calyrex
|-start|p1a: Calyrex|Substitute
|-damage|p1a: Calyrex|69/100
|move|p2a: Tyranitar|Stealth Rock|p1a: Calyrex
|-sidestart|p1: Asurya SNAKE|move: Stealth Rock
|
|-weather|Sandstorm|[upkeep]
|-damage|p1a: Calyrex|63/100|[from] Sandstorm
|upkeep
|turn|14
|
|t:|1662867966
|switch|p2a: Blissey|Blissey, F, shiny|100/100
|-damage|p2a: Blissey|88/100|[from] Stealth Rock
|move|p1a: Calyrex|Astral Barrage|p2a: Blissey
|-immune|p2a: Blissey
|
|-weather|Sandstorm|[upkeep]
|-damage|p1a: Calyrex|57/100|[from] Sandstorm
|-damage|p2a: Blissey|82/100|[from] Sandstorm
|upkeep
|turn|15
|
|t:|1662867972
|switch|p2a: Tyranitar|Tyranitar, F, shiny|88/100
|-damage|p2a: Tyranitar|76/100|[from] Stealth Rock
|move|p1a: Calyrex|Trick|p2a: Tyranitar
|-activate|p1a: Calyrex|move: Trick|[of] p2a: Tyranitar
|-item|p2a: Tyranitar|Smooth Rock|[from] move: Trick
|-item|p1a: Calyrex|Choice Specs|[from] move: Trick
|
|-weather|Sandstorm|[upkeep]
|-damage|p1a: Calyrex|51/100|[from] Sandstorm
|upkeep
|turn|16
|
|t:|1662867975
|move|p1a: Calyrex|Trick|p2a: Tyranitar
|-activate|p1a: Calyrex|move: Trick|[of] p2a: Tyranitar
|-item|p2a: Tyranitar|Choice Specs|[from] move: Trick
|-item|p1a: Calyrex|Smooth Rock|[from] move: Trick
|move|p2a: Tyranitar|Foul Play|p1a: Calyrex
|-supereffective|p1a: Calyrex
|-end|p1a: Calyrex|Substitute
|
|-weather|Sandstorm|[upkeep]
|-damage|p1a: Calyrex|45/100|[from] Sandstorm
|upkeep
|turn|17
|
|t:|1662867984
|move|p1a: Calyrex|Disable|p2a: Tyranitar
|-start|p2a: Tyranitar|Disable|Foul Play
|cant|p2a: Tyranitar|Disable|Foul Play
|
|-weather|Sandstorm|[upkeep]
|-damage|p1a: Calyrex|39/100|[from] Sandstorm
|upkeep
|turn|18
|
|t:|1662867993
|switch|p1a: Yveltal|Yveltal|90/100
|-ability|p1a: Yveltal|Dark Aura
|switch|p2a: Blissey|Blissey, F, shiny|82/100
|-damage|p2a: Blissey|69/100|[from] Stealth Rock
|
|-weather|Sandstorm|[upkeep]
|-damage|p1a: Yveltal|83/100|[from] Sandstorm
|-damage|p2a: Blissey|63/100|[from] Sandstorm
|upkeep
|turn|19
|
|t:|1662867998
|switch|p2a: Eternatus|Eternatus|82/100
|-damage|p2a: Eternatus|70/100|[from] Stealth Rock
|-ability|p2a: Eternatus|Pressure
|move|p1a: Yveltal|Knock Off|p2a: Eternatus
|-damage|p2a: Eternatus|49/100
|
|-weather|none
|upkeep
|turn|20
|
|t:|1662868005
|move|p2a: Eternatus|Recover|p2a: Eternatus
|-heal|p2a: Eternatus|99/100
|move|p1a: Yveltal|U-turn|p2a: Eternatus
|-resisted|p2a: Eternatus
|-crit|p2a: Eternatus
|-damage|p2a: Eternatus|90/100
|
|t:|1662868007
|switch|p1a: Landorus|Landorus, M|72/100|[from]move: U-turn
|-damage|p1a: Landorus|59/100|[from] Stealth Rock
|
|upkeep
|turn|21
|
|t:|1662868012
|move|p2a: Eternatus|Dynamax Cannon|p1a: Landorus
|-damage|p1a: Landorus|0 fnt
|faint|p1a: Landorus
|
|upkeep
|
|t:|1662868021
|switch|p1a: Calyrex|Calyrex-Shadow|39/100
|-ability|p1a: Calyrex|As One
|-ability|p1a: Calyrex|Unnerve
|-damage|p1a: Calyrex|26/100|[from] Stealth Rock
|turn|22
|
|t:|1662868024
|switch|p2a: Blissey|Blissey, F, shiny|63/100
|-damage|p2a: Blissey|51/100|[from] Stealth Rock
|move|p1a: Calyrex|Astral Barrage|p2a: Blissey
|-immune|p2a: Blissey
|
|upkeep
|turn|23
|
|t:|1662868031
|move|p1a: Calyrex|Astral Barrage|p2a: Blissey
|-immune|p2a: Blissey
|move|p2a: Blissey|Soft-Boiled|p2a: Blissey
|-heal|p2a: Blissey|100/100
|
|upkeep
|turn|24
|
|t:|1662868037
|move|p1a: Calyrex|Astral Barrage|p2a: Blissey
|-immune|p2a: Blissey
|move|p2a: Blissey|Aromatherapy|p2a: Blissey
|-activate|p2a: Blissey|move: Aromatherapy
|-curestatus|p2: Giratina|par|[msg]
|
|upkeep
|turn|25
|
|t:|1662868039
|move|p1a: Calyrex|Astral Barrage|p2a: Blissey
|-immune|p2a: Blissey
|move|p2a: Blissey|Wish|p2a: Blissey
|
|upkeep
|turn|26
|
|t:|1662868042
|switch|p2a: Tyranitar|Tyranitar, F, shiny|76/100
|-damage|p2a: Tyranitar|63/100|[from] Stealth Rock
|-weather|Sandstorm|[from] ability: Sand Stream|[of] p2a: Tyranitar
|move|p1a: Calyrex|Disable||[still]
|-fail|p1a: Calyrex
|
|-weather|Sandstorm|[upkeep]
|-damage|p1a: Calyrex|20/100|[from] Sandstorm
|-heal|p2a: Tyranitar|100/100|[from] move: Wish|[wisher] Blissey
|upkeep
|turn|27
|
|t:|1662868052
|move|p1a: Calyrex|Astral Barrage|p2a: Tyranitar
|-resisted|p2a: Tyranitar
|-damage|p2a: Tyranitar|86/100
|move|p2a: Tyranitar|Thunder Wave|p1a: Calyrex|[miss]
|-miss|p2a: Tyranitar|p1a: Calyrex
|
|-weather|Sandstorm|[upkeep]
|-damage|p1a: Calyrex|14/100|[from] Sandstorm
|upkeep
|turn|28
|
|t:|1662868059
|switch|p1a: Necrozma|Necrozma-Dusk-Mane|14/100 par
|-damage|p1a: Necrozma|8/100 par|[from] Stealth Rock
|switch|p2a: Blissey|Blissey, F, shiny|100/100
|-damage|p2a: Blissey|88/100|[from] Stealth Rock
|
|-weather|Sandstorm|[upkeep]
|-damage|p2a: Blissey|82/100|[from] Sandstorm
|-heal|p1a: Necrozma|14/100 par|[from] item: Leftovers
|upkeep
|turn|29
|
|t:|1662868065
|switch|p2a: Excadrill|Excadrill, F, shiny|100/100
|-damage|p2a: Excadrill|97/100|[from] Stealth Rock
|move|p1a: Necrozma|Moonlight|p1a: Necrozma
|-heal|p1a: Necrozma|38/100 par
|
|-weather|Sandstorm|[upkeep]
|-heal|p2a: Excadrill|100/100|[from] item: Leftovers
|-heal|p1a: Necrozma|44/100 par|[from] item: Leftovers
|upkeep
|turn|30
|
|t:|1662868076
|switch|p1a: Zygarde|Zygarde|100/100
|-damage|p1a: Zygarde|94/100|[from] Stealth Rock
|-ability|p1a: Zygarde|Aura Break
|move|p2a: Excadrill|Rapid Spin|p1a: Zygarde
|-damage|p1a: Zygarde|86/100
|-boost|p2a: Excadrill|spe|1
|-sideend|p2: LD8 nvzhuangkeai|Stealth Rock|[from] move: Rapid Spin|[of] p2a: Excadrill
|
|-weather|none
|-heal|p1a: Zygarde|92/100|[from] item: Leftovers
|upkeep
|turn|31
|
|t:|1662868083
|switch|p2a: Slowbro|Slowbro, F, shiny|100/100
|move|p1a: Zygarde|Dragon Dance|p1a: Zygarde
|-boost|p1a: Zygarde|atk|1
|-boost|p1a: Zygarde|spe|1
|
|-heal|p1a: Zygarde|98/100|[from] item: Leftovers
|upkeep
|turn|32
|
|t:|1662868093
|move|p1a: Zygarde|Dragon Dance|p1a: Zygarde
|-boost|p1a: Zygarde|atk|1
|-boost|p1a: Zygarde|spe|1
|move|p2a: Slowbro|Ice Beam|p1a: Zygarde
|-supereffective|p1a: Zygarde
|-damage|p1a: Zygarde|33/100
|
|-heal|p1a: Zygarde|40/100|[from] item: Leftovers
|upkeep
|turn|33
|
|t:|1662868102
|move|p1a: Zygarde|Glare|p2a: Slowbro
|-status|p2a: Slowbro|par
|move|p2a: Slowbro|Ice Beam|p1a: Zygarde
|-supereffective|p1a: Zygarde
|-damage|p1a: Zygarde|0 fnt
|faint|p1a: Zygarde
|
|upkeep
|
|t:|1662868109
|switch|p1a: Yveltal|Yveltal|83/100
|-ability|p1a: Yveltal|Dark Aura
|turn|34
|
|t:|1662868113
|switch|p2a: Eternatus|Eternatus|90/100
|-ability|p2a: Eternatus|Pressure
|move|p1a: Yveltal|Knock Off|p2a: Eternatus
|-damage|p2a: Eternatus|66/100
|
|upkeep
|turn|35
|c|☆Asurya SNAKE|Man
|c|☆Asurya SNAKE|seriously
|c|☆Asurya SNAKE|make a uber team
|c|☆Asurya SNAKE|not a stall
|c|☆Asurya SNAKE|that's not interessting to play as and against it
|-message|Asurya SNAKE forfeited.
|
|win|LD8 nvzhuangkeai
|raw|Asurya SNAKE's rating: 1376 &rarr; <strong>1367</strong><br />(-9 for losing)
|raw|LD8 nvzhuangkeai's rating: 1587 &rarr; <strong>1596</strong><br />(+9 for winning)
|l|☆Asurya SNAKE
||Ladder isn't responding, score probably updated but might not have (Request timeout).
