|j|☆QiYu3
|j|☆H3RRO
|player|p1|QiYu3|psychic-gen4|1567
|player|p2|H3RRO|50|1482
|teamsize|p1|6
|teamsize|p2|6
|gametype|singles
|gen|8
|tier|[Gen 8] Ubers
|rated|
|rule|Sleep Clause Mod: Limit one foe put to sleep
|rule|Species Clause: Limit one of each Pokémon
|rule|OHKO Clause: OHKO moves are banned
|rule|Evasion Moves Clause: Evasion moves are banned
|rule|Endless Battle Clause: Forcing endless battles is banned
|rule|HP Percentage Mod: HP is shown in percentages
|clearpoke
|poke|p1|Tyranitar, M|
|poke|p1|Quagsire, F|
|poke|p1|Corviknight, M|
|poke|p1|Ditto|
|poke|p1|Gengar, F|
|poke|p1|Darmanitan-Galar, F|
|poke|p2|Dragapult, F|
|poke|p2|Zacian-Crowned|
|poke|p2|Ditto|
|poke|p2|Gothitelle, M|
|poke|p2|Aegislash, F|
|poke|p2|Excadrill, M|
|teampreview
|
|start
|switch|p1a: Darmanitan|Darmanitan-Galar, F|100/100
|switch|p2a: Excadrill|Excadrill, M|100/100
|-ability|p2a: Excadrill|Mold Breaker
|turn|1
|
|move|p1a: Darmanitan|Icicle Crash|p2a: Excadrill
|-damage|p2a: Excadrill|4/100
|move|p2a: Excadrill|Stealth Rock|p1a: Darmanitan
|-sidestart|p1: QiYu3|move: Stealth Rock
|
|upkeep
|turn|2
|
|move|p1a: Darmanitan|Icicle Crash|p2a: Excadrill
|-damage|p2a: Excadrill|0 fnt
|faint|p2a: Excadrill
|
|upkeep
|
|switch|p2a: Zacian|Zacian-Crowned|100/100
|-ability|p2a: Zacian|Intrepid Sword|boost
|-boost|p2a: Zacian|atk|1
|turn|3
|
|switch|p1a: Corviknight|Corviknight, M|100/100
|-damage|p1a: Corviknight|88/100|[from] Stealth Rock
|-ability|p1a: Corviknight|Pressure
|move|p2a: Zacian|Behemoth Blade|p1a: Corviknight
|-resisted|p1a: Corviknight
|-damage|p1a: Corviknight|59/100
|
|-heal|p1a: Corviknight|66/100|[from] item: Leftovers
|upkeep
|turn|4
|
|switch|p1a: Quagsire|Quagsire, F|100/100
|-damage|p1a: Quagsire|94/100|[from] Stealth Rock
|move|p2a: Zacian|Close Combat|p1a: Quagsire
|-damage|p1a: Quagsire|56/100
|-unboost|p2a: Zacian|def|1
|-unboost|p2a: Zacian|spd|1
|
|upkeep
|turn|5
|
|move|p2a: Zacian|Play Rough|p1a: Quagsire
|-damage|p1a: Quagsire|14/100
|move|p1a: Quagsire|Recover|p1a: Quagsire
|-heal|p1a: Quagsire|64/100
|
|upkeep
|turn|6
|
|switch|p2a: Gothitelle|Gothitelle, M|100/100
|move|p1a: Quagsire|Recover|p1a: Quagsire
|-heal|p1a: Quagsire|100/100
|
|upkeep
|turn|7
|
|switch|p2a: Zacian|Zacian-Crowned|100/100
|-ability|p2a: Zacian|Intrepid Sword|boost
|-boost|p2a: Zacian|atk|1
|switch|p1a: Corviknight|Corviknight, M|66/100
|-damage|p1a: Corviknight|53/100|[from] Stealth Rock
|-ability|p1a: Corviknight|Pressure
|
|-heal|p1a: Corviknight|59/100|[from] item: Leftovers
|upkeep
|turn|8
|
|move|p2a: Zacian|Close Combat|p1a: Corviknight
|-damage|p1a: Corviknight|11/100
|-unboost|p2a: Zacian|def|1
|-unboost|p2a: Zacian|spd|1
|move|p1a: Corviknight|Roost|p1a: Corviknight
|-heal|p1a: Corviknight|61/100
|-singleturn|p1a: Corviknight|move: Roost
|
|-heal|p1a: Corviknight|67/100|[from] item: Leftovers
|upkeep
|turn|9
|
|move|p2a: Zacian|Swords Dance|p2a: Zacian
|-boost|p2a: Zacian|atk|2
|move|p1a: Corviknight|Defog|p2a: Zacian
|-unboost|p2a: Zacian|evasion|1
|-sideend|p1: QiYu3|Stealth Rock|[from] move: Defog|[of] p1a: Corviknight
|
|-heal|p1a: Corviknight|74/100|[from] item: Leftovers
|upkeep
|turn|10
|
|switch|p1a: Quagsire|Quagsire, F|100/100
|move|p2a: Zacian|Play Rough|p1a: Quagsire
|-damage|p1a: Quagsire|59/100
|
|upkeep
|turn|11
|
|switch|p2a: Gothitelle|Gothitelle, M|100/100
|move|p1a: Quagsire|Recover|p1a: Quagsire
|-heal|p1a: Quagsire|100/100
|
|upkeep
|turn|12
|
|switch|p1a: Gengar|Gengar, F|100/100
|move|p2a: Gothitelle|Psychic|p1a: Gengar
|-supereffective|p1a: Gengar
|-damage|p1a: Gengar|0 fnt
|-start|p2a: Gothitelle|Disable|Psychic|[from] ability: Cursed Body|[of] p1a: Gengar
|faint|p1a: Gengar
|
|upkeep
|
|switch|p1a: Darmanitan|Darmanitan-Galar, F|100/100
|turn|13
|
|switch|p2a: Dragapult|Dragapult, F|100/100
|move|p1a: Darmanitan|U-turn|p2a: Dragapult
|-resisted|p2a: Dragapult
|-damage|p2a: Dragapult|74/100
|
|switch|p1a: Tyranitar|Tyranitar, M|100/100|[from]move: U-turn
|-weather|Sandstorm|[from] ability: Sand Stream|[of] p1a: Tyranitar
|
|-weather|Sandstorm|[upkeep]
|-damage|p2a: Dragapult|68/100|[from] Sandstorm
|upkeep
|turn|14
|
|move|p2a: Dragapult|U-turn|p1a: Tyranitar
|-supereffective|p1a: Tyranitar
|-damage|p1a: Tyranitar|74/100
|
|switch|p2a: Zacian|Zacian-Crowned|100/100|[from]move: U-turn
|-ability|p2a: Zacian|Intrepid Sword|boost
|-boost|p2a: Zacian|atk|1
|move|p1a: Tyranitar|Stealth Rock|p2a: Zacian
|-sidestart|p2: H3RRO|move: Stealth Rock
|
|-weather|Sandstorm|[upkeep]
|-heal|p1a: Tyranitar|80/100|[from] item: Leftovers
|upkeep
|turn|15
|
|switch|p1a: Quagsire|Quagsire, F|100/100
|move|p2a: Zacian|Play Rough|p1a: Quagsire
|-damage|p1a: Quagsire|58/100
|
|-weather|Sandstorm|[upkeep]
|upkeep
|turn|16
|
|move|p2a: Zacian|Play Rough|p1a: Quagsire
|-damage|p1a: Quagsire|16/100
|move|p1a: Quagsire|Recover|p1a: Quagsire
|-heal|p1a: Quagsire|66/100
|
|-weather|Sandstorm|[upkeep]
|upkeep
|turn|17
|
|switch|p2a: Gothitelle|Gothitelle, M|100/100
|-damage|p2a: Gothitelle|88/100|[from] Stealth Rock
|move|p1a: Quagsire|Earthquake|p2a: Gothitelle
|-damage|p2a: Gothitelle|59/100
|
|-weather|none
|upkeep
|turn|18
|
|switch|p1a: Corviknight|Corviknight, M|74/100
|-ability|p1a: Corviknight|Pressure
|move|p2a: Gothitelle|Trick|p1a: Corviknight
|-activate|p2a: Gothitelle|move: Trick|[of] p1a: Corviknight
|-item|p1a: Corviknight|Choice Specs|[from] move: Trick
|-item|p2a: Gothitelle|Leftovers|[from] move: Trick
|
|-heal|p2a: Gothitelle|65/100|[from] item: Leftovers
|upkeep
|turn|19
|
|move|p1a: Corviknight|Iron Defense|p1a: Corviknight
|-boost|p1a: Corviknight|def|2
|move|p2a: Gothitelle|Thunderbolt|p1a: Corviknight
|-supereffective|p1a: Corviknight
|-damage|p1a: Corviknight|22/100
|
|-heal|p2a: Gothitelle|71/100|[from] item: Leftovers
|upkeep
|turn|20
|
|move|p1a: Corviknight|Iron Defense|p1a: Corviknight
|-boost|p1a: Corviknight|def|2
|move|p2a: Gothitelle|Energy Ball|p1a: Corviknight
|-resisted|p1a: Corviknight
|-damage|p1a: Corviknight|16/100
|
|-heal|p2a: Gothitelle|77/100|[from] item: Leftovers
|upkeep
|turn|21
|
|move|p1a: Corviknight|Iron Defense|p1a: Corviknight
|-boost|p1a: Corviknight|def|2
|move|p2a: Gothitelle|Energy Ball|p1a: Corviknight
|-resisted|p1a: Corviknight
|-damage|p1a: Corviknight|9/100
|
|-heal|p2a: Gothitelle|83/100|[from] item: Leftovers
|upkeep
|turn|22
|
|move|p1a: Corviknight|Iron Defense|p1a: Corviknight
|-boost|p1a: Corviknight|def|0
|move|p2a: Gothitelle|Energy Ball|p1a: Corviknight
|-resisted|p1a: Corviknight
|-damage|p1a: Corviknight|3/100
|
|-heal|p2a: Gothitelle|89/100|[from] item: Leftovers
|upkeep
|turn|23
|
|move|p1a: Corviknight|Iron Defense|p1a: Corviknight
|-boost|p1a: Corviknight|def|0
|move|p2a: Gothitelle|Thunderbolt|p1a: Corviknight
|-supereffective|p1a: Corviknight
|-damage|p1a: Corviknight|0 fnt
|faint|p1a: Corviknight
|
|-heal|p2a: Gothitelle|96/100|[from] item: Leftovers
|upkeep
|
|switch|p1a: Darmanitan|Darmanitan-Galar, F|100/100
|turn|24
|
|-start|p2a: Gothitelle|Dynamax
|-heal|p2a: Gothitelle|96/100|[silent]
|move|p1a: Darmanitan|U-turn|p2a: Gothitelle
|-supereffective|p2a: Gothitelle
|-damage|p2a: Gothitelle|57/100
|
|switch|p1a: Tyranitar|Tyranitar, M|80/100|[from]move: U-turn
|-weather|Sandstorm|[from] ability: Sand Stream|[of] p1a: Tyranitar
|move|p2a: Gothitelle|Max Mindstorm|p1a: Tyranitar
|-immune|p1a: Tyranitar
|
|-weather|Sandstorm|[upkeep]
|-damage|p2a: Gothitelle|54/100|[from] Sandstorm
|-heal|p2a: Gothitelle|57/100|[from] item: Leftovers
|-heal|p1a: Tyranitar|87/100|[from] item: Leftovers
|upkeep
|turn|25
|
|move|p2a: Gothitelle|Max Overgrowth|p1a: Tyranitar
|-supereffective|p1a: Tyranitar
|-damage|p1a: Tyranitar|55/100
|-fieldstart|move: Grassy Terrain
|move|p1a: Tyranitar|Stone Edge|p2a: Gothitelle
|-crit|p2a: Gothitelle
|-damage|p2a: Gothitelle|24/100
|
|-weather|Sandstorm|[upkeep]
|-damage|p2a: Gothitelle|21/100|[from] Sandstorm
|-heal|p2a: Gothitelle|24/100|[from] item: Leftovers
|-heal|p2a: Gothitelle|27/100|[from] Grassy Terrain
|-heal|p1a: Tyranitar|61/100|[from] item: Leftovers
|-heal|p1a: Tyranitar|67/100|[from] Grassy Terrain
|upkeep
|turn|26
|
|-end|p2a: Gothitelle|Dynamax
|-heal|p2a: Gothitelle|27/100|[silent]
|switch|p2a: Zacian|Zacian-Crowned|100/100
|-damage|p2a: Zacian|94/100|[from] Stealth Rock
|-ability|p2a: Zacian|Intrepid Sword|boost
|-boost|p2a: Zacian|atk|1
|move|p1a: Tyranitar|Stone Edge|p2a: Zacian
|-resisted|p2a: Zacian
|-damage|p2a: Zacian|72/100
|
|-weather|Sandstorm|[upkeep]
|-heal|p2a: Zacian|78/100|[from] Grassy Terrain
|-heal|p1a: Tyranitar|74/100|[from] item: Leftovers
|-heal|p1a: Tyranitar|80/100|[from] Grassy Terrain
|upkeep
|turn|27
|
|move|p2a: Zacian|Behemoth Blade|p1a: Tyranitar
|-supereffective|p1a: Tyranitar
|-damage|p1a: Tyranitar|0 fnt
|faint|p1a: Tyranitar
|
|-weather|Sandstorm|[upkeep]
|-heal|p2a: Zacian|84/100|[from] Grassy Terrain
|upkeep
|
|switch|p1a: Ditto|Ditto|100/100
|-transform|p1a: Ditto|p2a: Zacian|[from] ability: Imposter
|-ability|p1a: Ditto|Intrepid Sword|boost
|-boost|p1a: Ditto|atk|1
|turn|28
|
|switch|p2a: Gothitelle|Gothitelle, M|27/100
|-damage|p2a: Gothitelle|14/100|[from] Stealth Rock
|move|p1a: Ditto|Swords Dance|p1a: Ditto
|-boost|p1a: Ditto|atk|2
|
|-weather|none
|-heal|p2a: Gothitelle|21/100|[from] item: Leftovers
|-heal|p2a: Gothitelle|27/100|[from] Grassy Terrain
|upkeep
|turn|29
|
|move|p1a: Ditto|Behemoth Blade|p2a: Gothitelle
|-damage|p2a: Gothitelle|0 fnt
|faint|p2a: Gothitelle
|
|-fieldend|move: Grassy Terrain
|upkeep
|
|switch|p2a: Ditto|Ditto|100/100
|-damage|p2a: Ditto|88/100|[from] Stealth Rock
|turn|30
|
|switch|p2a: Aegislash|Aegislash, F|100/100
|-damage|p2a: Aegislash|94/100|[from] Stealth Rock
|move|p1a: Ditto|Swords Dance|p1a: Ditto
|-boost|p1a: Ditto|atk|2
|
|-heal|p2a: Aegislash|100/100|[from] item: Leftovers
|upkeep
|turn|31
|
|move|p2a: Aegislash|King's Shield|p2a: Aegislash
|-singleturn|p2a: Aegislash|Protect
|move|p1a: Ditto|Behemoth Blade|p2a: Aegislash
|-activate|p2a: Aegislash|move: Protect
|-unboost|p1a: Ditto|atk|1
|
|upkeep
|turn|32
|
|switch|p2a: Ditto|Ditto|88/100
|-damage|p2a: Ditto|76/100|[from] Stealth Rock
|move|p1a: Ditto|Behemoth Blade|p2a: Ditto
|-damage|p2a: Ditto|0 fnt
|faint|p2a: Ditto
|
|upkeep
|
|switch|p2a: Zacian|Zacian-Crowned|84/100
|-damage|p2a: Zacian|78/100|[from] Stealth Rock
|-ability|p2a: Zacian|Intrepid Sword|boost
|-boost|p2a: Zacian|atk|1
|turn|33
|
|move|p2a: Zacian|Behemoth Blade|p1a: Ditto
|-enditem|p1a: Ditto|Focus Sash
|-damage|p1a: Ditto|1/100
|move|p1a: Ditto|Behemoth Blade|p2a: Zacian
|-damage|p2a: Zacian|0 fnt
|faint|p2a: Zacian
|
|upkeep
|
|switch|p2a: Dragapult|Dragapult, F|68/100
|-damage|p2a: Dragapult|55/100|[from] Stealth Rock
|turn|34
|j| whitnerd
|
|move|p2a: Dragapult|Shadow Ball|p1a: Ditto
|-damage|p1a: Ditto|0 fnt
|faint|p1a: Ditto
|
|upkeep
|
|switch|p1a: Darmanitan|Darmanitan-Galar, F|100/100
|turn|35
|
|-start|p1a: Darmanitan|Dynamax
|-heal|p1a: Darmanitan|100/100|[silent]
|move|p2a: Dragapult|Shadow Ball|p1a: Darmanitan
|-damage|p1a: Darmanitan|72/100
|-unboost|p1a: Darmanitan|spd|1
|move|p1a: Darmanitan|Max Quake|p2a: Dragapult
|-damage|p2a: Dragapult|0 fnt
|-boost|p1a: Darmanitan|spd|1
|faint|p2a: Dragapult
|
|upkeep
|
|switch|p2a: Aegislash|Aegislash, F|100/100
|-damage|p2a: Aegislash|94/100|[from] Stealth Rock
|turn|36
|
|move|p1a: Darmanitan|Max Flare|p2a: Aegislash
|-supereffective|p2a: Aegislash
|-damage|p2a: Aegislash|18/100
|-weather|SunnyDay
|-formechange|p2a: Aegislash|Aegislash-Blade||[from] ability: Stance Change
|move|p2a: Aegislash|Shadow Ball|p1a: Darmanitan
|-damage|p1a: Darmanitan|36/100
|-unboost|p1a: Darmanitan|spd|1
|
|-weather|SunnyDay|[upkeep]
|-heal|p2a: Aegislash|25/100|[from] item: Leftovers
|upkeep
|turn|37
|
|-formechange|p2a: Aegislash|Aegislash||[from] ability: Stance Change
|move|p2a: Aegislash|King's Shield|p2a: Aegislash
|-singleturn|p2a: Aegislash|Protect
|move|p1a: Darmanitan|Max Flare|p2a: Aegislash
|-supereffective|p2a: Aegislash
|-crit|p2a: Aegislash
|-zbroken|p2a: Aegislash
|-damage|p2a: Aegislash|0 fnt
|faint|p2a: Aegislash
|
|win|QiYu3
|c|☆H3RRO|Trash
|raw|QiYu3's rating: 1567 &rarr; <strong>1582</strong><br />(+15 for winning)
|raw|H3RRO's rating: 1483 &rarr; <strong>1468</strong><br />(-15 for losing)
|l|☆QiYu3
|l|☆H3RRO
|l| whitnerd
|j| whitnerd
