|j|☆Galacticguck300
|j|☆Bernie776
|t:|1666643232
|gametype|singles
|player|p1|Galacticguck300|mars|1336
|player|p2|Bernie776|rood|1345
|teamsize|p1|6
|teamsize|p2|6
|gen|8
|tier|[Gen 8] Ubers
|rated|
|rule|Sleep Clause Mod: Limit one foe put to sleep
|rule|Species Clause: Limit one of each Pokémon
|rule|OHKO Clause: OHKO moves are banned
|rule|Evasion Items Clause: Evasion items are banned
|rule|Evasion Moves Clause: Evasion moves are banned
|rule|Endless Battle Clause: Forcing endless battles is banned
|rule|HP Percentage Mod: HP is shown in percentages
|rule|Dynamax Clause: You cannot dynamax
|clearpoke
|poke|p1|Dragapult, F|
|poke|p1|Uxie|
|poke|p1|Garchomp, F|
|poke|p1|Tyranitar, F|
|poke|p1|Urshifu-*, M|
|poke|p1|Scizor, F|
|poke|p2|Eternatus|
|poke|p2|Yveltal|
|poke|p2|Necrozma-Dusk-Mane|
|poke|p2|Kyogre|
|poke|p2|Tyranitar, M|
|poke|p2|Landorus-Therian, M|
|teampreview
|
|t:|1666643256
|start
|switch|p1a: Uxie|Uxie|100/100
|switch|p2a: Landorus|Landorus-Therian, M|100/100
|-ability|p2a: Landorus|Intimidate|boost
|-unboost|p1a: Uxie|atk|1
|turn|1
|inactive|Battle timer is ON: inactive players will automatically lose when time's up. (requested by Galacticguck300)
|
|t:|1666643272
|move|p2a: Landorus|U-turn|p1a: Uxie
|-supereffective|p1a: Uxie
|-damage|p1a: Uxie|64/100
|
|t:|1666643284
|switch|p2a: Yveltal|Yveltal|100/100|[from]move: U-turn
|-ability|p2a: Yveltal|Dark Aura
|move|p1a: Uxie|Reflect|p1a: Uxie
|-sidestart|p1: Galacticguck300|Reflect
|
|upkeep
|turn|2
|
|t:|1666643290
|move|p2a: Yveltal|Knock Off|p1a: Uxie
|-supereffective|p1a: Uxie
|-damage|p1a: Uxie|19/100
|-enditem|p1a: Uxie|Light Clay|[from] move: Knock Off|[of] p2a: Yveltal
|move|p1a: Uxie|Light Screen|p1a: Uxie
|-sidestart|p1: Galacticguck300|move: Light Screen
|
|upkeep
|turn|3
|
|t:|1666643296
|move|p2a: Yveltal|Knock Off|p1a: Uxie
|-supereffective|p1a: Uxie
|-damage|p1a: Uxie|0 fnt
|faint|p1a: Uxie
|
|upkeep
|
|t:|1666643299
|switch|p1a: Garchomp|Garchomp, F|100/100
|turn|4
|
|t:|1666643309
|switch|p2a: Landorus|Landorus-Therian, M|100/100
|-ability|p2a: Landorus|Intimidate|boost
|-unboost|p1a: Garchomp|atk|1
|move|p1a: Garchomp|Swords Dance|p1a: Garchomp
|-boost|p1a: Garchomp|atk|2
|
|upkeep
|turn|5
|
|t:|1666643318
|move|p2a: Landorus|U-turn|p1a: Garchomp
|-damage|p1a: Garchomp|87/100
|-damage|p2a: Landorus|88/100|[from] ability: Rough Skin|[of] p1a: Garchomp
|
|t:|1666643330
|switch|p2a: Kyogre|Kyogre|100/100|[from]move: U-turn
|-weather|RainDance|[from] ability: Drizzle|[of] p2a: Kyogre
|move|p1a: Garchomp|Swords Dance|p1a: Garchomp
|-boost|p1a: Garchomp|atk|2
|
|-weather|RainDance|[upkeep]
|upkeep
|turn|6
|
|t:|1666643346
|move|p2a: Kyogre|Water Spout|p1a: Garchomp
|-damage|p1a: Garchomp|13/100
|move|p1a: Garchomp|Scale Shot|p2a: Kyogre
|-damage|p2a: Kyogre|64/100
|-damage|p2a: Kyogre|29/100
|-damage|p2a: Kyogre|0 fnt
|faint|p2a: Kyogre
|-hitcount|p2: Kyogre|3
|-unboost|p1a: Garchomp|def|1
|-boost|p1a: Garchomp|spe|1
|
|-weather|RainDance|[upkeep]
|-sideend|p1: Galacticguck300|move: Light Screen
|upkeep
|inactive|Bernie776 has 120 seconds left.
|
|t:|1666643369
|switch|p2a: Landorus|Landorus-Therian, M|88/100
|-ability|p2a: Landorus|Intimidate|boost
|-unboost|p1a: Garchomp|atk|1
|turn|7
|
|t:|1666643373
|move|p1a: Garchomp|Stone Edge|p2a: Landorus
|-damage|p2a: Landorus|6/100
|move|p2a: Landorus|Knock Off|p1a: Garchomp
|-damage|p1a: Garchomp|0 fnt
|-damage|p2a: Landorus|0 fnt|[from] ability: Rough Skin|[of] p1a: Garchomp
|faint|p1a: Garchomp
|faint|p2a: Landorus
|
|-weather|RainDance|[upkeep]
|upkeep
|inactive|Galacticguck300 has 120 seconds left.
|
|t:|1666643410
|switch|p1a: Tyranitar|Tyranitar, F|100/100
|switch|p2a: Eternatus|Eternatus|100/100
|-ability|p2a: Eternatus|Pressure
|-weather|Sandstorm|[from] ability: Sand Stream|[of] p1a: Tyranitar
|turn|8
|
|t:|1666643422
|switch|p2a: Necrozma|Necrozma-Dusk-Mane|100/100
|move|p1a: Tyranitar|Ice Punch|p2a: Necrozma
|-resisted|p2a: Necrozma
|-damage|p2a: Necrozma|91/100
|-status|p2a: Necrozma|frz
|
|-weather|Sandstorm|[upkeep]
|-heal|p2a: Necrozma|97/100 frz|[from] item: Leftovers
|-sideend|p1: Galacticguck300|Reflect
|upkeep
|turn|9
|
|t:|1666643431
|switch|p1a: Urshifu|Urshifu, M|100/100
|cant|p2a: Necrozma|frz
|
|-weather|Sandstorm|[upkeep]
|-damage|p1a: Urshifu|94/100|[from] Sandstorm
|-heal|p2a: Necrozma|100/100 frz|[from] item: Leftovers
|upkeep
|turn|10
|
|t:|1666643446
|switch|p2a: Yveltal|Yveltal|100/100
|-ability|p2a: Yveltal|Dark Aura
|move|p1a: Urshifu|Bulk Up|p1a: Urshifu
|-boost|p1a: Urshifu|atk|1
|-boost|p1a: Urshifu|def|1
|
|-weather|Sandstorm|[upkeep]
|-damage|p2a: Yveltal|94/100|[from] Sandstorm
|-damage|p1a: Urshifu|88/100|[from] Sandstorm
|upkeep
|turn|11
|
|t:|1666643455
|move|p2a: Yveltal|Knock Off|p1a: Urshifu
|-resisted|p1a: Urshifu
|-damage|p1a: Urshifu|77/100
|-enditem|p1a: Urshifu|Life Orb|[from] move: Knock Off|[of] p2a: Yveltal
|move|p1a: Urshifu|Close Combat|p2a: Yveltal
|-damage|p2a: Yveltal|0 fnt
|-unboost|p1a: Urshifu|def|1
|-unboost|p1a: Urshifu|spd|1
|faint|p2a: Yveltal
|
|-weather|Sandstorm|[upkeep]
|-damage|p1a: Urshifu|71/100|[from] Sandstorm
|upkeep
|-message|Bernie776 forfeited.
|
|win|Galacticguck300
|raw|Galacticguck300's rating: 1336 &rarr; <strong>1357</strong><br />(+21 for winning)
|raw|Bernie776's rating: 1345 &rarr; <strong>1324</strong><br />(-21 for losing)
|l|☆Bernie776
