|j|☆let me hear fear
|j|☆big gus
|t:|1665534829
|gametype|singles
|player|p1|let me hear fear|guzma|1576
|player|p2|big gus|2|1554
|teamsize|p1|6
|teamsize|p2|6
|gen|8
|tier|[Gen 8] Ubers
|rated|
|rule|Sleep Clause Mod: Limit one foe put to sleep
|rule|Species Clause: Limit one of each Pokémon
|rule|OHKO Clause: OHKO moves are banned
|rule|Evasion Items Clause: Evasion items are banned
|rule|Evasion Moves Clause: Evasion moves are banned
|rule|Endless Battle Clause: Forcing endless battles is banned
|rule|HP Percentage Mod: HP is shown in percentages
|rule|Dynamax Clause: You cannot dynamax
|clearpoke
|poke|p1|Magnezone|
|poke|p1|Eternatus|
|poke|p1|Magearna|
|poke|p1|Darmanitan-Galar, F|
|poke|p1|Yveltal|
|poke|p1|Necrozma-Dusk-Mane|
|poke|p2|Yveltal|
|poke|p2|Xerneas-*|
|poke|p2|Ferrothorn, F|
|poke|p2|Heatran, M|
|poke|p2|Eternatus|
|poke|p2|Zygarde|
|teampreview
|inactive|Battle timer is ON: inactive players will automatically lose when time's up. (requested by let me hear fear)
|inactive|big gus has 120 seconds left.
|inactive|big gus has 90 seconds left.
|inactive|big gus has 60 seconds left.
|
|t:|1665534926
|start
|switch|p1a: Darmanitan|Darmanitan-Galar, F|100/100
|switch|p2a: Yveltal|Yveltal|100/100
|-ability|p2a: Yveltal|Dark Aura
|turn|1
|
|t:|1665534934
|switch|p2a: Ferrothorn|Ferrothorn, F|100/100
|move|p1a: Darmanitan|U-turn|p2a: Ferrothorn
|-damage|p2a: Ferrothorn|70/100
|-damage|p1a: Darmanitan|88/100|[from] ability: Iron Barbs|[of] p2a: Ferrothorn
|
|t:|1665534936
|switch|p1a: Magnezone|Magnezone, shiny|100/100|[from]move: U-turn
|-item|p1a: Magnezone|Air Balloon
|
|-heal|p2a: Ferrothorn|77/100|[from] item: Leftovers
|upkeep
|turn|2
|
|t:|1665534945
|move|p1a: Magnezone|Iron Defense|p1a: Magnezone
|-boost|p1a: Magnezone|def|2
|move|p2a: Ferrothorn|Leech Seed|p1a: Magnezone
|-start|p1a: Magnezone|move: Leech Seed
|
|-heal|p2a: Ferrothorn|83/100|[from] item: Leftovers
|-damage|p1a: Magnezone|88/100|[from] Leech Seed|[of] p2a: Ferrothorn
|-heal|p2a: Ferrothorn|93/100|[silent]
|upkeep
|turn|3
|
|t:|1665534953
|move|p1a: Magnezone|Iron Defense|p1a: Magnezone
|-boost|p1a: Magnezone|def|2
|move|p2a: Ferrothorn|Spikes|p1a: Magnezone
|-sidestart|p1: let me hear fear|Spikes
|
|-heal|p2a: Ferrothorn|99/100|[from] item: Leftovers
|-damage|p1a: Magnezone|76/100|[from] Leech Seed|[of] p2a: Ferrothorn
|-heal|p2a: Ferrothorn|100/100|[silent]
|upkeep
|turn|4
|
|t:|1665534963
|move|p1a: Magnezone|Iron Defense|p1a: Magnezone
|-boost|p1a: Magnezone|def|2
|move|p2a: Ferrothorn|Spikes|p1a: Magnezone
|-sidestart|p1: let me hear fear|Spikes
|
|-damage|p1a: Magnezone|63/100|[from] Leech Seed|[of] p2a: Ferrothorn
|upkeep
|turn|5
|
|t:|1665534969
|move|p1a: Magnezone|Body Press|p2a: Ferrothorn
|-supereffective|p2a: Ferrothorn
|-damage|p2a: Ferrothorn|0 fnt
|-damage|p1a: Magnezone|51/100|[from] ability: Iron Barbs|[of] p2a: Ferrothorn
|faint|p2a: Ferrothorn
|
|upkeep
|
|t:|1665534981
|switch|p2a: Zygarde|Zygarde|100/100
|turn|6
|
|t:|1665534988
|switch|p1a: Yveltal|Yveltal, shiny|100/100
|-ability|p1a: Yveltal|Dark Aura
|move|p2a: Zygarde|Substitute|p2a: Zygarde
|-start|p2a: Zygarde|Substitute
|-damage|p2a: Zygarde|75/100
|
|upkeep
|turn|7
|
|t:|1665534995
|move|p1a: Yveltal|Taunt|p2a: Zygarde
|-start|p2a: Zygarde|move: Taunt
|cant|p2a: Zygarde|move: Taunt|Glare
|
|upkeep
|turn|8
|
|t:|1665534999
|move|p1a: Yveltal|Defog|p2a: Zygarde
|-sideend|p1: let me hear fear|Spikes|[from] move: Defog|[of] p1a: Yveltal
|move|p2a: Zygarde|Dragon Tail|p1a: Yveltal
|-damage|p1a: Yveltal|82/100
|drag|p1a: Eternatus|Eternatus|100/100
|-ability|p1a: Eternatus|Pressure
|
|upkeep
|turn|9
|
|t:|1665535007
|move|p1a: Eternatus|Dragon Pulse|p2a: Zygarde
|-supereffective|p2a: Zygarde
|-end|p2a: Zygarde|Substitute
|move|p2a: Zygarde|Dragon Tail|p1a: Eternatus
|-supereffective|p1a: Eternatus
|-damage|p1a: Eternatus|66/100
|drag|p1a: Darmanitan|Darmanitan-Galar, F|88/100
|
|-end|p2a: Zygarde|move: Taunt
|upkeep
|turn|10
|
|t:|1665535017
|switch|p2a: Heatran|Heatran, M|100/100
|move|p1a: Darmanitan|U-turn|p2a: Heatran
|-resisted|p2a: Heatran
|-damage|p2a: Heatran|92/100
|
|t:|1665535030
|switch|p1a: Magnezone|Magnezone, shiny|51/100|[from]move: U-turn
|-item|p1a: Magnezone|Air Balloon
|
|-heal|p2a: Heatran|98/100|[from] item: Leftovers
|upkeep
|turn|11
|
|t:|1665535036
|move|p1a: Magnezone|Body Press|p2a: Heatran
|-supereffective|p2a: Heatran
|-damage|p2a: Heatran|57/100
|move|p2a: Heatran|Lava Plume|p1a: Magnezone
|-supereffective|p1a: Magnezone
|-damage|p1a: Magnezone|0 fnt
|-enditem|p1a: Magnezone|Air Balloon
|faint|p1a: Magnezone
|
|-heal|p2a: Heatran|63/100|[from] item: Leftovers
|upkeep
|
|t:|1665535046
|switch|p1a: Eternatus|Eternatus|66/100
|-ability|p1a: Eternatus|Pressure
|turn|12
|
|t:|1665535051
|move|p1a: Eternatus|Meteor Beam||[still]
|-prepare|p1a: Eternatus|Meteor Beam
|-boost|p1a: Eternatus|spa|1
|-enditem|p1a: Eternatus|Power Herb
|-anim|p1a: Eternatus|Meteor Beam|p2a: Heatran
|-damage|p2a: Heatran|27/100
|move|p2a: Heatran|Torment|p1a: Eternatus
|-start|p1a: Eternatus|Torment
|
|-heal|p2a: Heatran|33/100|[from] item: Leftovers
|upkeep
|turn|13
|
|t:|1665535061
|move|p2a: Heatran|Protect|p2a: Heatran
|-singleturn|p2a: Heatran|Protect
|move|p1a: Eternatus|Cosmic Power|p1a: Eternatus
|-boost|p1a: Eternatus|def|1
|-boost|p1a: Eternatus|spd|1
|
|-heal|p2a: Heatran|40/100|[from] item: Leftovers
|upkeep
|turn|14
|
|t:|1665535070
|move|p1a: Eternatus|Meteor Beam||[still]
|-prepare|p1a: Eternatus|Meteor Beam
|-boost|p1a: Eternatus|spa|1
|move|p2a: Heatran|Lava Plume|p1a: Eternatus
|-resisted|p1a: Eternatus
|-damage|p1a: Eternatus|59/100
|
|-heal|p2a: Heatran|46/100|[from] item: Leftovers
|upkeep
|turn|15
|
|t:|1665535077
|move|p2a: Heatran|Protect|p2a: Heatran
|-singleturn|p2a: Heatran|Protect
|move|p1a: Eternatus|Meteor Beam|p2a: Heatran|[from]lockedmove
|-activate|p2a: Heatran|move: Protect
|
|-heal|p2a: Heatran|52/100|[from] item: Leftovers
|upkeep
|turn|16
|
|t:|1665535084
|move|p1a: Eternatus|Cosmic Power|p1a: Eternatus
|-boost|p1a: Eternatus|def|1
|-boost|p1a: Eternatus|spd|1
|move|p2a: Heatran|Substitute|p2a: Heatran
|-start|p2a: Heatran|Substitute
|-damage|p2a: Heatran|27/100
|
|-heal|p2a: Heatran|33/100|[from] item: Leftovers
|upkeep
|turn|17
|
|t:|1665535092
|move|p2a: Heatran|Protect|p2a: Heatran
|-singleturn|p2a: Heatran|Protect
|move|p1a: Eternatus|Recover|p1a: Eternatus
|-heal|p1a: Eternatus|100/100
|
|-heal|p2a: Heatran|40/100|[from] item: Leftovers
|upkeep
|turn|18
|
|t:|1665535099
|move|p1a: Eternatus|Cosmic Power|p1a: Eternatus
|-boost|p1a: Eternatus|def|1
|-boost|p1a: Eternatus|spd|1
|move|p2a: Heatran|Lava Plume|p1a: Eternatus
|-resisted|p1a: Eternatus
|-damage|p1a: Eternatus|96/100
|-status|p1a: Eternatus|brn
|
|-heal|p2a: Heatran|46/100|[from] item: Leftovers
|-damage|p1a: Eternatus|90/100 brn|[from] brn
|upkeep
|turn|19
|
|t:|1665535109
|move|p1a: Eternatus|Meteor Beam||[still]
|-prepare|p1a: Eternatus|Meteor Beam
|-boost|p1a: Eternatus|spa|1
|move|p2a: Heatran|Lava Plume|p1a: Eternatus
|-resisted|p1a: Eternatus
|-damage|p1a: Eternatus|86/100 brn
|
|-heal|p2a: Heatran|52/100|[from] item: Leftovers
|-damage|p1a: Eternatus|80/100 brn|[from] brn
|upkeep
|turn|20
|
|t:|1665535121
|move|p2a: Heatran|Protect|p2a: Heatran
|-singleturn|p2a: Heatran|Protect
|move|p1a: Eternatus|Meteor Beam|p2a: Heatran|[from]lockedmove
|-activate|p2a: Heatran|move: Protect
|
|-heal|p2a: Heatran|58/100|[from] item: Leftovers
|-damage|p1a: Eternatus|74/100 brn|[from] brn
|upkeep
|turn|21
|
|t:|1665535137
|move|p1a: Eternatus|Cosmic Power|p1a: Eternatus
|-boost|p1a: Eternatus|def|1
|-boost|p1a: Eternatus|spd|1
|move|p2a: Heatran|Torment||[still]
|-fail|p2a: Heatran
|
|-heal|p2a: Heatran|64/100|[from] item: Leftovers
|-damage|p1a: Eternatus|68/100 brn|[from] brn
|upkeep
|turn|22
|
|t:|1665535150
|move|p1a: Eternatus|Dragon Pulse|p2a: Heatran
|-resisted|p2a: Heatran
|-crit|p2a: Heatran
|-end|p2a: Heatran|Substitute
|move|p2a: Heatran|Lava Plume|p1a: Eternatus
|-resisted|p1a: Eternatus
|-damage|p1a: Eternatus|63/100 brn
|
|-heal|p2a: Heatran|71/100|[from] item: Leftovers
|-damage|p1a: Eternatus|57/100 brn|[from] brn
|upkeep
|turn|23
|
|t:|1665535160
|move|p1a: Eternatus|Cosmic Power|p1a: Eternatus
|-boost|p1a: Eternatus|def|1
|-boost|p1a: Eternatus|spd|1
|move|p2a: Heatran|Substitute|p2a: Heatran
|-start|p2a: Heatran|Substitute
|-damage|p2a: Heatran|46/100
|
|-heal|p2a: Heatran|52/100|[from] item: Leftovers
|-damage|p1a: Eternatus|51/100 brn|[from] brn
|upkeep
|turn|24
|inactive|big gus has 120 seconds left.
|
|t:|1665535195
|switch|p2a: Yveltal|Yveltal|100/100
|-ability|p2a: Yveltal|Dark Aura
|move|p1a: Eternatus|Dragon Pulse|p2a: Yveltal
|-damage|p2a: Yveltal|10/100
|
|-damage|p1a: Eternatus|45/100 brn|[from] brn
|upkeep
|turn|25
|inactive|big gus has 120 seconds left.
|
|t:|1665535207
|move|p1a: Eternatus|Recover|p1a: Eternatus
|-heal|p1a: Eternatus|95/100 brn
|move|p2a: Yveltal|Knock Off|p1a: Eternatus
|-damage|p1a: Eternatus|81/100 brn
|
|-damage|p1a: Eternatus|75/100 brn|[from] brn
|upkeep
|turn|26
|
|t:|1665535214
|switch|p2a: Xerneas|Xerneas|100/100
|-ability|p2a: Xerneas|Fairy Aura
|move|p1a: Eternatus|Dragon Pulse|p2a: Xerneas
|-immune|p2a: Xerneas
|
|-damage|p1a: Eternatus|68/100 brn|[from] brn
|upkeep
|turn|27
|
|t:|1665535222
|move|p1a: Eternatus|Meteor Beam||[still]
|-prepare|p1a: Eternatus|Meteor Beam
|-boost|p1a: Eternatus|spa|1
|move|p2a: Xerneas|Moonblast|p1a: Eternatus
|-damage|p1a: Eternatus|52/100 brn
|
|-damage|p1a: Eternatus|46/100 brn|[from] brn
|upkeep
|turn|28
|
|t:|1665535232
|switch|p2a: Zygarde|Zygarde|75/100
|move|p1a: Eternatus|Meteor Beam|p2a: Zygarde|[from]lockedmove
|-resisted|p2a: Zygarde
|-damage|p2a: Zygarde|31/100
|
|-damage|p1a: Eternatus|39/100 brn|[from] brn
|-activate|p2a: Zygarde|ability: Power Construct
|detailschange|p2a: Zygarde|Zygarde-Complete
|-heal|p2a: Zygarde|55/100|[silent]
|upkeep
|turn|29
|
|t:|1665535244
|move|p1a: Eternatus|Dragon Pulse|p2a: Zygarde
|-supereffective|p2a: Zygarde
|-damage|p2a: Zygarde|0 fnt
|faint|p2a: Zygarde
|
|-damage|p1a: Eternatus|33/100 brn|[from] brn
|upkeep
|
|t:|1665535250
|switch|p2a: Eternatus|Eternatus|100/100
|-ability|p2a: Eternatus|Pressure
|turn|30
|
|t:|1665535257
|move|p1a: Eternatus|Recover|p1a: Eternatus
|-heal|p1a: Eternatus|84/100 brn
|move|p2a: Eternatus|Dynamax Cannon|p1a: Eternatus
|-supereffective|p1a: Eternatus
|-damage|p1a: Eternatus|66/100 brn
|
|-damage|p1a: Eternatus|60/100 brn|[from] brn
|upkeep
|turn|31
|
|t:|1665535265
|switch|p2a: Xerneas|Xerneas|100/100
|-ability|p2a: Xerneas|Fairy Aura
|move|p1a: Eternatus|Dragon Pulse|p2a: Xerneas
|-immune|p2a: Xerneas
|
|-damage|p1a: Eternatus|54/100 brn|[from] brn
|upkeep
|turn|32
|
|t:|1665535276
|move|p1a: Eternatus|Meteor Beam||[still]
|-prepare|p1a: Eternatus|Meteor Beam
|-boost|p1a: Eternatus|spa|1
|move|p2a: Xerneas|Moonblast|p1a: Eternatus
|-damage|p1a: Eternatus|35/100 brn
|
|-damage|p1a: Eternatus|29/100 brn|[from] brn
|upkeep
|turn|33
|
|t:|1665535283
|move|p1a: Eternatus|Meteor Beam|p2a: Xerneas|[from]lockedmove
|-damage|p2a: Xerneas|0 fnt
|faint|p2a: Xerneas
|
|-damage|p1a: Eternatus|23/100 brn|[from] brn
|upkeep
|
|t:|1665535288
|switch|p2a: Eternatus|Eternatus|100/100
|-ability|p2a: Eternatus|Pressure
|turn|34
|
|t:|1665535293
|move|p1a: Eternatus|Recover|p1a: Eternatus
|-heal|p1a: Eternatus|73/100 brn
|move|p2a: Eternatus|Dynamax Cannon|p1a: Eternatus
|-supereffective|p1a: Eternatus
|-damage|p1a: Eternatus|56/100 brn
|
|-damage|p1a: Eternatus|50/100 brn|[from] brn
|upkeep
|turn|35
|-message|big gus forfeited.
|
|win|let me hear fear
|raw|let me hear fear's rating: 1596 &rarr; <strong>1614</strong><br />(+18 for winning)
|raw|big gus's rating: 1554 &rarr; <strong>1536</strong><br />(-18 for losing)
|l|☆big gus
||Ladder isn't responding, score probably updated but might not have (Request timeout).
