|j|☆BlazeLostHisName
|j|☆RIP_Player
|t:|1628518739
|gametype|singles
|player|p1|BlazeLostHisName|firebreather|
|player|p2|RIP_Player|firebreather|
|teamsize|p1|6
|teamsize|p2|6
|gen|8
|tier|[Gen 8] Ubers
|rated|Tournament battle
|rule|Sleep Clause Mod: Limit one foe put to sleep
|rule|Species Clause: Limit one of each Pokémon
|rule|OHKO Clause: OHKO moves are banned
|rule|Evasion Moves Clause: Evasion moves are banned
|rule|Endless Battle Clause: Forcing endless battles is banned
|rule|HP Percentage Mod: HP is shown in percentages
|rule|Dynamax Clause: You cannot dynamax
|clearpoke
|poke|p1|Blissey, F|
|poke|p1|Zygarde|
|poke|p1|Yveltal|
|poke|p1|Xerneas-*|
|poke|p1|Marshadow|
|poke|p1|Kyogre|
|poke|p2|Umbreon, F|
|poke|p2|Toxapex, F|
|poke|p2|Yveltal|
|poke|p2|Xerneas-*|
|poke|p2|Marshadow|
|poke|p2|Heatran, M|
|teampreview
|inactive|Battle timer is ON: inactive players will automatically lose when time's up. (requested by RIP_Player)
|
|t:|1628518760
|start
|switch|p1a: Blissey|Blissey, F|100/100
|switch|p2a: Gilgamesh|Yveltal|100/100
|-ability|p2a: Gilgamesh|Dark Aura
|turn|1
|
|t:|1628518776
|switch|p1a: Xerneas|Xerneas|100/100
|-ability|p1a: Xerneas|Fairy Aura
|move|p2a: Gilgamesh|Knock Off|p1a: Xerneas
|-resisted|p1a: Xerneas
|-damage|p1a: Xerneas|73/100
|-enditem|p1a: Xerneas|Chesto Berry|[from] move: Knock Off|[of] p2a: Gilgamesh
|
|upkeep
|turn|2
|
|t:|1628518788
|switch|p2a: Gilles de Rais|Toxapex, F|100/100
|move|p1a: Xerneas|Moonblast|p2a: Gilles de Rais
|-resisted|p2a: Gilles de Rais
|-damage|p2a: Gilles de Rais|80/100
|
|-heal|p2a: Gilles de Rais|86/100|[from] item: Black Sludge
|upkeep
|turn|3
|inactive|RIP_Player has 120 seconds left.
|
|t:|1628518824
|switch|p1a: Kyogre|Kyogre|100/100
|-weather|RainDance|[from] ability: Drizzle|[of] p1a: Kyogre
|move|p2a: Gilles de Rais|Toxic|p1a: Kyogre
|-status|p1a: Kyogre|tox
|
|-weather|RainDance|[upkeep]
|-heal|p2a: Gilles de Rais|92/100|[from] item: Black Sludge
|-damage|p1a: Kyogre|94/100 tox|[from] psn
|upkeep
|turn|4
|
|t:|1628518831
|move|p2a: Gilles de Rais|Baneful Bunker|p2a: Gilles de Rais
|-singleturn|p2a: Gilles de Rais|move: Protect
|move|p1a: Kyogre|Thunder|p2a: Gilles de Rais
|-activate|p2a: Gilles de Rais|move: Protect
|
|-weather|RainDance|[upkeep]
|-heal|p2a: Gilles de Rais|99/100|[from] item: Black Sludge
|-damage|p1a: Kyogre|82/100 tox|[from] psn
|upkeep
|turn|5
|
|t:|1628518836
|switch|p2a: Berserker|Umbreon, F|100/100
|move|p1a: Kyogre|Thunder|p2a: Berserker
|-damage|p2a: Berserker|67/100
|
|-weather|RainDance|[upkeep]
|-heal|p2a: Berserker|73/100|[from] item: Leftovers
|-damage|p1a: Kyogre|64/100 tox|[from] psn
|upkeep
|turn|6
|
|t:|1628518843
|switch|p1a: Xerneas|Xerneas|73/100
|-ability|p1a: Xerneas|Fairy Aura
|move|p2a: Berserker|Protect||[still]
|-fail|p2a: Berserker
|
|-weather|RainDance|[upkeep]
|-heal|p2a: Berserker|79/100|[from] item: Leftovers
|upkeep
|turn|7
|
|t:|1628518847
|switch|p2a: Gilles de Rais|Toxapex, F|100/100
|move|p1a: Xerneas|Aromatherapy|p1a: Xerneas
|-activate|p1a: Xerneas|move: Aromatherapy
|-curestatus|p1: Kyogre|tox|[msg]
|
|-weather|none
|upkeep
|turn|8
|
|t:|1628518871
|switch|p1a: Blissey|Blissey, F|100/100
|move|p2a: Gilles de Rais|Toxic|p1a: Blissey
|-status|p1a: Blissey|tox
|
|-damage|p1a: Blissey|94/100 tox|[from] psn
|upkeep
|turn|9
|
|t:|1628518890
|switch|p2a: Gilgamesh|Yveltal|100/100
|-ability|p2a: Gilgamesh|Dark Aura
|move|p1a: Blissey|Stealth Rock|p2a: Gilgamesh
|-sidestart|p2: RIP_Player|move: Stealth Rock
|
|-heal|p1a: Blissey|100/100 tox|[from] item: Leftovers
|-damage|p1a: Blissey|88/100 tox|[from] psn
|upkeep
|turn|10
|
|t:|1628518895
|switch|p1a: Xerneas|Xerneas|73/100
|-ability|p1a: Xerneas|Fairy Aura
|move|p2a: Gilgamesh|Dual Wingbeat|p1a: Xerneas
|-damage|p1a: Xerneas|55/100
|-damage|p1a: Xerneas|37/100
|-hitcount|p1a: Xerneas|2
|
|upkeep
|turn|11
|
|t:|1628518901
|switch|p2a: Gilles de Rais|Toxapex, F|100/100
|-damage|p2a: Gilles de Rais|88/100|[from] Stealth Rock
|move|p1a: Xerneas|Rest|p1a: Xerneas
|-status|p1a: Xerneas|slp|[from] move: Rest
|-heal|p1a: Xerneas|100/100 slp|[silent]
|
|-heal|p2a: Gilles de Rais|94/100|[from] item: Black Sludge
|upkeep
|turn|12
|
|t:|1628518908
|switch|p2a: Rin Tohsaka|Xerneas|100/100
|-damage|p2a: Rin Tohsaka|88/100|[from] Stealth Rock
|-ability|p2a: Rin Tohsaka|Fairy Aura
|cant|p1a: Xerneas|slp
|
|-heal|p2a: Rin Tohsaka|94/100|[from] item: Leftovers
|upkeep
|turn|13
|
|t:|1628518913
|switch|p1a: Blissey|Blissey, F|88/100
|move|p2a: Rin Tohsaka|Defog|p1a: Blissey
|-unboost|p1a: Blissey|evasion|1
|-sideend|p2: RIP_Player|Stealth Rock|[from] move: Defog|[of] p2a: Rin Tohsaka
|
|-heal|p2a: Rin Tohsaka|99/100|[from] item: Leftovers
|-heal|p1a: Blissey|94/100|[from] item: Leftovers
|upkeep
|turn|14
|
|t:|1628518919
|switch|p2a: Quetzalcoatl|Heatran, M|100/100
|move|p1a: Blissey|Seismic Toss|p2a: Quetzalcoatl
|-damage|p2a: Quetzalcoatl|75/100
|
|-heal|p2a: Quetzalcoatl|81/100|[from] item: Leftovers
|-heal|p1a: Blissey|100/100|[from] item: Leftovers
|upkeep
|turn|15
|
|t:|1628518928
|switch|p1a: Kyogre|Kyogre|64/100
|-weather|RainDance|[from] ability: Drizzle|[of] p1a: Kyogre
|move|p2a: Quetzalcoatl|Magma Storm|p1a: Kyogre
|-resisted|p1a: Kyogre
|-damage|p1a: Kyogre|55/100
|-activate|p1a: Kyogre|move: Magma Storm|[of] p2a: Quetzalcoatl
|
|-weather|RainDance|[upkeep]
|-heal|p2a: Quetzalcoatl|87/100|[from] item: Leftovers
|-damage|p1a: Kyogre|43/100|[from] move: Magma Storm|[partiallytrapped]
|upkeep
|turn|16
|
|t:|1628518936
|switch|p2a: Gilles de Rais|Toxapex, F|100/100
|move|p1a: Kyogre|Thunder|p2a: Gilles de Rais
|-supereffective|p2a: Gilles de Rais
|-damage|p2a: Gilles de Rais|0 fnt
|faint|p2a: Gilles de Rais
|
|-weather|RainDance|[upkeep]
|-end|p1a: Kyogre|Magma Storm|[partiallytrapped]|[silent]
|upkeep
|
|t:|1628518939
|switch|p2a: Gilgamesh|Yveltal|100/100
|-ability|p2a: Gilgamesh|Dark Aura
|turn|17
|j|+Rhmsitb
|
|t:|1628518948
|move|p2a: Gilgamesh|Dual Wingbeat|p1a: Kyogre
|-damage|p1a: Kyogre|7/100
|-damage|p1a: Kyogre|0 fnt
|faint|p1a: Kyogre
|-hitcount|p1: Kyogre|2
|
|-weather|RainDance|[upkeep]
|upkeep
|
|t:|1628518957
|switch|p1a: Zygarde|Zygarde|100/100
|turn|18
|
|t:|1628518962
|switch|p2a: Rin Tohsaka|Xerneas|99/100
|-ability|p2a: Rin Tohsaka|Fairy Aura
|move|p1a: Zygarde|Coil|p1a: Zygarde
|-boost|p1a: Zygarde|atk|1
|-boost|p1a: Zygarde|def|1
|-boost|p1a: Zygarde|accuracy|1
|
|-weather|RainDance|[upkeep]
|-heal|p2a: Rin Tohsaka|100/100|[from] item: Leftovers
|upkeep
|turn|19
|
|t:|1628518970
|switch|p1a: Blissey|Blissey, F|100/100
|move|p2a: Rin Tohsaka|Moonblast|p1a: Blissey
|-damage|p1a: Blissey|85/100
|
|-weather|none
|-heal|p1a: Blissey|92/100|[from] item: Leftovers
|upkeep
|turn|20
|
|t:|1628518978
|switch|p2a: Quetzalcoatl|Heatran, M|87/100
|move|p1a: Blissey|Seismic Toss|p2a: Quetzalcoatl
|-damage|p2a: Quetzalcoatl|61/100
|
|-heal|p2a: Quetzalcoatl|67/100|[from] item: Leftovers
|-heal|p1a: Blissey|98/100|[from] item: Leftovers
|upkeep
|turn|21
|
|t:|1628518982
|switch|p1a: Zygarde|Zygarde|100/100
|move|p2a: Quetzalcoatl|Stealth Rock|p1a: Zygarde
|-sidestart|p1: BlazeLostHisName|move: Stealth Rock
|
|-heal|p2a: Quetzalcoatl|74/100|[from] item: Leftovers
|upkeep
|turn|22
|
|t:|1628518988
|switch|p2a: Rin Tohsaka|Xerneas|100/100
|-ability|p2a: Rin Tohsaka|Fairy Aura
|move|p1a: Zygarde|Glare|p2a: Rin Tohsaka
|-status|p2a: Rin Tohsaka|par
|
|upkeep
|turn|23
|
|t:|1628518998
|switch|p1a: Blissey|Blissey, F|98/100
|-damage|p1a: Blissey|85/100|[from] Stealth Rock
|move|p2a: Rin Tohsaka|Aromatherapy|p2a: Rin Tohsaka
|-activate|p2a: Rin Tohsaka|move: Aromatherapy
|-curestatus|p2a: Rin Tohsaka|par|[msg]
|
|-heal|p1a: Blissey|91/100|[from] item: Leftovers
|upkeep
|turn|24
|
|t:|1628519016
|switch|p2a: Gilgamesh|Yveltal|100/100
|-ability|p2a: Gilgamesh|Dark Aura
|move|p1a: Blissey|Stealth Rock|p2a: Gilgamesh
|-sidestart|p2: RIP_Player|move: Stealth Rock
|
|-heal|p1a: Blissey|98/100|[from] item: Leftovers
|upkeep
|turn|25
|
|t:|1628519027
|switch|p1a: Zygarde|Zygarde|100/100
|-damage|p1a: Zygarde|94/100|[from] Stealth Rock
|move|p2a: Gilgamesh|Dual Wingbeat|p1a: Zygarde
|-damage|p1a: Zygarde|77/100
|-damage|p1a: Zygarde|60/100
|-hitcount|p1a: Zygarde|2
|
|-heal|p1a: Zygarde|66/100|[from] item: Leftovers
|upkeep
|turn|26
|
|t:|1628519030
|switch|p2a: Rin Tohsaka|Xerneas|100/100
|-damage|p2a: Rin Tohsaka|88/100|[from] Stealth Rock
|-ability|p2a: Rin Tohsaka|Fairy Aura
|move|p1a: Zygarde|Substitute|p1a: Zygarde
|-start|p1a: Zygarde|Substitute
|-damage|p1a: Zygarde|41/100
|
|-heal|p2a: Rin Tohsaka|94/100|[from] item: Leftovers
|-heal|p1a: Zygarde|47/100|[from] item: Leftovers
|-activate|p1a: Zygarde|ability: Power Construct
|detailschange|p1a: Zygarde|Zygarde-Complete
|-heal|p1a: Zygarde|65/100|[silent]
|upkeep
|turn|27
|
|t:|1628519036
|move|p2a: Rin Tohsaka|Moonblast|p1a: Zygarde
|-supereffective|p1a: Zygarde
|-end|p1a: Zygarde|Substitute
|move|p1a: Zygarde|Thousand Arrows|p2a: Rin Tohsaka
|-damage|p2a: Rin Tohsaka|75/100
|
|-heal|p2a: Rin Tohsaka|81/100|[from] item: Leftovers
|-heal|p1a: Zygarde|72/100|[from] item: Leftovers
|upkeep
|turn|28
|
|t:|1628519048
|switch|p1a: Blissey|Blissey, F|98/100
|-damage|p1a: Blissey|85/100|[from] Stealth Rock
|move|p2a: Rin Tohsaka|Defog|p1a: Blissey
|-unboost|p1a: Blissey|evasion|1
|-sideend|p1: BlazeLostHisName|Stealth Rock|[from] move: Defog|[of] p2a: Rin Tohsaka
|-sideend|p2: RIP_Player|Stealth Rock|[from] move: Defog|[of] p2a: Rin Tohsaka
|
|-heal|p2a: Rin Tohsaka|87/100|[from] item: Leftovers
|-heal|p1a: Blissey|91/100|[from] item: Leftovers
|upkeep
|turn|29
|
|t:|1628519054
|switch|p2a: Quetzalcoatl|Heatran, M|74/100
|move|p1a: Blissey|Seismic Toss|p2a: Quetzalcoatl
|-damage|p2a: Quetzalcoatl|48/100
|
|-heal|p2a: Quetzalcoatl|54/100|[from] item: Leftovers
|-heal|p1a: Blissey|97/100|[from] item: Leftovers
|upkeep
|turn|30
|
|t:|1628519063
|switch|p1a: Marshadow|Marshadow|100/100
|move|p2a: Quetzalcoatl|Stealth Rock|p1a: Marshadow
|-sidestart|p1: BlazeLostHisName|move: Stealth Rock
|
|-heal|p2a: Quetzalcoatl|60/100|[from] item: Leftovers
|upkeep
|turn|31
|
|t:|1628519073
|switch|p2a: Rin Tohsaka|Xerneas|87/100
|-ability|p2a: Rin Tohsaka|Fairy Aura
|move|p1a: Marshadow|Poltergeist|p2a: Rin Tohsaka
|-activate|p2a: Rin Tohsaka|move: Poltergeist|Leftovers
|-damage|p2a: Rin Tohsaka|37/100
|
|-heal|p2a: Rin Tohsaka|43/100|[from] item: Leftovers
|upkeep
|turn|32
|
|t:|1628519091
|move|p1a: Marshadow|Poltergeist|p2a: Rin Tohsaka
|-activate|p2a: Rin Tohsaka|move: Poltergeist|Leftovers
|-damage|p2a: Rin Tohsaka|0 fnt
|faint|p2a: Rin Tohsaka
|
|upkeep
|
|t:|1628519094
|switch|p2a: Gilgamesh|Yveltal|100/100
|-ability|p2a: Gilgamesh|Dark Aura
|turn|33
|
|t:|1628519122
|switch|p1a: Xerneas|Xerneas|100/100 slp
|-damage|p1a: Xerneas|88/100 slp|[from] Stealth Rock
|-ability|p1a: Xerneas|Fairy Aura
|move|p2a: Gilgamesh|Knock Off|p1a: Xerneas
|-resisted|p1a: Xerneas
|-damage|p1a: Xerneas|69/100 slp
|
|upkeep
|turn|34
|
|t:|1628519129
|move|p2a: Gilgamesh|Knock Off|p1a: Xerneas
|-resisted|p1a: Xerneas
|-damage|p1a: Xerneas|52/100 slp
|cant|p1a: Xerneas|slp
|
|upkeep
|turn|35
|
|t:|1628519142
|switch|p2a: Quetzalcoatl|Heatran, M|60/100
|-curestatus|p1a: Xerneas|slp|[msg]
|move|p1a: Xerneas|Moonblast|p2a: Quetzalcoatl
|-resisted|p2a: Quetzalcoatl
|-damage|p2a: Quetzalcoatl|52/100
|
|-heal|p2a: Quetzalcoatl|58/100|[from] item: Leftovers
|upkeep
|turn|36
|
|t:|1628519155
|switch|p1a: Zygarde|Zygarde-Complete|72/100
|-damage|p1a: Zygarde|65/100|[from] Stealth Rock
|move|p2a: Quetzalcoatl|Lava Plume|p1a: Zygarde
|-resisted|p1a: Zygarde
|-damage|p1a: Zygarde|56/100
|-status|p1a: Zygarde|brn
|
|-heal|p1a: Zygarde|62/100 brn|[from] item: Leftovers
|-heal|p2a: Quetzalcoatl|64/100|[from] item: Leftovers
|-damage|p1a: Zygarde|56/100 brn|[from] brn
|upkeep
|turn|37
|
|t:|1628519165
|switch|p1a: Marshadow|Marshadow|100/100
|-damage|p1a: Marshadow|94/100|[from] Stealth Rock
|switch|p2a: Gilgamesh|Yveltal|100/100
|-ability|p2a: Gilgamesh|Dark Aura
|
|upkeep
|turn|38
|
|t:|1628519178
|move|p1a: Marshadow|Rock Tomb|p2a: Gilgamesh
|-supereffective|p2a: Gilgamesh
|-damage|p2a: Gilgamesh|15/100
|-unboost|p2a: Gilgamesh|spe|1
|move|p2a: Gilgamesh|Dual Wingbeat|p1a: Marshadow
|-supereffective|p1a: Marshadow
|-damage|p1a: Marshadow|8/100
|-supereffective|p1a: Marshadow
|-damage|p1a: Marshadow|0 fnt
|faint|p1a: Marshadow
|-hitcount|p1: Marshadow|2
|
|upkeep
|
|t:|1628519184
|switch|p1a: Xerneas|Xerneas|52/100
|-damage|p1a: Xerneas|39/100|[from] Stealth Rock
|-ability|p1a: Xerneas|Fairy Aura
|turn|39
|
|t:|1628519189
|switch|p2a: Quetzalcoatl|Heatran, M|64/100
|move|p1a: Xerneas|Aromatherapy|p1a: Xerneas
|-activate|p1a: Xerneas|move: Aromatherapy
|-curestatus|p1: Zygarde|brn|[msg]
|
|-heal|p2a: Quetzalcoatl|70/100|[from] item: Leftovers
|upkeep
|turn|40
|
|t:|1628519195
|move|p1a: Xerneas|Defog|p2a: Quetzalcoatl
|-unboost|p2a: Quetzalcoatl|evasion|1
|-sideend|p1: BlazeLostHisName|Stealth Rock|[from] move: Defog|[of] p1a: Xerneas
|move|p2a: Quetzalcoatl|Lava Plume|p1a: Xerneas
|-damage|p1a: Xerneas|13/100
|
|-heal|p2a: Quetzalcoatl|77/100|[from] item: Leftovers
|upkeep
|turn|41
|
|t:|1628519207
|switch|p1a: Zygarde|Zygarde-Complete|56/100
|move|p2a: Quetzalcoatl|Stealth Rock|p1a: Zygarde
|-sidestart|p1: BlazeLostHisName|move: Stealth Rock
|
|-heal|p1a: Zygarde|62/100|[from] item: Leftovers
|-heal|p2a: Quetzalcoatl|83/100|[from] item: Leftovers
|upkeep
|turn|42
|
|t:|1628519213
|switch|p2a: Berserker|Umbreon, F|79/100
|move|p1a: Zygarde|Substitute|p1a: Zygarde
|-start|p1a: Zygarde|Substitute
|-damage|p1a: Zygarde|37/100
|
|-heal|p1a: Zygarde|43/100|[from] item: Leftovers
|-heal|p2a: Berserker|85/100|[from] item: Leftovers
|upkeep
|turn|43
|
|t:|1628519217
|move|p1a: Zygarde|Coil|p1a: Zygarde
|-boost|p1a: Zygarde|atk|1
|-boost|p1a: Zygarde|def|1
|-boost|p1a: Zygarde|accuracy|1
|move|p2a: Berserker|Foul Play|p1a: Zygarde
|-activate|p1a: Zygarde|move: Substitute|[damage]
|
|-heal|p1a: Zygarde|49/100|[from] item: Leftovers
|-heal|p2a: Berserker|91/100|[from] item: Leftovers
|upkeep
|turn|44
|
|t:|1628519222
|move|p1a: Zygarde|Coil|p1a: Zygarde
|-boost|p1a: Zygarde|atk|1
|-boost|p1a: Zygarde|def|1
|-boost|p1a: Zygarde|accuracy|1
|move|p2a: Berserker|Foul Play|p1a: Zygarde
|-activate|p1a: Zygarde|move: Substitute|[damage]
|
|-heal|p1a: Zygarde|56/100|[from] item: Leftovers
|-heal|p2a: Berserker|97/100|[from] item: Leftovers
|upkeep
|turn|45
|
|t:|1628519227
|move|p1a: Zygarde|Coil|p1a: Zygarde
|-boost|p1a: Zygarde|atk|1
|-boost|p1a: Zygarde|def|1
|-boost|p1a: Zygarde|accuracy|1
|move|p2a: Berserker|Foul Play|p1a: Zygarde
|-end|p1a: Zygarde|Substitute
|
|-heal|p1a: Zygarde|62/100|[from] item: Leftovers
|-heal|p2a: Berserker|100/100|[from] item: Leftovers
|upkeep
|turn|46
|
|t:|1628519236
|move|p1a: Zygarde|Substitute|p1a: Zygarde
|-start|p1a: Zygarde|Substitute
|-damage|p1a: Zygarde|37/100
|move|p2a: Berserker|Foul Play|p1a: Zygarde
|-activate|p1a: Zygarde|move: Substitute|[damage]
|
|-heal|p1a: Zygarde|43/100|[from] item: Leftovers
|upkeep
|turn|47
|
|t:|1628519239
|move|p1a: Zygarde|Thousand Arrows|p2a: Berserker
|-damage|p2a: Berserker|34/100
|move|p2a: Berserker|Foul Play|p1a: Zygarde
|-activate|p1a: Zygarde|move: Substitute|[damage]
|
|-heal|p1a: Zygarde|49/100|[from] item: Leftovers
|-heal|p2a: Berserker|40/100|[from] item: Leftovers
|upkeep
|turn|48
|
|t:|1628519243
|move|p1a: Zygarde|Thousand Arrows|p2a: Berserker
|-damage|p2a: Berserker|0 fnt
|faint|p2a: Berserker
|
|-heal|p1a: Zygarde|56/100|[from] item: Leftovers
|upkeep
|
|t:|1628519245
|switch|p2a: Emiya Archer|Marshadow|100/100
|turn|49
|
|t:|1628519250
|switch|p1a: Blissey|Blissey, F|97/100
|-damage|p1a: Blissey|85/100|[from] Stealth Rock
|move|p2a: Emiya Archer|Spectral Thief|p1a: Blissey
|-immune|p1a: Blissey
|
|-heal|p1a: Blissey|91/100|[from] item: Leftovers
|upkeep
|turn|50
|
|t:|1628519255
|switch|p1a: Xerneas|Xerneas|13/100
|-damage|p1a: Xerneas|1/100|[from] Stealth Rock
|-ability|p1a: Xerneas|Fairy Aura
|move|p2a: Emiya Archer|Close Combat|p1a: Xerneas
|-resisted|p1a: Xerneas
|-crit|p1a: Xerneas
|-damage|p1a: Xerneas|0 fnt
|-unboost|p2a: Emiya Archer|def|1
|-unboost|p2a: Emiya Archer|spd|1
|faint|p1a: Xerneas
|
|upkeep
|
|t:|1628519263
|switch|p1a: Yveltal|Yveltal|100/100
|-ability|p1a: Yveltal|Dark Aura
|turn|51
|
|t:|1628519268
|switch|p2a: Quetzalcoatl|Heatran, M|83/100
|move|p1a: Yveltal|Knock Off|p2a: Quetzalcoatl
|-crit|p2a: Quetzalcoatl
|-damage|p2a: Quetzalcoatl|9/100
|-enditem|p2a: Quetzalcoatl|Leftovers|[from] move: Knock Off|[of] p1a: Yveltal
|
|upkeep
|turn|52
|
|t:|1628519274
|move|p1a: Yveltal|Sucker Punch|p2a: Quetzalcoatl
|-damage|p2a: Quetzalcoatl|0 fnt
|faint|p2a: Quetzalcoatl
|
|upkeep
|
|t:|1628519278
|switch|p2a: Gilgamesh|Yveltal|15/100
|-ability|p2a: Gilgamesh|Dark Aura
|turn|53
|
|t:|1628519283
|move|p2a: Gilgamesh|Rock Slide|p1a: Yveltal
|-supereffective|p1a: Yveltal
|-damage|p1a: Yveltal|39/100
|cant|p1a: Yveltal|flinch
|
|upkeep
|turn|54
|
|t:|1628519292
|move|p1a: Yveltal|Sucker Punch|p2a: Gilgamesh
|-resisted|p2a: Gilgamesh
|-damage|p2a: Gilgamesh|0 fnt
|faint|p2a: Gilgamesh
|
|upkeep
|
|t:|1628519294
|switch|p2a: Emiya Archer|Marshadow|100/100
|turn|55
|
|t:|1628519302
|move|p2a: Emiya Archer|Swagger|p1a: Yveltal
|-boost|p1a: Yveltal|atk|2
|-start|p1a: Yveltal|confusion
|-activate|p1a: Yveltal|confusion
|move|p1a: Yveltal|Defog|p2a: Emiya Archer
|-unboost|p2a: Emiya Archer|evasion|1
|-sideend|p1: BlazeLostHisName|Stealth Rock|[from] move: Defog|[of] p1a: Yveltal
|
|upkeep
|turn|56
|
|t:|1628519320
|switch|p1a: Blissey|Blissey, F|91/100
|move|p2a: Emiya Archer|Spectral Thief|p1a: Blissey
|-immune|p1a: Blissey
|
|-heal|p1a: Blissey|97/100|[from] item: Leftovers
|upkeep
|turn|57
|
|t:|1628519323
|switch|p1a: Yveltal|Yveltal|39/100
|-ability|p1a: Yveltal|Dark Aura
|move|p2a: Emiya Archer|Close Combat|p1a: Yveltal
|-damage|p1a: Yveltal|0 fnt
|-unboost|p2a: Emiya Archer|def|1
|-unboost|p2a: Emiya Archer|spd|1
|faint|p1a: Yveltal
|
|upkeep
|
|t:|1628519328
|switch|p1a: Zygarde|Zygarde-Complete|56/100
|turn|58
|
|t:|1628519331
|move|p2a: Emiya Archer|Swagger|p1a: Zygarde
|-boost|p1a: Zygarde|atk|2
|-start|p1a: Zygarde|confusion
|-activate|p1a: Zygarde|confusion
|move|p1a: Zygarde|Thousand Arrows|p2a: Emiya Archer
|-enditem|p2a: Emiya Archer|Focus Sash
|-damage|p2a: Emiya Archer|1/100
|
|-heal|p1a: Zygarde|62/100|[from] item: Leftovers
|upkeep
|turn|59
|
|t:|1628519337
|move|p2a: Emiya Archer|Spectral Thief||[still]
|-clearpositiveboost|p1a: Zygarde|p2a: Emiya Archer|move: Spectral Thief
|-boost|p2a: Emiya Archer|atk|2
|-anim|p2a: Emiya Archer|Spectral Thief|p1a: Zygarde
|-damage|p1a: Zygarde|33/100
|-activate|p1a: Zygarde|confusion
|-damage|p1a: Zygarde|29/100|[from] confusion
|
|-heal|p1a: Zygarde|36/100|[from] item: Leftovers
|upkeep
|turn|60
|
|t:|1628519342
|move|p2a: Emiya Archer|Close Combat|p1a: Zygarde
|-damage|p1a: Zygarde|0 fnt
|-unboost|p2a: Emiya Archer|def|1
|-unboost|p2a: Emiya Archer|spd|1
|faint|p1a: Zygarde
|
|upkeep
|c|☆BlazeLostHisName|gg
|
|t:|1628519349
|switch|p1a: Blissey|Blissey, F|97/100
|turn|61
|
|t:|1628519352
|move|p2a: Emiya Archer|Close Combat|p1a: Blissey
|-supereffective|p1a: Blissey
|-damage|p1a: Blissey|0 fnt
|-unboost|p2a: Emiya Archer|def|1
|-unboost|p2a: Emiya Archer|spd|1
|faint|p1a: Blissey
|
|win|RIP_Player
|n|☆BlazeLostHisName|blazelosthisname
|n|☆RIP_Player|ripplayer
|n| Rhmsitb|rhmsitb
