|j|☆Dun 26
|j|☆Neia Neriwynn
|t:|1662797918
|gametype|singles
|player|p1|Dun 26|skyla|
|player|p2|Neia Neriwynn|kris-masters|
|teamsize|p1|6
|teamsize|p2|6
|gen|8
|tier|[Gen 8] Ubers
|rated|Tournament battle
|rule|Sleep Clause Mod: Limit one foe put to sleep
|rule|Species Clause: Limit one of each Pokémon
|rule|OHKO Clause: OHKO moves are banned
|rule|Evasion Items Clause: Evasion items are banned
|rule|Evasion Moves Clause: Evasion moves are banned
|rule|Endless Battle Clause: Forcing endless battles is banned
|rule|HP Percentage Mod: HP is shown in percentages
|rule|Dynamax Clause: You cannot dynamax
|clearpoke
|poke|p1|Kyogre|
|poke|p1|Necrozma-Dusk-Mane|
|poke|p1|Ho-Oh|
|poke|p1|Yveltal|
|poke|p1|Calyrex-Shadow|
|poke|p1|Eternatus|
|poke|p2|Xerneas-*|
|poke|p2|Darmanitan-Galar, M|
|poke|p2|Magnezone|
|poke|p2|Necrozma-Dusk-Mane|
|poke|p2|Eternatus|
|poke|p2|Yveltal|
|teampreview
|c|☆Neia Neriwynn|hf
|j|#sparksblade
|
|t:|1662797930
|start
|switch|p1a: Big blue|Kyogre|100/100
|switch|p2a: Necrozma|Necrozma-Dusk-Mane|100/100
|-weather|RainDance|[from] ability: Drizzle|[of] p1a: Big blue
|turn|1
|c|☆Dun 26|Gl
|
|t:|1662797944
|move|p1a: Big blue|Calm Mind|p1a: Big blue
|-boost|p1a: Big blue|spa|1
|-boost|p1a: Big blue|spd|1
|move|p2a: Necrozma|Thunder Wave|p1a: Big blue
|-status|p1a: Big blue|par
|
|-weather|RainDance|[upkeep]
|upkeep
|turn|2
|inactive|Battle timer is ON: inactive players will automatically lose when time's up. (requested by Dun 26)
|
|t:|1662797962
|move|p2a: Necrozma|Stealth Rock|p1a: Big blue
|-sidestart|p1: Dun 26|move: Stealth Rock
|cant|p1a: Big blue|par
|
|-weather|RainDance|[upkeep]
|upkeep
|turn|3
|
|t:|1662797980
|switch|p2a: Xerneas|Xerneas|100/100
|-ability|p2a: Xerneas|Fairy Aura
|cant|p1a: Big blue|par
|
|-weather|RainDance|[upkeep]
|upkeep
|turn|4
|c|☆Dun 26|-_-
|
|t:|1662797993
|move|p2a: Xerneas|Geomancy||[still]
|-prepare|p2a: Xerneas|Geomancy
|-enditem|p2a: Xerneas|Power Herb
|-anim|p2a: Xerneas|Geomancy|p2a: Xerneas
|-boost|p2a: Xerneas|spa|2
|-boost|p2a: Xerneas|spd|2
|-boost|p2a: Xerneas|spe|2
|move|p1a: Big blue|Ice Beam|p2a: Xerneas
|-damage|p2a: Xerneas|80/100
|
|-weather|RainDance|[upkeep]
|upkeep
|turn|5
|c|☆Neia Neriwynn|i'm sorry
|
|t:|1662798005
|switch|p1a: GG|Calyrex-Shadow|100/100
|-ability|p1a: GG|As One
|-ability|p1a: GG|Unnerve
|-damage|p1a: GG|88/100|[from] Stealth Rock
|move|p2a: Xerneas|Thunder|p1a: GG
|-damage|p1a: GG|8/100
|-status|p1a: GG|par
|
|-weather|none
|upkeep
|turn|6
|
|t:|1662798021
|move|p2a: Xerneas|Moonblast|p1a: GG
|-damage|p1a: GG|0 fnt
|faint|p1a: GG
|
|upkeep
|
|t:|1662798024
|switch|p1a: Lionceau|Necrozma-Dusk-Mane|100/100
|-damage|p1a: Lionceau|94/100|[from] Stealth Rock
|turn|7
|
|t:|1662798033
|move|p2a: Xerneas|Focus Blast|p1a: Lionceau|[miss]
|-miss|p2a: Xerneas|p1a: Lionceau
|move|p1a: Lionceau|Sunsteel Strike|p2a: Xerneas
|-supereffective|p2a: Xerneas
|-damage|p2a: Xerneas|0 fnt
|faint|p2a: Xerneas
|
|-heal|p1a: Lionceau|100/100|[from] item: Leftovers
|upkeep
|
|t:|1662798037
|switch|p2a: Magnezone|Magnezone|100/100
|-item|p2a: Magnezone|Air Balloon
|turn|8
|j| Inder
|
|t:|1662798048
|move|p2a: Magnezone|Magnet Rise|p2a: Magnezone
|-start|p2a: Magnezone|Magnet Rise
|move|p1a: Lionceau|Sunsteel Strike|p2a: Magnezone
|-resisted|p2a: Magnezone
|-damage|p2a: Magnezone|86/100
|-enditem|p2a: Magnezone|Air Balloon
|
|upkeep
|turn|9
|
|t:|1662798053
|move|p2a: Magnezone|Iron Defense|p2a: Magnezone
|-boost|p2a: Magnezone|def|2
|move|p1a: Lionceau|Stealth Rock|p2a: Magnezone
|-sidestart|p2: Neia Neriwynn|move: Stealth Rock
|
|upkeep
|turn|10
|
|t:|1662798059
|move|p2a: Magnezone|Body Press|p1a: Lionceau
|-damage|p1a: Lionceau|67/100
|move|p1a: Lionceau|Sunsteel Strike|p2a: Magnezone
|-resisted|p2a: Magnezone
|-damage|p2a: Magnezone|79/100
|
|-heal|p1a: Lionceau|73/100|[from] item: Leftovers
|upkeep
|turn|11
|
|t:|1662798065
|move|p2a: Magnezone|Body Press|p1a: Lionceau
|-damage|p1a: Lionceau|39/100
|move|p1a: Lionceau|Sunsteel Strike|p2a: Magnezone
|-resisted|p2a: Magnezone
|-damage|p2a: Magnezone|71/100
|
|-heal|p1a: Lionceau|45/100|[from] item: Leftovers
|upkeep
|turn|12
|
|t:|1662798074
|move|p2a: Magnezone|Iron Defense|p2a: Magnezone
|-boost|p2a: Magnezone|def|2
|move|p1a: Lionceau|Morning Sun|p1a: Lionceau
|-heal|p1a: Lionceau|95/100
|
|-heal|p1a: Lionceau|100/100|[from] item: Leftovers
|-end|p2a: Magnezone|Magnet Rise
|upkeep
|turn|13
|
|t:|1662798079
|move|p2a: Magnezone|Magnet Rise|p2a: Magnezone
|-start|p2a: Magnezone|Magnet Rise
|move|p1a: Lionceau|Earthquake|p2a: Magnezone
|-immune|p2a: Magnezone
|
|upkeep
|turn|14
|
|t:|1662798085
|move|p2a: Magnezone|Iron Defense|p2a: Magnezone
|-boost|p2a: Magnezone|def|2
|move|p1a: Lionceau|Sunsteel Strike|p2a: Magnezone
|-resisted|p2a: Magnezone
|-damage|p2a: Magnezone|68/100
|
|upkeep
|turn|15
|
|t:|1662798089
|move|p2a: Magnezone|Thunder Wave|p1a: Lionceau
|-status|p1a: Lionceau|par
|cant|p1a: Lionceau|par
|
|upkeep
|turn|16
|
|t:|1662798093
|move|p2a: Magnezone|Body Press|p1a: Lionceau
|-damage|p1a: Lionceau|28/100 par
|move|p1a: Lionceau|Sunsteel Strike|p2a: Magnezone
|-resisted|p2a: Magnezone
|-damage|p2a: Magnezone|65/100
|
|-heal|p1a: Lionceau|34/100 par|[from] item: Leftovers
|upkeep
|turn|17
|
|t:|1662798097
|move|p2a: Magnezone|Body Press|p1a: Lionceau
|-damage|p1a: Lionceau|0 fnt
|faint|p1a: Lionceau
|
|-end|p2a: Magnezone|Magnet Rise
|upkeep
|
|t:|1662798100
|switch|p1a: Sexy and knows it|Eternatus|100/100
|-damage|p1a: Sexy and knows it|88/100|[from] Stealth Rock
|-ability|p1a: Sexy and knows it|Pressure
|turn|18
|
|t:|1662798119
|switch|p2a: Yveltal|Yveltal|100/100
|-ability|p2a: Yveltal|Dark Aura
|move|p1a: Sexy and knows it|Flamethrower|p2a: Yveltal
|-damage|p2a: Yveltal|81/100
|
|upkeep
|turn|19
|
|t:|1662798129
|move|p1a: Sexy and knows it|Flamethrower|p2a: Yveltal
|-damage|p2a: Yveltal|61/100
|move|p2a: Yveltal|Defog|p1a: Sexy and knows it
|-unboost|p1a: Sexy and knows it|evasion|1
|-sideend|p1: Dun 26|Stealth Rock|[from] move: Defog|[of] p2a: Yveltal
|-sideend|p2: Neia Neriwynn|Stealth Rock|[from] move: Defog|[of] p2a: Yveltal
|
|upkeep
|turn|20
|
|t:|1662798133
|move|p1a: Sexy and knows it|Flamethrower|p2a: Yveltal
|-damage|p2a: Yveltal|41/100
|-status|p2a: Yveltal|brn
|move|p2a: Yveltal|Roost|p2a: Yveltal
|-heal|p2a: Yveltal|91/100 brn
|-singleturn|p2a: Yveltal|move: Roost
|
|-damage|p2a: Yveltal|85/100 brn|[from] brn
|upkeep
|turn|21
|
|t:|1662798139
|move|p1a: Sexy and knows it|Dynamax Cannon|p2a: Yveltal
|-damage|p2a: Yveltal|51/100 brn
|move|p2a: Yveltal|U-turn|p1a: Sexy and knows it
|-resisted|p1a: Sexy and knows it
|-damage|p1a: Sexy and knows it|84/100
|
|t:|1662798152
|switch|p2a: Necrozma|Necrozma-Dusk-Mane|100/100|[from]move: U-turn
|
|upkeep
|turn|22
|j|%shrang
|
|t:|1662798158
|switch|p1a: Yvelchiant|Yveltal|100/100
|-ability|p1a: Yvelchiant|Dark Aura
|move|p2a: Necrozma|Thunder Wave|p1a: Yvelchiant
|-status|p1a: Yvelchiant|par
|
|upkeep
|turn|23
|c|☆Dun 26|Cancer
|l|%shrang
|inactive|Neia Neriwynn has 120 seconds left.
|
|t:|1662798196
|switch|p2a: Yveltal|Yveltal|51/100 brn
|-ability|p2a: Yveltal|Dark Aura
|cant|p1a: Yvelchiant|par
|
|-damage|p2a: Yveltal|45/100 brn|[from] brn
|upkeep
|turn|24
|inactive|Neia Neriwynn has 120 seconds left.
|
|t:|1662798203
|switch|p1a: Sexy and knows it|Eternatus|84/100
|-ability|p1a: Sexy and knows it|Pressure
|move|p2a: Yveltal|Roost|p2a: Yveltal
|-heal|p2a: Yveltal|95/100 brn
|-singleturn|p2a: Yveltal|move: Roost
|
|-damage|p2a: Yveltal|89/100 brn|[from] brn
|upkeep
|turn|25
|
|t:|1662798211
|switch|p2a: Eternatus|Eternatus|100/100
|-ability|p2a: Eternatus|Pressure
|move|p1a: Sexy and knows it|Flamethrower|p2a: Eternatus
|-resisted|p2a: Eternatus
|-damage|p2a: Eternatus|92/100
|
|upkeep
|turn|26
|
|t:|1662798222
|switch|p1a: BOOUM :)|Ho-Oh|100/100
|move|p2a: Eternatus|Dynamax Cannon|p1a: BOOUM :)
|-damage|p1a: BOOUM :)|70/100
|
|upkeep
|turn|27
|
|t:|1662798235
|move|p2a: Eternatus|Toxic|p1a: BOOUM :)
|-status|p1a: BOOUM :)|tox
|move|p1a: BOOUM :)|Earthquake|p2a: Eternatus
|-supereffective|p2a: Eternatus
|-damage|p2a: Eternatus|7/100
|
|-damage|p1a: BOOUM :)|64/100 tox|[from] psn
|upkeep
|turn|28
|
|t:|1662798241
|switch|p2a: Yveltal|Yveltal|89/100 brn
|-ability|p2a: Yveltal|Dark Aura
|move|p1a: BOOUM :)|Earthquake|p2a: Yveltal
|-immune|p2a: Yveltal
|
|-damage|p1a: BOOUM :)|51/100 tox|[from] psn
|-damage|p2a: Yveltal|82/100 brn|[from] brn
|upkeep
|turn|29
|
|t:|1662798251
|switch|p1a: Sexy and knows it|Eternatus|84/100
|-ability|p1a: Sexy and knows it|Pressure
|move|p2a: Yveltal|U-turn|p1a: Sexy and knows it
|-resisted|p1a: Sexy and knows it
|-damage|p1a: Sexy and knows it|81/100
|
|t:|1662798257
|switch|p2a: Darmanitan|Darmanitan-Galar, M|100/100|[from]move: U-turn
|
|upkeep
|turn|30
|
|t:|1662798267
|switch|p1a: BOOUM :)|Ho-Oh|85/100 tox
|move|p2a: Darmanitan|Earthquake|p1a: BOOUM :)
|-immune|p1a: BOOUM :)
|
|-damage|p1a: BOOUM :)|78/100 tox|[from] psn
|upkeep
|turn|31
|
|t:|1662798273
|switch|p2a: Eternatus|Eternatus|7/100
|-ability|p2a: Eternatus|Pressure
|move|p1a: BOOUM :)|Sacred Fire|p2a: Eternatus
|-resisted|p2a: Eternatus
|-damage|p2a: Eternatus|0 fnt
|faint|p2a: Eternatus
|
|-damage|p1a: BOOUM :)|66/100 tox|[from] psn
|upkeep
|
|t:|1662798281
|switch|p2a: Darmanitan|Darmanitan-Galar, M|100/100
|turn|32
|
|t:|1662798284
|switch|p1a: Big blue|Kyogre|100/100 par
|-weather|RainDance|[from] ability: Drizzle|[of] p1a: Big blue
|move|p2a: Darmanitan|Icicle Crash|p1a: Big blue
|-resisted|p1a: Big blue
|-damage|p1a: Big blue|77/100 par
|
|-weather|RainDance|[upkeep]
|-heal|p1a: Big blue|84/100 par|[from] item: Leftovers
|upkeep
|turn|33
|j|%shrang
|
|t:|1662798289
|switch|p2a: Necrozma|Necrozma-Dusk-Mane|100/100
|cant|p1a: Big blue|par
|
|-weather|RainDance|[upkeep]
|-heal|p1a: Big blue|90/100 par|[from] item: Leftovers
|upkeep
|turn|34
|
|t:|1662798302
|move|p2a: Necrozma|Sunsteel Strike|p1a: Big blue
|-resisted|p1a: Big blue
|-damage|p1a: Big blue|74/100 par
|move|p1a: Big blue|Calm Mind|p1a: Big blue
|-boost|p1a: Big blue|spa|1
|-boost|p1a: Big blue|spd|1
|
|-weather|RainDance|[upkeep]
|-heal|p1a: Big blue|80/100 par|[from] item: Leftovers
|upkeep
|turn|35
|
|t:|1662798312
|move|p2a: Necrozma|Stealth Rock|p1a: Big blue
|-sidestart|p1: Dun 26|move: Stealth Rock
|move|p1a: Big blue|Scald|p2a: Necrozma
|-damage|p2a: Necrozma|50/100
|
|-weather|RainDance|[upkeep]
|-heal|p2a: Necrozma|56/100|[from] item: Leftovers
|-heal|p1a: Big blue|86/100 par|[from] item: Leftovers
|upkeep
|turn|36
|
|t:|1662798322
|move|p2a: Necrozma|Morning Sun|p2a: Necrozma
|-heal|p2a: Necrozma|81/100
|cant|p1a: Big blue|par
|
|-weather|none
|-heal|p2a: Necrozma|87/100|[from] item: Leftovers
|-heal|p1a: Big blue|93/100 par|[from] item: Leftovers
|upkeep
|turn|37
|c|☆Dun 26|Plz
|
|t:|1662798328
|switch|p2a: Magnezone|Magnezone|65/100
|cant|p1a: Big blue|par
|
|-heal|p1a: Big blue|99/100 par|[from] item: Leftovers
|upkeep
|turn|38
|
|t:|1662798336
|move|p2a: Magnezone|Iron Defense|p2a: Magnezone
|-boost|p2a: Magnezone|def|2
|cant|p1a: Big blue|par
|
|-heal|p1a: Big blue|100/100 par|[from] item: Leftovers
|upkeep
|turn|39
|
|t:|1662798341
|move|p2a: Magnezone|Iron Defense|p2a: Magnezone
|-boost|p2a: Magnezone|def|2
|move|p1a: Big blue|Scald|p2a: Magnezone
|-damage|p2a: Magnezone|0 fnt
|faint|p2a: Magnezone
|
|upkeep
|
|t:|1662798346
|switch|p2a: Darmanitan|Darmanitan-Galar, M|100/100
|turn|40
|
|t:|1662798356
|move|p2a: Darmanitan|Rock Slide|p1a: Big blue
|-damage|p1a: Big blue|74/100 par
|cant|p1a: Big blue|par
|
|-heal|p1a: Big blue|80/100 par|[from] item: Leftovers
|upkeep
|turn|41
|
|t:|1662798366
|move|p2a: Darmanitan|Rock Slide|p1a: Big blue
|-damage|p1a: Big blue|51/100 par
|cant|p1a: Big blue|flinch
|
|-heal|p1a: Big blue|58/100 par|[from] item: Leftovers
|upkeep
|turn|42
|
|t:|1662798371
|move|p2a: Darmanitan|Rock Slide|p1a: Big blue
|-damage|p1a: Big blue|29/100 par
|move|p1a: Big blue|Rest|p1a: Big blue
|-status|p1a: Big blue|slp|[from] move: Rest
|-heal|p1a: Big blue|100/100 slp|[silent]
|
|upkeep
|turn|43
|c|☆Neia Neriwynn|oh
|j| Nael222
|c|☆Neia Neriwynn|i'll be honest with you i have nothing ag cm kyogre
|
|t:|1662798396
|switch|p2a: Yveltal|Yveltal|82/100 brn
|-ability|p2a: Yveltal|Dark Aura
|cant|p1a: Big blue|slp
|
|-damage|p2a: Yveltal|76/100 brn|[from] brn
|upkeep
|turn|44
|
|t:|1662798403
|switch|p1a: Sexy and knows it|Eternatus|81/100
|-damage|p1a: Sexy and knows it|68/100|[from] Stealth Rock
|-ability|p1a: Sexy and knows it|Pressure
|move|p2a: Yveltal|U-turn|p1a: Sexy and knows it
|-resisted|p1a: Sexy and knows it
|-damage|p1a: Sexy and knows it|65/100
|
|t:|1662798411
|switch|p2a: Darmanitan|Darmanitan-Galar, M|100/100|[from]move: U-turn
|
|upkeep
|turn|45
|
|t:|1662798416
|switch|p1a: Yvelchiant|Yveltal|100/100 par
|-ability|p1a: Yvelchiant|Dark Aura
|move|p2a: Darmanitan|Icicle Crash|p1a: Yvelchiant
|-supereffective|p1a: Yvelchiant
|-damage|p1a: Yvelchiant|0 fnt
|faint|p1a: Yvelchiant
|
|upkeep
|
|t:|1662798423
|switch|p1a: Big blue|Kyogre|100/100 slp
|-damage|p1a: Big blue|88/100 slp|[from] Stealth Rock
|-weather|RainDance|[from] ability: Drizzle|[of] p1a: Big blue
|turn|46
|
|t:|1662798430
|switch|p2a: Yveltal|Yveltal|76/100 brn
|-ability|p2a: Yveltal|Dark Aura
|cant|p1a: Big blue|slp
|
|-weather|RainDance|[upkeep]
|-heal|p1a: Big blue|94/100 slp|[from] item: Leftovers
|-damage|p2a: Yveltal|70/100 brn|[from] brn
|upkeep
|turn|47
|
|t:|1662798438
|switch|p1a: Sexy and knows it|Eternatus|65/100
|-damage|p1a: Sexy and knows it|53/100|[from] Stealth Rock
|-ability|p1a: Sexy and knows it|Pressure
|move|p2a: Yveltal|U-turn|p1a: Sexy and knows it
|-resisted|p1a: Sexy and knows it
|-damage|p1a: Sexy and knows it|49/100
|-enditem|p1a: Sexy and knows it|Sitrus Berry|[eat]
|-heal|p1a: Sexy and knows it|74/100|[from] item: Sitrus Berry
|c|#sparksblade|yeah magxern teams usually struggle vs it
|c|#sparksblade|specially after your etern died
|
|t:|1662798453
|switch|p2a: Darmanitan|Darmanitan-Galar, M|100/100|[from]move: U-turn
|
|-weather|RainDance|[upkeep]
|upkeep
|turn|48
|
|t:|1662798460
|switch|p1a: BOOUM :)|Ho-Oh|99/100 tox
|-damage|p1a: BOOUM :)|49/100 tox|[from] Stealth Rock
|move|p2a: Darmanitan|Rock Slide|p1a: BOOUM :)
|-supereffective|p1a: BOOUM :)
|-damage|p1a: BOOUM :)|0 fnt
|faint|p1a: BOOUM :)
|
|-weather|RainDance|[upkeep]
|upkeep
|
|t:|1662798462
|switch|p1a: Big blue|Kyogre|94/100 slp
|-damage|p1a: Big blue|82/100 slp|[from] Stealth Rock
|turn|49
|
|t:|1662798470
|switch|p2a: Yveltal|Yveltal|70/100 brn
|-ability|p2a: Yveltal|Dark Aura
|-curestatus|p1a: Big blue|slp|[msg]
|move|p1a: Big blue|Scald|p2a: Yveltal
|-damage|p2a: Yveltal|31/100 brn
|
|-weather|RainDance|[upkeep]
|-heal|p1a: Big blue|88/100|[from] item: Leftovers
|-damage|p2a: Yveltal|25/100 brn|[from] brn
|upkeep
|turn|50
|c|#sparksblade|tho ideally you set up xerneas after trapping dusk mane
|
|t:|1662798478
|move|p2a: Yveltal|Foul Play|p1a: Big blue
|-damage|p1a: Big blue|77/100
|move|p1a: Big blue|Calm Mind|p1a: Big blue
|-boost|p1a: Big blue|spa|1
|-boost|p1a: Big blue|spd|1
|
|-weather|none
|-heal|p1a: Big blue|83/100|[from] item: Leftovers
|-damage|p2a: Yveltal|19/100 brn|[from] brn
|upkeep
|turn|51
|c|☆Dun 26|Ah no koff
|
|t:|1662798490
|move|p2a: Yveltal|Roost|p2a: Yveltal
|-heal|p2a: Yveltal|69/100 brn
|-singleturn|p2a: Yveltal|move: Roost
|move|p1a: Big blue|Scald|p2a: Yveltal
|-damage|p2a: Yveltal|30/100 brn
|
|-heal|p1a: Big blue|89/100|[from] item: Leftovers
|-damage|p2a: Yveltal|24/100 brn|[from] brn
|upkeep
|turn|52
|c|☆Neia Neriwynn|yeah
|c|☆Neia Neriwynn|unfort
|
|t:|1662798500
|move|p2a: Yveltal|Foul Play|p1a: Big blue
|-damage|p1a: Big blue|78/100
|move|p1a: Big blue|Calm Mind|p1a: Big blue
|-boost|p1a: Big blue|spa|1
|-boost|p1a: Big blue|spd|1
|
|-heal|p1a: Big blue|84/100|[from] item: Leftovers
|-damage|p2a: Yveltal|18/100 brn|[from] brn
|upkeep
|turn|53
|
|t:|1662798507
|move|p2a: Yveltal|Foul Play|p1a: Big blue
|-damage|p1a: Big blue|74/100
|move|p1a: Big blue|Calm Mind|p1a: Big blue
|-boost|p1a: Big blue|spa|1
|-boost|p1a: Big blue|spd|1
|
|-heal|p1a: Big blue|80/100|[from] item: Leftovers
|-damage|p2a: Yveltal|12/100 brn|[from] brn
|upkeep
|turn|54
|
|t:|1662798513
|move|p2a: Yveltal|Foul Play|p1a: Big blue
|-damage|p1a: Big blue|69/100
|move|p1a: Big blue|Scald|p2a: Yveltal
|-damage|p2a: Yveltal|0 fnt
|faint|p2a: Yveltal
|
|-heal|p1a: Big blue|75/100|[from] item: Leftovers
|upkeep
|
|t:|1662798516
|switch|p2a: Darmanitan|Darmanitan-Galar, M|100/100
|turn|55
|
|t:|1662798521
|move|p2a: Darmanitan|Earthquake|p1a: Big blue
|-damage|p1a: Big blue|37/100
|move|p1a: Big blue|Scald|p2a: Darmanitan
|-damage|p2a: Darmanitan|0 fnt
|faint|p2a: Darmanitan
|
|-heal|p1a: Big blue|43/100|[from] item: Leftovers
|upkeep
|l|%shrang
|c|☆Dun 26|Gg
|l| Nael222
|c|☆Neia Neriwynn|wp
|
|t:|1662798530
|switch|p2a: Necrozma|Necrozma-Dusk-Mane|87/100
|turn|56
|l| Inder
|j|%shrang
|c|☆Neia Neriwynn|after all the haxx
|l|%shrang
|
|t:|1662798543
|move|p1a: Big blue|Rest|p1a: Big blue
|-status|p1a: Big blue|slp|[from] move: Rest
|-heal|p1a: Big blue|100/100 slp|[silent]
|move|p2a: Necrozma|Sunsteel Strike|p1a: Big blue
|-resisted|p1a: Big blue
|-damage|p1a: Big blue|83/100 slp
|
|-heal|p1a: Big blue|89/100 slp|[from] item: Leftovers
|-heal|p2a: Necrozma|93/100|[from] item: Leftovers
|upkeep
|turn|57
|-message|Neia Neriwynn forfeited.
|
|win|Dun 26
|n|☆Dun 26|dun26
|n|☆Neia Neriwynn|neianeriwynn
|n|%sparksblade|sparksblade
