|j|☆Reegychodon_64
|j|☆flaw47
|t:|1660315104
|gametype|singles
|player|p1|Reegychodon_64|birdkeeper|
|player|p2|flaw47|1|
|teamsize|p1|6
|teamsize|p2|6
|gen|8
|tier|[Gen 8] Ubers
|rule|Sleep Clause Mod: Limit one foe put to sleep
|rule|Species Clause: Limit one of each Pokémon
|rule|OHKO Clause: OHKO moves are banned
|rule|Evasion Items Clause: Evasion items are banned
|rule|Evasion Moves Clause: Evasion moves are banned
|rule|Endless Battle Clause: Forcing endless battles is banned
|rule|HP Percentage Mod: HP is shown in percentages
|rule|Dynamax Clause: You cannot dynamax
|clearpoke
|poke|p1|Yveltal|
|poke|p1|Calyrex-Shadow|
|poke|p1|Kyogre|
|poke|p1|Cobalion|
|poke|p1|Palkia|
|poke|p1|Groudon|
|poke|p2|Yveltal|
|poke|p2|Darmanitan-Galar, F|
|poke|p2|Eternatus|
|poke|p2|Necrozma-Dusk-Mane|
|poke|p2|Palkia|
|poke|p2|Kyogre|
|teampreview
|c|☆flaw47|gl hf en esperant pas de bug pc pour moi cette fois
|c|☆Reegychodon_64|yep hf ^^
|
|t:|1660315186
|start
|switch|p1a: Cobalion|Cobalion|100/100
|switch|p2a: Darmanitan|Darmanitan-Galar, F|100/100
|turn|1
|
|t:|1660315203
|move|p2a: Darmanitan|U-turn|p1a: Cobalion
|-resisted|p1a: Cobalion
|-damage|p1a: Cobalion|93/100
|
|t:|1660315209
|switch|p2a: Necrozma|Necrozma-Dusk-Mane|100/100|[from]move: U-turn
|move|p1a: Cobalion|Thunder Wave|p2a: Necrozma
|-status|p2a: Necrozma|par
|
|upkeep
|turn|2
|
|t:|1660315220
|move|p1a: Cobalion|Taunt|p2a: Necrozma
|-start|p2a: Necrozma|move: Taunt
|move|p2a: Necrozma|Earthquake|p1a: Cobalion
|-supereffective|p1a: Cobalion
|-damage|p1a: Cobalion|30/100
|
|upkeep
|turn|3
|
|t:|1660315228
|move|p1a: Cobalion|Stealth Rock|p2a: Necrozma
|-sidestart|p2: flaw47|move: Stealth Rock
|cant|p2a: Necrozma|par
|
|upkeep
|turn|4
|
|t:|1660315240
|move|p1a: Cobalion|Iron Head|p2a: Necrozma
|-resisted|p2a: Necrozma
|-damage|p2a: Necrozma|91/100 par
|-damage|p1a: Cobalion|13/100|[from] item: Rocky Helmet|[of] p2a: Necrozma
|move|p2a: Necrozma|Earthquake|p1a: Cobalion
|-supereffective|p1a: Cobalion
|-damage|p1a: Cobalion|0 fnt
|faint|p1a: Cobalion
|
|-end|p2a: Necrozma|move: Taunt
|upkeep
|j| Crowlignt
|j| Minogod94
|c| Crowlignt|GL flaw!
|
|t:|1660315319
|switch|p1a: Groudon|Groudon|100/100
|-weather|SunnyDay|[from] ability: Drought|[of] p1a: Groudon
|turn|5
|
|t:|1660315352
|switch|p2a: Kyogre|Kyogre|100/100
|-damage|p2a: Kyogre|88/100|[from] Stealth Rock
|-weather|RainDance|[from] ability: Drizzle|[of] p2a: Kyogre
|move|p1a: Groudon|Rock Polish|p1a: Groudon
|-boost|p1a: Groudon|spe|2
|
|-weather|RainDance|[upkeep]
|upkeep
|turn|6
|j| Semort
|c| Semort|Ptdr le double palkia
|c| Semort|fun
|
|t:|1660315402
|move|p1a: Groudon|Precipice Blades|p2a: Kyogre
|-damage|p2a: Kyogre|0 fnt
|faint|p2a: Kyogre
|
|-weather|RainDance|[upkeep]
|upkeep
|c| Crowlignt|Oof
|
|t:|1660315418
|switch|p2a: Palkia|Palkia|100/100
|-damage|p2a: Palkia|88/100|[from] Stealth Rock
|-ability|p2a: Palkia|Pressure
|turn|7
|
|t:|1660315442
|move|p1a: Groudon|Precipice Blades|p2a: Palkia
|-damage|p2a: Palkia|4/100
|move|p2a: Palkia|Liquidation|p1a: Groudon
|-supereffective|p1a: Groudon
|-damage|p1a: Groudon|19/100
|-unboost|p1a: Groudon|def|1
|
|-weather|RainDance|[upkeep]
|-heal|p2a: Palkia|10/100|[from] item: Leftovers
|upkeep
|turn|8
|
|t:|1660315458
|move|p1a: Groudon|Precipice Blades|p2a: Palkia
|-damage|p2a: Palkia|0 fnt
|faint|p2a: Palkia
|
|-weather|RainDance|[upkeep]
|upkeep
|
|t:|1660315463
|switch|p2a: Yveltal|Yveltal|100/100
|-ability|p2a: Yveltal|Dark Aura
|turn|9
|c| Semort|No miss haxx :paz:
|
|t:|1660315484
|move|p1a: Groudon|Stone Edge|p2a: Yveltal
|-supereffective|p2a: Yveltal
|-crit|p2a: Yveltal
|-damage|p2a: Yveltal|12/100
|move|p2a: Yveltal|Knock Off|p1a: Groudon
|-damage|p1a: Groudon|0 fnt
|-enditem|p1a: Groudon|Soft Sand|[from] move: Knock Off|[of] p2a: Yveltal
|faint|p1a: Groudon
|
|-weather|none
|upkeep
|l| Crowlignt
|
|t:|1660315502
|switch|p1a: Calyrex|Calyrex-Shadow|100/100
|-ability|p1a: Calyrex|As One
|-ability|p1a: Calyrex|Unnerve
|turn|10
|
|t:|1660315517
|move|p1a: Calyrex|Astral Barrage|p2a: Yveltal
|-resisted|p2a: Yveltal
|-damage|p2a: Yveltal|0 fnt
|faint|p2a: Yveltal
|-ability|p1a: Calyrex|Grim Neigh|boost
|-boost|p1a: Calyrex|spa|1
|
|upkeep
|
|t:|1660315528
|switch|p2a: Darmanitan|Darmanitan-Galar, F|100/100
|-damage|p2a: Darmanitan|76/100|[from] Stealth Rock
|turn|11
|j| Crowlignt
|
|t:|1660315580
|move|p2a: Darmanitan|Icicle Crash|p1a: Calyrex
|-damage|p1a: Calyrex|13/100
|move|p1a: Calyrex|Astral Barrage|p2a: Darmanitan
|-damage|p2a: Darmanitan|0 fnt
|faint|p2a: Darmanitan
|-ability|p1a: Calyrex|Grim Neigh|boost
|-boost|p1a: Calyrex|spa|1
|
|upkeep
|c|☆flaw47|gg
|c|☆Reegychodon_64|gg
|
|t:|1660315593
|switch|p2a: Necrozma|Necrozma-Dusk-Mane|91/100 par
|-damage|p2a: Necrozma|85/100 par|[from] Stealth Rock
|turn|12
|l| Crowlignt
|
|t:|1660315598
|move|p1a: Calyrex|Astral Barrage|p2a: Necrozma
|-supereffective|p2a: Necrozma
|-damage|p2a: Necrozma|0 fnt
|faint|p2a: Necrozma
|-ability|p1a: Calyrex|Grim Neigh|boost
|-boost|p1a: Calyrex|spa|1
|
|upkeep
|
|t:|1660315605
|switch|p2a: Eternatus|Eternatus|100/100
|-damage|p2a: Eternatus|88/100|[from] Stealth Rock
|-ability|p2a: Eternatus|Pressure
|turn|13
|l| Semort
|
|t:|1660315613
|move|p1a: Calyrex|Astral Barrage|p2a: Eternatus
|-damage|p2a: Eternatus|0 fnt
|faint|p2a: Eternatus
|
|win|Reegychodon_64
