|raw|<div class="broadcast-blue"><strong>This battle is required to be public due to a player having a name starting with 'ult9ns'.</div>
|j|‽ULT9NS 222IQ
|j|☆Stallion
|t:|1653566762
|gametype|singles
|player|p1|ULT9NS 222IQ|266|1471
|player|p2|Stallion|#wcop2021oceania|1535
|teamsize|p1|6
|teamsize|p2|6
|gen|8
|tier|[Gen 8] Ubers
|rated|
|rule|Sleep Clause Mod: Limit one foe put to sleep
|rule|Species Clause: Limit one of each Pokémon
|rule|OHKO Clause: OHKO moves are banned
|rule|Evasion Moves Clause: Evasion moves are banned
|rule|Endless Battle Clause: Forcing endless battles is banned
|rule|HP Percentage Mod: HP is shown in percentages
|rule|Dynamax Clause: You cannot dynamax
|clearpoke
|poke|p1|Froslass, F|
|poke|p1|Kyurem-Black|
|poke|p1|Glalie, M|
|poke|p1|Cloyster, M|
|poke|p1|Weavile, M|
|poke|p1|Darmanitan-Galar, F|
|poke|p2|Calyrex-Shadow|
|poke|p2|Necrozma-Dusk-Mane|
|poke|p2|Rayquaza|
|poke|p2|Shuckle, M|
|poke|p2|Urshifu-*, M|
|poke|p2|Yveltal|
|teampreview
|j| kldocheer
|
|t:|1653566794
|start
|switch|p1a: Froslass|Froslass, F|100/100
|switch|p2a: Yveltal|Yveltal|100/100
|-ability|p2a: Yveltal|Dark Aura
|turn|1
|
|t:|1653566802
|move|p1a: Froslass|Spikes|p2a: Yveltal
|-sidestart|p2: Stallion|Spikes
|move|p2a: Yveltal|Knock Off|p1a: Froslass
|-supereffective|p1a: Froslass
|-enditem|p1a: Froslass|Focus Sash
|-damage|p1a: Froslass|1/100
|
|upkeep
|turn|2
|
|t:|1653566818
|move|p1a: Froslass|Destiny Bond|p1a: Froslass
|-singlemove|p1a: Froslass|Destiny Bond
|move|p2a: Yveltal|Oblivion Wing|p1a: Froslass
|-damage|p1a: Froslass|0 fnt
|faint|p1a: Froslass
|-activate|p1a: Froslass|move: Destiny Bond
|faint|p2a: Yveltal
|
|upkeep
|l| kldocheer
|j| Mathology0
|
|t:|1653566863
|switch|p1a: Cloyster|Cloyster, M|100/100
|switch|p2a: Shuckle|Shuckle, M|100/100
|-damage|p2a: Shuckle|88/100|[from] Spikes
|turn|3
|
|t:|1653566870
|move|p1a: Cloyster|Rock Blast|p2a: Shuckle|[miss]
|-miss|p1a: Cloyster|p2a: Shuckle
|move|p2a: Shuckle|Encore|p1a: Cloyster
|-start|p1a: Cloyster|Encore
|
|upkeep
|turn|4
|inactive|Battle timer is ON: inactive players will automatically lose when time's up. (requested by ULT9NS 222IQ)
|
|t:|1653566899
|move|p1a: Cloyster|Rock Blast|p2a: Shuckle
|-supereffective|p2a: Shuckle
|-damage|p2a: Shuckle|80/100
|-supereffective|p2a: Shuckle
|-damage|p2a: Shuckle|72/100
|-supereffective|p2a: Shuckle
|-damage|p2a: Shuckle|64/100
|-supereffective|p2a: Shuckle
|-damage|p2a: Shuckle|56/100
|-supereffective|p2a: Shuckle
|-damage|p2a: Shuckle|48/100
|-hitcount|p2a: Shuckle|5
|-enditem|p2a: Shuckle|Red Card|[of] p1a: Cloyster
|drag|p1a: Weavile|Weavile, M|100/100
|-ability|p1a: Weavile|Pressure
|move|p2a: Shuckle|Sticky Web|p1a: Weavile
|-sidestart|p1: ULT9NS 222IQ|move: Sticky Web
|
|upkeep
|turn|5
|j| ULT9NS★Shionツ
|
|t:|1653566913
|switch|p1a: Cloyster|Cloyster, M|100/100
|-activate|p1a: Cloyster|move: Sticky Web
|-unboost|p1a: Cloyster|spe|1
|move|p2a: Shuckle|Stealth Rock|p1a: Cloyster
|-sidestart|p1: ULT9NS 222IQ|move: Stealth Rock
|
|upkeep
|turn|6
|j| jean claudette
|inactive|Stallion has 120 seconds left.
|inactive|Stallion has 90 seconds left.
|l| jean claudette
|
|t:|1653566991
|move|p1a: Cloyster|Rapid Spin|p2a: Shuckle
|-resisted|p2a: Shuckle
|-damage|p2a: Shuckle|44/100
|-boost|p1a: Cloyster|spe|1
|-sideend|p1: ULT9NS 222IQ|Stealth Rock|[from] move: Rapid Spin|[of] p1a: Cloyster
|-sideend|p1: ULT9NS 222IQ|Sticky Web|[from] move: Rapid Spin|[of] p1a: Cloyster
|move|p2a: Shuckle|Encore|p1a: Cloyster
|-start|p1a: Cloyster|Encore
|
|upkeep
|turn|7
|
|t:|1653566998
|move|p1a: Cloyster|Rapid Spin|p2a: Shuckle
|-resisted|p2a: Shuckle
|-damage|p2a: Shuckle|40/100
|-boost|p1a: Cloyster|spe|1
|cant|p2a: Shuckle|flinch
|
|upkeep
|turn|8
|inactive|Stallion has 90 seconds left.
|
|t:|1653567026
|switch|p2a: Calyrex|Calyrex-Shadow|100/100
|-ability|p2a: Calyrex|As One
|-ability|p2a: Calyrex|Unnerve
|-damage|p2a: Calyrex|88/100|[from] Spikes
|move|p1a: Cloyster|Rapid Spin|p2a: Calyrex
|-immune|p2a: Calyrex
|
|upkeep
|turn|9
|
|t:|1653567036
|switch|p1a: Weavile|Weavile, M|100/100
|-ability|p1a: Weavile|Pressure
|move|p2a: Calyrex|Draining Kiss|p1a: Weavile
|-supereffective|p1a: Weavile
|-damage|p1a: Weavile|44/100
|-heal|p2a: Calyrex|100/100|[from] drain|[of] p1a: Weavile
|
|upkeep
|turn|10
|
|t:|1653567042
|move|p1a: Weavile|Ice Shard|p2a: Calyrex
|-crit|p2a: Calyrex
|-damage|p2a: Calyrex|65/100
|move|p2a: Calyrex|Draining Kiss|p1a: Weavile
|-supereffective|p1a: Weavile
|-damage|p1a: Weavile|0 fnt
|-heal|p2a: Calyrex|92/100|[from] drain|[of] p1a: Weavile
|faint|p1a: Weavile
|-ability|p2a: Calyrex|Grim Neigh|boost
|-boost|p2a: Calyrex|spa|1
|
|upkeep
|
|t:|1653567045
|switch|p1a: Darmanitan|Darmanitan-Galar, F|100/100
|turn|11
|
|t:|1653567050
|switch|p2a: Shuckle|Shuckle, M|40/100
|-damage|p2a: Shuckle|28/100|[from] Spikes
|move|p1a: Darmanitan|Icicle Crash|p2a: Shuckle
|-damage|p2a: Shuckle|0 fnt
|faint|p2a: Shuckle
|
|upkeep
|
|t:|1653567053
|switch|p2a: Necrozma|Necrozma-Dusk-Mane|100/100
|-damage|p2a: Necrozma|88/100|[from] Spikes
|turn|12
|
|t:|1653567063
|switch|p1a: Cloyster|Cloyster, M|100/100
|move|p2a: Necrozma|Dragon Dance|p2a: Necrozma
|-boost|p2a: Necrozma|atk|1
|-boost|p2a: Necrozma|spe|1
|
|upkeep
|turn|13
|inactive|Stallion has 120 seconds left.
|
|t:|1653567092
|move|p2a: Necrozma|Stone Edge|p1a: Cloyster
|-supereffective|p1a: Cloyster
|-damage|p1a: Cloyster|0 fnt
|faint|p1a: Cloyster
|
|upkeep
|
|t:|1653567099
|switch|p1a: Darmanitan|Darmanitan-Galar, F|100/100
|turn|14
|inactive|Stallion has 90 seconds left.
|
|t:|1653567132
|move|p1a: Darmanitan|Flare Blitz|p2a: Necrozma
|-supereffective|p2a: Necrozma
|-damage|p2a: Necrozma|5/100
|-damage|p1a: Darmanitan|74/100|[from] Recoil
|move|p2a: Necrozma|Sunsteel Strike|p1a: Darmanitan
|-supereffective|p1a: Darmanitan
|-damage|p1a: Darmanitan|0 fnt
|faint|p1a: Darmanitan
|
|upkeep
|
|t:|1653567141
|switch|p1a: Glalie|Glalie, M|100/100
|turn|15
|inactive|Stallion has 90 seconds left.
|
|t:|1653567166
|move|p1a: Glalie|Protect|p1a: Glalie
|-singleturn|p1a: Glalie|Protect
|move|p2a: Necrozma|Sunsteel Strike|p1a: Glalie
|-activate|p1a: Glalie|move: Protect
|
|-ability|p1a: Glalie|Moody|boost
|-boost|p1a: Glalie|spe|2
|-unboost|p1a: Glalie|spd|1
|upkeep
|turn|16
|
|t:|1653567172
|move|p1a: Glalie|Freeze-Dry|p2a: Necrozma
|-resisted|p2a: Necrozma
|-damage|p2a: Necrozma|0 fnt
|faint|p2a: Necrozma
|
|-ability|p1a: Glalie|Moody|boost
|-boost|p1a: Glalie|spe|2
|-unboost|p1a: Glalie|def|1
|upkeep
|
|t:|1653567177
|switch|p2a: Urshifu|Urshifu, M|100/100
|-damage|p2a: Urshifu|88/100|[from] Spikes
|turn|17
|
|t:|1653567183
|move|p1a: Glalie|Substitute|p1a: Glalie
|-start|p1a: Glalie|Substitute
|-damage|p1a: Glalie|75/100
|move|p2a: Urshifu|Iron Head|p1a: Glalie
|-supereffective|p1a: Glalie
|-end|p1a: Glalie|Substitute
|
|-heal|p1a: Glalie|82/100|[from] item: Leftovers
|-ability|p1a: Glalie|Moody|boost
|-boost|p1a: Glalie|spe|2
|-unboost|p1a: Glalie|atk|1
|upkeep
|turn|18
|inactive|Stallion has 90 seconds left.
|
|t:|1653567199
|move|p1a: Glalie|Substitute|p1a: Glalie
|-start|p1a: Glalie|Substitute
|-damage|p1a: Glalie|57/100
|move|p2a: Urshifu|Iron Head|p1a: Glalie
|-supereffective|p1a: Glalie
|-end|p1a: Glalie|Substitute
|
|-heal|p1a: Glalie|63/100|[from] item: Leftovers
|-ability|p1a: Glalie|Moody|boost
|-boost|p1a: Glalie|spa|2
|-unboost|p1a: Glalie|def|1
|upkeep
|turn|19
|
|t:|1653567204
|move|p1a: Glalie|Disable|p2a: Urshifu
|-start|p2a: Urshifu|Disable|Iron Head
|cant|p2a: Urshifu|Disable|Iron Head
|
|-heal|p1a: Glalie|69/100|[from] item: Leftovers
|-ability|p1a: Glalie|Moody|boost
|-boost|p1a: Glalie|atk|2
|-unboost|p1a: Glalie|def|1
|upkeep
|turn|20
|
|t:|1653567208
|move|p1a: Glalie|Substitute|p1a: Glalie
|-start|p1a: Glalie|Substitute
|-damage|p1a: Glalie|44/100
|move|p2a: Urshifu|Wicked Blow|p1a: Glalie
|-crit|p1a: Glalie
|-end|p1a: Glalie|Substitute
|
|-heal|p1a: Glalie|50/100|[from] item: Leftovers
|-ability|p1a: Glalie|Moody|boost
|-boost|p1a: Glalie|spa|2
|-unboost|p1a: Glalie|spd|1
|upkeep
|turn|21
|j| Malaki09
|j| jean claudette
|inactive|ULT9NS 222IQ has 120 seconds left.
|l| ULT9NS★Shionツ
|l| jean claudette
|inactive|ULT9NS 222IQ has 90 seconds left.
|
|t:|1653567291
|move|p1a: Glalie|Freeze-Dry|p2a: Urshifu
|-damage|p2a: Urshifu|0 fnt
|faint|p2a: Urshifu
|
|-heal|p1a: Glalie|56/100|[from] item: Leftovers
|-ability|p1a: Glalie|Moody|boost
|-boost|p1a: Glalie|atk|2
|-unboost|p1a: Glalie|def|1
|upkeep
|inactive|Stallion has 120 seconds left.
|inactive|Stallion has 90 seconds left.
|
|t:|1653567337
|switch|p2a: Rayquaza|Rayquaza|100/100
|-ability|p2a: Rayquaza|Air Lock
|turn|22
|l| Malaki09
|
|t:|1653567345
|move|p1a: Glalie|Protect|p1a: Glalie
|-singleturn|p1a: Glalie|Protect
|move|p2a: Rayquaza|Extreme Speed|p1a: Glalie
|-activate|p1a: Glalie|move: Protect
|
|-heal|p1a: Glalie|62/100|[from] item: Leftovers
|-ability|p1a: Glalie|Moody|boost
|-boost|p1a: Glalie|spa|2
|-unboost|p1a: Glalie|spe|1
|upkeep
|turn|23
|inactive|ULT9NS 222IQ has 90 seconds left.
|
|t:|1653567359
|move|p2a: Rayquaza|Extreme Speed|p1a: Glalie
|-damage|p1a: Glalie|0 fnt
|faint|p1a: Glalie
|
|upkeep
|inactive|ULT9NS 222IQ has 60 seconds left.
|
|t:|1653567395
|switch|p1a: Kyurem|Kyurem-Black|100/100
|-ability|p1a: Kyurem|Teravolt
|turn|24
|j| jean claudette
|
|t:|1653567406
|move|p1a: Kyurem|Dragon Dance|p1a: Kyurem
|-boost|p1a: Kyurem|atk|1
|-boost|p1a: Kyurem|spe|1
|move|p2a: Rayquaza|Dragon Ascent|p1a: Kyurem
|-damage|p1a: Kyurem|43/100
|-unboost|p2a: Rayquaza|def|1
|-unboost|p2a: Rayquaza|spd|1
|
|upkeep
|turn|25
|
|t:|1653567423
|move|p2a: Rayquaza|Extreme Speed|p1a: Kyurem
|-damage|p1a: Kyurem|15/100
|move|p1a: Kyurem|Icicle Spear|p2a: Rayquaza
|-supereffective|p2a: Rayquaza
|-enditem|p2a: Rayquaza|Focus Sash
|-damage|p2a: Rayquaza|1/100
|-supereffective|p2a: Rayquaza
|-damage|p2a: Rayquaza|0 fnt
|faint|p2a: Rayquaza
|-hitcount|p2: Rayquaza|2
|
|upkeep
|
|t:|1653567426
|switch|p2a: Calyrex|Calyrex-Shadow|92/100
|-ability|p2a: Calyrex|As One
|-ability|p2a: Calyrex|Unnerve
|-damage|p2a: Calyrex|80/100|[from] Spikes
|turn|26
|
|t:|1653567434
|move|p1a: Kyurem|Fling|p2a: Calyrex
|-supereffective|p2a: Calyrex
|-damage|p2a: Calyrex|0 fnt
|-enditem|p1a: Kyurem|TR43|[from] move: Fling
|faint|p2a: Calyrex
|
|win|ULT9NS 222IQ
|raw|ULT9NS 222IQ's rating: 1471 &rarr; <strong>1493</strong><br />(+22 for winning)
|raw|Stallion's rating: 1508 &rarr; <strong>1486</strong><br />(-22 for losing)
