|j|☆Can't Comprehend
|j|☆PokeDuels Blue
|t:|1634782965
|gametype|singles
|player|p1|Can't Comprehend|worker|1413
|player|p2|PokeDuels Blue|102|1553
|teamsize|p1|6
|teamsize|p2|6
|gen|8
|tier|[Gen 8] Ubers
|rated|
|rule|Sleep Clause Mod: Limit one foe put to sleep
|rule|Species Clause: Limit one of each Pokémon
|rule|OHKO Clause: OHKO moves are banned
|rule|Evasion Moves Clause: Evasion moves are banned
|rule|Endless Battle Clause: Forcing endless battles is banned
|rule|HP Percentage Mod: HP is shown in percentages
|rule|Dynamax Clause: You cannot dynamax
|clearpoke
|poke|p1|Ditto|
|poke|p1|Eternatus|
|poke|p1|Magearna|
|poke|p1|Landorus-Therian, M|
|poke|p1|Xerneas-*|
|poke|p1|Genesect|
|poke|p2|Blissey, F|
|poke|p2|Tapu Bulu|
|poke|p2|Palkia|
|poke|p2|Zamazenta-*|
|poke|p2|Lunala|
|poke|p2|Yveltal|
|teampreview
|inactive|Battle timer is ON: inactive players will automatically lose when time's up. (requested by Can't Comprehend)
|inactive|PokeDuels Blue has 120 seconds left.
|
|t:|1634783013
|start
|switch|p1a: Magearna|Magearna|100/100
|switch|p2a: Tapu Bulu|Tapu Bulu|100/100
|-fieldstart|move: Grassy Terrain|[from] ability: Grassy Surge|[of] p2a: Tapu Bulu
|turn|1
|
|t:|1634783021
|switch|p2a: Blissey|Blissey, F|100/100
|move|p1a: Magearna|Flash Cannon|p2a: Blissey
|-damage|p2a: Blissey|87/100
|
|-heal|p2a: Blissey|94/100|[from] Grassy Terrain
|upkeep
|turn|2
|
|t:|1634783026
|move|p1a: Magearna|Flash Cannon|p2a: Blissey
|-damage|p2a: Blissey|79/100
|move|p2a: Blissey|Wish|p2a: Blissey
|
|-heal|p2a: Blissey|85/100|[from] Grassy Terrain
|upkeep
|turn|3
|
|t:|1634783032
|move|p1a: Magearna|Flash Cannon|p2a: Blissey
|-damage|p2a: Blissey|72/100
|move|p2a: Blissey|Confide|p1a: Magearna
|-unboost|p1a: Magearna|spa|1
|
|-heal|p2a: Blissey|100/100|[from] move: Wish|[wisher] Blissey
|upkeep
|turn|4
|
|t:|1634783039
|switch|p2a: Zamazenta|Zamazenta-Crowned|100/100
|-ability|p2a: Zamazenta|Dauntless Shield|boost
|-boost|p2a: Zamazenta|def|1
|move|p1a: Magearna|Volt Switch|p2a: Zamazenta
|-damage|p2a: Zamazenta|91/100
|
|t:|1634783050
|switch|p1a: Landorus|Landorus-Therian, M, shiny|100/100|[from]move: Volt Switch
|-ability|p1a: Landorus|Intimidate|boost
|-unboost|p2a: Zamazenta|atk|1
|
|-heal|p2a: Zamazenta|97/100|[from] Grassy Terrain
|upkeep
|turn|5
|
|t:|1634783061
|move|p2a: Zamazenta|Howl|p2a: Zamazenta
|-boost|p2a: Zamazenta|atk|1
|move|p1a: Landorus|Stealth Rock|p2a: Zamazenta
|-sidestart|p2: PokeDuels Blue|move: Stealth Rock
|
|-heal|p2a: Zamazenta|100/100|[from] Grassy Terrain
|-fieldend|move: Grassy Terrain
|upkeep
|turn|6
|
|t:|1634783068
|switch|p2a: Yveltal|Yveltal|100/100
|-ability|p2a: Yveltal|Dark Aura
|move|p1a: Landorus|Earthquake|p2a: Yveltal
|-immune|p2a: Yveltal
|
|upkeep
|turn|7
|
|t:|1634783072
|switch|p1a: Magearna|Magearna|100/100
|move|p2a: Yveltal|Defog|p1a: Magearna
|-unboost|p1a: Magearna|evasion|1
|-sideend|p2: PokeDuels Blue|Stealth Rock|[from] move: Defog|[of] p2a: Yveltal
|
|upkeep
|turn|8
|
|t:|1634783083
|switch|p2a: Zamazenta|Zamazenta-Crowned|100/100
|-ability|p2a: Zamazenta|Dauntless Shield|boost
|-boost|p2a: Zamazenta|def|1
|move|p1a: Magearna|Volt Switch|p2a: Zamazenta
|-damage|p2a: Zamazenta|86/100
|
|t:|1634783091
|switch|p1a: Landorus|Landorus-Therian, M, shiny|100/100|[from]move: Volt Switch
|-ability|p1a: Landorus|Intimidate|boost
|-unboost|p2a: Zamazenta|atk|1
|
|upkeep
|turn|9
|
|t:|1634783099
|switch|p2a: Palkia|Palkia|100/100
|-ability|p2a: Palkia|Pressure
|move|p1a: Landorus|Stealth Rock|p2a: Palkia
|-sidestart|p2: PokeDuels Blue|move: Stealth Rock
|
|upkeep
|turn|10
|
|t:|1634783104
|switch|p1a: Xerneas|Xerneas, shiny|100/100
|-ability|p1a: Xerneas|Fairy Aura
|move|p2a: Palkia|Substitute|p2a: Palkia
|-start|p2a: Palkia|Substitute
|-damage|p2a: Palkia|75/100
|
|-heal|p2a: Palkia|82/100|[from] item: Leftovers
|upkeep
|turn|11
|
|t:|1634783106
|move|p2a: Palkia|Liquidation|p1a: Xerneas
|-damage|p1a: Xerneas|74/100
|move|p1a: Xerneas|Moonblast|p2a: Palkia
|-supereffective|p2a: Palkia
|-end|p2a: Palkia|Substitute
|
|-heal|p2a: Palkia|88/100|[from] item: Leftovers
|upkeep
|turn|12
|
|t:|1634783112
|switch|p2a: Blissey|Blissey, F|100/100
|move|p1a: Xerneas|Moonblast|p2a: Blissey
|-damage|p2a: Blissey|84/100
|
|upkeep
|turn|13
|c|☆Can't Comprehend|wow
|
|t:|1634783126
|switch|p1a: Genesect|Genesect, shiny|100/100
|-ability|p1a: Genesect|Download|boost
|-boost|p1a: Genesect|atk|1
|move|p2a: Blissey|Wish|p2a: Blissey
|
|upkeep
|turn|14
|
|t:|1634783131
|switch|p2a: Zamazenta|Zamazenta-Crowned|86/100
|-damage|p2a: Zamazenta|83/100|[from] Stealth Rock
|-ability|p2a: Zamazenta|Dauntless Shield|boost
|-boost|p2a: Zamazenta|def|1
|move|p1a: Genesect|U-turn|p2a: Zamazenta
|-resisted|p2a: Zamazenta
|-damage|p2a: Zamazenta|74/100
|
|t:|1634783138
|switch|p1a: Landorus|Landorus-Therian, M, shiny|100/100|[from]move: U-turn
|-ability|p1a: Landorus|Intimidate|boost
|-unboost|p2a: Zamazenta|atk|1
|
|-heal|p2a: Zamazenta|100/100|[from] move: Wish|[wisher] Blissey
|upkeep
|turn|15
|
|t:|1634783149
|switch|p2a: Tapu Bulu|Tapu Bulu|100/100
|-fieldstart|move: Grassy Terrain|[from] ability: Grassy Surge|[of] p2a: Tapu Bulu
|switch|p1a: Eternatus|Eternatus|100/100
|-ability|p1a: Eternatus|Pressure
|
|upkeep
|turn|16
|
|t:|1634783154
|switch|p2a: Blissey|Blissey, F|84/100
|move|p1a: Eternatus|Sludge Wave|p2a: Blissey
|-damage|p2a: Blissey|69/100
|
|-heal|p2a: Blissey|75/100|[from] Grassy Terrain
|upkeep
|turn|17
|
|t:|1634783170
|switch|p1a: Genesect|Genesect, shiny|100/100
|-ability|p1a: Genesect|Download|boost
|-boost|p1a: Genesect|atk|1
|move|p2a: Blissey|Wish|p2a: Blissey
|
|-heal|p2a: Blissey|81/100|[from] Grassy Terrain
|upkeep
|turn|18
|
|t:|1634783178
|switch|p2a: Lunala|Lunala|100/100
|move|p1a: Genesect|U-turn|p2a: Lunala
|-damage|p2a: Lunala|67/100
|c|☆Can't Comprehend|hurry up
|
|t:|1634783187
|switch|p1a: Ditto|Ditto|100/100|[from]move: U-turn
|-transform|p1a: Ditto|p2a: Lunala|[from] ability: Imposter
|
|-heal|p2a: Lunala|100/100|[from] move: Wish|[wisher] Blissey
|upkeep
|turn|19
|
|t:|1634783198
|switch|p1a: Xerneas|Xerneas, shiny|74/100
|-ability|p1a: Xerneas|Fairy Aura
|move|p2a: Lunala|Will-O-Wisp|p1a: Xerneas
|-status|p1a: Xerneas|brn
|
|-heal|p1a: Xerneas|80/100 brn|[from] Grassy Terrain
|-damage|p1a: Xerneas|74/100 brn|[from] brn
|-fieldend|move: Grassy Terrain
|upkeep
|turn|20
|
|t:|1634783202
|move|p2a: Lunala|Defog|p1a: Xerneas
|-unboost|p1a: Xerneas|evasion|1
|-sideend|p2: PokeDuels Blue|Stealth Rock|[from] move: Defog|[of] p2a: Lunala
|move|p1a: Xerneas|Moonblast|p2a: Lunala
|-damage|p2a: Lunala|81/100
|
|-damage|p1a: Xerneas|68/100 brn|[from] brn
|upkeep
|turn|21
|
|t:|1634783210
|switch|p2a: Zamazenta|Zamazenta-Crowned|100/100
|-ability|p2a: Zamazenta|Dauntless Shield|boost
|-boost|p2a: Zamazenta|def|1
|move|p1a: Xerneas|Moonblast|p2a: Zamazenta
|-damage|p2a: Zamazenta|70/100
|
|-damage|p1a: Xerneas|62/100 brn|[from] brn
|upkeep
|turn|22
|
|t:|1634783218
|switch|p1a: Landorus|Landorus-Therian, M, shiny|100/100
|-ability|p1a: Landorus|Intimidate|boost
|-unboost|p2a: Zamazenta|atk|1
|move|p2a: Zamazenta|Behemoth Bash|p1a: Landorus
|-damage|p1a: Landorus|80/100
|
|-heal|p1a: Landorus|86/100|[from] item: Leftovers
|upkeep
|turn|23
|
|t:|1634783222
|switch|p2a: Tapu Bulu|Tapu Bulu|100/100
|-fieldstart|move: Grassy Terrain|[from] ability: Grassy Surge|[of] p2a: Tapu Bulu
|move|p1a: Landorus|Stealth Rock|p2a: Tapu Bulu
|-sidestart|p2: PokeDuels Blue|move: Stealth Rock
|
|-heal|p1a: Landorus|92/100|[from] item: Leftovers
|upkeep
|turn|24
|
|t:|1634783233
|switch|p1a: Eternatus|Eternatus|100/100
|-ability|p1a: Eternatus|Pressure
|switch|p2a: Zamazenta|Zamazenta-Crowned|70/100
|-damage|p2a: Zamazenta|67/100|[from] Stealth Rock
|-ability|p2a: Zamazenta|Dauntless Shield|boost
|-boost|p2a: Zamazenta|def|1
|
|-heal|p2a: Zamazenta|73/100|[from] Grassy Terrain
|upkeep
|turn|25
|
|t:|1634783237
|switch|p2a: Blissey|Blissey, F|81/100
|move|p1a: Eternatus|Mystical Fire|p2a: Blissey
|-damage|p2a: Blissey|74/100
|-unboost|p2a: Blissey|spa|1
|
|-heal|p2a: Blissey|80/100|[from] Grassy Terrain
|upkeep
|turn|26
|
|t:|1634783241
|switch|p1a: Genesect|Genesect, shiny|100/100
|-ability|p1a: Genesect|Download|boost
|-boost|p1a: Genesect|atk|1
|move|p2a: Blissey|Wish|p2a: Blissey
|
|-heal|p2a: Blissey|86/100|[from] Grassy Terrain
|upkeep
|turn|27
|
|t:|1634783243
|switch|p2a: Lunala|Lunala|81/100
|move|p1a: Genesect|U-turn|p2a: Lunala
|-damage|p2a: Lunala|12/100
|
|t:|1634783262
|switch|p1a: Xerneas|Xerneas, shiny|62/100 brn|[from]move: U-turn
|-ability|p1a: Xerneas|Fairy Aura
|
|-heal|p2a: Lunala|80/100|[from] move: Wish|[wisher] Blissey
|-heal|p2a: Lunala|86/100|[from] Grassy Terrain
|-heal|p1a: Xerneas|68/100 brn|[from] Grassy Terrain
|-damage|p1a: Xerneas|62/100 brn|[from] brn
|-fieldend|move: Grassy Terrain
|upkeep
|turn|28
|
|t:|1634783266
|move|p2a: Lunala|Defog|p1a: Xerneas
|-unboost|p1a: Xerneas|evasion|1
|-sideend|p2: PokeDuels Blue|Stealth Rock|[from] move: Defog|[of] p2a: Lunala
|move|p1a: Xerneas|Moonblast|p2a: Lunala
|-damage|p2a: Lunala|49/100
|-unboost|p2a: Lunala|spa|1
|
|-damage|p1a: Xerneas|56/100 brn|[from] brn
|upkeep
|turn|29
|
|t:|1634783269
|move|p2a: Lunala|Roost|p2a: Lunala
|-heal|p2a: Lunala|99/100
|-singleturn|p2a: Lunala|move: Roost
|move|p1a: Xerneas|Moonblast|p2a: Lunala
|-damage|p2a: Lunala|62/100
|
|-damage|p1a: Xerneas|50/100 brn|[from] brn
|upkeep
|turn|30
|
|t:|1634783274
|move|p2a: Lunala|Roost|p2a: Lunala
|-heal|p2a: Lunala|100/100
|-singleturn|p2a: Lunala|move: Roost
|move|p1a: Xerneas|Rest|p1a: Xerneas
|-status|p1a: Xerneas|slp|[from] move: Rest
|-heal|p1a: Xerneas|100/100 slp|[silent]
|
|upkeep
|turn|31
|
|t:|1634783281
|switch|p2a: Zamazenta|Zamazenta-Crowned|73/100
|-ability|p2a: Zamazenta|Dauntless Shield|boost
|-boost|p2a: Zamazenta|def|1
|cant|p1a: Xerneas|slp
|move|p1a: Xerneas|Sleep Talk|p1a: Xerneas
|move|p1a: Xerneas|Rest||[from]move: Sleep Talk|[still]
|-fail|p1a: Xerneas
|
|upkeep
|turn|32
|
|t:|1634783288
|switch|p2a: Tapu Bulu|Tapu Bulu|100/100
|-fieldstart|move: Grassy Terrain|[from] ability: Grassy Surge|[of] p2a: Tapu Bulu
|switch|p1a: Landorus|Landorus-Therian, M, shiny|92/100
|-ability|p1a: Landorus|Intimidate|boost
|-unboost|p2a: Tapu Bulu|atk|1
|
|-heal|p1a: Landorus|98/100|[from] item: Leftovers
|upkeep
|turn|33
|
|t:|1634783294
|switch|p1a: Magearna|Magearna|100/100
|switch|p2a: Zamazenta|Zamazenta-Crowned|73/100
|-ability|p2a: Zamazenta|Dauntless Shield|boost
|-boost|p2a: Zamazenta|def|1
|
|-heal|p2a: Zamazenta|79/100|[from] Grassy Terrain
|upkeep
|turn|34
|
|t:|1634783301
|move|p2a: Zamazenta|Howl|p2a: Zamazenta
|-boost|p2a: Zamazenta|atk|1
|move|p1a: Magearna|Dazzling Gleam|p2a: Zamazenta
|-damage|p2a: Zamazenta|53/100
|
|-heal|p2a: Zamazenta|59/100|[from] Grassy Terrain
|upkeep
|turn|35
|
|t:|1634783320
|switch|p1a: Landorus|Landorus-Therian, M, shiny|98/100
|-ability|p1a: Landorus|Intimidate|boost
|-unboost|p2a: Zamazenta|atk|1
|move|p2a: Zamazenta|Howl|p2a: Zamazenta
|-boost|p2a: Zamazenta|atk|1
|
|-heal|p2a: Zamazenta|65/100|[from] Grassy Terrain
|-heal|p1a: Landorus|100/100|[from] item: Leftovers
|upkeep
|turn|36
|
|t:|1634783331
|move|p2a: Zamazenta|Behemoth Bash|p1a: Landorus
|-damage|p1a: Landorus|56/100
|move|p1a: Landorus|Earthquake|p2a: Zamazenta
|-supereffective|p2a: Zamazenta
|-damage|p2a: Zamazenta|43/100
|
|-heal|p2a: Zamazenta|49/100|[from] Grassy Terrain
|-heal|p1a: Landorus|62/100|[from] item: Leftovers
|-fieldend|move: Grassy Terrain
|upkeep
|turn|37
|
|t:|1634783340
|switch|p2a: Tapu Bulu|Tapu Bulu|100/100
|-fieldstart|move: Grassy Terrain|[from] ability: Grassy Surge|[of] p2a: Tapu Bulu
|switch|p1a: Ditto|Ditto|100/100
|-transform|p1a: Ditto|p2a: Tapu Bulu|[from] ability: Imposter
|
|upkeep
|turn|38
|
|t:|1634783350
|switch|p1a: Genesect|Genesect, shiny|100/100
|-ability|p1a: Genesect|Download|boost
|-boost|p1a: Genesect|spa|1
|switch|p2a: Zamazenta|Zamazenta-Crowned|49/100
|-ability|p2a: Zamazenta|Dauntless Shield|boost
|-boost|p2a: Zamazenta|def|1
|
|-heal|p2a: Zamazenta|55/100|[from] Grassy Terrain
|upkeep
|turn|39
|
|t:|1634783358
|switch|p1a: Landorus|Landorus-Therian, M, shiny|62/100
|-ability|p1a: Landorus|Intimidate|boost
|-unboost|p2a: Zamazenta|atk|1
|move|p2a: Zamazenta|Rest|p2a: Zamazenta
|-status|p2a: Zamazenta|slp|[from] move: Rest
|-heal|p2a: Zamazenta|100/100 slp|[silent]
|
|-heal|p1a: Landorus|68/100|[from] item: Leftovers
|upkeep
|turn|40
|
|t:|1634783364
|switch|p2a: Tapu Bulu|Tapu Bulu|100/100
|move|p1a: Landorus|Stealth Rock|p2a: Tapu Bulu
|-sidestart|p2: PokeDuels Blue|move: Stealth Rock
|
|-heal|p1a: Landorus|74/100|[from] item: Leftovers
|upkeep
|turn|41
|
|t:|1634783370
|switch|p1a: Eternatus|Eternatus|100/100
|-ability|p1a: Eternatus|Pressure
|switch|p2a: Zamazenta|Zamazenta-Crowned|100/100 slp
|-damage|p2a: Zamazenta|97/100 slp|[from] Stealth Rock
|-ability|p2a: Zamazenta|Dauntless Shield|boost
|-boost|p2a: Zamazenta|def|1
|
|-heal|p2a: Zamazenta|100/100 slp|[from] Grassy Terrain
|-fieldend|move: Grassy Terrain
|upkeep
|turn|42
|
|t:|1634783373
|switch|p2a: Blissey|Blissey, F|86/100
|move|p1a: Eternatus|Mystical Fire|p2a: Blissey
|-damage|p2a: Blissey|78/100
|-unboost|p2a: Blissey|spa|1
|
|upkeep
|turn|43
|
|t:|1634783378
|switch|p1a: Genesect|Genesect, shiny|100/100
|-ability|p1a: Genesect|Download|boost
|-boost|p1a: Genesect|atk|1
|switch|p2a: Yveltal|Yveltal|100/100
|-ability|p2a: Yveltal|Dark Aura
|
|upkeep
|turn|44
|
|t:|1634783384
|move|p1a: Genesect|U-turn|p2a: Yveltal
|-damage|p2a: Yveltal|31/100
|
|t:|1634783387
|switch|p1a: Magearna|Magearna|100/100|[from]move: U-turn
|move|p2a: Yveltal|Knock Off|p1a: Magearna
|-resisted|p1a: Magearna
|-damage|p1a: Magearna|78/100
|-enditem|p1a: Magearna|Iapapa Berry|[from] move: Knock Off|[of] p2a: Yveltal
|
|upkeep
|turn|45
|
|t:|1634783394
|move|p2a: Yveltal|U-turn|p1a: Magearna
|-resisted|p1a: Magearna
|-damage|p1a: Magearna|74/100
|
|t:|1634783396
|switch|p2a: Blissey|Blissey, F|78/100|[from]move: U-turn
|move|p1a: Magearna|Dazzling Gleam|p2a: Blissey
|-damage|p2a: Blissey|64/100
|
|upkeep
|turn|46
|
|t:|1634783400
|move|p1a: Magearna|Volt Switch|p2a: Blissey
|-damage|p2a: Blissey|56/100
|
|t:|1634783402
|switch|p1a: Genesect|Genesect, shiny|100/100|[from]move: Volt Switch
|-ability|p1a: Genesect|Download|boost
|-boost|p1a: Genesect|atk|1
|move|p2a: Blissey|Wish|p2a: Blissey
|
|upkeep
|turn|47
|
|t:|1634783409
|switch|p2a: Zamazenta|Zamazenta-Crowned|100/100 slp
|-damage|p2a: Zamazenta|97/100 slp|[from] Stealth Rock
|-ability|p2a: Zamazenta|Dauntless Shield|boost
|-boost|p2a: Zamazenta|def|1
|move|p1a: Genesect|U-turn|p2a: Zamazenta
|-resisted|p2a: Zamazenta
|-damage|p2a: Zamazenta|89/100 slp
|
|t:|1634783415
|switch|p1a: Eternatus|Eternatus|100/100|[from]move: U-turn
|-ability|p1a: Eternatus|Pressure
|
|-heal|p2a: Zamazenta|100/100 slp|[from] move: Wish|[wisher] Blissey
|upkeep
|turn|48
|c|☆Can't Comprehend|Worst player i've ever seen
|
|t:|1634783431
|switch|p2a: Blissey|Blissey, F|56/100
|move|p1a: Eternatus|Mystical Fire|p2a: Blissey
|-damage|p2a: Blissey|49/100
|-unboost|p2a: Blissey|spa|1
|
|upkeep
|turn|49
|
|t:|1634783436
|switch|p1a: Genesect|Genesect, shiny|100/100
|-ability|p1a: Genesect|Download|boost
|-boost|p1a: Genesect|atk|1
|move|p2a: Blissey|Soft-Boiled|p2a: Blissey
|-heal|p2a: Blissey|99/100
|
|upkeep
|turn|50
|
|t:|1634783442
|switch|p2a: Zamazenta|Zamazenta-Crowned|100/100 slp
|-damage|p2a: Zamazenta|97/100 slp|[from] Stealth Rock
|-ability|p2a: Zamazenta|Dauntless Shield|boost
|-boost|p2a: Zamazenta|def|1
|move|p1a: Genesect|U-turn|p2a: Zamazenta
|-resisted|p2a: Zamazenta
|-damage|p2a: Zamazenta|88/100 slp
|
|t:|1634783449
|switch|p1a: Landorus|Landorus-Therian, M, shiny|74/100|[from]move: U-turn
|-ability|p1a: Landorus|Intimidate|boost
|-unboost|p2a: Zamazenta|atk|1
|
|-heal|p1a: Landorus|80/100|[from] item: Leftovers
|upkeep
|turn|51
|
|t:|1634783452
|switch|p2a: Tapu Bulu|Tapu Bulu|100/100
|-fieldstart|move: Grassy Terrain|[from] ability: Grassy Surge|[of] p2a: Tapu Bulu
|move|p1a: Landorus|Toxic|p2a: Tapu Bulu
|-status|p2a: Tapu Bulu|tox
|
|-heal|p1a: Landorus|86/100|[from] item: Leftovers
|-damage|p2a: Tapu Bulu|94/100 tox|[from] psn
|upkeep
|turn|52
|
|t:|1634783460
|switch|p1a: Eternatus|Eternatus|100/100
|-ability|p1a: Eternatus|Pressure
|switch|p2a: Zamazenta|Zamazenta-Crowned|88/100 slp
|-damage|p2a: Zamazenta|85/100 slp|[from] Stealth Rock
|-ability|p2a: Zamazenta|Dauntless Shield|boost
|-boost|p2a: Zamazenta|def|1
|
|-heal|p2a: Zamazenta|91/100 slp|[from] Grassy Terrain
|upkeep
|turn|53
|
|t:|1634783466
|switch|p2a: Blissey|Blissey, F|99/100
|move|p1a: Eternatus|Mystical Fire|p2a: Blissey
|-damage|p2a: Blissey|92/100
|-unboost|p2a: Blissey|spa|1
|
|-heal|p2a: Blissey|98/100|[from] Grassy Terrain
|upkeep
|turn|54
|
|t:|1634783472
|switch|p1a: Genesect|Genesect, shiny|100/100
|-ability|p1a: Genesect|Download|boost
|-boost|p1a: Genesect|atk|1
|move|p2a: Blissey|Aromatherapy|p2a: Blissey
|-activate|p2a: Blissey|move: Aromatherapy
|-curestatus|p2: Zamazenta|slp|[msg]
|-curestatus|p2: Tapu Bulu|tox|[msg]
|
|-heal|p2a: Blissey|100/100|[from] Grassy Terrain
|upkeep
|turn|55
|
|t:|1634783475
|switch|p2a: Zamazenta|Zamazenta-Crowned|91/100
|-damage|p2a: Zamazenta|88/100|[from] Stealth Rock
|-ability|p2a: Zamazenta|Dauntless Shield|boost
|-boost|p2a: Zamazenta|def|1
|move|p1a: Genesect|U-turn|p2a: Zamazenta
|-resisted|p2a: Zamazenta
|-damage|p2a: Zamazenta|80/100
|
|t:|1634783483
|switch|p1a: Ditto|Ditto|100/100|[from]move: U-turn
|-transform|p1a: Ditto|p2a: Zamazenta|[from] ability: Imposter
|-ability|p1a: Ditto|Dauntless Shield|boost
|-boost|p1a: Ditto|def|1
|
|-heal|p2a: Zamazenta|86/100|[from] Grassy Terrain
|-fieldend|move: Grassy Terrain
|upkeep
|turn|56
|
|t:|1634783487
|switch|p1a: Genesect|Genesect, shiny|100/100
|-ability|p1a: Genesect|Download|boost
|-boost|p1a: Genesect|spa|1
|move|p2a: Zamazenta|Close Combat|p1a: Genesect
|-damage|p1a: Genesect|41/100
|-unboost|p2a: Zamazenta|def|1
|-unboost|p2a: Zamazenta|spd|1
|
|upkeep
|turn|57
|
|t:|1634783494
|switch|p1a: Landorus|Landorus-Therian, M, shiny|86/100
|-ability|p1a: Landorus|Intimidate|boost
|-unboost|p2a: Zamazenta|atk|1
|move|p2a: Zamazenta|Close Combat|p1a: Landorus
|-resisted|p1a: Landorus
|-crit|p1a: Landorus
|-damage|p1a: Landorus|60/100
|-unboost|p2a: Zamazenta|def|1
|-unboost|p2a: Zamazenta|spd|1
|
|-heal|p1a: Landorus|66/100|[from] item: Leftovers
|upkeep
|turn|58
|
|t:|1634783500
|switch|p2a: Tapu Bulu|Tapu Bulu|94/100
|-fieldstart|move: Grassy Terrain|[from] ability: Grassy Surge|[of] p2a: Tapu Bulu
|move|p1a: Landorus|Earthquake|p2a: Tapu Bulu
|-resisted|p2a: Tapu Bulu
|-damage|p2a: Tapu Bulu|87/100
|
|-heal|p1a: Landorus|72/100|[from] item: Leftovers
|-heal|p2a: Tapu Bulu|93/100|[from] Grassy Terrain
|upkeep
|turn|59
|c|☆Can't Comprehend|Noob
|-message|Can't Comprehend forfeited.
|
|win|PokeDuels Blue
|raw|Can&apos;t Comprehend's rating: 1413 &rarr; <strong>1401</strong><br />(-12 for losing)
|raw|PokeDuels Blue's rating: 1553 &rarr; <strong>1565</strong><br />(+12 for winning)
|l|☆Can't Comprehend
|l|☆PokeDuels Blue
|j|☆Can't Comprehend
|player|p1|Can't Comprehend|worker
