|raw|<div class="broadcast-blue"><strong>This battle is required to be public due to a player having a name starting with 'ULT8RQ'.</div>
|j|☆BIG BAD COVER
|j|‽ult8rq qian
|t:|1621093679
|gametype|singles
|player|p1|BIG BAD COVER|unknownf|1476
|player|p2|ult8rq qian|1|1662
|teamsize|p1|6
|teamsize|p2|6
|gen|8
|tier|[Gen 8] Ubers
|rated|
|rule|Sleep Clause Mod: Limit one foe put to sleep
|rule|Species Clause: Limit one of each Pokémon
|rule|OHKO Clause: OHKO moves are banned
|rule|Evasion Moves Clause: Evasion moves are banned
|rule|Endless Battle Clause: Forcing endless battles is banned
|rule|HP Percentage Mod: HP is shown in percentages
|rule|Dynamax Clause: You cannot dynamax
|clearpoke
|poke|p1|Groudon|
|poke|p1|Zygarde|
|poke|p1|Calyrex-Shadow|
|poke|p1|Necrozma-Dusk-Mane|
|poke|p1|Yveltal|
|poke|p1|Eternatus|
|poke|p2|Slurpuff, F|
|poke|p2|Dialga|
|poke|p2|Yveltal|
|poke|p2|Necrozma-Dusk-Mane|
|poke|p2|Kyogre|
|poke|p2|Zacian-*|
|teampreview
|inactive|Battle timer is ON: inactive players will automatically lose when time's up. (requested by BIG BAD COVER)
|
|t:|1621093694
|start
|switch|p1a: Necrozma|Necrozma-Dusk-Mane|100/100
|switch|p2a: Slurpuff|Slurpuff, F|100/100
|turn|1
|j| ULT8RQ bilelfam3D
|
|t:|1621093707
|move|p2a: Slurpuff|Sticky Web|p1a: Necrozma
|-sidestart|p1: BIG BAD COVER|move: Sticky Web
|move|p1a: Necrozma|Iron Head|p2a: Slurpuff
|-supereffective|p2a: Slurpuff
|-enditem|p2a: Slurpuff|Focus Sash
|-damage|p2a: Slurpuff|1/100
|
|upkeep
|turn|2
|
|t:|1621093715
|move|p2a: Slurpuff|Magic Coat|p2a: Slurpuff
|-singleturn|p2a: Slurpuff|move: Magic Coat
|move|p1a: Necrozma|Iron Head|p2a: Slurpuff
|-supereffective|p2a: Slurpuff
|-damage|p2a: Slurpuff|0 fnt
|faint|p2a: Slurpuff
|
|upkeep
|
|t:|1621093718
|switch|p2a: Kyogre|Kyogre|100/100
|-weather|RainDance|[from] ability: Drizzle|[of] p2a: Kyogre
|turn|3
|
|t:|1621093722
|switch|p1a: Furisode girl|Eternatus|100/100
|-ability|p1a: Furisode girl|Pressure
|move|p2a: Kyogre|Water Spout|p1a: Furisode girl
|-resisted|p1a: Furisode girl
|-damage|p1a: Furisode girl|43/100
|
|-weather|RainDance|[upkeep]
|upkeep
|turn|4
|
|t:|1621093725
|switch|p2a: Dialga|Dialga|100/100
|-ability|p2a: Dialga|Pressure
|move|p1a: Furisode girl|Recover|p1a: Furisode girl
|-heal|p1a: Furisode girl|93/100
|
|-weather|RainDance|[upkeep]
|upkeep
|turn|5
|
|t:|1621093731
|switch|p1a: Groudon|Groudon|100/100
|-activate|p1a: Groudon|move: Sticky Web
|-unboost|p1a: Groudon|spe|1
|-weather|SunnyDay|[from] ability: Drought|[of] p1a: Groudon
|move|p2a: Dialga|Draco Meteor|p1a: Groudon
|-damage|p1a: Groudon|3/100
|-unboost|p2a: Dialga|spa|2
|-damage|p2a: Dialga|91/100|[from] item: Life Orb
|
|-weather|SunnyDay|[upkeep]
|upkeep
|turn|6
|
|t:|1621093740
|switch|p1a: Yveltal|Yveltal|100/100
|-ability|p1a: Yveltal|Dark Aura
|move|p2a: Dialga|Flash Cannon|p1a: Yveltal
|-damage|p1a: Yveltal|80/100
|-damage|p2a: Dialga|81/100|[from] item: Life Orb
|
|-weather|SunnyDay|[upkeep]
|upkeep
|turn|7
|
|t:|1621093753
|switch|p2a: Yveltal|Yveltal|100/100
|-ability|p2a: Yveltal|Dark Aura
|move|p1a: Yveltal|Defog|p2a: Yveltal
|-unboost|p2a: Yveltal|evasion|1
|-sideend|p1: BIG BAD COVER|Sticky Web|[from] move: Defog|[of] p1a: Yveltal
|
|-weather|SunnyDay|[upkeep]
|upkeep
|turn|8
|
|t:|1621093774
|switch|p1a: Groudon|Groudon|3/100
|move|p2a: Yveltal|Dark Pulse|p1a: Groudon
|-damage|p1a: Groudon|0 fnt
|faint|p1a: Groudon
|-damage|p2a: Yveltal|91/100|[from] item: Life Orb
|
|-weather|SunnyDay|[upkeep]
|upkeep
|
|t:|1621093777
|switch|p1a: Furisode girl|Eternatus|93/100
|-ability|p1a: Furisode girl|Pressure
|turn|9
|
|t:|1621093782
|move|p1a: Furisode girl|Toxic|p2a: Yveltal
|-status|p2a: Yveltal|tox
|move|p2a: Yveltal|Dark Pulse|p1a: Furisode girl
|-damage|p1a: Furisode girl|50/100
|-damage|p2a: Yveltal|81/100 tox|[from] item: Life Orb
|
|-weather|none
|-damage|p2a: Yveltal|74/100 tox|[from] psn
|upkeep
|turn|10
|
|t:|1621093786
|switch|p2a: Dialga|Dialga|81/100
|-ability|p2a: Dialga|Pressure
|move|p1a: Furisode girl|Recover|p1a: Furisode girl
|-heal|p1a: Furisode girl|99/100
|
|upkeep
|turn|11
|
|t:|1621093792
|switch|p1a: Necrozma|Necrozma-Dusk-Mane|100/100
|move|p2a: Dialga|Fire Blast|p1a: Necrozma
|-supereffective|p1a: Necrozma
|-damage|p1a: Necrozma|30/100
|-damage|p2a: Dialga|71/100|[from] item: Life Orb
|
|-heal|p1a: Necrozma|36/100|[from] item: Leftovers
|upkeep
|turn|12
|
|t:|1621093806
|switch|p1a: Furisode girl|Eternatus|99/100
|-ability|p1a: Furisode girl|Pressure
|move|p2a: Dialga|Fire Blast|p1a: Furisode girl
|-resisted|p1a: Furisode girl
|-damage|p1a: Furisode girl|83/100
|-damage|p2a: Dialga|61/100|[from] item: Life Orb
|
|upkeep
|turn|13
|
|t:|1621093832
|switch|p1a: Necrozma|Necrozma-Dusk-Mane|36/100
|move|p2a: Dialga|Draco Meteor|p1a: Necrozma
|-resisted|p1a: Necrozma
|-damage|p1a: Necrozma|0 fnt
|-unboost|p2a: Dialga|spa|2
|faint|p1a: Necrozma
|-damage|p2a: Dialga|51/100|[from] item: Life Orb
|
|upkeep
|
|t:|1621093835
|switch|p1a: Calyrex|Calyrex-Shadow|100/100
|-ability|p1a: Calyrex|As One
|-ability|p1a: Calyrex|Unnerve
|turn|14
|
|t:|1621093838
|switch|p2a: Yveltal|Yveltal|74/100 tox
|-ability|p2a: Yveltal|Dark Aura
|move|p1a: Calyrex|Astral Barrage|p2a: Yveltal
|-resisted|p2a: Yveltal
|-damage|p2a: Yveltal|32/100 tox
|
|-damage|p2a: Yveltal|26/100 tox|[from] psn
|upkeep
|turn|15
|
|t:|1621093842
|move|p2a: Yveltal|Sucker Punch||[still]
|-fail|p2a: Yveltal
|move|p1a: Calyrex|Encore|p2a: Yveltal
|-start|p2a: Yveltal|Encore
|
|-damage|p2a: Yveltal|14/100 tox|[from] psn
|upkeep
|turn|16
|
|t:|1621093851
|switch|p2a: Kyogre|Kyogre|100/100
|-weather|RainDance|[from] ability: Drizzle|[of] p2a: Kyogre
|move|p1a: Calyrex|Nasty Plot|p1a: Calyrex
|-boost|p1a: Calyrex|spa|2
|
|-weather|RainDance|[upkeep]
|upkeep
|turn|17
|
|t:|1621093853
|move|p1a: Calyrex|Astral Barrage|p2a: Kyogre
|-damage|p2a: Kyogre|0 fnt
|faint|p2a: Kyogre
|-ability|p1a: Calyrex|Grim Neigh|boost
|-boost|p1a: Calyrex|spa|1
|
|-weather|RainDance|[upkeep]
|upkeep
|
|t:|1621093856
|switch|p2a: Yveltal|Yveltal|14/100 tox
|-ability|p2a: Yveltal|Dark Aura
|turn|18
|
|t:|1621093865
|move|p1a: Calyrex|Astral Barrage|p2a: Yveltal
|-resisted|p2a: Yveltal
|-damage|p2a: Yveltal|0 fnt
|faint|p2a: Yveltal
|-ability|p1a: Calyrex|Grim Neigh|boost
|-boost|p1a: Calyrex|spa|1
|
|-weather|RainDance|[upkeep]
|upkeep
|-message|ult8rq qian forfeited.
|
|win|BIG BAD COVER
|raw|BIG BAD COVER's rating: 1476 &rarr; <strong>1506</strong><br />(+30 for winning)
|raw|ult8rq qian's rating: 1662 &rarr; <strong>1632</strong><br />(-30 for losing)
|l|‽ult8rq qian
|c|☆BIG BAD COVER|minded
