|j|☆O Divin Kami
|j|☆4mi
|t:|1601836992
|player|p1|O Divin Kami|nate|
|player|p2|4mi|evelyn|
|teamsize|p1|6
|teamsize|p2|6
|gametype|singles
|gen|8
|tier|[Gen 8] Ubers
|clearpoke
|poke|p1|Gothitelle, M|
|poke|p1|Excadrill, M|
|poke|p1|Tyranitar, M|
|poke|p1|Necrozma-Dusk-Mane|
|poke|p1|Rotom-Wash|
|poke|p1|Marshadow|
|poke|p2|Tyranitar, F|
|poke|p2|Quagsire, M|
|poke|p2|Excadrill, F|
|poke|p2|Eternatus|
|poke|p2|Dragapult, F|
|poke|p2|Skarmory, F|
|rule|Sleep Clause Mod: Limit one foe put to sleep
|rule|Species Clause: Limit one of each Pokémon
|rule|OHKO Clause: OHKO moves are banned
|rule|Evasion Moves Clause: Evasion moves are banned
|rule|Endless Battle Clause: Forcing endless battles is banned
|rule|HP Percentage Mod: HP is shown in percentages
|html|Ubers Dynamax Clause: Pokémon on the <a href="https://www.smogon.com/dex/ss/formats/uber/">Ubers Dynamax Banlist</a> cannot Dynamax.
|teampreview
|j| BlessyZ
|j| Alternatif
|j| tartopoir
|c|☆O Divin Kami|hf
|j| Serikka 「在下」
|j| ChaFouu
|j| Mindnight
|j| Kabilapok ©
|inactive|Battle timer is ON: inactive players will automatically lose when time's up. (requested by 4mi)
|c| ChaFouu|GOOOOO OG
|j| thomas888 ★
|j| Dapex
|j| Fathiryxi
|j| ironwater
|j| brum brum c brum
|j| laevin ㋛
|j| polo. Cm
|j| Altthiel
|inactive|O Divin Kami has 270 seconds left.
|inactive|4mi has 270 seconds left.
|j| the good kld
|j| Algeria
|j| Mattakata
|inactive|4mi has 240 seconds left.
|l| Mattakata
|j| SOLDY
|l| polo. Cm
|c| brum brum c brum|le grand père de hyssou a été retrouvé shuwri tu peux jouer sereinement
|c| SOLDY|OGigi
|j| polo. Cm
|
|t:|1601837145
|start
|switch|p1a: AI (miyashita)|Rotom-Wash|100/100
|switch|p2a: Eternatus|Eternatus|100/100
|-ability|p2a: Eternatus|Pressure
|turn|1
|j| basaninho
|j| Zephyyyr
|inactive|4mi has 270 seconds left.
|
|t:|1601837164
|switch|p1a: NEO SKY NEO MAP|Tyranitar, M|100/100
|-weather|Sandstorm|[from] ability: Sand Stream|[of] p1a: NEO SKY NEO MAP
|move|p2a: Eternatus|Toxic Spikes|p1a: NEO SKY NEO MAP
|-sidestart|p1: O Divin Kami|move: Toxic Spikes
|
|-weather|Sandstorm|[upkeep]
|-damage|p2a: Eternatus|94/100|[from] Sandstorm
|-heal|p2a: Eternatus|100/100|[from] item: Black Sludge
|upkeep
|turn|2
|inactive|4mi has 270 seconds left.
|j| Pheooo
|
|t:|1601837184
|switch|p2a: Tyranitar|Tyranitar, F|100/100
|move|p1a: NEO SKY NEO MAP|Stealth Rock|p2a: Tyranitar
|-sidestart|p2: 4mi|move: Stealth Rock
|
|-weather|Sandstorm|[upkeep]
|upkeep
|turn|3
|inactive|4mi has 270 seconds left.
|j| Rokhan
|j| Tzop
|
|t:|1601837201
|move|p1a: NEO SKY NEO MAP|Thunder Wave|p2a: Tyranitar
|-status|p2a: Tyranitar|par
|cant|p2a: Tyranitar|par
|
|-weather|Sandstorm|[upkeep]
|upkeep
|turn|4
|j| choptch
|inactive|4mi has 270 seconds left.
|
|t:|1601837214
|move|p1a: NEO SKY NEO MAP|Rock Slide|p2a: Tyranitar
|-damage|p2a: Tyranitar|76/100 par
|cant|p2a: Tyranitar|flinch
|
|-weather|Sandstorm|[upkeep]
|upkeep
|turn|5
|j| Yggdrasil60
|j| Vwpr
|inactive|4mi has 270 seconds left.
|
|t:|1601837223
|move|p1a: NEO SKY NEO MAP|Rock Slide|p2a: Tyranitar
|-damage|p2a: Tyranitar|52/100 par
|move|p2a: Tyranitar|Stealth Rock|p1a: NEO SKY NEO MAP
|-sidestart|p1: O Divin Kami|move: Stealth Rock
|
|-weather|none
|upkeep
|turn|6
|l| Yggdrasil60
|inactive|4mi has 270 seconds left.
|
|t:|1601837247
|switch|p2a: Quagsire|Quagsire, M|100/100
|move|p1a: NEO SKY NEO MAP|Rock Slide|p2a: Quagsire
|-resisted|p2a: Quagsire
|-damage|p2a: Quagsire|89/100
|
|upkeep
|turn|7
|l| Vwpr
|j| chinchiliconcarne
|inactive|4mi has 240 seconds left.
|j| ismakhil*-*
|j| Panur
|
|t:|1601837294
|switch|p2a: Eternatus|Eternatus|100/100
|-damage|p2a: Eternatus|88/100|[from] Stealth Rock
|-ability|p2a: Eternatus|Pressure
|move|p1a: NEO SKY NEO MAP|Thunder Wave|p2a: Eternatus
|-status|p2a: Eternatus|par
|
|-heal|p2a: Eternatus|94/100 par|[from] item: Black Sludge
|upkeep
|turn|8
|l| Rokhan
|inactive|O Divin Kami has 270 seconds left.
|j| Rokhan
|j| Camarade Sages ☭
|
|t:|1601837329
|move|p2a: Eternatus|Dynamax Cannon|p1a: NEO SKY NEO MAP
|-damage|p1a: NEO SKY NEO MAP|71/100
|move|p1a: NEO SKY NEO MAP|Rock Slide|p2a: Eternatus
|-damage|p2a: Eternatus|74/100 par
|
|-heal|p2a: Eternatus|80/100 par|[from] item: Black Sludge
|upkeep
|turn|9
|
|t:|1601837340
|switch|p2a: Quagsire|Quagsire, M|89/100
|move|p1a: NEO SKY NEO MAP|Rock Slide|p2a: Quagsire|[miss]
|-miss|p1a: NEO SKY NEO MAP|p2a: Quagsire
|
|upkeep
|turn|10
|
|t:|1601837352
|switch|p1a: Ayu-pyon pyon|Necrozma-Dusk-Mane|100/100
|-damage|p1a: Ayu-pyon pyon|94/100|[from] Stealth Rock
|move|p2a: Quagsire|Scald|p1a: Ayu-pyon pyon
|-damage|p1a: Ayu-pyon pyon|80/100
|-status|p1a: Ayu-pyon pyon|brn
|-enditem|p1a: Ayu-pyon pyon|Eject Button
|j| Prodige FreeWiFi
|j| Pierrick22
|
|t:|1601837359
|switch|p1a: RINA-CHAN BOARD|Gothitelle, M|100/100
|-status|p1a: RINA-CHAN BOARD|psn
|-damage|p1a: RINA-CHAN BOARD|88/100 psn|[from] Stealth Rock
|
|-damage|p1a: RINA-CHAN BOARD|76/100 psn|[from] psn
|upkeep
|turn|11
|j|+Emeri ✿@!
|j| Vwpr
|l| laevin ㋛
|inactive|4mi has 210 seconds left.
|
|t:|1601837387
|move|p1a: RINA-CHAN BOARD|Energy Ball|p2a: Quagsire
|-supereffective|p2a: Quagsire
|-damage|p2a: Quagsire|0 fnt
|faint|p2a: Quagsire
|
|-damage|p1a: RINA-CHAN BOARD|63/100 psn|[from] psn
|upkeep
|l| Vwpr
|inactive|4mi has 210 seconds left.
|l| Prodige FreeWiFi
|l| Rokhan
|
|t:|1601837414
|switch|p2a: Dragapult|Dragapult, F|100/100
|-damage|p2a: Dragapult|88/100|[from] Stealth Rock
|turn|12
|j| Hyssou
|l| polo. Cm
|j| Rokhan
|inactive|O Divin Kami has 270 seconds left.
|inactive|4mi has 180 seconds left.
|j| Vwpr
|l| ChaFouu
|
|t:|1601837458
|switch|p1a: NEO SKY NEO MAP|Tyranitar, M|71/100
|-weather|Sandstorm|[from] ability: Sand Stream|[of] p1a: NEO SKY NEO MAP
|move|p2a: Dragapult|Dragon Dance|p2a: Dragapult
|-boost|p2a: Dragapult|atk|1
|-boost|p2a: Dragapult|spe|1
|
|-weather|Sandstorm|[upkeep]
|-damage|p2a: Dragapult|82/100|[from] Sandstorm
|upkeep
|turn|13
|j| Prodige FreeWiFi
|l| Hyssou
|inactive|O Divin Kami has 240 seconds left.
|j| Michy47
|inactive|O Divin Kami has 210 seconds left.
|
|t:|1601837506
|move|p2a: Dragapult|Dragon Darts|p1a: NEO SKY NEO MAP
|-damage|p1a: NEO SKY NEO MAP|31/100
|-anim|p2a: Dragapult|Dragon Darts|p1a: NEO SKY NEO MAP
|-damage|p1a: NEO SKY NEO MAP|0 fnt
|-damage|p2a: Dragapult|72/100|[from] item: Life Orb
|faint|p1a: NEO SKY NEO MAP
|
|-weather|Sandstorm|[upkeep]
|-damage|p2a: Dragapult|66/100|[from] Sandstorm
|upkeep
|inactive|O Divin Kami has 210 seconds left.
|
|t:|1601837527
|switch|p1a: LLNIJI PROPAGANDA|Excadrill, M|100/100
|-damage|p1a: LLNIJI PROPAGANDA|97/100|[from] Stealth Rock
|-item|p1a: LLNIJI PROPAGANDA|Air Balloon
|turn|14
|l| the good kld
|j| Gelano
|j| CMDoge
|inactive|4mi has 150 seconds left.
|j| ChaFouu
|inactive|4mi has 120 seconds left.
|j| 9luta
|l| Vwpr
|
|t:|1601837589
|-start|p2a: Dragapult|Dynamax
|-heal|p2a: Dragapult|66/100|[silent]
|move|p1a: LLNIJI PROPAGANDA|Earthquake|p2a: Dragapult
|-damage|p2a: Dragapult|30/100
|move|p2a: Dragapult|Max Phantasm|p1a: LLNIJI PROPAGANDA
|-damage|p1a: LLNIJI PROPAGANDA|0 fnt
|-enditem|p1a: LLNIJI PROPAGANDA|Air Balloon
|-damage|p2a: Dragapult|25/100|[from] item: Life Orb
|faint|p1a: LLNIJI PROPAGANDA
|
|-weather|Sandstorm|[upkeep]
|-damage|p2a: Dragapult|22/100|[from] Sandstorm
|upkeep
|
|t:|1601837599
|switch|p1a: YUU (takasaki)|Marshadow|100/100
|-status|p1a: YUU (takasaki)|psn
|-damage|p1a: YUU (takasaki)|94/100 psn|[from] Stealth Rock
|turn|15
|inactive|4mi has 120 seconds left.
|
|t:|1601837612
|-end|p2a: Dragapult|Dynamax
|-heal|p2a: Dragapult|22/100|[silent]
|switch|p2a: Skarmory|Skarmory, F|100/100
|-damage|p2a: Skarmory|88/100|[from] Stealth Rock
|move|p1a: YUU (takasaki)|Shadow Sneak|p2a: Skarmory
|-damage|p2a: Skarmory|60/100
|-damage|p1a: YUU (takasaki)|78/100 psn|[from] item: Rocky Helmet|[of] p2a: Skarmory
|-damage|p1a: YUU (takasaki)|68/100 psn|[from] item: Life Orb
|
|-weather|Sandstorm|[upkeep]
|-damage|p1a: YUU (takasaki)|62/100 psn|[from] Sandstorm
|-damage|p1a: YUU (takasaki)|49/100 psn|[from] psn
|upkeep
|turn|16
|inactive|O Divin Kami has 210 seconds left.
|inactive|4mi has 120 seconds left.
|j| Vwpr
|
|t:|1601837635
|move|p1a: YUU (takasaki)|Close Combat|p2a: Skarmory
|-damage|p2a: Skarmory|3/100
|-unboost|p1a: YUU (takasaki)|def|1
|-unboost|p1a: YUU (takasaki)|spd|1
|-damage|p1a: YUU (takasaki)|33/100 psn|[from] item: Rocky Helmet|[of] p2a: Skarmory
|-damage|p1a: YUU (takasaki)|23/100 psn|[from] item: Life Orb
|move|p2a: Skarmory|Roost|p2a: Skarmory
|-heal|p2a: Skarmory|53/100
|-singleturn|p2a: Skarmory|move: Roost
|
|-weather|none
|-damage|p1a: YUU (takasaki)|10/100 psn|[from] psn
|upkeep
|turn|17
|j| jaggappex
|l| ChaFouu
|
|t:|1601837661
|move|p1a: YUU (takasaki)|Close Combat|p2a: Skarmory
|-damage|p2a: Skarmory|0 fnt
|-unboost|p1a: YUU (takasaki)|def|1
|-unboost|p1a: YUU (takasaki)|spd|1
|-damage|p1a: YUU (takasaki)|0 fnt|[from] item: Rocky Helmet|[of] p2a: Skarmory
|faint|p2a: Skarmory
|faint|p1a: YUU (takasaki)
|
|upkeep
|j| ChaFouu
|j| Ghostricker♫0197
|
|t:|1601837674
|switch|p1a: AI (miyashita)|Rotom-Wash|100/100
|switch|p2a: Dragapult|Dragapult, F|22/100
|-damage|p2a: Dragapult|9/100|[from] Stealth Rock
|-damage|p1a: AI (miyashita)|88/100|[from] Stealth Rock
|turn|18
|
|t:|1601837683
|switch|p1a: Ayu-pyon pyon|Necrozma-Dusk-Mane|80/100 brn
|-damage|p1a: Ayu-pyon pyon|74/100 brn|[from] Stealth Rock
|move|p2a: Dragapult|Phantom Force||[still]
|-prepare|p2a: Dragapult|Phantom Force
|
|-damage|p1a: Ayu-pyon pyon|68/100 brn|[from] brn
|upkeep
|turn|19
|inactive|O Divin Kami has 210 seconds left.
|l| chinchiliconcarne
|inactive|O Divin Kami has 180 seconds left.
|
|t:|1601837718
|move|p2a: Dragapult|Phantom Force|p1a: Ayu-pyon pyon|[from]lockedmove
|-supereffective|p1a: Ayu-pyon pyon
|-damage|p1a: Ayu-pyon pyon|14/100 brn
|-damage|p2a: Dragapult|0 fnt|[from] item: Life Orb
|faint|p2a: Dragapult
|move|p1a: Ayu-pyon pyon|Morning Sun|p1a: Ayu-pyon pyon
|-heal|p1a: Ayu-pyon pyon|64/100 brn
|
|-damage|p1a: Ayu-pyon pyon|58/100 brn|[from] brn
|upkeep
|inactive|4mi has 90 seconds left.
|j|+Unamed
|
|t:|1601837745
|switch|p2a: Excadrill|Excadrill, F|100/100
|-damage|p2a: Excadrill|97/100|[from] Stealth Rock
|turn|20
|l| Altthiel
|inactive|4mi has 90 seconds left.
|
|t:|1601837752
|switch|p1a: AI (miyashita)|Rotom-Wash|88/100
|-damage|p1a: AI (miyashita)|75/100|[from] Stealth Rock
|move|p2a: Excadrill|Earthquake|p1a: AI (miyashita)
|-immune|p1a: AI (miyashita)|[from] ability: Levitate
|
|-heal|p1a: AI (miyashita)|82/100|[from] item: Leftovers
|upkeep
|turn|21
|j| Altthiel
|
|t:|1601837759
|move|p2a: Excadrill|Rock Slide|p1a: AI (miyashita)
|-damage|p1a: AI (miyashita)|53/100
|-damage|p2a: Excadrill|87/100|[from] item: Life Orb
|move|p1a: AI (miyashita)|Volt Switch|p2a: Excadrill
|-immune|p2a: Excadrill
|
|-heal|p1a: AI (miyashita)|59/100|[from] item: Leftovers
|upkeep
|turn|22
|l| ChaFouu
|j| Hyssou
|inactive|4mi has 90 seconds left.
|l| Rokhan
|j| ChaFouu
|j|&Teclis
|l| Hyssou
|j| palapapop
|n| Teclis|teclis
|
|t:|1601837801
|move|p2a: Excadrill|Rock Slide|p1a: AI (miyashita)
|-damage|p1a: AI (miyashita)|30/100
|-damage|p2a: Excadrill|78/100|[from] item: Life Orb
|move|p1a: AI (miyashita)|Hydro Pump|p2a: Excadrill
|-supereffective|p2a: Excadrill
|-damage|p2a: Excadrill|0 fnt
|faint|p2a: Excadrill
|
|-heal|p1a: AI (miyashita)|36/100|[from] item: Leftovers
|upkeep
|
|t:|1601837810
|switch|p2a: Eternatus|Eternatus|80/100 par
|-damage|p2a: Eternatus|67/100 par|[from] Stealth Rock
|-ability|p2a: Eternatus|Pressure
|turn|23
|j|+Union Caboche
|
|t:|1601837820
|move|p1a: AI (miyashita)|Pain Split|p2a: Eternatus
|-sethp|p2a: Eternatus|45/100 par|[from] move: Pain Split|[silent]
|-sethp|p1a: AI (miyashita)|71/100|[from] move: Pain Split
|move|p2a: Eternatus|Recover|p2a: Eternatus
|-heal|p2a: Eternatus|95/100 par
|
|-heal|p1a: AI (miyashita)|77/100|[from] item: Leftovers
|-heal|p2a: Eternatus|100/100 par|[from] item: Black Sludge
|upkeep
|turn|24
|j| Intrepide
|j| Rokhan
|inactive|O Divin Kami has 210 seconds left.
|inactive|4mi has 60 seconds left.
|j| LaBalladeDesCieux
|
|t:|1601837845
|move|p1a: AI (miyashita)|Pain Split|p2a: Eternatus
|-sethp|p2a: Eternatus|75/100 par|[from] move: Pain Split|[silent]
|-sethp|p1a: AI (miyashita)|100/100|[from] move: Pain Split
|move|p2a: Eternatus|Dynamax Cannon|p1a: AI (miyashita)
|-damage|p1a: AI (miyashita)|54/100
|
|-heal|p1a: AI (miyashita)|60/100|[from] item: Leftovers
|-heal|p2a: Eternatus|81/100 par|[from] item: Black Sludge
|upkeep
|turn|25
|inactive|4mi has 60 seconds left.
|l| ChaFouu
|
|t:|1601837864
|move|p1a: AI (miyashita)|Pain Split|p2a: Eternatus
|-sethp|p2a: Eternatus|60/100 par|[from] move: Pain Split|[silent]
|-sethp|p1a: AI (miyashita)|94/100|[from] move: Pain Split
|cant|p2a: Eternatus|par
|
|-heal|p1a: AI (miyashita)|99/100|[from] item: Leftovers
|-heal|p2a: Eternatus|66/100 par|[from] item: Black Sludge
|upkeep
|turn|26
|j| ChaFouu
|
|t:|1601837878
|move|p1a: AI (miyashita)|Thunder Wave|p2a: Eternatus
|-fail|p2a: Eternatus|par
|move|p2a: Eternatus|Dynamax Cannon|p1a: AI (miyashita)
|-damage|p1a: AI (miyashita)|52/100
|
|-heal|p1a: AI (miyashita)|58/100|[from] item: Leftovers
|-heal|p2a: Eternatus|72/100 par|[from] item: Black Sludge
|upkeep
|turn|27
|inactive|4mi has 60 seconds left.
|
|t:|1601837888
|move|p1a: AI (miyashita)|Hydro Pump|p2a: Eternatus
|-resisted|p2a: Eternatus
|-damage|p2a: Eternatus|57/100 par
|move|p2a: Eternatus|Recover|p2a: Eternatus
|-heal|p2a: Eternatus|100/100 par
|
|-heal|p1a: AI (miyashita)|64/100|[from] item: Leftovers
|upkeep
|turn|28
|
|t:|1601837892
|move|p1a: AI (miyashita)|Pain Split|p2a: Eternatus
|-sethp|p2a: Eternatus|71/100 par|[from] move: Pain Split|[silent]
|-sethp|p1a: AI (miyashita)|100/100|[from] move: Pain Split
|move|p2a: Eternatus|Flamethrower|p1a: AI (miyashita)
|-resisted|p1a: AI (miyashita)
|-damage|p1a: AI (miyashita)|85/100
|
|-heal|p1a: AI (miyashita)|92/100|[from] item: Leftovers
|-heal|p2a: Eternatus|77/100 par|[from] item: Black Sludge
|upkeep
|turn|29
|j| defense core
|j| HGgamer
|l| ChaFouu
|j| ChaFouu
|inactive|O Divin Kami has 210 seconds left.
|
|t:|1601837935
|move|p1a: AI (miyashita)|Thunder Wave|p2a: Eternatus
|-fail|p2a: Eternatus|par
|move|p2a: Eternatus|Dynamax Cannon|p1a: AI (miyashita)
|-damage|p1a: AI (miyashita)|42/100
|
|-heal|p1a: AI (miyashita)|48/100|[from] item: Leftovers
|-heal|p2a: Eternatus|83/100 par|[from] item: Black Sludge
|upkeep
|turn|30
|j| laevin ㋛
|
|t:|1601837947
|move|p1a: AI (miyashita)|Pain Split|p2a: Eternatus
|-sethp|p2a: Eternatus|57/100 par|[from] move: Pain Split|[silent]
|-sethp|p1a: AI (miyashita)|90/100|[from] move: Pain Split
|move|p2a: Eternatus|Flamethrower|p1a: AI (miyashita)
|-resisted|p1a: AI (miyashita)
|-damage|p1a: AI (miyashita)|75/100
|
|-heal|p1a: AI (miyashita)|81/100|[from] item: Leftovers
|-heal|p2a: Eternatus|63/100 par|[from] item: Black Sludge
|upkeep
|turn|31
|j| Dragonillis
|l| Vwpr
|
|t:|1601837956
|move|p1a: AI (miyashita)|Volt Switch|p2a: Eternatus
|-resisted|p2a: Eternatus
|-damage|p2a: Eternatus|54/100 par
|
|t:|1601837958
|switch|p1a: Ayu-pyon pyon|Necrozma-Dusk-Mane|58/100 brn|[from]move: Volt Switch
|-damage|p1a: Ayu-pyon pyon|52/100 brn|[from] Stealth Rock
|cant|p2a: Eternatus|par
|
|-heal|p2a: Eternatus|60/100 par|[from] item: Black Sludge
|-damage|p1a: Ayu-pyon pyon|46/100 brn|[from] brn
|upkeep
|turn|32
|l| defense core
|
|t:|1601837967
|move|p1a: Ayu-pyon pyon|Knock Off|p2a: Eternatus
|-damage|p2a: Eternatus|51/100 par
|-enditem|p2a: Eternatus|Black Sludge|[from] move: Knock Off|[of] p1a: Ayu-pyon pyon
|move|p2a: Eternatus|Recover|p2a: Eternatus
|-heal|p2a: Eternatus|100/100 par
|
|-damage|p1a: Ayu-pyon pyon|40/100 brn|[from] brn
|upkeep
|turn|33
|inactive|4mi has 90 seconds left.
|j| Hyssou
|j| Vwpr
|
|t:|1601837978
|switch|p2a: Tyranitar|Tyranitar, F|52/100 par
|-damage|p2a: Tyranitar|39/100 par|[from] Stealth Rock
|-weather|Sandstorm|[from] ability: Sand Stream|[of] p2a: Tyranitar
|move|p1a: Ayu-pyon pyon|Morning Sun|p1a: Ayu-pyon pyon
|-heal|p1a: Ayu-pyon pyon|65/100 brn
|
|-weather|Sandstorm|[upkeep]
|-damage|p1a: Ayu-pyon pyon|59/100 brn|[from] brn
|upkeep
|turn|34
|j| Skilpad
|l| Rokhan
|l| Hyssou
|j| Hero Masakado
|l| ismakhil*-*
|
|t:|1601837985
|move|p1a: Ayu-pyon pyon|Sunsteel Strike|p2a: Tyranitar
|-supereffective|p2a: Tyranitar
|-damage|p2a: Tyranitar|3/100 par
|move|p2a: Tyranitar|Rest|p2a: Tyranitar
|-status|p2a: Tyranitar|slp|[from] move: Rest
|-heal|p2a: Tyranitar|100/100 slp|[silent]
|
|-weather|Sandstorm|[upkeep]
|-damage|p1a: Ayu-pyon pyon|53/100 brn|[from] brn
|upkeep
|turn|35
|inactive|O Divin Kami has 240 seconds left.
|j| Xizaaa
|l| ChaFouu
|
|t:|1601837998
|move|p1a: Ayu-pyon pyon|Knock Off|p2a: Tyranitar
|-resisted|p2a: Tyranitar
|-damage|p2a: Tyranitar|94/100 slp
|-enditem|p2a: Tyranitar|Smooth Rock|[from] move: Knock Off|[of] p1a: Ayu-pyon pyon
|cant|p2a: Tyranitar|slp
|
|-weather|Sandstorm|[upkeep]
|-damage|p1a: Ayu-pyon pyon|46/100 brn|[from] brn
|upkeep
|turn|36
|
|t:|1601838007
|move|p1a: Ayu-pyon pyon|Sunsteel Strike|p2a: Tyranitar
|-supereffective|p2a: Tyranitar
|-damage|p2a: Tyranitar|57/100 slp
|cant|p2a: Tyranitar|slp
|
|-weather|Sandstorm|[upkeep]
|-damage|p1a: Ayu-pyon pyon|40/100 brn|[from] brn
|upkeep
|turn|37
|j| ismakhil*-*
|j| PokemonCestDur
|
|t:|1601838018
|switch|p1a: AI (miyashita)|Rotom-Wash|81/100
|-damage|p1a: AI (miyashita)|69/100|[from] Stealth Rock
|-curestatus|p2a: Tyranitar|slp|[msg]
|move|p2a: Tyranitar|Rest|p2a: Tyranitar
|-status|p2a: Tyranitar|slp|[from] move: Rest
|-heal|p2a: Tyranitar|100/100 slp|[silent]
|
|-weather|Sandstorm|[upkeep]
|-damage|p1a: AI (miyashita)|62/100|[from] Sandstorm
|-heal|p1a: AI (miyashita)|69/100|[from] item: Leftovers
|upkeep
|turn|38
|j| Hyssou
|n| not ironwater|ironwater
|l| Hyssou
|
|t:|1601838028
|move|p1a: AI (miyashita)|Hydro Pump|p2a: Tyranitar
|-supereffective|p2a: Tyranitar
|-damage|p2a: Tyranitar|68/100 slp
|cant|p2a: Tyranitar|slp
|
|-weather|Sandstorm|[upkeep]
|-damage|p1a: AI (miyashita)|62/100|[from] Sandstorm
|-heal|p1a: AI (miyashita)|69/100|[from] item: Leftovers
|upkeep
|turn|39
|
|t:|1601838032
|switch|p2a: Eternatus|Eternatus|100/100 par
|-damage|p2a: Eternatus|88/100 par|[from] Stealth Rock
|-ability|p2a: Eternatus|Pressure
|move|p1a: AI (miyashita)|Hydro Pump|p2a: Eternatus
|-resisted|p2a: Eternatus
|-damage|p2a: Eternatus|73/100 par
|
|-weather|Sandstorm|[upkeep]
|-damage|p1a: AI (miyashita)|62/100|[from] Sandstorm
|-damage|p2a: Eternatus|67/100 par|[from] Sandstorm
|-heal|p1a: AI (miyashita)|69/100|[from] item: Leftovers
|upkeep
|turn|40
|j| Toadow
|inactive|4mi has 120 seconds left.
|
|t:|1601838051
|move|p1a: AI (miyashita)|Volt Switch|p2a: Eternatus
|-resisted|p2a: Eternatus
|-damage|p2a: Eternatus|57/100 par
|
|t:|1601838054
|switch|p1a: Ayu-pyon pyon|Necrozma-Dusk-Mane|40/100 brn|[from]move: Volt Switch
|-damage|p1a: Ayu-pyon pyon|34/100 brn|[from] Stealth Rock
|cant|p2a: Eternatus|par
|
|-weather|none
|-damage|p1a: Ayu-pyon pyon|28/100 brn|[from] brn
|upkeep
|turn|41
|
|t:|1601838062
|move|p1a: Ayu-pyon pyon|Sunsteel Strike|p2a: Eternatus
|-damage|p2a: Eternatus|42/100 par
|move|p2a: Eternatus|Recover|p2a: Eternatus
|-heal|p2a: Eternatus|92/100 par
|
|-damage|p1a: Ayu-pyon pyon|22/100 brn|[from] brn
|upkeep
|turn|42
|inactive|4mi has 120 seconds left.
|
|t:|1601838078
|move|p1a: Ayu-pyon pyon|Sunsteel Strike|p2a: Eternatus
|-damage|p2a: Eternatus|78/100 par
|move|p2a: Eternatus|Recover|p2a: Eternatus
|-heal|p2a: Eternatus|100/100 par
|
|-damage|p1a: Ayu-pyon pyon|16/100 brn|[from] brn
|upkeep
|turn|43
|
|t:|1601838083
|switch|p2a: Tyranitar|Tyranitar, F|68/100 slp
|-damage|p2a: Tyranitar|55/100 slp|[from] Stealth Rock
|-weather|Sandstorm|[from] ability: Sand Stream|[of] p2a: Tyranitar
|move|p1a: Ayu-pyon pyon|Morning Sun|p1a: Ayu-pyon pyon
|-heal|p1a: Ayu-pyon pyon|41/100 brn
|
|-weather|Sandstorm|[upkeep]
|-damage|p1a: Ayu-pyon pyon|35/100 brn|[from] brn
|upkeep
|turn|44
|l| Vwpr
|
|t:|1601838095
|switch|p1a: RINA-CHAN BOARD|Gothitelle, M|63/100 psn
|-damage|p1a: RINA-CHAN BOARD|51/100 psn|[from] Stealth Rock
|cant|p2a: Tyranitar|slp
|
|-weather|Sandstorm|[upkeep]
|-damage|p1a: RINA-CHAN BOARD|45/100 psn|[from] Sandstorm
|-damage|p1a: RINA-CHAN BOARD|32/100 psn|[from] psn
|upkeep
|turn|45
|j| NajouTTT
|l| Hero Masakado
|j| Vwpr
|j| ChaFouu
|
|t:|1601838109
|switch|p1a: AI (miyashita)|Rotom-Wash|69/100
|-damage|p1a: AI (miyashita)|56/100|[from] Stealth Rock
|-curestatus|p2a: Tyranitar|slp|[msg]
|move|p2a: Tyranitar|Crunch|p1a: AI (miyashita)
|-damage|p1a: AI (miyashita)|28/100
|-unboost|p1a: AI (miyashita)|def|1
|
|-weather|Sandstorm|[upkeep]
|-damage|p1a: AI (miyashita)|22/100|[from] Sandstorm
|-heal|p1a: AI (miyashita)|28/100|[from] item: Leftovers
|upkeep
|turn|46
|l| Vwpr
|inactive|O Divin Kami has 270 seconds left.
|inactive|4mi has 120 seconds left.
|l| NajouTTT
|j| defense core
|
|t:|1601838159
|switch|p2a: Eternatus|Eternatus|100/100 par
|-damage|p2a: Eternatus|88/100 par|[from] Stealth Rock
|-ability|p2a: Eternatus|Pressure
|move|p1a: AI (miyashita)|Volt Switch|p2a: Eternatus
|-resisted|p2a: Eternatus
|-damage|p2a: Eternatus|78/100 par
|l| Panur
|
|t:|1601838161
|switch|p1a: RINA-CHAN BOARD|Gothitelle, M|32/100 psn|[from]move: Volt Switch
|-damage|p1a: RINA-CHAN BOARD|20/100 psn|[from] Stealth Rock
|
|-weather|Sandstorm|[upkeep]
|-damage|p1a: RINA-CHAN BOARD|14/100 psn|[from] Sandstorm
|-damage|p2a: Eternatus|72/100 par|[from] Sandstorm
|-damage|p1a: RINA-CHAN BOARD|1/100 psn|[from] psn
|upkeep
|turn|47
|j| Hyssou
|c|☆4mi|mdr gg
|j| Jojos \′(><)‵/@!
|
|t:|1601838182
|move|p1a: RINA-CHAN BOARD|Psychic|p2a: Eternatus
|-supereffective|p2a: Eternatus
|-damage|p2a: Eternatus|0 fnt
|faint|p2a: Eternatus
|
|-weather|none
|-damage|p1a: RINA-CHAN BOARD|0 fnt|[from] psn
|faint|p1a: RINA-CHAN BOARD
|upkeep
|l| Hyssou
|j| Bekaray ❀
|j| congelateur-sama
|l| congelateur-sama
|l| ChaFouu
|
|t:|1601838190
|switch|p2a: Tyranitar|Tyranitar, F|55/100
|switch|p1a: Ayu-pyon pyon|Necrozma-Dusk-Mane|35/100 brn
|-damage|p1a: Ayu-pyon pyon|29/100 brn|[from] Stealth Rock
|-damage|p2a: Tyranitar|43/100|[from] Stealth Rock
|-weather|Sandstorm|[from] ability: Sand Stream|[of] p2a: Tyranitar
|turn|48
|j| Rokhan
|j| ChaFouu
|l| Xizaaa
|inactive|4mi has 90 seconds left.
|
|t:|1601838223
|move|p1a: Ayu-pyon pyon|Sunsteel Strike|p2a: Tyranitar
|-supereffective|p2a: Tyranitar
|-damage|p2a: Tyranitar|0 fnt
|faint|p2a: Tyranitar
|
|win|O Divin Kami
|c|☆O Divin Kami|gg
|l| defense core
|l| brum brum c brum
|l| basaninho
|l| Ghostricker♫0197
|l| ismakhil*-*
|l| Michy47
|l| Prodige FreeWiFi
|l| not ironwater
|l|☆4mi
|l| ChaFouu
|l| Dapex
|l|+Unamed
|l| Gelano
