|j|☆Felix67es9
|j|☆Bladefade
|t:|1667175079
|gametype|singles
|player|p1|Felix67es9|hilbert-wonderlauncher|1078
|player|p2|Bladefade|red|1169
|teamsize|p1|6
|teamsize|p2|6
|gen|8
|tier|[Gen 8] Ubers
|rated|
|rule|Sleep Clause Mod: Limit one foe put to sleep
|rule|Species Clause: Limit one of each Pokémon
|rule|OHKO Clause: OHKO moves are banned
|rule|Evasion Items Clause: Evasion items are banned
|rule|Evasion Moves Clause: Evasion moves are banned
|rule|Endless Battle Clause: Forcing endless battles is banned
|rule|HP Percentage Mod: HP is shown in percentages
|rule|Dynamax Clause: You cannot dynamax
|clearpoke
|poke|p1|Zapdos|
|poke|p1|Kyogre|
|poke|p1|Groudon|
|poke|p1|Tapu Koko|
|poke|p1|Xerneas-*|
|poke|p1|Necrozma-Dusk-Mane|
|poke|p2|Calyrex-Shadow|
|poke|p2|Necrozma-Dusk-Mane|
|poke|p2|Xerneas-*|
|poke|p2|Yveltal|
|poke|p2|Ho-Oh|
|poke|p2|Zygarde|
|teampreview
|inactive|Battle timer is ON: inactive players will automatically lose when time's up. (requested by Bladefade)
|
|t:|1667175088
|start
|switch|p1a: Tapu Koko|Tapu Koko, shiny|100/100
|switch|p2a: Calyrex|Calyrex-Shadow|100/100
|-ability|p2a: Calyrex|As One
|-ability|p2a: Calyrex|Unnerve
|-fieldstart|move: Electric Terrain|[from] ability: Electric Surge|[of] p1a: Tapu Koko
|turn|1
|
|t:|1667175097
|move|p2a: Calyrex|Astral Barrage|p1a: Tapu Koko
|-damage|p1a: Tapu Koko|0 fnt
|faint|p1a: Tapu Koko
|-ability|p2a: Calyrex|Grim Neigh|boost
|-boost|p2a: Calyrex|spa|1
|
|upkeep
|
|t:|1667175103
|switch|p1a: Zapdos|Zapdos, shiny|100/100
|turn|2
|
|t:|1667175104
|move|p2a: Calyrex|Astral Barrage|p1a: Zapdos
|-damage|p1a: Zapdos|0 fnt
|faint|p1a: Zapdos
|-ability|p2a: Calyrex|Grim Neigh|boost
|-boost|p2a: Calyrex|spa|1
|
|upkeep
|
|t:|1667175112
|switch|p1a: Kyogre|Kyogre|100/100
|-weather|RainDance|[from] ability: Drizzle|[of] p1a: Kyogre
|turn|3
|
|t:|1667175114
|move|p2a: Calyrex|Astral Barrage|p1a: Kyogre
|-damage|p1a: Kyogre|0 fnt
|faint|p1a: Kyogre
|-ability|p2a: Calyrex|Grim Neigh|boost
|-boost|p2a: Calyrex|spa|1
|
|-weather|RainDance|[upkeep]
|upkeep
|
|t:|1667175118
|switch|p1a: Xerneas|Xerneas|100/100
|-ability|p1a: Xerneas|Fairy Aura
|turn|4
|
|t:|1667175119
|move|p2a: Calyrex|Astral Barrage|p1a: Xerneas
|-damage|p1a: Xerneas|0 fnt
|faint|p1a: Xerneas
|-ability|p2a: Calyrex|Grim Neigh|boost
|-boost|p2a: Calyrex|spa|1
|
|-weather|RainDance|[upkeep]
|upkeep
|
|t:|1667175124
|switch|p1a: Necrozma|Necrozma-Dusk-Mane, shiny|100/100
|turn|5
|
|t:|1667175126
|move|p2a: Calyrex|Astral Barrage|p1a: Necrozma
|-supereffective|p1a: Necrozma
|-damage|p1a: Necrozma|0 fnt
|faint|p1a: Necrozma
|-ability|p2a: Calyrex|Grim Neigh|boost
|-boost|p2a: Calyrex|spa|1
|
|-weather|RainDance|[upkeep]
|-fieldend|move: Electric Terrain
|upkeep
|
|t:|1667175130
|switch|p1a: Groudon|Groudon|100/100
|-weather|SunnyDay|[from] ability: Drought|[of] p1a: Groudon
|turn|6
|
|t:|1667175132
|move|p2a: Calyrex|Astral Barrage|p1a: Groudon
|-damage|p1a: Groudon|0 fnt
|faint|p1a: Groudon
|
|win|Bladefade
|raw|Felix67es9's rating: 1078 &rarr; <strong>1062</strong><br />(-16 for losing)
|raw|Bladefade's rating: 1169 &rarr; <strong>1188</strong><br />(+19 for winning)
|l|☆Felix67es9
