|j|☆Magikarp4000
|j|☆Gardino
|t:|1604303816
|player|p1|Magikarp4000|steven|
|player|p2|Gardino|ash-sinnoh|
|teamsize|p1|6
|teamsize|p2|6
|gametype|singles
|gen|8
|tier|[Gen 8] Ubers
|rated|Tournament battle
|clearpoke
|poke|p1|Calyrex-Shadow|
|poke|p1|Kyogre|
|poke|p1|Zacian-Crowned|
|poke|p1|Yveltal|
|poke|p1|Necrozma-Dusk-Mane|
|poke|p1|Marshadow|
|poke|p2|Regidrago|
|poke|p2|Calyrex-Shadow|
|poke|p2|Regieleki|
|poke|p2|Zacian-Crowned|
|poke|p2|Eternatus|
|poke|p2|Zamazenta-Crowned|
|rule|Sleep Clause Mod: Limit one foe put to sleep
|rule|Species Clause: Limit one of each Pokémon
|rule|OHKO Clause: OHKO moves are banned
|rule|Evasion Moves Clause: Evasion moves are banned
|rule|Endless Battle Clause: Forcing endless battles is banned
|rule|HP Percentage Mod: HP is shown in percentages
|teampreview
|inactive|Battle timer is ON: inactive players will automatically lose when time's up. (requested by Gardino)
|c|☆Magikarp4000|glhf
|c|☆Gardino|glhf
|
|t:|1604303845
|start
|switch|p1a: Necrozma|Necrozma-Dusk-Mane|100/100
|switch|p2a: Eternatus|Eternatus|100/100
|-ability|p2a: Eternatus|Pressure
|turn|1
|inactive|Gardino has 120 seconds left.
|
|t:|1604303882
|move|p2a: Eternatus|Sludge Wave|p1a: Necrozma
|-immune|p1a: Necrozma
|move|p1a: Necrozma|Thunder Wave|p2a: Eternatus
|-status|p2a: Eternatus|par
|
|upkeep
|turn|2
|inactive|Gardino has 120 seconds left.
|
|t:|1604303890
|cant|p2a: Eternatus|par
|move|p1a: Necrozma|Earthquake|p2a: Eternatus
|-supereffective|p2a: Eternatus
|-damage|p2a: Eternatus|47/100 par
|
|upkeep
|turn|3
|inactive|Gardino has 120 seconds left.
|
|t:|1604303904
|switch|p2a: Calyrex|Calyrex-Shadow|100/100
|-ability|p2a: Calyrex|As One
|-ability|p2a: Calyrex|Unnerve|p1: Magikarp4000
|move|p1a: Necrozma|Stealth Rock|p2a: Calyrex
|-sidestart|p2: Gardino|move: Stealth Rock
|
|upkeep
|turn|4
|
|t:|1604303910
|switch|p1a: Yveltal|Yveltal|100/100
|-ability|p1a: Yveltal|Dark Aura
|move|p2a: Calyrex|Phantom Force||[still]
|-prepare|p2a: Calyrex|Phantom Force
|
|upkeep
|turn|5
|
|t:|1604303919
|move|p1a: Yveltal|Dark Pulse|p2a: Calyrex|[miss]
|-miss|p1a: Yveltal|p2a: Calyrex
|move|p2a: Calyrex|Phantom Force|p1a: Yveltal|[from]lockedmove
|-resisted|p1a: Yveltal
|-crit|p1a: Yveltal
|-damage|p1a: Yveltal|79/100
|
|upkeep
|turn|6
|
|t:|1604303931
|switch|p2a: Zacian|Zacian-Crowned|100/100
|-damage|p2a: Zacian|94/100|[from] Stealth Rock
|-ability|p2a: Zacian|Intrepid Sword|boost
|-boost|p2a: Zacian|atk|1
|move|p1a: Yveltal|Sucker Punch||[still]
|-fail|p1a: Yveltal
|
|upkeep
|turn|7
|
|t:|1604303939
|switch|p1a: Necrozma|Necrozma-Dusk-Mane|100/100
|move|p2a: Zacian|Moonblast|p1a: Necrozma
|-resisted|p1a: Necrozma
|-damage|p1a: Necrozma|90/100
|
|-heal|p1a: Necrozma|96/100|[from] item: Leftovers
|upkeep
|turn|8
|
|t:|1604303947
|move|p2a: Zacian|Dig||[still]
|-prepare|p2a: Zacian|Dig
|move|p1a: Necrozma|Thunder Wave|p2a: Zacian|[miss]
|-miss|p1a: Necrozma|p2a: Zacian
|
|-heal|p1a: Necrozma|100/100|[from] item: Leftovers
|upkeep
|turn|9
|c|☆Magikarp4000|whaa
|c|☆Magikarp4000|2 turn moves :D
|
|t:|1604303967
|move|p2a: Zacian|Dig|p1a: Necrozma|[from]lockedmove
|-supereffective|p1a: Necrozma
|-damage|p1a: Necrozma|60/100
|move|p1a: Necrozma|Thunder Wave|p2a: Zacian|[miss]
|-miss|p1a: Necrozma|p2a: Zacian
|
|-heal|p1a: Necrozma|66/100|[from] item: Leftovers
|upkeep
|turn|10
|
|t:|1604303973
|move|p2a: Zacian|Dig||[still]
|-prepare|p2a: Zacian|Dig
|move|p1a: Necrozma|Morning Sun|p1a: Necrozma
|-heal|p1a: Necrozma|100/100
|
|upkeep
|turn|11
|
|t:|1604303981
|move|p2a: Zacian|Dig|p1a: Necrozma|[from]lockedmove
|-supereffective|p1a: Necrozma
|-damage|p1a: Necrozma|62/100
|move|p1a: Necrozma|Thunder Wave|p2a: Zacian|[miss]
|-miss|p1a: Necrozma|p2a: Zacian
|
|-heal|p1a: Necrozma|68/100|[from] item: Leftovers
|upkeep
|turn|12
|c|☆Magikarp4000|wat
|
|t:|1604303992
|move|p2a: Zacian|Dig||[still]
|-prepare|p2a: Zacian|Dig
|move|p1a: Necrozma|Morning Sun|p1a: Necrozma
|-heal|p1a: Necrozma|100/100
|
|upkeep
|turn|13
|
|t:|1604304000
|move|p2a: Zacian|Dig|p1a: Necrozma|[from]lockedmove
|-supereffective|p1a: Necrozma
|-damage|p1a: Necrozma|59/100
|move|p1a: Necrozma|Thunder Wave|p2a: Zacian
|-status|p2a: Zacian|par
|
|-heal|p1a: Necrozma|65/100|[from] item: Leftovers
|upkeep
|turn|14
|
|t:|1604304009
|switch|p2a: Regieleki|Regieleki|100/100
|-damage|p2a: Regieleki|88/100|[from] Stealth Rock
|move|p1a: Necrozma|Morning Sun|p1a: Necrozma
|-heal|p1a: Necrozma|100/100
|
|upkeep
|turn|15
|
|t:|1604304022
|move|p2a: Regieleki|Zap Cannon|p1a: Necrozma|[miss]
|-miss|p2a: Regieleki|p1a: Necrozma
|move|p1a: Necrozma|Earthquake|p2a: Regieleki
|-supereffective|p2a: Regieleki
|-damage|p2a: Regieleki|0 fnt
|faint|p2a: Regieleki
|
|upkeep
|
|t:|1604304028
|switch|p2a: Regidrago|Regidrago|100/100
|-damage|p2a: Regidrago|88/100|[from] Stealth Rock
|turn|16
|-message|Gardino forfeited.
|
|win|Magikarp4000
|l|☆Gardino
|c|☆Magikarp4000|ggwp
|c|☆Magikarp4000|lol
