|j|☆TogeBirlHQ
|j|☆Jiffypeanutbutter
|t:|1659998110
|gametype|singles
|player|p1|TogeBirlHQ|nate|1578
|player|p2|Jiffypeanutbutter|ghetsis-gen5bw|1477
|teamsize|p1|6
|teamsize|p2|6
|gen|8
|tier|[Gen 8] Ubers
|rated|
|rule|Sleep Clause Mod: Limit one foe put to sleep
|rule|Species Clause: Limit one of each Pokémon
|rule|OHKO Clause: OHKO moves are banned
|rule|Evasion Items Clause: Evasion items are banned
|rule|Evasion Moves Clause: Evasion moves are banned
|rule|Endless Battle Clause: Forcing endless battles is banned
|rule|HP Percentage Mod: HP is shown in percentages
|rule|Dynamax Clause: You cannot dynamax
|clearpoke
|poke|p1|Zekrom|
|poke|p1|Eternatus|
|poke|p1|Yveltal|
|poke|p1|Necrozma-Dusk-Mane|
|poke|p1|Zygarde|
|poke|p1|Calyrex-Shadow|
|poke|p2|Kyogre|
|poke|p2|Calyrex-Shadow|
|poke|p2|Eternatus|
|poke|p2|Necrozma-Dusk-Mane|
|poke|p2|Zygarde|
|poke|p2|Yveltal|
|teampreview
|inactive|Battle timer is ON: inactive players will automatically lose when time's up. (requested by Jiffypeanutbutter)
|
|t:|1659998128
|start
|switch|p1a: Eternatus|Eternatus|100/100
|switch|p2a: Yveltal|Yveltal|100/100
|-ability|p1a: Eternatus|Pressure
|-ability|p2a: Yveltal|Dark Aura
|turn|1
|
|t:|1659998137
|move|p1a: Eternatus|Toxic|p2a: Yveltal
|-status|p2a: Yveltal|tox
|move|p2a: Yveltal|Knock Off|p1a: Eternatus
|-crit|p1a: Eternatus
|-damage|p1a: Eternatus|33/100
|-enditem|p1a: Eternatus|Heavy-Duty Boots|[from] move: Knock Off|[of] p2a: Yveltal
|
|-damage|p2a: Yveltal|94/100 tox|[from] psn
|upkeep
|turn|2
|
|t:|1659998142
|move|p1a: Eternatus|Recover|p1a: Eternatus
|-heal|p1a: Eternatus|83/100
|move|p2a: Yveltal|U-turn|p1a: Eternatus
|-resisted|p1a: Eternatus
|-damage|p1a: Eternatus|76/100
|
|t:|1659998151
|switch|p2a: Calyrex|Calyrex-Shadow|100/100|[from]move: U-turn
|-ability|p2a: Calyrex|As One
|-ability|p2a: Calyrex|Unnerve
|
|upkeep
|turn|3
|
|t:|1659998159
|switch|p1a: Yveltal|Yveltal|100/100
|-ability|p1a: Yveltal|Dark Aura
|move|p2a: Calyrex|Aromatherapy|p2a: Calyrex
|-activate|p2a: Calyrex|move: Aromatherapy
|-curestatus|p2: Yveltal|tox|[msg]
|
|upkeep
|turn|4
|
|t:|1659998168
|switch|p2a: Eternatus|Eternatus|100/100
|-ability|p2a: Eternatus|Pressure
|move|p1a: Yveltal|Taunt|p2a: Eternatus
|-start|p2a: Eternatus|move: Taunt
|
|upkeep
|turn|5
|
|t:|1659998183
|move|p2a: Eternatus|Mystical Fire|p1a: Yveltal
|-damage|p1a: Yveltal|84/100
|-unboost|p1a: Yveltal|spa|1
|move|p1a: Yveltal|Knock Off|p2a: Eternatus
|-damage|p2a: Eternatus|56/100
|-enditem|p2a: Eternatus|Haban Berry|[from] move: Knock Off|[of] p1a: Yveltal
|
|upkeep
|turn|6
|
|t:|1659998205
|move|p2a: Eternatus|Dynamax Cannon|p1a: Yveltal
|-damage|p1a: Yveltal|52/100
|move|p1a: Yveltal|Knock Off|p2a: Eternatus
|-damage|p2a: Eternatus|27/100
|
|-end|p2a: Eternatus|move: Taunt
|upkeep
|turn|7
|
|t:|1659998209
|move|p2a: Eternatus|Recover|p2a: Eternatus
|-heal|p2a: Eternatus|78/100
|move|p1a: Yveltal|Roost|p1a: Yveltal
|-heal|p1a: Yveltal|100/100
|-singleturn|p1a: Yveltal|move: Roost
|
|upkeep
|turn|8
|
|t:|1659998212
|switch|p1a: Necrozma|Necrozma-Dusk-Mane|100/100
|move|p2a: Eternatus|Toxic|p1a: Necrozma
|-immune|p1a: Necrozma
|
|upkeep
|turn|9
|
|t:|1659998220
|switch|p2a: Zygarde|Zygarde|100/100
|switch|p1a: Zekrom|Zekrom|100/100
|-ability|p1a: Zekrom|Teravolt
|
|upkeep
|turn|10
|
|t:|1659998227
|move|p1a: Zekrom|Substitute|p1a: Zekrom
|-start|p1a: Zekrom|Substitute
|-damage|p1a: Zekrom|76/100
|move|p2a: Zygarde|Thousand Arrows|p1a: Zekrom
|-supereffective|p1a: Zekrom
|-end|p1a: Zekrom|Substitute
|
|-heal|p1a: Zekrom|82/100|[from] item: Leftovers
|upkeep
|turn|11
|
|t:|1659998236
|switch|p1a: Zygarde|Zygarde|100/100
|move|p2a: Zygarde|Thousand Arrows|p1a: Zygarde
|-damage|p1a: Zygarde|82/100
|
|-heal|p1a: Zygarde|88/100|[from] item: Leftovers
|upkeep
|turn|12
|
|t:|1659998243
|move|p1a: Zygarde|Glare|p2a: Zygarde
|-status|p2a: Zygarde|par
|move|p2a: Zygarde|Glare|p1a: Zygarde
|-status|p1a: Zygarde|par
|
|-heal|p1a: Zygarde|94/100 par|[from] item: Leftovers
|upkeep
|turn|13
|
|t:|1659998251
|move|p1a: Zygarde|Thousand Arrows|p2a: Zygarde
|-damage|p2a: Zygarde|85/100 par
|move|p2a: Zygarde|Coil|p2a: Zygarde
|-boost|p2a: Zygarde|atk|1
|-boost|p2a: Zygarde|def|1
|-boost|p2a: Zygarde|accuracy|1
|
|-heal|p1a: Zygarde|99/100 par|[from] item: Leftovers
|-heal|p2a: Zygarde|91/100 par|[from] item: Leftovers
|upkeep
|turn|14
|
|t:|1659998261
|move|p1a: Zygarde|Haze|p1a: Zygarde
|-clearallboost
|move|p2a: Zygarde|Coil|p2a: Zygarde
|-boost|p2a: Zygarde|atk|1
|-boost|p2a: Zygarde|def|1
|-boost|p2a: Zygarde|accuracy|1
|
|-heal|p1a: Zygarde|100/100 par|[from] item: Leftovers
|-heal|p2a: Zygarde|97/100 par|[from] item: Leftovers
|upkeep
|turn|15
|
|t:|1659998270
|move|p1a: Zygarde|Haze|p1a: Zygarde
|-clearallboost
|move|p2a: Zygarde|Rest|p2a: Zygarde
|-status|p2a: Zygarde|slp|[from] move: Rest
|-heal|p2a: Zygarde|100/100 slp|[silent]
|
|upkeep
|turn|16
|
|t:|1659998276
|cant|p2a: Zygarde|slp
|move|p1a: Zygarde|Rest|p1a: Zygarde
|-fail|p1a: Zygarde|heal
|
|upkeep
|turn|17
|
|t:|1659998283
|switch|p1a: Zekrom|Zekrom|82/100
|-ability|p1a: Zekrom|Teravolt
|cant|p2a: Zygarde|slp
|
|-heal|p1a: Zekrom|88/100|[from] item: Leftovers
|upkeep
|turn|18
|
|t:|1659998291
|switch|p1a: Zygarde|Zygarde|100/100 par
|-curestatus|p2a: Zygarde|slp|[msg]
|move|p2a: Zygarde|Thousand Arrows|p1a: Zygarde
|-damage|p1a: Zygarde|80/100 par
|
|-heal|p1a: Zygarde|86/100 par|[from] item: Leftovers
|upkeep
|turn|19
|
|t:|1659998314
|move|p2a: Zygarde|Coil|p2a: Zygarde
|-boost|p2a: Zygarde|atk|1
|-boost|p2a: Zygarde|def|1
|-boost|p2a: Zygarde|accuracy|1
|move|p1a: Zygarde|Rest|p1a: Zygarde
|-status|p1a: Zygarde|slp|[from] move: Rest
|-heal|p1a: Zygarde|100/100 slp|[silent]
|
|upkeep
|turn|20
|
|t:|1659998319
|switch|p2a: Kyogre|Kyogre|100/100
|-weather|RainDance|[from] ability: Drizzle|[of] p2a: Kyogre
|cant|p1a: Zygarde|slp
|
|-weather|RainDance|[upkeep]
|upkeep
|turn|21
|
|t:|1659998324
|switch|p1a: Necrozma|Necrozma-Dusk-Mane|100/100
|move|p2a: Kyogre|Substitute|p2a: Kyogre
|-start|p2a: Kyogre|Substitute
|-damage|p2a: Kyogre|75/100
|
|-weather|RainDance|[upkeep]
|-heal|p2a: Kyogre|82/100|[from] item: Leftovers
|upkeep
|turn|22
|
|t:|1659998333
|switch|p1a: Zekrom|Zekrom|88/100
|-ability|p1a: Zekrom|Teravolt
|move|p2a: Kyogre|Thunder Wave|p1a: Zekrom
|-immune|p1a: Zekrom
|
|-weather|RainDance|[upkeep]
|-heal|p1a: Zekrom|94/100|[from] item: Leftovers
|-heal|p2a: Kyogre|88/100|[from] item: Leftovers
|upkeep
|turn|23
|
|t:|1659998345
|move|p1a: Zekrom|Substitute|p1a: Zekrom
|-start|p1a: Zekrom|Substitute
|-damage|p1a: Zekrom|69/100
|move|p2a: Kyogre|Calm Mind|p2a: Kyogre
|-boost|p2a: Kyogre|spa|1
|-boost|p2a: Kyogre|spd|1
|
|-weather|RainDance|[upkeep]
|-heal|p1a: Zekrom|75/100|[from] item: Leftovers
|-heal|p2a: Kyogre|94/100|[from] item: Leftovers
|upkeep
|turn|24
|
|t:|1659998353
|move|p1a: Zekrom|Bolt Strike|p2a: Kyogre|[miss]
|-miss|p1a: Zekrom|p2a: Kyogre
|move|p2a: Kyogre|Surf|p1a: Zekrom
|-resisted|p1a: Zekrom
|-end|p1a: Zekrom|Substitute
|
|-weather|none
|-heal|p1a: Zekrom|81/100|[from] item: Leftovers
|-heal|p2a: Kyogre|99/100|[from] item: Leftovers
|upkeep
|turn|25
|
|t:|1659998367
|switch|p1a: Eternatus|Eternatus|76/100
|-ability|p1a: Eternatus|Pressure
|move|p2a: Kyogre|Surf|p1a: Eternatus
|-resisted|p1a: Eternatus
|-damage|p1a: Eternatus|50/100
|
|-heal|p2a: Kyogre|100/100|[from] item: Leftovers
|upkeep
|turn|26
|
|t:|1659998376
|move|p1a: Eternatus|Recover|p1a: Eternatus
|-heal|p1a: Eternatus|100/100
|move|p2a: Kyogre|Thunder Wave|p1a: Eternatus
|-status|p1a: Eternatus|par
|
|upkeep
|turn|27
|
|t:|1659998381
|move|p2a: Kyogre|Calm Mind|p2a: Kyogre
|-boost|p2a: Kyogre|spa|1
|-boost|p2a: Kyogre|spd|1
|move|p1a: Eternatus|Dynamax Cannon|p2a: Kyogre
|-activate|p2a: Kyogre|move: Substitute|[damage]
|
|upkeep
|turn|28
|
|t:|1659998384
|move|p2a: Kyogre|Calm Mind|p2a: Kyogre
|-boost|p2a: Kyogre|spa|1
|-boost|p2a: Kyogre|spd|1
|move|p1a: Eternatus|Dynamax Cannon|p2a: Kyogre
|-end|p2a: Kyogre|Substitute
|
|upkeep
|turn|29
|
|t:|1659998392
|switch|p1a: Yveltal|Yveltal|100/100
|-ability|p1a: Yveltal|Dark Aura
|move|p2a: Kyogre|Substitute|p2a: Kyogre
|-start|p2a: Kyogre|Substitute
|-damage|p2a: Kyogre|75/100
|
|-heal|p2a: Kyogre|82/100|[from] item: Leftovers
|upkeep
|turn|30
|
|t:|1659998398
|move|p1a: Yveltal|Taunt|p2a: Kyogre
|-start|p2a: Kyogre|move: Taunt
|move|p2a: Kyogre|Surf|p1a: Yveltal
|-damage|p1a: Yveltal|3/100
|
|-heal|p2a: Kyogre|88/100|[from] item: Leftovers
|upkeep
|turn|31
|
|t:|1659998404
|move|p1a: Yveltal|Knock Off|p2a: Kyogre
|-end|p2a: Kyogre|Substitute
|move|p2a: Kyogre|Surf|p1a: Yveltal
|-damage|p1a: Yveltal|0 fnt
|faint|p1a: Yveltal
|
|-heal|p2a: Kyogre|94/100|[from] item: Leftovers
|upkeep
|
|t:|1659998409
|switch|p1a: Zekrom|Zekrom|81/100
|-ability|p1a: Zekrom|Teravolt
|turn|32
|
|t:|1659998419
|move|p1a: Zekrom|Substitute|p1a: Zekrom
|-start|p1a: Zekrom|Substitute
|-damage|p1a: Zekrom|57/100
|move|p2a: Kyogre|Surf|p1a: Zekrom
|-resisted|p1a: Zekrom
|-end|p1a: Zekrom|Substitute
|
|-heal|p1a: Zekrom|63/100|[from] item: Leftovers
|-heal|p2a: Kyogre|99/100|[from] item: Leftovers
|-end|p2a: Kyogre|move: Taunt
|upkeep
|turn|33
|
|t:|1659998433
|move|p1a: Zekrom|Dragon Dance|p1a: Zekrom
|-boost|p1a: Zekrom|atk|1
|-boost|p1a: Zekrom|spe|1
|move|p2a: Kyogre|Surf|p1a: Zekrom
|-resisted|p1a: Zekrom
|-damage|p1a: Zekrom|0 fnt
|faint|p1a: Zekrom
|
|-heal|p2a: Kyogre|100/100|[from] item: Leftovers
|upkeep
|-message|TogeBirlHQ forfeited.
|
|win|Jiffypeanutbutter
|raw|TogeBirlHQ's rating: 1578 &rarr; <strong>1552</strong><br />(-26 for losing)
|raw|Jiffypeanutbutter's rating: 1477 &rarr; <strong>1503</strong><br />(+26 for winning)
|l|☆TogeBirlHQ
|l|☆Jiffypeanutbutter
|j|☆Jiffypeanutbutter
|player|p2|Jiffypeanutbutter|ghetsis-gen5bw
||Ladder isn't responding, score probably updated but might not have (Request timeout).
