|j|☆hjuyttdd
|j|☆SHONE
|t:|1641830577
|gametype|singles
|player|p1|hjuyttdd|aromalady|
|player|p2|SHONE|266|
|teamsize|p1|6
|teamsize|p2|6
|gen|8
|tier|[Gen 8] Ubers
|rated|Tournament battle
|rule|Sleep Clause Mod: Limit one foe put to sleep
|rule|Species Clause: Limit one of each Pokémon
|rule|OHKO Clause: OHKO moves are banned
|rule|Evasion Moves Clause: Evasion moves are banned
|rule|Endless Battle Clause: Forcing endless battles is banned
|rule|HP Percentage Mod: HP is shown in percentages
|rule|Dynamax Clause: You cannot dynamax
|clearpoke
|poke|p1|Azumarill, M|
|poke|p1|Zekrom|
|poke|p1|Yveltal|
|poke|p1|Zygarde|
|poke|p1|Klefki, F|
|poke|p1|Necrozma-Dusk-Mane|
|poke|p2|Xerneas-*|
|poke|p2|Darmanitan-Galar, M|
|poke|p2|Necrozma-Dusk-Mane|
|poke|p2|Magnezone|
|poke|p2|Eternatus|
|poke|p2|Yveltal|
|teampreview
|j|*PartBot
|c|*PartBot|G'luck!
|l|*PartBot
|c|☆hjuyttdd|hf
|j| MiNi Charizard-X
|c|☆SHONE|glhf :)
|
|t:|1641830605
|start
|switch|p1a: Klefki|Klefki, F|100/100
|switch|p2a: Magnezone|Magnezone|100/100
|-item|p2a: Magnezone|Air Balloon
|turn|1
|j| TheBrightRising
|c| MiNi Charizard-X|i wanna se power of azumarill :G what does that do
|
|t:|1641830615
|move|p1a: Klefki|Spikes|p2a: Magnezone
|-sidestart|p2: SHONE|Spikes
|move|p2a: Magnezone|Iron Defense|p2a: Magnezone
|-boost|p2a: Magnezone|def|2
|
|upkeep
|turn|2
|
|t:|1641830621
|move|p1a: Klefki|Spikes|p2a: Magnezone
|-sidestart|p2: SHONE|Spikes
|move|p2a: Magnezone|Iron Defense|p2a: Magnezone
|-boost|p2a: Magnezone|def|2
|
|upkeep
|turn|3
|
|t:|1641830626
|move|p1a: Klefki|Reflect|p1a: Klefki
|-sidestart|p1: hjuyttdd|Reflect
|move|p2a: Magnezone|Iron Defense|p2a: Magnezone
|-boost|p2a: Magnezone|def|2
|
|upkeep
|turn|4
|j| Mcthelegit
|
|t:|1641830632
|move|p1a: Klefki|Spikes|p2a: Magnezone
|-sidestart|p2: SHONE|Spikes
|move|p2a: Magnezone|Discharge|p1a: Klefki
|-damage|p1a: Klefki|61/100
|-status|p1a: Klefki|par
|
|upkeep
|turn|5
|
|t:|1641830642
|move|p1a: Klefki|Light Screen|p1a: Klefki
|-sidestart|p1: hjuyttdd|move: Light Screen
|move|p2a: Magnezone|Magnet Rise|p2a: Magnezone
|-start|p2a: Magnezone|Magnet Rise
|
|upkeep
|turn|6
|c| Mcthelegit|battle of goats :o
|
|t:|1641830647
|move|p2a: Magnezone|Discharge|p1a: Klefki
|-damage|p1a: Klefki|42/100 par
|cant|p1a: Klefki|par
|
|upkeep
|turn|7
|
|t:|1641830652
|move|p2a: Magnezone|Body Press|p1a: Klefki
|-damage|p1a: Klefki|0 fnt
|faint|p1a: Klefki
|
|upkeep
|
|t:|1641830666
|switch|p1a: Zygarde|Zygarde|100/100
|turn|8
|
|t:|1641830676
|switch|p2a: Yveltal|Yveltal|100/100
|-ability|p2a: Yveltal|Dark Aura
|move|p1a: Zygarde|Dragon Dance|p1a: Zygarde
|-boost|p1a: Zygarde|atk|1
|-boost|p1a: Zygarde|spe|1
|
|upkeep
|turn|9
|
|t:|1641830684
|move|p1a: Zygarde|Stone Edge|p2a: Yveltal
|-supereffective|p2a: Yveltal
|-damage|p2a: Yveltal|13/100
|-damage|p1a: Zygarde|91/100|[from] item: Life Orb
|move|p2a: Yveltal|Defog|p1a: Zygarde
|-unboost|p1a: Zygarde|evasion|1
|-sideend|p1: hjuyttdd|Reflect
|-sideend|p1: hjuyttdd|move: Light Screen
|-sideend|p2: SHONE|Spikes|[from] move: Defog|[of] p2a: Yveltal
|
|upkeep
|turn|10
|l| Mcthelegit
|c|☆hjuyttdd|weak shit
|
|t:|1641830698
|move|p2a: Yveltal|Sucker Punch|p1a: Zygarde
|-damage|p1a: Zygarde|59/100
|move|p1a: Zygarde|Thousand Arrows|p2a: Yveltal
|-damage|p2a: Yveltal|0 fnt
|faint|p2a: Yveltal
|-damage|p1a: Zygarde|49/100|[from] item: Life Orb
|
|-activate|p1a: Zygarde|ability: Power Construct
|detailschange|p1a: Zygarde|Zygarde-Complete
|-heal|p1a: Zygarde|68/100|[silent]
|upkeep
|j| Mcthelegit
|inactive|Battle timer is ON: inactive players will automatically lose when time's up. (requested by hjuyttdd)
|
|t:|1641830735
|switch|p2a: Darmanitan|Darmanitan-Galar, M|100/100
|turn|11
|
|t:|1641830764
|switch|p1a: Yveltal|Yveltal|100/100
|-ability|p1a: Yveltal|Dark Aura
|move|p2a: Darmanitan|Icicle Crash|p1a: Yveltal|[miss]
|-miss|p2a: Darmanitan|p1a: Yveltal
|
|upkeep
|turn|12
|c|☆hjuyttdd|mb
|
|t:|1641830771
|move|p1a: Yveltal|Sucker Punch|p2a: Darmanitan
|-damage|p2a: Darmanitan|32/100
|-damage|p1a: Yveltal|91/100|[from] item: Life Orb
|move|p2a: Darmanitan|Icicle Crash|p1a: Yveltal
|-supereffective|p1a: Yveltal
|-damage|p1a: Yveltal|0 fnt
|faint|p1a: Yveltal
|
|upkeep
|
|t:|1641830776
|switch|p1a: Azumarill|Azumarill, M|100/100
|turn|13
|c| Mcthelegit|Rip
|
|t:|1641830799
|switch|p2a: Eternatus|Eternatus|100/100
|-ability|p2a: Eternatus|Pressure
|move|p1a: Azumarill|Belly Drum|p1a: Azumarill
|-damage|p1a: Azumarill|50/100
|-setboost|p1a: Azumarill|atk|6|[from] move: Belly Drum
|-enditem|p1a: Azumarill|Sitrus Berry|[eat]
|-heal|p1a: Azumarill|75/100|[from] item: Sitrus Berry
|
|upkeep
|turn|14
|c|☆hjuyttdd|sludge bomb
|c|☆hjuyttdd|=
|c|☆hjuyttdd|gay
|
|t:|1641830814
|move|p2a: Eternatus|Toxic|p1a: Azumarill
|-status|p1a: Azumarill|tox
|move|p1a: Azumarill|Play Rough|p2a: Eternatus
|-damage|p2a: Eternatus|0 fnt
|faint|p2a: Eternatus
|
|-damage|p1a: Azumarill|69/100 tox|[from] psn
|upkeep
|c| Mcthelegit|Lol
|c| MiNi Charizard-X|reveal sturdy zone?
|c|☆hjuyttdd|u gooo girl
|c|☆hjuyttdd|i mean boy
|inactive|SHONE has 120 seconds left.
|c| Mcthelegit|XD
|
|t:|1641830831
|switch|p2a: Necrozma|Necrozma-Dusk-Mane|100/100
|turn|15
|
|t:|1641830841
|move|p2a: Necrozma|Iron Head|p1a: Azumarill
|-damage|p1a: Azumarill|23/100 tox
|move|p1a: Azumarill|Knock Off|p2a: Necrozma
|-supereffective|p2a: Necrozma
|-crit|p2a: Necrozma
|-damage|p2a: Necrozma|0 fnt
|-enditem|p2a: Necrozma|Leftovers|[from] move: Knock Off|[of] p1a: Azumarill
|faint|p2a: Necrozma
|
|-damage|p1a: Azumarill|11/100 tox|[from] psn
|upkeep
|c|☆hjuyttdd|oml
|c|☆hjuyttdd|azu is god
|inactive|SHONE has 120 seconds left.
|c| Mcthelegit|Azumarillism
|
|t:|1641830866
|switch|p2a: Magnezone|Magnezone|100/100
|-item|p2a: Magnezone|Air Balloon
|turn|16
|
|t:|1641830891
|move|p1a: Azumarill|Aqua Jet|p2a: Magnezone
|-damage|p2a: Magnezone|7/100
|-enditem|p2a: Magnezone|Air Balloon
|move|p2a: Magnezone|Discharge|p1a: Azumarill
|-supereffective|p1a: Azumarill
|-damage|p1a: Azumarill|0 fnt
|faint|p1a: Azumarill
|
|upkeep
|
|t:|1641830912
|switch|p1a: Zekrom|Zekrom|100/100
|-ability|p1a: Zekrom|Teravolt
|turn|17
|inactive|hjuyttdd has 120 seconds left.
|inactive|SHONE has 90 seconds left.
|
|t:|1641830940
|switch|p2a: Darmanitan|Darmanitan-Galar, M|32/100
|move|p1a: Zekrom|Dragon Dance|p1a: Zekrom
|-boost|p1a: Zekrom|atk|1
|-boost|p1a: Zekrom|spe|1
|
|upkeep
|turn|18
|
|t:|1641830946
|move|p2a: Darmanitan|Icicle Crash|p1a: Zekrom
|-supereffective|p1a: Zekrom
|-damage|p1a: Zekrom|0 fnt
|faint|p1a: Zekrom
|
|upkeep
|
|t:|1641830949
|switch|p1a: Necrozma|Necrozma-Dusk-Mane|100/100
|turn|19
|
|t:|1641830953
|switch|p2a: Magnezone|Magnezone|7/100
|move|p1a: Necrozma|Dragon Dance|p1a: Necrozma
|-boost|p1a: Necrozma|atk|1
|-boost|p1a: Necrozma|spe|1
|
|upkeep
|turn|20
|c|☆hjuyttdd|discharge para
|c|☆hjuyttdd|=
|c|☆hjuyttdd|gay
|inactive|hjuyttdd has 120 seconds left.
|c| Mcthelegit|XD
|j| Rhik
|inactive|hjuyttdd has 90 seconds left.
|
|t:|1641831023
|move|p1a: Necrozma|Knock Off|p2a: Magnezone
|-damage|p2a: Magnezone|0 fnt
|faint|p2a: Magnezone
|
|upkeep
|c|☆hjuyttdd|no crit
|c| Mcthelegit|:|
|
|t:|1641831048
|switch|p2a: Darmanitan|Darmanitan-Galar, M|32/100
|turn|21
|inactive|hjuyttdd has 90 seconds left.
|
|t:|1641831061
|move|p2a: Darmanitan|Flare Blitz|p1a: Necrozma
|-supereffective|p1a: Necrozma
|-damage|p1a: Necrozma|20/100
|-enditem|p1a: Necrozma|Weakness Policy
|-boost|p1a: Necrozma|atk|2|[from] item: Weakness Policy
|-boost|p1a: Necrozma|spa|2|[from] item: Weakness Policy
|-damage|p2a: Darmanitan|6/100|[from] Recoil
|move|p1a: Necrozma|Sunsteel Strike|p2a: Darmanitan
|-supereffective|p2a: Darmanitan
|-damage|p2a: Darmanitan|0 fnt
|faint|p2a: Darmanitan
|
|upkeep
|c|☆hjuyttdd|gg
|c|☆SHONE|GG
|
|t:|1641831071
|switch|p2a: Xerneas|Xerneas|100/100
|-ability|p2a: Xerneas|Fairy Aura
|turn|22
|l| TheBrightRising
|
|t:|1641831077
|move|p1a: Necrozma|Sunsteel Strike|p2a: Xerneas
|-supereffective|p2a: Xerneas
|-damage|p2a: Xerneas|0 fnt
|faint|p2a: Xerneas
|
|win|hjuyttdd
|n|☆hjuyttdd|hjuyttdd
|n|☆SHONE|shone
|n| MiNi Charizard-X|minicharizardx
|n| Mcthelegit|mcthelegit
|n| Rhik|rhik
