|j|☆nutbustas
|j|☆Zoro#3904
|t:|1663523168
|gametype|singles
|player|p1|nutbustas|n-masters|1464
|player|p2|Zoro#3904|brycenman|1525
|teamsize|p1|6
|teamsize|p2|6
|gen|8
|tier|[Gen 8] Ubers
|rated|
|rule|Sleep Clause Mod: Limit one foe put to sleep
|rule|Species Clause: Limit one of each Pokémon
|rule|OHKO Clause: OHKO moves are banned
|rule|Evasion Items Clause: Evasion items are banned
|rule|Evasion Moves Clause: Evasion moves are banned
|rule|Endless Battle Clause: Forcing endless battles is banned
|rule|HP Percentage Mod: HP is shown in percentages
|rule|Dynamax Clause: You cannot dynamax
|clearpoke
|poke|p1|Kyurem-White|
|poke|p1|Yveltal|
|poke|p1|Xerneas-*|
|poke|p1|Necrozma-Dusk-Mane|
|poke|p1|Calyrex-Shadow|
|poke|p1|Eternatus|
|poke|p2|Calyrex-Shadow|
|poke|p2|Kyogre|
|poke|p2|Pheromosa|
|poke|p2|Kartana|
|poke|p2|Yveltal|
|poke|p2|Galvantula, F|
|teampreview
|
|t:|1663523190
|start
|switch|p1a: Eternatus|Eternatus|100/100
|switch|p2a: spider lay web|Galvantula, F, shiny|100/100
|-ability|p1a: Eternatus|Pressure
|turn|1
|
|t:|1663523193
|move|p1a: Eternatus|Cosmic Power|p1a: Eternatus
|-boost|p1a: Eternatus|def|1
|-boost|p1a: Eternatus|spd|1
|move|p2a: spider lay web|Thunder Wave|p1a: Eternatus
|-status|p1a: Eternatus|par
|
|upkeep
|turn|2
|
|t:|1663523196
|move|p2a: spider lay web|Sticky Web|p1a: Eternatus
|-sidestart|p1: nutbustas|move: Sticky Web
|cant|p1a: Eternatus|par
|
|upkeep
|turn|3
|
|t:|1663523199
|switch|p2a: Kyogre|Kyogre|100/100
|-weather|RainDance|[from] ability: Drizzle|[of] p2a: Kyogre
|move|p1a: Eternatus|Cosmic Power|p1a: Eternatus
|-boost|p1a: Eternatus|def|1
|-boost|p1a: Eternatus|spd|1
|
|-weather|RainDance|[upkeep]
|upkeep
|turn|4
|
|t:|1663523204
|move|p2a: Kyogre|Ice Beam|p1a: Eternatus
|-supereffective|p1a: Eternatus
|-damage|p1a: Eternatus|66/100 par
|move|p1a: Eternatus|Meteor Beam||[still]
|-prepare|p1a: Eternatus|Meteor Beam
|-boost|p1a: Eternatus|spa|1
|-enditem|p1a: Eternatus|Power Herb
|-anim|p1a: Eternatus|Meteor Beam|p2a: Kyogre
|-damage|p2a: Kyogre|56/100
|
|-weather|RainDance|[upkeep]
|upkeep
|turn|5
|
|t:|1663523209
|move|p2a: Kyogre|Ice Beam|p1a: Eternatus
|-supereffective|p1a: Eternatus
|-damage|p1a: Eternatus|34/100 par
|move|p1a: Eternatus|Recover|p1a: Eternatus
|-heal|p1a: Eternatus|84/100 par
|
|-weather|RainDance|[upkeep]
|upkeep
|turn|6
|
|t:|1663523216
|move|p2a: Kyogre|Ice Beam|p1a: Eternatus
|-supereffective|p1a: Eternatus
|-damage|p1a: Eternatus|50/100 par
|move|p1a: Eternatus|Recover|p1a: Eternatus
|-heal|p1a: Eternatus|99/100 par
|
|-weather|RainDance|[upkeep]
|upkeep
|turn|7
|
|t:|1663523221
|move|p2a: Kyogre|Ice Beam|p1a: Eternatus
|-supereffective|p1a: Eternatus
|-damage|p1a: Eternatus|68/100 par
|move|p1a: Eternatus|Cosmic Power|p1a: Eternatus
|-boost|p1a: Eternatus|def|1
|-boost|p1a: Eternatus|spd|1
|
|-weather|none
|upkeep
|turn|8
|
|t:|1663523227
|move|p2a: Kyogre|Ice Beam|p1a: Eternatus
|-supereffective|p1a: Eternatus
|-damage|p1a: Eternatus|41/100 par
|cant|p1a: Eternatus|par
|
|upkeep
|turn|9
|
|t:|1663523230
|move|p2a: Kyogre|Ice Beam|p1a: Eternatus
|-supereffective|p1a: Eternatus
|-damage|p1a: Eternatus|14/100 par
|move|p1a: Eternatus|Recover|p1a: Eternatus
|-heal|p1a: Eternatus|64/100 par
|
|upkeep
|turn|10
|
|t:|1663523235
|move|p2a: Kyogre|Ice Beam|p1a: Eternatus
|-supereffective|p1a: Eternatus
|-damage|p1a: Eternatus|38/100 par
|move|p1a: Eternatus|Recover|p1a: Eternatus
|-heal|p1a: Eternatus|88/100 par
|
|upkeep
|turn|11
|
|t:|1663523238
|move|p2a: Kyogre|Ice Beam|p1a: Eternatus
|-supereffective|p1a: Eternatus
|-damage|p1a: Eternatus|61/100 par
|cant|p1a: Eternatus|par
|
|upkeep
|turn|12
|
|t:|1663523243
|switch|p2a: Pheromosa|Pheromosa, shiny|100/100
|move|p1a: Eternatus|Recover|p1a: Eternatus
|-heal|p1a: Eternatus|100/100 par
|
|upkeep
|turn|13
|
|t:|1663523247
|move|p2a: Pheromosa|Triple Axel|p1a: Eternatus
|-supereffective|p1a: Eternatus
|-damage|p1a: Eternatus|94/100 par
|-supereffective|p1a: Eternatus
|-damage|p1a: Eternatus|81/100 par
|-hitcount|p1a: Eternatus|2
|-damage|p2a: Pheromosa|91/100|[from] item: Life Orb
|cant|p1a: Eternatus|par
|
|upkeep
|turn|14
|
|t:|1663523254
|move|p2a: Pheromosa|Triple Axel|p1a: Eternatus
|-supereffective|p1a: Eternatus
|-damage|p1a: Eternatus|74/100 par
|-supereffective|p1a: Eternatus
|-damage|p1a: Eternatus|59/100 par
|-supereffective|p1a: Eternatus
|-damage|p1a: Eternatus|39/100 par
|-hitcount|p1a: Eternatus|3
|-damage|p2a: Pheromosa|81/100|[from] item: Life Orb
|move|p1a: Eternatus|Recover|p1a: Eternatus
|-heal|p1a: Eternatus|90/100 par
|
|upkeep
|turn|15
|
|t:|1663523263
|move|p2a: Pheromosa|Triple Axel|p1a: Eternatus
|-supereffective|p1a: Eternatus
|-damage|p1a: Eternatus|83/100 par
|-supereffective|p1a: Eternatus
|-damage|p1a: Eternatus|70/100 par
|-supereffective|p1a: Eternatus
|-damage|p1a: Eternatus|52/100 par
|-hitcount|p1a: Eternatus|3
|-damage|p2a: Pheromosa|71/100|[from] item: Life Orb
|move|p1a: Eternatus|Dragon Pulse|p2a: Pheromosa
|-damage|p2a: Pheromosa|0 fnt
|faint|p2a: Pheromosa
|
|upkeep
|
|t:|1663523276
|switch|p2a: Yveltal|Yveltal|100/100
|-ability|p2a: Yveltal|Dark Aura
|turn|16
|
|t:|1663523280
|move|p2a: Yveltal|Knock Off|p1a: Eternatus
|-damage|p1a: Eternatus|33/100 par
|move|p1a: Eternatus|Recover|p1a: Eternatus
|-heal|p1a: Eternatus|83/100 par
|
|upkeep
|turn|17
|
|t:|1663523284
|move|p2a: Yveltal|Knock Off|p1a: Eternatus
|-damage|p1a: Eternatus|64/100 par
|cant|p1a: Eternatus|par
|
|upkeep
|turn|18
|
|t:|1663523286
|move|p2a: Yveltal|Knock Off|p1a: Eternatus
|-crit|p1a: Eternatus
|-damage|p1a: Eternatus|0 fnt
|faint|p1a: Eternatus
|
|upkeep
|c|☆nutbustas|ok
|c|☆Zoro#3904|finally
|c|☆nutbustas|stfu
|c|☆Zoro#3904|it was bound to happen
|c|☆Zoro#3904|bro
|
|t:|1663523304
|switch|p1a: Xerneas|Xerneas|100/100
|-activate|p1a: Xerneas|move: Sticky Web
|-unboost|p1a: Xerneas|spe|1
|-ability|p1a: Xerneas|Fairy Aura
|turn|19
|
|t:|1663523307
|move|p2a: Yveltal|Knock Off|p1a: Xerneas
|-resisted|p1a: Xerneas
|-damage|p1a: Xerneas|67/100
|-enditem|p1a: Xerneas|Power Herb|[from] move: Knock Off|[of] p2a: Yveltal
|move|p1a: Xerneas|Substitute|p1a: Xerneas
|-start|p1a: Xerneas|Substitute
|-damage|p1a: Xerneas|42/100
|
|upkeep
|turn|20
|
|t:|1663523312
|move|p2a: Yveltal|U-turn|p1a: Xerneas
|-resisted|p1a: Xerneas
|-activate|p1a: Xerneas|move: Substitute|[damage]
|
|t:|1663523316
|switch|p2a: spider lay web|Galvantula, F, shiny|100/100|[from]move: U-turn
|move|p1a: Xerneas|Geomancy||[still]
|-prepare|p1a: Xerneas|Geomancy
|
|upkeep
|turn|21
|
|t:|1663523320
|move|p2a: spider lay web|Thunder|p1a: Xerneas
|-end|p1a: Xerneas|Substitute
|move|p1a: Xerneas|Geomancy|p1a: Xerneas|[from]lockedmove
|-boost|p1a: Xerneas|spa|2
|-boost|p1a: Xerneas|spd|2
|-boost|p1a: Xerneas|spe|2
|
|upkeep
|turn|22
|
|t:|1663523325
|move|p1a: Xerneas|Moonblast|p2a: spider lay web
|-enditem|p2a: spider lay web|Focus Sash
|-damage|p2a: spider lay web|1/100
|move|p2a: spider lay web|Thunder Wave|p1a: Xerneas
|-status|p1a: Xerneas|par
|
|upkeep
|turn|23
|
|t:|1663523328
|move|p2a: spider lay web|Thunder|p1a: Xerneas
|-damage|p1a: Xerneas|23/100 par
|move|p1a: Xerneas|Moonblast|p2a: spider lay web
|-damage|p2a: spider lay web|0 fnt
|faint|p2a: spider lay web
|
|upkeep
|
|t:|1663523335
|switch|p2a: Kartana|Kartana, shiny|100/100
|turn|24
|
|t:|1663523338
|switch|p1a: Necrozma|Necrozma-Dusk-Mane|100/100
|-activate|p1a: Necrozma|move: Sticky Web
|-unboost|p1a: Necrozma|spe|1
|move|p2a: Kartana|Smart Strike|p1a: Necrozma
|-resisted|p1a: Necrozma
|-damage|p1a: Necrozma|78/100
|-damage|p2a: Kartana|91/100|[from] item: Life Orb
|
|-heal|p1a: Necrozma|84/100|[from] item: Leftovers
|upkeep
|turn|25
|
|t:|1663523342
|move|p2a: Kartana|Knock Off|p1a: Necrozma
|-supereffective|p1a: Necrozma
|-damage|p1a: Necrozma|28/100
|-enditem|p1a: Necrozma|Leftovers|[from] move: Knock Off|[of] p2a: Kartana
|-damage|p2a: Kartana|81/100|[from] item: Life Orb
|move|p1a: Necrozma|Thunder Wave|p2a: Kartana
|-status|p2a: Kartana|par
|
|upkeep
|turn|26
|
|t:|1663523355
|move|p2a: Kartana|Knock Off|p1a: Necrozma
|-supereffective|p1a: Necrozma
|-damage|p1a: Necrozma|0 fnt
|faint|p1a: Necrozma
|-ability|p2a: Kartana|Beast Boost|boost
|-boost|p2a: Kartana|atk|1
|-damage|p2a: Kartana|72/100 par|[from] item: Life Orb
|
|upkeep
|
|t:|1663523357
|switch|p1a: Yveltal|Yveltal|100/100
|-ability|p1a: Yveltal|Dark Aura
|turn|27
|
|t:|1663523360
|move|p1a: Yveltal|Foul Play|p2a: Kartana
|-damage|p2a: Kartana|0 fnt
|faint|p2a: Kartana
|
|upkeep
|
|t:|1663523364
|switch|p2a: Kyogre|Kyogre|56/100
|-weather|RainDance|[from] ability: Drizzle|[of] p2a: Kyogre
|turn|28
|
|t:|1663523371
|switch|p1a: Kyurem|Kyurem-White|100/100
|-activate|p1a: Kyurem|move: Sticky Web
|-unboost|p1a: Kyurem|spe|1
|-ability|p1a: Kyurem|Turboblaze
|move|p2a: Kyogre|Thunder|p1a: Kyurem
|-resisted|p1a: Kyurem
|-damage|p1a: Kyurem|74/100
|
|-weather|RainDance|[upkeep]
|upkeep
|turn|29
|
|t:|1663523379
|switch|p2a: Yveltal|Yveltal|100/100
|-ability|p2a: Yveltal|Dark Aura
|move|p1a: Kyurem|Draco Meteor|p2a: Yveltal
|-damage|p2a: Yveltal|4/100
|-unboost|p1a: Kyurem|spa|2
|-damage|p1a: Kyurem|64/100|[from] item: Life Orb
|
|-weather|RainDance|[upkeep]
|upkeep
|turn|30
|
|t:|1663523382
|move|p2a: Yveltal|Knock Off|p1a: Kyurem
|-damage|p1a: Kyurem|0 fnt
|-enditem|p1a: Kyurem|Life Orb|[from] move: Knock Off|[of] p2a: Yveltal
|faint|p1a: Kyurem
|
|-weather|RainDance|[upkeep]
|upkeep
|
|t:|1663523386
|switch|p1a: Yveltal|Yveltal|100/100
|-ability|p1a: Yveltal|Dark Aura
|turn|31
|
|t:|1663523389
|move|p1a: Yveltal|Foul Play|p2a: Yveltal
|-resisted|p2a: Yveltal
|-damage|p2a: Yveltal|0 fnt
|faint|p2a: Yveltal
|
|-weather|RainDance|[upkeep]
|upkeep
|
|t:|1663523392
|switch|p2a: Kyogre|Kyogre|56/100
|turn|32
|
|t:|1663523397
|move|p1a: Yveltal|Foul Play|p2a: Kyogre
|-damage|p2a: Kyogre|15/100
|move|p2a: Kyogre|Origin Pulse|p1a: Yveltal
|-crit|p1a: Yveltal
|-damage|p1a: Yveltal|0 fnt
|faint|p1a: Yveltal
|
|-weather|none
|upkeep
|c|☆nutbustas|ok
|c|☆Zoro#3904|ok
|
|t:|1663523408
|switch|p1a: Calyrex|Calyrex-Shadow|100/100
|-ability|p1a: Calyrex|As One
|-ability|p1a: Calyrex|Unnerve
|-activate|p1a: Calyrex|move: Sticky Web
|-unboost|p1a: Calyrex|spe|1
|turn|33
|
|t:|1663523410
|move|p2a: Kyogre|Origin Pulse|p1a: Calyrex
|-damage|p1a: Calyrex|0 fnt
|faint|p1a: Calyrex
|
|upkeep
|c|☆nutbustas|so ass
|
|t:|1663523416
|switch|p1a: Xerneas|Xerneas|23/100 par
|-activate|p1a: Xerneas|move: Sticky Web
|-unboost|p1a: Xerneas|spe|1
|-ability|p1a: Xerneas|Fairy Aura
|turn|34
|
|t:|1663523418
|move|p2a: Kyogre|Origin Pulse|p1a: Xerneas
|-damage|p1a: Xerneas|0 fnt
|faint|p1a: Xerneas
|
|win|Zoro#3904
|raw|nutbustas's rating: 1464 &rarr; <strong>1447</strong><br />(-17 for losing)
|raw|Zoro#3904's rating: 1525 &rarr; <strong>1542</strong><br />(+17 for winning)
|l|☆nutbustas
|c|☆Zoro#3904|ok
||Ladder isn't responding, score probably updated but might not have (Request timeout).
