|j|☆I Crit My Panties
|j|☆Enzobgcr7
|t:|1605393540
|player|p1|I Crit My Panties|2|1431
|player|p2|Enzobgcr7|101|1430
|teamsize|p1|6
|teamsize|p2|6
|gametype|singles
|gen|8
|tier|[Gen 8] Ubers
|rated|
|clearpoke
|poke|p1|Necrozma-Dusk-Mane|
|poke|p1|Ho-Oh|
|poke|p1|Eternatus|
|poke|p1|Yveltal|
|poke|p1|Zygarde|
|poke|p1|Calyrex-Shadow|
|poke|p2|Chansey, F|
|poke|p2|Zacian-Crowned|
|poke|p2|Calyrex-Shadow|
|poke|p2|Zygarde|
|poke|p2|Xerneas|
|poke|p2|Ditto|
|rule|Sleep Clause Mod: Limit one foe put to sleep
|rule|Species Clause: Limit one of each Pokémon
|rule|OHKO Clause: OHKO moves are banned
|rule|Evasion Moves Clause: Evasion moves are banned
|rule|Endless Battle Clause: Forcing endless battles is banned
|rule|HP Percentage Mod: HP is shown in percentages
|teampreview
|inactive|Battle timer is ON: inactive players will automatically lose when time's up. (requested by Enzobgcr7)
|inactive|I Crit My Panties has 120 seconds left.
|inactive|I Crit My Panties has 90 seconds left.
|
|t:|1605393627
|start
|switch|p1a: Ho-Oh|Ho-Oh|100/100
|switch|p2a: Chansey|Chansey, F|100/100
|turn|1
|inactive|Enzobgcr7 has 120 seconds left.
|
|t:|1605393658
|move|p1a: Ho-Oh|Toxic|p2a: Chansey
|-status|p2a: Chansey|tox
|move|p2a: Chansey|Stealth Rock|p1a: Ho-Oh
|-sidestart|p1: I Crit My Panties|move: Stealth Rock
|
|-damage|p2a: Chansey|94/100 tox|[from] psn
|upkeep
|turn|2
|
|t:|1605393661
|move|p1a: Ho-Oh|Defog|p2a: Chansey
|-unboost|p2a: Chansey|evasion|1
|-sideend|p1: I Crit My Panties|Stealth Rock|[from] move: Defog|[of] p1a: Ho-Oh
|move|p2a: Chansey|Thunder Wave|p1a: Ho-Oh
|-status|p1a: Ho-Oh|par
|
|-damage|p2a: Chansey|82/100 tox|[from] psn
|upkeep
|turn|3
|
|t:|1605393668
|move|p2a: Chansey|Stealth Rock|p1a: Ho-Oh
|-sidestart|p1: I Crit My Panties|move: Stealth Rock
|move|p1a: Ho-Oh|Sacred Fire|p2a: Chansey
|-damage|p2a: Chansey|52/100 tox
|
|-damage|p2a: Chansey|33/100 tox|[from] psn
|upkeep
|turn|4
|
|t:|1605393672
|move|p2a: Chansey|Seismic Toss|p1a: Ho-Oh
|-damage|p1a: Ho-Oh|76/100 par
|move|p1a: Ho-Oh|Defog|p2a: Chansey
|-unboost|p2a: Chansey|evasion|1
|-sideend|p1: I Crit My Panties|Stealth Rock|[from] move: Defog|[of] p1a: Ho-Oh
|
|-damage|p2a: Chansey|8/100 tox|[from] psn
|upkeep
|turn|5
|
|t:|1605393676
|move|p2a: Chansey|Stealth Rock|p1a: Ho-Oh
|-sidestart|p1: I Crit My Panties|move: Stealth Rock
|move|p1a: Ho-Oh|Defog|p2a: Chansey
|-unboost|p2a: Chansey|evasion|1
|-sideend|p1: I Crit My Panties|Stealth Rock|[from] move: Defog|[of] p1a: Ho-Oh
|
|-damage|p2a: Chansey|0 fnt|[from] psn
|faint|p2a: Chansey
|upkeep
|
|t:|1605393693
|switch|p2a: Zacian|Zacian-Crowned|100/100
|-ability|p2a: Zacian|Intrepid Sword|boost
|-boost|p2a: Zacian|atk|1
|turn|6
|
|t:|1605393699
|switch|p1a: Necrozma|Necrozma-Dusk-Mane|100/100
|move|p2a: Zacian|Wild Charge|p1a: Necrozma
|-damage|p1a: Necrozma|69/100
|-damage|p2a: Zacian|84/100|[from] item: Rocky Helmet|[of] p1a: Necrozma
|-damage|p2a: Zacian|74/100|[from] Recoil
|
|upkeep
|turn|7
|
|t:|1605393713
|switch|p2a: Zygarde|Zygarde|100/100
|move|p1a: Necrozma|Moonlight|p1a: Necrozma
|-heal|p1a: Necrozma|100/100
|
|upkeep
|turn|8
|
|t:|1605393722
|switch|p1a: Zygarde|Zygarde|100/100
|move|p2a: Zygarde|Substitute|p2a: Zygarde
|-start|p2a: Zygarde|Substitute
|-damage|p2a: Zygarde|76/100
|
|-heal|p2a: Zygarde|82/100|[from] item: Leftovers
|upkeep
|turn|9
|
|t:|1605393728
|move|p2a: Zygarde|Dragon Dance|p2a: Zygarde
|-boost|p2a: Zygarde|atk|1
|-boost|p2a: Zygarde|spe|1
|move|p1a: Zygarde|Glare||[still]
|-fail|p1a: Zygarde
|
|-heal|p2a: Zygarde|88/100|[from] item: Leftovers
|upkeep
|turn|10
|
|t:|1605393733
|move|p2a: Zygarde|Outrage|p1a: Zygarde
|-supereffective|p1a: Zygarde
|-damage|p1a: Zygarde|25/100
|move|p1a: Zygarde|Haze|p1a: Zygarde
|-clearallboost
|
|-heal|p2a: Zygarde|94/100|[from] item: Leftovers
|-heal|p1a: Zygarde|31/100|[from] item: Leftovers
|-activate|p1a: Zygarde|ability: Power Construct
|detailschange|p1a: Zygarde|Zygarde-Complete
|-heal|p1a: Zygarde|55/100|[silent]
|upkeep
|turn|11
|
|t:|1605393740
|switch|p1a: Necrozma|Necrozma-Dusk-Mane|100/100
|move|p2a: Zygarde|Outrage|p1a: Necrozma|[from]lockedmove
|-resisted|p1a: Necrozma
|-damage|p1a: Necrozma|86/100
|-damage|p2a: Zygarde|78/100|[from] item: Rocky Helmet|[of] p1a: Necrozma
|
|-heal|p2a: Zygarde|84/100|[from] item: Leftovers
|upkeep
|turn|12
|
|t:|1605393745
|move|p2a: Zygarde|Outrage|p1a: Necrozma|[from]lockedmove
|-resisted|p1a: Necrozma
|-damage|p1a: Necrozma|73/100
|-damage|p2a: Zygarde|67/100|[from] item: Rocky Helmet|[of] p1a: Necrozma
|-start|p2a: Zygarde|confusion|[fatigue]
|move|p1a: Necrozma|Knock Off|p2a: Zygarde
|-end|p2a: Zygarde|Substitute
|
|-heal|p2a: Zygarde|73/100|[from] item: Leftovers
|upkeep
|turn|13
|
|t:|1605393763
|-activate|p2a: Zygarde|confusion
|move|p2a: Zygarde|Thousand Arrows|p1a: Necrozma
|-supereffective|p1a: Necrozma
|-damage|p1a: Necrozma|43/100
|move|p1a: Necrozma|Knock Off|p2a: Zygarde
|-damage|p2a: Zygarde|46/100
|-enditem|p2a: Zygarde|Leftovers|[from] move: Knock Off|[of] p1a: Necrozma
|
|-activate|p2a: Zygarde|ability: Power Construct
|detailschange|p2a: Zygarde|Zygarde-Complete
|-heal|p2a: Zygarde|66/100|[silent]
|upkeep
|turn|14
|
|t:|1605393772
|-activate|p2a: Zygarde|confusion
|-damage|p2a: Zygarde|60/100|[from] confusion
|move|p1a: Necrozma|Moonlight|p1a: Necrozma
|-heal|p1a: Necrozma|93/100
|
|upkeep
|turn|15
|
|t:|1605393780
|switch|p1a: Eternatus|Eternatus|100/100
|-ability|p1a: Eternatus|Pressure
|-activate|p2a: Zygarde|confusion
|move|p2a: Zygarde|Thousand Arrows|p1a: Eternatus
|-supereffective|p1a: Eternatus
|-damage|p1a: Eternatus|42/100
|
|-heal|p1a: Eternatus|48/100|[from] item: Black Sludge
|upkeep
|turn|16
|
|t:|1605393796
|switch|p2a: Zacian|Zacian-Crowned|74/100
|-ability|p2a: Zacian|Intrepid Sword|boost
|-boost|p2a: Zacian|atk|1
|move|p1a: Eternatus|Dynamax Cannon|p2a: Zacian
|-immune|p2a: Zacian
|
|-heal|p1a: Eternatus|54/100|[from] item: Black Sludge
|upkeep
|turn|17
|
|t:|1605393802
|switch|p1a: Necrozma|Necrozma-Dusk-Mane|93/100
|move|p2a: Zacian|Behemoth Blade|p1a: Necrozma
|-resisted|p1a: Necrozma
|-damage|p1a: Necrozma|68/100
|-damage|p2a: Zacian|58/100|[from] item: Rocky Helmet|[of] p1a: Necrozma
|
|upkeep
|turn|18
|
|t:|1605393808
|switch|p2a: Zygarde|Zygarde-Complete|60/100
|move|p1a: Necrozma|Stealth Rock|p2a: Zygarde
|-sidestart|p2: Enzobgcr7|move: Stealth Rock
|
|upkeep
|turn|19
|
|t:|1605393815
|move|p2a: Zygarde|Dragon Dance|p2a: Zygarde
|-boost|p2a: Zygarde|atk|1
|-boost|p2a: Zygarde|spe|1
|move|p1a: Necrozma|Sunsteel Strike|p2a: Zygarde
|-damage|p2a: Zygarde|33/100
|
|upkeep
|turn|20
|
|t:|1605393819
|-start|p1a: Necrozma|Dynamax
|-heal|p1a: Necrozma|68/100|[silent]
|move|p2a: Zygarde|Thousand Arrows|p1a: Necrozma
|-supereffective|p1a: Necrozma
|-damage|p1a: Necrozma|47/100
|move|p1a: Necrozma|Max Steelspike|p2a: Zygarde
|-damage|p2a: Zygarde|1/100
|-boost|p1a: Necrozma|def|1
|
|upkeep
|turn|21
|
|t:|1605393828
|move|p2a: Zygarde|Thousand Arrows|p1a: Necrozma
|-supereffective|p1a: Necrozma
|-damage|p1a: Necrozma|32/100
|move|p1a: Necrozma|Max Steelspike|p2a: Zygarde
|-damage|p2a: Zygarde|0 fnt
|-boost|p1a: Necrozma|def|1
|faint|p2a: Zygarde
|
|upkeep
|
|t:|1605393838
|switch|p2a: Calyrex|Calyrex-Shadow|100/100
|-ability|p2a: Calyrex|As One
|-ability|p2a: Calyrex|Unnerve|p1: I Crit My Panties
|-damage|p2a: Calyrex|88/100|[from] Stealth Rock
|turn|22
|
|t:|1605393842
|-end|p1a: Necrozma|Dynamax
|-heal|p1a: Necrozma|32/100|[silent]
|switch|p1a: Yveltal|Yveltal|100/100
|-ability|p1a: Yveltal|Dark Aura
|move|p2a: Calyrex|Astral Barrage|p1a: Yveltal
|-resisted|p1a: Yveltal
|-damage|p1a: Yveltal|67/100
|
|upkeep
|turn|23
|
|t:|1605393865
|move|p2a: Calyrex|Pollen Puff|p1a: Yveltal
|-crit|p1a: Yveltal
|-damage|p1a: Yveltal|18/100
|move|p1a: Yveltal|Oblivion Wing|p2a: Calyrex
|-crit|p2a: Calyrex
|-damage|p2a: Calyrex|0 fnt
|-heal|p1a: Yveltal|75/100|[from] drain|[of] p2a: Calyrex
|-damage|p1a: Yveltal|65/100|[from] item: Life Orb
|faint|p2a: Calyrex
|
|upkeep
|
|t:|1605393875
|switch|p2a: Xerneas|Xerneas|100/100
|-damage|p2a: Xerneas|88/100|[from] Stealth Rock
|-ability|p2a: Xerneas|Fairy Aura
|turn|24
|
|t:|1605393878
|move|p2a: Xerneas|Geomancy||[still]
|-prepare|p2a: Xerneas|Geomancy
|-enditem|p2a: Xerneas|Power Herb
|-anim|p2a: Xerneas|Geomancy|p2a: Xerneas
|-boost|p2a: Xerneas|spa|2
|-boost|p2a: Xerneas|spd|2
|-boost|p2a: Xerneas|spe|2
|move|p1a: Yveltal|Oblivion Wing|p2a: Xerneas
|-damage|p2a: Xerneas|61/100
|-heal|p1a: Yveltal|85/100|[from] drain|[of] p2a: Xerneas
|-damage|p1a: Yveltal|76/100|[from] item: Life Orb
|
|upkeep
|turn|25
|
|t:|1605393883
|move|p1a: Yveltal|Sucker Punch|p2a: Xerneas
|-resisted|p2a: Xerneas
|-damage|p2a: Xerneas|35/100
|-damage|p1a: Yveltal|66/100|[from] item: Life Orb
|move|p2a: Xerneas|Moonblast|p1a: Yveltal
|-supereffective|p1a: Yveltal
|-damage|p1a: Yveltal|0 fnt
|faint|p1a: Yveltal
|
|upkeep
|
|t:|1605393887
|switch|p1a: Ho-Oh|Ho-Oh|100/100 par
|turn|26
|
|t:|1605393896
|-start|p2a: Xerneas|Dynamax
|-heal|p2a: Xerneas|35/100|[silent]
|move|p2a: Xerneas|Max Lightning|p1a: Ho-Oh
|-supereffective|p1a: Ho-Oh
|-damage|p1a: Ho-Oh|0 fnt
|-fieldstart|move: Electric Terrain
|faint|p1a: Ho-Oh
|
|upkeep
|-message|I Crit My Panties forfeited.
|
|win|Enzobgcr7
|l|☆I Crit My Panties
||Ladder (probably) updated, but score could not be retrieved (Request timeout).
