|j|☆RIP_Player
|j|‽nyehthe4th
|t:|1616678174
|player|p1|RIP_Player|firebreather|1355
|player|p2|nyehthe4th|juggler|1299
|teamsize|p1|6
|teamsize|p2|6
|gametype|singles
|gen|8
|tier|[Gen 8] Ubers
|rated|
|clearpoke
|poke|p1|Tapu Fini|
|poke|p1|Toxapex, M|
|poke|p1|Yveltal|
|poke|p1|Ferrothorn, M|
|poke|p1|Marshadow|
|poke|p1|Necrozma-Dusk-Mane|
|poke|p2|Necrozma-Dusk-Mane|
|poke|p2|Skarmory, M|
|poke|p2|Eternatus|
|poke|p2|Lunala|
|poke|p2|Blissey, F|
|poke|p2|Kyurem-White|
|rule|Sleep Clause Mod: Limit one foe put to sleep
|rule|Species Clause: Limit one of each Pokémon
|rule|OHKO Clause: OHKO moves are banned
|rule|Evasion Moves Clause: Evasion moves are banned
|rule|Endless Battle Clause: Forcing endless battles is banned
|rule|HP Percentage Mod: HP is shown in percentages
|rule|Dynamax Clause: You cannot dynamax
|teampreview
|inactive|Battle timer is ON: inactive players will automatically lose when time's up. (requested by RIP_Player)
|
|t:|1616678195
|start
|switch|p1a: Ferrothorn|Ferrothorn, M|100/100
|switch|p2a: Kyurem|Kyurem-White|100/100
|-ability|p2a: Kyurem|Turboblaze
|turn|1
|
|t:|1616678202
|switch|p1a: Toxapex|Toxapex, M|100/100
|move|p2a: Kyurem|Fusion Flare|p1a: Toxapex
|-resisted|p1a: Toxapex
|-crit|p1a: Toxapex
|-damage|p1a: Toxapex|65/100
|-damage|p2a: Kyurem|91/100|[from] item: Life Orb
|
|-heal|p1a: Toxapex|72/100|[from] item: Black Sludge
|upkeep
|turn|2
|
|t:|1616678212
|move|p1a: Toxapex|Baneful Bunker|p1a: Toxapex
|-singleturn|p1a: Toxapex|move: Protect
|move|p2a: Kyurem|Draco Meteor|p1a: Toxapex
|-activate|p1a: Toxapex|move: Protect
|
|-heal|p1a: Toxapex|78/100|[from] item: Black Sludge
|upkeep
|turn|3
|
|t:|1616678228
|switch|p2a: Blissey|Blissey, F|100/100
|switch|p1a: Tapu Fini|Tapu Fini|100/100
|-fieldstart|move: Misty Terrain|[from] ability: Misty Surge|[of] p1a: Tapu Fini
|
|upkeep
|turn|4
|
|t:|1616678235
|switch|p1a: Yveltal|Yveltal|100/100
|-ability|p1a: Yveltal|Dark Aura
|move|p2a: Blissey|Teleport|p2a: Blissey
|
|t:|1616678242
|switch|p2a: Skarmory|Skarmory, M|100/100|[from]move: Teleport
|
|upkeep
|turn|5
|
|t:|1616678247
|move|p1a: Yveltal|Rock Slide|p2a: Skarmory
|-damage|p2a: Skarmory|77/100
|cant|p2a: Skarmory|flinch
|
|upkeep
|turn|6
|
|t:|1616678253
|move|p1a: Yveltal|Rock Slide|p2a: Skarmory
|-damage|p2a: Skarmory|55/100
|move|p2a: Skarmory|Spikes|p1a: Yveltal
|-sidestart|p1: RIP_Player|Spikes
|
|upkeep
|turn|7
|
|t:|1616678259
|move|p1a: Yveltal|Rock Slide|p2a: Skarmory
|-damage|p2a: Skarmory|30/100
|move|p2a: Skarmory|Roost|p2a: Skarmory
|-heal|p2a: Skarmory|80/100
|-singleturn|p2a: Skarmory|move: Roost
|
|-fieldend|Misty Terrain
|upkeep
|turn|8
|
|t:|1616678266
|switch|p1a: Tapu Fini|Tapu Fini|100/100
|-damage|p1a: Tapu Fini|88/100|[from] Spikes
|-fieldstart|move: Misty Terrain|[from] ability: Misty Surge|[of] p1a: Tapu Fini
|move|p2a: Skarmory|Spikes|p1a: Tapu Fini
|-sidestart|p1: RIP_Player|Spikes
|
|-heal|p1a: Tapu Fini|94/100|[from] item: Leftovers
|upkeep
|turn|9
|
|t:|1616678283
|switch|p2a: Necrozma|Necrozma-Dusk-Mane|100/100
|move|p1a: Tapu Fini|Defog|p2a: Necrozma
|-unboost|p2a: Necrozma|evasion|1
|-sideend|p1: RIP_Player|Spikes|[from] move: Defog|[of] p1a: Tapu Fini
|-fieldend|Misty Terrain
|
|-heal|p1a: Tapu Fini|99/100|[from] item: Leftovers
|upkeep
|turn|10
|
|t:|1616678291
|switch|p1a: Ferrothorn|Ferrothorn, M|100/100
|move|p2a: Necrozma|Sunsteel Strike|p1a: Ferrothorn
|-resisted|p1a: Ferrothorn
|-damage|p1a: Ferrothorn|82/100
|-damage|p2a: Necrozma|88/100|[from] ability: Iron Barbs|[of] p1a: Ferrothorn
|
|-heal|p2a: Necrozma|94/100|[from] item: Leftovers
|-heal|p1a: Ferrothorn|88/100|[from] item: Leftovers
|upkeep
|turn|11
|
|t:|1616678312
|switch|p2a: Lunala|Lunala|100/100
|move|p1a: Ferrothorn|Leech Seed|p2a: Lunala
|-start|p2a: Lunala|move: Leech Seed
|
|-heal|p1a: Ferrothorn|94/100|[from] item: Leftovers
|-damage|p2a: Lunala|88/100|[from] Leech Seed|[of] p1a: Ferrothorn
|-heal|p1a: Ferrothorn|100/100|[silent]
|upkeep
|turn|12
|
|t:|1616678319
|switch|p2a: Kyurem|Kyurem-White|91/100
|-ability|p2a: Kyurem|Turboblaze
|move|p1a: Ferrothorn|Knock Off|p2a: Kyurem
|-damage|p2a: Kyurem|69/100
|-enditem|p2a: Kyurem|Life Orb|[from] move: Knock Off|[of] p1a: Ferrothorn
|
|upkeep
|turn|13
|
|t:|1616678328
|switch|p1a: Tapu Fini|Tapu Fini|99/100
|-fieldstart|move: Misty Terrain|[from] ability: Misty Surge|[of] p1a: Tapu Fini
|move|p2a: Kyurem|Fusion Flare|p1a: Tapu Fini
|-resisted|p1a: Tapu Fini
|-damage|p1a: Tapu Fini|87/100
|
|-heal|p1a: Tapu Fini|93/100|[from] item: Leftovers
|upkeep
|turn|14
|
|t:|1616678341
|switch|p2a: Necrozma|Necrozma-Dusk-Mane|94/100
|move|p1a: Tapu Fini|Moonblast|p2a: Necrozma
|-resisted|p2a: Necrozma
|-damage|p2a: Necrozma|84/100
|-unboost|p2a: Necrozma|spa|1
|
|-heal|p2a: Necrozma|90/100|[from] item: Leftovers
|-heal|p1a: Tapu Fini|99/100|[from] item: Leftovers
|upkeep
|turn|15
|
|t:|1616678354
|switch|p2a: Kyurem|Kyurem-White|69/100
|-ability|p2a: Kyurem|Turboblaze
|switch|p1a: Ferrothorn|Ferrothorn, M|100/100
|
|upkeep
|turn|16
|
|t:|1616678362
|switch|p1a: Toxapex|Toxapex, M|100/100
|move|p2a: Kyurem|Fusion Flare|p1a: Toxapex
|-resisted|p1a: Toxapex
|-damage|p1a: Toxapex|82/100
|
|-heal|p1a: Toxapex|89/100|[from] item: Black Sludge
|upkeep
|turn|17
|
|t:|1616678370
|move|p1a: Toxapex|Baneful Bunker|p1a: Toxapex
|-singleturn|p1a: Toxapex|move: Protect
|move|p2a: Kyurem|Draco Meteor|p1a: Toxapex
|-activate|p1a: Toxapex|move: Protect
|
|-heal|p1a: Toxapex|95/100|[from] item: Black Sludge
|-fieldend|Misty Terrain
|upkeep
|turn|18
|
|t:|1616678377
|switch|p1a: Tapu Fini|Tapu Fini|99/100
|-fieldstart|move: Misty Terrain|[from] ability: Misty Surge|[of] p1a: Tapu Fini
|move|p2a: Kyurem|Ice Beam|p1a: Tapu Fini
|-resisted|p1a: Tapu Fini
|-damage|p1a: Tapu Fini|82/100
|
|-heal|p1a: Tapu Fini|89/100|[from] item: Leftovers
|upkeep
|turn|19
|-message|nyehthe4th forfeited.
|
|win|RIP_Player
|raw|RIP_Player's rating: 1355 &rarr; <strong>1372</strong><br />(+17 for winning)
|raw|nyehthe4th's rating: 1299 &rarr; <strong>1278</strong><br />(-21 for losing)
|l|‽nyehthe4th
||Ladder isn't responding, score probably updated but might not have (Request timeout).
