|j|☆nachocheesedude
|j|☆LD8 nvzhuangkeai
|t:|1663425513
|gametype|singles
|player|p1|nachocheesedude|colress-gen7|1569
|player|p2|LD8 nvzhuangkeai|dawn|1642
|teamsize|p1|6
|teamsize|p2|6
|gen|8
|tier|[Gen 8] Ubers
|rated|
|rule|Sleep Clause Mod: Limit one foe put to sleep
|rule|Species Clause: Limit one of each Pokémon
|rule|OHKO Clause: OHKO moves are banned
|rule|Evasion Items Clause: Evasion items are banned
|rule|Evasion Moves Clause: Evasion moves are banned
|rule|Endless Battle Clause: Forcing endless battles is banned
|rule|HP Percentage Mod: HP is shown in percentages
|rule|Dynamax Clause: You cannot dynamax
|clearpoke
|poke|p1|Groudon|
|poke|p1|Ferrothorn, F|
|poke|p1|Kyogre|
|poke|p1|Xerneas-*|
|poke|p1|Yveltal|
|poke|p1|Eternatus|
|poke|p2|Calyrex-Shadow|
|poke|p2|Tyranitar, M|
|poke|p2|Corviknight, F|
|poke|p2|Blissey, F|
|poke|p2|Toxapex, M|
|poke|p2|Mewtwo|
|teampreview
|
|t:|1663425537
|start
|switch|p1a: Ruby|Groudon|100/100
|switch|p2a: Mewtwo|Mewtwo|100/100
|-ability|p2a: Mewtwo|Pressure
|-weather|SunnyDay|[from] ability: Drought|[of] p1a: Ruby
|turn|1
|
|t:|1663425564
|switch|p1a: Crimson|Yveltal|100/100
|-ability|p1a: Crimson|Dark Aura
|move|p2a: Mewtwo|Will-O-Wisp|p1a: Crimson
|-status|p1a: Crimson|brn
|
|-weather|SunnyDay|[upkeep]
|-damage|p1a: Crimson|94/100 brn|[from] brn
|upkeep
|turn|2
|
|t:|1663425615
|switch|p2a: Toxapex|Toxapex, M|100/100
|move|p1a: Crimson|Knock Off|p2a: Toxapex
|-damage|p2a: Toxapex|82/100
|-enditem|p2a: Toxapex|Black Sludge|[from] move: Knock Off|[of] p1a: Crimson
|
|-weather|SunnyDay|[upkeep]
|-damage|p1a: Crimson|88/100 brn|[from] brn
|upkeep
|turn|3
|
|t:|1663425635
|switch|p1a: Terro Ferro|Ferrothorn, F|100/100
|move|p2a: Toxapex|Knock Off|p1a: Terro Ferro
|-damage|p1a: Terro Ferro|89/100
|-damage|p2a: Toxapex|70/100|[from] ability: Iron Barbs|[of] p1a: Terro Ferro
|-enditem|p1a: Terro Ferro|Leftovers|[from] move: Knock Off|[of] p2a: Toxapex
|
|-weather|SunnyDay|[upkeep]
|upkeep
|turn|4
|inactive|Battle timer is ON: inactive players will automatically lose when time's up. (requested by LD8 nvzhuangkeai)
|
|t:|1663425644
|switch|p2a: Mewtwo|Mewtwo|100/100
|-ability|p2a: Mewtwo|Pressure
|move|p1a: Terro Ferro|Stealth Rock|p2a: Mewtwo
|-sidestart|p2: LD8 nvzhuangkeai|move: Stealth Rock
|
|-weather|SunnyDay|[upkeep]
|upkeep
|turn|5
|
|t:|1663425655
|switch|p1a: Crimson|Yveltal|88/100 brn
|-ability|p1a: Crimson|Dark Aura
|move|p2a: Mewtwo|Will-O-Wisp|p1a: Crimson
|-fail|p1a: Crimson|brn
|
|-weather|none
|-damage|p1a: Crimson|82/100 brn|[from] brn
|upkeep
|turn|6
|
|t:|1663425665
|switch|p2a: Tyranitar|Tyranitar, M|100/100
|-damage|p2a: Tyranitar|88/100|[from] Stealth Rock
|-weather|Sandstorm|[from] ability: Sand Stream|[of] p2a: Tyranitar
|move|p1a: Crimson|Oblivion Wing|p2a: Tyranitar
|-resisted|p2a: Tyranitar
|-damage|p2a: Tyranitar|81/100
|-heal|p1a: Crimson|87/100 brn|[from] drain|[of] p2a: Tyranitar
|
|-weather|Sandstorm|[upkeep]
|-damage|p1a: Crimson|81/100 brn|[from] Sandstorm
|-heal|p2a: Tyranitar|87/100|[from] item: Leftovers
|-damage|p1a: Crimson|74/100 brn|[from] brn
|upkeep
|turn|7
|
|t:|1663425683
|switch|p1a: Ruby|Groudon|100/100
|-weather|SunnyDay|[from] ability: Drought|[of] p1a: Ruby
|move|p2a: Tyranitar|Stealth Rock|p1a: Ruby
|-sidestart|p1: nachocheesedude|move: Stealth Rock
|
|-weather|SunnyDay|[upkeep]
|-heal|p2a: Tyranitar|94/100|[from] item: Leftovers
|upkeep
|turn|8
|
|t:|1663425693
|switch|p2a: Mewtwo|Mewtwo|100/100
|-damage|p2a: Mewtwo|88/100|[from] Stealth Rock
|-ability|p2a: Mewtwo|Pressure
|move|p1a: Ruby|Swords Dance|p1a: Ruby
|-boost|p1a: Ruby|atk|2
|
|-weather|SunnyDay|[upkeep]
|-heal|p2a: Mewtwo|94/100|[from] item: Leftovers
|upkeep
|turn|9
|
|t:|1663425703
|move|p2a: Mewtwo|Will-O-Wisp|p1a: Ruby
|-status|p1a: Ruby|brn
|move|p1a: Ruby|Precipice Blades|p2a: Mewtwo
|-damage|p2a: Mewtwo|57/100
|
|-weather|SunnyDay|[upkeep]
|-heal|p2a: Mewtwo|64/100|[from] item: Leftovers
|-damage|p1a: Ruby|94/100 brn|[from] brn
|upkeep
|turn|10
|
|t:|1663425714
|move|p2a: Mewtwo|Foul Play|p1a: Ruby
|-damage|p1a: Ruby|65/100 brn
|move|p1a: Ruby|Swords Dance|p1a: Ruby
|-boost|p1a: Ruby|atk|2
|
|-weather|SunnyDay|[upkeep]
|-heal|p2a: Mewtwo|70/100|[from] item: Leftovers
|-heal|p1a: Ruby|71/100 brn|[from] item: Leftovers
|-damage|p1a: Ruby|65/100 brn|[from] brn
|upkeep
|turn|11
|
|t:|1663425733
|switch|p1a: Rainbow|Xerneas|100/100
|-damage|p1a: Rainbow|88/100|[from] Stealth Rock
|-ability|p1a: Rainbow|Fairy Aura
|move|p2a: Mewtwo|Foul Play|p1a: Rainbow
|-resisted|p1a: Rainbow
|-damage|p1a: Rainbow|82/100
|
|-weather|none
|-heal|p2a: Mewtwo|76/100|[from] item: Leftovers
|-heal|p1a: Rainbow|88/100|[from] item: Leftovers
|upkeep
|turn|12
|inactive|LD8 nvzhuangkeai has 120 seconds left.
|inactive|LD8 nvzhuangkeai has 90 seconds left.
|
|t:|1663425791
|switch|p2a: Blissey|Blissey, F|100/100
|-damage|p2a: Blissey|88/100|[from] Stealth Rock
|move|p1a: Rainbow|Thunder Wave|p2a: Blissey
|-status|p2a: Blissey|par
|
|-heal|p1a: Rainbow|95/100|[from] item: Leftovers
|upkeep
|turn|13
|
|t:|1663425801
|-curestatus|p2a: Blissey|par|[from] ability: Natural Cure
|switch|p2a: Toxapex|Toxapex, M|100/100
|-damage|p2a: Toxapex|88/100|[from] Stealth Rock
|move|p1a: Rainbow|Defog|p2a: Toxapex
|-unboost|p2a: Toxapex|evasion|1
|-sideend|p2: LD8 nvzhuangkeai|Stealth Rock|[from] move: Defog|[of] p1a: Rainbow
|-sideend|p1: nachocheesedude|Stealth Rock|[from] move: Defog|[of] p1a: Rainbow
|
|-heal|p1a: Rainbow|100/100|[from] item: Leftovers
|upkeep
|turn|14
|
|t:|1663425814
|switch|p1a: Terro Ferro|Ferrothorn, F|89/100
|move|p2a: Toxapex|Knock Off|p1a: Terro Ferro
|-damage|p1a: Terro Ferro|83/100
|-damage|p2a: Toxapex|76/100|[from] ability: Iron Barbs|[of] p1a: Terro Ferro
|
|upkeep
|turn|15
|
|t:|1663425827
|switch|p2a: Mewtwo|Mewtwo|76/100
|-ability|p2a: Mewtwo|Pressure
|move|p1a: Terro Ferro|Power Whip|p2a: Mewtwo
|-damage|p2a: Mewtwo|52/100
|
|-heal|p2a: Mewtwo|59/100|[from] item: Leftovers
|upkeep
|turn|16
|
|t:|1663425838
|move|p2a: Mewtwo|Recover|p2a: Mewtwo
|-heal|p2a: Mewtwo|100/100
|move|p1a: Terro Ferro|Stealth Rock|p2a: Mewtwo
|-sidestart|p2: LD8 nvzhuangkeai|move: Stealth Rock
|
|upkeep
|turn|17
|
|t:|1663425848
|switch|p1a: Rainbow|Xerneas|100/100
|-ability|p1a: Rainbow|Fairy Aura
|move|p2a: Mewtwo|Will-O-Wisp|p1a: Rainbow
|-status|p1a: Rainbow|brn
|
|-damage|p1a: Rainbow|94/100 brn|[from] brn
|upkeep
|turn|18
|
|t:|1663425858
|switch|p2a: Toxapex|Toxapex, M|100/100
|-damage|p2a: Toxapex|88/100|[from] Stealth Rock
|move|p1a: Rainbow|Aromatherapy|p1a: Rainbow
|-activate|p1a: Rainbow|move: Aromatherapy
|-curestatus|p1a: Rainbow|brn|[msg]
|-curestatus|p1: Ruby|brn|[msg]
|-curestatus|p1: Crimson|brn|[msg]
|
|-heal|p1a: Rainbow|100/100|[from] item: Leftovers
|upkeep
|turn|19
|
|t:|1663425873
|move|p1a: Rainbow|Thunder Wave|p2a: Toxapex
|-status|p2a: Toxapex|par
|cant|p2a: Toxapex|par
|
|upkeep
|turn|20
|
|t:|1663425880
|switch|p1a: Sapphire|Kyogre|100/100
|-weather|RainDance|[from] ability: Drizzle|[of] p1a: Sapphire
|cant|p2a: Toxapex|par
|
|-weather|RainDance|[upkeep]
|upkeep
|turn|21
|
|t:|1663425888
|switch|p2a: Blissey|Blissey, F|88/100
|-damage|p2a: Blissey|76/100|[from] Stealth Rock
|move|p1a: Sapphire|Water Spout|p2a: Blissey
|-damage|p2a: Blissey|30/100
|
|-weather|RainDance|[upkeep]
|upkeep
|turn|22
|
|t:|1663425897
|move|p1a: Sapphire|Water Spout|p2a: Blissey
|-damage|p2a: Blissey|0 fnt
|faint|p2a: Blissey
|
|-weather|RainDance|[upkeep]
|upkeep
|
|t:|1663425907
|switch|p2a: Calyrex|Calyrex-Shadow|100/100
|-ability|p2a: Calyrex|As One
|-ability|p2a: Calyrex|Unnerve
|-damage|p2a: Calyrex|88/100|[from] Stealth Rock
|turn|23
|
|t:|1663425914
|switch|p1a: Crimson|Yveltal|74/100
|-ability|p1a: Crimson|Dark Aura
|move|p2a: Calyrex|Astral Barrage|p1a: Crimson
|-resisted|p1a: Crimson
|-damage|p1a: Crimson|56/100
|
|-weather|RainDance|[upkeep]
|upkeep
|turn|24
|
|t:|1663425937
|switch|p2a: Tyranitar|Tyranitar, M|94/100
|-damage|p2a: Tyranitar|81/100|[from] Stealth Rock
|-weather|Sandstorm|[from] ability: Sand Stream|[of] p2a: Tyranitar
|move|p1a: Crimson|Oblivion Wing|p2a: Tyranitar
|-resisted|p2a: Tyranitar
|-damage|p2a: Tyranitar|74/100
|-heal|p1a: Crimson|61/100|[from] drain|[of] p2a: Tyranitar
|
|-weather|Sandstorm|[upkeep]
|-damage|p1a: Crimson|54/100|[from] Sandstorm
|-heal|p2a: Tyranitar|80/100|[from] item: Leftovers
|upkeep
|turn|25
|
|t:|1663425952
|switch|p1a: Sapphire|Kyogre|100/100
|-weather|RainDance|[from] ability: Drizzle|[of] p1a: Sapphire
|move|p2a: Tyranitar|Stealth Rock|p1a: Sapphire
|-sidestart|p1: nachocheesedude|move: Stealth Rock
|
|-weather|RainDance|[upkeep]
|-heal|p2a: Tyranitar|86/100|[from] item: Leftovers
|upkeep
|turn|26
|
|t:|1663425961
|switch|p2a: Toxapex|Toxapex, M|100/100 par
|-damage|p2a: Toxapex|88/100 par|[from] Stealth Rock
|move|p1a: Sapphire|Water Spout|p2a: Toxapex
|-resisted|p2a: Toxapex
|-damage|p2a: Toxapex|0 fnt
|faint|p2a: Toxapex
|
|-weather|RainDance|[upkeep]
|upkeep
|
|t:|1663425963
|switch|p2a: Calyrex|Calyrex-Shadow|88/100
|-ability|p2a: Calyrex|As One
|-ability|p2a: Calyrex|Unnerve
|-damage|p2a: Calyrex|76/100|[from] Stealth Rock
|turn|27
|
|t:|1663425989
|switch|p1a: Terro Ferro|Ferrothorn, F|83/100
|-damage|p1a: Terro Ferro|76/100|[from] Stealth Rock
|move|p2a: Calyrex|Astral Barrage|p1a: Terro Ferro
|-damage|p1a: Terro Ferro|2/100
|
|-weather|RainDance|[upkeep]
|upkeep
|turn|28
|
|t:|1663426000
|move|p2a: Calyrex|Astral Barrage|p1a: Terro Ferro
|-damage|p1a: Terro Ferro|0 fnt
|faint|p1a: Terro Ferro
|-ability|p2a: Calyrex|Grim Neigh|boost
|-boost|p2a: Calyrex|spa|1
|
|-weather|RainDance|[upkeep]
|upkeep
|
|t:|1663426009
|switch|p1a: Crimson|Yveltal|54/100
|-damage|p1a: Crimson|29/100|[from] Stealth Rock
|-ability|p1a: Crimson|Dark Aura
|turn|29
|
|t:|1663426014
|switch|p2a: Tyranitar|Tyranitar, M|86/100
|-damage|p2a: Tyranitar|74/100|[from] Stealth Rock
|-weather|Sandstorm|[from] ability: Sand Stream|[of] p2a: Tyranitar
|move|p1a: Crimson|Sucker Punch||[still]
|-fail|p1a: Crimson
|
|-weather|Sandstorm|[upkeep]
|-damage|p1a: Crimson|23/100|[from] Sandstorm
|-heal|p2a: Tyranitar|80/100|[from] item: Leftovers
|upkeep
|turn|30
|
|t:|1663426025
|switch|p1a: Rainbow|Xerneas|100/100
|-damage|p1a: Rainbow|88/100|[from] Stealth Rock
|-ability|p1a: Rainbow|Fairy Aura
|move|p2a: Tyranitar|Rock Tomb|p1a: Rainbow
|-damage|p1a: Rainbow|73/100
|-unboost|p1a: Rainbow|spe|1
|
|-weather|Sandstorm|[upkeep]
|-damage|p1a: Rainbow|67/100|[from] Sandstorm
|-heal|p2a: Tyranitar|86/100|[from] item: Leftovers
|-heal|p1a: Rainbow|73/100|[from] item: Leftovers
|upkeep
|turn|31
|
|t:|1663426039
|switch|p2a: Corviknight|Corviknight, F|100/100
|-damage|p2a: Corviknight|88/100|[from] Stealth Rock
|-ability|p2a: Corviknight|Pressure
|move|p1a: Rainbow|Thunder Wave|p2a: Corviknight|[miss]
|-miss|p1a: Rainbow|p2a: Corviknight
|
|-weather|Sandstorm|[upkeep]
|-damage|p1a: Rainbow|67/100|[from] Sandstorm
|-heal|p2a: Corviknight|94/100|[from] item: Leftovers
|-heal|p1a: Rainbow|73/100|[from] item: Leftovers
|upkeep
|turn|32
|
|t:|1663426052
|move|p2a: Corviknight|Iron Defense|p2a: Corviknight
|-boost|p2a: Corviknight|def|2
|move|p1a: Rainbow|Thunder Wave|p2a: Corviknight
|-status|p2a: Corviknight|par
|
|-weather|Sandstorm|[upkeep]
|-damage|p1a: Rainbow|67/100|[from] Sandstorm
|-heal|p1a: Rainbow|73/100|[from] item: Leftovers
|-heal|p2a: Corviknight|100/100 par|[from] item: Leftovers
|upkeep
|turn|33
|
|t:|1663426063
|switch|p2a: Calyrex|Calyrex-Shadow|76/100
|-ability|p2a: Calyrex|As One
|-ability|p2a: Calyrex|Unnerve
|-damage|p2a: Calyrex|64/100|[from] Stealth Rock
|move|p1a: Rainbow|Defog|p2a: Calyrex
|-unboost|p2a: Calyrex|evasion|1
|-sideend|p2: LD8 nvzhuangkeai|Stealth Rock|[from] move: Defog|[of] p1a: Rainbow
|-sideend|p1: nachocheesedude|Stealth Rock|[from] move: Defog|[of] p1a: Rainbow
|
|-weather|none
|-heal|p1a: Rainbow|79/100|[from] item: Leftovers
|upkeep
|turn|34
|inactive|nachocheesedude has 120 seconds left.
|
|t:|1663426086
|switch|p1a: Ruby|Groudon|65/100
|-weather|SunnyDay|[from] ability: Drought|[of] p1a: Ruby
|move|p2a: Calyrex|Astral Barrage|p1a: Ruby
|-damage|p1a: Ruby|0 fnt
|faint|p1a: Ruby
|-ability|p2a: Calyrex|Grim Neigh|boost
|-boost|p2a: Calyrex|spa|1
|
|-weather|SunnyDay|[upkeep]
|upkeep
|inactive|nachocheesedude has 120 seconds left.
|
|t:|1663426098
|switch|p1a: Crimson|Yveltal|23/100
|-ability|p1a: Crimson|Dark Aura
|turn|35
|
|t:|1663426103
|switch|p2a: Tyranitar|Tyranitar, M|86/100
|-weather|Sandstorm|[from] ability: Sand Stream|[of] p2a: Tyranitar
|move|p1a: Crimson|Sucker Punch||[still]
|-fail|p1a: Crimson
|
|-weather|Sandstorm|[upkeep]
|-damage|p1a: Crimson|17/100|[from] Sandstorm
|-heal|p2a: Tyranitar|93/100|[from] item: Leftovers
|upkeep
|turn|36
|
|t:|1663426114
|switch|p1a: Sapphire|Kyogre|100/100
|-weather|RainDance|[from] ability: Drizzle|[of] p1a: Sapphire
|move|p2a: Tyranitar|Stealth Rock|p1a: Sapphire
|-sidestart|p1: nachocheesedude|move: Stealth Rock
|
|-weather|RainDance|[upkeep]
|-heal|p2a: Tyranitar|99/100|[from] item: Leftovers
|upkeep
|turn|37
|
|t:|1663426123
|switch|p2a: Corviknight|Corviknight, F|100/100 par
|-ability|p2a: Corviknight|Pressure
|move|p1a: Sapphire|Origin Pulse|p2a: Corviknight|[miss]
|-miss|p1a: Sapphire|p2a: Corviknight
|
|-weather|RainDance|[upkeep]
|upkeep
|turn|38
|
|t:|1663426132
|move|p1a: Sapphire|Origin Pulse|p2a: Corviknight
|-damage|p2a: Corviknight|0 fnt
|faint|p2a: Corviknight
|
|-weather|RainDance|[upkeep]
|upkeep
|
|t:|1663426155
|switch|p2a: Tyranitar|Tyranitar, M|99/100
|-weather|Sandstorm|[from] ability: Sand Stream|[of] p2a: Tyranitar
|turn|39
|
|t:|1663426161
|switch|p1a: Rainbow|Xerneas|79/100
|-damage|p1a: Rainbow|66/100|[from] Stealth Rock
|-ability|p1a: Rainbow|Fairy Aura
|move|p2a: Tyranitar|Rock Tomb|p1a: Rainbow
|-damage|p1a: Rainbow|51/100
|-unboost|p1a: Rainbow|spe|1
|
|-weather|Sandstorm|[upkeep]
|-damage|p1a: Rainbow|45/100|[from] Sandstorm
|-heal|p2a: Tyranitar|100/100|[from] item: Leftovers
|-heal|p1a: Rainbow|51/100|[from] item: Leftovers
|upkeep
|turn|40
|
|t:|1663426175
|move|p2a: Tyranitar|Rock Tomb|p1a: Rainbow
|-damage|p1a: Rainbow|35/100
|-unboost|p1a: Rainbow|spe|1
|move|p1a: Rainbow|Thunder Wave|p2a: Tyranitar
|-status|p2a: Tyranitar|par
|
|-weather|Sandstorm|[upkeep]
|-damage|p1a: Rainbow|29/100|[from] Sandstorm
|-heal|p1a: Rainbow|35/100|[from] item: Leftovers
|upkeep
|turn|41
|
|t:|1663426186
|move|p1a: Rainbow|Thunder Wave|p2a: Tyranitar
|-fail|p2a: Tyranitar|par
|move|p2a: Tyranitar|Rock Tomb|p1a: Rainbow
|-damage|p1a: Rainbow|19/100
|-unboost|p1a: Rainbow|spe|1
|
|-weather|Sandstorm|[upkeep]
|-damage|p1a: Rainbow|13/100|[from] Sandstorm
|-heal|p1a: Rainbow|19/100|[from] item: Leftovers
|upkeep
|turn|42
|
|t:|1663426197
|move|p1a: Rainbow|Defog|p2a: Tyranitar
|-unboost|p2a: Tyranitar|evasion|1
|-sideend|p1: nachocheesedude|Stealth Rock|[from] move: Defog|[of] p1a: Rainbow
|move|p2a: Tyranitar|Stealth Rock|p1a: Rainbow
|-sidestart|p1: nachocheesedude|move: Stealth Rock
|
|-weather|Sandstorm|[upkeep]
|-damage|p1a: Rainbow|13/100|[from] Sandstorm
|-heal|p1a: Rainbow|19/100|[from] item: Leftovers
|upkeep
|turn|43
|
|t:|1663426205
|move|p1a: Rainbow|Defog|p2a: Tyranitar
|-unboost|p2a: Tyranitar|evasion|1
|-sideend|p1: nachocheesedude|Stealth Rock|[from] move: Defog|[of] p1a: Rainbow
|move|p2a: Tyranitar|Stealth Rock|p1a: Rainbow
|-sidestart|p1: nachocheesedude|move: Stealth Rock
|
|-weather|none
|-heal|p1a: Rainbow|25/100|[from] item: Leftovers
|upkeep
|turn|44
|
|t:|1663426214
|switch|p2a: Calyrex|Calyrex-Shadow|64/100
|-ability|p2a: Calyrex|As One
|-ability|p2a: Calyrex|Unnerve
|move|p1a: Rainbow|Moonblast|p2a: Calyrex
|-damage|p2a: Calyrex|12/100
|-unboost|p2a: Calyrex|spa|1
|
|-heal|p1a: Rainbow|31/100|[from] item: Leftovers
|upkeep
|turn|45
|inactive|nachocheesedude has 120 seconds left.
|
|t:|1663426249
|move|p2a: Calyrex|Astral Barrage|p1a: Rainbow
|-damage|p1a: Rainbow|0 fnt
|faint|p1a: Rainbow
|-ability|p2a: Calyrex|Grim Neigh|boost
|-boost|p2a: Calyrex|spa|1
|
|upkeep
|
|t:|1663426257
|switch|p1a: Sapphire|Kyogre|100/100
|-damage|p1a: Sapphire|88/100|[from] Stealth Rock
|-weather|RainDance|[from] ability: Drizzle|[of] p1a: Sapphire
|turn|46
|inactive|nachocheesedude has 120 seconds left.
|
|t:|1663426264
|switch|p2a: Tyranitar|Tyranitar, M|100/100 par
|-weather|Sandstorm|[from] ability: Sand Stream|[of] p2a: Tyranitar
|move|p1a: Sapphire|Ice Beam|p2a: Tyranitar
|-damage|p2a: Tyranitar|79/100 par
|
|-weather|Sandstorm|[upkeep]
|-damage|p1a: Sapphire|82/100|[from] Sandstorm
|-heal|p2a: Tyranitar|85/100 par|[from] item: Leftovers
|upkeep
|turn|47
|inactive|nachocheesedude has 120 seconds left.
|
|t:|1663426278
|switch|p1a: Shogun Dragon|Eternatus|100/100
|-damage|p1a: Shogun Dragon|88/100|[from] Stealth Rock
|-ability|p1a: Shogun Dragon|Pressure
|switch|p2a: Mewtwo|Mewtwo|100/100
|-ability|p2a: Mewtwo|Pressure
|
|-weather|Sandstorm|[upkeep]
|-damage|p1a: Shogun Dragon|82/100|[from] Sandstorm
|-damage|p2a: Mewtwo|94/100|[from] Sandstorm
|-heal|p2a: Mewtwo|100/100|[from] item: Leftovers
|upkeep
|turn|48
|inactive|nachocheesedude has 120 seconds left.
|
|t:|1663426293
|move|p1a: Shogun Dragon|Meteor Beam||[still]
|-prepare|p1a: Shogun Dragon|Meteor Beam
|-boost|p1a: Shogun Dragon|spa|1
|-enditem|p1a: Shogun Dragon|Power Herb
|-anim|p1a: Shogun Dragon|Meteor Beam|p2a: Mewtwo|[miss]
|-miss|p1a: Shogun Dragon|p2a: Mewtwo
|move|p2a: Mewtwo|Ice Beam|p1a: Shogun Dragon
|-supereffective|p1a: Shogun Dragon
|-damage|p1a: Shogun Dragon|29/100
|-status|p1a: Shogun Dragon|frz
|
|-weather|Sandstorm|[upkeep]
|-damage|p1a: Shogun Dragon|23/100 frz|[from] Sandstorm
|-damage|p2a: Mewtwo|94/100|[from] Sandstorm
|-heal|p2a: Mewtwo|100/100|[from] item: Leftovers
|upkeep
|turn|49
|c|☆LD8 nvzhuangkeai|sry
|inactive|nachocheesedude has 120 seconds left.
|
|t:|1663426307
|cant|p1a: Shogun Dragon|frz
|move|p2a: Mewtwo|Ice Beam|p1a: Shogun Dragon
|-supereffective|p1a: Shogun Dragon
|-damage|p1a: Shogun Dragon|0 fnt
|faint|p1a: Shogun Dragon
|
|-weather|Sandstorm|[upkeep]
|-damage|p2a: Mewtwo|94/100|[from] Sandstorm
|-heal|p2a: Mewtwo|100/100|[from] item: Leftovers
|upkeep
|inactive|nachocheesedude has 120 seconds left.
|c|☆nachocheesedude|Well that is unfortunate
|c|☆nachocheesedude|That was a good battle though
|
|t:|1663426326
|switch|p1a: Sapphire|Kyogre|82/100
|-damage|p1a: Sapphire|70/100|[from] Stealth Rock
|-weather|RainDance|[from] ability: Drizzle|[of] p1a: Sapphire
|turn|50
|
|t:|1663426333
|move|p2a: Mewtwo|Foul Play|p1a: Sapphire
|-damage|p1a: Sapphire|51/100
|move|p1a: Sapphire|Origin Pulse|p2a: Mewtwo
|-damage|p2a: Mewtwo|0 fnt
|faint|p2a: Mewtwo
|
|-weather|RainDance|[upkeep]
|upkeep
|
|t:|1663426342
|switch|p2a: Calyrex|Calyrex-Shadow|12/100
|-ability|p2a: Calyrex|As One
|-ability|p2a: Calyrex|Unnerve
|turn|51
|
|t:|1663426349
|move|p2a: Calyrex|Astral Barrage|p1a: Sapphire
|-damage|p1a: Sapphire|0 fnt
|faint|p1a: Sapphire
|-ability|p2a: Calyrex|Grim Neigh|boost
|-boost|p2a: Calyrex|spa|1
|
|-weather|RainDance|[upkeep]
|upkeep
|
|t:|1663426359
|switch|p1a: Crimson|Yveltal|17/100
|-damage|p1a: Crimson|0 fnt|[from] Stealth Rock
|faint|p1a: Crimson
|
|win|LD8 nvzhuangkeai
|raw|nachocheesedude's rating: 1569 &rarr; <strong>1553</strong><br />(-16 for losing)
|raw|LD8 nvzhuangkeai's rating: 1642 &rarr; <strong>1658</strong><br />(+16 for winning)
