|j|☆Kay9ine1
|j|☆willcoxw
|player|p1|Kay9ine1|1|1805
|player|p2|willcoxw|karen|1675
|teamsize|p1|6
|teamsize|p2|6
|gametype|singles
|gen|8
|tier|[Gen 8] Ubers
|rated|
|clearpoke
|poke|p1|Ninjask, F|
|poke|p1|Xatu, F|
|poke|p1|Clefable, M|
|poke|p1|Dubwool, M|
|poke|p1|Indeedee-F, F|
|poke|p1|Vaporeon, M|
|poke|p2|Toxapex, M|
|poke|p2|Eternatus|
|poke|p2|Dracovish|
|poke|p2|Ferrothorn, M|
|poke|p2|Zacian-Crowned|
|poke|p2|Necrozma-Dusk-Mane|
|rule|Sleep Clause Mod: Limit one foe put to sleep
|rule|Species Clause: Limit one of each Pokémon
|rule|OHKO Clause: OHKO moves are banned
|rule|Evasion Moves Clause: Evasion moves are banned
|rule|Endless Battle Clause: Forcing endless battles is banned
|rule|HP Percentage Mod: HP is shown in percentages
|html|Ubers Dynamax Clause: Pokémon on the <a href="https://www.smogon.com/dex/ss/formats/uber/">Ubers Dynamax Banlist</a> cannot Dynamax.
|teampreview
|
|start
|switch|p1a: Ninjask|Ninjask, F|100/100
|switch|p2a: Toxapex|Toxapex, M|100/100
|turn|1
|
|move|p1a: Ninjask|Baton Pass|p1a: Ninjask
|
|switch|p1a: Xatu|Xatu, F|100/100|[from]move: Baton Pass
|move|p2a: Toxapex|Toxic Spikes|p1a: Xatu
|move|p1a: Xatu|Toxic Spikes|p2a: Toxapex|[from]Magic Bounce
|-sidestart|p2: willcoxw|move: Toxic Spikes
|
|upkeep
|turn|2
|
|move|p1a: Xatu|Calm Mind|p1a: Xatu
|-boost|p1a: Xatu|spa|1
|-boost|p1a: Xatu|spd|1
|move|p2a: Toxapex|Knock Off|p1a: Xatu
|-supereffective|p1a: Xatu
|-damage|p1a: Xatu|61/100
|-enditem|p1a: Xatu|Leftovers|[from] move: Knock Off|[of] p2a: Toxapex
|
|upkeep
|turn|3
|
|move|p1a: Xatu|Calm Mind|p1a: Xatu
|-boost|p1a: Xatu|spa|1
|-boost|p1a: Xatu|spd|1
|move|p2a: Toxapex|Haze|p2a: Toxapex
|-clearallboost
|
|upkeep
|turn|4
|
|move|p1a: Xatu|Baton Pass|p1a: Xatu
|
|switch|p1a: Vaporeon|Vaporeon, M|100/100|[from]move: Baton Pass
|move|p2a: Toxapex|Knock Off|p1a: Vaporeon
|-damage|p1a: Vaporeon|90/100
|-enditem|p1a: Vaporeon|Leftovers|[from] move: Knock Off|[of] p2a: Toxapex
|
|upkeep
|turn|5
|
|move|p1a: Vaporeon|Substitute|p1a: Vaporeon
|-start|p1a: Vaporeon|Substitute
|-damage|p1a: Vaporeon|65/100
|move|p2a: Toxapex|Toxic Spikes|p1a: Vaporeon
|-sidestart|p1: Kay9ine1|move: Toxic Spikes
|
|upkeep
|turn|6
|
|move|p1a: Vaporeon|Aqua Ring|p1a: Vaporeon
|-start|p1a: Vaporeon|Aqua Ring
|move|p2a: Toxapex|Toxic Spikes|p1a: Vaporeon
|-sidestart|p1: Kay9ine1|move: Toxic Spikes
|
|-heal|p1a: Vaporeon|72/100|[from] Aqua Ring
|upkeep
|turn|7
|
|switch|p2a: Eternatus|Eternatus|100/100
|-sideend|p2: willcoxw|move: Toxic Spikes|[of] p2a: Eternatus
|-ability|p2a: Eternatus|Pressure
|move|p1a: Vaporeon|Acid Armor|p1a: Vaporeon
|-boost|p1a: Vaporeon|def|2
|
|-heal|p1a: Vaporeon|78/100|[from] Aqua Ring
|upkeep
|turn|8
|
|move|p2a: Eternatus|Dynamax Cannon|p1a: Vaporeon
|-end|p1a: Vaporeon|Substitute
|move|p1a: Vaporeon|Baton Pass|p1a: Vaporeon
|
|switch|p1a: Ninjask|Ninjask, F|100/100|[from]move: Baton Pass
|
|upkeep
|turn|9
|
|switch|p2a: Toxapex|Toxapex, M|100/100
|move|p1a: Ninjask|Substitute|p1a: Ninjask
|-start|p1a: Ninjask|Substitute
|-damage|p1a: Ninjask|76/100
|
|-heal|p1a: Ninjask|82/100|[from] item: Leftovers
|-heal|p1a: Ninjask|88/100|[from] Aqua Ring
|-ability|p1a: Ninjask|Speed Boost|boost
|-boost|p1a: Ninjask|spe|1
|upkeep
|turn|10
|
|move|p1a: Ninjask|Harden|p1a: Ninjask
|-boost|p1a: Ninjask|def|1
|move|p2a: Toxapex|Haze|p2a: Toxapex
|-clearallboost
|
|-heal|p1a: Ninjask|94/100|[from] item: Leftovers
|-heal|p1a: Ninjask|99/100|[from] Aqua Ring
|-ability|p1a: Ninjask|Speed Boost|boost
|-boost|p1a: Ninjask|spe|1
|upkeep
|turn|11
|
|move|p1a: Ninjask|Harden|p1a: Ninjask
|-boost|p1a: Ninjask|def|1
|move|p2a: Toxapex|Scald|p1a: Ninjask
|-crit|p1a: Ninjask
|-end|p1a: Ninjask|Substitute
|
|-heal|p1a: Ninjask|100/100|[from] item: Leftovers
|-ability|p1a: Ninjask|Speed Boost|boost
|-boost|p1a: Ninjask|spe|1
|upkeep
|turn|12
|
|move|p1a: Ninjask|Substitute|p1a: Ninjask
|-start|p1a: Ninjask|Substitute
|-damage|p1a: Ninjask|76/100
|move|p2a: Toxapex|Knock Off|p1a: Ninjask
|-activate|p1a: Ninjask|move: Substitute|[damage]
|
|-heal|p1a: Ninjask|82/100|[from] item: Leftovers
|-heal|p1a: Ninjask|88/100|[from] Aqua Ring
|-ability|p1a: Ninjask|Speed Boost|boost
|-boost|p1a: Ninjask|spe|1
|upkeep
|turn|13
|
|move|p1a: Ninjask|Harden|p1a: Ninjask
|-boost|p1a: Ninjask|def|1
|move|p2a: Toxapex|Haze|p2a: Toxapex
|-clearallboost
|
|-heal|p1a: Ninjask|94/100|[from] item: Leftovers
|-heal|p1a: Ninjask|99/100|[from] Aqua Ring
|-ability|p1a: Ninjask|Speed Boost|boost
|-boost|p1a: Ninjask|spe|1
|upkeep
|turn|14
|
|move|p1a: Ninjask|Harden|p1a: Ninjask
|-boost|p1a: Ninjask|def|1
|move|p2a: Toxapex|Scald|p1a: Ninjask
|-end|p1a: Ninjask|Substitute
|
|-heal|p1a: Ninjask|100/100|[from] item: Leftovers
|-ability|p1a: Ninjask|Speed Boost|boost
|-boost|p1a: Ninjask|spe|1
|upkeep
|turn|15
|
|move|p1a: Ninjask|Protect|p1a: Ninjask
|-singleturn|p1a: Ninjask|Protect
|move|p2a: Toxapex|Haze|p2a: Toxapex
|-clearallboost
|
|-ability|p1a: Ninjask|Speed Boost|boost
|-boost|p1a: Ninjask|spe|1
|upkeep
|turn|16
|
|switch|p2a: Eternatus|Eternatus|100/100
|-ability|p2a: Eternatus|Pressure
|move|p1a: Ninjask|Substitute|p1a: Ninjask
|-start|p1a: Ninjask|Substitute
|-damage|p1a: Ninjask|76/100
|
|-heal|p1a: Ninjask|82/100|[from] item: Leftovers
|-heal|p1a: Ninjask|88/100|[from] Aqua Ring
|-ability|p1a: Ninjask|Speed Boost|boost
|-boost|p1a: Ninjask|spe|1
|upkeep
|turn|17
|
|switch|p2a: Ferrothorn|Ferrothorn, M|100/100
|move|p1a: Ninjask|Protect||[still]
|-fail|p1a: Ninjask
|
|-heal|p1a: Ninjask|94/100|[from] item: Leftovers
|-heal|p1a: Ninjask|99/100|[from] Aqua Ring
|-ability|p1a: Ninjask|Speed Boost|boost
|-boost|p1a: Ninjask|spe|1
|upkeep
|turn|18
|
|move|p1a: Ninjask|Baton Pass|p1a: Ninjask
|
|switch|p1a: Xatu|Xatu, F|61/100|[from]move: Baton Pass
|move|p2a: Ferrothorn|Spikes|p1a: Xatu
|move|p1a: Xatu|Spikes|p2a: Ferrothorn|[from]Magic Bounce
|-sidestart|p2: willcoxw|Spikes
|
|-heal|p1a: Xatu|67/100|[from] Aqua Ring
|upkeep
|turn|19
|
|switch|p2a: Necrozma|Necrozma-Dusk-Mane|100/100
|-damage|p2a: Necrozma|88/100|[from] Spikes
|move|p1a: Xatu|Calm Mind|p1a: Xatu
|-boost|p1a: Xatu|spa|1
|-boost|p1a: Xatu|spd|1
|
|-heal|p2a: Necrozma|94/100|[from] item: Leftovers
|-heal|p1a: Xatu|73/100|[from] Aqua Ring
|upkeep
|turn|20
|
|move|p1a: Xatu|Calm Mind|p1a: Xatu
|-boost|p1a: Xatu|spa|1
|-boost|p1a: Xatu|spd|1
|move|p2a: Necrozma|Trick Room|p2a: Necrozma
|-fieldstart|move: Trick Room|[of] p2a: Necrozma
|
|-heal|p2a: Necrozma|99/100|[from] item: Leftovers
|-heal|p1a: Xatu|79/100|[from] Aqua Ring
|upkeep
|turn|21
|
|switch|p2a: Toxapex|Toxapex, M|100/100
|-damage|p2a: Toxapex|88/100|[from] Spikes
|move|p1a: Xatu|Baton Pass|p1a: Xatu
|
|switch|p1a: Ninjask|Ninjask, F|99/100|[from]move: Baton Pass
|
|-heal|p2a: Toxapex|94/100|[from] item: Black Sludge
|-heal|p1a: Ninjask|100/100|[from] item: Leftovers
|upkeep
|turn|22
|
|move|p2a: Toxapex|Haze|p2a: Toxapex
|-clearallboost
|move|p1a: Ninjask|Harden|p1a: Ninjask
|-boost|p1a: Ninjask|def|1
|
|-heal|p2a: Toxapex|100/100|[from] item: Black Sludge
|-ability|p1a: Ninjask|Speed Boost|boost
|-boost|p1a: Ninjask|spe|1
|upkeep
|turn|23
|
|move|p1a: Ninjask|Protect|p1a: Ninjask
|-singleturn|p1a: Ninjask|Protect
|move|p2a: Toxapex|Haze|p2a: Toxapex
|-clearallboost
|
|-ability|p1a: Ninjask|Speed Boost|boost
|-boost|p1a: Ninjask|spe|1
|upkeep
|turn|24
|
|move|p2a: Toxapex|Scald|p1a: Ninjask
|-end|p1a: Ninjask|Substitute
|move|p1a: Ninjask|Harden|p1a: Ninjask
|-boost|p1a: Ninjask|def|1
|
|-fieldend|move: Trick Room
|-ability|p1a: Ninjask|Speed Boost|boost
|-boost|p1a: Ninjask|spe|1
|upkeep
|turn|25
|
|switch|p2a: Zacian|Zacian-Crowned|100/100
|-damage|p2a: Zacian|88/100|[from] Spikes
|-ability|p2a: Zacian|Intrepid Sword|boost
|-boost|p2a: Zacian|atk|1
|move|p1a: Ninjask|Substitute|p1a: Ninjask
|-start|p1a: Ninjask|Substitute
|-damage|p1a: Ninjask|76/100
|
|-heal|p1a: Ninjask|82/100|[from] item: Leftovers
|-heal|p1a: Ninjask|88/100|[from] Aqua Ring
|-ability|p1a: Ninjask|Speed Boost|boost
|-boost|p1a: Ninjask|spe|1
|upkeep
|turn|26
|
|move|p1a: Ninjask|Baton Pass|p1a: Ninjask
|
|switch|p1a: Xatu|Xatu, F|79/100|[from]move: Baton Pass
|move|p2a: Zacian|Swords Dance|p2a: Zacian
|-boost|p2a: Zacian|atk|2
|
|-heal|p1a: Xatu|85/100|[from] Aqua Ring
|upkeep
|turn|27
|
|move|p1a: Xatu|Calm Mind|p1a: Xatu
|-boost|p1a: Xatu|spa|1
|-boost|p1a: Xatu|spd|1
|move|p2a: Zacian|Behemoth Blade|p1a: Xatu
|-end|p1a: Xatu|Substitute
|
|-heal|p1a: Xatu|91/100|[from] Aqua Ring
|upkeep
|turn|28
|
|move|p1a: Xatu|Baton Pass|p1a: Xatu
|
|switch|p1a: Clefable|Clefable, M|100/100|[from]move: Baton Pass
|-status|p1a: Clefable|tox
|move|p2a: Zacian|Behemoth Blade|p1a: Clefable
|-supereffective|p1a: Clefable
|-damage|p1a: Clefable|33/100 tox
|
|-heal|p1a: Clefable|39/100 tox|[from] item: Leftovers
|-heal|p1a: Clefable|45/100 tox|[from] Aqua Ring
|-damage|p1a: Clefable|39/100 tox|[from] psn
|upkeep
|turn|29
|
|-start|p1a: Clefable|Dynamax
|-heal|p1a: Clefable|39/100 tox|[silent]
|move|p2a: Zacian|Behemoth Blade|p1a: Clefable
|-supereffective|p1a: Clefable
|-damage|p1a: Clefable|0 fnt
|faint|p1a: Clefable
|
|upkeep
|-message|Kay9ine1 forfeited.
|
|win|willcoxw
|l|☆Kay9ine1
|raw|Kay9ine1's rating: 1805 &rarr; <strong>1778</strong><br />(-27 for losing)
|raw|willcoxw's rating: 1676 &rarr; <strong>1703</strong><br />(+27 for winning)
