|j|☆mrdarkcyber
|j|☆ox04
|t:|1664376509
|gametype|singles
|player|p1|mrdarkcyber|2|1592
|player|p2|ox04|red-gen7|1661
|teamsize|p1|6
|teamsize|p2|6
|gen|8
|tier|[Gen 8] Ubers
|rated|
|rule|Sleep Clause Mod: Limit one foe put to sleep
|rule|Species Clause: Limit one of each Pokémon
|rule|OHKO Clause: OHKO moves are banned
|rule|Evasion Items Clause: Evasion items are banned
|rule|Evasion Moves Clause: Evasion moves are banned
|rule|Endless Battle Clause: Forcing endless battles is banned
|rule|HP Percentage Mod: HP is shown in percentages
|rule|Dynamax Clause: You cannot dynamax
|clearpoke
|poke|p1|Tyranitar, F|
|poke|p1|Excadrill, F|
|poke|p1|Yveltal|
|poke|p1|Blissey, F|
|poke|p1|Kyogre|
|poke|p1|Reshiram|
|poke|p2|Marshadow|
|poke|p2|Yveltal|
|poke|p2|Kyogre|
|poke|p2|Ho-Oh|
|poke|p2|Weavile, M|
|poke|p2|Genesect|
|teampreview
|c|☆mrdarkcyber|glhf
|c|☆ox04|u2
|
|t:|1664376524
|start
|switch|p1a: Reshiram|Reshiram|100/100
|switch|p2a: Genesect|Genesect, shiny|100/100
|-ability|p2a: Genesect|Download|boost
|-boost|p2a: Genesect|atk|1
|-ability|p1a: Reshiram|Turboblaze
|turn|1
|
|t:|1664376534
|move|p2a: Genesect|U-turn|p1a: Reshiram
|-resisted|p1a: Reshiram
|-damage|p1a: Reshiram|75/100
|
|t:|1664376536
|switch|p2a: Ho-Oh|Ho-Oh|100/100|[from]move: U-turn
|move|p1a: Reshiram|Draco Meteor|p2a: Ho-Oh
|-damage|p2a: Ho-Oh|59/100
|-unboost|p1a: Reshiram|spa|2
|
|upkeep
|turn|2
|
|t:|1664376546
|switch|p1a: Tyranitar|Tyranitar, F|100/100
|-weather|Sandstorm|[from] ability: Sand Stream|[of] p1a: Tyranitar
|switch|p2a: Genesect|Genesect, shiny|100/100
|-ability|p2a: Genesect|Download|boost
|-boost|p2a: Genesect|atk|1
|
|-weather|Sandstorm|[upkeep]
|upkeep
|turn|3
|
|t:|1664376554
|switch|p1a: Reshiram|Reshiram|75/100
|-ability|p1a: Reshiram|Turboblaze
|move|p2a: Genesect|Iron Head|p1a: Reshiram
|-resisted|p1a: Reshiram
|-crit|p1a: Reshiram
|-damage|p1a: Reshiram|30/100
|
|-weather|Sandstorm|[upkeep]
|-damage|p1a: Reshiram|24/100|[from] Sandstorm
|upkeep
|turn|4
|inactive|Battle timer is ON: inactive players will automatically lose when time's up. (requested by mrdarkcyber)
|c|☆ox04|sorry
|c|☆ox04|I thought I might ko with sand
|
|t:|1664376578
|switch|p1a: Kyogre|Kyogre|100/100
|-weather|RainDance|[from] ability: Drizzle|[of] p1a: Kyogre
|move|p2a: Genesect|Iron Head|p1a: Kyogre
|-resisted|p1a: Kyogre
|-damage|p1a: Kyogre|82/100
|
|-weather|RainDance|[upkeep]
|-heal|p1a: Kyogre|89/100|[from] item: Leftovers
|upkeep
|turn|5
|
|t:|1664376586
|switch|p2a: Kyogre|Kyogre|100/100
|move|p1a: Kyogre|Scald|p2a: Kyogre
|-resisted|p2a: Kyogre
|-damage|p2a: Kyogre|78/100
|
|-weather|RainDance|[upkeep]
|-heal|p1a: Kyogre|95/100|[from] item: Leftovers
|upkeep
|turn|6
|
|t:|1664376601
|switch|p1a: Blissey|Blissey, F|100/100
|move|p2a: Kyogre|Water Spout|p1a: Blissey
|-damage|p1a: Blissey|69/100
|
|-weather|RainDance|[upkeep]
|upkeep
|turn|7
|j| ok sir
|
|t:|1664376607
|switch|p2a: Marshadow|Marshadow|100/100
|move|p1a: Blissey|Thunder Wave|p2a: Marshadow
|-status|p2a: Marshadow|par
|
|-weather|RainDance|[upkeep]
|upkeep
|turn|8
|
|t:|1664376617
|switch|p1a: Reshiram|Reshiram|24/100
|-ability|p1a: Reshiram|Turboblaze
|move|p2a: Marshadow|Low Kick|p1a: Reshiram
|-damage|p1a: Reshiram|0 fnt
|faint|p1a: Reshiram
|-damage|p2a: Marshadow|91/100 par|[from] item: Life Orb
|
|-weather|none
|upkeep
|
|t:|1664376627
|switch|p1a: Yveltal|Yveltal|100/100
|-ability|p1a: Yveltal|Dark Aura
|turn|9
|c| ok sir|1661
|c|☆ox04|did you really run that speed just to outspeed 99 base paralyzed
|c| ok sir|oh my OX
|c|☆ox04|yea I dropped
|inactive|ox04 has 120 seconds left.
|c|☆ox04|last I checked I had 1800
|
|t:|1664376667
|switch|p2a: Yveltal|Yveltal|100/100
|-ability|p2a: Yveltal|Dark Aura
|move|p1a: Yveltal|Knock Off|p2a: Yveltal
|-resisted|p2a: Yveltal
|-damage|p2a: Yveltal|49/100
|-enditem|p2a: Yveltal|Life Orb|[from] move: Knock Off|[of] p1a: Yveltal
|
|upkeep
|turn|10
|c| ok sir|haha
|c|☆ox04|not last
|
|t:|1664376673
|switch|p1a: Tyranitar|Tyranitar, F|100/100
|-weather|Sandstorm|[from] ability: Sand Stream|[of] p1a: Tyranitar
|move|p2a: Yveltal|Oblivion Wing|p1a: Tyranitar
|-resisted|p1a: Tyranitar
|-damage|p1a: Tyranitar|92/100
|-heal|p2a: Yveltal|56/100|[from] drain|[of] p1a: Tyranitar
|
|-weather|Sandstorm|[upkeep]
|-damage|p2a: Yveltal|50/100|[from] Sandstorm
|upkeep
|turn|11
|c|☆ox04|but that wa last week
|
|t:|1664376691
|move|p2a: Yveltal|Taunt|p1a: Tyranitar
|-start|p1a: Tyranitar|move: Taunt
|cant|p1a: Tyranitar|move: Taunt|Stealth Rock
|
|-weather|Sandstorm|[upkeep]
|-damage|p2a: Yveltal|44/100|[from] Sandstorm
|upkeep
|turn|12
|c|☆ox04|hm what now
|
|t:|1664376708
|move|p2a: Yveltal|Oblivion Wing|p1a: Tyranitar
|-resisted|p1a: Tyranitar
|-damage|p1a: Tyranitar|84/100
|-heal|p2a: Yveltal|50/100|[from] drain|[of] p1a: Tyranitar
|move|p1a: Tyranitar|Foul Play|p2a: Yveltal
|-resisted|p2a: Yveltal
|-damage|p2a: Yveltal|27/100
|
|-weather|Sandstorm|[upkeep]
|-damage|p2a: Yveltal|21/100|[from] Sandstorm
|upkeep
|turn|13
|
|t:|1664376714
|move|p2a: Yveltal|Oblivion Wing|p1a: Tyranitar
|-resisted|p1a: Tyranitar
|-damage|p1a: Tyranitar|75/100
|-heal|p2a: Yveltal|29/100|[from] drain|[of] p1a: Tyranitar
|move|p1a: Tyranitar|Foul Play|p2a: Yveltal
|-resisted|p2a: Yveltal
|-damage|p2a: Yveltal|8/100
|
|-weather|Sandstorm|[upkeep]
|-damage|p2a: Yveltal|2/100|[from] Sandstorm
|-end|p1a: Tyranitar|move: Taunt
|upkeep
|turn|14
|c| ok sir|I will sleep after this
|
|t:|1664376720
|move|p2a: Yveltal|Taunt|p1a: Tyranitar
|-start|p1a: Tyranitar|move: Taunt
|cant|p1a: Tyranitar|move: Taunt|Stealth Rock
|
|-weather|none
|upkeep
|turn|15
|c|☆ox04|good for you
|
|t:|1664376726
|move|p2a: Yveltal|Oblivion Wing|p1a: Tyranitar
|-resisted|p1a: Tyranitar
|-damage|p1a: Tyranitar|61/100
|-heal|p2a: Yveltal|12/100|[from] drain|[of] p1a: Tyranitar
|move|p1a: Tyranitar|Foul Play|p2a: Yveltal
|-resisted|p2a: Yveltal
|-damage|p2a: Yveltal|0 fnt
|faint|p2a: Yveltal
|
|upkeep
|
|t:|1664376733
|switch|p2a: Genesect|Genesect, shiny|100/100
|-ability|p2a: Genesect|Download|boost
|-boost|p2a: Genesect|atk|1
|turn|16
|c| ok sir|you too
|c|☆ox04|I know
|c|☆ox04|I always get 8+ hours of sleep
|c| ok sir|haha interesting
|
|t:|1664376757
|move|p2a: Genesect|U-turn|p1a: Tyranitar
|-supereffective|p1a: Tyranitar
|-damage|p1a: Tyranitar|0 fnt
|faint|p1a: Tyranitar
|c| ok sir|wow good sleep
|c|☆ox04|genesect good his rest
|c|☆ox04|as you can see
|
|t:|1664376782
|switch|p2a: Kyogre|Kyogre|78/100|[from]move: U-turn
|-weather|RainDance|[from] ability: Drizzle|[of] p2a: Kyogre
|
|-weather|RainDance|[upkeep]
|upkeep
|c|☆mrdarkcyber|ur genesect is the only think screwing me here
|c|☆ox04|feel free to go bliss
|c|☆ox04|yea I know
|inactive|mrdarkcyber has 120 seconds left.
|c|☆ox04|I have blaze kick for shedinja too lmao
|c|☆ox04|and for ferro and other such bs
|c| ok sir|haha shedinja
|
|t:|1664376820
|switch|p1a: Yveltal|Yveltal|100/100
|-ability|p1a: Yveltal|Dark Aura
|turn|17
|c|☆ox04|I hate facing shedinja
|c|☆mrdarkcyber|not today
|c|☆ox04|so annoying
|
|t:|1664376829
|move|p2a: Kyogre|Thunder|p1a: Yveltal
|-supereffective|p1a: Yveltal
|-damage|p1a: Yveltal|0 fnt
|faint|p1a: Yveltal
|
|-weather|RainDance|[upkeep]
|upkeep
|c| ok sir|wow
|c|☆ox04|what
|c|☆ox04|adamant
|c|☆mrdarkcyber|oh u have to be kidding me
|c|☆ox04|you're crazy for that
|c| ok sir|It's Thunder
|c|☆ox04|and yes
|c|☆ox04|I love specs kyogre
|inactive|mrdarkcyber has 90 seconds left.
|c|☆mrdarkcyber|i forgot a small detail
|c|☆ox04|yea nature
|c|☆mrdarkcyber|my yveltal is slow as fuck
|
|t:|1664376869
|switch|p1a: Excadrill|Excadrill, F|100/100
|turn|18
|c|☆ox04|I'm expert belt
|c|☆ox04|that was max roll
|c|☆ox04|don't rock slide here
|
|t:|1664376888
|switch|p2a: Ho-Oh|Ho-Oh|92/100
|move|p1a: Excadrill|Rapid Spin|p2a: Ho-Oh
|-damage|p2a: Ho-Oh|68/100
|-boost|p1a: Excadrill|spe|1
|-damage|p1a: Excadrill|91/100|[from] item: Life Orb
|
|-weather|RainDance|[upkeep]
|upkeep
|turn|19
|c|☆mrdarkcyber|oh
|c|☆ox04|what oh
|c| ok sir|wow,rapid spin
|c|☆mrdarkcyber|this is my only way
|
|t:|1664376907
|switch|p2a: Kyogre|Kyogre|78/100
|move|p1a: Excadrill|Rock Slide|p2a: Kyogre
|-damage|p2a: Kyogre|38/100
|-damage|p1a: Excadrill|81/100|[from] item: Life Orb
|
|-weather|RainDance|[upkeep]
|upkeep
|turn|20
|
|t:|1664376923
|switch|p2a: Ho-Oh|Ho-Oh|100/100
|move|p1a: Excadrill|Earthquake|p2a: Ho-Oh
|-immune|p2a: Ho-Oh
|
|-weather|none
|upkeep
|turn|21
|c| ok sir|did earthquake can kill gecesect?
|
|t:|1664376930
|switch|p2a: Genesect|Genesect, shiny|100/100
|-ability|p2a: Genesect|Download|boost
|-boost|p2a: Genesect|atk|1
|move|p1a: Excadrill|Rock Slide|p2a: Genesect
|-damage|p2a: Genesect|47/100
|-damage|p1a: Excadrill|71/100|[from] item: Life Orb
|
|upkeep
|turn|22
|c| ok sir|wow
|c|☆ox04|as you can see
|c|☆mrdarkcyber|well now it does
|
|t:|1664376945
|move|p2a: Genesect|U-turn|p1a: Excadrill
|-resisted|p1a: Excadrill
|-damage|p1a: Excadrill|36/100
|c|☆ox04|easily would be more accurate
|c|☆ox04|but I'm hasty
|c|☆ox04|so
|
|t:|1664376959
|switch|p2a: Kyogre|Kyogre|38/100|[from]move: U-turn
|-weather|RainDance|[from] ability: Drizzle|[of] p2a: Kyogre
|move|p1a: Excadrill|Earthquake|p2a: Kyogre
|-damage|p2a: Kyogre|0 fnt
|faint|p2a: Kyogre
|-damage|p1a: Excadrill|26/100|[from] item: Life Orb
|
|-weather|RainDance|[upkeep]
|upkeep
|
|t:|1664376962
|switch|p2a: Marshadow|Marshadow|91/100 par
|turn|23
|c|☆mrdarkcyber|that was goof
|c|☆ox04|para
|c|☆ox04|go
|
|t:|1664376970
|move|p2a: Marshadow|Shadow Sneak|p1a: Excadrill
|-damage|p1a: Excadrill|0 fnt
|faint|p1a: Excadrill
|-damage|p2a: Marshadow|81/100 par|[from] item: Life Orb
|
|-weather|RainDance|[upkeep]
|upkeep
|c|☆ox04|that's for the flex
|
|t:|1664376979
|switch|p1a: Kyogre|Kyogre|95/100
|turn|24
|inactive|mrdarkcyber has 90 seconds left.
|c| ok sir|marshadow,of course
|c|☆ox04|I have 4 priority mons
|c|☆ox04|and I use the parad one
|
|t:|1664377006
|cant|p2a: Marshadow|par
|move|p1a: Kyogre|Scald|p2a: Marshadow
|-crit|p2a: Marshadow
|-damage|p2a: Marshadow|0 fnt
|faint|p2a: Marshadow
|
|-weather|RainDance|[upkeep]
|-heal|p1a: Kyogre|100/100|[from] item: Leftovers
|upkeep
|c|☆ox04|f
|
|t:|1664377015
|switch|p2a: Genesect|Genesect, shiny|47/100
|-ability|p2a: Genesect|Download|boost
|-boost|p2a: Genesect|atk|1
|turn|25
|c|☆mrdarkcyber|well u still prob win
|c|☆ox04|ok don't be rest
|c|☆ox04|and we're friends
|inactive|mrdarkcyber has 90 seconds left.
|c| ok sir|haha
|c|☆mrdarkcyber|u still fucking win
|c|☆ox04|oh so you ARE rest
|c|☆ox04|INTERESTING
|c|☆mrdarkcyber|yaaaaaa
|
|t:|1664377058
|move|p2a: Genesect|U-turn|p1a: Kyogre
|-crit|p1a: Kyogre
|-damage|p1a: Kyogre|52/100
|c|☆mrdarkcyber|whatttt
|c|☆ox04|ok my jokes are going too far I think
|
|t:|1664377072
|switch|p2a: Weavile|Weavile, M|100/100|[from]move: U-turn
|-ability|p2a: Weavile|Pressure
|move|p1a: Kyogre|Scald|p2a: Weavile
|-damage|p2a: Weavile|15/100
|
|-weather|RainDance|[upkeep]
|-heal|p1a: Kyogre|58/100|[from] item: Leftovers
|upkeep
|turn|26
|c|☆mrdarkcyber|thats a crit??
|c| ok sir|wait u-turn can do this?
|c| ok sir|ohhhhhh
|c| ok sir|not burn
|inactive|mrdarkcyber has 60 seconds left.
|
|t:|1664377093
|move|p2a: Weavile|Knock Off|p1a: Kyogre
|-damage|p1a: Kyogre|26/100
|-enditem|p1a: Kyogre|Leftovers|[from] move: Knock Off|[of] p2a: Weavile
|move|p1a: Kyogre|Rest|p1a: Kyogre
|-status|p1a: Kyogre|slp|[from] move: Rest
|-heal|p1a: Kyogre|100/100 slp|[silent]
|
|-weather|none
|upkeep
|turn|27
|
|t:|1664377101
|move|p2a: Weavile|Swords Dance|p2a: Weavile
|-boost|p2a: Weavile|atk|2
|cant|p1a: Kyogre|slp
|
|upkeep
|turn|28
|
|t:|1664377106
|move|p2a: Weavile|Knock Off|p1a: Kyogre
|-damage|p1a: Kyogre|58/100 slp
|cant|p1a: Kyogre|slp
|
|upkeep
|turn|29
|c|☆ox04|no sleep talk
|c|☆ox04|gg
|
|t:|1664377115
|move|p2a: Weavile|Knock Off|p1a: Kyogre
|-damage|p1a: Kyogre|17/100 slp
|-curestatus|p1a: Kyogre|slp|[msg]
|move|p1a: Kyogre|Scald|p2a: Weavile
|-damage|p2a: Weavile|0 fnt
|faint|p2a: Weavile
|
|upkeep
|
|t:|1664377125
|switch|p2a: Genesect|Genesect, shiny|47/100
|-ability|p2a: Genesect|Download|boost
|-boost|p2a: Genesect|atk|1
|turn|30
|c| ok sir|why no sleep talk it's interesting
|c|☆mrdarkcyber|yeah gg
|-message|mrdarkcyber forfeited.
|
|win|ox04
|raw|mrdarkcyber's rating: 1592 &rarr; <strong>1576</strong><br />(-16 for losing)
|raw|ox04's rating: 1661 &rarr; <strong>1677</strong><br />(+16 for winning)
|l|☆mrdarkcyber
|c|☆ox04|nice one
|c| ok sir|ok,I'm go to sleep,I'm chinese.
|c|☆ox04|genesect is the goat and that's a fact
|c|☆ox04|remember that
|c| ok sir|So good night for both
|c| ok sir|haha
|c| ok sir|I know
|c|☆ox04|gn
||Ladder isn't responding, score probably updated but might not have (Request timeout).
|l|☆ox04
