|j|☆Zenadark
|j|☆Nael222
|t:|1663335228
|gametype|singles
|player|p1|Zenadark|102|
|player|p2|Nael222|169|
|teamsize|p1|6
|teamsize|p2|6
|gen|8
|tier|[Gen 8] Ubers
|rule|Sleep Clause Mod: Limit one foe put to sleep
|rule|Species Clause: Limit one of each Pokémon
|rule|OHKO Clause: OHKO moves are banned
|rule|Evasion Items Clause: Evasion items are banned
|rule|Evasion Moves Clause: Evasion moves are banned
|rule|Endless Battle Clause: Forcing endless battles is banned
|rule|HP Percentage Mod: HP is shown in percentages
|rule|Dynamax Clause: You cannot dynamax
|clearpoke
|poke|p1|Groudon|
|poke|p1|Necrozma-Dusk-Mane|
|poke|p1|Buzzwole|
|poke|p1|Lunala|
|poke|p1|Yveltal|
|poke|p1|Eternatus|
|poke|p2|Eternatus|
|poke|p2|Marshadow|
|poke|p2|Ho-Oh|
|poke|p2|Groudon|
|poke|p2|Necrozma-Dusk-Mane|
|poke|p2|Yveltal|
|teampreview
|c|☆Nael222|Hf
|c|☆Zenadark|hf
|
|t:|1663335250
|start
|switch|p1a: Lunala|Lunala, shiny|100/100
|switch|p2a: Groudon|Groudon|100/100
|-weather|SunnyDay|[from] ability: Drought|[of] p2a: Groudon
|turn|1
|
|t:|1663335258
|switch|p2a: Yveltal|Yveltal|100/100
|-ability|p2a: Yveltal|Dark Aura
|move|p1a: Lunala|Future Sight|p2a: Yveltal
|-start|p1a: Lunala|move: Future Sight
|
|-weather|SunnyDay|[upkeep]
|upkeep
|turn|2
|
|t:|1663335265
|switch|p1a: Yveltal|Yveltal, shiny|100/100
|-ability|p1a: Yveltal|Dark Aura
|move|p2a: Yveltal|U-turn|p1a: Yveltal
|-damage|p1a: Yveltal|84/100
|
|t:|1663335310
|switch|p2a: Necrozma|Necrozma-Dusk-Mane|100/100|[from]move: U-turn
|
|-weather|SunnyDay|[upkeep]
|upkeep
|turn|3
|
|t:|1663335317
|move|p1a: Yveltal|Knock Off|p2a: Necrozma
|-supereffective|p2a: Necrozma
|-damage|p2a: Necrozma|44/100
|-enditem|p2a: Necrozma|Leftovers|[from] move: Knock Off|[of] p1a: Yveltal
|move|p2a: Necrozma|Morning Sun|p2a: Necrozma
|-heal|p2a: Necrozma|100/100
|
|-weather|SunnyDay|[upkeep]
|-end|p2a: Necrozma|move: Future Sight
|-resisted|p2a: Necrozma
|-damage|p2a: Necrozma|91/100
|upkeep
|turn|4
|
|t:|1663335328
|switch|p2a: Eternatus|Eternatus|100/100
|-ability|p2a: Eternatus|Pressure
|move|p1a: Yveltal|Foul Play|p2a: Eternatus
|-damage|p2a: Eternatus|76/100
|
|-weather|SunnyDay|[upkeep]
|-heal|p2a: Eternatus|82/100|[from] item: Black Sludge
|upkeep
|turn|5
|
|t:|1663335337
|switch|p1a: Necrozma|Necrozma-Dusk-Mane|100/100
|move|p2a: Eternatus|Toxic|p1a: Necrozma
|-immune|p1a: Necrozma
|
|-weather|none
|-heal|p2a: Eternatus|88/100|[from] item: Black Sludge
|upkeep
|turn|6
|
|t:|1663335341
|switch|p2a: Groudon|Groudon|100/100
|-weather|SunnyDay|[from] ability: Drought|[of] p2a: Groudon
|move|p1a: Necrozma|Dragon Dance|p1a: Necrozma
|-boost|p1a: Necrozma|atk|1
|-boost|p1a: Necrozma|spe|1
|
|-weather|SunnyDay|[upkeep]
|upkeep
|turn|7
|
|t:|1663335346
|switch|p1a: Yveltal|Yveltal, shiny|84/100
|-ability|p1a: Yveltal|Dark Aura
|move|p2a: Groudon|Precipice Blades|p1a: Yveltal
|-immune|p1a: Yveltal
|
|-weather|SunnyDay|[upkeep]
|upkeep
|turn|8
|
|t:|1663335350
|switch|p2a: Eternatus|Eternatus|88/100
|-ability|p2a: Eternatus|Pressure
|move|p1a: Yveltal|Knock Off|p2a: Eternatus
|-damage|p2a: Eternatus|46/100
|-enditem|p2a: Eternatus|Black Sludge|[from] move: Knock Off|[of] p1a: Yveltal
|
|-weather|SunnyDay|[upkeep]
|upkeep
|turn|9
|
|t:|1663335357
|switch|p1a: Necrozma|Necrozma-Dusk-Mane|100/100
|move|p2a: Eternatus|Recover|p2a: Eternatus
|-heal|p2a: Eternatus|97/100
|
|-weather|SunnyDay|[upkeep]
|upkeep
|turn|10
|
|t:|1663335362
|switch|p2a: Ho-Oh|Ho-Oh|100/100
|switch|p1a: Lunala|Lunala, shiny|100/100
|
|-weather|none
|upkeep
|turn|11
|
|t:|1663335368
|switch|p2a: Yveltal|Yveltal|100/100
|-ability|p2a: Yveltal|Dark Aura
|move|p1a: Lunala|Thunder Wave|p2a: Yveltal
|-status|p2a: Yveltal|par
|
|upkeep
|turn|12
|
|t:|1663335376
|switch|p1a: Groudon|Groudon, shiny|100/100
|-weather|SunnyDay|[from] ability: Drought|[of] p1a: Groudon
|cant|p2a: Yveltal|par
|
|-weather|SunnyDay|[upkeep]
|upkeep
|turn|13
|
|t:|1663335383
|move|p1a: Groudon|Stealth Rock|p2a: Yveltal
|-sidestart|p2: Nael222|move: Stealth Rock
|move|p2a: Yveltal|Knock Off|p1a: Groudon
|-damage|p1a: Groudon|71/100
|-enditem|p1a: Groudon|Leftovers|[from] move: Knock Off|[of] p2a: Yveltal
|
|-weather|SunnyDay|[upkeep]
|upkeep
|turn|14
|
|t:|1663335390
|switch|p2a: Groudon|Groudon|100/100
|-damage|p2a: Groudon|94/100|[from] Stealth Rock
|move|p1a: Groudon|Precipice Blades|p2a: Groudon|[miss]
|-miss|p1a: Groudon|p2a: Groudon
|
|-weather|SunnyDay|[upkeep]
|-heal|p2a: Groudon|100/100|[from] item: Leftovers
|upkeep
|turn|15
|
|t:|1663335395
|move|p2a: Groudon|Toxic|p1a: Groudon
|-status|p1a: Groudon|tox
|move|p1a: Groudon|Precipice Blades|p2a: Groudon
|-damage|p2a: Groudon|71/100
|
|-weather|SunnyDay|[upkeep]
|-heal|p2a: Groudon|77/100|[from] item: Leftovers
|-damage|p1a: Groudon|65/100 tox|[from] psn
|upkeep
|turn|16
|
|t:|1663335405
|switch|p2a: Yveltal|Yveltal|100/100 par
|-ability|p2a: Yveltal|Dark Aura
|move|p1a: Groudon|Precipice Blades|p2a: Yveltal
|-immune|p2a: Yveltal
|
|-weather|none
|-damage|p1a: Groudon|52/100 tox|[from] psn
|upkeep
|turn|17
|
|t:|1663335410
|move|p1a: Groudon|Stone Edge|p2a: Yveltal
|-supereffective|p2a: Yveltal
|-damage|p2a: Yveltal|49/100 par
|move|p2a: Yveltal|Roost|p2a: Yveltal
|-heal|p2a: Yveltal|99/100 par
|-singleturn|p2a: Yveltal|move: Roost
|
|-damage|p1a: Groudon|34/100 tox|[from] psn
|upkeep
|turn|18
|
|t:|1663335415
|move|p1a: Groudon|Stone Edge|p2a: Yveltal
|-supereffective|p2a: Yveltal
|-damage|p2a: Yveltal|49/100 par
|move|p2a: Yveltal|Defog|p1a: Groudon
|-unboost|p1a: Groudon|evasion|1
|-sideend|p2: Nael222|Stealth Rock|[from] move: Defog|[of] p2a: Yveltal
|
|-damage|p1a: Groudon|9/100 tox|[from] psn
|upkeep
|turn|19
|
|t:|1663335421
|move|p1a: Groudon|Stealth Rock|p2a: Yveltal
|-sidestart|p2: Nael222|move: Stealth Rock
|move|p2a: Yveltal|Roost|p2a: Yveltal
|-heal|p2a: Yveltal|99/100 par
|-singleturn|p2a: Yveltal|move: Roost
|
|-damage|p1a: Groudon|0 fnt|[from] psn
|faint|p1a: Groudon
|upkeep
|
|t:|1663335426
|switch|p1a: Buzzwole|Buzzwole|100/100
|turn|20
|
|t:|1663335432
|switch|p2a: Ho-Oh|Ho-Oh|100/100
|move|p1a: Buzzwole|Close Combat|p2a: Ho-Oh
|-resisted|p2a: Ho-Oh
|-damage|p2a: Ho-Oh|46/100
|-unboost|p1a: Buzzwole|def|1
|-unboost|p1a: Buzzwole|spd|1
|
|upkeep
|turn|21
|
|t:|1663335440
|switch|p2a: Marshadow|Marshadow|100/100
|-damage|p2a: Marshadow|94/100|[from] Stealth Rock
|move|p1a: Buzzwole|Close Combat|p2a: Marshadow
|-immune|p2a: Marshadow
|
|upkeep
|turn|22
|
|t:|1663335450
|switch|p2a: Yveltal|Yveltal|99/100 par
|-ability|p2a: Yveltal|Dark Aura
|switch|p1a: Eternatus|Eternatus|100/100
|-ability|p1a: Eternatus|Pressure
|
|upkeep
|turn|23
|
|t:|1663335462
|move|p1a: Eternatus|Dragon Pulse|p2a: Yveltal
|-damage|p2a: Yveltal|76/100 par
|move|p2a: Yveltal|Defog|p1a: Eternatus
|-unboost|p1a: Eternatus|evasion|1
|-sideend|p2: Nael222|Stealth Rock|[from] move: Defog|[of] p2a: Yveltal
|
|upkeep
|turn|24
|
|t:|1663335470
|switch|p1a: Yveltal|Yveltal, shiny|84/100
|-ability|p1a: Yveltal|Dark Aura
|move|p2a: Yveltal|Knock Off|p1a: Yveltal
|-resisted|p1a: Yveltal
|-damage|p1a: Yveltal|58/100
|-enditem|p1a: Yveltal|Heavy-Duty Boots|[from] move: Knock Off|[of] p2a: Yveltal
|
|upkeep
|turn|25
|
|t:|1663335476
|move|p1a: Yveltal|Roost|p1a: Yveltal
|-heal|p1a: Yveltal|100/100
|-singleturn|p1a: Yveltal|move: Roost
|move|p2a: Yveltal|U-turn|p1a: Yveltal
|-supereffective|p1a: Yveltal
|-damage|p1a: Yveltal|64/100
|
|t:|1663335482
|switch|p2a: Eternatus|Eternatus|97/100|[from]move: U-turn
|-ability|p2a: Eternatus|Pressure
|
|upkeep
|turn|26
|
|t:|1663335496
|switch|p1a: Eternatus|Eternatus|100/100
|-ability|p1a: Eternatus|Pressure
|move|p2a: Eternatus|Toxic|p1a: Eternatus
|-immune|p1a: Eternatus
|
|upkeep
|turn|27
|
|t:|1663335508
|switch|p1a: Necrozma|Necrozma-Dusk-Mane|100/100
|move|p2a: Eternatus|Dynamax Cannon|p1a: Necrozma
|-resisted|p1a: Necrozma
|-damage|p1a: Necrozma|85/100
|
|upkeep
|turn|28
|
|t:|1663335516
|switch|p2a: Ho-Oh|Ho-Oh|79/100
|move|p1a: Necrozma|Sunsteel Strike|p2a: Ho-Oh
|-resisted|p2a: Ho-Oh
|-damage|p2a: Ho-Oh|54/100
|
|upkeep
|turn|29
|
|t:|1663335520
|move|p2a: Ho-Oh|Thunder Wave|p1a: Necrozma
|-status|p1a: Necrozma|par
|move|p1a: Necrozma|Stone Edge|p2a: Ho-Oh
|-supereffective|p2a: Ho-Oh
|-crit|p2a: Ho-Oh
|-damage|p2a: Ho-Oh|0 fnt
|faint|p2a: Ho-Oh
|
|upkeep
|
|t:|1663335529
|switch|p2a: Groudon|Groudon|77/100
|-weather|SunnyDay|[from] ability: Drought|[of] p2a: Groudon
|turn|30
|
|t:|1663335533
|switch|p1a: Yveltal|Yveltal, shiny|64/100
|-ability|p1a: Yveltal|Dark Aura
|move|p2a: Groudon|Stealth Rock|p1a: Yveltal
|-sidestart|p1: Zenadark|move: Stealth Rock
|
|-weather|SunnyDay|[upkeep]
|-heal|p2a: Groudon|84/100|[from] item: Leftovers
|upkeep
|turn|31
|
|t:|1663335538
|move|p1a: Yveltal|Knock Off|p2a: Groudon
|-crit|p2a: Groudon
|-damage|p2a: Groudon|40/100
|-enditem|p2a: Groudon|Leftovers|[from] move: Knock Off|[of] p1a: Yveltal
|move|p2a: Groudon|Stone Edge|p1a: Yveltal
|-supereffective|p1a: Yveltal
|-damage|p1a: Yveltal|1/100
|
|-weather|SunnyDay|[upkeep]
|upkeep
|turn|32
|
|t:|1663335548
|switch|p2a: Eternatus|Eternatus|97/100
|-ability|p2a: Eternatus|Pressure
|move|p1a: Yveltal|Defog|p2a: Eternatus
|-unboost|p2a: Eternatus|evasion|1
|-sideend|p1: Zenadark|Stealth Rock|[from] move: Defog|[of] p1a: Yveltal
|
|-weather|SunnyDay|[upkeep]
|upkeep
|turn|33
|
|t:|1663335553
|move|p2a: Eternatus|Mystical Fire|p1a: Yveltal
|-damage|p1a: Yveltal|0 fnt
|faint|p1a: Yveltal
|
|-weather|SunnyDay|[upkeep]
|upkeep
|
|t:|1663335557
|switch|p1a: Lunala|Lunala, shiny|100/100
|turn|34
|
|t:|1663335565
|switch|p2a: Yveltal|Yveltal|76/100 par
|-ability|p2a: Yveltal|Dark Aura
|move|p1a: Lunala|Future Sight|p2a: Yveltal
|-start|p1a: Lunala|move: Future Sight
|
|-weather|none
|upkeep
|turn|35
|
|t:|1663335576
|switch|p1a: Buzzwole|Buzzwole|100/100
|move|p2a: Yveltal|U-turn|p1a: Buzzwole
|-resisted|p1a: Buzzwole
|-damage|p1a: Buzzwole|94/100
|
|t:|1663335583
|switch|p2a: Necrozma|Necrozma-Dusk-Mane|91/100|[from]move: U-turn
|
|upkeep
|turn|36
|
|t:|1663335587
|move|p2a: Necrozma|Morning Sun|p2a: Necrozma
|-heal|p2a: Necrozma|100/100
|move|p1a: Buzzwole|Close Combat|p2a: Necrozma
|-damage|p2a: Necrozma|29/100
|-unboost|p1a: Buzzwole|def|1
|-unboost|p1a: Buzzwole|spd|1
|
|-end|p2a: Necrozma|move: Future Sight
|-resisted|p2a: Necrozma
|-damage|p2a: Necrozma|20/100
|upkeep
|turn|37
|
|t:|1663335603
|switch|p2a: Marshadow|Marshadow|94/100
|switch|p1a: Eternatus|Eternatus|100/100
|-ability|p1a: Eternatus|Pressure
|
|upkeep
|turn|38
|
|t:|1663335614
|switch|p2a: Yveltal|Yveltal|76/100 par
|-ability|p2a: Yveltal|Dark Aura
|move|p1a: Eternatus|Dragon Pulse|p2a: Yveltal
|-damage|p2a: Yveltal|55/100 par
|
|upkeep
|turn|39
|
|t:|1663335619
|switch|p1a: Buzzwole|Buzzwole|94/100
|move|p2a: Yveltal|U-turn|p1a: Buzzwole
|-resisted|p1a: Buzzwole
|-damage|p1a: Buzzwole|88/100
|
|t:|1663335622
|switch|p2a: Eternatus|Eternatus|97/100|[from]move: U-turn
|-ability|p2a: Eternatus|Pressure
|
|upkeep
|turn|40
|
|t:|1663335629
|switch|p1a: Lunala|Lunala, shiny|100/100
|move|p2a: Eternatus|Mystical Fire|p1a: Lunala
|-damage|p1a: Lunala|92/100
|-unboost|p1a: Lunala|spa|1
|
|upkeep
|turn|41
|
|t:|1663335638
|switch|p2a: Yveltal|Yveltal|55/100 par
|-ability|p2a: Yveltal|Dark Aura
|move|p1a: Lunala|Future Sight|p2a: Yveltal
|-start|p1a: Lunala|move: Future Sight
|
|upkeep
|turn|42
|
|t:|1663335648
|move|p1a: Lunala|Roost|p1a: Lunala
|-heal|p1a: Lunala|100/100
|-singleturn|p1a: Lunala|move: Roost
|move|p2a: Yveltal|U-turn|p1a: Lunala
|-damage|p1a: Lunala|93/100
|
|t:|1663335655
|switch|p2a: Necrozma|Necrozma-Dusk-Mane|20/100|[from]move: U-turn
|
|upkeep
|turn|43
|
|t:|1663335658
|switch|p2a: Yveltal|Yveltal|55/100 par
|-ability|p2a: Yveltal|Dark Aura
|move|p1a: Lunala|Teleport|p1a: Lunala
|
|t:|1663335663
|switch|p1a: Buzzwole|Buzzwole|88/100|[from]move: Teleport
|
|-end|p2a: Yveltal|move: Future Sight
|-immune|p2a: Yveltal
|upkeep
|turn|44
|j| Evoisbad
|
|t:|1663335669
|switch|p2a: Eternatus|Eternatus|97/100
|-ability|p2a: Eternatus|Pressure
|move|p1a: Buzzwole|Ice Punch|p2a: Eternatus
|-supereffective|p2a: Eternatus
|-damage|p2a: Eternatus|29/100
|
|upkeep
|turn|45
|l| Evoisbad
|
|t:|1663335675
|move|p2a: Eternatus|Mystical Fire|p1a: Buzzwole
|-supereffective|p1a: Buzzwole
|-damage|p1a: Buzzwole|16/100
|-unboost|p1a: Buzzwole|spa|1
|move|p1a: Buzzwole|Ice Punch|p2a: Eternatus
|-supereffective|p2a: Eternatus
|-damage|p2a: Eternatus|0 fnt
|faint|p2a: Eternatus
|-ability|p1a: Buzzwole|Beast Boost|boost
|-boost|p1a: Buzzwole|atk|1
|
|upkeep
|
|t:|1663335689
|switch|p2a: Marshadow|Marshadow|94/100
|turn|46
|
|t:|1663335697
|move|p2a: Marshadow|Bulk Up|p2a: Marshadow
|-boost|p2a: Marshadow|atk|1
|-boost|p2a: Marshadow|def|1
|move|p1a: Buzzwole|Ice Punch|p2a: Marshadow
|-damage|p2a: Marshadow|39/100
|
|upkeep
|turn|47
|
|t:|1663335701
|move|p2a: Marshadow|Spectral Thief||[still]
|-clearpositiveboost|p1a: Buzzwole|p2a: Marshadow|move: Spectral Thief
|-boost|p2a: Marshadow|atk|1
|-anim|p2a: Marshadow|Spectral Thief|p1a: Buzzwole
|-damage|p1a: Buzzwole|0 fnt
|faint|p1a: Buzzwole
|
|upkeep
|
|t:|1663335707
|switch|p1a: Eternatus|Eternatus|100/100
|-ability|p1a: Eternatus|Pressure
|turn|48
|
|t:|1663335711
|move|p2a: Marshadow|Spectral Thief|p1a: Eternatus
|-damage|p1a: Eternatus|37/100
|-enditem|p1a: Eternatus|Sitrus Berry|[eat]
|-heal|p1a: Eternatus|62/100|[from] item: Sitrus Berry
|move|p1a: Eternatus|Dragon Pulse|p2a: Marshadow
|-damage|p2a: Marshadow|0 fnt
|faint|p2a: Marshadow
|
|upkeep
|
|t:|1663335727
|switch|p2a: Necrozma|Necrozma-Dusk-Mane|20/100
|turn|49
|
|t:|1663335732
|move|p1a: Eternatus|Cosmic Power|p1a: Eternatus
|-boost|p1a: Eternatus|def|1
|-boost|p1a: Eternatus|spd|1
|move|p2a: Necrozma|Morning Sun|p2a: Necrozma
|-heal|p2a: Necrozma|70/100
|
|upkeep
|turn|50
|
|t:|1663335736
|move|p1a: Eternatus|Recover|p1a: Eternatus
|-heal|p1a: Eternatus|100/100
|move|p2a: Necrozma|Dragon Dance|p2a: Necrozma
|-boost|p2a: Necrozma|atk|1
|-boost|p2a: Necrozma|spe|1
|
|upkeep
|turn|51
|
|t:|1663335740
|move|p1a: Eternatus|Cosmic Power|p1a: Eternatus
|-boost|p1a: Eternatus|def|1
|-boost|p1a: Eternatus|spd|1
|move|p2a: Necrozma|Dragon Dance|p2a: Necrozma
|-boost|p2a: Necrozma|atk|1
|-boost|p2a: Necrozma|spe|1
|
|upkeep
|turn|52
|
|t:|1663335743
|move|p2a: Necrozma|Dragon Dance|p2a: Necrozma
|-boost|p2a: Necrozma|atk|1
|-boost|p2a: Necrozma|spe|1
|move|p1a: Eternatus|Cosmic Power|p1a: Eternatus
|-boost|p1a: Eternatus|def|1
|-boost|p1a: Eternatus|spd|1
|
|upkeep
|turn|53
|
|t:|1663335745
|move|p2a: Necrozma|Dragon Dance|p2a: Necrozma
|-boost|p2a: Necrozma|atk|1
|-boost|p2a: Necrozma|spe|1
|move|p1a: Eternatus|Cosmic Power|p1a: Eternatus
|-boost|p1a: Eternatus|def|1
|-boost|p1a: Eternatus|spd|1
|
|upkeep
|turn|54
|
|t:|1663335747
|move|p2a: Necrozma|Dragon Dance|p2a: Necrozma
|-boost|p2a: Necrozma|atk|1
|-boost|p2a: Necrozma|spe|1
|move|p1a: Eternatus|Cosmic Power|p1a: Eternatus
|-boost|p1a: Eternatus|def|1
|-boost|p1a: Eternatus|spd|1
|
|upkeep
|turn|55
|
|t:|1663335750
|move|p2a: Necrozma|Dragon Dance|p2a: Necrozma
|-boost|p2a: Necrozma|atk|1
|-boost|p2a: Necrozma|spe|1
|move|p1a: Eternatus|Cosmic Power|p1a: Eternatus
|-boost|p1a: Eternatus|def|1
|-boost|p1a: Eternatus|spd|1
|
|upkeep
|turn|56
|
|t:|1663335755
|move|p2a: Necrozma|Morning Sun|p2a: Necrozma
|-heal|p2a: Necrozma|100/100
|move|p1a: Eternatus|Dragon Pulse|p2a: Necrozma
|-resisted|p2a: Necrozma
|-damage|p2a: Necrozma|86/100
|
|upkeep
|turn|57
|
|t:|1663335759
|move|p2a: Necrozma|Earthquake|p1a: Eternatus
|-supereffective|p1a: Eternatus
|-damage|p1a: Eternatus|60/100
|move|p1a: Eternatus|Meteor Beam||[still]
|-prepare|p1a: Eternatus|Meteor Beam
|-boost|p1a: Eternatus|spa|1
|
|upkeep
|turn|58
|
|t:|1663335763
|move|p2a: Necrozma|Earthquake|p1a: Eternatus
|-supereffective|p1a: Eternatus
|-damage|p1a: Eternatus|16/100
|move|p1a: Eternatus|Meteor Beam|p2a: Necrozma|[from]lockedmove
|-resisted|p2a: Necrozma
|-damage|p2a: Necrozma|69/100
|
|upkeep
|turn|59
|
|t:|1663335766
|move|p2a: Necrozma|Earthquake|p1a: Eternatus
|-supereffective|p1a: Eternatus
|-damage|p1a: Eternatus|0 fnt
|faint|p1a: Eternatus
|
|upkeep
|c|☆Zenadark|gg
|c|☆Nael222|Gg
|-message|Zenadark forfeited.
|
|win|Nael222
