|j|☆Wick hoonguz
|j|☆cataly5561
|player|p1|Wick hoonguz|benga|1681
|player|p2|cataly5561|caitlin|1436
|teamsize|p1|6
|teamsize|p2|6
|gametype|singles
|gen|8
|tier|[Gen 8] Ubers
|rated|
|clearpoke
|poke|p1|Darmanitan-Galar, F|
|poke|p1|Quagsire, M|
|poke|p1|Ditto|
|poke|p1|Corviknight, M|
|poke|p1|Eternatus|
|poke|p1|Bronzong|
|poke|p2|Pyukumuku, M|
|poke|p2|Corviknight, M|
|poke|p2|Salazzle, F|
|poke|p2|Zamazenta|
|poke|p2|Cinderace, F|
|poke|p2|Weezing-Galar, M|
|rule|Sleep Clause Mod: Limit one foe put to sleep
|rule|Species Clause: Limit one of each Pokémon
|rule|OHKO Clause: OHKO moves are banned
|rule|Evasion Moves Clause: Evasion moves are banned
|rule|Endless Battle Clause: Forcing endless battles is banned
|rule|HP Percentage Mod: HP is shown in percentages
|teampreview
|l|☆Wick hoonguz
|player|p1|
|j|☆Wick hoonguz
|player|p1|Wick hoonguz|benga
|
|start
|switch|p1a: Darmanitan|Darmanitan-Galar, F|100/100
|switch|p2a: Cinderace|Cinderace, F|100/100
|turn|1
|
|switch|p1a: Eternatus|Eternatus|100/100
|-ability|p1a: Eternatus|Pressure
|move|p2a: Cinderace|U-turn|p1a: Eternatus
|-resisted|p1a: Eternatus
|-damage|p1a: Eternatus|94/100
|
|switch|p2a: Zamazenta|Zamazenta|100/100|[from]move: U-turn
|-ability|p2a: Zamazenta|Dauntless Shield|boost
|-boost|p2a: Zamazenta|def|1
|
|upkeep
|turn|2
|
|switch|p1a: Bronzong|Bronzong|100/100
|move|p2a: Zamazenta|Psychic Fangs|p1a: Bronzong
|-resisted|p1a: Bronzong
|-damage|p1a: Bronzong|92/100
|
|-heal|p1a: Bronzong|98/100|[from] item: Leftovers
|upkeep
|turn|3
|
|switch|p2a: Cinderace|Cinderace, F|100/100
|move|p1a: Bronzong|Stealth Rock|p2a: Cinderace
|-sidestart|p2: cataly5561|move: Stealth Rock
|
|-heal|p1a: Bronzong|100/100|[from] item: Leftovers
|upkeep
|turn|4
|
|move|p2a: Cinderace|Court Change|p2a: Cinderace
|-sideend|p2: cataly5561|Stealth Rock|[silent]
|-sidestart|p1: Wick hoonguz|Stealth Rock|[silent]
|-activate|p2a: Cinderace|move: Court Change
|move|p1a: Bronzong|Earthquake|p2a: Cinderace
|-supereffective|p2a: Cinderace
|-damage|p2a: Cinderace|35/100
|
|upkeep
|turn|5
|
|switch|p2a: Weezing|Weezing-Galar, M|100/100
|move|p1a: Bronzong|Stealth Rock|p2a: Weezing
|-sidestart|p2: cataly5561|move: Stealth Rock
|
|upkeep
|turn|6
|
|move|p2a: Weezing|Will-O-Wisp|p1a: Bronzong
|-status|p1a: Bronzong|brn
|move|p1a: Bronzong|Zen Headbutt|p2a: Weezing
|-supereffective|p2a: Weezing
|-damage|p2a: Weezing|80/100
|
|-heal|p2a: Weezing|86/100|[from] item: Black Sludge
|-damage|p1a: Bronzong|98/100 brn|[from] brn
|upkeep
|turn|7
|
|move|p2a: Weezing|Defog|p1a: Bronzong
|-unboost|p1a: Bronzong|evasion|1
|-sideend|p1: Wick hoonguz|Stealth Rock|[from] move: Defog|[of] p2a: Weezing
|-sideend|p2: cataly5561|Stealth Rock|[from] move: Defog|[of] p2a: Weezing
|move|p1a: Bronzong|Zen Headbutt|p2a: Weezing
|-supereffective|p2a: Weezing
|-damage|p2a: Weezing|62/100
|
|-heal|p2a: Weezing|68/100|[from] item: Black Sludge
|-heal|p1a: Bronzong|100/100 brn|[from] item: Leftovers
|-damage|p1a: Bronzong|98/100 brn|[from] brn
|upkeep
|turn|8
|
|switch|p2a: Corviknight|Corviknight, M|100/100
|-ability|p2a: Corviknight|Pressure
|move|p1a: Bronzong|Earthquake|p2a: Corviknight
|-immune|p2a: Corviknight
|
|-heal|p1a: Bronzong|100/100 brn|[from] item: Leftovers
|-damage|p1a: Bronzong|98/100 brn|[from] brn
|upkeep
|turn|9
|
|switch|p1a: Eternatus|Eternatus|94/100
|-ability|p1a: Eternatus|Pressure
|move|p2a: Corviknight|Iron Defense|p2a: Corviknight
|-boost|p2a: Corviknight|def|2
|
|upkeep
|turn|10
|
|switch|p2a: Pyukumuku|Pyukumuku, M|100/100
|move|p1a: Eternatus|Flamethrower|p2a: Pyukumuku
|-resisted|p2a: Pyukumuku
|-damage|p2a: Pyukumuku|90/100
|
|-heal|p2a: Pyukumuku|96/100|[from] item: Leftovers
|upkeep
|turn|11
|
|move|p1a: Eternatus|Sludge Bomb|p2a: Pyukumuku
|-damage|p2a: Pyukumuku|64/100
|-status|p2a: Pyukumuku|psn
|move|p2a: Pyukumuku|Taunt|p1a: Eternatus
|-start|p1a: Eternatus|move: Taunt
|
|-heal|p2a: Pyukumuku|70/100 psn|[from] item: Leftovers
|-damage|p2a: Pyukumuku|57/100 psn|[from] psn
|upkeep
|turn|12
|
|move|p1a: Eternatus|Sludge Bomb|p2a: Pyukumuku
|-damage|p2a: Pyukumuku|15/100 psn
|move|p2a: Pyukumuku|Recover|p2a: Pyukumuku
|-heal|p2a: Pyukumuku|65/100 psn
|
|-heal|p2a: Pyukumuku|71/100 psn|[from] item: Leftovers
|-damage|p2a: Pyukumuku|58/100 psn|[from] psn
|upkeep
|turn|13
|
|move|p1a: Eternatus|Sludge Bomb|p2a: Pyukumuku
|-damage|p2a: Pyukumuku|8/100 psn
|move|p2a: Pyukumuku|Mirror Coat|p1a: Eternatus
|-damage|p1a: Eternatus|25/100
|
|-heal|p2a: Pyukumuku|15/100 psn|[from] item: Leftovers
|-damage|p2a: Pyukumuku|2/100 psn|[from] psn
|upkeep
|turn|14
|
|move|p1a: Eternatus|Flamethrower|p2a: Pyukumuku
|-resisted|p2a: Pyukumuku
|-damage|p2a: Pyukumuku|0 fnt
|faint|p2a: Pyukumuku
|
|-end|p1a: Eternatus|move: Taunt
|upkeep
|
|switch|p2a: Cinderace|Cinderace, F|35/100
|turn|15
|
|switch|p1a: Bronzong|Bronzong|98/100 brn
|move|p2a: Cinderace|Zen Headbutt|p1a: Bronzong
|-resisted|p1a: Bronzong
|-damage|p1a: Bronzong|93/100 brn
|
|-heal|p1a: Bronzong|99/100 brn|[from] item: Leftovers
|-damage|p1a: Bronzong|96/100 brn|[from] brn
|upkeep
|turn|16
|
|-start|p2a: Cinderace|Dynamax
|-heal|p2a: Cinderace|35/100|[silent]
|move|p2a: Cinderace|Max Flare|p1a: Bronzong
|-supereffective|p1a: Bronzong
|-damage|p1a: Bronzong|41/100 brn
|-weather|SunnyDay
|move|p1a: Bronzong|Stealth Rock|p2a: Cinderace
|-sidestart|p2: cataly5561|move: Stealth Rock
|
|-weather|SunnyDay|[upkeep]
|-heal|p1a: Bronzong|47/100 brn|[from] item: Leftovers
|-damage|p1a: Bronzong|44/100 brn|[from] brn
|upkeep
|turn|17
|
|switch|p1a: Quagsire|Quagsire, M|100/100
|move|p2a: Cinderace|Max Flare|p1a: Quagsire
|-resisted|p1a: Quagsire
|-damage|p1a: Quagsire|63/100
|
|-weather|SunnyDay|[upkeep]
|upkeep
|turn|18
|
|move|p2a: Cinderace|Max Guard|p2a: Cinderace
|-singleturn|p2a: Cinderace|Max Guard
|move|p1a: Quagsire|Recover|p1a: Quagsire
|-heal|p1a: Quagsire|100/100
|
|-weather|SunnyDay|[upkeep]
|-end|p2a: Cinderace|Dynamax
|-heal|p2a: Cinderace|35/100|[silent]
|upkeep
|turn|19
|
|switch|p2a: Weezing|Weezing-Galar, M|68/100
|-damage|p2a: Weezing|55/100|[from] Stealth Rock
|switch|p1a: Eternatus|Eternatus|25/100
|-ability|p1a: Eternatus|Pressure
|
|-weather|SunnyDay|[upkeep]
|-heal|p2a: Weezing|61/100|[from] item: Black Sludge
|upkeep
|turn|20
|
|move|p1a: Eternatus|Recover|p1a: Eternatus
|-heal|p1a: Eternatus|75/100
|move|p2a: Weezing|Defog|p1a: Eternatus
|-unboost|p1a: Eternatus|evasion|1
|-sideend|p2: cataly5561|Stealth Rock|[from] move: Defog|[of] p2a: Weezing
|
|-weather|none
|-heal|p2a: Weezing|67/100|[from] item: Black Sludge
|upkeep
|turn|21
|
|move|p1a: Eternatus|Sludge Bomb|p2a: Weezing
|-damage|p2a: Weezing|26/100
|move|p2a: Weezing|Will-O-Wisp|p1a: Eternatus
|-status|p1a: Eternatus|brn
|
|-heal|p2a: Weezing|32/100|[from] item: Black Sludge
|-damage|p1a: Eternatus|69/100 brn|[from] brn
|upkeep
|turn|22
|
|move|p1a: Eternatus|Dragon Pulse|p2a: Weezing
|-immune|p2a: Weezing
|move|p2a: Weezing|Sludge Bomb|p1a: Eternatus
|-resisted|p1a: Eternatus
|-damage|p1a: Eternatus|58/100 brn
|
|-heal|p2a: Weezing|38/100|[from] item: Black Sludge
|-damage|p1a: Eternatus|52/100 brn|[from] brn
|upkeep
|turn|23
|
|switch|p2a: Zamazenta|Zamazenta|100/100
|-ability|p2a: Zamazenta|Dauntless Shield|boost
|-boost|p2a: Zamazenta|def|1
|move|p1a: Eternatus|Recover|p1a: Eternatus
|-heal|p1a: Eternatus|100/100 brn
|
|-damage|p1a: Eternatus|94/100 brn|[from] brn
|upkeep
|turn|24
|
|move|p2a: Zamazenta|Close Combat|p1a: Eternatus
|-resisted|p1a: Eternatus
|-damage|p1a: Eternatus|67/100 brn
|-unboost|p2a: Zamazenta|def|1
|-unboost|p2a: Zamazenta|spd|1
|move|p1a: Eternatus|Sludge Bomb|p2a: Zamazenta
|-damage|p2a: Zamazenta|40/100
|
|-damage|p1a: Eternatus|61/100 brn|[from] brn
|upkeep
|turn|25
|
|switch|p2a: Weezing|Weezing-Galar, M|38/100
|move|p1a: Eternatus|Recover|p1a: Eternatus
|-heal|p1a: Eternatus|100/100 brn
|
|-heal|p2a: Weezing|44/100|[from] item: Black Sludge
|-damage|p1a: Eternatus|94/100 brn|[from] brn
|upkeep
|turn|26
|
|move|p1a: Eternatus|Sludge Bomb|p2a: Weezing
|-damage|p2a: Weezing|6/100
|move|p2a: Weezing|Sludge Bomb|p1a: Eternatus
|-resisted|p1a: Eternatus
|-damage|p1a: Eternatus|83/100 brn
|
|-heal|p2a: Weezing|12/100|[from] item: Black Sludge
|-damage|p1a: Eternatus|77/100 brn|[from] brn
|upkeep
|turn|27
|
|move|p1a: Eternatus|Sludge Bomb|p2a: Weezing
|-damage|p2a: Weezing|0 fnt
|faint|p2a: Weezing
|
|-damage|p1a: Eternatus|70/100 brn|[from] brn
|upkeep
|
|switch|p2a: Zamazenta|Zamazenta|40/100
|-ability|p2a: Zamazenta|Dauntless Shield|boost
|-boost|p2a: Zamazenta|def|1
|turn|28
|
|move|p2a: Zamazenta|Psychic Fangs|p1a: Eternatus
|-supereffective|p1a: Eternatus
|-damage|p1a: Eternatus|17/100 brn
|move|p1a: Eternatus|Sludge Bomb|p2a: Zamazenta
|-damage|p2a: Zamazenta|0 fnt
|faint|p2a: Zamazenta
|
|-damage|p1a: Eternatus|10/100 brn|[from] brn
|upkeep
|
|switch|p2a: Cinderace|Cinderace, F|35/100
|turn|29
|
|switch|p1a: Quagsire|Quagsire, M|100/100
|move|p2a: Cinderace|Pyro Ball|p1a: Quagsire
|-resisted|p1a: Quagsire
|-damage|p1a: Quagsire|77/100
|
|upkeep
|turn|30
|
|switch|p2a: Corviknight|Corviknight, M|100/100
|-ability|p2a: Corviknight|Pressure
|move|p1a: Quagsire|Recover|p1a: Quagsire
|-heal|p1a: Quagsire|100/100
|
|upkeep
|turn|31
|
|switch|p1a: Corviknight|Corviknight, M|100/100
|-ability|p1a: Corviknight|Pressure
|move|p2a: Corviknight|U-turn|p1a: Corviknight
|-resisted|p1a: Corviknight
|-damage|p1a: Corviknight|98/100
|
|switch|p2a: Salazzle|Salazzle, F|100/100|[from]move: U-turn
|
|-heal|p1a: Corviknight|100/100|[from] item: Leftovers
|upkeep
|turn|32
|
|move|p2a: Salazzle|Substitute|p2a: Salazzle
|-start|p2a: Salazzle|Substitute
|-damage|p2a: Salazzle|76/100
|move|p1a: Corviknight|U-turn|p2a: Salazzle
|-resisted|p2a: Salazzle
|-activate|p2a: Salazzle|move: Substitute|[damage]
|
|switch|p1a: Bronzong|Bronzong|44/100 brn|[from]move: U-turn
|
|-heal|p2a: Salazzle|82/100|[from] item: Leftovers
|-heal|p1a: Bronzong|50/100 brn|[from] item: Leftovers
|-damage|p1a: Bronzong|47/100 brn|[from] brn
|upkeep
|turn|33
|
|move|p2a: Salazzle|Flamethrower|p1a: Bronzong
|-supereffective|p1a: Bronzong
|-damage|p1a: Bronzong|20/100 brn
|move|p1a: Bronzong|Rest|p1a: Bronzong
|-status|p1a: Bronzong|slp|[from] move: Rest
|-heal|p1a: Bronzong|100/100 slp|[silent]
|
|-heal|p2a: Salazzle|88/100|[from] item: Leftovers
|upkeep
|turn|34
|
|move|p2a: Salazzle|Flamethrower|p1a: Bronzong
|-supereffective|p1a: Bronzong
|-damage|p1a: Bronzong|72/100 slp
|cant|p1a: Bronzong|slp
|
|-heal|p2a: Salazzle|94/100|[from] item: Leftovers
|-heal|p1a: Bronzong|78/100 slp|[from] item: Leftovers
|upkeep
|turn|35
|
|move|p2a: Salazzle|Flamethrower|p1a: Bronzong
|-supereffective|p1a: Bronzong
|-damage|p1a: Bronzong|53/100 slp
|cant|p1a: Bronzong|slp
|
|-heal|p2a: Salazzle|100/100|[from] item: Leftovers
|-heal|p1a: Bronzong|59/100 slp|[from] item: Leftovers
|upkeep
|turn|36
|
|move|p2a: Salazzle|Flamethrower|p1a: Bronzong
|-supereffective|p1a: Bronzong
|-damage|p1a: Bronzong|32/100 slp
|-curestatus|p1a: Bronzong|slp|[msg]
|move|p1a: Bronzong|Rest|p1a: Bronzong
|-status|p1a: Bronzong|slp|[from] move: Rest
|-heal|p1a: Bronzong|100/100 slp|[silent]
|
|upkeep
|turn|37
|
|move|p2a: Salazzle|Flamethrower|p1a: Bronzong
|-supereffective|p1a: Bronzong
|-damage|p1a: Bronzong|72/100 slp
|cant|p1a: Bronzong|slp
|
|-heal|p1a: Bronzong|78/100 slp|[from] item: Leftovers
|upkeep
|turn|38
|
|move|p2a: Salazzle|Flamethrower|p1a: Bronzong
|-supereffective|p1a: Bronzong
|-damage|p1a: Bronzong|52/100 slp
|cant|p1a: Bronzong|slp
|
|-heal|p1a: Bronzong|58/100 slp|[from] item: Leftovers
|upkeep
|turn|39
|
|move|p2a: Salazzle|Toxic||[still]
|-fail|p2a: Salazzle
|-curestatus|p1a: Bronzong|slp|[msg]
|move|p1a: Bronzong|Rest|p1a: Bronzong
|-status|p1a: Bronzong|slp|[from] move: Rest
|-heal|p1a: Bronzong|100/100 slp|[silent]
|
|upkeep
|turn|40
|
|move|p2a: Salazzle|Substitute|p2a: Salazzle
|-fail|p2a: Salazzle|move: Substitute
|cant|p1a: Bronzong|slp
|
|upkeep
|turn|41
|
|move|p2a: Salazzle|Flamethrower|p1a: Bronzong
|-supereffective|p1a: Bronzong
|-damage|p1a: Bronzong|75/100 slp
|cant|p1a: Bronzong|slp
|
|-heal|p1a: Bronzong|81/100 slp|[from] item: Leftovers
|upkeep
|turn|42
|
|move|p2a: Salazzle|Flamethrower|p1a: Bronzong
|-supereffective|p1a: Bronzong
|-damage|p1a: Bronzong|54/100 slp
|-curestatus|p1a: Bronzong|slp|[msg]
|move|p1a: Bronzong|Earthquake|p2a: Salazzle
|-supereffective|p2a: Salazzle
|-end|p2a: Salazzle|Substitute
|
|-heal|p1a: Bronzong|60/100|[from] item: Leftovers
|upkeep
|turn|43
|
|switch|p2a: Corviknight|Corviknight, M|100/100
|-ability|p2a: Corviknight|Pressure
|move|p1a: Bronzong|Stealth Rock|p2a: Corviknight
|-sidestart|p2: cataly5561|move: Stealth Rock
|
|-heal|p1a: Bronzong|66/100|[from] item: Leftovers
|upkeep
|turn|44
|-message|cataly5561 forfeited.
|
|win|Wick hoonguz
|l|☆cataly5561
|raw|Wick hoonguz's rating: 1681 &rarr; <strong>1689</strong><br />(+8 for winning)
|raw|cataly5561's rating: 1436 &rarr; <strong>1429</strong><br />(-7 for losing)
