|j|☆NoTimeNoSpace
|j|☆PokemonCestDur
|inactive|Battle timer is ON: inactive players will automatically lose when time's up.
|t:|1639997077
|gametype|singles
|player|p1|NoTimeNoSpace|gambler|
|player|p2|PokemonCestDur|2|
|teamsize|p1|6
|teamsize|p2|6
|gen|8
|tier|[Gen 8] Ubers
|rated|Tournament battle
|rule|Sleep Clause Mod: Limit one foe put to sleep
|rule|Species Clause: Limit one of each Pokémon
|rule|OHKO Clause: OHKO moves are banned
|rule|Evasion Moves Clause: Evasion moves are banned
|rule|Endless Battle Clause: Forcing endless battles is banned
|rule|HP Percentage Mod: HP is shown in percentages
|rule|Dynamax Clause: You cannot dynamax
|clearpoke
|poke|p1|Calyrex-Ice|
|poke|p1|Necrozma-Dusk-Mane|
|poke|p1|Zygarde|
|poke|p1|Pheromosa|
|poke|p1|Eternatus|
|poke|p1|Marshadow|
|poke|p2|Tapu Fini|
|poke|p2|Urshifu-*, F|
|poke|p2|Eternatus|
|poke|p2|Rotom-Wash|
|poke|p2|Necrozma-Dusk-Mane|
|poke|p2|Yveltal|
|teampreview
|j|*Lady Monita ❄
|c|☆NoTimeNoSpace|hf
|j| trip con i draghi
|inactive|PokemonCestDur has 120 seconds left.
|c|☆PokemonCestDur|u2
|
|t:|1639997124
|start
|switch|p1a: Necrozma|Necrozma-Dusk-Mane|100/100
|switch|p2a: Necrozma|Necrozma-Dusk-Mane|100/100
|turn|1
|
|t:|1639997130
|move|p2a: Necrozma|Thunder Wave|p1a: Necrozma
|-status|p1a: Necrozma|par
|cant|p1a: Necrozma|par
|
|upkeep
|turn|2
|
|t:|1639997143
|move|p2a: Necrozma|Stealth Rock|p1a: Necrozma
|-sidestart|p1: NoTimeNoSpace|move: Stealth Rock
|cant|p1a: Necrozma|par
|
|upkeep
|turn|3
|
|t:|1639997147
|switch|p2a: Yveltal|Yveltal|100/100
|-ability|p2a: Yveltal|Dark Aura
|cant|p1a: Necrozma|par
|
|upkeep
|turn|4
|c|☆NoTimeNoSpace|lol
|c|☆PokemonCestDur|:/
|
|t:|1639997159
|move|p2a: Yveltal|Knock Off|p1a: Necrozma
|-supereffective|p1a: Necrozma
|-damage|p1a: Necrozma|0 fnt
|-enditem|p1a: Necrozma|Weakness Policy|[from] move: Knock Off|[of] p2a: Yveltal
|faint|p1a: Necrozma
|
|upkeep
|
|t:|1639997169
|switch|p1a: Calyrex|Calyrex-Ice|100/100
|-ability|p1a: Calyrex|As One
|-ability|p1a: Calyrex|Unnerve
|turn|5
|
|t:|1639997177
|move|p2a: Yveltal|Knock Off|p1a: Calyrex
|-supereffective|p1a: Calyrex
|-damage|p1a: Calyrex|0 fnt
|-enditem|p1a: Calyrex|Heavy-Duty Boots|[from] move: Knock Off|[of] p2a: Yveltal
|faint|p1a: Calyrex
|
|upkeep
|
|t:|1639997183
|switch|p1a: Pheromosa|Pheromosa|100/100
|turn|6
|
|t:|1639997191
|switch|p2a: Tapu Fini|Tapu Fini|100/100
|-fieldstart|move: Misty Terrain|[from] ability: Misty Surge|[of] p2a: Tapu Fini
|move|p1a: Pheromosa|Rapid Spin|p2a: Tapu Fini
|-damage|p2a: Tapu Fini|82/100
|-boost|p1a: Pheromosa|spe|1
|-sideend|p1: NoTimeNoSpace|Stealth Rock|[from] move: Rapid Spin|[of] p1a: Pheromosa
|
|upkeep
|turn|7
|
|t:|1639997196
|move|p1a: Pheromosa|Poison Jab|p2a: Tapu Fini
|-supereffective|p2a: Tapu Fini
|-damage|p2a: Tapu Fini|22/100
|move|p2a: Tapu Fini|Moonblast|p1a: Pheromosa
|-supereffective|p1a: Pheromosa
|-crit|p1a: Pheromosa
|-damage|p1a: Pheromosa|0 fnt
|faint|p1a: Pheromosa
|
|upkeep
|
|t:|1639997205
|switch|p1a: Eternatus|Eternatus|100/100
|-ability|p1a: Eternatus|Pressure
|turn|8
|inactive|PokemonCestDur has 120 seconds left.
|
|t:|1639997242
|switch|p2a: Rotom|Rotom-Wash|100/100
|move|p1a: Eternatus|Sludge Bomb|p2a: Rotom
|-damage|p2a: Rotom|48/100
|-status|p2a: Rotom|psn
|
|-heal|p2a: Rotom|54/100 psn|[from] item: Leftovers
|-damage|p2a: Rotom|42/100 psn|[from] psn
|upkeep
|turn|9
|
|t:|1639997250
|move|p1a: Eternatus|Sludge Bomb|p2a: Rotom
|-crit|p2a: Rotom
|-damage|p2a: Rotom|0 fnt
|faint|p2a: Rotom
|
|upkeep
|
|t:|1639997254
|switch|p2a: Tapu Fini|Tapu Fini|22/100
|turn|10
|
|t:|1639997257
|move|p2a: Tapu Fini|Trick|p1a: Eternatus
|-activate|p2a: Tapu Fini|move: Trick|[of] p1a: Eternatus
|-item|p1a: Eternatus|Choice Scarf|[from] move: Trick
|-item|p2a: Tapu Fini|Power Herb|[from] move: Trick
|move|p1a: Eternatus|Sludge Bomb|p2a: Tapu Fini
|-supereffective|p2a: Tapu Fini
|-damage|p2a: Tapu Fini|0 fnt
|faint|p2a: Tapu Fini
|
|-fieldend|Misty Terrain
|upkeep
|
|t:|1639997269
|switch|p2a: Eternatus|Eternatus|100/100
|-ability|p2a: Eternatus|Pressure
|turn|11
|
|t:|1639997279
|switch|p1a: Marshadow|Marshadow|100/100
|move|p2a: Eternatus|Dynamax Cannon|p1a: Marshadow
|-damage|p1a: Marshadow|45/100
|
|upkeep
|turn|12
|
|t:|1639997286
|move|p1a: Marshadow|Shadow Sneak|p2a: Eternatus
|-damage|p2a: Eternatus|79/100
|move|p2a: Eternatus|Dynamax Cannon|p1a: Marshadow
|-damage|p1a: Marshadow|0 fnt
|faint|p1a: Marshadow
|
|upkeep
|
|t:|1639997289
|switch|p1a: Eternatus|Eternatus|100/100
|-ability|p1a: Eternatus|Pressure
|turn|13
|
|t:|1639997293
|switch|p1a: Zygarde|Zygarde|100/100
|switch|p2a: Necrozma|Necrozma-Dusk-Mane|100/100
|
|upkeep
|turn|14
|
|t:|1639997298
|switch|p2a: Urshifu|Urshifu, F|100/100
|move|p1a: Zygarde|Substitute|p1a: Zygarde
|-start|p1a: Zygarde|Substitute
|-damage|p1a: Zygarde|75/100
|
|-heal|p1a: Zygarde|82/100|[from] item: Leftovers
|upkeep
|turn|15
|
|t:|1639997301
|move|p2a: Urshifu|Bulk Up|p2a: Urshifu
|-boost|p2a: Urshifu|atk|1
|-boost|p2a: Urshifu|def|1
|move|p1a: Zygarde|Dragon Dance|p1a: Zygarde
|-boost|p1a: Zygarde|atk|1
|-boost|p1a: Zygarde|spe|1
|
|-heal|p1a: Zygarde|88/100|[from] item: Leftovers
|upkeep
|turn|16
|
|t:|1639997305
|move|p2a: Urshifu|Bulk Up|p2a: Urshifu
|-boost|p2a: Urshifu|atk|1
|-boost|p2a: Urshifu|def|1
|move|p1a: Zygarde|Dragon Tail|p2a: Urshifu
|-damage|p2a: Urshifu|85/100
|drag|p2a: Eternatus|Eternatus|79/100
|-ability|p2a: Eternatus|Pressure
|
|-heal|p1a: Zygarde|94/100|[from] item: Leftovers
|upkeep
|turn|17
|
|t:|1639997312
|move|p2a: Eternatus|Dynamax Cannon|p1a: Zygarde
|-supereffective|p1a: Zygarde
|-end|p1a: Zygarde|Substitute
|move|p1a: Zygarde|Dragon Dance|p1a: Zygarde
|-boost|p1a: Zygarde|atk|1
|-boost|p1a: Zygarde|spe|1
|
|-heal|p1a: Zygarde|99/100|[from] item: Leftovers
|upkeep
|turn|18
|
|t:|1639997318
|move|p1a: Zygarde|Thousand Arrows|p2a: Eternatus
|-supereffective|p2a: Eternatus
|-crit|p2a: Eternatus
|-damage|p2a: Eternatus|0 fnt
|faint|p2a: Eternatus
|
|-heal|p1a: Zygarde|100/100|[from] item: Leftovers
|upkeep
|
|t:|1639997323
|switch|p2a: Yveltal|Yveltal|100/100
|-ability|p2a: Yveltal|Dark Aura
|turn|19
|
|t:|1639997329
|move|p1a: Zygarde|Thousand Arrows|p2a: Yveltal
|-crit|p2a: Yveltal
|-damage|p2a: Yveltal|0 fnt
|faint|p2a: Yveltal
|
|upkeep
|
|t:|1639997341
|switch|p2a: Urshifu|Urshifu, F|85/100
|turn|20
|
|t:|1639997348
|move|p1a: Zygarde|Thousand Arrows|p2a: Urshifu
|-damage|p2a: Urshifu|25/100
|move|p2a: Urshifu|Bulk Up|p2a: Urshifu
|-boost|p2a: Urshifu|atk|1
|-boost|p2a: Urshifu|def|1
|
|-heal|p2a: Urshifu|32/100|[from] item: Leftovers
|upkeep
|turn|21
|
|t:|1639997353
|move|p1a: Zygarde|Thousand Arrows|p2a: Urshifu
|-damage|p2a: Urshifu|0 fnt
|faint|p2a: Urshifu
|
|upkeep
|c|☆PokemonCestDur|gg
|c|☆NoTimeNoSpace|gg
|-message|PokemonCestDur forfeited.
|
|win|NoTimeNoSpace
|n|☆NoTimeNoSpace|notimenospace
|n|☆PokemonCestDur|pokemoncestdur
|n|*Lady Monita ❄|ladymonita
|n| trip con i draghi|tripconidraghi
|l|*Lady Monita ❄
|l|☆PokemonCestDur
