|j|☆yungmacedgod
|j|☆PokeDuels
|t:|1620687407
|gametype|singles
|player|p1|yungmacedgod|jasmine|1374
|player|p2|PokeDuels|170|1639
|teamsize|p1|6
|teamsize|p2|6
|gen|8
|tier|[Gen 8] Ubers
|rated|
|rule|Sleep Clause Mod: Limit one foe put to sleep
|rule|Species Clause: Limit one of each Pokémon
|rule|OHKO Clause: OHKO moves are banned
|rule|Evasion Moves Clause: Evasion moves are banned
|rule|Endless Battle Clause: Forcing endless battles is banned
|rule|HP Percentage Mod: HP is shown in percentages
|rule|Dynamax Clause: You cannot dynamax
|clearpoke
|poke|p1|Yveltal|
|poke|p1|Necrozma-Dusk-Mane|
|poke|p1|Xerneas-*|
|poke|p1|Marshadow|
|poke|p1|Zygarde|
|poke|p1|Ho-Oh|
|poke|p2|Toxapex, M|
|poke|p2|Blissey, F|
|poke|p2|Quagsire, M|
|poke|p2|Ferrothorn, M|
|poke|p2|Ho-Oh|
|poke|p2|Yveltal|
|teampreview
|c|☆yungmacedgod|glhf
|inactive|Battle timer is ON: inactive players will automatically lose when time's up. (requested by yungmacedgod)
|inactive|PokeDuels has 120 seconds left.
|
|t:|1620687461
|start
|updatepoke|p1: EIKTHYRNIR|Xerneas
|switch|p1a: INDOMINTABLE|Zygarde|100/100
|switch|p2a: Toxapex|Toxapex, M|100/100
|turn|1
|
|t:|1620687475
|switch|p2a: Ho-Oh|Ho-Oh|100/100
|move|p1a: INDOMINTABLE|Substitute|p1a: INDOMINTABLE
|-start|p1a: INDOMINTABLE|Substitute
|-damage|p1a: INDOMINTABLE|76/100
|
|-heal|p1a: INDOMINTABLE|82/100|[from] item: Leftovers
|upkeep
|turn|2
|
|t:|1620687480
|move|p1a: INDOMINTABLE|Toxic|p2a: Ho-Oh
|-status|p2a: Ho-Oh|tox
|move|p2a: Ho-Oh|Whirlwind|p1a: INDOMINTABLE
|drag|p1a: SUNEATER|Necrozma-Dusk-Mane|100/100
|
|-damage|p2a: Ho-Oh|94/100 tox|[from] psn
|upkeep
|turn|3
|
|t:|1620687491
|switch|p2a: Ferrothorn|Ferrothorn, M|100/100
|move|p1a: SUNEATER|Stealth Rock|p2a: Ferrothorn
|-sidestart|p2: PokeDuels|move: Stealth Rock
|
|upkeep
|turn|4
|
|t:|1620687498
|switch|p1a: PHOENIX|Ho-Oh|100/100
|move|p2a: Ferrothorn|Leech Seed|p1a: PHOENIX
|-start|p1a: PHOENIX|move: Leech Seed
|
|-damage|p1a: PHOENIX|88/100|[from] Leech Seed|[of] p2a: Ferrothorn
|upkeep
|turn|5
|
|t:|1620687504
|switch|p1a: INDOMINTABLE|Zygarde|82/100
|switch|p2a: Ho-Oh|Ho-Oh|100/100 tox
|
|-heal|p1a: INDOMINTABLE|88/100|[from] item: Leftovers
|-damage|p2a: Ho-Oh|94/100 tox|[from] psn
|upkeep
|turn|6
|
|t:|1620687517
|move|p1a: INDOMINTABLE|Substitute|p1a: INDOMINTABLE
|-start|p1a: INDOMINTABLE|Substitute
|-damage|p1a: INDOMINTABLE|63/100
|move|p2a: Ho-Oh|Defog|p1a: INDOMINTABLE
|-sideend|p2: PokeDuels|Stealth Rock|[from] move: Defog|[of] p2a: Ho-Oh
|
|-heal|p1a: INDOMINTABLE|69/100|[from] item: Leftovers
|-damage|p2a: Ho-Oh|82/100 tox|[from] psn
|upkeep
|turn|7
|
|t:|1620687523
|move|p1a: INDOMINTABLE|Thousand Arrows|p2a: Ho-Oh
|-damage|p2a: Ho-Oh|59/100 tox
|-start|p2a: Ho-Oh|Smack Down
|move|p2a: Ho-Oh|Whirlwind|p1a: INDOMINTABLE
|drag|p1a: HUAKAI'PO|Marshadow|100/100
|
|-damage|p2a: Ho-Oh|41/100 tox|[from] psn
|upkeep
|turn|8
|inactive|yungmacedgod has 120 seconds left.
|
|t:|1620687561
|switch|p2a: Toxapex|Toxapex, M|100/100
|move|p1a: HUAKAI'PO|Rock Tomb|p2a: Toxapex
|-damage|p2a: Toxapex|70/100
|-unboost|p2a: Toxapex|spe|1
|
|-heal|p2a: Toxapex|76/100|[from] item: Black Sludge
|upkeep
|turn|9
|inactive|yungmacedgod has 120 seconds left.
|
|t:|1620687572
|switch|p1a: SUNEATER|Necrozma-Dusk-Mane|100/100
|move|p2a: Toxapex|Knock Off|p1a: SUNEATER
|-supereffective|p1a: SUNEATER
|-damage|p1a: SUNEATER|88/100
|-damage|p2a: Toxapex|60/100|[from] item: Rocky Helmet|[of] p1a: SUNEATER
|-enditem|p1a: SUNEATER|Rocky Helmet|[from] move: Knock Off|[of] p2a: Toxapex
|
|-heal|p2a: Toxapex|66/100|[from] item: Black Sludge
|upkeep
|turn|10
|
|t:|1620687577
|switch|p2a: Yveltal|Yveltal|100/100
|-ability|p2a: Yveltal|Dark Aura
|move|p1a: SUNEATER|Stealth Rock|p2a: Yveltal
|-sidestart|p2: PokeDuels|move: Stealth Rock
|
|upkeep
|turn|11
|
|t:|1620687581
|switch|p1a: EIKTHYRNIR|Xerneas|100/100
|-ability|p1a: EIKTHYRNIR|Fairy Aura
|move|p2a: Yveltal|Defog|p1a: EIKTHYRNIR
|-unboost|p1a: EIKTHYRNIR|evasion|1
|-sideend|p2: PokeDuels|Stealth Rock|[from] move: Defog|[of] p2a: Yveltal
|
|upkeep
|turn|12
|
|t:|1620687589
|switch|p2a: Blissey|Blissey, F|100/100
|move|p1a: EIKTHYRNIR|Substitute|p1a: EIKTHYRNIR
|-start|p1a: EIKTHYRNIR|Substitute
|-damage|p1a: EIKTHYRNIR|76/100
|
|upkeep
|turn|13
|
|t:|1620687594
|move|p1a: EIKTHYRNIR|Geomancy||[still]
|-prepare|p1a: EIKTHYRNIR|Geomancy
|-enditem|p1a: EIKTHYRNIR|Power Herb
|-anim|p1a: EIKTHYRNIR|Geomancy|p1a: EIKTHYRNIR
|-boost|p1a: EIKTHYRNIR|spa|2
|-boost|p1a: EIKTHYRNIR|spd|2
|-boost|p1a: EIKTHYRNIR|spe|2
|move|p2a: Blissey|Confide|p1a: EIKTHYRNIR
|-unboost|p1a: EIKTHYRNIR|spa|1
|
|upkeep
|turn|14
|
|t:|1620687603
|switch|p1a: HUAKAI'PO|Marshadow|100/100
|move|p2a: Blissey|Confide|p1a: HUAKAI'PO
|-unboost|p1a: HUAKAI'PO|spa|1
|
|upkeep
|turn|15
|
|t:|1620687616
|switch|p2a: Toxapex|Toxapex, M|99/100
|move|p1a: HUAKAI'PO|Poltergeist|p2a: Toxapex
|-activate|p2a: Toxapex|move: Poltergeist|Black Sludge
|-damage|p2a: Toxapex|47/100
|
|-heal|p2a: Toxapex|53/100|[from] item: Black Sludge
|upkeep
|turn|16
|
|t:|1620687625
|switch|p1a: INDOMINTABLE|Zygarde|69/100
|move|p2a: Toxapex|Baneful Bunker||[still]
|-fail|p2a: Toxapex
|
|-heal|p1a: INDOMINTABLE|75/100|[from] item: Leftovers
|-heal|p2a: Toxapex|59/100|[from] item: Black Sludge
|upkeep
|turn|17
|
|t:|1620687632
|switch|p2a: Ho-Oh|Ho-Oh|74/100 tox
|move|p1a: INDOMINTABLE|Substitute|p1a: INDOMINTABLE
|-start|p1a: INDOMINTABLE|Substitute
|-damage|p1a: INDOMINTABLE|50/100
|
|-heal|p1a: INDOMINTABLE|56/100|[from] item: Leftovers
|-damage|p2a: Ho-Oh|68/100 tox|[from] psn
|upkeep
|turn|18
|
|t:|1620687638
|move|p1a: INDOMINTABLE|Thousand Arrows|p2a: Ho-Oh
|-damage|p2a: Ho-Oh|44/100 tox
|-start|p2a: Ho-Oh|Smack Down
|move|p2a: Ho-Oh|Whirlwind|p1a: INDOMINTABLE
|drag|p1a: PHOENIX|Ho-Oh|100/100
|
|-damage|p2a: Ho-Oh|32/100 tox|[from] psn
|upkeep
|turn|19
|
|t:|1620687650
|switch|p2a: Toxapex|Toxapex, M|92/100
|switch|p1a: SUNEATER|Necrozma-Dusk-Mane|88/100
|
|-heal|p2a: Toxapex|98/100|[from] item: Black Sludge
|upkeep
|turn|20
|
|t:|1620687660
|switch|p2a: Yveltal|Yveltal|100/100
|-ability|p2a: Yveltal|Dark Aura
|move|p1a: SUNEATER|Stealth Rock|p2a: Yveltal
|-sidestart|p2: PokeDuels|move: Stealth Rock
|
|upkeep
|turn|21
|
|t:|1620687663
|switch|p1a: EIKTHYRNIR|Xerneas|76/100
|-ability|p1a: EIKTHYRNIR|Fairy Aura
|move|p2a: Yveltal|Defog|p1a: EIKTHYRNIR
|-unboost|p1a: EIKTHYRNIR|evasion|1
|-sideend|p2: PokeDuels|Stealth Rock|[from] move: Defog|[of] p2a: Yveltal
|
|upkeep
|turn|22
|
|t:|1620687674
|switch|p2a: Blissey|Blissey, F|100/100
|switch|p1a: INDOMINTABLE|Zygarde|56/100
|
|-heal|p1a: INDOMINTABLE|62/100|[from] item: Leftovers
|upkeep
|turn|23
|
|t:|1620687683
|switch|p2a: Ho-Oh|Ho-Oh|66/100 tox
|move|p1a: INDOMINTABLE|Substitute|p1a: INDOMINTABLE
|-start|p1a: INDOMINTABLE|Substitute
|-damage|p1a: INDOMINTABLE|37/100
|
|-heal|p1a: INDOMINTABLE|43/100|[from] item: Leftovers
|-damage|p2a: Ho-Oh|60/100 tox|[from] psn
|-activate|p1a: INDOMINTABLE|ability: Power Construct
|detailschange|p1a: INDOMINTABLE|Zygarde-Complete
|-heal|p1a: INDOMINTABLE|65/100|[silent]
|upkeep
|turn|24
|
|t:|1620687695
|move|p1a: INDOMINTABLE|Thousand Arrows|p2a: Ho-Oh
|-damage|p2a: Ho-Oh|35/100 tox
|-start|p2a: Ho-Oh|Smack Down
|move|p2a: Ho-Oh|Whirlwind|p1a: INDOMINTABLE
|drag|p1a: HRAESVELGR|Yveltal|100/100
|-ability|p1a: HRAESVELGR|Dark Aura
|
|-damage|p2a: Ho-Oh|23/100 tox|[from] psn
|upkeep
|turn|25
|
|t:|1620687712
|switch|p2a: Yveltal|Yveltal|100/100
|-ability|p2a: Yveltal|Dark Aura
|move|p1a: HRAESVELGR|Taunt|p2a: Yveltal
|-start|p2a: Yveltal|move: Taunt
|
|upkeep
|turn|26
|
|t:|1620687720
|move|p1a: HRAESVELGR|Oblivion Wing|p2a: Yveltal
|-damage|p2a: Yveltal|60/100
|-damage|p1a: HRAESVELGR|91/100|[from] item: Life Orb
|move|p2a: Yveltal|Knock Off|p1a: HRAESVELGR
|-resisted|p1a: HRAESVELGR
|-damage|p1a: HRAESVELGR|70/100
|-enditem|p1a: HRAESVELGR|Life Orb|[from] move: Knock Off|[of] p2a: Yveltal
|
|upkeep
|turn|27
|
|t:|1620687727
|move|p1a: HRAESVELGR|Oblivion Wing|p2a: Yveltal
|-damage|p2a: Yveltal|31/100
|-heal|p1a: HRAESVELGR|91/100|[from] drain|[of] p2a: Yveltal
|move|p2a: Yveltal|Knock Off|p1a: HRAESVELGR
|-resisted|p1a: HRAESVELGR
|-damage|p1a: HRAESVELGR|77/100
|
|-end|p2a: Yveltal|move: Taunt
|upkeep
|turn|28
|
|t:|1620687734
|move|p2a: Yveltal|Roost|p2a: Yveltal
|-heal|p2a: Yveltal|81/100
|-singleturn|p2a: Yveltal|move: Roost
|move|p1a: HRAESVELGR|Taunt|p2a: Yveltal
|-start|p2a: Yveltal|move: Taunt
|
|upkeep
|turn|29
|
|t:|1620687751
|move|p1a: HRAESVELGR|Oblivion Wing|p2a: Yveltal
|-damage|p2a: Yveltal|49/100
|-heal|p1a: HRAESVELGR|100/100|[from] drain|[of] p2a: Yveltal
|move|p2a: Yveltal|Knock Off|p1a: HRAESVELGR
|-resisted|p1a: HRAESVELGR
|-damage|p1a: HRAESVELGR|86/100
|
|upkeep
|turn|30
|
|t:|1620687760
|move|p2a: Yveltal|Knock Off|p1a: HRAESVELGR
|-resisted|p1a: HRAESVELGR
|-damage|p1a: HRAESVELGR|71/100
|move|p1a: HRAESVELGR|Oblivion Wing|p2a: Yveltal
|-crit|p2a: Yveltal
|-damage|p2a: Yveltal|1/100
|-heal|p1a: HRAESVELGR|100/100|[from] drain|[of] p2a: Yveltal
|
|upkeep
|turn|31
|
|t:|1620687771
|switch|p2a: Toxapex|Toxapex, M|100/100
|move|p1a: HRAESVELGR|Dark Pulse|p2a: Toxapex
|-crit|p2a: Toxapex
|-damage|p2a: Toxapex|26/100
|
|-heal|p2a: Toxapex|32/100|[from] item: Black Sludge
|upkeep
|turn|32
|inactive|PokeDuels has 120 seconds left.
|
|t:|1620687820
|move|p2a: Toxapex|Baneful Bunker|p2a: Toxapex
|-singleturn|p2a: Toxapex|move: Protect
|move|p1a: HRAESVELGR|Dark Pulse|p2a: Toxapex
|-activate|p2a: Toxapex|move: Protect
|
|-heal|p2a: Toxapex|38/100|[from] item: Black Sludge
|upkeep
|turn|33
|
|t:|1620687836
|switch|p2a: Blissey|Blissey, F|100/100
|move|p1a: HRAESVELGR|Taunt|p2a: Blissey
|-start|p2a: Blissey|move: Taunt
|
|upkeep
|turn|34
|
|t:|1620687843
|switch|p2a: Toxapex|Toxapex, M|71/100
|move|p1a: HRAESVELGR|Dark Pulse|p2a: Toxapex
|-damage|p2a: Toxapex|27/100
|
|-heal|p2a: Toxapex|33/100|[from] item: Black Sludge
|upkeep
|turn|35
|
|t:|1620687852
|switch|p2a: Ho-Oh|Ho-Oh|56/100 tox
|move|p1a: HRAESVELGR|Taunt|p2a: Ho-Oh
|-start|p2a: Ho-Oh|move: Taunt
|
|-damage|p2a: Ho-Oh|50/100 tox|[from] psn
|upkeep
|turn|36
|
|t:|1620687855
|move|p1a: HRAESVELGR|Dark Pulse|p2a: Ho-Oh
|-damage|p2a: Ho-Oh|20/100 tox
|move|p2a: Ho-Oh|Sacred Fire|p1a: HRAESVELGR
|-damage|p1a: HRAESVELGR|58/100
|-status|p1a: HRAESVELGR|brn
|
|-damage|p1a: HRAESVELGR|52/100 brn|[from] brn
|-damage|p2a: Ho-Oh|7/100 tox|[from] psn
|upkeep
|turn|37
|
|t:|1620687860
|switch|p2a: Blissey|Blissey, F|100/100
|move|p1a: HRAESVELGR|Oblivion Wing|p2a: Blissey
|-damage|p2a: Blissey|87/100
|-heal|p1a: HRAESVELGR|68/100 brn|[from] drain|[of] p2a: Blissey
|
|-damage|p1a: HRAESVELGR|62/100 brn|[from] brn
|upkeep
|turn|38
|
|t:|1620687872
|switch|p2a: Ho-Oh|Ho-Oh|41/100 tox
|move|p1a: HRAESVELGR|Taunt|p2a: Ho-Oh
|-start|p2a: Ho-Oh|move: Taunt
|
|-damage|p1a: HRAESVELGR|56/100 brn|[from] brn
|-damage|p2a: Ho-Oh|35/100 tox|[from] psn
|upkeep
|turn|39
|
|t:|1620687879
|switch|p2a: Blissey|Blissey, F|87/100
|move|p1a: HRAESVELGR|Oblivion Wing|p2a: Blissey
|-damage|p2a: Blissey|73/100
|-heal|p1a: HRAESVELGR|74/100 brn|[from] drain|[of] p2a: Blissey
|
|-damage|p1a: HRAESVELGR|68/100 brn|[from] brn
|upkeep
|turn|40
|
|t:|1620687887
|move|p1a: HRAESVELGR|Taunt|p2a: Blissey
|-start|p2a: Blissey|move: Taunt
|cant|p2a: Blissey|move: Taunt|Soft-Boiled
|
|-damage|p1a: HRAESVELGR|62/100 brn|[from] brn
|upkeep
|turn|41
|
|t:|1620687895
|switch|p2a: Toxapex|Toxapex, M|67/100
|move|p1a: HRAESVELGR|Dark Pulse|p2a: Toxapex
|-damage|p2a: Toxapex|23/100
|
|-heal|p2a: Toxapex|29/100|[from] item: Black Sludge
|-damage|p1a: HRAESVELGR|56/100 brn|[from] brn
|upkeep
|turn|42
|
|t:|1620687898
|move|p2a: Toxapex|Baneful Bunker|p2a: Toxapex
|-singleturn|p2a: Toxapex|move: Protect
|move|p1a: HRAESVELGR|Taunt|p2a: Toxapex
|-activate|p2a: Toxapex|move: Protect
|
|-heal|p2a: Toxapex|35/100|[from] item: Black Sludge
|-damage|p1a: HRAESVELGR|50/100 brn|[from] brn
|upkeep
|turn|43
|
|t:|1620687911
|switch|p2a: Ho-Oh|Ho-Oh|68/100 tox
|move|p1a: HRAESVELGR|Taunt|p2a: Ho-Oh
|-start|p2a: Ho-Oh|move: Taunt
|
|-damage|p1a: HRAESVELGR|44/100 brn|[from] brn
|-damage|p2a: Ho-Oh|62/100 tox|[from] psn
|upkeep
|turn|44
|
|t:|1620687917
|move|p1a: HRAESVELGR|Oblivion Wing|p2a: Ho-Oh
|-damage|p2a: Ho-Oh|40/100 tox
|-heal|p1a: HRAESVELGR|61/100 brn|[from] drain|[of] p2a: Ho-Oh
|move|p2a: Ho-Oh|Sacred Fire|p1a: HRAESVELGR
|-damage|p1a: HRAESVELGR|20/100 brn
|
|-damage|p1a: HRAESVELGR|14/100 brn|[from] brn
|-damage|p2a: Ho-Oh|28/100 tox|[from] psn
|upkeep
|turn|45
|
|t:|1620687928
|switch|p1a: INDOMINTABLE|Zygarde-Complete|65/100
|switch|p2a: Blissey|Blissey, F|73/100
|
|-heal|p1a: INDOMINTABLE|71/100|[from] item: Leftovers
|upkeep
|turn|46
|
|t:|1620687937
|switch|p2a: Ferrothorn|Ferrothorn, M|100/100
|move|p1a: INDOMINTABLE|Dragon Dance|p1a: INDOMINTABLE
|-boost|p1a: INDOMINTABLE|atk|1
|-boost|p1a: INDOMINTABLE|spe|1
|
|-heal|p1a: INDOMINTABLE|77/100|[from] item: Leftovers
|upkeep
|turn|47
|
|t:|1620687941
|move|p1a: INDOMINTABLE|Substitute|p1a: INDOMINTABLE
|-start|p1a: INDOMINTABLE|Substitute
|-damage|p1a: INDOMINTABLE|52/100
|move|p2a: Ferrothorn|Iron Defense|p2a: Ferrothorn
|-boost|p2a: Ferrothorn|def|2
|
|-heal|p1a: INDOMINTABLE|59/100|[from] item: Leftovers
|upkeep
|turn|48
|
|t:|1620687947
|move|p1a: INDOMINTABLE|Thousand Arrows|p2a: Ferrothorn
|-damage|p2a: Ferrothorn|84/100
|move|p2a: Ferrothorn|Body Press|p1a: INDOMINTABLE
|-end|p1a: INDOMINTABLE|Substitute
|
|-heal|p1a: INDOMINTABLE|65/100|[from] item: Leftovers
|-heal|p2a: Ferrothorn|90/100|[from] item: Leftovers
|upkeep
|turn|49
|
|t:|1620687967
|switch|p1a: PHOENIX|Ho-Oh|100/100
|move|p2a: Ferrothorn|Leech Seed|p1a: PHOENIX
|-start|p1a: PHOENIX|move: Leech Seed
|
|-heal|p2a: Ferrothorn|97/100|[from] item: Leftovers
|-damage|p1a: PHOENIX|88/100|[from] Leech Seed|[of] p2a: Ferrothorn
|-heal|p2a: Ferrothorn|100/100|[silent]
|upkeep
|turn|50
|
|t:|1620687971
|move|p2a: Ferrothorn|Toxic|p1a: PHOENIX
|-status|p1a: PHOENIX|tox
|move|p1a: PHOENIX|Whirlwind|p2a: Ferrothorn
|drag|p2a: Quagsire|Quagsire, M|100/100
|
|-damage|p1a: PHOENIX|75/100 tox|[from] Leech Seed|[of] p2a: Quagsire
|-damage|p1a: PHOENIX|69/100 tox|[from] psn
|upkeep
|turn|51
|
|t:|1620687980
|switch|p2a: Yveltal|Yveltal|1/100
|-ability|p2a: Yveltal|Dark Aura
|move|p1a: PHOENIX|Toxic|p2a: Yveltal
|-status|p2a: Yveltal|tox
|
|-damage|p1a: PHOENIX|57/100 tox|[from] Leech Seed|[of] p2a: Yveltal
|-heal|p2a: Yveltal|14/100 tox|[silent]
|-damage|p2a: Yveltal|8/100 tox|[from] psn
|-damage|p1a: PHOENIX|44/100 tox|[from] psn
|upkeep
|turn|52
|
|t:|1620687987
|switch|p1a: EIKTHYRNIR|Xerneas|76/100
|-ability|p1a: EIKTHYRNIR|Fairy Aura
|move|p2a: Yveltal|Roost|p2a: Yveltal
|-heal|p2a: Yveltal|59/100 tox
|-singleturn|p2a: Yveltal|move: Roost
|
|-damage|p2a: Yveltal|46/100 tox|[from] psn
|upkeep
|turn|53
|
|t:|1620687995
|switch|p2a: Blissey|Blissey, F|73/100
|switch|p1a: INDOMINTABLE|Zygarde-Complete|65/100
|
|-heal|p1a: INDOMINTABLE|71/100|[from] item: Leftovers
|upkeep
|turn|54
|
|t:|1620688008
|switch|p2a: Ferrothorn|Ferrothorn, M|100/100
|move|p1a: INDOMINTABLE|Substitute|p1a: INDOMINTABLE
|-start|p1a: INDOMINTABLE|Substitute
|-damage|p1a: INDOMINTABLE|46/100
|
|-heal|p1a: INDOMINTABLE|52/100|[from] item: Leftovers
|upkeep
|turn|55
|
|t:|1620688018
|move|p1a: INDOMINTABLE|Dragon Dance|p1a: INDOMINTABLE
|-boost|p1a: INDOMINTABLE|atk|1
|-boost|p1a: INDOMINTABLE|spe|1
|move|p2a: Ferrothorn|Iron Defense|p2a: Ferrothorn
|-boost|p2a: Ferrothorn|def|2
|
|-heal|p1a: INDOMINTABLE|59/100|[from] item: Leftovers
|upkeep
|turn|56
|
|t:|1620688025
|switch|p1a: SUNEATER|Necrozma-Dusk-Mane|88/100
|move|p2a: Ferrothorn|Body Press|p1a: SUNEATER
|-damage|p1a: SUNEATER|54/100
|
|upkeep
|turn|57
|
|t:|1620688037
|switch|p2a: Blissey|Blissey, F|73/100
|move|p1a: SUNEATER|Stealth Rock|p2a: Blissey
|-sidestart|p2: PokeDuels|move: Stealth Rock
|
|upkeep
|turn|58
|
|t:|1620688049
|move|p1a: SUNEATER|Sunsteel Strike|p2a: Blissey
|-damage|p2a: Blissey|23/100
|move|p2a: Blissey|Soft-Boiled|p2a: Blissey
|-heal|p2a: Blissey|73/100
|
|upkeep
|turn|59
|
|t:|1620688061
|move|p1a: SUNEATER|Sunsteel Strike|p2a: Blissey
|-damage|p2a: Blissey|29/100
|move|p2a: Blissey|Soft-Boiled|p2a: Blissey
|-heal|p2a: Blissey|79/100
|
|upkeep
|turn|60
|
|t:|1620688066
|switch|p1a: HUAKAI'PO|Marshadow|100/100
|move|p2a: Blissey|Soft-Boiled|p2a: Blissey
|-heal|p2a: Blissey|100/100
|
|upkeep
|turn|61
|
|t:|1620688073
|switch|p2a: Quagsire|Quagsire, M|100/100
|-damage|p2a: Quagsire|94/100|[from] Stealth Rock
|move|p1a: HUAKAI'PO|Close Combat|p2a: Quagsire
|-damage|p2a: Quagsire|28/100
|-unboost|p1a: HUAKAI'PO|def|1
|-unboost|p1a: HUAKAI'PO|spd|1
|
|-heal|p2a: Quagsire|34/100|[from] item: Leftovers
|upkeep
|turn|62
|
|t:|1620688089
|move|p1a: HUAKAI'PO|Close Combat|p2a: Quagsire
|-damage|p2a: Quagsire|0 fnt
|-unboost|p1a: HUAKAI'PO|def|1
|-unboost|p1a: HUAKAI'PO|spd|1
|faint|p2a: Quagsire
|
|upkeep
|
|t:|1620688095
|switch|p2a: Ho-Oh|Ho-Oh|61/100 tox
|turn|63
|inactive|yungmacedgod has 120 seconds left.
|inactive|yungmacedgod has 90 seconds left.
|inactive|yungmacedgod has 60 seconds left.
|
|t:|1620688214
|switch|p1a: PHOENIX|Ho-Oh|77/100 tox
|move|p2a: Ho-Oh|Defog|p1a: PHOENIX
|-unboost|p1a: PHOENIX|evasion|1
|-sideend|p2: PokeDuels|Stealth Rock|[from] move: Defog|[of] p2a: Ho-Oh
|
|-damage|p2a: Ho-Oh|55/100 tox|[from] psn
|-damage|p1a: PHOENIX|71/100 tox|[from] psn
|upkeep
|turn|64
|inactive|yungmacedgod has 30 seconds left.
|
|t:|1620688241
|switch|p2a: Blissey|Blissey, F|100/100
|switch|p1a: SUNEATER|Necrozma-Dusk-Mane|54/100
|
|upkeep
|turn|65
|
|t:|1620688247
|move|p1a: SUNEATER|Stealth Rock|p2a: Blissey
|-sidestart|p2: PokeDuels|move: Stealth Rock
|move|p2a: Blissey|Aromatherapy|p2a: Blissey
|-activate|p2a: Blissey|move: Aromatherapy
|-curestatus|p2: Ho-Oh|tox|[msg]
|-curestatus|p2: Yveltal|tox|[msg]
|
|upkeep
|turn|66
|
|t:|1620688264
|switch|p1a: HUAKAI'PO|Marshadow|100/100
|switch|p2a: Ho-Oh|Ho-Oh|88/100
|
|upkeep
|turn|67
|
|t:|1620688271
|move|p1a: HUAKAI'PO|Rock Tomb|p2a: Ho-Oh
|-supereffective|p2a: Ho-Oh
|-damage|p2a: Ho-Oh|0 fnt
|faint|p2a: Ho-Oh
|
|upkeep
|
|t:|1620688284
|switch|p2a: Ferrothorn|Ferrothorn, M|100/100
|-damage|p2a: Ferrothorn|94/100|[from] Stealth Rock
|turn|68
|
|t:|1620688288
|switch|p1a: PHOENIX|Ho-Oh|100/100 tox
|move|p2a: Ferrothorn|Iron Defense|p2a: Ferrothorn
|-boost|p2a: Ferrothorn|def|2
|
|-heal|p2a: Ferrothorn|100/100|[from] item: Leftovers
|-damage|p1a: PHOENIX|94/100 tox|[from] psn
|upkeep
|turn|69
|
|t:|1620688296
|switch|p2a: Yveltal|Yveltal|46/100
|-ability|p2a: Yveltal|Dark Aura
|move|p1a: PHOENIX|Sacred Fire|p2a: Yveltal
|-damage|p2a: Yveltal|7/100
|
|-damage|p1a: PHOENIX|82/100 tox|[from] psn
|upkeep
|turn|70
|
|t:|1620688307
|switch|p1a: EIKTHYRNIR|Xerneas|76/100
|-ability|p1a: EIKTHYRNIR|Fairy Aura
|move|p2a: Yveltal|Roost|p2a: Yveltal
|-heal|p2a: Yveltal|57/100
|-singleturn|p2a: Yveltal|move: Roost
|
|upkeep
|turn|71
|
|t:|1620688319
|switch|p2a: Blissey|Blissey, F|100/100
|-damage|p2a: Blissey|88/100|[from] Stealth Rock
|switch|p1a: INDOMINTABLE|Zygarde-Complete|59/100
|
|-heal|p1a: INDOMINTABLE|65/100|[from] item: Leftovers
|upkeep
|turn|72
|
|t:|1620688328
|switch|p2a: Ferrothorn|Ferrothorn, M|100/100
|-damage|p2a: Ferrothorn|94/100|[from] Stealth Rock
|move|p1a: INDOMINTABLE|Thousand Arrows|p2a: Ferrothorn
|-damage|p2a: Ferrothorn|70/100
|
|-heal|p1a: INDOMINTABLE|71/100|[from] item: Leftovers
|-heal|p2a: Ferrothorn|76/100|[from] item: Leftovers
|upkeep
|turn|73
|
|t:|1620688340
|switch|p1a: HRAESVELGR|Yveltal|14/100 brn
|-ability|p1a: HRAESVELGR|Dark Aura
|move|p2a: Ferrothorn|Leech Seed|p1a: HRAESVELGR
|-start|p1a: HRAESVELGR|move: Leech Seed
|
|-heal|p2a: Ferrothorn|83/100|[from] item: Leftovers
|-damage|p1a: HRAESVELGR|1/100 brn|[from] Leech Seed|[of] p2a: Ferrothorn
|-heal|p2a: Ferrothorn|97/100|[silent]
|-damage|p1a: HRAESVELGR|0 fnt|[from] brn
|faint|p1a: HRAESVELGR
|upkeep
|
|t:|1620688349
|switch|p1a: HUAKAI'PO|Marshadow|100/100
|turn|74
|
|t:|1620688358
|switch|p2a: Toxapex|Toxapex, M|68/100
|-damage|p2a: Toxapex|56/100|[from] Stealth Rock
|move|p1a: HUAKAI'PO|Close Combat|p2a: Toxapex
|-resisted|p2a: Toxapex
|-damage|p2a: Toxapex|24/100
|-unboost|p1a: HUAKAI'PO|def|1
|-unboost|p1a: HUAKAI'PO|spd|1
|
|-heal|p2a: Toxapex|30/100|[from] item: Black Sludge
|upkeep
|turn|75
|inactive|yungmacedgod has 90 seconds left.
|
|t:|1620688366
|switch|p1a: INDOMINTABLE|Zygarde-Complete|71/100
|move|p2a: Toxapex|Baneful Bunker||[still]
|-fail|p2a: Toxapex
|
|-heal|p1a: INDOMINTABLE|77/100|[from] item: Leftovers
|-heal|p2a: Toxapex|36/100|[from] item: Black Sludge
|upkeep
|turn|76
|
|t:|1620688376
|move|p1a: INDOMINTABLE|Dragon Dance|p1a: INDOMINTABLE
|-boost|p1a: INDOMINTABLE|atk|1
|-boost|p1a: INDOMINTABLE|spe|1
|move|p2a: Toxapex|Knock Off|p1a: INDOMINTABLE
|-damage|p1a: INDOMINTABLE|70/100
|-enditem|p1a: INDOMINTABLE|Leftovers|[from] move: Knock Off|[of] p2a: Toxapex
|
|-heal|p2a: Toxapex|42/100|[from] item: Black Sludge
|upkeep
|turn|77
|
|t:|1620688381
|switch|p2a: Ferrothorn|Ferrothorn, M|97/100
|-damage|p2a: Ferrothorn|90/100|[from] Stealth Rock
|move|p1a: INDOMINTABLE|Thousand Arrows|p2a: Ferrothorn
|-damage|p2a: Ferrothorn|55/100
|
|-heal|p2a: Ferrothorn|61/100|[from] item: Leftovers
|upkeep
|turn|78
|
|t:|1620688390
|switch|p1a: PHOENIX|Ho-Oh|100/100 tox
|move|p2a: Ferrothorn|Iron Defense|p2a: Ferrothorn
|-boost|p2a: Ferrothorn|def|2
|
|-heal|p2a: Ferrothorn|68/100|[from] item: Leftovers
|-damage|p1a: PHOENIX|94/100 tox|[from] psn
|upkeep
|turn|79
|
|t:|1620688395
|switch|p1a: INDOMINTABLE|Zygarde-Complete|70/100
|move|p2a: Ferrothorn|Leech Seed|p1a: INDOMINTABLE
|-start|p1a: INDOMINTABLE|move: Leech Seed
|
|-heal|p2a: Ferrothorn|74/100|[from] item: Leftovers
|-damage|p1a: INDOMINTABLE|58/100|[from] Leech Seed|[of] p2a: Ferrothorn
|-heal|p2a: Ferrothorn|94/100|[silent]
|upkeep
|turn|80
|
|t:|1620688404
|switch|p1a: PHOENIX|Ho-Oh|100/100 tox
|move|p2a: Ferrothorn|Iron Defense|p2a: Ferrothorn
|-boost|p2a: Ferrothorn|def|2
|
|-heal|p2a: Ferrothorn|100/100|[from] item: Leftovers
|-damage|p1a: PHOENIX|94/100 tox|[from] psn
|upkeep
|turn|81
|
|t:|1620688408
|move|p1a: PHOENIX|Sacred Fire|p2a: Ferrothorn
|-supereffective|p2a: Ferrothorn
|-crit|p2a: Ferrothorn
|-damage|p2a: Ferrothorn|0 fnt
|faint|p2a: Ferrothorn
|
|-damage|p1a: PHOENIX|82/100 tox|[from] psn
|upkeep
|-message|PokeDuels forfeited.
|
|win|yungmacedgod
|raw|yungmacedgod's rating: 1374 &rarr; <strong>1407</strong><br />(+33 for winning)
|raw|PokeDuels's rating: 1639 &rarr; <strong>1606</strong><br />(-33 for losing)
