|j|☆HonchkrowLover27
|j|☆puissance du feu
|t:|1668632502
|gametype|singles
|player|p1|HonchkrowLover27|caitlin|1404
|player|p2|puissance du feu|blackbelt-gen4dp|1410
|teamsize|p1|6
|teamsize|p2|6
|gen|8
|tier|[Gen 8] Ubers
|rated|
|rule|Sleep Clause Mod: Limit one foe put to sleep
|rule|Species Clause: Limit one of each Pokémon
|rule|OHKO Clause: OHKO moves are banned
|rule|Evasion Items Clause: Evasion items are banned
|rule|Evasion Moves Clause: Evasion moves are banned
|rule|Endless Battle Clause: Forcing endless battles is banned
|rule|HP Percentage Mod: HP is shown in percentages
|rule|Dynamax Clause: You cannot dynamax
|clearpoke
|poke|p1|Pheromosa|
|poke|p1|Darmanitan-Galar, F|
|poke|p1|Yveltal|
|poke|p1|Ho-Oh|
|poke|p1|Necrozma-Dusk-Mane|
|poke|p1|Eternatus|
|poke|p2|Skarmory, F|
|poke|p2|Porygon2|
|poke|p2|Melmetal|
|poke|p2|Hatterene, F|
|poke|p2|Magearna|
|poke|p2|Blissey, F|
|teampreview
|inactive|Battle timer is ON: inactive players will automatically lose when time's up. (requested by puissance du feu)
|
|t:|1668632509
|start
|switch|p1a: Macerana|Necrozma-Dusk-Mane, shiny|100/100
|switch|p2a: Heeeee|Hatterene, F|100/100
|turn|1
|
|t:|1668632515
|move|p1a: Macerana|Sunsteel Strike|p2a: Heeeee
|-supereffective|p2a: Heeeee
|-enditem|p2a: Heeeee|Focus Sash
|-damage|p2a: Heeeee|1/100
|move|p2a: Heeeee|Trick Room|p2a: Heeeee
|-fieldstart|move: Trick Room|[of] p2a: Heeeee
|
|upkeep
|turn|2
|
|t:|1668632520
|move|p2a: Heeeee|Mystical Fire|p1a: Macerana
|-supereffective|p1a: Macerana
|-damage|p1a: Macerana|64/100
|-unboost|p1a: Macerana|spa|1
|move|p1a: Macerana|Morning Sun|p1a: Macerana
|-heal|p1a: Macerana|100/100
|
|upkeep
|turn|3
|
|t:|1668632534
|switch|p2a: Mono..|Melmetal|100/100
|move|p1a: Macerana|Sunsteel Strike|p2a: Mono..
|-resisted|p2a: Mono..
|-damage|p2a: Mono..|85/100
|
|upkeep
|turn|4
|
|t:|1668632547
|move|p2a: Mono..|Darkest Lariat|p1a: Macerana
|-supereffective|p1a: Macerana
|-damage|p1a: Macerana|50/100
|move|p1a: Macerana|Stealth Rock|p2a: Mono..
|-sidestart|p2: puissance du feu|move: Stealth Rock
|
|-heal|p1a: Macerana|56/100|[from] item: Leftovers
|upkeep
|turn|5
|
|t:|1668632562
|switch|p1a: Cha Cha Slide|Yveltal, shiny|100/100
|-ability|p1a: Cha Cha Slide|Dark Aura
|move|p2a: Mono..|Darkest Lariat|p1a: Cha Cha Slide
|-resisted|p1a: Cha Cha Slide
|-damage|p1a: Cha Cha Slide|71/100
|
|-fieldend|move: Trick Room
|upkeep
|turn|6
|
|t:|1668632577
|switch|p2a: Relax|Skarmory, F|100/100
|-damage|p2a: Relax|88/100|[from] Stealth Rock
|move|p1a: Cha Cha Slide|U-turn|p2a: Relax
|-resisted|p2a: Relax
|-damage|p2a: Relax|83/100
|-damage|p1a: Cha Cha Slide|54/100|[from] item: Rocky Helmet|[of] p2a: Relax
|
|t:|1668632591
|switch|p1a: Cotton Eye Joe|Ho-Oh, shiny|100/100|[from]move: U-turn
|
|upkeep
|turn|7
|
|t:|1668632600
|move|p1a: Cotton Eye Joe|Sacred Fire|p2a: Relax
|-supereffective|p2a: Relax
|-damage|p2a: Relax|30/100
|move|p2a: Relax|Defog|p1a: Cotton Eye Joe
|-unboost|p1a: Cotton Eye Joe|evasion|1
|-sideend|p2: puissance du feu|Stealth Rock|[from] move: Defog|[of] p2a: Relax
|
|upkeep
|turn|8
|
|t:|1668632611
|move|p1a: Cotton Eye Joe|Sacred Fire|p2a: Relax
|-supereffective|p2a: Relax
|-damage|p2a: Relax|0 fnt
|faint|p2a: Relax
|
|upkeep
|
|t:|1668632622
|switch|p2a: Polatona|Porygon2|100/100
|-ability|p2a: Polatona|Regenerator|[from] ability: Trace|[of] p1a: Cotton Eye Joe
|turn|9
|
|t:|1668632624
|move|p1a: Cotton Eye Joe|Sacred Fire|p2a: Polatona
|-damage|p2a: Polatona|74/100
|move|p2a: Polatona|Trick Room|p2a: Polatona
|-fieldstart|move: Trick Room|[of] p2a: Polatona
|
|upkeep
|turn|10
|
|t:|1668632635
|move|p1a: Cotton Eye Joe|Sacred Fire|p2a: Polatona
|-damage|p2a: Polatona|46/100
|-status|p2a: Polatona|brn
|move|p2a: Polatona|Teleport|p2a: Polatona
|
|t:|1668632654
|switch|p2a: Trone|Blissey, F|100/100|[from]move: Teleport
|
|upkeep
|turn|11
|
|t:|1668632659
|switch|p1a: Macerana|Necrozma-Dusk-Mane, shiny|56/100
|move|p2a: Trone|Reflect|p2a: Trone
|-sidestart|p2: puissance du feu|Reflect
|
|-heal|p1a: Macerana|62/100|[from] item: Leftovers
|upkeep
|turn|12
|
|t:|1668632670
|move|p2a: Trone|Light Screen|p2a: Trone
|-sidestart|p2: puissance du feu|move: Light Screen
|move|p1a: Macerana|Sunsteel Strike|p2a: Trone
|-damage|p2a: Trone|76/100
|
|-heal|p1a: Macerana|68/100|[from] item: Leftovers
|upkeep
|turn|13
|
|t:|1668632682
|switch|p2a: Polatona|Porygon2|80/100 brn
|-ability|p2a: Polatona|Prism Armor|[from] ability: Trace|[of] p1a: Macerana
|move|p1a: Macerana|Stealth Rock|p2a: Polatona
|-sidestart|p2: puissance du feu|move: Stealth Rock
|
|-heal|p1a: Macerana|75/100|[from] item: Leftovers
|-damage|p2a: Polatona|73/100 brn|[from] brn
|-fieldend|move: Trick Room
|upkeep
|turn|14
|
|t:|1668632698
|switch|p1a: Cotton Eye Joe|Ho-Oh, shiny|100/100
|move|p2a: Polatona|Trick Room|p2a: Polatona
|-fieldstart|move: Trick Room|[of] p2a: Polatona
|
|-damage|p2a: Polatona|67/100 brn|[from] brn
|upkeep
|turn|15
|
|t:|1668632718
|move|p2a: Polatona|Foul Play|p1a: Cotton Eye Joe
|-damage|p1a: Cotton Eye Joe|88/100
|move|p1a: Cotton Eye Joe|Brave Bird|p2a: Polatona
|-damage|p2a: Polatona|53/100 brn
|-damage|p1a: Cotton Eye Joe|83/100|[from] Recoil
|
|-damage|p2a: Polatona|47/100 brn|[from] brn
|upkeep
|turn|16
|
|t:|1668632728
|move|p2a: Polatona|Recover|p2a: Polatona
|-heal|p2a: Polatona|97/100 brn
|move|p1a: Cotton Eye Joe|Brave Bird|p2a: Polatona
|-damage|p2a: Polatona|82/100 brn
|-damage|p1a: Cotton Eye Joe|79/100|[from] Recoil
|
|-damage|p2a: Polatona|75/100 brn|[from] brn
|upkeep
|turn|17
|
|t:|1668632738
|move|p1a: Cotton Eye Joe|Brave Bird|p2a: Polatona
|-damage|p2a: Polatona|61/100 brn
|-damage|p1a: Cotton Eye Joe|74/100|[from] Recoil
|move|p2a: Polatona|Teleport|p2a: Polatona
|
|t:|1668632757
|switch|p2a: Trone|Blissey, F|76/100|[from]move: Teleport
|-damage|p2a: Trone|63/100|[from] Stealth Rock
|
|upkeep
|turn|18
|
|t:|1668632763
|switch|p1a: Cha Cha Slide|Yveltal, shiny|54/100
|-ability|p1a: Cha Cha Slide|Dark Aura
|move|p2a: Trone|Toxic|p1a: Cha Cha Slide
|-status|p1a: Cha Cha Slide|tox
|
|-damage|p1a: Cha Cha Slide|48/100 tox|[from] psn
|-sideend|p2: puissance du feu|Reflect
|-fieldend|move: Trick Room
|upkeep
|turn|19
|
|t:|1668632780
|switch|p2a: Mono..|Melmetal|85/100
|-damage|p2a: Mono..|79/100|[from] Stealth Rock
|move|p1a: Cha Cha Slide|Knock Off|p2a: Mono..
|-damage|p2a: Mono..|19/100
|-enditem|p2a: Mono..|Choice Band|[from] move: Knock Off|[of] p1a: Cha Cha Slide
|
|-damage|p1a: Cha Cha Slide|36/100 tox|[from] psn
|-sideend|p2: puissance du feu|move: Light Screen
|upkeep
|turn|20
|
|t:|1668632794
|switch|p2a: Mana|Magearna|100/100
|-damage|p2a: Mana|94/100|[from] Stealth Rock
|move|p1a: Cha Cha Slide|Knock Off|p2a: Mana
|-resisted|p2a: Mana
|-damage|p2a: Mana|52/100
|-enditem|p2a: Mana|Leftovers|[from] move: Knock Off|[of] p1a: Cha Cha Slide
|
|-damage|p1a: Cha Cha Slide|18/100 tox|[from] psn
|upkeep
|turn|21
|
|t:|1668632807
|switch|p1a: Macerana|Necrozma-Dusk-Mane, shiny|75/100
|move|p2a: Mana|Trick Room|p2a: Mana
|-fieldstart|move: Trick Room|[of] p2a: Mana
|
|-heal|p1a: Macerana|81/100|[from] item: Leftovers
|upkeep
|turn|22
|
|t:|1668632826
|switch|p2a: Mono..|Melmetal|19/100
|-damage|p2a: Mono..|13/100|[from] Stealth Rock
|switch|p1a: Cotton Eye Joe|Ho-Oh, shiny|100/100
|
|upkeep
|turn|23
|
|t:|1668632853
|move|p2a: Mono..|Mega Punch|p1a: Cotton Eye Joe
|-damage|p1a: Cotton Eye Joe|68/100
|move|p1a: Cotton Eye Joe|Sacred Fire|p2a: Mono..
|-supereffective|p2a: Mono..
|-damage|p2a: Mono..|0 fnt
|faint|p2a: Mono..
|
|upkeep
|
|t:|1668632869
|switch|p2a: Polatona|Porygon2|61/100 brn
|-damage|p2a: Polatona|49/100 brn|[from] Stealth Rock
|-ability|p2a: Polatona|Regenerator|[from] ability: Trace|[of] p1a: Cotton Eye Joe
|turn|24
|
|t:|1668632877
|switch|p1a: Cha Cha Slide|Yveltal, shiny|18/100 tox
|-ability|p1a: Cha Cha Slide|Dark Aura
|move|p2a: Polatona|Recover|p2a: Polatona
|-heal|p2a: Polatona|99/100 brn
|
|-damage|p1a: Cha Cha Slide|12/100 tox|[from] psn
|-damage|p2a: Polatona|92/100 brn|[from] brn
|upkeep
|turn|25
|
|t:|1668632893
|switch|p2a: Mana|Magearna|52/100
|-damage|p2a: Mana|46/100|[from] Stealth Rock
|move|p1a: Cha Cha Slide|Roost|p1a: Cha Cha Slide
|-heal|p1a: Cha Cha Slide|62/100 tox
|-singleturn|p1a: Cha Cha Slide|move: Roost
|
|-damage|p1a: Cha Cha Slide|50/100 tox|[from] psn
|-fieldend|move: Trick Room
|upkeep
|turn|26
|
|t:|1668632905
|switch|p1a: Macerana|Necrozma-Dusk-Mane, shiny|81/100
|move|p2a: Mana|Fleur Cannon|p1a: Macerana
|-resisted|p1a: Macerana
|-damage|p1a: Macerana|53/100
|-unboost|p2a: Mana|spa|2
|
|-heal|p1a: Macerana|59/100|[from] item: Leftovers
|upkeep
|turn|27
|
|t:|1668632914
|switch|p1a: Cha Cha Slide|Yveltal, shiny|50/100 tox
|-ability|p1a: Cha Cha Slide|Dark Aura
|switch|p2a: Polatona|Porygon2|100/100 brn
|-damage|p2a: Polatona|88/100 brn|[from] Stealth Rock
|-ability|p2a: Polatona|Dark Aura|[from] ability: Trace|[of] p1a: Cha Cha Slide
|-ability|p2a: Polatona|Dark Aura
|
|-damage|p1a: Cha Cha Slide|44/100 tox|[from] psn
|-damage|p2a: Polatona|82/100 brn|[from] brn
|upkeep
|turn|28
|
|t:|1668632923
|move|p1a: Cha Cha Slide|Knock Off|p2a: Polatona
|-damage|p2a: Polatona|17/100 brn
|-enditem|p2a: Polatona|Eviolite|[from] move: Knock Off|[of] p1a: Cha Cha Slide
|move|p2a: Polatona|Trick Room|p2a: Polatona
|-fieldstart|move: Trick Room|[of] p2a: Polatona
|
|-damage|p1a: Cha Cha Slide|31/100 tox|[from] psn
|-damage|p2a: Polatona|11/100 brn|[from] brn
|upkeep
|turn|29
|
|t:|1668632930
|move|p2a: Polatona|Recover|p2a: Polatona
|-heal|p2a: Polatona|61/100 brn
|move|p1a: Cha Cha Slide|Knock Off|p2a: Polatona
|-damage|p2a: Polatona|0 fnt
|faint|p2a: Polatona
|
|-damage|p1a: Cha Cha Slide|13/100 tox|[from] psn
|upkeep
|
|t:|1668632943
|switch|p2a: Mana|Magearna|46/100
|-damage|p2a: Mana|40/100|[from] Stealth Rock
|turn|30
|
|t:|1668632948
|switch|p1a: Macerana|Necrozma-Dusk-Mane, shiny|59/100
|move|p2a: Mana|Flash Cannon|p1a: Macerana
|-resisted|p1a: Macerana
|-damage|p1a: Macerana|40/100
|
|-heal|p1a: Macerana|47/100|[from] item: Leftovers
|upkeep
|turn|31
|
|t:|1668632958
|move|p2a: Mana|Flash Cannon|p1a: Macerana
|-resisted|p1a: Macerana
|-damage|p1a: Macerana|28/100
|move|p1a: Macerana|Morning Sun|p1a: Macerana
|-heal|p1a: Macerana|77/100
|
|-heal|p1a: Macerana|84/100|[from] item: Leftovers
|upkeep
|turn|32
|
|t:|1668632967
|switch|p1a: Cotton Eye Joe|Ho-Oh, shiny|100/100
|move|p2a: Mana|Encore||[still]
|-fail|p2a: Mana
|
|-fieldend|move: Trick Room
|upkeep
|turn|33
|
|t:|1668632975
|switch|p2a: Heeeee|Hatterene, F|1/100
|-damage|p2a: Heeeee|0 fnt|[from] Stealth Rock
|faint|p2a: Heeeee
|move|p1a: Cotton Eye Joe|Sacred Fire|p2: Heeeee|[notarget]
|-fail|p1a: Cotton Eye Joe
|
|upkeep
|c|☆HonchkrowLover27|gg
|
|t:|1668632997
|switch|p2a: Trone|Blissey, F|63/100
|-damage|p2a: Trone|51/100|[from] Stealth Rock
|turn|34
|
|t:|1668633002
|move|p1a: Cotton Eye Joe|Brave Bird|p2a: Trone
|-damage|p2a: Trone|8/100
|-damage|p1a: Cotton Eye Joe|76/100|[from] Recoil
|move|p2a: Trone|Reflect|p2a: Trone
|-sidestart|p2: puissance du feu|Reflect
|
|upkeep
|turn|35
|
|t:|1668633010
|move|p1a: Cotton Eye Joe|Brave Bird|p2a: Trone
|-damage|p2a: Trone|0 fnt
|faint|p2a: Trone
|-damage|p1a: Cotton Eye Joe|72/100|[from] Recoil
|
|upkeep
|-message|puissance du feu forfeited.
|
|win|HonchkrowLover27
|raw|HonchkrowLover27's rating: 1404 &rarr; <strong>1424</strong><br />(+20 for winning)
|raw|puissance du feu's rating: 1410 &rarr; <strong>1390</strong><br />(-20 for losing)
|l|☆puissance du feu
