|j|☆polmpolmpolm
|j|☆TogeBirlHQ
|t:|1660046447
|gametype|singles
|player|p1|polmpolmpolm|red|1301
|player|p2|TogeBirlHQ|nate|1579
|teamsize|p1|6
|teamsize|p2|6
|gen|8
|tier|[Gen 8] Ubers
|rated|
|rule|Sleep Clause Mod: Limit one foe put to sleep
|rule|Species Clause: Limit one of each Pokémon
|rule|OHKO Clause: OHKO moves are banned
|rule|Evasion Items Clause: Evasion items are banned
|rule|Evasion Moves Clause: Evasion moves are banned
|rule|Endless Battle Clause: Forcing endless battles is banned
|rule|HP Percentage Mod: HP is shown in percentages
|rule|Dynamax Clause: You cannot dynamax
|clearpoke
|poke|p1|Shuckle, M|
|poke|p1|Necrozma-Dusk-Mane|
|poke|p1|Xerneas-*|
|poke|p1|Kyogre|
|poke|p1|Yveltal|
|poke|p1|Calyrex-Shadow|
|poke|p2|Urshifu-*, M|
|poke|p2|Calyrex-Shadow|
|poke|p2|Eternatus|
|poke|p2|Necrozma-Dusk-Mane|
|poke|p2|Yveltal|
|poke|p2|Ho-Oh|
|teampreview
|
|t:|1660046455
|start
|switch|p1a: Shuckle|Shuckle, M|100/100
|switch|p2a: Calyrex|Calyrex-Shadow|100/100
|-ability|p2a: Calyrex|As One
|-ability|p2a: Calyrex|Unnerve
|turn|1
|
|t:|1660046464
|move|p2a: Calyrex|Trick|p1a: Shuckle
|-activate|p2a: Calyrex|move: Trick|[of] p1a: Shuckle
|-item|p1a: Shuckle|Choice Specs|[from] move: Trick
|-item|p2a: Calyrex|Mental Herb|[from] move: Trick
|move|p1a: Shuckle|Encore|p2a: Calyrex
|-start|p2a: Calyrex|Encore
|-enditem|p2a: Calyrex|Mental Herb
|-end|p2a: Calyrex|Encore
|
|upkeep
|turn|2
|
|t:|1660046483
|move|p2a: Calyrex|Will-O-Wisp|p1a: Shuckle
|-status|p1a: Shuckle|brn
|move|p1a: Shuckle|Encore|p2a: Calyrex
|-start|p2a: Calyrex|Encore
|
|-damage|p1a: Shuckle|94/100 brn|[from] brn
|upkeep
|turn|3
|
|t:|1660046490
|switch|p1a: Xerneas|Xerneas|100/100
|-ability|p1a: Xerneas|Fairy Aura
|move|p2a: Calyrex|Will-O-Wisp|p1a: Xerneas
|-status|p1a: Xerneas|brn
|
|-damage|p1a: Xerneas|94/100 brn|[from] brn
|upkeep
|turn|4
|
|t:|1660046496
|switch|p2a: Necrozma|Necrozma-Dusk-Mane|100/100
|switch|p1a: Calyrex|Calyrex-Shadow|100/100
|-ability|p1a: Calyrex|As One
|-ability|p1a: Calyrex|Unnerve
|
|upkeep
|turn|5
|
|t:|1660046502
|switch|p2a: Yveltal|Yveltal|100/100
|-ability|p2a: Yveltal|Dark Aura
|move|p1a: Calyrex|Trick|p2a: Yveltal
|-activate|p1a: Calyrex|move: Trick|[of] p2a: Yveltal
|-item|p2a: Yveltal|Choice Scarf|[from] move: Trick
|-item|p1a: Calyrex|Choice Scarf|[from] move: Trick
|
|upkeep
|turn|6
|
|t:|1660046513
|switch|p1a: Shuckle|Shuckle, M|94/100 brn
|move|p2a: Yveltal|U-turn|p1a: Shuckle
|-damage|p1a: Shuckle|80/100 brn
|
|t:|1660046522
|switch|p2a: Necrozma|Necrozma-Dusk-Mane|100/100|[from]move: U-turn
|
|-damage|p1a: Shuckle|74/100 brn|[from] brn
|upkeep
|turn|7
|
|t:|1660046535
|move|p2a: Necrozma|Iron Head|p1a: Shuckle
|-supereffective|p1a: Shuckle
|-damage|p1a: Shuckle|22/100 brn
|move|p1a: Shuckle|Sticky Web|p2a: Necrozma
|-sidestart|p2: TogeBirlHQ|move: Sticky Web
|
|-damage|p1a: Shuckle|16/100 brn|[from] brn
|upkeep
|turn|8
|
|t:|1660046542
|switch|p2a: Yveltal|Yveltal|100/100
|-ability|p2a: Yveltal|Dark Aura
|move|p1a: Shuckle|Sticky Web||[still]
|-fail|p1a: Shuckle
|
|-damage|p1a: Shuckle|10/100 brn|[from] brn
|upkeep
|turn|9
|
|t:|1660046551
|switch|p1a: Xerneas|Xerneas|94/100 brn
|-ability|p1a: Xerneas|Fairy Aura
|move|p2a: Yveltal|Defog|p1a: Xerneas
|-unboost|p1a: Xerneas|evasion|1
|-sideend|p2: TogeBirlHQ|Sticky Web|[from] move: Defog|[of] p2a: Yveltal
|
|-damage|p1a: Xerneas|88/100 brn|[from] brn
|upkeep
|turn|10
|
|t:|1660046557
|switch|p2a: Necrozma|Necrozma-Dusk-Mane|100/100
|move|p1a: Xerneas|Focus Blast|p2a: Necrozma|[miss]
|-miss|p1a: Xerneas|p2a: Necrozma
|
|-damage|p1a: Xerneas|82/100 brn|[from] brn
|upkeep
|turn|11
|
|t:|1660046565
|switch|p1a: Necrozma|Necrozma-Dusk-Mane|100/100
|switch|p2a: Ho-Oh|Ho-Oh|100/100
|
|upkeep
|turn|12
|
|t:|1660046570
|switch|p1a: Shuckle|Shuckle, M|10/100 brn
|move|p2a: Ho-Oh|Whirlwind|p1a: Shuckle
|drag|p1a: Kyogre|Kyogre|100/100
|-weather|RainDance|[from] ability: Drizzle|[of] p1a: Kyogre
|
|-weather|RainDance|[upkeep]
|upkeep
|turn|13
|
|t:|1660046581
|switch|p2a: Eternatus|Eternatus|100/100
|-ability|p2a: Eternatus|Pressure
|move|p1a: Kyogre|Water Spout|p2a: Eternatus
|-resisted|p2a: Eternatus
|-damage|p2a: Eternatus|45/100
|
|-weather|RainDance|[upkeep]
|upkeep
|turn|14
|
|t:|1660046590
|switch|p1a: Necrozma|Necrozma-Dusk-Mane|100/100
|move|p2a: Eternatus|Recover|p2a: Eternatus
|-heal|p2a: Eternatus|95/100
|
|-weather|RainDance|[upkeep]
|upkeep
|turn|15
|
|t:|1660046602
|switch|p2a: Yveltal|Yveltal|100/100
|-ability|p2a: Yveltal|Dark Aura
|move|p1a: Necrozma|Psychic Fangs|p2a: Yveltal
|-immune|p2a: Yveltal
|
|-weather|RainDance|[upkeep]
|upkeep
|turn|16
|
|t:|1660046610
|switch|p1a: Shuckle|Shuckle, M|10/100 brn
|move|p2a: Yveltal|Foul Play|p1a: Shuckle
|-damage|p1a: Shuckle|7/100 brn
|
|-weather|none
|-damage|p1a: Shuckle|1/100 brn|[from] brn
|upkeep
|turn|17
|
|t:|1660046618
|move|p2a: Yveltal|Foul Play|p1a: Shuckle
|-damage|p1a: Shuckle|0 fnt
|faint|p1a: Shuckle
|
|upkeep
|
|t:|1660046631
|switch|p1a: Xerneas|Xerneas|82/100 brn
|-ability|p1a: Xerneas|Fairy Aura
|turn|18
|
|t:|1660046635
|switch|p2a: Ho-Oh|Ho-Oh|100/100
|move|p1a: Xerneas|Thunderbolt|p2a: Ho-Oh
|-supereffective|p2a: Ho-Oh
|-damage|p2a: Ho-Oh|62/100
|
|-damage|p1a: Xerneas|76/100 brn|[from] brn
|upkeep
|turn|19
|
|t:|1660046645
|switch|p2a: Necrozma|Necrozma-Dusk-Mane|100/100
|move|p1a: Xerneas|Geomancy||[still]
|-prepare|p1a: Xerneas|Geomancy
|-enditem|p1a: Xerneas|Power Herb
|-anim|p1a: Xerneas|Geomancy|p1a: Xerneas
|-boost|p1a: Xerneas|spa|2
|-boost|p1a: Xerneas|spd|2
|-boost|p1a: Xerneas|spe|2
|
|-damage|p1a: Xerneas|70/100 brn|[from] brn
|upkeep
|turn|20
|
|t:|1660046650
|move|p1a: Xerneas|Focus Blast|p2a: Necrozma
|-damage|p2a: Necrozma|46/100
|-unboost|p2a: Necrozma|spd|1
|move|p2a: Necrozma|Trick Room|p2a: Necrozma
|-fieldstart|move: Trick Room|[of] p2a: Necrozma
|
|-heal|p2a: Necrozma|52/100|[from] item: Leftovers
|-damage|p1a: Xerneas|64/100 brn|[from] brn
|upkeep
|turn|21
|
|t:|1660046659
|switch|p1a: Necrozma|Necrozma-Dusk-Mane|100/100
|move|p2a: Necrozma|Iron Head|p1a: Necrozma
|-resisted|p1a: Necrozma
|-damage|p1a: Necrozma|83/100
|
|-heal|p2a: Necrozma|58/100|[from] item: Leftovers
|upkeep
|turn|22
|
|t:|1660046666
|move|p2a: Necrozma|Moonlight|p2a: Necrozma
|-heal|p2a: Necrozma|100/100
|move|p1a: Necrozma|Sunsteel Strike|p2a: Necrozma
|-resisted|p2a: Necrozma
|-damage|p2a: Necrozma|80/100
|
|-heal|p2a: Necrozma|86/100|[from] item: Leftovers
|upkeep
|turn|23
|
|t:|1660046673
|switch|p2a: Ho-Oh|Ho-Oh|96/100
|move|p1a: Necrozma|Earthquake|p2a: Ho-Oh
|-immune|p2a: Ho-Oh
|
|upkeep
|turn|24
|
|t:|1660046678
|move|p2a: Ho-Oh|Sacred Fire|p1a: Necrozma
|-supereffective|p1a: Necrozma
|-damage|p1a: Necrozma|35/100
|-enditem|p1a: Necrozma|Weakness Policy
|-boost|p1a: Necrozma|atk|2|[from] item: Weakness Policy
|-boost|p1a: Necrozma|spa|2|[from] item: Weakness Policy
|move|p1a: Necrozma|Dragon Dance|p1a: Necrozma
|-boost|p1a: Necrozma|atk|1
|-boost|p1a: Necrozma|spe|1
|
|-fieldend|move: Trick Room
|upkeep
|turn|25
|
|t:|1660046689
|switch|p2a: Yveltal|Yveltal|100/100
|-ability|p2a: Yveltal|Dark Aura
|move|p1a: Necrozma|Psychic Fangs|p2a: Yveltal
|-immune|p2a: Yveltal
|
|upkeep
|turn|26
|
|t:|1660046695
|move|p2a: Yveltal|Foul Play|p1a: Necrozma
|-supereffective|p1a: Necrozma
|-damage|p1a: Necrozma|0 fnt
|faint|p1a: Necrozma
|
|upkeep
|
|t:|1660046705
|switch|p1a: Kyogre|Kyogre|100/100
|-weather|RainDance|[from] ability: Drizzle|[of] p1a: Kyogre
|turn|27
|
|t:|1660046712
|switch|p2a: Urshifu|Urshifu, M|100/100
|move|p1a: Kyogre|Thunder|p2a: Urshifu
|-damage|p2a: Urshifu|1/100
|
|-weather|RainDance|[upkeep]
|upkeep
|turn|28
|
|t:|1660046723
|switch|p1a: Yveltal|Yveltal|100/100
|-ability|p1a: Yveltal|Dark Aura
|move|p2a: Urshifu|Wicked Blow|p1a: Yveltal
|-resisted|p1a: Yveltal
|-crit|p1a: Yveltal
|-damage|p1a: Yveltal|43/100
|
|-weather|RainDance|[upkeep]
|upkeep
|turn|29
|
|t:|1660046730
|move|p1a: Yveltal|Sucker Punch|p2a: Urshifu
|-resisted|p2a: Urshifu
|-damage|p2a: Urshifu|0 fnt
|faint|p2a: Urshifu
|
|-weather|RainDance|[upkeep]
|upkeep
|
|t:|1660046736
|switch|p2a: Eternatus|Eternatus|95/100
|-ability|p2a: Eternatus|Pressure
|turn|30
|
|t:|1660046745
|move|p2a: Eternatus|Mystical Fire|p1a: Yveltal
|-damage|p1a: Yveltal|36/100
|-unboost|p1a: Yveltal|spa|1
|move|p1a: Yveltal|Oblivion Wing|p2a: Eternatus
|-damage|p2a: Eternatus|80/100
|-heal|p1a: Yveltal|48/100|[from] drain|[of] p2a: Eternatus
|
|-weather|RainDance|[upkeep]
|upkeep
|turn|31
|
|t:|1660046753
|move|p2a: Eternatus|Dynamax Cannon|p1a: Yveltal
|-damage|p1a: Yveltal|24/100
|move|p1a: Yveltal|U-turn|p2a: Eternatus
|-resisted|p2a: Eternatus
|-damage|p2a: Eternatus|73/100
|
|t:|1660046756
|switch|p1a: Calyrex|Calyrex-Shadow|100/100|[from]move: U-turn
|-ability|p1a: Calyrex|As One
|-ability|p1a: Calyrex|Unnerve
|
|-weather|none
|upkeep
|turn|32
|
|t:|1660046768
|switch|p1a: Xerneas|Xerneas|64/100 brn
|-ability|p1a: Xerneas|Fairy Aura
|switch|p2a: Ho-Oh|Ho-Oh|100/100
|
|-damage|p1a: Xerneas|57/100 brn|[from] brn
|upkeep
|turn|33
|
|t:|1660046774
|move|p1a: Xerneas|Thunderbolt|p2a: Ho-Oh
|-supereffective|p2a: Ho-Oh
|-damage|p2a: Ho-Oh|65/100
|move|p2a: Ho-Oh|Sacred Fire|p1a: Xerneas
|-damage|p1a: Xerneas|25/100 brn
|
|-damage|p1a: Xerneas|19/100 brn|[from] brn
|upkeep
|turn|34
|
|t:|1660046784
|switch|p2a: Calyrex|Calyrex-Shadow|100/100
|-ability|p2a: Calyrex|As One
|-ability|p2a: Calyrex|Unnerve
|move|p1a: Xerneas|Thunderbolt|p2a: Calyrex
|-damage|p2a: Calyrex|65/100
|
|-damage|p1a: Xerneas|13/100 brn|[from] brn
|upkeep
|turn|35
|
|t:|1660046792
|move|p2a: Calyrex|Astral Barrage|p1a: Xerneas
|-damage|p1a: Xerneas|0 fnt
|faint|p1a: Xerneas
|-ability|p2a: Calyrex|Grim Neigh|boost
|-boost|p2a: Calyrex|spa|1
|
|upkeep
|
|t:|1660046794
|switch|p1a: Calyrex|Calyrex-Shadow|100/100
|-ability|p1a: Calyrex|As One
|-ability|p1a: Calyrex|Unnerve
|turn|36
|
|t:|1660046802
|switch|p2a: Ho-Oh|Ho-Oh|99/100
|move|p1a: Calyrex|Astral Barrage|p2a: Ho-Oh
|-damage|p2a: Ho-Oh|59/100
|
|upkeep
|turn|37
|
|t:|1660046811
|move|p1a: Calyrex|Astral Barrage|p2a: Ho-Oh
|-damage|p2a: Ho-Oh|15/100
|move|p2a: Ho-Oh|Thunder Wave|p1a: Calyrex
|-status|p1a: Calyrex|par
|
|upkeep
|turn|38
|
|t:|1660046814
|switch|p2a: Yveltal|Yveltal|100/100
|-ability|p2a: Yveltal|Dark Aura
|move|p1a: Calyrex|Astral Barrage|p2a: Yveltal
|-resisted|p2a: Yveltal
|-damage|p2a: Yveltal|73/100
|
|upkeep
|turn|39
|
|t:|1660046823
|switch|p1a: Kyogre|Kyogre|100/100
|-weather|RainDance|[from] ability: Drizzle|[of] p1a: Kyogre
|move|p2a: Yveltal|Foul Play|p1a: Kyogre
|-damage|p1a: Kyogre|60/100
|
|-weather|RainDance|[upkeep]
|upkeep
|turn|40
|
|t:|1660046834
|switch|p2a: Ho-Oh|Ho-Oh|48/100
|move|p1a: Kyogre|Origin Pulse|p2a: Ho-Oh
|-supereffective|p2a: Ho-Oh
|-damage|p2a: Ho-Oh|0 fnt
|faint|p2a: Ho-Oh
|
|-weather|RainDance|[upkeep]
|upkeep
|
|t:|1660046840
|switch|p2a: Eternatus|Eternatus|73/100
|-ability|p2a: Eternatus|Pressure
|turn|41
|
|t:|1660046844
|switch|p1a: Yveltal|Yveltal|24/100
|-ability|p1a: Yveltal|Dark Aura
|move|p2a: Eternatus|Mystical Fire|p1a: Yveltal
|-damage|p1a: Yveltal|17/100
|-unboost|p1a: Yveltal|spa|1
|
|-weather|RainDance|[upkeep]
|upkeep
|turn|42
|
|t:|1660046855
|move|p1a: Yveltal|Sucker Punch||[still]
|-fail|p1a: Yveltal
|move|p2a: Eternatus|Recover|p2a: Eternatus
|-heal|p2a: Eternatus|100/100
|
|-weather|RainDance|[upkeep]
|upkeep
|turn|43
|
|t:|1660046859
|move|p2a: Eternatus|Dynamax Cannon|p1a: Yveltal
|-damage|p1a: Yveltal|0 fnt
|faint|p1a: Yveltal
|
|-weather|none
|upkeep
|
|t:|1660046863
|switch|p1a: Kyogre|Kyogre|60/100
|-weather|RainDance|[from] ability: Drizzle|[of] p1a: Kyogre
|turn|44
|
|t:|1660046866
|switch|p2a: Necrozma|Necrozma-Dusk-Mane|86/100
|move|p1a: Kyogre|Ice Beam|p2a: Necrozma
|-resisted|p2a: Necrozma
|-damage|p2a: Necrozma|72/100
|
|-weather|RainDance|[upkeep]
|-heal|p2a: Necrozma|78/100|[from] item: Leftovers
|upkeep
|turn|45
|
|t:|1660046874
|switch|p1a: Calyrex|Calyrex-Shadow|100/100 par
|-ability|p1a: Calyrex|As One
|-ability|p1a: Calyrex|Unnerve
|move|p2a: Necrozma|Iron Head|p1a: Calyrex
|-damage|p1a: Calyrex|55/100 par
|
|-weather|RainDance|[upkeep]
|-heal|p2a: Necrozma|84/100|[from] item: Leftovers
|upkeep
|turn|46
|
|t:|1660046884
|switch|p2a: Eternatus|Eternatus|100/100
|-ability|p2a: Eternatus|Pressure
|cant|p1a: Calyrex|par
|
|-weather|RainDance|[upkeep]
|upkeep
|turn|47
|
|t:|1660046892
|switch|p2a: Yveltal|Yveltal|73/100
|-ability|p2a: Yveltal|Dark Aura
|move|p1a: Calyrex|Psyshock|p2a: Yveltal
|-immune|p2a: Yveltal
|
|-weather|RainDance|[upkeep]
|upkeep
|turn|48
|
|t:|1660046898
|move|p2a: Yveltal|Foul Play|p1a: Calyrex
|-supereffective|p1a: Calyrex
|-damage|p1a: Calyrex|0 fnt
|faint|p1a: Calyrex
|
|-weather|none
|upkeep
|
|t:|1660046902
|switch|p1a: Kyogre|Kyogre|60/100
|-weather|RainDance|[from] ability: Drizzle|[of] p1a: Kyogre
|turn|49
|
|t:|1660046909
|move|p2a: Yveltal|Foul Play|p1a: Kyogre
|-damage|p1a: Kyogre|25/100
|move|p1a: Kyogre|Origin Pulse|p2a: Yveltal
|-damage|p2a: Yveltal|0 fnt
|faint|p2a: Yveltal
|
|-weather|RainDance|[upkeep]
|upkeep
|c|☆polmpolmpolm|ggwp
|
|t:|1660046917
|switch|p2a: Calyrex|Calyrex-Shadow|65/100
|-ability|p2a: Calyrex|As One
|-ability|p2a: Calyrex|Unnerve
|turn|50
|
|t:|1660046920
|move|p2a: Calyrex|Astral Barrage|p1a: Kyogre
|-damage|p1a: Kyogre|0 fnt
|faint|p1a: Kyogre
|
|win|TogeBirlHQ
|raw|polmpolmpolm's rating: 1301 &rarr; <strong>1294</strong><br />(-7 for losing)
|raw|TogeBirlHQ's rating: 1579 &rarr; <strong>1586</strong><br />(+7 for winning)
|l|☆polmpolmpolm
||Ladder isn't responding, score probably updated but might not have (Request timeout).
