|j|☆Mak the ZekLord
|j|☆Darkortex1
|t:|1628129699
|gametype|singles
|player|p1|Mak the ZekLord|ash-sinnoh|1519
|player|p2|Darkortex1|101|1550
|teamsize|p1|6
|teamsize|p2|6
|gen|8
|tier|[Gen 8] Ubers
|rated|
|rule|Sleep Clause Mod: Limit one foe put to sleep
|rule|Species Clause: Limit one of each Pokémon
|rule|OHKO Clause: OHKO moves are banned
|rule|Evasion Moves Clause: Evasion moves are banned
|rule|Endless Battle Clause: Forcing endless battles is banned
|rule|HP Percentage Mod: HP is shown in percentages
|rule|Dynamax Clause: You cannot dynamax
|clearpoke
|poke|p1|Zekrom|
|poke|p1|Grimmsnarl, M|
|poke|p1|Kyurem-White|
|poke|p1|Necrozma-Dusk-Mane|
|poke|p1|Shuckle, F|
|poke|p1|Yveltal|
|poke|p2|Groudon|
|poke|p2|Zarude|
|poke|p2|Calyrex-Shadow|
|poke|p2|Yveltal|
|poke|p2|Ho-Oh|
|poke|p2|Shedinja|
|teampreview
|inactive|Battle timer is ON: inactive players will automatically lose when time's up. (requested by Darkortex1)
|inactive|Mak the ZekLord also wants the timer to be on.
|
|t:|1628129706
|start
|switch|p1a: Shuckle|Shuckle, F|100/100
|switch|p2a: Calyrex|Calyrex-Shadow|100/100
|-ability|p2a: Calyrex|As One
|-ability|p2a: Calyrex|Unnerve
|turn|1
|
|t:|1628129711
|move|p2a: Calyrex|Trick|p1a: Shuckle
|-activate|p2a: Calyrex|move: Trick|[of] p1a: Shuckle
|-item|p1a: Shuckle|Choice Specs|[from] move: Trick
|-item|p2a: Calyrex|Mental Herb|[from] move: Trick
|move|p1a: Shuckle|Sticky Web|p2a: Calyrex
|-sidestart|p2: Darkortex1|move: Sticky Web
|
|upkeep
|turn|2
|
|t:|1628129716
|switch|p2a: Yveltal|Yveltal|100/100
|-ability|p2a: Yveltal|Dark Aura
|switch|p1a: Yveltal|Yveltal|100/100
|-ability|p1a: Yveltal|Dark Aura
|
|upkeep
|turn|3
|
|t:|1628129722
|move|p1a: Yveltal|Taunt|p2a: Yveltal
|-start|p2a: Yveltal|move: Taunt
|move|p2a: Yveltal|U-turn|p1a: Yveltal
|-damage|p1a: Yveltal|79/100
|
|t:|1628129734
|switch|p2a: Groudon|Groudon|100/100|[from]move: U-turn
|-activate|p2a: Groudon|move: Sticky Web
|-unboost|p2a: Groudon|spe|1
|-weather|SunnyDay|[from] ability: Drought|[of] p2a: Groudon
|
|-weather|SunnyDay|[upkeep]
|upkeep
|turn|4
|
|t:|1628129739
|move|p1a: Yveltal|Dark Pulse|p2a: Groudon
|-damage|p2a: Groudon|35/100
|-damage|p1a: Yveltal|69/100|[from] item: Life Orb
|cant|p2a: Groudon|flinch
|
|-weather|SunnyDay|[upkeep]
|upkeep
|turn|5
|
|t:|1628129745
|switch|p2a: Ho-Oh|Ho-Oh|100/100
|move|p1a: Yveltal|Oblivion Wing|p2a: Ho-Oh
|-damage|p2a: Ho-Oh|68/100
|-heal|p1a: Yveltal|94/100|[from] drain|[of] p2a: Ho-Oh
|-damage|p1a: Yveltal|84/100|[from] item: Life Orb
|
|-weather|SunnyDay|[upkeep]
|upkeep
|turn|6
|j| Nesnot
|
|t:|1628129750
|move|p1a: Yveltal|Knock Off|p2a: Ho-Oh
|-damage|p2a: Ho-Oh|0 fnt
|-enditem|p2a: Ho-Oh|Choice Band|[from] move: Knock Off|[of] p1a: Yveltal
|faint|p2a: Ho-Oh
|-damage|p1a: Yveltal|74/100|[from] item: Life Orb
|
|-weather|SunnyDay|[upkeep]
|upkeep
|
|t:|1628129756
|switch|p2a: Yveltal|Yveltal|100/100
|-ability|p2a: Yveltal|Dark Aura
|turn|7
|
|t:|1628129759
|move|p1a: Yveltal|Oblivion Wing|p2a: Yveltal
|-damage|p2a: Yveltal|67/100
|-heal|p1a: Yveltal|100/100|[from] drain|[of] p2a: Yveltal
|-damage|p1a: Yveltal|91/100|[from] item: Life Orb
|move|p2a: Yveltal|U-turn|p1a: Yveltal
|-damage|p1a: Yveltal|69/100
|-message|Darkortex1 forfeited.
|
|win|Mak the ZekLord
|raw|Mak the ZekLord's rating: 1519 &rarr; <strong>1541</strong><br />(+22 for winning)
|raw|Darkortex1's rating: 1550 &rarr; <strong>1528</strong><br />(-22 for losing)
|l|☆Darkortex1
|j|☆Darkortex1
|player|p2|Darkortex1|101
|inactive|Battle timer is ON: inactive players will automatically lose when time's up. (requested by Darkortex1)
|l|☆Darkortex1
|player|p2|
|l| Nesnot
||Ladder isn't responding, score probably updated but might not have (Request timeout).
