|raw|<div class="broadcast-blue"><strong>This battle is required to be public due to a player having a name starting with 'ULT8RQ'.</div>
|j|☆ULT8RQ gareeb
|j|☆ULT8RQ KB
|t:|1620971799
|gametype|singles
|player|p1|ULT8RQ gareeb|swimmer-gen4dp|1646
|player|p2|ULT8RQ KB|rood|1653
|teamsize|p1|6
|teamsize|p2|6
|gen|8
|tier|[Gen 8] Ubers
|rated|
|rule|Sleep Clause Mod: Limit one foe put to sleep
|rule|Species Clause: Limit one of each Pokémon
|rule|OHKO Clause: OHKO moves are banned
|rule|Evasion Moves Clause: Evasion moves are banned
|rule|Endless Battle Clause: Forcing endless battles is banned
|rule|HP Percentage Mod: HP is shown in percentages
|rule|Dynamax Clause: You cannot dynamax
|clearpoke
|poke|p1|Ho-Oh|
|poke|p1|Yveltal|
|poke|p1|Eternatus|
|poke|p1|Necrozma-Dusk-Mane|
|poke|p1|Ferrothorn, M|
|poke|p1|Zacian-*|
|poke|p2|Yveltal|
|poke|p2|Eternatus|
|poke|p2|Necrozma-Dusk-Mane|
|poke|p2|Lunala|
|poke|p2|Blissey, F|
|poke|p2|Zygarde|
|teampreview
|inactive|Battle timer is ON: inactive players will automatically lose when time's up. (requested by ULT8RQ gareeb)
|c|☆ULT8RQ gareeb|hf
|c|☆ULT8RQ KB|u2
|j|+Pohjis
|j| 64 squares
|j| Based 4 Ghosters
|c| 64 squares|hf pohjis
|inactive|ULT8RQ gareeb has 120 seconds left.
|inactive|ULT8RQ KB has 120 seconds left.
|inactive|ULT8RQ gareeb has 90 seconds left.
|inactive|ULT8RQ KB has 90 seconds left.
|c|☆ULT8RQ gareeb|u2 64 squares
|
|t:|1620971877
|start
|switch|p1a: Zacian|Zacian|100/100
|switch|p2a: Eternatus|Eternatus|100/100
|-ability|p2a: Eternatus|Pressure
|-ability|p1a: Zacian|Intrepid Sword|boost
|-boost|p1a: Zacian|atk|1
|turn|1
|inactive|ULT8RQ gareeb has 120 seconds left.
|
|t:|1620971912
|switch|p2a: Necrozma|Necrozma-Dusk-Mane|100/100
|switch|p1a: Ho-Oh|Ho-Oh|100/100
|
|upkeep
|turn|2
|
|t:|1620971920
|switch|p2a: Eternatus|Eternatus|100/100
|-ability|p2a: Eternatus|Pressure
|move|p1a: Ho-Oh|Brave Bird|p2a: Eternatus
|-damage|p2a: Eternatus|37/100
|-damage|p1a: Ho-Oh|78/100|[from] Recoil
|
|upkeep
|turn|3
|
|t:|1620971931
|move|p2a: Eternatus|Recover|p2a: Eternatus
|-heal|p2a: Eternatus|87/100
|move|p1a: Ho-Oh|Brave Bird|p2a: Eternatus
|-damage|p2a: Eternatus|31/100
|-damage|p1a: Ho-Oh|58/100|[from] Recoil
|
|upkeep
|turn|4
|
|t:|1620971939
|switch|p2a: Necrozma|Necrozma-Dusk-Mane|100/100
|switch|p1a: Zacian|Zacian|100/100
|-ability|p1a: Zacian|Intrepid Sword|boost
|-boost|p1a: Zacian|atk|1
|
|upkeep
|turn|5
|j|+steel's kitty
|
|t:|1620971947
|switch|p1a: Yveltal|Yveltal|100/100
|-ability|p1a: Yveltal|Dark Aura
|move|p2a: Necrozma|Thunder Wave|p1a: Yveltal
|-status|p1a: Yveltal|par
|
|upkeep
|turn|6
|c| 64 squares|how?
|inactive|ULT8RQ KB has 120 seconds left.
|
|t:|1620971996
|switch|p2a: Yveltal|Yveltal|100/100
|-ability|p2a: Yveltal|Dark Aura
|switch|p1a: Ho-Oh|Ho-Oh|92/100
|
|upkeep
|turn|7
|
|t:|1620972026
|switch|p1a: Eternatus|Eternatus|100/100
|-ability|p1a: Eternatus|Pressure
|move|p2a: Yveltal|Knock Off|p1a: Eternatus
|-damage|p1a: Eternatus|61/100
|-enditem|p1a: Eternatus|Heavy-Duty Boots|[from] move: Knock Off|[of] p2a: Yveltal
|
|upkeep
|turn|8
|
|t:|1620972035
|switch|p2a: Blissey|Blissey, F|100/100
|move|p1a: Eternatus|Recover|p1a: Eternatus
|-heal|p1a: Eternatus|100/100
|
|upkeep
|turn|9
|inactive|ULT8RQ KB has 120 seconds left.
|
|t:|1620972053
|switch|p1a: Zacian|Zacian|100/100
|-ability|p1a: Zacian|Intrepid Sword|boost
|-boost|p1a: Zacian|atk|1
|switch|p2a: Yveltal|Yveltal|100/100
|-ability|p2a: Yveltal|Dark Aura
|
|upkeep
|turn|10
|
|t:|1620972060
|switch|p2a: Necrozma|Necrozma-Dusk-Mane|100/100
|move|p1a: Zacian|Crunch|p2a: Necrozma
|-supereffective|p2a: Necrozma
|-damage|p2a: Necrozma|49/100
|-damage|p1a: Zacian|84/100|[from] item: Rocky Helmet|[of] p2a: Necrozma
|
|upkeep
|turn|11
|inactive|ULT8RQ KB has 120 seconds left.
|
|t:|1620972067
|switch|p2a: Yveltal|Yveltal|100/100
|-ability|p2a: Yveltal|Dark Aura
|move|p1a: Zacian|Crunch|p2a: Yveltal
|-resisted|p2a: Yveltal
|-damage|p2a: Yveltal|63/100
|
|upkeep
|turn|12
|inactive|ULT8RQ KB has 120 seconds left.
|
|t:|1620972087
|move|p1a: Zacian|Crunch|p2a: Yveltal
|-resisted|p2a: Yveltal
|-damage|p2a: Yveltal|21/100
|move|p2a: Yveltal|Knock Off|p1a: Zacian
|-resisted|p1a: Zacian
|-damage|p1a: Zacian|59/100
|-enditem|p1a: Zacian|Choice Band|[from] move: Knock Off|[of] p2a: Yveltal
|
|upkeep
|turn|13
|inactive|ULT8RQ KB has 120 seconds left.
|inactive|ULT8RQ KB has 90 seconds left.
|
|t:|1620972139
|move|p2a: Yveltal|Sucker Punch|p1a: Zacian
|-resisted|p1a: Zacian
|-damage|p1a: Zacian|40/100
|move|p1a: Zacian|Crunch|p2a: Yveltal
|-resisted|p2a: Yveltal
|-damage|p2a: Yveltal|0 fnt
|faint|p2a: Yveltal
|
|upkeep
|l|+Pohjis
|
|t:|1620972147
|switch|p2a: Necrozma|Necrozma-Dusk-Mane|49/100
|turn|14
|
|t:|1620972149
|switch|p1a: Ho-Oh|Ho-Oh|100/100
|move|p2a: Necrozma|Morning Sun|p2a: Necrozma
|-heal|p2a: Necrozma|99/100
|
|upkeep
|turn|15
|j|+Pohjis
|inactive|ULT8RQ KB has 90 seconds left.
|
|t:|1620972160
|switch|p2a: Zygarde|Zygarde|100/100
|move|p1a: Ho-Oh|Sacred Fire|p2a: Zygarde
|-resisted|p2a: Zygarde
|-damage|p2a: Zygarde|69/100
|
|-heal|p2a: Zygarde|76/100|[from] item: Leftovers
|upkeep
|turn|16
|inactive|ULT8RQ KB has 90 seconds left.
|
|t:|1620972172
|switch|p1a: Ferrothorn|Ferrothorn, M|100/100
|move|p2a: Zygarde|Thousand Waves|p1a: Ferrothorn
|-damage|p1a: Ferrothorn|78/100
|-activate|p1a: Ferrothorn|trapped
|
|-heal|p2a: Zygarde|82/100|[from] item: Leftovers
|-heal|p1a: Ferrothorn|84/100|[from] item: Leftovers
|upkeep
|turn|17
|inactive|ULT8RQ KB has 90 seconds left.
|
|t:|1620972187
|move|p2a: Zygarde|Coil|p2a: Zygarde
|-boost|p2a: Zygarde|atk|1
|-boost|p2a: Zygarde|def|1
|-boost|p2a: Zygarde|accuracy|1
|move|p1a: Ferrothorn|Knock Off|p2a: Zygarde
|-damage|p2a: Zygarde|72/100
|-enditem|p2a: Zygarde|Leftovers|[from] move: Knock Off|[of] p1a: Ferrothorn
|
|-heal|p1a: Ferrothorn|91/100|[from] item: Leftovers
|upkeep
|turn|18
|
|t:|1620972194
|move|p2a: Zygarde|Coil|p2a: Zygarde
|-boost|p2a: Zygarde|atk|1
|-boost|p2a: Zygarde|def|1
|-boost|p2a: Zygarde|accuracy|1
|move|p1a: Ferrothorn|Iron Defense|p1a: Ferrothorn
|-boost|p1a: Ferrothorn|def|2
|
|-heal|p1a: Ferrothorn|97/100|[from] item: Leftovers
|upkeep
|turn|19
|inactive|ULT8RQ KB has 90 seconds left.
|
|t:|1620972205
|move|p2a: Zygarde|Coil|p2a: Zygarde
|-boost|p2a: Zygarde|atk|1
|-boost|p2a: Zygarde|def|1
|-boost|p2a: Zygarde|accuracy|1
|move|p1a: Ferrothorn|Leech Seed|p2a: Zygarde|[miss]
|-miss|p1a: Ferrothorn|p2a: Zygarde
|
|-heal|p1a: Ferrothorn|100/100|[from] item: Leftovers
|upkeep
|turn|20
|
|t:|1620972213
|move|p2a: Zygarde|Coil|p2a: Zygarde
|-boost|p2a: Zygarde|atk|1
|-boost|p2a: Zygarde|def|1
|-boost|p2a: Zygarde|accuracy|1
|move|p1a: Ferrothorn|Leech Seed|p2a: Zygarde
|-start|p2a: Zygarde|move: Leech Seed
|
|-damage|p2a: Zygarde|59/100|[from] Leech Seed|[of] p1a: Ferrothorn
|upkeep
|turn|21
|
|t:|1620972219
|move|p2a: Zygarde|Coil|p2a: Zygarde
|-boost|p2a: Zygarde|atk|1
|-boost|p2a: Zygarde|def|1
|-boost|p2a: Zygarde|accuracy|1
|move|p1a: Ferrothorn|Iron Defense|p1a: Ferrothorn
|-boost|p1a: Ferrothorn|def|2
|
|-damage|p2a: Zygarde|47/100|[from] Leech Seed|[of] p1a: Ferrothorn
|-activate|p2a: Zygarde|ability: Power Construct
|detailschange|p2a: Zygarde|Zygarde-Complete
|-heal|p2a: Zygarde|66/100|[silent]
|upkeep
|turn|22
|
|t:|1620972223
|move|p2a: Zygarde|Coil|p2a: Zygarde
|-boost|p2a: Zygarde|atk|1
|-boost|p2a: Zygarde|def|1
|-boost|p2a: Zygarde|accuracy|1
|move|p1a: Ferrothorn|Iron Defense|p1a: Ferrothorn
|-boost|p1a: Ferrothorn|def|2
|
|-damage|p2a: Zygarde|54/100|[from] Leech Seed|[of] p1a: Ferrothorn
|upkeep
|turn|23
|
|t:|1620972230
|move|p2a: Zygarde|Scale Shot|p1a: Ferrothorn
|-resisted|p1a: Ferrothorn
|-damage|p1a: Ferrothorn|97/100
|-resisted|p1a: Ferrothorn
|-damage|p1a: Ferrothorn|94/100
|-resisted|p1a: Ferrothorn
|-crit|p1a: Ferrothorn
|-damage|p1a: Ferrothorn|74/100
|-resisted|p1a: Ferrothorn
|-damage|p1a: Ferrothorn|71/100
|-resisted|p1a: Ferrothorn
|-damage|p1a: Ferrothorn|68/100
|-hitcount|p1a: Ferrothorn|5
|-unboost|p2a: Zygarde|def|1
|-boost|p2a: Zygarde|spe|1
|move|p1a: Ferrothorn|Knock Off|p2a: Zygarde
|-damage|p2a: Zygarde|52/100
|
|-heal|p1a: Ferrothorn|74/100|[from] item: Leftovers
|-damage|p2a: Zygarde|39/100|[from] Leech Seed|[of] p1a: Ferrothorn
|-heal|p1a: Ferrothorn|95/100|[silent]
|upkeep
|turn|24
|
|t:|1620972235
|move|p2a: Zygarde|Rest|p2a: Zygarde
|-status|p2a: Zygarde|slp|[from] move: Rest
|-heal|p2a: Zygarde|100/100 slp|[silent]
|move|p1a: Ferrothorn|Body Press|p2a: Zygarde
|-damage|p2a: Zygarde|86/100 slp
|
|-heal|p1a: Ferrothorn|100/100|[from] item: Leftovers
|-damage|p2a: Zygarde|74/100 slp|[from] Leech Seed|[of] p1a: Ferrothorn
|upkeep
|turn|25
|
|t:|1620972240
|cant|p2a: Zygarde|slp
|move|p1a: Ferrothorn|Body Press|p2a: Zygarde
|-crit|p2a: Zygarde
|-damage|p2a: Zygarde|0 fnt
|faint|p2a: Zygarde
|
|upkeep
|
|t:|1620972250
|switch|p2a: Eternatus|Eternatus|31/100
|-ability|p2a: Eternatus|Pressure
|turn|26
|l| 64 squares
|
|t:|1620972261
|move|p2a: Eternatus|Recover|p2a: Eternatus
|-heal|p2a: Eternatus|81/100
|move|p1a: Ferrothorn|Knock Off|p2a: Eternatus
|-damage|p2a: Eternatus|69/100
|-enditem|p2a: Eternatus|Heavy-Duty Boots|[from] move: Knock Off|[of] p1a: Ferrothorn
|
|upkeep
|turn|27
|
|t:|1620972266
|switch|p1a: Eternatus|Eternatus|100/100
|-ability|p1a: Eternatus|Pressure
|move|p2a: Eternatus|Mystical Fire|p1a: Eternatus
|-resisted|p1a: Eternatus
|-damage|p1a: Eternatus|93/100
|-unboost|p1a: Eternatus|spa|1
|
|upkeep
|turn|28
|
|t:|1620972276
|switch|p2a: Necrozma|Necrozma-Dusk-Mane|99/100
|switch|p1a: Zacian|Zacian|40/100
|-ability|p1a: Zacian|Intrepid Sword|boost
|-boost|p1a: Zacian|atk|1
|
|upkeep
|turn|29
|
|t:|1620972284
|switch|p1a: Yveltal|Yveltal|100/100 par
|-ability|p1a: Yveltal|Dark Aura
|move|p2a: Necrozma|Thunder Wave|p1a: Yveltal
|-fail|p1a: Yveltal|par
|
|upkeep
|turn|30
|
|t:|1620972290
|move|p2a: Necrozma|Stealth Rock|p1a: Yveltal
|-sidestart|p1: ULT8RQ gareeb|move: Stealth Rock
|move|p1a: Yveltal|Foul Play|p2a: Necrozma
|-supereffective|p2a: Necrozma
|-damage|p2a: Necrozma|44/100
|-damage|p1a: Yveltal|84/100 par|[from] item: Rocky Helmet|[of] p2a: Necrozma
|
|upkeep
|turn|31
|
|t:|1620972294
|move|p2a: Necrozma|Morning Sun|p2a: Necrozma
|-heal|p2a: Necrozma|94/100
|move|p1a: Yveltal|Foul Play|p2a: Necrozma
|-supereffective|p2a: Necrozma
|-damage|p2a: Necrozma|43/100
|-damage|p1a: Yveltal|67/100 par|[from] item: Rocky Helmet|[of] p2a: Necrozma
|
|upkeep
|turn|32
|
|t:|1620972298
|move|p2a: Necrozma|Morning Sun|p2a: Necrozma
|-heal|p2a: Necrozma|93/100
|cant|p1a: Yveltal|par
|
|upkeep
|turn|33
|
|t:|1620972302
|move|p2a: Necrozma|Sunsteel Strike|p1a: Yveltal
|-damage|p1a: Yveltal|26/100 par
|cant|p1a: Yveltal|par
|
|upkeep
|turn|34
|
|t:|1620972319
|switch|p1a: Ho-Oh|Ho-Oh|100/100
|-damage|p1a: Ho-Oh|50/100|[from] Stealth Rock
|move|p2a: Necrozma|Sunsteel Strike|p1a: Ho-Oh
|-resisted|p1a: Ho-Oh
|-damage|p1a: Ho-Oh|29/100
|
|upkeep
|turn|35
|
|t:|1620972329
|switch|p2a: Lunala|Lunala|100/100
|move|p1a: Ho-Oh|Defog|p2a: Lunala
|-unboost|p2a: Lunala|evasion|1
|-sideend|p1: ULT8RQ gareeb|Stealth Rock|[from] move: Defog|[of] p1a: Ho-Oh
|
|upkeep
|turn|36
|
|t:|1620972347
|switch|p1a: Eternatus|Eternatus|93/100
|-ability|p1a: Eternatus|Pressure
|move|p2a: Lunala|Will-O-Wisp|p1a: Eternatus
|-status|p1a: Eternatus|brn
|
|-damage|p1a: Eternatus|87/100 brn|[from] brn
|upkeep
|turn|37
|
|t:|1620972360
|switch|p2a: Eternatus|Eternatus|69/100
|-ability|p2a: Eternatus|Pressure
|move|p1a: Eternatus|Sludge Bomb|p2a: Eternatus
|-resisted|p2a: Eternatus
|-damage|p2a: Eternatus|51/100
|
|-damage|p1a: Eternatus|81/100 brn|[from] brn
|upkeep
|turn|38
|
|t:|1620972365
|switch|p2a: Necrozma|Necrozma-Dusk-Mane|93/100
|switch|p1a: Ho-Oh|Ho-Oh|62/100
|
|upkeep
|turn|39
|
|t:|1620972371
|switch|p2a: Lunala|Lunala|100/100
|move|p1a: Ho-Oh|Thunder Wave|p2a: Lunala
|-status|p2a: Lunala|par
|
|upkeep
|turn|40
|
|t:|1620972380
|switch|p1a: Eternatus|Eternatus|81/100 brn
|-ability|p1a: Eternatus|Pressure
|switch|p2a: Necrozma|Necrozma-Dusk-Mane|93/100
|
|-damage|p1a: Eternatus|75/100 brn|[from] brn
|upkeep
|turn|41
|
|t:|1620972386
|switch|p1a: Ho-Oh|Ho-Oh|96/100
|move|p2a: Necrozma|Stealth Rock|p1a: Ho-Oh
|-sidestart|p1: ULT8RQ gareeb|move: Stealth Rock
|
|upkeep
|turn|42
|
|t:|1620972393
|switch|p2a: Lunala|Lunala|100/100 par
|move|p1a: Ho-Oh|Defog|p2a: Lunala
|-unboost|p2a: Lunala|evasion|1
|-sideend|p1: ULT8RQ gareeb|Stealth Rock|[from] move: Defog|[of] p1a: Ho-Oh
|
|upkeep
|turn|43
|
|t:|1620972399
|switch|p1a: Yveltal|Yveltal|26/100 par
|-ability|p1a: Yveltal|Dark Aura
|switch|p2a: Necrozma|Necrozma-Dusk-Mane|93/100
|
|upkeep
|turn|44
|
|t:|1620972402
|switch|p1a: Ho-Oh|Ho-Oh|100/100
|move|p2a: Necrozma|Stealth Rock|p1a: Ho-Oh
|-sidestart|p1: ULT8RQ gareeb|move: Stealth Rock
|
|upkeep
|turn|45
|
|t:|1620972406
|switch|p2a: Lunala|Lunala|100/100 par
|move|p1a: Ho-Oh|Defog|p2a: Lunala
|-unboost|p2a: Lunala|evasion|1
|-sideend|p1: ULT8RQ gareeb|Stealth Rock|[from] move: Defog|[of] p1a: Ho-Oh
|
|upkeep
|turn|46
|
|t:|1620972410
|switch|p1a: Ferrothorn|Ferrothorn, M|100/100
|switch|p2a: Necrozma|Necrozma-Dusk-Mane|93/100
|
|upkeep
|turn|47
|
|t:|1620972414
|switch|p1a: Ho-Oh|Ho-Oh|100/100
|move|p2a: Necrozma|Thunder Wave|p1a: Ho-Oh
|-status|p1a: Ho-Oh|par
|
|upkeep
|turn|48
|
|t:|1620972433
|move|p2a: Necrozma|Stealth Rock|p1a: Ho-Oh
|-sidestart|p1: ULT8RQ gareeb|move: Stealth Rock
|move|p1a: Ho-Oh|Thunder Wave|p2a: Necrozma
|-status|p2a: Necrozma|par
|
|upkeep
|turn|49
|
|t:|1620972444
|switch|p1a: Ferrothorn|Ferrothorn, M|100/100
|-damage|p1a: Ferrothorn|94/100|[from] Stealth Rock
|switch|p2a: Eternatus|Eternatus|51/100
|-ability|p2a: Eternatus|Pressure
|
|-heal|p1a: Ferrothorn|100/100|[from] item: Leftovers
|upkeep
|turn|50
|
|t:|1620972451
|switch|p1a: Ho-Oh|Ho-Oh|100/100 par
|-damage|p1a: Ho-Oh|50/100 par|[from] Stealth Rock
|move|p2a: Eternatus|Mystical Fire|p1a: Ho-Oh
|-resisted|p1a: Ho-Oh
|-damage|p1a: Ho-Oh|43/100 par
|-unboost|p1a: Ho-Oh|spa|1
|
|upkeep
|turn|51
|
|t:|1620972454
|move|p2a: Eternatus|Dynamax Cannon|p1a: Ho-Oh
|-damage|p1a: Ho-Oh|18/100 par
|cant|p1a: Ho-Oh|par
|
|upkeep
|turn|52
|
|t:|1620972466
|switch|p1a: Necrozma|Necrozma-Dusk-Mane|100/100
|-damage|p1a: Necrozma|94/100|[from] Stealth Rock
|move|p2a: Eternatus|Dynamax Cannon|p1a: Necrozma
|-resisted|p1a: Necrozma
|-damage|p1a: Necrozma|75/100
|
|upkeep
|turn|53
|inactive|ULT8RQ KB has 120 seconds left.
|
|t:|1620972525
|switch|p2a: Necrozma|Necrozma-Dusk-Mane|93/100 par
|move|p1a: Necrozma|Stealth Rock|p2a: Necrozma
|-sidestart|p2: ULT8RQ KB|move: Stealth Rock
|
|upkeep
|turn|54
|
|t:|1620972544
|switch|p1a: Eternatus|Eternatus|75/100 brn
|-damage|p1a: Eternatus|62/100 brn|[from] Stealth Rock
|-ability|p1a: Eternatus|Pressure
|move|p2a: Necrozma|Thunder Wave|p1a: Eternatus|[miss]
|-miss|p2a: Necrozma|p1a: Eternatus
|
|-damage|p1a: Eternatus|56/100 brn|[from] brn
|upkeep
|turn|55
|
|t:|1620972548
|switch|p2a: Blissey|Blissey, F|100/100
|-damage|p2a: Blissey|88/100|[from] Stealth Rock
|move|p1a: Eternatus|Recover|p1a: Eternatus
|-heal|p1a: Eternatus|100/100 brn
|
|-damage|p1a: Eternatus|94/100 brn|[from] brn
|upkeep
|turn|56
|
|t:|1620972559
|switch|p1a: Yveltal|Yveltal|26/100 par
|-ability|p1a: Yveltal|Dark Aura
|move|p2a: Blissey|Seismic Toss|p1a: Yveltal
|-damage|p1a: Yveltal|2/100 par
|
|upkeep
|turn|57
|
|t:|1620972570
|switch|p2a: Eternatus|Eternatus|51/100
|-damage|p2a: Eternatus|39/100|[from] Stealth Rock
|-ability|p2a: Eternatus|Pressure
|move|p1a: Yveltal|Roost|p1a: Yveltal
|-heal|p1a: Yveltal|52/100 par
|-singleturn|p1a: Yveltal|move: Roost
|
|upkeep
|turn|58
|l|☆ULT8RQ gareeb
|inactive|ULT8RQ gareeb disconnected and has a minute to reconnect!
|player|p1|
|inactive|ULT8RQ gareeb has 30 seconds to reconnect!
|j|☆ULT8RQ gareeb
|inactive|ULT8RQ gareeb reconnected and has 115 seconds left.
|player|p1|ULT8RQ gareeb|swimmer-gen4dp
|
|t:|1620972609
|move|p2a: Eternatus|Recover|p2a: Eternatus
|-heal|p2a: Eternatus|89/100
|move|p1a: Yveltal|Roost|p1a: Yveltal
|-heal|p1a: Yveltal|100/100 par
|-singleturn|p1a: Yveltal|move: Roost
|
|upkeep
|turn|59
|inactive|ULT8RQ gareeb has 120 seconds left.
|
|t:|1620972620
|move|p2a: Eternatus|Mystical Fire|p1a: Yveltal
|-damage|p1a: Yveltal|84/100 par
|-unboost|p1a: Yveltal|spa|1
|cant|p1a: Yveltal|par
|
|upkeep
|turn|60
|inactive|ULT8RQ KB has 120 seconds left.
|
|t:|1620972630
|move|p2a: Eternatus|Dynamax Cannon|p1a: Yveltal
|-damage|p1a: Yveltal|50/100 par
|move|p1a: Yveltal|Roost|p1a: Yveltal
|-heal|p1a: Yveltal|100/100 par
|-singleturn|p1a: Yveltal|move: Roost
|
|upkeep
|turn|61
|
|t:|1620972638
|move|p2a: Eternatus|Mystical Fire|p1a: Yveltal
|-damage|p1a: Yveltal|84/100 par
|-unboost|p1a: Yveltal|spa|1
|cant|p1a: Yveltal|par
|
|upkeep
|turn|62
|
|t:|1620972647
|move|p2a: Eternatus|Mystical Fire|p1a: Yveltal
|-damage|p1a: Yveltal|69/100 par
|-unboost|p1a: Yveltal|spa|1
|move|p1a: Yveltal|Roost|p1a: Yveltal
|-heal|p1a: Yveltal|100/100 par
|-singleturn|p1a: Yveltal|move: Roost
|
|upkeep
|turn|63
|
|t:|1620972653
|move|p2a: Eternatus|Mystical Fire|p1a: Yveltal
|-damage|p1a: Yveltal|84/100 par
|-unboost|p1a: Yveltal|spa|1
|cant|p1a: Yveltal|par
|
|upkeep
|turn|64
|
|t:|1620972669
|move|p2a: Eternatus|Mystical Fire|p1a: Yveltal
|-damage|p1a: Yveltal|69/100 par
|-unboost|p1a: Yveltal|spa|1
|cant|p1a: Yveltal|par
|
|upkeep
|turn|65
|c|☆ULT8RQ gareeb|my dear yv plz dont para this turn
|
|t:|1620972678
|switch|p2a: Blissey|Blissey, F|88/100
|-damage|p2a: Blissey|76/100|[from] Stealth Rock
|cant|p1a: Yveltal|par
|
|upkeep
|turn|66
|
|t:|1620972681
|move|p1a: Yveltal|Roost|p1a: Yveltal
|-heal|p1a: Yveltal|100/100 par
|-singleturn|p1a: Yveltal|move: Roost
|move|p2a: Blissey|Aromatherapy|p2a: Blissey
|-activate|p2a: Blissey|move: Aromatherapy
|-curestatus|p2: Necrozma|par|[msg]
|-curestatus|p2: Lunala|par|[msg]
|
|upkeep
|turn|67
|
|t:|1620972686
|switch|p2a: Eternatus|Eternatus|89/100
|-damage|p2a: Eternatus|76/100|[from] Stealth Rock
|-ability|p2a: Eternatus|Pressure
|move|p1a: Yveltal|Defog|p2a: Eternatus
|-unboost|p2a: Eternatus|evasion|1
|-sideend|p2: ULT8RQ KB|Stealth Rock|[from] move: Defog|[of] p1a: Yveltal
|-sideend|p1: ULT8RQ gareeb|Stealth Rock|[from] move: Defog|[of] p1a: Yveltal
|
|upkeep
|turn|68
|
|t:|1620972692
|move|p2a: Eternatus|Dynamax Cannon|p1a: Yveltal
|-damage|p1a: Yveltal|70/100 par
|cant|p1a: Yveltal|par
|
|upkeep
|turn|69
|
|t:|1620972696
|switch|p2a: Necrozma|Necrozma-Dusk-Mane|93/100
|cant|p1a: Yveltal|par
|
|upkeep
|turn|70
|
|t:|1620972700
|move|p2a: Necrozma|Stealth Rock|p1a: Yveltal
|-sidestart|p1: ULT8RQ gareeb|move: Stealth Rock
|move|p1a: Yveltal|Roost|p1a: Yveltal
|-heal|p1a: Yveltal|100/100 par
|-singleturn|p1a: Yveltal|move: Roost
|
|upkeep
|turn|71
|
|t:|1620972706
|move|p2a: Necrozma|Sunsteel Strike|p1a: Yveltal
|-damage|p1a: Yveltal|57/100 par
|move|p1a: Yveltal|Defog|p2a: Necrozma
|-unboost|p2a: Necrozma|evasion|1
|-sideend|p1: ULT8RQ gareeb|Stealth Rock|[from] move: Defog|[of] p1a: Yveltal
|
|upkeep
|turn|72
|
|t:|1620972716
|switch|p1a: Ho-Oh|Ho-Oh|51/100 par
|move|p2a: Necrozma|Stealth Rock|p1a: Ho-Oh
|-sidestart|p1: ULT8RQ gareeb|move: Stealth Rock
|
|upkeep
|turn|73
|
|t:|1620972720
|switch|p2a: Lunala|Lunala|100/100
|move|p1a: Ho-Oh|Defog|p2a: Lunala
|-unboost|p2a: Lunala|evasion|1
|-sideend|p1: ULT8RQ gareeb|Stealth Rock|[from] move: Defog|[of] p1a: Ho-Oh
|
|upkeep
|turn|74
|
|t:|1620972729
|switch|p2a: Necrozma|Necrozma-Dusk-Mane|93/100
|switch|p1a: Eternatus|Eternatus|94/100 brn
|-ability|p1a: Eternatus|Pressure
|
|-damage|p1a: Eternatus|88/100 brn|[from] brn
|upkeep
|turn|75
|
|t:|1620972733
|switch|p1a: Ho-Oh|Ho-Oh|84/100 par
|move|p2a: Necrozma|Stealth Rock|p1a: Ho-Oh
|-sidestart|p1: ULT8RQ gareeb|move: Stealth Rock
|
|upkeep
|turn|76
|
|t:|1620972748
|move|p2a: Necrozma|Stealth Rock||[still]
|-fail|p2a: Necrozma
|move|p1a: Ho-Oh|Defog|p2a: Necrozma
|-unboost|p2a: Necrozma|evasion|1
|-sideend|p1: ULT8RQ gareeb|Stealth Rock|[from] move: Defog|[of] p1a: Ho-Oh
|
|upkeep
|turn|77
|
|t:|1620972754
|move|p2a: Necrozma|Stealth Rock|p1a: Ho-Oh
|-sidestart|p1: ULT8RQ gareeb|move: Stealth Rock
|cant|p1a: Ho-Oh|par
|
|upkeep
|turn|78
|
|t:|1620972762
|move|p2a: Necrozma|Thunder Wave|p1a: Ho-Oh
|-fail|p1a: Ho-Oh|par
|move|p1a: Ho-Oh|Defog|p2a: Necrozma
|-unboost|p2a: Necrozma|evasion|1
|-sideend|p1: ULT8RQ gareeb|Stealth Rock|[from] move: Defog|[of] p1a: Ho-Oh
|
|upkeep
|turn|79
|
|t:|1620972767
|move|p2a: Necrozma|Stealth Rock|p1a: Ho-Oh
|-sidestart|p1: ULT8RQ gareeb|move: Stealth Rock
|move|p1a: Ho-Oh|Defog|p2a: Necrozma
|-unboost|p2a: Necrozma|evasion|1
|-sideend|p1: ULT8RQ gareeb|Stealth Rock|[from] move: Defog|[of] p1a: Ho-Oh
|
|upkeep
|turn|80
|
|t:|1620972770
|move|p2a: Necrozma|Thunder Wave|p1a: Ho-Oh
|-fail|p1a: Ho-Oh|par
|move|p1a: Ho-Oh|Defog|p2a: Necrozma
|-unboost|p2a: Necrozma|evasion|1
|
|upkeep
|turn|81
|
|t:|1620972774
|move|p2a: Necrozma|Stealth Rock|p1a: Ho-Oh
|-sidestart|p1: ULT8RQ gareeb|move: Stealth Rock
|cant|p1a: Ho-Oh|par
|
|upkeep
|turn|82
|
|t:|1620972777
|move|p2a: Necrozma|Thunder Wave|p1a: Ho-Oh
|-fail|p1a: Ho-Oh|par
|move|p1a: Ho-Oh|Defog|p2a: Necrozma
|-unboost|p2a: Necrozma|evasion|1
|-sideend|p1: ULT8RQ gareeb|Stealth Rock|[from] move: Defog|[of] p1a: Ho-Oh
|
|upkeep
|turn|83
|
|t:|1620972781
|switch|p1a: Yveltal|Yveltal|57/100 par
|-ability|p1a: Yveltal|Dark Aura
|move|p2a: Necrozma|Stealth Rock|p1a: Yveltal
|-sidestart|p1: ULT8RQ gareeb|move: Stealth Rock
|
|upkeep
|turn|84
|
|t:|1620972784
|move|p2a: Necrozma|Sunsteel Strike|p1a: Yveltal
|-damage|p1a: Yveltal|10/100 par
|cant|p1a: Yveltal|par
|
|upkeep
|turn|85
|
|t:|1620972809
|switch|p2a: Eternatus|Eternatus|76/100
|-ability|p2a: Eternatus|Pressure
|switch|p1a: Eternatus|Eternatus|88/100 brn
|-damage|p1a: Eternatus|76/100 brn|[from] Stealth Rock
|-ability|p1a: Eternatus|Pressure
|
|-damage|p1a: Eternatus|70/100 brn|[from] brn
|upkeep
|turn|86
|
|t:|1620972815
|move|p2a: Eternatus|Dynamax Cannon|p1a: Eternatus
|-supereffective|p1a: Eternatus
|-damage|p1a: Eternatus|12/100 brn
|move|p1a: Eternatus|Recover|p1a: Eternatus
|-heal|p1a: Eternatus|62/100 brn
|
|-damage|p1a: Eternatus|56/100 brn|[from] brn
|upkeep
|turn|87
|j| Ult8rq zagar
|
|t:|1620972831
|move|p2a: Eternatus|Mystical Fire|p1a: Eternatus
|-resisted|p1a: Eternatus
|-damage|p1a: Eternatus|49/100 brn
|-unboost|p1a: Eternatus|spa|1
|move|p1a: Eternatus|Recover|p1a: Eternatus
|-heal|p1a: Eternatus|99/100 brn
|
|-damage|p1a: Eternatus|93/100 brn|[from] brn
|upkeep
|turn|88
|
|t:|1620972840
|move|p2a: Eternatus|Mystical Fire|p1a: Eternatus
|-resisted|p1a: Eternatus
|-damage|p1a: Eternatus|86/100 brn
|-unboost|p1a: Eternatus|spa|1
|move|p1a: Eternatus|Cosmic Power|p1a: Eternatus
|-boost|p1a: Eternatus|def|1
|-boost|p1a: Eternatus|spd|1
|
|-damage|p1a: Eternatus|79/100 brn|[from] brn
|upkeep
|turn|89
|
|t:|1620972853
|switch|p2a: Blissey|Blissey, F|76/100
|move|p1a: Eternatus|Sludge Bomb|p2a: Blissey
|-damage|p2a: Blissey|69/100
|
|-damage|p1a: Eternatus|73/100 brn|[from] brn
|upkeep
|turn|90
|
|t:|1620972863
|switch|p1a: Necrozma|Necrozma-Dusk-Mane|75/100
|-damage|p1a: Necrozma|69/100|[from] Stealth Rock
|move|p2a: Blissey|Seismic Toss|p1a: Necrozma
|-damage|p1a: Necrozma|43/100
|-damage|p2a: Blissey|53/100|[from] item: Rocky Helmet|[of] p1a: Necrozma
|
|upkeep
|turn|91
|
|t:|1620972880
|switch|p2a: Lunala|Lunala|100/100
|move|p1a: Necrozma|Toxic|p2a: Lunala
|-status|p2a: Lunala|tox
|
|-damage|p2a: Lunala|94/100 tox|[from] psn
|upkeep
|turn|92
|
|t:|1620972893
|switch|p1a: Ho-Oh|Ho-Oh|100/100 par
|-damage|p1a: Ho-Oh|50/100 par|[from] Stealth Rock
|move|p2a: Lunala|Ice Beam|p1a: Ho-Oh
|-damage|p1a: Ho-Oh|34/100 par
|
|-damage|p2a: Lunala|82/100 tox|[from] psn
|upkeep
|turn|93
|
|t:|1620972905
|switch|p2a: Necrozma|Necrozma-Dusk-Mane|93/100
|cant|p1a: Ho-Oh|par
|
|upkeep
|turn|94
|inactive|ULT8RQ gareeb has 120 seconds left.
|
|t:|1620972938
|move|p2a: Necrozma|Sunsteel Strike|p1a: Ho-Oh
|-resisted|p1a: Ho-Oh
|-damage|p1a: Ho-Oh|9/100 par
|move|p1a: Ho-Oh|Defog|p2a: Necrozma
|-unboost|p2a: Necrozma|evasion|1
|-sideend|p1: ULT8RQ gareeb|Stealth Rock|[from] move: Defog|[of] p1a: Ho-Oh
|
|upkeep
|turn|95
|inactive|ULT8RQ gareeb has 120 seconds left.
|c|☆ULT8RQ gareeb|rip birbs , couldnt save you
|
|t:|1620972973
|move|p2a: Necrozma|Stealth Rock|p1a: Ho-Oh
|-sidestart|p1: ULT8RQ gareeb|move: Stealth Rock
|move|p1a: Ho-Oh|Defog|p2a: Necrozma
|-unboost|p2a: Necrozma|evasion|1
|-sideend|p1: ULT8RQ gareeb|Stealth Rock|[from] move: Defog|[of] p1a: Ho-Oh
|
|upkeep
|turn|96
|
|t:|1620972980
|move|p2a: Necrozma|Stealth Rock|p1a: Ho-Oh
|-sidestart|p1: ULT8RQ gareeb|move: Stealth Rock
|move|p1a: Ho-Oh|Defog|p2a: Necrozma
|-unboost|p2a: Necrozma|evasion|1
|-sideend|p1: ULT8RQ gareeb|Stealth Rock|[from] move: Defog|[of] p1a: Ho-Oh
|
|upkeep
|turn|97
|
|t:|1620972988
|move|p2a: Necrozma|Stealth Rock|p1a: Ho-Oh
|-sidestart|p1: ULT8RQ gareeb|move: Stealth Rock
|move|p1a: Ho-Oh|Defog|p2a: Necrozma
|-unboost|p2a: Necrozma|evasion|1
|-sideend|p1: ULT8RQ gareeb|Stealth Rock|[from] move: Defog|[of] p1a: Ho-Oh
|
|upkeep
|turn|98
|
|t:|1620972991
|switch|p1a: Eternatus|Eternatus|73/100 brn
|-ability|p1a: Eternatus|Pressure
|move|p2a: Necrozma|Stealth Rock|p1a: Eternatus
|-sidestart|p1: ULT8RQ gareeb|move: Stealth Rock
|
|-damage|p1a: Eternatus|67/100 brn|[from] brn
|upkeep
|turn|99
|
|t:|1620972998
|switch|p2a: Blissey|Blissey, F|53/100
|move|p1a: Eternatus|Recover|p1a: Eternatus
|-heal|p1a: Eternatus|100/100 brn
|
|-damage|p1a: Eternatus|94/100 brn|[from] brn
|upkeep
|turn|100
|
|t:|1620973004
|switch|p1a: Yveltal|Yveltal|10/100 par
|-ability|p1a: Yveltal|Dark Aura
|move|p2a: Blissey|Soft-Boiled|p2a: Blissey
|-heal|p2a: Blissey|100/100
|
|upkeep
|turn|101
|
|t:|1620973007
|move|p1a: Yveltal|Roost|p1a: Yveltal
|-heal|p1a: Yveltal|60/100 par
|-singleturn|p1a: Yveltal|move: Roost
|move|p2a: Blissey|Seismic Toss|p1a: Yveltal
|-damage|p1a: Yveltal|36/100 par
|
|upkeep
|turn|102
|
|t:|1620973012
|cant|p1a: Yveltal|par
|move|p2a: Blissey|Seismic Toss|p1a: Yveltal
|-damage|p1a: Yveltal|12/100 par
|
|upkeep
|turn|103
|
|t:|1620973015
|move|p1a: Yveltal|Roost|p1a: Yveltal
|-heal|p1a: Yveltal|62/100 par
|-singleturn|p1a: Yveltal|move: Roost
|move|p2a: Blissey|Seismic Toss|p1a: Yveltal
|-damage|p1a: Yveltal|38/100 par
|
|upkeep
|turn|104
|
|t:|1620973018
|move|p1a: Yveltal|Roost|p1a: Yveltal
|-heal|p1a: Yveltal|88/100 par
|-singleturn|p1a: Yveltal|move: Roost
|move|p2a: Blissey|Seismic Toss|p1a: Yveltal
|-damage|p1a: Yveltal|64/100 par
|
|upkeep
|turn|105
|
|t:|1620973023
|switch|p2a: Necrozma|Necrozma-Dusk-Mane|93/100
|move|p1a: Yveltal|Defog|p2a: Necrozma
|-unboost|p2a: Necrozma|evasion|1
|-sideend|p1: ULT8RQ gareeb|Stealth Rock|[from] move: Defog|[of] p1a: Yveltal
|
|upkeep
|turn|106
|
|t:|1620973028
|move|p2a: Necrozma|Stealth Rock|p1a: Yveltal
|-sidestart|p1: ULT8RQ gareeb|move: Stealth Rock
|cant|p1a: Yveltal|par
|
|upkeep
|turn|107
|
|t:|1620973032
|move|p2a: Necrozma|Thunder Wave|p1a: Yveltal
|-fail|p1a: Yveltal|par
|move|p1a: Yveltal|Roost|p1a: Yveltal
|-heal|p1a: Yveltal|100/100 par
|-singleturn|p1a: Yveltal|move: Roost
|
|upkeep
|turn|108
|
|t:|1620973036
|move|p2a: Necrozma|Sunsteel Strike|p1a: Yveltal
|-damage|p1a: Yveltal|59/100 par
|move|p1a: Yveltal|Defog|p2a: Necrozma
|-unboost|p2a: Necrozma|evasion|1
|-sideend|p1: ULT8RQ gareeb|Stealth Rock|[from] move: Defog|[of] p1a: Yveltal
|
|upkeep
|turn|109
|
|t:|1620973043
|move|p2a: Necrozma|Stealth Rock|p1a: Yveltal
|-sidestart|p1: ULT8RQ gareeb|move: Stealth Rock
|move|p1a: Yveltal|Roost|p1a: Yveltal
|-heal|p1a: Yveltal|100/100 par
|-singleturn|p1a: Yveltal|move: Roost
|
|upkeep
|turn|110
|
|t:|1620973047
|move|p2a: Necrozma|Thunder Wave|p1a: Yveltal
|-fail|p1a: Yveltal|par
|move|p1a: Yveltal|Defog|p2a: Necrozma
|-unboost|p2a: Necrozma|evasion|1
|-sideend|p1: ULT8RQ gareeb|Stealth Rock|[from] move: Defog|[of] p1a: Yveltal
|
|upkeep
|turn|111
|
|t:|1620973051
|move|p2a: Necrozma|Stealth Rock|p1a: Yveltal
|-sidestart|p1: ULT8RQ gareeb|move: Stealth Rock
|move|p1a: Yveltal|Snarl|p2a: Necrozma
|-supereffective|p2a: Necrozma
|-damage|p2a: Necrozma|59/100
|-unboost|p2a: Necrozma|spa|1
|
|upkeep
|turn|112
|
|t:|1620973060
|move|p2a: Necrozma|Morning Sun|p2a: Necrozma
|-heal|p2a: Necrozma|100/100
|move|p1a: Yveltal|Defog|p2a: Necrozma
|-unboost|p2a: Necrozma|evasion|1
|-sideend|p1: ULT8RQ gareeb|Stealth Rock|[from] move: Defog|[of] p1a: Yveltal
|
|upkeep
|turn|113
|
|t:|1620973063
|move|p2a: Necrozma|Stealth Rock|p1a: Yveltal
|-sidestart|p1: ULT8RQ gareeb|move: Stealth Rock
|move|p1a: Yveltal|Snarl|p2a: Necrozma
|-supereffective|p2a: Necrozma
|-damage|p2a: Necrozma|63/100
|-unboost|p2a: Necrozma|spa|1
|
|upkeep
|turn|114
|
|t:|1620973068
|switch|p2a: Blissey|Blissey, F|100/100
|cant|p1a: Yveltal|par
|
|upkeep
|turn|115
|
|t:|1620973074
|move|p1a: Yveltal|Defog|p2a: Blissey
|-unboost|p2a: Blissey|evasion|1
|-sideend|p1: ULT8RQ gareeb|Stealth Rock|[from] move: Defog|[of] p1a: Yveltal
|move|p2a: Blissey|Seismic Toss|p1a: Yveltal
|-damage|p1a: Yveltal|76/100 par
|
|upkeep
|turn|116
|
|t:|1620973080
|switch|p1a: Ho-Oh|Ho-Oh|43/100 par
|move|p2a: Blissey|Seismic Toss|p1a: Ho-Oh
|-damage|p1a: Ho-Oh|18/100 par
|
|upkeep
|turn|117
|
|t:|1620973084
|switch|p1a: Yveltal|Yveltal|76/100 par
|-ability|p1a: Yveltal|Dark Aura
|move|p2a: Blissey|Seismic Toss|p1a: Yveltal
|-damage|p1a: Yveltal|52/100 par
|
|upkeep
|turn|118
|
|t:|1620973087
|move|p1a: Yveltal|Roost|p1a: Yveltal
|-heal|p1a: Yveltal|100/100 par
|-singleturn|p1a: Yveltal|move: Roost
|move|p2a: Blissey|Seismic Toss|p1a: Yveltal
|-damage|p1a: Yveltal|76/100 par
|
|upkeep
|turn|119
|
|t:|1620973090
|switch|p1a: Ho-Oh|Ho-Oh|51/100 par
|move|p2a: Blissey|Seismic Toss|p1a: Ho-Oh
|-damage|p1a: Ho-Oh|26/100 par
|
|upkeep
|turn|120
|
|t:|1620973093
|switch|p1a: Yveltal|Yveltal|76/100 par
|-ability|p1a: Yveltal|Dark Aura
|move|p2a: Blissey|Seismic Toss|p1a: Yveltal
|-damage|p1a: Yveltal|52/100 par
|
|upkeep
|turn|121
|
|t:|1620973095
|move|p1a: Yveltal|Roost|p1a: Yveltal
|-heal|p1a: Yveltal|100/100 par
|-singleturn|p1a: Yveltal|move: Roost
|move|p2a: Blissey|Seismic Toss|p1a: Yveltal
|-damage|p1a: Yveltal|76/100 par
|
|upkeep
|turn|122
|
|t:|1620973098
|switch|p1a: Ho-Oh|Ho-Oh|59/100 par
|move|p2a: Blissey|Seismic Toss|p1a: Ho-Oh
|-damage|p1a: Ho-Oh|35/100 par
|
|upkeep
|turn|123
|
|t:|1620973101
|move|p2a: Blissey|Seismic Toss|p1a: Ho-Oh
|-damage|p1a: Ho-Oh|10/100 par
|move|p1a: Ho-Oh|Sacred Fire|p2a: Blissey
|-damage|p2a: Blissey|18/100
|
|upkeep
|turn|124
|
|t:|1620973111
|switch|p1a: Yveltal|Yveltal|76/100 par
|-ability|p1a: Yveltal|Dark Aura
|move|p2a: Blissey|Soft-Boiled|p2a: Blissey
|-heal|p2a: Blissey|68/100
|
|upkeep
|turn|125
|
|t:|1620973114
|switch|p1a: Ho-Oh|Ho-Oh|43/100 par
|move|p2a: Blissey|Seismic Toss|p1a: Ho-Oh
|-damage|p1a: Ho-Oh|18/100 par
|
|upkeep
|turn|126
|
|t:|1620973120
|switch|p2a: Eternatus|Eternatus|76/100
|-ability|p2a: Eternatus|Pressure
|switch|p1a: Necrozma|Necrozma-Dusk-Mane|43/100
|
|upkeep
|turn|127
|
|t:|1620973123
|move|p2a: Eternatus|Mystical Fire|p1a: Necrozma
|-supereffective|p1a: Necrozma
|-damage|p1a: Necrozma|16/100
|-unboost|p1a: Necrozma|spa|1
|move|p1a: Necrozma|Moonlight|p1a: Necrozma
|-heal|p1a: Necrozma|66/100
|
|upkeep
|turn|128
|
|t:|1620973128
|switch|p1a: Ho-Oh|Ho-Oh|51/100 par
|move|p2a: Eternatus|Mystical Fire|p1a: Ho-Oh
|-resisted|p1a: Ho-Oh
|-crit|p1a: Ho-Oh
|-damage|p1a: Ho-Oh|40/100 par
|-unboost|p1a: Ho-Oh|spa|1
|
|upkeep
|turn|129
|
|t:|1620973135
|switch|p2a: Necrozma|Necrozma-Dusk-Mane|63/100
|switch|p1a: Zacian|Zacian|40/100
|-ability|p1a: Zacian|Intrepid Sword|boost
|-boost|p1a: Zacian|atk|1
|
|upkeep
|turn|130
|
|t:|1620973143
|switch|p1a: Yveltal|Yveltal|76/100 par
|-ability|p1a: Yveltal|Dark Aura
|move|p2a: Necrozma|Stealth Rock|p1a: Yveltal
|-sidestart|p1: ULT8RQ gareeb|move: Stealth Rock
|
|upkeep
|turn|131
|
|t:|1620973153
|switch|p2a: Blissey|Blissey, F|68/100
|move|p1a: Yveltal|Roost|p1a: Yveltal
|-heal|p1a: Yveltal|100/100 par
|-singleturn|p1a: Yveltal|move: Roost
|
|upkeep
|turn|132
|
|t:|1620973156
|cant|p1a: Yveltal|par
|move|p2a: Blissey|Seismic Toss|p1a: Yveltal
|-damage|p1a: Yveltal|76/100 par
|
|upkeep
|turn|133
|
|t:|1620973158
|move|p1a: Yveltal|Defog|p2a: Blissey
|-unboost|p2a: Blissey|evasion|1
|-sideend|p1: ULT8RQ gareeb|Stealth Rock|[from] move: Defog|[of] p1a: Yveltal
|move|p2a: Blissey|Seismic Toss|p1a: Yveltal
|-damage|p1a: Yveltal|52/100 par
|
|upkeep
|turn|134
|
|t:|1620973163
|switch|p1a: Ho-Oh|Ho-Oh|74/100 par
|move|p2a: Blissey|Seismic Toss|p1a: Ho-Oh
|-damage|p1a: Ho-Oh|49/100 par
|
|upkeep
|turn|135
|
|t:|1620973169
|switch|p2a: Eternatus|Eternatus|76/100
|-ability|p2a: Eternatus|Pressure
|move|p1a: Ho-Oh|Thunder Wave|p2a: Eternatus
|-status|p2a: Eternatus|par
|
|upkeep
|turn|136
|
|t:|1620973177
|switch|p2a: Necrozma|Necrozma-Dusk-Mane|63/100
|switch|p1a: Eternatus|Eternatus|94/100 brn
|-ability|p1a: Eternatus|Pressure
|
|-damage|p1a: Eternatus|88/100 brn|[from] brn
|upkeep
|turn|137
|
|t:|1620973181
|switch|p1a: Ho-Oh|Ho-Oh|82/100 par
|move|p2a: Necrozma|Stealth Rock|p1a: Ho-Oh
|-sidestart|p1: ULT8RQ gareeb|move: Stealth Rock
|
|upkeep
|turn|138
|j| ULT8RQ Sheer Cold
|
|t:|1620973189
|switch|p2a: Blissey|Blissey, F|68/100
|move|p1a: Ho-Oh|Sacred Fire|p2a: Blissey
|-crit|p2a: Blissey
|-damage|p2a: Blissey|0 fnt
|faint|p2a: Blissey
|
|upkeep
|
|t:|1620973194
|switch|p2a: Eternatus|Eternatus|76/100 par
|-ability|p2a: Eternatus|Pressure
|turn|139
|
|t:|1620973201
|switch|p2a: Necrozma|Necrozma-Dusk-Mane|63/100
|switch|p1a: Eternatus|Eternatus|88/100 brn
|-damage|p1a: Eternatus|76/100 brn|[from] Stealth Rock
|-ability|p1a: Eternatus|Pressure
|
|-damage|p1a: Eternatus|70/100 brn|[from] brn
|upkeep
|turn|140
|
|t:|1620973210
|switch|p2a: Eternatus|Eternatus|76/100 par
|-ability|p2a: Eternatus|Pressure
|move|p1a: Eternatus|Recover|p1a: Eternatus
|-heal|p1a: Eternatus|100/100 brn
|
|-damage|p1a: Eternatus|94/100 brn|[from] brn
|upkeep
|turn|141
|
|t:|1620973218
|move|p1a: Eternatus|Mystical Fire|p2a: Eternatus
|-resisted|p2a: Eternatus
|-damage|p2a: Eternatus|66/100 par
|-unboost|p2a: Eternatus|spa|1
|move|p2a: Eternatus|Dynamax Cannon|p1a: Eternatus
|-supereffective|p1a: Eternatus
|-damage|p1a: Eternatus|60/100 brn
|
|-damage|p1a: Eternatus|54/100 brn|[from] brn
|upkeep
|turn|142
|-message|ULT8RQ KB forfeited.
|
|win|ULT8RQ gareeb
|raw|ULT8RQ gareeb's rating: 1646 &rarr; <strong>1666</strong><br />(+20 for winning)
|raw|ULT8RQ KB's rating: 1653 &rarr; <strong>1633</strong><br />(-20 for losing)
|c|☆ULT8RQ KB|gg
|c|☆ULT8RQ gareeb|gg bro wp
|l|☆ULT8RQ gareeb
|l|☆ULT8RQ KB
|l| ULT8RQ Sheer Cold
|l| Ult8rq zagar
|l|+steel's kitty
|l| Based 4 Ghosters
