|j|☆I like Lovely
|j|☆MiguelRRM
|player|p1|I like Lovely|pokekid|1715
|player|p2|MiguelRRM|102|1523
|teamsize|p1|6
|teamsize|p2|6
|gametype|singles
|gen|8
|tier|[Gen 8] Ubers
|rated|
|clearpoke
|poke|p1|Lunala|
|poke|p1|Necrozma-Dusk-Mane|
|poke|p1|Ditto|
|poke|p1|Ferrothorn, M|
|poke|p1|Eternatus|
|poke|p1|Umbreon, F|
|poke|p2|Kyurem-White|
|poke|p2|Zacian-Crowned|
|poke|p2|Lunala|
|poke|p2|Ditto|
|poke|p2|Corviknight, M|
|poke|p2|Tyranitar, F|
|rule|Sleep Clause Mod: Limit one foe put to sleep
|rule|Species Clause: Limit one of each Pokémon
|rule|OHKO Clause: OHKO moves are banned
|rule|Evasion Moves Clause: Evasion moves are banned
|rule|Endless Battle Clause: Forcing endless battles is banned
|rule|HP Percentage Mod: HP is shown in percentages
|teampreview
|
|start
|switch|p1a: Necrozma|Necrozma-Dusk-Mane|100/100
|switch|p2a: Lunala|Lunala|100/100
|turn|1
|
|switch|p1a: Umbreon|Umbreon, F|100/100
|move|p2a: Lunala|Will-O-Wisp|p1a: Umbreon|[miss]
|-miss|p2a: Lunala|p1a: Umbreon
|
|upkeep
|turn|2
|
|move|p2a: Lunala|Toxic|p1a: Umbreon
|-status|p1a: Umbreon|tox
|-activate|p1a: Umbreon|ability: Synchronize
|-status|p2a: Lunala|tox
|move|p1a: Umbreon|Wish|p1a: Umbreon
|
|-damage|p2a: Lunala|94/100 tox|[from] psn
|-damage|p1a: Umbreon|94/100 tox|[from] psn
|upkeep
|turn|3
|
|switch|p2a: Kyurem|Kyurem-White|100/100
|-ability|p2a: Kyurem|Turboblaze
|move|p1a: Umbreon|Heal Bell|p1a: Umbreon
|-activate|p1a: Umbreon|move: Heal Bell
|-curestatus|p1a: Umbreon|tox|[msg]
|
|-heal|p1a: Umbreon|100/100|[from] move: Wish|[wisher] Umbreon
|upkeep
|turn|4
|
|move|p2a: Kyurem|Fusion Flare|p1a: Umbreon
|-damage|p1a: Umbreon|75/100
|move|p1a: Umbreon|Wish|p1a: Umbreon
|
|-heal|p1a: Umbreon|81/100|[from] item: Leftovers
|upkeep
|turn|5
|
|switch|p2a: Zacian|Zacian-Crowned|100/100
|-ability|p2a: Zacian|Intrepid Sword|boost
|-boost|p2a: Zacian|atk|1
|move|p1a: Umbreon|Snarl|p2a: Zacian
|-resisted|p2a: Zacian
|-damage|p2a: Zacian|95/100
|-unboost|p2a: Zacian|spa|1
|
|-heal|p1a: Umbreon|100/100|[from] move: Wish|[wisher] Umbreon
|upkeep
|turn|6
|
|switch|p1a: Necrozma|Necrozma-Dusk-Mane|100/100
|move|p2a: Zacian|Substitute|p2a: Zacian
|-start|p2a: Zacian|Substitute
|-damage|p2a: Zacian|70/100
|
|upkeep
|turn|7
|
|move|p2a: Zacian|Crunch|p1a: Necrozma
|-supereffective|p1a: Necrozma
|-damage|p1a: Necrozma|60/100
|move|p1a: Necrozma|Stealth Rock|p2a: Zacian
|-sidestart|p2: MiguelRRM|move: Stealth Rock
|
|-heal|p1a: Necrozma|66/100|[from] item: Leftovers
|upkeep
|turn|8
|
|move|p2a: Zacian|Swords Dance|p2a: Zacian
|-boost|p2a: Zacian|atk|2
|move|p1a: Necrozma|Morning Sun|p1a: Necrozma
|-heal|p1a: Necrozma|100/100
|
|upkeep
|turn|9
|
|move|p2a: Zacian|Crunch|p1a: Necrozma
|-supereffective|p1a: Necrozma
|-damage|p1a: Necrozma|30/100
|move|p1a: Necrozma|Sunsteel Strike|p2a: Zacian
|-end|p2a: Zacian|Substitute
|
|-heal|p1a: Necrozma|36/100|[from] item: Leftovers
|upkeep
|turn|10
|
|move|p2a: Zacian|Substitute|p2a: Zacian
|-start|p2a: Zacian|Substitute
|-damage|p2a: Zacian|45/100
|move|p1a: Necrozma|Morning Sun|p1a: Necrozma
|-heal|p1a: Necrozma|86/100
|
|-heal|p1a: Necrozma|92/100|[from] item: Leftovers
|upkeep
|turn|11
|
|move|p2a: Zacian|Swords Dance|p2a: Zacian
|-boost|p2a: Zacian|atk|2
|move|p1a: Necrozma|Sunsteel Strike|p2a: Zacian
|-end|p2a: Zacian|Substitute
|
|-heal|p1a: Necrozma|98/100|[from] item: Leftovers
|upkeep
|turn|12
|
|move|p2a: Zacian|Substitute|p2a: Zacian
|-start|p2a: Zacian|Substitute
|-damage|p2a: Zacian|20/100
|move|p1a: Necrozma|Sunsteel Strike|p2a: Zacian
|-end|p2a: Zacian|Substitute
|
|-heal|p1a: Necrozma|100/100|[from] item: Leftovers
|upkeep
|turn|13
|
|switch|p1a: Umbreon|Umbreon, F|100/100
|move|p2a: Zacian|Crunch|p1a: Umbreon
|-resisted|p1a: Umbreon
|-damage|p1a: Umbreon|55/100
|
|-heal|p1a: Umbreon|61/100|[from] item: Leftovers
|upkeep
|turn|14
|
|move|p2a: Zacian|Crunch|p1a: Umbreon
|-resisted|p1a: Umbreon
|-damage|p1a: Umbreon|12/100
|move|p1a: Umbreon|Wish|p1a: Umbreon
|
|-heal|p1a: Umbreon|18/100|[from] item: Leftovers
|upkeep
|turn|15
|
|move|p1a: Umbreon|Protect|p1a: Umbreon
|-singleturn|p1a: Umbreon|Protect
|move|p2a: Zacian|Crunch|p1a: Umbreon
|-activate|p1a: Umbreon|move: Protect
|
|-heal|p1a: Umbreon|68/100|[from] move: Wish|[wisher] Umbreon
|-heal|p1a: Umbreon|74/100|[from] item: Leftovers
|upkeep
|turn|16
|
|move|p2a: Zacian|Crunch|p1a: Umbreon
|-resisted|p1a: Umbreon
|-damage|p1a: Umbreon|25/100
|move|p1a: Umbreon|Wish|p1a: Umbreon
|
|-heal|p1a: Umbreon|31/100|[from] item: Leftovers
|upkeep
|turn|17
|
|move|p1a: Umbreon|Protect|p1a: Umbreon
|-singleturn|p1a: Umbreon|Protect
|move|p2a: Zacian|Swords Dance|p2a: Zacian
|-boost|p2a: Zacian|atk|1
|
|-heal|p1a: Umbreon|81/100|[from] move: Wish|[wisher] Umbreon
|-heal|p1a: Umbreon|87/100|[from] item: Leftovers
|upkeep
|turn|18
|
|move|p2a: Zacian|Crunch|p1a: Umbreon
|-resisted|p1a: Umbreon
|-damage|p1a: Umbreon|35/100
|move|p1a: Umbreon|Wish|p1a: Umbreon
|
|-heal|p1a: Umbreon|41/100|[from] item: Leftovers
|upkeep
|turn|19
|
|move|p1a: Umbreon|Protect|p1a: Umbreon
|-singleturn|p1a: Umbreon|Protect
|move|p2a: Zacian|Crunch|p1a: Umbreon
|-activate|p1a: Umbreon|move: Protect
|
|-heal|p1a: Umbreon|91/100|[from] move: Wish|[wisher] Umbreon
|-heal|p1a: Umbreon|97/100|[from] item: Leftovers
|upkeep
|turn|20
|
|move|p2a: Zacian|Crunch|p1a: Umbreon
|-resisted|p1a: Umbreon
|-damage|p1a: Umbreon|41/100
|move|p1a: Umbreon|Wish|p1a: Umbreon
|
|-heal|p1a: Umbreon|47/100|[from] item: Leftovers
|upkeep
|turn|21
|
|move|p1a: Umbreon|Protect|p1a: Umbreon
|-singleturn|p1a: Umbreon|Protect
|move|p2a: Zacian|Swords Dance|p2a: Zacian
|-boost|p2a: Zacian|atk|0
|
|-heal|p1a: Umbreon|97/100|[from] move: Wish|[wisher] Umbreon
|-heal|p1a: Umbreon|100/100|[from] item: Leftovers
|upkeep
|turn|22
|
|move|p2a: Zacian|Crunch|p1a: Umbreon
|-resisted|p1a: Umbreon
|-damage|p1a: Umbreon|43/100
|move|p1a: Umbreon|Wish|p1a: Umbreon
|
|-heal|p1a: Umbreon|49/100|[from] item: Leftovers
|upkeep
|turn|23
|
|move|p2a: Zacian|Crunch|p1a: Umbreon
|-resisted|p1a: Umbreon
|-damage|p1a: Umbreon|0 fnt
|faint|p1a: Umbreon
|
|upkeep
|
|switch|p1a: Ditto|Ditto|100/100
|-transform|p1a: Ditto|p2a: Zacian|[from] ability: Imposter
|turn|24
|
|switch|p2a: Tyranitar|Tyranitar, F|100/100
|-damage|p2a: Tyranitar|88/100|[from] Stealth Rock
|-weather|Sandstorm|[from] ability: Sand Stream|[of] p2a: Tyranitar
|move|p1a: Ditto|Crunch|p2a: Tyranitar
|-resisted|p2a: Tyranitar
|-damage|p2a: Tyranitar|39/100
|
|-weather|Sandstorm|[upkeep]
|-heal|p2a: Tyranitar|45/100|[from] item: Leftovers
|upkeep
|turn|25
|
|move|p1a: Ditto|Crunch|p2a: Tyranitar
|-resisted|p2a: Tyranitar
|-damage|p2a: Tyranitar|0 fnt
|faint|p2a: Tyranitar
|
|-weather|Sandstorm|[upkeep]
|upkeep
|
|switch|p2a: Corviknight|Corviknight, M|100/100
|-damage|p2a: Corviknight|88/100|[from] Stealth Rock
|-ability|p2a: Corviknight|Pressure
|turn|26
|
|move|p1a: Ditto|Crunch|p2a: Corviknight
|-damage|p2a: Corviknight|2/100
|-damage|p1a: Ditto|84/100|[from] item: Rocky Helmet|[of] p2a: Corviknight
|move|p2a: Corviknight|Roost|p2a: Corviknight
|-heal|p2a: Corviknight|52/100
|-singleturn|p2a: Corviknight|move: Roost
|
|-weather|Sandstorm|[upkeep]
|upkeep
|turn|27
|
|switch|p2a: Zacian|Zacian-Crowned|20/100
|-damage|p2a: Zacian|14/100|[from] Stealth Rock
|-ability|p2a: Zacian|Intrepid Sword|boost
|-boost|p2a: Zacian|atk|1
|move|p1a: Ditto|Crunch|p2a: Zacian
|-resisted|p2a: Zacian
|-damage|p2a: Zacian|0 fnt
|faint|p2a: Zacian
|
|-weather|Sandstorm|[upkeep]
|upkeep
|
|switch|p2a: Corviknight|Corviknight, M|52/100
|-damage|p2a: Corviknight|40/100|[from] Stealth Rock
|-ability|p2a: Corviknight|Pressure
|turn|28
|
|-activate|p1a: Ditto|move: Struggle
|move|p1a: Ditto|Struggle|p2a: Corviknight
|-damage|p2a: Corviknight|0 fnt
|-damage|p1a: Ditto|68/100|[from] item: Rocky Helmet|[of] p2a: Corviknight
|-damage|p1a: Ditto|43/100|[from] recoil
|faint|p2a: Corviknight
|
|-weather|none
|upkeep
|-message|MiguelRRM forfeited.
|
|win|I like Lovely
|l|☆MiguelRRM
|j|☆MiguelRRM
|player|p2|MiguelRRM|102
|raw|I like Lovely's rating: 1725 &rarr; <strong>1734</strong><br />(+9 for winning)
|raw|MiguelRRM's rating: 1524 &rarr; <strong>1514</strong><br />(-10 for losing)
