|j|☆Firelord Jaymes
|j|☆snakey77
|t:|1628916436
|gametype|singles
|player|p1|Firelord Jaymes|firebreather|
|player|p2|snakey77|266|
|teamsize|p1|6
|teamsize|p2|6
|gen|8
|tier|[Gen 8] Ubers
|rated|Tournament battle
|rule|Sleep Clause Mod: Limit one foe put to sleep
|rule|Species Clause: Limit one of each Pokémon
|rule|OHKO Clause: OHKO moves are banned
|rule|Evasion Moves Clause: Evasion moves are banned
|rule|Endless Battle Clause: Forcing endless battles is banned
|rule|HP Percentage Mod: HP is shown in percentages
|rule|Dynamax Clause: You cannot dynamax
|clearpoke
|poke|p1|Froslass, F|
|poke|p1|Landorus-Therian, M|
|poke|p1|Groudon|
|poke|p1|Yveltal|
|poke|p1|Eternatus|
|poke|p1|Necrozma-Dusk-Mane|
|poke|p2|Necrozma-Dusk-Mane|
|poke|p2|Calyrex-Ice|
|poke|p2|Kyogre|
|poke|p2|Yveltal|
|poke|p2|Ferrothorn, F|
|poke|p2|Magearna|
|teampreview
|inactive|Battle timer is ON: inactive players will automatically lose when time's up. (requested by Firelord Jaymes)
|inactive|snakey77 has 120 seconds left.
|inactive|snakey77 has 90 seconds left.
|
|t:|1628916502
|start
|switch|p1a: Froslass|Froslass, F|100/100
|switch|p2a: Yveltal|Yveltal|100/100
|-ability|p2a: Yveltal|Dark Aura
|turn|1
|
|t:|1628916509
|move|p1a: Froslass|Thunder Wave|p2a: Yveltal
|-status|p2a: Yveltal|par
|move|p2a: Yveltal|Knock Off|p1a: Froslass
|-supereffective|p1a: Froslass
|-enditem|p1a: Froslass|Focus Sash
|-damage|p1a: Froslass|1/100
|-start|p2a: Yveltal|Disable|Knock Off|[from] ability: Cursed Body|[of] p1a: Froslass
|
|upkeep
|turn|2
|
|t:|1628916519
|move|p1a: Froslass|Spikes|p2a: Yveltal
|-sidestart|p2: snakey77|Spikes
|cant|p2a: Yveltal|par
|
|upkeep
|turn|3
|
|t:|1628916525
|move|p1a: Froslass|Ice Beam|p2a: Yveltal
|-supereffective|p2a: Yveltal
|-damage|p2a: Yveltal|45/100 par
|move|p2a: Yveltal|Foul Play|p1a: Froslass
|-supereffective|p1a: Froslass
|-damage|p1a: Froslass|0 fnt
|faint|p1a: Froslass
|
|upkeep
|
|t:|1628916540
|switch|p1a: Eternatus|Eternatus|100/100
|-ability|p1a: Eternatus|Pressure
|turn|4
|
|t:|1628916549
|switch|p2a: Saviour King|Necrozma-Dusk-Mane|100/100
|-damage|p2a: Saviour King|88/100|[from] Spikes
|move|p1a: Eternatus|Meteor Beam||[still]
|-prepare|p1a: Eternatus|Meteor Beam
|-boost|p1a: Eternatus|spa|1
|-enditem|p1a: Eternatus|Power Herb
|-anim|p1a: Eternatus|Meteor Beam|p2a: Saviour King
|-resisted|p2a: Saviour King
|-damage|p2a: Saviour King|67/100
|
|upkeep
|turn|5
|
|t:|1628916557
|switch|p1a: Landorus|Landorus-Therian, M|100/100
|-ability|p1a: Landorus|Intimidate|boost
|-unboost|p2a: Saviour King|atk|1
|move|p2a: Saviour King|Trick Room|p2a: Saviour King
|-fieldstart|move: Trick Room|[of] p2a: Saviour King
|
|upkeep
|turn|6
|
|t:|1628916566
|switch|p2a: Yveltal|Yveltal|45/100 par
|-ability|p2a: Yveltal|Dark Aura
|move|p1a: Landorus|Stealth Rock|p2a: Yveltal
|-sidestart|p2: snakey77|move: Stealth Rock
|
|upkeep
|turn|7
|
|t:|1628916576
|move|p2a: Yveltal|Roost|p2a: Yveltal
|-heal|p2a: Yveltal|95/100 par
|-singleturn|p2a: Yveltal|move: Roost
|move|p1a: Landorus|Rock Tomb|p2a: Yveltal
|-damage|p2a: Yveltal|83/100 par
|-unboost|p2a: Yveltal|spe|1
|
|upkeep
|turn|8
|
|t:|1628916581
|cant|p2a: Yveltal|par
|move|p1a: Landorus|Rock Tomb|p2a: Yveltal
|-supereffective|p2a: Yveltal
|-damage|p2a: Yveltal|58/100 par
|-unboost|p2a: Yveltal|spe|1
|
|upkeep
|turn|9
|
|t:|1628916603
|switch|p1a: Eternatus|Eternatus|100/100
|-ability|p1a: Eternatus|Pressure
|move|p2a: Yveltal|Roost|p2a: Yveltal
|-heal|p2a: Yveltal|100/100 par
|-singleturn|p2a: Yveltal|move: Roost
|
|-fieldend|move: Trick Room
|upkeep
|turn|10
|
|t:|1628916629
|switch|p2a: Salili|Ferrothorn, F|100/100
|-damage|p2a: Salili|94/100|[from] Stealth Rock
|-damage|p2a: Salili|82/100|[from] Spikes
|move|p1a: Eternatus|Flamethrower|p2a: Salili
|-supereffective|p2a: Salili
|-damage|p2a: Salili|0 fnt
|faint|p2a: Salili
|
|upkeep
|
|t:|1628916632
|switch|p2a: Saviour King|Necrozma-Dusk-Mane|67/100
|-damage|p2a: Saviour King|61/100|[from] Stealth Rock
|-damage|p2a: Saviour King|49/100|[from] Spikes
|turn|11
|
|t:|1628916640
|switch|p1a: Landorus|Landorus-Therian, M|100/100
|-ability|p1a: Landorus|Intimidate|boost
|-unboost|p2a: Saviour King|atk|1
|move|p2a: Saviour King|Moonlight|p2a: Saviour King
|-heal|p2a: Saviour King|99/100
|
|upkeep
|turn|12
|
|t:|1628916656
|switch|p1a: Yveltal|Yveltal|100/100
|-ability|p1a: Yveltal|Dark Aura
|switch|p2a: Yveltal|Yveltal|100/100 par
|-ability|p2a: Yveltal|Dark Aura
|
|upkeep
|turn|13
|
|t:|1628916672
|switch|p2a: Magearna|Magearna|100/100
|-damage|p2a: Magearna|88/100|[from] Spikes
|-damage|p2a: Magearna|82/100|[from] Stealth Rock
|move|p1a: Yveltal|Sky Attack||[still]
|-prepare|p1a: Yveltal|Sky Attack
|-enditem|p1a: Yveltal|Power Herb
|-anim|p1a: Yveltal|Sky Attack|p2a: Magearna
|-resisted|p2a: Magearna
|-damage|p2a: Magearna|50/100
|
|-heal|p2a: Magearna|56/100|[from] item: Leftovers
|upkeep
|turn|14
|inactive|Firelord Jaymes has 120 seconds left.
|
|t:|1628916698
|switch|p1a: Necrozma|Necrozma-Dusk-Mane|100/100
|move|p2a: Magearna|Pain Split|p1a: Necrozma
|-sethp|p1a: Necrozma|76/100|[from] move: Pain Split|[silent]
|-sethp|p2a: Magearna|83/100|[from] move: Pain Split
|
|-heal|p2a: Magearna|89/100|[from] item: Leftovers
|upkeep
|turn|15
|inactive|Firelord Jaymes has 120 seconds left.
|
|t:|1628916709
|move|p1a: Necrozma|Swords Dance|p1a: Necrozma
|-boost|p1a: Necrozma|atk|2
|move|p2a: Magearna|Trick Room|p2a: Magearna
|-fieldstart|move: Trick Room|[of] p2a: Magearna
|
|-heal|p2a: Magearna|95/100|[from] item: Leftovers
|upkeep
|turn|16
|inactive|Firelord Jaymes has 120 seconds left.
|
|t:|1628916717
|move|p2a: Magearna|Volt Switch|p1a: Necrozma
|-damage|p1a: Necrozma|61/100
|
|t:|1628916721
|switch|p2a: Yveltal|Yveltal|100/100 par|[from]move: Volt Switch
|-ability|p2a: Yveltal|Dark Aura
|move|p1a: Necrozma|Sunsteel Strike|p2a: Yveltal
|-damage|p2a: Yveltal|26/100 par
|
|upkeep
|turn|17
|j| cursedstar
|
|t:|1628916726
|move|p2a: Yveltal|Foul Play|p1a: Necrozma
|-supereffective|p1a: Necrozma
|-damage|p1a: Necrozma|0 fnt
|faint|p1a: Necrozma
|
|upkeep
|
|t:|1628916743
|switch|p1a: Eternatus|Eternatus|100/100
|-ability|p1a: Eternatus|Pressure
|turn|18
|inactive|snakey77 has 120 seconds left.
|
|t:|1628916778
|switch|p2a: Saviour King|Necrozma-Dusk-Mane|99/100
|-damage|p2a: Saviour King|87/100|[from] Spikes
|-damage|p2a: Saviour King|81/100|[from] Stealth Rock
|move|p1a: Eternatus|Sludge Bomb|p2a: Saviour King
|-immune|p2a: Saviour King
|
|upkeep
|turn|19
|inactive|snakey77 has 120 seconds left.
|
|t:|1628916799
|switch|p2a: Yveltal|Yveltal|26/100 par
|-ability|p2a: Yveltal|Dark Aura
|switch|p1a: Groudon|Groudon|100/100
|-weather|SunnyDay|[from] ability: Drought|[of] p1a: Groudon
|
|-weather|SunnyDay|[upkeep]
|-fieldend|move: Trick Room
|upkeep
|turn|20
|
|t:|1628916808
|move|p1a: Groudon|Rock Tomb|p2a: Yveltal
|-supereffective|p2a: Yveltal
|-damage|p2a: Yveltal|0 fnt
|faint|p2a: Yveltal
|-damage|p1a: Groudon|91/100|[from] item: Life Orb
|
|-weather|SunnyDay|[upkeep]
|upkeep
|inactive|snakey77 has 120 seconds left.
|
|t:|1628916823
|switch|p2a: Master Knight|Calyrex-Ice|100/100
|-ability|p2a: Master Knight|As One
|-ability|p2a: Master Knight|Unnerve
|turn|21
|
|t:|1628916826
|move|p1a: Groudon|Fire Blast|p2a: Master Knight|[miss]
|-miss|p1a: Groudon|p2a: Master Knight
|move|p2a: Master Knight|Trick Room|p2a: Master Knight
|-fieldstart|move: Trick Room|[of] p2a: Master Knight
|
|-weather|SunnyDay|[upkeep]
|upkeep
|turn|22
|c|☆snakey77|how much special attack investment?
|inactive|snakey77 has 120 seconds left.
|c|☆Firelord Jaymes|Not much
|inactive|snakey77 has 90 seconds left.
|c|☆Firelord Jaymes|It’s ok, I haxed my last guy lol
|inactive|snakey77 has 60 seconds left.
|c|☆snakey77|pretty sure I’d be losing regardless of if it KOed actually
|
|t:|1628916929
|switch|p1a: Eternatus|Eternatus|100/100
|-ability|p1a: Eternatus|Pressure
|move|p2a: Master Knight|Glacial Lance|p1a: Eternatus
|-supereffective|p1a: Eternatus
|-damage|p1a: Eternatus|0 fnt
|faint|p1a: Eternatus
|-ability|p2a: Master Knight|Chilling Neigh|boost
|-boost|p2a: Master Knight|atk|1
|
|-weather|SunnyDay|[upkeep]
|upkeep
|c|☆snakey77|as long as it hit
|
|t:|1628916949
|switch|p1a: Yveltal|Yveltal|100/100
|-ability|p1a: Yveltal|Dark Aura
|turn|23
|
|t:|1628916959
|move|p1a: Yveltal|Sucker Punch|p2a: Master Knight
|-supereffective|p2a: Master Knight
|-crit|p2a: Master Knight
|-damage|p2a: Master Knight|12/100
|move|p2a: Master Knight|Glacial Lance|p1a: Yveltal
|-supereffective|p1a: Yveltal
|-damage|p1a: Yveltal|0 fnt
|faint|p1a: Yveltal
|-ability|p2a: Master Knight|Chilling Neigh|boost
|-boost|p2a: Master Knight|atk|1
|
|-weather|none
|upkeep
|
|t:|1628916966
|switch|p1a: Landorus|Landorus-Therian, M|100/100
|-ability|p1a: Landorus|Intimidate|boost
|-unboost|p2a: Master Knight|atk|1
|turn|24
|
|t:|1628916970
|move|p2a: Master Knight|Glacial Lance|p1a: Landorus
|-supereffective|p1a: Landorus
|-enditem|p1a: Landorus|Focus Sash
|-damage|p1a: Landorus|1/100
|move|p1a: Landorus|Rock Tomb|p2a: Master Knight
|-supereffective|p2a: Master Knight
|-damage|p2a: Master Knight|0 fnt
|faint|p2a: Master Knight
|
|upkeep
|inactive|snakey77 has 60 seconds left.
|
|t:|1628917004
|switch|p2a: Magearna|Magearna|95/100
|-damage|p2a: Magearna|83/100|[from] Spikes
|-damage|p2a: Magearna|77/100|[from] Stealth Rock
|turn|25
|
|t:|1628917014
|move|p2a: Magearna|Pain Split|p1a: Landorus
|-sethp|p1a: Landorus|44/100|[from] move: Pain Split|[silent]
|-sethp|p2a: Magearna|39/100|[from] move: Pain Split
|move|p1a: Landorus|Earthquake|p2a: Magearna
|-supereffective|p2a: Magearna
|-damage|p2a: Magearna|0 fnt
|faint|p2a: Magearna
|
|-fieldend|move: Trick Room
|upkeep
|
|t:|1628917018
|switch|p2a: Saviour King|Necrozma-Dusk-Mane|81/100
|-damage|p2a: Saviour King|75/100|[from] Stealth Rock
|-damage|p2a: Saviour King|62/100|[from] Spikes
|turn|26
|inactive|snakey77 has 60 seconds left.
|j| Holymolycrabby
|
|t:|1628917047
|move|p1a: Landorus|Earthquake|p2a: Saviour King
|-supereffective|p2a: Saviour King
|-damage|p2a: Saviour King|1/100
|move|p2a: Saviour King|Trick Room|p2a: Saviour King
|-fieldstart|move: Trick Room|[of] p2a: Saviour King
|
|upkeep
|turn|27
|inactive|snakey77 has 60 seconds left.
|inactive|Firelord Jaymes has 120 seconds left.
|
|t:|1628917064
|switch|p1a: Groudon|Groudon|91/100
|-weather|SunnyDay|[from] ability: Drought|[of] p1a: Groudon
|move|p2a: Saviour King|Photon Geyser|p1a: Groudon
|-damage|p1a: Groudon|49/100
|
|-weather|SunnyDay|[upkeep]
|upkeep
|turn|28
|j| 531 nebnebs
|inactive|Firelord Jaymes has 120 seconds left.
|inactive|snakey77 has 60 seconds left.
|
|t:|1628917089
|switch|p2a: Kyogre|Kyogre|100/100
|-damage|p2a: Kyogre|88/100|[from] Spikes
|-damage|p2a: Kyogre|76/100|[from] Stealth Rock
|-weather|RainDance|[from] ability: Drizzle|[of] p2a: Kyogre
|move|p1a: Groudon|Precipice Blades|p2a: Kyogre
|-damage|p2a: Kyogre|0 fnt
|faint|p2a: Kyogre
|-damage|p1a: Groudon|39/100|[from] item: Life Orb
|
|-weather|RainDance|[upkeep]
|upkeep
|inactive|snakey77 has 60 seconds left.
|c|☆snakey77|gg
|c|☆Firelord Jaymes|gg
|-message|snakey77 forfeited.
|
|win|Firelord Jaymes
|n|☆Firelord Jaymes|firelordjaymes
|n|☆snakey77|snakey77
|n| cursedstar|cursedstar
|n| Holymolycrabby|holymolycrabby
|n| 531 nebnebs|531nebnebs
|l|☆snakey77
|l|☆Firelord Jaymes
|l| Holymolycrabby
|j|☆Firelord Jaymes
|player|p1|Firelord Jaymes|firebreather
|inactive|Battle timer is ON: inactive players will automatically lose when time's up. (requested by Firelord Jaymes)
|l| cursedstar
