|j|☆Magikarp4000
|j|☆Chunkomucho
|player|p1|Magikarp4000|bellelba|1437
|player|p2|Chunkomucho|erika|1477
|teamsize|p1|6
|teamsize|p2|6
|gametype|singles
|gen|8
|tier|[Gen 8] Ubers
|rated|
|clearpoke
|poke|p1|Toxapex, F|
|poke|p1|Marshadow|
|poke|p1|Ferrothorn, M|
|poke|p1|Dracovish|
|poke|p1|Gothitelle, M|
|poke|p1|Togekiss, F|
|poke|p2|Zacian-Crowned|
|poke|p2|Gothitelle, F|
|poke|p2|Toxapex, M|
|poke|p2|Corviknight, M|
|poke|p2|Quagsire, M|
|poke|p2|Tyranitar, M|
|rule|Sleep Clause Mod: Limit one foe put to sleep
|rule|Species Clause: Limit one of each Pokémon
|rule|OHKO Clause: OHKO moves are banned
|rule|Evasion Moves Clause: Evasion moves are banned
|rule|Endless Battle Clause: Forcing endless battles is banned
|rule|HP Percentage Mod: HP is shown in percentages
|html|Ubers Dynamax Clause: Pokémon on the <a href="https://www.smogon.com/dex/ss/formats/uber/">Ubers Dynamax Banlist</a> cannot Dynamax.
|teampreview
|inactive|Battle timer is ON: inactive players will automatically lose when time's up. (requested by Chunkomucho)
|c|☆Magikarp4000|glhf
|
|start
|switch|p1a: Dracovish|Dracovish|100/100
|switch|p2a: Celestia|Gothitelle, F|100/100
|turn|1
|
|switch|p2a: Toxapex|Toxapex, M|100/100
|move|p1a: Dracovish|Fishious Rend|p2a: Toxapex
|-resisted|p2a: Toxapex
|-damage|p2a: Toxapex|68/100
|
|upkeep
|turn|2
|
|switch|p1a: Ferrothorn|Ferrothorn, M|100/100
|move|p2a: Toxapex|Knock Off|p1a: Ferrothorn
|-damage|p1a: Ferrothorn|93/100
|-damage|p2a: Toxapex|56/100|[from] ability: Iron Barbs|[of] p1a: Ferrothorn
|-damage|p2a: Toxapex|39/100|[from] item: Rocky Helmet|[of] p1a: Ferrothorn
|-enditem|p1a: Ferrothorn|Rocky Helmet|[from] move: Knock Off|[of] p2a: Toxapex
|
|upkeep
|turn|3
|
|switch|p2a: Corviknight|Corviknight, M|100/100
|-ability|p2a: Corviknight|Pressure
|switch|p1a: Dracovish|Dracovish|100/100
|
|upkeep
|turn|4
|
|switch|p1a: Ferrothorn|Ferrothorn, M|93/100
|switch|p2a: Toxapex|Toxapex, M|73/100
|
|upkeep
|turn|5
|
|switch|p2a: Corviknight|Corviknight, M|100/100
|-ability|p2a: Corviknight|Pressure
|move|p1a: Ferrothorn|Leech Seed|p2a: Corviknight
|-start|p2a: Corviknight|move: Leech Seed
|
|-damage|p2a: Corviknight|88/100|[from] Leech Seed|[of] p1a: Ferrothorn
|-heal|p1a: Ferrothorn|100/100|[silent]
|upkeep
|turn|6
|
|move|p2a: Corviknight|U-turn|p1a: Ferrothorn
|-damage|p1a: Ferrothorn|92/100
|-damage|p2a: Corviknight|75/100|[from] ability: Iron Barbs|[of] p1a: Ferrothorn
|
|switch|p2a: Toxapex|Toxapex, M|100/100|[from]move: U-turn
|move|p1a: Ferrothorn|Stealth Rock|p2a: Toxapex
|-sidestart|p2: Chunkomucho|move: Stealth Rock
|
|upkeep
|turn|7
|
|move|p2a: Toxapex|Scald|p1a: Ferrothorn
|-resisted|p1a: Ferrothorn
|-damage|p1a: Ferrothorn|84/100
|move|p1a: Ferrothorn|Leech Seed|p2a: Toxapex
|-start|p2a: Toxapex|move: Leech Seed
|
|-damage|p2a: Toxapex|88/100|[from] Leech Seed|[of] p1a: Ferrothorn
|-heal|p1a: Ferrothorn|95/100|[silent]
|upkeep
|turn|8
|
|move|p2a: Toxapex|Scald|p1a: Ferrothorn
|-resisted|p1a: Ferrothorn
|-damage|p1a: Ferrothorn|88/100
|move|p1a: Ferrothorn|Iron Defense|p1a: Ferrothorn
|-boost|p1a: Ferrothorn|def|2
|
|-damage|p2a: Toxapex|75/100|[from] Leech Seed|[of] p1a: Ferrothorn
|-heal|p1a: Ferrothorn|99/100|[silent]
|upkeep
|turn|9
|
|move|p2a: Toxapex|Haze|p2a: Toxapex
|-clearallboost
|move|p1a: Ferrothorn|Iron Defense|p1a: Ferrothorn
|-boost|p1a: Ferrothorn|def|2
|
|-damage|p2a: Toxapex|63/100|[from] Leech Seed|[of] p1a: Ferrothorn
|-heal|p1a: Ferrothorn|100/100|[silent]
|upkeep
|turn|10
|
|move|p2a: Toxapex|Scald|p1a: Ferrothorn
|-resisted|p1a: Ferrothorn
|-damage|p1a: Ferrothorn|93/100
|-status|p1a: Ferrothorn|brn
|move|p1a: Ferrothorn|Iron Defense|p1a: Ferrothorn
|-boost|p1a: Ferrothorn|def|2
|
|-damage|p2a: Toxapex|50/100|[from] Leech Seed|[of] p1a: Ferrothorn
|-heal|p1a: Ferrothorn|100/100 brn|[silent]
|-damage|p1a: Ferrothorn|95/100 brn|[from] brn
|upkeep
|turn|11
|
|move|p2a: Toxapex|Recover|p2a: Toxapex
|-heal|p2a: Toxapex|100/100
|move|p1a: Ferrothorn|Body Press|p2a: Toxapex
|-resisted|p2a: Toxapex
|-damage|p2a: Toxapex|87/100
|
|-damage|p2a: Toxapex|74/100|[from] Leech Seed|[of] p1a: Ferrothorn
|-heal|p1a: Ferrothorn|100/100 brn|[silent]
|-damage|p1a: Ferrothorn|95/100 brn|[from] brn
|upkeep
|turn|12
|
|switch|p2a: Celestia|Gothitelle, F|100/100
|-damage|p2a: Celestia|88/100|[from] Stealth Rock
|switch|p1a: Gothitelle|Gothitelle, M|100/100
|
|upkeep
|turn|13
|
|switch|p2a: Zacian|Zacian-Crowned|100/100
|-damage|p2a: Zacian|94/100|[from] Stealth Rock
|-ability|p2a: Zacian|Intrepid Sword|boost
|-boost|p2a: Zacian|atk|1
|switch|p1a: Dracovish|Dracovish|100/100
|
|upkeep
|turn|14
|
|switch|p2a: Toxapex|Toxapex, M|100/100
|-damage|p2a: Toxapex|88/100|[from] Stealth Rock
|switch|p1a: Ferrothorn|Ferrothorn, M|95/100 brn
|
|-damage|p1a: Ferrothorn|89/100 brn|[from] brn
|upkeep
|turn|15
|
|switch|p2a: Celestia|Gothitelle, F|88/100
|-damage|p2a: Celestia|76/100|[from] Stealth Rock
|switch|p1a: Gothitelle|Gothitelle, M|100/100
|
|upkeep
|turn|16
|
|switch|p1a: Dracovish|Dracovish|100/100
|move|p2a: Celestia|Psychic|p1a: Dracovish
|-damage|p1a: Dracovish|23/100
|
|upkeep
|turn|17
|
|switch|p2a: Toxapex|Toxapex, M|100/100
|-damage|p2a: Toxapex|88/100|[from] Stealth Rock
|move|p1a: Dracovish|Fishious Rend|p2a: Toxapex
|-resisted|p2a: Toxapex
|-damage|p2a: Toxapex|59/100
|
|upkeep
|turn|18
|
|switch|p1a: Gothitelle|Gothitelle, M|100/100
|move|p2a: Toxapex|Scald|p1a: Gothitelle
|-damage|p1a: Gothitelle|89/100
|
|-heal|p1a: Gothitelle|95/100|[from] item: Leftovers
|upkeep
|turn|19
|c|☆Magikarp4000|(:
|
|switch|p2a: Zacian|Zacian-Crowned|94/100
|-damage|p2a: Zacian|88/100|[from] Stealth Rock
|-ability|p2a: Zacian|Intrepid Sword|boost
|-boost|p2a: Zacian|atk|1
|move|p1a: Gothitelle|Taunt|p2a: Zacian
|-start|p2a: Zacian|move: Taunt
|
|-heal|p1a: Gothitelle|100/100|[from] item: Leftovers
|upkeep
|turn|20
|
|switch|p1a: Ferrothorn|Ferrothorn, M|89/100 brn
|move|p2a: Zacian|Crunch|p1a: Ferrothorn
|-damage|p1a: Ferrothorn|61/100 brn
|-damage|p2a: Zacian|76/100|[from] ability: Iron Barbs|[of] p1a: Ferrothorn
|
|-damage|p1a: Ferrothorn|55/100 brn|[from] brn
|upkeep
|turn|21
|
|switch|p1a: Toxapex|Toxapex, F|100/100
|move|p2a: Zacian|Sacred Sword|p1a: Toxapex
|-resisted|p1a: Toxapex
|-crit|p1a: Toxapex
|-damage|p1a: Toxapex|75/100
|
|-heal|p1a: Toxapex|81/100|[from] item: Black Sludge
|-end|p2a: Zacian|move: Taunt
|upkeep
|turn|22
|
|switch|p2a: Celestia|Gothitelle, F|76/100
|-damage|p2a: Celestia|63/100|[from] Stealth Rock
|switch|p1a: Ferrothorn|Ferrothorn, M|55/100 brn
|
|-damage|p1a: Ferrothorn|49/100 brn|[from] brn
|upkeep
|turn|23
|
|move|p2a: Celestia|Psychic|p1a: Ferrothorn
|-resisted|p1a: Ferrothorn
|-damage|p1a: Ferrothorn|22/100 brn
|move|p1a: Ferrothorn|Leech Seed|p2a: Celestia
|-start|p2a: Celestia|move: Leech Seed
|
|-damage|p2a: Celestia|51/100|[from] Leech Seed|[of] p1a: Ferrothorn
|-heal|p1a: Ferrothorn|34/100 brn|[silent]
|-damage|p1a: Ferrothorn|28/100 brn|[from] brn
|upkeep
|turn|24
|inactive|Chunkomucho has 120 seconds left.
|
|switch|p2a: Quagsire|Quagsire, M, shiny|100/100
|-damage|p2a: Quagsire|94/100|[from] Stealth Rock
|move|p1a: Ferrothorn|Body Press|p2a: Quagsire
|-damage|p2a: Quagsire|84/100
|
|-damage|p1a: Ferrothorn|22/100 brn|[from] brn
|upkeep
|turn|25
|inactive|Chunkomucho has 120 seconds left.
|
|switch|p1a: Toxapex|Toxapex, F|100/100
|move|p2a: Quagsire|Scald|p1a: Toxapex
|-resisted|p1a: Toxapex
|-damage|p1a: Toxapex|93/100
|
|-heal|p1a: Toxapex|99/100|[from] item: Black Sludge
|upkeep
|turn|26
|inactive|Chunkomucho has 120 seconds left.
|
|switch|p2a: Corviknight|Corviknight, M|75/100
|-damage|p2a: Corviknight|63/100|[from] Stealth Rock
|-ability|p2a: Corviknight|Pressure
|move|p1a: Toxapex|Toxic|p2a: Corviknight
|-immune|p2a: Corviknight
|
|-heal|p1a: Toxapex|100/100|[from] item: Black Sludge
|upkeep
|turn|27
|
|switch|p1a: Ferrothorn|Ferrothorn, M|22/100 brn
|move|p2a: Corviknight|U-turn|p1a: Ferrothorn
|-damage|p1a: Ferrothorn|13/100 brn
|-damage|p2a: Corviknight|50/100|[from] ability: Iron Barbs|[of] p1a: Ferrothorn
|inactive|Chunkomucho has 120 seconds left.
|
|switch|p2a: Celestia|Gothitelle, F|51/100|[from]move: U-turn
|-damage|p2a: Celestia|39/100|[from] Stealth Rock
|
|-damage|p1a: Ferrothorn|7/100 brn|[from] brn
|upkeep
|turn|28
|inactive|Magikarp4000 has 120 seconds left.
|
|move|p2a: Celestia|Psychic|p1a: Ferrothorn
|-resisted|p1a: Ferrothorn
|-damage|p1a: Ferrothorn|0 fnt
|faint|p1a: Ferrothorn
|
|upkeep
|inactive|Magikarp4000 has 90 seconds left.
|
|switch|p1a: Dracovish|Dracovish|23/100
|turn|29
|
|switch|p2a: Toxapex|Toxapex, M|93/100
|-damage|p2a: Toxapex|80/100|[from] Stealth Rock
|move|p1a: Dracovish|Psychic Fangs|p2a: Toxapex
|-supereffective|p2a: Toxapex
|-damage|p2a: Toxapex|42/100
|
|upkeep
|turn|30
|
|switch|p2a: Quagsire|Quagsire, M, shiny|84/100
|-damage|p2a: Quagsire|78/100|[from] Stealth Rock
|move|p1a: Dracovish|Psychic Fangs|p2a: Quagsire
|-damage|p2a: Quagsire|52/100
|
|upkeep
|turn|31
|
|switch|p1a: Toxapex|Toxapex, F|100/100
|move|p2a: Quagsire|Recover|p2a: Quagsire
|-heal|p2a: Quagsire|100/100
|
|upkeep
|turn|32
|
|switch|p2a: Corviknight|Corviknight, M|50/100
|-damage|p2a: Corviknight|38/100|[from] Stealth Rock
|-ability|p2a: Corviknight|Pressure
|switch|p1a: Dracovish|Dracovish|23/100
|
|upkeep
|turn|33
|
|switch|p2a: Toxapex|Toxapex, M|75/100
|-damage|p2a: Toxapex|63/100|[from] Stealth Rock
|move|p1a: Dracovish|Fishious Rend|p2a: Toxapex
|-resisted|p2a: Toxapex
|-damage|p2a: Toxapex|34/100
|
|upkeep
|turn|34
|
|switch|p1a: Gothitelle|Gothitelle, M|100/100
|move|p2a: Toxapex|Recover|p2a: Toxapex
|-heal|p2a: Toxapex|84/100
|
|upkeep
|turn|35
|
|switch|p2a: Tyranitar|Tyranitar, M|100/100
|-damage|p2a: Tyranitar|88/100|[from] Stealth Rock
|-weather|Sandstorm|[from] ability: Sand Stream|[of] p2a: Tyranitar
|move|p1a: Gothitelle|Taunt|p2a: Tyranitar
|-start|p2a: Tyranitar|move: Taunt
|
|-weather|Sandstorm|[upkeep]
|-damage|p1a: Gothitelle|94/100|[from] Sandstorm
|-heal|p1a: Gothitelle|100/100|[from] item: Leftovers
|upkeep
|turn|36
|
|switch|p1a: Toxapex|Toxapex, F|100/100
|move|p2a: Tyranitar|Snarl|p1a: Toxapex
|-damage|p1a: Toxapex|86/100
|-unboost|p1a: Toxapex|spa|1
|
|-weather|Sandstorm|[upkeep]
|-damage|p1a: Toxapex|79/100|[from] Sandstorm
|-heal|p1a: Toxapex|86/100|[from] item: Black Sludge
|upkeep
|turn|37
|
|switch|p2a: Corviknight|Corviknight, M|38/100
|-damage|p2a: Corviknight|25/100|[from] Stealth Rock
|-ability|p2a: Corviknight|Pressure
|move|p1a: Toxapex|Toxic|p2a: Corviknight
|-immune|p2a: Corviknight
|
|-weather|Sandstorm|[upkeep]
|-damage|p1a: Toxapex|79/100|[from] Sandstorm
|-heal|p1a: Toxapex|86/100|[from] item: Black Sludge
|upkeep
|turn|38
|
|switch|p1a: Gothitelle|Gothitelle, M|100/100
|move|p2a: Corviknight|Roost|p2a: Corviknight
|-heal|p2a: Corviknight|75/100
|-singleturn|p2a: Corviknight|move: Roost
|
|-weather|Sandstorm|[upkeep]
|-damage|p1a: Gothitelle|94/100|[from] Sandstorm
|-heal|p1a: Gothitelle|100/100|[from] item: Leftovers
|upkeep
|turn|39
|
|move|p2a: Corviknight|U-turn|p1a: Gothitelle
|-supereffective|p1a: Gothitelle
|-damage|p1a: Gothitelle|73/100
|inactive|Chunkomucho has 120 seconds left.
|
|switch|p2a: Tyranitar|Tyranitar, M|88/100|[from]move: U-turn
|-damage|p2a: Tyranitar|76/100|[from] Stealth Rock
|move|p1a: Gothitelle|Taunt|p2a: Tyranitar
|-start|p2a: Tyranitar|move: Taunt
|
|-weather|none
|-heal|p1a: Gothitelle|79/100|[from] item: Leftovers
|upkeep
|turn|40
|
|switch|p1a: Toxapex|Toxapex, F|100/100
|move|p2a: Tyranitar|Snarl|p1a: Toxapex
|-damage|p1a: Toxapex|86/100
|-unboost|p1a: Toxapex|spa|1
|
|-heal|p1a: Toxapex|92/100|[from] item: Black Sludge
|upkeep
|turn|41
|
|switch|p1a: Dracovish|Dracovish|23/100
|move|p2a: Tyranitar|Earthquake|p1a: Dracovish
|-damage|p1a: Dracovish|0 fnt
|faint|p1a: Dracovish
|
|-end|p2a: Tyranitar|move: Taunt
|upkeep
|
|switch|p1a: Togekiss|Togekiss, F|100/100
|turn|42
|
|switch|p2a: Toxapex|Toxapex, M|100/100
|-damage|p2a: Toxapex|88/100|[from] Stealth Rock
|move|p1a: Togekiss|Substitute|p1a: Togekiss
|-start|p1a: Togekiss|Substitute
|-damage|p1a: Togekiss|76/100
|
|-heal|p1a: Togekiss|82/100|[from] item: Leftovers
|upkeep
|turn|43
|
|-end|p1a: Togekiss|Substitute
|-start|p1a: Togekiss|Dynamax
|-heal|p1a: Togekiss|82/100|[silent]
|move|p1a: Togekiss|Max Airstream|p2a: Toxapex
|-damage|p2a: Toxapex|38/100
|-boost|p1a: Togekiss|spe|1
|move|p2a: Toxapex|Scald|p1a: Togekiss
|-damage|p1a: Togekiss|74/100
|
|-heal|p1a: Togekiss|77/100|[from] item: Leftovers
|upkeep
|turn|44
|
|switch|p2a: Quagsire|Quagsire, M, shiny|100/100
|-damage|p2a: Quagsire|94/100|[from] Stealth Rock
|move|p1a: Togekiss|Max Airstream|p2a: Quagsire
|-damage|p2a: Quagsire|20/100
|-boost|p1a: Togekiss|spe|1
|
|-heal|p1a: Togekiss|80/100|[from] item: Leftovers
|upkeep
|turn|45
|
|move|p1a: Togekiss|Max Starfall|p2a: Quagsire
|-damage|p2a: Quagsire|0 fnt
|-fieldstart|move: Misty Terrain
|faint|p2a: Quagsire
|
|-heal|p1a: Togekiss|83/100|[from] item: Leftovers
|-end|p1a: Togekiss|Dynamax
|-heal|p1a: Togekiss|83/100|[silent]
|upkeep
|
|switch|p2a: Tyranitar|Tyranitar, M|76/100
|-damage|p2a: Tyranitar|63/100|[from] Stealth Rock
|-weather|Sandstorm|[from] ability: Sand Stream|[of] p2a: Tyranitar
|turn|46
|
|move|p1a: Togekiss|Air Slash|p2a: Tyranitar
|-resisted|p2a: Tyranitar
|-damage|p2a: Tyranitar|56/100
|cant|p2a: Tyranitar|flinch
|
|-weather|Sandstorm|[upkeep]
|-damage|p1a: Togekiss|77/100|[from] Sandstorm
|-heal|p1a: Togekiss|83/100|[from] item: Leftovers
|upkeep
|turn|47
|
|move|p1a: Togekiss|Substitute|p1a: Togekiss
|-start|p1a: Togekiss|Substitute
|-damage|p1a: Togekiss|59/100
|move|p2a: Tyranitar|Snarl|p1a: Togekiss
|-resisted|p1a: Togekiss
|-damage|p1a: Togekiss|50/100
|-unboost|p1a: Togekiss|spa|1
|
|-weather|Sandstorm|[upkeep]
|-damage|p1a: Togekiss|44/100|[from] Sandstorm
|-heal|p1a: Togekiss|50/100|[from] item: Leftovers
|upkeep
|turn|48
|
|move|p1a: Togekiss|Air Slash|p2a: Tyranitar
|-resisted|p2a: Tyranitar
|-damage|p2a: Tyranitar|51/100
|move|p2a: Tyranitar|Snarl|p1a: Togekiss|[miss]
|-miss|p2a: Tyranitar|p1a: Togekiss
|
|-weather|Sandstorm|[upkeep]
|-damage|p1a: Togekiss|44/100|[from] Sandstorm
|-heal|p1a: Togekiss|50/100|[from] item: Leftovers
|upkeep
|turn|49
|
|move|p1a: Togekiss|Air Slash|p2a: Tyranitar
|-resisted|p2a: Tyranitar
|-damage|p2a: Tyranitar|46/100
|cant|p2a: Tyranitar|flinch
|
|-weather|Sandstorm|[upkeep]
|-damage|p1a: Togekiss|44/100|[from] Sandstorm
|-heal|p1a: Togekiss|50/100|[from] item: Leftovers
|-fieldend|Misty Terrain
|upkeep
|turn|50
|
|move|p1a: Togekiss|Dazzling Gleam|p2a: Tyranitar
|-supereffective|p2a: Tyranitar
|-damage|p2a: Tyranitar|24/100
|move|p2a: Tyranitar|Rest|p2a: Tyranitar
|-status|p2a: Tyranitar|slp|[from] move: Rest
|-heal|p2a: Tyranitar|100/100 slp|[silent]
|
|-weather|none
|-heal|p1a: Togekiss|56/100|[from] item: Leftovers
|upkeep
|turn|51
|
|switch|p2a: Corviknight|Corviknight, M|75/100
|-damage|p2a: Corviknight|63/100|[from] Stealth Rock
|-ability|p2a: Corviknight|Pressure
|move|p1a: Togekiss|Dazzling Gleam|p2a: Corviknight
|-resisted|p2a: Corviknight
|-damage|p2a: Corviknight|49/100
|
|-heal|p1a: Togekiss|62/100|[from] item: Leftovers
|upkeep
|turn|52
|
|move|p1a: Togekiss|Fire Blast|p2a: Corviknight
|-supereffective|p2a: Corviknight
|-damage|p2a: Corviknight|2/100
|move|p2a: Corviknight|Roost|p2a: Corviknight
|-heal|p2a: Corviknight|52/100
|-singleturn|p2a: Corviknight|move: Roost
|
|-heal|p1a: Togekiss|68/100|[from] item: Leftovers
|upkeep
|turn|53
|inactive|Chunkomucho has 120 seconds left.
|
|switch|p2a: Tyranitar|Tyranitar, M|100/100 slp
|-damage|p2a: Tyranitar|88/100 slp|[from] Stealth Rock
|-weather|Sandstorm|[from] ability: Sand Stream|[of] p2a: Tyranitar
|move|p1a: Togekiss|Fire Blast|p2a: Tyranitar
|-resisted|p2a: Tyranitar
|-damage|p2a: Tyranitar|83/100 slp
|
|-weather|Sandstorm|[upkeep]
|-damage|p1a: Togekiss|62/100|[from] Sandstorm
|-heal|p1a: Togekiss|68/100|[from] item: Leftovers
|upkeep
|turn|54
|inactive|Chunkomucho has 120 seconds left.
|
|switch|p2a: Corviknight|Corviknight, M|52/100
|-damage|p2a: Corviknight|39/100|[from] Stealth Rock
|-ability|p2a: Corviknight|Pressure
|move|p1a: Togekiss|Fire Blast|p2a: Corviknight
|-supereffective|p2a: Corviknight
|-damage|p2a: Corviknight|0 fnt
|faint|p2a: Corviknight
|
|-weather|Sandstorm|[upkeep]
|-damage|p1a: Togekiss|62/100|[from] Sandstorm
|-heal|p1a: Togekiss|68/100|[from] item: Leftovers
|upkeep
|
|switch|p2a: Toxapex|Toxapex, M|72/100
|-damage|p2a: Toxapex|59/100|[from] Stealth Rock
|turn|55
|
|move|p1a: Togekiss|Air Slash|p2a: Toxapex
|-damage|p2a: Toxapex|37/100
|move|p2a: Toxapex|Haze|p2a: Toxapex
|-clearallboost
|
|-weather|Sandstorm|[upkeep]
|-damage|p1a: Togekiss|62/100|[from] Sandstorm
|-damage|p2a: Toxapex|31/100|[from] Sandstorm
|-heal|p1a: Togekiss|68/100|[from] item: Leftovers
|upkeep
|turn|56
|
|switch|p2a: Tyranitar|Tyranitar, M|83/100 slp
|-damage|p2a: Tyranitar|71/100 slp|[from] Stealth Rock
|move|p1a: Togekiss|Air Slash|p2a: Tyranitar
|-resisted|p2a: Tyranitar
|-damage|p2a: Tyranitar|64/100 slp
|
|-weather|Sandstorm|[upkeep]
|-damage|p1a: Togekiss|62/100|[from] Sandstorm
|-heal|p1a: Togekiss|68/100|[from] item: Leftovers
|upkeep
|turn|57
|
|move|p1a: Togekiss|Dazzling Gleam|p2a: Tyranitar
|-supereffective|p2a: Tyranitar
|-damage|p2a: Tyranitar|32/100 slp
|cant|p2a: Tyranitar|slp
|
|-weather|none
|-heal|p1a: Togekiss|74/100|[from] item: Leftovers
|upkeep
|turn|58
|
|switch|p2a: Toxapex|Toxapex, M|64/100
|-damage|p2a: Toxapex|52/100|[from] Stealth Rock
|move|p1a: Togekiss|Dazzling Gleam|p2a: Toxapex
|-resisted|p2a: Toxapex
|-crit|p2a: Toxapex
|-damage|p2a: Toxapex|26/100
|
|-heal|p1a: Togekiss|80/100|[from] item: Leftovers
|upkeep
|turn|59
|
|switch|p2a: Tyranitar|Tyranitar, M|32/100 slp
|-damage|p2a: Tyranitar|20/100 slp|[from] Stealth Rock
|-weather|Sandstorm|[from] ability: Sand Stream|[of] p2a: Tyranitar
|move|p1a: Togekiss|Air Slash|p2a: Tyranitar
|-resisted|p2a: Tyranitar
|-damage|p2a: Tyranitar|13/100 slp
|
|-weather|Sandstorm|[upkeep]
|-damage|p1a: Togekiss|74/100|[from] Sandstorm
|-heal|p1a: Togekiss|80/100|[from] item: Leftovers
|upkeep
|turn|60
|
|move|p1a: Togekiss|Air Slash|p2a: Tyranitar
|-resisted|p2a: Tyranitar
|-damage|p2a: Tyranitar|5/100 slp
|cant|p2a: Tyranitar|slp
|
|-weather|Sandstorm|[upkeep]
|-damage|p1a: Togekiss|74/100|[from] Sandstorm
|-heal|p1a: Togekiss|80/100|[from] item: Leftovers
|upkeep
|turn|61
|
|move|p1a: Togekiss|Air Slash|p2a: Tyranitar
|-resisted|p2a: Tyranitar
|-damage|p2a: Tyranitar|0 fnt
|faint|p2a: Tyranitar
|
|-weather|Sandstorm|[upkeep]
|-damage|p1a: Togekiss|74/100|[from] Sandstorm
|-heal|p1a: Togekiss|80/100|[from] item: Leftovers
|upkeep
|
|switch|p2a: Zacian|Zacian-Crowned|76/100
|-damage|p2a: Zacian|70/100|[from] Stealth Rock
|-ability|p2a: Zacian|Intrepid Sword|boost
|-boost|p2a: Zacian|atk|1
|turn|62
|
|move|p2a: Zacian|Behemoth Blade|p1a: Togekiss
|-supereffective|p1a: Togekiss
|-end|p1a: Togekiss|Substitute
|move|p1a: Togekiss|Fire Blast|p2a: Zacian
|-supereffective|p2a: Zacian
|-damage|p2a: Zacian|8/100
|
|-weather|Sandstorm|[upkeep]
|-damage|p1a: Togekiss|74/100|[from] Sandstorm
|-heal|p1a: Togekiss|80/100|[from] item: Leftovers
|upkeep
|turn|63
|
|switch|p1a: Toxapex|Toxapex, F|100/100
|move|p2a: Zacian|Behemoth Blade|p1a: Toxapex
|-resisted|p1a: Toxapex
|-damage|p1a: Toxapex|73/100
|
|-weather|none
|-heal|p1a: Toxapex|79/100|[from] item: Black Sludge
|upkeep
|turn|64
|
|switch|p2a: Celestia|Gothitelle, F|39/100
|-damage|p2a: Celestia|26/100|[from] Stealth Rock
|switch|p1a: Gothitelle|Gothitelle, M|79/100
|
|-heal|p1a: Gothitelle|85/100|[from] item: Leftovers
|upkeep
|turn|65
|
|move|p2a: Celestia|Trick|p1a: Gothitelle
|-activate|p2a: Celestia|move: Trick|[of] p1a: Gothitelle
|-item|p1a: Gothitelle|Choice Specs|[from] move: Trick
|-item|p2a: Celestia|Leftovers|[from] move: Trick
|move|p1a: Gothitelle|Psychic|p2a: Celestia
|-resisted|p2a: Celestia
|-damage|p2a: Celestia|6/100
|
|-heal|p2a: Celestia|12/100|[from] item: Leftovers
|upkeep
|turn|66
|
|move|p2a: Celestia|Psychic|p1a: Gothitelle
|-resisted|p1a: Gothitelle
|-damage|p1a: Gothitelle|71/100
|move|p1a: Gothitelle|Psychic|p2a: Celestia
|-resisted|p2a: Celestia
|-damage|p2a: Celestia|0 fnt
|faint|p2a: Celestia
|
|upkeep
|c|☆Magikarp4000|(:
|c|☆Magikarp4000|wait
|c|☆Magikarp4000|wha
|c|☆Chunkomucho|Fuck off clown you got saved by dynamax
|-message|Chunkomucho forfeited.
|
|win|Magikarp4000
|l|☆Chunkomucho
|raw|Magikarp4000's rating: 1437 &rarr; <strong>1459</strong><br />(+22 for winning)
|raw|Chunkomucho's rating: 1478 &rarr; <strong>1455</strong><br />(-23 for losing)
|c|☆Magikarp4000|if u trick why specs not band
|c|☆Magikarp4000|lmao xdd
|c|☆Magikarp4000|ggwp lol
