|raw|<div class="broadcast-blue"><strong>This battle is required to be public due to a player having a name starting with 'ult9ns'.</div>
|j|☆ULT9NS TGA
|j|☆ULT9NS spitfire
|t:|1653406822
|gametype|singles
|player|p1|ULT9NS TGA|candice|1450
|player|p2|ULT9NS spitfire|unknown|1588
|teamsize|p1|6
|teamsize|p2|6
|gen|8
|tier|[Gen 8] Ubers
|rated|
|rule|Sleep Clause Mod: Limit one foe put to sleep
|rule|Species Clause: Limit one of each Pokémon
|rule|OHKO Clause: OHKO moves are banned
|rule|Evasion Moves Clause: Evasion moves are banned
|rule|Endless Battle Clause: Forcing endless battles is banned
|rule|HP Percentage Mod: HP is shown in percentages
|rule|Dynamax Clause: You cannot dynamax
|clearpoke
|poke|p1|Slurpuff, M|
|poke|p1|Weavile, M|
|poke|p1|Kyogre|
|poke|p1|Eternatus|
|poke|p1|Necrozma-Dusk-Mane|
|poke|p1|Zekrom|
|poke|p2|Mew|
|poke|p2|Marshadow|
|poke|p2|Xerneas-*|
|poke|p2|Eternatus|
|poke|p2|Necrozma-Dusk-Mane|
|poke|p2|Yveltal|
|teampreview
|c|☆ULT9NS spitfire|..
|j|%ironwater@!
|c|☆ULT9NS TGA|Acha
|c|☆ULT9NS TGA|Nice to meet you
|c|☆ULT9NS TGA|Sir
|
|t:|1653406842
|start
|switch|p1a: Slurpuff|Slurpuff, M|100/100
|switch|p2a: Mew|Mew|100/100
|turn|1
|
|t:|1653406849
|move|p2a: Mew|Magic Coat|p2a: Mew
|-singleturn|p2a: Mew|move: Magic Coat
|move|p1a: Slurpuff|Magic Coat|p1a: Slurpuff
|-singleturn|p1a: Slurpuff|move: Magic Coat
|
|upkeep
|turn|2
|j| Ult9ns bad luck
|
|t:|1653406852
|move|p2a: Mew|Magic Coat|p2a: Mew
|-singleturn|p2a: Mew|move: Magic Coat
|move|p1a: Slurpuff|Magic Coat|p1a: Slurpuff
|-singleturn|p1a: Slurpuff|move: Magic Coat
|
|upkeep
|turn|3
|
|t:|1653406857
|move|p2a: Mew|Magic Coat|p2a: Mew
|-singleturn|p2a: Mew|move: Magic Coat
|move|p1a: Slurpuff|Magic Coat|p1a: Slurpuff
|-singleturn|p1a: Slurpuff|move: Magic Coat
|
|upkeep
|turn|4
|
|t:|1653406860
|move|p2a: Mew|Magic Coat|p2a: Mew
|-singleturn|p2a: Mew|move: Magic Coat
|move|p1a: Slurpuff|Magic Coat|p1a: Slurpuff
|-singleturn|p1a: Slurpuff|move: Magic Coat
|
|upkeep
|turn|5
|
|t:|1653406863
|move|p2a: Mew|Magic Coat|p2a: Mew
|-singleturn|p2a: Mew|move: Magic Coat
|move|p1a: Slurpuff|Magic Coat|p1a: Slurpuff
|-singleturn|p1a: Slurpuff|move: Magic Coat
|
|upkeep
|turn|6
|j| ULT9NS MiNi
|
|t:|1653406867
|move|p2a: Mew|Magic Coat|p2a: Mew
|-singleturn|p2a: Mew|move: Magic Coat
|move|p1a: Slurpuff|Magic Coat|p1a: Slurpuff
|-singleturn|p1a: Slurpuff|move: Magic Coat
|
|upkeep
|turn|7
|
|t:|1653406871
|move|p2a: Mew|Magic Coat|p2a: Mew
|-singleturn|p2a: Mew|move: Magic Coat
|move|p1a: Slurpuff|Magic Coat|p1a: Slurpuff
|-singleturn|p1a: Slurpuff|move: Magic Coat
|
|upkeep
|turn|8
|
|t:|1653406875
|move|p1a: Slurpuff|Magic Coat|p1a: Slurpuff
|-singleturn|p1a: Slurpuff|move: Magic Coat
|move|p2a: Mew|Misty Explosion|p1a: Slurpuff
|-damage|p1a: Slurpuff|63/100
|faint|p2a: Mew
|
|upkeep
|
|t:|1653406883
|switch|p2a: Marshadow|Marshadow|100/100
|turn|9
|
|t:|1653406886
|move|p2a: Marshadow|Spectral Thief|p1a: Slurpuff
|-damage|p1a: Slurpuff|3/100
|-damage|p2a: Marshadow|91/100|[from] item: Life Orb
|move|p1a: Slurpuff|Misty Explosion|p2a: Marshadow
|-supereffective|p2a: Marshadow
|-damage|p2a: Marshadow|25/100
|faint|p1a: Slurpuff
|
|upkeep
|c|☆ULT9NS TGA|Weak ass
|c|☆ULT9NS spitfire|lol
|
|t:|1653406898
|switch|p1a: Weavile|Weavile, M|100/100
|-ability|p1a: Weavile|Pressure
|turn|10
|
|t:|1653406907
|move|p1a: Weavile|Ice Shard|p2a: Marshadow
|-damage|p2a: Marshadow|0 fnt
|faint|p2a: Marshadow
|
|upkeep
|
|t:|1653406914
|switch|p2a: Xerneas|Xerneas|100/100
|-ability|p2a: Xerneas|Fairy Aura
|turn|11
|
|t:|1653406922
|switch|p1a: Necrozma|Necrozma-Dusk-Mane|100/100
|move|p2a: Xerneas|Geomancy||[still]
|-prepare|p2a: Xerneas|Geomancy
|-enditem|p2a: Xerneas|Power Herb
|-anim|p2a: Xerneas|Geomancy|p2a: Xerneas
|-boost|p2a: Xerneas|spa|2
|-boost|p2a: Xerneas|spd|2
|-boost|p2a: Xerneas|spe|2
|
|upkeep
|turn|12
|
|t:|1653406925
|move|p2a: Xerneas|Substitute|p2a: Xerneas
|-start|p2a: Xerneas|Substitute
|-damage|p2a: Xerneas|76/100
|move|p1a: Necrozma|Sunsteel Strike|p2a: Xerneas
|-supereffective|p2a: Xerneas
|-end|p2a: Xerneas|Substitute
|
|upkeep
|turn|13
|
|t:|1653406932
|move|p2a: Xerneas|Moonblast|p1a: Necrozma
|-resisted|p1a: Necrozma
|-damage|p1a: Necrozma|35/100
|move|p1a: Necrozma|Sunsteel Strike|p2a: Xerneas
|-supereffective|p2a: Xerneas
|-damage|p2a: Xerneas|0 fnt
|faint|p2a: Xerneas
|
|upkeep
|
|t:|1653406939
|switch|p2a: Yveltal|Yveltal|100/100
|-ability|p2a: Yveltal|Dark Aura
|turn|14
|
|t:|1653406942
|move|p2a: Yveltal|Knock Off|p1a: Necrozma
|-supereffective|p1a: Necrozma
|-damage|p1a: Necrozma|0 fnt
|-enditem|p1a: Necrozma|Weakness Policy|[from] move: Knock Off|[of] p2a: Yveltal
|faint|p1a: Necrozma
|
|upkeep
|
|t:|1653406944
|switch|p1a: Weavile|Weavile, M|100/100
|-ability|p1a: Weavile|Pressure
|turn|15
|
|t:|1653406956
|switch|p2a: Necrozma|Necrozma-Dusk-Mane|100/100
|move|p1a: Weavile|Swords Dance|p1a: Weavile
|-boost|p1a: Weavile|atk|2
|
|upkeep
|turn|16
|
|t:|1653406960
|move|p1a: Weavile|Knock Off|p2a: Necrozma
|-supereffective|p2a: Necrozma
|-damage|p2a: Necrozma|0 fnt
|-enditem|p2a: Necrozma|Lum Berry|[from] move: Knock Off|[of] p1a: Weavile
|faint|p2a: Necrozma
|
|upkeep
|
|t:|1653406963
|switch|p2a: Eternatus|Eternatus|100/100
|-ability|p2a: Eternatus|Pressure
|turn|17
|
|t:|1653406967
|move|p2a: Eternatus|Flamethrower|p1a: Weavile
|-supereffective|p1a: Weavile
|-damage|p1a: Weavile|11/100
|move|p1a: Weavile|Triple Axel|p2a: Eternatus
|-supereffective|p2a: Eternatus
|-damage|p2a: Eternatus|63/100
|-supereffective|p2a: Eternatus
|-damage|p2a: Eternatus|0 fnt
|faint|p2a: Eternatus
|-hitcount|p2: Eternatus|2
|
|upkeep
|
|t:|1653406976
|switch|p2a: Yveltal|Yveltal|100/100
|-ability|p2a: Yveltal|Dark Aura
|turn|18
|
|t:|1653406979
|move|p1a: Weavile|Ice Shard|p2a: Yveltal
|-supereffective|p2a: Yveltal
|-damage|p2a: Yveltal|21/100
|move|p2a: Yveltal|Knock Off|p1a: Weavile
|-resisted|p1a: Weavile
|-damage|p1a: Weavile|0 fnt
|-enditem|p1a: Weavile|Wide Lens|[from] move: Knock Off|[of] p2a: Yveltal
|faint|p1a: Weavile
|
|upkeep
|
|t:|1653406982
|switch|p1a: Eternatus|Eternatus|100/100
|-ability|p1a: Eternatus|Pressure
|turn|19
|
|t:|1653406984
|move|p2a: Yveltal|Sucker Punch|p1a: Eternatus
|-damage|p1a: Eternatus|48/100
|move|p1a: Eternatus|Dynamax Cannon|p2a: Yveltal
|-damage|p2a: Yveltal|0 fnt
|faint|p2a: Yveltal
|-damage|p1a: Eternatus|38/100|[from] item: Life Orb
|
|win|ULT9NS TGA
|raw|ULT9NS TGA's rating: 1450 &rarr; <strong>1478</strong><br />(+28 for winning)
|raw|ULT9NS spitfire's rating: 1588 &rarr; <strong>1560</strong><br />(-28 for losing)
|c|☆ULT9NS spitfire|gg
|l| Ult9ns bad luck
|c|☆ULT9NS TGA|Gg
|l|☆ULT9NS spitfire
|l|%ironwater
|l|☆ULT9NS TGA
|j| ULT9NS Pichu
||Ladder isn't responding, score probably updated but might not have (Request timeout).
|l| ULT9NS MiNi
