|html|<div class="broadcast-blue"><strong>[Gen 8] Ubers is currently suspecting Shadow Tag! For information on how to participate check out the <a href="https://www.smogon.com/forums/threads/np-ss-ubers-stage-6-tag-youre-it.3679546/">suspect thread</a>.</strong></div>
|j|☆Indercover
|j|☆RIP_Player
|t:|1615675004
|player|p1|Indercover|silver|
|player|p2|RIP_Player|firebreather|
|teamsize|p1|6
|teamsize|p2|6
|gametype|singles
|gen|8
|tier|[Gen 8] Ubers
|rated|Tournament battle
|clearpoke
|poke|p1|Galvantula, M|
|poke|p1|Cloyster, M|
|poke|p1|Zacian|
|poke|p1|Necrozma-Dusk-Mane|
|poke|p1|Calyrex-Shadow|
|poke|p1|Yveltal|
|poke|p2|Calyrex-Shadow|
|poke|p2|Tapu Lele|
|poke|p2|Darmanitan-Galar, M|
|poke|p2|Giratina-Origin|
|poke|p2|Marshadow|
|poke|p2|Necrozma-Dusk-Mane|
|rule|Sleep Clause Mod: Limit one foe put to sleep
|rule|Species Clause: Limit one of each Pokémon
|rule|OHKO Clause: OHKO moves are banned
|rule|Evasion Moves Clause: Evasion moves are banned
|rule|Endless Battle Clause: Forcing endless battles is banned
|rule|HP Percentage Mod: HP is shown in percentages
|rule|Dynamax Clause: You cannot dynamax
|teampreview
|inactive|Battle timer is ON: inactive players will automatically lose when time's up. (requested by Indercover)
|inactive|RIP_Player also wants the timer to be on.
|j| Raph369
|
|t:|1615675010
|start
|switch|p1a: Last Spring|Galvantula, M|100/100
|switch|p2a: Necrozma|Necrozma-Dusk-Mane|100/100
|turn|1
|
|t:|1615675015
|move|p1a: Last Spring|Thunder Wave|p2a: Necrozma
|-status|p2a: Necrozma|par
|move|p2a: Necrozma|Stealth Rock|p1a: Last Spring
|-sidestart|p1: Indercover|move: Stealth Rock
|
|upkeep
|turn|2
|
|t:|1615675019
|move|p1a: Last Spring|Sticky Web|p2a: Necrozma
|-sidestart|p2: RIP_Player|move: Sticky Web
|move|p2a: Necrozma|Earthquake|p1a: Last Spring
|-damage|p1a: Last Spring|38/100
|
|upkeep
|turn|3
|
|t:|1615675025
|move|p1a: Last Spring|Thunder|p2a: Necrozma
|-damage|p2a: Necrozma|66/100 par
|move|p2a: Necrozma|Sunsteel Strike|p1a: Last Spring
|-resisted|p1a: Last Spring
|-damage|p1a: Last Spring|0 fnt
|faint|p1a: Last Spring
|
|-heal|p2a: Necrozma|72/100 par|[from] item: Leftovers
|upkeep
|
|t:|1615675030
|switch|p1a: I wanna cry|Cloyster, M|100/100
|-damage|p1a: I wanna cry|76/100|[from] Stealth Rock
|turn|4
|
|t:|1615675039
|switch|p2a: Giratina|Giratina-Origin|100/100
|move|p1a: I wanna cry|Rapid Spin|p2a: Giratina
|-immune|p2a: Giratina
|
|upkeep
|turn|5
|
|t:|1615675043
|move|p1a: I wanna cry|Shell Smash|p1a: I wanna cry
|-unboost|p1a: I wanna cry|def|1
|-unboost|p1a: I wanna cry|spd|1
|-boost|p1a: I wanna cry|atk|2
|-boost|p1a: I wanna cry|spa|2
|-boost|p1a: I wanna cry|spe|2
|move|p2a: Giratina|Defog|p1a: I wanna cry
|-unboost|p1a: I wanna cry|evasion|1
|-sideend|p1: Indercover|Stealth Rock|[from] move: Defog|[of] p2a: Giratina
|-sideend|p2: RIP_Player|Sticky Web|[from] move: Defog|[of] p2a: Giratina
|
|upkeep
|turn|6
|
|t:|1615675059
|switch|p2a: Tapu Lele|Tapu Lele|100/100
|-fieldstart|move: Psychic Terrain|[from] ability: Psychic Surge|[of] p2a: Tapu Lele
|move|p1a: I wanna cry|Icicle Spear|p2a: Tapu Lele
|-damage|p2a: Tapu Lele|68/100
|-damage|p2a: Tapu Lele|38/100
|-damage|p2a: Tapu Lele|5/100
|-damage|p2a: Tapu Lele|0 fnt
|-hitcount|p2a: Tapu Lele|4
|faint|p2a: Tapu Lele
|
|upkeep
|
|t:|1615675062
|switch|p2a: Marshadow|Marshadow|100/100
|turn|7
|j| tonton nykos
|
|t:|1615675073
|move|p1a: I wanna cry|Icicle Spear|p2a: Marshadow
|-damage|p2a: Marshadow|72/100
|-damage|p2a: Marshadow|47/100
|-damage|p2a: Marshadow|18/100
|-damage|p2a: Marshadow|0 fnt
|-hitcount|p2a: Marshadow|4
|faint|p2a: Marshadow
|
|upkeep
|c| Raph369|?
|
|t:|1615675079
|switch|p2a: Calyrex|Calyrex-Shadow|100/100
|-ability|p2a: Calyrex|As One
|-ability|p2a: Calyrex|Unnerve|p1: Indercover
|turn|8
|
|t:|1615675093
|move|p2a: Calyrex|Astral Barrage|p1a: I wanna cry
|-damage|p1a: I wanna cry|0 fnt
|faint|p1a: I wanna cry
|-ability|p2a: Calyrex|Grim Neigh|boost
|-boost|p2a: Calyrex|spa|1
|
|upkeep
|j| FearNeverDies
|
|t:|1615675106
|switch|p1a: I Know I'll Lose|Yveltal|100/100
|-ability|p1a: I Know I'll Lose|Dark Aura
|turn|9
|
|t:|1615675124
|move|p2a: Calyrex|Astral Barrage|p1a: I Know I'll Lose
|-resisted|p1a: I Know I'll Lose
|-damage|p1a: I Know I'll Lose|50/100
|move|p1a: I Know I'll Lose|Dark Pulse|p2a: Calyrex
|-supereffective|p2a: Calyrex
|-damage|p2a: Calyrex|0 fnt
|faint|p2a: Calyrex
|
|upkeep
|
|t:|1615675135
|switch|p2a: Darmanitan|Darmanitan-Galar, M|100/100
|turn|10
|
|t:|1615675140
|move|p2a: Darmanitan|Flare Blitz|p1a: I Know I'll Lose
|-damage|p1a: I Know I'll Lose|0 fnt
|-damage|p2a: Darmanitan|82/100|[from] Recoil
|faint|p1a: I Know I'll Lose
|
|upkeep
|
|t:|1615675146
|switch|p1a: Always win|Calyrex-Shadow|100/100
|-ability|p1a: Always win|As One
|-ability|p1a: Always win|Unnerve|p2: RIP_Player
|turn|11
|
|t:|1615675151
|move|p2a: Darmanitan|Flare Blitz|p1a: Always win
|-damage|p1a: Always win|20/100
|-damage|p2a: Darmanitan|57/100|[from] Recoil
|move|p1a: Always win|Astral Barrage|p2a: Darmanitan
|-damage|p2a: Darmanitan|0 fnt
|faint|p2a: Darmanitan
|-ability|p1a: Always win|Grim Neigh|boost
|-boost|p1a: Always win|spa|1
|
|upkeep
|
|t:|1615675154
|switch|p2a: Giratina|Giratina-Origin|100/100
|turn|12
|j| plasmisa
|
|t:|1615675157
|move|p1a: Always win|Astral Barrage|p2a: Giratina
|-supereffective|p2a: Giratina
|-damage|p2a: Giratina|0 fnt
|faint|p2a: Giratina
|-ability|p1a: Always win|Grim Neigh|boost
|-boost|p1a: Always win|spa|1
|
|upkeep
|-message|RIP_Player forfeited.
|
|win|Indercover
|n|☆Indercover|indercover
|n|☆RIP_Player|ripplayer
|n| Raph369|raph369
|n| tonton nykos|tontonnykos
|n| FearNeverDies|fearneverdies
|n| plasmisa|plasmisa
