|j|☆plat27
|j|☆King Billu
|t:|1654323104
|gametype|singles
|player|p1|plat27|#uberswcop2021|
|player|p2|King Billu|rood|
|teamsize|p1|6
|teamsize|p2|6
|gen|8
|tier|[Gen 8] Ubers
|rated|Tournament battle
|rule|Sleep Clause Mod: Limit one foe put to sleep
|rule|Species Clause: Limit one of each Pokémon
|rule|OHKO Clause: OHKO moves are banned
|rule|Evasion Moves Clause: Evasion moves are banned
|rule|Endless Battle Clause: Forcing endless battles is banned
|rule|HP Percentage Mod: HP is shown in percentages
|rule|Dynamax Clause: You cannot dynamax
|clearpoke
|poke|p1|Genesect|
|poke|p1|Yveltal|
|poke|p1|Ho-Oh|
|poke|p1|Kyogre|
|poke|p1|Marshadow|
|poke|p1|Zygarde|
|poke|p2|Scolipede, F|
|poke|p2|Zamazenta-*|
|poke|p2|Yveltal|
|poke|p2|Xerneas-*|
|poke|p2|Eternatus|
|poke|p2|Calyrex-Shadow|
|teampreview
|
|t:|1654323121
|start
|switch|p1a: Genesect|Genesect, shiny|100/100
|switch|p2a: Eternatus|Eternatus|100/100
|-ability|p1a: Genesect|Download|boost
|-boost|p1a: Genesect|spa|1
|-ability|p2a: Eternatus|Pressure
|turn|1
|c|☆King Billu|bl dhf
|c|☆plat27|sugma
|
|t:|1654323136
|move|p1a: Genesect|Ice Beam|p2a: Eternatus
|-supereffective|p2a: Eternatus
|-damage|p2a: Eternatus|35/100
|move|p2a: Eternatus|Flamethrower|p1a: Genesect
|-supereffective|p1a: Genesect
|-damage|p1a: Genesect|0 fnt
|faint|p1a: Genesect
|
|upkeep
|
|t:|1654323152
|switch|p1a: Kyogre|Kyogre|100/100
|-weather|RainDance|[from] ability: Drizzle|[of] p1a: Kyogre
|turn|2
|
|t:|1654323167
|switch|p2a: Scolipede|Scolipede, F|100/100
|move|p1a: Kyogre|Ice Beam|p2a: Scolipede
|-enditem|p2a: Scolipede|Focus Sash
|-damage|p2a: Scolipede|1/100
|
|-weather|RainDance|[upkeep]
|upkeep
|turn|3
|
|t:|1654323175
|switch|p1a: Marshadow|Marshadow|100/100
|move|p2a: Scolipede|Spikes|p1a: Marshadow
|-sidestart|p1: plat27|Spikes
|
|-weather|RainDance|[upkeep]
|-ability|p2a: Scolipede|Speed Boost|boost
|-boost|p2a: Scolipede|spe|1
|upkeep
|turn|4
|
|t:|1654323180
|move|p2a: Scolipede|Poison Jab|p1a: Marshadow
|-resisted|p1a: Marshadow
|-damage|p1a: Marshadow|79/100
|move|p1a: Marshadow|Bulk Up|p1a: Marshadow
|-boost|p1a: Marshadow|atk|1
|-boost|p1a: Marshadow|def|1
|
|-weather|RainDance|[upkeep]
|-ability|p2a: Scolipede|Speed Boost|boost
|-boost|p2a: Scolipede|spe|1
|upkeep
|turn|5
|
|t:|1654323189
|move|p2a: Scolipede|Poison Jab|p1a: Marshadow
|-resisted|p1a: Marshadow
|-damage|p1a: Marshadow|64/100
|move|p1a: Marshadow|Bulk Up|p1a: Marshadow
|-boost|p1a: Marshadow|atk|1
|-boost|p1a: Marshadow|def|1
|
|-weather|RainDance|[upkeep]
|-ability|p2a: Scolipede|Speed Boost|boost
|-boost|p2a: Scolipede|spe|1
|upkeep
|turn|6
|
|t:|1654323197
|move|p1a: Marshadow|Shadow Sneak|p2a: Scolipede
|-damage|p2a: Scolipede|0 fnt
|faint|p2a: Scolipede
|-damage|p1a: Marshadow|54/100|[from] item: Life Orb
|
|-weather|none
|upkeep
|j| TR Hurricane
|
|t:|1654323229
|switch|p2a: BIG BUNDA|Zamazenta-Crowned|100/100
|-ability|p2a: BIG BUNDA|Dauntless Shield|boost
|-boost|p2a: BIG BUNDA|def|1
|turn|7
|
|t:|1654323249
|switch|p2a: Xerneas|Xerneas|100/100
|-ability|p2a: Xerneas|Fairy Aura
|move|p1a: Marshadow|Close Combat|p2a: Xerneas
|-resisted|p2a: Xerneas
|-damage|p2a: Xerneas|32/100
|-unboost|p1a: Marshadow|def|1
|-unboost|p1a: Marshadow|spd|1
|-damage|p1a: Marshadow|44/100|[from] item: Life Orb
|
|upkeep
|turn|8
|
|t:|1654323257
|switch|p2a: Eternatus|Eternatus|35/100
|-ability|p2a: Eternatus|Pressure
|move|p1a: Marshadow|Shadow Sneak|p2a: Eternatus
|-damage|p2a: Eternatus|0 fnt
|faint|p2a: Eternatus
|-damage|p1a: Marshadow|34/100|[from] item: Life Orb
|
|upkeep
|
|t:|1654323264
|switch|p2a: BIG BUNDA|Zamazenta-Crowned|100/100
|-ability|p2a: BIG BUNDA|Dauntless Shield|boost
|-boost|p2a: BIG BUNDA|def|1
|turn|9
|
|t:|1654323271
|switch|p1a: Ho-Oh|Ho-Oh|100/100
|move|p2a: BIG BUNDA|Behemoth Bash|p1a: Ho-Oh
|-resisted|p1a: Ho-Oh
|-damage|p1a: Ho-Oh|83/100
|
|upkeep
|turn|10
|j|%shrang
|
|t:|1654323296
|switch|p2a: Xerneas|Xerneas|32/100
|-ability|p2a: Xerneas|Fairy Aura
|move|p1a: Ho-Oh|Thunder Wave|p2a: Xerneas
|-status|p2a: Xerneas|par
|
|upkeep
|turn|11
|
|t:|1654323340
|move|p1a: Ho-Oh|Brave Bird|p2a: Xerneas
|-damage|p2a: Xerneas|0 fnt
|faint|p2a: Xerneas
|-damage|p1a: Ho-Oh|73/100|[from] Recoil
|
|upkeep
|c|☆King Billu|cteamed
|
|t:|1654323354
|switch|p2a: Calyrex|Calyrex-Shadow|100/100
|-ability|p2a: Calyrex|As One
|-ability|p2a: Calyrex|Unnerve
|turn|12
|
|t:|1654323365
|move|p2a: Calyrex|Trick|p1a: Ho-Oh
|-activate|p2a: Calyrex|move: Trick|[of] p1a: Ho-Oh
|-item|p1a: Ho-Oh|Choice Scarf|[from] move: Trick
|-item|p2a: Calyrex|Heavy-Duty Boots|[from] move: Trick
|move|p1a: Ho-Oh|Thunder Wave|p2a: Calyrex
|-status|p2a: Calyrex|par
|
|upkeep
|turn|13
|
|t:|1654323371
|switch|p1a: Yveltal|Yveltal|100/100
|-ability|p1a: Yveltal|Dark Aura
|switch|p2a: BIG BUNDA|Zamazenta-Crowned|100/100
|-ability|p2a: BIG BUNDA|Dauntless Shield|boost
|-boost|p2a: BIG BUNDA|def|1
|
|upkeep
|turn|14
|
|t:|1654323377
|switch|p1a: Zygarde|Zygarde|100/100
|-damage|p1a: Zygarde|88/100|[from] Spikes
|move|p2a: BIG BUNDA|Howl|p2a: BIG BUNDA
|-boost|p2a: BIG BUNDA|atk|1
|
|-heal|p1a: Zygarde|94/100|[from] item: Leftovers
|upkeep
|turn|15
|l|%shrang
|
|t:|1654323418
|switch|p1a: Ho-Oh|Ho-Oh|100/100
|move|p2a: BIG BUNDA|Ice Fang|p1a: Ho-Oh
|-damage|p1a: Ho-Oh|79/100
|
|upkeep
|turn|16
|
|t:|1654323438
|move|p2a: BIG BUNDA|Close Combat|p1a: Ho-Oh
|-resisted|p1a: Ho-Oh
|-damage|p1a: Ho-Oh|47/100
|-unboost|p2a: BIG BUNDA|def|1
|-unboost|p2a: BIG BUNDA|spd|1
|move|p1a: Ho-Oh|Thunder Wave|p2a: BIG BUNDA
|-status|p2a: BIG BUNDA|par
|
|upkeep
|turn|17
|
|t:|1654323506
|switch|p1a: Marshadow|Marshadow|34/100
|-damage|p1a: Marshadow|22/100|[from] Spikes
|move|p2a: BIG BUNDA|Close Combat|p1a: Marshadow
|-immune|p1a: Marshadow
|
|upkeep
|turn|18
|c|☆plat27|read af
|
|t:|1654323522
|switch|p2a: Calyrex|Calyrex-Shadow|100/100 par
|-ability|p2a: Calyrex|As One
|-ability|p2a: Calyrex|Unnerve
|move|p1a: Marshadow|Spectral Thief|p2a: Calyrex
|-supereffective|p2a: Calyrex
|-damage|p2a: Calyrex|0 fnt
|faint|p2a: Calyrex
|-damage|p1a: Marshadow|12/100|[from] item: Life Orb
|
|upkeep
|
|t:|1654323525
|switch|p2a: Yveltal|Yveltal|100/100
|-ability|p2a: Yveltal|Dark Aura
|turn|19
|
|t:|1654323529
|move|p1a: Marshadow|Bulk Up|p1a: Marshadow
|-boost|p1a: Marshadow|atk|1
|-boost|p1a: Marshadow|def|1
|move|p2a: Yveltal|Knock Off|p1a: Marshadow
|-damage|p1a: Marshadow|0 fnt
|-enditem|p1a: Marshadow|Life Orb|[from] move: Knock Off|[of] p2a: Yveltal
|faint|p1a: Marshadow
|
|upkeep
|
|t:|1654323532
|switch|p1a: Ho-Oh|Ho-Oh|80/100
|turn|20
|
|t:|1654323541
|switch|p2a: BIG BUNDA|Zamazenta-Crowned|100/100 par
|-ability|p2a: BIG BUNDA|Dauntless Shield|boost
|-boost|p2a: BIG BUNDA|def|1
|move|p1a: Ho-Oh|Brave Bird|p2a: BIG BUNDA
|-damage|p2a: BIG BUNDA|75/100 par
|-damage|p1a: Ho-Oh|74/100|[from] Recoil
|
|upkeep
|turn|21
|
|t:|1654323546
|switch|p1a: Zygarde|Zygarde|94/100
|-damage|p1a: Zygarde|82/100|[from] Spikes
|switch|p2a: Yveltal|Yveltal|100/100
|-ability|p2a: Yveltal|Dark Aura
|
|-heal|p1a: Zygarde|88/100|[from] item: Leftovers
|upkeep
|turn|22
|
|t:|1654323554
|move|p2a: Yveltal|Taunt|p1a: Zygarde
|-start|p1a: Zygarde|move: Taunt
|cant|p1a: Zygarde|move: Taunt|Glare
|
|-heal|p1a: Zygarde|94/100|[from] item: Leftovers
|upkeep
|turn|23
|
|t:|1654323557
|move|p2a: Yveltal|Knock Off|p1a: Zygarde
|-damage|p1a: Zygarde|46/100
|-enditem|p1a: Zygarde|Leftovers|[from] move: Knock Off|[of] p2a: Yveltal
|move|p1a: Zygarde|Thousand Arrows|p2a: Yveltal
|-damage|p2a: Yveltal|65/100
|-start|p2a: Yveltal|Smack Down
|
|-activate|p1a: Zygarde|ability: Power Construct
|detailschange|p1a: Zygarde|Zygarde-Complete
|-heal|p1a: Zygarde|67/100|[silent]
|upkeep
|turn|24
|
|t:|1654323561
|move|p2a: Yveltal|Knock Off|p1a: Zygarde
|-damage|p1a: Zygarde|45/100
|move|p1a: Zygarde|Thousand Arrows|p2a: Yveltal
|-damage|p2a: Yveltal|32/100
|
|-end|p1a: Zygarde|move: Taunt
|upkeep
|turn|25
|
|t:|1654323567
|move|p2a: Yveltal|Knock Off|p1a: Zygarde
|-damage|p1a: Zygarde|25/100
|move|p1a: Zygarde|Thousand Arrows|p2a: Yveltal
|-damage|p2a: Yveltal|0 fnt
|faint|p2a: Yveltal
|
|upkeep
|
|t:|1654323570
|switch|p2a: BIG BUNDA|Zamazenta-Crowned|75/100 par
|-ability|p2a: BIG BUNDA|Dauntless Shield|boost
|-boost|p2a: BIG BUNDA|def|1
|turn|26
|j| Yoshizawa Kasumi
|c|☆King Billu|gg
|-message|King Billu forfeited.
|
|win|plat27
|n|☆plat27|plat27
|n|☆King Billu|kingbillu
|n| TR Hurricane|trhurricane
|n| Yoshizawa Kasumi|yoshizawakasumi
