|j|☆TogeBirlHQ
|j|☆Umbre test
|t:|1660405111
|gametype|singles
|player|p1|TogeBirlHQ|nate|1520
|player|p2|Umbre test|unknown|1478
|teamsize|p1|6
|teamsize|p2|6
|gen|8
|tier|[Gen 8] Ubers
|rated|
|rule|Sleep Clause Mod: Limit one foe put to sleep
|rule|Species Clause: Limit one of each Pokémon
|rule|OHKO Clause: OHKO moves are banned
|rule|Evasion Items Clause: Evasion items are banned
|rule|Evasion Moves Clause: Evasion moves are banned
|rule|Endless Battle Clause: Forcing endless battles is banned
|rule|HP Percentage Mod: HP is shown in percentages
|rule|Dynamax Clause: You cannot dynamax
|clearpoke
|poke|p1|Kyogre|
|poke|p1|Yveltal|
|poke|p1|Zygarde|
|poke|p1|Ho-Oh|
|poke|p1|Tyranitar, M|
|poke|p1|Eternatus|
|poke|p2|Yveltal|
|poke|p2|Darmanitan-Galar, F|
|poke|p2|Marshadow|
|poke|p2|Calyrex-Shadow|
|poke|p2|Necrozma-Dusk-Mane|
|poke|p2|Zygarde|
|teampreview
|
|t:|1660405122
|start
|switch|p1a: Yveltal|Yveltal|100/100
|switch|p2a: Darmanitan|Darmanitan-Galar, F|100/100
|-ability|p1a: Yveltal|Dark Aura
|turn|1
|
|t:|1660405131
|move|p1a: Yveltal|Sucker Punch|p2a: Darmanitan
|-damage|p2a: Darmanitan|0 fnt
|faint|p2a: Darmanitan
|
|upkeep
|
|t:|1660405138
|switch|p2a: Calyrex|Calyrex-Shadow|100/100
|-ability|p2a: Calyrex|As One
|-ability|p2a: Calyrex|Unnerve
|turn|2
|
|t:|1660405149
|switch|p1a: Ho-Oh|Ho-Oh|100/100
|move|p2a: Calyrex|Substitute|p2a: Calyrex
|-start|p2a: Calyrex|Substitute
|-damage|p2a: Calyrex|76/100
|
|-heal|p2a: Calyrex|82/100|[from] item: Leftovers
|upkeep
|turn|3
|
|t:|1660405157
|move|p2a: Calyrex|Astral Barrage|p1a: Ho-Oh
|-damage|p1a: Ho-Oh|63/100
|move|p1a: Ho-Oh|Whirlwind|p2a: Calyrex
|drag|p2a: Yveltal|Yveltal|100/100
|-ability|p2a: Yveltal|Dark Aura
|
|upkeep
|turn|4
|
|t:|1660405169
|switch|p1a: Eternatus|Eternatus|100/100
|-ability|p1a: Eternatus|Pressure
|move|p2a: Yveltal|Knock Off|p1a: Eternatus
|-damage|p1a: Eternatus|54/100
|-enditem|p1a: Eternatus|Black Sludge|[from] move: Knock Off|[of] p2a: Yveltal
|
|upkeep
|turn|5
|
|t:|1660405175
|move|p1a: Eternatus|Recover|p1a: Eternatus
|-heal|p1a: Eternatus|100/100
|move|p2a: Yveltal|U-turn|p1a: Eternatus
|-resisted|p1a: Eternatus
|-damage|p1a: Eternatus|92/100
|
|t:|1660405179
|switch|p2a: Necrozma|Necrozma-Dusk-Mane|100/100|[from]move: U-turn
|
|upkeep
|turn|6
|
|t:|1660405190
|switch|p1a: Ho-Oh|Ho-Oh|96/100
|move|p2a: Necrozma|Stealth Rock|p1a: Ho-Oh
|-sidestart|p1: TogeBirlHQ|move: Stealth Rock
|
|upkeep
|turn|7
|
|t:|1660405196
|move|p2a: Necrozma|Thunder Wave|p1a: Ho-Oh|[miss]
|-miss|p2a: Necrozma|p1a: Ho-Oh
|move|p1a: Ho-Oh|Sacred Fire|p2a: Necrozma
|-supereffective|p2a: Necrozma
|-damage|p2a: Necrozma|57/100
|-status|p2a: Necrozma|brn
|
|-heal|p2a: Necrozma|63/100 brn|[from] item: Leftovers
|-damage|p2a: Necrozma|57/100 brn|[from] brn
|upkeep
|turn|8
|
|t:|1660405207
|move|p2a: Necrozma|Thunder Wave|p1a: Ho-Oh
|-status|p1a: Ho-Oh|par
|cant|p1a: Ho-Oh|par
|
|-heal|p2a: Necrozma|63/100 brn|[from] item: Leftovers
|-damage|p2a: Necrozma|57/100 brn|[from] brn
|upkeep
|turn|9
|
|t:|1660405212
|switch|p2a: Yveltal|Yveltal|100/100
|-ability|p2a: Yveltal|Dark Aura
|move|p1a: Ho-Oh|Defog|p2a: Yveltal
|-unboost|p2a: Yveltal|evasion|1
|-sideend|p1: TogeBirlHQ|Stealth Rock|[from] move: Defog|[of] p1a: Ho-Oh
|
|upkeep
|turn|10
|
|t:|1660405218
|switch|p1a: Eternatus|Eternatus|92/100
|-ability|p1a: Eternatus|Pressure
|move|p2a: Yveltal|U-turn|p1a: Eternatus
|-resisted|p1a: Eternatus
|-damage|p1a: Eternatus|85/100
|
|t:|1660405224
|switch|p2a: Calyrex|Calyrex-Shadow|82/100|[from]move: U-turn
|-ability|p2a: Calyrex|As One
|-ability|p2a: Calyrex|Unnerve
|
|-heal|p2a: Calyrex|88/100|[from] item: Leftovers
|upkeep
|turn|11
|
|t:|1660405233
|move|p2a: Calyrex|Leech Seed|p1a: Eternatus
|-start|p1a: Eternatus|move: Leech Seed
|move|p1a: Eternatus|Mystical Fire|p2a: Calyrex
|-damage|p2a: Calyrex|62/100
|-unboost|p2a: Calyrex|spa|1
|
|-heal|p2a: Calyrex|68/100|[from] item: Leftovers
|-damage|p1a: Eternatus|73/100|[from] Leech Seed|[of] p2a: Calyrex
|-heal|p2a: Calyrex|87/100|[silent]
|upkeep
|turn|12
|
|t:|1660405239
|switch|p1a: Tyranitar|Tyranitar, M|100/100
|-weather|Sandstorm|[from] ability: Sand Stream|[of] p1a: Tyranitar
|move|p2a: Calyrex|Substitute|p2a: Calyrex
|-start|p2a: Calyrex|Substitute
|-damage|p2a: Calyrex|62/100
|
|-weather|Sandstorm|[upkeep]
|-damage|p2a: Calyrex|56/100|[from] Sandstorm
|-heal|p2a: Calyrex|62/100|[from] item: Leftovers
|upkeep
|turn|13
|
|t:|1660405246
|move|p2a: Calyrex|Leech Seed|p1a: Tyranitar|[miss]
|-miss|p2a: Calyrex|p1a: Tyranitar
|move|p1a: Tyranitar|Rock Blast|p2a: Calyrex
|-activate|p2a: Calyrex|move: Substitute|[damage]
|-end|p2a: Calyrex|Substitute
|-damage|p2a: Calyrex|48/100
|-hitcount|p2a: Calyrex|3
|
|-weather|Sandstorm|[upkeep]
|-damage|p2a: Calyrex|42/100|[from] Sandstorm
|-heal|p2a: Calyrex|48/100|[from] item: Leftovers
|upkeep
|turn|14
|
|t:|1660405252
|switch|p2a: Zygarde|Zygarde|100/100
|move|p1a: Tyranitar|Stealth Rock|p2a: Zygarde
|-sidestart|p2: Umbre test|move: Stealth Rock
|
|-weather|Sandstorm|[upkeep]
|upkeep
|turn|15
|
|t:|1660405256
|switch|p1a: Ho-Oh|Ho-Oh|100/100 par
|move|p2a: Zygarde|Substitute|p2a: Zygarde
|-start|p2a: Zygarde|Substitute
|-damage|p2a: Zygarde|76/100
|
|-weather|Sandstorm|[upkeep]
|-damage|p1a: Ho-Oh|94/100 par|[from] Sandstorm
|-heal|p2a: Zygarde|82/100|[from] item: Leftovers
|upkeep
|turn|16
|
|t:|1660405262
|move|p2a: Zygarde|Thousand Arrows|p1a: Ho-Oh
|-damage|p1a: Ho-Oh|74/100 par
|-start|p1a: Ho-Oh|Smack Down
|move|p1a: Ho-Oh|Whirlwind|p2a: Zygarde
|drag|p2a: Necrozma|Necrozma-Dusk-Mane|57/100 brn
|-damage|p2a: Necrozma|50/100 brn|[from] Stealth Rock
|
|-weather|none
|-heal|p2a: Necrozma|57/100 brn|[from] item: Leftovers
|-damage|p2a: Necrozma|50/100 brn|[from] brn
|upkeep
|turn|17
|-message|Umbre test forfeited.
|
|win|TogeBirlHQ
|raw|TogeBirlHQ's rating: 1520 &rarr; <strong>1538</strong><br />(+18 for winning)
|raw|Umbre test's rating: 1478 &rarr; <strong>1460</strong><br />(-18 for losing)
|l|☆Umbre test
