|j|☆tugrin
|j|‽Yveltalllllll
|player|p1|tugrin|102|1473
|player|p2|Yveltalllllll|lucas|1579
|teamsize|p1|6
|teamsize|p2|6
|gametype|singles
|gen|8
|tier|[Gen 8] Ubers
|rated|
|clearpoke
|poke|p1|Zacian-Crowned|
|poke|p1|Eternatus|
|poke|p1|Necrozma-Dusk-Mane|
|poke|p1|Marshadow|
|poke|p1|Kyurem-White|
|poke|p1|Ditto|
|poke|p2|Quagsire, M|
|poke|p2|Zacian-Crowned|
|poke|p2|Marshadow|
|poke|p2|Eternatus|
|poke|p2|Necrozma-Dusk-Mane|
|poke|p2|Lunala|
|rule|Sleep Clause Mod: Limit one foe put to sleep
|rule|Species Clause: Limit one of each Pokémon
|rule|OHKO Clause: OHKO moves are banned
|rule|Evasion Moves Clause: Evasion moves are banned
|rule|Endless Battle Clause: Forcing endless battles is banned
|rule|HP Percentage Mod: HP is shown in percentages
|teampreview
|inactive|Battle timer is ON: inactive players will automatically lose when time's up. (requested by Yveltalllllll)
|j| Shahvara
|
|start
|switch|p1a: Kyurem|Kyurem-White|100/100
|switch|p2a: Lunala|Lunala|100/100
|-ability|p1a: Kyurem|Turboblaze
|turn|1
|
|move|p2a: Lunala|Roost||[still]
|-fail|p2a: Lunala|heal
|move|p1a: Kyurem|Fusion Flare|p2a: Lunala
|-damage|p2a: Lunala|84/100
|-damage|p1a: Kyurem|91/100|[from] item: Life Orb
|
|upkeep
|turn|2
|
|switch|p1a: Ditto|Ditto|100/100
|-transform|p1a: Ditto|p2a: Lunala|[from] ability: Imposter
|move|p2a: Lunala|Roost|p2a: Lunala
|-heal|p2a: Lunala|100/100
|-singleturn|p2a: Lunala|move: Roost
|
|upkeep
|turn|3
|
|move|p1a: Ditto|Moongeist Beam|p2a: Lunala
|-supereffective|p2a: Lunala
|-damage|p2a: Lunala|48/100
|move|p2a: Lunala|Roost|p2a: Lunala
|-heal|p2a: Lunala|98/100
|-singleturn|p2a: Lunala|move: Roost
|
|upkeep
|turn|4
|
|switch|p1a: Marshadow|Marshadow|100/100
|switch|p2a: Eternatus|Eternatus|100/100
|-ability|p2a: Eternatus|Pressure
|
|upkeep
|turn|5
|
|move|p2a: Eternatus|Flamethrower|p1a: Marshadow
|-damage|p1a: Marshadow|52/100
|-status|p1a: Marshadow|brn
|-damage|p2a: Eternatus|91/100|[from] item: Life Orb
|move|p1a: Marshadow|Rock Tomb|p2a: Eternatus
|-damage|p2a: Eternatus|78/100
|-unboost|p2a: Eternatus|spe|1
|
|-damage|p1a: Marshadow|45/100 brn|[from] brn
|upkeep
|turn|6
|
|move|p1a: Marshadow|Spectral Thief|p2a: Eternatus
|-damage|p2a: Eternatus|59/100
|move|p2a: Eternatus|Dynamax Cannon|p1a: Marshadow
|-damage|p1a: Marshadow|0 fnt
|-damage|p2a: Eternatus|49/100|[from] item: Life Orb
|faint|p1a: Marshadow
|
|upkeep
|
|switch|p1a: Eternatus|Eternatus|100/100
|-ability|p1a: Eternatus|Pressure
|turn|7
|
|switch|p2a: Necrozma|Necrozma-Dusk-Mane|100/100
|move|p1a: Eternatus|Dynamax Cannon|p2a: Necrozma
|-resisted|p2a: Necrozma
|-damage|p2a: Necrozma|77/100
|
|-heal|p2a: Necrozma|83/100|[from] item: Leftovers
|upkeep
|turn|8
|
|move|p1a: Eternatus|Flamethrower|p2a: Necrozma
|-supereffective|p2a: Necrozma
|-damage|p2a: Necrozma|43/100
|move|p2a: Necrozma|Thunder Wave|p1a: Eternatus
|-status|p1a: Eternatus|par
|
|-heal|p2a: Necrozma|49/100|[from] item: Leftovers
|upkeep
|turn|9
|
|move|p2a: Necrozma|Moonlight|p2a: Necrozma
|-heal|p2a: Necrozma|99/100
|move|p1a: Eternatus|Flamethrower|p2a: Necrozma
|-supereffective|p2a: Necrozma
|-damage|p2a: Necrozma|59/100
|
|-heal|p2a: Necrozma|65/100|[from] item: Leftovers
|upkeep
|turn|10
|
|switch|p2a: Eternatus|Eternatus|49/100
|-ability|p2a: Eternatus|Pressure
|cant|p1a: Eternatus|par
|
|upkeep
|turn|11
|
|move|p2a: Eternatus|Dynamax Cannon|p1a: Eternatus
|-supereffective|p1a: Eternatus
|-damage|p1a: Eternatus|0 fnt
|-damage|p2a: Eternatus|39/100|[from] item: Life Orb
|faint|p1a: Eternatus
|
|upkeep
|
|switch|p1a: Necrozma|Necrozma-Dusk-Mane|100/100
|turn|12
|
|move|p2a: Eternatus|Recover|p2a: Eternatus
|-heal|p2a: Eternatus|89/100
|move|p1a: Necrozma|Dragon Dance|p1a: Necrozma
|-boost|p1a: Necrozma|atk|1
|-boost|p1a: Necrozma|spe|1
|
|upkeep
|turn|13
|
|switch|p2a: Quagsire|Quagsire, M|100/100
|-start|p1a: Necrozma|Dynamax
|-heal|p1a: Necrozma|100/100|[silent]
|move|p1a: Necrozma|Max Quake|p2a: Quagsire
|-damage|p2a: Quagsire|62/100
|-boost|p1a: Necrozma|spd|1
|
|-heal|p2a: Quagsire|68/100|[from] item: Leftovers
|upkeep
|turn|14
|
|switch|p2a: Lunala|Lunala|98/100
|move|p1a: Necrozma|Max Quake|p2a: Lunala
|-damage|p2a: Lunala|32/100
|-boost|p1a: Necrozma|spd|1
|
|upkeep
|turn|15
|
|move|p1a: Necrozma|Max Mindstorm|p2a: Lunala
|-resisted|p2a: Lunala
|-damage|p2a: Lunala|0 fnt
|-fieldstart|move: Psychic Terrain
|faint|p2a: Lunala
|
|-end|p1a: Necrozma|Dynamax
|-heal|p1a: Necrozma|100/100|[silent]
|upkeep
|
|switch|p2a: Marshadow|Marshadow|100/100
|turn|16
|
|move|p2a: Marshadow|Spectral Thief||[still]
|-clearpositiveboost|p1a: Necrozma|p2a: Marshadow|move: Spectral Thief
|-boost|p2a: Marshadow|atk|1
|-boost|p2a: Marshadow|spd|2
|-boost|p2a: Marshadow|spe|1
|-anim|p2a: Marshadow|Spectral Thief|p1a: Necrozma
|-supereffective|p1a: Necrozma
|-damage|p1a: Necrozma|15/100
|-enditem|p1a: Necrozma|Weakness Policy
|-boost|p1a: Necrozma|atk|2|[from] item: Weakness Policy
|-boost|p1a: Necrozma|spa|2|[from] item: Weakness Policy
|move|p1a: Necrozma|Psychic Fangs|p2a: Marshadow
|-supereffective|p2a: Marshadow
|-enditem|p2a: Marshadow|Focus Sash
|-damage|p2a: Marshadow|1/100
|
|upkeep
|turn|17
|
|move|p2a: Marshadow|Spectral Thief||[still]
|-clearpositiveboost|p1a: Necrozma|p2a: Marshadow|move: Spectral Thief
|-boost|p2a: Marshadow|atk|2
|-boost|p2a: Marshadow|spa|2
|-anim|p2a: Marshadow|Spectral Thief|p1a: Necrozma
|-supereffective|p1a: Necrozma
|-damage|p1a: Necrozma|0 fnt
|faint|p1a: Necrozma
|
|upkeep
|
|switch|p1a: Ditto|Ditto|100/100
|-transform|p1a: Ditto|p2a: Marshadow|[from] ability: Imposter
|turn|18
|
|move|p1a: Ditto|Spectral Thief||[still]
|-clearpositiveboost|p2a: Marshadow|p1a: Ditto|move: Spectral Thief
|-boost|p1a: Ditto|atk|3
|-boost|p1a: Ditto|spa|2
|-boost|p1a: Ditto|spd|2
|-boost|p1a: Ditto|spe|1
|-anim|p1a: Ditto|Spectral Thief|p2a: Marshadow
|-supereffective|p2a: Marshadow
|-damage|p2a: Marshadow|0 fnt
|faint|p2a: Marshadow
|
|upkeep
|
|switch|p2a: Quagsire|Quagsire, M|68/100
|turn|19
|
|move|p1a: Ditto|Spectral Thief|p2a: Quagsire
|-damage|p2a: Quagsire|39/100
|move|p2a: Quagsire|Recover|p2a: Quagsire
|-heal|p2a: Quagsire|89/100
|
|-heal|p2a: Quagsire|95/100|[from] item: Leftovers
|-fieldend|move: Psychic Terrain
|upkeep
|turn|20
|
|switch|p1a: Kyurem|Kyurem-White|91/100
|-ability|p1a: Kyurem|Turboblaze
|move|p2a: Quagsire|Toxic|p1a: Kyurem
|-status|p1a: Kyurem|tox
|
|-heal|p2a: Quagsire|100/100|[from] item: Leftovers
|-damage|p1a: Kyurem|84/100 tox|[from] psn
|upkeep
|turn|21
|
|switch|p2a: Necrozma|Necrozma-Dusk-Mane|65/100
|move|p1a: Kyurem|Fusion Flare|p2a: Necrozma
|-supereffective|p2a: Necrozma
|-damage|p2a: Necrozma|1/100
|-damage|p1a: Kyurem|75/100 tox|[from] item: Life Orb
|
|-heal|p2a: Necrozma|7/100|[from] item: Leftovers
|-damage|p1a: Kyurem|62/100 tox|[from] psn
|upkeep
|turn|22
|
|move|p1a: Kyurem|Fusion Flare|p2a: Necrozma
|-supereffective|p2a: Necrozma
|-damage|p2a: Necrozma|0 fnt
|-damage|p1a: Kyurem|52/100 tox|[from] item: Life Orb
|faint|p2a: Necrozma
|
|-damage|p1a: Kyurem|34/100 tox|[from] psn
|upkeep
|
|switch|p2a: Zacian|Zacian-Crowned|100/100
|-ability|p2a: Zacian|Intrepid Sword|boost
|-boost|p2a: Zacian|atk|1
|turn|23
|
|move|p2a: Zacian|Behemoth Blade|p1a: Kyurem
|-supereffective|p1a: Kyurem
|-damage|p1a: Kyurem|0 fnt
|faint|p1a: Kyurem
|
|upkeep
|
|switch|p1a: Ditto|Ditto|100/100
|-transform|p1a: Ditto|p2a: Zacian|[from] ability: Imposter
|-ability|p1a: Ditto|Intrepid Sword|boost
|-boost|p1a: Ditto|atk|1
|turn|24
|
|move|p1a: Ditto|Behemoth Blade|p2a: Zacian
|-damage|p2a: Zacian|0 fnt
|faint|p2a: Zacian
|
|upkeep
|
|switch|p2a: Quagsire|Quagsire, M|100/100
|turn|25
|
|move|p1a: Ditto|Behemoth Blade|p2a: Quagsire
|-resisted|p2a: Quagsire
|-damage|p2a: Quagsire|78/100
|move|p2a: Quagsire|Earthquake|p1a: Ditto
|-supereffective|p1a: Ditto
|-damage|p1a: Ditto|34/100
|
|-heal|p2a: Quagsire|84/100|[from] item: Leftovers
|upkeep
|turn|26
|
|move|p1a: Ditto|Behemoth Blade|p2a: Quagsire
|-resisted|p2a: Quagsire
|-damage|p2a: Quagsire|62/100
|move|p2a: Quagsire|Recover|p2a: Quagsire
|-heal|p2a: Quagsire|100/100
|
|upkeep
|turn|27
|
|move|p1a: Ditto|Behemoth Blade|p2a: Quagsire
|-resisted|p2a: Quagsire
|-damage|p2a: Quagsire|79/100
|move|p2a: Quagsire|Earthquake|p1a: Ditto
|-supereffective|p1a: Ditto
|-damage|p1a: Ditto|0 fnt
|faint|p1a: Ditto
|
|-heal|p2a: Quagsire|85/100|[from] item: Leftovers
|upkeep
|
|switch|p1a: Zacian|Zacian-Crowned|100/100
|-ability|p1a: Zacian|Intrepid Sword|boost
|-boost|p1a: Zacian|atk|1
|turn|28
|
|move|p1a: Zacian|Psychic Fangs|p2a: Quagsire
|-damage|p2a: Quagsire|61/100
|move|p2a: Quagsire|Recover|p2a: Quagsire
|-heal|p2a: Quagsire|100/100
|
|upkeep
|turn|29
|
|-start|p2a: Quagsire|Dynamax
|-heal|p2a: Quagsire|100/100|[silent]
|move|p1a: Zacian|Psychic Fangs|p2a: Quagsire
|-damage|p2a: Quagsire|88/100
|move|p2a: Quagsire|Max Quake|p1a: Zacian
|-supereffective|p1a: Zacian
|-damage|p1a: Zacian|26/100
|-boost|p2a: Quagsire|spd|1
|
|-heal|p2a: Quagsire|91/100|[from] item: Leftovers
|upkeep
|turn|30
|
|move|p1a: Zacian|Psychic Fangs|p2a: Quagsire
|-crit|p2a: Quagsire
|-damage|p2a: Quagsire|72/100
|move|p2a: Quagsire|Max Quake|p1a: Zacian
|-supereffective|p1a: Zacian
|-damage|p1a: Zacian|0 fnt
|-boost|p2a: Quagsire|spd|1
|faint|p1a: Zacian
|
|win|Yveltalllllll
|l|☆tugrin
|l|‽Yveltalllllll
||Ladder (probably) updated, but score could not be retrieved (Response not received).
