|raw|<div class="broadcast-blue"><strong>This battle is required to be public due to a player having a name starting with 'ult4pdr'.</div>
|j|☆ULT4PDR Be spoiled
|j|☆crotteglace
|t:|1654443785
|gametype|singles
|player|p1|ULT4PDR Be spoiled|cynthia|1671
|player|p2|crotteglace|lucas|1541
|teamsize|p1|6
|teamsize|p2|6
|gen|8
|tier|[Gen 8] Ubers
|rated|
|rule|Sleep Clause Mod: Limit one foe put to sleep
|rule|Species Clause: Limit one of each Pokémon
|rule|OHKO Clause: OHKO moves are banned
|rule|Evasion Moves Clause: Evasion moves are banned
|rule|Endless Battle Clause: Forcing endless battles is banned
|rule|HP Percentage Mod: HP is shown in percentages
|rule|Dynamax Clause: You cannot dynamax
|clearpoke
|poke|p1|Zekrom|
|poke|p1|Necrozma-Dusk-Mane|
|poke|p1|Yveltal|
|poke|p1|Eternatus|
|poke|p1|Lunala|
|poke|p1|Kyogre|
|poke|p2|Zamazenta-*|
|poke|p2|Necrozma-Dusk-Mane|
|poke|p2|Yveltal|
|poke|p2|Marshadow|
|poke|p2|Calyrex-Shadow|
|poke|p2|Kyogre|
|teampreview
|inactive|Battle timer is ON: inactive players will automatically lose when time's up. (requested by ULT4PDR Be spoiled)
|
|t:|1654443802
|start
|switch|p1a: Zekrom|Zekrom|100/100
|switch|p2a: Yveltal|Yveltal|100/100
|-ability|p2a: Yveltal|Dark Aura
|-ability|p1a: Zekrom|Teravolt
|turn|1
|c|☆ULT4PDR Be spoiled|hf
|
|t:|1654443808
|move|p2a: Yveltal|Knock Off|p1a: Zekrom
|-damage|p1a: Zekrom|30/100
|-enditem|p1a: Zekrom|Haban Berry|[from] move: Knock Off|[of] p2a: Yveltal
|-damage|p2a: Yveltal|91/100|[from] item: Life Orb
|move|p1a: Zekrom|Bolt Strike|p2a: Yveltal
|-supereffective|p2a: Yveltal
|-damage|p2a: Yveltal|0 fnt
|faint|p2a: Yveltal
|
|upkeep
|
|t:|1654443816
|switch|p2a: Marshadow|Marshadow|100/100
|turn|2
|
|t:|1654443820
|switch|p1a: Eternatus|Eternatus|100/100
|-ability|p1a: Eternatus|Pressure
|move|p2a: Marshadow|Bulk Up|p2a: Marshadow
|-boost|p2a: Marshadow|atk|1
|-boost|p2a: Marshadow|def|1
|
|upkeep
|turn|3
|
|t:|1654443823
|move|p2a: Marshadow|Spectral Thief|p1a: Eternatus
|-damage|p1a: Eternatus|28/100
|-damage|p2a: Marshadow|91/100|[from] item: Life Orb
|move|p1a: Eternatus|Dynamax Cannon|p2a: Marshadow
|-crit|p2a: Marshadow
|-damage|p2a: Marshadow|13/100
|
|upkeep
|turn|4
|
|t:|1654443835
|switch|p1a: Necrozma|Necrozma-Dusk-Mane|100/100
|move|p2a: Marshadow|Low Kick|p1a: Necrozma
|-damage|p1a: Necrozma|12/100
|-damage|p2a: Marshadow|3/100|[from] item: Life Orb
|
|-heal|p1a: Necrozma|18/100|[from] item: Leftovers
|upkeep
|turn|5
|
|t:|1654443838
|move|p2a: Marshadow|Low Kick|p1a: Necrozma
|-damage|p1a: Necrozma|0 fnt
|faint|p1a: Necrozma
|-damage|p2a: Marshadow|0 fnt|[from] item: Life Orb
|faint|p2a: Marshadow
|
|upkeep
|j| ULT4PDR 周杰伦Jay
|
|t:|1654443846
|switch|p2a: Calyrex|Calyrex-Shadow|100/100
|switch|p1a: Eternatus|Eternatus|28/100
|-ability|p2a: Calyrex|As One
|-ability|p2a: Calyrex|Unnerve
|-ability|p1a: Eternatus|Pressure
|turn|6
|
|t:|1654443849
|switch|p2a: Zamazenta|Zamazenta-Crowned|100/100
|-ability|p2a: Zamazenta|Dauntless Shield|boost
|-boost|p2a: Zamazenta|def|1
|switch|p1a: Yveltal|Yveltal|100/100
|-ability|p1a: Yveltal|Dark Aura
|
|upkeep
|turn|7
|
|t:|1654443854
|switch|p1a: Lunala|Lunala|100/100
|move|p2a: Zamazenta|Howl|p2a: Zamazenta
|-boost|p2a: Zamazenta|atk|1
|
|upkeep
|turn|8
|
|t:|1654443857
|move|p2a: Zamazenta|Substitute|p2a: Zamazenta
|-start|p2a: Zamazenta|Substitute
|-damage|p2a: Zamazenta|76/100
|move|p1a: Lunala|Will-O-Wisp||[still]
|-fail|p1a: Lunala
|
|upkeep
|turn|9
|
|t:|1654443859
|move|p2a: Zamazenta|Behemoth Bash|p1a: Lunala
|-damage|p1a: Lunala|71/100
|move|p1a: Lunala|Hex|p2a: Zamazenta
|-activate|p2a: Zamazenta|move: Substitute|[damage]
|
|upkeep
|turn|10
|
|t:|1654443861
|move|p2a: Zamazenta|Behemoth Bash|p1a: Lunala
|-damage|p1a: Lunala|13/100
|move|p1a: Lunala|Hex|p2a: Zamazenta
|-end|p2a: Zamazenta|Substitute
|
|upkeep
|turn|11
|
|t:|1654443867
|switch|p1a: Eternatus|Eternatus|28/100
|-ability|p1a: Eternatus|Pressure
|move|p2a: Zamazenta|Substitute|p2a: Zamazenta
|-start|p2a: Zamazenta|Substitute
|-damage|p2a: Zamazenta|51/100
|
|upkeep
|turn|12
|
|t:|1654443870
|move|p2a: Zamazenta|Behemoth Bash|p1a: Eternatus
|-damage|p1a: Eternatus|0 fnt
|faint|p1a: Eternatus
|
|upkeep
|
|t:|1654443873
|switch|p1a: Kyogre|Kyogre|100/100
|-weather|RainDance|[from] ability: Drizzle|[of] p1a: Kyogre
|turn|13
|
|t:|1654443876
|move|p2a: Zamazenta|Close Combat|p1a: Kyogre
|-damage|p1a: Kyogre|4/100
|-unboost|p2a: Zamazenta|def|1
|-unboost|p2a: Zamazenta|spd|1
|move|p1a: Kyogre|Origin Pulse|p2a: Zamazenta
|-end|p2a: Zamazenta|Substitute
|
|-weather|RainDance|[upkeep]
|upkeep
|turn|14
|
|t:|1654443879
|move|p2a: Zamazenta|Close Combat|p1a: Kyogre
|-damage|p1a: Kyogre|0 fnt
|-unboost|p2a: Zamazenta|def|1
|-unboost|p2a: Zamazenta|spd|1
|faint|p1a: Kyogre
|
|-weather|RainDance|[upkeep]
|upkeep
|
|t:|1654443884
|switch|p1a: Yveltal|Yveltal|100/100
|-ability|p1a: Yveltal|Dark Aura
|turn|15
|
|t:|1654443888
|move|p2a: Zamazenta|Close Combat|p1a: Yveltal
|-damage|p1a: Yveltal|14/100
|-unboost|p2a: Zamazenta|def|1
|-unboost|p2a: Zamazenta|spd|1
|move|p1a: Yveltal|Foul Play|p2a: Zamazenta
|-resisted|p2a: Zamazenta
|-damage|p2a: Zamazenta|0 fnt
|faint|p2a: Zamazenta
|
|-weather|RainDance|[upkeep]
|upkeep
|
|t:|1654443890
|switch|p2a: Calyrex|Calyrex-Shadow|100/100
|-ability|p2a: Calyrex|As One
|-ability|p2a: Calyrex|Unnerve
|turn|16
|c|☆crotteglace|gg
|
|t:|1654443893
|move|p1a: Yveltal|Sucker Punch|p2a: Calyrex
|-supereffective|p2a: Calyrex
|-enditem|p2a: Calyrex|Focus Sash
|-damage|p2a: Calyrex|1/100
|move|p2a: Calyrex|Astral Barrage|p1a: Yveltal
|-resisted|p1a: Yveltal
|-damage|p1a: Yveltal|0 fnt
|faint|p1a: Yveltal
|-ability|p2a: Calyrex|Grim Neigh|boost
|-boost|p2a: Calyrex|spa|1
|
|-weather|RainDance|[upkeep]
|upkeep
|
|t:|1654443896
|switch|p1a: Zekrom|Zekrom|30/100
|-ability|p1a: Zekrom|Teravolt
|turn|17
|
|t:|1654443898
|move|p2a: Calyrex|Astral Barrage|p1a: Zekrom
|-damage|p1a: Zekrom|0 fnt
|faint|p1a: Zekrom
|-ability|p2a: Calyrex|Grim Neigh|boost
|-boost|p2a: Calyrex|spa|1
|
|-weather|none
|upkeep
|
|t:|1654443900
|switch|p1a: Lunala|Lunala|13/100
|turn|18
|-message|ULT4PDR Be spoiled forfeited.
|
|win|crotteglace
|raw|ULT4PDR Be spoiled's rating: 1671 &rarr; <strong>1644</strong><br />(-27 for losing)
|raw|crotteglace's rating: 1541 &rarr; <strong>1568</strong><br />(+27 for winning)
|l|☆ULT4PDR Be spoiled
|c|☆crotteglace|gg
|c|☆crotteglace|u wont qualify
||Ladder isn't responding, score probably updated but might not have (Request timeout).
