|j|☆HTezcat04
|j|☆Pomerodense
|player|p1|HTezcat04|grimsley|1499
|player|p2|Pomerodense|silver|1522
|teamsize|p1|6
|teamsize|p2|6
|gametype|singles
|gen|8
|tier|[Gen 8] Ubers
|rated|
|clearpoke
|poke|p1|Necrozma-Dusk-Mane|
|poke|p1|Marshadow|
|poke|p1|Zekrom|
|poke|p1|Ditto|
|poke|p1|Zacian-Crowned|
|poke|p1|Tyranitar, F|
|poke|p2|Zacian-Crowned|
|poke|p2|Torkoal, F|
|poke|p2|Charizard, M|
|poke|p2|Eternatus|
|poke|p2|Ditto|
|poke|p2|Reshiram|
|rule|Sleep Clause Mod: Limit one foe put to sleep
|rule|Species Clause: Limit one of each Pokémon
|rule|OHKO Clause: OHKO moves are banned
|rule|Evasion Moves Clause: Evasion moves are banned
|rule|Endless Battle Clause: Forcing endless battles is banned
|rule|HP Percentage Mod: HP is shown in percentages
|html|Ubers Dynamax Clause: Pokémon on the <a href="https://www.smogon.com/dex/ss/formats/uber/">Ubers Dynamax Banlist</a> cannot Dynamax.
|teampreview
|inactive|Battle timer is ON: inactive players will automatically lose when time's up. (requested by Pomerodense)
|
|start
|switch|p1a: Manolo Pérez|Tyranitar, F|100/100
|switch|p2a: Zacian|Zacian-Crowned|100/100
|-ability|p2a: Zacian|Intrepid Sword|boost
|-boost|p2a: Zacian|atk|1
|-weather|Sandstorm|[from] ability: Sand Stream|[of] p1a: Manolo Pérez
|turn|1
|
|switch|p1a: Juan Ramírez|Necrozma-Dusk-Mane|100/100
|move|p2a: Zacian|Close Combat|p1a: Juan Ramírez
|-damage|p1a: Juan Ramírez|62/100
|-unboost|p2a: Zacian|def|1
|-unboost|p2a: Zacian|spd|1
|
|-weather|Sandstorm|[upkeep]
|upkeep
|turn|2
|
|move|p2a: Zacian|Crunch|p1a: Juan Ramírez
|-supereffective|p1a: Juan Ramírez
|-damage|p1a: Juan Ramírez|19/100
|-enditem|p1a: Juan Ramírez|Weakness Policy
|-boost|p1a: Juan Ramírez|atk|2|[from] item: Weakness Policy
|-boost|p1a: Juan Ramírez|spa|2|[from] item: Weakness Policy
|-unboost|p1a: Juan Ramírez|def|1
|move|p1a: Juan Ramírez|Moonlight|p1a: Juan Ramírez
|-heal|p1a: Juan Ramírez|44/100
|
|-weather|Sandstorm|[upkeep]
|upkeep
|turn|3
|
|switch|p1a: Javier Sarda|Marshadow|100/100
|move|p2a: Zacian|Crunch|p1a: Javier Sarda
|-damage|p1a: Javier Sarda|32/100
|
|-weather|Sandstorm|[upkeep]
|-damage|p1a: Javier Sarda|26/100|[from] Sandstorm
|upkeep
|turn|4
|c|☆HTezcat04|missclick f
|
|switch|p2a: Torkoal|Torkoal, F|100/100
|-weather|SunnyDay|[from] ability: Drought|[of] p2a: Torkoal
|move|p1a: Javier Sarda|Shadow Sneak|p2a: Torkoal
|-damage|p2a: Torkoal|75/100
|-damage|p1a: Javier Sarda|16/100|[from] item: Life Orb
|
|-weather|SunnyDay|[upkeep]
|upkeep
|turn|5
|c|☆Pomerodense|F
|
|switch|p2a: Zacian|Zacian-Crowned|100/100
|-ability|p2a: Zacian|Intrepid Sword|boost
|-boost|p2a: Zacian|atk|1
|move|p1a: Javier Sarda|Close Combat|p2a: Zacian
|-damage|p2a: Zacian|23/100
|-unboost|p1a: Javier Sarda|def|1
|-unboost|p1a: Javier Sarda|spd|1
|-damage|p1a: Javier Sarda|6/100|[from] item: Life Orb
|
|-weather|SunnyDay|[upkeep]
|upkeep
|turn|6
|
|switch|p2a: Reshiram|Reshiram|100/100
|-ability|p2a: Reshiram|Turboblaze
|move|p1a: Javier Sarda|Shadow Sneak|p2a: Reshiram
|-damage|p2a: Reshiram|67/100
|-damage|p1a: Javier Sarda|0 fnt|[from] item: Life Orb
|faint|p1a: Javier Sarda
|
|-weather|SunnyDay|[upkeep]
|upkeep
|inactive|HTezcat04 has 120 seconds left.
|
|switch|p1a: Illoilloillo|Zacian-Crowned|100/100
|-ability|p1a: Illoilloillo|Intrepid Sword|boost
|-boost|p1a: Illoilloillo|atk|1
|turn|7
|inactive|Pomerodense has 120 seconds left.
|inactive|Pomerodense has 90 seconds left.
|
|move|p1a: Illoilloillo|Close Combat|p2a: Reshiram
|-damage|p2a: Reshiram|0 fnt
|-unboost|p1a: Illoilloillo|def|1
|-unboost|p1a: Illoilloillo|spd|1
|faint|p2a: Reshiram
|
|-weather|SunnyDay|[upkeep]
|upkeep
|
|switch|p2a: Eternatus|Eternatus|100/100
|-ability|p2a: Eternatus|Pressure
|turn|8
|inactive|HTezcat04 has 120 seconds left.
|
|move|p2a: Eternatus|Flamethrower|p1a: Illoilloillo
|-supereffective|p1a: Illoilloillo
|-damage|p1a: Illoilloillo|0 fnt
|faint|p1a: Illoilloillo
|
|-weather|SunnyDay|[upkeep]
|upkeep
|
|switch|p1a: Er mehó|Zekrom|100/100
|-ability|p1a: Er mehó|Teravolt
|turn|9
|
|switch|p2a: Zacian|Zacian-Crowned|23/100
|-ability|p2a: Zacian|Intrepid Sword|boost
|-boost|p2a: Zacian|atk|1
|move|p1a: Er mehó|Substitute|p1a: Er mehó
|-start|p1a: Er mehó|Substitute
|-damage|p1a: Er mehó|76/100
|
|-weather|SunnyDay|[upkeep]
|-heal|p1a: Er mehó|82/100|[from] item: Leftovers
|upkeep
|turn|10
|
|move|p2a: Zacian|Behemoth Blade|p1a: Er mehó
|-resisted|p1a: Er mehó
|-end|p1a: Er mehó|Substitute
|move|p1a: Er mehó|Dragon Dance|p1a: Er mehó
|-boost|p1a: Er mehó|atk|1
|-boost|p1a: Er mehó|spe|1
|
|-weather|SunnyDay|[upkeep]
|-heal|p1a: Er mehó|88/100|[from] item: Leftovers
|upkeep
|turn|11
|inactive|Pomerodense has 90 seconds left.
|
|move|p2a: Zacian|Close Combat|p1a: Er mehó
|-damage|p1a: Er mehó|19/100
|-unboost|p2a: Zacian|def|1
|-unboost|p2a: Zacian|spd|1
|move|p1a: Er mehó|Bolt Strike|p2a: Zacian
|-damage|p2a: Zacian|0 fnt
|faint|p2a: Zacian
|
|-weather|none
|-heal|p1a: Er mehó|25/100|[from] item: Leftovers
|upkeep
|inactive|Pomerodense has 90 seconds left.
|
|switch|p2a: Ditto|Ditto|100/100
|-transform|p2a: Ditto|p1a: Er mehó|[from] ability: Imposter
|-ability|p2a: Ditto|Teravolt
|turn|12
|inactive|HTezcat04 has 120 seconds left.
|inactive|Pomerodense has 90 seconds left.
|
|move|p2a: Ditto|Dragon Claw|p1a: Er mehó
|-supereffective|p1a: Er mehó
|-damage|p1a: Er mehó|0 fnt
|faint|p1a: Er mehó
|
|upkeep
|
|switch|p1a: Manolo Pérez|Tyranitar, F|100/100
|-weather|Sandstorm|[from] ability: Sand Stream|[of] p1a: Manolo Pérez
|turn|13
|inactive|HTezcat04 has 120 seconds left.
|inactive|Pomerodense has 90 seconds left.
|
|move|p2a: Ditto|Dragon Claw|p1a: Manolo Pérez
|-damage|p1a: Manolo Pérez|44/100
|move|p1a: Manolo Pérez|Stealth Rock|p2a: Ditto
|-sidestart|p2: Pomerodense|move: Stealth Rock
|
|-weather|Sandstorm|[upkeep]
|-damage|p2a: Ditto|95/100|[from] Sandstorm
|upkeep
|turn|14
|
|-start|p1a: Manolo Pérez|Dynamax
|-heal|p1a: Manolo Pérez|44/100|[silent]
|move|p2a: Ditto|Dragon Claw|p1a: Manolo Pérez
|-damage|p1a: Manolo Pérez|14/100
|move|p1a: Manolo Pérez|Max Quake|p2a: Ditto
|-supereffective|p2a: Ditto
|-damage|p2a: Ditto|0 fnt
|-boost|p1a: Manolo Pérez|spd|1
|faint|p2a: Ditto
|
|-weather|Sandstorm|[upkeep]
|upkeep
|
|switch|p2a: Eternatus|Eternatus|100/100
|-damage|p2a: Eternatus|88/100|[from] Stealth Rock
|-ability|p2a: Eternatus|Pressure
|turn|15
|
|move|p2a: Eternatus|Dynamax Cannon|p1a: Manolo Pérez
|-damage|p1a: Manolo Pérez|0 fnt
|faint|p1a: Manolo Pérez
|
|-weather|Sandstorm|[upkeep]
|-damage|p2a: Eternatus|82/100|[from] Sandstorm
|upkeep
|
|switch|p1a: Juan Ramírez|Necrozma-Dusk-Mane|44/100
|turn|16
|
|switch|p2a: Torkoal|Torkoal, F|75/100
|-damage|p2a: Torkoal|50/100|[from] Stealth Rock
|-weather|SunnyDay|[from] ability: Drought|[of] p2a: Torkoal
|move|p1a: Juan Ramírez|Dragon Dance|p1a: Juan Ramírez
|-boost|p1a: Juan Ramírez|atk|1
|-boost|p1a: Juan Ramírez|spe|1
|
|-weather|SunnyDay|[upkeep]
|upkeep
|turn|17
|inactive|Pomerodense has 120 seconds left.
|
|move|p1a: Juan Ramírez|Moonlight|p1a: Juan Ramírez
|-heal|p1a: Juan Ramírez|100/100
|move|p2a: Torkoal|Lava Plume|p1a: Juan Ramírez
|-supereffective|p1a: Juan Ramírez
|-damage|p1a: Juan Ramírez|54/100
|
|-weather|SunnyDay|[upkeep]
|upkeep
|turn|18
|
|move|p1a: Juan Ramírez|Dragon Dance|p1a: Juan Ramírez
|-boost|p1a: Juan Ramírez|atk|1
|-boost|p1a: Juan Ramírez|spe|1
|move|p2a: Torkoal|Lava Plume|p1a: Juan Ramírez
|-supereffective|p1a: Juan Ramírez
|-damage|p1a: Juan Ramírez|7/100
|-status|p1a: Juan Ramírez|brn
|
|-weather|SunnyDay|[upkeep]
|-damage|p1a: Juan Ramírez|1/100 brn|[from] brn
|upkeep
|turn|19
|
|move|p1a: Juan Ramírez|Earthquake|p2a: Torkoal
|-supereffective|p2a: Torkoal
|-damage|p2a: Torkoal|11/100
|move|p2a: Torkoal|Rapid Spin|p1a: Juan Ramírez
|-resisted|p1a: Juan Ramírez
|-damage|p1a: Juan Ramírez|0 fnt
|-boost|p2a: Torkoal|spe|1
|-sideend|p2: Pomerodense|Stealth Rock|[from] move: Rapid Spin|[of] p2a: Torkoal
|faint|p1a: Juan Ramírez
|
|-weather|SunnyDay|[upkeep]
|upkeep
|-message|HTezcat04 forfeited.
|
|win|Pomerodense
|l|☆HTezcat04
|raw|HTezcat04's rating: 1475 &rarr; <strong>1458</strong><br />(-17 for losing)
|raw|Pomerodense's rating: 1522 &rarr; <strong>1540</strong><br />(+18 for winning)
