|j|‽IIExcaliburBetaII
|j|☆killer whale squa
|player|p1|IIExcaliburBetaII|170|1258
|player|p2|killer whale squa|216|1355
|teamsize|p1|6
|teamsize|p2|6
|gametype|singles
|gen|8
|tier|[Gen 8] Ubers
|rated|
|clearpoke
|poke|p1|Ditto|
|poke|p1|Cloyster, M|
|poke|p1|Zacian-Crowned|
|poke|p1|Zamazenta|
|poke|p1|Eternatus|
|poke|p1|Mewtwo|
|poke|p2|Corviknight, M|
|poke|p2|Necrozma-Dusk-Mane|
|poke|p2|Eternatus|
|poke|p2|Lunala|
|poke|p2|Zacian-Crowned|
|poke|p2|Mewtwo|
|rule|Sleep Clause Mod: Limit one foe put to sleep
|rule|Species Clause: Limit one of each Pokémon
|rule|OHKO Clause: OHKO moves are banned
|rule|Evasion Moves Clause: Evasion moves are banned
|rule|Endless Battle Clause: Forcing endless battles is banned
|rule|HP Percentage Mod: HP is shown in percentages
|html|Ubers Dynamax Clause: Pokémon on the <a href="https://www.smogon.com/dex/ss/formats/uber/">Ubers Dynamax Banlist</a> cannot Dynamax.
|teampreview
|inactive|Battle timer is ON: inactive players will automatically lose when time's up. (requested by killer whale squa)
|
|start
|switch|p1a: Ditto|Ditto|100/100
|switch|p2a: Necrozma|Necrozma-Dusk-Mane|100/100
|-transform|p1a: Ditto|p2a: Necrozma|[from] ability: Imposter
|turn|1
|inactive|IIExcaliburBetaII has 120 seconds left.
|
|switch|p1a: Eternatus|Eternatus|100/100
|-ability|p1a: Eternatus|Pressure
|move|p2a: Necrozma|Stealth Rock|p1a: Eternatus
|-sidestart|p1: IIExcaliburBetaII|move: Stealth Rock
|
|upkeep
|turn|2
|inactive|IIExcaliburBetaII has 120 seconds left.
|
|move|p1a: Eternatus|Agility|p1a: Eternatus
|-boost|p1a: Eternatus|spe|2
|move|p2a: Necrozma|Earthquake|p1a: Eternatus
|-supereffective|p1a: Eternatus
|-damage|p1a: Eternatus|64/100
|-enditem|p1a: Eternatus|Weakness Policy
|-boost|p1a: Eternatus|atk|2|[from] item: Weakness Policy
|-boost|p1a: Eternatus|spa|2|[from] item: Weakness Policy
|
|upkeep
|turn|3
|inactive|IIExcaliburBetaII has 120 seconds left.
|
|move|p1a: Eternatus|Flamethrower|p2a: Necrozma
|-supereffective|p2a: Necrozma
|-damage|p2a: Necrozma|28/100
|-enditem|p2a: Necrozma|Weakness Policy
|-boost|p2a: Necrozma|atk|2|[from] item: Weakness Policy
|-boost|p2a: Necrozma|spa|2|[from] item: Weakness Policy
|move|p2a: Necrozma|Earthquake|p1a: Eternatus
|-supereffective|p1a: Eternatus
|-damage|p1a: Eternatus|0 fnt
|faint|p1a: Eternatus
|
|upkeep
|inactive|IIExcaliburBetaII has 120 seconds left.
|inactive|IIExcaliburBetaII has 90 seconds left.
|
|switch|p1a: Zamazenta|Zamazenta|100/100
|-damage|p1a: Zamazenta|94/100|[from] Stealth Rock
|-ability|p1a: Zamazenta|Dauntless Shield|boost
|-boost|p1a: Zamazenta|def|1
|turn|4
|inactive|IIExcaliburBetaII has 90 seconds left.
|
|switch|p2a: Corviknight|Corviknight, M|100/100
|-ability|p2a: Corviknight|Pressure
|move|p1a: Zamazenta|Crunch|p2a: Corviknight
|-damage|p2a: Corviknight|74/100
|
|-heal|p2a: Corviknight|81/100|[from] item: Leftovers
|upkeep
|turn|5
|inactive|IIExcaliburBetaII has 90 seconds left.
|
|switch|p1a: Ditto|Ditto|100/100
|-damage|p1a: Ditto|88/100|[from] Stealth Rock
|-transform|p1a: Ditto|p2a: Corviknight|[from] ability: Imposter
|-ability|p1a: Ditto|Pressure
|move|p2a: Corviknight|Iron Defense|p2a: Corviknight
|-boost|p2a: Corviknight|def|2
|
|-heal|p2a: Corviknight|87/100|[from] item: Leftovers
|upkeep
|turn|6
|
|switch|p2a: Necrozma|Necrozma-Dusk-Mane|28/100
|move|p1a: Ditto|Defog|p2a: Necrozma
|-unboost|p2a: Necrozma|evasion|1
|-sideend|p1: IIExcaliburBetaII|Stealth Rock|[from] move: Defog|[of] p1a: Ditto
|
|upkeep
|turn|7
|
|switch|p1a: Cloyster|Cloyster, M|100/100
|move|p2a: Necrozma|Morning Sun|p2a: Necrozma
|-heal|p2a: Necrozma|78/100
|
|upkeep
|turn|8
|
|move|p1a: Cloyster|Shell Smash|p1a: Cloyster
|-unboost|p1a: Cloyster|def|1
|-unboost|p1a: Cloyster|spd|1
|-boost|p1a: Cloyster|atk|2
|-boost|p1a: Cloyster|spa|2
|-boost|p1a: Cloyster|spe|2
|move|p2a: Necrozma|Sunsteel Strike|p1a: Cloyster
|-damage|p1a: Cloyster|35/100
|
|upkeep
|turn|9
|inactive|IIExcaliburBetaII has 60 seconds left.
|l|‽IIExcaliburBetaII
|inactive|IIExcaliburBetaII disconnected and has a minute to reconnect!
|player|p1|
|j|‽IIExcaliburBetaII
|inactive|IIExcaliburBetaII reconnected and has 45 seconds left.
|player|p1|IIExcaliburBetaII|170
|n|‽IIExcaliburBetaII|iiexcaliburbetaii
|
|move|p1a: Cloyster|Icicle Spear|p2a: Necrozma
|-resisted|p2a: Necrozma
|-damage|p2a: Necrozma|72/100
|-resisted|p2a: Necrozma
|-damage|p2a: Necrozma|66/100
|-resisted|p2a: Necrozma
|-damage|p2a: Necrozma|60/100
|-resisted|p2a: Necrozma
|-damage|p2a: Necrozma|54/100
|-resisted|p2a: Necrozma
|-damage|p2a: Necrozma|48/100
|-hitcount|p2a: Necrozma|5
|move|p2a: Necrozma|Morning Sun|p2a: Necrozma
|-heal|p2a: Necrozma|98/100
|
|upkeep
|turn|10
|inactive|IIExcaliburBetaII has 30 seconds left.
|
|move|p1a: Cloyster|Icicle Spear|p2a: Necrozma
|-resisted|p2a: Necrozma
|-damage|p2a: Necrozma|92/100
|-resisted|p2a: Necrozma
|-damage|p2a: Necrozma|86/100
|-resisted|p2a: Necrozma
|-damage|p2a: Necrozma|80/100
|-resisted|p2a: Necrozma
|-damage|p2a: Necrozma|74/100
|-resisted|p2a: Necrozma
|-damage|p2a: Necrozma|67/100
|-hitcount|p2a: Necrozma|5
|move|p2a: Necrozma|Stealth Rock|p1a: Cloyster
|-sidestart|p1: IIExcaliburBetaII|move: Stealth Rock
|
|upkeep
|turn|11
|inactive|IIExcaliburBetaII has 30 seconds left.
|inactive|IIExcaliburBetaII has 20 seconds left.
|
|move|p1a: Cloyster|Icicle Spear|p2a: Necrozma
|-resisted|p2a: Necrozma
|-damage|p2a: Necrozma|61/100
|-resisted|p2a: Necrozma
|-damage|p2a: Necrozma|56/100
|-resisted|p2a: Necrozma
|-damage|p2a: Necrozma|50/100
|-resisted|p2a: Necrozma
|-damage|p2a: Necrozma|44/100
|-resisted|p2a: Necrozma
|-damage|p2a: Necrozma|38/100
|-hitcount|p2a: Necrozma|5
|move|p2a: Necrozma|Morning Sun|p2a: Necrozma
|-heal|p2a: Necrozma|88/100
|
|upkeep
|turn|12
|inactive|IIExcaliburBetaII has 30 seconds left this turn.
|inactive|IIExcaliburBetaII has 20 seconds left.
|inactive|IIExcaliburBetaII has 15 seconds left.
|inactive|IIExcaliburBetaII has 10 seconds left.
|
|move|p1a: Cloyster|Icicle Spear|p2a: Necrozma
|-resisted|p2a: Necrozma
|-damage|p2a: Necrozma|82/100
|-resisted|p2a: Necrozma
|-damage|p2a: Necrozma|77/100
|-resisted|p2a: Necrozma
|-damage|p2a: Necrozma|71/100
|-resisted|p2a: Necrozma
|-damage|p2a: Necrozma|64/100
|-resisted|p2a: Necrozma
|-damage|p2a: Necrozma|58/100
|-hitcount|p2a: Necrozma|5
|move|p2a: Necrozma|Sunsteel Strike|p1a: Cloyster
|-damage|p1a: Cloyster|0 fnt
|faint|p1a: Cloyster
|
|upkeep
|inactive|IIExcaliburBetaII has 15 seconds left this turn.
|inactive|IIExcaliburBetaII has 10 seconds left.
|
|switch|p1a: Zamazenta|Zamazenta|94/100
|-damage|p1a: Zamazenta|88/100|[from] Stealth Rock
|-ability|p1a: Zamazenta|Dauntless Shield|boost
|-boost|p1a: Zamazenta|def|1
|turn|13
|inactive|IIExcaliburBetaII has 20 seconds left this turn.
|l|‽IIExcaliburBetaII
|inactive|IIExcaliburBetaII disconnected and has a minute to reconnect!
|player|p1|
|inactive|IIExcaliburBetaII has 15 seconds left.
|inactive|IIExcaliburBetaII has 10 seconds left.
|j|‽IIExcaliburBetaII
|inactive|IIExcaliburBetaII reconnected and has 10 seconds left.
|player|p1|IIExcaliburBetaII|170
|n|‽IIExcaliburBetaII|iiexcaliburbetaii
|inactive|IIExcaliburBetaII has 5 seconds left.
|
|switch|p2a: Corviknight|Corviknight, M|87/100
|-ability|p2a: Corviknight|Pressure
|move|p1a: Zamazenta|Crunch|p2a: Corviknight
|-damage|p2a: Corviknight|63/100
|
|-heal|p2a: Corviknight|69/100|[from] item: Leftovers
|upkeep
|turn|14
|inactive|IIExcaliburBetaII has 15 seconds left this turn.
|
|switch|p2a: Zacian|Zacian-Crowned|100/100
|-ability|p2a: Zacian|Intrepid Sword|boost
|-boost|p2a: Zacian|atk|1
|move|p1a: Zamazenta|Crunch|p2a: Zacian
|-resisted|p2a: Zacian
|-damage|p2a: Zacian|81/100
|
|upkeep
|turn|15
|inactive|IIExcaliburBetaII has 25 seconds left this turn.
|inactive|IIExcaliburBetaII has 20 seconds left.
|inactive|IIExcaliburBetaII has 15 seconds left.
|
|switch|p2a: Eternatus|Eternatus|100/100
|-ability|p2a: Eternatus|Pressure
|move|p1a: Zamazenta|Crunch|p2a: Eternatus
|-damage|p2a: Eternatus|68/100
|
|upkeep
|turn|16
|inactive|IIExcaliburBetaII has 25 seconds left this turn.
|
|move|p1a: Zamazenta|Crunch|p2a: Eternatus
|-damage|p2a: Eternatus|35/100
|move|p2a: Eternatus|Recover|p2a: Eternatus
|-heal|p2a: Eternatus|85/100
|
|upkeep
|turn|17
|
|move|p1a: Zamazenta|Crunch|p2a: Eternatus
|-damage|p2a: Eternatus|52/100
|move|p2a: Eternatus|Recover|p2a: Eternatus
|-heal|p2a: Eternatus|100/100
|
|upkeep
|turn|18
|
|move|p1a: Zamazenta|Crunch|p2a: Eternatus
|-damage|p2a: Eternatus|68/100
|move|p2a: Eternatus|Dynamax Cannon|p1a: Zamazenta
|-damage|p1a: Zamazenta|20/100
|-damage|p2a: Eternatus|58/100|[from] item: Life Orb
|
|upkeep
|turn|19
|
|move|p1a: Zamazenta|Crunch|p2a: Eternatus
|-damage|p2a: Eternatus|27/100
|move|p2a: Eternatus|Recover|p2a: Eternatus
|-heal|p2a: Eternatus|77/100
|
|upkeep
|turn|20
|
|move|p1a: Zamazenta|Crunch|p2a: Eternatus
|-damage|p2a: Eternatus|45/100
|move|p2a: Eternatus|Recover|p2a: Eternatus
|-heal|p2a: Eternatus|95/100
|
|upkeep
|turn|21
|
|move|p1a: Zamazenta|Crunch|p2a: Eternatus
|-damage|p2a: Eternatus|63/100
|-unboost|p2a: Eternatus|def|1
|move|p2a: Eternatus|Recover|p2a: Eternatus
|-heal|p2a: Eternatus|100/100
|
|upkeep
|turn|22
|
|move|p1a: Zamazenta|Crunch|p2a: Eternatus
|-damage|p2a: Eternatus|56/100
|move|p2a: Eternatus|Dynamax Cannon|p1a: Zamazenta
|-damage|p1a: Zamazenta|0 fnt
|-damage|p2a: Eternatus|46/100|[from] item: Life Orb
|faint|p1a: Zamazenta
|
|upkeep
|
|switch|p1a: Ditto|Ditto|88/100
|-damage|p1a: Ditto|76/100|[from] Stealth Rock
|-transform|p1a: Ditto|p2a: Eternatus|[from] ability: Imposter
|-ability|p1a: Ditto|Pressure
|turn|23
|inactive|IIExcaliburBetaII has 90 seconds left.
|
|switch|p2a: Corviknight|Corviknight, M|69/100
|-ability|p2a: Corviknight|Pressure
|move|p1a: Ditto|Flamethrower|p2a: Corviknight
|-supereffective|p2a: Corviknight
|-damage|p2a: Corviknight|2/100
|
|-heal|p2a: Corviknight|8/100|[from] item: Leftovers
|upkeep
|turn|24
|inactive|IIExcaliburBetaII has 90 seconds left.
|inactive|killer whale squa has 120 seconds left.
|
|switch|p2a: Eternatus|Eternatus|46/100
|-ability|p2a: Eternatus|Pressure
|move|p1a: Ditto|Flamethrower|p2a: Eternatus
|-resisted|p2a: Eternatus
|-damage|p2a: Eternatus|32/100
|
|upkeep
|turn|25
|inactive|killer whale squa has 120 seconds left.
|
|switch|p1a: Zacian|Zacian-Crowned|100/100
|-damage|p1a: Zacian|94/100|[from] Stealth Rock
|-ability|p1a: Zacian|Intrepid Sword|boost
|-boost|p1a: Zacian|atk|1
|move|p2a: Eternatus|Recover|p2a: Eternatus
|-heal|p2a: Eternatus|82/100
|
|upkeep
|turn|26
|
|switch|p2a: Corviknight|Corviknight, M|8/100
|-ability|p2a: Corviknight|Pressure
|move|p1a: Zacian|Swords Dance|p1a: Zacian
|-boost|p1a: Zacian|atk|2
|
|-heal|p2a: Corviknight|15/100|[from] item: Leftovers
|upkeep
|turn|27
|
|move|p1a: Zacian|Behemoth Blade|p2a: Corviknight
|-resisted|p2a: Corviknight
|-damage|p2a: Corviknight|0 fnt
|faint|p2a: Corviknight
|
|upkeep
|
|switch|p2a: Necrozma|Necrozma-Dusk-Mane|58/100
|turn|28
|
|switch|p1a: Mewtwo|Mewtwo|100/100
|-damage|p1a: Mewtwo|88/100|[from] Stealth Rock
|-ability|p1a: Mewtwo|Pressure
|move|p2a: Necrozma|Morning Sun|p2a: Necrozma
|-heal|p2a: Necrozma|100/100
|
|upkeep
|turn|29
|
|move|p1a: Mewtwo|Fling|p2a: Necrozma
|-enditem|p1a: Mewtwo|Light Ball|[from] move: Fling
|-supereffective|p2a: Necrozma
|-damage|p2a: Necrozma|95/100
|-status|p2a: Necrozma|par
|move|p2a: Necrozma|Sunsteel Strike|p1a: Mewtwo
|-damage|p1a: Mewtwo|55/100
|
|upkeep
|turn|30
|
|move|p1a: Mewtwo|Confuse Ray|p2a: Necrozma
|-start|p2a: Necrozma|confusion
|-activate|p2a: Necrozma|confusion
|-damage|p2a: Necrozma|88/100 par|[from] confusion
|
|upkeep
|turn|31
|
|switch|p2a: Zacian|Zacian-Crowned|81/100
|-ability|p2a: Zacian|Intrepid Sword|boost
|-boost|p2a: Zacian|atk|1
|move|p1a: Mewtwo|Recover|p1a: Mewtwo
|-heal|p1a: Mewtwo|100/100
|
|upkeep
|turn|32
|
|move|p2a: Zacian|Crunch|p1a: Mewtwo
|-supereffective|p1a: Mewtwo
|-damage|p1a: Mewtwo|35/100
|move|p1a: Mewtwo|Confuse Ray|p2a: Zacian
|-start|p2a: Zacian|confusion
|
|upkeep
|turn|33
|
|switch|p2a: Necrozma|Necrozma-Dusk-Mane|88/100 par
|move|p1a: Mewtwo|Teleport|p1a: Mewtwo
|
|switch|p1a: Zacian|Zacian-Crowned|94/100|[from]move: Teleport
|-damage|p1a: Zacian|88/100|[from] Stealth Rock
|-ability|p1a: Zacian|Intrepid Sword|boost
|-boost|p1a: Zacian|atk|1
|
|upkeep
|turn|34
|
|move|p1a: Zacian|Swords Dance|p1a: Zacian
|-boost|p1a: Zacian|atk|2
|cant|p2a: Necrozma|par
|
|upkeep
|turn|35
|
|move|p1a: Zacian|Swords Dance|p1a: Zacian
|-boost|p1a: Zacian|atk|2
|move|p2a: Necrozma|Earthquake|p1a: Zacian
|-supereffective|p1a: Zacian
|-damage|p1a: Zacian|20/100
|
|upkeep
|turn|36
|inactive|IIExcaliburBetaII has 120 seconds left.
|
|move|p1a: Zacian|Close Combat|p2a: Necrozma
|-damage|p2a: Necrozma|0 fnt
|-unboost|p1a: Zacian|def|1
|-unboost|p1a: Zacian|spd|1
|faint|p2a: Necrozma
|
|upkeep
|
|switch|p2a: Eternatus|Eternatus|82/100
|-ability|p2a: Eternatus|Pressure
|turn|37
|inactive|IIExcaliburBetaII has 120 seconds left.
|
|move|p1a: Zacian|Behemoth Blade|p2a: Eternatus
|-damage|p2a: Eternatus|0 fnt
|faint|p2a: Eternatus
|
|upkeep
|
|switch|p2a: Lunala|Lunala|100/100
|turn|38
|
|move|p1a: Zacian|Behemoth Blade|p2a: Lunala
|-damage|p2a: Lunala|6/100
|move|p2a: Lunala|Moongeist Beam|p1a: Zacian
|-damage|p1a: Zacian|0 fnt
|faint|p1a: Zacian
|
|upkeep
|inactive|IIExcaliburBetaII has 120 seconds left.
|
|switch|p1a: Ditto|Ditto|76/100
|-damage|p1a: Ditto|63/100|[from] Stealth Rock
|-transform|p1a: Ditto|p2a: Lunala|[from] ability: Imposter
|turn|39
|inactive|IIExcaliburBetaII has 120 seconds left.
|
|move|p1a: Ditto|Moongeist Beam|p2a: Lunala
|-supereffective|p2a: Lunala
|-damage|p2a: Lunala|0 fnt
|faint|p2a: Lunala
|
|upkeep
|
|switch|p2a: Zacian|Zacian-Crowned|81/100
|-ability|p2a: Zacian|Intrepid Sword|boost
|-boost|p2a: Zacian|atk|1
|turn|40
|
|switch|p1a: Mewtwo|Mewtwo|35/100
|-damage|p1a: Mewtwo|22/100|[from] Stealth Rock
|-ability|p1a: Mewtwo|Pressure
|move|p2a: Zacian|Crunch|p1a: Mewtwo
|-supereffective|p1a: Mewtwo
|-damage|p1a: Mewtwo|0 fnt
|faint|p1a: Mewtwo
|
|upkeep
|
|switch|p1a: Ditto|Ditto|63/100
|-damage|p1a: Ditto|51/100|[from] Stealth Rock
|-transform|p1a: Ditto|p2a: Zacian|[from] ability: Imposter
|-ability|p1a: Ditto|Intrepid Sword|boost
|-boost|p1a: Ditto|atk|1
|turn|41
|
|move|p1a: Ditto|Behemoth Blade|p2a: Zacian
|-damage|p2a: Zacian|0 fnt
|faint|p2a: Zacian
|
|upkeep
|
|switch|p2a: Mewtwo|Mewtwo|100/100
|-ability|p2a: Mewtwo|Unnerve|p1: IIExcaliburBetaII
|turn|42
|inactive|killer whale squa has 120 seconds left.
|
|move|p1a: Ditto|Behemoth Blade|p2a: Mewtwo
|-damage|p2a: Mewtwo|0 fnt
|faint|p2a: Mewtwo
|
|win|IIExcaliburBetaII
