|raw|<div class="broadcast-blue"><strong>This battle is required to be public due to a player having a name starting with 'ult9ns'.</div>
|j|☆LeBarBURR2
|j|☆Ult9ns louisix
|t:|1653907822
|gametype|singles
|player|p1|LeBarBURR2|ruinmaniac-gen3|1489
|player|p2|Ult9ns louisix|ninjaboy|1667
|teamsize|p1|6
|teamsize|p2|6
|gen|8
|tier|[Gen 8] Ubers
|rated|
|rule|Sleep Clause Mod: Limit one foe put to sleep
|rule|Species Clause: Limit one of each Pokémon
|rule|OHKO Clause: OHKO moves are banned
|rule|Evasion Moves Clause: Evasion moves are banned
|rule|Endless Battle Clause: Forcing endless battles is banned
|rule|HP Percentage Mod: HP is shown in percentages
|rule|Dynamax Clause: You cannot dynamax
|clearpoke
|poke|p1|Umbreon, M|
|poke|p1|Xerneas-*|
|poke|p1|Necrozma-Dusk-Mane|
|poke|p1|Zygarde|
|poke|p1|Dracovish|
|poke|p1|Darmanitan-Galar, M|
|poke|p2|Yveltal|
|poke|p2|Xerneas-*|
|poke|p2|Eternatus|
|poke|p2|Marshadow|
|poke|p2|Scolipede, F|
|poke|p2|Groudon|
|teampreview
|inactive|Battle timer is ON: inactive players will automatically lose when time's up. (requested by Ult9ns louisix)
|inactive|LeBarBURR2 also wants the timer to be on.
|
|t:|1653907839
|start
|switch|p1a: Dracovish|Dracovish|100/100
|switch|p2a: Scolipede|Scolipede, F|100/100
|turn|1
|
|t:|1653907847
|move|p2a: Scolipede|Spikes|p1a: Dracovish
|-sidestart|p1: LeBarBURR2|Spikes
|move|p1a: Dracovish|Dragon Breath|p2a: Scolipede
|-damage|p2a: Scolipede|77/100
|-status|p2a: Scolipede|par
|
|-ability|p2a: Scolipede|Speed Boost|boost
|-boost|p2a: Scolipede|spe|1
|upkeep
|turn|2
|
|t:|1653907852
|switch|p1a: Xerneas|Xerneas|100/100
|-ability|p1a: Xerneas|Fairy Aura
|move|p2a: Scolipede|Spikes|p1a: Xerneas
|-sidestart|p1: LeBarBURR2|Spikes
|
|-ability|p2a: Scolipede|Speed Boost|boost
|-boost|p2a: Scolipede|spe|1
|upkeep
|turn|3
|
|t:|1653907855
|move|p2a: Scolipede|Poison Jab|p1a: Xerneas
|-supereffective|p1a: Xerneas
|-damage|p1a: Xerneas|61/100
|-status|p1a: Xerneas|psn
|move|p1a: Xerneas|Defog|p2a: Scolipede
|-unboost|p2a: Scolipede|evasion|1
|-sideend|p1: LeBarBURR2|Spikes|[from] move: Defog|[of] p1a: Xerneas
|
|-damage|p1a: Xerneas|49/100 psn|[from] psn
|-ability|p2a: Scolipede|Speed Boost|boost
|-boost|p2a: Scolipede|spe|1
|upkeep
|turn|4
|
|t:|1653907863
|move|p2a: Scolipede|Spikes|p1a: Xerneas
|-sidestart|p1: LeBarBURR2|Spikes
|move|p1a: Xerneas|Rest|p1a: Xerneas
|-status|p1a: Xerneas|slp|[from] move: Rest
|-heal|p1a: Xerneas|100/100 slp|[silent]
|
|-ability|p2a: Scolipede|Speed Boost|boost
|-boost|p2a: Scolipede|spe|1
|upkeep
|turn|5
|
|t:|1653907872
|move|p2a: Scolipede|Endeavor|p1a: Xerneas
|-damage|p1a: Xerneas|44/100 slp
|cant|p1a: Xerneas|slp
|
|-ability|p2a: Scolipede|Speed Boost|boost
|-boost|p2a: Scolipede|spe|1
|upkeep
|turn|6
|
|t:|1653907875
|move|p2a: Scolipede|Poison Jab|p1a: Xerneas
|-supereffective|p1a: Xerneas
|-damage|p1a: Xerneas|5/100 slp
|cant|p1a: Xerneas|slp
|
|-ability|p2a: Scolipede|Speed Boost|boost
|-boost|p2a: Scolipede|spe|1
|upkeep
|turn|7
|-message|LeBarBURR2 forfeited.
|
|win|Ult9ns louisix
|raw|LeBarBURR2's rating: 1489 &rarr; <strong>1478</strong><br />(-11 for losing)
|raw|Ult9ns louisix's rating: 1667 &rarr; <strong>1678</strong><br />(+11 for winning)
|l|☆LeBarBURR2
|n| Bald ben|ult9nslouisix
