|j|☆ReshiramEnthusiast
|j|☆nachocheesedude
|t:|1664262457
|gametype|singles
|player|p1|ReshiramEnthusiast|red-gen7|1540
|player|p2|nachocheesedude|colress-gen7|1657
|teamsize|p1|6
|teamsize|p2|6
|gen|8
|tier|[Gen 8] Ubers
|rated|
|rule|Sleep Clause Mod: Limit one foe put to sleep
|rule|Species Clause: Limit one of each Pokémon
|rule|OHKO Clause: OHKO moves are banned
|rule|Evasion Items Clause: Evasion items are banned
|rule|Evasion Moves Clause: Evasion moves are banned
|rule|Endless Battle Clause: Forcing endless battles is banned
|rule|HP Percentage Mod: HP is shown in percentages
|rule|Dynamax Clause: You cannot dynamax
|clearpoke
|poke|p1|Excadrill, F|
|poke|p1|Yveltal|
|poke|p1|Palkia|
|poke|p1|Xerneas-*|
|poke|p1|Necrozma-Dusk-Mane|
|poke|p1|Eternatus|
|poke|p2|Groudon|
|poke|p2|Necrozma-Dusk-Mane|
|poke|p2|Kyogre|
|poke|p2|Xerneas-*|
|poke|p2|Yveltal|
|poke|p2|Eternatus|
|teampreview
|inactive|Battle timer is ON: inactive players will automatically lose when time's up. (requested by ReshiramEnthusiast)
|
|t:|1664262461
|start
|switch|p1a: Excadrill|Excadrill, F|100/100
|switch|p2a: Ruby|Groudon|100/100
|-ability|p1a: Excadrill|Mold Breaker
|-weather|SunnyDay|[from] ability: Drought|[of] p2a: Ruby
|turn|1
|
|t:|1664262468
|move|p1a: Excadrill|Stealth Rock|p2a: Ruby
|-sidestart|p2: nachocheesedude|move: Stealth Rock
|move|p2a: Ruby|Rock Tomb|p1a: Excadrill
|-resisted|p1a: Excadrill
|-damage|p1a: Excadrill|94/100
|-unboost|p1a: Excadrill|spe|1
|
|-weather|SunnyDay|[upkeep]
|upkeep
|turn|2
|
|t:|1664262475
|move|p2a: Ruby|Precipice Blades|p1a: Excadrill
|-supereffective|p1a: Excadrill
|-damage|p1a: Excadrill|0 fnt
|faint|p1a: Excadrill
|
|-weather|SunnyDay|[upkeep]
|upkeep
|
|t:|1664262484
|switch|p1a: Yveltal|Yveltal, shiny|100/100
|-ability|p1a: Yveltal|Dark Aura
|turn|3
|
|t:|1664262488
|move|p1a: Yveltal|Dark Pulse|p2a: Ruby
|-damage|p2a: Ruby|37/100
|-damage|p1a: Yveltal|91/100|[from] item: Life Orb
|move|p2a: Ruby|Rock Tomb|p1a: Yveltal
|-supereffective|p1a: Yveltal
|-damage|p1a: Yveltal|53/100
|-unboost|p1a: Yveltal|spe|1
|
|-weather|SunnyDay|[upkeep]
|-heal|p2a: Ruby|43/100|[from] item: Leftovers
|upkeep
|turn|4
|
|t:|1664262499
|switch|p2a: Rainbow|Xerneas|100/100
|-damage|p2a: Rainbow|88/100|[from] Stealth Rock
|-ability|p2a: Rainbow|Fairy Aura
|move|p1a: Yveltal|Oblivion Wing|p2a: Rainbow
|-damage|p2a: Rainbow|48/100
|-heal|p1a: Yveltal|88/100|[from] drain|[of] p2a: Rainbow
|-damage|p1a: Yveltal|78/100|[from] item: Life Orb
|
|-weather|SunnyDay|[upkeep]
|-heal|p2a: Rainbow|54/100|[from] item: Leftovers
|upkeep
|turn|5
|
|t:|1664262511
|switch|p1a: Necrozma|Necrozma-Dusk-Mane|100/100
|move|p2a: Rainbow|Defog|p1a: Necrozma
|-unboost|p1a: Necrozma|evasion|1
|-sideend|p2: nachocheesedude|Stealth Rock|[from] move: Defog|[of] p2a: Rainbow
|
|-weather|none
|-heal|p2a: Rainbow|60/100|[from] item: Leftovers
|upkeep
|turn|6
|
|t:|1664262522
|switch|p2a: Ruby|Groudon|43/100
|-weather|SunnyDay|[from] ability: Drought|[of] p2a: Ruby
|move|p1a: Necrozma|Dragon Dance|p1a: Necrozma
|-boost|p1a: Necrozma|atk|1
|-boost|p1a: Necrozma|spe|1
|
|-weather|SunnyDay|[upkeep]
|-heal|p2a: Ruby|49/100|[from] item: Leftovers
|upkeep
|turn|7
|
|t:|1664262530
|move|p1a: Necrozma|Sunsteel Strike|p2a: Ruby
|-damage|p2a: Ruby|0 fnt
|faint|p2a: Ruby
|-damage|p1a: Necrozma|91/100|[from] item: Life Orb
|
|-weather|SunnyDay|[upkeep]
|upkeep
|
|t:|1664262537
|switch|p2a: Crimson|Yveltal|100/100
|-ability|p2a: Crimson|Dark Aura
|turn|8
|
|t:|1664262548
|move|p1a: Necrozma|Sunsteel Strike|p2a: Crimson
|-damage|p2a: Crimson|0 fnt
|faint|p2a: Crimson
|-damage|p1a: Necrozma|81/100|[from] item: Life Orb
|
|-weather|SunnyDay|[upkeep]
|upkeep
|
|t:|1664262561
|switch|p2a: Sapphire|Kyogre|100/100
|-weather|RainDance|[from] ability: Drizzle|[of] p2a: Sapphire
|turn|9
|
|t:|1664262567
|move|p1a: Necrozma|Earthquake|p2a: Sapphire
|-damage|p2a: Sapphire|0 fnt
|faint|p2a: Sapphire
|-damage|p1a: Necrozma|71/100|[from] item: Life Orb
|
|-weather|RainDance|[upkeep]
|upkeep
|-message|nachocheesedude forfeited.
|
|win|ReshiramEnthusiast
|raw|ReshiramEnthusiast's rating: 1540 &rarr; <strong>1566</strong><br />(+26 for winning)
|raw|nachocheesedude's rating: 1657 &rarr; <strong>1631</strong><br />(-26 for losing)
|l|☆nachocheesedude
