|j|☆AdenJ
|j|☆TofuPupper
|t:|1635988339
|gametype|singles
|player|p1|AdenJ|204|1412
|player|p2|TofuPupper|ninjaboy|1440
|teamsize|p1|6
|teamsize|p2|6
|gen|8
|tier|[Gen 8] Ubers
|rated|
|rule|Sleep Clause Mod: Limit one foe put to sleep
|rule|Species Clause: Limit one of each Pokémon
|rule|OHKO Clause: OHKO moves are banned
|rule|Evasion Moves Clause: Evasion moves are banned
|rule|Endless Battle Clause: Forcing endless battles is banned
|rule|HP Percentage Mod: HP is shown in percentages
|rule|Dynamax Clause: You cannot dynamax
|clearpoke
|poke|p1|Calyrex-Shadow|
|poke|p1|Ho-Oh|
|poke|p1|Yveltal|
|poke|p1|Necrozma-Dusk-Mane|
|poke|p1|Xerneas-*|
|poke|p1|Zygarde|
|poke|p2|Excadrill, F|
|poke|p2|Necrozma-Dusk-Mane|
|poke|p2|Yveltal|
|poke|p2|Xerneas-*|
|poke|p2|Calyrex-Shadow|
|poke|p2|Kyogre|
|teampreview
|
|t:|1635988361
|start
|switch|p1a: Zygarde|Zygarde|100/100
|switch|p2a: Excadrill|Excadrill, F|100/100
|-ability|p2a: Excadrill|Mold Breaker
|turn|1
|
|t:|1635988368
|move|p2a: Excadrill|Stealth Rock|p1a: Zygarde
|-sidestart|p1: AdenJ|move: Stealth Rock
|move|p1a: Zygarde|Glare|p2a: Excadrill
|-status|p2a: Excadrill|par
|
|upkeep
|turn|2
|
|t:|1635988371
|move|p1a: Zygarde|Substitute|p1a: Zygarde
|-start|p1a: Zygarde|Substitute
|-damage|p1a: Zygarde|76/100
|move|p2a: Excadrill|Earthquake|p1a: Zygarde
|-end|p1a: Zygarde|Substitute
|
|-heal|p1a: Zygarde|82/100|[from] item: Leftovers
|upkeep
|turn|3
|
|t:|1635988376
|move|p1a: Zygarde|Substitute|p1a: Zygarde
|-start|p1a: Zygarde|Substitute
|-damage|p1a: Zygarde|57/100
|cant|p2a: Excadrill|par
|
|-heal|p1a: Zygarde|63/100|[from] item: Leftovers
|upkeep
|turn|4
|
|t:|1635988379
|move|p1a: Zygarde|Dragon Dance|p1a: Zygarde
|-boost|p1a: Zygarde|atk|1
|-boost|p1a: Zygarde|spe|1
|move|p2a: Excadrill|Earthquake|p1a: Zygarde
|-end|p1a: Zygarde|Substitute
|
|-heal|p1a: Zygarde|69/100|[from] item: Leftovers
|upkeep
|turn|5
|
|t:|1635988381
|move|p1a: Zygarde|Substitute|p1a: Zygarde
|-start|p1a: Zygarde|Substitute
|-damage|p1a: Zygarde|44/100
|move|p2a: Excadrill|Earthquake|p1a: Zygarde
|-end|p1a: Zygarde|Substitute
|
|-heal|p1a: Zygarde|50/100|[from] item: Leftovers
|-activate|p1a: Zygarde|ability: Power Construct
|detailschange|p1a: Zygarde|Zygarde-Complete
|-heal|p1a: Zygarde|69/100|[silent]
|upkeep
|turn|6
|
|t:|1635988384
|move|p1a: Zygarde|Substitute|p1a: Zygarde
|-start|p1a: Zygarde|Substitute
|-damage|p1a: Zygarde|44/100
|move|p2a: Excadrill|Earthquake|p1a: Zygarde
|-activate|p1a: Zygarde|move: Substitute|[damage]
|
|-heal|p1a: Zygarde|50/100|[from] item: Leftovers
|upkeep
|turn|7
|
|t:|1635988387
|move|p1a: Zygarde|Dragon Dance|p1a: Zygarde
|-boost|p1a: Zygarde|atk|1
|-boost|p1a: Zygarde|spe|1
|cant|p2a: Excadrill|par
|
|-heal|p1a: Zygarde|56/100|[from] item: Leftovers
|upkeep
|turn|8
|
|t:|1635988394
|move|p1a: Zygarde|Dragon Dance|p1a: Zygarde
|-boost|p1a: Zygarde|atk|1
|-boost|p1a: Zygarde|spe|1
|move|p2a: Excadrill|Earthquake|p1a: Zygarde
|-end|p1a: Zygarde|Substitute
|
|-heal|p1a: Zygarde|63/100|[from] item: Leftovers
|upkeep
|turn|9
|
|t:|1635988396
|move|p1a: Zygarde|Substitute|p1a: Zygarde
|-start|p1a: Zygarde|Substitute
|-damage|p1a: Zygarde|38/100
|cant|p2a: Excadrill|par
|
|-heal|p1a: Zygarde|44/100|[from] item: Leftovers
|upkeep
|turn|10
|
|t:|1635988400
|move|p1a: Zygarde|Dragon Dance|p1a: Zygarde
|-boost|p1a: Zygarde|atk|1
|-boost|p1a: Zygarde|spe|1
|cant|p2a: Excadrill|par
|
|-heal|p1a: Zygarde|50/100|[from] item: Leftovers
|upkeep
|turn|11
|
|t:|1635988402
|move|p1a: Zygarde|Thousand Arrows|p2a: Excadrill
|-supereffective|p2a: Excadrill
|-enditem|p2a: Excadrill|Focus Sash
|-damage|p2a: Excadrill|1/100 par
|move|p2a: Excadrill|Earthquake|p1a: Zygarde
|-activate|p1a: Zygarde|move: Substitute|[damage]
|
|-heal|p1a: Zygarde|56/100|[from] item: Leftovers
|upkeep
|turn|12
|
|t:|1635988406
|move|p1a: Zygarde|Thousand Arrows|p2a: Excadrill
|-supereffective|p2a: Excadrill
|-damage|p2a: Excadrill|0 fnt
|faint|p2a: Excadrill
|
|-heal|p1a: Zygarde|63/100|[from] item: Leftovers
|upkeep
|
|t:|1635988408
|switch|p2a: steak|Yveltal, shiny|100/100
|-ability|p2a: steak|Dark Aura
|turn|13
|
|t:|1635988412
|move|p2a: steak|Sucker Punch|p1a: Zygarde
|-end|p1a: Zygarde|Substitute
|-damage|p2a: steak|91/100|[from] item: Life Orb
|move|p1a: Zygarde|Thousand Arrows|p2a: steak
|-damage|p2a: steak|0 fnt
|faint|p2a: steak
|
|-heal|p1a: Zygarde|69/100|[from] item: Leftovers
|upkeep
|
|t:|1635988417
|switch|p2a: deer on horse|Calyrex-Shadow|100/100
|-ability|p2a: deer on horse|As One
|-ability|p2a: deer on horse|Unnerve
|turn|14
|
|t:|1635988428
|move|p1a: Zygarde|Thousand Arrows|p2a: deer on horse
|-enditem|p2a: deer on horse|Focus Sash
|-damage|p2a: deer on horse|1/100
|move|p2a: deer on horse|Astral Barrage|p1a: Zygarde
|-damage|p1a: Zygarde|25/100
|
|-heal|p1a: Zygarde|31/100|[from] item: Leftovers
|upkeep
|turn|15
|
|t:|1635988432
|move|p1a: Zygarde|Thousand Arrows|p2a: deer on horse
|-damage|p2a: deer on horse|0 fnt
|faint|p2a: deer on horse
|
|-heal|p1a: Zygarde|38/100|[from] item: Leftovers
|upkeep
|-message|TofuPupper forfeited.
|
|win|AdenJ
|raw|AdenJ's rating: 1412 &rarr; <strong>1434</strong><br />(+22 for winning)
|raw|TofuPupper's rating: 1440 &rarr; <strong>1418</strong><br />(-22 for losing)
|l|☆TofuPupper
||Ladder isn't responding, score probably updated but might not have (Request timeout).
