|j|☆8142e
|j|☆meska
|t:|1629269900
|gametype|singles
|player|p1|8142e|101|
|player|p2|meska|169|
|teamsize|p1|6
|teamsize|p2|6
|gen|8
|tier|[Gen 8] Ubers
|rated|Tournament battle
|rule|Sleep Clause Mod: Limit one foe put to sleep
|rule|Species Clause: Limit one of each Pokémon
|rule|OHKO Clause: OHKO moves are banned
|rule|Evasion Moves Clause: Evasion moves are banned
|rule|Endless Battle Clause: Forcing endless battles is banned
|rule|HP Percentage Mod: HP is shown in percentages
|rule|Dynamax Clause: You cannot dynamax
|clearpoke
|poke|p1|Blaziken, F|
|poke|p1|Darmanitan-Galar, F|
|poke|p1|Yveltal|
|poke|p1|Necrozma-Dusk-Mane|
|poke|p1|Eternatus|
|poke|p1|Groudon|
|poke|p2|Kyogre|
|poke|p2|Lugia|
|poke|p2|Giratina|
|poke|p2|Jirachi|
|poke|p2|Rayquaza|
|poke|p2|Zeraora|
|teampreview
|j|+Terra the creator
|
|t:|1629269930
|start
|switch|p1a: Lal meri pat|Darmanitan-Galar, F|100/100
|switch|p2a: Lugia|Lugia|100/100
|-ability|p2a: Lugia|Pressure
|turn|1
|l|+Terra the creator
|
|t:|1629269939
|move|p1a: Lal meri pat|U-turn|p2a: Lugia
|-damage|p2a: Lugia|74/100
|
|t:|1629269945
|switch|p1a: Ali har dam andar|Necrozma-Dusk-Mane|100/100|[from]move: U-turn
|move|p2a: Lugia|Psyshock|p1a: Ali har dam andar
|-resisted|p1a: Ali har dam andar
|-damage|p1a: Ali har dam andar|95/100
|
|-heal|p2a: Lugia|80/100|[from] item: Leftovers
|-heal|p1a: Ali har dam andar|100/100|[from] item: Leftovers
|upkeep
|turn|2
|
|t:|1629269956
|move|p2a: Lugia|Shadow Ball|p1a: Ali har dam andar
|-supereffective|p1a: Ali har dam andar
|-damage|p1a: Ali har dam andar|83/100
|move|p1a: Ali har dam andar|Stealth Rock|p2a: Lugia
|-sidestart|p2: meska|move: Stealth Rock
|
|-heal|p2a: Lugia|86/100|[from] item: Leftovers
|-heal|p1a: Ali har dam andar|89/100|[from] item: Leftovers
|upkeep
|turn|3
|
|t:|1629269966
|move|p2a: Lugia|Shadow Ball|p1a: Ali har dam andar
|-supereffective|p1a: Ali har dam andar
|-damage|p1a: Ali har dam andar|72/100
|move|p1a: Ali har dam andar|Thunder Wave|p2a: Lugia
|-status|p2a: Lugia|par
|
|-heal|p1a: Ali har dam andar|78/100|[from] item: Leftovers
|-heal|p2a: Lugia|92/100 par|[from] item: Leftovers
|upkeep
|turn|4
|
|t:|1629269976
|move|p1a: Ali har dam andar|Sunsteel Strike|p2a: Lugia
|-damage|p2a: Lugia|58/100 par
|move|p2a: Lugia|Whirlwind|p1a: Ali har dam andar
|drag|p1a: Lal meri pat|Darmanitan-Galar, F|100/100
|
|-heal|p2a: Lugia|64/100 par|[from] item: Leftovers
|upkeep
|turn|5
|
|t:|1629269987
|move|p1a: Lal meri pat|Icicle Crash|p2a: Lugia
|-supereffective|p2a: Lugia
|-damage|p2a: Lugia|0 fnt
|faint|p2a: Lugia
|
|upkeep
|
|t:|1629269992
|switch|p2a: Jirachi|Jirachi|100/100
|-damage|p2a: Jirachi|94/100|[from] Stealth Rock
|turn|6
|
|t:|1629269999
|switch|p1a: Ali da 1st number|Groudon|100/100
|-weather|SunnyDay|[from] ability: Drought|[of] p1a: Ali da 1st number
|move|p2a: Jirachi|Wish|p2a: Jirachi
|
|-weather|SunnyDay|[upkeep]
|upkeep
|turn|7
|
|t:|1629270015
|switch|p2a: Kyogre|Kyogre|100/100
|-damage|p2a: Kyogre|88/100|[from] Stealth Rock
|-weather|RainDance|[from] ability: Drizzle|[of] p2a: Kyogre
|move|p1a: Ali da 1st number|Thunder Wave|p2a: Kyogre
|-status|p2a: Kyogre|par
|
|-weather|RainDance|[upkeep]
|-heal|p2a: Kyogre|100/100 par|[from] move: Wish|[wisher] Jirachi
|upkeep
|turn|8
|j| Hydragrossing
|j|+Rhmsitb
|
|t:|1629270029
|switch|p1a: Ali da malang|Eternatus|100/100
|-ability|p1a: Ali da malang|Pressure
|cant|p2a: Kyogre|par
|
|-weather|RainDance|[upkeep]
|upkeep
|turn|9
|
|t:|1629270038
|move|p1a: Ali da malang|Mystical Fire|p2a: Kyogre
|-resisted|p2a: Kyogre
|-damage|p2a: Kyogre|97/100 par
|-unboost|p2a: Kyogre|spa|1
|cant|p2a: Kyogre|par
|
|-weather|RainDance|[upkeep]
|-heal|p2a: Kyogre|100/100 par|[from] item: Leftovers
|upkeep
|turn|10
|c| Hydragrossing|Hidereplay:,(
|
|t:|1629270047
|move|p1a: Ali da malang|Dynamax Cannon|p2a: Kyogre
|-damage|p2a: Kyogre|72/100 par
|move|p2a: Kyogre|Blizzard|p1a: Ali da malang
|-supereffective|p1a: Ali da malang
|-damage|p1a: Ali da malang|66/100
|
|-weather|RainDance|[upkeep]
|-heal|p2a: Kyogre|78/100 par|[from] item: Leftovers
|upkeep
|turn|11
|j| PG(^^)JMX
|c| Hydragrossing|Nerd
|
|t:|1629270055
|move|p1a: Ali da malang|Mystical Fire|p2a: Kyogre
|-resisted|p2a: Kyogre
|-damage|p2a: Kyogre|74/100 par
|-unboost|p2a: Kyogre|spa|1
|cant|p2a: Kyogre|par
|
|-weather|none
|-heal|p2a: Kyogre|80/100 par|[from] item: Leftovers
|upkeep
|turn|12
|c|+Rhmsitb|Lmao
|
|t:|1629270064
|move|p1a: Ali da malang|Dynamax Cannon|p2a: Kyogre
|-damage|p2a: Kyogre|51/100 par
|cant|p2a: Kyogre|par
|
|-heal|p2a: Kyogre|57/100 par|[from] item: Leftovers
|upkeep
|turn|13
|
|t:|1629270071
|move|p1a: Ali da malang|Dynamax Cannon|p2a: Kyogre
|-damage|p2a: Kyogre|24/100 par
|move|p2a: Kyogre|Blizzard|p1a: Ali da malang
|-supereffective|p1a: Ali da malang
|-damage|p1a: Ali da malang|41/100
|
|-heal|p2a: Kyogre|30/100 par|[from] item: Leftovers
|upkeep
|turn|14
|
|t:|1629270082
|move|p1a: Ali da malang|Recover|p1a: Ali da malang
|-heal|p1a: Ali da malang|91/100
|cant|p2a: Kyogre|par
|
|-heal|p2a: Kyogre|36/100 par|[from] item: Leftovers
|upkeep
|turn|15
|c|+Rhmsitb|Rip 814
|
|t:|1629270089
|move|p1a: Ali da malang|Dynamax Cannon|p2a: Kyogre
|-damage|p2a: Kyogre|8/100 par
|move|p2a: Kyogre|Blizzard|p1a: Ali da malang
|-supereffective|p1a: Ali da malang
|-damage|p1a: Ali da malang|66/100
|
|-heal|p2a: Kyogre|14/100 par|[from] item: Leftovers
|upkeep
|turn|16
|c|☆8142e|Phew
|
|t:|1629270098
|move|p1a: Ali da malang|Dynamax Cannon|p2a: Kyogre
|-damage|p2a: Kyogre|0 fnt
|faint|p2a: Kyogre
|
|upkeep
|
|t:|1629270111
|switch|p2a: Jirachi|Jirachi|94/100
|-damage|p2a: Jirachi|88/100|[from] Stealth Rock
|turn|17
|
|t:|1629270118
|switch|p1a: Dam-a-dam mast|Blaziken, F|100/100
|move|p2a: Jirachi|Psychic|p1a: Dam-a-dam mast
|-supereffective|p1a: Dam-a-dam mast
|-damage|p1a: Dam-a-dam mast|0 fnt
|faint|p1a: Dam-a-dam mast
|
|upkeep
|c|☆8142e|:(
|
|t:|1629270130
|switch|p1a: Ali da 1st number|Groudon|100/100
|-weather|SunnyDay|[from] ability: Drought|[of] p1a: Ali da 1st number
|turn|18
|c|☆meska|jaj
|
|t:|1629270142
|switch|p2a: Rayquaza|Rayquaza|100/100
|-damage|p2a: Rayquaza|76/100|[from] Stealth Rock
|-ability|p2a: Rayquaza|Air Lock
|move|p1a: Ali da 1st number|Thunder Wave|p2a: Rayquaza
|-status|p2a: Rayquaza|par
|
|-weather|SunnyDay|[upkeep]
|upkeep
|turn|19
|l| PG(^^)JMX
|
|t:|1629270153
|move|p1a: Ali da 1st number|Stone Edge|p2a: Rayquaza
|-supereffective|p2a: Rayquaza
|-damage|p2a: Rayquaza|0 fnt
|faint|p2a: Rayquaza
|
|-weather|SunnyDay|[upkeep]
|upkeep
|c|+Rhmsitb|Blaze bad
|
|t:|1629270161
|switch|p2a: Giratina|Giratina|100/100
|-damage|p2a: Giratina|88/100|[from] Stealth Rock
|-ability|p2a: Giratina|Pressure
|turn|20
|
|t:|1629270171
|switch|p1a: Shahbaz qalandar|Yveltal|100/100
|-ability|p1a: Shahbaz qalandar|Dark Aura
|move|p2a: Giratina|Shadow Force||[still]
|-prepare|p2a: Giratina|Shadow Force
|
|-weather|SunnyDay|[upkeep]
|upkeep
|turn|21
|
|t:|1629270183
|move|p1a: Shahbaz qalandar|U-turn|p2a: Giratina|[miss]
|-miss|p1a: Shahbaz qalandar|p2a: Giratina
|move|p2a: Giratina|Shadow Force|p1a: Shahbaz qalandar|[from]lockedmove
|-resisted|p1a: Shahbaz qalandar
|-damage|p1a: Shahbaz qalandar|67/100
|-damage|p2a: Giratina|78/100|[from] item: Life Orb
|
|-weather|SunnyDay|[upkeep]
|upkeep
|turn|22
|c|+Rhmsitb|Damn
|
|t:|1629270194
|move|p1a: Shahbaz qalandar|Foul Play|p2a: Giratina
|-supereffective|p2a: Giratina
|-damage|p2a: Giratina|0 fnt
|faint|p2a: Giratina
|
|-weather|none
|upkeep
|c|+Rhmsitb|That damage
|
|t:|1629270200
|switch|p2a: Zeraora|Zeraora|100/100
|-damage|p2a: Zeraora|88/100|[from] Stealth Rock
|turn|23
|
|t:|1629270207
|switch|p1a: Ali da 1st number|Groudon|100/100
|-weather|SunnyDay|[from] ability: Drought|[of] p1a: Ali da 1st number
|move|p2a: Zeraora|Power-Up Punch|p1a: Ali da 1st number
|-damage|p1a: Ali da 1st number|92/100
|-boost|p2a: Zeraora|atk|1
|
|-weather|SunnyDay|[upkeep]
|-heal|p2a: Zeraora|94/100|[from] item: Leftovers
|-heal|p1a: Ali da 1st number|98/100|[from] item: Leftovers
|upkeep
|turn|24
|j| ilkpkmn69
|c|☆8142e|Bro atleast use bulk up
|
|t:|1629270221
|move|p2a: Zeraora|Iron Tail|p1a: Ali da 1st number
|-damage|p1a: Ali da 1st number|70/100
|move|p1a: Ali da 1st number|Precipice Blades|p2a: Zeraora
|-supereffective|p2a: Zeraora
|-damage|p2a: Zeraora|0 fnt
|faint|p2a: Zeraora
|
|-weather|SunnyDay|[upkeep]
|-heal|p1a: Ali da 1st number|76/100|[from] item: Leftovers
|upkeep
|c|☆meska|gg
|
|t:|1629270231
|switch|p2a: Jirachi|Jirachi|88/100
|-damage|p2a: Jirachi|82/100|[from] Stealth Rock
|turn|25
|inactive|Battle timer is ON: inactive players will automatically lose when time's up. (requested by 8142e)
|
|t:|1629270240
|move|p2a: Jirachi|Protect|p2a: Jirachi
|-singleturn|p2a: Jirachi|Protect
|move|p1a: Ali da 1st number|Precipice Blades|p2a: Jirachi
|-activate|p2a: Jirachi|move: Protect
|
|-weather|SunnyDay|[upkeep]
|-heal|p1a: Ali da 1st number|82/100|[from] item: Leftovers
|upkeep
|turn|26
|
|t:|1629270262
|move|p2a: Jirachi|Psychic|p1a: Ali da 1st number
|-damage|p1a: Ali da 1st number|50/100
|move|p1a: Ali da 1st number|Precipice Blades|p2a: Jirachi
|-supereffective|p2a: Jirachi
|-damage|p2a: Jirachi|0 fnt
|faint|p2a: Jirachi
|
|win|8142e
|n|☆8142e|8142e
|n|☆meska|meska
|n| Hydragrossing|hydragrossing
|n| Rhmsitb|rhmsitb
|n| ilkpkmn69|ilkpkmn69
|l|☆8142e
|l|☆meska
|l| Rhmsitb
|l| ilkpkmn69
|j| Hrishioo7
|l| Hrishioo7
