|j|☆Bipin Khanal
|j|☆Dr. Connecting
|t:|1666324199
|gametype|singles
|player|p1|Bipin Khanal|red|1166
|player|p2|Dr. Connecting|drayden|1117
|teamsize|p1|6
|teamsize|p2|6
|gen|8
|tier|[Gen 8] Ubers
|rated|
|rule|Sleep Clause Mod: Limit one foe put to sleep
|rule|Species Clause: Limit one of each Pokémon
|rule|OHKO Clause: OHKO moves are banned
|rule|Evasion Items Clause: Evasion items are banned
|rule|Evasion Moves Clause: Evasion moves are banned
|rule|Endless Battle Clause: Forcing endless battles is banned
|rule|HP Percentage Mod: HP is shown in percentages
|rule|Dynamax Clause: You cannot dynamax
|clearpoke
|poke|p1|Calyrex-Shadow|
|poke|p1|Zeraora|
|poke|p1|Eternatus|
|poke|p1|Mewtwo|
|poke|p1|Rayquaza|
|poke|p1|Marshadow|
|poke|p2|Calyrex-Shadow|
|poke|p2|Claydol|
|poke|p2|Urshifu-*, M|
|poke|p2|Xerneas-*|
|poke|p2|Melmetal|
|poke|p2|Rillaboom, M|
|teampreview
|inactive|Battle timer is ON: inactive players will automatically lose when time's up. (requested by Dr. Connecting)
|
|t:|1666324214
|start
|switch|p1a: The legend killer|Mewtwo|100/100
|switch|p2a: Claydol|Claydol|100/100
|-ability|p1a: The legend killer|Unnerve
|turn|1
|
|t:|1666324222
|move|p1a: The legend killer|Shadow Ball|p2a: Claydol
|-supereffective|p2a: Claydol
|-damage|p2a: Claydol|43/100
|move|p2a: Claydol|Stealth Rock|p1a: The legend killer
|-sidestart|p1: Bipin Khanal|move: Stealth Rock
|
|-heal|p2a: Claydol|49/100|[from] item: Leftovers
|upkeep
|turn|2
|
|t:|1666324230
|move|p1a: The legend killer|Shadow Ball|p2a: Claydol
|-supereffective|p2a: Claydol
|-damage|p2a: Claydol|0 fnt
|faint|p2a: Claydol
|
|upkeep
|
|t:|1666324234
|switch|p2a: Urshifu|Urshifu, M|100/100
|turn|3
|
|t:|1666324243
|move|p1a: The legend killer|Ice Beam|p2a: Urshifu
|-damage|p2a: Urshifu|52/100
|move|p2a: Urshifu|Wicked Blow|p1a: The legend killer
|-supereffective|p1a: The legend killer
|-crit|p1a: The legend killer
|-enditem|p1a: The legend killer|Colbur Berry|[eat]
|-enditem|p1a: The legend killer|Colbur Berry|[weaken]
|-damage|p1a: The legend killer|5/100
|
|upkeep
|turn|4
|
|t:|1666324252
|move|p1a: The legend killer|Ice Beam|p2a: Urshifu
|-damage|p2a: Urshifu|0 fnt
|faint|p2a: Urshifu
|
|upkeep
|
|t:|1666324257
|switch|p2a: Rillaboom|Rillaboom, M, shiny|100/100
|-fieldstart|move: Grassy Terrain|[from] ability: Grassy Surge|[of] p2a: Rillaboom
|turn|5
|
|t:|1666324262
|move|p2a: Rillaboom|Grassy Glide|p1a: The legend killer
|-damage|p1a: The legend killer|0 fnt
|faint|p1a: The legend killer
|
|upkeep
|
|t:|1666324267
|switch|p1a: atmospheric beast|Rayquaza|100/100
|-damage|p1a: atmospheric beast|75/100|[from] Stealth Rock
|-ability|p1a: atmospheric beast|Air Lock
|turn|6
|
|t:|1666324275
|switch|p2a: Melmetal|Melmetal|100/100
|move|p1a: atmospheric beast|V-create|p2a: Melmetal|[miss]
|-miss|p1a: atmospheric beast|p2a: Melmetal
|
|upkeep
|turn|7
|
|t:|1666324285
|move|p1a: atmospheric beast|Dragon Dance|p1a: atmospheric beast
|-boost|p1a: atmospheric beast|atk|1
|-boost|p1a: atmospheric beast|spe|1
|move|p2a: Melmetal|Thunder Punch|p1a: atmospheric beast
|-damage|p1a: atmospheric beast|29/100
|-damage|p2a: Melmetal|91/100|[from] item: Life Orb
|
|-heal|p2a: Melmetal|97/100|[from] Grassy Terrain
|upkeep
|turn|8
|
|t:|1666324295
|move|p1a: atmospheric beast|V-create|p2a: Melmetal
|-supereffective|p2a: Melmetal
|-damage|p2a: Melmetal|0 fnt
|-unboost|p1a: atmospheric beast|spe|1
|-unboost|p1a: atmospheric beast|def|1
|-unboost|p1a: atmospheric beast|spd|1
|faint|p2a: Melmetal
|
|upkeep
|
|t:|1666324300
|switch|p2a: Xerneas|Xerneas, shiny|100/100
|-ability|p2a: Xerneas|Fairy Aura
|turn|9
|
|t:|1666324306
|move|p1a: atmospheric beast|Dragon Ascent|p2a: Xerneas
|-damage|p2a: Xerneas|19/100
|-unboost|p1a: atmospheric beast|def|1
|-unboost|p1a: atmospheric beast|spd|1
|move|p2a: Xerneas|Thunderbolt|p1a: atmospheric beast
|-damage|p1a: atmospheric beast|0 fnt
|faint|p1a: atmospheric beast
|
|-heal|p2a: Xerneas|25/100|[from] Grassy Terrain
|-fieldend|move: Grassy Terrain
|upkeep
|
|t:|1666324319
|switch|p1a: Alien dragon|Eternatus|100/100
|-damage|p1a: Alien dragon|88/100|[from] Stealth Rock
|-ability|p1a: Alien dragon|Pressure
|turn|10
|
|t:|1666324326
|switch|p2a: Calyrex|Calyrex-Shadow|100/100
|-ability|p2a: Calyrex|As One
|-ability|p2a: Calyrex|Unnerve
|move|p1a: Alien dragon|Poison Jab|p2a: Calyrex
|-resisted|p2a: Calyrex
|-damage|p2a: Calyrex|87/100
|
|upkeep
|turn|11
|
|t:|1666324337
|move|p2a: Calyrex|Nasty Plot|p2a: Calyrex
|-boost|p2a: Calyrex|spa|2
|move|p1a: Alien dragon|Eternabeam|p2a: Calyrex
|-damage|p2a: Calyrex|0 fnt
|-mustrecharge|p1a: Alien dragon
|faint|p2a: Calyrex
|
|upkeep
|
|t:|1666324342
|switch|p2a: Rillaboom|Rillaboom, M, shiny|100/100
|-fieldstart|move: Grassy Terrain|[from] ability: Grassy Surge|[of] p2a: Rillaboom
|turn|12
|
|t:|1666324346
|cant|p1a: Alien dragon|recharge
|move|p2a: Rillaboom|High Horsepower|p1a: Alien dragon
|-supereffective|p1a: Alien dragon
|-damage|p1a: Alien dragon|31/100
|
|-heal|p1a: Alien dragon|37/100|[from] Grassy Terrain
|upkeep
|turn|13
|
|t:|1666324353
|move|p2a: Rillaboom|Grassy Glide|p1a: Alien dragon
|-resisted|p1a: Alien dragon
|-damage|p1a: Alien dragon|26/100
|move|p1a: Alien dragon|Flamethrower|p2a: Rillaboom
|-supereffective|p2a: Rillaboom
|-damage|p2a: Rillaboom|7/100
|
|-heal|p1a: Alien dragon|32/100|[from] Grassy Terrain
|-heal|p2a: Rillaboom|13/100|[from] Grassy Terrain
|-heal|p2a: Rillaboom|20/100|[from] item: Leftovers
|upkeep
|turn|14
|
|t:|1666324362
|move|p1a: Alien dragon|Flamethrower|p2a: Rillaboom
|-supereffective|p2a: Rillaboom
|-damage|p2a: Rillaboom|0 fnt
|faint|p2a: Rillaboom
|
|-heal|p1a: Alien dragon|39/100|[from] Grassy Terrain
|upkeep
|
|t:|1666324364
|switch|p2a: Xerneas|Xerneas, shiny|25/100
|-ability|p2a: Xerneas|Fairy Aura
|turn|15
|
|t:|1666324370
|move|p1a: Alien dragon|Poison Jab|p2a: Xerneas
|-supereffective|p2a: Xerneas
|-damage|p2a: Xerneas|0 fnt
|faint|p2a: Xerneas
|
|win|Bipin Khanal
|raw|Bipin Khanal's rating: 1166 &rarr; <strong>1187</strong><br />(+21 for winning)
|raw|Dr. Connecting's rating: 1117 &rarr; <strong>1096</strong><br />(-21 for losing)
|l|☆Dr. Connecting
