|raw|<div class="broadcast-blue"><strong>This battle is required to be public due to a player having a name starting with 'ULTBG7V'.</div>
|j|☆PokeDuels
|j|☆ULTBG7V Braindead
|t:|1621631585
|gametype|singles
|player|p1|PokeDuels|170|1739
|player|p2|ULTBG7V Braindead|pokemaniac|1709
|teamsize|p1|6
|teamsize|p2|6
|gen|8
|tier|[Gen 8] Ubers
|rated|
|rule|Sleep Clause Mod: Limit one foe put to sleep
|rule|Species Clause: Limit one of each Pokémon
|rule|OHKO Clause: OHKO moves are banned
|rule|Evasion Moves Clause: Evasion moves are banned
|rule|Endless Battle Clause: Forcing endless battles is banned
|rule|HP Percentage Mod: HP is shown in percentages
|rule|Dynamax Clause: You cannot dynamax
|clearpoke
|poke|p1|Toxapex, F|
|poke|p1|Giratina|
|poke|p1|Tangrowth, F|
|poke|p1|Blissey, F|
|poke|p1|Eternatus|
|poke|p1|Tyranitar, F|
|poke|p2|Aerodactyl, M|
|poke|p2|Dracovish|
|poke|p2|Necrozma-Dusk-Mane|
|poke|p2|Eternatus|
|poke|p2|Yveltal|
|poke|p2|Calyrex-Shadow|
|teampreview
|j| Indercover
|j| ULTBG7V Fat
|j| Based JT Yao
|j| ULT8RQ bilelfam3D
|j|+Lacus Clyne
|
|t:|1621631618
|start
|switch|p1a: Tangrowth|Tangrowth, F|100/100
|switch|p2a: Tomi|Aerodactyl, M|100/100
|-ability|p2a: Tomi|Pressure
|turn|1
|
|t:|1621631624
|move|p2a: Tomi|Stealth Rock|p1a: Tangrowth
|-sidestart|p1: PokeDuels|move: Stealth Rock
|move|p1a: Tangrowth|Grass Knot|p2a: Tomi
|-damage|p2a: Tomi|51/100
|
|upkeep
|turn|2
|
|t:|1621631628
|move|p2a: Tomi|Taunt|p1a: Tangrowth
|-start|p1a: Tangrowth|move: Taunt
|move|p1a: Tangrowth|Grass Knot|p2a: Tomi
|-damage|p2a: Tomi|4/100
|
|upkeep
|turn|3
|
|t:|1621631633
|move|p2a: Tomi|Tailwind|p2a: Tomi
|-sidestart|p2: ULTBG7V Braindead|move: Tailwind
|move|p1a: Tangrowth|Grass Knot|p2a: Tomi
|-damage|p2a: Tomi|0 fnt
|faint|p2a: Tomi
|
|upkeep
|l|+Lacus Clyne
|
|t:|1621631641
|switch|p2a: Brebis|Eternatus|100/100
|-ability|p2a: Brebis|Pressure
|turn|4
|
|t:|1621631648
|switch|p2a: Pomme en croute|Yveltal|100/100
|-ability|p2a: Pomme en croute|Dark Aura
|switch|p1a: Blissey|Blissey, F|100/100
|
|upkeep
|turn|5
|
|t:|1621631657
|switch|p1a: Tyranitar|Tyranitar, F|100/100
|-damage|p1a: Tyranitar|88/100|[from] Stealth Rock
|-weather|Sandstorm|[from] ability: Sand Stream|[of] p1a: Tyranitar
|move|p2a: Pomme en croute|Knock Off|p1a: Tyranitar
|-resisted|p1a: Tyranitar
|-damage|p1a: Tyranitar|54/100
|-enditem|p1a: Tyranitar|Leftovers|[from] move: Knock Off|[of] p2a: Pomme en croute
|
|-weather|Sandstorm|[upkeep]
|-damage|p2a: Pomme en croute|94/100|[from] Sandstorm
|upkeep
|turn|6
|
|t:|1621631663
|move|p2a: Pomme en croute|Taunt|p1a: Tyranitar
|-start|p1a: Tyranitar|move: Taunt
|cant|p1a: Tyranitar|move: Taunt|Rest
|
|-weather|Sandstorm|[upkeep]
|-damage|p2a: Pomme en croute|88/100|[from] Sandstorm
|-sideend|p2: ULTBG7V Braindead|move: Tailwind
|upkeep
|turn|7
|
|t:|1621631672
|switch|p1a: Eternatus|Eternatus|100/100
|-damage|p1a: Eternatus|88/100|[from] Stealth Rock
|-ability|p1a: Eternatus|Pressure
|move|p2a: Pomme en croute|Knock Off|p1a: Eternatus
|-damage|p1a: Eternatus|18/100
|-enditem|p1a: Eternatus|Black Sludge|[from] move: Knock Off|[of] p2a: Pomme en croute
|
|-weather|Sandstorm|[upkeep]
|-damage|p1a: Eternatus|12/100|[from] Sandstorm
|-damage|p2a: Pomme en croute|82/100|[from] Sandstorm
|upkeep
|turn|8
|
|t:|1621631679
|move|p1a: Eternatus|Recover|p1a: Eternatus
|-heal|p1a: Eternatus|62/100
|move|p2a: Pomme en croute|Knock Off|p1a: Eternatus
|-damage|p1a: Eternatus|17/100
|
|-weather|Sandstorm|[upkeep]
|-damage|p1a: Eternatus|11/100|[from] Sandstorm
|-damage|p2a: Pomme en croute|76/100|[from] Sandstorm
|upkeep
|turn|9
|
|t:|1621631685
|move|p1a: Eternatus|Recover|p1a: Eternatus
|-heal|p1a: Eternatus|61/100
|move|p2a: Pomme en croute|Taunt|p1a: Eternatus
|-start|p1a: Eternatus|move: Taunt
|
|-weather|none
|upkeep
|turn|10
|
|t:|1621631695
|switch|p1a: Toxapex|Toxapex, F|100/100
|-damage|p1a: Toxapex|88/100|[from] Stealth Rock
|move|p2a: Pomme en croute|Knock Off|p1a: Toxapex
|-damage|p1a: Toxapex|31/100
|-damage|p2a: Pomme en croute|60/100|[from] item: Rocky Helmet|[of] p1a: Toxapex
|-enditem|p1a: Toxapex|Rocky Helmet|[from] move: Knock Off|[of] p2a: Pomme en croute
|
|upkeep
|turn|11
|j|+Lacus Clyne
|
|t:|1621631699
|switch|p1a: Eternatus|Eternatus|61/100
|-damage|p1a: Eternatus|49/100|[from] Stealth Rock
|-ability|p1a: Eternatus|Pressure
|move|p2a: Pomme en croute|Knock Off|p1a: Eternatus
|-damage|p1a: Eternatus|8/100
|
|upkeep
|turn|12
|j| TannerFrmHghschool
|
|t:|1621631704
|move|p1a: Eternatus|Recover|p1a: Eternatus
|-heal|p1a: Eternatus|58/100
|move|p2a: Pomme en croute|Taunt|p1a: Eternatus
|-start|p1a: Eternatus|move: Taunt
|
|upkeep
|turn|13
|
|t:|1621631713
|switch|p1a: Toxapex|Toxapex, F|64/100
|-damage|p1a: Toxapex|52/100|[from] Stealth Rock
|move|p2a: Pomme en croute|Knock Off|p1a: Toxapex
|-damage|p1a: Toxapex|16/100
|
|upkeep
|turn|14
|
|t:|1621631718
|switch|p1a: Eternatus|Eternatus|58/100
|-damage|p1a: Eternatus|45/100|[from] Stealth Rock
|-ability|p1a: Eternatus|Pressure
|move|p2a: Pomme en croute|Knock Off|p1a: Eternatus
|-damage|p1a: Eternatus|0 fnt
|faint|p1a: Eternatus
|
|upkeep
|
|t:|1621631721
|switch|p1a: Tyranitar|Tyranitar, F|54/100
|-damage|p1a: Tyranitar|41/100|[from] Stealth Rock
|-weather|Sandstorm|[from] ability: Sand Stream|[of] p1a: Tyranitar
|turn|15
|
|t:|1621631724
|move|p2a: Pomme en croute|Taunt|p1a: Tyranitar
|-start|p1a: Tyranitar|move: Taunt
|move|p1a: Tyranitar|Stone Edge|p2a: Pomme en croute|[miss]
|-miss|p1a: Tyranitar|p2a: Pomme en croute
|
|-weather|Sandstorm|[upkeep]
|-damage|p2a: Pomme en croute|53/100|[from] Sandstorm
|upkeep
|turn|16
|
|t:|1621631731
|switch|p2a: COPAAAAIN|Dracovish|100/100
|move|p1a: Tyranitar|Stone Edge|p2a: COPAAAAIN
|-crit|p2a: COPAAAAIN
|-damage|p2a: COPAAAAIN|24/100
|
|-weather|Sandstorm|[upkeep]
|-damage|p2a: COPAAAAIN|18/100|[from] Sandstorm
|upkeep
|turn|17
|c|☆PokeDuels|Oh shit I’m on my main account
|c|☆ULTBG7V Braindead|do you play ult?
|
|t:|1621631771
|switch|p1a: Tangrowth|Tangrowth, F|100/100
|-damage|p1a: Tangrowth|88/100|[from] Stealth Rock
|move|p2a: COPAAAAIN|Fishious Rend|p1a: Tangrowth
|-resisted|p1a: Tangrowth
|-damage|p1a: Tangrowth|43/100
|-damage|p2a: COPAAAAIN|2/100|[from] item: Rocky Helmet|[of] p1a: Tangrowth
|
|-weather|Sandstorm|[upkeep]
|-damage|p2a: COPAAAAIN|0 fnt|[from] Sandstorm
|-damage|p1a: Tangrowth|37/100|[from] Sandstorm
|faint|p2a: COPAAAAIN
|upkeep
|
|t:|1621631781
|switch|p2a: Pomme en croute|Yveltal|53/100
|-ability|p2a: Pomme en croute|Dark Aura
|turn|18
|inactive|Battle timer is ON: inactive players will automatically lose when time's up. (requested by ULTBG7V Braindead)
|c|☆PokeDuels|Yeah
|-message|PokeDuels forfeited.
|
|win|ULTBG7V Braindead
|l|☆PokeDuels
|raw|PokeDuels's rating: 1739 &rarr; <strong>1717</strong><br />(-22 for losing)
|raw|ULTBG7V Braindead's rating: 1708 &rarr; <strong>1730</strong><br />(+22 for winning)
|c|☆ULTBG7V Braindead|lol
|c|☆ULTBG7V Braindead|rip
|l|+Lacus Clyne
|l| TannerFrmHghschool
|l| ULT8RQ bilelfam3D
||Ladder isn't responding, score probably updated but might not have (Request timeout).
