|j|☆killer whale squa
|j|☆MightyWamuu
|t:|1606933338
|player|p1|killer whale squa|dawn-gen4pt|1403
|player|p2|MightyWamuu|bruno|1324
|teamsize|p1|6
|teamsize|p2|6
|gametype|singles
|gen|8
|tier|[Gen 8] Ubers
|rated|
|clearpoke
|poke|p1|Necrozma-Dusk-Mane|
|poke|p1|Regieleki|
|poke|p1|Xerneas|
|poke|p1|Eternatus|
|poke|p1|Zacian-Crowned|
|poke|p1|Yveltal|
|poke|p2|Yveltal|
|poke|p2|Palkia|
|poke|p2|Calyrex-Shadow|
|poke|p2|Ho-Oh|
|poke|p2|Zacian-Crowned|
|poke|p2|Groudon|
|rule|Sleep Clause Mod: Limit one foe put to sleep
|rule|Species Clause: Limit one of each Pokémon
|rule|OHKO Clause: OHKO moves are banned
|rule|Evasion Moves Clause: Evasion moves are banned
|rule|Endless Battle Clause: Forcing endless battles is banned
|rule|HP Percentage Mod: HP is shown in percentages
|rule|Dynamax Clause: You cannot dynamax
|teampreview
|
|t:|1606933347
|start
|switch|p1a: Regieleki|Regieleki|100/100
|switch|p2a: Groudon|Groudon|100/100
|-weather|SunnyDay|[from] ability: Drought|[of] p2a: Groudon
|turn|1
|
|t:|1606933372
|switch|p1a: Yveltal|Yveltal|100/100
|-ability|p1a: Yveltal|Dark Aura
|move|p2a: Groudon|Toxic|p1a: Yveltal
|-status|p1a: Yveltal|tox
|
|-weather|SunnyDay|[upkeep]
|-damage|p1a: Yveltal|94/100 tox|[from] psn
|upkeep
|turn|2
|j| rng loser
|
|t:|1606933383
|move|p1a: Yveltal|Dark Pulse|p2a: Groudon
|-damage|p2a: Groudon|32/100
|-damage|p1a: Yveltal|84/100 tox|[from] item: Life Orb
|move|p2a: Groudon|Stealth Rock|p1a: Yveltal
|-sidestart|p1: killer whale squa|move: Stealth Rock
|
|-weather|SunnyDay|[upkeep]
|-heal|p2a: Groudon|38/100|[from] item: Leftovers
|-damage|p1a: Yveltal|72/100 tox|[from] psn
|upkeep
|turn|3
|
|t:|1606933393
|switch|p2a: Ho-Oh|Ho-Oh|100/100
|move|p1a: Yveltal|Oblivion Wing|p2a: Ho-Oh
|-crit|p2a: Ho-Oh
|-damage|p2a: Ho-Oh|65/100
|-heal|p1a: Yveltal|100/100 tox|[from] drain|[of] p2a: Ho-Oh
|-damage|p1a: Yveltal|91/100 tox|[from] item: Life Orb
|
|-weather|SunnyDay|[upkeep]
|-damage|p1a: Yveltal|72/100 tox|[from] psn
|upkeep
|turn|4
|
|t:|1606933407
|switch|p1a: Eternatus|Eternatus|100/100
|-damage|p1a: Eternatus|88/100|[from] Stealth Rock
|-ability|p1a: Eternatus|Pressure
|move|p2a: Ho-Oh|Sacred Fire|p1a: Eternatus
|-resisted|p1a: Eternatus
|-damage|p1a: Eternatus|68/100
|
|-weather|SunnyDay|[upkeep]
|-heal|p1a: Eternatus|74/100|[from] item: Black Sludge
|upkeep
|turn|5
|
|t:|1606933418
|switch|p2a: Zacian|Zacian-Crowned|100/100
|-ability|p2a: Zacian|Intrepid Sword|boost
|-boost|p2a: Zacian|atk|1
|move|p1a: Eternatus|Toxic|p2a: Zacian
|-immune|p2a: Zacian
|
|-weather|none
|-heal|p1a: Eternatus|81/100|[from] item: Black Sludge
|upkeep
|turn|6
|
|t:|1606933426
|switch|p1a: Necrozma|Necrozma-Dusk-Mane|100/100
|-damage|p1a: Necrozma|94/100|[from] Stealth Rock
|move|p2a: Zacian|Substitute|p2a: Zacian
|-start|p2a: Zacian|Substitute
|-damage|p2a: Zacian|76/100
|
|-heal|p1a: Necrozma|100/100|[from] item: Leftovers
|upkeep
|turn|7
|
|t:|1606933434
|move|p2a: Zacian|Close Combat|p1a: Necrozma
|-damage|p1a: Necrozma|61/100
|-unboost|p2a: Zacian|def|1
|-unboost|p2a: Zacian|spd|1
|move|p1a: Necrozma|Sunsteel Strike|p2a: Zacian
|-end|p2a: Zacian|Substitute
|
|-heal|p1a: Necrozma|67/100|[from] item: Leftovers
|upkeep
|turn|8
|
|t:|1606933447
|switch|p2a: Ho-Oh|Ho-Oh|98/100
|move|p1a: Necrozma|Sunsteel Strike|p2a: Ho-Oh
|-resisted|p2a: Ho-Oh
|-damage|p2a: Ho-Oh|75/100
|
|-heal|p1a: Necrozma|73/100|[from] item: Leftovers
|upkeep
|turn|9
|
|t:|1606933460
|switch|p1a: Eternatus|Eternatus|81/100
|-damage|p1a: Eternatus|68/100|[from] Stealth Rock
|-ability|p1a: Eternatus|Pressure
|move|p2a: Ho-Oh|Sacred Fire|p1a: Eternatus
|-resisted|p1a: Eternatus
|-damage|p1a: Eternatus|55/100
|
|-heal|p1a: Eternatus|61/100|[from] item: Black Sludge
|upkeep
|turn|10
|
|t:|1606933470
|switch|p2a: Zacian|Zacian-Crowned|76/100
|-ability|p2a: Zacian|Intrepid Sword|boost
|-boost|p2a: Zacian|atk|1
|move|p1a: Eternatus|Flamethrower|p2a: Zacian
|-supereffective|p2a: Zacian
|-damage|p2a: Zacian|23/100
|
|-heal|p1a: Eternatus|67/100|[from] item: Black Sludge
|upkeep
|turn|11
|
|t:|1606933534
|move|p2a: Zacian|Play Rough|p1a: Eternatus
|-damage|p1a: Eternatus|17/100
|move|p1a: Eternatus|Flamethrower|p2a: Zacian
|-supereffective|p2a: Zacian
|-damage|p2a: Zacian|0 fnt
|faint|p2a: Zacian
|
|-heal|p1a: Eternatus|23/100|[from] item: Black Sludge
|upkeep
|
|t:|1606933570
|switch|p2a: Calyrex|Calyrex-Shadow|100/100
|-ability|p2a: Calyrex|As One
|-ability|p2a: Calyrex|Unnerve|p1: killer whale squa
|turn|12
|
|t:|1606933596
|switch|p1a: Yveltal|Yveltal|72/100 tox
|-damage|p1a: Yveltal|47/100 tox|[from] Stealth Rock
|-ability|p1a: Yveltal|Dark Aura
|move|p2a: Calyrex|Astral Barrage|p1a: Yveltal
|-resisted|p1a: Yveltal
|-damage|p1a: Yveltal|0 fnt
|faint|p1a: Yveltal
|-ability|p2a: Calyrex|Grim Neigh|boost
|-boost|p2a: Calyrex|spa|1
|
|upkeep
|
|t:|1606933605
|switch|p1a: Regieleki|Regieleki|100/100
|-damage|p1a: Regieleki|88/100|[from] Stealth Rock
|turn|13
|
|t:|1606933667
|move|p1a: Regieleki|Volt Switch|p2a: Calyrex
|-damage|p2a: Calyrex|22/100
|
|t:|1606933691
|switch|p1a: Xerneas|Xerneas|100/100|[from]move: Volt Switch
|-damage|p1a: Xerneas|88/100|[from] Stealth Rock
|-ability|p1a: Xerneas|Fairy Aura
|move|p2a: Calyrex|Astral Barrage|p1a: Xerneas
|-damage|p1a: Xerneas|0 fnt
|faint|p1a: Xerneas
|-ability|p2a: Calyrex|Grim Neigh|boost
|-boost|p2a: Calyrex|spa|1
|
|upkeep
|l| rng loser
|
|t:|1606933714
|switch|p1a: Zacian|Zacian-Crowned|100/100
|-damage|p1a: Zacian|94/100|[from] Stealth Rock
|-ability|p1a: Zacian|Intrepid Sword|boost
|-boost|p1a: Zacian|atk|1
|turn|14
|
|t:|1606933721
|move|p2a: Calyrex|Astral Barrage|p1a: Zacian
|-damage|p1a: Zacian|0 fnt
|faint|p1a: Zacian
|-ability|p2a: Calyrex|Grim Neigh|boost
|-boost|p2a: Calyrex|spa|1
|
|upkeep
|c|☆MightyWamuu|gg
|
|t:|1606933732
|switch|p1a: Regieleki|Regieleki|88/100
|-damage|p1a: Regieleki|76/100|[from] Stealth Rock
|turn|15
|c|☆killer whale squa|gg
|
|t:|1606933751
|switch|p2a: Groudon|Groudon|38/100
|-weather|SunnyDay|[from] ability: Drought|[of] p2a: Groudon
|move|p1a: Regieleki|Thunder|p2a: Groudon
|-immune|p2a: Groudon
|
|-weather|SunnyDay|[upkeep]
|-heal|p2a: Groudon|44/100|[from] item: Leftovers
|upkeep
|turn|16
|
|t:|1606933759
|switch|p1a: Eternatus|Eternatus|23/100
|-damage|p1a: Eternatus|11/100|[from] Stealth Rock
|-ability|p1a: Eternatus|Pressure
|move|p2a: Groudon|Precipice Blades|p1a: Eternatus
|-supereffective|p1a: Eternatus
|-damage|p1a: Eternatus|0 fnt
|faint|p1a: Eternatus
|
|-weather|SunnyDay|[upkeep]
|-heal|p2a: Groudon|50/100|[from] item: Leftovers
|upkeep
|
|t:|1606933764
|switch|p1a: Necrozma|Necrozma-Dusk-Mane|73/100
|-damage|p1a: Necrozma|67/100|[from] Stealth Rock
|turn|17
|
|t:|1606933772
|move|p2a: Groudon|Precipice Blades|p1a: Necrozma
|-supereffective|p1a: Necrozma
|-damage|p1a: Necrozma|13/100
|move|p1a: Necrozma|Stealth Rock|p2a: Groudon
|-sidestart|p2: MightyWamuu|move: Stealth Rock
|
|-weather|SunnyDay|[upkeep]
|-heal|p2a: Groudon|57/100|[from] item: Leftovers
|-heal|p1a: Necrozma|19/100|[from] item: Leftovers
|upkeep
|turn|18
|
|t:|1606933784
|switch|p2a: Ho-Oh|Ho-Oh|100/100
|move|p1a: Necrozma|Knock Off|p2a: Ho-Oh
|-crit|p2a: Ho-Oh
|-damage|p2a: Ho-Oh|58/100
|-enditem|p2a: Ho-Oh|Heavy-Duty Boots|[from] move: Knock Off|[of] p1a: Necrozma
|
|-weather|SunnyDay|[upkeep]
|-heal|p1a: Necrozma|25/100|[from] item: Leftovers
|upkeep
|turn|19
|
|t:|1606933793
|move|p2a: Ho-Oh|Defog|p1a: Necrozma
|-unboost|p1a: Necrozma|evasion|1
|-sideend|p1: killer whale squa|Stealth Rock|[from] move: Defog|[of] p2a: Ho-Oh
|-sideend|p2: MightyWamuu|Stealth Rock|[from] move: Defog|[of] p2a: Ho-Oh
|move|p1a: Necrozma|Morning Sun|p1a: Necrozma
|-heal|p1a: Necrozma|92/100
|
|-weather|none
|-heal|p1a: Necrozma|98/100|[from] item: Leftovers
|upkeep
|turn|20
|
|t:|1606933801
|move|p2a: Ho-Oh|Sacred Fire|p1a: Necrozma
|-supereffective|p1a: Necrozma
|-damage|p1a: Necrozma|64/100
|-status|p1a: Necrozma|brn
|move|p1a: Necrozma|Stealth Rock|p2a: Ho-Oh
|-sidestart|p2: MightyWamuu|move: Stealth Rock
|
|-heal|p1a: Necrozma|70/100 brn|[from] item: Leftovers
|-damage|p1a: Necrozma|64/100 brn|[from] brn
|upkeep
|turn|21
|
|t:|1606933810
|move|p2a: Ho-Oh|Defog|p1a: Necrozma
|-unboost|p1a: Necrozma|evasion|1
|-sideend|p2: MightyWamuu|Stealth Rock|[from] move: Defog|[of] p2a: Ho-Oh
|move|p1a: Necrozma|Knock Off|p2a: Ho-Oh
|-damage|p2a: Ho-Oh|49/100
|
|-heal|p1a: Necrozma|70/100 brn|[from] item: Leftovers
|-damage|p1a: Necrozma|64/100 brn|[from] brn
|upkeep
|turn|22
|
|t:|1606933818
|move|p2a: Ho-Oh|Sacred Fire|p1a: Necrozma
|-supereffective|p1a: Necrozma
|-damage|p1a: Necrozma|30/100 brn
|move|p1a: Necrozma|Stealth Rock|p2a: Ho-Oh
|-sidestart|p2: MightyWamuu|move: Stealth Rock
|
|-heal|p1a: Necrozma|36/100 brn|[from] item: Leftovers
|-damage|p1a: Necrozma|30/100 brn|[from] brn
|upkeep
|turn|23
|
|t:|1606933826
|switch|p1a: Regieleki|Regieleki|76/100
|move|p2a: Ho-Oh|Sacred Fire|p1a: Regieleki
|-damage|p1a: Regieleki|0 fnt
|faint|p1a: Regieleki
|
|upkeep
|
|t:|1606933830
|switch|p1a: Necrozma|Necrozma-Dusk-Mane|30/100 brn
|turn|24
|
|t:|1606933836
|move|p2a: Ho-Oh|Defog|p1a: Necrozma
|-unboost|p1a: Necrozma|evasion|1
|-sideend|p2: MightyWamuu|Stealth Rock|[from] move: Defog|[of] p2a: Ho-Oh
|move|p1a: Necrozma|Knock Off|p2a: Ho-Oh
|-damage|p2a: Ho-Oh|39/100
|
|-heal|p1a: Necrozma|36/100 brn|[from] item: Leftovers
|-damage|p1a: Necrozma|30/100 brn|[from] brn
|upkeep
|turn|25
|-message|killer whale squa forfeited.
|
|win|MightyWamuu
|l|☆killer whale squa
||Ladder (probably) updated, but score could not be retrieved (Request timeout).
