|j|☆8142e
|j|☆herp neeba
|t:|1612271918
|player|p1|8142e|hugh|
|player|p2|herp neeba|linebacker|
|teamsize|p1|6
|teamsize|p2|6
|gametype|singles
|gen|8
|tier|[Gen 8] Ubers
|rated|Tournament battle
|clearpoke
|poke|p1|Grimmsnarl, M|
|poke|p1|Necrozma-Dusk-Mane|
|poke|p1|Zekrom|
|poke|p1|Magearna|
|poke|p1|Landorus-Therian, M|
|poke|p1|Naganadel|
|poke|p2|Yveltal|
|poke|p2|Eternatus|
|poke|p2|Necrozma-Dusk-Mane|
|poke|p2|Calyrex-Shadow|
|poke|p2|Ditto|
|poke|p2|Ho-Oh|
|rule|Sleep Clause Mod: Limit one foe put to sleep
|rule|Species Clause: Limit one of each Pokémon
|rule|OHKO Clause: OHKO moves are banned
|rule|Evasion Moves Clause: Evasion moves are banned
|rule|Endless Battle Clause: Forcing endless battles is banned
|rule|HP Percentage Mod: HP is shown in percentages
|rule|Dynamax Clause: You cannot dynamax
|teampreview
|j|*Lady Monita
|
|t:|1612271926
|start
|switch|p1a: 5|Landorus-Therian, M|100/100
|switch|p2a: Necrozma|Necrozma-Dusk-Mane|100/100
|-ability|p1a: 5|Intimidate|boost
|-unboost|p2a: Necrozma|atk|1
|turn|1
|
|t:|1612271932
|move|p1a: 5|Swords Dance|p1a: 5
|-boost|p1a: 5|atk|2
|move|p2a: Necrozma|Stealth Rock|p1a: 5
|-sidestart|p1: 8142e|move: Stealth Rock
|
|upkeep
|turn|2
|
|t:|1612271940
|switch|p2a: Eternatus|Eternatus|100/100
|-ability|p2a: Eternatus|Pressure
|move|p1a: 5|Earthquake|p2a: Eternatus
|-supereffective|p2a: Eternatus
|-damage|p2a: Eternatus|0 fnt
|faint|p2a: Eternatus
|
|upkeep
|
|t:|1612271942
|switch|p2a: Ditto|Ditto|100/100
|-transform|p2a: Ditto|p1a: 5|[from] ability: Imposter
|-ability|p2a: Ditto|Intimidate|boost
|-unboost|p1a: 5|atk|1
|turn|3
|j| Luna's Bann3d N0w
|
|t:|1612271952
|move|p2a: Ditto|Explosion|p1a: 5
|-enditem|p1a: 5|Focus Sash
|-damage|p1a: 5|1/100
|faint|p2a: Ditto
|move|p1a: 5|Stealth Rock|p2: Ditto
|-sidestart|p2: herp neeba|move: Stealth Rock
|
|upkeep
|
|t:|1612271971
|switch|p2a: Calyrex|Calyrex-Shadow|100/100
|-ability|p2a: Calyrex|As One
|-ability|p2a: Calyrex|Unnerve|p1: 8142e
|-damage|p2a: Calyrex|88/100|[from] Stealth Rock
|turn|4
|c|☆8142e|Luna
|c|☆8142e|Dont watch
|c|☆8142e|Im using this against you
|c| Luna's Bann3d N0w|oh. LMAOOOO my b dawg
|c| Luna's Bann3d N0w|i was gonna bring the same thing anyway.
|
|t:|1612272010
|move|p2a: Calyrex|Astral Barrage|p1a: 5
|-damage|p1a: 5|0 fnt
|faint|p1a: 5
|-ability|p2a: Calyrex|Grim Neigh|boost
|-boost|p2a: Calyrex|spa|1
|
|upkeep
|
|t:|1612272013
|switch|p1a: 7|Grimmsnarl, M|100/100
|-damage|p1a: 7|88/100|[from] Stealth Rock
|turn|5
|l| Luna's Bann3d N0w
|
|t:|1612272017
|switch|p2a: Yveltal|Yveltal|100/100
|-ability|p2a: Yveltal|Dark Aura
|move|p1a: 7|Light Screen|p1a: 7
|-sidestart|p1: 8142e|move: Light Screen
|
|upkeep
|turn|6
|j| Suzize
|
|t:|1612272029
|switch|p1a: 4|Magearna|100/100
|-damage|p1a: 4|94/100|[from] Stealth Rock
|move|p2a: Yveltal|Knock Off|p1a: 4
|-resisted|p1a: 4
|-damage|p1a: 4|72/100
|-enditem|p1a: 4|Weakness Policy|[from] move: Knock Off|[of] p2a: Yveltal
|
|upkeep
|turn|7
|
|t:|1612272040
|move|p2a: Yveltal|U-turn|p1a: 4
|-resisted|p1a: 4
|-damage|p1a: 4|68/100
|
|t:|1612272044
|switch|p2a: Necrozma|Necrozma-Dusk-Mane|100/100|[from]move: U-turn
|-damage|p2a: Necrozma|94/100|[from] Stealth Rock
|move|p1a: 4|Iron Defense|p1a: 4
|-boost|p1a: 4|def|2
|
|-heal|p2a: Necrozma|100/100|[from] item: Leftovers
|upkeep
|turn|8
|
|t:|1612272050
|move|p2a: Necrozma|Thunder Wave|p1a: 4|[miss]
|-miss|p2a: Necrozma|p1a: 4
|move|p1a: 4|Iron Defense|p1a: 4
|-boost|p1a: 4|def|2
|
|upkeep
|turn|9
|c|☆herp neeba|cool
|
|t:|1612272055
|move|p2a: Necrozma|Thunder Wave|p1a: 4
|-status|p1a: 4|par
|move|p1a: 4|Calm Mind|p1a: 4
|-boost|p1a: 4|spa|1
|-boost|p1a: 4|spd|1
|
|upkeep
|turn|10
|
|t:|1612272058
|move|p2a: Necrozma|Earthquake|p1a: 4
|-supereffective|p1a: 4
|-damage|p1a: 4|49/100 par
|move|p1a: 4|Calm Mind|p1a: 4
|-boost|p1a: 4|spa|1
|-boost|p1a: 4|spd|1
|
|upkeep
|turn|11
|
|t:|1612272063
|move|p2a: Necrozma|Earthquake|p1a: 4
|-supereffective|p1a: 4
|-damage|p1a: 4|29/100 par
|cant|p1a: 4|par
|
|upkeep
|turn|12
|
|t:|1612272067
|move|p2a: Necrozma|Earthquake|p1a: 4
|-supereffective|p1a: 4
|-damage|p1a: 4|9/100 par
|cant|p1a: 4|par
|
|-sideend|p1: 8142e|move: Light Screen
|upkeep
|turn|13
|
|t:|1612272071
|move|p2a: Necrozma|Earthquake|p1a: 4
|-supereffective|p1a: 4
|-damage|p1a: 4|0 fnt
|faint|p1a: 4
|
|upkeep
|
|t:|1612272079
|switch|p1a: 7|Grimmsnarl, M|88/100
|-damage|p1a: 7|76/100|[from] Stealth Rock
|turn|14
|
|t:|1612272085
|move|p1a: 7|Taunt|p2a: Necrozma
|-start|p2a: Necrozma|move: Taunt
|cant|p2a: Necrozma|move: Taunt|Thunder Wave
|
|upkeep
|turn|15
|
|t:|1612272095
|switch|p2a: Yveltal|Yveltal|100/100
|-ability|p2a: Yveltal|Dark Aura
|move|p1a: 7|Reflect|p1a: 7
|-sidestart|p1: 8142e|Reflect
|
|upkeep
|turn|16
|
|t:|1612272108
|move|p1a: 7|Light Screen|p1a: 7
|-sidestart|p1: 8142e|move: Light Screen
|move|p2a: Yveltal|Knock Off|p1a: 7
|-resisted|p1a: 7
|-damage|p1a: 7|68/100
|-enditem|p1a: 7|Light Clay|[from] move: Knock Off|[of] p2a: Yveltal
|
|upkeep
|turn|17
|
|t:|1612272112
|move|p2a: Yveltal|Toxic|p1a: 7
|-status|p1a: 7|tox
|move|p1a: 7|Spirit Break|p2a: Yveltal
|-supereffective|p2a: Yveltal
|-damage|p2a: Yveltal|49/100
|-unboost|p2a: Yveltal|spa|1
|
|-damage|p1a: 7|62/100 tox|[from] psn
|upkeep
|turn|18
|
|t:|1612272120
|switch|p2a: Ho-Oh|Ho-Oh|100/100
|switch|p1a: 10|Zekrom|100/100
|-damage|p1a: 10|88/100|[from] Stealth Rock
|-ability|p1a: 10|Teravolt
|
|upkeep
|turn|19
|
|t:|1612272124
|move|p2a: Ho-Oh|Protect|p2a: Ho-Oh
|-singleturn|p2a: Ho-Oh|Protect
|move|p1a: 10|Dragon Dance|p1a: 10
|-boost|p1a: 10|atk|1
|-boost|p1a: 10|spe|1
|
|upkeep
|turn|20
|
|t:|1612272129
|move|p1a: 10|Bolt Strike|p2a: Ho-Oh
|-supereffective|p2a: Ho-Oh
|-damage|p2a: Ho-Oh|0 fnt
|-damage|p1a: 10|78/100|[from] item: Life Orb
|faint|p2a: Ho-Oh
|
|upkeep
|
|t:|1612272133
|switch|p2a: Necrozma|Necrozma-Dusk-Mane|100/100
|-damage|p2a: Necrozma|94/100|[from] Stealth Rock
|turn|21
|
|t:|1612272138
|move|p1a: 10|Bolt Strike|p2a: Necrozma|[miss]
|-miss|p1a: 10|p2a: Necrozma
|move|p2a: Necrozma|Earthquake|p1a: 10
|-supereffective|p1a: 10
|-damage|p1a: 10|48/100
|
|-heal|p2a: Necrozma|100/100|[from] item: Leftovers
|upkeep
|turn|22
|
|t:|1612272143
|move|p1a: 10|Bolt Strike|p2a: Necrozma
|-damage|p2a: Necrozma|29/100
|-damage|p1a: 10|38/100|[from] item: Life Orb
|move|p2a: Necrozma|Earthquake|p1a: 10
|-supereffective|p1a: 10
|-damage|p1a: 10|10/100
|
|-heal|p2a: Necrozma|35/100|[from] item: Leftovers
|-sideend|p1: 8142e|Reflect
|upkeep
|turn|23
|
|t:|1612272148
|move|p1a: 10|Bolt Strike|p2a: Necrozma
|-damage|p2a: Necrozma|0 fnt
|-damage|p1a: 10|0 fnt|[from] item: Life Orb
|faint|p2a: Necrozma
|faint|p1a: 10
|
|-sideend|p1: 8142e|move: Light Screen
|upkeep
|
|t:|1612272161
|switch|p1a: 7|Grimmsnarl, M|62/100 tox
|switch|p2a: Calyrex|Calyrex-Shadow|88/100
|-ability|p2a: Calyrex|As One
|-ability|p2a: Calyrex|Unnerve|p1: 8142e
|-damage|p2a: Calyrex|76/100|[from] Stealth Rock
|-damage|p1a: 7|49/100 tox|[from] Stealth Rock
|turn|24
|
|t:|1612272165
|move|p1a: 7|Light Screen|p1a: 7
|-sidestart|p1: 8142e|move: Light Screen
|move|p2a: Calyrex|Trick|p1a: 7
|-activate|p2a: Calyrex|move: Trick|[of] p1a: 7
|-item|p1a: 7|Choice Specs|[from] move: Trick
|-enditem|p2a: Calyrex|Choice Specs|[silent]|[from] move: Trick
|
|-damage|p1a: 7|43/100 tox|[from] psn
|upkeep
|turn|25
|
|t:|1612272173
|move|p2a: Calyrex|Astral Barrage|p1a: 7
|-resisted|p1a: 7
|-damage|p1a: 7|28/100 tox
|move|p1a: 7|Spirit Break|p2a: Calyrex
|-damage|p2a: Calyrex|37/100
|-unboost|p2a: Calyrex|spa|1
|
|-damage|p1a: 7|16/100 tox|[from] psn
|upkeep
|turn|26
|
|t:|1612272185
|move|p2a: Calyrex|Astral Barrage|p1a: 7
|-resisted|p1a: 7
|-damage|p1a: 7|6/100 tox
|move|p1a: 7|Spirit Break|p2a: Calyrex
|-damage|p2a: Calyrex|0 fnt
|faint|p2a: Calyrex
|
|-damage|p1a: 7|0 fnt|[from] psn
|faint|p1a: 7
|upkeep
|
|t:|1612272201
|switch|p2a: Yveltal|Yveltal|49/100
|switch|p1a: 15|Necrozma-Dusk-Mane|100/100
|-ability|p2a: Yveltal|Dark Aura
|-damage|p1a: 15|95/100|[from] Stealth Rock
|turn|27
|
|t:|1612272204
|move|p2a: Yveltal|Roost|p2a: Yveltal
|-heal|p2a: Yveltal|99/100
|-singleturn|p2a: Yveltal|move: Roost
|move|p1a: 15|Stone Edge|p2a: Yveltal
|-damage|p2a: Yveltal|64/100
|
|upkeep
|turn|28
|
|t:|1612272213
|move|p2a: Yveltal|Roost|p2a: Yveltal
|-heal|p2a: Yveltal|100/100
|-singleturn|p2a: Yveltal|move: Roost
|move|p1a: 15|Dragon Dance|p1a: 15
|-boost|p1a: 15|atk|1
|-boost|p1a: 15|spe|1
|
|-sideend|p1: 8142e|move: Light Screen
|upkeep
|turn|29
|
|t:|1612272218
|move|p1a: 15|Stone Edge|p2a: Yveltal
|-supereffective|p2a: Yveltal
|-damage|p2a: Yveltal|0 fnt
|faint|p2a: Yveltal
|
|win|8142e
|n|☆8142e|8142e
|n|☆herp neeba|herpneeba
|n|*Lady Monita|ladymonita
|n| Suzize|suzize
|l|*Lady Monita
|l|☆herp neeba
|l|☆8142e
|l| Suzize
|j| Luna's Bann3d N0w
