|html|<div class="broadcast-blue"><strong>[Gen 8] Ubers is currently suspecting Shadow Tag! For information on how to participate check out the <a href="https://www.smogon.com/forums/threads/np-ss-ubers-stage-6-tag-youre-it.3679546/">suspect thread</a>.</strong></div>
|j|☆RIP_Player
|j|☆Jackatlas007
|t:|1615849785
|player|p1|RIP_Player|firebreather|1359
|player|p2|Jackatlas007|hiker-gen4|1227
|teamsize|p1|6
|teamsize|p2|6
|gametype|singles
|gen|8
|tier|[Gen 8] Ubers
|rated|
|clearpoke
|poke|p1|Calyrex-Shadow|
|poke|p1|Tapu Lele|
|poke|p1|Darmanitan-Galar, M|
|poke|p1|Ferrothorn, M|
|poke|p1|Marshadow|
|poke|p1|Necrozma-Dusk-Mane|
|poke|p2|Calyrex-Shadow|
|poke|p2|Necrozma-Dusk-Mane|
|poke|p2|Yveltal|
|poke|p2|Darmanitan-Galar, M|
|poke|p2|Dracovish|
|poke|p2|Genesect-Burn|
|rule|Sleep Clause Mod: Limit one foe put to sleep
|rule|Species Clause: Limit one of each Pokémon
|rule|OHKO Clause: OHKO moves are banned
|rule|Evasion Moves Clause: Evasion moves are banned
|rule|Endless Battle Clause: Forcing endless battles is banned
|rule|HP Percentage Mod: HP is shown in percentages
|rule|Dynamax Clause: You cannot dynamax
|teampreview
|inactive|Battle timer is ON: inactive players will automatically lose when time's up. (requested by RIP_Player)
|
|t:|1615849796
|start
|switch|p1a: Ferrothorn|Ferrothorn, M|100/100
|switch|p2a: Darmanitan|Darmanitan-Galar, M|100/100
|turn|1
|
|t:|1615849807
|switch|p1a: Necrozma|Necrozma-Dusk-Mane|100/100
|move|p2a: Darmanitan|Fire Punch|p1a: Necrozma
|-supereffective|p1a: Necrozma
|-damage|p1a: Necrozma|69/100
|-status|p1a: Necrozma|brn
|
|-heal|p1a: Necrozma|75/100 brn|[from] item: Leftovers
|-damage|p1a: Necrozma|69/100 brn|[from] brn
|upkeep
|turn|2
|
|t:|1615849813
|move|p2a: Darmanitan|Fire Punch|p1a: Necrozma
|-supereffective|p1a: Necrozma
|-damage|p1a: Necrozma|34/100 brn
|move|p1a: Necrozma|Morning Sun|p1a: Necrozma
|-heal|p1a: Necrozma|84/100 brn
|
|-heal|p1a: Necrozma|90/100 brn|[from] item: Leftovers
|-damage|p1a: Necrozma|84/100 brn|[from] brn
|upkeep
|turn|3
|
|t:|1615849816
|move|p2a: Darmanitan|Fire Punch|p1a: Necrozma
|-supereffective|p1a: Necrozma
|-crit|p1a: Necrozma
|-damage|p1a: Necrozma|31/100 brn
|move|p1a: Necrozma|Morning Sun|p1a: Necrozma
|-heal|p1a: Necrozma|81/100 brn
|
|-heal|p1a: Necrozma|87/100 brn|[from] item: Leftovers
|-damage|p1a: Necrozma|81/100 brn|[from] brn
|upkeep
|turn|4
|
|t:|1615849822
|move|p2a: Darmanitan|Fire Punch|p1a: Necrozma
|-supereffective|p1a: Necrozma
|-damage|p1a: Necrozma|50/100 brn
|move|p1a: Necrozma|Earthquake|p2a: Darmanitan
|-damage|p2a: Darmanitan|72/100
|
|-heal|p1a: Necrozma|57/100 brn|[from] item: Leftovers
|-damage|p1a: Necrozma|50/100 brn|[from] brn
|upkeep
|turn|5
|
|t:|1615849831
|switch|p2a: Genesect|Genesect-Burn, shiny|100/100
|-ability|p2a: Genesect|Download|boost
|-boost|p2a: Genesect|spa|1
|move|p1a: Necrozma|Morning Sun|p1a: Necrozma
|-heal|p1a: Necrozma|100/100 brn
|
|-damage|p1a: Necrozma|94/100 brn|[from] brn
|upkeep
|turn|6
|
|t:|1615849834
|move|p2a: Genesect|Techno Blast|p1a: Necrozma
|-supereffective|p1a: Necrozma
|-damage|p1a: Necrozma|19/100 brn
|move|p1a: Necrozma|Stealth Rock|p2a: Genesect
|-sidestart|p2: Jackatlas007|move: Stealth Rock
|
|-heal|p1a: Necrozma|25/100 brn|[from] item: Leftovers
|-damage|p1a: Necrozma|19/100 brn|[from] brn
|upkeep
|turn|7
|
|t:|1615849842
|move|p2a: Genesect|Techno Blast|p1a: Necrozma
|-supereffective|p1a: Necrozma
|-damage|p1a: Necrozma|0 fnt
|faint|p1a: Necrozma
|
|upkeep
|
|t:|1615849850
|switch|p1a: Darmanitan|Darmanitan-Galar, M|100/100
|turn|8
|
|t:|1615849857
|move|p1a: Darmanitan|Flare Blitz|p2a: Genesect
|-supereffective|p2a: Genesect
|-damage|p2a: Genesect|0 fnt
|-damage|p1a: Darmanitan|74/100|[from] Recoil
|faint|p2a: Genesect
|
|upkeep
|
|t:|1615849865
|switch|p2a: Darmanitan|Darmanitan-Galar, M|72/100
|-damage|p2a: Darmanitan|48/100|[from] Stealth Rock
|turn|9
|
|t:|1615849869
|switch|p1a: Tapu Lele|Tapu Lele|100/100
|-fieldstart|move: Psychic Terrain|[from] ability: Psychic Surge|[of] p1a: Tapu Lele
|move|p2a: Darmanitan|Fire Punch|p1a: Tapu Lele
|-damage|p1a: Tapu Lele|39/100
|
|upkeep
|turn|10
|
|t:|1615849875
|move|p2a: Darmanitan|Fire Punch|p1a: Tapu Lele
|-damage|p1a: Tapu Lele|0 fnt
|faint|p1a: Tapu Lele
|
|upkeep
|
|t:|1615849879
|switch|p1a: Calyrex|Calyrex-Shadow|100/100
|-ability|p1a: Calyrex|As One
|-ability|p1a: Calyrex|Unnerve|p2: Jackatlas007
|turn|11
|
|t:|1615849882
|move|p1a: Calyrex|Astral Barrage|p2a: Darmanitan
|-damage|p2a: Darmanitan|0 fnt
|faint|p2a: Darmanitan
|-ability|p1a: Calyrex|Grim Neigh|boost
|-boost|p1a: Calyrex|spa|1
|
|upkeep
|
|t:|1615849888
|switch|p2a: Yveltal|Yveltal|100/100
|-damage|p2a: Yveltal|75/100|[from] Stealth Rock
|-ability|p2a: Yveltal|Dark Aura
|turn|12
|
|t:|1615849916
|switch|p1a: Ferrothorn|Ferrothorn, M|100/100
|move|p2a: Yveltal|Sucker Punch||[still]
|-fail|p2a: Yveltal
|
|-heal|p2a: Yveltal|82/100|[from] item: Leftovers
|upkeep
|turn|13
|
|t:|1615849924
|move|p2a: Yveltal|Dark Pulse|p1a: Ferrothorn
|-damage|p1a: Ferrothorn|62/100
|move|p1a: Ferrothorn|Thunder Wave|p2a: Yveltal
|-status|p2a: Yveltal|par
|
|-heal|p2a: Yveltal|88/100 par|[from] item: Leftovers
|-heal|p1a: Ferrothorn|68/100|[from] item: Leftovers
|upkeep
|turn|14
|
|t:|1615849929
|cant|p2a: Yveltal|par
|move|p1a: Ferrothorn|Leech Seed|p2a: Yveltal|[miss]
|-miss|p1a: Ferrothorn|p2a: Yveltal
|
|-heal|p2a: Yveltal|94/100 par|[from] item: Leftovers
|-heal|p1a: Ferrothorn|74/100|[from] item: Leftovers
|upkeep
|turn|15
|
|t:|1615849932
|move|p2a: Yveltal|Oblivion Wing|p1a: Ferrothorn
|-damage|p1a: Ferrothorn|45/100
|-heal|p2a: Yveltal|100/100 par|[from] drain|[of] p1a: Ferrothorn
|move|p1a: Ferrothorn|Leech Seed|p2a: Yveltal
|-start|p2a: Yveltal|move: Leech Seed
|
|-heal|p1a: Ferrothorn|51/100|[from] item: Leftovers
|-damage|p2a: Yveltal|88/100 par|[from] Leech Seed|[of] p1a: Ferrothorn
|-heal|p1a: Ferrothorn|67/100|[silent]
|upkeep
|turn|16
|
|t:|1615849937
|switch|p2a: Necrozma|Necrozma-Dusk-Mane|100/100
|-damage|p2a: Necrozma|94/100|[from] Stealth Rock
|move|p1a: Ferrothorn|Curse|p1a: Ferrothorn
|-unboost|p1a: Ferrothorn|spe|1
|-boost|p1a: Ferrothorn|atk|1
|-boost|p1a: Ferrothorn|def|1
|
|-heal|p1a: Ferrothorn|73/100|[from] item: Leftovers
|-fieldend|move: Psychic Terrain
|upkeep
|turn|17
|
|t:|1615849942
|move|p2a: Necrozma|Knock Off|p1a: Ferrothorn
|-damage|p1a: Ferrothorn|57/100
|-damage|p2a: Necrozma|82/100|[from] ability: Iron Barbs|[of] p1a: Ferrothorn
|-enditem|p1a: Ferrothorn|Leftovers|[from] move: Knock Off|[of] p2a: Necrozma
|move|p1a: Ferrothorn|Leech Seed|p2a: Necrozma|[miss]
|-miss|p1a: Ferrothorn|p2a: Necrozma
|
|upkeep
|turn|18
|
|t:|1615849947
|move|p2a: Necrozma|Photon Geyser|p1a: Ferrothorn
|-resisted|p1a: Ferrothorn
|-damage|p1a: Ferrothorn|44/100
|move|p1a: Ferrothorn|Leech Seed|p2a: Necrozma
|-start|p2a: Necrozma|move: Leech Seed
|
|-damage|p2a: Necrozma|70/100|[from] Leech Seed|[of] p1a: Ferrothorn
|-heal|p1a: Ferrothorn|57/100|[silent]
|upkeep
|turn|19
|
|t:|1615849952
|move|p2a: Necrozma|Stealth Rock|p1a: Ferrothorn
|-sidestart|p1: RIP_Player|move: Stealth Rock
|move|p1a: Ferrothorn|Curse|p1a: Ferrothorn
|-unboost|p1a: Ferrothorn|spe|1
|-boost|p1a: Ferrothorn|atk|1
|-boost|p1a: Ferrothorn|def|1
|
|-damage|p2a: Necrozma|58/100|[from] Leech Seed|[of] p1a: Ferrothorn
|-heal|p1a: Ferrothorn|71/100|[silent]
|upkeep
|turn|20
|
|t:|1615849955
|move|p2a: Necrozma|Morning Sun|p2a: Necrozma
|-heal|p2a: Necrozma|100/100
|move|p1a: Ferrothorn|Curse|p1a: Ferrothorn
|-unboost|p1a: Ferrothorn|spe|1
|-boost|p1a: Ferrothorn|atk|1
|-boost|p1a: Ferrothorn|def|1
|
|-damage|p2a: Necrozma|88/100|[from] Leech Seed|[of] p1a: Ferrothorn
|-heal|p1a: Ferrothorn|85/100|[silent]
|upkeep
|turn|21
|
|t:|1615849959
|switch|p2a: Calyrex|Calyrex-Shadow|100/100
|-ability|p2a: Calyrex|As One
|-ability|p2a: Calyrex|Unnerve|p1: RIP_Player
|move|p1a: Ferrothorn|Curse|p1a: Ferrothorn
|-unboost|p1a: Ferrothorn|spe|1
|-boost|p1a: Ferrothorn|atk|1
|-boost|p1a: Ferrothorn|def|1
|
|upkeep
|turn|22
|
|t:|1615849963
|move|p2a: Calyrex|Astral Barrage|p1a: Ferrothorn
|-damage|p1a: Ferrothorn|36/100
|move|p1a: Ferrothorn|Gyro Ball|p2a: Calyrex
|-damage|p2a: Calyrex|0 fnt
|faint|p2a: Calyrex
|
|upkeep
|
|t:|1615849978
|switch|p2a: Dracovish|Dracovish|100/100
|-damage|p2a: Dracovish|88/100|[from] Stealth Rock
|turn|23
|
|t:|1615849982
|move|p2a: Dracovish|Crunch|p1a: Ferrothorn
|-damage|p1a: Ferrothorn|27/100
|-unboost|p1a: Ferrothorn|def|1
|-damage|p2a: Dracovish|76/100|[from] ability: Iron Barbs|[of] p1a: Ferrothorn
|move|p1a: Ferrothorn|Leech Seed|p2a: Dracovish
|-start|p2a: Dracovish|move: Leech Seed
|
|-damage|p2a: Dracovish|63/100|[from] Leech Seed|[of] p1a: Ferrothorn
|-heal|p1a: Ferrothorn|38/100|[silent]
|upkeep
|turn|24
|
|t:|1615849987
|switch|p2a: Necrozma|Necrozma-Dusk-Mane|88/100
|-damage|p2a: Necrozma|82/100|[from] Stealth Rock
|move|p1a: Ferrothorn|Curse|p1a: Ferrothorn
|-unboost|p1a: Ferrothorn|spe|1
|-boost|p1a: Ferrothorn|atk|1
|-boost|p1a: Ferrothorn|def|1
|
|upkeep
|turn|25
|
|t:|1615849999
|move|p2a: Necrozma|Photon Geyser|p1a: Ferrothorn
|-resisted|p1a: Ferrothorn
|-damage|p1a: Ferrothorn|32/100
|move|p1a: Ferrothorn|Leech Seed|p2a: Necrozma
|-start|p2a: Necrozma|move: Leech Seed
|
|-damage|p2a: Necrozma|70/100|[from] Leech Seed|[of] p1a: Ferrothorn
|-heal|p1a: Ferrothorn|46/100|[silent]
|upkeep
|turn|26
|
|t:|1615850006
|switch|p2a: Yveltal|Yveltal|88/100 par
|-damage|p2a: Yveltal|63/100 par|[from] Stealth Rock
|-ability|p2a: Yveltal|Dark Aura
|move|p1a: Ferrothorn|Leech Seed|p2a: Yveltal
|-start|p2a: Yveltal|move: Leech Seed
|
|-heal|p2a: Yveltal|69/100 par|[from] item: Leftovers
|-damage|p2a: Yveltal|57/100 par|[from] Leech Seed|[of] p1a: Ferrothorn
|-heal|p1a: Ferrothorn|62/100|[silent]
|upkeep
|turn|27
|
|t:|1615850011
|cant|p2a: Yveltal|par
|move|p1a: Ferrothorn|Gyro Ball|p2a: Yveltal
|-damage|p2a: Yveltal|0 fnt
|faint|p2a: Yveltal
|
|upkeep
|
|t:|1615850016
|switch|p2a: Dracovish|Dracovish|63/100
|-damage|p2a: Dracovish|51/100|[from] Stealth Rock
|turn|28
|
|t:|1615850041
|move|p2a: Dracovish|Psychic Fangs|p1a: Ferrothorn
|-resisted|p1a: Ferrothorn
|-damage|p1a: Ferrothorn|58/100
|-damage|p2a: Dracovish|38/100|[from] ability: Iron Barbs|[of] p1a: Ferrothorn
|move|p1a: Ferrothorn|Leech Seed|p2a: Dracovish
|-start|p2a: Dracovish|move: Leech Seed
|
|-damage|p2a: Dracovish|26/100|[from] Leech Seed|[of] p1a: Ferrothorn
|-heal|p1a: Ferrothorn|69/100|[silent]
|upkeep
|turn|29
|-message|Jackatlas007 forfeited.
|
|win|RIP_Player
|l|☆Jackatlas007
|raw|RIP_Player's rating: 1359 &rarr; <strong>1371</strong><br />(+12 for winning)
|raw|Jackatlas007's rating: 1211 &rarr; <strong>1201</strong><br />(-10 for losing)
