|j|☆killer whale squa
|j|☆Snooz
|player|p1|killer whale squa|216|1462
|player|p2|Snooz|226|1490
|teamsize|p1|6
|teamsize|p2|6
|gametype|singles
|gen|8
|tier|[Gen 8] Ubers
|rated|
|clearpoke
|poke|p1|Zacian-Crowned|
|poke|p1|Mewtwo|
|poke|p1|Necrozma-Dusk-Mane|
|poke|p1|Tyranitar, M|
|poke|p1|Corviknight, F|
|poke|p1|Marshadow|
|poke|p2|Zacian-Crowned|
|poke|p2|Eternatus|
|poke|p2|Necrozma-Dusk-Mane|
|poke|p2|Marshadow|
|poke|p2|Lunala|
|poke|p2|Melmetal|
|rule|Sleep Clause Mod: Limit one foe put to sleep
|rule|Species Clause: Limit one of each Pokémon
|rule|OHKO Clause: OHKO moves are banned
|rule|Evasion Moves Clause: Evasion moves are banned
|rule|Endless Battle Clause: Forcing endless battles is banned
|rule|HP Percentage Mod: HP is shown in percentages
|teampreview
|inactive|Battle timer is ON: inactive players will automatically lose when time's up. (requested by Snooz)
|j| nagisa6666
|
|start
|switch|p1a: Tyranitar|Tyranitar, M|100/100
|switch|p2a: Rick Astley|Eternatus|100/100
|-ability|p2a: Rick Astley|Pressure
|-weather|Sandstorm|[from] ability: Sand Stream|[of] p1a: Tyranitar
|turn|1
|j| Big Black Chungus
|l| Big Black Chungus
|inactive|Snooz has 120 seconds left.
|
|move|p2a: Rick Astley|Dynamax Cannon|p1a: Tyranitar
|-damage|p1a: Tyranitar|77/100
|move|p1a: Tyranitar|Thunder Wave|p2a: Rick Astley
|-status|p2a: Rick Astley|par
|
|-weather|Sandstorm|[upkeep]
|-damage|p2a: Rick Astley|94/100 par|[from] Sandstorm
|-heal|p2a: Rick Astley|100/100 par|[from] item: Black Sludge
|upkeep
|turn|2
|j| Z Tester
|
|switch|p2a: Dolan Dark|Melmetal|100/100
|move|p1a: Tyranitar|Stealth Rock|p2a: Dolan Dark
|-sidestart|p2: Snooz|move: Stealth Rock
|
|-weather|Sandstorm|[upkeep]
|upkeep
|turn|3
|
|switch|p1a: Corviknight|Corviknight, F|100/100
|-ability|p1a: Corviknight|Pressure
|move|p2a: Dolan Dark|Double Iron Bash|p1a: Corviknight
|-resisted|p1a: Corviknight
|-damage|p1a: Corviknight|87/100
|-resisted|p1a: Corviknight
|-damage|p1a: Corviknight|75/100
|-hitcount|p1a: Corviknight|2
|
|-weather|Sandstorm|[upkeep]
|upkeep
|turn|4
|
|switch|p2a: Omegalul|Lunala|100/100
|-damage|p2a: Omegalul|88/100|[from] Stealth Rock
|move|p1a: Corviknight|Roost|p1a: Corviknight
|-heal|p1a: Corviknight|100/100
|-singleturn|p1a: Corviknight|move: Roost
|
|-weather|Sandstorm|[upkeep]
|-damage|p2a: Omegalul|82/100|[from] Sandstorm
|-heal|p2a: Omegalul|88/100|[from] item: Leftovers
|upkeep
|turn|5
|inactive|killer whale squa has 120 seconds left.
|
|switch|p1a: Tyranitar|Tyranitar, M|77/100
|move|p2a: Omegalul|Roost|p2a: Omegalul
|-heal|p2a: Omegalul|100/100
|-singleturn|p2a: Omegalul|move: Roost
|
|-weather|none
|upkeep
|turn|6
|inactive|killer whale squa has 120 seconds left.
|
|switch|p2a: Sanik|Zacian-Crowned|100/100
|-damage|p2a: Sanik|94/100|[from] Stealth Rock
|-ability|p2a: Sanik|Intrepid Sword|boost
|-boost|p2a: Sanik|atk|1
|move|p1a: Tyranitar|Thunder Wave|p2a: Sanik
|-status|p2a: Sanik|par
|
|upkeep
|turn|7
|
|switch|p1a: Corviknight|Corviknight, F|100/100
|-ability|p1a: Corviknight|Pressure
|move|p2a: Sanik|Close Combat|p1a: Corviknight
|-damage|p1a: Corviknight|54/100
|-unboost|p2a: Sanik|def|1
|-unboost|p2a: Sanik|spd|1
|
|upkeep
|turn|8
|inactive|killer whale squa has 120 seconds left.
|
|move|p2a: Sanik|Close Combat|p1a: Corviknight
|-damage|p1a: Corviknight|7/100
|-unboost|p2a: Sanik|def|1
|-unboost|p2a: Sanik|spd|1
|move|p1a: Corviknight|Roost|p1a: Corviknight
|-heal|p1a: Corviknight|57/100
|-singleturn|p1a: Corviknight|move: Roost
|
|upkeep
|turn|9
|inactive|killer whale squa has 120 seconds left.
|
|move|p2a: Sanik|Swords Dance|p2a: Sanik
|-boost|p2a: Sanik|atk|2
|move|p1a: Corviknight|Roost|p1a: Corviknight
|-heal|p1a: Corviknight|100/100
|-singleturn|p1a: Corviknight|move: Roost
|
|upkeep
|turn|10
|
|cant|p2a: Sanik|par
|move|p1a: Corviknight|Iron Defense|p1a: Corviknight
|-boost|p1a: Corviknight|def|2
|
|upkeep
|turn|11
|
|switch|p2a: Omegalul|Lunala|100/100
|-damage|p2a: Omegalul|88/100|[from] Stealth Rock
|move|p1a: Corviknight|Body Press|p2a: Omegalul
|-immune|p2a: Omegalul
|
|-heal|p2a: Omegalul|94/100|[from] item: Leftovers
|upkeep
|turn|12
|
|switch|p1a: Tyranitar|Tyranitar, M|77/100
|-weather|Sandstorm|[from] ability: Sand Stream|[of] p1a: Tyranitar
|move|p2a: Omegalul|Defog|p1a: Tyranitar
|-unboost|p1a: Tyranitar|evasion|1
|-sideend|p2: Snooz|Stealth Rock|[from] move: Defog|[of] p2a: Omegalul
|
|-weather|Sandstorm|[upkeep]
|-damage|p2a: Omegalul|88/100|[from] Sandstorm
|-heal|p2a: Omegalul|94/100|[from] item: Leftovers
|upkeep
|turn|13
|
|switch|p2a: Sanik|Zacian-Crowned|94/100 par
|-ability|p2a: Sanik|Intrepid Sword|boost
|-boost|p2a: Sanik|atk|1
|move|p1a: Tyranitar|Stealth Rock|p2a: Sanik
|-sidestart|p2: Snooz|move: Stealth Rock
|
|-weather|Sandstorm|[upkeep]
|upkeep
|turn|14
|
|switch|p1a: Corviknight|Corviknight, F|100/100
|-ability|p1a: Corviknight|Pressure
|move|p2a: Sanik|Swords Dance|p2a: Sanik
|-boost|p2a: Sanik|atk|2
|
|-weather|Sandstorm|[upkeep]
|upkeep
|turn|15
|
|move|p2a: Sanik|Close Combat|p1a: Corviknight
|-damage|p1a: Corviknight|30/100
|-unboost|p2a: Sanik|def|1
|-unboost|p2a: Sanik|spd|1
|move|p1a: Corviknight|Iron Defense|p1a: Corviknight
|-boost|p1a: Corviknight|def|2
|
|-weather|Sandstorm|[upkeep]
|upkeep
|turn|16
|
|move|p2a: Sanik|Close Combat|p1a: Corviknight
|-damage|p1a: Corviknight|0 fnt
|-unboost|p2a: Sanik|def|1
|-unboost|p2a: Sanik|spd|1
|faint|p1a: Corviknight
|
|-weather|none
|upkeep
|
|switch|p1a: Necrozma|Necrozma-Dusk-Mane|100/100
|turn|17
|
|switch|p2a: Omegalul|Lunala|94/100
|-damage|p2a: Omegalul|82/100|[from] Stealth Rock
|move|p1a: Necrozma|Dragon Dance|p1a: Necrozma
|-boost|p1a: Necrozma|atk|1
|-boost|p1a: Necrozma|spe|1
|
|-heal|p2a: Omegalul|88/100|[from] item: Leftovers
|upkeep
|turn|18
|
|-start|p1a: Necrozma|Dynamax
|-heal|p1a: Necrozma|100/100|[silent]
|move|p1a: Necrozma|Max Steelspike|p2a: Omegalul
|-damage|p2a: Omegalul|31/100
|-boost|p1a: Necrozma|def|1
|move|p2a: Omegalul|Roost|p2a: Omegalul
|-heal|p2a: Omegalul|81/100
|-singleturn|p2a: Omegalul|move: Roost
|
|-heal|p2a: Omegalul|87/100|[from] item: Leftovers
|upkeep
|turn|19
|
|move|p1a: Necrozma|Max Steelspike|p2a: Omegalul
|-damage|p2a: Omegalul|29/100
|-boost|p1a: Necrozma|def|1
|move|p2a: Omegalul|Roost|p2a: Omegalul
|-heal|p2a: Omegalul|79/100
|-singleturn|p2a: Omegalul|move: Roost
|
|-heal|p2a: Omegalul|85/100|[from] item: Leftovers
|upkeep
|turn|20
|
|move|p1a: Necrozma|Max Steelspike|p2a: Omegalul
|-damage|p2a: Omegalul|31/100
|-boost|p1a: Necrozma|def|1
|move|p2a: Omegalul|Roost|p2a: Omegalul
|-heal|p2a: Omegalul|81/100
|-singleturn|p2a: Omegalul|move: Roost
|
|-heal|p2a: Omegalul|87/100|[from] item: Leftovers
|-end|p1a: Necrozma|Dynamax
|-heal|p1a: Necrozma|100/100|[silent]
|upkeep
|turn|21
|
|move|p1a: Necrozma|Dragon Dance|p1a: Necrozma
|-boost|p1a: Necrozma|atk|1
|-boost|p1a: Necrozma|spe|1
|move|p2a: Omegalul|Calm Mind|p2a: Omegalul
|-boost|p2a: Omegalul|spa|1
|-boost|p2a: Omegalul|spd|1
|
|-heal|p2a: Omegalul|93/100|[from] item: Leftovers
|upkeep
|turn|22
|
|move|p1a: Necrozma|Sunsteel Strike|p2a: Omegalul
|-damage|p2a: Omegalul|39/100
|move|p2a: Omegalul|Roost|p2a: Omegalul
|-heal|p2a: Omegalul|89/100
|-singleturn|p2a: Omegalul|move: Roost
|
|-heal|p2a: Omegalul|95/100|[from] item: Leftovers
|upkeep
|turn|23
|inactive|Snooz has 120 seconds left.
|
|move|p1a: Necrozma|Dragon Dance|p1a: Necrozma
|-boost|p1a: Necrozma|atk|1
|-boost|p1a: Necrozma|spe|1
|move|p2a: Omegalul|Roost|p2a: Omegalul
|-heal|p2a: Omegalul|100/100
|-singleturn|p2a: Omegalul|move: Roost
|
|upkeep
|turn|24
|
|move|p1a: Necrozma|Sunsteel Strike|p2a: Omegalul
|-damage|p2a: Omegalul|67/100
|move|p2a: Omegalul|Moongeist Beam|p1a: Necrozma
|-supereffective|p1a: Necrozma
|-damage|p1a: Necrozma|17/100
|
|-heal|p1a: Necrozma|23/100|[from] item: Leftovers
|-heal|p2a: Omegalul|73/100|[from] item: Leftovers
|upkeep
|turn|25
|
|move|p1a: Necrozma|Sunsteel Strike|p2a: Omegalul
|-damage|p2a: Omegalul|0 fnt
|faint|p2a: Omegalul
|
|-heal|p1a: Necrozma|29/100|[from] item: Leftovers
|upkeep
|
|switch|p2a: Protek|Necrozma-Dusk-Mane|100/100
|-damage|p2a: Protek|94/100|[from] Stealth Rock
|turn|26
|
|move|p1a: Necrozma|Earthquake|p2a: Protek
|-supereffective|p2a: Protek
|-damage|p2a: Protek|29/100
|move|p2a: Protek|Thunder Wave|p1a: Necrozma
|-status|p1a: Necrozma|par
|
|-heal|p1a: Necrozma|36/100 par|[from] item: Leftovers
|-heal|p2a: Protek|35/100|[from] item: Leftovers
|upkeep
|turn|27
|
|move|p1a: Necrozma|Earthquake|p2a: Protek
|-supereffective|p2a: Protek
|-damage|p2a: Protek|0 fnt
|faint|p2a: Protek
|
|-heal|p1a: Necrozma|42/100 par|[from] item: Leftovers
|upkeep
|
|switch|p2a: Crippling depressi|Marshadow|100/100
|-damage|p2a: Crippling depressi|94/100|[from] Stealth Rock
|turn|28
|
|move|p2a: Crippling depressi|Spectral Thief||[still]
|-clearpositiveboost|p1a: Necrozma|p2a: Crippling depressi|move: Spectral Thief
|-boost|p2a: Crippling depressi|atk|3
|-boost|p2a: Crippling depressi|def|3
|-boost|p2a: Crippling depressi|spe|3
|-anim|p2a: Crippling depressi|Spectral Thief|p1a: Necrozma
|-supereffective|p1a: Necrozma
|-damage|p1a: Necrozma|0 fnt
|faint|p1a: Necrozma
|
|upkeep
|
|switch|p1a: Tyranitar|Tyranitar, M|77/100
|-weather|Sandstorm|[from] ability: Sand Stream|[of] p1a: Tyranitar
|turn|29
|
|move|p2a: Crippling depressi|Close Combat|p1a: Tyranitar
|-supereffective|p1a: Tyranitar
|-enditem|p1a: Tyranitar|Chople Berry|[eat]
|-enditem|p1a: Tyranitar|Chople Berry|[weaken]
|-damage|p1a: Tyranitar|0 fnt
|-unboost|p2a: Crippling depressi|def|1
|-unboost|p2a: Crippling depressi|spd|1
|faint|p1a: Tyranitar
|
|-weather|Sandstorm|[upkeep]
|-damage|p2a: Crippling depressi|88/100|[from] Sandstorm
|upkeep
|
|switch|p1a: Mewtwo|Mewtwo|100/100
|-ability|p1a: Mewtwo|Pressure
|turn|30
|
|move|p2a: Crippling depressi|Spectral Thief|p1a: Mewtwo
|-supereffective|p1a: Mewtwo
|-damage|p1a: Mewtwo|0 fnt
|faint|p1a: Mewtwo
|
|-weather|Sandstorm|[upkeep]
|-damage|p2a: Crippling depressi|82/100|[from] Sandstorm
|upkeep
|
|switch|p1a: Marshadow|Marshadow|100/100
|turn|31
|
|-start|p2a: Crippling depressi|Dynamax
|-heal|p2a: Crippling depressi|82/100|[silent]
|move|p1a: Marshadow|Shadow Sneak|p2a: Crippling depressi
|-supereffective|p2a: Crippling depressi
|-damage|p2a: Crippling depressi|61/100
|move|p2a: Crippling depressi|Max Phantasm|p1a: Marshadow
|-supereffective|p1a: Marshadow
|-damage|p1a: Marshadow|0 fnt
|faint|p1a: Marshadow
|
|-weather|Sandstorm|[upkeep]
|-damage|p2a: Crippling depressi|58/100|[from] Sandstorm
|upkeep
|
|switch|p1a: Zacian|Zacian-Crowned|100/100
|-ability|p1a: Zacian|Intrepid Sword|boost
|-boost|p1a: Zacian|atk|1
|turn|32
|
|move|p2a: Crippling depressi|Max Phantasm|p1a: Zacian
|-damage|p1a: Zacian|0 fnt
|faint|p1a: Zacian
|
|win|Snooz
|c|☆Snooz|gg
|raw|killer whale squa's rating: 1462 &rarr; <strong>1444</strong><br />(-18 for losing)
|raw|Snooz's rating: 1490 &rarr; <strong>1508</strong><br />(+18 for winning)
|c|☆killer whale squa|gg
|l| Z Tester
|l|☆killer whale squa
