|html|<div class="broadcast-blue"><strong>[Gen 8] Ubers is currently suspecting Shadow Tag! For information on how to participate check out the <a href="https://www.smogon.com/forums/threads/np-ss-ubers-stage-6-tag-youre-it.3679546/">suspect thread</a>.</strong></div>
|j|☆Malkobaran
|j|☆85792195wwww
|t:|1615560050
|player|p1|Malkobaran|169|1355
|player|p2|85792195wwww|lady|1495
|teamsize|p1|6
|teamsize|p2|6
|gametype|singles
|gen|8
|tier|[Gen 8] Ubers
|rated|
|clearpoke
|poke|p1|Calyrex-Shadow|
|poke|p1|Eternatus|
|poke|p1|Ho-Oh|
|poke|p1|Necrozma-Dusk-Mane|
|poke|p1|Pheromosa|
|poke|p1|Marshadow|
|poke|p2|Eternatus|
|poke|p2|Shedinja|
|poke|p2|Calyrex-Shadow|
|poke|p2|Groudon|
|poke|p2|Zacian|
|poke|p2|Melmetal|
|rule|Sleep Clause Mod: Limit one foe put to sleep
|rule|Species Clause: Limit one of each Pokémon
|rule|OHKO Clause: OHKO moves are banned
|rule|Evasion Moves Clause: Evasion moves are banned
|rule|Endless Battle Clause: Forcing endless battles is banned
|rule|HP Percentage Mod: HP is shown in percentages
|rule|Dynamax Clause: You cannot dynamax
|teampreview
|inactive|Battle timer is ON: inactive players will automatically lose when time's up. (requested by Malkobaran)
|
|t:|1615560081
|start
|switch|p1a: Calyrex|Calyrex-Shadow|100/100
|switch|p2a: Calyrex|Calyrex-Shadow|100/100
|-ability|p1a: Calyrex|As One
|-ability|p1a: Calyrex|Unnerve|p2: 85792195wwww
|-ability|p2a: Calyrex|As One
|-ability|p2a: Calyrex|Unnerve|p1: Malkobaran
|turn|1
|
|t:|1615560093
|move|p1a: Calyrex|Astral Barrage|p2a: Calyrex
|-supereffective|p2a: Calyrex
|-enditem|p2a: Calyrex|Focus Sash
|-damage|p2a: Calyrex|1/100
|move|p2a: Calyrex|Astral Barrage|p1a: Calyrex
|-supereffective|p1a: Calyrex
|-damage|p1a: Calyrex|0 fnt
|faint|p1a: Calyrex
|-ability|p2a: Calyrex|Grim Neigh|boost
|-boost|p2a: Calyrex|spa|1
|
|upkeep
|
|t:|1615560097
|switch|p1a: Marshadow|Marshadow|100/100
|turn|2
|
|t:|1615560112
|switch|p2a: Melmetal|Melmetal|100/100
|move|p1a: Marshadow|Spectral Thief|p2a: Melmetal
|-damage|p2a: Melmetal|75/100
|
|upkeep
|turn|3
|
|t:|1615560120
|switch|p1a: Ho-Oh|Ho-Oh|100/100
|move|p2a: Melmetal|Double Iron Bash|p1a: Ho-Oh
|-resisted|p1a: Ho-Oh
|-damage|p1a: Ho-Oh|80/100
|-resisted|p1a: Ho-Oh
|-damage|p1a: Ho-Oh|61/100
|-hitcount|p1a: Ho-Oh|2
|
|upkeep
|turn|4
|
|t:|1615560130
|move|p1a: Ho-Oh|Sacred Fire|p2a: Melmetal
|-supereffective|p2a: Melmetal
|-damage|p2a: Melmetal|31/100
|-status|p2a: Melmetal|brn
|move|p2a: Melmetal|Rock Slide|p1a: Ho-Oh
|-supereffective|p1a: Ho-Oh
|-damage|p1a: Ho-Oh|0 fnt
|faint|p1a: Ho-Oh
|
|-damage|p2a: Melmetal|25/100 brn|[from] brn
|upkeep
|
|t:|1615560139
|switch|p1a: Pheromosa|Pheromosa|100/100
|turn|5
|
|t:|1615560153
|switch|p2a: Zacian|Zacian|100/100
|-ability|p2a: Zacian|Intrepid Sword|boost
|-boost|p2a: Zacian|atk|1
|move|p1a: Pheromosa|Close Combat|p2a: Zacian
|-resisted|p2a: Zacian
|-damage|p2a: Zacian|72/100
|-unboost|p1a: Pheromosa|def|1
|-unboost|p1a: Pheromosa|spd|1
|
|upkeep
|turn|6
|
|t:|1615560171
|move|p1a: Pheromosa|U-turn|p2a: Zacian
|-resisted|p2a: Zacian
|-damage|p2a: Zacian|55/100
|
|t:|1615560176
|switch|p1a: Necrozma|Necrozma-Dusk-Mane|100/100|[from]move: U-turn
|move|p2a: Zacian|Swords Dance|p2a: Zacian
|-boost|p2a: Zacian|atk|2
|
|upkeep
|turn|7
|
|t:|1615560187
|move|p2a: Zacian|Crunch|p1a: Necrozma
|-supereffective|p1a: Necrozma
|-damage|p1a: Necrozma|32/100
|-damage|p2a: Zacian|45/100|[from] item: Life Orb
|move|p1a: Necrozma|Stealth Rock|p2a: Zacian
|-sidestart|p2: 85792195wwww|move: Stealth Rock
|
|-heal|p1a: Necrozma|38/100|[from] item: Leftovers
|upkeep
|turn|8
|
|t:|1615560196
|move|p2a: Zacian|Crunch|p1a: Necrozma
|-supereffective|p1a: Necrozma
|-damage|p1a: Necrozma|0 fnt
|-damage|p2a: Zacian|35/100|[from] item: Life Orb
|faint|p1a: Necrozma
|
|upkeep
|
|t:|1615560203
|switch|p1a: Marshadow|Marshadow|100/100
|turn|9
|
|t:|1615560209
|switch|p2a: Melmetal|Melmetal|25/100 brn
|-damage|p2a: Melmetal|18/100 brn|[from] Stealth Rock
|move|p1a: Marshadow|Spectral Thief|p2a: Melmetal
|-damage|p2a: Melmetal|0 fnt
|faint|p2a: Melmetal
|
|upkeep
|
|t:|1615560220
|switch|p2a: Eternatus|Eternatus|100/100
|-damage|p2a: Eternatus|88/100|[from] Stealth Rock
|-ability|p2a: Eternatus|Pressure
|turn|10
|
|t:|1615560229
|switch|p1a: Eternatus|Eternatus|100/100
|-ability|p1a: Eternatus|Pressure
|move|p2a: Eternatus|Dynamax Cannon|p1a: Eternatus
|-supereffective|p1a: Eternatus
|-damage|p1a: Eternatus|0 fnt
|-damage|p2a: Eternatus|78/100|[from] item: Life Orb
|faint|p1a: Eternatus
|
|upkeep
|
|t:|1615560234
|switch|p1a: Pheromosa|Pheromosa|100/100
|turn|11
|
|t:|1615560247
|switch|p2a: Calyrex|Calyrex-Shadow|1/100
|-ability|p2a: Calyrex|As One
|-ability|p2a: Calyrex|Unnerve|p1: Malkobaran
|-damage|p2a: Calyrex|0 fnt|[from] Stealth Rock
|faint|p2a: Calyrex
|move|p1a: Pheromosa|Ice Beam|p2: Calyrex|[notarget]
|-fail|p1a: Pheromosa
|
|upkeep
|
|t:|1615560259
|switch|p2a: Shedinja|Shedinja|100/100
|turn|12
|
|t:|1615560264
|switch|p1a: Marshadow|Marshadow|100/100
|move|p2a: Shedinja|Shadow Sneak|p1a: Marshadow
|-supereffective|p1a: Marshadow
|-damage|p1a: Marshadow|57/100
|
|upkeep
|turn|13
|
|t:|1615560276
|switch|p2a: Zacian|Zacian|35/100
|-damage|p2a: Zacian|22/100|[from] Stealth Rock
|-ability|p2a: Zacian|Intrepid Sword|boost
|-boost|p2a: Zacian|atk|1
|move|p1a: Marshadow|Bulk Up|p1a: Marshadow
|-boost|p1a: Marshadow|atk|1
|-boost|p1a: Marshadow|def|1
|
|upkeep
|turn|14
|
|t:|1615560287
|move|p1a: Marshadow|Shadow Sneak|p2a: Zacian
|-damage|p2a: Zacian|0 fnt
|faint|p2a: Zacian
|
|upkeep
|
|t:|1615560291
|switch|p2a: Eternatus|Eternatus|78/100
|-damage|p2a: Eternatus|66/100|[from] Stealth Rock
|-ability|p2a: Eternatus|Pressure
|turn|15
|
|t:|1615560301
|move|p2a: Eternatus|Dynamax Cannon|p1a: Marshadow
|-damage|p1a: Marshadow|0 fnt
|-damage|p2a: Eternatus|56/100|[from] item: Life Orb
|faint|p1a: Marshadow
|
|upkeep
|
|t:|1615560303
|switch|p1a: Pheromosa|Pheromosa|100/100
|turn|16
|-message|Malkobaran forfeited.
|
|win|85792195wwww
|l|☆Malkobaran
|raw|Malkobaran's rating: 1355 &rarr; <strong>1343</strong><br />(-12 for losing)
|raw|85792195wwww's rating: 1494 &rarr; <strong>1506</strong><br />(+12 for winning)
