|j|☆Pokemaniac Pedro
|j|☆Carl Murray
|player|p1|Pokemaniac Pedro|pokemaniac-gen1rb|
|player|p2|Carl Murray|roxie|
|teamsize|p1|6
|teamsize|p2|6
|gametype|singles
|gen|8
|tier|[Gen 8] Ubers
|rated|Tournament battle
|clearpoke
|poke|p1|Ditto|
|poke|p1|Corviknight, M|
|poke|p1|Umbreon, M|
|poke|p1|Lunala|
|poke|p1|Necrozma-Dusk-Mane|
|poke|p1|Eternatus|
|poke|p2|Melmetal|
|poke|p2|Mewtwo|
|poke|p2|Zacian-Crowned|
|poke|p2|Lunala|
|poke|p2|Necrozma-Dusk-Mane|
|poke|p2|Ditto|
|rule|Sleep Clause Mod: Limit one foe put to sleep
|rule|Species Clause: Limit one of each Pokémon
|rule|OHKO Clause: OHKO moves are banned
|rule|Evasion Moves Clause: Evasion moves are banned
|rule|Endless Battle Clause: Forcing endless battles is banned
|rule|HP Percentage Mod: HP is shown in percentages
|teampreview
|inactive|Battle timer is ON: inactive players will automatically lose when time's up. (requested by Pokemaniac Pedro)
|
|start
|switch|p1a: Ditto|Ditto, shiny|100/100
|switch|p2a: Mewtwo|Mewtwo|100/100
|-ability|p2a: Mewtwo|Pressure
|-transform|p1a: Ditto|p2a: Mewtwo|[from] ability: Imposter
|-ability|p1a: Ditto|Pressure
|turn|1
|j|+LJDarkrai
|
|switch|p1a: Umbreon|Umbreon, M, shiny|100/100
|switch|p2a: Zacian|Zacian-Crowned|100/100
|-ability|p2a: Zacian|Intrepid Sword|boost
|-boost|p2a: Zacian|atk|1
|
|upkeep
|turn|2
|
|switch|p1a: Necrozma|Necrozma-Dusk-Mane|100/100
|move|p2a: Zacian|Wild Charge|p1a: Necrozma
|-damage|p1a: Necrozma|71/100
|-damage|p2a: Zacian|91/100|[from] Recoil
|
|-heal|p1a: Necrozma|77/100|[from] item: Leftovers
|upkeep
|turn|3
|
|switch|p2a: Necrozma|Necrozma-Dusk-Mane|100/100
|move|p1a: Necrozma|Stealth Rock|p2a: Necrozma
|-sidestart|p2: Carl Murray|move: Stealth Rock
|
|-heal|p1a: Necrozma|83/100|[from] item: Leftovers
|upkeep
|turn|4
|
|switch|p1a: Corviknight|Corviknight, M|100/100
|-ability|p1a: Corviknight|Pressure
|move|p2a: Necrozma|Stealth Rock|p1a: Corviknight
|-sidestart|p1: Pokemaniac Pedro|move: Stealth Rock
|
|upkeep
|turn|5
|
|switch|p2a: Ditto|Ditto|100/100
|-damage|p2a: Ditto|88/100|[from] Stealth Rock
|-transform|p2a: Ditto|p1a: Corviknight|[from] ability: Imposter
|-ability|p2a: Ditto|Pressure
|move|p1a: Corviknight|U-turn|p2a: Ditto
|-resisted|p2a: Ditto
|-damage|p2a: Ditto|85/100
|j|+kingbaruk
|
|switch|p1a: Eternatus|Eternatus|100/100|[from]move: U-turn
|-damage|p1a: Eternatus|88/100|[from] Stealth Rock
|-ability|p1a: Eternatus|Pressure
|
|-heal|p1a: Eternatus|94/100|[from] item: Leftovers
|upkeep
|turn|6
|
|switch|p2a: Lunala|Lunala|100/100
|-damage|p2a: Lunala|88/100|[from] Stealth Rock
|move|p1a: Eternatus|Flamethrower|p2a: Lunala
|-damage|p2a: Lunala|75/100
|
|-heal|p1a: Eternatus|100/100|[from] item: Leftovers
|-heal|p2a: Lunala|81/100|[from] item: Leftovers
|upkeep
|turn|7
|
|switch|p2a: Melmetal|Melmetal|100/100
|-damage|p2a: Melmetal|94/100|[from] Stealth Rock
|move|p1a: Eternatus|Toxic|p2a: Melmetal
|-immune|p2a: Melmetal
|
|upkeep
|turn|8
|
|move|p1a: Eternatus|Flamethrower|p2a: Melmetal
|-supereffective|p2a: Melmetal
|-damage|p2a: Melmetal|34/100
|move|p2a: Melmetal|Thunder Punch|p1a: Eternatus
|-resisted|p1a: Eternatus
|-damage|p1a: Eternatus|82/100
|
|-heal|p1a: Eternatus|88/100|[from] item: Leftovers
|upkeep
|turn|9
|
|switch|p2a: Necrozma|Necrozma-Dusk-Mane|100/100
|-damage|p2a: Necrozma|94/100|[from] Stealth Rock
|move|p1a: Eternatus|Flamethrower|p2a: Necrozma
|-supereffective|p2a: Necrozma
|-damage|p2a: Necrozma|61/100
|
|-heal|p1a: Eternatus|95/100|[from] item: Leftovers
|-heal|p2a: Necrozma|67/100|[from] item: Leftovers
|upkeep
|turn|10
|
|switch|p2a: Melmetal|Melmetal|34/100
|-damage|p2a: Melmetal|28/100|[from] Stealth Rock
|move|p1a: Eternatus|Flamethrower|p2a: Melmetal
|-supereffective|p2a: Melmetal
|-damage|p2a: Melmetal|0 fnt
|faint|p2a: Melmetal
|
|-heal|p1a: Eternatus|100/100|[from] item: Leftovers
|upkeep
|
|switch|p2a: Mewtwo|Mewtwo|100/100
|-damage|p2a: Mewtwo|88/100|[from] Stealth Rock
|-ability|p2a: Mewtwo|Pressure
|turn|11
|
|switch|p1a: Umbreon|Umbreon, M, shiny|100/100
|-damage|p1a: Umbreon|88/100|[from] Stealth Rock
|move|p2a: Mewtwo|Nasty Plot|p2a: Mewtwo
|-boost|p2a: Mewtwo|spa|2
|
|-heal|p1a: Umbreon|94/100|[from] item: Leftovers
|upkeep
|turn|12
|
|-start|p1a: Umbreon|Dynamax
|-heal|p1a: Umbreon|94/100|[silent]
|move|p2a: Mewtwo|Ice Beam|p1a: Umbreon
|-damage|p1a: Umbreon|71/100
|-damage|p2a: Mewtwo|78/100|[from] item: Life Orb
|move|p1a: Umbreon|Max Darkness|p2a: Mewtwo
|-supereffective|p2a: Mewtwo
|-damage|p2a: Mewtwo|13/100
|-unboost|p2a: Mewtwo|spd|1
|
|-heal|p1a: Umbreon|74/100|[from] item: Leftovers
|upkeep
|turn|13
|
|move|p2a: Mewtwo|Ice Beam|p1a: Umbreon
|-damage|p1a: Umbreon|48/100
|-damage|p2a: Mewtwo|3/100|[from] item: Life Orb
|move|p1a: Umbreon|Max Darkness|p2a: Mewtwo
|-supereffective|p2a: Mewtwo
|-damage|p2a: Mewtwo|0 fnt
|faint|p2a: Mewtwo
|
|-heal|p1a: Umbreon|51/100|[from] item: Leftovers
|upkeep
|
|switch|p2a: Zacian|Zacian-Crowned|91/100
|-damage|p2a: Zacian|85/100|[from] Stealth Rock
|-ability|p2a: Zacian|Intrepid Sword|boost
|-boost|p2a: Zacian|atk|1
|turn|14
|
|-end|p1a: Umbreon|Dynamax
|-heal|p1a: Umbreon|51/100|[silent]
|switch|p1a: Necrozma|Necrozma-Dusk-Mane|83/100
|-damage|p1a: Necrozma|77/100|[from] Stealth Rock
|move|p2a: Zacian|Play Rough|p1a: Necrozma
|-resisted|p1a: Necrozma
|-damage|p1a: Necrozma|54/100
|
|-heal|p1a: Necrozma|60/100|[from] item: Leftovers
|upkeep
|turn|15
|
|move|p2a: Zacian|Swords Dance|p2a: Zacian
|-boost|p2a: Zacian|atk|2
|move|p1a: Necrozma|Morning Sun|p1a: Necrozma
|-heal|p1a: Necrozma|100/100
|
|upkeep
|turn|16
|
|move|p2a: Zacian|Behemoth Blade|p1a: Necrozma
|-resisted|p1a: Necrozma
|-damage|p1a: Necrozma|57/100
|move|p1a: Necrozma|Earthquake|p2a: Zacian
|-supereffective|p2a: Zacian
|-damage|p2a: Zacian|22/100
|
|-heal|p1a: Necrozma|63/100|[from] item: Leftovers
|upkeep
|turn|17
|
|switch|p1a: Corviknight|Corviknight, M|100/100
|-damage|p1a: Corviknight|88/100|[from] Stealth Rock
|-ability|p1a: Corviknight|Pressure
|move|p2a: Zacian|Wild Charge|p1a: Corviknight
|-supereffective|p1a: Corviknight
|-damage|p1a: Corviknight|0 fnt
|-damage|p2a: Zacian|5/100|[from] item: Rocky Helmet|[of] p1a: Corviknight
|-damage|p2a: Zacian|0 fnt|[from] Recoil
|faint|p1a: Corviknight
|faint|p2a: Zacian
|
|upkeep
|
|switch|p2a: Ditto|Ditto|85/100
|switch|p1a: Ditto|Ditto, shiny|100/100
|-damage|p1a: Ditto|88/100|[from] Stealth Rock
|-transform|p1a: Ditto|p2a: Ditto|[from] ability: Imposter
|-damage|p2a: Ditto|73/100|[from] Stealth Rock
|turn|18
|
|switch|p2a: Necrozma|Necrozma-Dusk-Mane|67/100
|-damage|p2a: Necrozma|61/100|[from] Stealth Rock
|move|p1a: Ditto|Transform||[still]
|-fail|p1a: Ditto
|
|-heal|p2a: Necrozma|67/100|[from] item: Leftovers
|upkeep
|turn|19
|
|switch|p2a: Lunala|Lunala|81/100
|-damage|p2a: Lunala|69/100|[from] Stealth Rock
|switch|p1a: Necrozma|Necrozma-Dusk-Mane|63/100
|-damage|p1a: Necrozma|57/100|[from] Stealth Rock
|
|-heal|p2a: Lunala|75/100|[from] item: Leftovers
|-heal|p1a: Necrozma|63/100|[from] item: Leftovers
|upkeep
|turn|20
|
|switch|p1a: Eternatus|Eternatus|100/100
|-damage|p1a: Eternatus|88/100|[from] Stealth Rock
|-ability|p1a: Eternatus|Pressure
|move|p2a: Lunala|Will-O-Wisp|p1a: Eternatus
|-status|p1a: Eternatus|brn
|
|-heal|p1a: Eternatus|94/100 brn|[from] item: Leftovers
|-heal|p2a: Lunala|81/100|[from] item: Leftovers
|-damage|p1a: Eternatus|88/100 brn|[from] brn
|upkeep
|turn|21
|
|switch|p2a: Necrozma|Necrozma-Dusk-Mane|67/100
|-damage|p2a: Necrozma|61/100|[from] Stealth Rock
|move|p1a: Eternatus|Flamethrower|p2a: Necrozma
|-supereffective|p2a: Necrozma
|-damage|p2a: Necrozma|24/100
|-status|p2a: Necrozma|brn
|
|-heal|p1a: Eternatus|94/100 brn|[from] item: Leftovers
|-heal|p2a: Necrozma|30/100 brn|[from] item: Leftovers
|-damage|p1a: Eternatus|88/100 brn|[from] brn
|-damage|p2a: Necrozma|24/100 brn|[from] brn
|upkeep
|turn|22
|
|switch|p2a: Ditto|Ditto|73/100
|-damage|p2a: Ditto|61/100|[from] Stealth Rock
|-transform|p2a: Ditto|p1a: Eternatus|[from] ability: Imposter
|-ability|p2a: Ditto|Pressure
|move|p1a: Eternatus|Flamethrower|p2a: Ditto
|-resisted|p2a: Ditto
|-damage|p2a: Ditto|45/100
|
|-heal|p1a: Eternatus|94/100 brn|[from] item: Leftovers
|-damage|p1a: Eternatus|88/100 brn|[from] brn
|upkeep
|turn|23
|
|move|p2a: Ditto|Recover|p2a: Ditto
|-heal|p2a: Ditto|95/100
|move|p1a: Eternatus|Flamethrower|p2a: Ditto
|-resisted|p2a: Ditto
|-damage|p2a: Ditto|79/100
|-status|p2a: Ditto|brn
|
|-heal|p1a: Eternatus|94/100 brn|[from] item: Leftovers
|-damage|p2a: Ditto|73/100 brn|[from] brn
|-damage|p1a: Eternatus|88/100 brn|[from] brn
|upkeep
|turn|24
|-message|Carl Murray forfeited.
|
|win|Pokemaniac Pedro
|l|☆Carl Murray
