|j|☆ox04
|j|☆iamnotamoron
|t:|1666016651
|gametype|singles
|player|p1|ox04|red-gen7|
|player|p2|iamnotamoron|morty-masters2|
|teamsize|p1|6
|teamsize|p2|6
|gen|8
|tier|[Gen 8] Ubers
|rated|Tournament battle
|rule|Sleep Clause Mod: Limit one foe put to sleep
|rule|Species Clause: Limit one of each Pokémon
|rule|OHKO Clause: OHKO moves are banned
|rule|Evasion Items Clause: Evasion items are banned
|rule|Evasion Moves Clause: Evasion moves are banned
|rule|Endless Battle Clause: Forcing endless battles is banned
|rule|HP Percentage Mod: HP is shown in percentages
|rule|Dynamax Clause: You cannot dynamax
|clearpoke
|poke|p1|Marshadow|
|poke|p1|Yveltal|
|poke|p1|Pheromosa|
|poke|p1|Necrozma-Dusk-Mane|
|poke|p1|Groudon|
|poke|p1|Naganadel|
|poke|p2|Calyrex-Shadow|
|poke|p2|Yveltal|
|poke|p2|Darmanitan-Galar, M|
|poke|p2|Necrozma-Dusk-Mane|
|poke|p2|Zekrom|
|poke|p2|Zygarde|
|teampreview
|c|☆iamnotamoron|hf
|c|☆ox04|glhf
|inactive|Battle timer is ON: inactive players will automatically lose when time's up. (requested by iamnotamoron)
|
|t:|1666016662
|start
|switch|p1a: Pheromosa|Pheromosa|100/100
|switch|p2a: Darmanitan|Darmanitan-Galar, M|100/100
|turn|1
|
|t:|1666016667
|move|p2a: Darmanitan|U-turn|p1a: Pheromosa
|-resisted|p1a: Pheromosa
|-damage|p1a: Pheromosa|54/100
|
|t:|1666016683
|switch|p2a: Necrozma|Necrozma-Dusk-Mane|100/100|[from]move: U-turn
|move|p1a: Pheromosa|Close Combat|p2a: Necrozma
|-damage|p2a: Necrozma|54/100
|-unboost|p1a: Pheromosa|def|1
|-unboost|p1a: Pheromosa|spd|1
|
|-heal|p2a: Necrozma|60/100|[from] item: Leftovers
|upkeep
|turn|2
|
|t:|1666016688
|move|p1a: Pheromosa|U-turn|p2a: Necrozma
|-damage|p2a: Necrozma|34/100
|
|t:|1666016690
|switch|p1a: Yveltal|Yveltal, shiny|100/100|[from]move: U-turn
|-ability|p1a: Yveltal|Dark Aura
|move|p2a: Necrozma|Stealth Rock|p1a: Yveltal
|-sidestart|p1: ox04|move: Stealth Rock
|
|-heal|p2a: Necrozma|40/100|[from] item: Leftovers
|upkeep
|turn|3
|
|t:|1666016694
|move|p1a: Yveltal|Dark Pulse|p2a: Necrozma
|-supereffective|p2a: Necrozma
|-damage|p2a: Necrozma|0 fnt
|faint|p2a: Necrozma
|-damage|p1a: Yveltal|91/100|[from] item: Life Orb
|
|upkeep
|
|t:|1666016700
|switch|p2a: Darmanitan|Darmanitan-Galar, M|100/100
|turn|4
|
|t:|1666016706
|switch|p1a: Necrozma|Necrozma-Dusk-Mane|100/100
|-damage|p1a: Necrozma|95/100|[from] Stealth Rock
|move|p2a: Darmanitan|U-turn|p1a: Necrozma
|-damage|p1a: Necrozma|64/100
|
|t:|1666016708
|switch|p2a: Zygarde|Zygarde|100/100|[from]move: U-turn
|
|-heal|p1a: Necrozma|70/100|[from] item: Leftovers
|upkeep
|turn|5
|
|t:|1666016712
|switch|p1a: Naganadel|Naganadel, shiny|100/100
|-damage|p1a: Naganadel|88/100|[from] Stealth Rock
|move|p2a: Zygarde|Substitute|p2a: Zygarde
|-start|p2a: Zygarde|Substitute
|-damage|p2a: Zygarde|76/100
|
|-heal|p2a: Zygarde|82/100|[from] item: Leftovers
|upkeep
|turn|6
|
|t:|1666016721
|move|p1a: Naganadel|Spikes|p2a: Zygarde
|-sidestart|p2: iamnotamoron|Spikes
|move|p2a: Zygarde|Dragon Dance|p2a: Zygarde
|-boost|p2a: Zygarde|atk|1
|-boost|p2a: Zygarde|spe|1
|
|-heal|p2a: Zygarde|88/100|[from] item: Leftovers
|upkeep
|turn|7
|
|t:|1666016724
|move|p2a: Zygarde|Dragon Dance|p2a: Zygarde
|-boost|p2a: Zygarde|atk|1
|-boost|p2a: Zygarde|spe|1
|move|p1a: Naganadel|Draco Meteor|p2a: Zygarde
|-supereffective|p2a: Zygarde
|-end|p2a: Zygarde|Substitute
|-unboost|p1a: Naganadel|spa|2
|-enditem|p1a: Naganadel|Eject Pack
|
|t:|1666016730
|switch|p1a: Yveltal|Yveltal, shiny|91/100
|-damage|p1a: Yveltal|66/100|[from] Stealth Rock
|-ability|p1a: Yveltal|Dark Aura
|
|-heal|p2a: Zygarde|94/100|[from] item: Leftovers
|upkeep
|turn|8
|
|t:|1666016733
|move|p2a: Zygarde|Thousand Arrows|p1a: Yveltal
|-damage|p1a: Yveltal|0 fnt
|faint|p1a: Yveltal
|
|-heal|p2a: Zygarde|99/100|[from] item: Leftovers
|upkeep
|c|☆ox04|oh shoot
|
|t:|1666016743
|switch|p1a: Groudon|Groudon|100/100
|-damage|p1a: Groudon|94/100|[from] Stealth Rock
|-weather|SunnyDay|[from] ability: Drought|[of] p1a: Groudon
|turn|9
|
|t:|1666016746
|move|p2a: Zygarde|Thousand Arrows|p1a: Groudon
|-damage|p1a: Groudon|43/100
|move|p1a: Groudon|Earthquake|p2a: Zygarde
|-damage|p2a: Zygarde|64/100
|
|-weather|SunnyDay|[upkeep]
|-heal|p2a: Zygarde|70/100|[from] item: Leftovers
|-heal|p1a: Groudon|49/100|[from] item: Leftovers
|upkeep
|turn|10
|
|t:|1666016749
|move|p2a: Zygarde|Thousand Arrows|p1a: Groudon
|-damage|p1a: Groudon|0 fnt
|faint|p1a: Groudon
|
|-weather|SunnyDay|[upkeep]
|-heal|p2a: Zygarde|76/100|[from] item: Leftovers
|upkeep
|
|t:|1666016752
|switch|p1a: Marshadow|Marshadow|100/100
|-damage|p1a: Marshadow|94/100|[from] Stealth Rock
|turn|11
|
|t:|1666016755
|move|p2a: Zygarde|Thousand Arrows|p1a: Marshadow
|-damage|p1a: Marshadow|0 fnt
|faint|p1a: Marshadow
|
|-weather|SunnyDay|[upkeep]
|-heal|p2a: Zygarde|82/100|[from] item: Leftovers
|upkeep
|
|t:|1666016757
|switch|p1a: Pheromosa|Pheromosa|54/100
|-damage|p1a: Pheromosa|41/100|[from] Stealth Rock
|turn|12
|
|t:|1666016761
|move|p2a: Zygarde|Thousand Arrows|p1a: Pheromosa
|-resisted|p1a: Pheromosa
|-damage|p1a: Pheromosa|0 fnt
|faint|p1a: Pheromosa
|
|-weather|SunnyDay|[upkeep]
|-heal|p2a: Zygarde|88/100|[from] item: Leftovers
|upkeep
|c|☆ox04|gg
|
|t:|1666016764
|switch|p1a: Naganadel|Naganadel, shiny|88/100
|-damage|p1a: Naganadel|76/100|[from] Stealth Rock
|turn|13
|c|☆iamnotamoron|gg
|c|☆ox04|oops
|
|t:|1666016767
|move|p2a: Zygarde|Thousand Arrows|p1a: Naganadel
|-supereffective|p1a: Naganadel
|-damage|p1a: Naganadel|0 fnt
|faint|p1a: Naganadel
|
|-weather|none
|-heal|p2a: Zygarde|94/100|[from] item: Leftovers
|upkeep
|
|t:|1666016769
|switch|p1a: Necrozma|Necrozma-Dusk-Mane|70/100
|-damage|p1a: Necrozma|64/100|[from] Stealth Rock
|turn|14
|
|t:|1666016772
|move|p2a: Zygarde|Thousand Arrows|p1a: Necrozma
|-supereffective|p1a: Necrozma
|-damage|p1a: Necrozma|0 fnt
|faint|p1a: Necrozma
|
|win|iamnotamoron
|n|☆ox04|ox04
|n|☆iamnotamoron|iamnotamoron
