|j|☆Zgalstrat
|j|☆ICVR
|t:|1625414148
|gametype|singles
|player|p1|Zgalstrat|giovanni|
|player|p2|ICVR|ethan|
|teamsize|p1|6
|teamsize|p2|6
|gen|8
|tier|[Gen 8] Ubers
|rule|Sleep Clause Mod: Limit one foe put to sleep
|rule|Species Clause: Limit one of each Pokémon
|rule|OHKO Clause: OHKO moves are banned
|rule|Evasion Moves Clause: Evasion moves are banned
|rule|Endless Battle Clause: Forcing endless battles is banned
|rule|HP Percentage Mod: HP is shown in percentages
|rule|Dynamax Clause: You cannot dynamax
|clearpoke
|poke|p1|Rayquaza|
|poke|p1|Yveltal|
|poke|p1|Eternatus|
|poke|p1|Necrozma-Dusk-Mane|
|poke|p1|Calyrex-Shadow|
|poke|p1|Groudon|
|poke|p2|Slurpuff, M|
|poke|p2|Eternatus|
|poke|p2|Yveltal|
|poke|p2|Necrozma-Dusk-Mane|
|poke|p2|Kyogre|
|poke|p2|Calyrex-Shadow|
|teampreview
|inactive|Battle timer is ON: inactive players will automatically lose when time's up. (requested by ICVR)
|c|☆ICVR|hf
|c|☆Zgalstrat|Gl hf
|l|☆ICVR
|inactive|ICVR disconnected and has 300 seconds to reconnect!
|player|p2|
|inactive|Zgalstrat has 270 seconds left.
|j|☆ICVR
|inactive|ICVR reconnected and has 275 seconds left.
|player|p2|ICVR|ethan
|j| Gt0x
|inactive|ICVR has 270 seconds left.
|j| Hervalt
|j| FanDeSquash17@!
|n| Fan2Rayan@!|fandesquash17
|c| Hervalt|Oh les gros pokemon là je m'enfuis
|c| Fan2Rayan|oeee
|inactive|Zgalstrat has 240 seconds left.
|c|☆ICVR|:b
|c| Fan2Rayan|inder !
|c| Fan2Rayan|inder !
|c| Hervalt|Visuellement le tier donne mal a la tete
|c|☆ICVR|vas te faire
|j| loulonlou
|c|☆ICVR|Réel herv
|c|☆ICVR|heureusement j’ai un gâteau dans ma te
|inactive|Zgalstrat has 210 seconds left.
|c|☆ICVR|team
|j| Drafeu-kun
|c|☆ICVR|ca serait trop sinon...
|c| loulonlou|oula
|c| loulonlou|la taille des modèles
|inactive|Zgalstrat has 180 seconds left.
|c| Fan2Rayan|ah merde c pasma game
|c| Fan2Rayan|jpp mdochat
|c| Drafeu-kun|Par contre c'est beau, y'a autant de diversité qu'en LC
|c|☆ICVR|:)
|c| Fan2Rayan|ouep !
|c|☆ICVR|T’as vu drafeu
|c|☆ICVR|quoi que
|
|t:|1625414286
|start
|switch|p1a: King of the Light|Necrozma-Dusk-Mane|100/100
|switch|p2a: Slurpuff|Slurpuff, M|100/100
|turn|1
|c|☆ICVR|en vrai ce tour
|c|☆ICVR|j’ai abusé de rien
|c|☆ICVR|!
|c| Drafeu-kun|Le même 4 avec 2 fillers
|
|t:|1625414302
|move|p2a: Slurpuff|Sticky Web|p1a: King of the Light
|-sidestart|p1: Zgalstrat|move: Sticky Web
|move|p1a: King of the Light|Sunsteel Strike|p2a: Slurpuff
|-supereffective|p2a: Slurpuff
|-enditem|p2a: Slurpuff|Focus Sash
|-damage|p2a: Slurpuff|1/100
|
|upkeep
|turn|2
|c|☆ICVR|euh
|c|☆ICVR|j’ai sorti que 3 eter je crois !
|inactive|Zgalstrat has 210 seconds left.
|c|☆ICVR|2*
|
|t:|1625414336
|switch|p1a: Chevhallal|Calyrex-Shadow|100/100
|-ability|p1a: Chevhallal|As One
|-ability|p1a: Chevhallal|Unnerve
|-activate|p1a: Chevhallal|move: Sticky Web
|-unboost|p1a: Chevhallal|spe|1
|move|p2a: Slurpuff|Magic Coat|p2a: Slurpuff
|-singleturn|p2a: Slurpuff|move: Magic Coat
|
|upkeep
|turn|3
|inactive|Zgalstrat has 210 seconds left.
|
|t:|1625414346
|move|p2a: Slurpuff|Misty Explosion|p1a: Chevhallal
|-damage|p1a: Chevhallal|58/100
|faint|p2a: Slurpuff
|move|p1a: Chevhallal|Astral Barrage|p2: Slurpuff|[notarget]
|-fail|p1a: Chevhallal
|
|upkeep
|
|t:|1625414355
|switch|p2a: Kyogre|Kyogre|100/100
|-weather|RainDance|[from] ability: Drizzle|[of] p2a: Kyogre
|turn|4
|
|t:|1625414360
|switch|p1a: Sans|Eternatus|100/100
|-ability|p1a: Sans|Pressure
|move|p2a: Kyogre|Water Spout|p1a: Sans
|-resisted|p1a: Sans
|-damage|p1a: Sans|48/100
|
|-weather|RainDance|[upkeep]
|upkeep
|turn|5
|
|t:|1625414372
|switch|p2a: Necrozma|Necrozma-Dusk-Mane|100/100
|move|p1a: Sans|Recover|p1a: Sans
|-heal|p1a: Sans|98/100
|
|-weather|RainDance|[upkeep]
|upkeep
|turn|6
|
|t:|1625414379
|switch|p1a: Triggered >:(|Groudon|100/100
|-activate|p1a: Triggered >:(|move: Sticky Web
|-unboost|p1a: Triggered >:(|spe|1
|-weather|SunnyDay|[from] ability: Drought|[of] p1a: Triggered >:(
|move|p2a: Necrozma|Dragon Dance|p2a: Necrozma
|-boost|p2a: Necrozma|atk|1
|-boost|p2a: Necrozma|spe|1
|
|-weather|SunnyDay|[upkeep]
|upkeep
|turn|7
|
|t:|1625414391
|move|p2a: Necrozma|Dragon Dance|p2a: Necrozma
|-boost|p2a: Necrozma|atk|1
|-boost|p2a: Necrozma|spe|1
|move|p1a: Triggered >:(|Roar|p2a: Necrozma
|drag|p2a: Eternatus|Eternatus|100/100
|-ability|p2a: Eternatus|Pressure
|
|-weather|SunnyDay|[upkeep]
|upkeep
|turn|8
|c|☆ICVR|Ct
|
|t:|1625414402
|switch|p2a: Yveltal|Yveltal|100/100
|-ability|p2a: Yveltal|Dark Aura
|switch|p1a: :pensive:|Yveltal|100/100
|-ability|p1a: :pensive:|Dark Aura
|
|-weather|SunnyDay|[upkeep]
|upkeep
|turn|9
|
|t:|1625414412
|move|p2a: Yveltal|Taunt|p1a: :pensive:
|-start|p1a: :pensive:|move: Taunt
|cant|p1a: :pensive:|move: Taunt|Defog
|
|-weather|SunnyDay|[upkeep]
|upkeep
|turn|10
|inactive|Zgalstrat has 240 seconds left.
|
|t:|1625414419
|move|p2a: Yveltal|Oblivion Wing|p1a: :pensive:
|-damage|p1a: :pensive:|66/100
|-damage|p2a: Yveltal|91/100|[from] item: Life Orb
|move|p1a: :pensive:|U-turn|p2a: Yveltal
|-damage|p2a: Yveltal|69/100
|inactive|Zgalstrat has 240 seconds left.
|c| Drafeu-kun|Il avait prévu ton fromage inder, unfort
|c| Fan2Rayan|vas y zgal bouffe le
|j| oqo the hunter
|inactive|Zgalstrat has 210 seconds left.
|j| Nikorgrem
|c|☆ICVR|Apprement
|c| Gt0x|fan2rayan et contre rayan
|
|t:|1625414471
|switch|p1a: Delta T|Rayquaza|100/100|[from]move: U-turn
|-ability|p1a: Delta T|Air Lock
|
|-weather|none
|upkeep
|turn|11
|c| Gt0x|faut se décider à un moment :d
|c| Fan2Rayan|asy tsé
|c| Fan2Rayan|tu vois
|c|☆ICVR|Si c’est vraiment choice band
|c| Fan2Rayan|fesse
|l| oqo the hunter
|c|☆ICVR|ma mère c’est une...
|c|☆ICVR|retenez bien
|c| Fan2Rayan|pute oui
|j| FC YOTSUBA
|c| Fan2Rayan|totalement ?
|inactive|ICVR has 270 seconds left.
|c| FC YOTSUBA|C'est qui inder ici
|c|☆ICVR|Moi
|
|t:|1625414518
|move|p2a: Yveltal|Dark Pulse|p1a: Delta T
|-damage|p1a: Delta T|28/100
|-damage|p2a: Yveltal|59/100|[from] item: Life Orb
|cant|p1a: Delta T|flinch
|
|upkeep
|turn|12
|c|☆ICVR|On saura jamais
|c| Fan2Rayan|...
|c|☆ICVR|:v
|c| Gt0x|yveltaled
|c|☆Zgalstrat|Merci
|c| Fan2Rayan|vas y fuck inder
|c|☆ICVR|Mb
|inactive|Zgalstrat has 180 seconds left.
|c| Fan2Rayan|tu haxx
|c| Fan2Rayan|jvais tban
|c|☆Zgalstrat|Ouais je m'amuse
|
|t:|1625414554
|move|p2a: Yveltal|Oblivion Wing|p1a: Delta T
|-damage|p1a: Delta T|0 fnt
|-heal|p2a: Yveltal|78/100|[from] drain|[of] p1a: Delta T
|faint|p1a: Delta T
|-damage|p2a: Yveltal|68/100|[from] item: Life Orb
|
|upkeep
|c| Fan2Rayan|delta T c pas dans les variations de vitesse?
|c|☆Zgalstrat|Si
|c| Fan2Rayan|ah
|c| Fan2Rayan|:smart:
|inactive|Zgalstrat has 150 seconds left.
|c| Fan2Rayan|bref gl mes bébé
|c|☆ICVR|Pas mal le Nick ouais
|c| Fan2Rayan|jtm inder
|
|t:|1625414578
|switch|p1a: :pensive:|Yveltal|66/100
|-ability|p1a: :pensive:|Dark Aura
|turn|13
|l| Fan2Rayan
|
|t:|1625414583
|move|p2a: Yveltal|Taunt|p1a: :pensive:
|-start|p1a: :pensive:|move: Taunt
|move|p1a: :pensive:|U-turn|p2a: Yveltal
|-damage|p2a: Yveltal|46/100
|inactive|Zgalstrat has 150 seconds left.
|l| Nikorgrem
|
|t:|1625414609
|switch|p1a: Chevhallal|Calyrex-Shadow|58/100|[from]move: U-turn
|-ability|p1a: Chevhallal|As One
|-ability|p1a: Chevhallal|Unnerve
|-activate|p1a: Chevhallal|move: Sticky Web
|-unboost|p1a: Chevhallal|spe|1
|
|upkeep
|turn|14
|
|t:|1625414619
|switch|p1a: :pensive:|Yveltal|66/100
|-ability|p1a: :pensive:|Dark Aura
|move|p2a: Yveltal|Dark Pulse|p1a: :pensive:
|-resisted|p1a: :pensive:
|-damage|p1a: :pensive:|45/100
|-damage|p2a: Yveltal|36/100|[from] item: Life Orb
|
|upkeep
|turn|15
|
|t:|1625414629
|move|p2a: Yveltal|Taunt|p1a: :pensive:
|-start|p1a: :pensive:|move: Taunt
|cant|p1a: :pensive:|move: Taunt|Roost
|
|upkeep
|turn|16
|inactive|Zgalstrat has 150 seconds left.
|
|t:|1625414637
|switch|p1a: King of the Light|Necrozma-Dusk-Mane|100/100
|-activate|p1a: King of the Light|move: Sticky Web
|-unboost|p1a: King of the Light|spe|1
|move|p2a: Yveltal|Oblivion Wing|p1a: King of the Light
|-resisted|p1a: King of the Light
|-damage|p1a: King of the Light|80/100
|-heal|p2a: Yveltal|50/100|[from] drain|[of] p1a: King of the Light
|-damage|p2a: Yveltal|40/100|[from] item: Life Orb
|
|-heal|p1a: King of the Light|86/100|[from] item: Leftovers
|upkeep
|turn|17
|inactive|Zgalstrat has 150 seconds left.
|
|t:|1625414655
|switch|p1a: :pensive:|Yveltal|45/100
|-ability|p1a: :pensive:|Dark Aura
|move|p2a: Yveltal|Dark Pulse|p1a: :pensive:
|-resisted|p1a: :pensive:
|-damage|p1a: :pensive:|21/100
|-damage|p2a: Yveltal|30/100|[from] item: Life Orb
|
|upkeep
|turn|18
|inactive|Zgalstrat has 150 seconds left.
|
|t:|1625414664
|move|p2a: Yveltal|Oblivion Wing|p1a: :pensive:
|-damage|p1a: :pensive:|0 fnt
|-heal|p2a: Yveltal|48/100|[from] drain|[of] p1a: :pensive:
|faint|p1a: :pensive:
|-damage|p2a: Yveltal|38/100|[from] item: Life Orb
|
|upkeep
|inactive|Zgalstrat has 150 seconds left.
|
|t:|1625414673
|switch|p1a: Triggered >:(|Groudon|100/100
|-activate|p1a: Triggered >:(|move: Sticky Web
|-unboost|p1a: Triggered >:(|spe|1
|-weather|SunnyDay|[from] ability: Drought|[of] p1a: Triggered >:(
|turn|19
|c|☆ICVR|Pas mal yveltal comme mon
|c|☆ICVR|je pense que je dis ça en étant visionnaire
|c|☆ICVR|:jerrylaugh:
|
|t:|1625414691
|move|p2a: Yveltal|Dark Pulse|p1a: Triggered >:(
|-damage|p1a: Triggered >:(|24/100
|-damage|p2a: Yveltal|28/100|[from] item: Life Orb
|cant|p1a: Triggered >:(|flinch
|
|-weather|SunnyDay|[upkeep]
|-heal|p1a: Triggered >:(|30/100|[from] item: Leftovers
|upkeep
|turn|20
|c|☆Zgalstrat|...
|c|☆Zgalstrat|Bon
|c| Drafeu-kun|Solide ce yveltal mdrrrr
|inactive|Zgalstrat has 150 seconds left.
|j| Sirwings
|c|☆ICVR|Après si ça peut te rassurer
|c|☆ICVR|t’es pas sucker yveltal
|c|☆Zgalstrat|Je ff ?
|c|☆ICVR|on est d’accord
|inactive|ICVR has 270 seconds left.
|l| FC YOTSUBA
|c|☆Zgalstrat|Car là je peux rien faire
|
|t:|1625414727
|move|p2a: Yveltal|Oblivion Wing|p1a: Triggered >:(
|-damage|p1a: Triggered >:(|0 fnt
|-heal|p2a: Yveltal|49/100|[from] drain|[of] p1a: Triggered >:(
|faint|p1a: Triggered >:(
|-damage|p2a: Yveltal|39/100|[from] item: Life Orb
|
|-weather|SunnyDay|[upkeep]
|upkeep
|j| azertyyuiop
|c|☆Zgalstrat|J'aime perdre sur 2 flinch ;-;
|inactive|Zgalstrat has 120 seconds left.
|
|t:|1625414745
|switch|p1a: Sans|Eternatus|98/100
|-ability|p1a: Sans|Pressure
|turn|21
|c|☆ICVR|Je pense que
|inactive|ICVR has 270 seconds left.
|c|☆ICVR|calyrex gagnait 10t plus tot
|c|☆ICVR|sans les flinch
|
|t:|1625414765
|move|p1a: Sans|Dynamax Cannon|p2a: Yveltal
|-damage|p2a: Yveltal|0 fnt
|faint|p2a: Yveltal
|
|-weather|SunnyDay|[upkeep]
|upkeep
|
|t:|1625414767
|switch|p2a: Calyrex|Calyrex-Shadow|100/100
|-ability|p2a: Calyrex|As One
|-ability|p2a: Calyrex|Unnerve
|turn|22
|l| azertyyuiop
|
|t:|1625414787
|move|p2a: Calyrex|Nasty Plot|p2a: Calyrex
|-boost|p2a: Calyrex|spa|2
|move|p1a: Sans|Dynamax Cannon|p2a: Calyrex
|-damage|p2a: Calyrex|51/100
|
|-weather|SunnyDay|[upkeep]
|upkeep
|turn|23
|l| Sirwings
|
|t:|1625414795
|move|p2a: Calyrex|Psyshock|p1a: Sans
|-supereffective|p1a: Sans
|-damage|p1a: Sans|0 fnt
|faint|p1a: Sans
|-ability|p2a: Calyrex|Grim Neigh|boost
|-boost|p2a: Calyrex|spa|1
|
|-weather|none
|upkeep
|
|t:|1625414803
|switch|p1a: Chevhallal|Calyrex-Shadow|58/100
|-ability|p1a: Chevhallal|As One
|-ability|p1a: Chevhallal|Unnerve
|-activate|p1a: Chevhallal|move: Sticky Web
|-unboost|p1a: Chevhallal|spe|1
|turn|24
|c|☆Zgalstrat|Bon
|c|☆Zgalstrat|C'était vraiment chiant
|c|☆Zgalstrat|Gg
|inactive|Zgalstrat has 120 seconds left.
|c|☆ICVR|gg
|-message|Zgalstrat forfeited.
|
|win|ICVR
|l|☆Zgalstrat
|j|☆Zgalstrat
|player|p1|Zgalstrat|giovanni
|l|☆ICVR
|l|☆Zgalstrat
|player|p1|
|j| FC YOTSUBA
|l| FC YOTSUBA
|l| Gt0x
|j| Gt0x
|l| loulonlou
|l| Gt0x
|j| Astreau
|l| Drafeu-kun
|j| Arakd’eau✞
|l| Arakd’eau✞
|l| Hervalt
|j| SpeedyBlu
|j| Gt0x
