|j|☆cesto
|j|☆Kage UwU
|t:|1650898366
|gametype|singles
|player|p1|cesto|hooligans|1390
|player|p2|Kage UwU|psychic-gen4|1490
|teamsize|p1|6
|teamsize|p2|6
|gen|8
|tier|[Gen 8] Ubers
|rated|
|rule|Sleep Clause Mod: Limit one foe put to sleep
|rule|Species Clause: Limit one of each Pokémon
|rule|OHKO Clause: OHKO moves are banned
|rule|Evasion Moves Clause: Evasion moves are banned
|rule|Endless Battle Clause: Forcing endless battles is banned
|rule|HP Percentage Mod: HP is shown in percentages
|rule|Dynamax Clause: You cannot dynamax
|clearpoke
|poke|p1|Octillery, F|
|poke|p1|Glalie, F|
|poke|p1|Ho-Oh|
|poke|p1|Marshadow|
|poke|p1|Araquanid, M|
|poke|p1|Rayquaza|
|poke|p2|Necrozma-Dusk-Mane|
|poke|p2|Groudon|
|poke|p2|Xerneas-*|
|poke|p2|Yveltal|
|poke|p2|Blissey, F|
|poke|p2|Eternatus|
|teampreview
|inactive|Battle timer is ON: inactive players will automatically lose when time's up. (requested by Kage UwU)
|inactive|Kage UwU has 120 seconds left.
|j| sbycyy
|
|t:|1650898425
|start
|switch|p1a: Araquanid|Araquanid, M|100/100
|switch|p2a: Arène|Xerneas|100/100
|-ability|p2a: Arène|Fairy Aura
|turn|1
|
|t:|1650898435
|move|p2a: Arène|Moonblast|p1a: Araquanid
|-damage|p1a: Araquanid|41/100
|-unboost|p1a: Araquanid|spa|1
|move|p1a: Araquanid|Sticky Web|p2a: Arène
|-sidestart|p2: Kage UwU|move: Sticky Web
|
|upkeep
|turn|2
|
|t:|1650898440
|move|p2a: Arène|Moonblast|p1a: Araquanid
|-damage|p1a: Araquanid|0 fnt
|faint|p1a: Araquanid
|
|upkeep
|
|t:|1650898445
|switch|p1a: Ho-Oh|Ho-Oh|100/100
|turn|3
|
|t:|1650898452
|switch|p2a: Sauterent|Eternatus|100/100
|-activate|p2a: Sauterent|move: Sticky Web
|-unboost|p2a: Sauterent|spe|1
|-ability|p2a: Sauterent|Pressure
|move|p1a: Ho-Oh|Thunder Wave|p2a: Sauterent|[miss]
|-miss|p1a: Ho-Oh|p2a: Sauterent
|
|upkeep
|turn|4
|
|t:|1650898460
|move|p1a: Ho-Oh|Thunder Wave|p2a: Sauterent
|-status|p2a: Sauterent|par
|move|p2a: Sauterent|Toxic|p1a: Ho-Oh
|-status|p1a: Ho-Oh|tox
|
|-damage|p1a: Ho-Oh|94/100 tox|[from] psn
|upkeep
|turn|5
|
|t:|1650898471
|switch|p1a: Glalie|Glalie, F|100/100
|switch|p2a: Arène|Xerneas|100/100
|-activate|p2a: Arène|move: Sticky Web
|-unboost|p2a: Arène|spe|1
|-ability|p2a: Arène|Fairy Aura
|
|-ability|p1a: Glalie|Moody|boost
|-boost|p1a: Glalie|def|2
|-unboost|p1a: Glalie|spe|1
|upkeep
|turn|6
|
|t:|1650898484
|move|p2a: Arène|Defog|p1a: Glalie
|-unboost|p1a: Glalie|evasion|1
|-sideend|p2: Kage UwU|Sticky Web|[from] move: Defog|[of] p2a: Arène
|move|p1a: Glalie|Substitute|p1a: Glalie
|-start|p1a: Glalie|Substitute
|-damage|p1a: Glalie|76/100
|
|-heal|p1a: Glalie|82/100|[from] item: Leftovers
|-ability|p1a: Glalie|Moody|boost
|-boost|p1a: Glalie|spe|2
|-unboost|p1a: Glalie|spd|1
|upkeep
|turn|7
|
|t:|1650898495
|switch|p2a: Romancez|Necrozma-Dusk-Mane|100/100
|move|p1a: Glalie|Protect||[still]
|-fail|p1a: Glalie
|
|-heal|p1a: Glalie|88/100|[from] item: Leftovers
|-ability|p1a: Glalie|Moody|boost
|-boost|p1a: Glalie|atk|2
|-unboost|p1a: Glalie|spd|1
|upkeep
|turn|8
|l| sbycyy
|
|t:|1650898517
|move|p1a: Glalie|Earthquake|p2a: Romancez
|-supereffective|p2a: Romancez
|-damage|p2a: Romancez|60/100
|-enditem|p2a: Romancez|Weakness Policy
|-boost|p2a: Romancez|atk|2|[from] item: Weakness Policy
|-boost|p2a: Romancez|spa|2|[from] item: Weakness Policy
|move|p2a: Romancez|Sunsteel Strike|p1a: Glalie
|-supereffective|p1a: Glalie
|-end|p1a: Glalie|Substitute
|
|-heal|p1a: Glalie|94/100|[from] item: Leftovers
|-ability|p1a: Glalie|Moody|boost
|-boost|p1a: Glalie|atk|2
|-unboost|p1a: Glalie|spe|1
|upkeep
|turn|9
|
|t:|1650898542
|move|p1a: Glalie|Substitute|p1a: Glalie
|-start|p1a: Glalie|Substitute
|-damage|p1a: Glalie|69/100
|move|p2a: Romancez|Sunsteel Strike|p1a: Glalie
|-supereffective|p1a: Glalie
|-end|p1a: Glalie|Substitute
|
|-heal|p1a: Glalie|75/100|[from] item: Leftovers
|-ability|p1a: Glalie|Moody|boost
|-boost|p1a: Glalie|def|2
|-unboost|p1a: Glalie|spe|1
|upkeep
|turn|10
|
|t:|1650898553
|move|p1a: Glalie|Protect|p1a: Glalie
|-singleturn|p1a: Glalie|Protect
|move|p2a: Romancez|Sunsteel Strike|p1a: Glalie
|-activate|p1a: Glalie|move: Protect
|
|-heal|p1a: Glalie|81/100|[from] item: Leftovers
|-ability|p1a: Glalie|Moody|boost
|-boost|p1a: Glalie|spd|2
|-unboost|p1a: Glalie|def|1
|upkeep
|turn|11
|
|t:|1650898566
|move|p2a: Romancez|Sunsteel Strike|p1a: Glalie
|-supereffective|p1a: Glalie
|-damage|p1a: Glalie|0 fnt
|faint|p1a: Glalie
|
|upkeep
|
|t:|1650898580
|switch|p1a: Marshadow|Marshadow|100/100
|turn|12
|
|t:|1650898584
|switch|p2a: Létal|Yveltal|100/100
|-ability|p2a: Létal|Dark Aura
|move|p1a: Marshadow|Poltergeist|p2a: Létal
|-activate|p2a: Létal|move: Poltergeist|Heavy-Duty Boots
|-resisted|p2a: Létal
|-damage|p2a: Létal|68/100
|
|upkeep
|turn|13
|
|t:|1650898594
|switch|p1a: Ho-Oh|Ho-Oh|100/100 tox
|move|p2a: Létal|Roost|p2a: Létal
|-heal|p2a: Létal|100/100
|-singleturn|p2a: Létal|move: Roost
|
|-damage|p1a: Ho-Oh|94/100 tox|[from] psn
|upkeep
|turn|14
|
|t:|1650898604
|switch|p2a: Sauterent|Eternatus|100/100 par
|-ability|p2a: Sauterent|Pressure
|move|p1a: Ho-Oh|Sacred Fire|p2a: Sauterent
|-resisted|p2a: Sauterent
|-damage|p2a: Sauterent|89/100 par
|
|-heal|p2a: Sauterent|95/100 par|[from] item: Leftovers
|-damage|p1a: Ho-Oh|82/100 tox|[from] psn
|upkeep
|turn|15
|
|t:|1650898614
|switch|p1a: Octillery|Octillery, F|100/100
|cant|p2a: Sauterent|par
|
|-heal|p2a: Sauterent|100/100 par|[from] item: Leftovers
|-ability|p1a: Octillery|Moody|boost
|-boost|p1a: Octillery|def|2
|-unboost|p1a: Octillery|spd|1
|upkeep
|turn|16
|
|t:|1650898622
|cant|p2a: Sauterent|par
|move|p1a: Octillery|Substitute|p1a: Octillery
|-start|p1a: Octillery|Substitute
|-damage|p1a: Octillery|76/100
|
|-heal|p1a: Octillery|82/100|[from] item: Leftovers
|-ability|p1a: Octillery|Moody|boost
|-boost|p1a: Octillery|atk|2
|-unboost|p1a: Octillery|spa|1
|upkeep
|turn|17
|
|t:|1650898634
|switch|p2a: Arène|Xerneas|100/100
|-ability|p2a: Arène|Fairy Aura
|move|p1a: Octillery|Ice Beam|p2a: Arène
|-damage|p2a: Arène|84/100
|
|-heal|p1a: Octillery|88/100|[from] item: Leftovers
|-ability|p1a: Octillery|Moody|boost
|-boost|p1a: Octillery|spd|2
|-unboost|p1a: Octillery|spe|1
|upkeep
|turn|18
|
|t:|1650898645
|move|p2a: Arène|Moonblast|p1a: Octillery
|-end|p1a: Octillery|Substitute
|move|p1a: Octillery|Scald|p2a: Arène
|-damage|p2a: Arène|59/100
|
|-heal|p1a: Octillery|94/100|[from] item: Leftovers
|-ability|p1a: Octillery|Moody|boost
|-boost|p1a: Octillery|spe|2
|-unboost|p1a: Octillery|spa|1
|upkeep
|turn|19
|
|t:|1650898655
|move|p2a: Arène|Moonblast|p1a: Octillery
|-damage|p1a: Octillery|34/100
|move|p1a: Octillery|Scald|p2a: Arène
|-damage|p2a: Arène|41/100
|
|-heal|p1a: Octillery|40/100|[from] item: Leftovers
|-ability|p1a: Octillery|Moody|boost
|-boost|p1a: Octillery|spa|2
|-unboost|p1a: Octillery|spd|1
|upkeep
|turn|20
|
|t:|1650898665
|move|p2a: Arène|Moonblast|p1a: Octillery
|-damage|p1a: Octillery|0 fnt
|faint|p1a: Octillery
|
|upkeep
|
|t:|1650898673
|switch|p1a: Marshadow|Marshadow|100/100
|turn|21
|
|t:|1650898675
|move|p2a: Arène|Moonblast|p1a: Marshadow
|-supereffective|p1a: Marshadow
|-damage|p1a: Marshadow|0 fnt
|faint|p1a: Marshadow
|
|upkeep
|
|t:|1650898685
|switch|p1a: Ho-Oh|Ho-Oh|100/100 tox
|turn|22
|
|t:|1650898688
|move|p2a: Arène|Moonblast|p1a: Ho-Oh
|-resisted|p1a: Ho-Oh
|-damage|p1a: Ho-Oh|81/100 tox
|-unboost|p1a: Ho-Oh|spa|1
|move|p1a: Ho-Oh|Brave Bird|p2a: Arène
|-damage|p2a: Arène|0 fnt
|faint|p2a: Arène
|-damage|p1a: Ho-Oh|69/100 tox|[from] Recoil
|
|-damage|p1a: Ho-Oh|62/100 tox|[from] psn
|upkeep
|
|t:|1650898700
|switch|p2a: Goudron|Groudon|100/100
|-weather|SunnyDay|[from] ability: Drought|[of] p2a: Goudron
|turn|23
|
|t:|1650898707
|move|p2a: Goudron|Stone Edge|p1a: Ho-Oh
|-supereffective|p1a: Ho-Oh
|-damage|p1a: Ho-Oh|0 fnt
|faint|p1a: Ho-Oh
|
|-weather|SunnyDay|[upkeep]
|upkeep
|
|t:|1650898710
|switch|p1a: Rayquaza|Rayquaza|100/100
|-ability|p1a: Rayquaza|Air Lock
|turn|24
|
|t:|1650898716
|move|p1a: Rayquaza|Dragon Dance|p1a: Rayquaza
|-boost|p1a: Rayquaza|atk|1
|-boost|p1a: Rayquaza|spe|1
|move|p2a: Goudron|Stone Edge|p1a: Rayquaza
|-supereffective|p1a: Rayquaza
|-damage|p1a: Rayquaza|6/100
|
|-weather|SunnyDay|[upkeep]
|upkeep
|turn|25
|
|t:|1650898723
|move|p1a: Rayquaza|Dragon Ascent|p2a: Goudron
|-damage|p2a: Goudron|26/100
|-unboost|p1a: Rayquaza|def|1
|-unboost|p1a: Rayquaza|spd|1
|move|p2a: Goudron|Stone Edge|p1a: Rayquaza|[miss]
|-miss|p2a: Goudron|p1a: Rayquaza
|
|-weather|SunnyDay|[upkeep]
|-heal|p2a: Goudron|33/100|[from] item: Leftovers
|upkeep
|turn|26
|
|t:|1650898743
|move|p1a: Rayquaza|Dragon Ascent|p2a: Goudron
|-damage|p2a: Goudron|0 fnt
|-unboost|p1a: Rayquaza|def|1
|-unboost|p1a: Rayquaza|spd|1
|faint|p2a: Goudron
|
|-weather|SunnyDay|[upkeep]
|upkeep
|
|t:|1650898749
|switch|p2a: Létal|Yveltal|100/100
|-ability|p2a: Létal|Dark Aura
|turn|27
|
|t:|1650898755
|move|p1a: Rayquaza|Dragon Ascent|p2a: Létal
|-damage|p2a: Létal|18/100
|-unboost|p1a: Rayquaza|def|1
|-unboost|p1a: Rayquaza|spd|1
|move|p2a: Létal|Foul Play|p1a: Rayquaza
|-damage|p1a: Rayquaza|0 fnt
|faint|p1a: Rayquaza
|
|win|Kage UwU
|raw|cesto's rating: 1390 &rarr; <strong>1376</strong><br />(-14 for losing)
|raw|Kage UwU's rating: 1490 &rarr; <strong>1504</strong><br />(+14 for winning)
