|j|☆Eruza02
|j|☆Ryriss
|t:|1651321892
|gametype|singles
|player|p1|Eruza02|169|1350
|player|p2|Ryriss|hilbert|1353
|teamsize|p1|6
|teamsize|p2|6
|gen|8
|tier|[Gen 8] Ubers
|rated|
|rule|Sleep Clause Mod: Limit one foe put to sleep
|rule|Species Clause: Limit one of each Pokémon
|rule|OHKO Clause: OHKO moves are banned
|rule|Evasion Moves Clause: Evasion moves are banned
|rule|Endless Battle Clause: Forcing endless battles is banned
|rule|HP Percentage Mod: HP is shown in percentages
|rule|Dynamax Clause: You cannot dynamax
|clearpoke
|poke|p1|Melmetal|
|poke|p1|Tyranitar, M|
|poke|p1|Kyogre|
|poke|p1|Groudon|
|poke|p1|Rayquaza|
|poke|p1|Whimsicott, F|
|poke|p2|Giratina-Origin|
|poke|p2|Groudon|
|poke|p2|Genesect|
|poke|p2|Kyurem-Black|
|poke|p2|Lugia|
|poke|p2|Yveltal|
|teampreview
|inactive|Battle timer is ON: inactive players will automatically lose when time's up. (requested by Ryriss)
|
|t:|1651321905
|start
|switch|p1a: Kyogre|Kyogre|100/100
|switch|p2a: Lugia|Lugia|100/100
|-ability|p2a: Lugia|Pressure
|-weather|RainDance|[from] ability: Drizzle|[of] p1a: Kyogre
|turn|1
|
|t:|1651321914
|move|p2a: Lugia|Light Screen|p2a: Lugia
|-sidestart|p2: Ryriss|move: Light Screen
|move|p1a: Kyogre|Water Spout|p2a: Lugia
|-damage|p2a: Lugia|42/100
|
|-weather|RainDance|[upkeep]
|upkeep
|turn|2
|
|t:|1651321920
|move|p2a: Lugia|Reflect|p2a: Lugia
|-sidestart|p2: Ryriss|Reflect
|move|p1a: Kyogre|Water Spout|p2a: Lugia
|-damage|p2a: Lugia|0 fnt
|faint|p2a: Lugia
|
|-weather|RainDance|[upkeep]
|upkeep
|
|t:|1651321928
|switch|p2a: Giratina|Giratina-Origin|100/100
|turn|3
|
|t:|1651321931
|switch|p1a: Tyranitar|Tyranitar, M|100/100
|-weather|Sandstorm|[from] ability: Sand Stream|[of] p1a: Tyranitar
|move|p2a: Giratina|Poltergeist|p1a: Tyranitar
|-activate|p1a: Tyranitar|move: Poltergeist|Assault Vest
|-resisted|p1a: Tyranitar
|-damage|p1a: Tyranitar|74/100
|
|-weather|Sandstorm|[upkeep]
|-damage|p2a: Giratina|94/100|[from] Sandstorm
|upkeep
|turn|4
|
|t:|1651321943
|switch|p1a: Whimsicott|Whimsicott, F, shiny|100/100
|move|p2a: Giratina|Will-O-Wisp|p1a: Whimsicott|[miss]
|-miss|p2a: Giratina|p1a: Whimsicott
|
|-weather|Sandstorm|[upkeep]
|-damage|p1a: Whimsicott|94/100|[from] Sandstorm
|-damage|p2a: Giratina|88/100|[from] Sandstorm
|upkeep
|turn|5
|
|t:|1651321952
|switch|p2a: Yveltal|Yveltal|100/100
|-ability|p2a: Yveltal|Dark Aura
|move|p1a: Whimsicott|Encore|p2a: Yveltal
|-hint|Since gen 7, Dark is immune to Prankster moves.
|-immune|p2a: Yveltal
|
|-weather|Sandstorm|[upkeep]
|-damage|p1a: Whimsicott|88/100|[from] Sandstorm
|-damage|p2a: Yveltal|94/100|[from] Sandstorm
|upkeep
|turn|6
|
|t:|1651321962
|move|p1a: Whimsicott|Moonblast|p2a: Yveltal
|-supereffective|p2a: Yveltal
|-damage|p2a: Yveltal|63/100
|move|p2a: Yveltal|Oblivion Wing|p1a: Whimsicott
|-supereffective|p1a: Whimsicott
|-damage|p1a: Whimsicott|0 fnt
|-heal|p2a: Yveltal|100/100|[from] drain|[of] p1a: Whimsicott
|faint|p1a: Whimsicott
|
|-weather|Sandstorm|[upkeep]
|-damage|p2a: Yveltal|94/100|[from] Sandstorm
|upkeep
|
|t:|1651321972
|switch|p1a: Tyranitar|Tyranitar, M|74/100
|turn|7
|
|t:|1651321977
|switch|p2a: Giratina|Giratina-Origin|88/100
|move|p1a: Tyranitar|Stone Edge|p2a: Giratina
|-damage|p2a: Giratina|69/100
|
|-weather|none
|upkeep
|turn|8
|
|t:|1651321986
|switch|p1a: Kyogre|Kyogre|100/100
|-weather|RainDance|[from] ability: Drizzle|[of] p1a: Kyogre
|move|p2a: Giratina|Will-O-Wisp|p1a: Kyogre
|-status|p1a: Kyogre|brn
|
|-weather|RainDance|[upkeep]
|-damage|p1a: Kyogre|94/100 brn|[from] brn
|-sideend|p2: Ryriss|move: Light Screen
|upkeep
|turn|9
|
|t:|1651321996
|move|p1a: Kyogre|Ice Beam|p2a: Giratina
|-supereffective|p2a: Giratina
|-damage|p2a: Giratina|10/100
|move|p2a: Giratina|Poltergeist|p1a: Kyogre
|-activate|p1a: Kyogre|move: Poltergeist|Choice Specs
|-damage|p1a: Kyogre|29/100 brn
|
|-weather|RainDance|[upkeep]
|-damage|p1a: Kyogre|22/100 brn|[from] brn
|-sideend|p2: Ryriss|Reflect
|upkeep
|turn|10
|
|t:|1651322006
|move|p2a: Giratina|Shadow Sneak|p1a: Kyogre
|-damage|p1a: Kyogre|0 fnt
|faint|p1a: Kyogre
|
|-weather|RainDance|[upkeep]
|upkeep
|
|t:|1651322026
|switch|p1a: Groudon|Groudon|100/100
|-weather|SunnyDay|[from] ability: Drought|[of] p1a: Groudon
|turn|11
|
|t:|1651322031
|move|p1a: Groudon|Stone Edge|p2a: Giratina
|-damage|p2a: Giratina|0 fnt
|faint|p2a: Giratina
|
|-weather|SunnyDay|[upkeep]
|upkeep
|
|t:|1651322049
|switch|p2a: Groudon|Groudon|100/100
|turn|12
|
|t:|1651322054
|move|p1a: Groudon|Swords Dance|p1a: Groudon
|-boost|p1a: Groudon|atk|2
|move|p2a: Groudon|Swords Dance|p2a: Groudon
|-boost|p2a: Groudon|atk|2
|
|-weather|SunnyDay|[upkeep]
|upkeep
|turn|13
|
|t:|1651322062
|move|p1a: Groudon|Earthquake|p2a: Groudon
|-damage|p2a: Groudon|26/100
|move|p2a: Groudon|Earthquake|p1a: Groudon
|-damage|p1a: Groudon|12/100
|
|-weather|SunnyDay|[upkeep]
|-heal|p1a: Groudon|19/100|[from] item: Leftovers
|upkeep
|turn|14
|
|t:|1651322071
|move|p1a: Groudon|Stone Edge|p2a: Groudon
|-resisted|p2a: Groudon
|-damage|p2a: Groudon|0 fnt
|faint|p2a: Groudon
|
|-weather|SunnyDay|[upkeep]
|-heal|p1a: Groudon|25/100|[from] item: Leftovers
|upkeep
|
|t:|1651322079
|switch|p2a: Yveltal|Yveltal|94/100
|-ability|p2a: Yveltal|Dark Aura
|turn|15
|
|t:|1651322083
|move|p2a: Yveltal|Oblivion Wing|p1a: Groudon
|-damage|p1a: Groudon|0 fnt
|-heal|p2a: Yveltal|100/100|[from] drain|[of] p1a: Groudon
|faint|p1a: Groudon
|
|-weather|none
|upkeep
|
|t:|1651322089
|switch|p1a: Tyranitar|Tyranitar, M|74/100
|-weather|Sandstorm|[from] ability: Sand Stream|[of] p1a: Tyranitar
|turn|16
|
|t:|1651322096
|switch|p2a: Genesect|Genesect, shiny|100/100
|-ability|p2a: Genesect|Download|boost
|-boost|p2a: Genesect|spa|1
|move|p1a: Tyranitar|Stone Edge|p2a: Genesect|[miss]
|-miss|p1a: Tyranitar|p2a: Genesect
|
|-weather|Sandstorm|[upkeep]
|upkeep
|turn|17
|
|t:|1651322105
|switch|p1a: Melmetal|Melmetal|100/100
|move|p2a: Genesect|Shift Gear|p2a: Genesect
|-boost|p2a: Genesect|spe|2
|-boost|p2a: Genesect|atk|1
|
|-weather|Sandstorm|[upkeep]
|upkeep
|turn|18
|
|t:|1651322113
|move|p2a: Genesect|Blaze Kick|p1a: Melmetal|[miss]
|-miss|p2a: Genesect|p1a: Melmetal
|move|p1a: Melmetal|Double Iron Bash|p2a: Genesect
|-resisted|p2a: Genesect
|-damage|p2a: Genesect|62/100
|-resisted|p2a: Genesect
|-damage|p2a: Genesect|24/100
|-hitcount|p2a: Genesect|2
|
|-weather|Sandstorm|[upkeep]
|upkeep
|turn|19
|
|t:|1651322122
|move|p2a: Genesect|Blaze Kick|p1a: Melmetal
|-supereffective|p1a: Melmetal
|-damage|p1a: Melmetal|67/100
|move|p1a: Melmetal|Double Iron Bash|p2a: Genesect
|-resisted|p2a: Genesect
|-damage|p2a: Genesect|0 fnt
|faint|p2a: Genesect
|-hitcount|p2: Genesect|1
|
|-weather|Sandstorm|[upkeep]
|upkeep
|
|t:|1651322132
|switch|p2a: Yveltal|Yveltal|100/100
|-ability|p2a: Yveltal|Dark Aura
|turn|20
|
|t:|1651322136
|move|p2a: Yveltal|Heat Wave|p1a: Melmetal
|-supereffective|p1a: Melmetal
|-damage|p1a: Melmetal|2/100
|move|p1a: Melmetal|Double Iron Bash|p2a: Yveltal
|-damage|p2a: Yveltal|40/100
|-damage|p2a: Yveltal|0 fnt
|faint|p2a: Yveltal
|-hitcount|p2: Yveltal|2
|
|-weather|none
|upkeep
|
|t:|1651322146
|switch|p2a: Kyurem|Kyurem-Black|100/100
|-ability|p2a: Kyurem|Teravolt
|turn|21
|
|t:|1651322151
|move|p2a: Kyurem|Dragon Claw|p1a: Melmetal
|-resisted|p1a: Melmetal
|-damage|p1a: Melmetal|0 fnt
|faint|p1a: Melmetal
|
|upkeep
|
|t:|1651322155
|switch|p1a: Tyranitar|Tyranitar, M|74/100
|-weather|Sandstorm|[from] ability: Sand Stream|[of] p1a: Tyranitar
|turn|22
|
|t:|1651322164
|move|p2a: Kyurem|Dragon Dance|p2a: Kyurem
|-boost|p2a: Kyurem|atk|1
|-boost|p2a: Kyurem|spe|1
|move|p1a: Tyranitar|Outrage|p2a: Kyurem
|-supereffective|p2a: Kyurem
|-damage|p2a: Kyurem|18/100
|
|-weather|Sandstorm|[upkeep]
|-damage|p2a: Kyurem|12/100|[from] Sandstorm
|upkeep
|turn|23
|
|t:|1651322174
|move|p2a: Kyurem|Dragon Claw|p1a: Tyranitar
|-damage|p1a: Tyranitar|17/100
|move|p1a: Tyranitar|Outrage|p2a: Kyurem|[from]lockedmove
|-supereffective|p2a: Kyurem
|-damage|p2a: Kyurem|0 fnt
|faint|p2a: Kyurem
|-start|p1a: Tyranitar|confusion|[fatigue]
|
|win|Eruza02
|raw|Eruza02's rating: 1350 &rarr; <strong>1370</strong><br />(+20 for winning)
|raw|Ryriss's rating: 1353 &rarr; <strong>1333</strong><br />(-20 for losing)
|l|☆Ryriss
