|html|<div class="broadcast-blue"><strong>[Gen 8] Ubers is currently suspecting Zacian! For information on how to participate check out the <a href="https://www.smogon.com/forums/threads/np-ss-ubers-stage-7-heroes-zacian-hero-suspect-test.3685323/">suspect thread</a>.</strong></div>
|j|☆noobiste
|j|☆tytyui
|t:|1623594119
|gametype|singles
|player|p1|noobiste|102|1497
|player|p2|tytyui|shelly|1386
|teamsize|p1|6
|teamsize|p2|6
|gen|8
|tier|[Gen 8] Ubers
|rated|
|rule|Sleep Clause Mod: Limit one foe put to sleep
|rule|Species Clause: Limit one of each Pokémon
|rule|OHKO Clause: OHKO moves are banned
|rule|Evasion Moves Clause: Evasion moves are banned
|rule|Endless Battle Clause: Forcing endless battles is banned
|rule|HP Percentage Mod: HP is shown in percentages
|rule|Dynamax Clause: You cannot dynamax
|clearpoke
|poke|p1|Calyrex-Ice|
|poke|p1|Necrozma-Dusk-Mane|
|poke|p1|Kyogre|
|poke|p1|Hatterene, F|
|poke|p1|Yveltal|
|poke|p1|Dracovish|
|poke|p2|Kyogre|
|poke|p2|Eternatus|
|poke|p2|Necrozma-Dusk-Mane|
|poke|p2|Yveltal|
|poke|p2|Marshadow|
|poke|p2|Rayquaza|
|teampreview
|
|t:|1623594136
|start
|switch|p1a: Hatterene|Hatterene, F|100/100
|switch|p2a: Necrozma|Necrozma-Dusk-Mane|100/100
|turn|1
|
|t:|1623594141
|move|p2a: Necrozma|Sunsteel Strike|p1a: Hatterene
|-supereffective|p1a: Hatterene
|-enditem|p1a: Hatterene|Focus Sash
|-damage|p1a: Hatterene|1/100
|move|p1a: Hatterene|Trick Room|p1a: Hatterene
|-fieldstart|move: Trick Room|[of] p1a: Hatterene
|
|upkeep
|turn|2
|
|t:|1623594150
|move|p1a: Hatterene|Mystical Fire|p2a: Necrozma
|-supereffective|p2a: Necrozma
|-damage|p2a: Necrozma|67/100
|-unboost|p2a: Necrozma|spa|1
|move|p2a: Necrozma|Sunsteel Strike|p1a: Hatterene
|-supereffective|p1a: Hatterene
|-damage|p1a: Hatterene|0 fnt
|faint|p1a: Hatterene
|
|-heal|p2a: Necrozma|73/100|[from] item: Leftovers
|upkeep
|
|t:|1623594157
|switch|p1a: Kyogre|Kyogre|100/100
|-weather|RainDance|[from] ability: Drizzle|[of] p1a: Kyogre
|turn|3
|
|t:|1623594164
|switch|p2a: Eternatus|Eternatus|100/100
|-ability|p2a: Eternatus|Pressure
|move|p1a: Kyogre|Water Spout|p2a: Eternatus
|-resisted|p2a: Eternatus
|-damage|p2a: Eternatus|35/100
|
|-weather|RainDance|[upkeep]
|upkeep
|turn|4
|
|t:|1623594181
|move|p1a: Kyogre|Water Spout|p2a: Eternatus
|-resisted|p2a: Eternatus
|-damage|p2a: Eternatus|0 fnt
|faint|p2a: Eternatus
|
|-weather|RainDance|[upkeep]
|upkeep
|
|t:|1623594187
|switch|p2a: Rayquaza|Rayquaza|100/100
|-ability|p2a: Rayquaza|Air Lock
|turn|5
|
|t:|1623594201
|switch|p1a: Necrozma|Necrozma-Dusk-Mane|100/100
|move|p2a: Rayquaza|Swords Dance|p2a: Rayquaza
|-boost|p2a: Rayquaza|atk|2
|
|-weather|RainDance|[upkeep]
|-fieldend|move: Trick Room
|upkeep
|turn|6
|
|t:|1623594206
|move|p2a: Rayquaza|V-create|p1a: Necrozma
|-supereffective|p1a: Necrozma
|-damage|p1a: Necrozma|0 fnt
|-unboost|p2a: Rayquaza|spe|1
|-unboost|p2a: Rayquaza|def|1
|-unboost|p2a: Rayquaza|spd|1
|faint|p1a: Necrozma
|-damage|p2a: Rayquaza|91/100|[from] item: Life Orb
|
|-weather|RainDance|[upkeep]
|upkeep
|
|t:|1623594210
|switch|p1a: Yveltal|Yveltal|100/100
|-ability|p1a: Yveltal|Dark Aura
|turn|7
|
|t:|1623594240
|switch|p2a: Yveltal|Yveltal|100/100
|-ability|p2a: Yveltal|Dark Aura
|move|p1a: Yveltal|Knock Off|p2a: Yveltal
|-resisted|p2a: Yveltal
|-damage|p2a: Yveltal|64/100
|-enditem|p2a: Yveltal|Heavy-Duty Boots|[from] move: Knock Off|[of] p1a: Yveltal
|-damage|p1a: Yveltal|91/100|[from] item: Life Orb
|
|-weather|none
|upkeep
|turn|8
|
|t:|1623594247
|move|p1a: Yveltal|Taunt|p2a: Yveltal
|-start|p2a: Yveltal|move: Taunt
|cant|p2a: Yveltal|move: Taunt|Taunt
|
|upkeep
|turn|9
|
|t:|1623594252
|move|p1a: Yveltal|Knock Off|p2a: Yveltal
|-resisted|p2a: Yveltal
|-damage|p2a: Yveltal|42/100
|-damage|p1a: Yveltal|81/100|[from] item: Life Orb
|move|p2a: Yveltal|Dark Pulse|p1a: Yveltal
|-resisted|p1a: Yveltal
|-crit|p1a: Yveltal
|-damage|p1a: Yveltal|50/100
|
|upkeep
|turn|10
|
|t:|1623594260
|move|p1a: Yveltal|Roost|p1a: Yveltal
|-heal|p1a: Yveltal|100/100
|-singleturn|p1a: Yveltal|move: Roost
|move|p2a: Yveltal|Dark Pulse|p1a: Yveltal
|-resisted|p1a: Yveltal
|-damage|p1a: Yveltal|81/100
|
|-end|p2a: Yveltal|move: Taunt
|upkeep
|turn|11
|
|t:|1623594266
|switch|p2a: Marshadow|Marshadow|100/100
|move|p1a: Yveltal|Taunt|p2a: Marshadow
|-start|p2a: Marshadow|move: Taunt
|
|upkeep
|turn|12
|
|t:|1623594273
|move|p2a: Marshadow|Close Combat|p1a: Yveltal
|-damage|p1a: Yveltal|0 fnt
|-unboost|p2a: Marshadow|def|1
|-unboost|p2a: Marshadow|spd|1
|faint|p1a: Yveltal
|
|upkeep
|
|t:|1623594286
|switch|p1a: Calyrex|Calyrex-Ice|100/100
|-ability|p1a: Calyrex|As One
|-ability|p1a: Calyrex|Unnerve
|turn|13
|
|t:|1623594290
|move|p2a: Marshadow|Close Combat|p1a: Calyrex
|-damage|p1a: Calyrex|39/100
|-unboost|p2a: Marshadow|def|1
|-unboost|p2a: Marshadow|spd|1
|move|p1a: Calyrex|Trick Room|p1a: Calyrex
|-fieldstart|move: Trick Room|[of] p1a: Calyrex
|
|-end|p2a: Marshadow|move: Taunt
|upkeep
|turn|14
|
|t:|1623594300
|switch|p2a: Necrozma|Necrozma-Dusk-Mane|73/100
|move|p1a: Calyrex|High Horsepower|p2a: Necrozma
|-supereffective|p2a: Necrozma
|-damage|p2a: Necrozma|39/100
|
|-heal|p2a: Necrozma|45/100|[from] item: Leftovers
|upkeep
|turn|15
|
|t:|1623594308
|move|p1a: Calyrex|Swords Dance|p1a: Calyrex
|-boost|p1a: Calyrex|atk|2
|move|p2a: Necrozma|Morning Sun|p2a: Necrozma
|-heal|p2a: Necrozma|95/100
|
|-heal|p2a: Necrozma|100/100|[from] item: Leftovers
|upkeep
|turn|16
|-message|noobiste forfeited.
|
|win|tytyui
|raw|noobiste's rating: 1497 &rarr; <strong>1471</strong><br />(-26 for losing)
|raw|tytyui's rating: 1386 &rarr; <strong>1412</strong><br />(+26 for winning)
|l|☆noobiste
