|j|☆KyogreF4N
|j|☆Royal1604
|t:|1647623722
|gametype|singles
|player|p1|KyogreF4N|benga|
|player|p2|Royal1604|#stt4toxicboys|
|teamsize|p1|6
|teamsize|p2|6
|gen|8
|tier|[Gen 8] Ubers
|rule|Sleep Clause Mod: Limit one foe put to sleep
|rule|Species Clause: Limit one of each Pokémon
|rule|OHKO Clause: OHKO moves are banned
|rule|Evasion Moves Clause: Evasion moves are banned
|rule|Endless Battle Clause: Forcing endless battles is banned
|rule|HP Percentage Mod: HP is shown in percentages
|rule|Dynamax Clause: You cannot dynamax
|clearpoke
|poke|p1|Calyrex-Shadow|
|poke|p1|Marshadow|
|poke|p1|Eternatus|
|poke|p1|Yveltal|
|poke|p1|Necrozma-Dusk-Mane|
|poke|p1|Kyogre|
|poke|p2|Hatterene, F|
|poke|p2|Porygon2|
|poke|p2|Calyrex-Ice|
|poke|p2|Necrozma-Dusk-Mane|
|poke|p2|Dracovish|
|poke|p2|Kyogre|
|teampreview
|inactive|Battle timer is ON: inactive players will automatically lose when time's up. (requested by Royal1604)
|c|☆Royal1604|hf
|c|☆KyogreF4N|link stp
|c|☆KyogreF4N|glhf
|inactive|KyogreF4N has 270 seconds left.
|inactive|Royal1604 has 270 seconds left.
|inactive|KyogreF4N has 240 seconds left.
|inactive|Royal1604 has 240 seconds left.
|inactive|KyogreF4N has 210 seconds left.
|inactive|Royal1604 has 210 seconds left.
|
|t:|1647623820
|start
|switch|p1a: Calyrex|Calyrex-Shadow|100/100
|switch|p2a: Full Bourré|Dracovish|100/100
|-ability|p1a: Calyrex|As One
|-ability|p1a: Calyrex|Unnerve
|turn|1
|inactive|KyogreF4N has 270 seconds left.
|inactive|Royal1604 has 270 seconds left.
|c|☆KyogreF4N|royal t un blaireau
|inactive|KyogreF4N has 240 seconds left.
|inactive|Royal1604 has 240 seconds left.
|c|☆KyogreF4N|faut tu publicroom
|c|☆Royal1604|/log Royal1604 made this room public.
|j| Noktal411
|j| Redemption
|j| VF-17 Wardog
|j| Chose Truc
|j| Toadow
|l|vf17wardog
|c|☆Royal1604|bah c'est bon wesh
|j| UFG DX
|inactive|KyogreF4N has 210 seconds left.
|inactive|Royal1604 has 210 seconds left.
|j| Xeltal
|j| Elyoss
|j| Wedjene
|j| Hurtadoo
|
|t:|1647623892
|switch|p2a: Whisky La Coloc|Porygon2|100/100
|move|p1a: Calyrex|Substitute|p1a: Calyrex
|-start|p1a: Calyrex|Substitute
|-damage|p1a: Calyrex|76/100
|
|-heal|p1a: Calyrex|82/100|[from] item: Leftovers
|upkeep
|turn|2
|j| Corazan
|j| gilftl208
|j| Menacce17
|j| Le Dieun ❤ notor
|j| Dieu Amphibien
|j| Micciu20250
|j| cielau origine ♫
|j| Dunoks
|j| le fifou slayer
|j| Masskeauuu
|j| Ryuji-Sensei
|j| Givra no bi ☯@!
|j| Uxilon
|inactive|Royal1604 has 210 seconds left.
|j| Nemo 888
|j| Flodi
|j| Givrix
|j| Skilpad
|j| Neco0s
|j| bjhbkl
|j| The Delta Gang
|j| tinquench
|
|t:|1647623903
|move|p1a: Calyrex|Leech Seed|p2a: Whisky La Coloc
|-start|p2a: Whisky La Coloc|move: Leech Seed
|move|p2a: Whisky La Coloc|Foul Play|p1a: Calyrex
|-supereffective|p1a: Calyrex
|-end|p1a: Calyrex|Substitute
|
|-heal|p1a: Calyrex|88/100|[from] item: Leftovers
|-damage|p2a: Whisky La Coloc|88/100|[from] Leech Seed|[of] p1a: Calyrex
|-heal|p1a: Calyrex|100/100|[silent]
|upkeep
|turn|3
|j| Dflo
|j| Remi25
|
|t:|1647623907
|move|p1a: Calyrex|Substitute|p1a: Calyrex
|-start|p1a: Calyrex|Substitute
|-damage|p1a: Calyrex|76/100
|move|p2a: Whisky La Coloc|Teleport|p2a: Whisky La Coloc
|j| Yokeman
|j| Oakdeon
|j| AzZoCcX
|j| YariTest
|j| Flex OKLM
|
|t:|1647623913
|switch|p2a: 06 de La Danoise|Hatterene, F|100/100|[from]move: Teleport
|
|-heal|p1a: Calyrex|82/100|[from] item: Leftovers
|upkeep
|turn|4
|
|t:|1647623917
|move|p1a: Calyrex|Astral Barrage|p2a: 06 de La Danoise
|-supereffective|p2a: 06 de La Danoise
|-enditem|p2a: 06 de La Danoise|Focus Sash
|-damage|p2a: 06 de La Danoise|1/100
|move|p2a: 06 de La Danoise|Trick Room|p2a: 06 de La Danoise
|-fieldstart|move: Trick Room|[of] p2a: 06 de La Danoise
|
|-heal|p1a: Calyrex|88/100|[from] item: Leftovers
|upkeep
|turn|5
|j| ismakhil*-*
|
|t:|1647623920
|move|p2a: 06 de La Danoise|Dazzling Gleam|p1a: Calyrex
|-end|p1a: Calyrex|Substitute
|move|p1a: Calyrex|Substitute|p1a: Calyrex
|-start|p1a: Calyrex|Substitute
|-damage|p1a: Calyrex|63/100
|
|-heal|p1a: Calyrex|69/100|[from] item: Leftovers
|upkeep
|turn|6
|j| tikki takka
|
|t:|1647623924
|move|p2a: 06 de La Danoise|Dazzling Gleam|p1a: Calyrex
|-end|p1a: Calyrex|Substitute
|move|p1a: Calyrex|Substitute|p1a: Calyrex
|-start|p1a: Calyrex|Substitute
|-damage|p1a: Calyrex|44/100
|
|-heal|p1a: Calyrex|50/100|[from] item: Leftovers
|upkeep
|turn|7
|j| Drustan22
|
|t:|1647623927
|move|p2a: 06 de La Danoise|Dazzling Gleam|p1a: Calyrex
|-end|p1a: Calyrex|Substitute
|move|p1a: Calyrex|Substitute|p1a: Calyrex
|-start|p1a: Calyrex|Substitute
|-damage|p1a: Calyrex|25/100
|
|-heal|p1a: Calyrex|32/100|[from] item: Leftovers
|upkeep
|turn|8
|j| the so zen dude
|l| Yokeman
|j| Schizolab
|j| lulu qlf
|j| Yokeman
|
|t:|1647623937
|switch|p2a: Whisky La Coloc|Porygon2|88/100
|move|p1a: Calyrex|Psyshock|p2a: Whisky La Coloc
|-damage|p2a: Whisky La Coloc|64/100
|
|-heal|p1a: Calyrex|38/100|[from] item: Leftovers
|-fieldend|move: Trick Room
|upkeep
|turn|9
|
|t:|1647623940
|move|p1a: Calyrex|Leech Seed|p2a: Whisky La Coloc
|-start|p2a: Whisky La Coloc|move: Leech Seed
|move|p2a: Whisky La Coloc|Foul Play|p1a: Calyrex
|-supereffective|p1a: Calyrex
|-end|p1a: Calyrex|Substitute
|
|-heal|p1a: Calyrex|44/100|[from] item: Leftovers
|-damage|p2a: Whisky La Coloc|52/100|[from] Leech Seed|[of] p1a: Calyrex
|-heal|p1a: Calyrex|57/100|[silent]
|upkeep
|turn|10
|
|t:|1647623945
|move|p1a: Calyrex|Substitute|p1a: Calyrex
|-start|p1a: Calyrex|Substitute
|-damage|p1a: Calyrex|32/100
|move|p2a: Whisky La Coloc|Foul Play|p1a: Calyrex
|-supereffective|p1a: Calyrex
|-end|p1a: Calyrex|Substitute
|
|-heal|p1a: Calyrex|39/100|[from] item: Leftovers
|-damage|p2a: Whisky La Coloc|40/100|[from] Leech Seed|[of] p1a: Calyrex
|-heal|p1a: Calyrex|52/100|[silent]
|upkeep
|turn|11
|j| The Delta Maybca☆〜
|
|t:|1647623947
|move|p1a: Calyrex|Substitute|p1a: Calyrex
|-start|p1a: Calyrex|Substitute
|-damage|p1a: Calyrex|27/100
|move|p2a: Whisky La Coloc|Foul Play|p1a: Calyrex
|-supereffective|p1a: Calyrex
|-end|p1a: Calyrex|Substitute
|
|-heal|p1a: Calyrex|33/100|[from] item: Leftovers
|-damage|p2a: Whisky La Coloc|27/100|[from] Leech Seed|[of] p1a: Calyrex
|-heal|p1a: Calyrex|47/100|[silent]
|upkeep
|turn|12
|j|+Tuthur
|j| MS3D
|
|t:|1647623955
|move|p1a: Calyrex|Substitute|p1a: Calyrex
|-start|p1a: Calyrex|Substitute
|-damage|p1a: Calyrex|22/100
|move|p2a: Whisky La Coloc|Foul Play|p1a: Calyrex
|-supereffective|p1a: Calyrex
|-end|p1a: Calyrex|Substitute
|
|-heal|p1a: Calyrex|28/100|[from] item: Leftovers
|-damage|p2a: Whisky La Coloc|15/100|[from] Leech Seed|[of] p1a: Calyrex
|-heal|p1a: Calyrex|42/100|[silent]
|upkeep
|turn|13
|j| FC Anya
|j| Carmin
|
|t:|1647623958
|move|p1a: Calyrex|Psyshock|p2a: Whisky La Coloc
|-crit|p2a: Whisky La Coloc
|-damage|p2a: Whisky La Coloc|0 fnt
|faint|p2a: Whisky La Coloc
|-ability|p1a: Calyrex|Grim Neigh|boost
|-boost|p1a: Calyrex|spa|1
|
|-heal|p1a: Calyrex|48/100|[from] item: Leftovers
|upkeep
|j| Arsenic is Good
|
|t:|1647623967
|switch|p2a: La Friendzone|Kyogre|100/100
|-weather|RainDance|[from] ability: Drizzle|[of] p2a: La Friendzone
|turn|14
|c| Carmin|ALLEZ KF !!!!!!!!!
|j|%Clementine
|j| Hoshibi
|j| azwxfercgthy
|c| Ryuji-Sensei|GO KF
|c|☆KyogreF4N|ptn tous mes bails exposed$
|c| Hoshibi|ALLEZ KELKUN
|inactive|KyogreF4N has 270 seconds left.
|j| Enamlis alt
|c| Oakdeon|calyrex est scandaleux
|j| Alzozo
|c| Neco0s|ALLEZ... LUI LÀ !
|j| Hervalt
|inactive|KyogreF4N has 240 seconds left.
|j| Elfuseon
|j| PepeDuce
|j| SGKI
|inactive|KyogreF4N has 210 seconds left.
|l| Nemo 888
|j| UU11A Mitsuri
|j| Horodro
|j| ELDONDELACOLOMBUS
|inactive|KyogreF4N has 180 seconds left.
|
|t:|1647624087
|switch|p1a: Eternatus|Eternatus|100/100
|-ability|p1a: Eternatus|Pressure
|-item|p1a: Eternatus|Air Balloon
|move|p2a: La Friendzone|Ice Beam|p1a: Eternatus
|-supereffective|p1a: Eternatus
|-damage|p1a: Eternatus|23/100
|-enditem|p1a: Eternatus|Air Balloon
|
|-weather|RainDance|[upkeep]
|upkeep
|turn|15
|inactive|KyogreF4N has 180 seconds left.
|j| Cherbou
|c|☆KyogreF4N|scandaleux ce poké
|j| Boulicrok
|c| PepeDuce|pk vous jouez des pokemon interdits ?
|l| Boulicrok
|inactive|Royal1604 has 270 seconds left.
|inactive|KyogreF4N has 150 seconds left.
|
|t:|1647624133
|switch|p1a: Kyogre|Kyogre|100/100
|move|p2a: La Friendzone|Ice Beam|p1a: Kyogre
|-resisted|p1a: Kyogre
|-damage|p1a: Kyogre|84/100
|
|-weather|RainDance|[upkeep]
|-heal|p1a: Kyogre|91/100|[from] item: Leftovers
|upkeep
|turn|16
|j| Sirwings
|
|t:|1647624140
|switch|p2a: 06 de La Danoise|Hatterene, F|1/100
|move|p1a: Kyogre|Scald|p2a: 06 de La Danoise
|-damage|p2a: 06 de La Danoise|0 fnt
|faint|p2a: 06 de La Danoise
|
|-weather|RainDance|[upkeep]
|-heal|p1a: Kyogre|97/100|[from] item: Leftovers
|upkeep
|j| Arakd’eau✞
|
|t:|1647624145
|switch|p2a: La Friendzone|Kyogre|100/100
|turn|17
|c| Oakdeon|illégal
|
|t:|1647624151
|switch|p1a: Eternatus|Eternatus|23/100
|-ability|p1a: Eternatus|Pressure
|move|p2a: La Friendzone|Thunder|p1a: Eternatus
|-resisted|p1a: Eternatus
|-damage|p1a: Eternatus|2/100
|
|-weather|RainDance|[upkeep]
|upkeep
|turn|18
|c| Hurtadoo|dit leur le o
|c| ELDONDELACOLOMBUS|stylé eter
|c| PepeDuce|ate
|j| liiw
|inactive|KyogreF4N has 150 seconds left.
|
|t:|1647624181
|move|p1a: Eternatus|Dragon Pulse|p2a: La Friendzone
|-damage|p2a: La Friendzone|73/100
|move|p2a: La Friendzone|Thunder|p1a: Eternatus
|-resisted|p1a: Eternatus
|-damage|p1a: Eternatus|0 fnt
|faint|p1a: Eternatus
|
|-weather|none
|upkeep
|inactive|KyogreF4N has 150 seconds left.
|l| Cherbou
|
|t:|1647624196
|switch|p1a: Marshadow|Marshadow|100/100
|turn|19
|l| The Delta Gang
|j| CaptainEikichi
|
|t:|1647624210
|move|p1a: Marshadow|Bulk Up|p1a: Marshadow
|-boost|p1a: Marshadow|atk|1
|-boost|p1a: Marshadow|def|1
|move|p2a: La Friendzone|Thunder|p1a: Marshadow
|-damage|p1a: Marshadow|23/100
|-status|p1a: Marshadow|par
|
|upkeep
|turn|20
|c| UFG DX|easu
|c|☆KyogreF4N|gneugneu kf est lucky
|c| Flex OKLM|cheh
|
|t:|1647624230
|cant|p1a: Marshadow|par
|move|p2a: La Friendzone|Thunder|p1a: Marshadow|[miss]
|-miss|p2a: La Friendzone|p1a: Marshadow
|
|upkeep
|turn|21
|
|t:|1647624233
|cant|p1a: Marshadow|par
|move|p2a: La Friendzone|Thunder|p1a: Marshadow|[miss]
|-miss|p2a: La Friendzone|p1a: Marshadow
|
|upkeep
|turn|22
|
|t:|1647624235
|cant|p1a: Marshadow|par
|move|p2a: La Friendzone|Thunder|p1a: Marshadow
|-damage|p1a: Marshadow|0 fnt
|faint|p1a: Marshadow
|
|upkeep
|c| Flex OKLM|ofc le miss
|c| UFG DX|ofc miss
|c| Wedjene|lets go
|c|☆KyogreF4N|ben oui
|c| Flex OKLM|lets go
|inactive|KyogreF4N has 150 seconds left.
|c| Flodi|Comme dirait un vieux chauve: le hax n’a pas joué
|c| UFG DX|let’s go
|c| Chose Truc|pas mal le haxx
|
|t:|1647624253
|switch|p1a: Calyrex|Calyrex-Shadow|48/100
|-ability|p1a: Calyrex|As One
|-ability|p1a: Calyrex|Unnerve
|turn|23
|
|t:|1647624257
|move|p1a: Calyrex|Substitute|p1a: Calyrex
|-start|p1a: Calyrex|Substitute
|-damage|p1a: Calyrex|23/100
|move|p2a: La Friendzone|Thunder|p1a: Calyrex
|-end|p1a: Calyrex|Substitute
|
|-heal|p1a: Calyrex|29/100|[from] item: Leftovers
|upkeep
|turn|24
|
|t:|1647624260
|move|p1a: Calyrex|Substitute|p1a: Calyrex
|-start|p1a: Calyrex|Substitute
|-damage|p1a: Calyrex|4/100
|move|p2a: La Friendzone|Thunder|p1a: Calyrex
|-end|p1a: Calyrex|Substitute
|
|-heal|p1a: Calyrex|10/100|[from] item: Leftovers
|upkeep
|turn|25
|j| Eledyr
|
|t:|1647624263
|move|p1a: Calyrex|Astral Barrage|p2a: La Friendzone
|-damage|p2a: La Friendzone|24/100
|move|p2a: La Friendzone|Thunder|p1a: Calyrex
|-damage|p1a: Calyrex|0 fnt
|faint|p1a: Calyrex
|
|upkeep
|c| Flex OKLM|no miss ofc
|j| OmBrArch
|c| Wedjene|lets gooooo
|
|t:|1647624272
|switch|p1a: Yveltal|Yveltal|100/100
|-ability|p1a: Yveltal|Dark Aura
|turn|26
|c| Oakdeon|ptdrrrr
|
|t:|1647624285
|move|p1a: Yveltal|Knock Off|p2a: La Friendzone
|-damage|p2a: La Friendzone|0 fnt
|-enditem|p2a: La Friendzone|Choice Specs|[from] move: Knock Off|[of] p1a: Yveltal
|faint|p2a: La Friendzone
|
|upkeep
|
|t:|1647624287
|switch|p2a: Tes Chaussures|Necrozma-Dusk-Mane|100/100
|turn|27
|
|t:|1647624290
|move|p1a: Yveltal|U-turn|p2a: Tes Chaussures
|-damage|p2a: Tes Chaussures|86/100
|
|t:|1647624300
|switch|p1a: Kyogre|Kyogre|97/100|[from]move: U-turn
|-weather|RainDance|[from] ability: Drizzle|[of] p1a: Kyogre
|move|p2a: Tes Chaussures|Trick Room|p2a: Tes Chaussures
|-fieldstart|move: Trick Room|[of] p2a: Tes Chaussures
|
|-weather|RainDance|[upkeep]
|-heal|p1a: Kyogre|100/100|[from] item: Leftovers
|upkeep
|turn|28
|j| Silmerosse
|
|t:|1647624304
|move|p2a: Tes Chaussures|Swords Dance|p2a: Tes Chaussures
|-boost|p2a: Tes Chaussures|atk|2
|move|p1a: Kyogre|Scald|p2a: Tes Chaussures
|-damage|p2a: Tes Chaussures|37/100
|
|-weather|RainDance|[upkeep]
|upkeep
|turn|29
|
|t:|1647624307
|move|p2a: Tes Chaussures|Earthquake|p1a: Kyogre
|-damage|p1a: Kyogre|33/100
|move|p1a: Kyogre|Scald|p2a: Tes Chaussures
|-damage|p2a: Tes Chaussures|0 fnt
|faint|p2a: Tes Chaussures
|
|-weather|RainDance|[upkeep]
|-heal|p1a: Kyogre|39/100|[from] item: Leftovers
|upkeep
|l| Sirwings
|
|t:|1647624314
|switch|p2a: Full Bourré|Dracovish|100/100
|turn|30
|j| Alkione
|c| ELDONDELACOLOMBUS|mes chaussettes coûtent plus chères que tes chaussures
|c| ELDONDELACOLOMBUS|tu sabes
|
|t:|1647624322
|move|p2a: Full Bourré|Fishious Rend|p1a: Kyogre
|-resisted|p1a: Kyogre
|-damage|p1a: Kyogre|0 fnt
|faint|p1a: Kyogre
|
|-weather|RainDance|[upkeep]
|upkeep
|j| Jojos
|l| Arsenic is Good
|j| Sirwings
|inactive|KyogreF4N has 210 seconds left.
|inactive|KyogreF4N has 180 seconds left.
|j| Arsenic is Good
|j| Msnt
|
|t:|1647624394
|switch|p1a: Yveltal|Yveltal|100/100
|-ability|p1a: Yveltal|Dark Aura
|turn|31
|
|t:|1647624398
|move|p2a: Full Bourré|Fishious Rend|p1a: Yveltal
|-damage|p1a: Yveltal|0 fnt
|faint|p1a: Yveltal
|
|-weather|none
|-fieldend|move: Trick Room
|upkeep
|
|t:|1647624401
|switch|p1a: Necrozma|Necrozma-Dusk-Mane|100/100
|turn|32
|
|t:|1647624403
|move|p1a: Necrozma|Thunder Wave|p2a: Full Bourré
|-status|p2a: Full Bourré|par
|move|p2a: Full Bourré|Fishious Rend|p1a: Necrozma
|-damage|p1a: Necrozma|51/100
|
|-heal|p1a: Necrozma|57/100|[from] item: Leftovers
|upkeep
|turn|33
|j| mtmfr
|
|t:|1647624409
|move|p1a: Necrozma|Earthquake|p2a: Full Bourré
|-damage|p2a: Full Bourré|67/100 par
|cant|p2a: Full Bourré|par
|
|-heal|p1a: Necrozma|63/100|[from] item: Leftovers
|upkeep
|turn|34
|
|t:|1647624413
|move|p1a: Necrozma|Earthquake|p2a: Full Bourré
|-damage|p2a: Full Bourré|32/100 par
|move|p2a: Full Bourré|Fishious Rend|p1a: Necrozma
|-damage|p1a: Necrozma|11/100
|
|-heal|p1a: Necrozma|17/100|[from] item: Leftovers
|upkeep
|turn|35
|c| UFG DX|0
|
|t:|1647624416
|move|p1a: Necrozma|Morning Sun|p1a: Necrozma
|-heal|p1a: Necrozma|67/100
|cant|p2a: Full Bourré|par
|
|-heal|p1a: Necrozma|73/100|[from] item: Leftovers
|upkeep
|turn|36
|j| rom1x
|
|t:|1647624419
|move|p1a: Necrozma|Earthquake|p2a: Full Bourré
|-damage|p2a: Full Bourré|0 fnt
|faint|p2a: Full Bourré
|
|-heal|p1a: Necrozma|79/100|[from] item: Leftovers
|upkeep
|
|t:|1647624421
|switch|p2a: Vomi Sur Le Lit|Calyrex-Ice|100/100
|-ability|p2a: Vomi Sur Le Lit|As One
|-ability|p2a: Vomi Sur Le Lit|Unnerve
|turn|37
|c| Oakdeon|0-0
|inactive|KyogreF4N has 210 seconds left.
|c| Alkione|'fin kf qui chope la para
|c| Alkione|Comme par hasard ^^
|
|t:|1647624480
|move|p1a: Necrozma|Thunder Wave|p2a: Vomi Sur Le Lit
|-status|p2a: Vomi Sur Le Lit|par
|cant|p2a: Vomi Sur Le Lit|par
|
|-heal|p1a: Necrozma|85/100|[from] item: Leftovers
|upkeep
|turn|38
|c| Schizolab|y'a que les rageux qui se plaignent
|c| Flex OKLM|ofc
|c| PepeDuce|c fini
|c| Toadow|Ofc...
|
|t:|1647624489
|move|p1a: Necrozma|Sunsteel Strike|p2a: Vomi Sur Le Lit
|-supereffective|p2a: Vomi Sur Le Lit
|-damage|p2a: Vomi Sur Le Lit|30/100 par
|move|p2a: Vomi Sur Le Lit|High Horsepower|p1a: Necrozma
|-supereffective|p1a: Necrozma
|-damage|p1a: Necrozma|47/100
|
|-heal|p1a: Necrozma|53/100|[from] item: Leftovers
|upkeep
|turn|39
|c| Alkione|Classique kf..
|c|☆KyogreF4N|alright
|c|☆KyogreF4N|gg
|
|t:|1647624497
|move|p1a: Necrozma|Sunsteel Strike|p2a: Vomi Sur Le Lit
|-supereffective|p2a: Vomi Sur Le Lit
|-crit|p2a: Vomi Sur Le Lit
|-damage|p2a: Vomi Sur Le Lit|0 fnt
|faint|p2a: Vomi Sur Le Lit
|
|win|KyogreF4N
|c| the so zen dude|ALLEZ KF
|c| Flex OKLM|kf lucky
|c|☆Royal1604|gg
|l| Ryuji-Sensei
|c| Flex OKLM|comme d'hab
|l|%Clementine
|l| Givra no bi ☯
|l| Msnt
|l| liiw
|l| Dunoks
|l| tikki takka
|l| mtmfr
|l| FC Anya
|l| MS3D
|l| UU11A Mitsuri
|l| Hoshibi
|l| Alkione
|l| AzZoCcX
|l| Menacce17
|l| Enamlis alt
|j| Oldcvcv
|l| Arakd’eau✞
|l| rom1x
|l| Flodi
|l| Flex OKLM
|l| Hurtadoo
|l|+Tuthur
|l| Masskeauuu
|l| UFG DX
|l| ismakhil*-*
|l| Oldcvcv
|l| Corazan
|l| Remi25
|c| Oakdeon|gg kf!!!!
|l| PepeDuce
|l| SGKI
|l| Noktal411
|l| the so zen dude
|l| Elyoss
|l| Dieu Amphibien
|j| the so zen dude
|l| Dflo
|l| tinquench
|j| Remi25
|l| Le Dieun ❤ notor
|l| Elfuseon
|l| Drustan22
|l| OmBrArch
|l| Hervalt
|l| Uxilon
|l| Micciu20250
|l| azwxfercgthy
|l| YariTest
|l| cielau origine ♫
|l| The Delta Maybca☆〜
|l|☆Royal1604
|j| azwxfercgthy
|j| Ryuji-Sensei
|j| rom1x
|l| azwxfercgthy
|l| Wedjene
|l| Ryuji-Sensei
|l| Silmerosse
|l| rom1x
|l| Horodro
|l| lulu qlf
|j| Nephtyrix
|l| Neco0s
|l|☆KyogreF4N
|l| CaptainEikichi
|j| PepeDuce
|l| Nephtyrix
|j| Insector84
|l| Remi25
|l| Insector84
|j| rom1x
|l| Chose Truc
|j| Greycat01
|l| rom1x
|j| rom1x
|l| Greycat01
|l| Skilpad
|l| le fifou slayer
|l| rom1x
|l| PepeDuce
|j| rom1x
|j| Homard Sea
|l| Givrix
|l| Jojos
|l| Arsenic is Good
|l| rom1x
