|j|☆tugrin
|j|☆Ashkepchump100%
|player|p1|tugrin|169|1342
|player|p2|Ashkepchump100%|293|1423
|teamsize|p1|6
|teamsize|p2|6
|gametype|singles
|gen|8
|tier|[Gen 8] Ubers
|rated|
|clearpoke
|poke|p1|Zacian-Crowned|
|poke|p1|Eternatus|
|poke|p1|Necrozma-Dusk-Mane|
|poke|p1|Marshadow|
|poke|p1|Kyurem-White|
|poke|p1|Ditto|
|poke|p2|Necrozma-Dusk-Mane|
|poke|p2|Melmetal|
|poke|p2|Mew|
|poke|p2|Reshiram|
|poke|p2|Solgaleo|
|poke|p2|Lunala|
|rule|Sleep Clause Mod: Limit one foe put to sleep
|rule|Species Clause: Limit one of each Pokémon
|rule|OHKO Clause: OHKO moves are banned
|rule|Evasion Moves Clause: Evasion moves are banned
|rule|Endless Battle Clause: Forcing endless battles is banned
|rule|HP Percentage Mod: HP is shown in percentages
|html|Ubers Dynamax Clause: Pokémon on the <a href="https://www.smogon.com/dex/ss/formats/uber/">Ubers Dynamax Banlist</a> cannot Dynamax.
|teampreview
|j| AgressivEbolAidCOV
|
|start
|switch|p1a: Kyurem|Kyurem-White|100/100
|switch|p2a: Mew|Mew|100/100
|-ability|p1a: Kyurem|Turboblaze
|turn|1
|inactive|Battle timer is ON: inactive players will automatically lose when time's up. (requested by Ashkepchump100%)
|
|move|p1a: Kyurem|Fusion Flare|p2a: Mew
|-damage|p2a: Mew|60/100
|-damage|p1a: Kyurem|91/100|[from] item: Life Orb
|move|p2a: Mew|Trick Room|p2a: Mew
|-fieldstart|move: Trick Room|[of] p2a: Mew
|
|upkeep
|turn|2
|
|move|p2a: Mew|Stealth Rock|p1a: Kyurem
|-sidestart|p1: tugrin|move: Stealth Rock
|move|p1a: Kyurem|Fusion Flare|p2a: Mew
|-damage|p2a: Mew|24/100
|-damage|p1a: Kyurem|81/100|[from] item: Life Orb
|
|upkeep
|turn|3
|
|move|p2a: Mew|Spikes|p1a: Kyurem
|-sidestart|p1: tugrin|Spikes
|move|p1a: Kyurem|Fusion Flare|p2a: Mew
|-damage|p2a: Mew|0 fnt
|-damage|p1a: Kyurem|71/100|[from] item: Life Orb
|faint|p2a: Mew
|
|upkeep
|
|switch|p2a: Melmetal|Melmetal, shiny|100/100
|turn|4
|
|move|p2a: Melmetal|Double Iron Bash|p1a: Kyurem
|-supereffective|p1a: Kyurem
|-damage|p1a: Kyurem|0 fnt
|-hitcount|p1a: Kyurem|1
|faint|p1a: Kyurem
|
|upkeep
|
|switch|p1a: Necrozma|Necrozma-Dusk-Mane|100/100
|-damage|p1a: Necrozma|95/100|[from] Stealth Rock
|-damage|p1a: Necrozma|82/100|[from] Spikes
|turn|5
|
|move|p2a: Melmetal|Double Iron Bash|p1a: Necrozma
|-resisted|p1a: Necrozma
|-damage|p1a: Necrozma|57/100
|-resisted|p1a: Necrozma
|-damage|p1a: Necrozma|29/100
|-hitcount|p1a: Necrozma|2
|move|p1a: Necrozma|Dragon Dance|p1a: Necrozma
|-boost|p1a: Necrozma|atk|1
|-boost|p1a: Necrozma|spe|1
|
|-fieldend|move: Trick Room
|upkeep
|turn|6
|
|move|p1a: Necrozma|Earthquake|p2a: Melmetal
|-supereffective|p2a: Melmetal
|-damage|p2a: Melmetal|26/100
|move|p2a: Melmetal|Double Iron Bash|p1a: Necrozma
|-resisted|p1a: Necrozma
|-damage|p1a: Necrozma|1/100
|-resisted|p1a: Necrozma
|-damage|p1a: Necrozma|0 fnt
|-hitcount|p1a: Necrozma|2
|faint|p1a: Necrozma
|
|upkeep
|
|switch|p1a: Eternatus|Eternatus|100/100
|-damage|p1a: Eternatus|88/100|[from] Spikes
|-damage|p1a: Eternatus|76/100|[from] Stealth Rock
|-ability|p1a: Eternatus|Pressure
|turn|7
|
|switch|p2a: Reshiram|Reshiram, shiny|100/100
|-ability|p2a: Reshiram|Turboblaze
|move|p1a: Eternatus|Flamethrower|p2a: Reshiram
|-resisted|p2a: Reshiram
|-damage|p2a: Reshiram|96/100
|
|upkeep
|turn|8
|
|move|p1a: Eternatus|Dynamax Cannon|p2a: Reshiram
|-supereffective|p2a: Reshiram
|-damage|p2a: Reshiram|41/100
|move|p2a: Reshiram|Earth Power|p1a: Eternatus
|-supereffective|p1a: Eternatus
|-damage|p1a: Eternatus|22/100
|-enditem|p1a: Eternatus|Wiki Berry|[eat]
|-heal|p1a: Eternatus|55/100|[from] item: Wiki Berry
|
|upkeep
|turn|9
|
|move|p1a: Eternatus|Dynamax Cannon|p2a: Reshiram
|-supereffective|p2a: Reshiram
|-damage|p2a: Reshiram|0 fnt
|faint|p2a: Reshiram
|
|upkeep
|
|switch|p2a: Necrozma|Necrozma-Dusk-Mane|100/100
|turn|10
|
|move|p1a: Eternatus|Recover|p1a: Eternatus
|-heal|p1a: Eternatus|100/100
|move|p2a: Necrozma|Trick Room|p2a: Necrozma
|-fieldstart|move: Trick Room|[of] p2a: Necrozma
|
|upkeep
|turn|11
|
|move|p2a: Necrozma|Earthquake|p1a: Eternatus
|-supereffective|p1a: Eternatus
|-damage|p1a: Eternatus|37/100
|move|p1a: Eternatus|Dynamax Cannon|p2a: Necrozma
|-resisted|p2a: Necrozma
|-damage|p2a: Necrozma|75/100
|
|upkeep
|turn|12
|
|move|p2a: Necrozma|Earthquake|p1a: Eternatus
|-supereffective|p1a: Eternatus
|-damage|p1a: Eternatus|0 fnt
|faint|p1a: Eternatus
|
|upkeep
|
|switch|p1a: Marshadow|Marshadow|100/100
|-damage|p1a: Marshadow|88/100|[from] Spikes
|-damage|p1a: Marshadow|82/100|[from] Stealth Rock
|turn|13
|
|move|p1a: Marshadow|Shadow Sneak|p2a: Necrozma
|-supereffective|p2a: Necrozma
|-damage|p2a: Necrozma|40/100
|-enditem|p2a: Necrozma|Weakness Policy
|-boost|p2a: Necrozma|atk|2|[from] item: Weakness Policy
|-boost|p2a: Necrozma|spa|2|[from] item: Weakness Policy
|move|p2a: Necrozma|Sunsteel Strike|p1a: Marshadow
|-damage|p1a: Marshadow|0 fnt
|faint|p1a: Marshadow
|
|upkeep
|
|switch|p1a: Ditto|Ditto|100/100
|-damage|p1a: Ditto|88/100|[from] Spikes
|-damage|p1a: Ditto|76/100|[from] Stealth Rock
|-transform|p1a: Ditto|p2a: Necrozma|[from] ability: Imposter
|turn|14
|
|move|p2a: Necrozma|Earthquake|p1a: Ditto
|-supereffective|p1a: Ditto
|-damage|p1a: Ditto|0 fnt
|faint|p1a: Ditto
|
|-fieldend|move: Trick Room
|upkeep
|
|switch|p1a: Zacian|Zacian-Crowned|100/100
|-damage|p1a: Zacian|88/100|[from] Spikes
|-damage|p1a: Zacian|82/100|[from] Stealth Rock
|-ability|p1a: Zacian|Intrepid Sword|boost
|-boost|p1a: Zacian|atk|1
|turn|15
|
|move|p1a: Zacian|Behemoth Blade|p2a: Necrozma
|-resisted|p2a: Necrozma
|-damage|p2a: Necrozma|6/100
|move|p2a: Necrozma|Sunsteel Strike|p1a: Zacian
|-damage|p1a: Zacian|0 fnt
|faint|p1a: Zacian
|
|win|Ashkepchump100%
|l|☆Ashkepchump100%
|l|☆tugrin
|raw|tugrin's rating: 1311 &rarr; <strong>1298</strong><br />(-13 for losing)
|raw|Ashkepchump100%'s rating: 1424 &rarr; <strong>1437</strong><br />(+13 for winning)
