|j|☆PokeDuels
|j|☆fardin ❤
|t:|1620489393
|gametype|singles
|player|p1|PokeDuels|2|1651
|player|p2|fardin ❤|101|1546
|teamsize|p1|6
|teamsize|p2|6
|gen|8
|tier|[Gen 8] Ubers
|rated|
|rule|Sleep Clause Mod: Limit one foe put to sleep
|rule|Species Clause: Limit one of each Pokémon
|rule|OHKO Clause: OHKO moves are banned
|rule|Evasion Moves Clause: Evasion moves are banned
|rule|Endless Battle Clause: Forcing endless battles is banned
|rule|HP Percentage Mod: HP is shown in percentages
|rule|Dynamax Clause: You cannot dynamax
|clearpoke
|poke|p1|Toxapex, M|
|poke|p1|Blissey, F|
|poke|p1|Quagsire, F|
|poke|p1|Shedinja|
|poke|p1|Ho-Oh|
|poke|p1|Yveltal|
|poke|p2|Calyrex-Shadow|
|poke|p2|Zygarde|
|poke|p2|Necrozma-Dusk-Mane|
|poke|p2|Yveltal|
|poke|p2|Eternatus|
|poke|p2|Kyogre|
|teampreview
|inactive|Battle timer is ON: inactive players will automatically lose when time's up. (requested by fardin ❤)
|
|t:|1620489413
|start
|switch|p1a: Ho-Oh|Ho-Oh|100/100
|switch|p2a: Kyogre|Kyogre|100/100
|-weather|RainDance|[from] ability: Drizzle|[of] p2a: Kyogre
|turn|1
|
|t:|1620489419
|switch|p2a: Zygarde|Zygarde|100/100
|switch|p1a: Shedinja|Shedinja|100/100
|
|-weather|RainDance|[upkeep]
|upkeep
|turn|2
|
|t:|1620489430
|switch|p1a: Quagsire|Quagsire, F|100/100
|move|p2a: Zygarde|Substitute|p2a: Zygarde
|-start|p2a: Zygarde|Substitute
|-damage|p2a: Zygarde|76/100
|
|-weather|RainDance|[upkeep]
|-heal|p2a: Zygarde|82/100|[from] item: Leftovers
|upkeep
|turn|3
|
|t:|1620489433
|move|p2a: Zygarde|Toxic|p1a: Quagsire
|-status|p1a: Quagsire|tox
|move|p1a: Quagsire|Curse|p1a: Quagsire
|-unboost|p1a: Quagsire|spe|1
|-boost|p1a: Quagsire|atk|1
|-boost|p1a: Quagsire|def|1
|
|-weather|RainDance|[upkeep]
|-heal|p2a: Zygarde|88/100|[from] item: Leftovers
|-damage|p1a: Quagsire|94/100 tox|[from] psn
|upkeep
|turn|4
|
|t:|1620489442
|switch|p1a: Ho-Oh|Ho-Oh|100/100
|move|p2a: Zygarde|Dragon Dance|p2a: Zygarde
|-boost|p2a: Zygarde|atk|1
|-boost|p2a: Zygarde|spe|1
|
|-weather|RainDance|[upkeep]
|-heal|p2a: Zygarde|94/100|[from] item: Leftovers
|upkeep
|turn|5
|
|t:|1620489444
|move|p2a: Zygarde|Toxic|p1a: Ho-Oh
|-status|p1a: Ho-Oh|tox
|move|p1a: Ho-Oh|Whirlwind|p2a: Zygarde
|drag|p2a: Necrozma|Necrozma-Dusk-Mane|100/100
|
|-weather|none
|-damage|p1a: Ho-Oh|94/100 tox|[from] psn
|upkeep
|turn|6
|
|t:|1620489450
|switch|p1a: Yveltal|Yveltal|100/100
|-ability|p1a: Yveltal|Dark Aura
|switch|p2a: Eternatus|Eternatus|100/100
|-ability|p2a: Eternatus|Pressure
|
|upkeep
|turn|7
|
|t:|1620489453
|switch|p1a: Blissey|Blissey, F|100/100
|move|p2a: Eternatus|Toxic|p1a: Blissey
|-status|p1a: Blissey|tox
|
|-damage|p1a: Blissey|94/100 tox|[from] psn
|upkeep
|turn|8
|
|t:|1620489458
|switch|p2a: Necrozma|Necrozma-Dusk-Mane|100/100
|move|p1a: Blissey|Aromatherapy|p1a: Blissey
|-activate|p1a: Blissey|move: Aromatherapy
|-curestatus|p1a: Blissey|tox|[msg]
|-curestatus|p1: Quagsire|tox|[msg]
|-curestatus|p1: Ho-Oh|tox|[msg]
|
|upkeep
|turn|9
|
|t:|1620489460
|switch|p1a: Ho-Oh|Ho-Oh|100/100
|move|p2a: Necrozma|Stealth Rock|p1a: Ho-Oh
|-sidestart|p1: PokeDuels|move: Stealth Rock
|
|upkeep
|turn|10
|
|t:|1620489463
|switch|p2a: Eternatus|Eternatus|100/100
|-ability|p2a: Eternatus|Pressure
|move|p1a: Ho-Oh|Defog|p2a: Eternatus
|-unboost|p2a: Eternatus|evasion|1
|-sideend|p1: PokeDuels|Stealth Rock|[from] move: Defog|[of] p1a: Ho-Oh
|
|upkeep
|turn|11
|
|t:|1620489467
|switch|p2a: Necrozma|Necrozma-Dusk-Mane|100/100
|switch|p1a: Toxapex|Toxapex, M|100/100
|
|upkeep
|turn|12
|
|t:|1620489473
|switch|p2a: Eternatus|Eternatus|100/100
|-ability|p2a: Eternatus|Pressure
|switch|p1a: Ho-Oh|Ho-Oh|100/100
|
|upkeep
|turn|13
|
|t:|1620489477
|switch|p2a: Necrozma|Necrozma-Dusk-Mane|100/100
|switch|p1a: Toxapex|Toxapex, M|100/100
|
|upkeep
|turn|14
|
|t:|1620489480
|switch|p1a: Ho-Oh|Ho-Oh|100/100
|move|p2a: Necrozma|Stealth Rock|p1a: Ho-Oh
|-sidestart|p1: PokeDuels|move: Stealth Rock
|
|upkeep
|turn|15
|
|t:|1620489483
|switch|p2a: Eternatus|Eternatus|100/100
|-ability|p2a: Eternatus|Pressure
|move|p1a: Ho-Oh|Defog|p2a: Eternatus
|-unboost|p2a: Eternatus|evasion|1
|-sideend|p1: PokeDuels|Stealth Rock|[from] move: Defog|[of] p1a: Ho-Oh
|
|upkeep
|turn|16
|
|t:|1620489487
|switch|p2a: Necrozma|Necrozma-Dusk-Mane|100/100
|move|p1a: Ho-Oh|Sacred Fire|p2a: Necrozma
|-supereffective|p2a: Necrozma
|-damage|p2a: Necrozma|68/100
|
|-heal|p2a: Necrozma|74/100|[from] item: Leftovers
|upkeep
|turn|17
|
|t:|1620489492
|switch|p1a: Yveltal|Yveltal|100/100
|-ability|p1a: Yveltal|Dark Aura
|switch|p2a: Eternatus|Eternatus|100/100
|-ability|p2a: Eternatus|Pressure
|
|upkeep
|turn|18
|
|t:|1620489497
|move|p2a: Eternatus|Toxic|p1a: Yveltal
|-status|p1a: Yveltal|tox
|move|p1a: Yveltal|Knock Off|p2a: Eternatus
|-damage|p2a: Eternatus|60/100
|-enditem|p2a: Eternatus|Black Sludge|[from] move: Knock Off|[of] p1a: Yveltal
|
|-damage|p1a: Yveltal|94/100 tox|[from] psn
|upkeep
|turn|19
|
|t:|1620489504
|switch|p2a: Necrozma|Necrozma-Dusk-Mane|74/100
|switch|p1a: Blissey|Blissey, F|94/100
|
|-heal|p2a: Necrozma|80/100|[from] item: Leftovers
|upkeep
|turn|20
|
|t:|1620489507
|switch|p1a: Ho-Oh|Ho-Oh|100/100
|move|p2a: Necrozma|Stealth Rock|p1a: Ho-Oh
|-sidestart|p1: PokeDuels|move: Stealth Rock
|
|-heal|p2a: Necrozma|86/100|[from] item: Leftovers
|upkeep
|turn|21
|
|t:|1620489512
|switch|p2a: Calyrex|Calyrex-Shadow|100/100
|-ability|p2a: Calyrex|As One
|-ability|p2a: Calyrex|Unnerve
|move|p1a: Ho-Oh|Defog|p2a: Calyrex
|-unboost|p2a: Calyrex|evasion|1
|-sideend|p1: PokeDuels|Stealth Rock|[from] move: Defog|[of] p1a: Ho-Oh
|
|upkeep
|turn|22
|
|t:|1620489518
|move|p2a: Calyrex|Trick|p1a: Ho-Oh
|-activate|p2a: Calyrex|move: Trick|[of] p1a: Ho-Oh
|-item|p1a: Ho-Oh|Choice Scarf|[from] move: Trick
|-item|p2a: Calyrex|Heavy-Duty Boots|[from] move: Trick
|move|p1a: Ho-Oh|Sacred Fire|p2a: Calyrex
|-damage|p2a: Calyrex|46/100
|
|upkeep
|turn|23
|
|t:|1620489526
|switch|p2a: Eternatus|Eternatus|60/100
|-ability|p2a: Eternatus|Pressure
|switch|p1a: Blissey|Blissey, F|94/100
|
|upkeep
|turn|24
|
|t:|1620489531
|switch|p2a: Necrozma|Necrozma-Dusk-Mane|86/100
|move|p1a: Blissey|Aromatherapy|p1a: Blissey
|-activate|p1a: Blissey|move: Aromatherapy
|-curestatus|p1: Yveltal|tox|[msg]
|
|-heal|p2a: Necrozma|92/100|[from] item: Leftovers
|upkeep
|turn|25
|
|t:|1620489535
|switch|p1a: Ho-Oh|Ho-Oh|100/100
|move|p2a: Necrozma|Stealth Rock|p1a: Ho-Oh
|-sidestart|p1: PokeDuels|move: Stealth Rock
|
|-heal|p2a: Necrozma|98/100|[from] item: Leftovers
|upkeep
|turn|26
|
|t:|1620489537
|switch|p2a: Eternatus|Eternatus|60/100
|-ability|p2a: Eternatus|Pressure
|move|p1a: Ho-Oh|Defog|p2a: Eternatus
|-unboost|p2a: Eternatus|evasion|1
|-sideend|p1: PokeDuels|Stealth Rock|[from] move: Defog|[of] p1a: Ho-Oh
|
|upkeep
|turn|27
|
|t:|1620489541
|switch|p2a: Necrozma|Necrozma-Dusk-Mane|98/100
|switch|p1a: Toxapex|Toxapex, M|100/100
|
|-heal|p2a: Necrozma|100/100|[from] item: Leftovers
|upkeep
|turn|28
|
|t:|1620489544
|switch|p1a: Ho-Oh|Ho-Oh|100/100
|move|p2a: Necrozma|Stealth Rock|p1a: Ho-Oh
|-sidestart|p1: PokeDuels|move: Stealth Rock
|
|upkeep
|turn|29
|
|t:|1620489546
|switch|p2a: Eternatus|Eternatus|60/100
|-ability|p2a: Eternatus|Pressure
|move|p1a: Ho-Oh|Defog|p2a: Eternatus
|-unboost|p2a: Eternatus|evasion|1
|-sideend|p1: PokeDuels|Stealth Rock|[from] move: Defog|[of] p1a: Ho-Oh
|
|upkeep
|turn|30
|
|t:|1620489550
|switch|p2a: Necrozma|Necrozma-Dusk-Mane|100/100
|switch|p1a: Toxapex|Toxapex, M|100/100
|
|upkeep
|turn|31
|
|t:|1620489553
|switch|p1a: Yveltal|Yveltal|94/100
|-ability|p1a: Yveltal|Dark Aura
|move|p2a: Necrozma|Stealth Rock|p1a: Yveltal
|-sidestart|p1: PokeDuels|move: Stealth Rock
|
|upkeep
|turn|32
|
|t:|1620489555
|switch|p2a: Eternatus|Eternatus|60/100
|-ability|p2a: Eternatus|Pressure
|move|p1a: Yveltal|Defog|p2a: Eternatus
|-unboost|p2a: Eternatus|evasion|1
|-sideend|p1: PokeDuels|Stealth Rock|[from] move: Defog|[of] p1a: Yveltal
|
|upkeep
|turn|33
|
|t:|1620489561
|switch|p1a: Toxapex|Toxapex, M|100/100
|move|p2a: Eternatus|Recover|p2a: Eternatus
|-heal|p2a: Eternatus|100/100
|
|upkeep
|turn|34
|
|t:|1620489565
|switch|p2a: Necrozma|Necrozma-Dusk-Mane|100/100
|move|p1a: Toxapex|Knock Off|p2a: Necrozma
|-supereffective|p2a: Necrozma
|-damage|p2a: Necrozma|87/100
|-enditem|p2a: Necrozma|Leftovers|[from] move: Knock Off|[of] p1a: Toxapex
|
|upkeep
|turn|35
|
|t:|1620489568
|switch|p1a: Ho-Oh|Ho-Oh|100/100
|move|p2a: Necrozma|Stealth Rock|p1a: Ho-Oh
|-sidestart|p1: PokeDuels|move: Stealth Rock
|
|upkeep
|turn|36
|
|t:|1620489574
|switch|p2a: Eternatus|Eternatus|100/100
|-ability|p2a: Eternatus|Pressure
|move|p1a: Ho-Oh|Defog|p2a: Eternatus
|-unboost|p2a: Eternatus|evasion|1
|-sideend|p1: PokeDuels|Stealth Rock|[from] move: Defog|[of] p1a: Ho-Oh
|
|upkeep
|turn|37
|
|t:|1620489578
|switch|p2a: Zygarde|Zygarde|94/100
|switch|p1a: Toxapex|Toxapex, M|100/100
|
|-heal|p2a: Zygarde|99/100|[from] item: Leftovers
|upkeep
|turn|38
|
|t:|1620489587
|move|p2a: Zygarde|Substitute|p2a: Zygarde
|-start|p2a: Zygarde|Substitute
|-damage|p2a: Zygarde|75/100
|move|p1a: Toxapex|Knock Off|p2a: Zygarde
|-activate|p2a: Zygarde|move: Substitute|[damage]
|
|-heal|p2a: Zygarde|81/100|[from] item: Leftovers
|upkeep
|turn|39
|
|t:|1620489592
|switch|p1a: Ho-Oh|Ho-Oh|100/100
|move|p2a: Zygarde|Thousand Arrows|p1a: Ho-Oh
|-damage|p1a: Ho-Oh|74/100
|-start|p1a: Ho-Oh|Smack Down
|
|-heal|p2a: Zygarde|87/100|[from] item: Leftovers
|upkeep
|turn|40
|
|t:|1620489596
|move|p2a: Zygarde|Thousand Arrows|p1a: Ho-Oh
|-supereffective|p1a: Ho-Oh
|-damage|p1a: Ho-Oh|26/100
|move|p1a: Ho-Oh|Whirlwind|p2a: Zygarde
|drag|p2a: Necrozma|Necrozma-Dusk-Mane|87/100
|
|upkeep
|turn|41
|
|t:|1620489601
|switch|p1a: Yveltal|Yveltal|94/100
|-ability|p1a: Yveltal|Dark Aura
|move|p2a: Necrozma|Sunsteel Strike|p1a: Yveltal
|-damage|p1a: Yveltal|49/100
|
|upkeep
|turn|42
|
|t:|1620489608
|move|p1a: Yveltal|Roost|p1a: Yveltal
|-heal|p1a: Yveltal|99/100
|-singleturn|p1a: Yveltal|move: Roost
|move|p2a: Necrozma|Stealth Rock|p1a: Yveltal
|-sidestart|p1: PokeDuels|move: Stealth Rock
|
|upkeep
|turn|43
|
|t:|1620489611
|switch|p2a: Eternatus|Eternatus|100/100
|-ability|p2a: Eternatus|Pressure
|move|p1a: Yveltal|Defog|p2a: Eternatus
|-unboost|p2a: Eternatus|evasion|1
|-sideend|p1: PokeDuels|Stealth Rock|[from] move: Defog|[of] p1a: Yveltal
|
|upkeep
|turn|44
|
|t:|1620489615
|switch|p2a: Necrozma|Necrozma-Dusk-Mane|87/100
|switch|p1a: Ho-Oh|Ho-Oh|59/100
|
|upkeep
|turn|45
|
|t:|1620489619
|switch|p1a: Yveltal|Yveltal|99/100
|-ability|p1a: Yveltal|Dark Aura
|move|p2a: Necrozma|Stealth Rock|p1a: Yveltal
|-sidestart|p1: PokeDuels|move: Stealth Rock
|
|upkeep
|turn|46
|
|t:|1620489622
|move|p1a: Yveltal|Defog|p2a: Necrozma
|-unboost|p2a: Necrozma|evasion|1
|-sideend|p1: PokeDuels|Stealth Rock|[from] move: Defog|[of] p1a: Yveltal
|move|p2a: Necrozma|Sunsteel Strike|p1a: Yveltal
|-damage|p1a: Yveltal|50/100
|
|upkeep
|turn|47
|
|t:|1620489625
|move|p1a: Yveltal|Roost|p1a: Yveltal
|-heal|p1a: Yveltal|100/100
|-singleturn|p1a: Yveltal|move: Roost
|move|p2a: Necrozma|Stealth Rock|p1a: Yveltal
|-sidestart|p1: PokeDuels|move: Stealth Rock
|
|upkeep
|turn|48
|
|t:|1620489629
|switch|p2a: Zygarde|Zygarde|87/100
|move|p1a: Yveltal|Defog|p2a: Zygarde
|-unboost|p2a: Zygarde|evasion|1
|-sideend|p1: PokeDuels|Stealth Rock|[from] move: Defog|[of] p1a: Yveltal
|
|-heal|p2a: Zygarde|93/100|[from] item: Leftovers
|upkeep
|turn|49
|
|t:|1620489649
|switch|p1a: Ho-Oh|Ho-Oh|93/100
|switch|p2a: Eternatus|Eternatus|100/100
|-ability|p2a: Eternatus|Pressure
|
|upkeep
|turn|50
|
|t:|1620489656
|switch|p2a: Zygarde|Zygarde|93/100
|switch|p1a: Toxapex|Toxapex, M|100/100
|
|-heal|p2a: Zygarde|99/100|[from] item: Leftovers
|upkeep
|turn|51
|
|t:|1620489661
|switch|p1a: Ho-Oh|Ho-Oh|100/100
|move|p2a: Zygarde|Substitute|p2a: Zygarde
|-start|p2a: Zygarde|Substitute
|-damage|p2a: Zygarde|74/100
|
|-heal|p2a: Zygarde|81/100|[from] item: Leftovers
|upkeep
|turn|52
|
|t:|1620489663
|move|p2a: Zygarde|Toxic|p1a: Ho-Oh
|-status|p1a: Ho-Oh|tox
|move|p1a: Ho-Oh|Whirlwind|p2a: Zygarde
|drag|p2a: Necrozma|Necrozma-Dusk-Mane|87/100
|
|-damage|p1a: Ho-Oh|94/100 tox|[from] psn
|upkeep
|turn|53
|
|t:|1620489669
|switch|p1a: Yveltal|Yveltal|100/100
|-ability|p1a: Yveltal|Dark Aura
|switch|p2a: Zygarde|Zygarde|81/100
|
|-heal|p2a: Zygarde|87/100|[from] item: Leftovers
|upkeep
|turn|54
|
|t:|1620489673
|switch|p2a: Eternatus|Eternatus|100/100
|-ability|p2a: Eternatus|Pressure
|move|p1a: Yveltal|Knock Off|p2a: Eternatus
|-damage|p2a: Eternatus|74/100
|
|upkeep
|turn|55
|
|t:|1620489678
|switch|p2a: Necrozma|Necrozma-Dusk-Mane|87/100
|switch|p1a: Toxapex|Toxapex, M|100/100
|
|upkeep
|turn|56
|
|t:|1620489682
|switch|p2a: Eternatus|Eternatus|74/100
|-ability|p2a: Eternatus|Pressure
|switch|p1a: Yveltal|Yveltal|100/100
|-ability|p1a: Yveltal|Dark Aura
|
|upkeep
|turn|57
|
|t:|1620489685
|switch|p2a: Yveltal|Yveltal|100/100
|-ability|p2a: Yveltal|Dark Aura
|switch|p1a: Toxapex|Toxapex, M|100/100
|
|upkeep
|turn|58
|
|t:|1620489689
|switch|p2a: Eternatus|Eternatus|74/100
|-ability|p2a: Eternatus|Pressure
|move|p1a: Toxapex|Baneful Bunker||[still]
|-fail|p1a: Toxapex
|
|upkeep
|turn|59
|
|t:|1620489693
|switch|p2a: Necrozma|Necrozma-Dusk-Mane|87/100
|move|p1a: Toxapex|Scald|p2a: Necrozma
|-damage|p2a: Necrozma|74/100
|-status|p2a: Necrozma|brn
|
|-damage|p2a: Necrozma|68/100 brn|[from] brn
|upkeep
|turn|60
|
|t:|1620489699
|switch|p1a: Yveltal|Yveltal|100/100
|-ability|p1a: Yveltal|Dark Aura
|move|p2a: Necrozma|Stealth Rock|p1a: Yveltal
|-sidestart|p1: PokeDuels|move: Stealth Rock
|
|-damage|p2a: Necrozma|62/100 brn|[from] brn
|upkeep
|turn|61
|
|t:|1620489704
|switch|p2a: Zygarde|Zygarde|87/100
|move|p1a: Yveltal|Defog|p2a: Zygarde
|-unboost|p2a: Zygarde|evasion|1
|-sideend|p1: PokeDuels|Stealth Rock|[from] move: Defog|[of] p1a: Yveltal
|
|-heal|p2a: Zygarde|93/100|[from] item: Leftovers
|upkeep
|turn|62
|
|t:|1620489707
|switch|p1a: Toxapex|Toxapex, M|100/100
|switch|p2a: Eternatus|Eternatus|74/100
|-ability|p2a: Eternatus|Pressure
|
|upkeep
|turn|63
|
|t:|1620489715
|switch|p2a: Necrozma|Necrozma-Dusk-Mane|62/100 brn
|move|p1a: Toxapex|Scald|p2a: Necrozma
|-damage|p2a: Necrozma|50/100 brn
|
|-damage|p2a: Necrozma|44/100 brn|[from] brn
|upkeep
|turn|64
|
|t:|1620489722
|switch|p2a: Zygarde|Zygarde|93/100
|switch|p1a: Yveltal|Yveltal|100/100
|-ability|p1a: Yveltal|Dark Aura
|
|-heal|p2a: Zygarde|99/100|[from] item: Leftovers
|upkeep
|turn|65
|
|t:|1620489726
|switch|p1a: Ho-Oh|Ho-Oh|100/100 tox
|move|p2a: Zygarde|Substitute|p2a: Zygarde
|-start|p2a: Zygarde|Substitute
|-damage|p2a: Zygarde|74/100
|
|-heal|p2a: Zygarde|80/100|[from] item: Leftovers
|-damage|p1a: Ho-Oh|94/100 tox|[from] psn
|upkeep
|turn|66
|
|t:|1620489729
|move|p2a: Zygarde|Dragon Dance|p2a: Zygarde
|-boost|p2a: Zygarde|atk|1
|-boost|p2a: Zygarde|spe|1
|move|p1a: Ho-Oh|Whirlwind|p2a: Zygarde
|drag|p2a: Yveltal|Yveltal|100/100
|-ability|p2a: Yveltal|Dark Aura
|
|-damage|p1a: Ho-Oh|82/100 tox|[from] psn
|upkeep
|turn|67
|
|t:|1620489733
|switch|p1a: Toxapex|Toxapex, M|100/100
|switch|p2a: Zygarde|Zygarde|80/100
|
|-heal|p2a: Zygarde|86/100|[from] item: Leftovers
|upkeep
|turn|68
|
|t:|1620489736
|switch|p2a: Calyrex|Calyrex-Shadow|46/100
|-ability|p2a: Calyrex|As One
|-ability|p2a: Calyrex|Unnerve
|switch|p1a: Ho-Oh|Ho-Oh|100/100 tox
|
|-damage|p1a: Ho-Oh|94/100 tox|[from] psn
|upkeep
|turn|69
|
|t:|1620489740
|switch|p2a: Eternatus|Eternatus|74/100
|-ability|p2a: Eternatus|Pressure
|move|p1a: Ho-Oh|Sacred Fire|p2a: Eternatus
|-resisted|p2a: Eternatus
|-damage|p2a: Eternatus|58/100
|-status|p2a: Eternatus|brn
|
|-damage|p2a: Eternatus|51/100 brn|[from] brn
|-damage|p1a: Ho-Oh|82/100 tox|[from] psn
|upkeep
|turn|70
|
|t:|1620489745
|switch|p2a: Calyrex|Calyrex-Shadow|46/100
|-ability|p2a: Calyrex|As One
|-ability|p2a: Calyrex|Unnerve
|switch|p1a: Toxapex|Toxapex, M|100/100
|
|upkeep
|turn|71
|
|t:|1620489749
|switch|p2a: Eternatus|Eternatus|51/100 brn
|-ability|p2a: Eternatus|Pressure
|move|p1a: Toxapex|Knock Off|p2a: Eternatus
|-crit|p2a: Eternatus
|-damage|p2a: Eternatus|39/100 brn
|
|-damage|p2a: Eternatus|33/100 brn|[from] brn
|upkeep
|turn|72
|
|t:|1620489753
|move|p2a: Eternatus|Recover|p2a: Eternatus
|-heal|p2a: Eternatus|83/100 brn
|move|p1a: Toxapex|Scald|p2a: Eternatus
|-resisted|p2a: Eternatus
|-damage|p2a: Eternatus|78/100 brn
|
|-damage|p2a: Eternatus|71/100 brn|[from] brn
|upkeep
|turn|73
|
|t:|1620489758
|move|p2a: Eternatus|Mystical Fire|p1a: Toxapex
|-resisted|p1a: Toxapex
|-damage|p1a: Toxapex|90/100
|-unboost|p1a: Toxapex|spa|1
|move|p1a: Toxapex|Knock Off|p2a: Eternatus
|-damage|p2a: Eternatus|64/100 brn
|
|-damage|p2a: Eternatus|58/100 brn|[from] brn
|upkeep
|turn|74
|
|t:|1620489764
|move|p2a: Eternatus|Mystical Fire|p1a: Toxapex
|-resisted|p1a: Toxapex
|-damage|p1a: Toxapex|80/100
|-unboost|p1a: Toxapex|spa|1
|move|p1a: Toxapex|Toxic||[still]
|-fail|p1a: Toxapex
|
|-damage|p2a: Eternatus|52/100 brn|[from] brn
|upkeep
|turn|75
|
|t:|1620489774
|switch|p1a: Blissey|Blissey, F|94/100
|move|p2a: Eternatus|Recover|p2a: Eternatus
|-heal|p2a: Eternatus|100/100 brn
|
|-damage|p2a: Eternatus|94/100 brn|[from] brn
|upkeep
|turn|76
|
|t:|1620489778
|switch|p2a: Calyrex|Calyrex-Shadow|46/100
|-ability|p2a: Calyrex|As One
|-ability|p2a: Calyrex|Unnerve
|move|p1a: Blissey|Stealth Rock|p2a: Calyrex
|-sidestart|p2: fardin ❤|move: Stealth Rock
|
|upkeep
|turn|77
|
|t:|1620489783
|switch|p1a: Yveltal|Yveltal|100/100
|-ability|p1a: Yveltal|Dark Aura
|move|p2a: Calyrex|Aromatherapy|p2a: Calyrex
|-activate|p2a: Calyrex|move: Aromatherapy
|-curestatus|p2: Eternatus|brn|[msg]
|-curestatus|p2: Necrozma|brn|[msg]
|
|upkeep
|turn|78
|
|t:|1620489795
|switch|p2a: Yveltal|Yveltal|100/100
|-ability|p2a: Yveltal|Dark Aura
|move|p1a: Yveltal|Knock Off|p2a: Yveltal
|-resisted|p2a: Yveltal
|-damage|p2a: Yveltal|80/100
|-enditem|p2a: Yveltal|Heavy-Duty Boots|[from] move: Knock Off|[of] p1a: Yveltal
|
|upkeep
|turn|79
|
|t:|1620489800
|switch|p1a: Ho-Oh|Ho-Oh|100/100 tox
|move|p2a: Yveltal|Defog|p1a: Ho-Oh
|-unboost|p1a: Ho-Oh|evasion|1
|-sideend|p2: fardin ❤|Stealth Rock|[from] move: Defog|[of] p2a: Yveltal
|
|-damage|p1a: Ho-Oh|94/100 tox|[from] psn
|upkeep
|turn|80
|
|t:|1620489808
|switch|p1a: Toxapex|Toxapex, M|100/100
|switch|p2a: Eternatus|Eternatus|94/100
|-ability|p2a: Eternatus|Pressure
|
|upkeep
|turn|81
|
|t:|1620489814
|move|p2a: Eternatus|Mystical Fire|p1a: Toxapex
|-resisted|p1a: Toxapex
|-damage|p1a: Toxapex|90/100
|-unboost|p1a: Toxapex|spa|1
|move|p1a: Toxapex|Scald|p2a: Eternatus
|-resisted|p2a: Eternatus
|-damage|p2a: Eternatus|90/100
|
|upkeep
|turn|82
|
|t:|1620489817
|move|p2a: Eternatus|Mystical Fire|p1a: Toxapex
|-resisted|p1a: Toxapex
|-damage|p1a: Toxapex|79/100
|-unboost|p1a: Toxapex|spa|1
|move|p1a: Toxapex|Scald|p2a: Eternatus
|-resisted|p2a: Eternatus
|-damage|p2a: Eternatus|88/100
|-status|p2a: Eternatus|brn
|
|-damage|p2a: Eternatus|82/100 brn|[from] brn
|upkeep
|turn|83
|
|t:|1620489821
|switch|p2a: Yveltal|Yveltal|80/100
|-ability|p2a: Yveltal|Dark Aura
|switch|p1a: Ho-Oh|Ho-Oh|100/100 tox
|
|-damage|p1a: Ho-Oh|94/100 tox|[from] psn
|upkeep
|turn|84
|
|t:|1620489825
|switch|p2a: Necrozma|Necrozma-Dusk-Mane|44/100
|move|p1a: Ho-Oh|Toxic|p2a: Necrozma
|-immune|p2a: Necrozma
|
|-damage|p1a: Ho-Oh|82/100 tox|[from] psn
|upkeep
|turn|85
|
|t:|1620489829
|switch|p1a: Yveltal|Yveltal|100/100
|-ability|p1a: Yveltal|Dark Aura
|move|p2a: Necrozma|Morning Sun|p2a: Necrozma
|-heal|p2a: Necrozma|94/100
|
|upkeep
|turn|86
|
|t:|1620489833
|switch|p2a: Yveltal|Yveltal|80/100
|-ability|p2a: Yveltal|Dark Aura
|move|p1a: Yveltal|Knock Off|p2a: Yveltal
|-resisted|p2a: Yveltal
|-damage|p2a: Yveltal|65/100
|
|upkeep
|turn|87
|
|t:|1620489840
|switch|p1a: Ho-Oh|Ho-Oh|100/100 tox
|move|p2a: Yveltal|Snarl|p1a: Ho-Oh|[miss]
|-miss|p2a: Yveltal|p1a: Ho-Oh
|
|-damage|p1a: Ho-Oh|94/100 tox|[from] psn
|upkeep
|turn|88
|
|t:|1620489846
|switch|p1a: Toxapex|Toxapex, M|100/100
|move|p2a: Yveltal|Foul Play|p1a: Toxapex
|-damage|p1a: Toxapex|82/100
|-damage|p2a: Yveltal|48/100|[from] item: Rocky Helmet|[of] p1a: Toxapex
|
|upkeep
|turn|89
|
|t:|1620489851
|move|p1a: Toxapex|Baneful Bunker|p1a: Toxapex
|-singleturn|p1a: Toxapex|move: Protect
|move|p2a: Yveltal|Roost|p2a: Yveltal
|-heal|p2a: Yveltal|98/100
|-singleturn|p2a: Yveltal|move: Roost
|
|upkeep
|turn|90
|
|t:|1620489854
|switch|p2a: Eternatus|Eternatus|82/100 brn
|-ability|p2a: Eternatus|Pressure
|switch|p1a: Ho-Oh|Ho-Oh|100/100 tox
|
|-damage|p2a: Eternatus|75/100 brn|[from] brn
|-damage|p1a: Ho-Oh|94/100 tox|[from] psn
|upkeep
|turn|91
|
|t:|1620489861
|switch|p2a: Zygarde|Zygarde|86/100
|switch|p1a: Toxapex|Toxapex, M|100/100
|
|-heal|p2a: Zygarde|92/100|[from] item: Leftovers
|upkeep
|turn|92
|
|t:|1620489868
|switch|p2a: Kyogre|Kyogre|100/100
|-weather|RainDance|[from] ability: Drizzle|[of] p2a: Kyogre
|switch|p1a: Ho-Oh|Ho-Oh|100/100 tox
|
|-weather|RainDance|[upkeep]
|-damage|p1a: Ho-Oh|94/100 tox|[from] psn
|upkeep
|turn|93
|
|t:|1620489873
|switch|p1a: Shedinja|Shedinja|100/100
|switch|p2a: Necrozma|Necrozma-Dusk-Mane|94/100
|
|-weather|RainDance|[upkeep]
|upkeep
|turn|94
|
|t:|1620489876
|switch|p1a: Yveltal|Yveltal|100/100
|-ability|p1a: Yveltal|Dark Aura
|move|p2a: Necrozma|Stealth Rock|p1a: Yveltal
|-sidestart|p1: PokeDuels|move: Stealth Rock
|
|-weather|RainDance|[upkeep]
|upkeep
|turn|95
|
|t:|1620489879
|switch|p2a: Eternatus|Eternatus|75/100 brn
|-ability|p2a: Eternatus|Pressure
|move|p1a: Yveltal|Defog|p2a: Eternatus
|-unboost|p2a: Eternatus|evasion|1
|-sideend|p1: PokeDuels|Stealth Rock|[from] move: Defog|[of] p1a: Yveltal
|
|-weather|RainDance|[upkeep]
|-damage|p2a: Eternatus|69/100 brn|[from] brn
|upkeep
|turn|96
|
|t:|1620489884
|switch|p2a: Necrozma|Necrozma-Dusk-Mane|94/100
|switch|p1a: Toxapex|Toxapex, M|100/100
|
|-weather|none
|upkeep
|turn|97
|
|t:|1620489887
|switch|p1a: Ho-Oh|Ho-Oh|100/100 tox
|move|p2a: Necrozma|Stealth Rock|p1a: Ho-Oh
|-sidestart|p1: PokeDuels|move: Stealth Rock
|
|-damage|p1a: Ho-Oh|94/100 tox|[from] psn
|upkeep
|turn|98
|
|t:|1620489891
|switch|p2a: Calyrex|Calyrex-Shadow|46/100
|-ability|p2a: Calyrex|As One
|-ability|p2a: Calyrex|Unnerve
|move|p1a: Ho-Oh|Defog|p2a: Calyrex
|-unboost|p2a: Calyrex|evasion|1
|-sideend|p1: PokeDuels|Stealth Rock|[from] move: Defog|[of] p1a: Ho-Oh
|
|-damage|p1a: Ho-Oh|82/100 tox|[from] psn
|upkeep
|turn|99
|
|t:|1620489896
|switch|p1a: Yveltal|Yveltal|100/100
|-ability|p1a: Yveltal|Dark Aura
|move|p2a: Calyrex|Aromatherapy|p2a: Calyrex
|-activate|p2a: Calyrex|move: Aromatherapy
|-curestatus|p2: Eternatus|brn|[msg]
|
|upkeep
|turn|100
|
|t:|1620489901
|switch|p2a: Yveltal|Yveltal|98/100
|-ability|p2a: Yveltal|Dark Aura
|switch|p1a: Toxapex|Toxapex, M|100/100
|
|upkeep
|turn|101
|
|t:|1620489908
|switch|p2a: Eternatus|Eternatus|69/100
|-ability|p2a: Eternatus|Pressure
|move|p1a: Toxapex|Scald|p2a: Eternatus
|-resisted|p2a: Eternatus
|-damage|p2a: Eternatus|64/100
|
|upkeep
|turn|102
|
|t:|1620489912
|move|p2a: Eternatus|Mystical Fire|p1a: Toxapex
|-resisted|p1a: Toxapex
|-damage|p1a: Toxapex|90/100
|-unboost|p1a: Toxapex|spa|1
|move|p1a: Toxapex|Scald|p2a: Eternatus
|-resisted|p2a: Eternatus
|-damage|p2a: Eternatus|60/100
|-status|p2a: Eternatus|brn
|
|-damage|p2a: Eternatus|54/100 brn|[from] brn
|upkeep
|turn|103
|
|t:|1620489919
|move|p2a: Eternatus|Recover|p2a: Eternatus
|-heal|p2a: Eternatus|100/100 brn
|move|p1a: Toxapex|Knock Off|p2a: Eternatus
|-damage|p2a: Eternatus|92/100 brn
|
|-damage|p2a: Eternatus|86/100 brn|[from] brn
|upkeep
|turn|104
|
|t:|1620489929
|switch|p2a: Necrozma|Necrozma-Dusk-Mane|94/100
|move|p1a: Toxapex|Knock Off|p2a: Necrozma
|-supereffective|p2a: Necrozma
|-damage|p2a: Necrozma|85/100
|
|upkeep
|turn|105
|
|t:|1620489937
|switch|p2a: Kyogre|Kyogre|100/100
|-weather|RainDance|[from] ability: Drizzle|[of] p2a: Kyogre
|switch|p1a: Ho-Oh|Ho-Oh|100/100 tox
|
|-weather|RainDance|[upkeep]
|-damage|p1a: Ho-Oh|94/100 tox|[from] psn
|upkeep
|turn|106
|
|t:|1620489944
|switch|p1a: Shedinja|Shedinja|100/100
|switch|p2a: Calyrex|Calyrex-Shadow|46/100
|-ability|p2a: Calyrex|As One
|-ability|p2a: Calyrex|Unnerve
|
|-weather|RainDance|[upkeep]
|upkeep
|turn|107
|
|t:|1620489951
|switch|p2a: Necrozma|Necrozma-Dusk-Mane|85/100
|move|p1a: Shedinja|Shadow Sneak|p2a: Necrozma
|-supereffective|p2a: Necrozma
|-damage|p2a: Necrozma|72/100
|
|-weather|RainDance|[upkeep]
|upkeep
|turn|108
|
|t:|1620489956
|switch|p1a: Ho-Oh|Ho-Oh|100/100 tox
|move|p2a: Necrozma|Stealth Rock|p1a: Ho-Oh
|-sidestart|p1: PokeDuels|move: Stealth Rock
|
|-weather|RainDance|[upkeep]
|-damage|p1a: Ho-Oh|94/100 tox|[from] psn
|upkeep
|turn|109
|
|t:|1620489958
|switch|p2a: Calyrex|Calyrex-Shadow|46/100
|-ability|p2a: Calyrex|As One
|-ability|p2a: Calyrex|Unnerve
|move|p1a: Ho-Oh|Defog|p2a: Calyrex
|-unboost|p2a: Calyrex|evasion|1
|-sideend|p1: PokeDuels|Stealth Rock|[from] move: Defog|[of] p1a: Ho-Oh
|
|-weather|none
|-damage|p1a: Ho-Oh|82/100 tox|[from] psn
|upkeep
|turn|110
|
|t:|1620489962
|switch|p1a: Yveltal|Yveltal|100/100
|-ability|p1a: Yveltal|Dark Aura
|move|p2a: Calyrex|Aromatherapy|p2a: Calyrex
|-activate|p2a: Calyrex|move: Aromatherapy
|-curestatus|p2: Eternatus|brn|[msg]
|
|upkeep
|turn|111
|
|t:|1620489967
|switch|p2a: Yveltal|Yveltal|98/100
|-ability|p2a: Yveltal|Dark Aura
|move|p1a: Yveltal|Knock Off|p2a: Yveltal
|-resisted|p2a: Yveltal
|-damage|p2a: Yveltal|84/100
|
|upkeep
|turn|112
|
|t:|1620489973
|switch|p1a: Ho-Oh|Ho-Oh|100/100 tox
|move|p2a: Yveltal|Snarl|p1a: Ho-Oh
|-damage|p1a: Ho-Oh|81/100 tox
|-unboost|p1a: Ho-Oh|spa|1
|
|-damage|p1a: Ho-Oh|75/100 tox|[from] psn
|upkeep
|turn|113
|
|t:|1620489978
|move|p1a: Ho-Oh|Toxic|p2a: Yveltal|[miss]
|-miss|p1a: Ho-Oh|p2a: Yveltal
|move|p2a: Yveltal|Foul Play|p1a: Ho-Oh
|-damage|p1a: Ho-Oh|40/100 tox
|
|-damage|p1a: Ho-Oh|28/100 tox|[from] psn
|upkeep
|turn|114
|
|t:|1620489991
|switch|p1a: Toxapex|Toxapex, M|100/100
|switch|p2a: Kyogre|Kyogre|100/100
|-weather|RainDance|[from] ability: Drizzle|[of] p2a: Kyogre
|
|-weather|RainDance|[upkeep]
|upkeep
|turn|115
|
|t:|1620489997
|switch|p2a: Necrozma|Necrozma-Dusk-Mane|72/100
|switch|p1a: Shedinja|Shedinja|100/100
|
|-weather|RainDance|[upkeep]
|upkeep
|turn|116
|
|t:|1620489999
|switch|p1a: Ho-Oh|Ho-Oh|62/100 tox
|move|p2a: Necrozma|Sunsteel Strike|p1a: Ho-Oh
|-resisted|p1a: Ho-Oh
|-damage|p1a: Ho-Oh|45/100 tox
|
|-weather|RainDance|[upkeep]
|-damage|p1a: Ho-Oh|39/100 tox|[from] psn
|upkeep
|turn|117
|
|t:|1620490002
|switch|p1a: Yveltal|Yveltal|100/100
|-ability|p1a: Yveltal|Dark Aura
|move|p2a: Necrozma|Stealth Rock|p1a: Yveltal
|-sidestart|p1: PokeDuels|move: Stealth Rock
|
|-weather|RainDance|[upkeep]
|upkeep
|turn|118
|
|t:|1620490008
|switch|p2a: Zygarde|Zygarde|92/100
|move|p1a: Yveltal|Defog|p2a: Zygarde
|-unboost|p2a: Zygarde|evasion|1
|-sideend|p1: PokeDuels|Stealth Rock|[from] move: Defog|[of] p1a: Yveltal
|
|-weather|none
|-heal|p2a: Zygarde|98/100|[from] item: Leftovers
|upkeep
|turn|119
|
|t:|1620490018
|switch|p1a: Ho-Oh|Ho-Oh|72/100 tox
|switch|p2a: Eternatus|Eternatus|86/100
|-ability|p2a: Eternatus|Pressure
|
|-damage|p1a: Ho-Oh|66/100 tox|[from] psn
|upkeep
|turn|120
|j| lasombralegendaria
|
|t:|1620490024
|switch|p2a: Zygarde|Zygarde|98/100
|switch|p1a: Blissey|Blissey, F|94/100
|
|-heal|p2a: Zygarde|100/100|[from] item: Leftovers
|upkeep
|turn|121
|c| lasombralegendaria|many turns
|
|t:|1620490032
|move|p2a: Zygarde|Dragon Dance|p2a: Zygarde
|-boost|p2a: Zygarde|atk|1
|-boost|p2a: Zygarde|spe|1
|move|p1a: Blissey|Stealth Rock|p2a: Zygarde
|-sidestart|p2: fardin ❤|move: Stealth Rock
|
|upkeep
|turn|122
|
|t:|1620490038
|switch|p1a: Ho-Oh|Ho-Oh|99/100 tox
|move|p2a: Zygarde|Thousand Arrows|p1a: Ho-Oh
|-damage|p1a: Ho-Oh|61/100 tox
|-start|p1a: Ho-Oh|Smack Down
|
|-damage|p1a: Ho-Oh|55/100 tox|[from] psn
|upkeep
|turn|123
|
|t:|1620490047
|move|p2a: Zygarde|Substitute|p2a: Zygarde
|-start|p2a: Zygarde|Substitute
|-damage|p2a: Zygarde|76/100
|move|p1a: Ho-Oh|Whirlwind|p2a: Zygarde
|drag|p2a: Eternatus|Eternatus|86/100
|-damage|p2a: Eternatus|73/100|[from] Stealth Rock
|-ability|p2a: Eternatus|Pressure
|
|-damage|p1a: Ho-Oh|43/100 tox|[from] psn
|upkeep
|turn|124
|
|t:|1620490060
|switch|p2a: Necrozma|Necrozma-Dusk-Mane|72/100
|-damage|p2a: Necrozma|66/100|[from] Stealth Rock
|switch|p1a: Toxapex|Toxapex, M|100/100
|
|upkeep
|turn|125
|
|t:|1620490065
|switch|p1a: Yveltal|Yveltal|100/100
|-ability|p1a: Yveltal|Dark Aura
|move|p2a: Necrozma|Stealth Rock|p1a: Yveltal
|-sidestart|p1: PokeDuels|move: Stealth Rock
|
|upkeep
|turn|126
|
|t:|1620490071
|switch|p2a: Eternatus|Eternatus|73/100
|-damage|p2a: Eternatus|61/100|[from] Stealth Rock
|-ability|p2a: Eternatus|Pressure
|move|p1a: Yveltal|Defog|p2a: Eternatus
|-unboost|p2a: Eternatus|evasion|1
|-sideend|p2: fardin ❤|Stealth Rock|[from] move: Defog|[of] p1a: Yveltal
|-sideend|p1: PokeDuels|Stealth Rock|[from] move: Defog|[of] p1a: Yveltal
|
|upkeep
|turn|127
|
|t:|1620490077
|switch|p1a: Ho-Oh|Ho-Oh|77/100 tox
|move|p2a: Eternatus|Recover|p2a: Eternatus
|-heal|p2a: Eternatus|100/100
|
|-damage|p1a: Ho-Oh|71/100 tox|[from] psn
|upkeep
|turn|128
|
|t:|1620490081
|switch|p2a: Zygarde|Zygarde|76/100
|switch|p1a: Toxapex|Toxapex, M|100/100
|
|-heal|p2a: Zygarde|82/100|[from] item: Leftovers
|upkeep
|turn|129
|
|t:|1620490087
|switch|p1a: Ho-Oh|Ho-Oh|100/100 tox
|move|p2a: Zygarde|Dragon Dance|p2a: Zygarde
|-boost|p2a: Zygarde|atk|1
|-boost|p2a: Zygarde|spe|1
|
|-heal|p2a: Zygarde|88/100|[from] item: Leftovers
|-damage|p1a: Ho-Oh|94/100 tox|[from] psn
|upkeep
|turn|130
|
|t:|1620490092
|switch|p2a: Eternatus|Eternatus|100/100
|-ability|p2a: Eternatus|Pressure
|move|p1a: Ho-Oh|Whirlwind|p2a: Eternatus
|drag|p2a: Necrozma|Necrozma-Dusk-Mane|66/100
|
|-damage|p1a: Ho-Oh|82/100 tox|[from] psn
|upkeep
|turn|131
|
|t:|1620490098
|switch|p1a: Yveltal|Yveltal|100/100
|-ability|p1a: Yveltal|Dark Aura
|switch|p2a: Calyrex|Calyrex-Shadow|46/100
|-ability|p2a: Calyrex|As One
|-ability|p2a: Calyrex|Unnerve
|
|upkeep
|turn|132
|
|t:|1620490104
|switch|p2a: Eternatus|Eternatus|100/100
|-ability|p2a: Eternatus|Pressure
|move|p1a: Yveltal|Knock Off|p2a: Eternatus
|-damage|p2a: Eternatus|76/100
|
|upkeep
|turn|133
|
|t:|1620490112
|switch|p2a: Zygarde|Zygarde|88/100
|move|p1a: Yveltal|Knock Off|p2a: Zygarde
|-damage|p2a: Zygarde|55/100
|-enditem|p2a: Zygarde|Leftovers|[from] move: Knock Off|[of] p1a: Yveltal
|
|upkeep
|turn|134
|
|t:|1620490117
|switch|p1a: Ho-Oh|Ho-Oh|100/100 tox
|move|p2a: Zygarde|Dragon Dance|p2a: Zygarde
|-boost|p2a: Zygarde|atk|1
|-boost|p2a: Zygarde|spe|1
|
|-damage|p1a: Ho-Oh|94/100 tox|[from] psn
|upkeep
|turn|135
|
|t:|1620490120
|switch|p2a: Eternatus|Eternatus|76/100
|-ability|p2a: Eternatus|Pressure
|move|p1a: Ho-Oh|Whirlwind|p2a: Eternatus
|drag|p2a: Yveltal|Yveltal|84/100
|-ability|p2a: Yveltal|Dark Aura
|
|-damage|p1a: Ho-Oh|82/100 tox|[from] psn
|upkeep
|turn|136
|
|t:|1620490126
|switch|p1a: Toxapex|Toxapex, M|100/100
|switch|p2a: Zygarde|Zygarde|55/100
|
|upkeep
|turn|137
|
|t:|1620490129
|switch|p1a: Ho-Oh|Ho-Oh|100/100 tox
|move|p2a: Zygarde|Dragon Dance|p2a: Zygarde
|-boost|p2a: Zygarde|atk|1
|-boost|p2a: Zygarde|spe|1
|
|-damage|p1a: Ho-Oh|94/100 tox|[from] psn
|upkeep
|turn|138
|
|t:|1620490133
|switch|p2a: Eternatus|Eternatus|76/100
|-ability|p2a: Eternatus|Pressure
|move|p1a: Ho-Oh|Whirlwind|p2a: Eternatus
|drag|p2a: Calyrex|Calyrex-Shadow|46/100
|-ability|p2a: Calyrex|As One
|-ability|p2a: Calyrex|Unnerve
|
|-damage|p1a: Ho-Oh|82/100 tox|[from] psn
|upkeep
|turn|139
|
|t:|1620490140
|switch|p2a: Kyogre|Kyogre|100/100
|-weather|RainDance|[from] ability: Drizzle|[of] p2a: Kyogre
|switch|p1a: Yveltal|Yveltal|100/100
|-ability|p1a: Yveltal|Dark Aura
|
|-weather|RainDance|[upkeep]
|upkeep
|turn|140
|
|t:|1620490143
|switch|p1a: Shedinja|Shedinja|100/100
|switch|p2a: Necrozma|Necrozma-Dusk-Mane|66/100
|
|-weather|RainDance|[upkeep]
|upkeep
|turn|141
|
|t:|1620490149
|switch|p2a: Kyogre|Kyogre|100/100
|switch|p1a: Yveltal|Yveltal|100/100
|-ability|p1a: Yveltal|Dark Aura
|
|-weather|RainDance|[upkeep]
|upkeep
|turn|142
|
|t:|1620490153
|switch|p1a: Shedinja|Shedinja|100/100
|switch|p2a: Necrozma|Necrozma-Dusk-Mane|66/100
|
|-weather|RainDance|[upkeep]
|upkeep
|turn|143
|
|t:|1620490161
|switch|p2a: Kyogre|Kyogre|100/100
|switch|p1a: Yveltal|Yveltal|100/100
|-ability|p1a: Yveltal|Dark Aura
|
|-weather|none
|upkeep
|turn|144
|
|t:|1620490164
|switch|p1a: Shedinja|Shedinja|100/100
|switch|p2a: Necrozma|Necrozma-Dusk-Mane|66/100
|
|upkeep
|turn|145
|
|t:|1620490167
|switch|p2a: Kyogre|Kyogre|100/100
|-weather|RainDance|[from] ability: Drizzle|[of] p2a: Kyogre
|switch|p1a: Yveltal|Yveltal|100/100
|-ability|p1a: Yveltal|Dark Aura
|
|-weather|RainDance|[upkeep]
|upkeep
|turn|146
|
|t:|1620490169
|switch|p1a: Shedinja|Shedinja|100/100
|switch|p2a: Necrozma|Necrozma-Dusk-Mane|66/100
|
|-weather|RainDance|[upkeep]
|upkeep
|turn|147
|
|t:|1620490171
|switch|p2a: Kyogre|Kyogre|100/100
|switch|p1a: Yveltal|Yveltal|100/100
|-ability|p1a: Yveltal|Dark Aura
|
|-weather|RainDance|[upkeep]
|upkeep
|turn|148
|
|t:|1620490174
|switch|p1a: Shedinja|Shedinja|100/100
|switch|p2a: Necrozma|Necrozma-Dusk-Mane|66/100
|
|-weather|RainDance|[upkeep]
|upkeep
|turn|149
|
|t:|1620490177
|switch|p2a: Kyogre|Kyogre|100/100
|switch|p1a: Yveltal|Yveltal|100/100
|-ability|p1a: Yveltal|Dark Aura
|
|-weather|none
|upkeep
|turn|150
|
|t:|1620490179
|switch|p2a: Necrozma|Necrozma-Dusk-Mane|66/100
|move|p1a: Yveltal|Foul Play|p2a: Necrozma
|-supereffective|p2a: Necrozma
|-damage|p2a: Necrozma|17/100
|
|upkeep
|turn|151
|
|t:|1620490183
|switch|p2a: Eternatus|Eternatus|76/100
|-ability|p2a: Eternatus|Pressure
|move|p1a: Yveltal|Knock Off|p2a: Eternatus
|-damage|p2a: Eternatus|51/100
|
|upkeep
|turn|152
|
|t:|1620490187
|switch|p2a: Necrozma|Necrozma-Dusk-Mane|17/100
|switch|p1a: Toxapex|Toxapex, M|100/100
|
|upkeep
|turn|153
|
|t:|1620490190
|switch|p1a: Yveltal|Yveltal|100/100
|-ability|p1a: Yveltal|Dark Aura
|move|p2a: Necrozma|Morning Sun|p2a: Necrozma
|-heal|p2a: Necrozma|67/100
|
|upkeep
|turn|154
|j| Nevelle ❤
|
|t:|1620490196
|switch|p1a: Toxapex|Toxapex, M|100/100
|switch|p2a: Eternatus|Eternatus|51/100
|-ability|p2a: Eternatus|Pressure
|
|upkeep
|turn|155
|
|t:|1620490199
|move|p2a: Eternatus|Recover|p2a: Eternatus
|-heal|p2a: Eternatus|100/100
|move|p1a: Toxapex|Scald|p2a: Eternatus
|-resisted|p2a: Eternatus
|-damage|p2a: Eternatus|95/100
|
|upkeep
|turn|156
|c| Nevelle ❤|oml
|
|t:|1620490203
|move|p2a: Eternatus|Mystical Fire|p1a: Toxapex
|-resisted|p1a: Toxapex
|-damage|p1a: Toxapex|90/100
|-unboost|p1a: Toxapex|spa|1
|move|p1a: Toxapex|Scald|p2a: Eternatus
|-resisted|p2a: Eternatus
|-damage|p2a: Eternatus|92/100
|-status|p2a: Eternatus|brn
|
|-damage|p2a: Eternatus|86/100 brn|[from] brn
|upkeep
|turn|157
|
|t:|1620490209
|switch|p2a: Yveltal|Yveltal|84/100
|-ability|p2a: Yveltal|Dark Aura
|move|p1a: Toxapex|Knock Off|p2a: Yveltal
|-resisted|p2a: Yveltal
|-damage|p2a: Yveltal|79/100
|
|upkeep
|turn|158
|c| Nevelle ❤|fardin is having pex stall used against him
|c| Nevelle ❤|its karma
|
|t:|1620490214
|switch|p2a: Eternatus|Eternatus|86/100 brn
|-ability|p2a: Eternatus|Pressure
|move|p1a: Toxapex|Toxic||[still]
|-fail|p1a: Toxapex
|
|-damage|p2a: Eternatus|79/100 brn|[from] brn
|upkeep
|turn|159
|
|t:|1620490222
|switch|p2a: Yveltal|Yveltal|79/100
|-ability|p2a: Yveltal|Dark Aura
|move|p1a: Toxapex|Knock Off|p2a: Yveltal
|-resisted|p2a: Yveltal
|-damage|p2a: Yveltal|73/100
|
|upkeep
|turn|160
|
|t:|1620490226
|switch|p2a: Eternatus|Eternatus|79/100 brn
|-ability|p2a: Eternatus|Pressure
|move|p1a: Toxapex|Knock Off|p2a: Eternatus
|-damage|p2a: Eternatus|72/100 brn
|
|-damage|p2a: Eternatus|66/100 brn|[from] brn
|upkeep
|turn|161
|
|t:|1620490231
|move|p2a: Eternatus|Mystical Fire|p1a: Toxapex
|-resisted|p1a: Toxapex
|-damage|p1a: Toxapex|79/100
|-unboost|p1a: Toxapex|spa|1
|move|p1a: Toxapex|Toxic||[still]
|-fail|p1a: Toxapex
|
|-damage|p2a: Eternatus|60/100 brn|[from] brn
|upkeep
|turn|162
|
|t:|1620490234
|move|p2a: Eternatus|Mystical Fire|p1a: Toxapex
|-resisted|p1a: Toxapex
|-damage|p1a: Toxapex|69/100
|-unboost|p1a: Toxapex|spa|1
|move|p1a: Toxapex|Knock Off|p2a: Eternatus
|-damage|p2a: Eternatus|52/100 brn
|
|-damage|p2a: Eternatus|45/100 brn|[from] brn
|upkeep
|turn|163
|
|t:|1620490237
|switch|p1a: Ho-Oh|Ho-Oh|100/100 tox
|move|p2a: Eternatus|Dynamax Cannon|p1a: Ho-Oh
|-damage|p1a: Ho-Oh|72/100 tox
|
|-damage|p2a: Eternatus|39/100 brn|[from] brn
|-damage|p1a: Ho-Oh|66/100 tox|[from] psn
|upkeep
|turn|164
|
|t:|1620490242
|switch|p2a: Calyrex|Calyrex-Shadow|46/100
|-ability|p2a: Calyrex|As One
|-ability|p2a: Calyrex|Unnerve
|switch|p1a: Toxapex|Toxapex, M|100/100
|
|upkeep
|turn|165
|
|t:|1620490246
|switch|p2a: Eternatus|Eternatus|39/100 brn
|-ability|p2a: Eternatus|Pressure
|move|p1a: Toxapex|Knock Off|p2a: Eternatus
|-crit|p2a: Eternatus
|-damage|p2a: Eternatus|27/100 brn
|
|-damage|p2a: Eternatus|20/100 brn|[from] brn
|upkeep
|turn|166
|
|t:|1620490251
|switch|p1a: Blissey|Blissey, F|94/100
|move|p2a: Eternatus|Recover|p2a: Eternatus
|-heal|p2a: Eternatus|70/100 brn
|
|-damage|p2a: Eternatus|64/100 brn|[from] brn
|upkeep
|turn|167
|
|t:|1620490258
|switch|p2a: Calyrex|Calyrex-Shadow|46/100
|-ability|p2a: Calyrex|As One
|-ability|p2a: Calyrex|Unnerve
|move|p1a: Blissey|Stealth Rock|p2a: Calyrex
|-sidestart|p2: fardin ❤|move: Stealth Rock
|
|upkeep
|turn|168
|j| Bigsoontobeten†
|
|t:|1620490264
|switch|p1a: Yveltal|Yveltal|100/100
|-ability|p1a: Yveltal|Dark Aura
|move|p2a: Calyrex|Aromatherapy|p2a: Calyrex
|-activate|p2a: Calyrex|move: Aromatherapy
|-curestatus|p2: Eternatus|brn|[msg]
|
|upkeep
|turn|169
|
|t:|1620490272
|switch|p2a: Yveltal|Yveltal|73/100
|-damage|p2a: Yveltal|48/100|[from] Stealth Rock
|-ability|p2a: Yveltal|Dark Aura
|move|p1a: Yveltal|Knock Off|p2a: Yveltal
|-resisted|p2a: Yveltal
|-damage|p2a: Yveltal|33/100
|
|upkeep
|turn|170
|
|t:|1620490282
|switch|p1a: Toxapex|Toxapex, M|100/100
|move|p2a: Yveltal|Defog|p1a: Toxapex
|-unboost|p1a: Toxapex|evasion|1
|-sideend|p2: fardin ❤|Stealth Rock|[from] move: Defog|[of] p2a: Yveltal
|
|upkeep
|turn|171
|
|t:|1620490287
|switch|p2a: Eternatus|Eternatus|64/100
|-ability|p2a: Eternatus|Pressure
|move|p1a: Toxapex|Toxic|p2a: Eternatus
|-immune|p2a: Eternatus
|
|upkeep
|turn|172
|
|t:|1620490292
|move|p2a: Eternatus|Mystical Fire|p1a: Toxapex
|-resisted|p1a: Toxapex
|-damage|p1a: Toxapex|90/100
|-unboost|p1a: Toxapex|spa|1
|move|p1a: Toxapex|Scald|p2a: Eternatus
|-resisted|p2a: Eternatus
|-damage|p2a: Eternatus|61/100
|
|upkeep
|turn|173
|
|t:|1620490294
|move|p2a: Eternatus|Recover|p2a: Eternatus
|-heal|p2a: Eternatus|100/100
|move|p1a: Toxapex|Scald|p2a: Eternatus
|-resisted|p2a: Eternatus
|-damage|p2a: Eternatus|97/100
|
|upkeep
|turn|174
|
|t:|1620490295
|move|p2a: Eternatus|Mystical Fire|p1a: Toxapex
|-resisted|p1a: Toxapex
|-damage|p1a: Toxapex|80/100
|-unboost|p1a: Toxapex|spa|1
|move|p1a: Toxapex|Scald|p2a: Eternatus
|-resisted|p2a: Eternatus
|-damage|p2a: Eternatus|94/100
|
|upkeep
|turn|175
|
|t:|1620490298
|move|p2a: Eternatus|Mystical Fire|p1a: Toxapex
|-resisted|p1a: Toxapex
|-damage|p1a: Toxapex|70/100
|-unboost|p1a: Toxapex|spa|1
|move|p1a: Toxapex|Scald|p2a: Eternatus
|-resisted|p2a: Eternatus
|-damage|p2a: Eternatus|92/100
|
|upkeep
|turn|176
|
|t:|1620490301
|switch|p2a: Necrozma|Necrozma-Dusk-Mane|67/100
|move|p1a: Toxapex|Knock Off|p2a: Necrozma
|-supereffective|p2a: Necrozma
|-damage|p2a: Necrozma|58/100
|
|upkeep
|turn|177
|
|t:|1620490305
|switch|p2a: Yveltal|Yveltal|33/100
|-ability|p2a: Yveltal|Dark Aura
|switch|p1a: Yveltal|Yveltal|100/100
|-ability|p1a: Yveltal|Dark Aura
|
|upkeep
|turn|178
|
|t:|1620490308
|move|p1a: Yveltal|Knock Off|p2a: Yveltal
|-resisted|p2a: Yveltal
|-damage|p2a: Yveltal|18/100
|move|p2a: Yveltal|Roost|p2a: Yveltal
|-heal|p2a: Yveltal|68/100
|-singleturn|p2a: Yveltal|move: Roost
|
|upkeep
|turn|179
|
|t:|1620490311
|move|p1a: Yveltal|Foul Play|p2a: Yveltal
|-resisted|p2a: Yveltal
|-damage|p2a: Yveltal|51/100
|move|p2a: Yveltal|Roost|p2a: Yveltal
|-heal|p2a: Yveltal|100/100
|-singleturn|p2a: Yveltal|move: Roost
|
|upkeep
|turn|180
|
|t:|1620490316
|switch|p1a: Blissey|Blissey, F|94/100
|move|p2a: Yveltal|Snarl|p1a: Blissey
|-damage|p1a: Blissey|83/100
|-unboost|p1a: Blissey|spa|1
|
|upkeep
|turn|181
|
|t:|1620490320
|switch|p2a: Eternatus|Eternatus|92/100
|-ability|p2a: Eternatus|Pressure
|move|p1a: Blissey|Stealth Rock|p2a: Eternatus
|-sidestart|p2: fardin ❤|move: Stealth Rock
|
|upkeep
|turn|182
|
|t:|1620490324
|switch|p2a: Necrozma|Necrozma-Dusk-Mane|58/100
|-damage|p2a: Necrozma|52/100|[from] Stealth Rock
|switch|p1a: Toxapex|Toxapex, M|100/100
|
|upkeep
|turn|183
|j| killer whale squa
|j| skylink42 ❤
|
|t:|1620490335
|switch|p1a: Yveltal|Yveltal|100/100
|-ability|p1a: Yveltal|Dark Aura
|move|p2a: Necrozma|Stealth Rock|p1a: Yveltal
|-sidestart|p1: PokeDuels|move: Stealth Rock
|
|upkeep
|turn|184
|
|t:|1620490342
|switch|p2a: Eternatus|Eternatus|92/100
|-damage|p2a: Eternatus|80/100|[from] Stealth Rock
|-ability|p2a: Eternatus|Pressure
|move|p1a: Yveltal|Defog|p2a: Eternatus
|-unboost|p2a: Eternatus|evasion|1
|-sideend|p2: fardin ❤|Stealth Rock|[from] move: Defog|[of] p1a: Yveltal
|-sideend|p1: PokeDuels|Stealth Rock|[from] move: Defog|[of] p1a: Yveltal
|
|upkeep
|turn|185
|
|t:|1620490346
|switch|p2a: Yveltal|Yveltal|100/100
|-ability|p2a: Yveltal|Dark Aura
|switch|p1a: Toxapex|Toxapex, M|100/100
|
|upkeep
|turn|186
|
|t:|1620490350
|switch|p2a: Eternatus|Eternatus|80/100
|-ability|p2a: Eternatus|Pressure
|move|p1a: Toxapex|Toxic|p2a: Eternatus
|-immune|p2a: Eternatus
|
|upkeep
|turn|187
|
|t:|1620490353
|switch|p2a: Necrozma|Necrozma-Dusk-Mane|52/100
|switch|p1a: Blissey|Blissey, F|83/100
|
|upkeep
|turn|188
|
|t:|1620490358
|switch|p2a: Eternatus|Eternatus|80/100
|-ability|p2a: Eternatus|Pressure
|switch|p1a: Yveltal|Yveltal|100/100
|-ability|p1a: Yveltal|Dark Aura
|
|upkeep
|turn|189
|
|t:|1620490361
|switch|p2a: Yveltal|Yveltal|100/100
|-ability|p2a: Yveltal|Dark Aura
|switch|p1a: Blissey|Blissey, F|83/100
|
|upkeep
|turn|190
|
|t:|1620490364
|switch|p2a: Eternatus|Eternatus|80/100
|-ability|p2a: Eternatus|Pressure
|move|p1a: Blissey|Stealth Rock|p2a: Eternatus
|-sidestart|p2: fardin ❤|move: Stealth Rock
|
|upkeep
|turn|191
|
|t:|1620490370
|switch|p2a: Necrozma|Necrozma-Dusk-Mane|52/100
|-damage|p2a: Necrozma|46/100|[from] Stealth Rock
|switch|p1a: Ho-Oh|Ho-Oh|99/100 tox
|
|-damage|p1a: Ho-Oh|94/100 tox|[from] psn
|upkeep
|turn|192
|
|t:|1620490376
|switch|p1a: Yveltal|Yveltal|100/100
|-ability|p1a: Yveltal|Dark Aura
|switch|p2a: Eternatus|Eternatus|80/100
|-damage|p2a: Eternatus|67/100|[from] Stealth Rock
|-ability|p2a: Eternatus|Pressure
|
|upkeep
|turn|193
|
|t:|1620490382
|switch|p1a: Ho-Oh|Ho-Oh|100/100 tox
|move|p2a: Eternatus|Recover|p2a: Eternatus
|-heal|p2a: Eternatus|100/100
|
|-damage|p1a: Ho-Oh|94/100 tox|[from] psn
|upkeep
|turn|194
|
|t:|1620490386
|switch|p1a: Toxapex|Toxapex, M|100/100
|move|p2a: Eternatus|Toxic|p1a: Toxapex
|-immune|p1a: Toxapex
|
|upkeep
|turn|195
|
|t:|1620490395
|switch|p2a: Zygarde|Zygarde|55/100
|-damage|p2a: Zygarde|49/100|[from] Stealth Rock
|switch|p1a: Blissey|Blissey, F|83/100
|
|-activate|p2a: Zygarde|ability: Power Construct
|detailschange|p2a: Zygarde|Zygarde-Complete
|-heal|p2a: Zygarde|68/100|[silent]
|upkeep
|turn|196
|
|t:|1620490400
|switch|p1a: Ho-Oh|Ho-Oh|100/100 tox
|move|p2a: Zygarde|Thousand Arrows|p1a: Ho-Oh
|-damage|p1a: Ho-Oh|76/100 tox
|-start|p1a: Ho-Oh|Smack Down
|
|-damage|p1a: Ho-Oh|70/100 tox|[from] psn
|upkeep
|turn|197
|
|t:|1620490404
|move|p2a: Zygarde|Thousand Arrows|p1a: Ho-Oh
|-supereffective|p1a: Ho-Oh
|-damage|p1a: Ho-Oh|22/100 tox
|move|p1a: Ho-Oh|Whirlwind|p2a: Zygarde
|drag|p2a: Necrozma|Necrozma-Dusk-Mane|46/100
|-damage|p2a: Necrozma|40/100|[from] Stealth Rock
|
|-damage|p1a: Ho-Oh|10/100 tox|[from] psn
|upkeep
|turn|198
|
|t:|1620490418
|switch|p1a: Yveltal|Yveltal|100/100
|-ability|p1a: Yveltal|Dark Aura
|move|p2a: Necrozma|Stealth Rock|p1a: Yveltal
|-sidestart|p1: PokeDuels|move: Stealth Rock
|
|upkeep
|turn|199
|
|t:|1620490421
|switch|p2a: Eternatus|Eternatus|100/100
|-damage|p2a: Eternatus|88/100|[from] Stealth Rock
|-ability|p2a: Eternatus|Pressure
|move|p1a: Yveltal|Defog|p2a: Eternatus
|-unboost|p2a: Eternatus|evasion|1
|-sideend|p2: fardin ❤|Stealth Rock|[from] move: Defog|[of] p1a: Yveltal
|-sideend|p1: PokeDuels|Stealth Rock|[from] move: Defog|[of] p1a: Yveltal
|
|upkeep
|turn|200
|
|t:|1620490427
|switch|p1a: Ho-Oh|Ho-Oh|43/100 tox
|move|p2a: Eternatus|Dynamax Cannon|p1a: Ho-Oh
|-damage|p1a: Ho-Oh|19/100 tox
|
|-damage|p1a: Ho-Oh|13/100 tox|[from] psn
|upkeep
|turn|201
|
|t:|1620490432
|switch|p2a: Zygarde|Zygarde-Complete|68/100
|switch|p1a: Toxapex|Toxapex, M|100/100
|
|upkeep
|turn|202
|
|t:|1620490441
|switch|p1a: Yveltal|Yveltal|100/100
|-ability|p1a: Yveltal|Dark Aura
|move|p2a: Zygarde|Substitute|p2a: Zygarde
|-start|p2a: Zygarde|Substitute
|-damage|p2a: Zygarde|43/100
|
|upkeep
|turn|203
|
|t:|1620490446
|move|p1a: Yveltal|Foul Play|p2a: Zygarde
|-end|p2a: Zygarde|Substitute
|move|p2a: Zygarde|Toxic|p1a: Yveltal
|-status|p1a: Yveltal|tox
|
|-damage|p1a: Yveltal|94/100 tox|[from] psn
|upkeep
|turn|204
|
|t:|1620490452
|switch|p2a: Eternatus|Eternatus|88/100
|-ability|p2a: Eternatus|Pressure
|move|p1a: Yveltal|Foul Play|p2a: Eternatus
|-damage|p2a: Eternatus|67/100
|
|-damage|p1a: Yveltal|82/100 tox|[from] psn
|upkeep
|turn|205
|
|t:|1620490457
|switch|p2a: Necrozma|Necrozma-Dusk-Mane|40/100
|switch|p1a: Blissey|Blissey, F|83/100
|
|upkeep
|turn|206
|
|t:|1620490477
|move|p2a: Necrozma|Sunsteel Strike|p1a: Blissey
|-damage|p1a: Blissey|42/100
|move|p1a: Blissey|Aromatherapy|p1a: Blissey
|-activate|p1a: Blissey|move: Aromatherapy
|-curestatus|p1: Ho-Oh|tox|[msg]
|-curestatus|p1: Yveltal|tox|[msg]
|
|upkeep
|turn|207
|
|t:|1620490485
|switch|p1a: Ho-Oh|Ho-Oh|47/100
|move|p2a: Necrozma|Morning Sun|p2a: Necrozma
|-heal|p2a: Necrozma|90/100
|
|upkeep
|turn|208
|
|t:|1620490494
|switch|p1a: Yveltal|Yveltal|82/100
|-ability|p1a: Yveltal|Dark Aura
|switch|p2a: Zygarde|Zygarde-Complete|43/100
|
|upkeep
|turn|209
|
|t:|1620490497
|move|p1a: Yveltal|Foul Play|p2a: Zygarde
|-damage|p2a: Zygarde|20/100
|move|p2a: Zygarde|Toxic|p1a: Yveltal
|-status|p1a: Yveltal|tox
|
|-damage|p1a: Yveltal|76/100 tox|[from] psn
|upkeep
|turn|210
|
|t:|1620490503
|switch|p1a: Blissey|Blissey, F|42/100
|switch|p2a: Necrozma|Necrozma-Dusk-Mane|90/100
|
|upkeep
|turn|211
|
|t:|1620490507
|switch|p1a: Ho-Oh|Ho-Oh|80/100
|move|p2a: Necrozma|Stealth Rock|p1a: Ho-Oh
|-sidestart|p1: PokeDuels|move: Stealth Rock
|
|upkeep
|turn|212
|
|t:|1620490515
|move|p1a: Ho-Oh|Defog|p2a: Necrozma
|-unboost|p2a: Necrozma|evasion|1
|-sideend|p1: PokeDuels|Stealth Rock|[from] move: Defog|[of] p1a: Ho-Oh
|move|p2a: Necrozma|Stealth Rock|p1a: Ho-Oh
|-sidestart|p1: PokeDuels|move: Stealth Rock
|
|upkeep
|turn|213
|
|t:|1620490519
|move|p1a: Ho-Oh|Defog|p2a: Necrozma
|-unboost|p2a: Necrozma|evasion|1
|-sideend|p1: PokeDuels|Stealth Rock|[from] move: Defog|[of] p1a: Ho-Oh
|move|p2a: Necrozma|Stealth Rock|p1a: Ho-Oh
|-sidestart|p1: PokeDuels|move: Stealth Rock
|
|upkeep
|turn|214
|
|t:|1620490521
|move|p1a: Ho-Oh|Defog|p2a: Necrozma
|-unboost|p2a: Necrozma|evasion|1
|-sideend|p1: PokeDuels|Stealth Rock|[from] move: Defog|[of] p1a: Ho-Oh
|move|p2a: Necrozma|Stealth Rock|p1a: Ho-Oh
|-sidestart|p1: PokeDuels|move: Stealth Rock
|
|upkeep
|turn|215
|
|t:|1620490522
|move|p1a: Ho-Oh|Defog|p2a: Necrozma
|-unboost|p2a: Necrozma|evasion|1
|-sideend|p1: PokeDuels|Stealth Rock|[from] move: Defog|[of] p1a: Ho-Oh
|move|p2a: Necrozma|Stealth Rock|p1a: Ho-Oh
|-sidestart|p1: PokeDuels|move: Stealth Rock
|
|upkeep
|turn|216
|
|t:|1620490532
|move|p1a: Ho-Oh|Defog|p2a: Necrozma
|-unboost|p2a: Necrozma|evasion|1
|-sideend|p1: PokeDuels|Stealth Rock|[from] move: Defog|[of] p1a: Ho-Oh
|move|p2a: Necrozma|Stealth Rock|p1a: Ho-Oh
|-sidestart|p1: PokeDuels|move: Stealth Rock
|
|upkeep
|turn|217
|
|t:|1620490535
|move|p1a: Ho-Oh|Defog|p2a: Necrozma
|-unboost|p2a: Necrozma|evasion|1
|-sideend|p1: PokeDuels|Stealth Rock|[from] move: Defog|[of] p1a: Ho-Oh
|move|p2a: Necrozma|Sunsteel Strike|p1a: Ho-Oh
|-resisted|p1a: Ho-Oh
|-damage|p1a: Ho-Oh|62/100
|
|upkeep
|turn|218
|c| Nevelle ❤|aite
|l| Nevelle ❤
|inactive|PokeDuels has 120 seconds left.
|j| Nevelle ❤
|l| Nevelle ❤
|inactive|PokeDuels has 90 seconds left.
|
|t:|1620490615
|switch|p1a: Quagsire|Quagsire, F|94/100
|move|p2a: Necrozma|Stealth Rock|p1a: Quagsire
|-sidestart|p1: PokeDuels|move: Stealth Rock
|
|-heal|p1a: Quagsire|100/100|[from] item: Leftovers
|upkeep
|turn|219
|
|t:|1620490623
|switch|p2a: Kyogre|Kyogre|100/100
|-weather|RainDance|[from] ability: Drizzle|[of] p2a: Kyogre
|move|p1a: Quagsire|Earthquake|p2a: Kyogre
|-crit|p2a: Kyogre
|-damage|p2a: Kyogre|51/100
|
|-weather|RainDance|[upkeep]
|upkeep
|turn|220
|
|t:|1620490635
|switch|p2a: Zygarde|Zygarde-Complete|20/100
|switch|p1a: Shedinja|Shedinja|100/100
|
|-weather|RainDance|[upkeep]
|upkeep
|turn|221
|inactive|PokeDuels has 60 seconds left.
|
|t:|1620490666
|switch|p1a: Toxapex|Toxapex, M|100/100
|-damage|p1a: Toxapex|88/100|[from] Stealth Rock
|move|p2a: Zygarde|Thousand Arrows|p1a: Toxapex
|-supereffective|p1a: Toxapex
|-damage|p1a: Toxapex|40/100
|
|-weather|RainDance|[upkeep]
|upkeep
|turn|222
|
|t:|1620490677
|move|p1a: Toxapex|Baneful Bunker|p1a: Toxapex
|-singleturn|p1a: Toxapex|move: Protect
|move|p2a: Zygarde|Toxic|p1a: Toxapex
|-activate|p1a: Toxapex|move: Protect
|
|-weather|RainDance|[upkeep]
|upkeep
|turn|223
|
|t:|1620490686
|switch|p1a: Quagsire|Quagsire, F|100/100
|-damage|p1a: Quagsire|94/100|[from] Stealth Rock
|move|p2a: Zygarde|Toxic|p1a: Quagsire
|-status|p1a: Quagsire|tox
|
|-weather|none
|-heal|p1a: Quagsire|100/100 tox|[from] item: Leftovers
|-damage|p1a: Quagsire|94/100 tox|[from] psn
|upkeep
|turn|224
|l| killer whale squa
|inactive|PokeDuels has 30 seconds left.
|inactive|PokeDuels has 20 seconds left.
|inactive|PokeDuels has 15 seconds left.
|inactive|PokeDuels has 10 seconds left.
|
|t:|1620490714
|switch|p2a: Eternatus|Eternatus|67/100
|-ability|p2a: Eternatus|Pressure
|move|p1a: Quagsire|Earthquake|p2a: Eternatus
|-supereffective|p2a: Eternatus
|-damage|p2a: Eternatus|19/100
|
|-heal|p1a: Quagsire|100/100 tox|[from] item: Leftovers
|-damage|p1a: Quagsire|88/100 tox|[from] psn
|upkeep
|turn|225
|inactive|PokeDuels has 15 seconds left this turn.
|inactive|fardin ❤ has 120 seconds left.
|
|t:|1620490729
|switch|p2a: Calyrex|Calyrex-Shadow|46/100
|-ability|p2a: Calyrex|As One
|-ability|p2a: Calyrex|Unnerve
|switch|p1a: Toxapex|Toxapex, M|73/100
|-damage|p1a: Toxapex|61/100|[from] Stealth Rock
|
|upkeep
|turn|226
|inactive|PokeDuels has 15 seconds left this turn.
|j| Nevelle ❤
|inactive|PokeDuels has 10 seconds left.
|inactive|PokeDuels has 5 seconds left.
|
|t:|1620490740
|move|p1a: Toxapex|Baneful Bunker|p1a: Toxapex
|-singleturn|p1a: Toxapex|move: Protect
|move|p2a: Calyrex|Astral Barrage|p1a: Toxapex
|-activate|p1a: Toxapex|move: Protect
|
|upkeep
|turn|227
|inactive|PokeDuels has 10 seconds left this turn.
|inactive|PokeDuels has 5 seconds left.
|
|t:|1620490745
|move|p2a: Calyrex|Psyshock|p1a: Toxapex
|-supereffective|p1a: Toxapex
|-damage|p1a: Toxapex|0 fnt
|faint|p1a: Toxapex
|-ability|p2a: Calyrex|Grim Neigh|boost
|-boost|p2a: Calyrex|spa|1
|
|upkeep
|inactive|PokeDuels has 5 seconds left this turn.
|c| Bigsoontobeten†|cmon poke duels
|
|t:|1620490747
|switch|p1a: Yveltal|Yveltal|76/100 tox
|-ability|p1a: Yveltal|Dark Aura
|turn|228
|inactive|PokeDuels has 10 seconds left this turn.
|
|t:|1620490752
|move|p2a: Calyrex|Astral Barrage|p1a: Yveltal
|-resisted|p1a: Yveltal
|-crit|p1a: Yveltal
|-damage|p1a: Yveltal|19/100 tox
|move|p1a: Yveltal|Knock Off|p2a: Calyrex
|-supereffective|p2a: Calyrex
|-damage|p2a: Calyrex|0 fnt
|-enditem|p2a: Calyrex|Heavy-Duty Boots|[from] move: Knock Off|[of] p1a: Yveltal
|faint|p2a: Calyrex
|
|-damage|p1a: Yveltal|13/100 tox|[from] psn
|upkeep
|inactive|PokeDuels has 10 seconds left this turn.
|
|t:|1620490759
|switch|p2a: Eternatus|Eternatus|19/100
|-ability|p2a: Eternatus|Pressure
|turn|229
|inactive|PokeDuels has 15 seconds left this turn.
|inactive|PokeDuels has 10 seconds left.
|
|t:|1620490765
|switch|p2a: Necrozma|Necrozma-Dusk-Mane|90/100
|move|p1a: Yveltal|Defog|p2a: Necrozma
|-unboost|p2a: Necrozma|evasion|1
|-sideend|p1: PokeDuels|Stealth Rock|[from] move: Defog|[of] p1a: Yveltal
|
|-damage|p1a: Yveltal|0 fnt|[from] psn
|faint|p1a: Yveltal
|upkeep
|inactive|PokeDuels has 10 seconds left this turn.
|inactive|PokeDuels has 5 seconds left.
|
|t:|1620490771
|switch|p1a: Ho-Oh|Ho-Oh|95/100
|turn|230
|inactive|PokeDuels has 10 seconds left this turn.
|
|t:|1620490779
|switch|p2a: Zygarde|Zygarde-Complete|20/100
|move|p1a: Ho-Oh|Sacred Fire|p2a: Zygarde|[miss]
|-miss|p1a: Ho-Oh|p2a: Zygarde
|
|upkeep
|turn|231
|inactive|PokeDuels has 10 seconds left this turn.
|
|t:|1620490785
|move|p1a: Ho-Oh|Sacred Fire|p2a: Zygarde
|-resisted|p2a: Zygarde
|-damage|p2a: Zygarde|11/100
|move|p2a: Zygarde|Toxic|p1a: Ho-Oh|[miss]
|-miss|p2a: Zygarde|p1a: Ho-Oh
|
|upkeep
|turn|232
|inactive|PokeDuels has 15 seconds left this turn.
|
|t:|1620490789
|move|p1a: Ho-Oh|Sacred Fire|p2a: Zygarde|[miss]
|-miss|p1a: Ho-Oh|p2a: Zygarde
|move|p2a: Zygarde|Toxic|p1a: Ho-Oh
|-status|p1a: Ho-Oh|tox
|
|-damage|p1a: Ho-Oh|89/100 tox|[from] psn
|upkeep
|turn|233
|inactive|PokeDuels has 15 seconds left this turn.
|c| Bigsoontobeten†|F
|inactive|PokeDuels has 10 seconds left.
|
|t:|1620490794
|switch|p1a: Blissey|Blissey, F|42/100
|move|p2a: Zygarde|Thousand Arrows|p1a: Blissey
|-damage|p1a: Blissey|11/100
|
|upkeep
|turn|234
|inactive|PokeDuels has 15 seconds left this turn.
|
|t:|1620490798
|move|p2a: Zygarde|Thousand Arrows|p1a: Blissey
|-damage|p1a: Blissey|0 fnt
|faint|p1a: Blissey
|
|upkeep
|inactive|PokeDuels has 15 seconds left this turn.
|c| lasombralegendaria|intense battle xd
|
|t:|1620490802
|switch|p1a: Ho-Oh|Ho-Oh|100/100 tox
|turn|235
|inactive|PokeDuels has 20 seconds left this turn.
|l| skylink42 ❤
|inactive|fardin ❤ has 120 seconds left.
|
|t:|1620490813
|move|p1a: Ho-Oh|Toxic|p2a: Zygarde
|-status|p2a: Zygarde|tox
|move|p2a: Zygarde|Thousand Arrows|p1a: Ho-Oh
|-crit|p1a: Ho-Oh
|-damage|p1a: Ho-Oh|64/100 tox
|-start|p1a: Ho-Oh|Smack Down
|
|-damage|p1a: Ho-Oh|58/100 tox|[from] psn
|-damage|p2a: Zygarde|5/100 tox|[from] psn
|upkeep
|turn|236
|inactive|PokeDuels has 20 seconds left this turn.
|
|t:|1620490817
|switch|p1a: Quagsire|Quagsire, F|88/100 tox
|move|p2a: Zygarde|Toxic|p1a: Quagsire
|-fail|p1a: Quagsire|tox
|
|-heal|p1a: Quagsire|94/100 tox|[from] item: Leftovers
|-damage|p2a: Zygarde|0 fnt|[from] psn
|faint|p2a: Zygarde
|-damage|p1a: Quagsire|88/100 tox|[from] psn
|upkeep
|inactive|PokeDuels has 25 seconds left this turn.
|
|t:|1620490823
|switch|p2a: Necrozma|Necrozma-Dusk-Mane|90/100
|turn|237
|inactive|PokeDuels has 25 seconds left this turn.
|c| Bigsoontobeten†|poke duels lasted 200+ turns in a ring with fardin
|c| Bigsoontobeten†|respect
|
|t:|1620490827
|move|p2a: Necrozma|Stealth Rock|p1a: Quagsire
|-sidestart|p1: PokeDuels|move: Stealth Rock
|move|p1a: Quagsire|Scald|p2a: Necrozma
|-damage|p2a: Necrozma|77/100
|-status|p2a: Necrozma|brn
|
|-heal|p1a: Quagsire|94/100 tox|[from] item: Leftovers
|-damage|p2a: Necrozma|71/100 brn|[from] brn
|-damage|p1a: Quagsire|82/100 tox|[from] psn
|upkeep
|turn|238
|inactive|PokeDuels has 30 seconds left this turn.
|c|☆fardin ❤|uve been so lucky with the scald burns, its insane
|
|t:|1620490842
|switch|p2a: Yveltal|Yveltal|100/100
|-ability|p2a: Yveltal|Dark Aura
|move|p1a: Quagsire|Earthquake|p2a: Yveltal
|-immune|p2a: Yveltal
|
|-heal|p1a: Quagsire|88/100 tox|[from] item: Leftovers
|-damage|p1a: Quagsire|70/100 tox|[from] psn
|upkeep
|turn|239
|inactive|PokeDuels has 25 seconds left this turn.
|c| lasombralegendaria|xd
|
|t:|1620490846
|switch|p1a: Ho-Oh|Ho-Oh|92/100 tox
|-damage|p1a: Ho-Oh|42/100 tox|[from] Stealth Rock
|move|p2a: Yveltal|Snarl|p1a: Ho-Oh
|-damage|p1a: Ho-Oh|25/100 tox
|-unboost|p1a: Ho-Oh|spa|1
|
|-damage|p1a: Ho-Oh|19/100 tox|[from] psn
|upkeep
|turn|240
|inactive|PokeDuels has 30 seconds left this turn.
|
|t:|1620490850
|move|p1a: Ho-Oh|Toxic|p2a: Yveltal
|-status|p2a: Yveltal|tox
|move|p2a: Yveltal|Foul Play|p1a: Ho-Oh
|-damage|p1a: Ho-Oh|0 fnt
|faint|p1a: Ho-Oh
|
|-damage|p2a: Yveltal|94/100 tox|[from] psn
|upkeep
|inactive|PokeDuels has 30 seconds left this turn.
|
|t:|1620490853
|switch|p1a: Quagsire|Quagsire, F|70/100 tox
|-damage|p1a: Quagsire|64/100 tox|[from] Stealth Rock
|turn|241
|c| Nevelle ❤|its called git gud fardin
|
|t:|1620490861
|move|p2a: Yveltal|Snarl|p1a: Quagsire
|-damage|p1a: Quagsire|26/100 tox
|-unboost|p1a: Quagsire|spa|1
|move|p1a: Quagsire|Recover|p1a: Quagsire
|-heal|p1a: Quagsire|76/100 tox
|
|-heal|p1a: Quagsire|82/100 tox|[from] item: Leftovers
|-damage|p2a: Yveltal|82/100 tox|[from] psn
|-damage|p1a: Quagsire|76/100 tox|[from] psn
|upkeep
|turn|242
|
|t:|1620490864
|move|p2a: Yveltal|Snarl|p1a: Quagsire
|-damage|p1a: Quagsire|38/100 tox
|-unboost|p1a: Quagsire|spa|1
|move|p1a: Quagsire|Recover|p1a: Quagsire
|-heal|p1a: Quagsire|88/100 tox
|
|-heal|p1a: Quagsire|94/100 tox|[from] item: Leftovers
|-damage|p2a: Yveltal|64/100 tox|[from] psn
|-damage|p1a: Quagsire|82/100 tox|[from] psn
|upkeep
|turn|243
|
|t:|1620490867
|move|p2a: Yveltal|Snarl|p1a: Quagsire
|-damage|p1a: Quagsire|40/100 tox
|-unboost|p1a: Quagsire|spa|1
|move|p1a: Quagsire|Recover|p1a: Quagsire
|-heal|p1a: Quagsire|90/100 tox
|
|-heal|p1a: Quagsire|96/100 tox|[from] item: Leftovers
|-damage|p2a: Yveltal|40/100 tox|[from] psn
|-damage|p1a: Quagsire|78/100 tox|[from] psn
|upkeep
|turn|244
|c| Bigsoontobeten†|good game
|c|☆fardin ❤|Nevelle
|c| lasombralegendaria|gg
|c|☆fardin ❤|this dude would 6-0 u ;;
|
|t:|1620490879
|move|p2a: Yveltal|Roost|p2a: Yveltal
|-heal|p2a: Yveltal|90/100 tox
|-singleturn|p2a: Yveltal|move: Roost
|move|p1a: Quagsire|Recover|p1a: Quagsire
|-heal|p1a: Quagsire|100/100 tox
|
|-damage|p2a: Yveltal|59/100 tox|[from] psn
|-damage|p1a: Quagsire|76/100 tox|[from] psn
|upkeep
|turn|245
|
|t:|1620490883
|move|p2a: Yveltal|Snarl|p1a: Quagsire
|-damage|p1a: Quagsire|34/100 tox
|-unboost|p1a: Quagsire|spa|1
|move|p1a: Quagsire|Recover|p1a: Quagsire
|-heal|p1a: Quagsire|84/100 tox
|
|-heal|p1a: Quagsire|90/100 tox|[from] item: Leftovers
|-damage|p2a: Yveltal|23/100 tox|[from] psn
|-damage|p1a: Quagsire|60/100 tox|[from] psn
|upkeep
|turn|246
|c| Nevelle ❤|maybe
|
|t:|1620490889
|switch|p1a: Shedinja|Shedinja|100/100
|move|p2a: Yveltal|Snarl|p1a: Shedinja
|-supereffective|p1a: Shedinja
|-damage|p1a: Shedinja|0 fnt
|faint|p1a: Shedinja
|
|-damage|p2a: Yveltal|0 fnt|[from] psn
|faint|p2a: Yveltal
|upkeep
|c|☆fardin ❤|100%
|j| Crytcalite
|-message|PokeDuels forfeited.
|
|win|fardin ❤
|raw|PokeDuels's rating: 1651 &rarr; <strong>1625</strong><br />(-26 for losing)
|raw|fardin ❤'s rating: 1546 &rarr; <strong>1572</strong><br />(+26 for winning)
|l|☆PokeDuels
|c| Nevelle ❤|ah
