|j|☆Babinobrdooo
|j|☆PokeDuels
|t:|1640473318
|gametype|singles
|player|p1|Babinobrdooo|lucas|1363
|player|p2|PokeDuels|265|1672
|teamsize|p1|6
|teamsize|p2|6
|gen|8
|tier|[Gen 8] Ubers
|rated|
|rule|Sleep Clause Mod: Limit one foe put to sleep
|rule|Species Clause: Limit one of each Pokémon
|rule|OHKO Clause: OHKO moves are banned
|rule|Evasion Moves Clause: Evasion moves are banned
|rule|Endless Battle Clause: Forcing endless battles is banned
|rule|HP Percentage Mod: HP is shown in percentages
|rule|Dynamax Clause: You cannot dynamax
|clearpoke
|poke|p1|Yveltal|
|poke|p1|Necrozma-Dusk-Mane|
|poke|p1|Calyrex-Shadow|
|poke|p1|Xerneas-*|
|poke|p1|Ditto|
|poke|p1|Zygarde|
|poke|p2|Weavile, M|
|poke|p2|Yveltal|
|poke|p2|Cloyster, M|
|poke|p2|Calyrex-Shadow|
|poke|p2|Necrozma-Dusk-Mane|
|poke|p2|Xerneas-*|
|teampreview
|inactive|Battle timer is ON: inactive players will automatically lose when time's up. (requested by Babinobrdooo)
|inactive|PokeDuels has 120 seconds left.
|inactive|PokeDuels has 90 seconds left.
|inactive|PokeDuels has 60 seconds left.
|inactive|PokeDuels has 30 seconds left.
|inactive|PokeDuels has 20 seconds left.
|inactive|PokeDuels has 15 seconds left.
|inactive|PokeDuels has 10 seconds left.
|
|t:|1640473459
|start
|switch|p1a: Necrozma|Necrozma-Dusk-Mane|100/100
|switch|p2a: Cloyster|Cloyster, M|100/100
|turn|1
|
|t:|1640473469
|move|p2a: Cloyster|Spikes|p1a: Necrozma
|-sidestart|p1: Babinobrdooo|Spikes
|move|p1a: Necrozma|Photon Geyser|p2a: Cloyster
|-damage|p2a: Cloyster|48/100
|
|upkeep
|turn|2
|inactive|PokeDuels has 60 seconds left.
|l|☆PokeDuels
|inactive|PokeDuels disconnected and has a minute to reconnect!
|player|p2|
|j|☆PokeDuels
|inactive|PokeDuels reconnected and has 35 seconds left.
|player|p2|PokeDuels|265
|inactive|PokeDuels has 30 seconds left.
|
|t:|1640473534
|move|p2a: Cloyster|Spikes|p1a: Necrozma
|-sidestart|p1: Babinobrdooo|Spikes
|move|p1a: Necrozma|Stealth Rock|p2a: Cloyster
|-sidestart|p2: PokeDuels|move: Stealth Rock
|
|upkeep
|turn|3
|
|t:|1640473539
|move|p2a: Cloyster|Spikes|p1a: Necrozma
|-sidestart|p1: Babinobrdooo|Spikes
|move|p1a: Necrozma|Sunsteel Strike|p2a: Cloyster
|-damage|p2a: Cloyster|0 fnt
|faint|p2a: Cloyster
|
|upkeep
|inactive|PokeDuels has 30 seconds left.
|
|t:|1640473560
|switch|p2a: Necrozma|Necrozma-Dusk-Mane|100/100
|-damage|p2a: Necrozma|95/100|[from] Stealth Rock
|turn|4
|inactive|PokeDuels has 30 seconds left.
|
|t:|1640473571
|switch|p1a: Zygarde|Zygarde|100/100
|-damage|p1a: Zygarde|76/100|[from] Spikes
|move|p2a: Necrozma|Stealth Rock|p1a: Zygarde
|-sidestart|p1: Babinobrdooo|move: Stealth Rock
|
|-heal|p1a: Zygarde|82/100|[from] item: Leftovers
|upkeep
|turn|5
|inactive|PokeDuels has 30 seconds left.
|
|t:|1640473586
|switch|p2a: Xerneas|Xerneas|100/100
|-damage|p2a: Xerneas|88/100|[from] Stealth Rock
|-ability|p2a: Xerneas|Fairy Aura
|move|p1a: Zygarde|Substitute|p1a: Zygarde
|-start|p1a: Zygarde|Substitute
|-damage|p1a: Zygarde|57/100
|
|-heal|p1a: Zygarde|63/100|[from] item: Leftovers
|upkeep
|turn|6
|
|t:|1640473596
|move|p2a: Xerneas|Substitute|p2a: Xerneas
|-start|p2a: Xerneas|Substitute
|-damage|p2a: Xerneas|63/100
|move|p1a: Zygarde|Thousand Arrows|p2a: Xerneas
|-end|p2a: Xerneas|Substitute
|
|-heal|p1a: Zygarde|69/100|[from] item: Leftovers
|upkeep
|turn|7
|
|t:|1640473600
|move|p2a: Xerneas|Moonblast|p1a: Zygarde
|-supereffective|p1a: Zygarde
|-end|p1a: Zygarde|Substitute
|move|p1a: Zygarde|Thousand Arrows|p2a: Xerneas
|-damage|p2a: Xerneas|33/100
|
|-heal|p1a: Zygarde|75/100|[from] item: Leftovers
|upkeep
|turn|8
|
|t:|1640473608
|switch|p1a: Necrozma|Necrozma-Dusk-Mane|100/100
|-damage|p1a: Necrozma|94/100|[from] Stealth Rock
|-damage|p1a: Necrozma|70/100|[from] Spikes
|move|p2a: Xerneas|Moonblast|p1a: Necrozma
|-resisted|p1a: Necrozma
|-damage|p1a: Necrozma|41/100
|
|-heal|p1a: Necrozma|47/100|[from] item: Leftovers
|upkeep
|turn|9
|
|t:|1640473616
|switch|p2a: Calyrex|Calyrex-Shadow|100/100
|-ability|p2a: Calyrex|As One
|-ability|p2a: Calyrex|Unnerve
|-damage|p2a: Calyrex|88/100|[from] Stealth Rock
|move|p1a: Necrozma|Moonlight|p1a: Necrozma
|-heal|p1a: Necrozma|97/100
|
|-heal|p1a: Necrozma|100/100|[from] item: Leftovers
|upkeep
|turn|10
|inactive|PokeDuels has 60 seconds left.
|
|t:|1640473630
|switch|p2a: Yveltal|Yveltal|100/100
|-damage|p2a: Yveltal|76/100|[from] Stealth Rock
|-ability|p2a: Yveltal|Dark Aura
|switch|p1a: Yveltal|Yveltal|100/100
|-damage|p1a: Yveltal|76/100|[from] Stealth Rock
|-ability|p1a: Yveltal|Dark Aura
|
|upkeep
|turn|11
|
|t:|1640473648
|move|p2a: Yveltal|Knock Off|p1a: Yveltal
|-resisted|p1a: Yveltal
|-damage|p1a: Yveltal|36/100
|-enditem|p1a: Yveltal|Life Orb|[from] move: Knock Off|[of] p2a: Yveltal
|move|p1a: Yveltal|U-turn|p2a: Yveltal
|-damage|p2a: Yveltal|54/100
|
|t:|1640473658
|switch|p1a: Xerneas|Xerneas|100/100|[from]move: U-turn
|-damage|p1a: Xerneas|76/100|[from] Spikes
|-damage|p1a: Xerneas|63/100|[from] Stealth Rock
|-ability|p1a: Xerneas|Fairy Aura
|
|upkeep
|turn|12
|
|t:|1640473663
|switch|p2a: Necrozma|Necrozma-Dusk-Mane|95/100
|-damage|p2a: Necrozma|89/100|[from] Stealth Rock
|move|p1a: Xerneas|Geomancy||[still]
|-prepare|p1a: Xerneas|Geomancy
|-enditem|p1a: Xerneas|Power Herb
|-anim|p1a: Xerneas|Geomancy|p1a: Xerneas
|-boost|p1a: Xerneas|spa|2
|-boost|p1a: Xerneas|spd|2
|-boost|p1a: Xerneas|spe|2
|
|upkeep
|turn|13
|
|t:|1640473672
|move|p1a: Xerneas|Focus Blast|p2a: Necrozma|[miss]
|-miss|p1a: Xerneas|p2a: Necrozma
|move|p2a: Necrozma|Sunsteel Strike|p1a: Xerneas
|-supereffective|p1a: Xerneas
|-damage|p1a: Xerneas|0 fnt
|faint|p1a: Xerneas
|-damage|p2a: Necrozma|79/100|[from] item: Life Orb
|
|upkeep
|
|t:|1640473676
|switch|p1a: Calyrex|Calyrex-Shadow|100/100
|-ability|p1a: Calyrex|As One
|-ability|p1a: Calyrex|Unnerve
|-damage|p1a: Calyrex|88/100|[from] Stealth Rock
|-damage|p1a: Calyrex|63/100|[from] Spikes
|turn|14
|
|t:|1640473683
|switch|p2a: Yveltal|Yveltal|54/100
|-damage|p2a: Yveltal|29/100|[from] Stealth Rock
|-ability|p2a: Yveltal|Dark Aura
|move|p1a: Calyrex|Astral Barrage|p2a: Yveltal
|-resisted|p2a: Yveltal
|-damage|p2a: Yveltal|0 fnt
|faint|p2a: Yveltal
|-ability|p1a: Calyrex|Grim Neigh|boost
|-boost|p1a: Calyrex|spa|1
|-damage|p1a: Calyrex|53/100|[from] item: Life Orb
|
|upkeep
|inactive|PokeDuels has 90 seconds left.
|
|t:|1640473694
|switch|p2a: Weavile|Weavile, M|100/100
|-damage|p2a: Weavile|76/100|[from] Stealth Rock
|turn|15
|
|t:|1640473698
|move|p1a: Calyrex|Draining Kiss|p2a: Weavile
|-supereffective|p2a: Weavile
|-damage|p2a: Weavile|0 fnt
|-heal|p1a: Calyrex|99/100|[from] drain|[of] p2a: Weavile
|faint|p2a: Weavile
|-ability|p1a: Calyrex|Grim Neigh|boost
|-boost|p1a: Calyrex|spa|1
|-damage|p1a: Calyrex|90/100|[from] item: Life Orb
|
|upkeep
|
|t:|1640473701
|switch|p2a: Calyrex|Calyrex-Shadow|88/100
|-ability|p2a: Calyrex|As One
|-ability|p2a: Calyrex|Unnerve
|-damage|p2a: Calyrex|76/100|[from] Stealth Rock
|turn|16
|
|t:|1640473710
|move|p2a: Calyrex|Astral Barrage|p1a: Calyrex
|-supereffective|p1a: Calyrex
|-damage|p1a: Calyrex|0 fnt
|faint|p1a: Calyrex
|-ability|p2a: Calyrex|Grim Neigh|boost
|-boost|p2a: Calyrex|spa|1
|
|upkeep
|
|t:|1640473714
|switch|p1a: Ditto|Ditto|100/100
|-damage|p1a: Ditto|88/100|[from] Stealth Rock
|-damage|p1a: Ditto|63/100|[from] Spikes
|-transform|p1a: Ditto|p2a: Calyrex|[from] ability: Imposter
|turn|17
|
|t:|1640473718
|move|p1a: Ditto|Astral Barrage|p2a: Calyrex
|-supereffective|p2a: Calyrex
|-damage|p2a: Calyrex|0 fnt
|faint|p2a: Calyrex
|-ability|p1a: Ditto|Grim Neigh|boost
|-boost|p1a: Ditto|spa|1
|
|upkeep
|inactive|PokeDuels has 120 seconds left.
|inactive|PokeDuels has 90 seconds left.
|c|☆Babinobrdooo|Take that L
|c|☆Babinobrdooo|gg
|c|☆Babinobrdooo|Learn something from this
|c|☆Babinobrdooo|bye
|inactive|PokeDuels has 60 seconds left.
|c|☆Babinobrdooo|This should be 6-0
|inactive|PokeDuels has 30 seconds left.
|c|☆Babinobrdooo|but i'm a nice person 😉
|inactive|PokeDuels has 20 seconds left.
|inactive|PokeDuels has 15 seconds left.
|inactive|PokeDuels has 10 seconds left.
|inactive|PokeDuels has 5 seconds left.
|-message|PokeDuels lost due to inactivity.
|
|win|Babinobrdooo
|raw|Babinobrdooo's rating: 1363 &rarr; <strong>1397</strong><br />(+34 for winning)
|raw|PokeDuels's rating: 1672 &rarr; <strong>1638</strong><br />(-34 for losing)
