|j|☆TADTTT6A48
|j|☆t3t4ta4
|player|p1|TADTTT6A48|102|1113
|player|p2|t3t4ta4|102|1102
|teamsize|p1|6
|teamsize|p2|6
|gametype|singles
|gen|8
|tier|[Gen 8] Ubers
|rated|
|clearpoke
|poke|p1|Darmanitan-Galar, F|
|poke|p1|Eternatus|
|poke|p1|Zacian-Crowned|
|poke|p1|Marshadow|
|poke|p1|Reshiram|
|poke|p1|Ditto|
|poke|p2|Marshadow|
|poke|p2|Melmetal|
|poke|p2|Wobbuffet, F|
|poke|p2|Reshiram|
|poke|p2|Tyranitar, M|
|poke|p2|Aegislash, M|
|rule|Sleep Clause Mod: Limit one foe put to sleep
|rule|Species Clause: Limit one of each Pokémon
|rule|OHKO Clause: OHKO moves are banned
|rule|Evasion Moves Clause: Evasion moves are banned
|rule|Endless Battle Clause: Forcing endless battles is banned
|rule|HP Percentage Mod: HP is shown in percentages
|html|Ubers Dynamax Clause: Pokémon on the <a href="https://www.smogon.com/dex/ss/formats/uber/">Ubers Dynamax Banlist</a> cannot Dynamax.
|teampreview
|
|start
|switch|p1a: Eternatus|Eternatus|100/100
|switch|p2a: A Pro Gamer Move|Wobbuffet, F|100/100
|-ability|p1a: Eternatus|Pressure
|turn|1
|inactive|Battle timer is ON: inactive players will automatically lose when time's up. (requested by t3t4ta4)
|
|move|p1a: Eternatus|Toxic Spikes|p2a: A Pro Gamer Move
|-sidestart|p2: t3t4ta4|move: Toxic Spikes
|move|p2a: A Pro Gamer Move|Mirror Coat||[still]
|-fail|p2a: A Pro Gamer Move
|
|upkeep
|turn|2
|
|move|p1a: Eternatus|Dynamax Cannon|p2a: A Pro Gamer Move
|-damage|p2a: A Pro Gamer Move|64/100
|move|p2a: A Pro Gamer Move|Mirror Coat|p1a: Eternatus
|-damage|p1a: Eternatus|12/100
|
|-heal|p1a: Eternatus|18/100|[from] item: Black Sludge
|upkeep
|turn|3
|
|move|p1a: Eternatus|Dynamax Cannon|p2a: A Pro Gamer Move
|-damage|p2a: A Pro Gamer Move|26/100
|move|p2a: A Pro Gamer Move|Encore|p1a: Eternatus
|-start|p1a: Eternatus|Encore
|
|-heal|p1a: Eternatus|24/100|[from] item: Black Sludge
|upkeep
|turn|4
|
|move|p1a: Eternatus|Dynamax Cannon|p2a: A Pro Gamer Move
|-damage|p2a: A Pro Gamer Move|0 fnt
|faint|p2a: A Pro Gamer Move
|
|-heal|p1a: Eternatus|31/100|[from] item: Black Sludge
|upkeep
|
|switch|p2a: Big Mcspankies|Melmetal|100/100
|turn|5
|
|move|p1a: Eternatus|Dynamax Cannon|p2a: Big Mcspankies
|-resisted|p2a: Big Mcspankies
|-damage|p2a: Big Mcspankies|67/100
|move|p2a: Big Mcspankies|Double Iron Bash|p1a: Eternatus
|-damage|p1a: Eternatus|0 fnt
|-hitcount|p1a: Eternatus|1
|faint|p1a: Eternatus
|
|-heal|p2a: Big Mcspankies|73/100|[from] item: Leftovers
|upkeep
|
|switch|p1a: Reshiram|Reshiram|100/100
|-ability|p1a: Reshiram|Turboblaze
|turn|6
|
|switch|p2a: KEK|Marshadow|100/100
|-status|p2a: KEK|psn
|move|p1a: Reshiram|Focus Blast|p2a: KEK
|-immune|p2a: KEK
|
|-damage|p2a: KEK|88/100 psn|[from] psn
|upkeep
|turn|7
|
|move|p2a: KEK|Drain Punch|p1a: Reshiram
|-damage|p1a: Reshiram|58/100
|-heal|p2a: KEK|100/100 psn|[from] drain|[of] p1a: Reshiram
|move|p1a: Reshiram|Blue Flare|p2a: KEK|[miss]
|-miss|p1a: Reshiram|p2a: KEK
|
|-damage|p2a: KEK|88/100 psn|[from] psn
|upkeep
|turn|8
|
|move|p2a: KEK|Poison Jab|p1a: Reshiram
|-damage|p1a: Reshiram|27/100
|-status|p1a: Reshiram|psn
|move|p1a: Reshiram|Blue Flare|p2a: KEK
|-damage|p2a: KEK|19/100 psn
|-damage|p1a: Reshiram|17/100 psn|[from] item: Life Orb
|
|-damage|p2a: KEK|7/100 psn|[from] psn
|-damage|p1a: Reshiram|5/100 psn|[from] psn
|upkeep
|turn|9
|
|switch|p1a: Ditto|Ditto|100/100
|-transform|p1a: Ditto|p2a: KEK|[from] ability: Imposter
|move|p2a: KEK|Shadow Sneak|p1a: Ditto
|-supereffective|p1a: Ditto
|-damage|p1a: Ditto|6/100
|
|-damage|p2a: KEK|0 fnt|[from] psn
|faint|p2a: KEK
|upkeep
|
|switch|p2a: Angery|Aegislash, M, shiny|100/100
|turn|10
|
|-formechange|p2a: Angery|Aegislash-Blade||[from] ability: Stance Change
|move|p2a: Angery|Shadow Sneak|p1a: Ditto
|-supereffective|p1a: Ditto
|-damage|p1a: Ditto|0 fnt
|faint|p1a: Ditto
|
|upkeep
|inactive|TADTTT6A48 has 120 seconds left.
|
|switch|p1a: Darmanitan|Darmanitan-Galar, F|100/100
|turn|11
|
|-formechange|p2a: Angery|Aegislash||[from] ability: Stance Change
|move|p2a: Angery|King's Shield|p2a: Angery
|-singleturn|p2a: Angery|Protect
|move|p1a: Darmanitan|Earthquake|p2a: Angery
|-activate|p2a: Angery|move: Protect
|
|upkeep
|turn|12
|inactive|TADTTT6A48 has 120 seconds left.
|
|move|p1a: Darmanitan|Earthquake|p2a: Angery
|-supereffective|p2a: Angery
|-damage|p2a: Angery|13/100
|-enditem|p2a: Angery|Weakness Policy
|-boost|p2a: Angery|atk|2|[from] item: Weakness Policy
|-boost|p2a: Angery|spa|2|[from] item: Weakness Policy
|move|p2a: Angery|Swords Dance|p2a: Angery
|-boost|p2a: Angery|atk|2
|
|upkeep
|turn|13
|inactive|TADTTT6A48 has 120 seconds left.
|
|-formechange|p2a: Angery|Aegislash-Blade||[from] ability: Stance Change
|move|p2a: Angery|Shadow Sneak|p1a: Darmanitan
|-damage|p1a: Darmanitan|0 fnt
|faint|p1a: Darmanitan
|
|upkeep
|inactive|TADTTT6A48 has 120 seconds left.
|
|switch|p1a: Marshadow|Marshadow|100/100
|turn|14
|
|-formechange|p2a: Angery|Aegislash||[from] ability: Stance Change
|move|p2a: Angery|King's Shield|p2a: Angery
|-singleturn|p2a: Angery|Protect
|move|p1a: Marshadow|Spectral Thief|p2a: Angery
|-activate|p2a: Angery|move: Protect
|-unboost|p1a: Marshadow|atk|1
|
|upkeep
|turn|15
|
|move|p1a: Marshadow|Spectral Thief||[still]
|-clearpositiveboost|p2a: Angery|p1a: Marshadow|move: Spectral Thief
|-boost|p1a: Marshadow|atk|4
|-boost|p1a: Marshadow|spa|2
|-anim|p1a: Marshadow|Spectral Thief|p2a: Angery
|-supereffective|p2a: Angery
|-damage|p2a: Angery|0 fnt
|faint|p2a: Angery
|
|upkeep
|
|switch|p2a: Big Mcspankies|Melmetal|73/100
|turn|16
|
|move|p1a: Marshadow|Spectral Thief|p2a: Big Mcspankies
|-damage|p2a: Big Mcspankies|17/100
|move|p2a: Big Mcspankies|Double Iron Bash|p1a: Marshadow
|-damage|p1a: Marshadow|43/100
|-damage|p1a: Marshadow|0 fnt
|-hitcount|p1a: Marshadow|2
|faint|p1a: Marshadow
|
|-heal|p2a: Big Mcspankies|23/100|[from] item: Leftovers
|upkeep
|inactive|TADTTT6A48 has 120 seconds left.
|
|switch|p1a: Zacian|Zacian-Crowned|100/100
|-ability|p1a: Zacian|Intrepid Sword|boost
|-boost|p1a: Zacian|atk|1
|turn|17
|
|move|p1a: Zacian|Sacred Sword|p2a: Big Mcspankies
|-supereffective|p2a: Big Mcspankies
|-damage|p2a: Big Mcspankies|0 fnt
|faint|p2a: Big Mcspankies
|
|upkeep
|
|switch|p2a: long name|Reshiram, shiny|100/100
|-status|p2a: long name|psn
|-ability|p2a: long name|Turboblaze
|turn|18
|
|move|p1a: Zacian|Play Rough|p2a: long name
|-damage|p2a: long name|31/100 psn
|move|p2a: long name|Blue Flare|p1a: Zacian
|-supereffective|p1a: Zacian
|-damage|p1a: Zacian|0 fnt
|faint|p1a: Zacian
|
|-heal|p2a: long name|37/100 psn|[from] item: Leftovers
|-damage|p2a: long name|25/100 psn|[from] psn
|upkeep
|inactive|TADTTT6A48 has 120 seconds left.
|-message|TADTTT6A48 forfeited.
|
|win|t3t4ta4
|l|☆TADTTT6A48
|raw|TADTTT6A48's rating: 1113 &rarr; <strong>1087</strong><br />(-26 for losing)
|raw|t3t4ta4's rating: 1102 &rarr; <strong>1128</strong><br />(+26 for winning)
