|j|☆kinzn
|j|☆Mekontchou111
|t:|1664706892
|gametype|singles
|player|p1|kinzn|265|1075
|player|p2|Mekontchou111|169|1264
|teamsize|p1|6
|teamsize|p2|6
|gen|8
|tier|[Gen 8] Ubers
|rated|
|rule|Sleep Clause Mod: Limit one foe put to sleep
|rule|Species Clause: Limit one of each Pokémon
|rule|OHKO Clause: OHKO moves are banned
|rule|Evasion Items Clause: Evasion items are banned
|rule|Evasion Moves Clause: Evasion moves are banned
|rule|Endless Battle Clause: Forcing endless battles is banned
|rule|HP Percentage Mod: HP is shown in percentages
|rule|Dynamax Clause: You cannot dynamax
|clearpoke
|poke|p1|Rayquaza|
|poke|p1|Calyrex-Shadow|
|poke|p1|Kyogre|
|poke|p1|Xerneas-*|
|poke|p1|Zamazenta-*|
|poke|p1|Cinderace, F|
|poke|p2|Hatterene, F|
|poke|p2|Dracovish|
|poke|p2|Melmetal|
|poke|p2|Porygon2|
|poke|p2|Calyrex-Ice|
|poke|p2|Magearna|
|teampreview
|
|t:|1664706900
|start
|switch|p1a: Calyrex|Calyrex-Shadow|100/100
|switch|p2a: Hatterene|Hatterene, F|100/100
|-ability|p1a: Calyrex|As One
|-ability|p1a: Calyrex|Unnerve
|turn|1
|
|t:|1664706909
|move|p1a: Calyrex|Astral Barrage|p2a: Hatterene
|-supereffective|p2a: Hatterene
|-enditem|p2a: Hatterene|Focus Sash
|-damage|p2a: Hatterene|1/100
|move|p2a: Hatterene|Trick Room|p2a: Hatterene
|-fieldstart|move: Trick Room|[of] p2a: Hatterene
|
|upkeep
|turn|2
|
|t:|1664706918
|move|p2a: Hatterene|Misty Explosion|p1a: Calyrex
|-damage|p1a: Calyrex|48/100
|faint|p2a: Hatterene
|move|p1a: Calyrex|Calm Mind|p1a: Calyrex
|-boost|p1a: Calyrex|spa|1
|-boost|p1a: Calyrex|spd|1
|
|upkeep
|
|t:|1664706925
|switch|p2a: Calyrex|Calyrex-Ice|100/100
|-ability|p2a: Calyrex|As One
|-ability|p2a: Calyrex|Unnerve
|turn|3
|
|t:|1664706931
|move|p2a: Calyrex|Glacial Lance|p1a: Calyrex
|-damage|p1a: Calyrex|0 fnt
|faint|p1a: Calyrex
|-ability|p2a: Calyrex|Chilling Neigh|boost
|-boost|p2a: Calyrex|atk|1
|
|upkeep
|
|t:|1664706938
|switch|p1a: Rayquaza|Rayquaza|100/100
|-ability|p1a: Rayquaza|Air Lock
|turn|4
|
|t:|1664706945
|move|p2a: Calyrex|Glacial Lance|p1a: Rayquaza
|-supereffective|p1a: Rayquaza
|-damage|p1a: Rayquaza|0 fnt
|faint|p1a: Rayquaza
|-ability|p2a: Calyrex|Chilling Neigh|boost
|-boost|p2a: Calyrex|atk|1
|
|upkeep
|
|t:|1664706952
|switch|p1a: Cinderace|Cinderace, F|100/100
|turn|5
|
|t:|1664706958
|move|p2a: Calyrex|Zen Headbutt|p1a: Cinderace
|-damage|p1a: Cinderace|0 fnt
|faint|p1a: Cinderace
|-ability|p2a: Calyrex|Chilling Neigh|boost
|-boost|p2a: Calyrex|atk|1
|
|-fieldend|move: Trick Room
|upkeep
|
|t:|1664706966
|switch|p1a: Zamazenta|Zamazenta-Crowned|100/100
|-ability|p1a: Zamazenta|Dauntless Shield|boost
|-boost|p1a: Zamazenta|def|1
|turn|6
|
|t:|1664706970
|move|p1a: Zamazenta|Behemoth Bash|p2a: Calyrex
|-supereffective|p2a: Calyrex
|-damage|p2a: Calyrex|34/100
|-enditem|p2a: Calyrex|Weakness Policy
|-boost|p2a: Calyrex|atk|2|[from] item: Weakness Policy
|-boost|p2a: Calyrex|spa|2|[from] item: Weakness Policy
|move|p2a: Calyrex|Trick Room|p2a: Calyrex
|-fieldstart|move: Trick Room|[of] p2a: Calyrex
|
|upkeep
|turn|7
|
|t:|1664706981
|move|p2a: Calyrex|High Horsepower|p1a: Zamazenta
|-supereffective|p1a: Zamazenta
|-damage|p1a: Zamazenta|0 fnt
|faint|p1a: Zamazenta
|-ability|p2a: Calyrex|Chilling Neigh|boost
|-boost|p2a: Calyrex|atk|1
|
|upkeep
|
|t:|1664706988
|switch|p1a: Xerneas|Xerneas|100/100
|-ability|p1a: Xerneas|Fairy Aura
|turn|8
|
|t:|1664706994
|move|p2a: Calyrex|Glacial Lance|p1a: Xerneas
|-damage|p1a: Xerneas|0 fnt
|faint|p1a: Xerneas
|
|upkeep
|
|t:|1664706998
|switch|p1a: Kyogre|Kyogre|100/100
|-weather|RainDance|[from] ability: Drizzle|[of] p1a: Kyogre
|-item|p1a: Kyogre|Air Balloon
|turn|9
|
|t:|1664707004
|move|p2a: Calyrex|Glacial Lance|p1a: Kyogre
|-resisted|p1a: Kyogre
|-damage|p1a: Kyogre|0 fnt
|-enditem|p1a: Kyogre|Air Balloon
|faint|p1a: Kyogre
|
|win|Mekontchou111
|raw|kinzn's rating: 1075 &rarr; <strong>1064</strong><br />(-11 for losing)
|raw|Mekontchou111's rating: 1264 &rarr; <strong>1277</strong><br />(+13 for winning)
|l|☆kinzn
