|j|☆casarisk
|j|☆killer whale squa
|player|p1|casarisk|acetrainersnowf|1430
|player|p2|killer whale squa|216|1485
|teamsize|p1|6
|teamsize|p2|6
|gametype|singles
|gen|8
|tier|[Gen 8] Ubers
|rated|
|clearpoke
|poke|p1|Pelipper, M|
|poke|p1|Barraskewda, M|
|poke|p1|Drednaw, M|
|poke|p1|Eternatus|
|poke|p1|Zacian-*|
|poke|p1|Dracovish|
|poke|p2|Corviknight, F|
|poke|p2|Tyranitar, M|
|poke|p2|Zacian-*|
|poke|p2|Hatterene, F|
|poke|p2|Eternatus|
|poke|p2|Ditto|
|rule|Sleep Clause Mod: Limit one foe put to sleep
|rule|Species Clause: Limit one of each Pokémon
|rule|OHKO Clause: OHKO moves are banned
|rule|Evasion Moves Clause: Evasion moves are banned
|rule|Endless Battle Clause: Forcing endless battles is banned
|rule|HP Percentage Mod: HP is shown in percentages
|teampreview
|
|start
|switch|p1a: Dracovish|Dracovish|100/100
|switch|p2a: Zacian|Zacian-Crowned|100/100
|-ability|p2a: Zacian|Intrepid Sword|boost
|-boost|p2a: Zacian|atk|1
|turn|1
|c|☆casarisk|hi hf gl
|
|switch|p1a: Pelipper|Pelipper, M|100/100
|-weather|RainDance|[from] ability: Drizzle|[of] p1a: Pelipper
|move|p2a: Zacian|Play Rough|p1a: Pelipper
|-damage|p1a: Pelipper|39/100
|
|-weather|RainDance|[upkeep]
|upkeep
|turn|2
|
|switch|p1a: Zacian|Zacian-Crowned|100/100
|-ability|p1a: Zacian|Intrepid Sword|boost
|-boost|p1a: Zacian|atk|1
|move|p2a: Zacian|Play Rough|p1a: Zacian
|-resisted|p1a: Zacian
|-damage|p1a: Zacian|59/100
|
|-weather|RainDance|[upkeep]
|upkeep
|turn|3
|
|switch|p2a: Corviknight|Corviknight, F|100/100
|-ability|p2a: Corviknight|Pressure
|move|p1a: Zacian|Close Combat|p2a: Corviknight
|-damage|p2a: Corviknight|53/100
|-damage|p1a: Zacian|43/100|[from] item: Rocky Helmet|[of] p2a: Corviknight
|-unboost|p1a: Zacian|def|1
|-unboost|p1a: Zacian|spd|1
|
|-weather|RainDance|[upkeep]
|upkeep
|turn|4
|
|switch|p1a: Drednaw|Drednaw, M|100/100
|move|p2a: Corviknight|Roost|p2a: Corviknight
|-heal|p2a: Corviknight|100/100
|-singleturn|p2a: Corviknight|move: Roost
|
|-weather|RainDance|[upkeep]
|upkeep
|turn|5
|inactive|Battle timer is ON: inactive players will automatically lose when time's up. (requested by casarisk)
|
|-start|p1a: Drednaw|Dynamax
|-formechange|p1a: Drednaw|Drednaw-Gmax
|-heal|p1a: Drednaw|100/100|[silent]
|move|p1a: Drednaw|G-Max Stonesurge|p2a: Corviknight
|-damage|p2a: Corviknight|44/100
|-sidestart|p2: killer whale squa|move: Stealth Rock
|move|p2a: Corviknight|Roost|p2a: Corviknight
|-heal|p2a: Corviknight|94/100
|-singleturn|p2a: Corviknight|move: Roost
|
|-weather|RainDance|[upkeep]
|upkeep
|turn|6
|
|move|p1a: Drednaw|G-Max Stonesurge|p2a: Corviknight
|-damage|p2a: Corviknight|28/100
|move|p2a: Corviknight|Iron Defense|p2a: Corviknight
|-boost|p2a: Corviknight|def|2
|
|-weather|RainDance|[upkeep]
|upkeep
|turn|7
|inactive|killer whale squa has 120 seconds left.
|
|move|p1a: Drednaw|G-Max Stonesurge|p2a: Corviknight
|-damage|p2a: Corviknight|0 fnt
|faint|p2a: Corviknight
|
|-weather|RainDance|[upkeep]
|-end|p1a: Drednaw|Dynamax
|-formechange|p1a: Drednaw|Drednaw
|-heal|p1a: Drednaw|100/100|[silent]
|upkeep
|
|switch|p2a: Ditto|Ditto|100/100
|-damage|p2a: Ditto|88/100|[from] Stealth Rock
|-transform|p2a: Ditto|p1a: Drednaw|[from] ability: Imposter
|turn|8
|
|move|p2a: Ditto|Liquidation|p1a: Drednaw
|-damage|p1a: Drednaw|22/100
|move|p1a: Drednaw|Earthquake|p2a: Ditto
|-supereffective|p2a: Ditto
|-damage|p2a: Ditto|0 fnt
|faint|p2a: Ditto
|
|-weather|none
|upkeep
|inactive|killer whale squa has 90 seconds left.
|
|switch|p2a: Zacian|Zacian-Crowned|100/100
|-damage|p2a: Zacian|94/100|[from] Stealth Rock
|-ability|p2a: Zacian|Intrepid Sword|boost
|-boost|p2a: Zacian|atk|1
|turn|9
|inactive|killer whale squa has 90 seconds left.
|inactive|casarisk has 120 seconds left.
|
|switch|p1a: Pelipper|Pelipper, M|39/100
|-weather|RainDance|[from] ability: Drizzle|[of] p1a: Pelipper
|move|p2a: Zacian|Play Rough|p1a: Pelipper
|-damage|p1a: Pelipper|0 fnt
|faint|p1a: Pelipper
|
|-weather|RainDance|[upkeep]
|upkeep
|
|switch|p1a: Barraskewda|Barraskewda, M|100/100
|turn|10
|inactive|killer whale squa has 90 seconds left.
|
|switch|p2a: Tyranitar|Tyranitar, M|100/100
|-damage|p2a: Tyranitar|88/100|[from] Stealth Rock
|-weather|Sandstorm|[from] ability: Sand Stream|[of] p2a: Tyranitar
|move|p1a: Barraskewda|Drill Run|p2a: Tyranitar
|-supereffective|p2a: Tyranitar
|-damage|p2a: Tyranitar|19/100
|
|-weather|Sandstorm|[upkeep]
|-damage|p1a: Barraskewda|94/100|[from] Sandstorm
|-heal|p2a: Tyranitar|25/100|[from] item: Leftovers
|upkeep
|turn|11
|inactive|casarisk has 120 seconds left.
|inactive|killer whale squa has 90 seconds left.
|
|move|p1a: Barraskewda|Drill Run|p2a: Tyranitar
|-supereffective|p2a: Tyranitar
|-damage|p2a: Tyranitar|0 fnt
|faint|p2a: Tyranitar
|
|-weather|Sandstorm|[upkeep]
|-damage|p1a: Barraskewda|88/100|[from] Sandstorm
|upkeep
|inactive|killer whale squa has 60 seconds left.
|
|switch|p2a: Hatterene|Hatterene, F|100/100
|-damage|p2a: Hatterene|88/100|[from] Stealth Rock
|turn|12
|inactive|killer whale squa has 60 seconds left.
|inactive|casarisk has 120 seconds left.
|
|move|p1a: Barraskewda|Drill Run|p2a: Hatterene
|-damage|p2a: Hatterene|38/100
|move|p2a: Hatterene|Trick Room|p2a: Hatterene
|-fieldstart|move: Trick Room|[of] p2a: Hatterene
|
|-weather|Sandstorm|[upkeep]
|-damage|p2a: Hatterene|32/100|[from] Sandstorm
|-damage|p1a: Barraskewda|82/100|[from] Sandstorm
|upkeep
|turn|13
|inactive|casarisk has 120 seconds left.
|inactive|killer whale squa has 60 seconds left.
|inactive|killer whale squa has 30 seconds left.
|
|-start|p2a: Hatterene|Dynamax
|-formechange|p2a: Hatterene|Hatterene-Gmax
|-heal|p2a: Hatterene|32/100|[silent]
|move|p2a: Hatterene|Max Mindstorm|p1a: Barraskewda
|-damage|p1a: Barraskewda|0 fnt
|-fieldstart|move: Psychic Terrain
|-damage|p2a: Hatterene|27/100|[from] item: Life Orb
|faint|p1a: Barraskewda
|
|-weather|Sandstorm|[upkeep]
|-damage|p2a: Hatterene|24/100|[from] Sandstorm
|upkeep
|
|switch|p1a: Zacian|Zacian-Crowned|43/100
|-ability|p1a: Zacian|Intrepid Sword|boost
|-boost|p1a: Zacian|atk|1
|turn|14
|
|move|p2a: Hatterene|Max Flare|p1a: Zacian
|-supereffective|p1a: Zacian
|-damage|p1a: Zacian|0 fnt
|-weather|SunnyDay
|-damage|p2a: Hatterene|19/100|[from] item: Life Orb
|faint|p1a: Zacian
|
|-weather|SunnyDay|[upkeep]
|upkeep
|
|switch|p1a: Dracovish|Dracovish|100/100
|turn|15
|
|move|p2a: Hatterene|G-Max Smite|p1a: Dracovish
|-supereffective|p1a: Dracovish
|-damage|p1a: Dracovish|0 fnt
|-damage|p2a: Hatterene|14/100|[from] item: Life Orb
|faint|p1a: Dracovish
|
|-weather|SunnyDay|[upkeep]
|-end|p2a: Hatterene|Dynamax
|-formechange|p2a: Hatterene|Hatterene
|-heal|p2a: Hatterene|14/100|[silent]
|upkeep
|
|switch|p1a: Drednaw|Drednaw, M|22/100
|turn|16
|inactive|killer whale squa has 60 seconds left.
|
|move|p2a: Hatterene|Dazzling Gleam|p1a: Drednaw
|-damage|p1a: Drednaw|0 fnt
|-damage|p2a: Hatterene|4/100|[from] item: Life Orb
|faint|p1a: Drednaw
|
|-weather|SunnyDay|[upkeep]
|-fieldend|move: Trick Room
|upkeep
|inactive|casarisk has 120 seconds left.
|
|switch|p1a: Eternatus|Eternatus|100/100
|-ability|p1a: Eternatus|Pressure
|turn|17
|inactive|casarisk has 120 seconds left.
|
|move|p1a: Eternatus|Flamethrower|p2a: Hatterene
|-damage|p2a: Hatterene|0 fnt
|-damage|p1a: Eternatus|91/100|[from] item: Life Orb
|faint|p2a: Hatterene
|
|-weather|SunnyDay|[upkeep]
|-fieldend|move: Psychic Terrain
|upkeep
|inactive|killer whale squa has 60 seconds left.
|
|switch|p2a: Eternatus|Eternatus|100/100
|-damage|p2a: Eternatus|88/100|[from] Stealth Rock
|-ability|p2a: Eternatus|Pressure
|turn|18
|
|move|p2a: Eternatus|Dynamax Cannon|p1a: Eternatus
|-supereffective|p1a: Eternatus
|-damage|p1a: Eternatus|1/100
|move|p1a: Eternatus|Dynamax Cannon|p2a: Eternatus
|-supereffective|p2a: Eternatus
|-enditem|p2a: Eternatus|Haban Berry|[eat]
|-enditem|p2a: Eternatus|Haban Berry|[weaken]
|-damage|p2a: Eternatus|16/100
|-damage|p1a: Eternatus|0 fnt|[from] item: Life Orb
|faint|p1a: Eternatus
|
|win|killer whale squa
|l|☆casarisk
|raw|casarisk's rating: 1430 &rarr; <strong>1413</strong><br />(-17 for losing)
|raw|killer whale squa's rating: 1485 &rarr; <strong>1502</strong><br />(+17 for winning)
|l|☆killer whale squa
