|j|☆killer whale squa
|j|☆Soulrhythm
|player|p1|killer whale squa|216|1493
|player|p2|Soulrhythm|unknown|1303
|teamsize|p1|6
|teamsize|p2|6
|gametype|singles
|gen|8
|tier|[Gen 8] Ubers
|rated|
|clearpoke
|poke|p1|Corviknight, F|
|poke|p1|Tyranitar, F|
|poke|p1|Zacian-*|
|poke|p1|Hatterene, F|
|poke|p1|Eternatus|
|poke|p1|Quagsire, F|
|poke|p2|Dracovish|
|poke|p2|Zacian-*|
|poke|p2|Hatterene, F|
|poke|p2|Quagsire, M|
|poke|p2|Eternatus|
|poke|p2|Darmanitan-Galar, M|
|rule|Sleep Clause Mod: Limit one foe put to sleep
|rule|Species Clause: Limit one of each Pokémon
|rule|OHKO Clause: OHKO moves are banned
|rule|Evasion Moves Clause: Evasion moves are banned
|rule|Endless Battle Clause: Forcing endless battles is banned
|rule|HP Percentage Mod: HP is shown in percentages
|teampreview
|
|start
|switch|p1a: Zacian|Zacian-Crowned|100/100
|switch|p2a: Darmanitan|Darmanitan-Galar, M|100/100
|-ability|p1a: Zacian|Intrepid Sword|boost
|-boost|p1a: Zacian|atk|1
|turn|1
|
|switch|p1a: Quagsire|Quagsire, F|100/100
|move|p2a: Darmanitan|Flare Blitz|p1a: Quagsire
|-resisted|p1a: Quagsire
|-damage|p1a: Quagsire|79/100
|-damage|p2a: Darmanitan|93/100|[from] Recoil
|
|upkeep
|turn|2
|
|switch|p2a: Eternatus|Eternatus|100/100
|-ability|p2a: Eternatus|Pressure
|move|p1a: Quagsire|Toxic|p2a: Eternatus
|-immune|p2a: Eternatus
|
|upkeep
|turn|3
|
|switch|p1a: Tyranitar|Tyranitar, F|100/100
|-weather|Sandstorm|[from] ability: Sand Stream|[of] p1a: Tyranitar
|move|p2a: Eternatus|Dynamax Cannon|p1a: Tyranitar
|-damage|p1a: Tyranitar|67/100
|-damage|p2a: Eternatus|91/100|[from] item: Life Orb
|
|-weather|Sandstorm|[upkeep]
|-damage|p2a: Eternatus|84/100|[from] Sandstorm
|-heal|p1a: Tyranitar|74/100|[from] item: Leftovers
|upkeep
|turn|4
|
|switch|p2a: Dracovish|Dracovish|100/100
|move|p1a: Tyranitar|Stealth Rock|p2a: Dracovish
|-sidestart|p2: Soulrhythm|move: Stealth Rock
|
|-weather|Sandstorm|[upkeep]
|-damage|p2a: Dracovish|94/100|[from] Sandstorm
|-heal|p1a: Tyranitar|80/100|[from] item: Leftovers
|upkeep
|turn|5
|
|switch|p1a: Quagsire|Quagsire, F|79/100
|move|p2a: Dracovish|Fishious Rend|p1a: Quagsire
|-damage|p1a: Quagsire|0 fnt
|faint|p1a: Quagsire
|
|-weather|Sandstorm|[upkeep]
|-damage|p2a: Dracovish|88/100|[from] Sandstorm
|upkeep
|
|switch|p1a: Eternatus|Eternatus|100/100
|-ability|p1a: Eternatus|Pressure
|turn|6
|
|switch|p2a: Zacian|Zacian-Crowned|100/100
|-damage|p2a: Zacian|94/100|[from] Stealth Rock
|-ability|p2a: Zacian|Intrepid Sword|boost
|-boost|p2a: Zacian|atk|1
|move|p1a: Eternatus|Substitute|p1a: Eternatus
|-start|p1a: Eternatus|Substitute
|-damage|p1a: Eternatus|76/100
|
|-weather|Sandstorm|[upkeep]
|-damage|p1a: Eternatus|69/100|[from] Sandstorm
|upkeep
|turn|7
|
|move|p2a: Zacian|Behemoth Blade|p1a: Eternatus
|-end|p1a: Eternatus|Substitute
|move|p1a: Eternatus|Flamethrower|p2a: Zacian
|-supereffective|p2a: Zacian
|-damage|p2a: Zacian|32/100
|
|-weather|none
|upkeep
|turn|8
|
|switch|p1a: Corviknight|Corviknight, F|100/100
|-ability|p1a: Corviknight|Pressure
|move|p2a: Zacian|Swords Dance|p2a: Zacian
|-boost|p2a: Zacian|atk|2
|
|upkeep
|turn|9
|
|move|p2a: Zacian|Close Combat|p1a: Corviknight
|-damage|p1a: Corviknight|28/100
|-damage|p2a: Zacian|16/100|[from] item: Rocky Helmet|[of] p1a: Corviknight
|-unboost|p2a: Zacian|def|1
|-unboost|p2a: Zacian|spd|1
|move|p1a: Corviknight|Roost|p1a: Corviknight
|-heal|p1a: Corviknight|78/100
|-singleturn|p1a: Corviknight|move: Roost
|
|upkeep
|turn|10
|
|switch|p2a: Dracovish|Dracovish|88/100
|-damage|p2a: Dracovish|76/100|[from] Stealth Rock
|move|p1a: Corviknight|Roost|p1a: Corviknight
|-heal|p1a: Corviknight|100/100
|-singleturn|p1a: Corviknight|move: Roost
|
|upkeep
|turn|11
|
|move|p2a: Dracovish|Fishious Rend|p1a: Corviknight
|-damage|p1a: Corviknight|0 fnt
|-damage|p2a: Dracovish|59/100|[from] item: Rocky Helmet|[of] p1a: Corviknight
|faint|p1a: Corviknight
|
|upkeep
|
|switch|p1a: Zacian|Zacian-Crowned|100/100
|-ability|p1a: Zacian|Intrepid Sword|boost
|-boost|p1a: Zacian|atk|1
|turn|12
|
|switch|p2a: Quagsire|Quagsire, M|100/100
|-damage|p2a: Quagsire|94/100|[from] Stealth Rock
|move|p1a: Zacian|Play Rough|p2a: Quagsire
|-damage|p2a: Quagsire|52/100
|
|upkeep
|turn|13
|
|switch|p1a: Eternatus|Eternatus|69/100
|-ability|p1a: Eternatus|Pressure
|move|p2a: Quagsire|Recover|p2a: Quagsire
|-heal|p2a: Quagsire|100/100
|
|upkeep
|turn|14
|
|switch|p2a: Zacian|Zacian-Crowned|16/100
|-damage|p2a: Zacian|9/100|[from] Stealth Rock
|-ability|p2a: Zacian|Intrepid Sword|boost
|-boost|p2a: Zacian|atk|1
|move|p1a: Eternatus|Recover|p1a: Eternatus
|-heal|p1a: Eternatus|100/100
|
|upkeep
|turn|15
|
|move|p2a: Zacian|Behemoth Blade|p1a: Eternatus
|-damage|p1a: Eternatus|24/100
|move|p1a: Eternatus|Flamethrower|p2a: Zacian
|-supereffective|p2a: Zacian
|-crit|p2a: Zacian
|-damage|p2a: Zacian|0 fnt
|faint|p2a: Zacian
|
|upkeep
|
|switch|p2a: Hatterene|Hatterene, F|100/100
|-damage|p2a: Hatterene|88/100|[from] Stealth Rock
|turn|16
|
|switch|p1a: Tyranitar|Tyranitar, F|80/100
|-weather|Sandstorm|[from] ability: Sand Stream|[of] p1a: Tyranitar
|move|p2a: Hatterene|Trick Room|p2a: Hatterene
|-fieldstart|move: Trick Room|[of] p2a: Hatterene
|
|-weather|Sandstorm|[upkeep]
|-damage|p2a: Hatterene|82/100|[from] Sandstorm
|-heal|p1a: Tyranitar|86/100|[from] item: Leftovers
|upkeep
|turn|17
|
|-start|p2a: Hatterene|Dynamax
|-formechange|p2a: Hatterene|Hatterene-Gmax
|-heal|p2a: Hatterene|82/100|[silent]
|move|p2a: Hatterene|G-Max Smite|p1a: Tyranitar
|-supereffective|p1a: Tyranitar
|-crit|p1a: Tyranitar
|-damage|p1a: Tyranitar|0 fnt
|-damage|p2a: Hatterene|77/100|[from] item: Life Orb
|faint|p1a: Tyranitar
|
|-weather|Sandstorm|[upkeep]
|-damage|p2a: Hatterene|74/100|[from] Sandstorm
|upkeep
|
|switch|p1a: Eternatus|Eternatus|24/100
|-ability|p1a: Eternatus|Pressure
|turn|18
|
|switch|p1a: Zacian|Zacian-Crowned|100/100
|-ability|p1a: Zacian|Intrepid Sword|boost
|-boost|p1a: Zacian|atk|1
|move|p2a: Hatterene|Max Mindstorm|p1a: Zacian
|-resisted|p1a: Zacian
|-damage|p1a: Zacian|55/100
|-fieldstart|move: Psychic Terrain
|-damage|p2a: Hatterene|70/100|[from] item: Life Orb
|
|-weather|Sandstorm|[upkeep]
|-damage|p2a: Hatterene|67/100|[from] Sandstorm
|upkeep
|turn|19
|
|switch|p1a: Eternatus|Eternatus|24/100
|-ability|p1a: Eternatus|Pressure
|move|p2a: Hatterene|Max Flare|p1a: Eternatus
|-resisted|p1a: Eternatus
|-damage|p1a: Eternatus|0 fnt
|-weather|SunnyDay
|-damage|p2a: Hatterene|62/100|[from] item: Life Orb
|faint|p1a: Eternatus
|
|-weather|SunnyDay|[upkeep]
|-end|p2a: Hatterene|Dynamax
|-formechange|p2a: Hatterene|Hatterene
|-heal|p2a: Hatterene|62/100|[silent]
|upkeep
|
|switch|p1a: Hatterene|Hatterene, F|100/100
|turn|20
|
|move|p2a: Hatterene|Dazzling Gleam|p1a: Hatterene
|-damage|p1a: Hatterene|38/100
|-damage|p2a: Hatterene|52/100|[from] item: Life Orb
|move|p1a: Hatterene|Trick Room|p1a: Hatterene
|-fieldend|move: Trick Room
|
|-weather|SunnyDay|[upkeep]
|upkeep
|turn|21
|
|-start|p1a: Hatterene|Dynamax
|-formechange|p1a: Hatterene|Hatterene-Gmax
|-heal|p1a: Hatterene|38/100|[silent]
|move|p1a: Hatterene|G-Max Smite|p2a: Hatterene
|-damage|p2a: Hatterene|0 fnt
|-damage|p1a: Hatterene|33/100|[from] item: Life Orb
|faint|p2a: Hatterene
|
|-weather|SunnyDay|[upkeep]
|upkeep
|
|switch|p2a: Darmanitan|Darmanitan-Galar, M|93/100
|-damage|p2a: Darmanitan|68/100|[from] Stealth Rock
|turn|22
|
|move|p2a: Darmanitan|Flare Blitz|p1a: Hatterene
|-damage|p1a: Hatterene|0 fnt
|-damage|p2a: Darmanitan|49/100|[from] Recoil
|faint|p1a: Hatterene
|
|-weather|SunnyDay|[upkeep]
|-fieldend|move: Psychic Terrain
|upkeep
|
|switch|p1a: Zacian|Zacian-Crowned|55/100
|-ability|p1a: Zacian|Intrepid Sword|boost
|-boost|p1a: Zacian|atk|1
|turn|23
|
|move|p2a: Darmanitan|Flare Blitz|p1a: Zacian
|-supereffective|p1a: Zacian
|-damage|p1a: Zacian|0 fnt
|-damage|p2a: Darmanitan|32/100|[from] Recoil
|faint|p1a: Zacian
|
|win|Soulrhythm
|l|☆killer whale squa
|raw|killer whale squa's rating: 1493 &rarr; <strong>1463</strong><br />(-30 for losing)
|raw|Soulrhythm's rating: 1303 &rarr; <strong>1333</strong><br />(+30 for winning)
