|html|<div class="broadcast-blue"><strong>[Gen 8] Ubers is currently suspecting Shadow Tag! For information on how to participate check out the <a href="https://www.smogon.com/forums/threads/np-ss-ubers-stage-6-tag-youre-it.3679546/">suspect thread</a>.</strong></div>
|j|☆Ditto TH
|j|☆hitchiker42
|t:|1616212131
|player|p1|Ditto TH|1|
|player|p2|hitchiker42|jasmine|
|teamsize|p1|6
|teamsize|p2|6
|gametype|singles
|gen|8
|tier|[Gen 8] Ubers
|rated|Tournament battle
|clearpoke
|poke|p1|Kyogre|
|poke|p1|Lugia|
|poke|p1|Calyrex-Shadow|
|poke|p1|Xerneas|
|poke|p1|Darmanitan-Galar, M|
|poke|p1|Eternatus|
|poke|p2|Kyogre|
|poke|p2|Ho-Oh|
|poke|p2|Cinderace, F|
|poke|p2|Eternatus|
|poke|p2|Calyrex-Shadow|
|poke|p2|Necrozma-Dusk-Mane|
|rule|Sleep Clause Mod: Limit one foe put to sleep
|rule|Species Clause: Limit one of each Pokémon
|rule|OHKO Clause: OHKO moves are banned
|rule|Evasion Moves Clause: Evasion moves are banned
|rule|Endless Battle Clause: Forcing endless battles is banned
|rule|HP Percentage Mod: HP is shown in percentages
|rule|Dynamax Clause: You cannot dynamax
|teampreview
|j|*Lady Monita
|inactive|Battle timer is ON: inactive players will automatically lose when time's up. (requested by hitchiker42)
|c|☆Ditto TH|glhf
|j| pokemon vs you
|c|☆hitchiker42|glhf
|j| Sleecko
|c|☆Ditto TH|ty
|j| EALP the Zorua
|j| balbsaur
|
|t:|1616212153
|start
|switch|p1a: Calyrex|Calyrex-Shadow|100/100
|switch|p2a: Kyogre|Kyogre|100/100
|-ability|p1a: Calyrex|As One
|-ability|p1a: Calyrex|Unnerve|p2: hitchiker42
|-weather|RainDance|[from] ability: Drizzle|[of] p2a: Kyogre
|turn|1
|
|t:|1616212161
|move|p1a: Calyrex|Leaf Storm|p2a: Kyogre
|-supereffective|p2a: Kyogre
|-damage|p2a: Kyogre|8/100
|-unboost|p1a: Calyrex|spa|2
|-damage|p1a: Calyrex|91/100|[from] item: Life Orb
|move|p2a: Kyogre|Calm Mind|p2a: Kyogre
|-boost|p2a: Kyogre|spa|1
|-boost|p2a: Kyogre|spd|1
|
|-weather|RainDance|[upkeep]
|-heal|p2a: Kyogre|15/100|[from] item: Leftovers
|upkeep
|turn|2
|l| balbsaur
|
|t:|1616212172
|switch|p2a: Necrozma|Necrozma-Dusk-Mane|100/100
|move|p1a: Calyrex|Astral Barrage|p2a: Necrozma
|-supereffective|p2a: Necrozma
|-damage|p2a: Necrozma|28/100
|-enditem|p2a: Necrozma|Weakness Policy
|-boost|p2a: Necrozma|atk|2|[from] item: Weakness Policy
|-boost|p2a: Necrozma|spa|2|[from] item: Weakness Policy
|-damage|p1a: Calyrex|81/100|[from] item: Life Orb
|
|-weather|RainDance|[upkeep]
|upkeep
|turn|3
|j| Ashgreninjaanime
|j| Mikirae
|
|t:|1616212184
|move|p1a: Calyrex|Astral Barrage|p2a: Necrozma
|-supereffective|p2a: Necrozma
|-crit|p2a: Necrozma
|-damage|p2a: Necrozma|0 fnt
|-damage|p1a: Calyrex|71/100|[from] item: Life Orb
|faint|p2a: Necrozma
|-ability|p1a: Calyrex|Grim Neigh|boost
|-boost|p1a: Calyrex|spa|1
|
|-weather|RainDance|[upkeep]
|upkeep
|j| Prymarynaa (◕‿◕✿)
|
|t:|1616212187
|switch|p2a: Eternatus|Eternatus|100/100
|-ability|p2a: Eternatus|Pressure
|turn|4
|l| Prymarynaa (◕‿◕✿)
|
|t:|1616212209
|switch|p1a: Lugia|Lugia|100/100
|move|p2a: Eternatus|Cosmic Power|p2a: Eternatus
|-boost|p2a: Eternatus|def|1
|-boost|p2a: Eternatus|spd|1
|
|-weather|RainDance|[upkeep]
|upkeep
|turn|5
|
|t:|1616212215
|move|p2a: Eternatus|Cosmic Power|p2a: Eternatus
|-boost|p2a: Eternatus|def|1
|-boost|p2a: Eternatus|spd|1
|move|p1a: Lugia|Whirlwind|p2a: Eternatus
|drag|p2a: Ho-Oh|Ho-Oh|100/100
|
|-weather|none
|upkeep
|turn|6
|
|t:|1616212219
|move|p1a: Lugia|Toxic|p2a: Ho-Oh
|-status|p2a: Ho-Oh|tox
|move|p2a: Ho-Oh|Toxic|p1a: Lugia
|-status|p1a: Lugia|tox
|
|-damage|p1a: Lugia|94/100 tox|[from] psn
|-damage|p2a: Ho-Oh|94/100 tox|[from] psn
|upkeep
|turn|7
|
|t:|1616212224
|move|p2a: Ho-Oh|Sacred Fire|p1a: Lugia
|-damage|p1a: Lugia|68/100 tox
|move|p1a: Lugia|Whirlwind|p2a: Ho-Oh
|drag|p2a: Cinderace|Cinderace, F|100/100
|
|-heal|p1a: Lugia|74/100 tox|[from] item: Leftovers
|-damage|p1a: Lugia|62/100 tox|[from] psn
|upkeep
|turn|8
|
|t:|1616212230
|move|p2a: Cinderace|U-turn|p1a: Lugia
|-start|p2a: Cinderace|typechange|Bug|[from] ability: Libero
|-damage|p1a: Lugia|31/100 tox
|-damage|p2a: Cinderace|91/100|[from] item: Life Orb
|
|t:|1616212237
|switch|p2a: Calyrex|Calyrex-Shadow|100/100|[from]move: U-turn
|-ability|p2a: Calyrex|As One
|-ability|p2a: Calyrex|Unnerve|p1: Ditto TH
|move|p1a: Lugia|Toxic|p2a: Calyrex
|-status|p2a: Calyrex|tox
|
|-heal|p1a: Lugia|37/100 tox|[from] item: Leftovers
|-damage|p2a: Calyrex|94/100 tox|[from] psn
|-damage|p1a: Lugia|19/100 tox|[from] psn
|upkeep
|turn|9
|j| Faye Webster
|
|t:|1616212249
|move|p2a: Calyrex|Astral Barrage|p1a: Lugia
|-supereffective|p1a: Lugia
|-damage|p1a: Lugia|0 fnt
|faint|p1a: Lugia
|-ability|p2a: Calyrex|Grim Neigh|boost
|-boost|p2a: Calyrex|spa|1
|
|-damage|p2a: Calyrex|82/100 tox|[from] psn
|upkeep
|l| Faye Webster
|
|t:|1616212252
|switch|p1a: Kyogre|Kyogre|100/100
|-weather|RainDance|[from] ability: Drizzle|[of] p1a: Kyogre
|turn|10
|
|t:|1616212257
|move|p2a: Calyrex|Astral Barrage|p1a: Kyogre
|-damage|p1a: Kyogre|16/100
|move|p1a: Kyogre|Water Spout|p2a: Calyrex
|-damage|p2a: Calyrex|63/100 tox
|
|-weather|RainDance|[upkeep]
|-damage|p2a: Calyrex|44/100 tox|[from] psn
|upkeep
|turn|11
|
|t:|1616212263
|move|p2a: Calyrex|Astral Barrage|p1a: Kyogre
|-damage|p1a: Kyogre|0 fnt
|faint|p1a: Kyogre
|-ability|p2a: Calyrex|Grim Neigh|boost
|-boost|p2a: Calyrex|spa|1
|
|-weather|RainDance|[upkeep]
|-damage|p2a: Calyrex|20/100 tox|[from] psn
|upkeep
|
|t:|1616212282
|switch|p1a: Xerneas|Xerneas|100/100
|-ability|p1a: Xerneas|Fairy Aura
|turn|12
|
|t:|1616212285
|move|p2a: Calyrex|Astral Barrage|p1a: Xerneas
|-damage|p1a: Xerneas|0 fnt
|faint|p1a: Xerneas
|-ability|p2a: Calyrex|Grim Neigh|boost
|-boost|p2a: Calyrex|spa|1
|
|-weather|RainDance|[upkeep]
|-damage|p2a: Calyrex|0 fnt|[from] psn
|faint|p2a: Calyrex
|upkeep
|l| Sleecko
|
|t:|1616212297
|switch|p2a: Cinderace|Cinderace, F|91/100
|switch|p1a: Calyrex|Calyrex-Shadow|71/100
|-ability|p1a: Calyrex|As One
|-ability|p1a: Calyrex|Unnerve|p2: hitchiker42
|turn|13
|
|t:|1616212301
|move|p2a: Cinderace|Sucker Punch|p1a: Calyrex
|-start|p2a: Cinderace|typechange|Dark|[from] ability: Libero
|-supereffective|p1a: Calyrex
|-crit|p1a: Calyrex
|-damage|p1a: Calyrex|0 fnt
|-damage|p2a: Cinderace|81/100|[from] item: Life Orb
|faint|p1a: Calyrex
|
|-weather|RainDance|[upkeep]
|upkeep
|
|t:|1616212308
|switch|p1a: Eternatus|Eternatus|100/100
|-ability|p1a: Eternatus|Pressure
|turn|14
|
|t:|1616212315
|switch|p2a: Kyogre|Kyogre|15/100
|move|p1a: Eternatus|Dynamax Cannon|p2a: Kyogre
|-damage|p2a: Kyogre|0 fnt
|-damage|p1a: Eternatus|91/100|[from] item: Life Orb
|faint|p2a: Kyogre
|
|-weather|none
|upkeep
|
|t:|1616212322
|switch|p2a: Ho-Oh|Ho-Oh|100/100 tox
|turn|15
|
|t:|1616212326
|switch|p1a: Darmanitan|Darmanitan-Galar, M|100/100
|move|p2a: Ho-Oh|Sacred Fire|p1a: Darmanitan
|-supereffective|p1a: Darmanitan
|-damage|p1a: Darmanitan|0 fnt
|faint|p1a: Darmanitan
|
|-damage|p2a: Ho-Oh|94/100 tox|[from] psn
|upkeep
|
|t:|1616212331
|switch|p1a: Eternatus|Eternatus|91/100
|-ability|p1a: Eternatus|Pressure
|turn|16
|
|t:|1616212334
|move|p1a: Eternatus|Dynamax Cannon|p2a: Ho-Oh
|-damage|p2a: Ho-Oh|58/100 tox
|-damage|p1a: Eternatus|81/100|[from] item: Life Orb
|move|p2a: Ho-Oh|Sacred Fire|p1a: Eternatus
|-resisted|p1a: Eternatus
|-damage|p1a: Eternatus|62/100
|-status|p1a: Eternatus|brn
|
|-damage|p1a: Eternatus|56/100 brn|[from] brn
|-damage|p2a: Ho-Oh|46/100 tox|[from] psn
|upkeep
|turn|17
|
|t:|1616212342
|switch|p2a: Cinderace|Cinderace, F|81/100
|move|p1a: Eternatus|Dynamax Cannon|p2a: Cinderace
|-damage|p2a: Cinderace|0 fnt
|-damage|p1a: Eternatus|46/100 brn|[from] item: Life Orb
|faint|p2a: Cinderace
|
|-damage|p1a: Eternatus|40/100 brn|[from] brn
|upkeep
|
|t:|1616212346
|switch|p2a: Ho-Oh|Ho-Oh|79/100 tox
|turn|18
|
|t:|1616212350
|move|p1a: Eternatus|Dynamax Cannon|p2a: Ho-Oh
|-damage|p2a: Ho-Oh|42/100 tox
|-damage|p1a: Eternatus|30/100 brn|[from] item: Life Orb
|move|p2a: Ho-Oh|Sacred Fire|p1a: Eternatus
|-resisted|p1a: Eternatus
|-damage|p1a: Eternatus|11/100 brn
|
|-damage|p1a: Eternatus|5/100 brn|[from] brn
|-damage|p2a: Ho-Oh|36/100 tox|[from] psn
|upkeep
|turn|19
|c|☆Ditto TH|g
|c|☆Ditto TH|gg*
|c|☆hitchiker42|gg
|
|t:|1616212358
|move|p1a: Eternatus|Dynamax Cannon|p2a: Ho-Oh
|-damage|p2a: Ho-Oh|0 fnt
|-damage|p1a: Eternatus|0 fnt|[from] item: Life Orb
|faint|p2a: Ho-Oh
|faint|p1a: Eternatus
|
|win|hitchiker42
|n|☆Ditto TH|dittoth
|n|☆hitchiker42|hitchiker42
|n|*Lady Monita|ladymonita
|n| pokemon vs you|pokemonvsyou
|n| EALP the Zorua|ealpthezorua
|n| Ashgreninjaanime|ashgreninjaanime
|n| Mikirae|mikirae
|l|*Lady Monita
|l|☆hitchiker42
|c|☆Ditto TH|wp
