|j|☆Arcangel666
|j|☆Pkmn3443
|t:|1633546771
|gametype|singles
|player|p1|Arcangel666|grimsley|1503
|player|p2|Pkmn3443|265|1546
|teamsize|p1|6
|teamsize|p2|6
|gen|8
|tier|[Gen 8] Ubers
|rated|
|rule|Sleep Clause Mod: Limit one foe put to sleep
|rule|Species Clause: Limit one of each Pokémon
|rule|OHKO Clause: OHKO moves are banned
|rule|Evasion Moves Clause: Evasion moves are banned
|rule|Endless Battle Clause: Forcing endless battles is banned
|rule|HP Percentage Mod: HP is shown in percentages
|rule|Dynamax Clause: You cannot dynamax
|clearpoke
|poke|p1|Kyurem-Black|
|poke|p1|Xerneas-*|
|poke|p1|Calyrex-Shadow|
|poke|p1|Yveltal|
|poke|p1|Groudon|
|poke|p1|Necrozma-Dusk-Mane|
|poke|p2|Calyrex-Shadow|
|poke|p2|Necrozma-Dusk-Mane|
|poke|p2|Ho-Oh|
|poke|p2|Eternatus|
|poke|p2|Ditto|
|poke|p2|Yveltal|
|teampreview
|
|t:|1633546777
|start
|switch|p1a: Groudon|Groudon|100/100
|switch|p2a: Calyrex|Calyrex-Shadow|100/100
|-ability|p2a: Calyrex|As One
|-ability|p2a: Calyrex|Unnerve
|-weather|SunnyDay|[from] ability: Drought|[of] p1a: Groudon
|turn|1
|
|t:|1633546781
|switch|p1a: Yveltal|Yveltal, shiny|100/100
|-ability|p1a: Yveltal|Dark Aura
|move|p2a: Calyrex|Astral Barrage|p1a: Yveltal
|-resisted|p1a: Yveltal
|-damage|p1a: Yveltal|63/100
|
|-weather|SunnyDay|[upkeep]
|upkeep
|turn|2
|
|t:|1633546786
|switch|p2a: Yveltal|Yveltal|100/100
|-ability|p2a: Yveltal|Dark Aura
|move|p1a: Yveltal|Knock Off|p2a: Yveltal
|-resisted|p2a: Yveltal
|-damage|p2a: Yveltal|62/100
|-enditem|p2a: Yveltal|Heavy-Duty Boots|[from] move: Knock Off|[of] p1a: Yveltal
|
|-weather|SunnyDay|[upkeep]
|upkeep
|turn|3
|
|t:|1633546793
|move|p2a: Yveltal|Knock Off|p1a: Yveltal
|-resisted|p1a: Yveltal
|-damage|p1a: Yveltal|39/100
|-enditem|p1a: Yveltal|Heavy-Duty Boots|[from] move: Knock Off|[of] p2a: Yveltal
|move|p1a: Yveltal|Roost|p1a: Yveltal
|-heal|p1a: Yveltal|89/100
|-singleturn|p1a: Yveltal|move: Roost
|
|-weather|SunnyDay|[upkeep]
|upkeep
|turn|4
|
|t:|1633546796
|move|p2a: Yveltal|Roost|p2a: Yveltal
|-heal|p2a: Yveltal|100/100
|-singleturn|p2a: Yveltal|move: Roost
|move|p1a: Yveltal|Knock Off|p2a: Yveltal
|-resisted|p2a: Yveltal
|-damage|p2a: Yveltal|76/100
|
|-weather|SunnyDay|[upkeep]
|upkeep
|turn|5
|
|t:|1633546800
|switch|p1a: Groudon|Groudon|100/100
|move|p2a: Yveltal|Taunt|p1a: Groudon
|-start|p1a: Groudon|move: Taunt
|
|-weather|none
|upkeep
|turn|6
|
|t:|1633546806
|switch|p2a: Necrozma|Necrozma-Dusk-Mane|100/100
|move|p1a: Groudon|Heat Crash|p2a: Necrozma
|-supereffective|p2a: Necrozma
|-damage|p2a: Necrozma|85/100
|-damage|p1a: Groudon|84/100|[from] item: Rocky Helmet|[of] p2a: Necrozma
|
|-heal|p1a: Groudon|90/100|[from] item: Leftovers
|upkeep
|turn|7
|
|t:|1633546809
|move|p1a: Groudon|Earthquake|p2a: Necrozma
|-supereffective|p2a: Necrozma
|-damage|p2a: Necrozma|44/100
|move|p2a: Necrozma|Stealth Rock|p1a: Groudon
|-sidestart|p1: Arcangel666|move: Stealth Rock
|
|-heal|p1a: Groudon|96/100|[from] item: Leftovers
|-end|p1a: Groudon|move: Taunt
|upkeep
|turn|8
|
|t:|1633546817
|move|p1a: Groudon|Stealth Rock|p2a: Necrozma
|-sidestart|p2: Pkmn3443|move: Stealth Rock
|move|p2a: Necrozma|Morning Sun|p2a: Necrozma
|-heal|p2a: Necrozma|94/100
|
|-heal|p1a: Groudon|100/100|[from] item: Leftovers
|upkeep
|turn|9
|
|t:|1633546819
|move|p1a: Groudon|Earthquake|p2a: Necrozma
|-supereffective|p2a: Necrozma
|-damage|p2a: Necrozma|56/100
|move|p2a: Necrozma|Knock Off|p1a: Groudon
|-damage|p1a: Groudon|85/100
|-enditem|p1a: Groudon|Leftovers|[from] move: Knock Off|[of] p2a: Necrozma
|
|upkeep
|turn|10
|
|t:|1633546823
|move|p1a: Groudon|Earthquake|p2a: Necrozma
|-supereffective|p2a: Necrozma
|-damage|p2a: Necrozma|15/100
|move|p2a: Necrozma|Sunsteel Strike|p1a: Groudon
|-damage|p1a: Groudon|60/100
|
|upkeep
|turn|11
|
|t:|1633546826
|move|p1a: Groudon|Heat Crash|p2a: Necrozma
|-supereffective|p2a: Necrozma
|-damage|p2a: Necrozma|0 fnt
|-damage|p1a: Groudon|44/100|[from] item: Rocky Helmet|[of] p2a: Necrozma
|faint|p2a: Necrozma
|
|upkeep
|
|t:|1633546832
|switch|p2a: Eternatus|Eternatus|100/100
|-damage|p2a: Eternatus|88/100|[from] Stealth Rock
|-ability|p2a: Eternatus|Pressure
|turn|12
|
|t:|1633546835
|switch|p1a: Necrozma|Necrozma-Dusk-Mane, shiny|100/100
|-damage|p1a: Necrozma|94/100|[from] Stealth Rock
|move|p2a: Eternatus|Dynamax Cannon|p1a: Necrozma
|-resisted|p1a: Necrozma
|-damage|p1a: Necrozma|79/100
|
|-heal|p2a: Eternatus|94/100|[from] item: Black Sludge
|-heal|p1a: Necrozma|85/100|[from] item: Leftovers
|upkeep
|turn|13
|
|t:|1633546840
|switch|p2a: Ho-Oh|Ho-Oh|100/100
|move|p1a: Necrozma|Thunder Wave|p2a: Ho-Oh
|-status|p2a: Ho-Oh|par
|
|-heal|p1a: Necrozma|91/100|[from] item: Leftovers
|upkeep
|turn|14
|
|t:|1633546845
|move|p1a: Necrozma|Knock Off|p2a: Ho-Oh
|-damage|p2a: Ho-Oh|80/100 par
|-enditem|p2a: Ho-Oh|Heavy-Duty Boots|[from] move: Knock Off|[of] p1a: Necrozma
|move|p2a: Ho-Oh|Sacred Fire|p1a: Necrozma
|-supereffective|p1a: Necrozma
|-damage|p1a: Necrozma|48/100
|
|-heal|p1a: Necrozma|54/100|[from] item: Leftovers
|upkeep
|turn|15
|
|t:|1633546848
|switch|p1a: Groudon|Groudon|44/100
|-damage|p1a: Groudon|38/100|[from] Stealth Rock
|-weather|SunnyDay|[from] ability: Drought|[of] p1a: Groudon
|move|p2a: Ho-Oh|Sacred Fire|p1a: Groudon
|-damage|p1a: Groudon|8/100
|
|-weather|SunnyDay|[upkeep]
|upkeep
|turn|16
|
|t:|1633546853
|switch|p2a: Calyrex|Calyrex-Shadow|100/100
|-ability|p2a: Calyrex|As One
|-ability|p2a: Calyrex|Unnerve
|-damage|p2a: Calyrex|88/100|[from] Stealth Rock
|move|p1a: Groudon|Roar|p2a: Calyrex
|drag|p2a: Ditto|Ditto|100/100
|-damage|p2a: Ditto|88/100|[from] Stealth Rock
|-transform|p2a: Ditto|p1a: Groudon|[from] ability: Imposter
|
|-weather|SunnyDay|[upkeep]
|upkeep
|turn|17
|
|t:|1633546860
|move|p2a: Ditto|Heat Crash|p1a: Groudon
|-damage|p1a: Groudon|0 fnt
|faint|p1a: Groudon
|
|-weather|SunnyDay|[upkeep]
|upkeep
|
|t:|1633546866
|switch|p1a: Calyrex|Calyrex-Shadow|100/100
|-ability|p1a: Calyrex|As One
|-ability|p1a: Calyrex|Unnerve
|-damage|p1a: Calyrex|88/100|[from] Stealth Rock
|turn|18
|
|t:|1633546871
|switch|p2a: Ho-Oh|Ho-Oh|100/100 par
|-damage|p2a: Ho-Oh|51/100 par|[from] Stealth Rock
|move|p1a: Calyrex|Draining Kiss|p2a: Ho-Oh
|-resisted|p2a: Ho-Oh
|-damage|p2a: Ho-Oh|45/100 par
|-heal|p1a: Calyrex|93/100|[from] drain|[of] p2a: Ho-Oh
|
|-weather|SunnyDay|[upkeep]
|upkeep
|turn|19
|
|t:|1633546877
|move|p1a: Calyrex|Astral Barrage|p2a: Ho-Oh
|-damage|p2a: Ho-Oh|7/100 par
|move|p2a: Ho-Oh|Defog|p1a: Calyrex
|-unboost|p1a: Calyrex|evasion|1
|-sideend|p1: Arcangel666|Stealth Rock|[from] move: Defog|[of] p2a: Ho-Oh
|-sideend|p2: Pkmn3443|Stealth Rock|[from] move: Defog|[of] p2a: Ho-Oh
|
|-weather|none
|upkeep
|turn|20
|
|t:|1633546889
|switch|p2a: Eternatus|Eternatus|94/100
|-ability|p2a: Eternatus|Pressure
|move|p1a: Calyrex|Draining Kiss|p2a: Eternatus
|-damage|p2a: Eternatus|83/100
|-heal|p1a: Calyrex|100/100|[from] drain|[of] p2a: Eternatus
|
|-heal|p2a: Eternatus|89/100|[from] item: Black Sludge
|upkeep
|turn|21
|
|t:|1633546895
|move|p1a: Calyrex|Psyshock|p2a: Eternatus
|-supereffective|p2a: Eternatus
|-damage|p2a: Eternatus|21/100
|move|p2a: Eternatus|Mystical Fire|p1a: Calyrex
|-damage|p1a: Calyrex|77/100
|-unboost|p1a: Calyrex|spa|1
|
|-heal|p2a: Eternatus|27/100|[from] item: Black Sludge
|upkeep
|turn|22
|
|t:|1633546901
|switch|p2a: Ho-Oh|Ho-Oh|40/100 par
|move|p1a: Calyrex|Astral Barrage|p2a: Ho-Oh
|-damage|p2a: Ho-Oh|13/100 par
|
|upkeep
|turn|23
|
|t:|1633546904
|switch|p2a: Yveltal|Yveltal|76/100
|-ability|p2a: Yveltal|Dark Aura
|move|p1a: Calyrex|Astral Barrage|p2a: Yveltal
|-resisted|p2a: Yveltal
|-damage|p2a: Yveltal|55/100
|
|upkeep
|turn|24
|
|t:|1633546911
|switch|p1a: Yveltal|Yveltal, shiny|89/100
|-ability|p1a: Yveltal|Dark Aura
|move|p2a: Yveltal|Oblivion Wing|p1a: Yveltal
|-damage|p1a: Yveltal|52/100
|-heal|p2a: Yveltal|83/100|[from] drain|[of] p1a: Yveltal
|
|upkeep
|turn|25
|
|t:|1633546919
|switch|p2a: Ho-Oh|Ho-Oh|46/100 par
|move|p1a: Yveltal|Knock Off|p2a: Ho-Oh
|-damage|p2a: Ho-Oh|14/100 par
|
|upkeep
|turn|26
|
|t:|1633546922
|switch|p2a: Yveltal|Yveltal|83/100
|-ability|p2a: Yveltal|Dark Aura
|move|p1a: Yveltal|Knock Off|p2a: Yveltal
|-resisted|p2a: Yveltal
|-damage|p2a: Yveltal|58/100
|
|upkeep
|turn|27
|
|t:|1633546925
|move|p2a: Yveltal|Roost|p2a: Yveltal
|-heal|p2a: Yveltal|100/100
|-singleturn|p2a: Yveltal|move: Roost
|move|p1a: Yveltal|Roost|p1a: Yveltal
|-heal|p1a: Yveltal|100/100
|-singleturn|p1a: Yveltal|move: Roost
|
|upkeep
|turn|28
|
|t:|1633546932
|move|p2a: Yveltal|Knock Off|p1a: Yveltal
|-resisted|p1a: Yveltal
|-damage|p1a: Yveltal|84/100
|move|p1a: Yveltal|Knock Off|p2a: Yveltal
|-resisted|p2a: Yveltal
|-damage|p2a: Yveltal|78/100
|
|upkeep
|turn|29
|
|t:|1633546938
|switch|p1a: Xerneas|Xerneas, shiny|100/100
|-ability|p1a: Xerneas|Fairy Aura
|move|p2a: Yveltal|Taunt|p1a: Xerneas
|-start|p1a: Xerneas|move: Taunt
|
|upkeep
|turn|30
|
|t:|1633546943
|switch|p2a: Ho-Oh|Ho-Oh|48/100 par
|move|p1a: Xerneas|Moonblast|p2a: Ho-Oh
|-resisted|p2a: Ho-Oh
|-damage|p2a: Ho-Oh|28/100 par
|
|upkeep
|turn|31
|
|t:|1633546948
|move|p1a: Xerneas|Psyshock|p2a: Ho-Oh
|-damage|p2a: Ho-Oh|9/100 par
|move|p2a: Ho-Oh|Sacred Fire|p1a: Xerneas
|-damage|p1a: Xerneas|62/100
|-status|p1a: Xerneas|brn
|
|-damage|p1a: Xerneas|56/100 brn|[from] brn
|-end|p1a: Xerneas|move: Taunt
|upkeep
|turn|32
|
|t:|1633546958
|switch|p2a: Calyrex|Calyrex-Shadow|88/100
|-ability|p2a: Calyrex|As One
|-ability|p2a: Calyrex|Unnerve
|move|p1a: Xerneas|Psyshock|p2a: Calyrex
|-resisted|p2a: Calyrex
|-damage|p2a: Calyrex|71/100
|
|-heal|p2a: Calyrex|77/100|[from] item: Leftovers
|-damage|p1a: Xerneas|50/100 brn|[from] brn
|upkeep
|turn|33
|
|t:|1633546962
|switch|p1a: Yveltal|Yveltal, shiny|84/100
|-ability|p1a: Yveltal|Dark Aura
|move|p2a: Calyrex|Astral Barrage|p1a: Yveltal
|-resisted|p1a: Yveltal
|-damage|p1a: Yveltal|51/100
|
|-heal|p2a: Calyrex|83/100|[from] item: Leftovers
|upkeep
|turn|34
|
|t:|1633546968
|switch|p2a: Ho-Oh|Ho-Oh|43/100 par
|move|p1a: Yveltal|Knock Off|p2a: Ho-Oh
|-damage|p2a: Ho-Oh|12/100 par
|
|upkeep
|turn|35
|
|t:|1633546973
|switch|p1a: Xerneas|Xerneas, shiny|50/100 brn
|-ability|p1a: Xerneas|Fairy Aura
|switch|p2a: Yveltal|Yveltal|78/100
|-ability|p2a: Yveltal|Dark Aura
|
|-damage|p1a: Xerneas|44/100 brn|[from] brn
|upkeep
|turn|36
|
|t:|1633546979
|move|p1a: Xerneas|Moonblast|p2a: Yveltal
|-supereffective|p2a: Yveltal
|-damage|p2a: Yveltal|0 fnt
|faint|p2a: Yveltal
|
|-damage|p1a: Xerneas|38/100 brn|[from] brn
|upkeep
|
|t:|1633546982
|switch|p2a: Ditto|Ditto|88/100
|-transform|p2a: Ditto|p1a: Xerneas|[from] ability: Imposter
|-ability|p2a: Ditto|Fairy Aura
|turn|37
|
|t:|1633546985
|switch|p1a: Necrozma|Necrozma-Dusk-Mane, shiny|54/100
|move|p2a: Ditto|Moonblast|p1a: Necrozma
|-resisted|p1a: Necrozma
|-damage|p1a: Necrozma|34/100
|-unboost|p1a: Necrozma|spa|1
|
|-heal|p1a: Necrozma|40/100|[from] item: Leftovers
|upkeep
|turn|38
|
|t:|1633546992
|switch|p2a: Ho-Oh|Ho-Oh|45/100 par
|move|p1a: Necrozma|Knock Off|p2a: Ho-Oh
|-damage|p2a: Ho-Oh|30/100 par
|
|-heal|p1a: Necrozma|46/100|[from] item: Leftovers
|upkeep
|turn|39
|
|t:|1633546995
|move|p1a: Necrozma|Morning Sun|p1a: Necrozma
|-heal|p1a: Necrozma|96/100
|move|p2a: Ho-Oh|Sacred Fire|p1a: Necrozma
|-supereffective|p1a: Necrozma
|-damage|p1a: Necrozma|55/100
|-status|p1a: Necrozma|brn
|
|-heal|p1a: Necrozma|61/100 brn|[from] item: Leftovers
|-damage|p1a: Necrozma|55/100 brn|[from] brn
|upkeep
|turn|40
|
|t:|1633547002
|switch|p1a: Yveltal|Yveltal, shiny|51/100
|-ability|p1a: Yveltal|Dark Aura
|switch|p2a: Eternatus|Eternatus|27/100
|-ability|p2a: Eternatus|Pressure
|
|-heal|p2a: Eternatus|34/100|[from] item: Black Sludge
|upkeep
|turn|41
|
|t:|1633547009
|switch|p2a: Ho-Oh|Ho-Oh|64/100 par
|move|p1a: Yveltal|Knock Off|p2a: Ho-Oh
|-damage|p2a: Ho-Oh|32/100 par
|
|upkeep
|turn|42
|
|t:|1633547014
|move|p1a: Yveltal|Knock Off|p2a: Ho-Oh
|-damage|p2a: Ho-Oh|1/100 par
|move|p2a: Ho-Oh|Sacred Fire|p1a: Yveltal
|-damage|p1a: Yveltal|14/100
|
|upkeep
|turn|43
|
|t:|1633547018
|move|p1a: Yveltal|Roost|p1a: Yveltal
|-heal|p1a: Yveltal|65/100
|-singleturn|p1a: Yveltal|move: Roost
|move|p2a: Ho-Oh|Sacred Fire|p1a: Yveltal
|-damage|p1a: Yveltal|27/100
|-status|p1a: Yveltal|brn
|
|-damage|p1a: Yveltal|21/100 brn|[from] brn
|upkeep
|turn|44
|
|t:|1633547021
|switch|p2a: Ditto|Ditto|88/100
|-transform|p2a: Ditto|p1a: Yveltal|[from] ability: Imposter
|-ability|p2a: Ditto|Dark Aura
|move|p1a: Yveltal|Knock Off|p2a: Ditto
|-resisted|p2a: Ditto
|-damage|p2a: Ditto|65/100
|-enditem|p2a: Ditto|Choice Scarf|[from] move: Knock Off|[of] p1a: Yveltal
|
|-damage|p1a: Yveltal|15/100 brn|[from] brn
|upkeep
|turn|45
|
|t:|1633547029
|move|p1a: Yveltal|Roost|p1a: Yveltal
|-heal|p1a: Yveltal|65/100 brn
|-singleturn|p1a: Yveltal|move: Roost
|move|p2a: Ditto|Roost|p2a: Ditto
|-heal|p2a: Ditto|100/100
|-singleturn|p2a: Ditto|move: Roost
|
|-damage|p1a: Yveltal|59/100 brn|[from] brn
|upkeep
|turn|46
|
|t:|1633547034
|switch|p2a: Ho-Oh|Ho-Oh|34/100 par
|move|p1a: Yveltal|Roost|p1a: Yveltal
|-heal|p1a: Yveltal|100/100 brn
|-singleturn|p1a: Yveltal|move: Roost
|
|-damage|p1a: Yveltal|94/100 brn|[from] brn
|upkeep
|turn|47
|
|t:|1633547040
|switch|p2a: Ditto|Ditto|100/100
|-transform|p2a: Ditto|p1a: Yveltal|[from] ability: Imposter
|-ability|p2a: Ditto|Dark Aura
|move|p1a: Yveltal|Knock Off|p2a: Ditto
|-resisted|p2a: Ditto
|-damage|p2a: Ditto|86/100
|
|-damage|p1a: Yveltal|88/100 brn|[from] brn
|upkeep
|turn|48
|
|t:|1633547046
|switch|p2a: Ho-Oh|Ho-Oh|68/100 par
|move|p1a: Yveltal|Roost|p1a: Yveltal
|-heal|p1a: Yveltal|100/100 brn
|-singleturn|p1a: Yveltal|move: Roost
|
|-damage|p1a: Yveltal|94/100 brn|[from] brn
|upkeep
|turn|49
|
|t:|1633547052
|switch|p2a: Ditto|Ditto|86/100
|-transform|p2a: Ditto|p1a: Yveltal|[from] ability: Imposter
|-ability|p2a: Ditto|Dark Aura
|move|p1a: Yveltal|Knock Off|p2a: Ditto
|-resisted|p2a: Ditto
|-damage|p2a: Ditto|71/100
|
|-damage|p1a: Yveltal|88/100 brn|[from] brn
|upkeep
|turn|50
|
|t:|1633547056
|switch|p1a: Xerneas|Xerneas, shiny|38/100 brn
|-ability|p1a: Xerneas|Fairy Aura
|move|p2a: Ditto|Roost|p2a: Ditto
|-heal|p2a: Ditto|100/100
|-singleturn|p2a: Ditto|move: Roost
|
|-damage|p1a: Xerneas|32/100 brn|[from] brn
|upkeep
|turn|51
|
|t:|1633547060
|switch|p2a: Ho-Oh|Ho-Oh|100/100 par
|move|p1a: Xerneas|Psyshock|p2a: Ho-Oh
|-damage|p2a: Ho-Oh|81/100 par
|
|-damage|p1a: Xerneas|26/100 brn|[from] brn
|upkeep
|turn|52
|
|t:|1633547065
|move|p1a: Xerneas|Psyshock|p2a: Ho-Oh
|-damage|p2a: Ho-Oh|61/100 par
|move|p2a: Ho-Oh|Sacred Fire|p1a: Xerneas
|-damage|p1a: Xerneas|0 fnt
|faint|p1a: Xerneas
|
|upkeep
|
|t:|1633547067
|switch|p1a: Kyurem|Kyurem-Black, shiny|100/100
|-ability|p1a: Kyurem|Teravolt
|turn|53
|
|t:|1633547075
|switch|p2a: Eternatus|Eternatus|34/100
|-ability|p2a: Eternatus|Pressure
|move|p1a: Kyurem|Dragon Dance|p1a: Kyurem
|-boost|p1a: Kyurem|atk|1
|-boost|p1a: Kyurem|spe|1
|
|-heal|p2a: Eternatus|40/100|[from] item: Black Sludge
|upkeep
|turn|54
|
|t:|1633547078
|move|p1a: Kyurem|Icicle Spear|p2a: Eternatus
|-supereffective|p2a: Eternatus
|-damage|p2a: Eternatus|0 fnt
|faint|p2a: Eternatus
|-hitcount|p2: Eternatus|1
|-damage|p1a: Kyurem|91/100|[from] item: Life Orb
|
|upkeep
|
|t:|1633547080
|switch|p2a: Ditto|Ditto|100/100
|-transform|p2a: Ditto|p1a: Kyurem|[from] ability: Imposter
|-ability|p2a: Ditto|Teravolt
|turn|55
|
|t:|1633547087
|switch|p1a: Yveltal|Yveltal, shiny|88/100 brn
|-ability|p1a: Yveltal|Dark Aura
|move|p2a: Ditto|Icicle Spear|p1a: Yveltal
|-supereffective|p1a: Yveltal
|-damage|p1a: Yveltal|46/100 brn
|-supereffective|p1a: Yveltal
|-damage|p1a: Yveltal|5/100 brn
|-supereffective|p1a: Yveltal
|-damage|p1a: Yveltal|0 fnt
|faint|p1a: Yveltal
|-hitcount|p1: Yveltal|3
|
|upkeep
|
|t:|1633547090
|switch|p1a: Necrozma|Necrozma-Dusk-Mane, shiny|55/100 brn
|turn|56
|
|t:|1633547096
|switch|p2a: Ho-Oh|Ho-Oh|94/100 par
|move|p1a: Necrozma|Thunder Wave|p2a: Ho-Oh
|-fail|p2a: Ho-Oh|par
|
|-heal|p1a: Necrozma|61/100 brn|[from] item: Leftovers
|-damage|p1a: Necrozma|55/100 brn|[from] brn
|upkeep
|turn|57
|
|t:|1633547101
|switch|p1a: Calyrex|Calyrex-Shadow|77/100
|-ability|p1a: Calyrex|As One
|-ability|p1a: Calyrex|Unnerve
|move|p2a: Ho-Oh|Sacred Fire|p1a: Calyrex
|-damage|p1a: Calyrex|25/100
|-status|p1a: Calyrex|brn
|
|-damage|p1a: Calyrex|19/100 brn|[from] brn
|upkeep
|turn|58
|
|t:|1633547108
|move|p1a: Calyrex|Astral Barrage|p2a: Ho-Oh
|-damage|p2a: Ho-Oh|51/100 par
|move|p2a: Ho-Oh|Toxic||[still]
|-fail|p2a: Ho-Oh
|
|-damage|p1a: Calyrex|13/100 brn|[from] brn
|upkeep
|turn|59
|
|t:|1633547116
|switch|p2a: Calyrex|Calyrex-Shadow|83/100
|-ability|p2a: Calyrex|As One
|-ability|p2a: Calyrex|Unnerve
|move|p1a: Calyrex|Astral Barrage|p2a: Calyrex
|-supereffective|p2a: Calyrex
|-damage|p2a: Calyrex|0 fnt
|faint|p2a: Calyrex
|-ability|p1a: Calyrex|Grim Neigh|boost
|-boost|p1a: Calyrex|spa|1
|
|-damage|p1a: Calyrex|6/100 brn|[from] brn
|upkeep
|
|t:|1633547117
|switch|p2a: Ditto|Ditto|100/100
|-transform|p2a: Ditto|p1a: Calyrex|[from] ability: Imposter
|turn|60
|
|t:|1633547120
|move|p2a: Ditto|Astral Barrage|p1a: Calyrex
|-supereffective|p1a: Calyrex
|-damage|p1a: Calyrex|0 fnt
|faint|p1a: Calyrex
|-ability|p2a: Ditto|Grim Neigh|boost
|-boost|p2a: Ditto|spa|1
|
|upkeep
|
|t:|1633547128
|switch|p1a: Necrozma|Necrozma-Dusk-Mane, shiny|55/100 brn
|turn|61
|
|t:|1633547130
|move|p2a: Ditto|Astral Barrage|p1a: Necrozma
|-supereffective|p1a: Necrozma
|-damage|p1a: Necrozma|0 fnt
|faint|p1a: Necrozma
|-ability|p2a: Ditto|Grim Neigh|boost
|-boost|p2a: Ditto|spa|1
|
|upkeep
|-message|Arcangel666 forfeited.
|
|win|Pkmn3443
|raw|Arcangel666's rating: 1503 &rarr; <strong>1485</strong><br />(-18 for losing)
|raw|Pkmn3443's rating: 1546 &rarr; <strong>1564</strong><br />(+18 for winning)
|l|☆Arcangel666
