|j|☆LeBarBURR2
|j|☆Chunkomucho
|player|p1|LeBarBURR2|rancher|1515
|player|p2|Chunkomucho|erika|1469
|teamsize|p1|6
|teamsize|p2|6
|gametype|singles
|gen|8
|tier|[Gen 8] Ubers
|rated|
|clearpoke
|poke|p1|Weezing-Galar, F|
|poke|p1|Polteageist|
|poke|p1|Kommo-o, M|
|poke|p1|Excadrill, M|
|poke|p1|Ditto|
|poke|p1|Gyarados, M|
|poke|p2|Eternatus|
|poke|p2|Hatterene, F|
|poke|p2|Toxapex, M|
|poke|p2|Corviknight, M|
|poke|p2|Quagsire, M|
|poke|p2|Tyranitar, M|
|rule|Sleep Clause Mod: Limit one foe put to sleep
|rule|Species Clause: Limit one of each Pokémon
|rule|OHKO Clause: OHKO moves are banned
|rule|Evasion Moves Clause: Evasion moves are banned
|rule|Endless Battle Clause: Forcing endless battles is banned
|rule|HP Percentage Mod: HP is shown in percentages
|html|Ubers Dynamax Clause: Pokémon on the <a href="https://www.smogon.com/dex/ss/formats/uber/">Ubers Dynamax Banlist</a> cannot Dynamax.
|teampreview
|inactive|Battle timer is ON: inactive players will automatically lose when time's up. (requested by Chunkomucho)
|j| Valhalla343
|
|start
|switch|p1a: Excadrill|Excadrill, M|100/100
|switch|p2a: Tyranitar|Tyranitar, M|100/100
|-ability|p1a: Excadrill|Mold Breaker
|-weather|Sandstorm|[from] ability: Sand Stream|[of] p2a: Tyranitar
|turn|1
|
|switch|p2a: Corviknight|Corviknight, M|100/100
|-ability|p2a: Corviknight|Pressure
|move|p1a: Excadrill|Earthquake|p2a: Corviknight
|-immune|p2a: Corviknight
|
|-weather|Sandstorm|[upkeep]
|upkeep
|turn|2
|
|move|p1a: Excadrill|Rock Tomb|p2a: Corviknight
|-crit|p2a: Corviknight
|-damage|p2a: Corviknight|81/100
|-unboost|p2a: Corviknight|spe|1
|move|p2a: Corviknight|U-turn|p1a: Excadrill
|-resisted|p1a: Excadrill
|-damage|p1a: Excadrill|91/100
|
|switch|p2a: Eternatus|Eternatus|100/100|[from]move: U-turn
|-ability|p2a: Eternatus|Pressure
|
|-weather|Sandstorm|[upkeep]
|-damage|p2a: Eternatus|94/100|[from] Sandstorm
|upkeep
|turn|3
|
|switch|p1a: Ditto|Ditto|100/100
|-transform|p1a: Ditto|p2a: Eternatus|[from] ability: Imposter
|-ability|p1a: Ditto|Pressure
|move|p2a: Eternatus|Flamethrower|p1a: Ditto
|-resisted|p1a: Ditto
|-damage|p1a: Ditto|71/100
|-damage|p2a: Eternatus|84/100|[from] item: Life Orb
|
|-weather|Sandstorm|[upkeep]
|-damage|p1a: Ditto|65/100|[from] Sandstorm
|-damage|p2a: Eternatus|78/100|[from] Sandstorm
|upkeep
|turn|4
|
|switch|p1a: Excadrill|Excadrill, M|91/100
|-ability|p1a: Excadrill|Mold Breaker
|switch|p2a: Tyranitar|Tyranitar, M|100/100
|
|-weather|Sandstorm|[upkeep]
|upkeep
|turn|5
|
|switch|p2a: Corviknight|Corviknight, M|81/100
|-ability|p2a: Corviknight|Pressure
|move|p1a: Excadrill|Stealth Rock|p2a: Corviknight
|-sidestart|p2: Chunkomucho|move: Stealth Rock
|
|-weather|none
|upkeep
|turn|6
|
|move|p1a: Excadrill|Rapid Spin|p2a: Corviknight
|-resisted|p2a: Corviknight
|-damage|p2a: Corviknight|76/100
|-boost|p1a: Excadrill|spe|1
|-damage|p1a: Excadrill|74/100|[from] item: Rocky Helmet|[of] p2a: Corviknight
|move|p2a: Corviknight|Defog|p1a: Excadrill
|-unboost|p1a: Excadrill|evasion|1
|-sideend|p2: Chunkomucho|Stealth Rock|[from] move: Defog|[of] p2a: Corviknight
|
|upkeep
|turn|7
|
|move|p1a: Excadrill|Stealth Rock|p2a: Corviknight
|-sidestart|p2: Chunkomucho|move: Stealth Rock
|move|p2a: Corviknight|Body Press|p1a: Excadrill
|-supereffective|p1a: Excadrill
|-damage|p1a: Excadrill|0 fnt
|faint|p1a: Excadrill
|
|upkeep
|
|switch|p1a: Eternaatus|Kommo-o, M|100/100
|turn|8
|
|move|p1a: Eternaatus|Taunt|p2a: Corviknight
|-start|p2a: Corviknight|move: Taunt
|move|p2a: Corviknight|U-turn|p1a: Eternaatus
|-resisted|p1a: Eternaatus
|-damage|p1a: Eternaatus|93/100
|
|switch|p2a: Toxapex|Toxapex, M|100/100|[from]move: U-turn
|-damage|p2a: Toxapex|88/100|[from] Stealth Rock
|
|upkeep
|turn|9
|
|move|p1a: Eternaatus|Taunt|p2a: Toxapex
|-start|p2a: Toxapex|move: Taunt
|move|p2a: Toxapex|Knock Off|p1a: Eternaatus
|-resisted|p1a: Eternaatus
|-damage|p1a: Eternaatus|86/100
|-enditem|p1a: Eternaatus|Throat Spray|[from] move: Knock Off|[of] p2a: Toxapex
|
|upkeep
|turn|10
|
|move|p1a: Eternaatus|Clangorous Soul|p1a: Eternaatus
|-boost|p1a: Eternaatus|atk|1
|-boost|p1a: Eternaatus|def|1
|-boost|p1a: Eternaatus|spa|1
|-boost|p1a: Eternaatus|spd|1
|-boost|p1a: Eternaatus|spe|1
|-damage|p1a: Eternaatus|53/100
|move|p2a: Toxapex|Scald|p1a: Eternaatus
|-resisted|p1a: Eternaatus
|-damage|p1a: Eternaatus|47/100
|-status|p1a: Eternaatus|brn
|
|-damage|p1a: Eternaatus|41/100 brn|[from] brn
|upkeep
|turn|11
|
|switch|p2a: Tyranitar|Tyranitar, M|100/100
|-damage|p2a: Tyranitar|88/100|[from] Stealth Rock
|-weather|Sandstorm|[from] ability: Sand Stream|[of] p2a: Tyranitar
|move|p1a: Eternaatus|Clanging Scales|p2a: Tyranitar
|-damage|p2a: Tyranitar|61/100
|-unboost|p1a: Eternaatus|def|1
|
|-weather|Sandstorm|[upkeep]
|-damage|p1a: Eternaatus|35/100 brn|[from] Sandstorm
|-damage|p1a: Eternaatus|29/100 brn|[from] brn
|upkeep
|turn|12
|
|move|p1a: Eternaatus|Taunt|p2a: Tyranitar
|-start|p2a: Tyranitar|move: Taunt
|move|p2a: Tyranitar|Earthquake|p1a: Eternaatus
|-crit|p1a: Eternaatus
|-damage|p1a: Eternaatus|0 fnt
|faint|p1a: Eternaatus
|
|-weather|Sandstorm|[upkeep]
|upkeep
|
|switch|p1a: Gyarados|Gyarados, M|100/100
|turn|13
|
|switch|p2a: Quagsire|Quagsire, M|100/100
|-damage|p2a: Quagsire|94/100|[from] Stealth Rock
|move|p1a: Gyarados|Dragon Dance|p1a: Gyarados
|-boost|p1a: Gyarados|atk|1
|-boost|p1a: Gyarados|spe|1
|
|-weather|Sandstorm|[upkeep]
|-damage|p1a: Gyarados|94/100|[from] Sandstorm
|upkeep
|turn|14
|
|move|p1a: Gyarados|Waterfall|p2a: Quagsire
|-damage|p2a: Quagsire|66/100
|move|p2a: Quagsire|Toxic|p1a: Gyarados
|-status|p1a: Gyarados|tox
|-enditem|p1a: Gyarados|Lum Berry|[eat]
|-curestatus|p1a: Gyarados|tox|[msg]
|
|-weather|Sandstorm|[upkeep]
|-damage|p1a: Gyarados|88/100|[from] Sandstorm
|upkeep
|turn|15
|
|move|p1a: Gyarados|Waterfall|p2a: Quagsire
|-damage|p2a: Quagsire|35/100
|move|p2a: Quagsire|Toxic|p1a: Gyarados
|-status|p1a: Gyarados|tox
|
|-weather|none
|-damage|p1a: Gyarados|82/100 tox|[from] psn
|upkeep
|turn|16
|
|move|p1a: Gyarados|Waterfall|p2a: Quagsire
|-damage|p2a: Quagsire|3/100
|move|p2a: Quagsire|Scald|p1a: Gyarados
|-resisted|p1a: Gyarados
|-damage|p1a: Gyarados|72/100 tox
|
|-damage|p1a: Gyarados|60/100 tox|[from] psn
|upkeep
|turn|17
|
|move|p1a: Gyarados|Waterfall|p2a: Quagsire
|-damage|p2a: Quagsire|0 fnt
|faint|p2a: Quagsire
|-ability|p1a: Gyarados|Moxie|boost
|-boost|p1a: Gyarados|atk|1
|
|-damage|p1a: Gyarados|42/100 tox|[from] psn
|upkeep
|
|switch|p2a: Toxapex|Toxapex, M|100/100
|-damage|p2a: Toxapex|88/100|[from] Stealth Rock
|turn|18
|
|switch|p2a: Corviknight|Corviknight, M|76/100
|-damage|p2a: Corviknight|63/100|[from] Stealth Rock
|-ability|p2a: Corviknight|Pressure
|move|p1a: Gyarados|Earthquake|p2a: Corviknight
|-immune|p2a: Corviknight
|
|-damage|p1a: Gyarados|18/100 tox|[from] psn
|upkeep
|turn|19
|
|switch|p2a: Toxapex|Toxapex, M|100/100
|-damage|p2a: Toxapex|88/100|[from] Stealth Rock
|move|p1a: Gyarados|Earthquake|p2a: Toxapex
|-supereffective|p2a: Toxapex
|-damage|p2a: Toxapex|4/100
|
|-damage|p1a: Gyarados|0 fnt|[from] psn
|faint|p1a: Gyarados
|upkeep
|
|switch|p1a: Polteageist|Polteageist|100/100
|turn|20
|
|switch|p2a: Tyranitar|Tyranitar, M|61/100
|-damage|p2a: Tyranitar|49/100|[from] Stealth Rock
|-weather|Sandstorm|[from] ability: Sand Stream|[of] p2a: Tyranitar
|move|p1a: Polteageist|Shell Smash|p1a: Polteageist
|-unboost|p1a: Polteageist|def|1
|-unboost|p1a: Polteageist|spd|1
|-boost|p1a: Polteageist|atk|2
|-boost|p1a: Polteageist|spa|2
|-boost|p1a: Polteageist|spe|2
|
|-weather|Sandstorm|[upkeep]
|-damage|p1a: Polteageist|94/100|[from] Sandstorm
|upkeep
|turn|21
|
|move|p1a: Polteageist|Baton Pass|p1a: Polteageist
|
|switch|p1a: Weezing|Weezing-Galar, F|100/100|[from]move: Baton Pass
|-enditem|p1a: Weezing|White Herb
|-clearnegativeboost|p1a: Weezing|[silent]
|-ability|p1a: Weezing|Neutralizing Gas
|move|p2a: Tyranitar|Snarl|p1a: Weezing
|-resisted|p1a: Weezing
|-damage|p1a: Weezing|85/100
|-unboost|p1a: Weezing|spa|1
|
|-weather|Sandstorm|[upkeep]
|-damage|p1a: Weezing|79/100|[from] Sandstorm
|upkeep
|turn|22
|
|-start|p1a: Weezing|Dynamax
|-heal|p1a: Weezing|79/100|[silent]
|move|p1a: Weezing|Max Starfall|p2a: Tyranitar
|-supereffective|p2a: Tyranitar
|-damage|p2a: Tyranitar|0 fnt
|-fieldstart|move: Misty Terrain
|faint|p2a: Tyranitar
|
|-weather|Sandstorm|[upkeep]
|-damage|p1a: Weezing|76/100|[from] Sandstorm
|upkeep
|
|switch|p2a: Himiko|Hatterene, F, shiny|100/100
|-damage|p2a: Himiko|88/100|[from] Stealth Rock
|turn|23
|
|-start|p2a: Himiko|Dynamax
|-formechange|p2a: Himiko|Hatterene-Gmax
|-heal|p2a: Himiko|88/100|[silent]
|move|p2a: Himiko|Max Guard|p2a: Himiko
|-singleturn|p2a: Himiko|Max Guard
|move|p1a: Weezing|Max Phantasm|p2a: Himiko
|-activate|p2a: Himiko|move: Max Guard
|
|-weather|Sandstorm|[upkeep]
|-damage|p1a: Weezing|73/100|[from] Sandstorm
|-damage|p2a: Himiko|85/100|[from] Sandstorm
|upkeep
|turn|24
|
|move|p1a: Weezing|Max Phantasm|p2a: Himiko
|-supereffective|p2a: Himiko
|-damage|p2a: Himiko|27/100
|-unboost|p2a: Himiko|def|1
|move|p2a: Himiko|Max Mindstorm|p1a: Weezing
|-supereffective|p1a: Weezing
|-damage|p1a: Weezing|0 fnt
|-fieldstart|move: Psychic Terrain
|-damage|p2a: Himiko|23/100|[from] item: Life Orb
|faint|p1a: Weezing
|
|-weather|none
|upkeep
|
|switch|p1a: Polteageist|Polteageist|94/100
|turn|25
|c|☆Chunkomucho|Thanks
|
|move|p1a: Polteageist|Shadow Ball|p2a: Himiko
|-supereffective|p2a: Himiko
|-damage|p2a: Himiko|0 fnt
|faint|p2a: Himiko
|
|upkeep
|
|switch|p2a: Eternatus|Eternatus|78/100
|-damage|p2a: Eternatus|66/100|[from] Stealth Rock
|-ability|p2a: Eternatus|Pressure
|turn|26
|
|move|p2a: Eternatus|Dynamax Cannon|p1a: Polteageist
|-damage|p1a: Polteageist|0 fnt
|-damage|p2a: Eternatus|56/100|[from] item: Life Orb
|faint|p1a: Polteageist
|
|upkeep
|-message|LeBarBURR2 forfeited.
|
|win|Chunkomucho
|l|☆LeBarBURR2
|raw|LeBarBURR2's rating: 1515 &rarr; <strong>1492</strong><br />(-23 for losing)
|raw|Chunkomucho's rating: 1469 &rarr; <strong>1492</strong><br />(+23 for winning)
