|j|☆0-7 in SPL
|j|☆Mega Zygarde-100%
|t:|1619448881
|gametype|singles
|player|p1|0-7 in SPL|2|
|player|p2|Mega Zygarde-100%|gambler|
|teamsize|p1|6
|teamsize|p2|6
|gen|8
|tier|[Gen 8] Ubers
|rated|Tournament battle
|clearpoke
|poke|p1|Shuckle, M|
|poke|p1|Regieleki|
|poke|p1|Xerneas|
|poke|p1|Yveltal|
|poke|p1|Rayquaza|
|poke|p1|Necrozma-Dusk-Mane|
|poke|p2|Shuckle, F|
|poke|p2|Landorus, M|
|poke|p2|Yveltal|
|poke|p2|Palkia|
|poke|p2|Necrozma-Dusk-Mane|
|poke|p2|Zacian|
|rule|Sleep Clause Mod: Limit one foe put to sleep
|rule|Species Clause: Limit one of each Pokémon
|rule|OHKO Clause: OHKO moves are banned
|rule|Evasion Moves Clause: Evasion moves are banned
|rule|Endless Battle Clause: Forcing endless battles is banned
|rule|HP Percentage Mod: HP is shown in percentages
|rule|Dynamax Clause: You cannot dynamax
|teampreview
|inactive|Battle timer is ON: inactive players will automatically lose when time's up. (requested by Mega Zygarde-100%)
|j| kirby jet
|j|@Steel S Kitty
|l| kirby jet
|
|t:|1619448909
|start
|switch|p1a: Yveltal|Yveltal|100/100
|switch|p2a: Shuckle|Shuckle, F|100/100
|-ability|p1a: Yveltal|Dark Aura
|turn|1
|c|☆Mega Zygarde-100%|Dont copy me
|c|☆Mega Zygarde-100%|:angry:
|j| JamboreeJourney
|c|☆0-7 in SPL|don't talk to me
|
|t:|1619448927
|move|p1a: Yveltal|Knock Off|p2a: Shuckle
|-damage|p2a: Shuckle|71/100
|-enditem|p2a: Shuckle|Mental Herb|[from] move: Knock Off|[of] p1a: Yveltal
|move|p2a: Shuckle|Toxic|p1a: Yveltal
|-status|p1a: Yveltal|tox
|
|-damage|p1a: Yveltal|94/100 tox|[from] psn
|upkeep
|turn|2
|
|t:|1619448934
|switch|p1a: Shuckle|Shuckle, M|100/100
|move|p2a: Shuckle|Sticky Web|p1a: Shuckle
|-sidestart|p1: 0-7 in SPL|move: Sticky Web
|
|upkeep
|turn|3
|j| Hrishioo7
|
|t:|1619448936
|move|p1a: Shuckle|Sticky Web|p2a: Shuckle
|-sidestart|p2: Mega Zygarde-100%|move: Sticky Web
|move|p2a: Shuckle|Final Gambit|p1a: Shuckle
|-damage|p1a: Shuckle|30/100
|faint|p2a: Shuckle
|
|upkeep
|
|t:|1619448940
|switch|p2a: Landorus|Landorus, M|100/100
|turn|4
|
|t:|1619448947
|move|p2a: Landorus|Earth Power|p1a: Shuckle
|-damage|p1a: Shuckle|0 fnt
|faint|p1a: Shuckle
|
|upkeep
|
|t:|1619448963
|switch|p1a: Rayquaza|Rayquaza|100/100
|-ability|p1a: Rayquaza|Air Lock
|turn|5
|
|t:|1619448966
|move|p2a: Landorus|Rock Slide|p1a: Rayquaza
|-supereffective|p1a: Rayquaza
|-damage|p1a: Rayquaza|13/100
|move|p1a: Rayquaza|Swords Dance|p1a: Rayquaza
|-boost|p1a: Rayquaza|atk|2
|
|upkeep
|turn|6
|
|t:|1619448974
|move|p1a: Rayquaza|Extreme Speed|p2a: Landorus
|-damage|p2a: Landorus|31/100
|move|p2a: Landorus|Rock Slide|p1a: Rayquaza|[miss]
|-miss|p2a: Landorus|p1a: Rayquaza
|
|upkeep
|turn|7
|
|t:|1619448981
|move|p1a: Rayquaza|Extreme Speed|p2a: Landorus
|-damage|p2a: Landorus|0 fnt
|faint|p2a: Landorus
|
|upkeep
|
|t:|1619448994
|switch|p2a: Yveltal|Yveltal|100/100
|-ability|p2a: Yveltal|Dark Aura
|turn|8
|
|t:|1619448998
|move|p1a: Rayquaza|Extreme Speed|p2a: Yveltal
|-damage|p2a: Yveltal|43/100
|move|p2a: Yveltal|Oblivion Wing|p1a: Rayquaza
|-damage|p1a: Rayquaza|0 fnt
|-heal|p2a: Yveltal|51/100|[from] drain|[of] p1a: Rayquaza
|faint|p1a: Rayquaza
|
|upkeep
|j| CORVERE
|
|t:|1619449013
|switch|p1a: Xerneas|Xerneas|100/100
|-activate|p1a: Xerneas|move: Sticky Web
|-unboost|p1a: Xerneas|spe|1
|-ability|p1a: Xerneas|Fairy Aura
|turn|9
|
|t:|1619449024
|switch|p2a: Necrozma|Necrozma-Dusk-Mane|100/100
|-activate|p2a: Necrozma|move: Sticky Web
|-unboost|p2a: Necrozma|spe|1
|switch|p1a: Yveltal|Yveltal|94/100 tox
|-ability|p1a: Yveltal|Dark Aura
|
|-damage|p1a: Yveltal|88/100 tox|[from] psn
|upkeep
|turn|10
|
|t:|1619449032
|switch|p2a: Yveltal|Yveltal|51/100
|-ability|p2a: Yveltal|Dark Aura
|move|p1a: Yveltal|Knock Off|p2a: Yveltal
|-resisted|p2a: Yveltal
|-damage|p2a: Yveltal|24/100
|-enditem|p2a: Yveltal|Metronome|[from] move: Knock Off|[of] p1a: Yveltal
|
|-damage|p1a: Yveltal|76/100 tox|[from] psn
|upkeep
|turn|11
|
|t:|1619449042
|move|p2a: Yveltal|Oblivion Wing|p1a: Yveltal
|-damage|p1a: Yveltal|55/100 tox
|-heal|p2a: Yveltal|42/100|[from] drain|[of] p1a: Yveltal
|move|p1a: Yveltal|Snarl|p2a: Yveltal|[miss]
|-miss|p1a: Yveltal|p2a: Yveltal
|
|-damage|p1a: Yveltal|36/100 tox|[from] psn
|upkeep
|turn|12
|
|t:|1619449063
|move|p1a: Yveltal|Sucker Punch|p2a: Yveltal
|-resisted|p2a: Yveltal
|-damage|p2a: Yveltal|23/100
|move|p2a: Yveltal|Oblivion Wing|p1a: Yveltal
|-damage|p1a: Yveltal|15/100 tox
|-heal|p2a: Yveltal|41/100|[from] drain|[of] p1a: Yveltal
|
|-damage|p1a: Yveltal|0 fnt|[from] psn
|faint|p1a: Yveltal
|upkeep
|c| Hrishioo7|Snarl on webs o.O
|c|☆0-7 in SPL|yup
|c|☆Mega Zygarde-100%|o.o
|inactive|0-7 in SPL has 120 seconds left.
|
|t:|1619449084
|switch|p1a: Xerneas|Xerneas|100/100
|-activate|p1a: Xerneas|move: Sticky Web
|-unboost|p1a: Xerneas|spe|1
|-ability|p1a: Xerneas|Fairy Aura
|turn|13
|inactive|0-7 in SPL has 120 seconds left.
|
|t:|1619449095
|switch|p2a: Necrozma|Necrozma-Dusk-Mane|100/100
|-activate|p2a: Necrozma|move: Sticky Web
|-unboost|p2a: Necrozma|spe|1
|switch|p1a: Regieleki|Regieleki|100/100
|-activate|p1a: Regieleki|move: Sticky Web
|-unboost|p1a: Regieleki|spe|1
|
|upkeep
|turn|14
|
|t:|1619449118
|switch|p2a: Yveltal|Yveltal|41/100
|-ability|p2a: Yveltal|Dark Aura
|move|p1a: Regieleki|Rapid Spin|p2a: Yveltal
|-damage|p2a: Yveltal|23/100
|-boost|p1a: Regieleki|spe|1
|-sideend|p1: 0-7 in SPL|Sticky Web|[from] move: Rapid Spin|[of] p1a: Regieleki
|-damage|p1a: Regieleki|91/100|[from] item: Life Orb
|
|upkeep
|turn|15
|
|t:|1619449125
|switch|p1a: Xerneas|Xerneas|100/100
|-ability|p1a: Xerneas|Fairy Aura
|move|p2a: Yveltal|Oblivion Wing|p1a: Xerneas
|-damage|p1a: Xerneas|69/100
|-heal|p2a: Yveltal|49/100|[from] drain|[of] p1a: Xerneas
|
|upkeep
|turn|16
|c| Hrishioo7|Wait this is sir Laden's team isn't it idk saw in bazaar ig
|c| Hrishioo7|Lasen*
|
|t:|1619449134
|move|p2a: Yveltal|Substitute|p2a: Yveltal
|-start|p2a: Yveltal|Substitute
|-damage|p2a: Yveltal|24/100
|move|p1a: Xerneas|Thunder|p2a: Yveltal|[miss]
|-miss|p1a: Xerneas|p2a: Yveltal
|
|upkeep
|turn|17
|
|t:|1619449138
|move|p2a: Yveltal|Oblivion Wing|p1a: Xerneas
|-damage|p1a: Xerneas|34/100
|-heal|p2a: Yveltal|53/100|[from] drain|[of] p1a: Xerneas
|move|p1a: Xerneas|Geomancy||[still]
|-prepare|p1a: Xerneas|Geomancy
|-enditem|p1a: Xerneas|Power Herb
|-anim|p1a: Xerneas|Geomancy|p1a: Xerneas
|-boost|p1a: Xerneas|spa|2
|-boost|p1a: Xerneas|spd|2
|-boost|p1a: Xerneas|spe|2
|
|upkeep
|turn|18
|c|@Steel S Kitty|sir laden
|c| Hrishioo7|Sorry
|c|☆Mega Zygarde-100%|obama bin  laden
|
|t:|1619449159
|move|p1a: Xerneas|Moonblast|p2a: Yveltal
|-supereffective|p2a: Yveltal
|-end|p2a: Yveltal|Substitute
|move|p2a: Yveltal|Oblivion Wing|p1a: Xerneas
|-damage|p1a: Xerneas|17/100
|-heal|p2a: Yveltal|67/100|[from] drain|[of] p1a: Xerneas
|
|upkeep
|turn|19
|
|t:|1619449168
|move|p1a: Xerneas|Thunder|p2a: Yveltal
|-supereffective|p2a: Yveltal
|-crit|p2a: Yveltal
|-damage|p2a: Yveltal|0 fnt
|faint|p2a: Yveltal
|
|upkeep
|
|t:|1619449172
|switch|p2a: Necrozma|Necrozma-Dusk-Mane|100/100
|-activate|p2a: Necrozma|move: Sticky Web
|-unboost|p2a: Necrozma|spe|1
|turn|20
|c| Hrishioo7|Osama*
|j| jeu qui pue
|
|t:|1619449179
|move|p1a: Xerneas|Thunder|p2a: Necrozma|[miss]
|-miss|p1a: Xerneas|p2a: Necrozma
|move|p2a: Necrozma|Earthquake|p1a: Xerneas
|-crit|p1a: Xerneas
|-damage|p1a: Xerneas|0 fnt
|-damage|p2a: Necrozma|91/100|[from] item: Life Orb
|faint|p1a: Xerneas
|
|upkeep
|j| Ainzcrad
|j| johnny diaz
|c|☆Mega Zygarde-100%|Use thunder bolt like a man
|
|t:|1619449203
|switch|p1a: Necrozma|Necrozma-Dusk-Mane|100/100
|turn|21
|
|t:|1619449216
|switch|p2a: Palkia|Palkia|100/100
|-activate|p2a: Palkia|move: Sticky Web
|-unboost|p2a: Palkia|spe|1
|-ability|p2a: Palkia|Pressure
|move|p1a: Necrozma|Dragon Dance|p1a: Necrozma
|-boost|p1a: Necrozma|atk|1
|-boost|p1a: Necrozma|spe|1
|
|upkeep
|turn|22
|
|t:|1619449224
|move|p1a: Necrozma|Earthquake|p2a: Palkia
|-damage|p2a: Palkia|1/100
|-damage|p1a: Necrozma|91/100|[from] item: Life Orb
|move|p2a: Palkia|Hydro Pump|p1a: Necrozma
|-damage|p1a: Necrozma|17/100
|-damage|p2a: Palkia|0 fnt|[from] item: Life Orb
|faint|p2a: Palkia
|
|upkeep
|j| 4125al41
|
|t:|1619449240
|switch|p2a: Necrozma|Necrozma-Dusk-Mane|91/100
|-activate|p2a: Necrozma|move: Sticky Web
|-unboost|p2a: Necrozma|spe|1
|turn|23
|
|t:|1619449246
|move|p1a: Necrozma|Earthquake|p2a: Necrozma
|-supereffective|p2a: Necrozma
|-damage|p2a: Necrozma|0 fnt
|-damage|p1a: Necrozma|7/100|[from] item: Life Orb
|faint|p2a: Necrozma
|
|upkeep
|l| 4125al41
|c|☆Mega Zygarde-100%|gg
|
|t:|1619449257
|switch|p2a: Zacian|Zacian|100/100
|-activate|p2a: Zacian|move: Sticky Web
|-unboost|p2a: Zacian|spe|1
|-ability|p2a: Zacian|Intrepid Sword|boost
|-boost|p2a: Zacian|atk|1
|turn|24
|
|t:|1619449263
|move|p1a: Necrozma|Sunsteel Strike|p2a: Zacian
|-supereffective|p2a: Zacian
|-damage|p2a: Zacian|0 fnt
|-damage|p1a: Necrozma|0 fnt|[from] item: Life Orb
|faint|p2a: Zacian
|faint|p1a: Necrozma
|
|win|0-7 in SPL
|n|☆0-7 in SPL|07inspl
|n|☆Mega Zygarde-100%|megazygarde100
|n|+Steel S Kitty|steelskitty
|n| JamboreeJourney|jamboreejourney
|n| Hrishioo7|hrishioo7
|n| CORVERE|corvere
|n| jeu qui pue|jeuquipue
|n| Ainzcrad|ainzcrad
|n| johnny diaz|johnnydiaz
|l| Ainzcrad
|l| johnny diaz
|c|☆0-7 in SPL|gg
|l|☆Mega Zygarde-100%
|l| CORVERE
|l| Hrishioo7
|l|☆0-7 in SPL
