|raw|<div class="broadcast-blue"><strong>This battle is required to be public due to a player having a name starting with 'ULT8RQ'.</div>
|j|☆ULT8RQ spitfire
|j|☆ULT8RQ Curse
|t:|1621271368
|gametype|singles
|player|p1|ULT8RQ spitfire|hilda-dueldisk|1715
|player|p2|ULT8RQ Curse|unknownf|1739
|teamsize|p1|6
|teamsize|p2|6
|gen|8
|tier|[Gen 8] Ubers
|rated|
|rule|Sleep Clause Mod: Limit one foe put to sleep
|rule|Species Clause: Limit one of each Pokémon
|rule|OHKO Clause: OHKO moves are banned
|rule|Evasion Moves Clause: Evasion moves are banned
|rule|Endless Battle Clause: Forcing endless battles is banned
|rule|HP Percentage Mod: HP is shown in percentages
|rule|Dynamax Clause: You cannot dynamax
|clearpoke
|poke|p1|Kyogre|
|poke|p1|Zygarde|
|poke|p1|Necrozma-Dusk-Mane|
|poke|p1|Yveltal|
|poke|p1|Eternatus|
|poke|p1|Calyrex-Shadow|
|poke|p2|Quagsire, F|
|poke|p2|Toxapex, M|
|poke|p2|Blissey, F|
|poke|p2|Ho-Oh|
|poke|p2|Shedinja|
|poke|p2|Yveltal|
|teampreview
|inactive|Battle timer is ON: inactive players will automatically lose when time's up. (requested by ULT8RQ Curse)
|inactive|ULT8RQ spitfire also wants the timer to be on.
|j| ULT8RQ muk
|c|☆ULT8RQ Curse|hf
|inactive|ULT8RQ spitfire has 120 seconds left.
|
|t:|1621271417
|start
|switch|p1a: Calyrex|Calyrex-Shadow|100/100
|switch|p2a: Feel Invicible|Toxapex, M|100/100
|-ability|p1a: Calyrex|As One
|-ability|p1a: Calyrex|Unnerve
|turn|1
|
|t:|1621271427
|move|p1a: Calyrex|Trick|p2a: Feel Invicible
|-activate|p1a: Calyrex|move: Trick|[of] p2a: Feel Invicible
|-item|p2a: Feel Invicible|Choice Scarf|[from] move: Trick
|-item|p1a: Calyrex|Rocky Helmet|[from] move: Trick
|move|p2a: Feel Invicible|Knock Off|p1a: Calyrex
|-supereffective|p1a: Calyrex
|-damage|p1a: Calyrex|25/100
|-damage|p2a: Feel Invicible|84/100|[from] item: Rocky Helmet|[of] p1a: Calyrex
|-enditem|p1a: Calyrex|Rocky Helmet|[from] move: Knock Off|[of] p2a: Feel Invicible
|
|upkeep
|turn|2
|
|t:|1621271437
|move|p1a: Calyrex|Psyshock|p2a: Feel Invicible
|-supereffective|p2a: Feel Invicible
|-damage|p2a: Feel Invicible|25/100
|move|p2a: Feel Invicible|Knock Off|p1a: Calyrex
|-supereffective|p1a: Calyrex
|-crit|p1a: Calyrex
|-damage|p1a: Calyrex|0 fnt
|faint|p1a: Calyrex
|
|upkeep
|
|t:|1621271443
|switch|p1a: Necrozma|Necrozma-Dusk-Mane|100/100
|turn|3
|
|t:|1621271449
|switch|p2a: Rising Revolution|Ho-Oh|100/100
|move|p1a: Necrozma|Stealth Rock|p2a: Rising Revolution
|-sidestart|p2: ULT8RQ Curse|move: Stealth Rock
|
|upkeep
|turn|4
|
|t:|1621271455
|switch|p1a: Zygarde|Zygarde|100/100
|move|p2a: Rising Revolution|Defog|p1a: Zygarde
|-unboost|p1a: Zygarde|evasion|1
|-sideend|p2: ULT8RQ Curse|Stealth Rock|[from] move: Defog|[of] p2a: Rising Revolution
|
|upkeep
|turn|5
|
|t:|1621271461
|move|p1a: Zygarde|Glare|p2a: Rising Revolution
|-status|p2a: Rising Revolution|par
|cant|p2a: Rising Revolution|par
|
|upkeep
|turn|6
|
|t:|1621271465
|switch|p1a: Eternatus|Eternatus|100/100
|-ability|p1a: Eternatus|Pressure
|move|p2a: Rising Revolution|Whirlwind|p1a: Eternatus
|drag|p1a: Kyogre|Kyogre|100/100
|-weather|RainDance|[from] ability: Drizzle|[of] p1a: Kyogre
|
|-weather|RainDance|[upkeep]
|upkeep
|turn|7
|
|t:|1621271474
|switch|p1a: Eternatus|Eternatus|100/100
|-ability|p1a: Eternatus|Pressure
|switch|p2a: Awake and Alive|Shedinja|100/100
|
|-weather|RainDance|[upkeep]
|upkeep
|turn|8
|
|t:|1621271478
|switch|p1a: Necrozma|Necrozma-Dusk-Mane|100/100
|move|p2a: Awake and Alive|Protect||[still]
|-fail|p2a: Awake and Alive
|
|-weather|RainDance|[upkeep]
|upkeep
|turn|9
|n| ihavecrapinternet|ult8rqmuk
|
|t:|1621271482
|switch|p2a: Rising Revolution|Ho-Oh|100/100 par
|move|p1a: Necrozma|Stealth Rock|p2a: Rising Revolution
|-sidestart|p2: ULT8RQ Curse|move: Stealth Rock
|
|-weather|RainDance|[upkeep]
|upkeep
|turn|10
|
|t:|1621271487
|switch|p1a: Eternatus|Eternatus|100/100
|-ability|p1a: Eternatus|Pressure
|cant|p2a: Rising Revolution|par
|
|-weather|none
|upkeep
|turn|11
|
|t:|1621271492
|move|p1a: Eternatus|Sludge Bomb|p2a: Rising Revolution
|-damage|p2a: Rising Revolution|77/100 par
|move|p2a: Rising Revolution|Defog|p1a: Eternatus
|-unboost|p1a: Eternatus|evasion|1
|-sideend|p2: ULT8RQ Curse|Stealth Rock|[from] move: Defog|[of] p2a: Rising Revolution
|
|upkeep
|turn|12
|j| ULT8RQ bilelfam3D
|
|t:|1621271498
|switch|p1a: Necrozma|Necrozma-Dusk-Mane|100/100
|move|p2a: Rising Revolution|Sacred Fire|p1a: Necrozma
|-supereffective|p1a: Necrozma
|-damage|p1a: Necrozma|69/100
|-status|p1a: Necrozma|brn
|
|-heal|p1a: Necrozma|75/100 brn|[from] item: Leftovers
|-damage|p1a: Necrozma|69/100 brn|[from] brn
|upkeep
|turn|13
|
|t:|1621271504
|switch|p2a: Fall in the black|Yveltal|100/100
|-ability|p2a: Fall in the black|Dark Aura
|move|p1a: Necrozma|Stealth Rock|p2a: Fall in the black
|-sidestart|p2: ULT8RQ Curse|move: Stealth Rock
|
|-heal|p1a: Necrozma|75/100 brn|[from] item: Leftovers
|-damage|p1a: Necrozma|69/100 brn|[from] brn
|upkeep
|turn|14
|
|t:|1621271508
|switch|p1a: Eternatus|Eternatus|100/100
|-ability|p1a: Eternatus|Pressure
|move|p2a: Fall in the black|Defog|p1a: Eternatus
|-unboost|p1a: Eternatus|evasion|1
|-sideend|p2: ULT8RQ Curse|Stealth Rock|[from] move: Defog|[of] p2a: Fall in the black
|
|upkeep
|turn|15
|
|t:|1621271515
|switch|p1a: Necrozma|Necrozma-Dusk-Mane|69/100 brn
|switch|p2a: Feel Invicible|Toxapex, M|58/100
|
|-heal|p1a: Necrozma|75/100 brn|[from] item: Leftovers
|-damage|p1a: Necrozma|69/100 brn|[from] brn
|upkeep
|turn|16
|
|t:|1621271518
|move|p1a: Necrozma|Stealth Rock|p2a: Feel Invicible
|-sidestart|p2: ULT8RQ Curse|move: Stealth Rock
|move|p2a: Feel Invicible|Knock Off|p1a: Necrozma
|-supereffective|p1a: Necrozma
|-damage|p1a: Necrozma|56/100 brn
|-enditem|p1a: Necrozma|Leftovers|[from] move: Knock Off|[of] p2a: Feel Invicible
|
|-damage|p1a: Necrozma|50/100 brn|[from] brn
|upkeep
|turn|17
|
|t:|1621271525
|switch|p2a: Fall in the black|Yveltal|100/100
|-ability|p2a: Fall in the black|Dark Aura
|move|p1a: Necrozma|Morning Sun|p1a: Necrozma
|-heal|p1a: Necrozma|99/100 brn
|
|-damage|p1a: Necrozma|94/100 brn|[from] brn
|upkeep
|turn|18
|
|t:|1621271527
|switch|p1a: Eternatus|Eternatus|100/100
|-ability|p1a: Eternatus|Pressure
|move|p2a: Fall in the black|Defog|p1a: Eternatus
|-unboost|p1a: Eternatus|evasion|1
|-sideend|p2: ULT8RQ Curse|Stealth Rock|[from] move: Defog|[of] p2a: Fall in the black
|
|upkeep
|turn|19
|
|t:|1621271533
|switch|p1a: Zygarde|Zygarde|100/100
|switch|p2a: Just another kill|Blissey, F|100/100
|
|upkeep
|turn|20
|
|t:|1621271544
|switch|p1a: Necrozma|Necrozma-Dusk-Mane|94/100 brn
|move|p2a: Just another kill|Stealth Rock|p1a: Necrozma
|-sidestart|p1: ULT8RQ spitfire|move: Stealth Rock
|
|-damage|p1a: Necrozma|88/100 brn|[from] brn
|upkeep
|turn|21
|j| ULT8RQ Raph
|
|t:|1621271550
|switch|p2a: Fall in the black|Yveltal|100/100
|-ability|p2a: Fall in the black|Dark Aura
|move|p1a: Necrozma|Stealth Rock|p2a: Fall in the black
|-sidestart|p2: ULT8RQ Curse|move: Stealth Rock
|
|-damage|p1a: Necrozma|82/100 brn|[from] brn
|upkeep
|turn|22
|
|t:|1621271555
|switch|p1a: Eternatus|Eternatus|100/100
|-ability|p1a: Eternatus|Pressure
|move|p2a: Fall in the black|Defog|p1a: Eternatus
|-unboost|p1a: Eternatus|evasion|1
|-sideend|p1: ULT8RQ spitfire|Stealth Rock|[from] move: Defog|[of] p2a: Fall in the black
|-sideend|p2: ULT8RQ Curse|Stealth Rock|[from] move: Defog|[of] p2a: Fall in the black
|
|upkeep
|turn|23
|
|t:|1621271560
|switch|p1a: Zygarde|Zygarde|100/100
|switch|p2a: Just another kill|Blissey, F|100/100
|
|upkeep
|turn|24
|
|t:|1621271565
|switch|p1a: Necrozma|Necrozma-Dusk-Mane|82/100 brn
|move|p2a: Just another kill|Stealth Rock|p1a: Necrozma
|-sidestart|p1: ULT8RQ spitfire|move: Stealth Rock
|
|-damage|p1a: Necrozma|76/100 brn|[from] brn
|upkeep
|turn|25
|
|t:|1621271569
|switch|p2a: Fall in the black|Yveltal|100/100
|-ability|p2a: Fall in the black|Dark Aura
|move|p1a: Necrozma|Stealth Rock|p2a: Fall in the black
|-sidestart|p2: ULT8RQ Curse|move: Stealth Rock
|
|-damage|p1a: Necrozma|70/100 brn|[from] brn
|upkeep
|turn|26
|
|t:|1621271576
|switch|p1a: Eternatus|Eternatus|100/100
|-ability|p1a: Eternatus|Pressure
|move|p2a: Fall in the black|Defog|p1a: Eternatus
|-unboost|p1a: Eternatus|evasion|1
|-sideend|p1: ULT8RQ spitfire|Stealth Rock|[from] move: Defog|[of] p2a: Fall in the black
|-sideend|p2: ULT8RQ Curse|Stealth Rock|[from] move: Defog|[of] p2a: Fall in the black
|
|upkeep
|turn|27
|
|t:|1621271585
|switch|p1a: Zygarde|Zygarde|100/100
|move|p2a: Fall in the black|Foul Play|p1a: Zygarde
|-damage|p1a: Zygarde|79/100
|
|-heal|p1a: Zygarde|85/100|[from] item: Leftovers
|upkeep
|turn|28
|
|t:|1621271592
|switch|p2a: Rising Revolution|Ho-Oh|100/100 par
|move|p1a: Zygarde|Glare|p2a: Rising Revolution
|-fail|p2a: Rising Revolution|par
|
|-heal|p1a: Zygarde|91/100|[from] item: Leftovers
|upkeep
|turn|29
|
|t:|1621271597
|switch|p2a: Just another kill|Blissey, F|100/100
|move|p1a: Zygarde|Coil|p1a: Zygarde
|-boost|p1a: Zygarde|atk|1
|-boost|p1a: Zygarde|def|1
|-boost|p1a: Zygarde|accuracy|1
|
|-heal|p1a: Zygarde|97/100|[from] item: Leftovers
|upkeep
|turn|30
|
|t:|1621271604
|switch|p2a: The Resistance|Quagsire, F|100/100
|move|p1a: Zygarde|Glare|p2a: The Resistance
|-status|p2a: The Resistance|par
|
|-heal|p1a: Zygarde|100/100|[from] item: Leftovers
|upkeep
|turn|31
|
|t:|1621271610
|switch|p1a: Kyogre|Kyogre|100/100
|-weather|RainDance|[from] ability: Drizzle|[of] p1a: Kyogre
|move|p2a: The Resistance|Curse|p2a: The Resistance
|-unboost|p2a: The Resistance|spe|1
|-boost|p2a: The Resistance|atk|1
|-boost|p2a: The Resistance|def|1
|
|-weather|RainDance|[upkeep]
|upkeep
|turn|32
|
|t:|1621271618
|switch|p1a: Yveltal|Yveltal|100/100
|-ability|p1a: Yveltal|Dark Aura
|switch|p2a: Awake and Alive|Shedinja|100/100
|
|-weather|RainDance|[upkeep]
|upkeep
|turn|33
|
|t:|1621271621
|move|p2a: Awake and Alive|Protect|p2a: Awake and Alive
|-singleturn|p2a: Awake and Alive|Protect
|move|p1a: Yveltal|Knock Off|p2a: Awake and Alive
|-activate|p2a: Awake and Alive|move: Protect
|
|-weather|RainDance|[upkeep]
|upkeep
|turn|34
|
|t:|1621271624
|switch|p2a: Feel Invicible|Toxapex, M|91/100
|move|p1a: Yveltal|Knock Off|p2a: Feel Invicible
|-damage|p2a: Feel Invicible|56/100
|-enditem|p2a: Feel Invicible|Choice Scarf|[from] move: Knock Off|[of] p1a: Yveltal
|
|-weather|RainDance|[upkeep]
|upkeep
|turn|35
|
|t:|1621271634
|switch|p1a: Necrozma|Necrozma-Dusk-Mane|70/100 brn
|move|p2a: Feel Invicible|Recover|p2a: Feel Invicible
|-heal|p2a: Feel Invicible|100/100
|
|-weather|none
|-damage|p1a: Necrozma|64/100 brn|[from] brn
|upkeep
|turn|36
|
|t:|1621271639
|move|p1a: Necrozma|Stealth Rock|p2a: Feel Invicible
|-sidestart|p2: ULT8RQ Curse|move: Stealth Rock
|move|p2a: Feel Invicible|Scald|p1a: Necrozma
|-damage|p1a: Necrozma|50/100 brn
|
|-damage|p1a: Necrozma|44/100 brn|[from] brn
|upkeep
|turn|37
|
|t:|1621271644
|move|p1a: Necrozma|Morning Sun|p1a: Necrozma
|-heal|p1a: Necrozma|94/100 brn
|move|p2a: Feel Invicible|Scald|p1a: Necrozma
|-damage|p1a: Necrozma|81/100 brn
|
|-damage|p1a: Necrozma|75/100 brn|[from] brn
|upkeep
|turn|38
|
|t:|1621271651
|switch|p1a: Yveltal|Yveltal|100/100
|-ability|p1a: Yveltal|Dark Aura
|move|p2a: Feel Invicible|Knock Off|p1a: Yveltal
|-resisted|p1a: Yveltal
|-damage|p1a: Yveltal|91/100
|-enditem|p1a: Yveltal|Heavy-Duty Boots|[from] move: Knock Off|[of] p2a: Feel Invicible
|
|upkeep
|turn|39
|
|t:|1621271658
|switch|p1a: Eternatus|Eternatus|100/100
|-ability|p1a: Eternatus|Pressure
|move|p2a: Feel Invicible|Toxic|p1a: Eternatus
|-immune|p1a: Eternatus
|
|upkeep
|turn|40
|
|t:|1621271664
|move|p1a: Eternatus|Dynamax Cannon|p2a: Feel Invicible
|-damage|p2a: Feel Invicible|64/100
|move|p2a: Feel Invicible|Knock Off|p1a: Eternatus
|-damage|p1a: Eternatus|89/100
|-enditem|p1a: Eternatus|Heavy-Duty Boots|[from] move: Knock Off|[of] p2a: Feel Invicible
|
|upkeep
|turn|41
|j| Nocturio
|
|t:|1621271672
|switch|p1a: Yveltal|Yveltal|91/100
|-ability|p1a: Yveltal|Dark Aura
|switch|p2a: Rising Revolution|Ho-Oh|100/100 par
|
|upkeep
|turn|42
|
|t:|1621271675
|switch|p2a: Feel Invicible|Toxapex, M|97/100
|-damage|p2a: Feel Invicible|85/100|[from] Stealth Rock
|move|p1a: Yveltal|Knock Off|p2a: Feel Invicible
|-damage|p2a: Feel Invicible|60/100
|
|upkeep
|turn|43
|
|t:|1621271688
|switch|p1a: Eternatus|Eternatus|89/100
|-ability|p1a: Eternatus|Pressure
|move|p2a: Feel Invicible|Scald|p1a: Eternatus
|-resisted|p1a: Eternatus
|-damage|p1a: Eternatus|84/100
|
|upkeep
|turn|44
|
|t:|1621271695
|switch|p2a: Rising Revolution|Ho-Oh|100/100 par
|move|p1a: Eternatus|Sludge Bomb|p2a: Rising Revolution
|-damage|p2a: Rising Revolution|78/100 par
|
|upkeep
|turn|45
|
|t:|1621271701
|move|p1a: Eternatus|Sludge Bomb|p2a: Rising Revolution
|-damage|p2a: Rising Revolution|54/100 par
|move|p2a: Rising Revolution|Defog|p1a: Eternatus
|-unboost|p1a: Eternatus|evasion|1
|-sideend|p2: ULT8RQ Curse|Stealth Rock|[from] move: Defog|[of] p2a: Rising Revolution
|
|upkeep
|turn|46
|
|t:|1621271707
|switch|p1a: Necrozma|Necrozma-Dusk-Mane|75/100 brn
|switch|p2a: Fall in the black|Yveltal|100/100
|-ability|p2a: Fall in the black|Dark Aura
|
|-damage|p1a: Necrozma|69/100 brn|[from] brn
|upkeep
|turn|47
|
|t:|1621271713
|switch|p1a: Zygarde|Zygarde|100/100
|move|p2a: Fall in the black|Foul Play|p1a: Zygarde
|-damage|p1a: Zygarde|78/100
|
|-heal|p1a: Zygarde|85/100|[from] item: Leftovers
|upkeep
|turn|48
|
|t:|1621271725
|switch|p2a: Rising Revolution|Ho-Oh|87/100 par
|move|p1a: Zygarde|Glare|p2a: Rising Revolution
|-fail|p2a: Rising Revolution|par
|
|-heal|p1a: Zygarde|91/100|[from] item: Leftovers
|upkeep
|turn|49
|
|t:|1621271731
|move|p1a: Zygarde|Coil|p1a: Zygarde
|-boost|p1a: Zygarde|atk|1
|-boost|p1a: Zygarde|def|1
|-boost|p1a: Zygarde|accuracy|1
|move|p2a: Rising Revolution|Whirlwind|p1a: Zygarde
|drag|p1a: Yveltal|Yveltal|91/100
|-ability|p1a: Yveltal|Dark Aura
|
|upkeep
|turn|50
|
|t:|1621271736
|switch|p2a: Feel Invicible|Toxapex, M|93/100
|move|p1a: Yveltal|Knock Off|p2a: Feel Invicible
|-damage|p2a: Feel Invicible|70/100
|
|upkeep
|turn|51
|
|t:|1621271739
|switch|p1a: Eternatus|Eternatus|84/100
|-ability|p1a: Eternatus|Pressure
|move|p2a: Feel Invicible|Scald|p1a: Eternatus
|-resisted|p1a: Eternatus
|-damage|p1a: Eternatus|79/100
|
|upkeep
|turn|52
|
|t:|1621271747
|switch|p1a: Zygarde|Zygarde|91/100
|switch|p2a: Fall in the black|Yveltal|100/100
|-ability|p2a: Fall in the black|Dark Aura
|
|-heal|p1a: Zygarde|97/100|[from] item: Leftovers
|upkeep
|turn|53
|
|t:|1621271758
|switch|p2a: Rising Revolution|Ho-Oh|100/100 par
|switch|p1a: Eternatus|Eternatus|79/100
|-ability|p1a: Eternatus|Pressure
|
|upkeep
|turn|54
|
|t:|1621271762
|switch|p1a: Zygarde|Zygarde|97/100
|switch|p2a: Just another kill|Blissey, F|100/100
|
|-heal|p1a: Zygarde|100/100|[from] item: Leftovers
|upkeep
|turn|55
|
|t:|1621271766
|switch|p1a: Necrozma|Necrozma-Dusk-Mane|69/100 brn
|move|p2a: Just another kill|Stealth Rock|p1a: Necrozma
|-sidestart|p1: ULT8RQ spitfire|move: Stealth Rock
|
|-damage|p1a: Necrozma|63/100 brn|[from] brn
|upkeep
|turn|56
|l| ULT8RQ bilelfam3D
|n| oogaboogadk|ihavecrapinternet
|
|t:|1621271787
|switch|p2a: Feel Invicible|Toxapex, M|100/100
|move|p1a: Necrozma|Stealth Rock|p2a: Feel Invicible
|-sidestart|p2: ULT8RQ Curse|move: Stealth Rock
|
|-damage|p1a: Necrozma|57/100 brn|[from] brn
|upkeep
|turn|57
|
|t:|1621271793
|switch|p1a: Eternatus|Eternatus|79/100
|-damage|p1a: Eternatus|67/100|[from] Stealth Rock
|-ability|p1a: Eternatus|Pressure
|move|p2a: Feel Invicible|Scald|p1a: Eternatus
|-resisted|p1a: Eternatus
|-damage|p1a: Eternatus|62/100
|
|upkeep
|turn|58
|
|t:|1621271798
|move|p1a: Eternatus|Recover|p1a: Eternatus
|-heal|p1a: Eternatus|100/100
|move|p2a: Feel Invicible|Scald|p1a: Eternatus
|-resisted|p1a: Eternatus
|-damage|p1a: Eternatus|95/100
|
|upkeep
|turn|59
|l| ULT8RQ Raph
|
|t:|1621271809
|switch|p2a: Just another kill|Blissey, F|100/100
|move|p1a: Eternatus|Sludge Bomb|p2a: Just another kill
|-damage|p2a: Just another kill|87/100
|
|upkeep
|turn|60
|
|t:|1621271816
|switch|p1a: Kyogre|Kyogre|100/100
|-damage|p1a: Kyogre|88/100|[from] Stealth Rock
|-weather|RainDance|[from] ability: Drizzle|[of] p1a: Kyogre
|switch|p2a: Rising Revolution|Ho-Oh|100/100 par
|
|-weather|RainDance|[upkeep]
|-heal|p1a: Kyogre|94/100|[from] item: Leftovers
|upkeep
|turn|61
|
|t:|1621271820
|switch|p2a: Awake and Alive|Shedinja|100/100
|move|p1a: Kyogre|Calm Mind|p1a: Kyogre
|-boost|p1a: Kyogre|spa|1
|-boost|p1a: Kyogre|spd|1
|
|-weather|RainDance|[upkeep]
|-heal|p1a: Kyogre|100/100|[from] item: Leftovers
|upkeep
|turn|62
|
|t:|1621271824
|move|p2a: Awake and Alive|Protect|p2a: Awake and Alive
|-singleturn|p2a: Awake and Alive|Protect
|move|p1a: Kyogre|Calm Mind|p1a: Kyogre
|-boost|p1a: Kyogre|spa|1
|-boost|p1a: Kyogre|spd|1
|
|-weather|RainDance|[upkeep]
|upkeep
|turn|63
|
|t:|1621271828
|move|p1a: Kyogre|Calm Mind|p1a: Kyogre
|-boost|p1a: Kyogre|spa|1
|-boost|p1a: Kyogre|spd|1
|move|p2a: Awake and Alive|Poltergeist|p1a: Kyogre
|-activate|p1a: Kyogre|move: Poltergeist|Leftovers
|-damage|p1a: Kyogre|66/100
|
|-weather|RainDance|[upkeep]
|-heal|p1a: Kyogre|72/100|[from] item: Leftovers
|upkeep
|turn|64
|
|t:|1621271832
|move|p1a: Kyogre|Calm Mind|p1a: Kyogre
|-boost|p1a: Kyogre|spa|1
|-boost|p1a: Kyogre|spd|1
|move|p2a: Awake and Alive|Poltergeist|p1a: Kyogre
|-activate|p1a: Kyogre|move: Poltergeist|Leftovers
|-damage|p1a: Kyogre|40/100
|
|-weather|none
|-heal|p1a: Kyogre|47/100|[from] item: Leftovers
|upkeep
|turn|65
|
|t:|1621271843
|move|p1a: Kyogre|Rest|p1a: Kyogre
|-status|p1a: Kyogre|slp|[from] move: Rest
|-heal|p1a: Kyogre|100/100 slp|[silent]
|move|p2a: Awake and Alive|Poltergeist|p1a: Kyogre
|-activate|p1a: Kyogre|move: Poltergeist|Leftovers
|-crit|p1a: Kyogre
|-damage|p1a: Kyogre|48/100 slp
|
|-heal|p1a: Kyogre|54/100 slp|[from] item: Leftovers
|upkeep
|turn|66
|
|t:|1621271854
|switch|p1a: Zygarde|Zygarde|100/100
|-damage|p1a: Zygarde|94/100|[from] Stealth Rock
|move|p2a: Awake and Alive|Will-O-Wisp|p1a: Zygarde
|-status|p1a: Zygarde|brn
|
|-heal|p1a: Zygarde|100/100 brn|[from] item: Leftovers
|-damage|p1a: Zygarde|94/100 brn|[from] brn
|upkeep
|turn|67
|j| ULT8RQ iceman
|
|t:|1621271862
|switch|p1a: Kyogre|Kyogre|54/100 slp
|-damage|p1a: Kyogre|42/100 slp|[from] Stealth Rock
|-weather|RainDance|[from] ability: Drizzle|[of] p1a: Kyogre
|switch|p2a: Feel Invicible|Toxapex, M|100/100
|-damage|p2a: Feel Invicible|88/100|[from] Stealth Rock
|
|-weather|RainDance|[upkeep]
|-heal|p1a: Kyogre|48/100 slp|[from] item: Leftovers
|upkeep
|turn|68
|
|t:|1621271866
|cant|p1a: Kyogre|slp
|move|p2a: Feel Invicible|Knock Off|p1a: Kyogre
|-damage|p1a: Kyogre|39/100 slp
|-enditem|p1a: Kyogre|Leftovers|[from] move: Knock Off|[of] p2a: Feel Invicible
|
|-weather|RainDance|[upkeep]
|upkeep
|turn|69
|
|t:|1621271879
|cant|p1a: Kyogre|slp
|move|p2a: Feel Invicible|Scald|p1a: Kyogre
|-resisted|p1a: Kyogre
|-damage|p1a: Kyogre|30/100 slp
|
|-weather|RainDance|[upkeep]
|upkeep
|turn|70
|n| P9 Nocturio|nocturio
|
|t:|1621271883
|-curestatus|p1a: Kyogre|slp|[msg]
|move|p1a: Kyogre|Rest|p1a: Kyogre
|-status|p1a: Kyogre|slp|[from] move: Rest
|-heal|p1a: Kyogre|100/100 slp|[silent]
|move|p2a: Feel Invicible|Toxic||[still]
|-fail|p2a: Feel Invicible
|
|-weather|RainDance|[upkeep]
|upkeep
|turn|71
|
|t:|1621271888
|switch|p2a: Just another kill|Blissey, F|87/100
|cant|p1a: Kyogre|slp
|
|-weather|none
|upkeep
|turn|72
|l| ULT8RQ iceman
|
|t:|1621271891
|switch|p2a: Feel Invicible|Toxapex, M|100/100
|-damage|p2a: Feel Invicible|88/100|[from] Stealth Rock
|cant|p1a: Kyogre|slp
|
|upkeep
|turn|73
|
|t:|1621271895
|switch|p2a: Just another kill|Blissey, F|87/100
|-curestatus|p1a: Kyogre|slp|[msg]
|move|p1a: Kyogre|Calm Mind|p1a: Kyogre
|-boost|p1a: Kyogre|spa|1
|-boost|p1a: Kyogre|spd|1
|
|upkeep
|turn|74
|j| ULT8RQ iceman
|
|t:|1621271900
|move|p1a: Kyogre|Calm Mind|p1a: Kyogre
|-boost|p1a: Kyogre|spa|1
|-boost|p1a: Kyogre|spd|1
|move|p2a: Just another kill|Confide|p1a: Kyogre
|-unboost|p1a: Kyogre|spa|1
|
|upkeep
|turn|75
|
|t:|1621271904
|move|p1a: Kyogre|Calm Mind|p1a: Kyogre
|-boost|p1a: Kyogre|spa|1
|-boost|p1a: Kyogre|spd|1
|move|p2a: Just another kill|Confide|p1a: Kyogre
|-unboost|p1a: Kyogre|spa|1
|
|upkeep
|turn|76
|
|t:|1621271907
|move|p1a: Kyogre|Calm Mind|p1a: Kyogre
|-boost|p1a: Kyogre|spa|1
|-boost|p1a: Kyogre|spd|1
|move|p2a: Just another kill|Confide|p1a: Kyogre
|-unboost|p1a: Kyogre|spa|1
|
|upkeep
|turn|77
|
|t:|1621271911
|switch|p1a: Eternatus|Eternatus|95/100
|-damage|p1a: Eternatus|83/100|[from] Stealth Rock
|-ability|p1a: Eternatus|Pressure
|move|p2a: Just another kill|Confide|p1a: Eternatus
|-unboost|p1a: Eternatus|spa|1
|
|upkeep
|turn|78
|
|t:|1621271915
|switch|p1a: Kyogre|Kyogre|100/100
|-damage|p1a: Kyogre|88/100|[from] Stealth Rock
|-weather|RainDance|[from] ability: Drizzle|[of] p1a: Kyogre
|move|p2a: Just another kill|Aromatherapy|p2a: Just another kill
|-activate|p2a: Just another kill|move: Aromatherapy
|-curestatus|p2: Rising Revolution|par|[msg]
|-curestatus|p2: The Resistance|par|[msg]
|
|-weather|RainDance|[upkeep]
|upkeep
|turn|79
|
|t:|1621271921
|switch|p2a: Feel Invicible|Toxapex, M|100/100
|-damage|p2a: Feel Invicible|88/100|[from] Stealth Rock
|move|p1a: Kyogre|Calm Mind|p1a: Kyogre
|-boost|p1a: Kyogre|spa|1
|-boost|p1a: Kyogre|spd|1
|
|-weather|RainDance|[upkeep]
|upkeep
|turn|80
|
|t:|1621271927
|move|p1a: Kyogre|Ice Beam|p2a: Feel Invicible
|-resisted|p2a: Feel Invicible
|-damage|p2a: Feel Invicible|68/100
|move|p2a: Feel Invicible|Toxic|p1a: Kyogre
|-status|p1a: Kyogre|tox
|
|-weather|RainDance|[upkeep]
|-damage|p1a: Kyogre|82/100 tox|[from] psn
|upkeep
|turn|81
|
|t:|1621271934
|switch|p2a: Just another kill|Blissey, F|87/100
|move|p1a: Kyogre|Rest|p1a: Kyogre
|-status|p1a: Kyogre|slp|[from] move: Rest
|-heal|p1a: Kyogre|100/100 slp|[silent]
|
|-weather|RainDance|[upkeep]
|upkeep
|turn|82
|
|t:|1621271938
|cant|p1a: Kyogre|slp
|move|p2a: Just another kill|Confide|p1a: Kyogre
|-unboost|p1a: Kyogre|spa|1
|
|-weather|none
|upkeep
|turn|83
|
|t:|1621271947
|switch|p2a: Feel Invicible|Toxapex, M|100/100
|-damage|p2a: Feel Invicible|88/100|[from] Stealth Rock
|cant|p1a: Kyogre|slp
|
|upkeep
|turn|84
|
|t:|1621271955
|switch|p1a: Zygarde|Zygarde|94/100 brn
|-damage|p1a: Zygarde|88/100 brn|[from] Stealth Rock
|move|p2a: Feel Invicible|Scald|p1a: Zygarde
|-damage|p1a: Zygarde|73/100 brn
|
|-heal|p1a: Zygarde|79/100 brn|[from] item: Leftovers
|-damage|p1a: Zygarde|73/100 brn|[from] brn
|upkeep
|turn|85
|
|t:|1621271960
|switch|p1a: Eternatus|Eternatus|83/100
|-damage|p1a: Eternatus|71/100|[from] Stealth Rock
|-ability|p1a: Eternatus|Pressure
|move|p2a: Feel Invicible|Knock Off|p1a: Eternatus
|-damage|p1a: Eternatus|63/100
|
|upkeep
|turn|86
|
|t:|1621271967
|move|p1a: Eternatus|Recover|p1a: Eternatus
|-heal|p1a: Eternatus|100/100
|move|p2a: Feel Invicible|Scald|p1a: Eternatus
|-resisted|p1a: Eternatus
|-damage|p1a: Eternatus|96/100
|
|upkeep
|turn|87
|c|☆ULT8RQ Curse|30%
|c|☆ULT8RQ Curse|:v
|l| P9 Nocturio
|
|t:|1621271992
|switch|p1a: Zygarde|Zygarde|73/100 brn
|-damage|p1a: Zygarde|67/100 brn|[from] Stealth Rock
|switch|p2a: Just another kill|Blissey, F|87/100
|
|-heal|p1a: Zygarde|73/100 brn|[from] item: Leftovers
|-damage|p1a: Zygarde|67/100 brn|[from] brn
|upkeep
|turn|88
|
|t:|1621271996
|switch|p2a: Feel Invicible|Toxapex, M|100/100
|-damage|p2a: Feel Invicible|88/100|[from] Stealth Rock
|move|p1a: Zygarde|Glare|p2a: Feel Invicible
|-status|p2a: Feel Invicible|par
|
|-heal|p1a: Zygarde|73/100 brn|[from] item: Leftovers
|-damage|p1a: Zygarde|67/100 brn|[from] brn
|upkeep
|turn|89
|
|t:|1621272001
|switch|p1a: Eternatus|Eternatus|96/100
|-damage|p1a: Eternatus|83/100|[from] Stealth Rock
|-ability|p1a: Eternatus|Pressure
|cant|p2a: Feel Invicible|par
|
|upkeep
|turn|90
|
|t:|1621272011
|switch|p1a: Kyogre|Kyogre|100/100 slp
|-damage|p1a: Kyogre|88/100 slp|[from] Stealth Rock
|-weather|RainDance|[from] ability: Drizzle|[of] p1a: Kyogre
|switch|p2a: Just another kill|Blissey, F|87/100
|
|-weather|RainDance|[upkeep]
|upkeep
|turn|91
|
|t:|1621272017
|switch|p2a: Feel Invicible|Toxapex, M|100/100 par
|-damage|p2a: Feel Invicible|88/100 par|[from] Stealth Rock
|-curestatus|p1a: Kyogre|slp|[msg]
|move|p1a: Kyogre|Scald|p2a: Feel Invicible
|-resisted|p2a: Feel Invicible
|-damage|p2a: Feel Invicible|65/100 par
|
|-weather|RainDance|[upkeep]
|upkeep
|turn|92
|
|t:|1621272022
|switch|p2a: Just another kill|Blissey, F|87/100
|move|p1a: Kyogre|Scald|p2a: Just another kill
|-crit|p2a: Just another kill
|-damage|p2a: Just another kill|58/100
|
|-weather|RainDance|[upkeep]
|upkeep
|turn|93
|
|t:|1621272028
|switch|p1a: Eternatus|Eternatus|83/100
|-damage|p1a: Eternatus|71/100|[from] Stealth Rock
|-ability|p1a: Eternatus|Pressure
|switch|p2a: Feel Invicible|Toxapex, M|99/100 par
|-damage|p2a: Feel Invicible|86/100 par|[from] Stealth Rock
|
|-weather|RainDance|[upkeep]
|upkeep
|turn|94
|
|t:|1621272035
|switch|p1a: Zygarde|Zygarde|67/100 brn
|-damage|p1a: Zygarde|61/100 brn|[from] Stealth Rock
|move|p2a: Feel Invicible|Knock Off|p1a: Zygarde
|-damage|p1a: Zygarde|53/100 brn
|-enditem|p1a: Zygarde|Leftovers|[from] move: Knock Off|[of] p2a: Feel Invicible
|
|-weather|none
|-damage|p1a: Zygarde|47/100 brn|[from] brn
|-activate|p1a: Zygarde|ability: Power Construct
|detailschange|p1a: Zygarde|Zygarde-Complete
|-heal|p1a: Zygarde|65/100 brn|[silent]
|upkeep
|turn|95
|
|t:|1621272043
|switch|p2a: Awake and Alive|Shedinja|100/100
|move|p1a: Zygarde|Rest|p1a: Zygarde
|-status|p1a: Zygarde|slp|[from] move: Rest
|-heal|p1a: Zygarde|100/100 slp|[silent]
|
|upkeep
|turn|96
|l| ULT8RQ iceman
|c|☆ULT8RQ spitfire|I don't wanna play this game now lol
|
|t:|1621272066
|switch|p2a: Just another kill|Blissey, F|58/100
|cant|p1a: Zygarde|slp
|
|upkeep
|turn|97
|c|☆ULT8RQ Curse|you don't win especially bro :/
|
|t:|1621272090
|switch|p1a: Yveltal|Yveltal|91/100
|-damage|p1a: Yveltal|66/100|[from] Stealth Rock
|-ability|p1a: Yveltal|Dark Aura
|switch|p2a: Rising Revolution|Ho-Oh|100/100
|
|upkeep
|turn|98
|c|☆ULT8RQ spitfire|And i also don't losw
|c|☆ULT8RQ spitfire|Lose
|
|t:|1621272107
|switch|p1a: Zygarde|Zygarde-Complete|100/100 slp
|-damage|p1a: Zygarde|94/100 slp|[from] Stealth Rock
|switch|p2a: Feel Invicible|Toxapex, M|100/100 par
|-damage|p2a: Feel Invicible|88/100 par|[from] Stealth Rock
|
|upkeep
|turn|99
|inactive|ULT8RQ Curse has 120 seconds left.
|c|☆ULT8RQ Curse|I can just pp stall all your pokemon 1 by 1 it will take as long as it takes but I will win the game :(
|
|t:|1621272145
|switch|p1a: Eternatus|Eternatus|71/100
|-damage|p1a: Eternatus|59/100|[from] Stealth Rock
|-ability|p1a: Eternatus|Pressure
|switch|p2a: Rising Revolution|Ho-Oh|100/100
|
|upkeep
|turn|100
|c|☆ULT8RQ spitfire|Idt
|c|☆ULT8RQ spitfire|Lol
|
|t:|1621272164
|switch|p1a: Zygarde|Zygarde-Complete|94/100 slp
|-damage|p1a: Zygarde|88/100 slp|[from] Stealth Rock
|switch|p2a: Just another kill|Blissey, F|58/100
|
|upkeep
|turn|101
|
|t:|1621272168
|switch|p1a: Kyogre|Kyogre|88/100
|-damage|p1a: Kyogre|76/100|[from] Stealth Rock
|-weather|RainDance|[from] ability: Drizzle|[of] p1a: Kyogre
|switch|p2a: Rising Revolution|Ho-Oh|100/100
|
|-weather|RainDance|[upkeep]
|upkeep
|turn|102
|
|t:|1621272173
|switch|p2a: Feel Invicible|Toxapex, M|100/100 par
|-damage|p2a: Feel Invicible|88/100 par|[from] Stealth Rock
|move|p1a: Kyogre|Rest|p1a: Kyogre
|-status|p1a: Kyogre|slp|[from] move: Rest
|-heal|p1a: Kyogre|100/100 slp|[silent]
|
|-weather|RainDance|[upkeep]
|upkeep
|turn|103
|
|t:|1621272177
|switch|p1a: Zygarde|Zygarde-Complete|88/100 slp
|-damage|p1a: Zygarde|82/100 slp|[from] Stealth Rock
|switch|p2a: Just another kill|Blissey, F|58/100
|
|-weather|RainDance|[upkeep]
|upkeep
|turn|104
|
|t:|1621272181
|switch|p1a: Kyogre|Kyogre|100/100 slp
|-damage|p1a: Kyogre|88/100 slp|[from] Stealth Rock
|switch|p2a: Rising Revolution|Ho-Oh|100/100
|
|-weather|RainDance|[upkeep]
|upkeep
|turn|105
|
|t:|1621272187
|switch|p1a: Zygarde|Zygarde-Complete|82/100 slp
|-damage|p1a: Zygarde|76/100 slp|[from] Stealth Rock
|switch|p2a: Feel Invicible|Toxapex, M|100/100 par
|-damage|p2a: Feel Invicible|88/100 par|[from] Stealth Rock
|
|-weather|none
|upkeep
|turn|106
|
|t:|1621272194
|switch|p1a: Yveltal|Yveltal|66/100
|-damage|p1a: Yveltal|41/100|[from] Stealth Rock
|-ability|p1a: Yveltal|Dark Aura
|switch|p2a: Rising Revolution|Ho-Oh|100/100
|
|upkeep
|turn|107
|inactive|ULT8RQ Curse has 120 seconds left.
|c|☆ULT8RQ Curse|your pokemons are dying on the rocks even if you try not to waste pp
|
|t:|1621272227
|switch|p2a: Feel Invicible|Toxapex, M|100/100 par
|-damage|p2a: Feel Invicible|88/100 par|[from] Stealth Rock
|move|p1a: Yveltal|Roost|p1a: Yveltal
|-heal|p1a: Yveltal|92/100
|-singleturn|p1a: Yveltal|move: Roost
|
|upkeep
|turn|108
|
|t:|1621272237
|switch|p1a: Zygarde|Zygarde-Complete|76/100 slp
|-damage|p1a: Zygarde|70/100 slp|[from] Stealth Rock
|move|p2a: Feel Invicible|Knock Off|p1a: Zygarde
|-damage|p1a: Zygarde|66/100 slp
|
|upkeep
|turn|109
|
|t:|1621272243
|switch|p2a: Rising Revolution|Ho-Oh|100/100
|cant|p1a: Zygarde|slp
|
|upkeep
|turn|110
|inactive|ULT8RQ Curse has 120 seconds left.
|
|t:|1621272248
|switch|p1a: Kyogre|Kyogre|88/100 slp
|-damage|p1a: Kyogre|76/100 slp|[from] Stealth Rock
|-weather|RainDance|[from] ability: Drizzle|[of] p1a: Kyogre
|move|p2a: Rising Revolution|Whirlwind|p1a: Kyogre
|drag|p1a: Zygarde|Zygarde-Complete|66/100 slp
|-damage|p1a: Zygarde|60/100 slp|[from] Stealth Rock
|
|-weather|RainDance|[upkeep]
|upkeep
|turn|111
|
|t:|1621272255
|switch|p2a: The Resistance|Quagsire, F|100/100
|-damage|p2a: The Resistance|94/100|[from] Stealth Rock
|switch|p1a: Kyogre|Kyogre|76/100 slp
|-damage|p1a: Kyogre|63/100 slp|[from] Stealth Rock
|
|-weather|RainDance|[upkeep]
|-heal|p2a: The Resistance|100/100|[from] item: Leftovers
|upkeep
|turn|112
|
|t:|1621272263
|cant|p1a: Kyogre|slp
|move|p2a: The Resistance|Scald|p1a: Kyogre
|-resisted|p1a: Kyogre
|-damage|p1a: Kyogre|56/100 slp
|
|-weather|RainDance|[upkeep]
|upkeep
|turn|113
|
|t:|1621272269
|cant|p1a: Kyogre|slp
|move|p2a: The Resistance|Earthquake|p1a: Kyogre
|-damage|p1a: Kyogre|35/100 slp
|
|-weather|RainDance|[upkeep]
|upkeep
|turn|114
|
|t:|1621272275
|switch|p2a: Feel Invicible|Toxapex, M|100/100 par
|-damage|p2a: Feel Invicible|88/100 par|[from] Stealth Rock
|-curestatus|p1a: Kyogre|slp|[msg]
|move|p1a: Kyogre|Rest|p1a: Kyogre
|-status|p1a: Kyogre|slp|[from] move: Rest
|-heal|p1a: Kyogre|100/100 slp|[silent]
|
|-weather|none
|upkeep
|turn|115
|
|t:|1621272283
|switch|p2a: Just another kill|Blissey, F|58/100
|cant|p1a: Kyogre|slp
|
|upkeep
|turn|116
|
|t:|1621272291
|switch|p1a: Yveltal|Yveltal|92/100
|-damage|p1a: Yveltal|67/100|[from] Stealth Rock
|-ability|p1a: Yveltal|Dark Aura
|switch|p2a: Feel Invicible|Toxapex, M|100/100 par
|-damage|p2a: Feel Invicible|88/100 par|[from] Stealth Rock
|
|upkeep
|turn|117
|
|t:|1621272305
|switch|p1a: Eternatus|Eternatus|59/100
|-damage|p1a: Eternatus|46/100|[from] Stealth Rock
|-ability|p1a: Eternatus|Pressure
|cant|p2a: Feel Invicible|par
|
|upkeep
|turn|118
|
|t:|1621272309
|move|p1a: Eternatus|Recover|p1a: Eternatus
|-heal|p1a: Eternatus|96/100
|move|p2a: Feel Invicible|Scald|p1a: Eternatus
|-resisted|p1a: Eternatus
|-damage|p1a: Eternatus|91/100
|
|upkeep
|turn|119
|
|t:|1621272317
|switch|p2a: Just another kill|Blissey, F|58/100
|move|p1a: Eternatus|Mystical Fire|p2a: Just another kill
|-damage|p2a: Just another kill|51/100
|-unboost|p2a: Just another kill|spa|1
|
|upkeep
|turn|120
|
|t:|1621272324
|switch|p1a: Yveltal|Yveltal|67/100
|-damage|p1a: Yveltal|42/100|[from] Stealth Rock
|-ability|p1a: Yveltal|Dark Aura
|switch|p2a: Feel Invicible|Toxapex, M|100/100 par
|-damage|p2a: Feel Invicible|88/100 par|[from] Stealth Rock
|
|upkeep
|turn|121
|
|t:|1621272330
|move|p1a: Yveltal|Roost|p1a: Yveltal
|-heal|p1a: Yveltal|92/100
|-singleturn|p1a: Yveltal|move: Roost
|move|p2a: Feel Invicible|Scald|p1a: Yveltal
|-damage|p1a: Yveltal|80/100
|-status|p1a: Yveltal|brn
|
|-damage|p1a: Yveltal|74/100 brn|[from] brn
|upkeep
|turn|122
|c|☆ULT8RQ Curse|well
|c|☆ULT8RQ Curse|1 burn in 10 scald
|c|☆ULT8RQ Curse|:v
|
|t:|1621272360
|move|p1a: Yveltal|Defog|p2a: Feel Invicible
|-unboost|p2a: Feel Invicible|evasion|1
|-sideend|p2: ULT8RQ Curse|Stealth Rock|[from] move: Defog|[of] p1a: Yveltal
|-sideend|p1: ULT8RQ spitfire|Stealth Rock|[from] move: Defog|[of] p1a: Yveltal
|move|p2a: Feel Invicible|Knock Off|p1a: Yveltal
|-resisted|p1a: Yveltal
|-damage|p1a: Yveltal|68/100 brn
|
|-damage|p1a: Yveltal|62/100 brn|[from] brn
|upkeep
|turn|123
|
|t:|1621272375
|switch|p1a: Zygarde|Zygarde-Complete|60/100 slp
|move|p2a: Feel Invicible|Scald|p1a: Zygarde
|-damage|p1a: Zygarde|50/100 slp
|
|upkeep
|turn|124
|
|t:|1621272380
|switch|p1a: Kyogre|Kyogre|100/100 slp
|-weather|RainDance|[from] ability: Drizzle|[of] p1a: Kyogre
|switch|p2a: The Resistance|Quagsire, F|100/100
|
|-weather|RainDance|[upkeep]
|upkeep
|turn|125
|
|t:|1621272386
|switch|p1a: Zygarde|Zygarde-Complete|50/100 slp
|switch|p2a: Just another kill|Blissey, F|51/100
|
|-weather|RainDance|[upkeep]
|upkeep
|turn|126
|
|t:|1621272391
|switch|p1a: Eternatus|Eternatus|91/100
|-ability|p1a: Eternatus|Pressure
|switch|p2a: The Resistance|Quagsire, F|100/100
|
|-weather|RainDance|[upkeep]
|upkeep
|turn|127
|
|t:|1621272397
|switch|p1a: Zygarde|Zygarde-Complete|50/100 slp
|switch|p2a: Just another kill|Blissey, F|51/100
|
|-weather|RainDance|[upkeep]
|upkeep
|turn|128
|
|t:|1621272402
|switch|p1a: Eternatus|Eternatus|91/100
|-ability|p1a: Eternatus|Pressure
|switch|p2a: The Resistance|Quagsire, F|100/100
|
|-weather|none
|upkeep
|turn|129
|
|t:|1621272407
|switch|p1a: Zygarde|Zygarde-Complete|50/100 slp
|switch|p2a: Just another kill|Blissey, F|51/100
|
|upkeep
|turn|130
|
|t:|1621272413
|switch|p1a: Eternatus|Eternatus|91/100
|-ability|p1a: Eternatus|Pressure
|switch|p2a: The Resistance|Quagsire, F|100/100
|
|upkeep
|turn|131
|
|t:|1621272417
|switch|p1a: Zygarde|Zygarde-Complete|50/100 slp
|switch|p2a: Just another kill|Blissey, F|51/100
|
|upkeep
|turn|132
|
|t:|1621272420
|switch|p1a: Eternatus|Eternatus|91/100
|-ability|p1a: Eternatus|Pressure
|move|p2a: Just another kill|Stealth Rock|p1a: Eternatus
|-sidestart|p1: ULT8RQ spitfire|move: Stealth Rock
|
|upkeep
|turn|133
|
|t:|1621272433
|switch|p1a: Yveltal|Yveltal|62/100 brn
|-damage|p1a: Yveltal|37/100 brn|[from] Stealth Rock
|-ability|p1a: Yveltal|Dark Aura
|switch|p2a: Rising Revolution|Ho-Oh|100/100
|
|-damage|p1a: Yveltal|31/100 brn|[from] brn
|upkeep
|turn|134
|j| ULT8RQ bilelfam3D
|
|t:|1621272437
|move|p1a: Yveltal|Roost|p1a: Yveltal
|-heal|p1a: Yveltal|81/100 brn
|-singleturn|p1a: Yveltal|move: Roost
|move|p2a: Rising Revolution|Sacred Fire|p1a: Yveltal
|-damage|p1a: Yveltal|40/100 brn
|
|-damage|p1a: Yveltal|34/100 brn|[from] brn
|upkeep
|turn|135
|
|t:|1621272443
|move|p1a: Yveltal|Roost|p1a: Yveltal
|-heal|p1a: Yveltal|84/100 brn
|-singleturn|p1a: Yveltal|move: Roost
|move|p2a: Rising Revolution|Whirlwind|p1a: Yveltal
|drag|p1a: Necrozma|Necrozma-Dusk-Mane|57/100 brn
|-damage|p1a: Necrozma|51/100 brn|[from] Stealth Rock
|
|-damage|p1a: Necrozma|45/100 brn|[from] brn
|upkeep
|turn|136
|
|t:|1621272448
|move|p1a: Necrozma|Morning Sun|p1a: Necrozma
|-heal|p1a: Necrozma|95/100 brn
|move|p2a: Rising Revolution|Whirlwind|p1a: Necrozma
|drag|p1a: Kyogre|Kyogre|100/100 slp
|-damage|p1a: Kyogre|88/100 slp|[from] Stealth Rock
|-weather|RainDance|[from] ability: Drizzle|[of] p1a: Kyogre
|
|-weather|RainDance|[upkeep]
|upkeep
|turn|137
|
|t:|1621272455
|switch|p1a: Yveltal|Yveltal|84/100 brn
|-damage|p1a: Yveltal|60/100 brn|[from] Stealth Rock
|-ability|p1a: Yveltal|Dark Aura
|move|p2a: Rising Revolution|Whirlwind|p1a: Yveltal
|drag|p1a: Kyogre|Kyogre|88/100 slp
|-damage|p1a: Kyogre|76/100 slp|[from] Stealth Rock
|
|-weather|RainDance|[upkeep]
|upkeep
|turn|138
|
|t:|1621272460
|switch|p1a: Yveltal|Yveltal|60/100 brn
|-damage|p1a: Yveltal|35/100 brn|[from] Stealth Rock
|-ability|p1a: Yveltal|Dark Aura
|move|p2a: Rising Revolution|Whirlwind|p1a: Yveltal
|drag|p1a: Zygarde|Zygarde-Complete|50/100 slp
|-damage|p1a: Zygarde|44/100 slp|[from] Stealth Rock
|
|-weather|RainDance|[upkeep]
|upkeep
|turn|139
|
|t:|1621272466
|-curestatus|p1a: Zygarde|slp|[msg]
|move|p1a: Zygarde|Glare|p2a: Rising Revolution
|-status|p2a: Rising Revolution|par
|move|p2a: Rising Revolution|Whirlwind|p1a: Zygarde
|drag|p1a: Kyogre|Kyogre|76/100 slp
|-damage|p1a: Kyogre|63/100 slp|[from] Stealth Rock
|
|-weather|RainDance|[upkeep]
|upkeep
|turn|140
|
|t:|1621272471
|cant|p1a: Kyogre|slp
|move|p2a: Rising Revolution|Whirlwind|p1a: Kyogre
|drag|p1a: Necrozma|Necrozma-Dusk-Mane|95/100 brn
|-damage|p1a: Necrozma|89/100 brn|[from] Stealth Rock
|
|-weather|none
|-damage|p1a: Necrozma|83/100 brn|[from] brn
|upkeep
|turn|141
|
|t:|1621272477
|switch|p2a: Feel Invicible|Toxapex, M|100/100 par
|move|p1a: Necrozma|Stealth Rock|p2a: Feel Invicible
|-sidestart|p2: ULT8RQ Curse|move: Stealth Rock
|
|-damage|p1a: Necrozma|77/100 brn|[from] brn
|upkeep
|turn|142
|
|t:|1621272482
|switch|p1a: Eternatus|Eternatus|91/100
|-damage|p1a: Eternatus|79/100|[from] Stealth Rock
|-ability|p1a: Eternatus|Pressure
|move|p2a: Feel Invicible|Scald|p1a: Eternatus
|-resisted|p1a: Eternatus
|-damage|p1a: Eternatus|74/100
|
|upkeep
|turn|143
|
|t:|1621272488
|switch|p1a: Yveltal|Yveltal|35/100 brn
|-damage|p1a: Yveltal|10/100 brn|[from] Stealth Rock
|-ability|p1a: Yveltal|Dark Aura
|switch|p2a: Just another kill|Blissey, F|51/100
|
|-damage|p1a: Yveltal|4/100 brn|[from] brn
|upkeep
|turn|144
|
|t:|1621272496
|switch|p2a: Feel Invicible|Toxapex, M|100/100 par
|-damage|p2a: Feel Invicible|88/100 par|[from] Stealth Rock
|move|p1a: Yveltal|Roost|p1a: Yveltal
|-heal|p1a: Yveltal|54/100 brn
|-singleturn|p1a: Yveltal|move: Roost
|
|-damage|p1a: Yveltal|48/100 brn|[from] brn
|upkeep
|turn|145
|
|t:|1621272503
|move|p1a: Yveltal|Roost|p1a: Yveltal
|-heal|p1a: Yveltal|98/100 brn
|-singleturn|p1a: Yveltal|move: Roost
|move|p2a: Feel Invicible|Knock Off|p1a: Yveltal
|-resisted|p1a: Yveltal
|-damage|p1a: Yveltal|91/100 brn
|
|-damage|p1a: Yveltal|85/100 brn|[from] brn
|upkeep
|turn|146
|
|t:|1621272506
|move|p1a: Yveltal|Defog|p2a: Feel Invicible
|-unboost|p2a: Feel Invicible|evasion|1
|-sideend|p2: ULT8RQ Curse|Stealth Rock|[from] move: Defog|[of] p1a: Yveltal
|-sideend|p1: ULT8RQ spitfire|Stealth Rock|[from] move: Defog|[of] p1a: Yveltal
|move|p2a: Feel Invicible|Knock Off|p1a: Yveltal
|-resisted|p1a: Yveltal
|-damage|p1a: Yveltal|79/100 brn
|
|-damage|p1a: Yveltal|73/100 brn|[from] brn
|upkeep
|turn|147
|
|t:|1621272517
|switch|p1a: Eternatus|Eternatus|74/100
|-ability|p1a: Eternatus|Pressure
|move|p2a: Feel Invicible|Knock Off|p1a: Eternatus
|-damage|p1a: Eternatus|67/100
|
|upkeep
|turn|148
|
|t:|1621272524
|switch|p1a: Zygarde|Zygarde-Complete|44/100
|switch|p2a: Just another kill|Blissey, F|51/100
|
|upkeep
|turn|149
|
|t:|1621272528
|switch|p1a: Eternatus|Eternatus|67/100
|-ability|p1a: Eternatus|Pressure
|switch|p2a: Awake and Alive|Shedinja|100/100
|
|upkeep
|turn|150
|
|t:|1621272535
|switch|p1a: Zygarde|Zygarde-Complete|44/100
|switch|p2a: Just another kill|Blissey, F|51/100
|
|upkeep
|turn|151
|
|t:|1621272538
|switch|p1a: Eternatus|Eternatus|67/100
|-ability|p1a: Eternatus|Pressure
|switch|p2a: Awake and Alive|Shedinja|100/100
|
|upkeep
|turn|152
|
|t:|1621272546
|switch|p1a: Kyogre|Kyogre|63/100 slp
|-weather|RainDance|[from] ability: Drizzle|[of] p1a: Kyogre
|switch|p2a: Just another kill|Blissey, F|51/100
|
|-weather|RainDance|[upkeep]
|upkeep
|turn|153
|
|t:|1621272551
|switch|p1a: Eternatus|Eternatus|67/100
|-ability|p1a: Eternatus|Pressure
|move|p2a: Just another kill|Stealth Rock|p1a: Eternatus
|-sidestart|p1: ULT8RQ spitfire|move: Stealth Rock
|
|-weather|RainDance|[upkeep]
|upkeep
|turn|154
|
|t:|1621272563
|switch|p1a: Yveltal|Yveltal|73/100 brn
|-damage|p1a: Yveltal|48/100 brn|[from] Stealth Rock
|-ability|p1a: Yveltal|Dark Aura
|switch|p2a: Fall in the black|Yveltal|100/100
|-ability|p2a: Fall in the black|Dark Aura
|
|-weather|RainDance|[upkeep]
|-damage|p1a: Yveltal|41/100 brn|[from] brn
|upkeep
|turn|155
|
|t:|1621272569
|move|p1a: Yveltal|Roost|p1a: Yveltal
|-heal|p1a: Yveltal|92/100 brn
|-singleturn|p1a: Yveltal|move: Roost
|move|p2a: Fall in the black|Foul Play|p1a: Yveltal
|-resisted|p1a: Yveltal
|-damage|p1a: Yveltal|68/100 brn
|
|-weather|RainDance|[upkeep]
|-damage|p1a: Yveltal|62/100 brn|[from] brn
|upkeep
|turn|156
|
|t:|1621272573
|move|p1a: Yveltal|Defog|p2a: Fall in the black
|-unboost|p2a: Fall in the black|evasion|1
|-sideend|p1: ULT8RQ spitfire|Stealth Rock|[from] move: Defog|[of] p1a: Yveltal
|move|p2a: Fall in the black|Foul Play|p1a: Yveltal
|-resisted|p1a: Yveltal
|-damage|p1a: Yveltal|38/100 brn
|
|-weather|none
|-damage|p1a: Yveltal|32/100 brn|[from] brn
|upkeep
|turn|157
|
|t:|1621272578
|move|p1a: Yveltal|Roost|p1a: Yveltal
|-heal|p1a: Yveltal|82/100 brn
|-singleturn|p1a: Yveltal|move: Roost
|move|p2a: Fall in the black|Foul Play|p1a: Yveltal
|-resisted|p1a: Yveltal
|-damage|p1a: Yveltal|58/100 brn
|
|-damage|p1a: Yveltal|52/100 brn|[from] brn
|upkeep
|turn|158
|
|t:|1621272583
|switch|p1a: Zygarde|Zygarde-Complete|44/100
|switch|p2a: Feel Invicible|Toxapex, M|100/100 par
|
|upkeep
|turn|159
|
|t:|1621272590
|switch|p2a: Awake and Alive|Shedinja|100/100
|move|p1a: Zygarde|Coil|p1a: Zygarde
|-boost|p1a: Zygarde|atk|1
|-boost|p1a: Zygarde|def|1
|-boost|p1a: Zygarde|accuracy|1
|
|upkeep
|turn|160
|
|t:|1621272595
|move|p1a: Zygarde|Glare|p2a: Awake and Alive
|-status|p2a: Awake and Alive|par
|cant|p2a: Awake and Alive|par
|
|upkeep
|turn|161
|
|t:|1621272603
|move|p1a: Zygarde|Coil|p1a: Zygarde
|-boost|p1a: Zygarde|atk|1
|-boost|p1a: Zygarde|def|1
|-boost|p1a: Zygarde|accuracy|1
|move|p2a: Awake and Alive|Will-O-Wisp|p1a: Zygarde
|-status|p1a: Zygarde|brn
|
|-damage|p1a: Zygarde|38/100 brn|[from] brn
|upkeep
|turn|162
|
|t:|1621272608
|move|p2a: Awake and Alive|Shadow Sneak|p1a: Zygarde
|-damage|p1a: Zygarde|35/100 brn
|move|p1a: Zygarde|Rest|p1a: Zygarde
|-status|p1a: Zygarde|slp|[from] move: Rest
|-heal|p1a: Zygarde|100/100 slp|[silent]
|
|upkeep
|turn|163
|
|t:|1621272612
|switch|p2a: Just another kill|Blissey, F|51/100
|cant|p1a: Zygarde|slp
|
|upkeep
|turn|164
|
|t:|1621272621
|cant|p1a: Zygarde|slp
|move|p2a: Just another kill|Stealth Rock|p1a: Zygarde
|-sidestart|p1: ULT8RQ spitfire|move: Stealth Rock
|
|upkeep
|turn|165
|
|t:|1621272634
|switch|p1a: Kyogre|Kyogre|63/100 slp
|-damage|p1a: Kyogre|51/100 slp|[from] Stealth Rock
|-weather|RainDance|[from] ability: Drizzle|[of] p1a: Kyogre
|switch|p2a: Awake and Alive|Shedinja|100/100 par
|
|-weather|RainDance|[upkeep]
|upkeep
|turn|166
|
|t:|1621272638
|-curestatus|p1a: Kyogre|slp|[msg]
|move|p1a: Kyogre|Rest|p1a: Kyogre
|-status|p1a: Kyogre|slp|[from] move: Rest
|-heal|p1a: Kyogre|100/100 slp|[silent]
|cant|p2a: Awake and Alive|par
|
|-weather|RainDance|[upkeep]
|upkeep
|turn|167
|
|t:|1621272646
|switch|p2a: Feel Invicible|Toxapex, M|100/100 par
|cant|p1a: Kyogre|slp
|
|-weather|RainDance|[upkeep]
|upkeep
|turn|168
|c|☆ULT8RQ spitfire|Okay gg
|-message|ULT8RQ spitfire forfeited.
|
|win|ULT8RQ Curse
|l|☆ULT8RQ spitfire
|raw|ULT8RQ spitfire's rating: 1715 &rarr; <strong>1696</strong><br />(-19 for losing)
|raw|ULT8RQ Curse's rating: 1739 &rarr; <strong>1758</strong><br />(+19 for winning)
|c|☆ULT8RQ Curse|gg
