|j|☆palapapop
|j|☆Ballfire
|player|p1|palapapop|benga|1712
|player|p2|Ballfire|dahlia|1716
|teamsize|p1|6
|teamsize|p2|6
|gametype|singles
|gen|8
|tier|[Gen 8] Ubers
|rated|
|clearpoke
|poke|p1|Torkoal, F|
|poke|p1|Eternatus|
|poke|p1|Zacian-Crowned|
|poke|p1|Charizard, M|
|poke|p1|Dugtrio, M|
|poke|p1|Ninetales, F|
|poke|p2|Ferrothorn, F|
|poke|p2|Necrozma-Dusk-Mane|
|poke|p2|Zekrom|
|poke|p2|Lunala|
|poke|p2|Mandibuzz, F|
|poke|p2|Togekiss, M|
|rule|Sleep Clause Mod: Limit one foe put to sleep
|rule|Species Clause: Limit one of each Pokémon
|rule|OHKO Clause: OHKO moves are banned
|rule|Evasion Moves Clause: Evasion moves are banned
|rule|Endless Battle Clause: Forcing endless battles is banned
|rule|HP Percentage Mod: HP is shown in percentages
|html|Ubers Dynamax Clause: Pokémon on the <a href="https://www.smogon.com/dex/ss/formats/uber/">Ubers Dynamax Banlist</a> cannot Dynamax.
|teampreview
|j| AgressivEbolAidCOV
|
|start
|switch|p1a: Ninetales|Ninetales, F|100/100
|switch|p2a: Lunala|Lunala|100/100
|-weather|SunnyDay|[from] ability: Drought|[of] p1a: Ninetales
|turn|1
|
|move|p1a: Ninetales|Will-O-Wisp|p2a: Lunala
|-status|p2a: Lunala|brn
|move|p2a: Lunala|Thunder Wave|p1a: Ninetales|[miss]
|-miss|p2a: Lunala|p1a: Ninetales
|
|-weather|SunnyDay|[upkeep]
|-damage|p2a: Lunala|94/100 brn|[from] brn
|upkeep
|turn|2
|
|-start|p1a: Ninetales|Dynamax
|-heal|p1a: Ninetales|100/100|[silent]
|move|p1a: Ninetales|Max Flare|p2a: Lunala
|-damage|p2a: Lunala|46/100 brn
|move|p2a: Lunala|Thunder Wave|p1a: Ninetales
|-status|p1a: Ninetales|par
|
|-weather|SunnyDay|[upkeep]
|-damage|p2a: Lunala|40/100 brn|[from] brn
|upkeep
|turn|3
|
|move|p2a: Lunala|Roost|p2a: Lunala
|-heal|p2a: Lunala|90/100 brn
|-singleturn|p2a: Lunala|move: Roost
|move|p1a: Ninetales|Max Flare|p2a: Lunala
|-crit|p2a: Lunala
|-damage|p2a: Lunala|11/100 brn
|
|-weather|SunnyDay|[upkeep]
|-damage|p2a: Lunala|5/100 brn|[from] brn
|upkeep
|turn|4
|
|move|p2a: Lunala|Roost|p2a: Lunala
|-heal|p2a: Lunala|55/100 brn
|-singleturn|p2a: Lunala|move: Roost
|move|p1a: Ninetales|Max Flare|p2a: Lunala
|-damage|p2a: Lunala|1/100 brn
|
|-weather|SunnyDay|[upkeep]
|-damage|p2a: Lunala|0 fnt|[from] brn
|faint|p2a: Lunala
|-end|p1a: Ninetales|Dynamax
|-heal|p1a: Ninetales|100/100 par|[silent]
|upkeep
|
|switch|p2a: Zekrom|Zekrom|100/100
|-ability|p2a: Zekrom|Teravolt
|turn|5
|
|cant|p1a: Ninetales|par
|move|p2a: Zekrom|Bolt Strike|p1a: Ninetales
|-damage|p1a: Ninetales|13/100 par
|
|-weather|none
|upkeep
|turn|6
|
|move|p1a: Ninetales|Will-O-Wisp|p2a: Zekrom
|-status|p2a: Zekrom|brn
|move|p2a: Zekrom|Bolt Strike|p1a: Ninetales
|-damage|p1a: Ninetales|0 fnt
|faint|p1a: Ninetales
|
|-damage|p2a: Zekrom|94/100 brn|[from] brn
|upkeep
|
|switch|p1a: Dugtrio|Dugtrio, M|100/100
|turn|7
|
|move|p1a: Dugtrio|Earthquake|p2a: Zekrom
|-supereffective|p2a: Zekrom
|-damage|p2a: Zekrom|41/100 brn
|move|p2a: Zekrom|Dragon Tail|p1a: Dugtrio
|-damage|p1a: Dugtrio|58/100
|drag|p1a: Torkoal|Torkoal, F|100/100
|-weather|SunnyDay|[from] ability: Drought|[of] p1a: Torkoal
|
|-weather|SunnyDay|[upkeep]
|-heal|p2a: Zekrom|47/100 brn|[from] item: Leftovers
|-damage|p2a: Zekrom|41/100 brn|[from] brn
|upkeep
|turn|8
|
|move|p2a: Zekrom|Roost|p2a: Zekrom
|-heal|p2a: Zekrom|91/100 brn
|-singleturn|p2a: Zekrom|move: Roost
|move|p1a: Torkoal|Earth Power|p2a: Zekrom
|-supereffective|p2a: Zekrom
|-damage|p2a: Zekrom|59/100 brn
|
|-weather|SunnyDay|[upkeep]
|-heal|p2a: Zekrom|65/100 brn|[from] item: Leftovers
|-damage|p2a: Zekrom|59/100 brn|[from] brn
|upkeep
|turn|9
|
|move|p2a: Zekrom|Thunder Wave|p1a: Torkoal
|-status|p1a: Torkoal|par
|move|p1a: Torkoal|Stealth Rock|p2a: Zekrom
|-sidestart|p2: Ballfire|move: Stealth Rock
|
|-weather|SunnyDay|[upkeep]
|-heal|p2a: Zekrom|65/100 brn|[from] item: Leftovers
|-damage|p2a: Zekrom|59/100 brn|[from] brn
|upkeep
|turn|10
|
|switch|p1a: Dugtrio|Dugtrio, M|58/100
|move|p2a: Zekrom|Roost|p2a: Zekrom
|-heal|p2a: Zekrom|100/100 brn
|-singleturn|p2a: Zekrom|move: Roost
|
|-weather|SunnyDay|[upkeep]
|-damage|p2a: Zekrom|94/100 brn|[from] brn
|upkeep
|turn|11
|
|move|p1a: Dugtrio|Earthquake|p2a: Zekrom
|-supereffective|p2a: Zekrom
|-damage|p2a: Zekrom|39/100 brn
|move|p2a: Zekrom|Dragon Tail|p1a: Dugtrio
|-damage|p1a: Dugtrio|17/100
|drag|p1a: Torkoal|Torkoal, F|100/100 par
|
|-weather|SunnyDay|[upkeep]
|-heal|p2a: Zekrom|45/100 brn|[from] item: Leftovers
|-damage|p2a: Zekrom|39/100 brn|[from] brn
|upkeep
|turn|12
|c| AgressivEbolAidCOV|they all learn t wave
|
|switch|p1a: Dugtrio|Dugtrio, M|17/100
|move|p2a: Zekrom|Roost|p2a: Zekrom
|-heal|p2a: Zekrom|89/100 brn
|-singleturn|p2a: Zekrom|move: Roost
|
|-weather|SunnyDay|[upkeep]
|-heal|p2a: Zekrom|96/100 brn|[from] item: Leftovers
|-damage|p2a: Zekrom|89/100 brn|[from] brn
|upkeep
|turn|13
|
|move|p1a: Dugtrio|Earthquake|p2a: Zekrom
|-supereffective|p2a: Zekrom
|-damage|p2a: Zekrom|34/100 brn
|move|p2a: Zekrom|Dragon Tail|p1a: Dugtrio
|-damage|p1a: Dugtrio|0 fnt
|faint|p1a: Dugtrio
|
|-weather|SunnyDay|[upkeep]
|-heal|p2a: Zekrom|40/100 brn|[from] item: Leftovers
|-damage|p2a: Zekrom|34/100 brn|[from] brn
|upkeep
|
|switch|p1a: Zacian|Zacian-Crowned|100/100
|-ability|p1a: Zacian|Intrepid Sword|boost
|-boost|p1a: Zacian|atk|1
|turn|14
|
|move|p1a: Zacian|Behemoth Blade|p2a: Zekrom
|-resisted|p2a: Zekrom
|-damage|p2a: Zekrom|7/100 brn
|move|p2a: Zekrom|Thunder Wave|p1a: Zacian
|-status|p1a: Zacian|par
|
|-weather|none
|-heal|p2a: Zekrom|13/100 brn|[from] item: Leftovers
|-damage|p2a: Zekrom|7/100 brn|[from] brn
|upkeep
|turn|15
|c|☆palapapop|that's useful on the metagame
|c|☆palapapop|wow
|
|move|p2a: Zekrom|Bolt Strike|p1a: Zacian
|-damage|p1a: Zacian|72/100 par
|move|p1a: Zacian|Behemoth Blade|p2a: Zekrom
|-resisted|p2a: Zekrom
|-damage|p2a: Zekrom|0 fnt
|faint|p2a: Zekrom
|
|upkeep
|
|switch|p2a: Necrozma|Necrozma-Dusk-Mane|100/100
|-damage|p2a: Necrozma|94/100|[from] Stealth Rock
|turn|16
|
|switch|p1a: Torkoal|Torkoal, F|100/100 par
|-weather|SunnyDay|[from] ability: Drought|[of] p1a: Torkoal
|move|p2a: Necrozma|Iron Head|p1a: Torkoal
|-resisted|p1a: Torkoal
|-damage|p1a: Torkoal|90/100 par
|
|-weather|SunnyDay|[upkeep]
|-heal|p2a: Necrozma|100/100|[from] item: Leftovers
|upkeep
|turn|17
|c|☆palapapop|why iron head ?
|
|switch|p2a: Togekiss|Togekiss, M|100/100
|-damage|p2a: Togekiss|76/100|[from] Stealth Rock
|cant|p1a: Torkoal|par
|
|-weather|SunnyDay|[upkeep]
|-heal|p2a: Togekiss|82/100|[from] item: Leftovers
|upkeep
|turn|18
|
|switch|p1a: Eternatus|Eternatus|100/100
|-ability|p1a: Eternatus|Pressure
|move|p2a: Togekiss|Substitute|p2a: Togekiss
|-start|p2a: Togekiss|Substitute
|-damage|p2a: Togekiss|57/100
|
|-weather|SunnyDay|[upkeep]
|-heal|p2a: Togekiss|63/100|[from] item: Leftovers
|upkeep
|turn|19
|
|move|p1a: Eternatus|Flamethrower|p2a: Togekiss
|-end|p2a: Togekiss|Substitute
|move|p2a: Togekiss|Thunder Wave|p1a: Eternatus
|-status|p1a: Eternatus|par
|
|-weather|SunnyDay|[upkeep]
|-heal|p2a: Togekiss|69/100|[from] item: Leftovers
|upkeep
|turn|20
|
|cant|p1a: Eternatus|par
|move|p2a: Togekiss|Air Slash|p1a: Eternatus
|-damage|p1a: Eternatus|67/100 par
|
|-weather|SunnyDay|[upkeep]
|-heal|p2a: Togekiss|75/100|[from] item: Leftovers
|upkeep
|turn|21
|
|move|p1a: Eternatus|Flamethrower|p2a: Togekiss
|-damage|p2a: Togekiss|25/100
|move|p2a: Togekiss|Air Slash|p1a: Eternatus
|-damage|p1a: Eternatus|33/100 par
|
|-weather|SunnyDay|[upkeep]
|-heal|p2a: Togekiss|31/100|[from] item: Leftovers
|upkeep
|turn|22
|
|move|p1a: Eternatus|Flamethrower|p2a: Togekiss
|-damage|p2a: Togekiss|0 fnt
|faint|p2a: Togekiss
|
|-weather|SunnyDay|[upkeep]
|upkeep
|
|switch|p2a: Necrozma|Necrozma-Dusk-Mane|100/100
|-damage|p2a: Necrozma|94/100|[from] Stealth Rock
|turn|23
|
|cant|p1a: Eternatus|par
|move|p2a: Necrozma|Iron Head|p1a: Eternatus
|-damage|p1a: Eternatus|0 fnt
|faint|p1a: Eternatus
|
|-weather|none
|-heal|p2a: Necrozma|100/100|[from] item: Leftovers
|upkeep
|
|switch|p1a: Torkoal|Torkoal, F|90/100 par
|-weather|SunnyDay|[from] ability: Drought|[of] p1a: Torkoal
|turn|24
|
|move|p2a: Necrozma|Swords Dance|p2a: Necrozma
|-boost|p2a: Necrozma|atk|2
|move|p1a: Torkoal|Yawn|p2a: Necrozma
|-start|p2a: Necrozma|move: Yawn|[of] p1a: Torkoal
|
|-weather|SunnyDay|[upkeep]
|upkeep
|turn|25
|
|switch|p2a: Mandibuzz|Mandibuzz, F|100/100
|switch|p1a: Zacian|Zacian-Crowned|72/100 par
|-ability|p1a: Zacian|Intrepid Sword|boost
|-boost|p1a: Zacian|atk|1
|
|-weather|SunnyDay|[upkeep]
|upkeep
|turn|26
|
|switch|p2a: Necrozma|Necrozma-Dusk-Mane|100/100
|-damage|p2a: Necrozma|94/100|[from] Stealth Rock
|move|p1a: Zacian|Fire Fang|p2a: Necrozma
|-supereffective|p2a: Necrozma
|-damage|p2a: Necrozma|50/100
|
|-weather|SunnyDay|[upkeep]
|-heal|p2a: Necrozma|56/100|[from] item: Leftovers
|upkeep
|turn|27
|
|switch|p1a: Charizard|Charizard, M|100/100
|move|p2a: Necrozma|Iron Head|p1a: Charizard
|-resisted|p1a: Charizard
|-damage|p1a: Charizard|67/100
|
|-weather|SunnyDay|[upkeep]
|-damage|p1a: Charizard|54/100|[from] ability: Solar Power|[of] p1a: Charizard
|-heal|p2a: Necrozma|62/100|[from] item: Leftovers
|upkeep
|turn|28
|
|switch|p2a: Ferrothorn|Ferrothorn, F|100/100
|-damage|p2a: Ferrothorn|94/100|[from] Stealth Rock
|move|p1a: Charizard|Flamethrower|p2a: Ferrothorn
|-supereffective|p2a: Ferrothorn
|-damage|p2a: Ferrothorn|0 fnt
|-damage|p1a: Charizard|45/100|[from] item: Life Orb
|faint|p2a: Ferrothorn
|
|-weather|SunnyDay|[upkeep]
|-damage|p1a: Charizard|32/100|[from] ability: Solar Power|[of] p1a: Charizard
|upkeep
|
|switch|p2a: Mandibuzz|Mandibuzz, F|100/100
|turn|29
|
|move|p1a: Charizard|Flamethrower|p2a: Mandibuzz
|-damage|p2a: Mandibuzz|31/100
|-damage|p1a: Charizard|22/100|[from] item: Life Orb
|move|p2a: Mandibuzz|U-turn|p1a: Charizard
|-resisted|p1a: Charizard
|-damage|p1a: Charizard|18/100
|
|switch|p2a: Necrozma|Necrozma-Dusk-Mane|62/100|[from]move: U-turn
|-damage|p2a: Necrozma|56/100|[from] Stealth Rock
|
|-weather|SunnyDay|[upkeep]
|-damage|p1a: Charizard|6/100|[from] ability: Solar Power|[of] p1a: Charizard
|-heal|p2a: Necrozma|62/100|[from] item: Leftovers
|upkeep
|turn|30
|j| Fabulousious
|
|switch|p2a: Mandibuzz|Mandibuzz, F|31/100
|move|p1a: Charizard|Flamethrower|p2a: Mandibuzz
|-damage|p2a: Mandibuzz|0 fnt
|-damage|p1a: Charizard|0 fnt|[from] item: Life Orb
|faint|p2a: Mandibuzz
|faint|p1a: Charizard
|
|-weather|SunnyDay|[upkeep]
|upkeep
|
|switch|p1a: Torkoal|Torkoal, F|90/100 par
|switch|p2a: Necrozma|Necrozma-Dusk-Mane|62/100
|-damage|p2a: Necrozma|56/100|[from] Stealth Rock
|turn|31
|
|move|p2a: Necrozma|Iron Head|p1a: Torkoal
|-resisted|p1a: Torkoal
|-damage|p1a: Torkoal|80/100 par
|move|p1a: Torkoal|Yawn|p2a: Necrozma
|-start|p2a: Necrozma|move: Yawn|[of] p1a: Torkoal
|
|-weather|none
|-heal|p2a: Necrozma|62/100|[from] item: Leftovers
|upkeep
|turn|32
|
|move|p2a: Necrozma|Morning Sun|p2a: Necrozma
|-heal|p2a: Necrozma|100/100
|move|p1a: Torkoal|Earth Power|p2a: Necrozma
|-supereffective|p2a: Necrozma
|-damage|p2a: Necrozma|78/100
|
|-heal|p2a: Necrozma|84/100|[from] item: Leftovers
|-end|p2a: Necrozma|move: Yawn|[silent]
|-status|p2a: Necrozma|slp
|upkeep
|turn|33
|
|cant|p2a: Necrozma|slp
|move|p1a: Torkoal|Earth Power|p2a: Necrozma
|-supereffective|p2a: Necrozma
|-damage|p2a: Necrozma|62/100 slp
|
|-heal|p2a: Necrozma|68/100 slp|[from] item: Leftovers
|upkeep
|turn|34
|j| Ewelogy
|
|-curestatus|p2a: Necrozma|slp|[msg]
|move|p2a: Necrozma|Swords Dance|p2a: Necrozma
|-boost|p2a: Necrozma|atk|2
|move|p1a: Torkoal|Earth Power|p2a: Necrozma
|-supereffective|p2a: Necrozma
|-damage|p2a: Necrozma|47/100
|
|-heal|p2a: Necrozma|53/100|[from] item: Leftovers
|upkeep
|turn|35
|
|move|p2a: Necrozma|Iron Head|p1a: Torkoal
|-resisted|p1a: Torkoal
|-damage|p1a: Torkoal|56/100 par
|cant|p1a: Torkoal|par
|
|-heal|p2a: Necrozma|59/100|[from] item: Leftovers
|upkeep
|turn|36
|
|move|p2a: Necrozma|Iron Head|p1a: Torkoal
|-resisted|p1a: Torkoal
|-damage|p1a: Torkoal|33/100 par
|cant|p1a: Torkoal|par
|
|-heal|p2a: Necrozma|65/100|[from] item: Leftovers
|upkeep
|turn|37
|
|move|p2a: Necrozma|Iron Head|p1a: Torkoal
|-resisted|p1a: Torkoal
|-damage|p1a: Torkoal|9/100 par
|move|p1a: Torkoal|Yawn|p2a: Necrozma
|-start|p2a: Necrozma|move: Yawn|[of] p1a: Torkoal
|
|-heal|p2a: Necrozma|71/100|[from] item: Leftovers
|upkeep
|turn|38
|
|move|p2a: Necrozma|Morning Sun|p2a: Necrozma
|-heal|p2a: Necrozma|100/100
|move|p1a: Torkoal|Earth Power|p2a: Necrozma
|-supereffective|p2a: Necrozma
|-damage|p2a: Necrozma|80/100
|
|-heal|p2a: Necrozma|86/100|[from] item: Leftovers
|-end|p2a: Necrozma|move: Yawn|[silent]
|-status|p2a: Necrozma|slp
|upkeep
|turn|39
|
|switch|p1a: Zacian|Zacian-Crowned|72/100 par
|-ability|p1a: Zacian|Intrepid Sword|boost
|-boost|p1a: Zacian|atk|1
|cant|p2a: Necrozma|slp
|
|-heal|p2a: Necrozma|92/100 slp|[from] item: Leftovers
|upkeep
|turn|40
|
|move|p1a: Zacian|Fire Fang|p2a: Necrozma
|-supereffective|p2a: Necrozma
|-damage|p2a: Necrozma|60/100 slp
|cant|p2a: Necrozma|slp
|
|-heal|p2a: Necrozma|66/100 slp|[from] item: Leftovers
|upkeep
|turn|41
|l| AgressivEbolAidCOV
|j| AgressivEbolAidCOV
|
|move|p1a: Zacian|Fire Fang|p2a: Necrozma
|-supereffective|p2a: Necrozma
|-damage|p2a: Necrozma|31/100 slp
|-curestatus|p2a: Necrozma|slp|[msg]
|move|p2a: Necrozma|Morning Sun|p2a: Necrozma
|-heal|p2a: Necrozma|81/100
|
|-heal|p2a: Necrozma|87/100|[from] item: Leftovers
|upkeep
|turn|42
|
|move|p1a: Zacian|Fire Fang|p2a: Necrozma
|-supereffective|p2a: Necrozma
|-damage|p2a: Necrozma|52/100
|move|p2a: Necrozma|Iron Head|p1a: Zacian
|-damage|p1a: Zacian|0 fnt
|faint|p1a: Zacian
|
|-heal|p2a: Necrozma|58/100|[from] item: Leftovers
|upkeep
|-message|palapapop forfeited.
|
|win|Ballfire
|l|☆palapapop
|raw|palapapop's rating: 1712 &rarr; <strong>1690</strong><br />(-22 for losing)
|raw|Ballfire's rating: 1689 &rarr; <strong>1710</strong><br />(+21 for winning)
|c|☆Ballfire|Gg
|l|☆Ballfire
