|raw|<div class="broadcast-blue"><strong>This battle is required to be public due to a player having a name starting with 'ULT8RQ'.</div>
|j|☆ult8rq qian
|j|☆Frostigar479
|t:|1620789828
|gametype|singles
|player|p1|ult8rq qian|266|1542
|player|p2|Frostigar479|102|1518
|teamsize|p1|6
|teamsize|p2|6
|gen|8
|tier|[Gen 8] Ubers
|rated|
|rule|Sleep Clause Mod: Limit one foe put to sleep
|rule|Species Clause: Limit one of each Pokémon
|rule|OHKO Clause: OHKO moves are banned
|rule|Evasion Moves Clause: Evasion moves are banned
|rule|Endless Battle Clause: Forcing endless battles is banned
|rule|HP Percentage Mod: HP is shown in percentages
|rule|Dynamax Clause: You cannot dynamax
|clearpoke
|poke|p1|Slurpuff, F|
|poke|p1|Eternatus|
|poke|p1|Yveltal|
|poke|p1|Necrozma-Dusk-Mane|
|poke|p1|Kyogre|
|poke|p1|Calyrex-Shadow|
|poke|p2|Ditto|
|poke|p2|Tapu Lele|
|poke|p2|Zygarde|
|poke|p2|Zacian-*|
|poke|p2|Zekrom|
|poke|p2|Cinderace, F|
|teampreview
|
|t:|1620789837
|start
|switch|p1a: Slurpuff|Slurpuff, F|100/100
|switch|p2a: Lola Bunny|Cinderace, F, shiny|100/100
|turn|1
|
|t:|1620789843
|move|p2a: Lola Bunny|Gunk Shot|p1a: Slurpuff
|-start|p2a: Lola Bunny|typechange|Poison|[from] ability: Libero
|-supereffective|p1a: Slurpuff
|-crit|p1a: Slurpuff
|-enditem|p1a: Slurpuff|Focus Sash
|-damage|p1a: Slurpuff|1/100
|move|p1a: Slurpuff|Yawn|p2a: Lola Bunny
|-start|p2a: Lola Bunny|move: Yawn|[of] p1a: Slurpuff
|
|upkeep
|turn|2
|c|☆Frostigar479|It’s this fat fook
|
|t:|1620789854
|move|p1a: Slurpuff|Sticky Web|p2a: Lola Bunny
|-sidestart|p2: Frostigar479|move: Sticky Web
|move|p2a: Lola Bunny|Pyro Ball|p1a: Slurpuff
|-start|p2a: Lola Bunny|typechange|Fire|[from] ability: Libero
|-damage|p1a: Slurpuff|0 fnt
|faint|p1a: Slurpuff
|
|-end|p2a: Lola Bunny|move: Yawn|[silent]
|-status|p2a: Lola Bunny|slp
|upkeep
|
|t:|1620789860
|switch|p1a: Calyrex|Calyrex-Shadow|100/100
|-ability|p1a: Calyrex|As One
|-ability|p1a: Calyrex|Unnerve
|turn|3
|
|t:|1620789869
|cant|p2a: Lola Bunny|slp
|move|p1a: Calyrex|Nasty Plot|p1a: Calyrex
|-boost|p1a: Calyrex|spa|2
|
|upkeep
|turn|4
|
|t:|1620789872
|-curestatus|p2a: Lola Bunny|slp|[msg]
|move|p2a: Lola Bunny|Sucker Punch|p1a: Calyrex
|-start|p2a: Lola Bunny|typechange|Dark|[from] ability: Libero
|-supereffective|p1a: Calyrex
|-enditem|p1a: Calyrex|Focus Sash
|-damage|p1a: Calyrex|1/100
|move|p1a: Calyrex|Astral Barrage|p2a: Lola Bunny
|-resisted|p2a: Lola Bunny
|-damage|p2a: Lola Bunny|0 fnt
|faint|p2a: Lola Bunny
|-ability|p1a: Calyrex|Grim Neigh|boost
|-boost|p1a: Calyrex|spa|1
|
|upkeep
|
|t:|1620789876
|switch|p2a: cawonaviwus|Ditto, shiny|100/100
|-activate|p2a: cawonaviwus|move: Sticky Web
|-unboost|p2a: cawonaviwus|spe|1
|-transform|p2a: cawonaviwus|p1a: Calyrex|[from] ability: Imposter
|turn|5
|
|t:|1620789878
|move|p2a: cawonaviwus|Draining Kiss|p1a: Calyrex
|-damage|p1a: Calyrex|0 fnt
|faint|p1a: Calyrex
|-ability|p2a: cawonaviwus|Grim Neigh|boost
|-boost|p2a: cawonaviwus|spa|1
|
|upkeep
|
|t:|1620789881
|switch|p1a: Yveltal|Yveltal|100/100
|-ability|p1a: Yveltal|Dark Aura
|turn|6
|
|t:|1620789889
|switch|p2a: LeBron James|Zekrom|100/100
|-activate|p2a: LeBron James|move: Sticky Web
|-unboost|p2a: LeBron James|spe|1
|-ability|p2a: LeBron James|Teravolt
|move|p1a: Yveltal|Oblivion Wing|p2a: LeBron James
|-resisted|p2a: LeBron James
|-damage|p2a: LeBron James|74/100
|-damage|p1a: Yveltal|91/100|[from] item: Life Orb
|
|-heal|p2a: LeBron James|80/100|[from] item: Leftovers
|upkeep
|turn|7
|
|t:|1620789894
|switch|p1a: Eternatus|Eternatus|100/100
|-ability|p1a: Eternatus|Pressure
|move|p2a: LeBron James|Fusion Bolt|p1a: Eternatus
|-resisted|p1a: Eternatus
|-damage|p1a: Eternatus|76/100
|
|-heal|p2a: LeBron James|86/100|[from] item: Leftovers
|upkeep
|turn|8
|
|t:|1620789898
|move|p1a: Eternatus|Dynamax Cannon|p2a: LeBron James
|-supereffective|p2a: LeBron James
|-damage|p2a: LeBron James|0 fnt
|faint|p2a: LeBron James
|
|upkeep
|
|t:|1620789903
|switch|p2a: cawonaviwus|Ditto, shiny|100/100
|-activate|p2a: cawonaviwus|move: Sticky Web
|-unboost|p2a: cawonaviwus|spe|1
|-transform|p2a: cawonaviwus|p1a: Eternatus|[from] ability: Imposter
|-ability|p2a: cawonaviwus|Pressure
|turn|9
|
|t:|1620789906
|switch|p1a: Necrozma|Necrozma-Dusk-Mane|100/100
|move|p2a: cawonaviwus|Dynamax Cannon|p1a: Necrozma
|-resisted|p1a: Necrozma
|-damage|p1a: Necrozma|74/100
|
|upkeep
|turn|10
|
|t:|1620789914
|switch|p2a: Fat fuck|Zygarde, shiny|100/100
|-activate|p2a: Fat fuck|move: Sticky Web
|-unboost|p2a: Fat fuck|spe|1
|switch|p1a: Kyogre|Kyogre|100/100
|-weather|RainDance|[from] ability: Drizzle|[of] p1a: Kyogre
|
|-weather|RainDance|[upkeep]
|upkeep
|turn|11
|
|t:|1620789918
|move|p1a: Kyogre|Water Spout|p2a: Fat fuck
|-damage|p2a: Fat fuck|0 fnt
|faint|p2a: Fat fuck
|
|-weather|RainDance|[upkeep]
|upkeep
|
|t:|1620789921
|switch|p2a: cawonaviwus|Ditto, shiny|100/100
|-activate|p2a: cawonaviwus|move: Sticky Web
|-unboost|p2a: cawonaviwus|spe|1
|-transform|p2a: cawonaviwus|p1a: Kyogre|[from] ability: Imposter
|turn|12
|
|t:|1620789925
|move|p2a: cawonaviwus|Thunder|p1a: Kyogre
|-supereffective|p1a: Kyogre
|-damage|p1a: Kyogre|40/100
|move|p1a: Kyogre|Water Spout|p2a: cawonaviwus
|-resisted|p2a: cawonaviwus
|-damage|p2a: cawonaviwus|66/100
|
|-weather|RainDance|[upkeep]
|upkeep
|turn|13
|
|t:|1620789928
|switch|p1a: Eternatus|Eternatus|76/100
|-ability|p1a: Eternatus|Pressure
|move|p2a: cawonaviwus|Thunder|p1a: Eternatus
|-resisted|p1a: Eternatus
|-damage|p1a: Eternatus|58/100
|
|-weather|RainDance|[upkeep]
|upkeep
|turn|14
|
|t:|1620789937
|switch|p2a: Broken dog|Zacian|100/100
|-activate|p2a: Broken dog|move: Sticky Web
|-unboost|p2a: Broken dog|spe|1
|-ability|p2a: Broken dog|Intrepid Sword|boost
|-boost|p2a: Broken dog|atk|1
|move|p1a: Eternatus|Sludge Bomb|p2a: Broken dog
|-supereffective|p2a: Broken dog
|-damage|p2a: Broken dog|0 fnt
|faint|p2a: Broken dog
|
|-weather|none
|upkeep
|
|t:|1620789940
|switch|p2a: cawonaviwus|Ditto, shiny|66/100
|-activate|p2a: cawonaviwus|move: Sticky Web
|-unboost|p2a: cawonaviwus|spe|1
|-transform|p2a: cawonaviwus|p1a: Eternatus|[from] ability: Imposter
|-ability|p2a: cawonaviwus|Pressure
|turn|15
|
|t:|1620789943
|move|p2a: cawonaviwus|Dynamax Cannon|p1a: Eternatus
|-supereffective|p1a: Eternatus
|-damage|p1a: Eternatus|0 fnt
|faint|p1a: Eternatus
|
|upkeep
|
|t:|1620789945
|switch|p1a: Necrozma|Necrozma-Dusk-Mane|74/100
|turn|16
|
|t:|1620789954
|switch|p2a: Tapu ShitShit|Tapu Lele, shiny|100/100
|-activate|p2a: Tapu ShitShit|move: Sticky Web
|-unboost|p2a: Tapu ShitShit|spe|1
|-fieldstart|move: Psychic Terrain|[from] ability: Psychic Surge|[of] p2a: Tapu ShitShit
|move|p1a: Necrozma|Sunsteel Strike|p2a: Tapu ShitShit
|-supereffective|p2a: Tapu ShitShit
|-damage|p2a: Tapu ShitShit|0 fnt
|faint|p2a: Tapu ShitShit
|-damage|p1a: Necrozma|64/100|[from] item: Life Orb
|
|upkeep
|
|t:|1620789955
|switch|p2a: cawonaviwus|Ditto, shiny|66/100
|-activate|p2a: cawonaviwus|move: Sticky Web
|-unboost|p2a: cawonaviwus|spe|1
|-transform|p2a: cawonaviwus|p1a: Necrozma|[from] ability: Imposter
|turn|17
|
|t:|1620789959
|move|p2a: cawonaviwus|Earthquake|p1a: Necrozma
|-supereffective|p1a: Necrozma
|-damage|p1a: Necrozma|12/100
|move|p1a: Necrozma|Earthquake|p2a: cawonaviwus
|-supereffective|p2a: cawonaviwus
|-damage|p2a: cawonaviwus|0 fnt
|faint|p2a: cawonaviwus
|
|win|ult8rq qian
|-damage|p1a: Necrozma|3/100|[from] item: Life Orb
|raw|ult8rq qian's rating: 1542 &rarr; <strong>1561</strong><br />(+19 for winning)
|raw|Frostigar479's rating: 1518 &rarr; <strong>1499</strong><br />(-19 for losing)
|l|☆ult8rq qian
|l|☆Frostigar479
|j| Monster45
|j| ULT8RQ FAILURE
