|j|☆Eruza02
|j|☆Dun 26
|t:|1651334312
|gametype|singles
|player|p1|Eruza02|1|1385
|player|p2|Dun 26|skyla|1577
|teamsize|p1|6
|teamsize|p2|6
|gen|8
|tier|[Gen 8] Ubers
|rated|
|rule|Sleep Clause Mod: Limit one foe put to sleep
|rule|Species Clause: Limit one of each Pokémon
|rule|OHKO Clause: OHKO moves are banned
|rule|Evasion Moves Clause: Evasion moves are banned
|rule|Endless Battle Clause: Forcing endless battles is banned
|rule|HP Percentage Mod: HP is shown in percentages
|rule|Dynamax Clause: You cannot dynamax
|clearpoke
|poke|p1|Melmetal|
|poke|p1|Tyranitar, F|
|poke|p1|Kyogre|
|poke|p1|Groudon|
|poke|p1|Rayquaza|
|poke|p1|Whimsicott, F|
|poke|p2|Klefki, M|
|poke|p2|Regieleki|
|poke|p2|Tapu Koko|
|poke|p2|Landorus-Therian, M|
|poke|p2|Yveltal|
|poke|p2|Calyrex-Ice|
|teampreview
|
|t:|1651334324
|start
|switch|p1a: Kyogre|Kyogre|100/100
|switch|p2a: Klefki|Klefki, M|100/100
|-weather|RainDance|[from] ability: Drizzle|[of] p1a: Kyogre
|turn|1
|inactive|Battle timer is ON: inactive players will automatically lose when time's up. (requested by Eruza02)
|
|t:|1651334334
|move|p2a: Klefki|Thunder Wave|p1a: Kyogre
|-status|p1a: Kyogre|par
|cant|p1a: Kyogre|par
|
|-weather|RainDance|[upkeep]
|upkeep
|turn|2
|
|t:|1651334344
|move|p2a: Klefki|Spikes|p1a: Kyogre
|-sidestart|p1: Eruza02|Spikes
|move|p1a: Kyogre|Water Spout|p2a: Klefki
|-damage|p2a: Klefki|0 fnt
|faint|p2a: Klefki
|
|-weather|RainDance|[upkeep]
|upkeep
|
|t:|1651334346
|switch|p2a: Regieleki|Regieleki|100/100
|turn|3
|
|t:|1651334354
|switch|p2a: Calyrex|Calyrex-Ice|100/100
|-ability|p2a: Calyrex|As One
|-ability|p2a: Calyrex|Unnerve
|switch|p1a: Groudon|Groudon|100/100
|-damage|p1a: Groudon|88/100|[from] Spikes
|-weather|SunnyDay|[from] ability: Drought|[of] p1a: Groudon
|
|-weather|SunnyDay|[upkeep]
|-heal|p1a: Groudon|94/100|[from] item: Leftovers
|upkeep
|turn|4
|
|t:|1651334364
|switch|p1a: Melmetal|Melmetal|100/100
|-damage|p1a: Melmetal|88/100|[from] Spikes
|move|p2a: Calyrex|Glacial Lance|p1a: Melmetal
|-resisted|p1a: Melmetal
|-damage|p1a: Melmetal|50/100
|
|-weather|SunnyDay|[upkeep]
|upkeep
|turn|5
|
|t:|1651334375
|switch|p2a: Landorus|Landorus-Therian, M|100/100
|-ability|p2a: Landorus|Intimidate|boost
|-unboost|p1a: Melmetal|atk|1
|move|p1a: Melmetal|Double Iron Bash|p2a: Landorus
|-damage|p2a: Landorus|70/100
|-damage|p1a: Melmetal|34/100|[from] item: Rocky Helmet|[of] p2a: Landorus
|-damage|p2a: Landorus|38/100
|-damage|p1a: Melmetal|17/100|[from] item: Rocky Helmet|[of] p2a: Landorus
|-hitcount|p2a: Landorus|2
|
|-weather|SunnyDay|[upkeep]
|upkeep
|turn|6
|inactive|Eruza02 has 120 seconds left.
|
|t:|1651334409
|switch|p1a: Whimsicott|Whimsicott, F, shiny|100/100
|move|p2a: Landorus|Stealth Rock|p1a: Whimsicott
|-sidestart|p1: Eruza02|move: Stealth Rock
|
|-weather|SunnyDay|[upkeep]
|upkeep
|turn|7
|
|t:|1651334426
|move|p1a: Whimsicott|Moonblast|p2a: Landorus
|-damage|p2a: Landorus|2/100
|move|p2a: Landorus|U-turn|p1a: Whimsicott
|-damage|p1a: Whimsicott|66/100
|
|t:|1651334432
|switch|p2a: Tapu Koko|Tapu Koko|100/100|[from]move: U-turn
|-fieldstart|move: Electric Terrain|[from] ability: Electric Surge|[of] p2a: Tapu Koko
|
|-weather|none
|upkeep
|turn|8
|
|t:|1651334435
|move|p1a: Whimsicott|Defog|p2a: Tapu Koko
|-unboost|p2a: Tapu Koko|evasion|1
|-sideend|p1: Eruza02|Spikes|[from] move: Defog|[of] p1a: Whimsicott
|-sideend|p1: Eruza02|Stealth Rock|[from] move: Defog|[of] p1a: Whimsicott
|-fieldend|move: Electric Terrain
|move|p2a: Tapu Koko|Taunt|p1a: Whimsicott
|-start|p1a: Whimsicott|move: Taunt
|
|upkeep
|turn|9
|
|t:|1651334438
|move|p2a: Tapu Koko|U-turn|p1a: Whimsicott
|-damage|p1a: Whimsicott|38/100
|
|t:|1651334443
|switch|p2a: Landorus|Landorus-Therian, M|2/100|[from]move: U-turn
|-ability|p2a: Landorus|Intimidate|boost
|-unboost|p1a: Whimsicott|atk|1
|move|p1a: Whimsicott|Moonblast|p2a: Landorus
|-damage|p2a: Landorus|0 fnt
|faint|p2a: Landorus
|
|upkeep
|
|t:|1651334448
|switch|p2a: Regieleki|Regieleki|100/100
|turn|10
|inactive|Eruza02 has 120 seconds left.
|inactive|Eruza02 has 90 seconds left.
|inactive|Eruza02 has 60 seconds left.
|
|t:|1651334548
|switch|p2a: Calyrex|Calyrex-Ice|100/100
|-ability|p2a: Calyrex|As One
|-ability|p2a: Calyrex|Unnerve
|move|p1a: Whimsicott|Moonblast|p2a: Calyrex
|-damage|p2a: Calyrex|74/100
|
|upkeep
|turn|11
|inactive|Eruza02 has 60 seconds left.
|
|t:|1651334563
|switch|p1a: Melmetal|Melmetal|17/100
|move|p2a: Calyrex|Glacial Lance|p1a: Melmetal
|-resisted|p1a: Melmetal
|-damage|p1a: Melmetal|0 fnt
|faint|p1a: Melmetal
|-ability|p2a: Calyrex|Chilling Neigh|boost
|-boost|p2a: Calyrex|atk|1
|
|upkeep
|
|t:|1651334568
|switch|p1a: Rayquaza|Rayquaza|100/100
|-ability|p1a: Rayquaza|Air Lock
|turn|12
|
|t:|1651334583
|switch|p2a: Yveltal|Yveltal|100/100
|-ability|p2a: Yveltal|Dark Aura
|move|p1a: Rayquaza|Dragon Ascent|p2a: Yveltal
|-damage|p2a: Yveltal|24/100
|-unboost|p1a: Rayquaza|def|1
|-unboost|p1a: Rayquaza|spd|1
|-damage|p1a: Rayquaza|91/100|[from] item: Life Orb
|
|upkeep
|turn|13
|
|t:|1651334587
|move|p1a: Rayquaza|Extreme Speed|p2a: Yveltal
|-damage|p2a: Yveltal|0 fnt
|faint|p2a: Yveltal
|-damage|p1a: Rayquaza|81/100|[from] item: Life Orb
|
|upkeep
|
|t:|1651334592
|switch|p2a: Tapu Koko|Tapu Koko|100/100
|-fieldstart|move: Electric Terrain|[from] ability: Electric Surge|[of] p2a: Tapu Koko
|turn|14
|
|t:|1651334599
|switch|p1a: Groudon|Groudon|94/100
|-weather|SunnyDay|[from] ability: Drought|[of] p1a: Groudon
|move|p2a: Tapu Koko|Thunder Punch|p1a: Groudon
|-immune|p1a: Groudon
|
|-weather|SunnyDay|[upkeep]
|-heal|p1a: Groudon|100/100|[from] item: Leftovers
|upkeep
|turn|15
|inactive|Eruza02 has 90 seconds left.
|
|t:|1651334615
|move|p2a: Tapu Koko|Taunt|p1a: Groudon
|-start|p1a: Groudon|move: Taunt
|cant|p1a: Groudon|move: Taunt|Swords Dance
|
|-weather|SunnyDay|[upkeep]
|upkeep
|turn|16
|
|t:|1651334618
|move|p2a: Tapu Koko|U-turn|p1a: Groudon
|-damage|p1a: Groudon|88/100
|
|t:|1651334621
|switch|p2a: Calyrex|Calyrex-Ice|74/100|[from]move: U-turn
|-ability|p2a: Calyrex|As One
|-ability|p2a: Calyrex|Unnerve
|move|p1a: Groudon|Earthquake|p2a: Calyrex
|-damage|p2a: Calyrex|35/100
|
|-weather|SunnyDay|[upkeep]
|-heal|p1a: Groudon|94/100|[from] item: Leftovers
|upkeep
|turn|17
|
|t:|1651334627
|move|p1a: Groudon|Earthquake|p2a: Calyrex
|-damage|p2a: Calyrex|0 fnt
|faint|p2a: Calyrex
|
|-weather|SunnyDay|[upkeep]
|-heal|p1a: Groudon|99/100|[from] item: Leftovers
|-end|p1a: Groudon|move: Taunt
|upkeep
|-message|Dun 26 forfeited.
|
|win|Eruza02
|raw|Eruza02's rating: 1385 &rarr; <strong>1416</strong><br />(+31 for winning)
|raw|Dun 26's rating: 1599 &rarr; <strong>1568</strong><br />(-31 for losing)
|l|☆Dun 26
||Ladder isn't responding, score probably updated but might not have (Request timeout).
