|j|☆bald ben
|j|☆sarcastic alex
|t:|1638093181
|gametype|singles
|player|p1|bald ben|youngster-gen4dp|
|player|p2|sarcastic alex|bianca-pwt|
|teamsize|p1|6
|teamsize|p2|6
|gen|8
|tier|[Gen 8] Ubers
|rated|Tournament battle
|rule|Sleep Clause Mod: Limit one foe put to sleep
|rule|Species Clause: Limit one of each Pokémon
|rule|OHKO Clause: OHKO moves are banned
|rule|Evasion Moves Clause: Evasion moves are banned
|rule|Endless Battle Clause: Forcing endless battles is banned
|rule|HP Percentage Mod: HP is shown in percentages
|rule|Dynamax Clause: You cannot dynamax
|clearpoke
|poke|p1|Calyrex-Ice|
|poke|p1|Yveltal|
|poke|p1|Eternatus|
|poke|p1|Necrozma-Dusk-Mane|
|poke|p1|Melmetal|
|poke|p1|Kyogre|
|poke|p2|Yveltal|
|poke|p2|Rayquaza|
|poke|p2|Calyrex-Shadow|
|poke|p2|Ditto|
|poke|p2|Espeon, F|
|poke|p2|Zygarde|
|teampreview
|inactive|Battle timer is ON: inactive players will automatically lose when time's up. (requested by bald ben)
|
|t:|1638093189
|start
|switch|p1a: Melmetal|Melmetal|100/100
|switch|p2a: Calyrex|Calyrex-Shadow|100/100
|-ability|p2a: Calyrex|As One
|-ability|p2a: Calyrex|Unnerve
|turn|1
|
|t:|1638093200
|move|p2a: Calyrex|Astral Barrage|p1a: Melmetal
|-damage|p1a: Melmetal|0 fnt
|faint|p1a: Melmetal
|-ability|p2a: Calyrex|Grim Neigh|boost
|-boost|p2a: Calyrex|spa|1
|
|upkeep
|
|t:|1638093207
|switch|p1a: Yveltal|Yveltal|100/100
|-ability|p1a: Yveltal|Dark Aura
|turn|2
|inactive|sarcastic alex has 120 seconds left.
|
|t:|1638093247
|move|p2a: Calyrex|Astral Barrage|p1a: Yveltal
|-resisted|p1a: Yveltal
|-damage|p1a: Yveltal|59/100
|move|p1a: Yveltal|Knock Off|p2a: Calyrex
|-supereffective|p2a: Calyrex
|-damage|p2a: Calyrex|0 fnt
|-enditem|p2a: Calyrex|Choice Specs|[from] move: Knock Off|[of] p1a: Yveltal
|faint|p2a: Calyrex
|
|upkeep
|
|t:|1638093254
|switch|p2a: Rayquaza|Rayquaza|100/100
|-ability|p2a: Rayquaza|Air Lock
|turn|3
|
|t:|1638093259
|switch|p1a: Eternatus|Eternatus|100/100
|-ability|p1a: Eternatus|Pressure
|move|p2a: Rayquaza|Dragon Ascent|p1a: Eternatus
|-damage|p1a: Eternatus|30/100
|-unboost|p2a: Rayquaza|def|1
|-unboost|p2a: Rayquaza|spd|1
|-damage|p2a: Rayquaza|91/100|[from] item: Life Orb
|
|-heal|p1a: Eternatus|37/100|[from] item: Black Sludge
|upkeep
|turn|4
|inactive|sarcastic alex has 120 seconds left.
|
|t:|1638093281
|move|p1a: Eternatus|Dynamax Cannon|p2a: Rayquaza
|-supereffective|p2a: Rayquaza
|-damage|p2a: Rayquaza|0 fnt
|faint|p2a: Rayquaza
|
|-heal|p1a: Eternatus|43/100|[from] item: Black Sludge
|upkeep
|
|t:|1638093284
|switch|p2a: Ditto|Ditto|100/100
|-transform|p2a: Ditto|p1a: Eternatus|[from] ability: Imposter
|-ability|p2a: Ditto|Pressure
|turn|5
|
|t:|1638093290
|switch|p1a: Necrozma|Necrozma-Dusk-Mane|100/100
|move|p2a: Ditto|Dynamax Cannon|p1a: Necrozma
|-resisted|p1a: Necrozma
|-damage|p1a: Necrozma|84/100
|
|-heal|p1a: Necrozma|90/100|[from] item: Leftovers
|upkeep
|turn|6
|inactive|sarcastic alex has 120 seconds left.
|
|t:|1638093309
|switch|p2a: Yveltal|Yveltal|100/100
|-ability|p2a: Yveltal|Dark Aura
|switch|p1a: Kyogre|Kyogre|100/100
|-weather|RainDance|[from] ability: Drizzle|[of] p1a: Kyogre
|
|-weather|RainDance|[upkeep]
|upkeep
|turn|7
|inactive|sarcastic alex has 120 seconds left.
|
|t:|1638093332
|move|p1a: Kyogre|Water Spout|p2a: Yveltal
|-damage|p2a: Yveltal|0 fnt
|faint|p2a: Yveltal
|
|-weather|RainDance|[upkeep]
|upkeep
|
|t:|1638093335
|switch|p2a: Espeon|Espeon, F|100/100
|turn|8
|inactive|sarcastic alex has 120 seconds left.
|c|☆sarcastic alex|my bad luck is so bad
|
|t:|1638093348
|move|p1a: Kyogre|Water Spout|p2a: Espeon
|-damage|p2a: Espeon|0 fnt
|faint|p2a: Espeon
|
|-weather|RainDance|[upkeep]
|upkeep
|inactive|sarcastic alex has 90 seconds left.
|
|t:|1638093400
|switch|p2a: Ditto|Ditto|100/100
|-transform|p2a: Ditto|p1a: Kyogre|[from] ability: Imposter
|turn|9
|
|t:|1638093408
|switch|p1a: Eternatus|Eternatus|43/100
|-ability|p1a: Eternatus|Pressure
|move|p2a: Ditto|Water Spout|p1a: Eternatus
|-resisted|p1a: Eternatus
|-damage|p1a: Eternatus|1/100
|
|-weather|RainDance|[upkeep]
|-heal|p1a: Eternatus|7/100|[from] item: Black Sludge
|upkeep
|turn|10
|
|t:|1638093417
|switch|p1a: Yveltal|Yveltal|59/100
|-ability|p1a: Yveltal|Dark Aura
|move|p2a: Ditto|Water Spout|p1a: Yveltal
|-damage|p1a: Yveltal|0 fnt
|faint|p1a: Yveltal
|
|-weather|none
|upkeep
|
|t:|1638093421
|switch|p1a: Eternatus|Eternatus|7/100
|-ability|p1a: Eternatus|Pressure
|turn|11
|
|t:|1638093423
|move|p2a: Ditto|Water Spout|p1a: Eternatus
|-resisted|p1a: Eternatus
|-damage|p1a: Eternatus|0 fnt
|faint|p1a: Eternatus
|
|upkeep
|
|t:|1638093425
|switch|p1a: Calyrex|Calyrex-Ice|100/100
|-ability|p1a: Calyrex|As One
|-ability|p1a: Calyrex|Unnerve
|turn|12
|
|t:|1638093429
|switch|p2a: Zygarde|Zygarde|100/100
|move|p1a: Calyrex|Glacial Lance|p2a: Zygarde
|-supereffective|p2a: Zygarde
|-damage|p2a: Zygarde|0 fnt
|faint|p2a: Zygarde
|-ability|p1a: Calyrex|Chilling Neigh|boost
|-boost|p1a: Calyrex|atk|1
|
|upkeep
|
|t:|1638093431
|switch|p2a: Ditto|Ditto|100/100
|-transform|p2a: Ditto|p1a: Calyrex|[from] ability: Imposter
|turn|13
|
|t:|1638093438
|move|p2a: Ditto|Glacial Lance|p1a: Calyrex
|-resisted|p1a: Calyrex
|-damage|p1a: Calyrex|61/100
|move|p1a: Calyrex|Leech Seed|p2a: Ditto
|-start|p2a: Ditto|move: Leech Seed
|
|-damage|p2a: Ditto|88/100|[from] Leech Seed|[of] p1a: Calyrex
|-heal|p1a: Calyrex|70/100|[silent]
|upkeep
|turn|14
|
|t:|1638093441
|move|p2a: Ditto|Glacial Lance|p1a: Calyrex
|-resisted|p1a: Calyrex
|-damage|p1a: Calyrex|28/100
|move|p1a: Calyrex|Glacial Lance|p2a: Ditto
|-resisted|p2a: Ditto
|-damage|p2a: Ditto|35/100
|
|-damage|p2a: Ditto|23/100|[from] Leech Seed|[of] p1a: Calyrex
|-heal|p1a: Calyrex|37/100|[silent]
|upkeep
|turn|15
|
|t:|1638093444
|move|p2a: Ditto|Glacial Lance|p1a: Calyrex
|-resisted|p1a: Calyrex
|-damage|p1a: Calyrex|0 fnt
|faint|p1a: Calyrex
|-ability|p2a: Ditto|Chilling Neigh|boost
|-boost|p2a: Ditto|atk|1
|
|upkeep
|
|t:|1638093446
|switch|p1a: Kyogre|Kyogre|100/100
|-weather|RainDance|[from] ability: Drizzle|[of] p1a: Kyogre
|turn|16
|
|t:|1638093453
|move|p1a: Kyogre|Water Spout|p2a: Ditto
|-damage|p2a: Ditto|0 fnt
|faint|p2a: Ditto
|
|win|bald ben
|n|☆bald ben|baldben
|n|☆sarcastic alex|sarcasticalex
|l|☆sarcastic alex
|c|☆bald ben|gg
|j| ashketchum_elite
|l| ashketchum_elite
|j| ashketchum_elite
|l| ashketchum_elite
|j| ashketchum_elite
|l|☆bald ben
|j| Tf974
|l| Tf974
