|raw|<div class="broadcast-blue"><strong>This battle is required to be public due to a player having a name starting with 'ult4pdr'.</div>
|j|☆bald ben
|j|☆ULT4PDR 8truc
|t:|1654062281
|gametype|singles
|player|p1|bald ben|102|1501
|player|p2|ULT4PDR 8truc|lucas|1448
|teamsize|p1|6
|teamsize|p2|6
|gen|8
|tier|[Gen 8] Ubers
|rated|
|rule|Sleep Clause Mod: Limit one foe put to sleep
|rule|Species Clause: Limit one of each Pokémon
|rule|OHKO Clause: OHKO moves are banned
|rule|Evasion Moves Clause: Evasion moves are banned
|rule|Endless Battle Clause: Forcing endless battles is banned
|rule|HP Percentage Mod: HP is shown in percentages
|rule|Dynamax Clause: You cannot dynamax
|clearpoke
|poke|p1|Shuckle, M|
|poke|p1|Yveltal|
|poke|p1|Marshadow|
|poke|p1|Necrozma-Dusk-Mane|
|poke|p1|Zekrom|
|poke|p1|Weavile, F|
|poke|p2|Marshadow|
|poke|p2|Ferrothorn, M|
|poke|p2|Eternatus|
|poke|p2|Zygarde|
|poke|p2|Yveltal|
|poke|p2|Necrozma-Dusk-Mane|
|teampreview
|inactive|Battle timer is ON: inactive players will automatically lose when time's up. (requested by bald ben)
|inactive|ULT4PDR 8truc also wants the timer to be on.
|inactive|bald ben has 120 seconds left.
|
|t:|1654062327
|start
|switch|p1a: Shuckle|Shuckle, M|100/100
|switch|p2a: Necrozma|Necrozma-Dusk-Mane|100/100
|turn|1
|inactive|ULT4PDR 8truc has 120 seconds left.
|
|t:|1654062367
|move|p2a: Necrozma|Sunsteel Strike|p1a: Shuckle
|-supereffective|p1a: Shuckle
|-damage|p1a: Shuckle|46/100
|move|p1a: Shuckle|Sticky Web|p2a: Necrozma
|-sidestart|p2: ULT4PDR 8truc|move: Sticky Web
|
|upkeep
|turn|2
|inactive|ULT4PDR 8truc has 120 seconds left.
|inactive|ULT4PDR 8truc has 90 seconds left.
|
|t:|1654062415
|switch|p1a: Necrozma|Necrozma-Dusk-Mane|100/100
|move|p2a: Necrozma|Sunsteel Strike|p1a: Necrozma
|-resisted|p1a: Necrozma
|-damage|p1a: Necrozma|82/100
|
|upkeep
|turn|3
|
|t:|1654062423
|switch|p2a: Zygarde|Zygarde|100/100
|-activate|p2a: Zygarde|move: Sticky Web
|-unboost|p2a: Zygarde|spe|1
|move|p1a: Necrozma|Dragon Dance|p1a: Necrozma
|-boost|p1a: Necrozma|atk|1
|-boost|p1a: Necrozma|spe|1
|
|upkeep
|turn|4
|inactive|ULT4PDR 8truc has 90 seconds left.
|
|t:|1654062441
|move|p1a: Necrozma|Knock Off|p2a: Zygarde
|-damage|p2a: Zygarde|73/100
|-enditem|p2a: Zygarde|Leftovers|[from] move: Knock Off|[of] p1a: Necrozma
|move|p2a: Zygarde|Glare|p1a: Necrozma
|-status|p1a: Necrozma|par
|
|upkeep
|turn|5
|inactive|bald ben has 120 seconds left.
|
|t:|1654062483
|switch|p1a: Shuckle|Shuckle, M|46/100
|move|p2a: Zygarde|Coil|p2a: Zygarde
|-boost|p2a: Zygarde|atk|1
|-boost|p2a: Zygarde|def|1
|-boost|p2a: Zygarde|accuracy|1
|
|upkeep
|turn|6
|
|t:|1654062490
|move|p2a: Zygarde|Thousand Arrows|p1a: Shuckle
|-damage|p1a: Shuckle|21/100
|move|p1a: Shuckle|Stealth Rock|p2a: Zygarde
|-sidestart|p2: ULT4PDR 8truc|move: Stealth Rock
|
|upkeep
|turn|7
|j| ULT4PDR Be spoiled
|inactive|bald ben has 120 seconds left.
|c| ULT4PDR Be spoiled|可恶的黑龙狗
|inactive|bald ben has 90 seconds left.
|
|t:|1654062541
|move|p2a: Zygarde|Thousand Arrows|p1a: Shuckle
|-damage|p1a: Shuckle|0 fnt
|faint|p1a: Shuckle
|
|upkeep
|
|t:|1654062545
|switch|p1a: Marshadow|Marshadow|100/100
|turn|8
|inactive|bald ben has 90 seconds left.
|inactive|ULT4PDR 8truc has 120 seconds left.
|
|t:|1654062557
|move|p1a: Marshadow|Spectral Thief||[still]
|-clearpositiveboost|p2a: Zygarde|p1a: Marshadow|move: Spectral Thief
|-boost|p1a: Marshadow|atk|1
|-boost|p1a: Marshadow|def|1
|-boost|p1a: Marshadow|accuracy|1
|-anim|p1a: Marshadow|Spectral Thief|p2a: Zygarde
|-damage|p2a: Zygarde|25/100
|-damage|p1a: Marshadow|91/100|[from] item: Life Orb
|move|p2a: Zygarde|Glare|p1a: Marshadow
|-status|p1a: Marshadow|par
|
|-activate|p2a: Zygarde|ability: Power Construct
|detailschange|p2a: Zygarde|Zygarde-Complete
|-heal|p2a: Zygarde|51/100|[silent]
|upkeep
|turn|9
|inactive|bald ben has 90 seconds left.
|inactive|ULT4PDR 8truc has 120 seconds left.
|
|t:|1654062577
|switch|p2a: Yveltal|Yveltal|100/100
|-ability|p2a: Yveltal|Dark Aura
|move|p1a: Marshadow|Bulk Up|p1a: Marshadow
|-boost|p1a: Marshadow|atk|1
|-boost|p1a: Marshadow|def|1
|
|upkeep
|turn|10
|
|t:|1654062580
|move|p2a: Yveltal|Defog|p1a: Marshadow
|-unboost|p1a: Marshadow|evasion|1
|-sideend|p2: ULT4PDR 8truc|Stealth Rock|[from] move: Defog|[of] p2a: Yveltal
|-sideend|p2: ULT4PDR 8truc|Sticky Web|[from] move: Defog|[of] p2a: Yveltal
|move|p1a: Marshadow|Low Kick|p2a: Yveltal
|-damage|p2a: Yveltal|0 fnt
|faint|p2a: Yveltal
|-damage|p1a: Marshadow|81/100 par|[from] item: Life Orb
|
|upkeep
|
|t:|1654062590
|switch|p2a: Eternatus|Eternatus|100/100
|-ability|p2a: Eternatus|Pressure
|turn|11
|
|t:|1654062593
|move|p2a: Eternatus|Dynamax Cannon|p1a: Marshadow
|-damage|p1a: Marshadow|26/100 par
|move|p1a: Marshadow|Spectral Thief|p2a: Eternatus
|-damage|p2a: Eternatus|0 fnt
|faint|p2a: Eternatus
|-damage|p1a: Marshadow|16/100 par|[from] item: Life Orb
|
|upkeep
|
|t:|1654062597
|switch|p2a: Marshadow|Marshadow|100/100
|turn|12
|
|t:|1654062599
|switch|p2a: Ferrothorn|Ferrothorn, M|100/100
|move|p1a: Marshadow|Shadow Sneak|p2a: Ferrothorn
|-damage|p2a: Ferrothorn|48/100
|-damage|p1a: Marshadow|4/100 par|[from] ability: Iron Barbs|[of] p2a: Ferrothorn
|-damage|p1a: Marshadow|0 fnt|[from] item: Life Orb
|faint|p1a: Marshadow
|
|-heal|p2a: Ferrothorn|54/100|[from] item: Leftovers
|upkeep
|inactive|bald ben has 120 seconds left.
|
|t:|1654062606
|switch|p1a: Yveltal|Yveltal|100/100
|-ability|p1a: Yveltal|Dark Aura
|turn|13
|
|t:|1654062611
|move|p1a: Yveltal|Dark Pulse|p2a: Ferrothorn
|-damage|p2a: Ferrothorn|0 fnt
|faint|p2a: Ferrothorn
|-damage|p1a: Yveltal|91/100|[from] item: Life Orb
|
|upkeep
|
|t:|1654062617
|switch|p2a: Marshadow|Marshadow|100/100
|turn|14
|
|t:|1654062619
|move|p2a: Marshadow|Close Combat|p1a: Yveltal
|-damage|p1a: Yveltal|0 fnt
|-unboost|p2a: Marshadow|def|1
|-unboost|p2a: Marshadow|spd|1
|faint|p1a: Yveltal
|
|upkeep
|
|t:|1654062623
|switch|p1a: Weavile|Weavile, F|100/100
|-ability|p1a: Weavile|Pressure
|turn|15
|j| ULT4PDR bbats
|
|t:|1654062627
|switch|p2a: Necrozma|Necrozma-Dusk-Mane|100/100
|move|p1a: Weavile|Knock Off|p2a: Necrozma
|-supereffective|p2a: Necrozma
|-damage|p2a: Necrozma|30/100
|-enditem|p2a: Necrozma|Leftovers|[from] move: Knock Off|[of] p1a: Weavile
|-damage|p1a: Weavile|91/100|[from] item: Life Orb
|
|upkeep
|turn|16
|
|t:|1654062636
|move|p1a: Weavile|Knock Off|p2a: Necrozma
|-supereffective|p2a: Necrozma
|-damage|p2a: Necrozma|0 fnt
|faint|p2a: Necrozma
|-damage|p1a: Weavile|81/100|[from] item: Life Orb
|
|upkeep
|
|t:|1654062638
|switch|p2a: Marshadow|Marshadow|100/100
|turn|17
|j| Sigma2048
|
|t:|1654062641
|move|p1a: Weavile|Knock Off|p2a: Marshadow
|-damage|p2a: Marshadow|15/100
|-enditem|p2a: Marshadow|Choice Band|[from] move: Knock Off|[of] p1a: Weavile
|-damage|p1a: Weavile|71/100|[from] item: Life Orb
|move|p2a: Marshadow|Close Combat|p1a: Weavile
|-supereffective|p1a: Weavile
|-damage|p1a: Weavile|0 fnt
|-unboost|p2a: Marshadow|def|1
|-unboost|p2a: Marshadow|spd|1
|faint|p1a: Weavile
|
|upkeep
|
|t:|1654062643
|switch|p1a: Zekrom|Zekrom|100/100
|-ability|p1a: Zekrom|Teravolt
|turn|18
|
|t:|1654062650
|move|p2a: Marshadow|Rock Tomb|p1a: Zekrom
|-damage|p1a: Zekrom|73/100
|-unboost|p1a: Zekrom|spe|1
|move|p1a: Zekrom|Dragon Claw|p2a: Marshadow
|-damage|p2a: Marshadow|0 fnt
|faint|p2a: Marshadow
|
|upkeep
|
|t:|1654062652
|switch|p2a: Zygarde|Zygarde-Complete|51/100
|turn|19
|
|t:|1654062654
|move|p2a: Zygarde|Coil|p2a: Zygarde
|-boost|p2a: Zygarde|atk|1
|-boost|p2a: Zygarde|def|1
|-boost|p2a: Zygarde|accuracy|1
|move|p1a: Zekrom|Dragon Claw|p2a: Zygarde
|-supereffective|p2a: Zygarde
|-damage|p2a: Zygarde|29/100
|
|upkeep
|turn|20
|
|t:|1654062663
|move|p2a: Zygarde|Thousand Arrows|p1a: Zekrom
|-supereffective|p1a: Zekrom
|-damage|p1a: Zekrom|0 fnt
|faint|p1a: Zekrom
|
|upkeep
|
|t:|1654062666
|switch|p1a: Necrozma|Necrozma-Dusk-Mane|82/100 par
|turn|21
|
|t:|1654062670
|move|p2a: Zygarde|Rest|p2a: Zygarde
|-status|p2a: Zygarde|slp|[from] move: Rest
|-heal|p2a: Zygarde|100/100 slp|[silent]
|move|p1a: Necrozma|Sunsteel Strike|p2a: Zygarde
|-damage|p2a: Zygarde|87/100 slp
|
|upkeep
|turn|22
|-message|bald ben forfeited.
|
|win|ULT4PDR 8truc
|raw|bald ben's rating: 1501 &rarr; <strong>1477</strong><br />(-24 for losing)
|raw|ULT4PDR 8truc's rating: 1430 &rarr; <strong>1454</strong><br />(+24 for winning)
|l|☆bald ben
