|j|☆bhahn
|j|☆Squire Emvee
|t:|1607317774
|player|p1|bhahn|wallace-gen3|
|player|p2|Squire Emvee|norman-gen3|
|teamsize|p1|6
|teamsize|p2|6
|gametype|singles
|gen|8
|tier|[Gen 8] Ubers
|rated|Tournament battle
|clearpoke
|poke|p1|Necrozma-Dusk-Mane|
|poke|p1|Eternatus|
|poke|p1|Kyogre|
|poke|p1|Xerneas|
|poke|p1|Yveltal|
|poke|p1|Zacian-Crowned|
|poke|p2|Excadrill, M|
|poke|p2|Slurpuff, F|
|poke|p2|Marshadow|
|poke|p2|Dracovish|
|poke|p2|Zacian-Crowned|
|poke|p2|Yveltal|
|rule|Sleep Clause Mod: Limit one foe put to sleep
|rule|Species Clause: Limit one of each Pokémon
|rule|OHKO Clause: OHKO moves are banned
|rule|Evasion Moves Clause: Evasion moves are banned
|rule|Endless Battle Clause: Forcing endless battles is banned
|rule|HP Percentage Mod: HP is shown in percentages
|rule|Dynamax Clause: You cannot dynamax
|teampreview
|j| Mega Zygarde-100%@!
|j| DoinSomeUbers
|j| icicle ninja
|j|%Fc04
|j| digger bik
|c|☆Squire Emvee|gl
|
|t:|1607317797
|start
|switch|p1a: Yveltal|Yveltal|100/100
|switch|p2a: Slurpuff|Slurpuff, F|100/100
|-ability|p1a: Yveltal|Dark Aura
|turn|1
|
|t:|1607317803
|switch|p2a: Zacian|Zacian-Crowned|100/100
|-ability|p2a: Zacian|Intrepid Sword|boost
|-boost|p2a: Zacian|atk|1
|move|p1a: Yveltal|U-turn|p2a: Zacian
|-resisted|p2a: Zacian
|-damage|p2a: Zacian|95/100
|
|t:|1607317806
|switch|p1a: Kyogre|Kyogre|100/100|[from]move: U-turn
|-weather|RainDance|[from] ability: Drizzle|[of] p1a: Kyogre
|
|-weather|RainDance|[upkeep]
|upkeep
|turn|2
|
|t:|1607317810
|switch|p2a: Dracovish|Dracovish|100/100
|move|p1a: Kyogre|Water Spout|p2a: Dracovish
|-resisted|p2a: Dracovish
|-damage|p2a: Dracovish|60/100
|
|-weather|RainDance|[upkeep]
|upkeep
|turn|3
|
|t:|1607317836
|move|p1a: Kyogre|Water Spout|p2a: Dracovish
|-resisted|p2a: Dracovish
|-damage|p2a: Dracovish|17/100
|move|p2a: Dracovish|Fishious Rend|p1a: Kyogre
|-resisted|p1a: Kyogre
|-damage|p1a: Kyogre|32/100
|
|-weather|RainDance|[upkeep]
|upkeep
|turn|4
|
|t:|1607317861
|switch|p1a: Necrozma|Necrozma-Dusk-Mane|100/100
|move|p2a: Dracovish|Fishious Rend|p1a: Necrozma
|-damage|p1a: Necrozma|0 fnt
|-damage|p2a: Dracovish|0 fnt|[from] item: Rocky Helmet|[of] p1a: Necrozma
|faint|p1a: Necrozma
|faint|p2a: Dracovish
|
|-weather|RainDance|[upkeep]
|upkeep
|
|t:|1607317871
|switch|p2a: Slurpuff|Slurpuff, F|100/100
|switch|p1a: Yveltal|Yveltal|100/100
|-ability|p1a: Yveltal|Dark Aura
|turn|5
|j| FearNeverDies
|
|t:|1607317893
|move|p2a: Slurpuff|Sticky Web|p1a: Yveltal
|-sidestart|p1: bhahn|move: Sticky Web
|move|p1a: Yveltal|U-turn|p2a: Slurpuff
|-resisted|p2a: Slurpuff
|-damage|p2a: Slurpuff|80/100
|
|t:|1607317904
|switch|p1a: Kyogre|Kyogre|32/100|[from]move: U-turn
|-activate|p1a: Kyogre|move: Sticky Web
|-unboost|p1a: Kyogre|spe|1
|
|-weather|none
|upkeep
|turn|6
|
|t:|1607317912
|move|p1a: Kyogre|Origin Pulse|p2a: Slurpuff
|-damage|p2a: Slurpuff|0 fnt
|faint|p2a: Slurpuff
|
|upkeep
|
|t:|1607317930
|switch|p2a: Zacian|Zacian-Crowned|95/100
|-ability|p2a: Zacian|Intrepid Sword|boost
|-boost|p2a: Zacian|atk|1
|turn|7
|j| 566454j
|j|@squinn
|l| 566454j
|j| 566454j
|
|t:|1607317964
|move|p2a: Zacian|Behemoth Blade|p1a: Kyogre
|-resisted|p1a: Kyogre
|-damage|p1a: Kyogre|0 fnt
|faint|p1a: Kyogre
|
|upkeep
|l| 566454j
|l|%Fc04
|l| Mega Zygarde-100%
|
|t:|1607317999
|switch|p1a: Eternatus|Eternatus|100/100
|-activate|p1a: Eternatus|move: Sticky Web
|-unboost|p1a: Eternatus|spe|1
|-ability|p1a: Eternatus|Pressure
|turn|8
|
|t:|1607318008
|switch|p2a: Yveltal|Yveltal|100/100
|-ability|p2a: Yveltal|Dark Aura
|move|p1a: Eternatus|Flamethrower|p2a: Yveltal
|-damage|p2a: Yveltal|75/100
|
|upkeep
|turn|9
|j| CURSEDSTAR
|
|t:|1607318035
|switch|p1a: Zacian|Zacian-Crowned|100/100
|-activate|p1a: Zacian|move: Sticky Web
|-unboost|p1a: Zacian|spe|1
|-ability|p1a: Zacian|Intrepid Sword|boost
|-boost|p1a: Zacian|atk|1
|move|p2a: Yveltal|Oblivion Wing|p1a: Zacian
|-resisted|p1a: Zacian
|-damage|p1a: Zacian|71/100
|-heal|p2a: Yveltal|93/100|[from] drain|[of] p1a: Zacian
|-damage|p2a: Yveltal|83/100|[from] item: Life Orb
|
|upkeep
|turn|10
|
|t:|1607318066
|move|p2a: Yveltal|Heat Wave|p1a: Zacian
|-supereffective|p1a: Zacian
|-damage|p1a: Zacian|0 fnt
|-damage|p2a: Yveltal|74/100|[from] item: Life Orb
|faint|p1a: Zacian
|
|upkeep
|
|t:|1607318083
|switch|p1a: Xerneas|Xerneas|100/100
|-activate|p1a: Xerneas|move: Sticky Web
|-unboost|p1a: Xerneas|spe|1
|-ability|p1a: Xerneas|Fairy Aura
|turn|11
|
|t:|1607318089
|move|p2a: Yveltal|Oblivion Wing|p1a: Xerneas
|-damage|p1a: Xerneas|52/100
|-heal|p2a: Yveltal|100/100|[from] drain|[of] p1a: Xerneas
|-damage|p2a: Yveltal|91/100|[from] item: Life Orb
|move|p1a: Xerneas|Moonblast|p2a: Yveltal
|-supereffective|p2a: Yveltal
|-damage|p2a: Yveltal|0 fnt
|faint|p2a: Yveltal
|
|upkeep
|
|t:|1607318098
|switch|p2a: Zacian|Zacian-Crowned|95/100
|-ability|p2a: Zacian|Intrepid Sword|boost
|-boost|p2a: Zacian|atk|1
|turn|12
|
|t:|1607318113
|move|p2a: Zacian|Behemoth Blade|p1a: Xerneas
|-supereffective|p1a: Xerneas
|-damage|p1a: Xerneas|0 fnt
|faint|p1a: Xerneas
|
|upkeep
|
|t:|1607318115
|switch|p1a: Eternatus|Eternatus|100/100
|-activate|p1a: Eternatus|move: Sticky Web
|-unboost|p1a: Eternatus|spe|1
|-ability|p1a: Eternatus|Pressure
|turn|13
|
|t:|1607318129
|move|p2a: Zacian|Behemoth Blade|p1a: Eternatus
|-damage|p1a: Eternatus|29/100
|move|p1a: Eternatus|Flamethrower|p2a: Zacian
|-supereffective|p2a: Zacian
|-damage|p2a: Zacian|45/100
|-status|p2a: Zacian|brn
|
|-heal|p1a: Eternatus|35/100|[from] item: Black Sludge
|-damage|p2a: Zacian|39/100 brn|[from] brn
|upkeep
|turn|14
|c|☆Squire Emvee|oof.
|
|t:|1607318171
|switch|p2a: Excadrill|Excadrill, M|100/100
|-ability|p2a: Excadrill|Mold Breaker
|move|p1a: Eternatus|Recover|p1a: Eternatus
|-heal|p1a: Eternatus|85/100
|
|-heal|p1a: Eternatus|91/100|[from] item: Black Sludge
|upkeep
|turn|15
|j|%Fc04
|
|t:|1607318202
|switch|p2a: Zacian|Zacian-Crowned|39/100 brn
|-ability|p2a: Zacian|Intrepid Sword|boost
|-boost|p2a: Zacian|atk|1
|switch|p1a: Yveltal|Yveltal|100/100
|-ability|p1a: Yveltal|Dark Aura
|
|-damage|p2a: Zacian|33/100 brn|[from] brn
|upkeep
|turn|16
|
|t:|1607318211
|move|p2a: Zacian|Wild Charge|p1a: Yveltal
|-supereffective|p1a: Yveltal
|-damage|p1a: Yveltal|47/100
|-damage|p2a: Zacian|15/100 brn|[from] Recoil
|move|p1a: Yveltal|Foul Play|p2a: Zacian
|-resisted|p2a: Zacian
|-damage|p2a: Zacian|0 fnt
|faint|p2a: Zacian
|
|upkeep
|
|t:|1607318217
|switch|p2a: Marshadow|Marshadow|100/100
|turn|17
|
|t:|1607318228
|move|p2a: Marshadow|Rock Tomb|p1a: Yveltal
|-supereffective|p1a: Yveltal
|-damage|p1a: Yveltal|0 fnt
|faint|p1a: Yveltal
|
|upkeep
|
|t:|1607318231
|switch|p1a: Eternatus|Eternatus|91/100
|-activate|p1a: Eternatus|move: Sticky Web
|-unboost|p1a: Eternatus|spe|1
|-ability|p1a: Eternatus|Pressure
|turn|18
|inactive|Battle timer is ON: inactive players will automatically lose when time's up. (requested by bhahn)
|
|t:|1607318278
|move|p2a: Marshadow|Spectral Thief|p1a: Eternatus
|-damage|p1a: Eternatus|58/100
|move|p1a: Eternatus|Dynamax Cannon|p2a: Marshadow
|-damage|p2a: Marshadow|43/100
|
|-heal|p1a: Eternatus|64/100|[from] item: Black Sludge
|upkeep
|turn|19
|
|t:|1607318300
|move|p2a: Marshadow|Spectral Thief|p1a: Eternatus
|-crit|p1a: Eternatus
|-damage|p1a: Eternatus|16/100
|move|p1a: Eternatus|Recover|p1a: Eternatus
|-heal|p1a: Eternatus|66/100
|
|-heal|p1a: Eternatus|72/100|[from] item: Black Sludge
|upkeep
|turn|20
|
|t:|1607318311
|move|p2a: Marshadow|Spectral Thief|p1a: Eternatus
|-damage|p1a: Eternatus|42/100
|move|p1a: Eternatus|Recover|p1a: Eternatus
|-heal|p1a: Eternatus|92/100
|
|-heal|p1a: Eternatus|98/100|[from] item: Black Sludge
|upkeep
|turn|21
|
|t:|1607318317
|move|p2a: Marshadow|Spectral Thief|p1a: Eternatus
|-damage|p1a: Eternatus|68/100
|move|p1a: Eternatus|Dynamax Cannon|p2a: Marshadow
|-damage|p2a: Marshadow|0 fnt
|faint|p2a: Marshadow
|
|-heal|p1a: Eternatus|74/100|[from] item: Black Sludge
|upkeep
|
|t:|1607318319
|switch|p2a: Excadrill|Excadrill, M|100/100
|-ability|p2a: Excadrill|Mold Breaker
|turn|22
|
|t:|1607318324
|move|p2a: Excadrill|Earthquake|p1a: Eternatus
|-supereffective|p1a: Eternatus
|-damage|p1a: Eternatus|0 fnt
|faint|p1a: Eternatus
|
|win|Squire Emvee
|n|☆bhahn|bhahn
|n|☆Squire Emvee|squireemvee
|n| DoinSomeUbers|doinsomeubers
|n| icicle ninja|icicleninja
|n| digger bik|diggerbik
|n| FearNeverDies|fearneverdies
|n| squinn|squinn
|n| CURSEDSTAR|cursedstar
|n| Fc04|fc04
