|j|☆Czefkuu
|j|☆LubieMorenke
|t:|1669919706
|gametype|singles
|player|p1|Czefkuu|2|
|player|p2|LubieMorenke|2|
|teamsize|p1|6
|teamsize|p2|6
|gen|8
|tier|[Gen 8] Ubers
|rule|Sleep Clause Mod: Limit one foe put to sleep
|rule|Species Clause: Limit one of each Pokémon
|rule|OHKO Clause: OHKO moves are banned
|rule|Evasion Items Clause: Evasion items are banned
|rule|Evasion Moves Clause: Evasion moves are banned
|rule|Endless Battle Clause: Forcing endless battles is banned
|rule|HP Percentage Mod: HP is shown in percentages
|rule|Dynamax Clause: You cannot dynamax
|clearpoke
|poke|p1|Zygarde|
|poke|p1|Necrozma-Dusk-Mane|
|poke|p1|Yveltal|
|poke|p1|Calyrex-Shadow|
|poke|p1|Xerneas-*|
|poke|p1|Zekrom|
|poke|p2|Yveltal|
|poke|p2|Calyrex-Shadow|
|poke|p2|Darmanitan-Galar, F|
|poke|p2|Eternatus|
|poke|p2|Marshadow|
|poke|p2|Necrozma-Dusk-Mane|
|teampreview
|
|t:|1669919721
|start
|switch|p1a: Calyrex|Calyrex-Shadow|100/100
|switch|p2a: Darmanitan|Darmanitan-Galar, F|100/100
|-ability|p1a: Calyrex|As One
|-ability|p1a: Calyrex|Unnerve
|turn|1
|
|t:|1669919728
|switch|p2a: Yveltal|Yveltal|100/100
|-ability|p2a: Yveltal|Dark Aura
|move|p1a: Calyrex|Astral Barrage|p2a: Yveltal
|-resisted|p2a: Yveltal
|-damage|p2a: Yveltal|80/100
|
|upkeep
|turn|2
|
|t:|1669919733
|switch|p1a: Yveltal|Yveltal|100/100
|-ability|p1a: Yveltal|Dark Aura
|move|p2a: Yveltal|U-turn|p1a: Yveltal
|-damage|p1a: Yveltal|82/100
|
|t:|1669919736
|switch|p2a: Darmanitan|Darmanitan-Galar, F|100/100|[from] U-turn
|
|upkeep
|turn|3
|
|t:|1669919751
|switch|p1a: Necrozma|Necrozma-Dusk-Mane|100/100
|move|p2a: Darmanitan|Icicle Crash|p1a: Necrozma|[miss]
|-miss|p2a: Darmanitan|p1a: Necrozma
|
|upkeep
|turn|4
|
|t:|1669919760
|switch|p2a: Necrozma|Necrozma-Dusk-Mane|100/100
|move|p1a: Necrozma|Stealth Rock|p2a: Necrozma
|-sidestart|p2: LubieMorenke|move: Stealth Rock
|
|upkeep
|turn|5
|
|t:|1669919764
|switch|p1a: Zygarde|Zygarde|100/100
|move|p2a: Necrozma|Stealth Rock|p1a: Zygarde
|-sidestart|p1: Czefkuu|move: Stealth Rock
|
|upkeep
|turn|6
|
|t:|1669919779
|switch|p2a: Yveltal|Yveltal|80/100
|-ability|p2a: Yveltal|Dark Aura
|move|p1a: Zygarde|Glare|p2a: Yveltal
|-status|p2a: Yveltal|par
|
|upkeep
|turn|7
|
|t:|1669919785
|move|p1a: Zygarde|Thousand Arrows|p2a: Yveltal
|-damage|p2a: Yveltal|56/100 par
|-start|p2a: Yveltal|Smack Down
|move|p2a: Yveltal|U-turn|p1a: Zygarde
|-damage|p1a: Zygarde|91/100
|
|t:|1669919789
|switch|p2a: Darmanitan|Darmanitan-Galar, F|100/100|[from] U-turn
|-damage|p2a: Darmanitan|75/100|[from] Stealth Rock
|
|-heal|p1a: Zygarde|97/100|[from] item: Leftovers
|upkeep
|turn|8
|inactive|Battle timer is ON: inactive players will automatically lose when time's up. (requested by Czefkuu)
|
|t:|1669919795
|switch|p1a: Necrozma|Necrozma-Dusk-Mane|100/100
|-damage|p1a: Necrozma|94/100|[from] Stealth Rock
|move|p2a: Darmanitan|Icicle Crash|p1a: Necrozma
|-resisted|p1a: Necrozma
|-damage|p1a: Necrozma|71/100
|
|upkeep
|turn|9
|
|t:|1669919800
|switch|p2a: Yveltal|Yveltal|56/100 par
|-ability|p2a: Yveltal|Dark Aura
|move|p1a: Necrozma|Sunsteel Strike|p2a: Yveltal
|-damage|p2a: Yveltal|13/100 par
|
|upkeep
|turn|10
|
|t:|1669919805
|switch|p2a: Necrozma|Necrozma-Dusk-Mane|100/100
|-damage|p2a: Necrozma|94/100|[from] Stealth Rock
|move|p1a: Necrozma|Sunsteel Strike|p2a: Necrozma
|-resisted|p2a: Necrozma
|-damage|p2a: Necrozma|77/100
|-damage|p1a: Necrozma|55/100|[from] item: Rocky Helmet|[of] p2a: Necrozma
|
|upkeep
|turn|11
|
|t:|1669919810
|switch|p2a: Yveltal|Yveltal|13/100 par
|-ability|p2a: Yveltal|Dark Aura
|move|p1a: Necrozma|Morning Sun|p1a: Necrozma
|-heal|p1a: Necrozma|100/100
|
|upkeep
|turn|12
|
|t:|1669919820
|switch|p2a: Necrozma|Necrozma-Dusk-Mane|77/100
|-damage|p2a: Necrozma|71/100|[from] Stealth Rock
|move|p1a: Necrozma|Sunsteel Strike|p2a: Necrozma
|-resisted|p2a: Necrozma
|-damage|p2a: Necrozma|54/100
|-damage|p1a: Necrozma|84/100|[from] item: Rocky Helmet|[of] p2a: Necrozma
|
|upkeep
|turn|13
|
|t:|1669919824
|move|p2a: Necrozma|Morning Sun|p2a: Necrozma
|-heal|p2a: Necrozma|100/100
|move|p1a: Necrozma|Sunsteel Strike|p2a: Necrozma
|-resisted|p2a: Necrozma
|-damage|p2a: Necrozma|84/100
|-damage|p1a: Necrozma|67/100|[from] item: Rocky Helmet|[of] p2a: Necrozma
|
|upkeep
|turn|14
|
|t:|1669919832
|move|p2a: Necrozma|Sunsteel Strike|p1a: Necrozma
|-resisted|p1a: Necrozma
|-damage|p1a: Necrozma|48/100
|-damage|p2a: Necrozma|67/100|[from] item: Rocky Helmet|[of] p1a: Necrozma
|move|p1a: Necrozma|Morning Sun|p1a: Necrozma
|-heal|p1a: Necrozma|98/100
|
|upkeep
|turn|15
|
|t:|1669919839
|switch|p1a: Zygarde|Zygarde|97/100
|-damage|p1a: Zygarde|91/100|[from] Stealth Rock
|move|p2a: Necrozma|Thunder Wave|p1a: Zygarde
|-immune|p1a: Zygarde
|
|-heal|p1a: Zygarde|97/100|[from] item: Leftovers
|upkeep
|turn|16
|
|t:|1669919850
|move|p1a: Zygarde|Glare|p2a: Necrozma
|-status|p2a: Necrozma|par
|move|p2a: Necrozma|Sunsteel Strike|p1a: Zygarde
|-damage|p1a: Zygarde|72/100
|
|-heal|p1a: Zygarde|78/100|[from] item: Leftovers
|upkeep
|turn|17
|
|t:|1669919857
|move|p1a: Zygarde|Thousand Arrows|p2a: Necrozma
|-supereffective|p2a: Necrozma
|-damage|p2a: Necrozma|35/100 par
|cant|p2a: Necrozma|par
|
|-heal|p1a: Zygarde|85/100|[from] item: Leftovers
|upkeep
|turn|18
|
|t:|1669919862
|move|p1a: Zygarde|Thousand Arrows|p2a: Necrozma
|-supereffective|p2a: Necrozma
|-damage|p2a: Necrozma|5/100 par
|move|p2a: Necrozma|Morning Sun|p2a: Necrozma
|-heal|p2a: Necrozma|55/100 par
|
|-heal|p1a: Zygarde|91/100|[from] item: Leftovers
|upkeep
|turn|19
|
|t:|1669919880
|switch|p2a: Yveltal|Yveltal|13/100 par
|-ability|p2a: Yveltal|Dark Aura
|move|p1a: Zygarde|Coil|p1a: Zygarde
|-boost|p1a: Zygarde|atk|1
|-boost|p1a: Zygarde|def|1
|-boost|p1a: Zygarde|accuracy|1
|
|-heal|p1a: Zygarde|97/100|[from] item: Leftovers
|upkeep
|turn|20
|
|t:|1669919885
|move|p1a: Zygarde|Thousand Arrows|p2a: Yveltal
|-damage|p2a: Yveltal|0 fnt
|faint|p2a: Yveltal
|
|-heal|p1a: Zygarde|100/100|[from] item: Leftovers
|upkeep
|
|t:|1669919891
|switch|p2a: Darmanitan|Darmanitan-Galar, F|75/100
|-damage|p2a: Darmanitan|50/100|[from] Stealth Rock
|turn|21
|
|t:|1669919899
|switch|p1a: Necrozma|Necrozma-Dusk-Mane|98/100
|-damage|p1a: Necrozma|92/100|[from] Stealth Rock
|move|p2a: Darmanitan|Icicle Crash|p1a: Necrozma
|-resisted|p1a: Necrozma
|-damage|p1a: Necrozma|66/100
|
|upkeep
|turn|22
|
|t:|1669919904
|switch|p2a: Necrozma|Necrozma-Dusk-Mane|55/100 par
|-damage|p2a: Necrozma|49/100 par|[from] Stealth Rock
|move|p1a: Necrozma|Morning Sun|p1a: Necrozma
|-heal|p1a: Necrozma|100/100
|
|upkeep
|turn|23
|
|t:|1669919906
|move|p1a: Necrozma|Earthquake|p2a: Necrozma
|-supereffective|p2a: Necrozma
|-damage|p2a: Necrozma|14/100 par
|move|p2a: Necrozma|Morning Sun|p2a: Necrozma
|-heal|p2a: Necrozma|64/100 par
|
|upkeep
|turn|24
|
|t:|1669919913
|move|p1a: Necrozma|Earthquake|p2a: Necrozma
|-supereffective|p2a: Necrozma
|-damage|p2a: Necrozma|31/100 par
|cant|p2a: Necrozma|par
|
|upkeep
|turn|25
|
|t:|1669919927
|move|p1a: Necrozma|Earthquake|p2a: Necrozma
|-supereffective|p2a: Necrozma
|-damage|p2a: Necrozma|0 fnt
|faint|p2a: Necrozma
|
|upkeep
|
|t:|1669919929
|switch|p2a: Calyrex|Calyrex-Shadow|100/100
|-ability|p2a: Calyrex|As One
|-ability|p2a: Calyrex|Unnerve
|-damage|p2a: Calyrex|88/100|[from] Stealth Rock
|turn|26
|
|t:|1669919933
|switch|p1a: Yveltal|Yveltal|82/100
|-ability|p1a: Yveltal|Dark Aura
|move|p2a: Calyrex|Substitute|p2a: Calyrex
|-start|p2a: Calyrex|Substitute
|-damage|p2a: Calyrex|63/100
|
|-heal|p2a: Calyrex|70/100|[from] item: Leftovers
|upkeep
|turn|27
|
|t:|1669919936
|move|p2a: Calyrex|Leech Seed|p1a: Yveltal
|-start|p1a: Yveltal|move: Leech Seed
|move|p1a: Yveltal|Knock Off|p2a: Calyrex
|-supereffective|p2a: Calyrex
|-end|p2a: Calyrex|Substitute
|
|-heal|p2a: Calyrex|76/100|[from] item: Leftovers
|-damage|p1a: Yveltal|70/100|[from] Leech Seed|[of] p2a: Calyrex
|-heal|p2a: Calyrex|90/100|[silent]
|upkeep
|turn|28
|
|t:|1669919945
|move|p2a: Calyrex|Substitute|p2a: Calyrex
|-start|p2a: Calyrex|Substitute
|-damage|p2a: Calyrex|65/100
|move|p1a: Yveltal|Knock Off|p2a: Calyrex
|-supereffective|p2a: Calyrex
|-end|p2a: Calyrex|Substitute
|
|-heal|p2a: Calyrex|71/100|[from] item: Leftovers
|-damage|p1a: Yveltal|57/100|[from] Leech Seed|[of] p2a: Calyrex
|-heal|p2a: Calyrex|86/100|[silent]
|upkeep
|turn|29
|
|t:|1669919950
|switch|p1a: Xerneas|Xerneas|100/100
|-damage|p1a: Xerneas|88/100|[from] Stealth Rock
|-ability|p1a: Xerneas|Fairy Aura
|move|p2a: Calyrex|Substitute|p2a: Calyrex
|-start|p2a: Calyrex|Substitute
|-damage|p2a: Calyrex|61/100
|
|-heal|p2a: Calyrex|67/100|[from] item: Leftovers
|upkeep
|turn|30
|
|t:|1669919954
|move|p1a: Xerneas|Moonblast|p2a: Calyrex
|-end|p2a: Calyrex|Substitute
|move|p2a: Calyrex|Leech Seed|p1a: Xerneas
|-start|p1a: Xerneas|move: Leech Seed
|
|-heal|p2a: Calyrex|73/100|[from] item: Leftovers
|-damage|p1a: Xerneas|76/100|[from] Leech Seed|[of] p2a: Calyrex
|-heal|p2a: Calyrex|87/100|[silent]
|upkeep
|turn|31
|
|t:|1669919962
|switch|p2a: Eternatus|Eternatus|100/100
|-damage|p2a: Eternatus|88/100|[from] Stealth Rock
|-ability|p2a: Eternatus|Pressure
|move|p1a: Xerneas|Moonblast|p2a: Eternatus
|-damage|p2a: Eternatus|31/100
|
|-heal|p2a: Eternatus|37/100|[from] item: Leftovers
|-damage|p1a: Xerneas|63/100|[from] Leech Seed|[of] p2a: Eternatus
|-heal|p2a: Eternatus|47/100|[silent]
|upkeep
|turn|32
|
|t:|1669919980
|move|p1a: Xerneas|Moonblast|p2a: Eternatus
|-damage|p2a: Eternatus|0 fnt
|faint|p2a: Eternatus
|
|upkeep
|
|t:|1669919983
|switch|p2a: Darmanitan|Darmanitan-Galar, F|50/100
|-damage|p2a: Darmanitan|25/100|[from] Stealth Rock
|turn|33
|
|t:|1669919993
|switch|p1a: Necrozma|Necrozma-Dusk-Mane|100/100
|-damage|p1a: Necrozma|94/100|[from] Stealth Rock
|move|p2a: Darmanitan|U-turn|p1a: Necrozma
|-damage|p1a: Necrozma|70/100
|-damage|p2a: Darmanitan|9/100|[from] item: Rocky Helmet|[of] p1a: Necrozma
|
|t:|1669919995
|switch|p2a: Calyrex|Calyrex-Shadow|87/100|[from] U-turn
|-ability|p2a: Calyrex|As One
|-ability|p2a: Calyrex|Unnerve
|-damage|p2a: Calyrex|75/100|[from] Stealth Rock
|
|-heal|p2a: Calyrex|81/100|[from] item: Leftovers
|upkeep
|turn|34
|
|t:|1669920009
|move|p2a: Calyrex|Substitute|p2a: Calyrex
|-start|p2a: Calyrex|Substitute
|-damage|p2a: Calyrex|56/100
|move|p1a: Necrozma|Sunsteel Strike|p2a: Calyrex
|-end|p2a: Calyrex|Substitute
|
|-heal|p2a: Calyrex|62/100|[from] item: Leftovers
|upkeep
|turn|35
|
|t:|1669920015
|move|p2a: Calyrex|Astral Barrage|p1a: Necrozma
|-supereffective|p1a: Necrozma
|-damage|p1a: Necrozma|0 fnt
|faint|p1a: Necrozma
|-ability|p2a: Calyrex|Grim Neigh|boost
|-boost|p2a: Calyrex|spa|1
|
|-heal|p2a: Calyrex|69/100|[from] item: Leftovers
|upkeep
|
|t:|1669920023
|switch|p1a: Yveltal|Yveltal|57/100
|-ability|p1a: Yveltal|Dark Aura
|turn|36
|
|t:|1669920028
|move|p2a: Calyrex|Draining Kiss|p1a: Yveltal
|-supereffective|p1a: Yveltal
|-damage|p1a: Yveltal|15/100
|-heal|p2a: Calyrex|100/100|[from] drain|[of] p1a: Yveltal
|move|p1a: Yveltal|Knock Off|p2a: Calyrex
|-supereffective|p2a: Calyrex
|-damage|p2a: Calyrex|0 fnt
|-enditem|p2a: Calyrex|Leftovers|[from] move: Knock Off|[of] p1a: Yveltal
|faint|p2a: Calyrex
|
|upkeep
|
|t:|1669920034
|switch|p2a: Marshadow|Marshadow|100/100
|-damage|p2a: Marshadow|94/100|[from] Stealth Rock
|turn|37
|
|t:|1669920041
|switch|p1a: Zygarde|Zygarde|100/100
|-damage|p1a: Zygarde|94/100|[from] Stealth Rock
|move|p2a: Marshadow|Ice Punch|p1a: Zygarde
|-supereffective|p1a: Zygarde
|-damage|p1a: Zygarde|39/100
|
|-heal|p1a: Zygarde|45/100|[from] item: Leftovers
|-activate|p1a: Zygarde|ability: Power Construct
|detailschange|p1a: Zygarde|Zygarde-Complete
|-heal|p1a: Zygarde|64/100|[silent]
|upkeep
|turn|38
|
|t:|1669920053
|move|p2a: Marshadow|Ice Punch|p1a: Zygarde
|-supereffective|p1a: Zygarde
|-damage|p1a: Zygarde|31/100
|move|p1a: Zygarde|Glare|p2a: Marshadow
|-status|p2a: Marshadow|par
|
|-heal|p1a: Zygarde|37/100|[from] item: Leftovers
|upkeep
|turn|39
|
|t:|1669920057
|move|p1a: Zygarde|Thousand Arrows|p2a: Marshadow
|-damage|p2a: Marshadow|57/100 par
|move|p2a: Marshadow|Ice Punch|p1a: Zygarde
|-supereffective|p1a: Zygarde
|-damage|p1a: Zygarde|0 fnt
|faint|p1a: Zygarde
|
|upkeep
|
|t:|1669920066
|switch|p1a: Xerneas|Xerneas|63/100
|-damage|p1a: Xerneas|51/100|[from] Stealth Rock
|-ability|p1a: Xerneas|Fairy Aura
|turn|40
|
|t:|1669920069
|move|p2a: Marshadow|Shadow Sneak|p1a: Xerneas
|-damage|p1a: Xerneas|22/100
|move|p1a: Xerneas|Moonblast|p2a: Marshadow
|-supereffective|p2a: Marshadow
|-damage|p2a: Marshadow|0 fnt
|faint|p2a: Marshadow
|
|upkeep
|
|t:|1669920073
|switch|p2a: Darmanitan|Darmanitan-Galar, F|9/100
|-damage|p2a: Darmanitan|0 fnt|[from] Stealth Rock
|faint|p2a: Darmanitan
|
|win|Czefkuu
|c|☆Czefkuu|gg
