|j|☆TogeBirlHQ
|j|☆Gliscor Maroto
|t:|1658421836
|gametype|singles
|player|p1|TogeBirlHQ|jogger|1531
|player|p2|Gliscor Maroto|lana|1333
|teamsize|p1|6
|teamsize|p2|6
|gen|8
|tier|[Gen 8] Ubers
|rated|
|rule|Sleep Clause Mod: Limit one foe put to sleep
|rule|Species Clause: Limit one of each Pokémon
|rule|OHKO Clause: OHKO moves are banned
|rule|Evasion Moves Clause: Evasion moves are banned
|rule|Endless Battle Clause: Forcing endless battles is banned
|rule|HP Percentage Mod: HP is shown in percentages
|rule|Dynamax Clause: You cannot dynamax
|clearpoke
|poke|p1|Calyrex-Shadow|
|poke|p1|Urshifu-*, M|
|poke|p1|Eternatus|
|poke|p1|Necrozma-Dusk-Mane|
|poke|p1|Yveltal|
|poke|p1|Ditto|
|poke|p2|Spectrier|
|poke|p2|Calyrex-Shadow|
|poke|p2|Yveltal|
|poke|p2|Necrozma-Dusk-Mane|
|poke|p2|Eternatus|
|poke|p2|Tangrowth, F|
|teampreview
|c|☆TogeBirlHQ|Oh i see
|c|☆TogeBirlHQ|A pokéaimd team ins't
|c|☆TogeBirlHQ|Of hyper beam spectrier
|c|☆TogeBirlHQ|Insteresting
|inactive|Battle timer is ON: inactive players will automatically lose when time's up. (requested by Gliscor Maroto)
|
|t:|1658421895
|start
|switch|p1a: Urshifu|Urshifu, M|100/100
|switch|p2a: Calyrex|Calyrex-Shadow|100/100
|-ability|p2a: Calyrex|As One
|-ability|p2a: Calyrex|Unnerve
|turn|1
|
|t:|1658421907
|switch|p2a: Yveltal|Yveltal|100/100
|-ability|p2a: Yveltal|Dark Aura
|switch|p1a: Yveltal|Yveltal|100/100
|-ability|p1a: Yveltal|Dark Aura
|
|upkeep
|turn|2
|
|t:|1658421915
|switch|p1a: Eternatus|Eternatus|100/100
|-ability|p1a: Eternatus|Pressure
|move|p2a: Yveltal|U-turn|p1a: Eternatus
|-resisted|p1a: Eternatus
|-damage|p1a: Eternatus|91/100
|
|t:|1658421922
|switch|p2a: Eternatus|Eternatus|100/100|[from]move: U-turn
|-ability|p2a: Eternatus|Pressure
|
|upkeep
|turn|3
|
|t:|1658421929
|move|p1a: Eternatus|Mystical Fire|p2a: Eternatus
|-resisted|p2a: Eternatus
|-damage|p2a: Eternatus|94/100
|-unboost|p2a: Eternatus|spa|1
|move|p2a: Eternatus|Dynamax Cannon|p1a: Eternatus
|-supereffective|p1a: Eternatus
|-damage|p1a: Eternatus|54/100
|
|-heal|p2a: Eternatus|99/100|[from] item: Black Sludge
|upkeep
|turn|4
|
|t:|1658421936
|move|p1a: Eternatus|Recover|p1a: Eternatus
|-heal|p1a: Eternatus|100/100
|move|p2a: Eternatus|Mystical Fire|p1a: Eternatus
|-resisted|p1a: Eternatus
|-damage|p1a: Eternatus|96/100
|-unboost|p1a: Eternatus|spa|1
|
|-heal|p2a: Eternatus|100/100|[from] item: Black Sludge
|upkeep
|turn|5
|
|t:|1658421952
|switch|p1a: Necrozma|Necrozma-Dusk-Mane|100/100
|move|p2a: Eternatus|Mystical Fire|p1a: Necrozma
|-supereffective|p1a: Necrozma
|-damage|p1a: Necrozma|83/100
|-unboost|p1a: Necrozma|spa|1
|
|upkeep
|turn|6
|
|t:|1658421966
|switch|p2a: Yveltal|Yveltal|100/100
|-ability|p2a: Yveltal|Dark Aura
|switch|p1a: Urshifu|Urshifu, M|100/100
|
|upkeep
|turn|7
|
|t:|1658421973
|move|p1a: Urshifu|Close Combat|p2a: Yveltal
|-damage|p2a: Yveltal|18/100
|-unboost|p1a: Urshifu|def|1
|-unboost|p1a: Urshifu|spd|1
|move|p2a: Yveltal|Knock Off|p1a: Urshifu
|-resisted|p1a: Urshifu
|-damage|p1a: Urshifu|76/100
|-enditem|p1a: Urshifu|Choice Band|[from] move: Knock Off|[of] p2a: Yveltal
|
|upkeep
|turn|8
|
|t:|1658421983
|switch|p2a: Spectrier|Spectrier|100/100
|move|p1a: Urshifu|Wicked Blow|p2a: Spectrier
|-supereffective|p2a: Spectrier
|-crit|p2a: Spectrier
|-damage|p2a: Spectrier|0 fnt
|faint|p2a: Spectrier
|
|upkeep
|
|t:|1658421991
|switch|p2a: Tangrowth|Tangrowth, F|100/100
|turn|9
|
|t:|1658422006
|switch|p1a: Ditto|Ditto|100/100
|-transform|p1a: Ditto|p2a: Tangrowth|[from] ability: Imposter
|move|p2a: Tangrowth|Grass Knot|p1a: Ditto
|-resisted|p1a: Ditto
|-damage|p1a: Ditto|57/100
|
|upkeep
|turn|10
|inactive|TogeBirlHQ has 120 seconds left.
|
|t:|1658422035
|switch|p1a: Eternatus|Eternatus|96/100
|-ability|p1a: Eternatus|Pressure
|move|p2a: Tangrowth|Knock Off|p1a: Eternatus
|-damage|p1a: Eternatus|79/100
|-enditem|p1a: Eternatus|Heavy-Duty Boots|[from] move: Knock Off|[of] p2a: Tangrowth
|
|upkeep
|turn|11
|inactive|TogeBirlHQ has 120 seconds left.
|
|t:|1658422072
|switch|p1a: Necrozma|Necrozma-Dusk-Mane|83/100
|move|p2a: Tangrowth|Earthquake|p1a: Necrozma
|-supereffective|p1a: Necrozma
|-crit|p1a: Necrozma
|-damage|p1a: Necrozma|58/100
|
|upkeep
|turn|12
|
|t:|1658422079
|move|p1a: Necrozma|Stealth Rock|p2a: Tangrowth
|-sidestart|p2: Gliscor Maroto|move: Stealth Rock
|move|p2a: Tangrowth|Knock Off|p1a: Necrozma
|-supereffective|p1a: Necrozma
|-damage|p1a: Necrozma|42/100
|-damage|p2a: Tangrowth|84/100|[from] item: Rocky Helmet|[of] p1a: Necrozma
|-enditem|p1a: Necrozma|Rocky Helmet|[from] move: Knock Off|[of] p2a: Tangrowth
|
|upkeep
|turn|13
|
|t:|1658422085
|move|p1a: Necrozma|Moonlight|p1a: Necrozma
|-heal|p1a: Necrozma|92/100
|move|p2a: Tangrowth|Earthquake|p1a: Necrozma
|-supereffective|p1a: Necrozma
|-damage|p1a: Necrozma|73/100
|
|upkeep
|turn|14
|
|t:|1658422095
|switch|p2a: Yveltal|Yveltal|18/100
|-ability|p2a: Yveltal|Dark Aura
|move|p1a: Necrozma|Earthquake|p2a: Yveltal
|-immune|p2a: Yveltal
|
|upkeep
|turn|15
|
|t:|1658422117
|switch|p1a: Urshifu|Urshifu, M|76/100
|move|p2a: Yveltal|Roost|p2a: Yveltal
|-heal|p2a: Yveltal|68/100
|-singleturn|p2a: Yveltal|move: Roost
|
|upkeep
|turn|16
|
|t:|1658422124
|switch|p1a: Calyrex|Calyrex-Shadow|100/100
|-ability|p1a: Calyrex|As One
|-ability|p1a: Calyrex|Unnerve
|move|p2a: Yveltal|Roost|p2a: Yveltal
|-heal|p2a: Yveltal|100/100
|-singleturn|p2a: Yveltal|move: Roost
|
|upkeep
|turn|17
|
|t:|1658422137
|switch|p1a: Eternatus|Eternatus|79/100
|-ability|p1a: Eternatus|Pressure
|move|p2a: Yveltal|Knock Off|p1a: Eternatus
|-damage|p1a: Eternatus|45/100
|
|upkeep
|turn|18
|
|t:|1658422145
|move|p1a: Eternatus|Recover|p1a: Eternatus
|-heal|p1a: Eternatus|96/100
|move|p2a: Yveltal|U-turn|p1a: Eternatus
|-resisted|p1a: Eternatus
|-damage|p1a: Eternatus|86/100
|
|t:|1658422149
|switch|p2a: Calyrex|Calyrex-Shadow|100/100|[from]move: U-turn
|-ability|p2a: Calyrex|As One
|-ability|p2a: Calyrex|Unnerve
|-damage|p2a: Calyrex|88/100|[from] Stealth Rock
|
|upkeep
|turn|19
|inactive|TogeBirlHQ has 120 seconds left.
|
|t:|1658422155
|switch|p1a: Yveltal|Yveltal|100/100
|-ability|p1a: Yveltal|Dark Aura
|move|p2a: Calyrex|Astral Barrage|p1a: Yveltal
|-resisted|p1a: Yveltal
|-damage|p1a: Yveltal|77/100
|
|upkeep
|turn|20
|
|t:|1658422164
|switch|p2a: Yveltal|Yveltal|100/100
|-ability|p2a: Yveltal|Dark Aura
|move|p1a: Yveltal|U-turn|p2a: Yveltal
|-damage|p2a: Yveltal|84/100
|
|t:|1658422171
|switch|p1a: Urshifu|Urshifu, M|76/100|[from]move: U-turn
|
|upkeep
|turn|21
|
|t:|1658422174
|move|p1a: Urshifu|Close Combat|p2a: Yveltal
|-damage|p2a: Yveltal|28/100
|-unboost|p1a: Urshifu|def|1
|-unboost|p1a: Urshifu|spd|1
|move|p2a: Yveltal|Defog|p1a: Urshifu
|-unboost|p1a: Urshifu|evasion|1
|-sideend|p2: Gliscor Maroto|Stealth Rock|[from] move: Defog|[of] p2a: Yveltal
|
|upkeep
|turn|22
|
|t:|1658422185
|move|p1a: Urshifu|Wicked Blow|p2a: Yveltal
|-resisted|p2a: Yveltal
|-crit|p2a: Yveltal
|-damage|p2a: Yveltal|0 fnt
|faint|p2a: Yveltal
|
|upkeep
|
|t:|1658422188
|switch|p2a: Tangrowth|Tangrowth, F|100/100
|turn|23
|
|t:|1658422198
|switch|p1a: Necrozma|Necrozma-Dusk-Mane|73/100
|move|p2a: Tangrowth|Grass Knot|p1a: Necrozma
|-resisted|p1a: Necrozma
|-damage|p1a: Necrozma|56/100
|
|upkeep
|turn|24
|
|t:|1658422208
|switch|p2a: Calyrex|Calyrex-Shadow|88/100
|-ability|p2a: Calyrex|As One
|-ability|p2a: Calyrex|Unnerve
|move|p1a: Necrozma|Stealth Rock|p2a: Calyrex
|-sidestart|p2: Gliscor Maroto|move: Stealth Rock
|
|upkeep
|turn|25
|
|t:|1658422212
|switch|p1a: Yveltal|Yveltal|77/100
|-ability|p1a: Yveltal|Dark Aura
|move|p2a: Calyrex|Astral Barrage|p1a: Yveltal
|-resisted|p1a: Yveltal
|-damage|p1a: Yveltal|51/100
|
|upkeep
|turn|26
|
|t:|1658422220
|switch|p2a: Eternatus|Eternatus|100/100
|-damage|p2a: Eternatus|88/100|[from] Stealth Rock
|-ability|p2a: Eternatus|Pressure
|move|p1a: Yveltal|U-turn|p2a: Eternatus
|-resisted|p2a: Eternatus
|-crit|p2a: Eternatus
|-damage|p2a: Eternatus|76/100
|
|t:|1658422228
|switch|p1a: Calyrex|Calyrex-Shadow|100/100|[from]move: U-turn
|-ability|p1a: Calyrex|As One
|-ability|p1a: Calyrex|Unnerve
|
|-heal|p2a: Eternatus|82/100|[from] item: Black Sludge
|upkeep
|turn|27
|
|t:|1658422238
|move|p1a: Calyrex|Astral Barrage|p2a: Eternatus
|-damage|p2a: Eternatus|10/100
|move|p2a: Eternatus|Dynamax Cannon|p1a: Calyrex
|-damage|p1a: Calyrex|55/100
|
|-heal|p2a: Eternatus|17/100|[from] item: Black Sludge
|upkeep
|turn|28
|
|t:|1658422244
|move|p1a: Calyrex|Astral Barrage|p2a: Eternatus
|-damage|p2a: Eternatus|0 fnt
|faint|p2a: Eternatus
|-ability|p1a: Calyrex|Grim Neigh|boost
|-boost|p1a: Calyrex|spa|1
|
|upkeep
|
|t:|1658422246
|switch|p2a: Calyrex|Calyrex-Shadow|88/100
|-ability|p2a: Calyrex|As One
|-ability|p2a: Calyrex|Unnerve
|-damage|p2a: Calyrex|76/100|[from] Stealth Rock
|turn|29
|
|t:|1658422263
|switch|p1a: Necrozma|Necrozma-Dusk-Mane|56/100
|move|p2a: Calyrex|Astral Barrage|p1a: Necrozma
|-supereffective|p1a: Necrozma
|-damage|p1a: Necrozma|0 fnt
|faint|p1a: Necrozma
|-ability|p2a: Calyrex|Grim Neigh|boost
|-boost|p2a: Calyrex|spa|1
|
|upkeep
|
|t:|1658422272
|switch|p1a: Yveltal|Yveltal|51/100
|-ability|p1a: Yveltal|Dark Aura
|turn|30
|
|t:|1658422277
|move|p2a: Calyrex|Astral Barrage|p1a: Yveltal
|-resisted|p1a: Yveltal
|-damage|p1a: Yveltal|14/100
|move|p1a: Yveltal|Roost|p1a: Yveltal
|-heal|p1a: Yveltal|64/100
|-singleturn|p1a: Yveltal|move: Roost
|
|upkeep
|turn|31
|
|t:|1658422285
|switch|p2a: Tangrowth|Tangrowth, F|100/100
|-damage|p2a: Tangrowth|88/100|[from] Stealth Rock
|move|p1a: Yveltal|Roost|p1a: Yveltal
|-heal|p1a: Yveltal|100/100
|-singleturn|p1a: Yveltal|move: Roost
|
|upkeep
|turn|32
|
|t:|1658422295
|switch|p1a: Eternatus|Eternatus|86/100
|-ability|p1a: Eternatus|Pressure
|move|p2a: Tangrowth|Knock Off|p1a: Eternatus
|-damage|p1a: Eternatus|74/100
|
|upkeep
|turn|33
|
|t:|1658422302
|move|p1a: Eternatus|Mystical Fire|p2a: Tangrowth
|-supereffective|p2a: Tangrowth
|-damage|p2a: Tangrowth|8/100
|-unboost|p2a: Tangrowth|spa|1
|move|p2a: Tangrowth|Earthquake|p1a: Eternatus
|-supereffective|p1a: Eternatus
|-damage|p1a: Eternatus|40/100
|
|upkeep
|turn|34
|
|t:|1658422309
|switch|p2a: Necrozma|Necrozma-Dusk-Mane|100/100
|-damage|p2a: Necrozma|94/100|[from] Stealth Rock
|move|p1a: Eternatus|Recover|p1a: Eternatus
|-heal|p1a: Eternatus|90/100
|
|-heal|p2a: Necrozma|100/100|[from] item: Leftovers
|upkeep
|turn|35
|
|t:|1658422317
|switch|p1a: Urshifu|Urshifu, M|76/100
|move|p2a: Necrozma|Sunsteel Strike|p1a: Urshifu
|-damage|p1a: Urshifu|29/100
|
|upkeep
|turn|36
|
|t:|1658422323
|move|p1a: Urshifu|Wicked Blow|p2a: Necrozma
|-supereffective|p2a: Necrozma
|-crit|p2a: Necrozma
|-damage|p2a: Necrozma|49/100
|move|p2a: Necrozma|Sunsteel Strike|p1a: Urshifu
|-damage|p1a: Urshifu|0 fnt
|faint|p1a: Urshifu
|
|-heal|p2a: Necrozma|55/100|[from] item: Leftovers
|upkeep
|
|t:|1658422329
|switch|p1a: Calyrex|Calyrex-Shadow|55/100
|-ability|p1a: Calyrex|As One
|-ability|p1a: Calyrex|Unnerve
|turn|37
|
|t:|1658422335
|move|p1a: Calyrex|Astral Barrage|p2a: Necrozma
|-supereffective|p2a: Necrozma
|-damage|p2a: Necrozma|0 fnt
|faint|p2a: Necrozma
|-ability|p1a: Calyrex|Grim Neigh|boost
|-boost|p1a: Calyrex|spa|1
|
|upkeep
|
|t:|1658422336
|switch|p2a: Calyrex|Calyrex-Shadow|76/100
|-ability|p2a: Calyrex|As One
|-ability|p2a: Calyrex|Unnerve
|-damage|p2a: Calyrex|64/100|[from] Stealth Rock
|turn|38
|
|t:|1658422345
|switch|p1a: Yveltal|Yveltal|100/100
|-ability|p1a: Yveltal|Dark Aura
|move|p2a: Calyrex|Astral Barrage|p1a: Yveltal
|-resisted|p1a: Yveltal
|-damage|p1a: Yveltal|77/100
|
|upkeep
|turn|39
|
|t:|1658422356
|move|p2a: Calyrex|Astral Barrage|p1a: Yveltal
|-resisted|p1a: Yveltal
|-damage|p1a: Yveltal|53/100
|move|p1a: Yveltal|U-turn|p2a: Calyrex
|-damage|p2a: Calyrex|38/100
|
|t:|1658422365
|switch|p1a: Eternatus|Eternatus|90/100|[from]move: U-turn
|-ability|p1a: Eternatus|Pressure
|
|upkeep
|turn|40
|
|t:|1658422369
|move|p2a: Calyrex|Astral Barrage|p1a: Eternatus
|-damage|p1a: Eternatus|42/100
|move|p1a: Eternatus|Dynamax Cannon|p2a: Calyrex
|-damage|p2a: Calyrex|0 fnt
|faint|p2a: Calyrex
|
|upkeep
|
|t:|1658422382
|switch|p2a: Tangrowth|Tangrowth, F|42/100
|-damage|p2a: Tangrowth|29/100|[from] Stealth Rock
|turn|41
|
|t:|1658422385
|move|p1a: Eternatus|Mystical Fire|p2a: Tangrowth
|-supereffective|p2a: Tangrowth
|-damage|p2a: Tangrowth|0 fnt
|faint|p2a: Tangrowth
|
|win|TogeBirlHQ
|raw|TogeBirlHQ's rating: 1531 &rarr; <strong>1541</strong><br />(+10 for winning)
|raw|Gliscor Maroto's rating: 1333 &rarr; <strong>1323</strong><br />(-10 for losing)
|c|☆TogeBirlHQ|Gg
|c|☆Gliscor Maroto|gg
|l|☆Gliscor Maroto
