|j|☆Skyward78
|j|☆hjksgdf
|t:|1666805163
|gametype|singles
|player|p1|Skyward78|gambler|1293
|player|p2|hjksgdf|nate|1390
|teamsize|p1|6
|teamsize|p2|6
|gen|8
|tier|[Gen 8] Ubers
|rated|
|rule|Sleep Clause Mod: Limit one foe put to sleep
|rule|Species Clause: Limit one of each Pokémon
|rule|OHKO Clause: OHKO moves are banned
|rule|Evasion Items Clause: Evasion items are banned
|rule|Evasion Moves Clause: Evasion moves are banned
|rule|Endless Battle Clause: Forcing endless battles is banned
|rule|HP Percentage Mod: HP is shown in percentages
|rule|Dynamax Clause: You cannot dynamax
|clearpoke
|poke|p1|Calyrex-Shadow|
|poke|p1|Eternatus|
|poke|p1|Yveltal|
|poke|p1|Necrozma-Dusk-Mane|
|poke|p1|Ditto|
|poke|p1|Zekrom|
|poke|p2|Zamazenta-*|
|poke|p2|Eternatus|
|poke|p2|Yveltal|
|poke|p2|Zygarde|
|poke|p2|Necrozma-Dusk-Mane|
|poke|p2|Marshadow|
|teampreview
|inactive|Battle timer is ON: inactive players will automatically lose when time's up. (requested by hjksgdf)
|inactive|Skyward78 also wants the timer to be on.
|c|☆Skyward78|glhf
|
|t:|1666805172
|start
|switch|p1a: Yveltal|Yveltal|100/100
|switch|p2a: Necrozma|Necrozma-Dusk-Mane|100/100
|-ability|p1a: Yveltal|Dark Aura
|turn|1
|
|t:|1666805176
|switch|p2a: Zamazenta|Zamazenta-Crowned, shiny|100/100
|-ability|p2a: Zamazenta|Dauntless Shield|boost
|-boost|p2a: Zamazenta|def|1
|move|p1a: Yveltal|Taunt|p2a: Zamazenta
|-start|p2a: Zamazenta|move: Taunt
|
|upkeep
|turn|2
|
|t:|1666805181
|switch|p1a: Necrozma|Necrozma-Dusk-Mane|100/100
|move|p2a: Zamazenta|Thunder Fang|p1a: Necrozma
|-damage|p1a: Necrozma|90/100
|-damage|p2a: Zamazenta|84/100|[from] item: Rocky Helmet|[of] p1a: Necrozma
|
|upkeep
|turn|3
|
|t:|1666805186
|switch|p2a: Zygarde|Zygarde, shiny|100/100
|move|p1a: Necrozma|Stealth Rock|p2a: Zygarde
|-sidestart|p2: hjksgdf|move: Stealth Rock
|
|upkeep
|turn|4
|
|t:|1666805194
|move|p2a: Zygarde|Glare|p1a: Necrozma
|-status|p1a: Necrozma|par
|cant|p1a: Necrozma|par
|
|upkeep
|turn|5
|
|t:|1666805198
|move|p2a: Zygarde|Thousand Arrows|p1a: Necrozma
|-supereffective|p1a: Necrozma
|-damage|p1a: Necrozma|63/100 par
|cant|p1a: Necrozma|par
|
|upkeep
|turn|6
|
|t:|1666805202
|move|p2a: Zygarde|Thousand Arrows|p1a: Necrozma
|-supereffective|p1a: Necrozma
|-damage|p1a: Necrozma|37/100 par
|cant|p1a: Necrozma|par
|
|upkeep
|turn|7
|
|t:|1666805206
|switch|p2a: Yveltal|Yveltal, shiny|100/100
|-ability|p2a: Yveltal|Dark Aura
|move|p1a: Necrozma|Moonlight|p1a: Necrozma
|-heal|p1a: Necrozma|87/100 par
|
|upkeep
|turn|8
|
|t:|1666805213
|move|p2a: Yveltal|Taunt|p1a: Necrozma
|-start|p1a: Necrozma|move: Taunt
|move|p1a: Necrozma|Sunsteel Strike|p2a: Yveltal
|-damage|p2a: Yveltal|59/100
|
|upkeep
|turn|9
|
|t:|1666805219
|move|p2a: Yveltal|Defog|p1a: Necrozma
|-unboost|p1a: Necrozma|evasion|1
|-sideend|p2: hjksgdf|Stealth Rock|[from] move: Defog|[of] p2a: Yveltal
|move|p1a: Necrozma|Sunsteel Strike|p2a: Yveltal
|-damage|p2a: Yveltal|19/100
|
|upkeep
|turn|10
|
|t:|1666805222
|move|p2a: Yveltal|Roost|p2a: Yveltal
|-heal|p2a: Yveltal|69/100
|-singleturn|p2a: Yveltal|move: Roost
|move|p1a: Necrozma|Sunsteel Strike|p2a: Yveltal
|-damage|p2a: Yveltal|29/100
|
|-end|p1a: Necrozma|move: Taunt
|upkeep
|turn|11
|
|t:|1666805227
|move|p2a: Yveltal|Roost|p2a: Yveltal
|-heal|p2a: Yveltal|79/100
|-singleturn|p2a: Yveltal|move: Roost
|cant|p1a: Necrozma|par
|
|upkeep
|turn|12
|
|t:|1666805229
|move|p2a: Yveltal|Knock Off|p1a: Necrozma
|-supereffective|p1a: Necrozma
|-damage|p1a: Necrozma|36/100 par
|-damage|p2a: Yveltal|62/100|[from] item: Rocky Helmet|[of] p1a: Necrozma
|-enditem|p1a: Necrozma|Rocky Helmet|[from] move: Knock Off|[of] p2a: Yveltal
|move|p1a: Necrozma|Sunsteel Strike|p2a: Yveltal
|-damage|p2a: Yveltal|23/100
|
|upkeep
|turn|13
|
|t:|1666805234
|move|p2a: Yveltal|Roost|p2a: Yveltal
|-heal|p2a: Yveltal|73/100
|-singleturn|p2a: Yveltal|move: Roost
|move|p1a: Necrozma|Stealth Rock|p2a: Yveltal
|-sidestart|p2: hjksgdf|move: Stealth Rock
|
|upkeep
|turn|14
|
|t:|1666805236
|move|p2a: Yveltal|Defog|p1a: Necrozma
|-unboost|p1a: Necrozma|evasion|1
|-sideend|p2: hjksgdf|Stealth Rock|[from] move: Defog|[of] p2a: Yveltal
|move|p1a: Necrozma|Sunsteel Strike|p2a: Yveltal
|-damage|p2a: Yveltal|35/100
|
|upkeep
|turn|15
|
|t:|1666805241
|move|p2a: Yveltal|Roost|p2a: Yveltal
|-heal|p2a: Yveltal|85/100
|-singleturn|p2a: Yveltal|move: Roost
|move|p1a: Necrozma|Moonlight|p1a: Necrozma
|-heal|p1a: Necrozma|86/100 par
|
|upkeep
|turn|16
|
|t:|1666805243
|move|p2a: Yveltal|Taunt|p1a: Necrozma
|-start|p1a: Necrozma|move: Taunt
|move|p1a: Necrozma|Sunsteel Strike|p2a: Yveltal
|-damage|p2a: Yveltal|43/100
|
|upkeep
|turn|17
|
|t:|1666805251
|switch|p1a: Zekrom|Zekrom|100/100
|-ability|p1a: Zekrom|Teravolt
|move|p2a: Yveltal|Roost|p2a: Yveltal
|-heal|p2a: Yveltal|93/100
|-singleturn|p2a: Yveltal|move: Roost
|
|upkeep
|turn|18
|
|t:|1666805256
|move|p2a: Yveltal|Knock Off|p1a: Zekrom
|-damage|p1a: Zekrom|56/100
|-enditem|p1a: Zekrom|Life Orb|[from] move: Knock Off|[of] p2a: Yveltal
|move|p1a: Zekrom|Dragon Dance|p1a: Zekrom
|-boost|p1a: Zekrom|atk|1
|-boost|p1a: Zekrom|spe|1
|
|upkeep
|turn|19
|
|t:|1666805261
|switch|p2a: Zamazenta|Zamazenta-Crowned, shiny|84/100
|-ability|p2a: Zamazenta|Dauntless Shield|boost
|-boost|p2a: Zamazenta|def|1
|move|p1a: Zekrom|Roost|p1a: Zekrom
|-heal|p1a: Zekrom|100/100
|-singleturn|p1a: Zekrom|move: Roost
|
|upkeep
|turn|20
|
|t:|1666805264
|move|p1a: Zekrom|Bolt Strike|p2a: Zamazenta
|-damage|p2a: Zamazenta|45/100
|move|p2a: Zamazenta|Play Rough|p1a: Zekrom|[miss]
|-miss|p2a: Zamazenta|p1a: Zekrom
|
|upkeep
|turn|21
|
|t:|1666805267
|move|p1a: Zekrom|Bolt Strike|p2a: Zamazenta
|-damage|p2a: Zamazenta|5/100
|move|p2a: Zamazenta|Rest|p2a: Zamazenta
|-status|p2a: Zamazenta|slp|[from] move: Rest
|-heal|p2a: Zamazenta|100/100 slp|[silent]
|
|upkeep
|turn|22
|
|t:|1666805271
|move|p1a: Zekrom|Dragon Dance|p1a: Zekrom
|-boost|p1a: Zekrom|atk|1
|-boost|p1a: Zekrom|spe|1
|cant|p2a: Zamazenta|slp
|move|p2a: Zamazenta|Sleep Talk|p2a: Zamazenta
|move|p2a: Zamazenta|Play Rough|p1a: Zekrom|[from]move: Sleep Talk
|-supereffective|p1a: Zekrom
|-damage|p1a: Zekrom|54/100
|-unboost|p1a: Zekrom|atk|1
|
|upkeep
|turn|23
|
|t:|1666805273
|move|p1a: Zekrom|Bolt Strike|p2a: Zamazenta
|-damage|p2a: Zamazenta|62/100 slp
|cant|p2a: Zamazenta|slp
|move|p2a: Zamazenta|Sleep Talk|p2a: Zamazenta
|move|p2a: Zamazenta|Play Rough|p1a: Zekrom|[from]move: Sleep Talk
|-supereffective|p1a: Zekrom
|-crit|p1a: Zekrom
|-damage|p1a: Zekrom|0 fnt
|faint|p1a: Zekrom
|
|upkeep
|c|☆Skyward78|I am now clinically depressed
|
|t:|1666805291
|switch|p1a: Calyrex|Calyrex-Shadow|100/100
|-ability|p1a: Calyrex|As One
|-ability|p1a: Calyrex|Unnerve
|turn|24
|
|t:|1666805295
|switch|p2a: Yveltal|Yveltal, shiny|93/100
|-ability|p2a: Yveltal|Dark Aura
|move|p1a: Calyrex|Nasty Plot|p1a: Calyrex
|-boost|p1a: Calyrex|spa|2
|
|upkeep
|turn|25
|
|t:|1666805297
|move|p1a: Calyrex|Draining Kiss|p2a: Yveltal
|-supereffective|p2a: Yveltal
|-damage|p2a: Yveltal|30/100
|move|p2a: Yveltal|Knock Off|p1a: Calyrex
|-supereffective|p1a: Calyrex
|-enditem|p1a: Calyrex|Focus Sash
|-damage|p1a: Calyrex|1/100
|
|upkeep
|turn|26
|c|☆hjksgdf|lol
|
|t:|1666805312
|move|p1a: Calyrex|Draining Kiss|p2a: Yveltal
|-supereffective|p2a: Yveltal
|-damage|p2a: Yveltal|0 fnt
|-heal|p1a: Calyrex|30/100|[from] drain|[of] p2a: Yveltal
|faint|p2a: Yveltal
|-ability|p1a: Calyrex|Grim Neigh|boost
|-boost|p1a: Calyrex|spa|1
|
|upkeep
|
|t:|1666805314
|switch|p2a: Marshadow|Marshadow|100/100
|turn|27
|
|t:|1666805320
|switch|p1a: Yveltal|Yveltal|100/100
|-ability|p1a: Yveltal|Dark Aura
|move|p2a: Marshadow|Shadow Sneak|p1a: Yveltal
|-resisted|p1a: Yveltal
|-damage|p1a: Yveltal|77/100
|
|upkeep
|turn|28
|
|t:|1666805325
|switch|p2a: Zamazenta|Zamazenta-Crowned, shiny|62/100 slp
|-ability|p2a: Zamazenta|Dauntless Shield|boost
|-boost|p2a: Zamazenta|def|1
|move|p1a: Yveltal|Knock Off|p2a: Zamazenta
|-resisted|p2a: Zamazenta
|-damage|p2a: Zamazenta|53/100 slp
|
|upkeep
|turn|29
|
|t:|1666805329
|move|p1a: Yveltal|Taunt|p2a: Zamazenta
|-start|p2a: Zamazenta|move: Taunt
|-curestatus|p2a: Zamazenta|slp|[msg]
|move|p2a: Zamazenta|Play Rough|p1a: Yveltal|[miss]
|-miss|p2a: Zamazenta|p1a: Yveltal
|
|upkeep
|turn|30
|
|t:|1666805335
|switch|p1a: Necrozma|Necrozma-Dusk-Mane|86/100 par
|switch|p2a: Zygarde|Zygarde, shiny|100/100
|
|upkeep
|turn|31
|
|t:|1666805339
|move|p2a: Zygarde|Thousand Arrows|p1a: Necrozma
|-supereffective|p1a: Necrozma
|-damage|p1a: Necrozma|57/100 par
|cant|p1a: Necrozma|par
|
|upkeep
|turn|32
|
|t:|1666805344
|switch|p2a: Necrozma|Necrozma-Dusk-Mane|100/100
|move|p1a: Necrozma|Sunsteel Strike|p2a: Necrozma
|-resisted|p2a: Necrozma
|-damage|p2a: Necrozma|83/100
|
|-heal|p2a: Necrozma|89/100|[from] item: Leftovers
|upkeep
|turn|33
|
|t:|1666805348
|move|p2a: Necrozma|Stealth Rock|p1a: Necrozma
|-sidestart|p1: Skyward78|move: Stealth Rock
|move|p1a: Necrozma|Moonlight|p1a: Necrozma
|-heal|p1a: Necrozma|100/100 par
|
|-heal|p2a: Necrozma|95/100|[from] item: Leftovers
|upkeep
|turn|34
|
|t:|1666805352
|switch|p2a: Marshadow|Marshadow|100/100
|move|p1a: Necrozma|Earthquake|p2a: Marshadow
|-damage|p2a: Marshadow|54/100
|
|upkeep
|turn|35
|
|t:|1666805357
|move|p2a: Marshadow|Close Combat|p1a: Necrozma
|-damage|p1a: Necrozma|43/100 par
|-unboost|p2a: Marshadow|def|1
|-unboost|p2a: Marshadow|spd|1
|move|p1a: Necrozma|Earthquake|p2a: Marshadow
|-damage|p2a: Marshadow|0 fnt
|faint|p2a: Marshadow
|
|upkeep
|
|t:|1666805362
|switch|p2a: Eternatus|Eternatus|100/100
|-ability|p2a: Eternatus|Pressure
|turn|36
|
|t:|1666805365
|move|p2a: Eternatus|Mystical Fire|p1a: Necrozma
|-supereffective|p1a: Necrozma
|-damage|p1a: Necrozma|14/100 par
|-unboost|p1a: Necrozma|spa|1
|cant|p1a: Necrozma|par
|
|upkeep
|turn|37
|
|t:|1666805370
|move|p2a: Eternatus|Mystical Fire|p1a: Necrozma
|-supereffective|p1a: Necrozma
|-damage|p1a: Necrozma|0 fnt
|faint|p1a: Necrozma
|
|upkeep
|
|t:|1666805372
|switch|p1a: Eternatus|Eternatus|100/100
|-damage|p1a: Eternatus|88/100|[from] Stealth Rock
|-ability|p1a: Eternatus|Pressure
|turn|38
|
|t:|1666805374
|switch|p2a: Necrozma|Necrozma-Dusk-Mane|95/100
|move|p1a: Eternatus|Cosmic Power|p1a: Eternatus
|-boost|p1a: Eternatus|def|1
|-boost|p1a: Eternatus|spd|1
|
|-heal|p2a: Necrozma|100/100|[from] item: Leftovers
|upkeep
|turn|39
|
|t:|1666805379
|move|p1a: Eternatus|Dragon Pulse|p2a: Necrozma
|-resisted|p2a: Necrozma
|-damage|p2a: Necrozma|87/100
|move|p2a: Necrozma|Thunder Wave|p1a: Eternatus
|-status|p1a: Eternatus|par
|
|-heal|p2a: Necrozma|93/100|[from] item: Leftovers
|upkeep
|turn|40
|
|t:|1666805382
|move|p2a: Necrozma|Iron Head|p1a: Eternatus
|-damage|p1a: Eternatus|64/100 par
|move|p1a: Eternatus|Meteor Beam||[still]
|-prepare|p1a: Eternatus|Meteor Beam
|-boost|p1a: Eternatus|spa|1
|-enditem|p1a: Eternatus|Power Herb
|-anim|p1a: Eternatus|Meteor Beam|p2a: Necrozma
|-resisted|p2a: Necrozma
|-damage|p2a: Necrozma|76/100
|
|-heal|p2a: Necrozma|82/100|[from] item: Leftovers
|upkeep
|turn|41
|
|t:|1666805387
|move|p2a: Necrozma|Iron Head|p1a: Eternatus
|-damage|p1a: Eternatus|40/100 par
|move|p1a: Eternatus|Recover|p1a: Eternatus
|-heal|p1a: Eternatus|90/100 par
|
|-heal|p2a: Necrozma|88/100|[from] item: Leftovers
|upkeep
|turn|42
|
|t:|1666805391
|move|p2a: Necrozma|Iron Head|p1a: Eternatus
|-damage|p1a: Eternatus|66/100 par
|cant|p1a: Eternatus|flinch
|
|-heal|p2a: Necrozma|94/100|[from] item: Leftovers
|upkeep
|turn|43
|c|☆Skyward78|Is this like a jirachi on roids
|
|t:|1666805401
|switch|p2a: Zygarde|Zygarde, shiny|100/100
|move|p1a: Eternatus|Recover|p1a: Eternatus
|-heal|p1a: Eternatus|100/100 par
|
|upkeep
|turn|44
|
|t:|1666805405
|move|p2a: Zygarde|Haze|p2a: Zygarde
|-clearallboost
|move|p1a: Eternatus|Dragon Pulse|p2a: Zygarde
|-supereffective|p2a: Zygarde
|-damage|p2a: Zygarde|35/100
|
|-heal|p2a: Zygarde|42/100|[from] item: Leftovers
|-activate|p2a: Zygarde|ability: Power Construct
|detailschange|p2a: Zygarde|Zygarde-Complete, shiny
|-heal|p2a: Zygarde|62/100|[silent]
|upkeep
|turn|45
|c|☆hjksgdf|yes it is
|
|t:|1666805412
|move|p2a: Zygarde|Thousand Arrows|p1a: Eternatus
|-supereffective|p1a: Eternatus
|-damage|p1a: Eternatus|50/100 par
|move|p1a: Eternatus|Dragon Pulse|p2a: Zygarde
|-supereffective|p2a: Zygarde
|-damage|p2a: Zygarde|16/100
|
|-heal|p2a: Zygarde|22/100|[from] item: Leftovers
|upkeep
|turn|46
|c|☆Skyward78|I have never seen haze zygarde that is fire
|
|t:|1666805425
|move|p2a: Zygarde|Thousand Arrows|p1a: Eternatus
|-supereffective|p1a: Eternatus
|-damage|p1a: Eternatus|0 fnt
|faint|p1a: Eternatus
|
|-heal|p2a: Zygarde|28/100|[from] item: Leftovers
|upkeep
|
|t:|1666805430
|switch|p1a: Ditto|Ditto|100/100
|-damage|p1a: Ditto|88/100|[from] Stealth Rock
|-transform|p1a: Ditto|p2a: Zygarde|[from] ability: Imposter
|turn|47
|
|t:|1666805435
|move|p1a: Ditto|Thousand Arrows|p2a: Zygarde
|-damage|p2a: Zygarde|18/100
|move|p2a: Zygarde|Glare|p1a: Ditto
|-status|p1a: Ditto|par
|
|-heal|p2a: Zygarde|24/100|[from] item: Leftovers
|upkeep
|turn|48
|
|t:|1666805441
|move|p2a: Zygarde|Glare|p1a: Ditto
|-fail|p1a: Ditto|par
|cant|p1a: Ditto|par
|
|-heal|p2a: Zygarde|30/100|[from] item: Leftovers
|upkeep
|turn|49
|
|t:|1666805444
|move|p2a: Zygarde|Glare|p1a: Ditto
|-fail|p1a: Ditto|par
|move|p1a: Ditto|Thousand Arrows|p2a: Zygarde
|-damage|p2a: Zygarde|20/100
|
|-heal|p2a: Zygarde|26/100|[from] item: Leftovers
|upkeep
|turn|50
|
|t:|1666805446
|move|p2a: Zygarde|Glare|p1a: Ditto
|-fail|p1a: Ditto|par
|move|p1a: Ditto|Thousand Arrows|p2a: Zygarde
|-damage|p2a: Zygarde|15/100
|
|-heal|p2a: Zygarde|21/100|[from] item: Leftovers
|upkeep
|turn|51
|
|t:|1666805450
|move|p2a: Zygarde|Glare|p1a: Ditto
|-fail|p1a: Ditto|par
|move|p1a: Ditto|Thousand Arrows|p2a: Zygarde
|-damage|p2a: Zygarde|11/100
|
|-heal|p2a: Zygarde|17/100|[from] item: Leftovers
|upkeep
|turn|52
|
|t:|1666805457
|move|p2a: Zygarde|Glare|p1a: Ditto
|-fail|p1a: Ditto|par
|move|p1a: Ditto|Thousand Arrows|p2a: Zygarde
|-damage|p2a: Zygarde|6/100
|
|-heal|p2a: Zygarde|12/100|[from] item: Leftovers
|upkeep
|turn|53
|
|t:|1666805460
|move|p2a: Zygarde|Glare|p1a: Ditto
|-fail|p1a: Ditto|par
|cant|p1a: Ditto|par
|
|-heal|p2a: Zygarde|18/100|[from] item: Leftovers
|upkeep
|turn|54
|
|t:|1666805463
|move|p2a: Zygarde|Glare|p1a: Ditto
|-fail|p1a: Ditto|par
|cant|p1a: Ditto|par
|
|-heal|p2a: Zygarde|25/100|[from] item: Leftovers
|upkeep
|turn|55
|
|t:|1666805465
|move|p2a: Zygarde|Glare|p1a: Ditto
|-fail|p1a: Ditto|par
|cant|p1a: Ditto|par
|
|-heal|p2a: Zygarde|31/100|[from] item: Leftovers
|upkeep
|turn|56
|
|t:|1666805467
|move|p2a: Zygarde|Glare|p1a: Ditto
|-fail|p1a: Ditto|par
|-activate|p1a: Ditto|move: Struggle
|move|p1a: Ditto|Struggle|p2a: Zygarde
|-damage|p2a: Zygarde|27/100
|-damage|p1a: Ditto|63/100 par|[from] recoil
|
|-heal|p2a: Zygarde|33/100|[from] item: Leftovers
|upkeep
|turn|57
|
|t:|1666805474
|move|p2a: Zygarde|Glare|p1a: Ditto
|-fail|p1a: Ditto|par
|-activate|p1a: Ditto|move: Struggle
|move|p1a: Ditto|Struggle|p2a: Zygarde
|-damage|p2a: Zygarde|29/100
|-damage|p1a: Ditto|38/100 par|[from] recoil
|
|-heal|p2a: Zygarde|35/100|[from] item: Leftovers
|upkeep
|turn|58
|
|t:|1666805477
|move|p2a: Zygarde|Glare|p1a: Ditto
|-fail|p1a: Ditto|par
|cant|p1a: Ditto|par
|
|-heal|p2a: Zygarde|41/100|[from] item: Leftovers
|upkeep
|turn|59
|
|t:|1666805480
|move|p2a: Zygarde|Glare|p1a: Ditto
|-fail|p1a: Ditto|par
|cant|p1a: Ditto|par
|
|-heal|p2a: Zygarde|48/100|[from] item: Leftovers
|upkeep
|turn|60
|
|t:|1666805483
|move|p2a: Zygarde|Glare|p1a: Ditto
|-fail|p1a: Ditto|par
|-activate|p1a: Ditto|move: Struggle
|move|p1a: Ditto|Struggle|p2a: Zygarde
|-damage|p2a: Zygarde|43/100
|-damage|p1a: Ditto|13/100 par|[from] recoil
|
|-heal|p2a: Zygarde|49/100|[from] item: Leftovers
|upkeep
|turn|61
|
|t:|1666805486
|move|p2a: Zygarde|Glare|p1a: Ditto
|-fail|p1a: Ditto|par
|cant|p1a: Ditto|par
|
|-heal|p2a: Zygarde|56/100|[from] item: Leftovers
|upkeep
|turn|62
|
|t:|1666805488
|move|p2a: Zygarde|Glare|p1a: Ditto
|-fail|p1a: Ditto|par
|-activate|p1a: Ditto|move: Struggle
|move|p1a: Ditto|Struggle|p2a: Zygarde
|-damage|p2a: Zygarde|52/100
|-damage|p1a: Ditto|0 fnt|[from] recoil
|faint|p1a: Ditto
|
|-heal|p2a: Zygarde|58/100|[from] item: Leftovers
|upkeep
|
|t:|1666805491
|switch|p1a: Calyrex|Calyrex-Shadow|30/100
|-ability|p1a: Calyrex|As One
|-ability|p1a: Calyrex|Unnerve
|-damage|p1a: Calyrex|18/100|[from] Stealth Rock
|turn|63
|
|t:|1666805501
|move|p1a: Calyrex|Astral Barrage|p2a: Zygarde
|-damage|p2a: Zygarde|17/100
|move|p2a: Zygarde|Glare|p1a: Calyrex
|-status|p1a: Calyrex|par
|
|-heal|p2a: Zygarde|24/100|[from] item: Leftovers
|upkeep
|turn|64
|
|t:|1666805505
|move|p2a: Zygarde|Thousand Arrows|p1a: Calyrex
|-damage|p1a: Calyrex|0 fnt
|faint|p1a: Calyrex
|
|-heal|p2a: Zygarde|30/100|[from] item: Leftovers
|upkeep
|
|t:|1666805507
|switch|p1a: Yveltal|Yveltal|77/100
|-damage|p1a: Yveltal|52/100|[from] Stealth Rock
|-ability|p1a: Yveltal|Dark Aura
|turn|65
|
|t:|1666805510
|move|p1a: Yveltal|Knock Off|p2a: Zygarde
|-damage|p2a: Zygarde|1/100
|-enditem|p2a: Zygarde|Leftovers|[from] move: Knock Off|[of] p1a: Yveltal
|move|p2a: Zygarde|Glare|p1a: Yveltal
|-status|p1a: Yveltal|par
|
|upkeep
|turn|66
|c|☆Skyward78|clinical depression
|
|t:|1666805519
|move|p2a: Zygarde|Rest|p2a: Zygarde
|-status|p2a: Zygarde|slp|[from] move: Rest
|-heal|p2a: Zygarde|100/100 slp|[silent]
|move|p1a: Yveltal|Knock Off|p2a: Zygarde
|-damage|p2a: Zygarde|83/100 slp
|
|upkeep
|turn|67
|
|t:|1666805521
|cant|p2a: Zygarde|slp
|cant|p1a: Yveltal|par
|
|upkeep
|turn|68
|c|☆Skyward78|ggs
|c|☆hjksgdf|gg
|-message|Skyward78 forfeited.
|
|win|hjksgdf
|raw|Skyward78's rating: 1293 &rarr; <strong>1275</strong><br />(-18 for losing)
|raw|hjksgdf's rating: 1390 &rarr; <strong>1405</strong><br />(+15 for winning)
|l|☆Skyward78
|c|☆hjksgdf|!showteam
|c| hjksgdf|/raw <div class="infobox"><details><summary>View team</summary>Zamazenta @ Rusted Shield  <br />Ability: Dauntless Shield  <br />Shiny: Yes  <br />Hidden Power: Electric  <br />EVs: 196 HP &#x2f; 252 Def &#x2f; 60 Spe  <br />Impish Nature  <br />- Play Rough  <br />- Rest  <br />- Sleep Talk  <br />- Thunder Fang  <br /><br />Eternatus @ Eject Pack  <br />Ability: Pressure  <br />EVs: 252 HP &#x2f; 212 SpD &#x2f; 44 Spe  <br />Calm Nature  <br />IVs: 0 Atk  <br />- Draco Meteor  <br />- Sludge Bomb  <br />- Mystical Fire  <br />- Recover  <br /><br />Yveltal @ Heavy-Duty Boots  <br />Ability: Dark Aura  <br />Shiny: Yes  <br />EVs: 248 HP &#x2f; 8 Def &#x2f; 60 SpD &#x2f; 192 Spe  <br />Jolly Nature  <br />- Knock Off  <br />- Roost  <br />- Defog  <br />- Taunt  <br /><br />Zygarde @ Leftovers  <br />Ability: Power Construct  <br />Shiny: Yes  <br />EVs: 208 HP &#x2f; 244 Def &#x2f; 56 Spe  <br />Impish Nature  <br />- Thousand Arrows  <br />- Rest  <br />- Glare  <br />- Haze  <br /><br />Necrozma (Necrozma-Dusk-Mane) @ Leftovers  <br />Ability: Prism Armor  <br />EVs: 252 HP &#x2f; 136 SpD &#x2f; 120 Spe  <br />Careful Nature  <br />- Stealth Rock  <br />- Moonlight  <br />- Iron Head  <br />- Thunder Wave  <br /><br />Marshadow @ Choice Band  <br />Ability: Technician  <br />EVs: 252 Atk &#x2f; 4 SpD &#x2f; 252 Spe  <br />Adamant Nature  <br />- Close Combat  <br />- Shadow Sneak  <br />- Spectral Thief  <br />- Ice Punch  <br /><br /></details></div>
||Ladder isn't responding, score probably updated but might not have (Request timeout).
