|html|<div class="broadcast-blue"><strong>[Gen 8] Ubers is currently suspecting Zacian-Crowned! For information on how to participate check out the <a href="https://www.smogon.com/forums/threads/np-ss-ubers-stage-5-hound-dog.3675589/">suspect thread</a>.</strong></div>
|j|☆Holy rng loser
|j|☆Black Shadow 666
|inactive|Battle timer is ON: inactive players will automatically lose when time's up.
|t:|1610269603
|player|p1|Holy rng loser|cyclist-gen4|
|player|p2|Black Shadow 666|unknown|
|teamsize|p1|6
|teamsize|p2|6
|gametype|singles
|gen|8
|tier|[Gen 8] Ubers
|rated|Tournament battle
|clearpoke
|poke|p1|Palkia|
|poke|p1|Yveltal|
|poke|p1|Ditto|
|poke|p1|Necrozma-Dusk-Mane|
|poke|p1|Darmanitan-Galar, M|
|poke|p1|Zacian-Crowned|
|poke|p2|Calyrex-Shadow|
|poke|p2|Ho-Oh|
|poke|p2|Zacian-Crowned|
|poke|p2|Zygarde|
|poke|p2|Kyogre|
|poke|p2|Yveltal|
|rule|Sleep Clause Mod: Limit one foe put to sleep
|rule|Species Clause: Limit one of each Pokémon
|rule|OHKO Clause: OHKO moves are banned
|rule|Evasion Moves Clause: Evasion moves are banned
|rule|Endless Battle Clause: Forcing endless battles is banned
|rule|HP Percentage Mod: HP is shown in percentages
|rule|Dynamax Clause: You cannot dynamax
|teampreview
|
|t:|1610269621
|start
|switch|p1a: Ditto|Ditto|100/100
|switch|p2a: Kyogre|Kyogre|100/100
|-weather|RainDance|[from] ability: Drizzle|[of] p2a: Kyogre
|-transform|p1a: Ditto|p2a: Kyogre|[from] ability: Imposter
|turn|1
|
|t:|1610269628
|move|p1a: Ditto|Thunder|p2a: Kyogre
|-supereffective|p2a: Kyogre
|-damage|p2a: Kyogre|32/100
|move|p2a: Kyogre|Thunder|p1a: Ditto
|-supereffective|p1a: Ditto
|-damage|p1a: Ditto|26/100
|-status|p1a: Ditto|par
|
|-weather|RainDance|[upkeep]
|upkeep
|turn|2
|c|☆Holy rng loser|tough
|c|☆Black Shadow 666|sry
|c|☆Black Shadow 666|lol you living up to your name
|
|t:|1610269670
|switch|p1a: Palkia|Palkia|100/100
|-ability|p1a: Palkia|Pressure
|move|p2a: Kyogre|Thunder|p1a: Palkia
|-damage|p1a: Palkia|55/100
|
|-weather|RainDance|[upkeep]
|upkeep
|turn|3
|c|☆Holy rng loser|id rather i not live up to it
|
|t:|1610269685
|move|p2a: Kyogre|Thunder|p1a: Palkia
|-damage|p1a: Palkia|10/100
|move|p1a: Palkia|Hydro Pump|p2a: Kyogre
|-resisted|p2a: Kyogre
|-damage|p2a: Kyogre|0 fnt
|faint|p2a: Kyogre
|
|-weather|RainDance|[upkeep]
|upkeep
|
|t:|1610269700
|switch|p2a: Calyrex|Calyrex-Shadow|100/100
|-ability|p2a: Calyrex|As One
|-ability|p2a: Calyrex|Unnerve|p1: Holy rng loser
|turn|4
|
|t:|1610269706
|switch|p1a: Yveltal|Yveltal, shiny|100/100
|-ability|p1a: Yveltal|Dark Aura
|move|p2a: Calyrex|Draining Kiss|p1a: Yveltal
|-supereffective|p1a: Yveltal
|-damage|p1a: Yveltal|76/100
|
|-weather|RainDance|[upkeep]
|upkeep
|turn|5
|
|t:|1610269712
|switch|p2a: Ho-Oh|Ho-Oh, shiny|100/100
|move|p1a: Yveltal|Knock Off|p2a: Ho-Oh
|-damage|p2a: Ho-Oh|65/100
|-enditem|p2a: Ho-Oh|Heavy-Duty Boots|[from] move: Knock Off|[of] p1a: Yveltal
|
|-weather|none
|upkeep
|turn|6
|
|t:|1610269724
|switch|p1a: Ditto|Ditto|26/100 par
|-transform|p1a: Ditto|p2a: Ho-Oh|[from] ability: Imposter
|move|p2a: Ho-Oh|Toxic||[still]
|-fail|p2a: Ho-Oh
|
|upkeep
|turn|7
|c|☆Holy rng loser|oh roost over recover
|j| fasjdioa
|inactive|Holy rng loser has 120 seconds left.
|c|☆Black Shadow 666|is recover standard
|c|☆Holy rng loser|idk
|c|☆Black Shadow 666|too lazy to care lol
|c|☆Holy rng loser|probably doesnt matter
|c|☆Holy rng loser|if ur slow
|inactive|Holy rng loser has 90 seconds left.
|
|t:|1610269789
|move|p2a: Ho-Oh|Sacred Fire|p1a: Ditto
|-resisted|p1a: Ditto
|-damage|p1a: Ditto|6/100 par
|move|p1a: Ditto|Sacred Fire|p2a: Ho-Oh
|-resisted|p2a: Ho-Oh
|-damage|p2a: Ho-Oh|52/100
|
|upkeep
|turn|8
|inactive|Holy rng loser has 90 seconds left.
|
|t:|1610269806
|move|p2a: Ho-Oh|Roost|p2a: Ho-Oh
|-heal|p2a: Ho-Oh|100/100
|-singleturn|p2a: Ho-Oh|move: Roost
|cant|p1a: Ditto|par
|
|upkeep
|turn|9
|
|t:|1610269813
|move|p2a: Ho-Oh|Sacred Fire|p1a: Ditto
|-resisted|p1a: Ditto
|-damage|p1a: Ditto|0 fnt
|faint|p1a: Ditto
|
|upkeep
|
|t:|1610269817
|switch|p1a: Palkia|Palkia|10/100
|-ability|p1a: Palkia|Pressure
|turn|10
|j| archaeognatha
|
|t:|1610269825
|switch|p2a: Zacian|Zacian-Crowned|100/100
|-ability|p2a: Zacian|Intrepid Sword|boost
|-boost|p2a: Zacian|atk|1
|move|p1a: Palkia|Hydro Pump|p2a: Zacian
|-damage|p2a: Zacian|23/100
|
|upkeep
|turn|11
|
|t:|1610269832
|switch|p1a: Necrozma|Necrozma-Dusk-Mane|100/100
|move|p2a: Zacian|Close Combat|p1a: Necrozma
|-damage|p1a: Necrozma|60/100
|-unboost|p2a: Zacian|def|1
|-unboost|p2a: Zacian|spd|1
|-damage|p2a: Zacian|6/100|[from] item: Rocky Helmet|[of] p1a: Necrozma
|
|upkeep
|turn|12
|
|t:|1610269837
|switch|p2a: Zygarde|Zygarde, shiny|100/100
|move|p1a: Necrozma|Morning Sun|p1a: Necrozma
|-heal|p1a: Necrozma|100/100
|
|upkeep
|turn|13
|
|t:|1610269853
|switch|p1a: Palkia|Palkia|10/100
|-ability|p1a: Palkia|Pressure
|move|p2a: Zygarde|Substitute|p2a: Zygarde
|-start|p2a: Zygarde|Substitute
|-damage|p2a: Zygarde|75/100
|
|-heal|p2a: Zygarde|82/100|[from] item: Leftovers
|upkeep
|turn|14
|j| Raph369
|
|t:|1610269858
|move|p1a: Palkia|Spacial Rend|p2a: Zygarde
|-supereffective|p2a: Zygarde
|-end|p2a: Zygarde|Substitute
|move|p2a: Zygarde|Glare|p1a: Palkia
|-status|p1a: Palkia|par
|
|-heal|p2a: Zygarde|88/100|[from] item: Leftovers
|upkeep
|turn|15
|
|t:|1610269862
|switch|p2a: Zacian|Zacian-Crowned|6/100
|-ability|p2a: Zacian|Intrepid Sword|boost
|-boost|p2a: Zacian|atk|1
|cant|p1a: Palkia|par
|
|upkeep
|turn|16
|
|t:|1610269871
|switch|p2a: Yveltal|Yveltal|100/100
|-ability|p2a: Yveltal|Dark Aura
|switch|p1a: Necrozma|Necrozma-Dusk-Mane|100/100
|
|upkeep
|turn|17
|
|t:|1610269877
|switch|p1a: Yveltal|Yveltal, shiny|76/100
|-ability|p1a: Yveltal|Dark Aura
|move|p2a: Yveltal|Dark Pulse|p1a: Yveltal
|-resisted|p1a: Yveltal
|-damage|p1a: Yveltal|52/100
|-damage|p2a: Yveltal|91/100|[from] item: Life Orb
|
|upkeep
|turn|18
|
|t:|1610269882
|switch|p2a: Ho-Oh|Ho-Oh, shiny|100/100
|move|p1a: Yveltal|Roost|p1a: Yveltal
|-heal|p1a: Yveltal|100/100
|-singleturn|p1a: Yveltal|move: Roost
|
|upkeep
|turn|19
|l| Raph369
|
|t:|1610269900
|switch|p1a: Palkia|Palkia|10/100 par
|-ability|p1a: Palkia|Pressure
|move|p2a: Ho-Oh|Sacred Fire|p1a: Palkia
|-resisted|p1a: Palkia
|-damage|p1a: Palkia|0 fnt
|faint|p1a: Palkia
|
|upkeep
|
|t:|1610269914
|switch|p1a: Darmanitan|Darmanitan-Galar, M|100/100
|turn|20
|j| Raph369
|
|t:|1610269943
|switch|p2a: Zacian|Zacian-Crowned|6/100
|-ability|p2a: Zacian|Intrepid Sword|boost
|-boost|p2a: Zacian|atk|1
|move|p1a: Darmanitan|Icicle Crash|p2a: Zacian
|-resisted|p2a: Zacian
|-damage|p2a: Zacian|0 fnt
|faint|p2a: Zacian
|
|upkeep
|
|t:|1610269952
|switch|p2a: Ho-Oh|Ho-Oh, shiny|100/100
|turn|21
|
|t:|1610269956
|move|p1a: Darmanitan|Icicle Crash|p2a: Ho-Oh
|-damage|p2a: Ho-Oh|57/100
|cant|p2a: Ho-Oh|flinch
|
|upkeep
|turn|22
|
|t:|1610269961
|move|p1a: Darmanitan|Icicle Crash|p2a: Ho-Oh
|-damage|p2a: Ho-Oh|11/100
|cant|p2a: Ho-Oh|flinch
|
|upkeep
|turn|23
|c|☆Holy rng loser|woop
|c|☆Holy rng loser|mb
|c|☆Holy rng loser|wait for the miss
|inactive|Black Shadow 666 has 120 seconds left.
|
|t:|1610269997
|move|p1a: Darmanitan|Icicle Crash|p2a: Ho-Oh
|-damage|p2a: Ho-Oh|0 fnt
|faint|p2a: Ho-Oh
|
|upkeep
|
|t:|1610270001
|switch|p2a: Yveltal|Yveltal|91/100
|-ability|p2a: Yveltal|Dark Aura
|turn|24
|
|t:|1610270005
|switch|p1a: Zacian|Zacian-Crowned|100/100
|-ability|p1a: Zacian|Intrepid Sword|boost
|-boost|p1a: Zacian|atk|1
|move|p2a: Yveltal|Sucker Punch||[still]
|-fail|p2a: Yveltal
|
|upkeep
|turn|25
|
|t:|1610270012
|move|p2a: Yveltal|Sucker Punch|p1a: Zacian
|-resisted|p1a: Zacian
|-damage|p1a: Zacian|72/100
|-damage|p2a: Yveltal|81/100|[from] item: Life Orb
|move|p1a: Zacian|Play Rough|p2a: Yveltal
|-supereffective|p2a: Yveltal
|-crit|p2a: Yveltal
|-damage|p2a: Yveltal|0 fnt
|faint|p2a: Yveltal
|
|upkeep
|
|t:|1610270014
|switch|p2a: Zygarde|Zygarde, shiny|88/100
|turn|26
|
|t:|1610270017
|move|p1a: Zacian|Play Rough|p2a: Zygarde
|-supereffective|p2a: Zygarde
|-damage|p2a: Zygarde|0 fnt
|faint|p2a: Zygarde
|
|upkeep
|
|t:|1610270019
|switch|p2a: Calyrex|Calyrex-Shadow|100/100
|-ability|p2a: Calyrex|As One
|-ability|p2a: Calyrex|Unnerve|p1: Holy rng loser
|turn|27
|
|t:|1610270024
|switch|p1a: Yveltal|Yveltal, shiny|100/100
|-ability|p1a: Yveltal|Dark Aura
|move|p2a: Calyrex|Nasty Plot|p2a: Calyrex
|-boost|p2a: Calyrex|spa|2
|
|upkeep
|turn|28
|c|☆Black Shadow 666|gg
|j| FearNeverDies
|c|☆Holy rng loser|gg
|
|t:|1610270029
|move|p2a: Calyrex|Draining Kiss|p1a: Yveltal
|-supereffective|p1a: Yveltal
|-damage|p1a: Yveltal|57/100
|move|p1a: Yveltal|Knock Off|p2a: Calyrex
|-supereffective|p2a: Calyrex
|-enditem|p2a: Calyrex|Focus Sash
|-damage|p2a: Calyrex|1/100
|
|upkeep
|turn|29
|
|t:|1610270035
|move|p1a: Yveltal|Sucker Punch|p2a: Calyrex
|-supereffective|p2a: Calyrex
|-damage|p2a: Calyrex|0 fnt
|faint|p2a: Calyrex
|
|win|Holy rng loser
|n|☆Holy rng loser|holyrngloser
|n|☆Black Shadow 666|blackshadow666
|n| fasjdioa|fasjdioa
|n| archaeognatha|archaeognatha
|n| Raph369|raph369
|n| FearNeverDies|fearneverdies
|l|☆Black Shadow 666
|l| FearNeverDies
