|html|<div class="broadcast-blue"><strong>[Gen 8] Ubers is currently suspecting Zacian-Crowned! For information on how to participate check out the <a href="https://www.smogon.com/forums/threads/np-ss-ubers-stage-5-hound-dog.3675589/">suspect thread</a>.</strong></div>
|j|☆neptune732
|j|☆rokabibee
|t:|1610364695
|player|p1|neptune732|102|1380
|player|p2|rokabibee|cyrus|1396
|teamsize|p1|6
|teamsize|p2|6
|gametype|singles
|gen|8
|tier|[Gen 8] Ubers
|rated|
|clearpoke
|poke|p1|Aggron, M|
|poke|p1|Yveltal|
|poke|p1|Reshiram|
|poke|p1|Calyrex-Shadow|
|poke|p1|Zacian-Crowned|
|poke|p1|Groudon|
|poke|p2|Calyrex-Shadow|
|poke|p2|Tapu Lele|
|poke|p2|Zacian-Crowned|
|poke|p2|Necrozma-Dusk-Mane|
|poke|p2|Yveltal|
|poke|p2|Zygarde|
|rule|Sleep Clause Mod: Limit one foe put to sleep
|rule|Species Clause: Limit one of each Pokémon
|rule|OHKO Clause: OHKO moves are banned
|rule|Evasion Moves Clause: Evasion moves are banned
|rule|Endless Battle Clause: Forcing endless battles is banned
|rule|HP Percentage Mod: HP is shown in percentages
|rule|Dynamax Clause: You cannot dynamax
|teampreview
|
|t:|1610364706
|start
|switch|p1a: Aggron|Aggron, M|100/100
|switch|p2a: Necrozma|Necrozma-Dusk-Mane|100/100
|turn|1
|
|t:|1610364717
|move|p2a: Necrozma|Stealth Rock|p1a: Aggron
|-sidestart|p1: neptune732|move: Stealth Rock
|move|p1a: Aggron|Stealth Rock|p2a: Necrozma
|-sidestart|p2: rokabibee|move: Stealth Rock
|
|upkeep
|turn|2
|
|t:|1610364724
|move|p2a: Necrozma|Thunder Wave|p1a: Aggron
|-status|p1a: Aggron|par
|cant|p1a: Aggron|par
|
|upkeep
|turn|3
|
|t:|1610364730
|move|p2a: Necrozma|Knock Off|p1a: Aggron
|-damage|p1a: Aggron|80/100 par
|-enditem|p1a: Aggron|Custap Berry|[from] move: Knock Off|[of] p2a: Necrozma
|cant|p1a: Aggron|par
|
|upkeep
|turn|4
|
|t:|1610364736
|move|p2a: Necrozma|Sunsteel Strike|p1a: Aggron
|-damage|p1a: Aggron|52/100 par
|cant|p1a: Aggron|par
|
|upkeep
|turn|5
|
|t:|1610364744
|move|p2a: Necrozma|Sunsteel Strike|p1a: Aggron
|-damage|p1a: Aggron|23/100 par
|cant|p1a: Aggron|par
|
|upkeep
|turn|6
|c|☆rokabibee|??
|
|t:|1610364757
|move|p2a: Necrozma|Sunsteel Strike|p1a: Aggron
|-damage|p1a: Aggron|0 fnt
|faint|p1a: Aggron
|
|upkeep
|
|t:|1610364777
|switch|p1a: Reshiram|Reshiram|100/100
|-damage|p1a: Reshiram|76/100|[from] Stealth Rock
|-ability|p1a: Reshiram|Turboblaze
|turn|7
|j| Heavy King Tomas
|l| Heavy King Tomas
|
|t:|1610364783
|move|p1a: Reshiram|Blue Flare|p2a: Necrozma|[miss]
|-miss|p1a: Reshiram|p2a: Necrozma
|move|p2a: Necrozma|Thunder Wave|p1a: Reshiram
|-status|p1a: Reshiram|par
|
|upkeep
|turn|8
|
|t:|1610364792
|cant|p1a: Reshiram|par
|move|p2a: Necrozma|Knock Off|p1a: Reshiram
|-damage|p1a: Reshiram|44/100 par
|-enditem|p1a: Reshiram|Choice Scarf|[from] move: Knock Off|[of] p2a: Necrozma
|
|upkeep
|turn|9
|j| Lycaon01
|
|t:|1610364805
|move|p2a: Necrozma|Sunsteel Strike|p1a: Reshiram
|-resisted|p1a: Reshiram
|-crit|p1a: Reshiram
|-damage|p1a: Reshiram|3/100 par
|move|p1a: Reshiram|Blue Flare|p2a: Necrozma
|-supereffective|p2a: Necrozma
|-damage|p2a: Necrozma|9/100
|-status|p2a: Necrozma|brn
|
|-heal|p2a: Necrozma|15/100 brn|[from] item: Leftovers
|-damage|p2a: Necrozma|9/100 brn|[from] brn
|upkeep
|turn|10
|
|t:|1610364816
|move|p2a: Necrozma|Sunsteel Strike|p1a: Reshiram
|-resisted|p1a: Reshiram
|-damage|p1a: Reshiram|0 fnt
|faint|p1a: Reshiram
|
|-heal|p2a: Necrozma|15/100 brn|[from] item: Leftovers
|-damage|p2a: Necrozma|9/100 brn|[from] brn
|upkeep
|
|t:|1610364832
|switch|p1a: Groudon|Groudon|100/100
|-damage|p1a: Groudon|95/100|[from] Stealth Rock
|-weather|SunnyDay|[from] ability: Drought|[of] p1a: Groudon
|turn|11
|
|t:|1610364838
|move|p1a: Groudon|Rock Polish|p1a: Groudon
|-boost|p1a: Groudon|spe|2
|move|p2a: Necrozma|Knock Off|p1a: Groudon
|-damage|p1a: Groudon|83/100
|-enditem|p1a: Groudon|Life Orb|[from] move: Knock Off|[of] p2a: Necrozma
|
|-weather|SunnyDay|[upkeep]
|-heal|p2a: Necrozma|15/100 brn|[from] item: Leftovers
|-damage|p2a: Necrozma|9/100 brn|[from] brn
|upkeep
|turn|12
|
|t:|1610364849
|move|p1a: Groudon|Swords Dance|p1a: Groudon
|-boost|p1a: Groudon|atk|2
|move|p2a: Necrozma|Sunsteel Strike|p1a: Groudon
|-damage|p1a: Groudon|66/100
|
|-weather|SunnyDay|[upkeep]
|-heal|p2a: Necrozma|15/100 brn|[from] item: Leftovers
|-damage|p2a: Necrozma|9/100 brn|[from] brn
|upkeep
|turn|13
|
|t:|1610364872
|switch|p2a: Tapu Lele|Tapu Lele|100/100
|-damage|p2a: Tapu Lele|88/100|[from] Stealth Rock
|-fieldstart|move: Psychic Terrain|[from] ability: Psychic Surge|[of] p2a: Tapu Lele
|move|p1a: Groudon|Rock Polish|p1a: Groudon
|-boost|p1a: Groudon|spe|2
|
|-weather|SunnyDay|[upkeep]
|upkeep
|turn|14
|
|t:|1610364882
|move|p1a: Groudon|Precipice Blades|p2a: Tapu Lele
|-damage|p2a: Tapu Lele|0 fnt
|faint|p2a: Tapu Lele
|
|-weather|SunnyDay|[upkeep]
|upkeep
|
|t:|1610364896
|switch|p2a: Calyrex|Calyrex-Shadow|100/100
|-ability|p2a: Calyrex|As One
|-ability|p2a: Calyrex|Unnerve|p1: neptune732
|-damage|p2a: Calyrex|88/100|[from] Stealth Rock
|-enditem|p2a: Calyrex|Psychic Seed
|-boost|p2a: Calyrex|spd|1|[from] item: Psychic Seed
|turn|15
|
|t:|1610364908
|move|p1a: Groudon|Precipice Blades|p2a: Calyrex
|-damage|p2a: Calyrex|0 fnt
|faint|p2a: Calyrex
|
|-weather|none
|upkeep
|
|t:|1610364914
|switch|p2a: Yveltal|Yveltal|100/100
|-ability|p2a: Yveltal|Dark Aura
|turn|16
|
|t:|1610364918
|move|p1a: Groudon|Stone Edge|p2a: Yveltal
|-supereffective|p2a: Yveltal
|-damage|p2a: Yveltal|0 fnt
|faint|p2a: Yveltal
|
|upkeep
|
|t:|1610364925
|switch|p2a: Zygarde|Zygarde|100/100
|-damage|p2a: Zygarde|94/100|[from] Stealth Rock
|turn|17
|
|t:|1610364931
|move|p1a: Groudon|Precipice Blades|p2a: Zygarde|[miss]
|-miss|p1a: Groudon|p2a: Zygarde
|move|p2a: Zygarde|Substitute|p2a: Zygarde
|-start|p2a: Zygarde|Substitute
|-damage|p2a: Zygarde|69/100
|
|-heal|p2a: Zygarde|75/100|[from] item: Leftovers
|-fieldend|move: Psychic Terrain
|upkeep
|turn|18
|
|t:|1610364956
|move|p1a: Groudon|Precipice Blades|p2a: Zygarde
|-end|p2a: Zygarde|Substitute
|move|p2a: Zygarde|Thousand Arrows|p1a: Groudon
|-damage|p1a: Groudon|45/100
|
|-heal|p2a: Zygarde|82/100|[from] item: Leftovers
|upkeep
|turn|19
|
|t:|1610364966
|move|p1a: Groudon|Precipice Blades|p2a: Zygarde
|-damage|p2a: Zygarde|0 fnt
|faint|p2a: Zygarde
|
|upkeep
|
|t:|1610364970
|switch|p2a: Zacian|Zacian-Crowned|100/100
|-damage|p2a: Zacian|94/100|[from] Stealth Rock
|-ability|p2a: Zacian|Intrepid Sword|boost
|-boost|p2a: Zacian|atk|1
|turn|20
|
|t:|1610364979
|move|p1a: Groudon|Precipice Blades|p2a: Zacian
|-supereffective|p2a: Zacian
|-damage|p2a: Zacian|0 fnt
|faint|p2a: Zacian
|
|upkeep
|-message|rokabibee forfeited.
|
|win|neptune732
|l|☆rokabibee
|raw|neptune732's rating: 1380 &rarr; <strong>1401</strong><br />(+21 for winning)
|raw|rokabibee's rating: 1397 &rarr; <strong>1376</strong><br />(-21 for losing)
