|raw|<div class="broadcast-blue"><strong>This battle is required to be public due to a player having a name starting with 'ult9ns'.</div>
|j|☆ULT9NS Chick
|j|☆Bald ben
|t:|1653554434
|gametype|singles
|player|p1|ULT9NS Chick|hiker-gen4|1564
|player|p2|Bald ben|170|1595
|teamsize|p1|6
|teamsize|p2|6
|gen|8
|tier|[Gen 8] Ubers
|rated|
|rule|Sleep Clause Mod: Limit one foe put to sleep
|rule|Species Clause: Limit one of each Pokémon
|rule|OHKO Clause: OHKO moves are banned
|rule|Evasion Moves Clause: Evasion moves are banned
|rule|Endless Battle Clause: Forcing endless battles is banned
|rule|HP Percentage Mod: HP is shown in percentages
|rule|Dynamax Clause: You cannot dynamax
|clearpoke
|poke|p1|Yveltal|
|poke|p1|Xerneas-*|
|poke|p1|Scolipede, M|
|poke|p1|Calyrex-Shadow|
|poke|p1|Zamazenta-*|
|poke|p1|Eternatus|
|poke|p2|Excadrill, F|
|poke|p2|Yveltal|
|poke|p2|Xerneas-*|
|poke|p2|Eternatus|
|poke|p2|Cloyster, M|
|poke|p2|Calyrex-Shadow|
|teampreview
|inactive|Battle timer is ON: inactive players will automatically lose when time's up. (requested by Bald ben)
|c|☆ULT9NS Chick|我求求你了
|c|☆Bald ben|龜龜
|j| Lightning of Heart
|
|t:|1653554464
|start
|switch|p1a: Calyrex|Calyrex-Shadow|100/100
|switch|p2a: Calyrex|Calyrex-Shadow|100/100
|-ability|p1a: Calyrex|As One
|-ability|p1a: Calyrex|Unnerve
|-ability|p2a: Calyrex|As One
|-ability|p2a: Calyrex|Unnerve
|turn|1
|
|t:|1653554476
|move|p1a: Calyrex|Astral Barrage|p2a: Calyrex
|-supereffective|p2a: Calyrex
|-damage|p2a: Calyrex|0 fnt
|faint|p2a: Calyrex
|-ability|p1a: Calyrex|Grim Neigh|boost
|-boost|p1a: Calyrex|spa|1
|
|upkeep
|c|☆Bald ben|太刺激了
|inactive|Bald ben has 120 seconds left.
|
|t:|1653554506
|switch|p2a: Excadrill|Excadrill, F|100/100
|-ability|p2a: Excadrill|Mold Breaker
|turn|2
|
|t:|1653554512
|move|p1a: Calyrex|Astral Barrage|p2a: Excadrill
|-enditem|p2a: Excadrill|Focus Sash
|-damage|p2a: Excadrill|1/100
|move|p2a: Excadrill|Stealth Rock|p1a: Calyrex
|-sidestart|p1: ULT9NS Chick|move: Stealth Rock
|
|upkeep
|turn|3
|
|t:|1653554516
|move|p1a: Calyrex|Astral Barrage|p2a: Excadrill
|-damage|p2a: Excadrill|0 fnt
|faint|p2a: Excadrill
|-ability|p1a: Calyrex|Grim Neigh|boost
|-boost|p1a: Calyrex|spa|1
|
|upkeep
|
|t:|1653554517
|switch|p2a: Yveltal|Yveltal|100/100
|-ability|p2a: Yveltal|Dark Aura
|turn|4
|
|t:|1653554521
|switch|p1a: Zamazenta|Zamazenta-Crowned|100/100
|-damage|p1a: Zamazenta|97/100|[from] Stealth Rock
|-ability|p1a: Zamazenta|Dauntless Shield|boost
|-boost|p1a: Zamazenta|def|1
|move|p2a: Yveltal|Oblivion Wing|p1a: Zamazenta
|-damage|p1a: Zamazenta|53/100
|-damage|p2a: Yveltal|91/100|[from] item: Life Orb
|
|upkeep
|turn|5
|
|t:|1653554538
|switch|p1a: Yveltal|Yveltal|100/100
|-ability|p1a: Yveltal|Dark Aura
|move|p2a: Yveltal|Oblivion Wing|p1a: Yveltal
|-damage|p1a: Yveltal|53/100
|-heal|p2a: Yveltal|100/100|[from] drain|[of] p1a: Yveltal
|-damage|p2a: Yveltal|91/100|[from] item: Life Orb
|
|upkeep
|turn|6
|
|t:|1653554540
|move|p2a: Yveltal|Oblivion Wing|p1a: Yveltal
|-damage|p1a: Yveltal|7/100
|-heal|p2a: Yveltal|100/100|[from] drain|[of] p1a: Yveltal
|-damage|p2a: Yveltal|91/100|[from] item: Life Orb
|move|p1a: Yveltal|Knock Off|p2a: Yveltal
|-resisted|p2a: Yveltal
|-damage|p2a: Yveltal|54/100
|-enditem|p2a: Yveltal|Life Orb|[from] move: Knock Off|[of] p1a: Yveltal
|
|upkeep
|turn|7
|
|t:|1653554548
|move|p2a: Yveltal|Oblivion Wing|p1a: Yveltal
|-damage|p1a: Yveltal|0 fnt
|-heal|p2a: Yveltal|60/100|[from] drain|[of] p1a: Yveltal
|faint|p1a: Yveltal
|
|upkeep
|
|t:|1653554551
|switch|p1a: Eternatus|Eternatus|100/100
|-damage|p1a: Eternatus|88/100|[from] Stealth Rock
|-ability|p1a: Eternatus|Pressure
|turn|8
|
|t:|1653554556
|switch|p2a: Eternatus|Eternatus|100/100
|-ability|p2a: Eternatus|Pressure
|move|p1a: Eternatus|Meteor Beam||[still]
|-prepare|p1a: Eternatus|Meteor Beam
|-boost|p1a: Eternatus|spa|1
|-enditem|p1a: Eternatus|Power Herb
|-anim|p1a: Eternatus|Meteor Beam|p2a: Eternatus
|-damage|p2a: Eternatus|47/100
|
|upkeep
|turn|9
|
|t:|1653554560
|move|p1a: Eternatus|Dynamax Cannon|p2a: Eternatus
|-supereffective|p2a: Eternatus
|-damage|p2a: Eternatus|0 fnt
|faint|p2a: Eternatus
|
|upkeep
|
|t:|1653554563
|switch|p2a: Cloyster|Cloyster, M|100/100
|turn|10
|j| ULT9NS EntEx
|
|t:|1653554573
|move|p1a: Eternatus|Flamethrower|p2a: Cloyster
|-enditem|p2a: Cloyster|Focus Sash
|-damage|p2a: Cloyster|1/100
|-status|p2a: Cloyster|brn
|move|p2a: Cloyster|Shell Smash|p2a: Cloyster
|-unboost|p2a: Cloyster|def|1
|-unboost|p2a: Cloyster|spd|1
|-boost|p2a: Cloyster|atk|2
|-boost|p2a: Cloyster|spa|2
|-boost|p2a: Cloyster|spe|2
|
|-damage|p2a: Cloyster|0 fnt|[from] brn
|faint|p2a: Cloyster
|upkeep
|
|t:|1653554576
|switch|p2a: Xerneas|Xerneas|100/100
|-ability|p2a: Xerneas|Fairy Aura
|turn|11
|c|☆ULT9NS Chick|找刺激是不是
|
|t:|1653554586
|move|p1a: Eternatus|Flamethrower|p2a: Xerneas
|-damage|p2a: Xerneas|60/100
|move|p2a: Xerneas|Geomancy||[still]
|-prepare|p2a: Xerneas|Geomancy
|-enditem|p2a: Xerneas|Power Herb
|-anim|p2a: Xerneas|Geomancy|p2a: Xerneas
|-boost|p2a: Xerneas|spa|2
|-boost|p2a: Xerneas|spd|2
|-boost|p2a: Xerneas|spe|2
|
|upkeep
|turn|12
|c|☆Bald ben|你干嘛
|c|☆ULT9NS Chick|忘了
|inactive|ULT9NS Chick has 120 seconds left.
|c|☆ULT9NS Chick|😭
|inactive|Bald ben has 120 seconds left.
|inactive|ULT9NS Chick has 90 seconds left.
|c|☆Bald ben|這我該說啥好
|c|☆Bald ben|我盡力了
|j| Master Origami♕
|inactive|ULT9NS Chick has 60 seconds left.
|
|t:|1653554685
|move|p2a: Xerneas|Substitute|p2a: Xerneas
|-start|p2a: Xerneas|Substitute
|-damage|p2a: Xerneas|35/100
|move|p1a: Eternatus|Flamethrower|p2a: Xerneas
|-activate|p2a: Xerneas|move: Substitute|[damage]
|
|upkeep
|turn|13
|inactive|ULT9NS Chick has 60 seconds left.
|
|t:|1653554697
|move|p2a: Xerneas|Moonblast|p1a: Eternatus
|-damage|p1a: Eternatus|0 fnt
|faint|p1a: Eternatus
|
|upkeep
|inactive|ULT9NS Chick has 60 seconds left.
|
|t:|1653554705
|switch|p1a: Scolipede|Scolipede, M|100/100
|-damage|p1a: Scolipede|76/100|[from] Stealth Rock
|turn|14
|
|t:|1653554711
|move|p2a: Xerneas|Thunder|p1a: Scolipede
|-damage|p1a: Scolipede|0 fnt
|faint|p1a: Scolipede
|
|upkeep
|
|t:|1653554718
|switch|p1a: Calyrex|Calyrex-Shadow|100/100
|-ability|p1a: Calyrex|As One
|-ability|p1a: Calyrex|Unnerve
|-damage|p1a: Calyrex|88/100|[from] Stealth Rock
|turn|15
|
|t:|1653554720
|move|p1a: Calyrex|Encore|p2a: Xerneas
|-start|p2a: Xerneas|Encore
|move|p2a: Xerneas|Thunder|p1a: Calyrex|[miss]
|-miss|p2a: Xerneas|p1a: Calyrex
|
|upkeep
|turn|16
|
|t:|1653554727
|switch|p1a: Zamazenta|Zamazenta-Crowned|53/100
|-damage|p1a: Zamazenta|50/100|[from] Stealth Rock
|-ability|p1a: Zamazenta|Dauntless Shield|boost
|-boost|p1a: Zamazenta|def|1
|move|p2a: Xerneas|Thunder|p1a: Zamazenta
|-damage|p1a: Zamazenta|0 fnt
|faint|p1a: Zamazenta
|
|upkeep
|
|t:|1653554733
|switch|p1a: Calyrex|Calyrex-Shadow|88/100
|-ability|p1a: Calyrex|As One
|-ability|p1a: Calyrex|Unnerve
|-damage|p1a: Calyrex|76/100|[from] Stealth Rock
|turn|17
|
|t:|1653554735
|move|p1a: Calyrex|Astral Barrage|p2a: Xerneas
|-end|p2a: Xerneas|Substitute
|move|p2a: Xerneas|Thunder|p1a: Calyrex|[miss]
|-miss|p2a: Xerneas|p1a: Calyrex
|
|-end|p2a: Xerneas|Encore
|upkeep
|turn|18
|
|t:|1653554738
|move|p1a: Calyrex|Astral Barrage|p2a: Xerneas
|-damage|p2a: Xerneas|2/100
|move|p2a: Xerneas|Thunder|p1a: Calyrex
|-damage|p1a: Calyrex|0 fnt
|faint|p1a: Calyrex
|
|upkeep
|
|t:|1653554748
|switch|p1a: Xerneas|Xerneas|100/100
|-damage|p1a: Xerneas|88/100|[from] Stealth Rock
|-ability|p1a: Xerneas|Fairy Aura
|turn|19
|
|t:|1653554754
|move|p2a: Xerneas|Moonblast|p1a: Xerneas
|-damage|p1a: Xerneas|0 fnt
|faint|p1a: Xerneas
|
|win|Bald ben
|raw|ULT9NS Chick's rating: 1564 &rarr; <strong>1546</strong><br />(-18 for losing)
|raw|Bald ben's rating: 1595 &rarr; <strong>1613</strong><br />(+18 for winning)
