|j|☆zokua
|j|☆killer whale squa
|t:|1628441053
|gametype|singles
|player|p1|zokua|volkner|
|player|p2|killer whale squa|dawn-gen4pt|
|teamsize|p1|6
|teamsize|p2|6
|gen|8
|tier|[Gen 8] Ubers
|rated|Tournament battle
|rule|Sleep Clause Mod: Limit one foe put to sleep
|rule|Species Clause: Limit one of each Pokémon
|rule|OHKO Clause: OHKO moves are banned
|rule|Evasion Moves Clause: Evasion moves are banned
|rule|Endless Battle Clause: Forcing endless battles is banned
|rule|HP Percentage Mod: HP is shown in percentages
|rule|Dynamax Clause: You cannot dynamax
|clearpoke
|poke|p1|Slurpuff, M|
|poke|p1|Eternatus|
|poke|p1|Yveltal|
|poke|p1|Necrozma-Dusk-Mane|
|poke|p1|Kyogre|
|poke|p1|Calyrex-Shadow|
|poke|p2|Yveltal|
|poke|p2|Calyrex-Shadow|
|poke|p2|Eternatus|
|poke|p2|Kyogre|
|poke|p2|Necrozma-Dusk-Mane|
|poke|p2|Xerneas-*|
|teampreview
|inactive|Battle timer is ON: inactive players will automatically lose when time's up. (requested by zokua)
|j| no whitney plz
|l| no whitney plz
|
|t:|1628441064
|start
|switch|p1a: Slurpuff|Slurpuff, M|100/100
|switch|p2a: Necrozma|Necrozma-Dusk-Mane|100/100
|turn|1
|
|t:|1628441080
|move|p1a: Slurpuff|Sticky Web|p2a: Necrozma
|-sidestart|p2: killer whale squa|move: Sticky Web
|move|p2a: Necrozma|Sunsteel Strike|p1a: Slurpuff
|-supereffective|p1a: Slurpuff
|-enditem|p1a: Slurpuff|Focus Sash
|-damage|p1a: Slurpuff|1/100
|
|upkeep
|turn|2
|
|t:|1628441092
|move|p1a: Slurpuff|Yawn|p2a: Necrozma
|-start|p2a: Necrozma|move: Yawn|[of] p1a: Slurpuff
|move|p2a: Necrozma|Stealth Rock|p1a: Slurpuff
|-sidestart|p1: zokua|move: Stealth Rock
|
|upkeep
|turn|3
|
|t:|1628441100
|move|p1a: Slurpuff|Misty Explosion|p2a: Necrozma
|-resisted|p2a: Necrozma
|-damage|p2a: Necrozma|89/100
|faint|p1a: Slurpuff
|move|p2a: Necrozma|Sunsteel Strike|p1: Slurpuff|[notarget]
|-fail|p2a: Necrozma
|
|-heal|p2a: Necrozma|95/100|[from] item: Leftovers
|-end|p2a: Necrozma|move: Yawn|[silent]
|-status|p2a: Necrozma|slp
|upkeep
|
|t:|1628441122
|switch|p1a: Kyogre|Kyogre|100/100
|-damage|p1a: Kyogre|88/100|[from] Stealth Rock
|-weather|RainDance|[from] ability: Drizzle|[of] p1a: Kyogre
|turn|4
|
|t:|1628441142
|switch|p2a: Eternatus|Eternatus|100/100
|-activate|p2a: Eternatus|move: Sticky Web
|-unboost|p2a: Eternatus|spe|1
|-ability|p2a: Eternatus|Pressure
|move|p1a: Kyogre|Ice Beam|p2a: Eternatus
|-supereffective|p2a: Eternatus
|-damage|p2a: Eternatus|36/100
|
|-weather|RainDance|[upkeep]
|-heal|p2a: Eternatus|42/100|[from] item: Black Sludge
|upkeep
|turn|5
|
|t:|1628441156
|switch|p2a: Kyogre|Kyogre|100/100
|-activate|p2a: Kyogre|move: Sticky Web
|-unboost|p2a: Kyogre|spe|1
|move|p1a: Kyogre|Ice Beam|p2a: Kyogre
|-resisted|p2a: Kyogre
|-damage|p2a: Kyogre|85/100
|
|-weather|RainDance|[upkeep]
|-heal|p2a: Kyogre|91/100|[from] item: Leftovers
|upkeep
|turn|6
|
|t:|1628441162
|switch|p1a: Eternatus|Eternatus|100/100
|-damage|p1a: Eternatus|88/100|[from] Stealth Rock
|-ability|p1a: Eternatus|Pressure
|move|p2a: Kyogre|Calm Mind|p2a: Kyogre
|-boost|p2a: Kyogre|spa|1
|-boost|p2a: Kyogre|spd|1
|
|-weather|RainDance|[upkeep]
|-heal|p2a: Kyogre|97/100|[from] item: Leftovers
|upkeep
|turn|7
|
|t:|1628441176
|move|p1a: Eternatus|Meteor Beam||[still]
|-prepare|p1a: Eternatus|Meteor Beam
|-boost|p1a: Eternatus|spa|1
|-enditem|p1a: Eternatus|Power Herb
|-anim|p1a: Eternatus|Meteor Beam|p2a: Kyogre|[miss]
|-miss|p1a: Eternatus|p2a: Kyogre
|move|p2a: Kyogre|Calm Mind|p2a: Kyogre
|-boost|p2a: Kyogre|spa|1
|-boost|p2a: Kyogre|spd|1
|
|-weather|RainDance|[upkeep]
|-heal|p2a: Kyogre|100/100|[from] item: Leftovers
|upkeep
|turn|8
|c|☆killer whale squa|srry
|
|t:|1628441191
|move|p1a: Eternatus|Dynamax Cannon|p2a: Kyogre
|-damage|p2a: Kyogre|74/100
|move|p2a: Kyogre|Ice Beam|p1a: Eternatus
|-supereffective|p1a: Eternatus
|-damage|p1a: Eternatus|0 fnt
|faint|p1a: Eternatus
|
|-weather|none
|-heal|p2a: Kyogre|80/100|[from] item: Leftovers
|upkeep
|c|☆zokua|hey its only 90%
|
|t:|1628441202
|switch|p1a: Yveltal|Yveltal|100/100
|-damage|p1a: Yveltal|76/100|[from] Stealth Rock
|-ability|p1a: Yveltal|Dark Aura
|turn|9
|
|t:|1628441214
|move|p1a: Yveltal|Dark Pulse|p2a: Kyogre
|-damage|p2a: Kyogre|63/100
|move|p2a: Kyogre|Ice Beam|p1a: Yveltal
|-supereffective|p1a: Yveltal
|-damage|p1a: Yveltal|0 fnt
|faint|p1a: Yveltal
|
|-heal|p2a: Kyogre|69/100|[from] item: Leftovers
|upkeep
|
|t:|1628441220
|switch|p1a: Kyogre|Kyogre|88/100
|-damage|p1a: Kyogre|76/100|[from] Stealth Rock
|-weather|RainDance|[from] ability: Drizzle|[of] p1a: Kyogre
|turn|10
|-message|zokua forfeited.
|
|win|killer whale squa
|n|☆zokua|zokua
|n|☆killer whale squa|killerwhalesqua
