|j|☆D hapiness
|j|☆Trade
|player|p1|D hapiness|benga|1751
|player|p2|Trade|1|1705
|teamsize|p1|6
|teamsize|p2|6
|gametype|singles
|gen|8
|tier|[Gen 8] Ubers
|rated|
|clearpoke
|poke|p1|Umbreon, M|
|poke|p1|Eternatus|
|poke|p1|Ditto|
|poke|p1|Zacian-Crowned|
|poke|p1|Dracovish|
|poke|p1|Quagsire, M|
|poke|p2|Charizard, F|
|poke|p2|Torkoal, M|
|poke|p2|Eternatus|
|poke|p2|Zacian-Crowned|
|poke|p2|Darmanitan-Galar, M|
|poke|p2|Necrozma-Dusk-Mane|
|rule|Sleep Clause Mod: Limit one foe put to sleep
|rule|Species Clause: Limit one of each Pokémon
|rule|OHKO Clause: OHKO moves are banned
|rule|Evasion Moves Clause: Evasion moves are banned
|rule|Endless Battle Clause: Forcing endless battles is banned
|rule|HP Percentage Mod: HP is shown in percentages
|html|Ubers Dynamax Clause: Pokémon on the <a href="https://www.smogon.com/dex/ss/formats/uber/">Ubers Dynamax Banlist</a> cannot Dynamax.
|teampreview
|
|start
|switch|p1a: Zacian|Zacian-Crowned|100/100
|switch|p2a: Darmanitan|Darmanitan-Galar, M|100/100
|-ability|p1a: Zacian|Intrepid Sword|boost
|-boost|p1a: Zacian|atk|1
|turn|1
|
|switch|p1a: Quagsire|Quagsire, M|100/100
|move|p2a: Darmanitan|U-turn|p1a: Quagsire
|-damage|p1a: Quagsire|75/100
|
|switch|p2a: Charizard|Charizard, F|100/100|[from]move: U-turn
|
|-heal|p1a: Quagsire|81/100|[from] item: Leftovers
|upkeep
|turn|2
|
|switch|p2a: Torkoal|Torkoal, M|100/100
|-weather|SunnyDay|[from] ability: Drought|[of] p2a: Torkoal
|move|p1a: Quagsire|Protect||[still]
|-fail|p1a: Quagsire
|
|-weather|SunnyDay|[upkeep]
|-heal|p1a: Quagsire|87/100|[from] item: Leftovers
|upkeep
|turn|3
|
|switch|p1a: Eternatus|Eternatus|100/100
|-ability|p1a: Eternatus|Pressure
|move|p2a: Torkoal|Stealth Rock|p1a: Eternatus
|-sidestart|p1: D hapiness|move: Stealth Rock
|
|-weather|SunnyDay|[upkeep]
|upkeep
|turn|4
|
|switch|p2a: Eternatus|Eternatus|100/100
|-ability|p2a: Eternatus|Pressure
|move|p1a: Eternatus|Substitute|p1a: Eternatus
|-start|p1a: Eternatus|Substitute
|-damage|p1a: Eternatus|76/100
|
|-weather|SunnyDay|[upkeep]
|upkeep
|turn|5
|
|switch|p2a: Zacian|Zacian-Crowned|100/100
|-ability|p2a: Zacian|Intrepid Sword|boost
|-boost|p2a: Zacian|atk|1
|move|p1a: Eternatus|Dynamax Cannon|p2a: Zacian
|-immune|p2a: Zacian
|
|-weather|SunnyDay|[upkeep]
|upkeep
|turn|6
|
|switch|p2a: Eternatus|Eternatus|100/100
|-ability|p2a: Eternatus|Pressure
|move|p1a: Eternatus|Flamethrower|p2a: Eternatus
|-resisted|p2a: Eternatus
|-damage|p2a: Eternatus|73/100
|-damage|p1a: Eternatus|66/100|[from] item: Life Orb
|
|-weather|none
|upkeep
|turn|7
|
|move|p1a: Eternatus|Dynamax Cannon|p2a: Eternatus
|-supereffective|p2a: Eternatus
|-damage|p2a: Eternatus|0 fnt
|-damage|p1a: Eternatus|56/100|[from] item: Life Orb
|faint|p2a: Eternatus
|
|upkeep
|
|switch|p2a: Zacian|Zacian-Crowned|100/100
|-ability|p2a: Zacian|Intrepid Sword|boost
|-boost|p2a: Zacian|atk|1
|turn|8
|
|move|p2a: Zacian|Behemoth Blade|p1a: Eternatus
|-end|p1a: Eternatus|Substitute
|move|p1a: Eternatus|Flamethrower|p2a: Zacian
|-supereffective|p2a: Zacian
|-damage|p2a: Zacian|15/100
|-damage|p1a: Eternatus|46/100|[from] item: Life Orb
|
|upkeep
|turn|9
|
|switch|p1a: Quagsire|Quagsire, M|87/100
|-damage|p1a: Quagsire|81/100|[from] Stealth Rock
|move|p2a: Zacian|Behemoth Blade|p1a: Quagsire
|-resisted|p1a: Quagsire
|-damage|p1a: Quagsire|59/100
|
|-heal|p1a: Quagsire|65/100|[from] item: Leftovers
|upkeep
|turn|10
|
|move|p2a: Zacian|Behemoth Blade|p1a: Quagsire
|-resisted|p1a: Quagsire
|-damage|p1a: Quagsire|42/100
|move|p1a: Quagsire|Toxic|p2a: Zacian
|-immune|p2a: Zacian
|
|-heal|p1a: Quagsire|49/100|[from] item: Leftovers
|upkeep
|turn|11
|
|switch|p2a: Charizard|Charizard, F|100/100
|move|p1a: Quagsire|Recover|p1a: Quagsire
|-heal|p1a: Quagsire|99/100
|
|-heal|p1a: Quagsire|100/100|[from] item: Leftovers
|upkeep
|turn|12
|
|move|p1a: Quagsire|Protect|p1a: Quagsire
|-singleturn|p1a: Quagsire|Protect
|move|p2a: Charizard|Hurricane|p1a: Quagsire
|-activate|p1a: Quagsire|move: Protect
|
|upkeep
|turn|13
|
|switch|p1a: Umbreon|Umbreon, M|100/100
|-damage|p1a: Umbreon|88/100|[from] Stealth Rock
|-start|p2a: Charizard|Dynamax
|-heal|p2a: Charizard|100/100|[silent]
|move|p2a: Charizard|Max Airstream|p1a: Umbreon
|-damage|p1a: Umbreon|52/100
|-boost|p2a: Charizard|spe|1
|
|-heal|p1a: Umbreon|58/100|[from] item: Leftovers
|upkeep
|turn|14
|
|move|p1a: Umbreon|Protect|p1a: Umbreon
|-singleturn|p1a: Umbreon|Protect
|move|p2a: Charizard|Max Flare|p1a: Umbreon
|-zbroken|p1a: Umbreon
|-damage|p1a: Umbreon|50/100
|-weather|SunnyDay
|
|-weather|SunnyDay|[upkeep]
|-damage|p2a: Charizard|94/100|[from] ability: Solar Power|[of] p2a: Charizard
|-heal|p1a: Umbreon|56/100|[from] item: Leftovers
|upkeep
|turn|15
|
|move|p2a: Charizard|Max Flare|p1a: Umbreon
|-damage|p1a: Umbreon|0 fnt
|faint|p1a: Umbreon
|
|-weather|SunnyDay|[upkeep]
|-damage|p2a: Charizard|88/100|[from] ability: Solar Power|[of] p2a: Charizard
|-end|p2a: Charizard|Dynamax
|-heal|p2a: Charizard|88/100|[silent]
|upkeep
|
|switch|p1a: Dracovish|Dracovish|100/100
|-damage|p1a: Dracovish|88/100|[from] Stealth Rock
|turn|16
|
|-start|p1a: Dracovish|Dynamax
|-heal|p1a: Dracovish|88/100|[silent]
|move|p2a: Charizard|Hurricane|p1a: Dracovish
|-damage|p1a: Dracovish|36/100
|move|p1a: Dracovish|Max Geyser|p2a: Charizard
|-supereffective|p2a: Charizard
|-damage|p2a: Charizard|9/100
|-weather|RainDance
|
|-weather|RainDance|[upkeep]
|upkeep
|turn|17
|
|move|p2a: Charizard|Hurricane|p1a: Dracovish
|-damage|p1a: Dracovish|3/100
|-start|p1a: Dracovish|confusion
|-activate|p1a: Dracovish|confusion
|-damage|p1a: Dracovish|0 fnt|[from] confusion
|faint|p1a: Dracovish
|
|-weather|RainDance|[upkeep]
|upkeep
|
|switch|p1a: Ditto|Ditto|100/100
|-damage|p1a: Ditto|88/100|[from] Stealth Rock
|-transform|p1a: Ditto|p2a: Charizard|[from] ability: Imposter
|turn|18
|
|switch|p2a: Zacian|Zacian-Crowned|15/100
|-ability|p2a: Zacian|Intrepid Sword|boost
|-boost|p2a: Zacian|atk|1
|move|p1a: Ditto|Hurricane|p2a: Zacian
|-resisted|p2a: Zacian
|-damage|p2a: Zacian|0 fnt
|faint|p2a: Zacian
|
|-weather|RainDance|[upkeep]
|upkeep
|
|switch|p2a: Necrozma|Necrozma-Dusk-Mane|100/100
|turn|19
|
|switch|p1a: Quagsire|Quagsire, M|100/100
|-damage|p1a: Quagsire|94/100|[from] Stealth Rock
|move|p2a: Necrozma|Knock Off|p1a: Quagsire
|-damage|p1a: Quagsire|65/100
|-enditem|p1a: Quagsire|Leftovers|[from] move: Knock Off|[of] p2a: Necrozma
|
|-weather|RainDance|[upkeep]
|upkeep
|turn|20
|
|move|p2a: Necrozma|Sunsteel Strike|p1a: Quagsire
|-resisted|p1a: Quagsire
|-damage|p1a: Quagsire|42/100
|move|p1a: Quagsire|Toxic|p2a: Necrozma
|-immune|p2a: Necrozma
|
|-weather|none
|upkeep
|turn|21
|
|switch|p2a: Charizard|Charizard, F|9/100
|move|p1a: Quagsire|Recover|p1a: Quagsire
|-heal|p1a: Quagsire|93/100
|
|upkeep
|turn|22
|
|move|p1a: Quagsire|Protect|p1a: Quagsire
|-singleturn|p1a: Quagsire|Protect
|move|p2a: Charizard|Hurricane|p1a: Quagsire
|-activate|p1a: Quagsire|move: Protect
|
|upkeep
|turn|23
|
|switch|p1a: Zacian|Zacian-Crowned|100/100
|-damage|p1a: Zacian|94/100|[from] Stealth Rock
|-ability|p1a: Zacian|Intrepid Sword|boost
|-boost|p1a: Zacian|atk|1
|move|p2a: Charizard|Hurricane|p1a: Zacian|[miss]
|-miss|p2a: Charizard|p1a: Zacian
|
|upkeep
|turn|24
|
|switch|p2a: Torkoal|Torkoal, M|100/100
|-weather|SunnyDay|[from] ability: Drought|[of] p2a: Torkoal
|move|p1a: Zacian|Crunch|p2a: Torkoal
|-damage|p2a: Torkoal|70/100
|-unboost|p2a: Torkoal|def|1
|
|-weather|SunnyDay|[upkeep]
|upkeep
|turn|25
|
|switch|p1a: Eternatus|Eternatus|46/100
|-damage|p1a: Eternatus|33/100|[from] Stealth Rock
|-ability|p1a: Eternatus|Pressure
|switch|p2a: Necrozma|Necrozma-Dusk-Mane|100/100
|
|-weather|SunnyDay|[upkeep]
|upkeep
|turn|26
|
|move|p1a: Eternatus|Recover|p1a: Eternatus
|-heal|p1a: Eternatus|83/100
|move|p2a: Necrozma|Trick Room|p2a: Necrozma
|-fieldstart|move: Trick Room|[of] p2a: Necrozma
|
|-weather|SunnyDay|[upkeep]
|upkeep
|turn|27
|
|switch|p1a: Quagsire|Quagsire, M|93/100
|-damage|p1a: Quagsire|87/100|[from] Stealth Rock
|move|p2a: Necrozma|Earthquake|p1a: Quagsire
|-damage|p1a: Quagsire|53/100
|
|-weather|SunnyDay|[upkeep]
|upkeep
|turn|28
|
|move|p1a: Quagsire|Recover|p1a: Quagsire
|-heal|p1a: Quagsire|100/100
|move|p2a: Necrozma|Earthquake|p1a: Quagsire
|-damage|p1a: Quagsire|70/100
|
|-weather|none
|upkeep
|turn|29
|
|move|p1a: Quagsire|Toxic|p2a: Necrozma
|-immune|p2a: Necrozma
|move|p2a: Necrozma|Earthquake|p1a: Quagsire
|-damage|p1a: Quagsire|41/100
|
|upkeep
|turn|30
|
|move|p1a: Quagsire|Recover|p1a: Quagsire
|-heal|p1a: Quagsire|91/100
|move|p2a: Necrozma|Earthquake|p1a: Quagsire
|-damage|p1a: Quagsire|58/100
|
|-fieldend|move: Trick Room
|upkeep
|turn|31
|
|move|p2a: Necrozma|Earthquake|p1a: Quagsire
|-crit|p1a: Quagsire
|-damage|p1a: Quagsire|9/100
|move|p1a: Quagsire|Toxic|p2a: Necrozma
|-immune|p2a: Necrozma
|
|upkeep
|turn|32
|
|move|p1a: Quagsire|Protect|p1a: Quagsire
|-singleturn|p1a: Quagsire|Protect
|move|p2a: Necrozma|Sunsteel Strike|p1a: Quagsire
|-activate|p1a: Quagsire|move: Protect
|
|upkeep
|turn|33
|
|move|p2a: Necrozma|Sunsteel Strike|p1a: Quagsire
|-resisted|p1a: Quagsire
|-damage|p1a: Quagsire|0 fnt
|faint|p1a: Quagsire
|
|upkeep
|
|switch|p1a: Eternatus|Eternatus|83/100
|-damage|p1a: Eternatus|71/100|[from] Stealth Rock
|-ability|p1a: Eternatus|Pressure
|turn|34
|
|move|p1a: Eternatus|Flamethrower|p2a: Necrozma
|-supereffective|p2a: Necrozma
|-damage|p2a: Necrozma|52/100
|-enditem|p2a: Necrozma|Weakness Policy
|-boost|p2a: Necrozma|atk|2|[from] item: Weakness Policy
|-boost|p2a: Necrozma|spa|2|[from] item: Weakness Policy
|-damage|p1a: Eternatus|61/100|[from] item: Life Orb
|move|p2a: Necrozma|Trick Room|p2a: Necrozma
|-fieldstart|move: Trick Room|[of] p2a: Necrozma
|
|upkeep
|turn|35
|
|move|p2a: Necrozma|Earthquake|p1a: Eternatus
|-supereffective|p1a: Eternatus
|-damage|p1a: Eternatus|0 fnt
|faint|p1a: Eternatus
|
|upkeep
|
|switch|p1a: Ditto|Ditto|88/100
|-damage|p1a: Ditto|76/100|[from] Stealth Rock
|-transform|p1a: Ditto|p2a: Necrozma|[from] ability: Imposter
|turn|36
|
|move|p2a: Necrozma|Earthquake|p1a: Ditto
|-supereffective|p1a: Ditto
|-damage|p1a: Ditto|0 fnt
|faint|p1a: Ditto
|
|upkeep
|
|switch|p1a: Zacian|Zacian-Crowned|94/100
|-damage|p1a: Zacian|88/100|[from] Stealth Rock
|-ability|p1a: Zacian|Intrepid Sword|boost
|-boost|p1a: Zacian|atk|1
|turn|37
|
|move|p2a: Necrozma|Earthquake|p1a: Zacian
|-supereffective|p1a: Zacian
|-damage|p1a: Zacian|0 fnt
|faint|p1a: Zacian
|
|win|Trade
|l|☆D hapiness
|raw|D hapiness's rating: 1751 &rarr; <strong>1728</strong><br />(-23 for losing)
|raw|Trade's rating: 1705 &rarr; <strong>1727</strong><br />(+22 for winning)
