|j|☆ray712
|j|☆Alakazam95
|player|p1|ray712|ethan|1514
|player|p2|Alakazam95|teamrocket|1289
|teamsize|p1|6
|teamsize|p2|6
|gametype|singles
|gen|8
|tier|[Gen 8] Ubers
|rated|
|rule|Sleep Clause Mod: Limit one foe put to sleep
|rule|Species Clause: Limit one of each Pokémon
|rule|OHKO Clause: OHKO moves are banned
|rule|Evasion Moves Clause: Evasion moves are banned
|rule|Endless Battle Clause: Forcing endless battles is banned
|rule|HP Percentage Mod: HP is shown in percentages
|clearpoke
|poke|p1|Shuckle, M|
|poke|p1|Grimmsnarl, M|
|poke|p1|Polteageist|
|poke|p1|Gyarados, F|
|poke|p1|Dugtrio, M|
|poke|p1|Zacian-*|
|poke|p2|Zacian-*|
|poke|p2|Eternatus|
|poke|p2|Ditto|
|poke|p2|Quagsire, M|
|poke|p2|Hatterene, F|
|poke|p2|Ferrothorn, M|
|teampreview
|
|start
|switch|p1a: Dugtrio|Dugtrio, M|100/100
|switch|p2a: Ferrothorn|Ferrothorn, M|100/100
|turn|1
|inactive|Battle timer is ON: inactive players will automatically lose when time's up. (requested by ray712)
|
|move|p1a: Dugtrio|Stealth Rock|p2a: Ferrothorn
|-sidestart|p2: Alakazam95|move: Stealth Rock
|move|p2a: Ferrothorn|Stealth Rock|p1a: Dugtrio
|-sidestart|p1: ray712|move: Stealth Rock
|
|upkeep
|turn|2
|
|switch|p1a: Grimmsnarl|Grimmsnarl, M|100/100
|-damage|p1a: Grimmsnarl|88/100|[from] Stealth Rock
|move|p2a: Ferrothorn|Spikes|p1a: Grimmsnarl
|-sidestart|p1: ray712|Spikes
|
|upkeep
|turn|3
|
|move|p1a: Grimmsnarl|Taunt|p2a: Ferrothorn
|-start|p2a: Ferrothorn|move: Taunt
|cant|p2a: Ferrothorn|move: Taunt|Spikes
|
|upkeep
|turn|4
|
|switch|p2a: Hatterene|Hatterene, F|100/100
|-damage|p2a: Hatterene|88/100|[from] Stealth Rock
|move|p1a: Grimmsnarl|Reflect|p1a: Grimmsnarl
|-sidestart|p1: ray712|Reflect
|
|-heal|p2a: Hatterene|94/100|[from] item: Leftovers
|upkeep
|turn|5
|
|move|p1a: Grimmsnarl|Light Screen|p1a: Grimmsnarl
|-sidestart|p1: ray712|move: Light Screen
|move|p2a: Hatterene|Calm Mind|p2a: Hatterene
|-boost|p2a: Hatterene|spa|1
|-boost|p2a: Hatterene|spd|1
|
|-heal|p2a: Hatterene|99/100|[from] item: Leftovers
|upkeep
|turn|6
|
|move|p1a: Grimmsnarl|Spirit Break|p2a: Hatterene
|-damage|p2a: Hatterene|56/100
|-unboost|p2a: Hatterene|spa|1
|move|p2a: Hatterene|Trick Room|p2a: Hatterene
|-fieldstart|move: Trick Room|[of] p2a: Hatterene
|
|-heal|p2a: Hatterene|62/100|[from] item: Leftovers
|upkeep
|turn|7
|
|-start|p2a: Hatterene|Dynamax
|-formechange|p2a: Hatterene|Hatterene-Gmax
|-heal|p2a: Hatterene|62/100|[silent]
|move|p2a: Hatterene|Max Mindstorm|p1a: Grimmsnarl
|-immune|p1a: Grimmsnarl
|move|p1a: Grimmsnarl|Spirit Break|p2a: Hatterene
|-damage|p2a: Hatterene|40/100
|-unboost|p2a: Hatterene|spa|1
|
|-heal|p2a: Hatterene|43/100|[from] item: Leftovers
|upkeep
|turn|8
|
|move|p2a: Hatterene|Max Flare|p1a: Grimmsnarl
|-damage|p1a: Grimmsnarl|67/100
|-weather|SunnyDay
|move|p1a: Grimmsnarl|Spirit Break|p2a: Hatterene
|-damage|p2a: Hatterene|21/100
|-unboost|p2a: Hatterene|spa|1
|
|-weather|SunnyDay|[upkeep]
|-heal|p2a: Hatterene|24/100|[from] item: Leftovers
|upkeep
|turn|9
|
|move|p2a: Hatterene|Max Flare|p1a: Grimmsnarl
|-damage|p1a: Grimmsnarl|41/100
|move|p1a: Grimmsnarl|Spirit Break|p2a: Hatterene
|-damage|p2a: Hatterene|0 fnt
|faint|p2a: Hatterene
|
|-weather|SunnyDay|[upkeep]
|upkeep
|
|switch|p2a: Quagsire|Quagsire, M|100/100
|-damage|p2a: Quagsire|94/100|[from] Stealth Rock
|turn|10
|
|move|p1a: Grimmsnarl|Taunt|p2a: Quagsire
|-start|p2a: Quagsire|move: Taunt
|cant|p2a: Quagsire|move: Taunt|Stockpile
|
|-weather|SunnyDay|[upkeep]
|-heal|p2a: Quagsire|100/100|[from] item: Leftovers
|-fieldend|move: Trick Room
|upkeep
|turn|11
|
|switch|p1a: Shuckle|Shuckle, M|100/100
|-damage|p1a: Shuckle|75/100|[from] Stealth Rock
|-damage|p1a: Shuckle|63/100|[from] Spikes
|move|p2a: Quagsire|Earthquake|p1a: Shuckle
|-damage|p1a: Shuckle|55/100
|
|-weather|SunnyDay|[upkeep]
|-sideend|p1: ray712|Reflect
|upkeep
|turn|12
|
|switch|p2a: Ferrothorn|Ferrothorn, M|100/100
|-damage|p2a: Ferrothorn|94/100|[from] Stealth Rock
|move|p1a: Shuckle|Sticky Web|p2a: Ferrothorn
|-sidestart|p2: Alakazam95|move: Sticky Web
|
|-weather|none
|-heal|p2a: Ferrothorn|100/100|[from] item: Leftovers
|-sideend|p1: ray712|move: Light Screen
|upkeep
|turn|13
|
|move|p1a: Shuckle|Final Gambit|p2a: Ferrothorn
|-damage|p2a: Ferrothorn|63/100
|faint|p1a: Shuckle
|move|p2a: Ferrothorn|Spikes|p1: Shuckle
|-sidestart|p1: ray712|Spikes
|
|-heal|p2a: Ferrothorn|69/100|[from] item: Leftovers
|upkeep
|
|switch|p1a: Grimmsnarl|Grimmsnarl, M|41/100
|-damage|p1a: Grimmsnarl|25/100|[from] Spikes
|-damage|p1a: Grimmsnarl|12/100|[from] Stealth Rock
|turn|14
|
|move|p1a: Grimmsnarl|Taunt|p2a: Ferrothorn
|-start|p2a: Ferrothorn|move: Taunt
|move|p2a: Ferrothorn|Body Press|p1a: Grimmsnarl
|-crit|p1a: Grimmsnarl
|-damage|p1a: Grimmsnarl|0 fnt
|faint|p1a: Grimmsnarl
|
|-heal|p2a: Ferrothorn|75/100|[from] item: Leftovers
|upkeep
|inactive|ray712 has 120 seconds left.
|
|switch|p1a: Polteageist|Polteageist|100/100
|-damage|p1a: Polteageist|84/100|[from] Spikes
|-damage|p1a: Polteageist|72/100|[from] Stealth Rock
|turn|15
|
|switch|p2a: Quagsire|Quagsire, M|100/100
|-damage|p2a: Quagsire|94/100|[from] Stealth Rock
|-activate|p2a: Quagsire|move: Sticky Web
|-unboost|p2a: Quagsire|spe|1
|-start|p1a: Polteageist|Dynamax
|-heal|p1a: Polteageist|72/100|[silent]
|move|p1a: Polteageist|Max Phantasm|p2a: Quagsire
|-damage|p2a: Quagsire|3/100
|-unboost|p2a: Quagsire|def|1
|
|-heal|p2a: Quagsire|9/100|[from] item: Leftovers
|upkeep
|turn|16
|
|move|p1a: Polteageist|Max Overgrowth|p2a: Quagsire
|-supereffective|p2a: Quagsire
|-damage|p2a: Quagsire|0 fnt
|-fieldstart|move: Grassy Terrain
|faint|p2a: Quagsire
|
|-heal|p1a: Polteageist|75/100|[from] Grassy Terrain
|upkeep
|
|switch|p2a: Eternatus|Eternatus|100/100
|-damage|p2a: Eternatus|88/100|[from] Stealth Rock
|-activate|p2a: Eternatus|move: Sticky Web
|-unboost|p2a: Eternatus|spe|1
|-ability|p2a: Eternatus|Pressure
|turn|17
|
|move|p2a: Eternatus|Dynamax Cannon|p1a: Polteageist
|-damage|p1a: Polteageist|0 fnt
|-damage|p2a: Eternatus|78/100|[from] item: Life Orb
|faint|p1a: Polteageist
|
|-heal|p2a: Eternatus|84/100|[from] Grassy Terrain
|upkeep
|
|switch|p1a: Dugtrio|Dugtrio, M|100/100
|-damage|p1a: Dugtrio|84/100|[from] Spikes
|-damage|p1a: Dugtrio|78/100|[from] Stealth Rock
|turn|18
|
|move|p1a: Dugtrio|Earthquake|p2a: Eternatus
|-supereffective|p2a: Eternatus
|-damage|p2a: Eternatus|43/100
|move|p2a: Eternatus|Cosmic Power|p2a: Eternatus
|-boost|p2a: Eternatus|def|1
|-boost|p2a: Eternatus|spd|1
|
|-heal|p1a: Dugtrio|84/100|[from] Grassy Terrain
|-heal|p2a: Eternatus|49/100|[from] Grassy Terrain
|upkeep
|turn|19
|
|move|p1a: Dugtrio|Memento|p2a: Eternatus
|-unboost|p2a: Eternatus|atk|2
|-unboost|p2a: Eternatus|spa|2
|faint|p1a: Dugtrio
|move|p2a: Eternatus|Recover|p2a: Eternatus
|-heal|p2a: Eternatus|99/100
|
|-heal|p2a: Eternatus|100/100|[from] Grassy Terrain
|upkeep
|
|switch|p1a: Zacian|Zacian-Crowned|100/100
|-damage|p1a: Zacian|94/100|[from] Stealth Rock
|-damage|p1a: Zacian|78/100|[from] Spikes
|-ability|p1a: Zacian|Intrepid Sword|boost
|-boost|p1a: Zacian|atk|1
|turn|20
|c|☆Alakazam95|gg
|
|move|p1a: Zacian|Imprison|p1a: Zacian
|-start|p1a: Zacian|move: Imprison
|move|p2a: Eternatus|Flamethrower|p1a: Zacian
|-supereffective|p1a: Zacian
|-damage|p1a: Zacian|44/100
|-damage|p2a: Eternatus|91/100|[from] item: Life Orb
|
|-heal|p1a: Zacian|50/100|[from] Grassy Terrain
|-heal|p2a: Eternatus|97/100|[from] Grassy Terrain
|-fieldend|move: Grassy Terrain
|upkeep
|turn|21
|
|move|p1a: Zacian|Swords Dance|p1a: Zacian
|-boost|p1a: Zacian|atk|2
|move|p2a: Eternatus|Flamethrower|p1a: Zacian
|-supereffective|p1a: Zacian
|-damage|p1a: Zacian|16/100
|-damage|p2a: Eternatus|87/100|[from] item: Life Orb
|
|upkeep
|turn|22
|
|move|p1a: Zacian|Behemoth Blade|p2a: Eternatus
|-damage|p2a: Eternatus|4/100
|move|p2a: Eternatus|Flamethrower|p1a: Zacian
|-supereffective|p1a: Zacian
|-damage|p1a: Zacian|0 fnt
|-damage|p2a: Eternatus|0 fnt|[from] item: Life Orb
|faint|p1a: Zacian
|faint|p2a: Eternatus
|
|upkeep
|-message|ray712 forfeited.
|
|win|Alakazam95
|l|☆ray712
|raw|ray712's rating: 1514 &rarr; <strong>1483</strong><br />(-31 for losing)
|raw|Alakazam95's rating: 1289 &rarr; <strong>1328</strong><br />(+39 for winning)
