|j|☆Whitedevil12345678
|j|☆Ryrissu
|t:|1664395498
|gametype|singles
|player|p1|Whitedevil12345678|blue-gen3two|1485
|player|p2|Ryrissu|hilbert-wonderlauncher|1513
|teamsize|p1|6
|teamsize|p2|6
|gen|8
|tier|[Gen 8] Ubers
|rated|
|rule|Sleep Clause Mod: Limit one foe put to sleep
|rule|Species Clause: Limit one of each Pokémon
|rule|OHKO Clause: OHKO moves are banned
|rule|Evasion Items Clause: Evasion items are banned
|rule|Evasion Moves Clause: Evasion moves are banned
|rule|Endless Battle Clause: Forcing endless battles is banned
|rule|HP Percentage Mod: HP is shown in percentages
|rule|Dynamax Clause: You cannot dynamax
|clearpoke
|poke|p1|Ditto|
|poke|p1|Melmetal|
|poke|p1|Necrozma-Dusk-Mane|
|poke|p1|Calyrex-Ice|
|poke|p1|Grimmsnarl, M|
|poke|p1|Stakataka|
|poke|p2|Genesect|
|poke|p2|Groudon|
|poke|p2|Lugia|
|poke|p2|Yveltal|
|poke|p2|Giratina-Origin|
|poke|p2|Kyurem-Black|
|teampreview
|inactive|Battle timer is ON: inactive players will automatically lose when time's up. (requested by Whitedevil12345678)
|
|t:|1664395511
|start
|switch|p1a: Grimmsnarl|Grimmsnarl, M|100/100
|switch|p2a: Lugia|Lugia|100/100
|-ability|p2a: Lugia|Pressure
|turn|1
|
|t:|1664395516
|move|p1a: Grimmsnarl|Taunt|p2a: Lugia
|-start|p2a: Lugia|move: Taunt
|cant|p2a: Lugia|move: Taunt|Safeguard
|
|upkeep
|turn|2
|
|t:|1664395521
|switch|p2a: Genesect|Genesect, shiny|100/100
|-ability|p2a: Genesect|Download|boost
|-boost|p2a: Genesect|atk|1
|move|p1a: Grimmsnarl|Play Rough|p2a: Genesect
|-resisted|p2a: Genesect
|-damage|p2a: Genesect|82/100
|
|upkeep
|turn|3
|
|t:|1664395527
|move|p1a: Grimmsnarl|Reflect|p1a: Grimmsnarl
|-sidestart|p1: Whitedevil12345678|Reflect
|move|p2a: Genesect|Iron Head|p1a: Grimmsnarl
|-supereffective|p1a: Grimmsnarl
|-damage|p1a: Grimmsnarl|40/100
|
|upkeep
|turn|4
|
|t:|1664395533
|move|p1a: Grimmsnarl|Light Screen|p1a: Grimmsnarl
|-sidestart|p1: Whitedevil12345678|move: Light Screen
|move|p2a: Genesect|Iron Head|p1a: Grimmsnarl
|-supereffective|p1a: Grimmsnarl
|-damage|p1a: Grimmsnarl|0 fnt
|faint|p1a: Grimmsnarl
|
|upkeep
|
|t:|1664395550
|switch|p1a: Calyrex|Calyrex-Ice|100/100
|-ability|p1a: Calyrex|As One
|-ability|p1a: Calyrex|Unnerve
|turn|5
|
|t:|1664395556
|move|p2a: Genesect|Shift Gear|p2a: Genesect
|-boost|p2a: Genesect|spe|2
|-boost|p2a: Genesect|atk|1
|move|p1a: Calyrex|Swords Dance|p1a: Calyrex
|-boost|p1a: Calyrex|atk|2
|
|upkeep
|turn|6
|
|t:|1664395561
|move|p2a: Genesect|Iron Head|p1a: Calyrex
|-supereffective|p1a: Calyrex
|-damage|p1a: Calyrex|61/100
|move|p1a: Calyrex|Trick Room|p1a: Calyrex
|-fieldstart|move: Trick Room|[of] p1a: Calyrex
|
|upkeep
|turn|7
|
|t:|1664395568
|move|p1a: Calyrex|Glacial Lance|p2a: Genesect
|-resisted|p2a: Genesect
|-damage|p2a: Genesect|0 fnt
|faint|p2a: Genesect
|-ability|p1a: Calyrex|Chilling Neigh|boost
|-boost|p1a: Calyrex|atk|1
|
|upkeep
|
|t:|1664395593
|switch|p2a: Giratina|Giratina-Origin|100/100
|turn|8
|
|t:|1664395597
|move|p2a: Giratina|Shadow Sneak|p1a: Calyrex
|-supereffective|p1a: Calyrex
|-damage|p1a: Calyrex|47/100
|move|p1a: Calyrex|Glacial Lance|p2a: Giratina
|-supereffective|p2a: Giratina
|-damage|p2a: Giratina|0 fnt
|faint|p2a: Giratina
|-ability|p1a: Calyrex|Chilling Neigh|boost
|-boost|p1a: Calyrex|atk|1
|
|upkeep
|
|t:|1664395605
|switch|p2a: Kyurem|Kyurem-Black|100/100
|-ability|p2a: Kyurem|Teravolt
|turn|9
|l|☆Ryrissu
|inactive|Ryrissu disconnected and has a minute to reconnect!
|player|p2|
|c|☆Whitedevil12345678|RQ😂😂😂😂
|j|☆Ryrissu
|inactive|Ryrissu reconnected and has 100 seconds left.
|player|p2|Ryrissu|hilbert-wonderlauncher
|
|t:|1664395660
|move|p1a: Calyrex|Glacial Lance|p2a: Kyurem
|-damage|p2a: Kyurem|0 fnt
|faint|p2a: Kyurem
|-ability|p1a: Calyrex|Chilling Neigh|boost
|-boost|p1a: Calyrex|atk|1
|
|upkeep
|
|t:|1664395663
|switch|p2a: Groudon|Groudon|100/100
|-weather|SunnyDay|[from] ability: Drought|[of] p2a: Groudon
|turn|10
|
|t:|1664395674
|move|p1a: Calyrex|Glacial Lance|p2a: Groudon
|-supereffective|p2a: Groudon
|-damage|p2a: Groudon|0 fnt
|faint|p2a: Groudon
|-ability|p1a: Calyrex|Chilling Neigh|boost
|-boost|p1a: Calyrex|atk|1
|
|-weather|SunnyDay|[upkeep]
|-sideend|p1: Whitedevil12345678|Reflect
|-fieldend|move: Trick Room
|upkeep
|
|t:|1664395680
|switch|p2a: Lugia|Lugia|100/100
|-ability|p2a: Lugia|Pressure
|turn|11
|
|t:|1664395685
|move|p2a: Lugia|Reflect|p2a: Lugia
|-sidestart|p2: Ryrissu|Reflect
|move|p1a: Calyrex|Trick Room|p1a: Calyrex
|-fieldstart|move: Trick Room|[of] p1a: Calyrex
|
|-weather|SunnyDay|[upkeep]
|-sideend|p1: Whitedevil12345678|move: Light Screen
|upkeep
|turn|12
|
|t:|1664395688
|move|p1a: Calyrex|Glacial Lance|p2a: Lugia
|-supereffective|p2a: Lugia
|-damage|p2a: Lugia|0 fnt
|faint|p2a: Lugia
|
|-weather|SunnyDay|[upkeep]
|upkeep
|
|t:|1664395691
|switch|p2a: Yveltal|Yveltal|100/100
|-ability|p2a: Yveltal|Dark Aura
|turn|13
|
|t:|1664395693
|move|p2a: Yveltal|Sucker Punch|p1a: Calyrex
|-supereffective|p1a: Calyrex
|-damage|p1a: Calyrex|1/100
|move|p1a: Calyrex|Glacial Lance|p2a: Yveltal
|-supereffective|p2a: Yveltal
|-damage|p2a: Yveltal|0 fnt
|faint|p2a: Yveltal
|
|win|Whitedevil12345678
|raw|Whitedevil12345678's rating: 1485 &rarr; <strong>1507</strong><br />(+22 for winning)
|raw|Ryrissu's rating: 1513 &rarr; <strong>1491</strong><br />(-22 for losing)
|l|☆Ryrissu
