|j|☆Pks Silver
|j|☆Ryriss
|t:|1652989114
|gametype|singles
|player|p1|Pks Silver|sabrina-gen3|1202
|player|p2|Ryriss|hilbert|1440
|teamsize|p1|6
|teamsize|p2|6
|gen|8
|tier|[Gen 8] Ubers
|rated|
|rule|Sleep Clause Mod: Limit one foe put to sleep
|rule|Species Clause: Limit one of each Pokémon
|rule|OHKO Clause: OHKO moves are banned
|rule|Evasion Moves Clause: Evasion moves are banned
|rule|Endless Battle Clause: Forcing endless battles is banned
|rule|HP Percentage Mod: HP is shown in percentages
|rule|Dynamax Clause: You cannot dynamax
|clearpoke
|poke|p1|Kyogre|
|poke|p1|Yveltal|
|poke|p1|Necrozma-Dusk-Mane|
|poke|p1|Calyrex-Shadow|
|poke|p1|Shedinja|
|poke|p1|Zygarde|
|poke|p2|Giratina-Origin|
|poke|p2|Zekrom|
|poke|p2|Necrozma-Dusk-Mane|
|poke|p2|Kyurem-Black|
|poke|p2|Kyogre|
|poke|p2|Yveltal|
|teampreview
|inactive|Battle timer is ON: inactive players will automatically lose when time's up. (requested by Ryriss)
|
|t:|1652989131
|start
|switch|p1a: Shedinja|Shedinja|100/100
|switch|p2a: Kyogre|Kyogre|100/100
|-weather|RainDance|[from] ability: Drizzle|[of] p2a: Kyogre
|turn|1
|
|t:|1652989139
|switch|p2a: Zekrom|Zekrom|100/100
|-ability|p2a: Zekrom|Teravolt
|move|p1a: Shedinja|Toxic|p2a: Zekrom
|-status|p2a: Zekrom|tox
|
|-weather|RainDance|[upkeep]
|-damage|p2a: Zekrom|94/100 tox|[from] psn
|upkeep
|turn|2
|
|t:|1652989149
|move|p1a: Shedinja|Protect|p1a: Shedinja
|-singleturn|p1a: Shedinja|Protect
|move|p2a: Zekrom|Dragon Dance|p2a: Zekrom
|-boost|p2a: Zekrom|atk|1
|-boost|p2a: Zekrom|spe|1
|
|-weather|RainDance|[upkeep]
|-damage|p2a: Zekrom|82/100 tox|[from] psn
|upkeep
|turn|3
|
|t:|1652989157
|move|p1a: Shedinja|Shadow Sneak|p2a: Zekrom
|-damage|p2a: Zekrom|69/100 tox
|move|p2a: Zekrom|Dragon Claw|p1a: Shedinja
|-damage|p1a: Shedinja|0 fnt
|faint|p1a: Shedinja
|
|-weather|RainDance|[upkeep]
|-damage|p2a: Zekrom|50/100 tox|[from] psn
|upkeep
|
|t:|1652989169
|switch|p1a: Necrozma|Necrozma-Dusk-Mane|100/100
|turn|4
|
|t:|1652989179
|move|p2a: Zekrom|Dragon Dance|p2a: Zekrom
|-boost|p2a: Zekrom|atk|1
|-boost|p2a: Zekrom|spe|1
|move|p1a: Necrozma|Sunsteel Strike|p2a: Zekrom
|-resisted|p2a: Zekrom
|-damage|p2a: Zekrom|30/100 tox
|
|-weather|RainDance|[upkeep]
|-damage|p2a: Zekrom|6/100 tox|[from] psn
|upkeep
|turn|5
|
|t:|1652989190
|move|p2a: Zekrom|Fusion Bolt|p1a: Necrozma
|-crit|p1a: Necrozma
|-damage|p1a: Necrozma|8/100
|move|p1a: Necrozma|Morning Sun|p1a: Necrozma
|-heal|p1a: Necrozma|33/100
|
|-weather|none
|-heal|p1a: Necrozma|39/100|[from] item: Leftovers
|-damage|p2a: Zekrom|0 fnt|[from] psn
|faint|p2a: Zekrom
|upkeep
|
|t:|1652989201
|switch|p2a: Yveltal|Yveltal|100/100
|-ability|p2a: Yveltal|Dark Aura
|turn|6
|
|t:|1652989206
|switch|p1a: Yveltal|Yveltal|100/100
|-ability|p1a: Yveltal|Dark Aura
|move|p2a: Yveltal|Snarl|p1a: Yveltal
|-resisted|p1a: Yveltal
|-damage|p1a: Yveltal|90/100
|-unboost|p1a: Yveltal|spa|1
|-enditem|p2a: Yveltal|Throat Spray
|-boost|p2a: Yveltal|spa|1|[from] item: Throat Spray
|
|upkeep
|turn|7
|
|t:|1652989217
|move|p2a: Yveltal|Oblivion Wing|p1a: Yveltal
|-damage|p1a: Yveltal|54/100
|move|p1a: Yveltal|U-turn|p2a: Yveltal
|-damage|p2a: Yveltal|82/100
|
|t:|1652989221
|switch|p1a: Kyogre|Kyogre|100/100|[from]move: U-turn
|-weather|RainDance|[from] ability: Drizzle|[of] p1a: Kyogre
|
|-weather|RainDance|[upkeep]
|upkeep
|turn|8
|
|t:|1652989230
|move|p1a: Kyogre|Water Spout|p2a: Yveltal
|-damage|p2a: Yveltal|0 fnt
|faint|p2a: Yveltal
|
|-weather|RainDance|[upkeep]
|upkeep
|
|t:|1652989236
|switch|p2a: Kyogre|Kyogre|100/100
|turn|9
|
|t:|1652989241
|move|p1a: Kyogre|Water Spout|p2a: Kyogre
|-resisted|p2a: Kyogre
|-damage|p2a: Kyogre|58/100
|move|p2a: Kyogre|Calm Mind|p2a: Kyogre
|-boost|p2a: Kyogre|spa|1
|-boost|p2a: Kyogre|spd|1
|
|-weather|RainDance|[upkeep]
|-heal|p2a: Kyogre|64/100|[from] item: Leftovers
|upkeep
|turn|10
|
|t:|1652989256
|switch|p1a: Zygarde|Zygarde|100/100
|move|p2a: Kyogre|Thunder|p1a: Zygarde
|-immune|p1a: Zygarde
|
|-weather|RainDance|[upkeep]
|-heal|p2a: Kyogre|71/100|[from] item: Leftovers
|upkeep
|turn|11
|
|t:|1652989269
|switch|p1a: Kyogre|Kyogre|100/100
|move|p2a: Kyogre|Ice Beam|p1a: Kyogre
|-resisted|p1a: Kyogre
|-damage|p1a: Kyogre|79/100
|
|-weather|none
|-heal|p2a: Kyogre|77/100|[from] item: Leftovers
|upkeep
|turn|12
|
|t:|1652989285
|switch|p1a: Zygarde|Zygarde|100/100
|move|p2a: Kyogre|Thunder|p1a: Zygarde
|-immune|p1a: Zygarde
|
|-heal|p2a: Kyogre|83/100|[from] item: Leftovers
|upkeep
|turn|13
|
|t:|1652989296
|move|p1a: Zygarde|Thousand Arrows|p2a: Kyogre
|-damage|p2a: Kyogre|55/100
|move|p2a: Kyogre|Ice Beam|p1a: Zygarde
|-supereffective|p1a: Zygarde
|-damage|p1a: Zygarde|0 fnt
|faint|p1a: Zygarde
|
|-heal|p2a: Kyogre|62/100|[from] item: Leftovers
|upkeep
|
|t:|1652989303
|switch|p1a: Yveltal|Yveltal|54/100
|-ability|p1a: Yveltal|Dark Aura
|turn|14
|
|t:|1652989310
|move|p1a: Yveltal|Foul Play|p2a: Kyogre
|-damage|p2a: Kyogre|31/100
|move|p2a: Kyogre|Thunder|p1a: Yveltal
|-supereffective|p1a: Yveltal
|-damage|p1a: Yveltal|0 fnt
|faint|p1a: Yveltal
|
|-heal|p2a: Kyogre|37/100|[from] item: Leftovers
|upkeep
|
|t:|1652989313
|switch|p1a: Calyrex|Calyrex-Shadow|100/100
|-ability|p1a: Calyrex|As One
|-ability|p1a: Calyrex|Unnerve
|turn|15
|
|t:|1652989325
|move|p1a: Calyrex|Psyshock|p2a: Kyogre
|-damage|p2a: Kyogre|0 fnt
|faint|p2a: Kyogre
|-ability|p1a: Calyrex|Grim Neigh|boost
|-boost|p1a: Calyrex|spa|1
|
|upkeep
|
|t:|1652989332
|switch|p2a: Giratina|Giratina-Origin|100/100
|turn|16
|
|t:|1652989338
|move|p2a: Giratina|Shadow Sneak|p1a: Calyrex
|-supereffective|p1a: Calyrex
|-damage|p1a: Calyrex|5/100
|move|p1a: Calyrex|Astral Barrage|p2a: Giratina
|-supereffective|p2a: Giratina
|-damage|p2a: Giratina|0 fnt
|faint|p2a: Giratina
|-ability|p1a: Calyrex|Grim Neigh|boost
|-boost|p1a: Calyrex|spa|1
|
|-heal|p1a: Calyrex|12/100|[from] item: Leftovers
|upkeep
|
|t:|1652989350
|switch|p2a: Necrozma|Necrozma-Dusk-Mane|100/100
|turn|17
|
|t:|1652989354
|move|p1a: Calyrex|Astral Barrage|p2a: Necrozma
|-supereffective|p2a: Necrozma
|-damage|p2a: Necrozma|0 fnt
|faint|p2a: Necrozma
|-ability|p1a: Calyrex|Grim Neigh|boost
|-boost|p1a: Calyrex|spa|1
|
|-heal|p1a: Calyrex|18/100|[from] item: Leftovers
|upkeep
|-message|Ryriss forfeited.
|
|win|Pks Silver
|raw|Pks Silver's rating: 1202 &rarr; <strong>1242</strong><br />(+40 for winning)
|raw|Ryriss's rating: 1440 &rarr; <strong>1408</strong><br />(-32 for losing)
|l|☆Ryriss
