|j|☆LD8 nvzhuangkeai
|j|☆ox04
|t:|1665721493
|gametype|singles
|player|p1|LD8 nvzhuangkeai|dawn|1687
|player|p2|ox04|red-gen7|1760
|teamsize|p1|6
|teamsize|p2|6
|gen|8
|tier|[Gen 8] Ubers
|rated|
|rule|Sleep Clause Mod: Limit one foe put to sleep
|rule|Species Clause: Limit one of each Pokémon
|rule|OHKO Clause: OHKO moves are banned
|rule|Evasion Items Clause: Evasion items are banned
|rule|Evasion Moves Clause: Evasion moves are banned
|rule|Endless Battle Clause: Forcing endless battles is banned
|rule|HP Percentage Mod: HP is shown in percentages
|rule|Dynamax Clause: You cannot dynamax
|clearpoke
|poke|p1|Slowbro-Galar, M|
|poke|p1|Necrozma-Dusk-Mane|
|poke|p1|Yveltal|
|poke|p1|Eternatus|
|poke|p1|Giratina|
|poke|p1|Clefable, F|
|poke|p2|Yveltal|
|poke|p2|Eternatus|
|poke|p2|Ho-Oh|
|poke|p2|Reshiram|
|poke|p2|Genesect|
|poke|p2|Xerneas-*|
|teampreview
|inactive|Battle timer is ON: inactive players will automatically lose when time's up. (requested by ox04)
|
|t:|1665721502
|start
|switch|p1a: Slowbro|Slowbro-Galar, M|100/100
|switch|p2a: Genesect|Genesect, shiny|100/100
|-ability|p2a: Genesect|Download|boost
|-boost|p2a: Genesect|spa|1
|turn|1
|c|☆ox04|If this is belly drum
|c|☆ox04|hg
|c|☆ox04|gg*
|
|t:|1665721524
|switch|p2a: Ho-Oh|Ho-Oh|100/100
|move|p1a: Slowbro|Zen Headbutt|p2a: Ho-Oh
|-damage|p2a: Ho-Oh|50/100
|
|upkeep
|turn|2
|
|t:|1665721543
|switch|p2a: Genesect|Genesect, shiny|100/100
|-ability|p2a: Genesect|Download|boost
|-boost|p2a: Genesect|spa|1
|move|p1a: Slowbro|Zen Headbutt|p2a: Genesect
|-resisted|p2a: Genesect
|-damage|p2a: Genesect|61/100
|
|upkeep
|turn|3
|
|t:|1665721548
|move|p2a: Genesect|U-turn|p1a: Slowbro
|-damage|p1a: Slowbro|69/100
|
|t:|1665721551
|switch|p2a: Yveltal|Yveltal|100/100|[from]move: U-turn
|-ability|p2a: Yveltal|Dark Aura
|move|p1a: Slowbro|Zen Headbutt|p2a: Yveltal
|-immune|p2a: Yveltal
|
|upkeep
|turn|4
|
|t:|1665721555
|switch|p1a: Clefable|Clefable, F|100/100
|move|p2a: Yveltal|Oblivion Wing|p1a: Clefable
|-damage|p1a: Clefable|47/100
|-damage|p2a: Yveltal|91/100|[from] item: Life Orb
|
|-heal|p1a: Clefable|53/100|[from] item: Leftovers
|upkeep
|turn|5
|
|t:|1665721562
|switch|p1a: Eternatus|Eternatus|100/100
|-ability|p1a: Eternatus|Pressure
|-item|p1a: Eternatus|Air Balloon
|move|p2a: Yveltal|Oblivion Wing|p1a: Eternatus
|-damage|p1a: Eternatus|69/100
|-heal|p2a: Yveltal|100/100|[from] drain|[of] p1a: Eternatus
|-enditem|p1a: Eternatus|Air Balloon
|-damage|p2a: Yveltal|91/100|[from] item: Life Orb
|
|upkeep
|turn|6
|
|t:|1665721567
|switch|p2a: Ho-Oh|Ho-Oh|84/100
|move|p1a: Eternatus|Toxic|p2a: Ho-Oh
|-status|p2a: Ho-Oh|tox
|
|-damage|p2a: Ho-Oh|78/100 tox|[from] psn
|upkeep
|turn|7
|
|t:|1665721573
|switch|p1a: Giratina|Giratina|100/100
|-ability|p1a: Giratina|Pressure
|move|p2a: Ho-Oh|Thunder Wave|p1a: Giratina|[miss]
|-miss|p2a: Ho-Oh|p1a: Giratina
|
|-damage|p2a: Ho-Oh|66/100 tox|[from] psn
|upkeep
|turn|8
|
|t:|1665721577
|switch|p2a: Xerneas|Xerneas|100/100
|-ability|p2a: Xerneas|Fairy Aura
|move|p1a: Giratina|Will-O-Wisp|p2a: Xerneas
|-status|p2a: Xerneas|brn
|
|-damage|p2a: Xerneas|94/100 brn|[from] brn
|upkeep
|turn|9
|
|t:|1665721581
|switch|p1a: Necrozma|Necrozma-Dusk-Mane|100/100
|move|p2a: Xerneas|Aromatherapy|p2a: Xerneas
|-activate|p2a: Xerneas|move: Aromatherapy
|-curestatus|p2a: Xerneas|brn|[msg]
|-curestatus|p2: Ho-Oh|tox|[msg]
|
|upkeep
|turn|10
|
|t:|1665721586
|switch|p2a: Ho-Oh|Ho-Oh|99/100
|move|p1a: Necrozma|Stealth Rock|p2a: Ho-Oh
|-sidestart|p2: ox04|move: Stealth Rock
|
|upkeep
|turn|11
|j| naxurr
|
|t:|1665721592
|switch|p1a: Giratina|Giratina|100/100
|-ability|p1a: Giratina|Pressure
|move|p2a: Ho-Oh|Defog|p1a: Giratina
|-unboost|p1a: Giratina|evasion|1
|-sideend|p2: ox04|Stealth Rock|[from] move: Defog|[of] p2a: Ho-Oh
|
|upkeep
|turn|12
|
|t:|1665721595
|move|p2a: Ho-Oh|Thunder Wave|p1a: Giratina
|-status|p1a: Giratina|par
|move|p1a: Giratina|Will-O-Wisp|p2a: Ho-Oh
|-immune|p2a: Ho-Oh
|
|upkeep
|turn|13
|
|t:|1665721599
|move|p2a: Ho-Oh|Brave Bird|p1a: Giratina
|-damage|p1a: Giratina|74/100 par
|-damage|p2a: Ho-Oh|88/100|[from] Recoil
|move|p1a: Giratina|Will-O-Wisp|p2a: Ho-Oh|[miss]
|-miss|p1a: Giratina|p2a: Ho-Oh
|
|-heal|p1a: Giratina|80/100 par|[from] item: Leftovers
|upkeep
|turn|14
|
|t:|1665721605
|switch|p2a: Eternatus|Eternatus|100/100
|-ability|p2a: Eternatus|Pressure
|move|p1a: Giratina|Will-O-Wisp|p2a: Eternatus
|-status|p2a: Eternatus|brn
|
|-heal|p1a: Giratina|86/100 par|[from] item: Leftovers
|-damage|p2a: Eternatus|94/100 brn|[from] brn
|upkeep
|turn|15
|
|t:|1665721609
|switch|p1a: Necrozma|Necrozma-Dusk-Mane|100/100
|move|p2a: Eternatus|Flamethrower|p1a: Necrozma
|-supereffective|p1a: Necrozma
|-damage|p1a: Necrozma|75/100
|
|-heal|p1a: Necrozma|81/100|[from] item: Leftovers
|-damage|p2a: Eternatus|88/100 brn|[from] brn
|upkeep
|turn|16
|
|t:|1665721615
|switch|p2a: Reshiram|Reshiram|100/100
|-ability|p2a: Reshiram|Turboblaze
|move|p1a: Necrozma|Stealth Rock|p2a: Reshiram
|-sidestart|p2: ox04|move: Stealth Rock
|
|-heal|p1a: Necrozma|87/100|[from] item: Leftovers
|upkeep
|turn|17
|
|t:|1665721621
|switch|p1a: Yveltal|Yveltal|100/100
|-ability|p1a: Yveltal|Dark Aura
|move|p2a: Reshiram|Blue Flare|p1a: Yveltal
|-damage|p1a: Yveltal|24/100
|-damage|p2a: Reshiram|91/100|[from] item: Life Orb
|
|upkeep
|turn|18
|
|t:|1665721625
|move|p1a: Yveltal|Knock Off|p2a: Reshiram
|-damage|p2a: Reshiram|34/100
|-enditem|p2a: Reshiram|Life Orb|[from] move: Knock Off|[of] p1a: Yveltal
|move|p2a: Reshiram|Draco Meteor|p1a: Yveltal
|-damage|p1a: Yveltal|0 fnt
|-unboost|p2a: Reshiram|spa|2
|faint|p1a: Yveltal
|
|upkeep
|
|t:|1665721632
|switch|p1a: Slowbro|Slowbro-Galar, M|100/100
|turn|19
|
|t:|1665721636
|switch|p2a: Ho-Oh|Ho-Oh|100/100
|move|p1a: Slowbro|Shell Side Arm|p2a: Ho-Oh|[anim] Shell Side Arm Physical
|-crit|p2a: Ho-Oh
|-damage|p2a: Ho-Oh|13/100
|-hint|Physical Shell Side Arm
|
|upkeep
|turn|20
|
|t:|1665721642
|switch|p2a: Eternatus|Eternatus|88/100 brn
|-ability|p2a: Eternatus|Pressure
|move|p1a: Slowbro|Shell Side Arm|p2a: Eternatus|[anim] Shell Side Arm Physical
|-resisted|p2a: Eternatus
|-damage|p2a: Eternatus|65/100 brn
|-hint|Physical Shell Side Arm
|
|-damage|p2a: Eternatus|59/100 brn|[from] brn
|upkeep
|turn|21
|
|t:|1665721649
|switch|p2a: Ho-Oh|Ho-Oh|46/100
|move|p1a: Slowbro|Shell Side Arm|p2a: Ho-Oh|[anim] Shell Side Arm Physical
|-damage|p2a: Ho-Oh|0 fnt
|-hint|Physical Shell Side Arm
|faint|p2a: Ho-Oh
|
|upkeep
|
|t:|1665721656
|switch|p2a: Genesect|Genesect, shiny|61/100
|-damage|p2a: Genesect|49/100|[from] Stealth Rock
|-ability|p2a: Genesect|Download|boost
|-boost|p2a: Genesect|spa|1
|turn|22
|
|t:|1665721661
|switch|p1a: Necrozma|Necrozma-Dusk-Mane|87/100
|move|p2a: Genesect|U-turn|p1a: Necrozma
|-damage|p1a: Necrozma|65/100
|
|t:|1665721666
|switch|p2a: Reshiram|Reshiram|34/100|[from]move: U-turn
|-damage|p2a: Reshiram|9/100|[from] Stealth Rock
|-ability|p2a: Reshiram|Turboblaze
|
|-heal|p1a: Necrozma|71/100|[from] item: Leftovers
|upkeep
|turn|23
|
|t:|1665721669
|move|p2a: Reshiram|Blue Flare|p1a: Necrozma
|-supereffective|p1a: Necrozma
|-crit|p1a: Necrozma
|-damage|p1a: Necrozma|0 fnt
|faint|p1a: Necrozma
|
|upkeep
|c|☆ox04|Sorry
|
|t:|1665721676
|switch|p1a: Eternatus|Eternatus|69/100
|-ability|p1a: Eternatus|Pressure
|turn|24
|
|t:|1665721680
|move|p1a: Eternatus|Dynamax Cannon|p2a: Reshiram
|-supereffective|p2a: Reshiram
|-damage|p2a: Reshiram|0 fnt
|faint|p2a: Reshiram
|
|upkeep
|
|t:|1665721689
|switch|p2a: Eternatus|Eternatus|59/100 brn
|-ability|p2a: Eternatus|Pressure
|turn|25
|
|t:|1665721695
|switch|p1a: Clefable|Clefable, F|53/100
|move|p2a: Eternatus|Dynamax Cannon|p1a: Clefable
|-immune|p1a: Clefable
|
|-heal|p1a: Clefable|59/100|[from] item: Leftovers
|-damage|p2a: Eternatus|52/100 brn|[from] brn
|upkeep
|turn|26
|
|t:|1665721700
|move|p2a: Eternatus|Recover|p2a: Eternatus
|-heal|p2a: Eternatus|100/100 brn
|move|p1a: Clefable|Moonblast|p2a: Eternatus
|-damage|p2a: Eternatus|80/100 brn
|
|-heal|p1a: Clefable|65/100|[from] item: Leftovers
|-damage|p2a: Eternatus|74/100 brn|[from] brn
|upkeep
|turn|27
|
|t:|1665721703
|move|p2a: Eternatus|Sludge Bomb|p1a: Clefable
|-supereffective|p1a: Clefable
|-damage|p1a: Clefable|0 fnt
|faint|p1a: Clefable
|
|-damage|p2a: Eternatus|68/100 brn|[from] brn
|upkeep
|
|t:|1665721706
|switch|p1a: Slowbro|Slowbro-Galar, M|100/100
|turn|28
|
|t:|1665721710
|switch|p2a: Genesect|Genesect, shiny|49/100
|-damage|p2a: Genesect|36/100|[from] Stealth Rock
|-ability|p2a: Genesect|Download|boost
|-boost|p2a: Genesect|spa|1
|move|p1a: Slowbro|Ice Punch|p2a: Genesect
|-resisted|p2a: Genesect
|-crit|p2a: Genesect
|-damage|p2a: Genesect|2/100
|
|upkeep
|turn|29
|c| naxurr|?
|
|t:|1665721720
|switch|p1a: Giratina|Giratina|86/100 par
|-ability|p1a: Giratina|Pressure
|move|p2a: Genesect|Ice Beam|p1a: Giratina
|-supereffective|p1a: Giratina
|-damage|p1a: Giratina|44/100 par
|
|-heal|p1a: Giratina|50/100 par|[from] item: Leftovers
|upkeep
|turn|30
|
|t:|1665721731
|move|p2a: Genesect|Ice Beam|p1a: Giratina
|-supereffective|p1a: Giratina
|-damage|p1a: Giratina|9/100 par
|move|p1a: Giratina|Dragon Tail|p2a: Genesect
|-resisted|p2a: Genesect
|-damage|p2a: Genesect|0 fnt
|faint|p2a: Genesect
|
|-heal|p1a: Giratina|15/100 par|[from] item: Leftovers
|upkeep
|l| naxurr
|inactive|ox04 has 120 seconds left.
|
|t:|1665721768
|switch|p2a: Yveltal|Yveltal|91/100
|-damage|p2a: Yveltal|66/100|[from] Stealth Rock
|-ability|p2a: Yveltal|Dark Aura
|turn|31
|
|t:|1665721771
|switch|p1a: Eternatus|Eternatus|69/100
|-ability|p1a: Eternatus|Pressure
|move|p2a: Yveltal|Oblivion Wing|p1a: Eternatus
|-damage|p1a: Eternatus|39/100
|-heal|p2a: Yveltal|93/100|[from] drain|[of] p1a: Eternatus
|-damage|p2a: Yveltal|83/100|[from] item: Life Orb
|
|upkeep
|turn|32
|
|t:|1665721779
|switch|p2a: Xerneas|Xerneas|94/100
|-damage|p2a: Xerneas|82/100|[from] Stealth Rock
|-ability|p2a: Xerneas|Fairy Aura
|move|p1a: Eternatus|Recover|p1a: Eternatus
|-heal|p1a: Eternatus|89/100
|
|upkeep
|turn|33
|
|t:|1665721782
|switch|p1a: Slowbro|Slowbro-Galar, M|100/100
|move|p2a: Xerneas|Moonblast|p1a: Slowbro
|-resisted|p1a: Slowbro
|-damage|p1a: Slowbro|65/100
|
|upkeep
|turn|34
|
|t:|1665721786
|move|p2a: Xerneas|Moonblast|p1a: Slowbro
|-resisted|p1a: Slowbro
|-damage|p1a: Slowbro|24/100
|-unboost|p1a: Slowbro|spa|1
|move|p1a: Slowbro|Shell Side Arm|p2a: Xerneas|[anim] Shell Side Arm Physical
|-supereffective|p2a: Xerneas
|-damage|p2a: Xerneas|0 fnt
|-hint|Physical Shell Side Arm
|faint|p2a: Xerneas
|
|upkeep
|
|t:|1665721792
|switch|p2a: Eternatus|Eternatus|68/100 brn
|-ability|p2a: Eternatus|Pressure
|turn|35
|
|t:|1665721795
|switch|p1a: Giratina|Giratina|15/100 par
|-ability|p1a: Giratina|Pressure
|move|p2a: Eternatus|Dynamax Cannon|p1a: Giratina
|-supereffective|p1a: Giratina
|-damage|p1a: Giratina|0 fnt
|faint|p1a: Giratina
|
|-damage|p2a: Eternatus|62/100 brn|[from] brn
|upkeep
|
|t:|1665721801
|switch|p1a: Slowbro|Slowbro-Galar, M|57/100
|turn|36
|
|t:|1665721806
|switch|p2a: Yveltal|Yveltal|83/100
|-damage|p2a: Yveltal|58/100|[from] Stealth Rock
|-ability|p2a: Yveltal|Dark Aura
|move|p1a: Slowbro|Ice Punch|p2a: Yveltal
|-supereffective|p2a: Yveltal
|-damage|p2a: Yveltal|0 fnt
|faint|p2a: Yveltal
|
|upkeep
|
|t:|1665721808
|switch|p2a: Eternatus|Eternatus|62/100 brn
|-ability|p2a: Eternatus|Pressure
|turn|37
|
|t:|1665721810
|move|p2a: Eternatus|Dynamax Cannon|p1a: Slowbro
|-damage|p1a: Slowbro|6/100
|move|p1a: Slowbro|Ice Punch|p2a: Eternatus
|-supereffective|p2a: Eternatus
|-damage|p2a: Eternatus|7/100 brn
|
|-damage|p2a: Eternatus|1/100 brn|[from] brn
|upkeep
|turn|38
|
|t:|1665721816
|move|p2a: Eternatus|Recover|p2a: Eternatus
|-heal|p2a: Eternatus|51/100 brn
|move|p1a: Slowbro|Ice Punch|p2a: Eternatus
|-supereffective|p2a: Eternatus
|-damage|p2a: Eternatus|0 fnt
|faint|p2a: Eternatus
|
|win|LD8 nvzhuangkeai
|raw|LD8 nvzhuangkeai's rating: 1653 &rarr; <strong>1679</strong><br />(+26 for winning)
|raw|ox04's rating: 1760 &rarr; <strong>1734</strong><br />(-26 for losing)
