|j|☆Xoticc_Gaming
|j|☆darkchocolatesuxks
|t:|1618579409
|gametype|singles
|player|p1|Xoticc_Gaming|hilbert|1443
|player|p2|darkchocolatesuxks|blaine|1491
|teamsize|p1|6
|teamsize|p2|6
|gen|8
|tier|[Gen 8] Ubers
|rated|
|clearpoke
|poke|p1|Yveltal|
|poke|p1|Necrozma-Dusk-Mane|
|poke|p1|Marshadow|
|poke|p1|Genesect|
|poke|p1|Dialga|
|poke|p1|Darmanitan-Galar, F|
|poke|p2|Marshadow|
|poke|p2|Groudon|
|poke|p2|Zacian|
|poke|p2|Yveltal|
|poke|p2|Eternatus|
|poke|p2|Calyrex-Shadow|
|rule|Sleep Clause Mod: Limit one foe put to sleep
|rule|Species Clause: Limit one of each Pokémon
|rule|OHKO Clause: OHKO moves are banned
|rule|Evasion Moves Clause: Evasion moves are banned
|rule|Endless Battle Clause: Forcing endless battles is banned
|rule|HP Percentage Mod: HP is shown in percentages
|rule|Dynamax Clause: You cannot dynamax
|teampreview
|
|t:|1618579415
|start
|switch|p1a: Darmanitan|Darmanitan-Galar, F|100/100
|switch|p2a: blob|Marshadow|100/100
|turn|1
|
|t:|1618579424
|move|p2a: blob|Close Combat|p1a: Darmanitan
|-supereffective|p1a: Darmanitan
|-damage|p1a: Darmanitan|0 fnt
|-unboost|p2a: blob|def|1
|-unboost|p2a: blob|spd|1
|faint|p1a: Darmanitan
|
|upkeep
|
|t:|1618579432
|switch|p1a: Marshadow|Marshadow|100/100
|turn|2
|
|t:|1618579435
|move|p2a: blob|Shadow Sneak|p1a: Marshadow
|-supereffective|p1a: Marshadow
|-damage|p1a: Marshadow|24/100
|move|p1a: Marshadow|Shadow Sneak|p2a: blob
|-supereffective|p2a: blob
|-enditem|p2a: blob|Focus Sash
|-damage|p2a: blob|1/100
|
|upkeep
|turn|3
|
|t:|1618579454
|move|p2a: blob|Shadow Sneak|p1a: Marshadow
|-supereffective|p1a: Marshadow
|-crit|p1a: Marshadow
|-damage|p1a: Marshadow|0 fnt
|faint|p1a: Marshadow
|
|upkeep
|
|t:|1618579459
|switch|p1a: Yaveltel|Yveltal, shiny|100/100
|-ability|p1a: Yaveltel|Dark Aura
|turn|4
|
|t:|1618579467
|switch|p2a: cool bird|Yveltal|100/100
|-ability|p2a: cool bird|Dark Aura
|move|p1a: Yaveltel|Knock Off|p2a: cool bird
|-resisted|p2a: cool bird
|-damage|p2a: cool bird|65/100
|-enditem|p2a: cool bird|Heavy-Duty Boots|[from] move: Knock Off|[of] p1a: Yaveltel
|-damage|p1a: Yaveltel|91/100|[from] item: Life Orb
|
|upkeep
|turn|5
|
|t:|1618579476
|switch|p1a: Dialga|Dialga|100/100
|-ability|p1a: Dialga|Pressure
|move|p2a: cool bird|Knock Off|p1a: Dialga
|-damage|p1a: Dialga|57/100
|-enditem|p1a: Dialga|Leftovers|[from] move: Knock Off|[of] p2a: cool bird
|
|upkeep
|turn|6
|
|t:|1618579492
|move|p2a: cool bird|Roost|p2a: cool bird
|-heal|p2a: cool bird|100/100
|-singleturn|p2a: cool bird|move: Roost
|move|p1a: Dialga|Draco Meteor|p2a: cool bird
|-damage|p2a: cool bird|49/100
|-unboost|p1a: Dialga|spa|2
|
|upkeep
|turn|7
|
|t:|1618579501
|move|p2a: cool bird|Roost|p2a: cool bird
|-heal|p2a: cool bird|99/100
|-singleturn|p2a: cool bird|move: Roost
|move|p1a: Dialga|Substitute|p1a: Dialga
|-start|p1a: Dialga|Substitute
|-damage|p1a: Dialga|32/100
|
|upkeep
|turn|8
|
|t:|1618579525
|move|p2a: cool bird|Knock Off|p1a: Dialga
|-end|p1a: Dialga|Substitute
|move|p1a: Dialga|Toxic|p2a: cool bird|[miss]
|-miss|p1a: Dialga|p2a: cool bird
|
|upkeep
|turn|9
|
|t:|1618579535
|move|p2a: cool bird|Knock Off|p1a: Dialga
|-crit|p1a: Dialga
|-damage|p1a: Dialga|0 fnt
|faint|p1a: Dialga
|
|upkeep
|c|☆Xoticc_Gaming|i give up
|-message|Xoticc_Gaming forfeited.
|
|win|darkchocolatesuxks
|l|☆Xoticc_Gaming
|c|☆darkchocolatesuxks|honestly same
|raw|Xoticc_Gaming's rating: 1442 &rarr; <strong>1425</strong><br />(-17 for losing)
|raw|darkchocolatesuxks's rating: 1491 &rarr; <strong>1508</strong><br />(+17 for winning)
