|j|☆Mods are simps
|j|☆ICVR
|t:|1629498816
|gametype|singles
|player|p1|Mods are simps|burglar|1552
|player|p2|ICVR|ethan|1641
|teamsize|p1|6
|teamsize|p2|6
|gen|8
|tier|[Gen 8] Ubers
|rated|
|rule|Sleep Clause Mod: Limit one foe put to sleep
|rule|Species Clause: Limit one of each Pokémon
|rule|OHKO Clause: OHKO moves are banned
|rule|Evasion Moves Clause: Evasion moves are banned
|rule|Endless Battle Clause: Forcing endless battles is banned
|rule|HP Percentage Mod: HP is shown in percentages
|rule|Dynamax Clause: You cannot dynamax
|clearpoke
|poke|p1|Tyranitar, F|
|poke|p1|Zygarde|
|poke|p1|Suicune|
|poke|p1|Eternatus|
|poke|p1|Zarude-Dada|
|poke|p1|Necrozma-Dusk-Mane|
|poke|p2|Cloyster, F|
|poke|p2|Groudon|
|poke|p2|Giratina-Origin|
|poke|p2|Yveltal|
|poke|p2|Necrozma-Dusk-Mane|
|poke|p2|Calyrex-Shadow|
|teampreview
|inactive|Battle timer is ON: inactive players will automatically lose when time's up. (requested by ICVR)
|
|t:|1629498833
|start
|switch|p1a: Suicune|Suicune|100/100
|switch|p2a: Cloyster|Cloyster, F|100/100
|-ability|p1a: Suicune|Pressure
|turn|1
|inactive|ICVR has 120 seconds left.
|inactive|ICVR has 90 seconds left.
|
|t:|1629498906
|switch|p1a: Necrozma|Necrozma-Dusk-Mane|100/100
|move|p2a: Cloyster|Spikes|p1a: Necrozma
|-sidestart|p1: Mods are simps|Spikes
|
|upkeep
|turn|2
|
|t:|1629498916
|move|p2a: Cloyster|Spikes|p1a: Necrozma
|-sidestart|p1: Mods are simps|Spikes
|move|p1a: Necrozma|Sunsteel Strike|p2a: Cloyster
|-damage|p2a: Cloyster|15/100
|
|upkeep
|turn|3
|inactive|ICVR has 90 seconds left.
|inactive|ICVR has 60 seconds left.
|
|t:|1629498960
|move|p2a: Cloyster|Spikes|p1a: Necrozma
|-sidestart|p1: Mods are simps|Spikes
|move|p1a: Necrozma|Sunsteel Strike|p2a: Cloyster
|-damage|p2a: Cloyster|0 fnt
|faint|p2a: Cloyster
|
|upkeep
|inactive|ICVR has 60 seconds left.
|
|t:|1629498968
|switch|p2a: Necrozma|Necrozma-Dusk-Mane|100/100
|turn|4
|
|t:|1629498975
|switch|p2a: Calyrex|Calyrex-Shadow|100/100
|-ability|p2a: Calyrex|As One
|-ability|p2a: Calyrex|Unnerve
|switch|p1a: Zygarde|Zygarde|100/100
|-damage|p1a: Zygarde|76/100|[from] Spikes
|
|-heal|p1a: Zygarde|82/100|[from] item: Leftovers
|upkeep
|turn|5
|
|t:|1629498980
|move|p2a: Calyrex|Nasty Plot|p2a: Calyrex
|-boost|p2a: Calyrex|spa|2
|move|p1a: Zygarde|Glare|p2a: Calyrex
|-status|p2a: Calyrex|par
|
|-heal|p1a: Zygarde|88/100|[from] item: Leftovers
|upkeep
|turn|6
|
|t:|1629498985
|switch|p1a: Tyranitar|Tyranitar, F|100/100
|-damage|p1a: Tyranitar|75/100|[from] Spikes
|-weather|Sandstorm|[from] ability: Sand Stream|[of] p1a: Tyranitar
|move|p2a: Calyrex|Astral Barrage|p1a: Tyranitar
|-resisted|p1a: Tyranitar
|-damage|p1a: Tyranitar|45/100
|
|-weather|Sandstorm|[upkeep]
|-damage|p2a: Calyrex|94/100 par|[from] Sandstorm
|-heal|p1a: Tyranitar|51/100|[from] item: Leftovers
|upkeep
|turn|7
|
|t:|1629498991
|move|p2a: Calyrex|Draining Kiss|p1a: Tyranitar
|-supereffective|p1a: Tyranitar
|-damage|p1a: Tyranitar|15/100
|-heal|p2a: Calyrex|100/100 par|[from] drain|[of] p1a: Tyranitar
|move|p1a: Tyranitar|Foul Play|p2a: Calyrex
|-supereffective|p2a: Calyrex
|-crit|p2a: Calyrex
|-enditem|p2a: Calyrex|Focus Sash
|-damage|p2a: Calyrex|1/100 par
|
|-weather|Sandstorm|[upkeep]
|-damage|p2a: Calyrex|0 fnt|[from] Sandstorm
|faint|p2a: Calyrex
|-heal|p1a: Tyranitar|22/100|[from] item: Leftovers
|upkeep
|inactive|ICVR has 90 seconds left.
|inactive|ICVR has 60 seconds left.
|
|t:|1629499053
|switch|p2a: Groudon|Groudon|100/100
|-weather|SunnyDay|[from] ability: Drought|[of] p2a: Groudon
|turn|8
|
|t:|1629499070
|switch|p1a: Zarude|Zarude-Dada|100/100
|-damage|p1a: Zarude|76/100|[from] Spikes
|move|p2a: Groudon|Rock Polish|p2a: Groudon
|-boost|p2a: Groudon|spe|2
|
|-weather|SunnyDay|[upkeep]
|-heal|p1a: Zarude|82/100|[from] item: Leftovers
|upkeep
|turn|9
|
|t:|1629499081
|move|p2a: Groudon|Overheat|p1a: Zarude|[miss]
|-miss|p2a: Groudon|p1a: Zarude
|move|p1a: Zarude|Power Whip|p2a: Groudon
|-supereffective|p2a: Groudon
|-damage|p2a: Groudon|35/100
|
|-weather|SunnyDay|[upkeep]
|-heal|p1a: Zarude|88/100|[from] item: Leftovers
|upkeep
|turn|10
|
|t:|1629499094
|move|p2a: Groudon|Precipice Blades|p1a: Zarude
|-resisted|p1a: Zarude
|-damage|p1a: Zarude|59/100
|-damage|p2a: Groudon|25/100|[from] item: Life Orb
|move|p1a: Zarude|Power Whip|p2a: Groudon
|-supereffective|p2a: Groudon
|-damage|p2a: Groudon|0 fnt
|faint|p2a: Groudon
|
|-weather|SunnyDay|[upkeep]
|-heal|p1a: Zarude|65/100|[from] item: Leftovers
|upkeep
|
|t:|1629499102
|switch|p2a: Yveltal|Yveltal|100/100
|-ability|p2a: Yveltal|Dark Aura
|turn|11
|
|t:|1629499115
|switch|p1a: Tyranitar|Tyranitar, F|22/100
|-damage|p1a: Tyranitar|0 fnt|[from] Spikes
|faint|p1a: Tyranitar
|move|p2a: Yveltal|Oblivion Wing|p1: Tyranitar|[notarget]
|-fail|p2a: Yveltal
|
|-weather|SunnyDay|[upkeep]
|upkeep
|
|t:|1629499126
|switch|p1a: Eternatus|Eternatus|100/100
|-damage|p1a: Eternatus|76/100|[from] Spikes
|-ability|p1a: Eternatus|Pressure
|turn|12
|
|t:|1629499132
|switch|p2a: Giratina|Giratina-Origin|100/100
|move|p1a: Eternatus|Recover|p1a: Eternatus
|-heal|p1a: Eternatus|100/100
|
|-weather|none
|upkeep
|turn|13
|
|t:|1629499142
|move|p1a: Eternatus|Dragon Pulse|p2a: Giratina
|-supereffective|p2a: Giratina
|-damage|p2a: Giratina|44/100
|move|p2a: Giratina|Poltergeist|p1a: Eternatus
|-activate|p1a: Eternatus|move: Poltergeist|Black Sludge
|-damage|p1a: Eternatus|45/100
|
|-heal|p1a: Eternatus|51/100|[from] item: Black Sludge
|upkeep
|turn|14
|
|t:|1629499150
|move|p1a: Eternatus|Dragon Pulse|p2a: Giratina
|-supereffective|p2a: Giratina
|-damage|p2a: Giratina|0 fnt
|faint|p2a: Giratina
|
|-heal|p1a: Eternatus|57/100|[from] item: Black Sludge
|upkeep
|
|t:|1629499157
|switch|p2a: Necrozma|Necrozma-Dusk-Mane|100/100
|turn|15
|
|t:|1629499186
|switch|p1a: Zygarde|Zygarde|88/100
|-damage|p1a: Zygarde|63/100|[from] Spikes
|move|p2a: Necrozma|Dragon Dance|p2a: Necrozma
|-boost|p2a: Necrozma|atk|1
|-boost|p2a: Necrozma|spe|1
|
|-heal|p1a: Zygarde|69/100|[from] item: Leftovers
|upkeep
|turn|16
|
|t:|1629499192
|move|p2a: Necrozma|Substitute|p2a: Necrozma
|-start|p2a: Necrozma|Substitute
|-damage|p2a: Necrozma|76/100
|move|p1a: Zygarde|Glare||[still]
|-fail|p1a: Zygarde
|
|-heal|p2a: Necrozma|82/100|[from] item: Leftovers
|-heal|p1a: Zygarde|75/100|[from] item: Leftovers
|upkeep
|turn|17
|
|t:|1629499195
|move|p2a: Necrozma|Dragon Dance|p2a: Necrozma
|-boost|p2a: Necrozma|atk|1
|-boost|p2a: Necrozma|spe|1
|move|p1a: Zygarde|Thousand Arrows|p2a: Necrozma
|-supereffective|p2a: Necrozma
|-end|p2a: Necrozma|Substitute
|
|-heal|p2a: Necrozma|88/100|[from] item: Leftovers
|-heal|p1a: Zygarde|81/100|[from] item: Leftovers
|upkeep
|turn|18
|
|t:|1629499201
|move|p2a: Necrozma|Dragon Dance|p2a: Necrozma
|-boost|p2a: Necrozma|atk|1
|-boost|p2a: Necrozma|spe|1
|move|p1a: Zygarde|Thousand Arrows|p2a: Necrozma
|-supereffective|p2a: Necrozma
|-damage|p2a: Necrozma|40/100
|
|-heal|p2a: Necrozma|46/100|[from] item: Leftovers
|-heal|p1a: Zygarde|87/100|[from] item: Leftovers
|upkeep
|turn|19
|
|t:|1629499204
|move|p2a: Necrozma|Sunsteel Strike|p1a: Zygarde
|-damage|p1a: Zygarde|0 fnt
|faint|p1a: Zygarde
|
|-heal|p2a: Necrozma|52/100|[from] item: Leftovers
|upkeep
|
|t:|1629499209
|switch|p1a: Suicune|Suicune|100/100
|-damage|p1a: Suicune|75/100|[from] Spikes
|-ability|p1a: Suicune|Pressure
|turn|20
|
|t:|1629499221
|move|p2a: Necrozma|Earthquake|p1a: Suicune
|-damage|p1a: Suicune|6/100
|move|p1a: Suicune|Scald|p2a: Necrozma
|-damage|p2a: Necrozma|27/100
|
|-heal|p2a: Necrozma|33/100|[from] item: Leftovers
|-heal|p1a: Suicune|12/100|[from] item: Leftovers
|upkeep
|turn|21
|
|t:|1629499224
|move|p2a: Necrozma|Earthquake|p1a: Suicune
|-damage|p1a: Suicune|0 fnt
|faint|p1a: Suicune
|
|-heal|p2a: Necrozma|39/100|[from] item: Leftovers
|upkeep
|
|t:|1629499230
|switch|p1a: Zarude|Zarude-Dada|65/100
|-damage|p1a: Zarude|40/100|[from] Spikes
|turn|22
|
|t:|1629499232
|move|p2a: Necrozma|Sunsteel Strike|p1a: Zarude
|-damage|p1a: Zarude|0 fnt
|faint|p1a: Zarude
|
|-heal|p2a: Necrozma|45/100|[from] item: Leftovers
|upkeep
|-message|Mods are simps forfeited.
|
|win|ICVR
|raw|Mods are simps's rating: 1552 &rarr; <strong>1537</strong><br />(-15 for losing)
|raw|ICVR's rating: 1641 &rarr; <strong>1656</strong><br />(+15 for winning)
|l|☆Mods are simps
