|raw|<div class="broadcast-blue"><strong>This battle is required to be public due to a player having a name starting with 'ULT8RQ'.</div>
|j|☆ult8rq qian
|j|☆Eyes of death
|t:|1620972026
|gametype|singles
|player|p1|ult8rq qian|266|1747
|player|p2|Eyes of death|karen|1667
|teamsize|p1|6
|teamsize|p2|6
|gen|8
|tier|[Gen 8] Ubers
|rated|
|rule|Sleep Clause Mod: Limit one foe put to sleep
|rule|Species Clause: Limit one of each Pokémon
|rule|OHKO Clause: OHKO moves are banned
|rule|Evasion Moves Clause: Evasion moves are banned
|rule|Endless Battle Clause: Forcing endless battles is banned
|rule|HP Percentage Mod: HP is shown in percentages
|rule|Dynamax Clause: You cannot dynamax
|clearpoke
|poke|p1|Ho-Oh|
|poke|p1|Yveltal|
|poke|p1|Palkia|
|poke|p1|Necrozma-Dusk-Mane|
|poke|p1|Zacian-*|
|poke|p1|Lunala|
|poke|p2|Yveltal|
|poke|p2|Ho-Oh|
|poke|p2|Toxapex, M|
|poke|p2|Tangrowth, F|
|poke|p2|Necrozma-Dusk-Mane|
|poke|p2|Blissey, F|
|teampreview
|j| 64 squares
|j|+steel's kitty
|inactive|Battle timer is ON: inactive players will automatically lose when time's up. (requested by Eyes of death)
|
|t:|1620972042
|start
|switch|p1a: Ho-Oh|Ho-Oh|100/100
|switch|p2a: Ho-Oh|Ho-Oh|100/100
|turn|1
|
|t:|1620972046
|move|p2a: Ho-Oh|Toxic|p1a: Ho-Oh
|-status|p1a: Ho-Oh|tox
|move|p1a: Ho-Oh|Brave Bird|p2a: Ho-Oh
|-damage|p2a: Ho-Oh|35/100
|-damage|p1a: Ho-Oh|79/100 tox|[from] Recoil
|
|-damage|p1a: Ho-Oh|73/100 tox|[from] psn
|upkeep
|turn|2
|
|t:|1620972056
|switch|p1a: Necrozma|Necrozma-Dusk-Mane|100/100
|switch|p2a: Toxapex|Toxapex, M|100/100
|
|upkeep
|turn|3
|
|t:|1620972059
|switch|p2a: Ho-Oh|Ho-Oh|69/100
|move|p1a: Necrozma|Stealth Rock|p2a: Ho-Oh
|-sidestart|p2: Eyes of death|move: Stealth Rock
|
|upkeep
|turn|4
|
|t:|1620972062
|move|p2a: Ho-Oh|Defog|p1a: Necrozma
|-unboost|p1a: Necrozma|evasion|1
|-sideend|p2: Eyes of death|Stealth Rock|[from] move: Defog|[of] p2a: Ho-Oh
|move|p1a: Necrozma|Knock Off|p2a: Ho-Oh
|-damage|p2a: Ho-Oh|47/100
|-enditem|p2a: Ho-Oh|Heavy-Duty Boots|[from] move: Knock Off|[of] p1a: Necrozma
|
|upkeep
|turn|5
|
|t:|1620972070
|switch|p1a: Ho-Oh|Ho-Oh|100/100 tox
|move|p2a: Ho-Oh|Sacred Fire|p1a: Ho-Oh
|-resisted|p1a: Ho-Oh
|-damage|p1a: Ho-Oh|80/100 tox
|
|-damage|p1a: Ho-Oh|74/100 tox|[from] psn
|upkeep
|turn|6
|j|+Pohjis
|
|t:|1620972077
|switch|p2a: Toxapex|Toxapex, M|100/100
|move|p1a: Ho-Oh|Sacred Fire|p2a: Toxapex|[miss]
|-miss|p1a: Ho-Oh|p2a: Toxapex
|
|-damage|p1a: Ho-Oh|62/100 tox|[from] psn
|upkeep
|turn|7
|
|t:|1620972084
|switch|p1a: Necrozma|Necrozma-Dusk-Mane|100/100
|switch|p2a: Ho-Oh|Ho-Oh|81/100
|
|upkeep
|turn|8
|
|t:|1620972088
|switch|p2a: Toxapex|Toxapex, M|100/100
|switch|p1a: Ho-Oh|Ho-Oh|95/100 tox
|
|-damage|p1a: Ho-Oh|89/100 tox|[from] psn
|upkeep
|turn|9
|
|t:|1620972091
|switch|p1a: Necrozma|Necrozma-Dusk-Mane|100/100
|move|p2a: Toxapex|Baneful Bunker||[still]
|-fail|p2a: Toxapex
|
|upkeep
|turn|10
|
|t:|1620972095
|switch|p2a: Ho-Oh|Ho-Oh|100/100
|move|p1a: Necrozma|Stealth Rock|p2a: Ho-Oh
|-sidestart|p2: Eyes of death|move: Stealth Rock
|
|upkeep
|turn|11
|
|t:|1620972098
|switch|p1a: Ho-Oh|Ho-Oh|100/100 tox
|move|p2a: Ho-Oh|Defog|p1a: Ho-Oh
|-unboost|p1a: Ho-Oh|evasion|1
|-sideend|p2: Eyes of death|Stealth Rock|[from] move: Defog|[of] p2a: Ho-Oh
|
|-damage|p1a: Ho-Oh|94/100 tox|[from] psn
|upkeep
|turn|12
|
|t:|1620972102
|switch|p2a: Toxapex|Toxapex, M|100/100
|move|p1a: Ho-Oh|Brave Bird|p2a: Toxapex
|-damage|p2a: Toxapex|35/100
|-damage|p1a: Ho-Oh|78/100 tox|[from] item: Rocky Helmet|[of] p2a: Toxapex
|-damage|p1a: Ho-Oh|62/100 tox|[from] Recoil
|
|-damage|p1a: Ho-Oh|50/100 tox|[from] psn
|upkeep
|turn|13
|
|t:|1620972109
|switch|p1a: Necrozma|Necrozma-Dusk-Mane|100/100
|switch|p2a: Ho-Oh|Ho-Oh|100/100
|
|upkeep
|turn|14
|
|t:|1620972114
|switch|p1a: Ho-Oh|Ho-Oh|83/100 tox
|move|p2a: Ho-Oh|Sacred Fire|p1a: Ho-Oh
|-resisted|p1a: Ho-Oh
|-damage|p1a: Ho-Oh|63/100 tox
|
|-damage|p1a: Ho-Oh|57/100 tox|[from] psn
|upkeep
|turn|15
|
|t:|1620972130
|switch|p1a: Lunala|Lunala|100/100
|move|p2a: Ho-Oh|Sacred Fire|p1a: Lunala
|-damage|p1a: Lunala|84/100
|-status|p1a: Lunala|brn
|
|-damage|p1a: Lunala|78/100 brn|[from] brn
|upkeep
|turn|16
|
|t:|1620972138
|switch|p2a: Yveltal|Yveltal|100/100
|-ability|p2a: Yveltal|Dark Aura
|move|p1a: Lunala|Will-O-Wisp|p2a: Yveltal|[miss]
|-miss|p1a: Lunala|p2a: Yveltal
|
|-damage|p1a: Lunala|72/100 brn|[from] brn
|upkeep
|turn|17
|l|+Pohjis
|
|t:|1620972145
|switch|p1a: Yveltal|Yveltal|100/100
|-ability|p1a: Yveltal|Dark Aura
|move|p2a: Yveltal|Knock Off|p1a: Yveltal
|-resisted|p1a: Yveltal
|-damage|p1a: Yveltal|78/100
|-enditem|p1a: Yveltal|Heavy-Duty Boots|[from] move: Knock Off|[of] p2a: Yveltal
|
|upkeep
|turn|18
|j|+Pohjis
|
|t:|1620972149
|switch|p2a: Ho-Oh|Ho-Oh|100/100
|move|p1a: Yveltal|Roost|p1a: Yveltal
|-heal|p1a: Yveltal|100/100
|-singleturn|p1a: Yveltal|move: Roost
|
|upkeep
|turn|19
|
|t:|1620972152
|switch|p1a: Ho-Oh|Ho-Oh|90/100 tox
|switch|p2a: Toxapex|Toxapex, M|69/100
|
|-damage|p1a: Ho-Oh|84/100 tox|[from] psn
|upkeep
|turn|20
|
|t:|1620972156
|move|p2a: Toxapex|Baneful Bunker|p2a: Toxapex
|-singleturn|p2a: Toxapex|move: Protect
|move|p1a: Ho-Oh|Earthquake|p2a: Toxapex
|-activate|p2a: Toxapex|move: Protect
|
|-damage|p1a: Ho-Oh|72/100 tox|[from] psn
|upkeep
|turn|21
|
|t:|1620972160
|switch|p1a: Zacian|Zacian|100/100
|-ability|p1a: Zacian|Intrepid Sword|boost
|-boost|p1a: Zacian|atk|1
|switch|p2a: Ho-Oh|Ho-Oh|100/100
|
|upkeep
|turn|22
|
|t:|1620972163
|switch|p2a: Necrozma|Necrozma-Dusk-Mane|100/100
|move|p1a: Zacian|Crunch|p2a: Necrozma
|-supereffective|p2a: Necrozma
|-damage|p2a: Necrozma|51/100
|-unboost|p2a: Necrozma|def|1
|-damage|p1a: Zacian|84/100|[from] item: Rocky Helmet|[of] p2a: Necrozma
|
|upkeep
|turn|23
|
|t:|1620972171
|switch|p1a: Ho-Oh|Ho-Oh|100/100 tox
|switch|p2a: Tangrowth|Tangrowth, F|100/100
|
|-damage|p1a: Ho-Oh|94/100 tox|[from] psn
|upkeep
|turn|24
|
|t:|1620972176
|switch|p2a: Ho-Oh|Ho-Oh|100/100
|move|p1a: Ho-Oh|Sacred Fire|p2a: Ho-Oh
|-resisted|p2a: Ho-Oh
|-damage|p2a: Ho-Oh|74/100
|
|-damage|p1a: Ho-Oh|82/100 tox|[from] psn
|upkeep
|turn|25
|
|t:|1620972182
|switch|p1a: Lunala|Lunala|72/100 brn
|move|p2a: Ho-Oh|Toxic||[still]
|-fail|p2a: Ho-Oh
|
|-damage|p1a: Lunala|66/100 brn|[from] brn
|upkeep
|turn|26
|
|t:|1620972188
|switch|p1a: Ho-Oh|Ho-Oh|100/100 tox
|switch|p2a: Yveltal|Yveltal|100/100
|-ability|p2a: Yveltal|Dark Aura
|
|-damage|p1a: Ho-Oh|94/100 tox|[from] psn
|upkeep
|turn|27
|
|t:|1620972193
|switch|p1a: Yveltal|Yveltal|100/100
|-ability|p1a: Yveltal|Dark Aura
|move|p2a: Yveltal|Knock Off|p1a: Yveltal
|-resisted|p1a: Yveltal
|-damage|p1a: Yveltal|86/100
|
|upkeep
|turn|28
|
|t:|1620972201
|switch|p2a: Ho-Oh|Ho-Oh|100/100
|move|p1a: Yveltal|Foul Play|p2a: Ho-Oh
|-damage|p2a: Ho-Oh|66/100
|
|upkeep
|turn|29
|
|t:|1620972209
|switch|p1a: Ho-Oh|Ho-Oh|100/100 tox
|switch|p2a: Yveltal|Yveltal|100/100
|-ability|p2a: Yveltal|Dark Aura
|
|-damage|p1a: Ho-Oh|94/100 tox|[from] psn
|upkeep
|turn|30
|
|t:|1620972214
|switch|p2a: Ho-Oh|Ho-Oh|99/100
|move|p1a: Ho-Oh|Sacred Fire|p2a: Ho-Oh
|-resisted|p2a: Ho-Oh
|-damage|p2a: Ho-Oh|71/100
|
|-damage|p1a: Ho-Oh|82/100 tox|[from] psn
|upkeep
|turn|31
|
|t:|1620972223
|switch|p2a: Toxapex|Toxapex, M|100/100
|switch|p1a: Lunala|Lunala|66/100 brn
|
|-damage|p1a: Lunala|60/100 brn|[from] brn
|upkeep
|turn|32
|
|t:|1620972227
|move|p1a: Lunala|Will-O-Wisp|p2a: Toxapex|[miss]
|-miss|p1a: Lunala|p2a: Toxapex
|move|p2a: Toxapex|Toxic Spikes|p1a: Lunala
|-sidestart|p1: ult8rq qian|move: Toxic Spikes
|
|-damage|p1a: Lunala|54/100 brn|[from] brn
|upkeep
|turn|33
|
|t:|1620972230
|switch|p2a: Ho-Oh|Ho-Oh|100/100
|move|p1a: Lunala|Roost|p1a: Lunala
|-heal|p1a: Lunala|100/100 brn
|-singleturn|p1a: Lunala|move: Roost
|
|-damage|p1a: Lunala|94/100 brn|[from] brn
|upkeep
|turn|34
|
|t:|1620972232
|switch|p1a: Ho-Oh|Ho-Oh|100/100 tox
|move|p2a: Ho-Oh|Whirlwind|p1a: Ho-Oh
|drag|p1a: Palkia|Palkia|100/100
|-status|p1a: Palkia|psn
|-ability|p1a: Palkia|Pressure
|
|-damage|p1a: Palkia|88/100 psn|[from] psn
|upkeep
|turn|35
|
|t:|1620972239
|switch|p1a: Ho-Oh|Ho-Oh|100/100 tox
|switch|p2a: Toxapex|Toxapex, M|100/100
|
|-damage|p1a: Ho-Oh|94/100 tox|[from] psn
|upkeep
|turn|36
|
|t:|1620972244
|switch|p1a: Necrozma|Necrozma-Dusk-Mane|100/100
|move|p2a: Toxapex|Baneful Bunker||[still]
|-fail|p2a: Toxapex
|
|upkeep
|turn|37
|
|t:|1620972247
|switch|p2a: Necrozma|Necrozma-Dusk-Mane|51/100
|move|p1a: Necrozma|Stealth Rock|p2a: Necrozma
|-sidestart|p2: Eyes of death|move: Stealth Rock
|
|upkeep
|turn|38
|
|t:|1620972251
|switch|p1a: Ho-Oh|Ho-Oh|100/100 tox
|move|p2a: Necrozma|Morning Sun|p2a: Necrozma
|-heal|p2a: Necrozma|100/100
|
|-damage|p1a: Ho-Oh|94/100 tox|[from] psn
|upkeep
|turn|39
|
|t:|1620972264
|move|p1a: Ho-Oh|Sacred Fire|p2a: Necrozma
|-supereffective|p2a: Necrozma
|-damage|p2a: Necrozma|40/100
|-status|p2a: Necrozma|brn
|move|p2a: Necrozma|Morning Sun|p2a: Necrozma
|-heal|p2a: Necrozma|90/100 brn
|
|-damage|p1a: Ho-Oh|82/100 tox|[from] psn
|-damage|p2a: Necrozma|84/100 brn|[from] brn
|upkeep
|turn|40
|
|t:|1620972277
|move|p1a: Ho-Oh|Sacred Fire|p2a: Necrozma
|-supereffective|p2a: Necrozma
|-damage|p2a: Necrozma|19/100 brn
|move|p2a: Necrozma|Stealth Rock|p1a: Ho-Oh
|-sidestart|p1: ult8rq qian|move: Stealth Rock
|
|-damage|p1a: Ho-Oh|64/100 tox|[from] psn
|-damage|p2a: Necrozma|13/100 brn|[from] brn
|upkeep
|turn|41
|
|t:|1620972283
|switch|p1a: Yveltal|Yveltal|86/100
|-damage|p1a: Yveltal|61/100|[from] Stealth Rock
|-ability|p1a: Yveltal|Dark Aura
|switch|p2a: Toxapex|Toxapex, M|100/100
|-damage|p2a: Toxapex|88/100|[from] Stealth Rock
|
|upkeep
|turn|42
|
|t:|1620972289
|move|p2a: Toxapex|Baneful Bunker|p2a: Toxapex
|-singleturn|p2a: Toxapex|move: Protect
|move|p1a: Yveltal|Defog|p2a: Toxapex
|-activate|p2a: Toxapex|move: Protect
|
|upkeep
|turn|43
|
|t:|1620972295
|move|p1a: Yveltal|Defog|p2a: Toxapex
|-unboost|p2a: Toxapex|evasion|1
|-sideend|p2: Eyes of death|Stealth Rock|[from] move: Defog|[of] p1a: Yveltal
|-sideend|p1: ult8rq qian|Toxic Spikes|[from] move: Defog|[of] p1a: Yveltal
|-sideend|p1: ult8rq qian|Stealth Rock|[from] move: Defog|[of] p1a: Yveltal
|move|p2a: Toxapex|Toxic Spikes|p1a: Yveltal
|-sidestart|p1: ult8rq qian|move: Toxic Spikes
|
|upkeep
|turn|44
|
|t:|1620972300
|switch|p2a: Ho-Oh|Ho-Oh|100/100
|move|p1a: Yveltal|Roost|p1a: Yveltal
|-heal|p1a: Yveltal|100/100
|-singleturn|p1a: Yveltal|move: Roost
|
|upkeep
|turn|45
|
|t:|1620972305
|switch|p1a: Ho-Oh|Ho-Oh|98/100 tox
|move|p2a: Ho-Oh|Toxic|p1a: Ho-Oh
|-fail|p1a: Ho-Oh|tox
|
|-damage|p1a: Ho-Oh|92/100 tox|[from] psn
|upkeep
|turn|46
|
|t:|1620972309
|switch|p2a: Toxapex|Toxapex, M|100/100
|move|p1a: Ho-Oh|Brave Bird|p2a: Toxapex
|-damage|p2a: Toxapex|43/100
|-damage|p1a: Ho-Oh|75/100 tox|[from] item: Rocky Helmet|[of] p2a: Toxapex
|-damage|p1a: Ho-Oh|61/100 tox|[from] Recoil
|
|-damage|p1a: Ho-Oh|49/100 tox|[from] psn
|upkeep
|turn|47
|
|t:|1620972315
|switch|p1a: Yveltal|Yveltal|100/100
|-ability|p1a: Yveltal|Dark Aura
|switch|p2a: Ho-Oh|Ho-Oh|100/100
|
|upkeep
|turn|48
|
|t:|1620972320
|switch|p1a: Ho-Oh|Ho-Oh|82/100 tox
|switch|p2a: Toxapex|Toxapex, M|76/100
|
|-damage|p1a: Ho-Oh|76/100 tox|[from] psn
|upkeep
|turn|49
|
|t:|1620972326
|switch|p1a: Necrozma|Necrozma-Dusk-Mane|100/100
|switch|p2a: Ho-Oh|Ho-Oh|100/100
|
|upkeep
|turn|50
|
|t:|1620972331
|switch|p1a: Ho-Oh|Ho-Oh|100/100 tox
|move|p2a: Ho-Oh|Sacred Fire|p1a: Ho-Oh
|-resisted|p1a: Ho-Oh
|-damage|p1a: Ho-Oh|81/100 tox
|
|-damage|p1a: Ho-Oh|75/100 tox|[from] psn
|upkeep
|turn|51
|
|t:|1620972338
|move|p1a: Ho-Oh|Defog|p2a: Ho-Oh
|-unboost|p2a: Ho-Oh|evasion|1
|-sideend|p1: ult8rq qian|Toxic Spikes|[from] move: Defog|[of] p1a: Ho-Oh
|move|p2a: Ho-Oh|Whirlwind|p1a: Ho-Oh
|drag|p1a: Necrozma|Necrozma-Dusk-Mane|100/100
|
|upkeep
|turn|52
|
|t:|1620972346
|switch|p2a: Toxapex|Toxapex, M|100/100
|move|p1a: Necrozma|Stealth Rock|p2a: Toxapex
|-sidestart|p2: Eyes of death|move: Stealth Rock
|
|upkeep
|turn|53
|
|t:|1620972358
|switch|p1a: Palkia|Palkia|88/100 psn
|-ability|p1a: Palkia|Pressure
|switch|p2a: Yveltal|Yveltal|100/100
|-ability|p2a: Yveltal|Dark Aura
|
|-damage|p1a: Palkia|76/100 psn|[from] psn
|upkeep
|turn|54
|
|t:|1620972362
|move|p1a: Palkia|Thunder|p2a: Yveltal
|-supereffective|p2a: Yveltal
|-damage|p2a: Yveltal|49/100
|-status|p2a: Yveltal|par
|move|p2a: Yveltal|Defog|p1a: Palkia
|-unboost|p1a: Palkia|evasion|1
|-sideend|p2: Eyes of death|Stealth Rock|[from] move: Defog|[of] p2a: Yveltal
|
|-damage|p1a: Palkia|63/100 psn|[from] psn
|upkeep
|turn|55
|
|t:|1620972369
|switch|p1a: Ho-Oh|Ho-Oh|100/100 tox
|switch|p2a: Blissey|Blissey, F|100/100
|
|-damage|p1a: Ho-Oh|94/100 tox|[from] psn
|upkeep
|turn|56
|
|t:|1620972375
|switch|p2a: Ho-Oh|Ho-Oh|100/100
|move|p1a: Ho-Oh|Brave Bird|p2a: Ho-Oh
|-damage|p2a: Ho-Oh|33/100
|-damage|p1a: Ho-Oh|72/100 tox|[from] Recoil
|
|-damage|p1a: Ho-Oh|60/100 tox|[from] psn
|upkeep
|turn|57
|
|t:|1620972381
|switch|p1a: Necrozma|Necrozma-Dusk-Mane|100/100
|switch|p2a: Toxapex|Toxapex, M|100/100
|
|upkeep
|turn|58
|
|t:|1620972384
|switch|p2a: Ho-Oh|Ho-Oh|66/100
|move|p1a: Necrozma|Stealth Rock|p2a: Ho-Oh
|-sidestart|p2: Eyes of death|move: Stealth Rock
|
|upkeep
|turn|59
|
|t:|1620972386
|switch|p1a: Ho-Oh|Ho-Oh|94/100 tox
|move|p2a: Ho-Oh|Defog|p1a: Ho-Oh
|-unboost|p1a: Ho-Oh|evasion|1
|-sideend|p2: Eyes of death|Stealth Rock|[from] move: Defog|[of] p2a: Ho-Oh
|
|-damage|p1a: Ho-Oh|87/100 tox|[from] psn
|upkeep
|turn|60
|
|t:|1620972392
|switch|p2a: Toxapex|Toxapex, M|100/100
|move|p1a: Ho-Oh|Brave Bird|p2a: Toxapex
|-damage|p2a: Toxapex|44/100
|-damage|p1a: Ho-Oh|71/100 tox|[from] item: Rocky Helmet|[of] p2a: Toxapex
|-damage|p1a: Ho-Oh|57/100 tox|[from] Recoil
|
|-damage|p1a: Ho-Oh|45/100 tox|[from] psn
|upkeep
|turn|61
|
|t:|1620972401
|switch|p1a: Necrozma|Necrozma-Dusk-Mane|100/100
|switch|p2a: Necrozma|Necrozma-Dusk-Mane|13/100 brn
|
|-damage|p2a: Necrozma|7/100 brn|[from] brn
|upkeep
|turn|62
|
|t:|1620972408
|move|p1a: Necrozma|Knock Off|p2a: Necrozma
|-supereffective|p2a: Necrozma
|-damage|p2a: Necrozma|0 fnt
|-damage|p1a: Necrozma|84/100|[from] item: Rocky Helmet|[of] p2a: Necrozma
|-enditem|p2a: Necrozma|Rocky Helmet|[from] move: Knock Off|[of] p1a: Necrozma
|faint|p2a: Necrozma
|
|upkeep
|
|t:|1620972413
|switch|p2a: Ho-Oh|Ho-Oh|99/100
|turn|63
|
|t:|1620972416
|switch|p1a: Ho-Oh|Ho-Oh|79/100 tox
|move|p2a: Ho-Oh|Sacred Fire|p1a: Ho-Oh|[miss]
|-miss|p2a: Ho-Oh|p1a: Ho-Oh
|
|-damage|p1a: Ho-Oh|73/100 tox|[from] psn
|upkeep
|turn|64
|
|t:|1620972422
|switch|p1a: Lunala|Lunala|94/100 brn
|switch|p2a: Toxapex|Toxapex, M|77/100
|
|-damage|p1a: Lunala|88/100 brn|[from] brn
|upkeep
|turn|65
|
|t:|1620972426
|switch|p2a: Yveltal|Yveltal|49/100 par
|-ability|p2a: Yveltal|Dark Aura
|move|p1a: Lunala|Will-O-Wisp||[still]
|-fail|p1a: Lunala
|
|-damage|p1a: Lunala|82/100 brn|[from] brn
|upkeep
|turn|66
|
|t:|1620972430
|move|p1a: Lunala|Ice Beam|p2a: Yveltal
|-supereffective|p2a: Yveltal
|-damage|p2a: Yveltal|17/100 par
|move|p2a: Yveltal|Roost|p2a: Yveltal
|-heal|p2a: Yveltal|68/100 par
|-singleturn|p2a: Yveltal|move: Roost
|
|-damage|p1a: Lunala|76/100 brn|[from] brn
|upkeep
|turn|67
|
|t:|1620972435
|switch|p1a: Zacian|Zacian|84/100
|-ability|p1a: Zacian|Intrepid Sword|boost
|-boost|p1a: Zacian|atk|1
|move|p2a: Yveltal|Roost|p2a: Yveltal
|-heal|p2a: Yveltal|100/100 par
|-singleturn|p2a: Yveltal|move: Roost
|
|upkeep
|turn|68
|
|t:|1620972442
|switch|p2a: Tangrowth|Tangrowth, F|100/100
|move|p1a: Zacian|Play Rough|p2a: Tangrowth
|-damage|p2a: Tangrowth|49/100
|-damage|p1a: Zacian|67/100|[from] item: Rocky Helmet|[of] p2a: Tangrowth
|
|upkeep
|turn|69
|
|t:|1620972448
|switch|p1a: Necrozma|Necrozma-Dusk-Mane|84/100
|switch|p2a: Toxapex|Toxapex, M|100/100
|
|upkeep
|turn|70
|
|t:|1620972451
|switch|p2a: Ho-Oh|Ho-Oh|100/100
|move|p1a: Necrozma|Stealth Rock|p2a: Ho-Oh
|-sidestart|p2: Eyes of death|move: Stealth Rock
|
|upkeep
|turn|71
|
|t:|1620972454
|switch|p1a: Ho-Oh|Ho-Oh|100/100 tox
|move|p2a: Ho-Oh|Defog|p1a: Ho-Oh
|-unboost|p1a: Ho-Oh|evasion|1
|-sideend|p2: Eyes of death|Stealth Rock|[from] move: Defog|[of] p2a: Ho-Oh
|
|-damage|p1a: Ho-Oh|94/100 tox|[from] psn
|upkeep
|turn|72
|
|t:|1620972457
|switch|p2a: Toxapex|Toxapex, M|100/100
|move|p1a: Ho-Oh|Brave Bird|p2a: Toxapex
|-damage|p2a: Toxapex|37/100
|-damage|p1a: Ho-Oh|78/100 tox|[from] item: Rocky Helmet|[of] p2a: Toxapex
|-damage|p1a: Ho-Oh|62/100 tox|[from] Recoil
|
|-damage|p1a: Ho-Oh|50/100 tox|[from] psn
|upkeep
|turn|73
|
|t:|1620972464
|switch|p1a: Lunala|Lunala|76/100 brn
|switch|p2a: Ho-Oh|Ho-Oh|100/100
|
|-damage|p1a: Lunala|70/100 brn|[from] brn
|upkeep
|turn|74
|j| bleached almond
|
|t:|1620972467
|switch|p2a: Blissey|Blissey, F|100/100
|move|p1a: Lunala|Roost|p1a: Lunala
|-heal|p1a: Lunala|100/100 brn
|-singleturn|p1a: Lunala|move: Roost
|
|-damage|p1a: Lunala|94/100 brn|[from] brn
|upkeep
|turn|75
|
|t:|1620972469
|switch|p1a: Necrozma|Necrozma-Dusk-Mane|84/100
|move|p2a: Blissey|Heal Bell|p2a: Blissey
|-activate|p2a: Blissey|move: Heal Bell
|-curestatus|p2: Yveltal|par|[msg]
|
|upkeep
|turn|76
|
|t:|1620972475
|switch|p2a: Ho-Oh|Ho-Oh|100/100
|move|p1a: Necrozma|Stealth Rock|p2a: Ho-Oh
|-sidestart|p2: Eyes of death|move: Stealth Rock
|
|upkeep
|turn|77
|
|t:|1620972479
|switch|p1a: Ho-Oh|Ho-Oh|84/100 tox
|move|p2a: Ho-Oh|Defog|p1a: Ho-Oh
|-unboost|p1a: Ho-Oh|evasion|1
|-sideend|p2: Eyes of death|Stealth Rock|[from] move: Defog|[of] p2a: Ho-Oh
|
|-damage|p1a: Ho-Oh|78/100 tox|[from] psn
|upkeep
|turn|78
|
|t:|1620972485
|move|p1a: Ho-Oh|Sacred Fire|p2a: Ho-Oh
|-resisted|p2a: Ho-Oh
|-damage|p2a: Ho-Oh|75/100
|move|p2a: Ho-Oh|Toxic|p1a: Ho-Oh
|-fail|p1a: Ho-Oh|tox
|
|-damage|p1a: Ho-Oh|66/100 tox|[from] psn
|upkeep
|turn|79
|
|t:|1620972489
|switch|p2a: Toxapex|Toxapex, M|70/100
|switch|p1a: Lunala|Lunala|94/100 brn
|
|-damage|p1a: Lunala|88/100 brn|[from] brn
|upkeep
|turn|80
|
|t:|1620972495
|switch|p1a: Ho-Oh|Ho-Oh|99/100 tox
|switch|p2a: Ho-Oh|Ho-Oh|100/100
|
|-damage|p1a: Ho-Oh|93/100 tox|[from] psn
|upkeep
|turn|81
|
|t:|1620972498
|switch|p2a: Toxapex|Toxapex, M|100/100
|move|p1a: Ho-Oh|Sacred Fire|p2a: Toxapex
|-resisted|p2a: Toxapex
|-damage|p2a: Toxapex|76/100
|
|-damage|p1a: Ho-Oh|81/100 tox|[from] psn
|upkeep
|turn|82
|
|t:|1620972505
|switch|p1a: Lunala|Lunala|88/100 brn
|switch|p2a: Ho-Oh|Ho-Oh|100/100
|
|-damage|p1a: Lunala|82/100 brn|[from] brn
|upkeep
|turn|83
|
|t:|1620972513
|move|p1a: Lunala|Will-O-Wisp|p2a: Ho-Oh|[miss]
|-miss|p1a: Lunala|p2a: Ho-Oh
|move|p2a: Ho-Oh|Whirlwind|p1a: Lunala
|drag|p1a: Ho-Oh|Ho-Oh|100/100 tox
|
|-damage|p1a: Ho-Oh|94/100 tox|[from] psn
|upkeep
|turn|84
|
|t:|1620972517
|switch|p2a: Toxapex|Toxapex, M|100/100
|move|p1a: Ho-Oh|Earthquake|p2a: Toxapex
|-supereffective|p2a: Toxapex
|-damage|p2a: Toxapex|33/100
|
|-damage|p1a: Ho-Oh|82/100 tox|[from] psn
|upkeep
|turn|85
|
|t:|1620972522
|switch|p1a: Lunala|Lunala|82/100 brn
|switch|p2a: Ho-Oh|Ho-Oh|100/100
|
|-damage|p1a: Lunala|76/100 brn|[from] brn
|upkeep
|turn|86
|
|t:|1620972528
|switch|p2a: Blissey|Blissey, F|100/100
|move|p1a: Lunala|Will-O-Wisp|p2a: Blissey
|-status|p2a: Blissey|brn
|
|-damage|p1a: Lunala|70/100 brn|[from] brn
|-damage|p2a: Blissey|94/100 brn|[from] brn
|upkeep
|turn|87
|
|t:|1620972532
|switch|p2a: Toxapex|Toxapex, M|67/100
|move|p1a: Lunala|Will-O-Wisp|p2a: Toxapex|[miss]
|-miss|p1a: Lunala|p2a: Toxapex
|
|-damage|p1a: Lunala|64/100 brn|[from] brn
|upkeep
|turn|88
|
|t:|1620972535
|switch|p2a: Ho-Oh|Ho-Oh|100/100
|move|p1a: Lunala|Roost|p1a: Lunala
|-heal|p1a: Lunala|100/100 brn
|-singleturn|p1a: Lunala|move: Roost
|
|-damage|p1a: Lunala|94/100 brn|[from] brn
|upkeep
|turn|89
|
|t:|1620972539
|switch|p1a: Ho-Oh|Ho-Oh|100/100 tox
|switch|p2a: Blissey|Blissey, F|94/100
|
|-damage|p1a: Ho-Oh|94/100 tox|[from] psn
|upkeep
|turn|90
|
|t:|1620972542
|switch|p2a: Toxapex|Toxapex, M|99/100
|move|p1a: Ho-Oh|Brave Bird|p2a: Toxapex
|-damage|p2a: Toxapex|40/100
|-damage|p1a: Ho-Oh|78/100 tox|[from] item: Rocky Helmet|[of] p2a: Toxapex
|-damage|p1a: Ho-Oh|63/100 tox|[from] Recoil
|
|-damage|p1a: Ho-Oh|51/100 tox|[from] psn
|upkeep
|turn|91
|
|t:|1620972547
|switch|p1a: Lunala|Lunala|94/100 brn
|switch|p2a: Ho-Oh|Ho-Oh|100/100
|
|-damage|p1a: Lunala|88/100 brn|[from] brn
|upkeep
|turn|92
|
|t:|1620972553
|switch|p2a: Blissey|Blissey, F|94/100
|move|p1a: Lunala|Will-O-Wisp|p2a: Blissey
|-status|p2a: Blissey|brn
|
|-damage|p1a: Lunala|82/100 brn|[from] brn
|-damage|p2a: Blissey|88/100 brn|[from] brn
|upkeep
|turn|93
|
|t:|1620972556
|-curestatus|p2a: Blissey|brn|[from] ability: Natural Cure
|switch|p2a: Ho-Oh|Ho-Oh|100/100
|move|p1a: Lunala|Will-O-Wisp|p2a: Ho-Oh|[miss]
|-miss|p1a: Lunala|p2a: Ho-Oh
|
|-damage|p1a: Lunala|76/100 brn|[from] brn
|upkeep
|turn|94
|
|t:|1620972560
|switch|p2a: Blissey|Blissey, F|88/100
|move|p1a: Lunala|Will-O-Wisp|p2a: Blissey
|-status|p2a: Blissey|brn
|
|-damage|p1a: Lunala|70/100 brn|[from] brn
|-damage|p2a: Blissey|82/100 brn|[from] brn
|upkeep
|turn|95
|
|t:|1620972563
|switch|p1a: Necrozma|Necrozma-Dusk-Mane|84/100
|-curestatus|p2a: Blissey|brn|[from] ability: Natural Cure
|switch|p2a: Toxapex|Toxapex, M|74/100
|
|upkeep
|turn|96
|
|t:|1620972567
|switch|p2a: Ho-Oh|Ho-Oh|100/100
|move|p1a: Necrozma|Stealth Rock|p2a: Ho-Oh
|-sidestart|p2: Eyes of death|move: Stealth Rock
|
|upkeep
|turn|97
|
|t:|1620972569
|switch|p1a: Ho-Oh|Ho-Oh|85/100 tox
|move|p2a: Ho-Oh|Defog|p1a: Ho-Oh
|-unboost|p1a: Ho-Oh|evasion|1
|-sideend|p2: Eyes of death|Stealth Rock|[from] move: Defog|[of] p2a: Ho-Oh
|
|-damage|p1a: Ho-Oh|79/100 tox|[from] psn
|upkeep
|turn|98
|
|t:|1620972572
|switch|p2a: Toxapex|Toxapex, M|100/100
|move|p1a: Ho-Oh|Earthquake|p2a: Toxapex
|-supereffective|p2a: Toxapex
|-damage|p2a: Toxapex|37/100
|
|-damage|p1a: Ho-Oh|67/100 tox|[from] psn
|upkeep
|turn|99
|
|t:|1620972575
|switch|p1a: Lunala|Lunala|70/100 brn
|switch|p2a: Ho-Oh|Ho-Oh|100/100
|
|-damage|p1a: Lunala|64/100 brn|[from] brn
|upkeep
|turn|100
|
|t:|1620972581
|switch|p2a: Blissey|Blissey, F|82/100
|move|p1a: Lunala|Roost|p1a: Lunala
|-heal|p1a: Lunala|100/100 brn
|-singleturn|p1a: Lunala|move: Roost
|
|-damage|p1a: Lunala|94/100 brn|[from] brn
|upkeep
|turn|101
|
|t:|1620972584
|switch|p2a: Ho-Oh|Ho-Oh|100/100
|move|p1a: Lunala|Will-O-Wisp|p2a: Ho-Oh
|-immune|p2a: Ho-Oh
|
|-damage|p1a: Lunala|88/100 brn|[from] brn
|upkeep
|turn|102
|
|t:|1620972587
|switch|p2a: Blissey|Blissey, F|82/100
|move|p1a: Lunala|Will-O-Wisp|p2a: Blissey
|-status|p2a: Blissey|brn
|
|-damage|p1a: Lunala|82/100 brn|[from] brn
|-damage|p2a: Blissey|76/100 brn|[from] brn
|upkeep
|turn|103
|
|t:|1620972591
|-curestatus|p2a: Blissey|brn|[from] ability: Natural Cure
|switch|p2a: Ho-Oh|Ho-Oh|100/100
|move|p1a: Lunala|Will-O-Wisp|p2a: Ho-Oh|[miss]
|-miss|p1a: Lunala|p2a: Ho-Oh
|
|-damage|p1a: Lunala|76/100 brn|[from] brn
|upkeep
|turn|104
|
|t:|1620972593
|switch|p1a: Ho-Oh|Ho-Oh|99/100 tox
|switch|p2a: Blissey|Blissey, F|76/100
|
|-damage|p1a: Ho-Oh|94/100 tox|[from] psn
|upkeep
|turn|105
|
|t:|1620972596
|switch|p2a: Ho-Oh|Ho-Oh|100/100
|move|p1a: Ho-Oh|Earthquake|p2a: Ho-Oh
|-immune|p2a: Ho-Oh
|
|-damage|p1a: Ho-Oh|82/100 tox|[from] psn
|upkeep
|turn|106
|
|t:|1620972599
|switch|p2a: Yveltal|Yveltal|100/100
|-ability|p2a: Yveltal|Dark Aura
|move|p1a: Ho-Oh|Earthquake|p2a: Yveltal
|-immune|p2a: Yveltal
|
|-damage|p1a: Ho-Oh|64/100 tox|[from] psn
|upkeep
|turn|107
|
|t:|1620972603
|switch|p1a: Yveltal|Yveltal|100/100
|-ability|p1a: Yveltal|Dark Aura
|move|p2a: Yveltal|Knock Off|p1a: Yveltal
|-resisted|p1a: Yveltal
|-damage|p1a: Yveltal|85/100
|
|upkeep
|turn|108
|
|t:|1620972606
|switch|p2a: Ho-Oh|Ho-Oh|100/100
|move|p1a: Yveltal|Foul Play|p2a: Ho-Oh
|-damage|p2a: Ho-Oh|63/100
|
|upkeep
|turn|109
|
|t:|1620972610
|switch|p1a: Ho-Oh|Ho-Oh|97/100 tox
|switch|p2a: Toxapex|Toxapex, M|70/100
|
|-damage|p1a: Ho-Oh|91/100 tox|[from] psn
|upkeep
|turn|110
|
|t:|1620972614
|switch|p1a: Necrozma|Necrozma-Dusk-Mane|84/100
|switch|p2a: Ho-Oh|Ho-Oh|96/100
|
|upkeep
|turn|111
|
|t:|1620972618
|switch|p2a: Yveltal|Yveltal|100/100
|-ability|p2a: Yveltal|Dark Aura
|move|p1a: Necrozma|Stealth Rock|p2a: Yveltal
|-sidestart|p2: Eyes of death|move: Stealth Rock
|
|upkeep
|turn|112
|
|t:|1620972620
|move|p2a: Yveltal|Knock Off|p1a: Necrozma
|-supereffective|p1a: Necrozma
|-damage|p1a: Necrozma|27/100
|-damage|p2a: Yveltal|84/100|[from] item: Rocky Helmet|[of] p1a: Necrozma
|-enditem|p1a: Necrozma|Rocky Helmet|[from] move: Knock Off|[of] p2a: Yveltal
|move|p1a: Necrozma|Knock Off|p2a: Yveltal
|-resisted|p2a: Yveltal
|-damage|p2a: Yveltal|67/100
|-enditem|p2a: Yveltal|Heavy-Duty Boots|[from] move: Knock Off|[of] p1a: Necrozma
|
|upkeep
|turn|113
|
|t:|1620972629
|move|p2a: Yveltal|Defog|p1a: Necrozma
|-unboost|p1a: Necrozma|evasion|1
|-sideend|p2: Eyes of death|Stealth Rock|[from] move: Defog|[of] p2a: Yveltal
|move|p1a: Necrozma|Morning Sun|p1a: Necrozma
|-heal|p1a: Necrozma|77/100
|
|upkeep
|turn|114
|
|t:|1620972631
|switch|p1a: Yveltal|Yveltal|85/100
|-ability|p1a: Yveltal|Dark Aura
|move|p2a: Yveltal|Roost|p2a: Yveltal
|-heal|p2a: Yveltal|100/100
|-singleturn|p2a: Yveltal|move: Roost
|
|upkeep
|turn|115
|
|t:|1620972637
|move|p1a: Yveltal|Foul Play|p2a: Yveltal
|-resisted|p2a: Yveltal
|-damage|p2a: Yveltal|79/100
|move|p2a: Yveltal|Knock Off|p1a: Yveltal
|-resisted|p1a: Yveltal
|-crit|p1a: Yveltal
|-damage|p1a: Yveltal|61/100
|
|upkeep
|turn|116
|
|t:|1620972640
|move|p1a: Yveltal|Roost|p1a: Yveltal
|-heal|p1a: Yveltal|100/100
|-singleturn|p1a: Yveltal|move: Roost
|move|p2a: Yveltal|Oblivion Wing|p1a: Yveltal
|-damage|p1a: Yveltal|82/100
|-heal|p2a: Yveltal|93/100|[from] drain|[of] p1a: Yveltal
|
|upkeep
|turn|117
|
|t:|1620972642
|move|p1a: Yveltal|Foul Play|p2a: Yveltal
|-resisted|p2a: Yveltal
|-crit|p2a: Yveltal
|-damage|p2a: Yveltal|59/100
|move|p2a: Yveltal|Knock Off|p1a: Yveltal
|-resisted|p1a: Yveltal
|-damage|p1a: Yveltal|68/100
|
|upkeep
|turn|118
|
|t:|1620972646
|switch|p1a: Zacian|Zacian|67/100
|-ability|p1a: Zacian|Intrepid Sword|boost
|-boost|p1a: Zacian|atk|1
|move|p2a: Yveltal|Oblivion Wing|p1a: Zacian
|-damage|p1a: Zacian|34/100
|-heal|p2a: Yveltal|77/100|[from] drain|[of] p1a: Zacian
|
|upkeep
|turn|119
|l| bleached almond
|
|t:|1620972653
|switch|p1a: Ho-Oh|Ho-Oh|100/100 tox
|switch|p2a: Tangrowth|Tangrowth, F|82/100
|
|-damage|p1a: Ho-Oh|94/100 tox|[from] psn
|upkeep
|turn|120
|
|t:|1620972657
|switch|p2a: Ho-Oh|Ho-Oh|100/100
|move|p1a: Ho-Oh|Brave Bird|p2a: Ho-Oh
|-damage|p2a: Ho-Oh|32/100
|-damage|p1a: Ho-Oh|72/100 tox|[from] Recoil
|
|-damage|p1a: Ho-Oh|60/100 tox|[from] psn
|upkeep
|turn|121
|
|t:|1620972661
|switch|p2a: Toxapex|Toxapex, M|100/100
|switch|p1a: Necrozma|Necrozma-Dusk-Mane|77/100
|
|upkeep
|turn|122
|
|t:|1620972664
|switch|p2a: Ho-Oh|Ho-Oh|65/100
|move|p1a: Necrozma|Stealth Rock|p2a: Ho-Oh
|-sidestart|p2: Eyes of death|move: Stealth Rock
|
|upkeep
|turn|123
|
|t:|1620972667
|switch|p1a: Ho-Oh|Ho-Oh|93/100 tox
|move|p2a: Ho-Oh|Defog|p1a: Ho-Oh
|-unboost|p1a: Ho-Oh|evasion|1
|-sideend|p2: Eyes of death|Stealth Rock|[from] move: Defog|[of] p2a: Ho-Oh
|
|-damage|p1a: Ho-Oh|87/100 tox|[from] psn
|upkeep
|turn|124
|
|t:|1620972670
|switch|p2a: Toxapex|Toxapex, M|100/100
|move|p1a: Ho-Oh|Earthquake|p2a: Toxapex
|-supereffective|p2a: Toxapex
|-damage|p2a: Toxapex|32/100
|
|-damage|p1a: Ho-Oh|75/100 tox|[from] psn
|upkeep
|turn|125
|
|t:|1620972675
|switch|p1a: Zacian|Zacian|34/100
|-ability|p1a: Zacian|Intrepid Sword|boost
|-boost|p1a: Zacian|atk|1
|switch|p2a: Yveltal|Yveltal|77/100
|-ability|p2a: Yveltal|Dark Aura
|
|upkeep
|turn|126
|
|t:|1620972683
|switch|p1a: Necrozma|Necrozma-Dusk-Mane|77/100
|switch|p2a: Tangrowth|Tangrowth, F|100/100
|
|upkeep
|turn|127
|
|t:|1620972687
|switch|p2a: Yveltal|Yveltal|77/100
|-ability|p2a: Yveltal|Dark Aura
|move|p1a: Necrozma|Stealth Rock|p2a: Yveltal
|-sidestart|p2: Eyes of death|move: Stealth Rock
|
|upkeep
|turn|128
|
|t:|1620972694
|move|p2a: Yveltal|Defog|p1a: Necrozma
|-unboost|p1a: Necrozma|evasion|1
|-sideend|p2: Eyes of death|Stealth Rock|[from] move: Defog|[of] p2a: Yveltal
|move|p1a: Necrozma|Sunsteel Strike|p2a: Yveltal
|-damage|p2a: Yveltal|40/100
|
|upkeep
|turn|129
|
|t:|1620972698
|switch|p1a: Zacian|Zacian|34/100
|-ability|p1a: Zacian|Intrepid Sword|boost
|-boost|p1a: Zacian|atk|1
|move|p2a: Yveltal|Roost|p2a: Yveltal
|-heal|p2a: Yveltal|90/100
|-singleturn|p2a: Yveltal|move: Roost
|
|upkeep
|turn|130
|
|t:|1620972704
|switch|p1a: Ho-Oh|Ho-Oh|100/100 tox
|switch|p2a: Tangrowth|Tangrowth, F|100/100
|
|-damage|p1a: Ho-Oh|94/100 tox|[from] psn
|upkeep
|turn|131
|j| Ult8rq zagar
|
|t:|1620972709
|switch|p2a: Ho-Oh|Ho-Oh|98/100
|move|p1a: Ho-Oh|Brave Bird|p2a: Ho-Oh
|-damage|p2a: Ho-Oh|30/100
|-damage|p1a: Ho-Oh|72/100 tox|[from] Recoil
|
|-damage|p1a: Ho-Oh|60/100 tox|[from] psn
|upkeep
|turn|132
|
|t:|1620972713
|switch|p2a: Toxapex|Toxapex, M|65/100
|switch|p1a: Palkia|Palkia|63/100 psn
|-ability|p1a: Palkia|Pressure
|
|-damage|p1a: Palkia|51/100 psn|[from] psn
|upkeep
|turn|133
|
|t:|1620972719
|switch|p1a: Ho-Oh|Ho-Oh|93/100 tox
|switch|p2a: Blissey|Blissey, F|76/100
|
|-damage|p1a: Ho-Oh|87/100 tox|[from] psn
|upkeep
|turn|134
|
|t:|1620972727
|switch|p2a: Toxapex|Toxapex, M|99/100
|move|p1a: Ho-Oh|Brave Bird|p2a: Toxapex
|-damage|p2a: Toxapex|38/100
|-damage|p1a: Ho-Oh|71/100 tox|[from] item: Rocky Helmet|[of] p2a: Toxapex
|-damage|p1a: Ho-Oh|56/100 tox|[from] Recoil
|
|-damage|p1a: Ho-Oh|44/100 tox|[from] psn
|upkeep
|turn|135
|
|t:|1620972733
|move|p2a: Toxapex|Baneful Bunker|p2a: Toxapex
|-singleturn|p2a: Toxapex|move: Protect
|move|p1a: Ho-Oh|Brave Bird|p2a: Toxapex
|-activate|p2a: Toxapex|move: Protect
|
|-damage|p1a: Ho-Oh|26/100 tox|[from] psn
|upkeep
|turn|136
|
|t:|1620972738
|switch|p1a: Necrozma|Necrozma-Dusk-Mane|77/100
|switch|p2a: Ho-Oh|Ho-Oh|63/100
|
|upkeep
|turn|137
|
|t:|1620972742
|switch|p2a: Yveltal|Yveltal|90/100
|-ability|p2a: Yveltal|Dark Aura
|move|p1a: Necrozma|Stealth Rock|p2a: Yveltal
|-sidestart|p2: Eyes of death|move: Stealth Rock
|
|upkeep
|turn|138
|
|t:|1620972747
|switch|p1a: Yveltal|Yveltal|68/100
|-ability|p1a: Yveltal|Dark Aura
|move|p2a: Yveltal|Defog|p1a: Yveltal
|-unboost|p1a: Yveltal|evasion|1
|-sideend|p2: Eyes of death|Stealth Rock|[from] move: Defog|[of] p2a: Yveltal
|
|upkeep
|turn|139
|
|t:|1620972751
|switch|p2a: Toxapex|Toxapex, M|72/100
|move|p1a: Yveltal|Roost|p1a: Yveltal
|-heal|p1a: Yveltal|100/100
|-singleturn|p1a: Yveltal|move: Roost
|
|upkeep
|turn|140
|
|t:|1620972754
|switch|p1a: Necrozma|Necrozma-Dusk-Mane|77/100
|move|p2a: Toxapex|Toxic Spikes|p1a: Necrozma
|-sidestart|p1: ult8rq qian|move: Toxic Spikes
|
|upkeep
|turn|141
|
|t:|1620972757
|switch|p2a: Ho-Oh|Ho-Oh|96/100
|move|p1a: Necrozma|Stealth Rock|p2a: Ho-Oh
|-sidestart|p2: Eyes of death|move: Stealth Rock
|
|upkeep
|turn|142
|
|t:|1620972760
|switch|p1a: Ho-Oh|Ho-Oh|59/100 tox
|move|p2a: Ho-Oh|Defog|p1a: Ho-Oh
|-unboost|p1a: Ho-Oh|evasion|1
|-sideend|p1: ult8rq qian|Toxic Spikes|[from] move: Defog|[of] p2a: Ho-Oh
|-sideend|p2: Eyes of death|Stealth Rock|[from] move: Defog|[of] p2a: Ho-Oh
|
|-damage|p1a: Ho-Oh|53/100 tox|[from] psn
|upkeep
|turn|143
|
|t:|1620972765
|switch|p2a: Toxapex|Toxapex, M|100/100
|move|p1a: Ho-Oh|Sacred Fire|p2a: Toxapex|[miss]
|-miss|p1a: Ho-Oh|p2a: Toxapex
|
|-damage|p1a: Ho-Oh|41/100 tox|[from] psn
|upkeep
|turn|144
|c|☆ult8rq qian|just lol
|
|t:|1620972774
|switch|p1a: Necrozma|Necrozma-Dusk-Mane|77/100
|move|p2a: Toxapex|Scald|p1a: Necrozma
|-damage|p1a: Necrozma|68/100
|-status|p1a: Necrozma|brn
|
|-damage|p1a: Necrozma|62/100 brn|[from] brn
|upkeep
|turn|145
|
|t:|1620972777
|switch|p2a: Ho-Oh|Ho-Oh|100/100
|move|p1a: Necrozma|Stealth Rock|p2a: Ho-Oh
|-sidestart|p2: Eyes of death|move: Stealth Rock
|
|-damage|p1a: Necrozma|56/100 brn|[from] brn
|upkeep
|turn|146
|
|t:|1620972780
|move|p2a: Ho-Oh|Defog|p1a: Necrozma
|-unboost|p1a: Necrozma|evasion|1
|-sideend|p2: Eyes of death|Stealth Rock|[from] move: Defog|[of] p2a: Ho-Oh
|move|p1a: Necrozma|Morning Sun|p1a: Necrozma
|-heal|p1a: Necrozma|100/100 brn
|
|-damage|p1a: Necrozma|94/100 brn|[from] brn
|upkeep
|turn|147
|
|t:|1620972783
|switch|p2a: Yveltal|Yveltal|90/100
|-ability|p2a: Yveltal|Dark Aura
|switch|p1a: Ho-Oh|Ho-Oh|74/100 tox
|
|-damage|p1a: Ho-Oh|68/100 tox|[from] psn
|upkeep
|turn|148
|c| Ult8rq zagar|Bhai wah
|
|t:|1620972787
|switch|p1a: Yveltal|Yveltal|100/100
|-ability|p1a: Yveltal|Dark Aura
|switch|p2a: Ho-Oh|Ho-Oh|100/100
|
|upkeep
|turn|149
|raw|<div class="broadcast-red"><strong>Moderated chat was set to +!</strong><br />Only users of rank + and higher can talk.</div>
|
|t:|1620972792
|switch|p1a: Ho-Oh|Ho-Oh|100/100 tox
|switch|p2a: Yveltal|Yveltal|90/100
|-ability|p2a: Yveltal|Dark Aura
|
|-damage|p1a: Ho-Oh|94/100 tox|[from] psn
|upkeep
|turn|150
|
|t:|1620972798
|switch|p1a: Yveltal|Yveltal|100/100
|-ability|p1a: Yveltal|Dark Aura
|switch|p2a: Toxapex|Toxapex, M|100/100
|
|upkeep
|turn|151
|
|t:|1620972805
|switch|p1a: Ho-Oh|Ho-Oh|100/100 tox
|switch|p2a: Ho-Oh|Ho-Oh|100/100
|
|-damage|p1a: Ho-Oh|94/100 tox|[from] psn
|upkeep
|turn|152
|
|t:|1620972808
|switch|p1a: Lunala|Lunala|76/100 brn
|switch|p2a: Toxapex|Toxapex, M|100/100
|
|-damage|p1a: Lunala|70/100 brn|[from] brn
|upkeep
|turn|153
|
|t:|1620972812
|switch|p2a: Ho-Oh|Ho-Oh|100/100
|move|p1a: Lunala|Roost|p1a: Lunala
|-heal|p1a: Lunala|100/100 brn
|-singleturn|p1a: Lunala|move: Roost
|
|-damage|p1a: Lunala|94/100 brn|[from] brn
|upkeep
|turn|154
|
|t:|1620972814
|switch|p2a: Blissey|Blissey, F|76/100
|move|p1a: Lunala|Will-O-Wisp|p2a: Blissey
|-status|p2a: Blissey|brn
|
|-damage|p1a: Lunala|88/100 brn|[from] brn
|-damage|p2a: Blissey|70/100 brn|[from] brn
|upkeep
|turn|155
|
|t:|1620972820
|move|p1a: Lunala|Will-O-Wisp|p2a: Blissey
|-fail|p2a: Blissey|brn
|move|p2a: Blissey|Soft-Boiled|p2a: Blissey
|-heal|p2a: Blissey|100/100 brn
|
|-damage|p1a: Lunala|82/100 brn|[from] brn
|-damage|p2a: Blissey|94/100 brn|[from] brn
|upkeep
|turn|156
|
|t:|1620972823
|-curestatus|p2a: Blissey|brn|[from] ability: Natural Cure
|switch|p2a: Ho-Oh|Ho-Oh|100/100
|move|p1a: Lunala|Will-O-Wisp|p2a: Ho-Oh
|-immune|p2a: Ho-Oh
|
|-damage|p1a: Lunala|76/100 brn|[from] brn
|upkeep
|turn|157
|
|t:|1620972827
|switch|p2a: Blissey|Blissey, F|94/100
|move|p1a: Lunala|Roost|p1a: Lunala
|-heal|p1a: Lunala|100/100 brn
|-singleturn|p1a: Lunala|move: Roost
|
|-damage|p1a: Lunala|94/100 brn|[from] brn
|upkeep
|turn|158
|
|t:|1620972829
|switch|p2a: Ho-Oh|Ho-Oh|100/100
|move|p1a: Lunala|Roar|p2a: Ho-Oh
|drag|p2a: Toxapex|Toxapex, M|100/100
|
|-damage|p1a: Lunala|88/100 brn|[from] brn
|upkeep
|turn|159
|
|t:|1620972832
|switch|p1a: Necrozma|Necrozma-Dusk-Mane|94/100 brn
|switch|p2a: Blissey|Blissey, F|94/100
|
|-damage|p1a: Necrozma|88/100 brn|[from] brn
|upkeep
|turn|160
|
|t:|1620972836
|switch|p2a: Yveltal|Yveltal|90/100
|-ability|p2a: Yveltal|Dark Aura
|move|p1a: Necrozma|Stealth Rock|p2a: Yveltal
|-sidestart|p2: Eyes of death|move: Stealth Rock
|
|-damage|p1a: Necrozma|82/100 brn|[from] brn
|upkeep
|turn|161
|
|t:|1620972840
|switch|p1a: Zacian|Zacian|34/100
|-ability|p1a: Zacian|Intrepid Sword|boost
|-boost|p1a: Zacian|atk|1
|move|p2a: Yveltal|Defog|p1a: Zacian
|-unboost|p1a: Zacian|evasion|1
|-sideend|p2: Eyes of death|Stealth Rock|[from] move: Defog|[of] p2a: Yveltal
|
|upkeep
|turn|162
|
|t:|1620972844
|switch|p2a: Tangrowth|Tangrowth, F|100/100
|move|p1a: Zacian|Play Rough|p2a: Tangrowth
|-damage|p2a: Tangrowth|48/100
|-damage|p1a: Zacian|17/100|[from] item: Rocky Helmet|[of] p2a: Tangrowth
|
|upkeep
|turn|163
|
|t:|1620972847
|switch|p2a: Toxapex|Toxapex, M|100/100
|move|p1a: Zacian|Play Rough|p2a: Toxapex
|-resisted|p2a: Toxapex
|-damage|p2a: Toxapex|67/100
|-damage|p1a: Zacian|0 fnt|[from] item: Rocky Helmet|[of] p2a: Toxapex
|faint|p1a: Zacian
|
|upkeep
|
|t:|1620972854
|switch|p1a: Palkia|Palkia|51/100 psn
|-ability|p1a: Palkia|Pressure
|turn|164
|
|t:|1620972857
|move|p2a: Toxapex|Baneful Bunker|p2a: Toxapex
|-singleturn|p2a: Toxapex|move: Protect
|move|p1a: Palkia|Thunder|p2a: Toxapex
|-activate|p2a: Toxapex|move: Protect
|
|-damage|p1a: Palkia|38/100 psn|[from] psn
|upkeep
|turn|165
|
|t:|1620972861
|switch|p1a: Ho-Oh|Ho-Oh|100/100 tox
|switch|p2a: Blissey|Blissey, F|94/100
|
|-damage|p1a: Ho-Oh|94/100 tox|[from] psn
|upkeep
|turn|166
|
|t:|1620972866
|switch|p2a: Ho-Oh|Ho-Oh|100/100
|move|p1a: Ho-Oh|Brave Bird|p2a: Ho-Oh
|-damage|p2a: Ho-Oh|31/100
|-damage|p1a: Ho-Oh|72/100 tox|[from] Recoil
|
|-damage|p1a: Ho-Oh|60/100 tox|[from] psn
|upkeep
|turn|167
|
|t:|1620972871
|switch|p2a: Toxapex|Toxapex, M|99/100
|move|p1a: Ho-Oh|Brave Bird|p2a: Toxapex
|-damage|p2a: Toxapex|43/100
|-damage|p1a: Ho-Oh|43/100 tox|[from] item: Rocky Helmet|[of] p2a: Toxapex
|-damage|p1a: Ho-Oh|29/100 tox|[from] Recoil
|
|-damage|p1a: Ho-Oh|11/100 tox|[from] psn
|upkeep
|turn|168
|
|t:|1620972874
|switch|p1a: Necrozma|Necrozma-Dusk-Mane|82/100 brn
|switch|p2a: Ho-Oh|Ho-Oh|64/100
|
|-damage|p1a: Necrozma|76/100 brn|[from] brn
|upkeep
|turn|169
|
|t:|1620972877
|switch|p2a: Yveltal|Yveltal|90/100
|-ability|p2a: Yveltal|Dark Aura
|switch|p1a: Lunala|Lunala|88/100 brn
|
|-damage|p1a: Lunala|82/100 brn|[from] brn
|upkeep
|turn|170
|
|t:|1620972880
|switch|p1a: Yveltal|Yveltal|100/100
|-ability|p1a: Yveltal|Dark Aura
|move|p2a: Yveltal|Knock Off|p1a: Yveltal
|-resisted|p1a: Yveltal
|-damage|p1a: Yveltal|85/100
|
|upkeep
|turn|171
|
|t:|1620972885
|switch|p2a: Toxapex|Toxapex, M|76/100
|move|p1a: Yveltal|Foul Play|p2a: Toxapex
|-damage|p2a: Toxapex|63/100
|-damage|p1a: Yveltal|69/100|[from] item: Rocky Helmet|[of] p2a: Toxapex
|
|upkeep
|turn|172
|
|t:|1620972889
|switch|p1a: Ho-Oh|Ho-Oh|44/100 tox
|move|p2a: Toxapex|Toxic Spikes|p1a: Ho-Oh
|-sidestart|p1: ult8rq qian|move: Toxic Spikes
|
|-damage|p1a: Ho-Oh|38/100 tox|[from] psn
|upkeep
|turn|173
|
|t:|1620972892
|switch|p1a: Necrozma|Necrozma-Dusk-Mane|76/100 brn
|move|p2a: Toxapex|Baneful Bunker||[still]
|-fail|p2a: Toxapex
|
|-damage|p1a: Necrozma|70/100 brn|[from] brn
|upkeep
|turn|174
|
|t:|1620972896
|switch|p2a: Yveltal|Yveltal|90/100
|-ability|p2a: Yveltal|Dark Aura
|move|p1a: Necrozma|Stealth Rock|p2a: Yveltal
|-sidestart|p2: Eyes of death|move: Stealth Rock
|
|-damage|p1a: Necrozma|64/100 brn|[from] brn
|upkeep
|turn|175
|
|t:|1620972899
|switch|p1a: Yveltal|Yveltal|69/100
|-ability|p1a: Yveltal|Dark Aura
|move|p2a: Yveltal|Defog|p1a: Yveltal
|-unboost|p1a: Yveltal|evasion|1
|-sideend|p1: ult8rq qian|Toxic Spikes|[from] move: Defog|[of] p2a: Yveltal
|-sideend|p2: Eyes of death|Stealth Rock|[from] move: Defog|[of] p2a: Yveltal
|
|upkeep
|turn|176
|
|t:|1620972903
|switch|p1a: Ho-Oh|Ho-Oh|72/100 tox
|switch|p2a: Tangrowth|Tangrowth, F|81/100
|
|-damage|p1a: Ho-Oh|66/100 tox|[from] psn
|upkeep
|turn|177
|
|t:|1620972909
|switch|p2a: Toxapex|Toxapex, M|97/100
|move|p1a: Ho-Oh|Brave Bird|p2a: Toxapex
|-damage|p2a: Toxapex|39/100
|-damage|p1a: Ho-Oh|49/100 tox|[from] item: Rocky Helmet|[of] p2a: Toxapex
|-damage|p1a: Ho-Oh|35/100 tox|[from] Recoil
|
|-damage|p1a: Ho-Oh|23/100 tox|[from] psn
|upkeep
|turn|178
|
|t:|1620972914
|switch|p1a: Necrozma|Necrozma-Dusk-Mane|64/100 brn
|switch|p2a: Ho-Oh|Ho-Oh|97/100
|
|-damage|p1a: Necrozma|58/100 brn|[from] brn
|upkeep
|turn|179
|
|t:|1620972917
|switch|p2a: Yveltal|Yveltal|90/100
|-ability|p2a: Yveltal|Dark Aura
|move|p1a: Necrozma|Stealth Rock|p2a: Yveltal
|-sidestart|p2: Eyes of death|move: Stealth Rock
|
|-damage|p1a: Necrozma|52/100 brn|[from] brn
|upkeep
|turn|180
|
|t:|1620972939
|switch|p1a: Yveltal|Yveltal|69/100
|-ability|p1a: Yveltal|Dark Aura
|move|p2a: Yveltal|Defog|p1a: Yveltal
|-unboost|p1a: Yveltal|evasion|1
|-sideend|p2: Eyes of death|Stealth Rock|[from] move: Defog|[of] p2a: Yveltal
|
|upkeep
|turn|181
|
|t:|1620972944
|switch|p2a: Toxapex|Toxapex, M|72/100
|move|p1a: Yveltal|Roost|p1a: Yveltal
|-heal|p1a: Yveltal|100/100
|-singleturn|p1a: Yveltal|move: Roost
|
|upkeep
|turn|182
|
|t:|1620972948
|switch|p1a: Necrozma|Necrozma-Dusk-Mane|52/100 brn
|switch|p2a: Ho-Oh|Ho-Oh|100/100
|
|-damage|p1a: Necrozma|46/100 brn|[from] brn
|upkeep
|turn|183
|
|t:|1620972951
|switch|p2a: Yveltal|Yveltal|90/100
|-ability|p2a: Yveltal|Dark Aura
|move|p1a: Necrozma|Morning Sun|p1a: Necrozma
|-heal|p1a: Necrozma|96/100 brn
|
|-damage|p1a: Necrozma|90/100 brn|[from] brn
|upkeep
|turn|184
|
|t:|1620972954
|move|p2a: Yveltal|Knock Off|p1a: Necrozma
|-supereffective|p1a: Necrozma
|-crit|p1a: Necrozma
|-damage|p1a: Necrozma|33/100 brn
|move|p1a: Necrozma|Stealth Rock|p2a: Yveltal
|-sidestart|p2: Eyes of death|move: Stealth Rock
|
|-damage|p1a: Necrozma|27/100 brn|[from] brn
|upkeep
|turn|185
|
|t:|1620972960
|move|p2a: Yveltal|Defog|p1a: Necrozma
|-unboost|p1a: Necrozma|evasion|1
|-sideend|p2: Eyes of death|Stealth Rock|[from] move: Defog|[of] p2a: Yveltal
|move|p1a: Necrozma|Stealth Rock|p2a: Yveltal
|-sidestart|p2: Eyes of death|move: Stealth Rock
|
|-damage|p1a: Necrozma|21/100 brn|[from] brn
|upkeep
|turn|186
|
|t:|1620972971
|move|p2a: Yveltal|Defog|p1a: Necrozma
|-unboost|p1a: Necrozma|evasion|1
|-sideend|p2: Eyes of death|Stealth Rock|[from] move: Defog|[of] p2a: Yveltal
|move|p1a: Necrozma|Stealth Rock|p2a: Yveltal
|-sidestart|p2: Eyes of death|move: Stealth Rock
|
|-damage|p1a: Necrozma|15/100 brn|[from] brn
|upkeep
|turn|187
|
|t:|1620972986
|switch|p1a: Yveltal|Yveltal|100/100
|-ability|p1a: Yveltal|Dark Aura
|move|p2a: Yveltal|Roost|p2a: Yveltal
|-heal|p2a: Yveltal|100/100
|-singleturn|p2a: Yveltal|move: Roost
|
|upkeep
|turn|188
|
|t:|1620972990
|switch|p1a: Ho-Oh|Ho-Oh|56/100 tox
|move|p2a: Yveltal|Defog|p1a: Ho-Oh
|-unboost|p1a: Ho-Oh|evasion|1
|-sideend|p2: Eyes of death|Stealth Rock|[from] move: Defog|[of] p2a: Yveltal
|
|-damage|p1a: Ho-Oh|50/100 tox|[from] psn
|upkeep
|turn|189
|
|t:|1620972993
|switch|p1a: Yveltal|Yveltal|100/100
|-ability|p1a: Yveltal|Dark Aura
|move|p2a: Yveltal|Knock Off|p1a: Yveltal
|-resisted|p1a: Yveltal
|-damage|p1a: Yveltal|87/100
|
|upkeep
|turn|190
|
|t:|1620972997
|switch|p2a: Toxapex|Toxapex, M|100/100
|move|p1a: Yveltal|Foul Play|p2a: Toxapex
|-damage|p2a: Toxapex|87/100
|-damage|p1a: Yveltal|70/100|[from] item: Rocky Helmet|[of] p2a: Toxapex
|
|upkeep
|turn|191
|
|t:|1620973002
|switch|p1a: Lunala|Lunala|82/100 brn
|move|p2a: Toxapex|Scald|p1a: Lunala
|-damage|p1a: Lunala|71/100 brn
|
|-damage|p1a: Lunala|65/100 brn|[from] brn
|upkeep
|turn|192
|
|t:|1620973008
|switch|p1a: Necrozma|Necrozma-Dusk-Mane|15/100 brn
|move|p2a: Toxapex|Baneful Bunker||[still]
|-fail|p2a: Toxapex
|
|-damage|p1a: Necrozma|9/100 brn|[from] brn
|upkeep
|turn|193
|
|t:|1620973011
|switch|p2a: Yveltal|Yveltal|100/100
|-ability|p2a: Yveltal|Dark Aura
|move|p1a: Necrozma|Stealth Rock|p2a: Yveltal
|-sidestart|p2: Eyes of death|move: Stealth Rock
|
|-damage|p1a: Necrozma|3/100 brn|[from] brn
|upkeep
|turn|194
|
|t:|1620973015
|move|p2a: Yveltal|Knock Off|p1a: Necrozma
|-supereffective|p1a: Necrozma
|-damage|p1a: Necrozma|0 fnt
|faint|p1a: Necrozma
|
|upkeep
|
|t:|1620973017
|switch|p1a: Palkia|Palkia|38/100 psn
|-ability|p1a: Palkia|Pressure
|turn|195
|
|t:|1620973021
|move|p1a: Palkia|Thunder|p2a: Yveltal|[miss]
|-miss|p1a: Palkia|p2a: Yveltal
|move|p2a: Yveltal|Defog|p1a: Palkia
|-unboost|p1a: Palkia|evasion|1
|-sideend|p2: Eyes of death|Stealth Rock|[from] move: Defog|[of] p2a: Yveltal
|
|-damage|p1a: Palkia|26/100 psn|[from] psn
|upkeep
|turn|196
|c|☆ult8rq qian|good game man!
|-message|ult8rq qian forfeited.
|
|win|Eyes of death
|raw|ult8rq qian's rating: 1747 &rarr; <strong>1722</strong><br />(-25 for losing)
|raw|Eyes of death's rating: 1667 &rarr; <strong>1692</strong><br />(+25 for winning)
|l|☆ult8rq qian
|l|☆Eyes of death
|j|☆Eyes of death
|player|p2|Eyes of death|karen
|l|☆Eyes of death
|player|p2|
|j|☆ult8rq qian
|player|p1|ult8rq qian|266
|l|☆ult8rq qian
|player|p1|
