|j|☆Taimote
|j|☆NeonJolteonWasUsed
|t:|1660503576
|gametype|singles
|player|p1|Taimote|266|
|player|p2|NeonJolteonWasUsed|brendan-masters|
|teamsize|p1|6
|teamsize|p2|6
|gen|8
|tier|[Gen 8] Ubers
|rated|Tournament battle
|rule|Sleep Clause Mod: Limit one foe put to sleep
|rule|Species Clause: Limit one of each Pokémon
|rule|OHKO Clause: OHKO moves are banned
|rule|Evasion Items Clause: Evasion items are banned
|rule|Evasion Moves Clause: Evasion moves are banned
|rule|Endless Battle Clause: Forcing endless battles is banned
|rule|HP Percentage Mod: HP is shown in percentages
|rule|Dynamax Clause: You cannot dynamax
|clearpoke
|poke|p1|Calyrex-Ice|
|poke|p1|Dialga|
|poke|p1|Yveltal|
|poke|p1|Porygon2|
|poke|p1|Necrozma-Dusk-Mane|
|poke|p1|Dracovish|
|poke|p2|Aerodactyl, F|
|poke|p2|Groudon|
|poke|p2|Calyrex-Shadow|
|poke|p2|Eternatus|
|poke|p2|Necrozma-Dusk-Mane|
|poke|p2|Yveltal|
|teampreview
|inactive|Battle timer is ON: inactive players will automatically lose when time's up. (requested by NeonJolteonWasUsed)
|
|t:|1660503585
|start
|switch|p1a: Dialga|Dialga|100/100
|switch|p2a: Aerodactyl|Aerodactyl, F|100/100
|-ability|p2a: Aerodactyl|Unnerve
|-ability|p1a: Dialga|Pressure
|turn|1
|
|t:|1660503588
|move|p2a: Aerodactyl|Taunt|p1a: Dialga
|-start|p1a: Dialga|move: Taunt
|cant|p1a: Dialga|move: Taunt|Stealth Rock
|
|upkeep
|turn|2
|
|t:|1660503590
|move|p2a: Aerodactyl|Stealth Rock|p1a: Dialga
|-sidestart|p1: Taimote|move: Stealth Rock
|move|p1a: Dialga|Fire Blast|p2a: Aerodactyl
|-resisted|p2a: Aerodactyl
|-damage|p2a: Aerodactyl|67/100
|
|upkeep
|turn|3
|
|t:|1660503594
|move|p2a: Aerodactyl|Rock Tomb|p1a: Dialga
|-resisted|p1a: Dialga
|-damage|p1a: Dialga|90/100
|-unboost|p1a: Dialga|spe|1
|move|p1a: Dialga|Steel Beam|p2a: Aerodactyl
|-supereffective|p2a: Aerodactyl
|-damage|p2a: Aerodactyl|0 fnt
|-damage|p1a: Dialga|40/100|[from] mindblown
|faint|p2a: Aerodactyl
|
|-end|p1a: Dialga|move: Taunt
|upkeep
|j| World breaker Odin
|
|t:|1660503611
|switch|p2a: Eternatus|Eternatus|100/100
|-ability|p2a: Eternatus|Pressure
|turn|4
|
|t:|1660503616
|move|p2a: Eternatus|Dynamax Cannon|p1a: Dialga
|-damage|p1a: Dialga|0 fnt
|faint|p1a: Dialga
|-damage|p2a: Eternatus|91/100|[from] item: Life Orb
|
|upkeep
|
|t:|1660503620
|switch|p1a: Porygon2|Porygon2|100/100
|-damage|p1a: Porygon2|88/100|[from] Stealth Rock
|-ability|p1a: Porygon2|Pressure|[from] ability: Trace|[of] p2a: Eternatus
|-ability|p1a: Porygon2|Pressure
|turn|5
|
|t:|1660503625
|move|p2a: Eternatus|Substitute|p2a: Eternatus
|-start|p2a: Eternatus|Substitute
|-damage|p2a: Eternatus|66/100
|move|p1a: Porygon2|Trick Room|p1a: Porygon2
|-fieldstart|move: Trick Room|[of] p1a: Porygon2
|
|upkeep
|turn|6
|
|t:|1660503628
|move|p2a: Eternatus|Sludge Bomb|p1a: Porygon2
|-crit|p1a: Porygon2
|-damage|p1a: Porygon2|33/100
|-status|p1a: Porygon2|psn
|-damage|p2a: Eternatus|56/100|[from] item: Life Orb
|move|p1a: Porygon2|Teleport|p1a: Porygon2
|
|t:|1660503632
|switch|p1a: Calyrex|Calyrex-Ice|100/100|[from]move: Teleport
|-ability|p1a: Calyrex|As One
|-ability|p1a: Calyrex|Unnerve
|
|upkeep
|turn|7
|
|t:|1660503634
|move|p1a: Calyrex|Glacial Lance|p2a: Eternatus
|-supereffective|p2a: Eternatus
|-end|p2a: Eternatus|Substitute
|move|p2a: Eternatus|Flamethrower|p1a: Calyrex
|-supereffective|p1a: Calyrex
|-damage|p1a: Calyrex|45/100
|-damage|p2a: Eternatus|46/100|[from] item: Life Orb
|
|upkeep
|turn|8
|
|t:|1660503641
|switch|p2a: Necrozma|Necrozma-Dusk-Mane|100/100
|move|p1a: Calyrex|Glacial Lance|p2a: Necrozma
|-resisted|p2a: Necrozma
|-damage|p2a: Necrozma|64/100
|
|upkeep
|turn|9
|
|t:|1660503649
|switch|p1a: Dracovish|Dracovish|100/100
|-damage|p1a: Dracovish|88/100|[from] Stealth Rock
|move|p2a: Necrozma|Dragon Dance|p2a: Necrozma
|-boost|p2a: Necrozma|atk|1
|-boost|p2a: Necrozma|spe|1
|
|-fieldend|move: Trick Room
|upkeep
|turn|10
|
|t:|1660503655
|switch|p1a: Porygon2|Porygon2|33/100 psn
|-damage|p1a: Porygon2|21/100 psn|[from] Stealth Rock
|-ability|p1a: Porygon2|Prism Armor|[from] ability: Trace|[of] p2a: Necrozma
|move|p2a: Necrozma|Sunsteel Strike|p1a: Porygon2
|-damage|p1a: Porygon2|0 fnt
|faint|p1a: Porygon2
|
|upkeep
|
|t:|1660503658
|switch|p1a: Necrozma|Necrozma-Dusk-Mane|100/100
|-damage|p1a: Necrozma|94/100|[from] Stealth Rock
|turn|11
|
|t:|1660503659
|move|p2a: Necrozma|Earthquake|p1a: Necrozma
|-supereffective|p1a: Necrozma
|-damage|p1a: Necrozma|46/100
|-enditem|p1a: Necrozma|Weakness Policy
|-boost|p1a: Necrozma|atk|2|[from] item: Weakness Policy
|-boost|p1a: Necrozma|spa|2|[from] item: Weakness Policy
|move|p1a: Necrozma|Trick Room|p1a: Necrozma
|-fieldstart|move: Trick Room|[of] p1a: Necrozma
|
|upkeep
|turn|12
|
|t:|1660503663
|move|p1a: Necrozma|Earthquake|p2a: Necrozma
|-supereffective|p2a: Necrozma
|-damage|p2a: Necrozma|0 fnt
|faint|p2a: Necrozma
|
|upkeep
|
|t:|1660503665
|switch|p2a: Groudon|Groudon|100/100
|-weather|SunnyDay|[from] ability: Drought|[of] p2a: Groudon
|turn|13
|
|t:|1660503669
|move|p1a: Necrozma|Sunsteel Strike|p2a: Groudon
|-damage|p2a: Groudon|32/100
|move|p2a: Groudon|Precipice Blades|p1a: Necrozma|[miss]
|-miss|p2a: Groudon|p1a: Necrozma
|
|-weather|SunnyDay|[upkeep]
|upkeep
|turn|14
|c|☆Taimote|Sorry
|c|☆Taimote|being ultra lucky this tour
|
|t:|1660503689
|move|p1a: Necrozma|Sunsteel Strike|p2a: Groudon
|-damage|p2a: Groudon|0 fnt
|faint|p2a: Groudon
|
|-weather|SunnyDay|[upkeep]
|upkeep
|
|t:|1660503693
|switch|p2a: Yveltal|Yveltal|100/100
|-ability|p2a: Yveltal|Dark Aura
|turn|15
|
|t:|1660503695
|move|p2a: Yveltal|Sucker Punch||[still]
|-fail|p2a: Yveltal
|move|p1a: Necrozma|Morning Sun|p1a: Necrozma
|-heal|p1a: Necrozma|100/100
|
|-weather|SunnyDay|[upkeep]
|-fieldend|move: Trick Room
|upkeep
|turn|16
|
|t:|1660503700
|move|p2a: Yveltal|Sucker Punch||[still]
|-fail|p2a: Yveltal
|move|p1a: Necrozma|Trick Room|p1a: Necrozma
|-fieldstart|move: Trick Room|[of] p1a: Necrozma
|
|-weather|SunnyDay|[upkeep]
|upkeep
|turn|17
|
|t:|1660503702
|move|p2a: Yveltal|Sucker Punch|p1a: Necrozma
|-supereffective|p1a: Necrozma
|-damage|p1a: Necrozma|56/100
|move|p1a: Necrozma|Sunsteel Strike|p2a: Yveltal
|-damage|p2a: Yveltal|11/100
|
|-weather|none
|upkeep
|turn|18
|
|t:|1660503708
|move|p2a: Yveltal|Sucker Punch||[still]
|-fail|p2a: Yveltal
|move|p1a: Necrozma|Morning Sun|p1a: Necrozma
|-heal|p1a: Necrozma|100/100
|
|upkeep
|turn|19
|
|t:|1660503713
|move|p2a: Yveltal|Sucker Punch|p1a: Necrozma
|-supereffective|p1a: Necrozma
|-damage|p1a: Necrozma|56/100
|move|p1a: Necrozma|Sunsteel Strike|p2a: Yveltal
|-damage|p2a: Yveltal|0 fnt
|faint|p2a: Yveltal
|
|upkeep
|
|t:|1660503716
|switch|p2a: Eternatus|Eternatus|46/100
|-ability|p2a: Eternatus|Pressure
|turn|20
|
|t:|1660503718
|move|p1a: Necrozma|Sunsteel Strike|p2a: Eternatus
|-damage|p2a: Eternatus|0 fnt
|faint|p2a: Eternatus
|
|-fieldend|move: Trick Room
|upkeep
|
|t:|1660503719
|switch|p2a: Calyrex|Calyrex-Shadow|100/100
|-ability|p2a: Calyrex|As One
|-ability|p2a: Calyrex|Unnerve
|turn|21
|
|t:|1660503728
|move|p2a: Calyrex|Nasty Plot|p2a: Calyrex
|-boost|p2a: Calyrex|spa|2
|move|p1a: Necrozma|Trick Room|p1a: Necrozma
|-fieldstart|move: Trick Room|[of] p1a: Necrozma
|
|upkeep
|turn|22
|-message|NeonJolteonWasUsed forfeited.
|
|win|Taimote
|n|☆Taimote|taimote
|n|☆NeonJolteonWasUsed|neonjolteonwasused
|n| World breaker Odin|worldbreakerodin
