|j|☆bald ben
|j|☆Jrthu
|t:|1651053175
|gametype|singles
|player|p1|bald ben|lucas|
|player|p2|Jrthu|102|
|teamsize|p1|6
|teamsize|p2|6
|gen|8
|tier|[Gen 8] Ubers
|rated|Tournament battle
|rule|Sleep Clause Mod: Limit one foe put to sleep
|rule|Species Clause: Limit one of each Pokémon
|rule|OHKO Clause: OHKO moves are banned
|rule|Evasion Moves Clause: Evasion moves are banned
|rule|Endless Battle Clause: Forcing endless battles is banned
|rule|HP Percentage Mod: HP is shown in percentages
|rule|Dynamax Clause: You cannot dynamax
|clearpoke
|poke|p1|Excadrill, F|
|poke|p1|Yveltal|
|poke|p1|Eternatus|
|poke|p1|Xerneas-*|
|poke|p1|Cloyster, M|
|poke|p1|Marshadow|
|poke|p2|Yveltal|
|poke|p2|Necrozma-Dusk-Mane|
|poke|p2|Urshifu-*, M|
|poke|p2|Darmanitan-Galar, M|
|poke|p2|Eternatus|
|poke|p2|Rayquaza|
|teampreview
|inactive|Battle timer is ON: inactive players will automatically lose when time's up. (requested by bald ben)
|
|t:|1651053183
|start
|switch|p1a: Excadrill|Excadrill, F|100/100
|switch|p2a: Necrozma|Necrozma-Dusk-Mane|100/100
|-ability|p1a: Excadrill|Mold Breaker
|turn|1
|
|t:|1651053189
|move|p1a: Excadrill|Earthquake|p2a: Necrozma
|-supereffective|p2a: Necrozma
|-crit|p2a: Necrozma
|-damage|p2a: Necrozma|1/100
|move|p2a: Necrozma|Dragon Dance|p2a: Necrozma
|-boost|p2a: Necrozma|atk|1
|-boost|p2a: Necrozma|spe|1
|
|upkeep
|turn|2
|
|t:|1651053196
|move|p2a: Necrozma|Earthquake|p1a: Excadrill
|-supereffective|p1a: Excadrill
|-enditem|p1a: Excadrill|Focus Sash
|-damage|p1a: Excadrill|1/100
|move|p1a: Excadrill|Stealth Rock|p2a: Necrozma
|-sidestart|p2: Jrthu|move: Stealth Rock
|
|upkeep
|turn|3
|
|t:|1651053201
|move|p2a: Necrozma|Earthquake|p1a: Excadrill
|-supereffective|p1a: Excadrill
|-damage|p1a: Excadrill|0 fnt
|faint|p1a: Excadrill
|
|upkeep
|
|t:|1651053205
|switch|p1a: Marshadow|Marshadow|100/100
|turn|4
|
|t:|1651053210
|move|p1a: Marshadow|Shadow Sneak|p2a: Necrozma
|-supereffective|p2a: Necrozma
|-damage|p2a: Necrozma|0 fnt
|-damage|p1a: Marshadow|84/100|[from] item: Rocky Helmet|[of] p2a: Necrozma
|faint|p2a: Necrozma
|-damage|p1a: Marshadow|74/100|[from] item: Life Orb
|
|upkeep
|
|t:|1651053215
|switch|p2a: Yveltal|Yveltal|100/100
|-ability|p2a: Yveltal|Dark Aura
|turn|5
|
|t:|1651053219
|move|p1a: Marshadow|Bulk Up|p1a: Marshadow
|-boost|p1a: Marshadow|atk|1
|-boost|p1a: Marshadow|def|1
|move|p2a: Yveltal|Oblivion Wing|p1a: Marshadow
|-supereffective|p1a: Marshadow
|-damage|p1a: Marshadow|0 fnt
|faint|p1a: Marshadow
|
|upkeep
|
|t:|1651053223
|switch|p1a: Xerneas|Xerneas|100/100
|-ability|p1a: Xerneas|Fairy Aura
|turn|6
|
|t:|1651053230
|move|p1a: Xerneas|Geomancy||[still]
|-prepare|p1a: Xerneas|Geomancy
|-enditem|p1a: Xerneas|Power Herb
|-anim|p1a: Xerneas|Geomancy|p1a: Xerneas
|-boost|p1a: Xerneas|spa|2
|-boost|p1a: Xerneas|spd|2
|-boost|p1a: Xerneas|spe|2
|move|p2a: Yveltal|Defog|p1a: Xerneas
|-unboost|p1a: Xerneas|evasion|1
|-sideend|p2: Jrthu|Stealth Rock|[from] move: Defog|[of] p2a: Yveltal
|
|upkeep
|turn|7
|
|t:|1651053234
|move|p1a: Xerneas|Substitute|p1a: Xerneas
|-start|p1a: Xerneas|Substitute
|-damage|p1a: Xerneas|76/100
|move|p2a: Yveltal|Toxic||[still]
|-fail|p2a: Yveltal
|
|upkeep
|turn|8
|
|t:|1651053237
|move|p1a: Xerneas|Moonblast|p2a: Yveltal
|-supereffective|p2a: Yveltal
|-damage|p2a: Yveltal|0 fnt
|faint|p2a: Yveltal
|
|upkeep
|j| Hoennseptile
|
|t:|1651053254
|switch|p2a: Rayquaza|Rayquaza|100/100
|-ability|p2a: Rayquaza|Air Lock
|turn|9
|
|t:|1651053258
|move|p1a: Xerneas|Moonblast|p2a: Rayquaza
|-supereffective|p2a: Rayquaza
|-enditem|p2a: Rayquaza|Focus Sash
|-damage|p2a: Rayquaza|1/100
|-unboost|p2a: Rayquaza|spa|1
|move|p2a: Rayquaza|Roar|p1a: Xerneas
|drag|p1a: Eternatus|Eternatus|100/100
|-ability|p1a: Eternatus|Pressure
|
|upkeep
|turn|10
|c|☆bald ben|...
|
|t:|1651053268
|move|p2a: Rayquaza|Extreme Speed|p1a: Eternatus
|-damage|p1a: Eternatus|74/100
|move|p1a: Eternatus|Flamethrower|p2a: Rayquaza
|-resisted|p2a: Rayquaza
|-damage|p2a: Rayquaza|0 fnt
|faint|p2a: Rayquaza
|-damage|p1a: Eternatus|64/100|[from] item: Life Orb
|
|upkeep
|
|t:|1651053275
|switch|p2a: Darmanitan|Darmanitan-Galar, M|100/100
|turn|11
|
|t:|1651053277
|move|p2a: Darmanitan|Ice Punch|p1a: Eternatus
|-supereffective|p1a: Eternatus
|-damage|p1a: Eternatus|0 fnt
|faint|p1a: Eternatus
|
|upkeep
|
|t:|1651053280
|switch|p1a: Cloyster|Cloyster, M|100/100
|turn|12
|c|☆Jrthu|:)
|
|t:|1651053306
|move|p2a: Darmanitan|Ice Punch|p1a: Cloyster
|-resisted|p1a: Cloyster
|-damage|p1a: Cloyster|87/100
|move|p1a: Cloyster|Shell Smash|p1a: Cloyster
|-unboost|p1a: Cloyster|def|1
|-unboost|p1a: Cloyster|spd|1
|-boost|p1a: Cloyster|atk|2
|-boost|p1a: Cloyster|spa|2
|-boost|p1a: Cloyster|spe|2
|
|upkeep
|turn|13
|inactive|Jrthu has 120 seconds left.
|
|t:|1651053325
|switch|p2a: Eternatus|Eternatus|100/100
|-ability|p2a: Eternatus|Pressure
|move|p1a: Cloyster|Liquidation|p2a: Eternatus
|-resisted|p2a: Eternatus
|-damage|p2a: Eternatus|68/100
|
|upkeep
|turn|14
|
|t:|1651053329
|move|p1a: Cloyster|Icicle Spear|p2a: Eternatus
|-supereffective|p2a: Eternatus
|-damage|p2a: Eternatus|28/100
|-supereffective|p2a: Eternatus
|-damage|p2a: Eternatus|0 fnt
|faint|p2a: Eternatus
|-hitcount|p2: Eternatus|2
|
|upkeep
|l| Hoennseptile
|
|t:|1651053335
|switch|p2a: Urshifu|Urshifu, M|100/100
|turn|15
|inactive|Jrthu has 120 seconds left.
|j| Hoennseptile
|
|t:|1651053373
|switch|p1a: Xerneas|Xerneas|76/100
|-ability|p1a: Xerneas|Fairy Aura
|move|p2a: Urshifu|Sucker Punch||[still]
|-fail|p2a: Urshifu
|
|upkeep
|turn|16
|
|t:|1651053378
|switch|p2a: Darmanitan|Darmanitan-Galar, M|100/100
|move|p1a: Xerneas|Moonblast|p2a: Darmanitan
|-damage|p2a: Darmanitan|0 fnt
|faint|p2a: Darmanitan
|
|upkeep
|
|t:|1651053381
|switch|p2a: Urshifu|Urshifu, M|100/100
|turn|17
|c|☆Jrthu|gg
|
|t:|1651053390
|move|p2a: Urshifu|Wicked Blow|p1a: Xerneas
|-resisted|p1a: Xerneas
|-crit|p1a: Xerneas
|-damage|p1a: Xerneas|38/100
|move|p1a: Xerneas|Moonblast|p2a: Urshifu
|-supereffective|p2a: Urshifu
|-damage|p2a: Urshifu|0 fnt
|faint|p2a: Urshifu
|
|win|bald ben
|n|☆bald ben|baldben
|n|☆Jrthu|jrthu
|n| Hoennseptile|hoennseptile
