|html|<div class="broadcast-blue"><strong>[Gen 8] Ubers is currently suspecting Calyrex-Shadow! For information on how to participate check out the <a href="https://www.smogon.com/forums/threads/np-ss-ubers-stage-8-ridin-dirty-calyrex-shadow-suspect-test.3704200/">suspect thread</a>.</strong></div>
|j|☆PokeDuels
|j|☆Neutralist
|t:|1657246952
|gametype|singles
|player|p1|PokeDuels|169|1390
|player|p2|Neutralist|1|1433
|teamsize|p1|6
|teamsize|p2|6
|gen|8
|tier|[Gen 8] Ubers
|rated|
|rule|Sleep Clause Mod: Limit one foe put to sleep
|rule|Species Clause: Limit one of each Pokémon
|rule|OHKO Clause: OHKO moves are banned
|rule|Evasion Moves Clause: Evasion moves are banned
|rule|Endless Battle Clause: Forcing endless battles is banned
|rule|HP Percentage Mod: HP is shown in percentages
|rule|Dynamax Clause: You cannot dynamax
|clearpoke
|poke|p1|Calyrex-Ice|
|poke|p1|Melmetal|
|poke|p1|Hatterene, F|
|poke|p1|Porygon2|
|poke|p1|Yveltal|
|poke|p1|Necrozma-Dusk-Mane|
|poke|p2|Yveltal|
|poke|p2|Eternatus|
|poke|p2|Necrozma-Dusk-Mane|
|poke|p2|Groudon|
|poke|p2|Ho-Oh|
|poke|p2|Xerneas-*|
|teampreview
|
|t:|1657246965
|start
|switch|p1a: Hatterene|Hatterene, F|100/100
|switch|p2a: Malzeno|Yveltal|100/100
|-ability|p2a: Malzeno|Dark Aura
|turn|1
|
|t:|1657246970
|move|p2a: Malzeno|Knock Off|p1a: Hatterene
|-damage|p1a: Hatterene|42/100
|-enditem|p1a: Hatterene|Focus Sash|[from] move: Knock Off|[of] p2a: Malzeno
|move|p1a: Hatterene|Trick Room|p1a: Hatterene
|-fieldstart|move: Trick Room|[of] p1a: Hatterene
|
|upkeep
|turn|2
|
|t:|1657246976
|switch|p2a: Lunagaron|Necrozma-Dusk-Mane|100/100
|move|p1a: Hatterene|Healing Wish|p1a: Hatterene
|faint|p1a: Hatterene
|
|upkeep
|
|t:|1657246996
|switch|p1a: Calyrex|Calyrex-Ice|100/100
|-ability|p1a: Calyrex|As One
|-ability|p1a: Calyrex|Unnerve
|turn|3
|
|t:|1657247008
|move|p1a: Calyrex|Swords Dance|p1a: Calyrex
|-boost|p1a: Calyrex|atk|2
|move|p2a: Lunagaron|Sunsteel Strike|p1a: Calyrex
|-supereffective|p1a: Calyrex
|-damage|p1a: Calyrex|42/100
|
|upkeep
|turn|4
|
|t:|1657247017
|switch|p2a: Shagaru|Ho-Oh, shiny|100/100
|move|p1a: Calyrex|High Horsepower|p2a: Shagaru
|-immune|p2a: Shagaru
|
|upkeep
|turn|5
|l|☆Neutralist
|player|p2|
|j|☆Neutralist
|player|p2|Neutralist|1
|
|t:|1657247044
|switch|p2a: Lunagaron|Necrozma-Dusk-Mane|100/100
|move|p1a: Calyrex|Substitute|p1a: Calyrex
|-start|p1a: Calyrex|Substitute
|-damage|p1a: Calyrex|17/100
|
|-fieldend|move: Trick Room
|upkeep
|turn|6
|
|t:|1657247056
|move|p2a: Lunagaron|Sunsteel Strike|p1a: Calyrex
|-supereffective|p1a: Calyrex
|-end|p1a: Calyrex|Substitute
|move|p1a: Calyrex|High Horsepower|p2a: Lunagaron
|-supereffective|p2a: Lunagaron
|-damage|p2a: Lunagaron|9/100
|-damage|p1a: Calyrex|7/100|[from] item: Life Orb
|
|-heal|p2a: Lunagaron|15/100|[from] item: Leftovers
|upkeep
|turn|7
|
|t:|1657247065
|move|p2a: Lunagaron|Morning Sun|p2a: Lunagaron
|-heal|p2a: Lunagaron|65/100
|move|p1a: Calyrex|Glacial Lance|p2a: Lunagaron
|-resisted|p2a: Lunagaron
|-crit|p2a: Lunagaron
|-damage|p2a: Lunagaron|0 fnt
|faint|p2a: Lunagaron
|-ability|p1a: Calyrex|Chilling Neigh|boost
|-boost|p1a: Calyrex|atk|1
|-damage|p1a: Calyrex|0 fnt|[from] item: Life Orb
|faint|p1a: Calyrex
|
|upkeep
|c|☆Neutralist|Owie
|
|t:|1657247083
|switch|p2a: Malzeno|Yveltal|100/100
|switch|p1a: Porygon2|Porygon2|100/100
|-ability|p2a: Malzeno|Dark Aura
|-ability|p1a: Porygon2|Dark Aura|[from] ability: Trace|[of] p2a: Malzeno
|-ability|p1a: Porygon2|Dark Aura
|turn|8
|
|t:|1657247144
|move|p2a: Malzeno|Taunt|p1a: Porygon2
|-start|p1a: Porygon2|move: Taunt
|cant|p1a: Porygon2|move: Taunt|Teleport
|
|upkeep
|turn|9
|
|t:|1657247148
|switch|p1a: Yveltal|Yveltal|100/100
|-ability|p1a: Yveltal|Dark Aura
|move|p2a: Malzeno|Knock Off|p1a: Yveltal
|-resisted|p1a: Yveltal
|-damage|p1a: Yveltal|76/100
|-enditem|p1a: Yveltal|Life Orb|[from] move: Knock Off|[of] p2a: Malzeno
|
|upkeep
|turn|10
|
|t:|1657247155
|move|p1a: Yveltal|Knock Off|p2a: Malzeno
|-resisted|p2a: Malzeno
|-damage|p2a: Malzeno|71/100
|-enditem|p2a: Malzeno|Heavy-Duty Boots|[from] move: Knock Off|[of] p1a: Yveltal
|move|p2a: Malzeno|Taunt|p1a: Yveltal
|-start|p1a: Yveltal|move: Taunt
|
|upkeep
|turn|11
|
|t:|1657247187
|move|p1a: Yveltal|Knock Off|p2a: Malzeno
|-resisted|p2a: Malzeno
|-damage|p2a: Malzeno|54/100
|move|p2a: Malzeno|Roost|p2a: Malzeno
|-heal|p2a: Malzeno|100/100
|-singleturn|p2a: Malzeno|move: Roost
|
|upkeep
|turn|12
|
|t:|1657247192
|move|p1a: Yveltal|Knock Off|p2a: Malzeno
|-resisted|p2a: Malzeno
|-damage|p2a: Malzeno|82/100
|move|p2a: Malzeno|Knock Off|p1a: Yveltal
|-resisted|p1a: Yveltal
|-damage|p1a: Yveltal|58/100
|
|upkeep
|turn|13
|
|t:|1657247197
|move|p2a: Malzeno|Knock Off|p1a: Yveltal
|-resisted|p1a: Yveltal
|-damage|p1a: Yveltal|40/100
|move|p1a: Yveltal|Knock Off|p2a: Malzeno
|-resisted|p2a: Malzeno
|-damage|p2a: Malzeno|64/100
|
|-end|p1a: Yveltal|move: Taunt
|upkeep
|turn|14
|
|t:|1657247238
|move|p1a: Yveltal|Roost|p1a: Yveltal
|-heal|p1a: Yveltal|91/100
|-singleturn|p1a: Yveltal|move: Roost
|move|p2a: Malzeno|Taunt|p1a: Yveltal
|-start|p1a: Yveltal|move: Taunt
|
|upkeep
|turn|15
|
|t:|1657247246
|switch|p1a: Necrozma|Necrozma-Dusk-Mane|100/100
|move|p2a: Malzeno|Roost|p2a: Malzeno
|-heal|p2a: Malzeno|100/100
|-singleturn|p2a: Malzeno|move: Roost
|
|upkeep
|turn|16
|
|t:|1657247250
|move|p2a: Malzeno|Taunt|p1a: Necrozma
|-start|p1a: Necrozma|move: Taunt
|move|p1a: Necrozma|Sunsteel Strike|p2a: Malzeno
|-damage|p2a: Malzeno|44/100
|
|upkeep
|turn|17
|
|t:|1657247254
|move|p2a: Malzeno|Roost|p2a: Malzeno
|-heal|p2a: Malzeno|94/100
|-singleturn|p2a: Malzeno|move: Roost
|move|p1a: Necrozma|Earthquake|p2a: Malzeno
|-damage|p2a: Malzeno|60/100
|
|upkeep
|turn|18
|
|t:|1657247258
|move|p2a: Malzeno|Roost|p2a: Malzeno
|-heal|p2a: Malzeno|100/100
|-singleturn|p2a: Malzeno|move: Roost
|move|p1a: Necrozma|Sunsteel Strike|p2a: Malzeno
|-damage|p2a: Malzeno|47/100
|
|-end|p1a: Necrozma|move: Taunt
|upkeep
|turn|19
|
|t:|1657247269
|switch|p2a: Shagaru|Ho-Oh, shiny|100/100
|move|p1a: Necrozma|Sunsteel Strike|p2a: Shagaru
|-resisted|p2a: Shagaru
|-damage|p2a: Shagaru|79/100
|
|upkeep
|turn|20
|
|t:|1657247275
|move|p2a: Shagaru|Sacred Fire|p1a: Necrozma
|-supereffective|p1a: Necrozma
|-damage|p1a: Necrozma|57/100
|-status|p1a: Necrozma|brn
|-enditem|p1a: Necrozma|Weakness Policy
|-boost|p1a: Necrozma|atk|2|[from] item: Weakness Policy
|-boost|p1a: Necrozma|spa|2|[from] item: Weakness Policy
|move|p1a: Necrozma|Trick Room|p1a: Necrozma
|-fieldstart|move: Trick Room|[of] p1a: Necrozma
|
|-damage|p1a: Necrozma|50/100 brn|[from] brn
|upkeep
|turn|21
|
|t:|1657247281
|switch|p2a: Sun|Groudon|100/100
|-weather|SunnyDay|[from] ability: Drought|[of] p2a: Sun
|move|p1a: Necrozma|Stealth Rock|p2a: Sun
|-sidestart|p2: Neutralist|move: Stealth Rock
|
|-weather|SunnyDay|[upkeep]
|-damage|p1a: Necrozma|44/100 brn|[from] brn
|upkeep
|turn|22
|
|t:|1657247298
|move|p1a: Necrozma|Sunsteel Strike|p2a: Sun
|-damage|p2a: Sun|62/100
|move|p2a: Sun|Earthquake|p1a: Necrozma
|-supereffective|p1a: Necrozma
|-damage|p1a: Necrozma|0 fnt
|faint|p1a: Necrozma
|
|-weather|SunnyDay|[upkeep]
|-heal|p2a: Sun|68/100|[from] item: Leftovers
|upkeep
|
|t:|1657247303
|switch|p1a: Melmetal|Melmetal|100/100
|turn|23
|
|t:|1657247316
|switch|p2a: Shagaru|Ho-Oh, shiny|100/100
|move|p1a: Melmetal|Ice Punch|p2a: Shagaru
|-crit|p2a: Shagaru
|-damage|p2a: Shagaru|53/100
|-damage|p1a: Melmetal|91/100|[from] item: Life Orb
|
|-weather|SunnyDay|[upkeep]
|upkeep
|turn|24
|
|t:|1657247324
|switch|p2a: Sun|Groudon|68/100
|-damage|p2a: Sun|62/100|[from] Stealth Rock
|move|p1a: Melmetal|Thunder Punch|p2a: Sun
|-immune|p2a: Sun
|
|-weather|SunnyDay|[upkeep]
|-heal|p2a: Sun|68/100|[from] item: Leftovers
|-fieldend|move: Trick Room
|upkeep
|turn|25
|
|t:|1657247327
|switch|p1a: Yveltal|Yveltal|91/100
|-heal|p1a: Yveltal|100/100|[from] move: Healing Wish
|-ability|p1a: Yveltal|Dark Aura
|move|p2a: Sun|Earthquake|p1a: Yveltal
|-immune|p1a: Yveltal
|
|-weather|none
|-heal|p2a: Sun|74/100|[from] item: Leftovers
|upkeep
|turn|26
|
|t:|1657247333
|switch|p2a: Rebirth|Xerneas|100/100
|-damage|p2a: Rebirth|88/100|[from] Stealth Rock
|-ability|p2a: Rebirth|Fairy Aura
|move|p1a: Yveltal|Hone Claws|p1a: Yveltal
|-boost|p1a: Yveltal|atk|1
|-boost|p1a: Yveltal|accuracy|1
|
|-heal|p2a: Rebirth|94/100|[from] item: Leftovers
|upkeep
|turn|27
|
|t:|1657247337
|switch|p1a: Melmetal|Melmetal|91/100
|move|p2a: Rebirth|Moonblast|p1a: Melmetal
|-resisted|p1a: Melmetal
|-damage|p1a: Melmetal|62/100
|
|-heal|p2a: Rebirth|99/100|[from] item: Leftovers
|upkeep
|turn|28
|
|t:|1657247348
|switch|p2a: Sun|Groudon|74/100
|-damage|p2a: Sun|68/100|[from] Stealth Rock
|-weather|SunnyDay|[from] ability: Drought|[of] p2a: Sun
|move|p1a: Melmetal|Thunder Punch|p2a: Sun
|-immune|p2a: Sun
|
|-weather|SunnyDay|[upkeep]
|-heal|p2a: Sun|74/100|[from] item: Leftovers
|upkeep
|turn|29
|
|t:|1657247353
|move|p2a: Sun|Swords Dance|p2a: Sun
|-boost|p2a: Sun|atk|2
|move|p1a: Melmetal|Ice Punch|p2a: Sun
|-supereffective|p2a: Sun
|-damage|p2a: Sun|8/100
|-damage|p1a: Melmetal|52/100|[from] item: Life Orb
|
|-weather|SunnyDay|[upkeep]
|-heal|p2a: Sun|14/100|[from] item: Leftovers
|upkeep
|turn|30
|
|t:|1657247355
|switch|p1a: Yveltal|Yveltal|100/100
|-ability|p1a: Yveltal|Dark Aura
|move|p2a: Sun|Earthquake|p1a: Yveltal
|-immune|p1a: Yveltal
|
|-weather|SunnyDay|[upkeep]
|-heal|p2a: Sun|20/100|[from] item: Leftovers
|upkeep
|turn|31
|
|t:|1657247360
|switch|p2a: Rebirth|Xerneas|99/100
|-damage|p2a: Rebirth|88/100|[from] Stealth Rock
|-ability|p2a: Rebirth|Fairy Aura
|move|p1a: Yveltal|Knock Off|p2a: Rebirth
|-resisted|p2a: Rebirth
|-damage|p2a: Rebirth|63/100
|-enditem|p2a: Rebirth|Leftovers|[from] move: Knock Off|[of] p1a: Yveltal
|
|-weather|SunnyDay|[upkeep]
|upkeep
|turn|32
|
|t:|1657247365
|move|p1a: Yveltal|Knock Off|p2a: Rebirth
|-resisted|p2a: Rebirth
|-damage|p2a: Rebirth|44/100
|move|p2a: Rebirth|Moonblast|p1a: Yveltal
|-supereffective|p1a: Yveltal
|-crit|p1a: Yveltal
|-damage|p1a: Yveltal|0 fnt
|faint|p1a: Yveltal
|
|-weather|none
|upkeep
|
|t:|1657247371
|switch|p1a: Melmetal|Melmetal|52/100
|turn|33
|
|t:|1657247381
|move|p2a: Rebirth|Moonblast|p1a: Melmetal
|-resisted|p1a: Melmetal
|-damage|p1a: Melmetal|25/100
|-unboost|p1a: Melmetal|spa|1
|move|p1a: Melmetal|Double Iron Bash|p2a: Rebirth
|-supereffective|p2a: Rebirth
|-damage|p2a: Rebirth|0 fnt
|faint|p2a: Rebirth
|-hitcount|p2: Rebirth|1
|-damage|p1a: Melmetal|15/100|[from] item: Life Orb
|
|upkeep
|
|t:|1657247387
|switch|p2a: Malzeno|Yveltal|47/100
|-damage|p2a: Malzeno|22/100|[from] Stealth Rock
|-ability|p2a: Malzeno|Dark Aura
|turn|34
|-message|PokeDuels forfeited.
|
|win|Neutralist
|raw|PokeDuels's rating: 1412 &rarr; <strong>1393</strong><br />(-19 for losing)
|raw|Neutralist's rating: 1433 &rarr; <strong>1452</strong><br />(+19 for winning)
|l|☆PokeDuels
