|raw|<div class="broadcast-blue"><strong>This battle is required to be public due to a player having a name starting with 'ult9ns'.</div>
|j|☆ULT9NS TGA
|j|☆ULT9NS Orchid
|t:|1653406606
|gametype|singles
|player|p1|ULT9NS TGA|candice|1416
|player|p2|ULT9NS Orchid|winona-gen6|1714
|teamsize|p1|6
|teamsize|p2|6
|gen|8
|tier|[Gen 8] Ubers
|rated|
|rule|Sleep Clause Mod: Limit one foe put to sleep
|rule|Species Clause: Limit one of each Pokémon
|rule|OHKO Clause: OHKO moves are banned
|rule|Evasion Moves Clause: Evasion moves are banned
|rule|Endless Battle Clause: Forcing endless battles is banned
|rule|HP Percentage Mod: HP is shown in percentages
|rule|Dynamax Clause: You cannot dynamax
|clearpoke
|poke|p1|Slurpuff, M|
|poke|p1|Weavile, F|
|poke|p1|Kyogre|
|poke|p1|Eternatus|
|poke|p1|Necrozma-Dusk-Mane|
|poke|p1|Zekrom|
|poke|p2|Necrozma-Dusk-Mane|
|poke|p2|Xerneas-*|
|poke|p2|Yveltal|
|poke|p2|Groudon|
|poke|p2|Eternatus|
|poke|p2|Kyogre|
|teampreview
|inactive|Battle timer is ON: inactive players will automatically lose when time's up. (requested by ULT9NS Orchid)
|inactive|ULT9NS TGA has 120 seconds left.
|j|%ironwater@!
|j| ULT9NS Pichu
|l|☆ULT9NS TGA
|inactive|ULT9NS TGA disconnected and has a minute to reconnect!
|player|p1|
|inactive|ULT9NS TGA has 30 seconds to reconnect!
|j| err0
|j|☆ULT9NS TGA
|inactive|ULT9NS TGA reconnected and has 85 seconds left.
|player|p1|ULT9NS TGA|candice
|
|t:|1653406691
|start
|switch|p1a: Slurpuff|Slurpuff, M|100/100
|switch|p2a: Necrozma|Necrozma-Dusk-Mane|100/100
|turn|1
|j| ULT9NS Fog
|
|t:|1653406705
|move|p1a: Slurpuff|Yawn|p2a: Necrozma
|-start|p2a: Necrozma|move: Yawn|[of] p1a: Slurpuff
|move|p2a: Necrozma|Stealth Rock|p1a: Slurpuff
|-sidestart|p1: ULT9NS TGA|move: Stealth Rock
|
|upkeep
|turn|2
|
|t:|1653406709
|switch|p2a: Eternatus|Eternatus|100/100
|-ability|p2a: Eternatus|Pressure
|move|p1a: Slurpuff|Sticky Web|p2a: Eternatus
|-sidestart|p2: ULT9NS Orchid|move: Sticky Web
|
|upkeep
|turn|3
|j| sussymankid
|
|t:|1653406712
|move|p2a: Eternatus|Toxic|p1a: Slurpuff
|-status|p1a: Slurpuff|tox
|move|p1a: Slurpuff|Yawn|p2a: Eternatus
|-start|p2a: Eternatus|move: Yawn|[of] p1a: Slurpuff
|
|-damage|p1a: Slurpuff|95/100 tox|[from] psn
|upkeep
|turn|4
|l| sussymankid
|
|t:|1653406717
|switch|p2a: Xerneas|Xerneas|100/100
|-ability|p2a: Xerneas|Fairy Aura
|-item|p2a: Xerneas|Air Balloon
|move|p1a: Slurpuff|Misty Explosion|p2a: Xerneas
|-crit|p2a: Xerneas
|-damage|p2a: Xerneas|52/100
|-enditem|p2a: Xerneas|Air Balloon
|faint|p1a: Slurpuff
|
|upkeep
|
|t:|1653406722
|switch|p1a: Necrozma|Necrozma-Dusk-Mane|100/100
|-damage|p1a: Necrozma|95/100|[from] Stealth Rock
|turn|5
|
|t:|1653406732
|switch|p2a: Necrozma|Necrozma-Dusk-Mane|100/100
|-activate|p2a: Necrozma|move: Sticky Web
|-unboost|p2a: Necrozma|spe|1
|move|p1a: Necrozma|Sunsteel Strike|p2a: Necrozma
|-resisted|p2a: Necrozma
|-damage|p2a: Necrozma|78/100
|
|-heal|p2a: Necrozma|84/100|[from] item: Leftovers
|upkeep
|turn|6
|
|t:|1653406736
|move|p1a: Necrozma|Dragon Dance|p1a: Necrozma
|-boost|p1a: Necrozma|atk|1
|-boost|p1a: Necrozma|spe|1
|move|p2a: Necrozma|Thunder Wave|p1a: Necrozma
|-status|p1a: Necrozma|par
|
|-heal|p2a: Necrozma|90/100|[from] item: Leftovers
|upkeep
|turn|7
|
|t:|1653406739
|switch|p2a: Yveltal|Yveltal|100/100
|-ability|p2a: Yveltal|Dark Aura
|move|p1a: Necrozma|Dragon Dance|p1a: Necrozma
|-boost|p1a: Necrozma|atk|1
|-boost|p1a: Necrozma|spe|1
|
|upkeep
|turn|8
|
|t:|1653406742
|move|p2a: Yveltal|Foul Play|p1a: Necrozma
|-supereffective|p1a: Necrozma
|-damage|p1a: Necrozma|0 fnt
|faint|p1a: Necrozma
|
|upkeep
|
|t:|1653406748
|switch|p1a: Zekrom|Zekrom|100/100
|-damage|p1a: Zekrom|88/100|[from] Stealth Rock
|-ability|p1a: Zekrom|Teravolt
|turn|9
|
|t:|1653406751
|move|p2a: Yveltal|Foul Play|p1a: Zekrom
|-damage|p1a: Zekrom|25/100
|move|p1a: Zekrom|Dragon Dance|p1a: Zekrom
|-boost|p1a: Zekrom|atk|1
|-boost|p1a: Zekrom|spe|1
|
|-heal|p1a: Zekrom|31/100|[from] item: Leftovers
|upkeep
|turn|10
|
|t:|1653406755
|switch|p2a: Groudon|Groudon|100/100
|-activate|p2a: Groudon|move: Sticky Web
|-unboost|p2a: Groudon|spe|1
|-weather|SunnyDay|[from] ability: Drought|[of] p2a: Groudon
|move|p1a: Zekrom|Substitute|p1a: Zekrom
|-start|p1a: Zekrom|Substitute
|-damage|p1a: Zekrom|6/100
|
|-weather|SunnyDay|[upkeep]
|-heal|p1a: Zekrom|12/100|[from] item: Leftovers
|upkeep
|turn|11
|
|t:|1653406758
|move|p1a: Zekrom|Dragon Claw|p2a: Groudon
|-damage|p2a: Groudon|53/100
|move|p2a: Groudon|Heat Crash|p1a: Zekrom
|-resisted|p1a: Zekrom
|-activate|p1a: Zekrom|move: Substitute|[damage]
|
|-weather|SunnyDay|[upkeep]
|-heal|p1a: Zekrom|18/100|[from] item: Leftovers
|-heal|p2a: Groudon|60/100|[from] item: Leftovers
|upkeep
|turn|12
|
|t:|1653406765
|move|p1a: Zekrom|Dragon Claw|p2a: Groudon
|-damage|p2a: Groudon|12/100
|move|p2a: Groudon|Heat Crash|p1a: Zekrom
|-resisted|p1a: Zekrom
|-end|p1a: Zekrom|Substitute
|
|-weather|SunnyDay|[upkeep]
|-heal|p1a: Zekrom|25/100|[from] item: Leftovers
|-heal|p2a: Groudon|18/100|[from] item: Leftovers
|upkeep
|turn|13
|
|t:|1653406769
|move|p1a: Zekrom|Dragon Claw|p2a: Groudon
|-damage|p2a: Groudon|0 fnt
|faint|p2a: Groudon
|
|-weather|SunnyDay|[upkeep]
|-heal|p1a: Zekrom|31/100|[from] item: Leftovers
|upkeep
|
|t:|1653406771
|switch|p2a: Xerneas|Xerneas|52/100
|-activate|p2a: Xerneas|move: Sticky Web
|-unboost|p2a: Xerneas|spe|1
|-ability|p2a: Xerneas|Fairy Aura
|turn|14
|
|t:|1653406774
|move|p1a: Zekrom|Bolt Strike|p2a: Xerneas
|-damage|p2a: Xerneas|0 fnt
|faint|p2a: Xerneas
|
|-weather|none
|-heal|p1a: Zekrom|37/100|[from] item: Leftovers
|upkeep
|
|t:|1653406777
|switch|p2a: Eternatus|Eternatus|100/100
|-activate|p2a: Eternatus|move: Sticky Web
|-unboost|p2a: Eternatus|spe|1
|-ability|p2a: Eternatus|Pressure
|turn|15
|
|t:|1653406780
|move|p1a: Zekrom|Dragon Claw|p2a: Eternatus
|-supereffective|p2a: Eternatus
|-damage|p2a: Eternatus|0 fnt
|faint|p2a: Eternatus
|
|-heal|p1a: Zekrom|43/100|[from] item: Leftovers
|upkeep
|j| ULT9NS spitfire
|
|t:|1653406784
|switch|p2a: Yveltal|Yveltal|100/100
|-ability|p2a: Yveltal|Dark Aura
|turn|16
|
|t:|1653406788
|move|p1a: Zekrom|Bolt Strike|p2a: Yveltal
|-supereffective|p2a: Yveltal
|-damage|p2a: Yveltal|0 fnt
|faint|p2a: Yveltal
|
|-heal|p1a: Zekrom|49/100|[from] item: Leftovers
|upkeep
|
|t:|1653406790
|switch|p2a: Necrozma|Necrozma-Dusk-Mane|90/100
|-activate|p2a: Necrozma|move: Sticky Web
|-unboost|p2a: Necrozma|spe|1
|turn|17
|
|t:|1653406794
|move|p1a: Zekrom|Bolt Strike|p2a: Necrozma
|-damage|p2a: Necrozma|9/100
|move|p2a: Necrozma|Iron Head|p1a: Zekrom
|-resisted|p1a: Zekrom
|-damage|p1a: Zekrom|32/100
|
|-heal|p1a: Zekrom|38/100|[from] item: Leftovers
|-heal|p2a: Necrozma|15/100|[from] item: Leftovers
|upkeep
|turn|18
|
|t:|1653406797
|move|p1a: Zekrom|Dragon Claw|p2a: Necrozma
|-resisted|p2a: Necrozma
|-damage|p2a: Necrozma|0 fnt
|faint|p2a: Necrozma
|
|-heal|p1a: Zekrom|44/100|[from] item: Leftovers
|upkeep
|
|t:|1653406803
|switch|p2a: Kyogre|Kyogre|100/100
|-activate|p2a: Kyogre|move: Sticky Web
|-unboost|p2a: Kyogre|spe|1
|-weather|RainDance|[from] ability: Drizzle|[of] p2a: Kyogre
|turn|19
|
|t:|1653406805
|move|p1a: Zekrom|Dragon Claw|p2a: Kyogre
|-damage|p2a: Kyogre|25/100
|move|p2a: Kyogre|Origin Pulse|p1a: Zekrom
|-resisted|p1a: Zekrom
|-damage|p1a: Zekrom|0 fnt
|faint|p1a: Zekrom
|
|-weather|RainDance|[upkeep]
|upkeep
|
|t:|1653406808
|switch|p1a: Weavile|Weavile, F|100/100
|-damage|p1a: Weavile|76/100|[from] Stealth Rock
|-ability|p1a: Weavile|Pressure
|turn|20
|
|t:|1653406810
|move|p1a: Weavile|Knock Off|p2a: Kyogre
|-damage|p2a: Kyogre|0 fnt
|-enditem|p2a: Kyogre|Choice Scarf|[from] move: Knock Off|[of] p1a: Weavile
|faint|p2a: Kyogre
|
|win|ULT9NS TGA
|raw|ULT9NS TGA's rating: 1416 &rarr; <strong>1450</strong><br />(+34 for winning)
|raw|ULT9NS Orchid's rating: 1714 &rarr; <strong>1680</strong><br />(-34 for losing)
|l|☆ULT9NS Orchid
|l|☆ULT9NS TGA
