|j|☆nachocheesedude
|j|☆Bunrphenix
|t:|1634401227
|gametype|singles
|player|p1|nachocheesedude|cameraman|1486
|player|p2|Bunrphenix|hilda-wonderlauncher|1543
|teamsize|p1|6
|teamsize|p2|6
|gen|8
|tier|[Gen 8] Ubers
|rated|
|rule|Sleep Clause Mod: Limit one foe put to sleep
|rule|Species Clause: Limit one of each Pokémon
|rule|OHKO Clause: OHKO moves are banned
|rule|Evasion Moves Clause: Evasion moves are banned
|rule|Endless Battle Clause: Forcing endless battles is banned
|rule|HP Percentage Mod: HP is shown in percentages
|rule|Dynamax Clause: You cannot dynamax
|clearpoke
|poke|p1|Groudon|
|poke|p1|Kyogre|
|poke|p1|Eternatus|
|poke|p1|Yveltal|
|poke|p1|Genesect|
|poke|p1|Ho-Oh|
|poke|p2|Marshadow|
|poke|p2|Eternatus|
|poke|p2|Yveltal|
|poke|p2|Zygarde|
|poke|p2|Xerneas-*|
|poke|p2|Necrozma-Dusk-Mane|
|teampreview
|
|t:|1634401247
|start
|switch|p1a: Magma Boi|Groudon|100/100
|switch|p2a: Necrozma|Necrozma-Dusk-Mane|100/100
|-weather|SunnyDay|[from] ability: Drought|[of] p1a: Magma Boi
|turn|1
|
|t:|1634401255
|switch|p2a: Zygarde|Zygarde|100/100
|move|p1a: Magma Boi|Lava Plume|p2a: Zygarde
|-resisted|p2a: Zygarde
|-damage|p2a: Zygarde|88/100
|
|-weather|SunnyDay|[upkeep]
|-heal|p2a: Zygarde|94/100|[from] item: Leftovers
|upkeep
|turn|2
|
|t:|1634401264
|switch|p1a: Scizor-EX|Genesect, shiny|100/100
|-ability|p1a: Scizor-EX|Download|boost
|-boost|p1a: Scizor-EX|spa|1
|move|p2a: Zygarde|Substitute|p2a: Zygarde
|-start|p2a: Zygarde|Substitute
|-damage|p2a: Zygarde|69/100
|
|-weather|SunnyDay|[upkeep]
|-heal|p2a: Zygarde|75/100|[from] item: Leftovers
|upkeep
|turn|3
|
|t:|1634401277
|move|p1a: Scizor-EX|U-turn|p2a: Zygarde
|-end|p2a: Zygarde|Substitute
|
|t:|1634401280
|switch|p1a: Moist|Kyogre|100/100|[from]move: U-turn
|-weather|RainDance|[from] ability: Drizzle|[of] p1a: Moist
|move|p2a: Zygarde|Glare|p1a: Moist
|-status|p1a: Moist|par
|
|-weather|RainDance|[upkeep]
|-heal|p2a: Zygarde|81/100|[from] item: Leftovers
|upkeep
|turn|4
|
|t:|1634401291
|move|p2a: Zygarde|Substitute|p2a: Zygarde
|-start|p2a: Zygarde|Substitute
|-damage|p2a: Zygarde|56/100
|cant|p1a: Moist|par
|
|-weather|RainDance|[upkeep]
|-heal|p2a: Zygarde|63/100|[from] item: Leftovers
|upkeep
|turn|5
|
|t:|1634401298
|move|p2a: Zygarde|Thousand Arrows|p1a: Moist
|-damage|p1a: Moist|75/100 par
|move|p1a: Moist|Scald|p2a: Zygarde
|-end|p2a: Zygarde|Substitute
|
|-weather|RainDance|[upkeep]
|-heal|p2a: Zygarde|69/100|[from] item: Leftovers
|-heal|p1a: Moist|81/100 par|[from] item: Leftovers
|upkeep
|turn|6
|
|t:|1634401309
|move|p2a: Zygarde|Substitute|p2a: Zygarde
|-start|p2a: Zygarde|Substitute
|-damage|p2a: Zygarde|44/100
|move|p1a: Moist|Scald|p2a: Zygarde
|-end|p2a: Zygarde|Substitute
|
|-weather|RainDance|[upkeep]
|-heal|p2a: Zygarde|50/100|[from] item: Leftovers
|-heal|p1a: Moist|87/100 par|[from] item: Leftovers
|-activate|p2a: Zygarde|ability: Power Construct
|detailschange|p2a: Zygarde|Zygarde-Complete
|-heal|p2a: Zygarde|69/100|[silent]
|upkeep
|turn|7
|
|t:|1634401322
|switch|p2a: Eternatus|Eternatus|100/100
|-ability|p2a: Eternatus|Pressure
|cant|p1a: Moist|par
|
|-weather|none
|-heal|p1a: Moist|93/100 par|[from] item: Leftovers
|upkeep
|turn|8
|
|t:|1634401359
|switch|p1a: Magma Boi|Groudon|100/100
|-weather|SunnyDay|[from] ability: Drought|[of] p1a: Magma Boi
|move|p2a: Eternatus|Dynamax Cannon|p1a: Magma Boi
|-damage|p1a: Magma Boi|67/100
|
|-weather|SunnyDay|[upkeep]
|-heal|p1a: Magma Boi|73/100|[from] item: Leftovers
|upkeep
|turn|9
|
|t:|1634401371
|switch|p2a: Yveltal|Yveltal|100/100
|-ability|p2a: Yveltal|Dark Aura
|move|p1a: Magma Boi|Stealth Rock|p2a: Yveltal
|-sidestart|p2: Bunrphenix|move: Stealth Rock
|
|-weather|SunnyDay|[upkeep]
|-heal|p1a: Magma Boi|79/100|[from] item: Leftovers
|upkeep
|turn|10
|
|t:|1634401381
|switch|p1a: Po-po|Ho-Oh|100/100
|move|p2a: Yveltal|Dark Pulse|p1a: Po-po
|-damage|p1a: Po-po|61/100
|-damage|p2a: Yveltal|91/100|[from] item: Life Orb
|
|-weather|SunnyDay|[upkeep]
|upkeep
|turn|11
|
|t:|1634401395
|move|p2a: Yveltal|Dark Pulse|p1a: Po-po
|-damage|p1a: Po-po|23/100
|-damage|p2a: Yveltal|81/100|[from] item: Life Orb
|move|p1a: Po-po|Sacred Fire|p2a: Yveltal
|-damage|p2a: Yveltal|7/100
|
|-weather|SunnyDay|[upkeep]
|upkeep
|turn|12
|
|t:|1634401405
|switch|p1a: Y-Wing|Yveltal|100/100
|-ability|p1a: Y-Wing|Dark Aura
|move|p2a: Yveltal|Oblivion Wing|p1a: Y-Wing
|-damage|p1a: Y-Wing|72/100
|-heal|p2a: Yveltal|32/100|[from] drain|[of] p1a: Y-Wing
|-damage|p2a: Yveltal|22/100|[from] item: Life Orb
|
|-weather|none
|-heal|p1a: Y-Wing|78/100|[from] item: Leftovers
|upkeep
|turn|13
|
|t:|1634401418
|move|p1a: Y-Wing|Sucker Punch|p2a: Yveltal
|-resisted|p2a: Yveltal
|-damage|p2a: Yveltal|4/100
|move|p2a: Yveltal|Oblivion Wing|p1a: Y-Wing
|-damage|p1a: Y-Wing|51/100
|-heal|p2a: Yveltal|28/100|[from] drain|[of] p1a: Y-Wing
|-damage|p2a: Yveltal|18/100|[from] item: Life Orb
|
|-heal|p1a: Y-Wing|57/100|[from] item: Leftovers
|upkeep
|turn|14
|
|t:|1634401433
|move|p2a: Yveltal|Oblivion Wing|p1a: Y-Wing
|-damage|p1a: Y-Wing|29/100
|-heal|p2a: Yveltal|42/100|[from] drain|[of] p1a: Y-Wing
|-damage|p2a: Yveltal|32/100|[from] item: Life Orb
|move|p1a: Y-Wing|Oblivion Wing|p2a: Yveltal
|-damage|p2a: Yveltal|3/100
|-heal|p1a: Y-Wing|48/100|[from] drain|[of] p2a: Yveltal
|
|-heal|p1a: Y-Wing|54/100|[from] item: Leftovers
|upkeep
|turn|15
|
|t:|1634401446
|move|p1a: Y-Wing|Sucker Punch||[still]
|-fail|p1a: Y-Wing
|move|p2a: Yveltal|Defog|p1a: Y-Wing
|-unboost|p1a: Y-Wing|evasion|1
|-sideend|p2: Bunrphenix|Stealth Rock|[from] move: Defog|[of] p2a: Yveltal
|
|-heal|p1a: Y-Wing|61/100|[from] item: Leftovers
|upkeep
|turn|16
|
|t:|1634401455
|switch|p2a: Eternatus|Eternatus|100/100
|-ability|p2a: Eternatus|Pressure
|move|p1a: Y-Wing|Sucker Punch||[still]
|-fail|p1a: Y-Wing
|
|-heal|p1a: Y-Wing|67/100|[from] item: Leftovers
|upkeep
|turn|17
|
|t:|1634401475
|switch|p1a: Magma Boi|Groudon|79/100
|-weather|SunnyDay|[from] ability: Drought|[of] p1a: Magma Boi
|move|p2a: Eternatus|Toxic|p1a: Magma Boi
|-status|p1a: Magma Boi|tox
|
|-weather|SunnyDay|[upkeep]
|-heal|p1a: Magma Boi|85/100 tox|[from] item: Leftovers
|-damage|p1a: Magma Boi|79/100 tox|[from] psn
|upkeep
|turn|18
|
|t:|1634401486
|switch|p2a: Yveltal|Yveltal|3/100
|-ability|p2a: Yveltal|Dark Aura
|move|p1a: Magma Boi|Stealth Rock|p2a: Yveltal
|-sidestart|p2: Bunrphenix|move: Stealth Rock
|
|-weather|SunnyDay|[upkeep]
|-heal|p1a: Magma Boi|85/100 tox|[from] item: Leftovers
|-damage|p1a: Magma Boi|73/100 tox|[from] psn
|upkeep
|turn|19
|
|t:|1634401496
|move|p2a: Yveltal|Oblivion Wing|p1a: Magma Boi
|-damage|p1a: Magma Boi|34/100 tox
|-heal|p2a: Yveltal|33/100|[from] drain|[of] p1a: Magma Boi
|-damage|p2a: Yveltal|23/100|[from] item: Life Orb
|move|p1a: Magma Boi|Lava Plume|p2a: Yveltal
|-damage|p2a: Yveltal|0 fnt
|faint|p2a: Yveltal
|
|-weather|SunnyDay|[upkeep]
|-heal|p1a: Magma Boi|41/100 tox|[from] item: Leftovers
|-damage|p1a: Magma Boi|22/100 tox|[from] psn
|upkeep
|
|t:|1634401516
|switch|p2a: Eternatus|Eternatus|100/100
|-damage|p2a: Eternatus|88/100|[from] Stealth Rock
|-ability|p2a: Eternatus|Pressure
|turn|20
|
|t:|1634401526
|move|p2a: Eternatus|Dynamax Cannon|p1a: Magma Boi
|-damage|p1a: Magma Boi|0 fnt
|faint|p1a: Magma Boi
|
|-weather|SunnyDay|[upkeep]
|-heal|p2a: Eternatus|94/100|[from] item: Black Sludge
|upkeep
|
|t:|1634401539
|switch|p1a: Eternal Torment|Eternatus|100/100
|-ability|p1a: Eternal Torment|Pressure
|turn|21
|
|t:|1634401548
|move|p2a: Eternatus|Recover|p2a: Eternatus
|-heal|p2a: Eternatus|100/100
|move|p1a: Eternal Torment|Dynamax Cannon|p2a: Eternatus
|-supereffective|p2a: Eternatus
|-damage|p2a: Eternatus|48/100
|
|-weather|none
|-heal|p2a: Eternatus|54/100|[from] item: Black Sludge
|upkeep
|turn|22
|
|t:|1634401560
|switch|p2a: Necrozma|Necrozma-Dusk-Mane|100/100
|-damage|p2a: Necrozma|94/100|[from] Stealth Rock
|move|p1a: Eternal Torment|Dynamax Cannon|p2a: Necrozma
|-resisted|p2a: Necrozma
|-damage|p2a: Necrozma|80/100
|
|-heal|p2a: Necrozma|86/100|[from] item: Leftovers
|upkeep
|turn|23
|
|t:|1634401596
|move|p1a: Eternal Torment|Flamethrower|p2a: Necrozma
|-supereffective|p2a: Necrozma
|-damage|p2a: Necrozma|62/100
|move|p2a: Necrozma|Stealth Rock|p1a: Eternal Torment
|-sidestart|p1: nachocheesedude|move: Stealth Rock
|
|-heal|p2a: Necrozma|68/100|[from] item: Leftovers
|upkeep
|turn|24
|
|t:|1634401606
|move|p1a: Eternal Torment|Toxic Spikes|p2a: Necrozma
|-sidestart|p2: Bunrphenix|move: Toxic Spikes
|move|p2a: Necrozma|Morning Sun|p2a: Necrozma
|-heal|p2a: Necrozma|100/100
|
|upkeep
|turn|25
|inactive|Battle timer is ON: inactive players will automatically lose when time's up. (requested by Bunrphenix)
|
|t:|1634401618
|switch|p1a: Moist|Kyogre|93/100 par
|-damage|p1a: Moist|81/100 par|[from] Stealth Rock
|-weather|RainDance|[from] ability: Drizzle|[of] p1a: Moist
|move|p2a: Necrozma|Sunsteel Strike|p1a: Moist
|-resisted|p1a: Moist
|-damage|p1a: Moist|65/100 par
|
|-weather|RainDance|[upkeep]
|-heal|p1a: Moist|71/100 par|[from] item: Leftovers
|upkeep
|turn|26
|
|t:|1634401636
|move|p2a: Necrozma|Sunsteel Strike|p1a: Moist
|-resisted|p1a: Moist
|-damage|p1a: Moist|54/100 par
|move|p1a: Moist|Scald|p2a: Necrozma
|-damage|p2a: Necrozma|66/100
|
|-weather|RainDance|[upkeep]
|-heal|p2a: Necrozma|72/100|[from] item: Leftovers
|-heal|p1a: Moist|60/100 par|[from] item: Leftovers
|upkeep
|turn|27
|
|t:|1634401647
|switch|p2a: Eternatus|Eternatus|54/100
|-sideend|p2: Bunrphenix|move: Toxic Spikes|[of] p2a: Eternatus
|-damage|p2a: Eternatus|42/100|[from] Stealth Rock
|-ability|p2a: Eternatus|Pressure
|move|p1a: Moist|Scald|p2a: Eternatus
|-resisted|p2a: Eternatus
|-damage|p2a: Eternatus|24/100
|
|-weather|RainDance|[upkeep]
|-heal|p2a: Eternatus|30/100|[from] item: Black Sludge
|-heal|p1a: Moist|67/100 par|[from] item: Leftovers
|upkeep
|turn|28
|
|t:|1634401661
|move|p2a: Eternatus|Recover|p2a: Eternatus
|-heal|p2a: Eternatus|80/100
|cant|p1a: Moist|par
|
|-weather|RainDance|[upkeep]
|-heal|p2a: Eternatus|86/100|[from] item: Black Sludge
|-heal|p1a: Moist|73/100 par|[from] item: Leftovers
|upkeep
|turn|29
|inactive|Bunrphenix has 120 seconds left.
|
|t:|1634401697
|move|p2a: Eternatus|Dynamax Cannon|p1a: Moist
|-damage|p1a: Moist|41/100 par
|move|p1a: Moist|Roar|p2a: Eternatus
|drag|p2a: Xerneas|Xerneas|100/100
|-damage|p2a: Xerneas|88/100|[from] Stealth Rock
|-ability|p2a: Xerneas|Fairy Aura
|
|-weather|none
|-heal|p1a: Moist|47/100 par|[from] item: Leftovers
|upkeep
|turn|30
|j| Wilplayer
|inactive|Bunrphenix has 120 seconds left.
|
|t:|1634401714
|switch|p2a: Eternatus|Eternatus|86/100
|-damage|p2a: Eternatus|74/100|[from] Stealth Rock
|-ability|p2a: Eternatus|Pressure
|move|p1a: Moist|Roar|p2a: Eternatus
|drag|p2a: Necrozma|Necrozma-Dusk-Mane|72/100
|-damage|p2a: Necrozma|66/100|[from] Stealth Rock
|
|-heal|p2a: Necrozma|72/100|[from] item: Leftovers
|-heal|p1a: Moist|53/100 par|[from] item: Leftovers
|upkeep
|turn|31
|
|t:|1634401727
|switch|p2a: Eternatus|Eternatus|74/100
|-damage|p2a: Eternatus|61/100|[from] Stealth Rock
|-ability|p2a: Eternatus|Pressure
|move|p1a: Moist|Scald|p2a: Eternatus
|-resisted|p2a: Eternatus
|-damage|p2a: Eternatus|51/100
|
|-heal|p2a: Eternatus|57/100|[from] item: Black Sludge
|-heal|p1a: Moist|59/100 par|[from] item: Leftovers
|upkeep
|turn|32
|inactive|Bunrphenix has 120 seconds left.
|
|t:|1634401755
|move|p2a: Eternatus|Recover|p2a: Eternatus
|-heal|p2a: Eternatus|100/100
|cant|p1a: Moist|par
|
|-heal|p1a: Moist|65/100 par|[from] item: Leftovers
|upkeep
|turn|33
|
|t:|1634401764
|move|p2a: Eternatus|Dynamax Cannon|p1a: Moist
|-damage|p1a: Moist|37/100 par
|cant|p1a: Moist|par
|
|-heal|p1a: Moist|43/100 par|[from] item: Leftovers
|upkeep
|turn|34
|
|t:|1634401787
|move|p2a: Eternatus|Dynamax Cannon|p1a: Moist
|-damage|p1a: Moist|16/100 par
|move|p1a: Moist|Scald|p2a: Eternatus
|-resisted|p2a: Eternatus
|-damage|p2a: Eternatus|89/100
|
|-heal|p2a: Eternatus|96/100|[from] item: Black Sludge
|-heal|p1a: Moist|22/100 par|[from] item: Leftovers
|upkeep
|turn|35
|j| gym leader flygon
|l| Wilplayer
|
|t:|1634401802
|move|p2a: Eternatus|Dynamax Cannon|p1a: Moist
|-damage|p1a: Moist|0 fnt
|faint|p1a: Moist
|
|-heal|p2a: Eternatus|100/100|[from] item: Black Sludge
|upkeep
|
|t:|1634401811
|switch|p1a: Scizor-EX|Genesect, shiny|100/100
|-damage|p1a: Scizor-EX|88/100|[from] Stealth Rock
|-ability|p1a: Scizor-EX|Download|boost
|-boost|p1a: Scizor-EX|atk|1
|turn|36
|
|t:|1634401822
|move|p1a: Scizor-EX|Iron Head|p2a: Eternatus
|-damage|p2a: Eternatus|54/100
|move|p2a: Eternatus|Flamethrower|p1a: Scizor-EX
|-supereffective|p1a: Scizor-EX
|-damage|p1a: Scizor-EX|0 fnt
|faint|p1a: Scizor-EX
|
|-heal|p2a: Eternatus|60/100|[from] item: Black Sludge
|upkeep
|inactive|nachocheesedude has 120 seconds left.
|l|☆nachocheesedude
|inactive|nachocheesedude disconnected and has a minute to reconnect!
|player|p1|
|inactive|nachocheesedude has 30 seconds to reconnect!
|inactive|nachocheesedude has 20 seconds to reconnect!
|inactive|nachocheesedude has 15 seconds to reconnect!
|inactive|nachocheesedude has 10 seconds to reconnect!
|inactive|nachocheesedude has 5 seconds to reconnect!
|-message|nachocheesedude lost due to inactivity.
|
|win|Bunrphenix
|raw|nachocheesedude's rating: 1486 &rarr; <strong>1469</strong><br />(-17 for losing)
|raw|Bunrphenix's rating: 1543 &rarr; <strong>1560</strong><br />(+17 for winning)
|l| gym leader flygon
||Ladder isn't responding, score probably updated but might not have (Request timeout).
