|j|☆I like Lovely
|j|☆LD8kuainvzhuang
|player|p1|I like Lovely|pokekid|1787
|player|p2|LD8kuainvzhuang|138|1590
|teamsize|p1|6
|teamsize|p2|6
|gametype|singles
|gen|8
|tier|[Gen 8] Ubers
|rated|
|clearpoke
|poke|p1|Lunala|
|poke|p1|Necrozma-Dusk-Mane|
|poke|p1|Ditto|
|poke|p1|Ferrothorn, F|
|poke|p1|Eternatus|
|poke|p1|Umbreon, F|
|poke|p2|Excadrill, F|
|poke|p2|Zekrom|
|poke|p2|Necrozma-Dusk-Mane|
|poke|p2|Mewtwo|
|poke|p2|Ditto|
|poke|p2|Lunala|
|rule|Sleep Clause Mod: Limit one foe put to sleep
|rule|Species Clause: Limit one of each Pokémon
|rule|OHKO Clause: OHKO moves are banned
|rule|Evasion Moves Clause: Evasion moves are banned
|rule|Endless Battle Clause: Forcing endless battles is banned
|rule|HP Percentage Mod: HP is shown in percentages
|teampreview
|
|start
|switch|p1a: Ferrothorn|Ferrothorn, F|100/100
|switch|p2a: Excadrill|Excadrill, F|100/100
|-ability|p2a: Excadrill|Mold Breaker
|turn|1
|
|move|p2a: Excadrill|Stealth Rock|p1a: Ferrothorn
|-sidestart|p1: I like Lovely|move: Stealth Rock
|move|p1a: Ferrothorn|Leech Seed|p2a: Excadrill
|-start|p2a: Excadrill|move: Leech Seed
|
|-damage|p2a: Excadrill|88/100|[from] Leech Seed|[of] p1a: Ferrothorn
|upkeep
|turn|2
|
|move|p2a: Excadrill|Rapid Spin|p1a: Ferrothorn
|-resisted|p1a: Ferrothorn
|-damage|p1a: Ferrothorn|96/100
|-boost|p2a: Excadrill|spe|1
|-damage|p2a: Excadrill|76/100|[from] ability: Iron Barbs|[of] p1a: Ferrothorn
|-end|p2a: Excadrill|Leech Seed|[from] move: Rapid Spin|[of] p2a: Excadrill
|move|p1a: Ferrothorn|Spikes|p2a: Excadrill
|-sidestart|p2: LD8kuainvzhuang|Spikes
|
|-heal|p1a: Ferrothorn|100/100|[from] item: Leftovers
|upkeep
|turn|3
|
|switch|p2a: Lunala|Lunala|100/100
|-damage|p2a: Lunala|88/100|[from] Spikes
|move|p1a: Ferrothorn|Spikes|p2a: Lunala
|-sidestart|p2: LD8kuainvzhuang|Spikes
|
|upkeep
|turn|4
|
|switch|p1a: Umbreon|Umbreon, F|100/100
|-damage|p1a: Umbreon|88/100|[from] Stealth Rock
|move|p2a: Lunala|Trick|p1a: Umbreon
|-activate|p2a: Lunala|move: Trick|[of] p1a: Umbreon
|-item|p1a: Umbreon|Choice Scarf|[from] move: Trick
|-item|p2a: Lunala|Leftovers|[from] move: Trick
|
|-heal|p2a: Lunala|94/100|[from] item: Leftovers
|upkeep
|turn|5
|
|switch|p2a: Excadrill|Excadrill, F|76/100
|-damage|p2a: Excadrill|59/100|[from] Spikes
|-ability|p2a: Excadrill|Mold Breaker
|move|p1a: Umbreon|Snarl|p2a: Excadrill
|-damage|p2a: Excadrill|41/100
|-unboost|p2a: Excadrill|spa|1
|
|upkeep
|turn|6
|
|switch|p1a: Lunala|Lunala|100/100
|move|p2a: Excadrill|Rock Tomb|p1a: Lunala
|-damage|p1a: Lunala|94/100
|-unboost|p1a: Lunala|spe|1
|
|upkeep
|turn|7
|
|move|p2a: Excadrill|Steel Beam|p1a: Lunala
|-damage|p1a: Lunala|77/100
|-damage|p2a: Excadrill|0 fnt|[from] mindblown
|faint|p2a: Excadrill
|move|p1a: Lunala|Roost|p1a: Lunala
|-heal|p1a: Lunala|100/100
|-singleturn|p1a: Lunala|move: Roost
|
|upkeep
|
|switch|p2a: Mewtwo|Mewtwo|100/100
|-damage|p2a: Mewtwo|84/100|[from] Spikes
|-ability|p2a: Mewtwo|Pressure
|turn|8
|
|-start|p1a: Lunala|Dynamax
|-heal|p1a: Lunala|100/100|[silent]
|move|p2a: Mewtwo|Light Screen|p2a: Mewtwo
|-sidestart|p2: LD8kuainvzhuang|move: Light Screen
|move|p1a: Lunala|Max Phantasm|p2a: Mewtwo
|-supereffective|p2a: Mewtwo
|-damage|p2a: Mewtwo|31/100
|-unboost|p2a: Mewtwo|def|1
|
|upkeep
|turn|9
|
|move|p2a: Mewtwo|Shadow Ball|p1a: Lunala
|-supereffective|p1a: Lunala
|-damage|p1a: Lunala|79/100
|move|p1a: Lunala|Max Phantasm|p2a: Mewtwo
|-supereffective|p2a: Mewtwo
|-damage|p2a: Mewtwo|0 fnt
|faint|p2a: Mewtwo
|
|upkeep
|
|switch|p2a: Zekrom|Zekrom|100/100
|-damage|p2a: Zekrom|84/100|[from] Spikes
|-ability|p2a: Zekrom|Teravolt
|turn|10
|
|move|p2a: Zekrom|Dragon Dance|p2a: Zekrom
|-boost|p2a: Zekrom|atk|1
|-boost|p2a: Zekrom|spe|1
|move|p1a: Lunala|Max Phantasm|p2a: Zekrom
|-damage|p2a: Zekrom|58/100
|-unboost|p2a: Zekrom|def|1
|
|-end|p1a: Lunala|Dynamax
|-heal|p1a: Lunala|79/100|[silent]
|upkeep
|turn|11
|
|move|p2a: Zekrom|Crunch|p1a: Lunala
|-supereffective|p1a: Lunala
|-damage|p1a: Lunala|0 fnt
|faint|p1a: Lunala
|
|upkeep
|
|switch|p1a: Ferrothorn|Ferrothorn, F|100/100
|-damage|p1a: Ferrothorn|94/100|[from] Stealth Rock
|turn|12
|
|-start|p2a: Zekrom|Dynamax
|-heal|p2a: Zekrom|58/100|[silent]
|move|p2a: Zekrom|Max Knuckle|p1a: Ferrothorn
|-supereffective|p1a: Ferrothorn
|-damage|p1a: Ferrothorn|31/100
|-boost|p2a: Zekrom|atk|1
|move|p1a: Ferrothorn|Curse|p1a: Ferrothorn
|-unboost|p1a: Ferrothorn|spe|1
|-boost|p1a: Ferrothorn|atk|1
|-boost|p1a: Ferrothorn|def|1
|
|-heal|p1a: Ferrothorn|37/100|[from] item: Leftovers
|upkeep
|turn|13
|
|move|p2a: Zekrom|Max Knuckle|p1a: Ferrothorn
|-supereffective|p1a: Ferrothorn
|-damage|p1a: Ferrothorn|0 fnt
|-boost|p2a: Zekrom|atk|1
|faint|p1a: Ferrothorn
|
|upkeep
|
|switch|p1a: Ditto|Ditto|100/100
|-damage|p1a: Ditto|88/100|[from] Stealth Rock
|-transform|p1a: Ditto|p2a: Zekrom|[from] ability: Imposter
|-ability|p1a: Ditto|Teravolt
|turn|14
|
|switch|p1a: Umbreon|Umbreon, F|88/100
|-damage|p1a: Umbreon|76/100|[from] Stealth Rock
|move|p2a: Zekrom|Max Darkness|p1a: Umbreon
|-resisted|p1a: Umbreon
|-damage|p1a: Umbreon|22/100
|-unboost|p1a: Umbreon|spd|1
|
|-end|p2a: Zekrom|Dynamax
|-heal|p2a: Zekrom|58/100|[silent]
|upkeep
|turn|15
|
|switch|p2a: Ditto|Ditto|100/100
|-damage|p2a: Ditto|84/100|[from] Spikes
|-transform|p2a: Ditto|p1a: Umbreon|[from] ability: Imposter
|move|p1a: Umbreon|Baton Pass|p1a: Umbreon
|
|switch|p1a: Eternatus|Eternatus|100/100|[from]move: Baton Pass
|-damage|p1a: Eternatus|88/100|[from] Stealth Rock
|-ability|p1a: Eternatus|Pressure
|
|-heal|p1a: Eternatus|94/100|[from] item: Black Sludge
|-sideend|p2: LD8kuainvzhuang|move: Light Screen
|upkeep
|turn|16
|
|move|p1a: Eternatus|Flamethrower|p2a: Ditto
|-damage|p2a: Ditto|54/100
|move|p2a: Ditto|Snarl|p1a: Eternatus
|-damage|p1a: Eternatus|77/100
|-unboost|p1a: Eternatus|spa|1
|
|-heal|p1a: Eternatus|83/100|[from] item: Black Sludge
|upkeep
|turn|17
|
|switch|p1a: Necrozma|Necrozma-Dusk-Mane|100/100
|-damage|p1a: Necrozma|94/100|[from] Stealth Rock
|switch|p2a: Zekrom|Zekrom|58/100
|-damage|p2a: Zekrom|41/100|[from] Spikes
|-ability|p2a: Zekrom|Teravolt
|
|-heal|p1a: Necrozma|100/100|[from] item: Leftovers
|upkeep
|turn|18
|
|move|p2a: Zekrom|Bolt Strike|p1a: Necrozma
|-damage|p1a: Necrozma|60/100
|-status|p1a: Necrozma|par
|cant|p1a: Necrozma|par
|
|-heal|p1a: Necrozma|66/100 par|[from] item: Leftovers
|upkeep
|turn|19
|
|switch|p2a: Lunala|Lunala|94/100
|-damage|p2a: Lunala|78/100|[from] Spikes
|cant|p1a: Necrozma|par
|
|-heal|p2a: Lunala|84/100|[from] item: Leftovers
|-heal|p1a: Necrozma|72/100 par|[from] item: Leftovers
|upkeep
|turn|20
|
|switch|p1a: Umbreon|Umbreon, F|22/100
|-damage|p1a: Umbreon|9/100|[from] Stealth Rock
|move|p2a: Lunala|Moongeist Beam|p1a: Umbreon
|-resisted|p1a: Umbreon
|-damage|p1a: Umbreon|0 fnt
|faint|p1a: Umbreon
|
|-heal|p2a: Lunala|90/100|[from] item: Leftovers
|upkeep
|
|switch|p1a: Ditto|Ditto|88/100
|-damage|p1a: Ditto|76/100|[from] Stealth Rock
|-transform|p1a: Ditto|p2a: Lunala|[from] ability: Imposter
|turn|21
|j| Phantomax19
|
|switch|p2a: Ditto|Ditto|54/100
|-damage|p2a: Ditto|38/100|[from] Spikes
|move|p1a: Ditto|Moongeist Beam|p2a: Ditto
|-immune|p2a: Ditto
|
|upkeep
|turn|22
|
|move|p1a: Ditto|Moongeist Beam|p2a: Ditto
|-immune|p2a: Ditto
|move|p2a: Ditto|Transform||[still]
|-fail|p2a: Ditto
|
|upkeep
|turn|23
|
|move|p1a: Ditto|Moongeist Beam|p2a: Ditto
|-immune|p2a: Ditto
|move|p2a: Ditto|Transform||[still]
|-fail|p2a: Ditto
|
|upkeep
|turn|24
|j| God of repair
|
|move|p1a: Ditto|Moongeist Beam|p2a: Ditto
|-immune|p2a: Ditto
|move|p2a: Ditto|Transform||[still]
|-fail|p2a: Ditto
|
|upkeep
|turn|25
|
|move|p1a: Ditto|Moongeist Beam|p2a: Ditto
|-immune|p2a: Ditto
|move|p2a: Ditto|Transform||[still]
|-fail|p2a: Ditto
|
|upkeep
|turn|26
|
|-activate|p1a: Ditto|move: Struggle
|move|p1a: Ditto|Struggle|p2a: Ditto
|-damage|p2a: Ditto|25/100
|-damage|p1a: Ditto|51/100|[from] recoil
|move|p2a: Ditto|Transform||[still]
|-fail|p2a: Ditto
|
|upkeep
|turn|27
|
|switch|p1a: Necrozma|Necrozma-Dusk-Mane|72/100 par
|-damage|p1a: Necrozma|66/100 par|[from] Stealth Rock
|switch|p2a: Lunala|Lunala|90/100
|-damage|p2a: Lunala|73/100|[from] Spikes
|
|-heal|p2a: Lunala|79/100|[from] item: Leftovers
|-heal|p1a: Necrozma|72/100 par|[from] item: Leftovers
|upkeep
|turn|28
|
|switch|p1a: Eternatus|Eternatus|83/100
|-damage|p1a: Eternatus|71/100|[from] Stealth Rock
|-ability|p1a: Eternatus|Pressure
|move|p2a: Lunala|Moongeist Beam|p1a: Eternatus
|-damage|p1a: Eternatus|25/100
|
|-heal|p1a: Eternatus|31/100|[from] item: Black Sludge
|-heal|p2a: Lunala|85/100|[from] item: Leftovers
|upkeep
|turn|29
|
|move|p1a: Eternatus|Recover|p1a: Eternatus
|-heal|p1a: Eternatus|81/100
|move|p2a: Lunala|Moongeist Beam|p1a: Eternatus
|-damage|p1a: Eternatus|35/100
|
|-heal|p1a: Eternatus|41/100|[from] item: Black Sludge
|-heal|p2a: Lunala|91/100|[from] item: Leftovers
|upkeep
|turn|30
|l| God of repair
|
|move|p1a: Eternatus|Recover|p1a: Eternatus
|-heal|p1a: Eternatus|91/100
|move|p2a: Lunala|Moonblast|p1a: Eternatus
|-damage|p1a: Eternatus|61/100
|
|-heal|p1a: Eternatus|67/100|[from] item: Black Sludge
|-heal|p2a: Lunala|97/100|[from] item: Leftovers
|upkeep
|turn|31
|
|move|p1a: Eternatus|Toxic|p2a: Lunala
|-status|p2a: Lunala|tox
|move|p2a: Lunala|Moonblast|p1a: Eternatus
|-damage|p1a: Eternatus|39/100
|
|-heal|p1a: Eternatus|46/100|[from] item: Black Sludge
|-heal|p2a: Lunala|100/100 tox|[from] item: Leftovers
|-damage|p2a: Lunala|94/100 tox|[from] psn
|upkeep
|turn|32
|
|switch|p2a: Necrozma|Necrozma-Dusk-Mane|100/100
|-damage|p2a: Necrozma|84/100|[from] Spikes
|move|p1a: Eternatus|Recover|p1a: Eternatus
|-heal|p1a: Eternatus|96/100
|
|-heal|p1a: Eternatus|100/100|[from] item: Black Sludge
|upkeep
|turn|33
|
|move|p1a: Eternatus|Flamethrower|p2a: Necrozma
|-supereffective|p2a: Necrozma
|-damage|p2a: Necrozma|50/100
|-enditem|p2a: Necrozma|Weakness Policy
|-boost|p2a: Necrozma|atk|2|[from] item: Weakness Policy
|-boost|p2a: Necrozma|spa|2|[from] item: Weakness Policy
|move|p2a: Necrozma|Trick Room|p2a: Necrozma
|-fieldstart|move: Trick Room|[of] p2a: Necrozma
|
|upkeep
|turn|34
|
|move|p2a: Necrozma|Morning Sun|p2a: Necrozma
|-heal|p2a: Necrozma|99/100
|move|p1a: Eternatus|Flamethrower|p2a: Necrozma
|-supereffective|p2a: Necrozma
|-damage|p2a: Necrozma|70/100
|
|upkeep
|turn|35
|
|move|p2a: Necrozma|Sunsteel Strike|p1a: Eternatus
|-damage|p1a: Eternatus|20/100
|move|p1a: Eternatus|Flamethrower|p2a: Necrozma
|-supereffective|p2a: Necrozma
|-crit|p2a: Necrozma
|-damage|p2a: Necrozma|22/100
|
|-heal|p1a: Eternatus|26/100|[from] item: Black Sludge
|upkeep
|turn|36
|
|move|p2a: Necrozma|Morning Sun|p2a: Necrozma
|-heal|p2a: Necrozma|72/100
|move|p1a: Eternatus|Flamethrower|p2a: Necrozma
|-supereffective|p2a: Necrozma
|-damage|p2a: Necrozma|38/100
|
|-heal|p1a: Eternatus|32/100|[from] item: Black Sludge
|upkeep
|turn|37
|
|move|p2a: Necrozma|Morning Sun|p2a: Necrozma
|-heal|p2a: Necrozma|88/100
|move|p1a: Eternatus|Flamethrower|p2a: Necrozma
|-supereffective|p2a: Necrozma
|-damage|p2a: Necrozma|57/100
|
|-heal|p1a: Eternatus|39/100|[from] item: Black Sludge
|-fieldend|move: Trick Room
|upkeep
|turn|38
|
|move|p1a: Eternatus|Flamethrower|p2a: Necrozma
|-supereffective|p2a: Necrozma
|-damage|p2a: Necrozma|27/100
|move|p2a: Necrozma|Trick Room|p2a: Necrozma
|-fieldstart|move: Trick Room|[of] p2a: Necrozma
|
|-heal|p1a: Eternatus|45/100|[from] item: Black Sludge
|upkeep
|turn|39
|
|move|p2a: Necrozma|Morning Sun|p2a: Necrozma
|-heal|p2a: Necrozma|77/100
|move|p1a: Eternatus|Flamethrower|p2a: Necrozma
|-supereffective|p2a: Necrozma
|-damage|p2a: Necrozma|45/100
|
|-heal|p1a: Eternatus|51/100|[from] item: Black Sludge
|upkeep
|turn|40
|
|move|p2a: Necrozma|Morning Sun|p2a: Necrozma
|-heal|p2a: Necrozma|95/100
|move|p1a: Eternatus|Flamethrower|p2a: Necrozma
|-supereffective|p2a: Necrozma
|-damage|p2a: Necrozma|60/100
|
|-heal|p1a: Eternatus|57/100|[from] item: Black Sludge
|upkeep
|turn|41
|
|move|p2a: Necrozma|Sunsteel Strike|p1a: Eternatus
|-damage|p1a: Eternatus|0 fnt
|faint|p1a: Eternatus
|
|upkeep
|
|switch|p1a: Necrozma|Necrozma-Dusk-Mane|72/100 par
|-damage|p1a: Necrozma|66/100 par|[from] Stealth Rock
|turn|42
|
|cant|p1a: Necrozma|par
|move|p2a: Necrozma|Morning Sun|p2a: Necrozma
|-heal|p2a: Necrozma|100/100
|
|-heal|p1a: Necrozma|72/100 par|[from] item: Leftovers
|-fieldend|move: Trick Room
|upkeep
|turn|43
|
|move|p2a: Necrozma|Sunsteel Strike|p1a: Necrozma
|-resisted|p1a: Necrozma
|-damage|p1a: Necrozma|39/100 par
|cant|p1a: Necrozma|par
|
|-heal|p1a: Necrozma|45/100 par|[from] item: Leftovers
|upkeep
|turn|44
|
|move|p1a: Necrozma|Morning Sun|p1a: Necrozma
|-heal|p1a: Necrozma|95/100 par
|move|p2a: Necrozma|Trick Room|p2a: Necrozma
|-fieldstart|move: Trick Room|[of] p2a: Necrozma
|
|-heal|p1a: Necrozma|100/100 par|[from] item: Leftovers
|upkeep
|turn|45
|
|cant|p1a: Necrozma|par
|move|p2a: Necrozma|Knock Off|p1a: Necrozma
|-supereffective|p1a: Necrozma
|-damage|p1a: Necrozma|38/100 par
|-enditem|p1a: Necrozma|Leftovers|[from] move: Knock Off|[of] p2a: Necrozma
|
|upkeep
|turn|46
|
|move|p1a: Necrozma|Morning Sun|p1a: Necrozma
|-heal|p1a: Necrozma|88/100 par
|move|p2a: Necrozma|Knock Off|p1a: Necrozma
|-supereffective|p1a: Necrozma
|-damage|p1a: Necrozma|48/100 par
|
|upkeep
|turn|47
|
|cant|p1a: Necrozma|par
|move|p2a: Necrozma|Knock Off|p1a: Necrozma
|-supereffective|p1a: Necrozma
|-damage|p1a: Necrozma|11/100 par
|
|upkeep
|turn|48
|
|move|p1a: Necrozma|Morning Sun|p1a: Necrozma
|-heal|p1a: Necrozma|61/100 par
|move|p2a: Necrozma|Knock Off|p1a: Necrozma
|-supereffective|p1a: Necrozma
|-damage|p1a: Necrozma|23/100 par
|
|-fieldend|move: Trick Room
|upkeep
|turn|49
|
|move|p2a: Necrozma|Knock Off|p1a: Necrozma
|-supereffective|p1a: Necrozma
|-damage|p1a: Necrozma|0 fnt
|faint|p1a: Necrozma
|
|upkeep
|
|switch|p1a: Ditto|Ditto|51/100
|-damage|p1a: Ditto|38/100|[from] Stealth Rock
|-transform|p1a: Ditto|p2a: Necrozma|[from] ability: Imposter
|turn|50
|
|move|p1a: Ditto|Knock Off|p2a: Necrozma
|-supereffective|p2a: Necrozma
|-damage|p2a: Necrozma|47/100
|move|p2a: Necrozma|Knock Off|p1a: Ditto
|-supereffective|p1a: Ditto
|-crit|p1a: Ditto
|-damage|p1a: Ditto|0 fnt
|-enditem|p1a: Ditto|Choice Scarf|[from] move: Knock Off|[of] p2a: Necrozma
|faint|p1a: Ditto
|
|win|LD8kuainvzhuang
|raw|I like Lovely's rating: 1787 &rarr; <strong>1757</strong><br />(-30 for losing)
|raw|LD8kuainvzhuang's rating: 1591 &rarr; <strong>1621</strong><br />(+30 for winning)
|l|☆I like Lovely
