|j|☆killer whale squa
|j|☆85792195wwww
|t:|1599684027
|player|p1|killer whale squa|216|1498
|player|p2|85792195wwww|lady|1550
|teamsize|p1|6
|teamsize|p2|6
|gametype|singles
|gen|8
|tier|[Gen 8] Ubers
|rated|
|clearpoke
|poke|p1|Lunala|
|poke|p1|Tyranitar, M|
|poke|p1|Zacian-Crowned|
|poke|p1|Corviknight, F|
|poke|p1|Necrozma-Dusk-Mane|
|poke|p1|Ditto|
|poke|p2|Zacian-Crowned|
|poke|p2|Grimmsnarl, M|
|poke|p2|Lunala|
|poke|p2|Galvantula, M|
|poke|p2|Eternatus|
|poke|p2|Zekrom|
|rule|Sleep Clause Mod: Limit one foe put to sleep
|rule|Species Clause: Limit one of each Pokémon
|rule|OHKO Clause: OHKO moves are banned
|rule|Evasion Moves Clause: Evasion moves are banned
|rule|Endless Battle Clause: Forcing endless battles is banned
|rule|HP Percentage Mod: HP is shown in percentages
|html|Ubers Dynamax Clause: Pokémon on the <a href="https://www.smogon.com/dex/ss/formats/uber/">Ubers Dynamax Banlist</a> cannot Dynamax.
|teampreview
|
|t:|1599684048
|start
|switch|p1a: Lunala|Lunala|100/100
|switch|p2a: Eternatus|Eternatus|100/100
|-ability|p2a: Eternatus|Pressure
|turn|1
|
|t:|1599684056
|switch|p2a: Galvantula|Galvantula, M|100/100
|move|p1a: Lunala|Psychic|p2a: Galvantula
|-enditem|p2a: Galvantula|Focus Sash
|-damage|p2a: Galvantula|1/100
|
|upkeep
|turn|2
|
|t:|1599684082
|move|p2a: Galvantula|Sticky Web|p1a: Lunala
|-sidestart|p1: killer whale squa|move: Sticky Web
|move|p1a: Lunala|Psychic|p2a: Galvantula
|-damage|p2a: Galvantula|0 fnt
|faint|p2a: Galvantula
|
|upkeep
|
|t:|1599684088
|switch|p2a: Lunala|Lunala|100/100
|turn|3
|
|t:|1599684098
|switch|p1a: Tyranitar|Tyranitar, M|100/100
|-activate|p1a: Tyranitar|move: Sticky Web
|-unboost|p1a: Tyranitar|spe|1
|-weather|Sandstorm|[from] ability: Sand Stream|[of] p1a: Tyranitar
|move|p2a: Lunala|Calm Mind|p2a: Lunala
|-boost|p2a: Lunala|spa|1
|-boost|p2a: Lunala|spd|1
|
|-weather|Sandstorm|[upkeep]
|-damage|p2a: Lunala|94/100|[from] Sandstorm
|upkeep
|turn|4
|
|t:|1599684110
|move|p2a: Lunala|Moonblast|p1a: Tyranitar
|-supereffective|p1a: Tyranitar
|-damage|p1a: Tyranitar|37/100
|-damage|p2a: Lunala|85/100|[from] item: Life Orb
|move|p1a: Tyranitar|Foul Play|p2a: Lunala
|-supereffective|p2a: Lunala
|-damage|p2a: Lunala|0 fnt
|faint|p2a: Lunala
|
|-weather|Sandstorm|[upkeep]
|upkeep
|
|t:|1599684128
|switch|p2a: Grimmsnarl|Grimmsnarl, M|100/100
|turn|5
|
|t:|1599684141
|move|p2a: Grimmsnarl|Taunt|p1a: Tyranitar
|-hint|Since gen 7, Dark is immune to Prankster moves.
|-immune|p1a: Tyranitar
|move|p1a: Tyranitar|Thunder Wave|p2a: Grimmsnarl|[miss]
|-miss|p1a: Tyranitar|p2a: Grimmsnarl
|
|-weather|Sandstorm|[upkeep]
|-damage|p2a: Grimmsnarl|94/100|[from] Sandstorm
|-heal|p2a: Grimmsnarl|100/100|[from] item: Leftovers
|upkeep
|turn|6
|
|t:|1599684156
|switch|p2a: Zekrom|Zekrom|100/100
|-ability|p2a: Zekrom|Teravolt
|move|p1a: Tyranitar|Stealth Rock|p2a: Zekrom
|-sidestart|p2: 85792195wwww|move: Stealth Rock
|
|-weather|Sandstorm|[upkeep]
|-damage|p2a: Zekrom|94/100|[from] Sandstorm
|upkeep
|turn|7
|
|t:|1599684178
|move|p2a: Zekrom|Substitute|p2a: Zekrom
|-start|p2a: Zekrom|Substitute
|-damage|p2a: Zekrom|69/100
|move|p1a: Tyranitar|Foul Play|p2a: Zekrom
|-end|p2a: Zekrom|Substitute
|
|-weather|none
|upkeep
|turn|8
|j| ImagineDragonsFlow
|l| ImagineDragonsFlow
|
|t:|1599684193
|move|p2a: Zekrom|Bolt Strike|p1a: Tyranitar
|-damage|p1a: Tyranitar|0 fnt
|faint|p1a: Tyranitar
|
|upkeep
|
|t:|1599684201
|switch|p1a: Lunala|Lunala|100/100
|-activate|p1a: Lunala|move: Sticky Web
|-unboost|p1a: Lunala|spe|1
|turn|9
|
|t:|1599684213
|move|p2a: Zekrom|Substitute|p2a: Zekrom
|-start|p2a: Zekrom|Substitute
|-damage|p2a: Zekrom|44/100
|move|p1a: Lunala|Moonblast|p2a: Zekrom
|-supereffective|p2a: Zekrom
|-end|p2a: Zekrom|Substitute
|
|upkeep
|turn|10
|
|t:|1599684222
|switch|p2a: Eternatus|Eternatus|100/100
|-damage|p2a: Eternatus|88/100|[from] Stealth Rock
|-ability|p2a: Eternatus|Pressure
|move|p1a: Lunala|Moonblast|p2a: Eternatus
|-damage|p2a: Eternatus|48/100
|
|upkeep
|turn|11
|
|t:|1599684238
|switch|p1a: Necrozma|Necrozma-Dusk-Mane|100/100
|-activate|p1a: Necrozma|move: Sticky Web
|-unboost|p1a: Necrozma|spe|1
|move|p2a: Eternatus|Flamethrower|p1a: Necrozma
|-supereffective|p1a: Necrozma
|-damage|p1a: Necrozma|24/100
|-enditem|p1a: Necrozma|Weakness Policy
|-boost|p1a: Necrozma|atk|2|[from] item: Weakness Policy
|-boost|p1a: Necrozma|spa|2|[from] item: Weakness Policy
|-damage|p2a: Eternatus|38/100|[from] item: Life Orb
|
|upkeep
|turn|12
|
|t:|1599684253
|move|p2a: Eternatus|Flamethrower|p1a: Necrozma
|-supereffective|p1a: Necrozma
|-damage|p1a: Necrozma|0 fnt
|-damage|p2a: Eternatus|28/100|[from] item: Life Orb
|faint|p1a: Necrozma
|
|upkeep
|
|t:|1599684260
|switch|p1a: Ditto|Ditto|100/100
|-activate|p1a: Ditto|move: Sticky Web
|-unboost|p1a: Ditto|spe|1
|-transform|p1a: Ditto|p2a: Eternatus|[from] ability: Imposter
|-ability|p1a: Ditto|Pressure
|turn|13
|
|t:|1599684306
|switch|p2a: Grimmsnarl|Grimmsnarl, M|100/100
|-damage|p2a: Grimmsnarl|88/100|[from] Stealth Rock
|move|p1a: Ditto|Dynamax Cannon|p2a: Grimmsnarl
|-immune|p2a: Grimmsnarl
|
|-heal|p2a: Grimmsnarl|94/100|[from] item: Leftovers
|upkeep
|turn|14
|
|t:|1599684317
|switch|p1a: Corviknight|Corviknight, F|100/100
|-ability|p1a: Corviknight|Pressure
|move|p2a: Grimmsnarl|Thunder Wave|p1a: Corviknight
|-status|p1a: Corviknight|par
|
|-heal|p2a: Grimmsnarl|99/100|[from] item: Leftovers
|upkeep
|turn|15
|
|t:|1599684332
|move|p2a: Grimmsnarl|Taunt|p1a: Corviknight
|-start|p1a: Corviknight|move: Taunt
|move|p1a: Corviknight|U-turn|p2a: Grimmsnarl
|-damage|p2a: Grimmsnarl|85/100
|
|t:|1599684343
|switch|p1a: Lunala|Lunala|100/100|[from]move: U-turn
|-activate|p1a: Lunala|move: Sticky Web
|-unboost|p1a: Lunala|spe|1
|
|-heal|p2a: Grimmsnarl|92/100|[from] item: Leftovers
|upkeep
|turn|16
|
|t:|1599684361
|move|p1a: Lunala|Moongeist Beam|p2a: Grimmsnarl
|-resisted|p2a: Grimmsnarl
|-damage|p2a: Grimmsnarl|59/100
|move|p2a: Grimmsnarl|Foul Play|p1a: Lunala
|-supereffective|p1a: Lunala
|-damage|p1a: Lunala|39/100
|
|-heal|p2a: Grimmsnarl|65/100|[from] item: Leftovers
|upkeep
|turn|17
|
|t:|1599684374
|switch|p1a: Ditto|Ditto|100/100
|-activate|p1a: Ditto|move: Sticky Web
|-unboost|p1a: Ditto|spe|1
|-transform|p1a: Ditto|p2a: Grimmsnarl|[from] ability: Imposter
|move|p2a: Grimmsnarl|Reflect|p2a: Grimmsnarl
|-sidestart|p2: 85792195wwww|Reflect
|
|-heal|p2a: Grimmsnarl|71/100|[from] item: Leftovers
|upkeep
|turn|18
|
|t:|1599684391
|switch|p2a: Eternatus|Eternatus|28/100
|-damage|p2a: Eternatus|15/100|[from] Stealth Rock
|-ability|p2a: Eternatus|Pressure
|move|p1a: Ditto|Taunt|p2a: Eternatus
|-start|p2a: Eternatus|move: Taunt
|
|upkeep
|turn|19
|
|t:|1599684419
|switch|p1a: Corviknight|Corviknight, F|100/100 par
|-ability|p1a: Corviknight|Pressure
|move|p2a: Eternatus|Flamethrower|p1a: Corviknight
|-supereffective|p1a: Corviknight
|-damage|p1a: Corviknight|0 fnt
|-damage|p2a: Eternatus|5/100|[from] item: Life Orb
|faint|p1a: Corviknight
|
|upkeep
|
|t:|1599684435
|switch|p1a: Ditto|Ditto|100/100
|-activate|p1a: Ditto|move: Sticky Web
|-unboost|p1a: Ditto|spe|1
|-transform|p1a: Ditto|p2a: Eternatus|[from] ability: Imposter
|-ability|p1a: Ditto|Pressure
|turn|20
|
|t:|1599684446
|move|p1a: Ditto|Flamethrower|p2a: Eternatus
|-resisted|p2a: Eternatus
|-crit|p2a: Eternatus
|-damage|p2a: Eternatus|0 fnt
|faint|p2a: Eternatus
|
|upkeep
|
|t:|1599684462
|switch|p2a: Grimmsnarl|Grimmsnarl, M|71/100
|-damage|p2a: Grimmsnarl|58/100|[from] Stealth Rock
|turn|21
|
|t:|1599684471
|move|p2a: Grimmsnarl|Thunder Wave|p1a: Ditto
|-status|p1a: Ditto|par
|move|p1a: Ditto|Flamethrower|p2a: Grimmsnarl
|-damage|p2a: Grimmsnarl|32/100
|
|-heal|p2a: Grimmsnarl|39/100|[from] item: Leftovers
|-sideend|p2: 85792195wwww|Reflect
|upkeep
|turn|22
|
|t:|1599684483
|switch|p2a: Zekrom|Zekrom|44/100
|-damage|p2a: Zekrom|32/100|[from] Stealth Rock
|-ability|p2a: Zekrom|Teravolt
|move|p1a: Ditto|Flamethrower|p2a: Zekrom
|-resisted|p2a: Zekrom
|-damage|p2a: Zekrom|12/100
|
|upkeep
|turn|23
|
|t:|1599684493
|move|p2a: Zekrom|Bolt Strike|p1a: Ditto
|-resisted|p1a: Ditto
|-damage|p1a: Ditto|63/100 par
|move|p1a: Ditto|Flamethrower|p2a: Zekrom
|-resisted|p2a: Zekrom
|-damage|p2a: Zekrom|0 fnt
|faint|p2a: Zekrom
|
|upkeep
|
|t:|1599684502
|switch|p2a: Zacian|Zacian-Crowned|100/100
|-damage|p2a: Zacian|94/100|[from] Stealth Rock
|-ability|p2a: Zacian|Intrepid Sword|boost
|-boost|p2a: Zacian|atk|1
|turn|24
|
|t:|1599684516
|switch|p1a: Lunala|Lunala|39/100
|-activate|p1a: Lunala|move: Sticky Web
|-unboost|p1a: Lunala|spe|1
|move|p2a: Zacian|Behemoth Blade|p1a: Lunala
|-damage|p1a: Lunala|0 fnt
|faint|p1a: Lunala
|
|upkeep
|
|t:|1599684526
|switch|p1a: Ditto|Ditto|63/100 par
|-activate|p1a: Ditto|move: Sticky Web
|-unboost|p1a: Ditto|spe|1
|-transform|p1a: Ditto|p2a: Zacian|[from] ability: Imposter
|-ability|p1a: Ditto|Intrepid Sword|boost
|-boost|p1a: Ditto|atk|1
|turn|25
|
|t:|1599684548
|move|p2a: Zacian|Behemoth Blade|p1a: Ditto
|-crit|p1a: Ditto
|-damage|p1a: Ditto|0 fnt
|faint|p1a: Ditto
|
|upkeep
|
|t:|1599684558
|switch|p1a: Zacian|Zacian-Crowned|100/100
|-activate|p1a: Zacian|move: Sticky Web
|-unboost|p1a: Zacian|spe|1
|-ability|p1a: Zacian|Intrepid Sword|boost
|-boost|p1a: Zacian|atk|1
|turn|26
|
|t:|1599684574
|move|p2a: Zacian|Behemoth Blade|p1a: Zacian
|-damage|p1a: Zacian|6/100
|move|p1a: Zacian|Close Combat|p2a: Zacian
|-damage|p2a: Zacian|28/100
|-unboost|p1a: Zacian|def|1
|-unboost|p1a: Zacian|spd|1
|
|upkeep
|turn|27
|
|t:|1599684590
|move|p2a: Zacian|Crunch|p1a: Zacian
|-resisted|p1a: Zacian
|-damage|p1a: Zacian|0 fnt
|faint|p1a: Zacian
|
|win|85792195wwww
