|j|☆LT Ubers
|j|☆SSaki Haise
|player|p1|LT Ubers|lance-gen1rb|1530
|player|p2|SSaki Haise|165|1537
|teamsize|p1|6
|teamsize|p2|6
|gametype|singles
|gen|8
|tier|[Gen 8] Ubers
|rated|
|clearpoke
|poke|p1|Necrozma-Dusk-Mane|
|poke|p1|Toxapex, F|
|poke|p1|Ditto|
|poke|p1|Corviknight, F|
|poke|p1|Umbreon, M|
|poke|p1|Eternatus|
|poke|p2|Lunala|
|poke|p2|Rotom-Wash|
|poke|p2|Eternatus|
|poke|p2|Quagsire, F|
|poke|p2|Chansey, F|
|poke|p2|Zacian-Crowned|
|rule|Sleep Clause Mod: Limit one foe put to sleep
|rule|Species Clause: Limit one of each Pokémon
|rule|OHKO Clause: OHKO moves are banned
|rule|Evasion Moves Clause: Evasion moves are banned
|rule|Endless Battle Clause: Forcing endless battles is banned
|rule|HP Percentage Mod: HP is shown in percentages
|html|Ubers Dynamax Clause: Pokémon on the <a href="https://www.smogon.com/dex/ss/formats/uber/">Ubers Dynamax Banlist</a> cannot Dynamax.
|teampreview
|j| Chunkomucho
|
|start
|switch|p1a: Necrozma|Necrozma-Dusk-Mane|100/100
|switch|p2a: Lunala|Lunala|100/100
|turn|1
|
|move|p2a: Lunala|Moongeist Beam|p1a: Necrozma
|-supereffective|p1a: Necrozma
|-damage|p1a: Necrozma|8/100
|move|p1a: Necrozma|Knock Off|p2a: Lunala
|-supereffective|p2a: Lunala
|-damage|p2a: Lunala|39/100
|-enditem|p2a: Lunala|Choice Specs|[from] move: Knock Off|[of] p1a: Necrozma
|
|-heal|p1a: Necrozma|14/100|[from] item: Leftovers
|upkeep
|turn|2
|
|switch|p1a: Umbreon|Umbreon, M|100/100
|move|p2a: Lunala|Moongeist Beam|p1a: Umbreon
|-resisted|p1a: Umbreon
|-damage|p1a: Umbreon|87/100
|
|-heal|p1a: Umbreon|93/100|[from] item: Leftovers
|upkeep
|turn|3
|
|switch|p2a: Zacian|Zacian-Crowned|100/100
|-ability|p2a: Zacian|Intrepid Sword|boost
|-boost|p2a: Zacian|atk|1
|move|p1a: Umbreon|Foul Play|p2a: Zacian
|-resisted|p2a: Zacian
|-damage|p2a: Zacian|53/100
|
|-heal|p1a: Umbreon|99/100|[from] item: Leftovers
|upkeep
|turn|4
|
|switch|p1a: Toxapex|Toxapex, F|100/100
|move|p2a: Zacian|Close Combat|p1a: Toxapex
|-resisted|p1a: Toxapex
|-damage|p1a: Toxapex|75/100
|-unboost|p2a: Zacian|def|1
|-unboost|p2a: Zacian|spd|1
|
|upkeep
|turn|5
|
|move|p2a: Zacian|Wild Charge|p1a: Toxapex
|-supereffective|p1a: Toxapex
|-damage|p1a: Toxapex|0 fnt
|-damage|p2a: Zacian|36/100|[from] Recoil
|faint|p1a: Toxapex
|
|upkeep
|
|switch|p1a: Eternatus|Eternatus|100/100
|-ability|p1a: Eternatus|Pressure
|turn|6
|
|switch|p2a: Chansey|Chansey, F|100/100
|move|p1a: Eternatus|Toxic|p2a: Chansey
|-status|p2a: Chansey|tox
|
|-damage|p2a: Chansey|94/100 tox|[from] psn
|upkeep
|turn|7
|
|switch|p1a: Necrozma|Necrozma-Dusk-Mane|14/100
|move|p2a: Chansey|Stealth Rock|p1a: Necrozma
|-sidestart|p1: LT Ubers|move: Stealth Rock
|
|-heal|p1a: Necrozma|20/100|[from] item: Leftovers
|-damage|p2a: Chansey|82/100 tox|[from] psn
|upkeep
|turn|8
|
|move|p1a: Necrozma|Stealth Rock|p2a: Chansey
|-sidestart|p2: SSaki Haise|move: Stealth Rock
|move|p2a: Chansey|Teleport|p2a: Chansey
|
|switch|p2a: Lunala|Lunala|39/100|[from]move: Teleport
|-damage|p2a: Lunala|27/100|[from] Stealth Rock
|
|-heal|p1a: Necrozma|26/100|[from] item: Leftovers
|upkeep
|turn|9
|
|switch|p2a: Zacian|Zacian-Crowned|36/100
|-damage|p2a: Zacian|30/100|[from] Stealth Rock
|-ability|p2a: Zacian|Intrepid Sword|boost
|-boost|p2a: Zacian|atk|1
|switch|p1a: Umbreon|Umbreon, M|99/100
|-damage|p1a: Umbreon|87/100|[from] Stealth Rock
|
|-heal|p1a: Umbreon|93/100|[from] item: Leftovers
|upkeep
|turn|10
|
|switch|p1a: Corviknight|Corviknight, F|100/100
|-damage|p1a: Corviknight|88/100|[from] Stealth Rock
|-ability|p1a: Corviknight|Pressure
|move|p2a: Zacian|Behemoth Blade|p1a: Corviknight
|-resisted|p1a: Corviknight
|-damage|p1a: Corviknight|58/100
|
|-heal|p1a: Corviknight|64/100|[from] item: Leftovers
|upkeep
|turn|11
|
|switch|p1a: Eternatus|Eternatus|100/100
|-damage|p1a: Eternatus|88/100|[from] Stealth Rock
|-ability|p1a: Eternatus|Pressure
|move|p2a: Zacian|Wild Charge|p1a: Eternatus
|-resisted|p1a: Eternatus
|-damage|p1a: Eternatus|65/100
|-damage|p2a: Zacian|22/100|[from] Recoil
|
|upkeep
|turn|12
|
|move|p2a: Zacian|Behemoth Blade|p1a: Eternatus
|-damage|p1a: Eternatus|0 fnt
|faint|p1a: Eternatus
|
|upkeep
|
|switch|p1a: Ditto|Ditto|100/100
|-damage|p1a: Ditto|88/100|[from] Stealth Rock
|-transform|p1a: Ditto|p2a: Zacian|[from] ability: Imposter
|-ability|p1a: Ditto|Intrepid Sword|boost
|-boost|p1a: Ditto|atk|1
|turn|13
|
|switch|p2a: Quagsire|Quagsire, F|100/100
|-damage|p2a: Quagsire|94/100|[from] Stealth Rock
|move|p1a: Ditto|Behemoth Blade|p2a: Quagsire
|-resisted|p2a: Quagsire
|-damage|p2a: Quagsire|72/100
|
|-heal|p2a: Quagsire|78/100|[from] item: Leftovers
|upkeep
|turn|14
|-message|LT Ubers forfeited.
|
|win|SSaki Haise
|j| S-Matricks
|l|☆LT Ubers
|raw|LT Ubers's rating: 1531 &rarr; <strong>1511</strong><br />(-20 for losing)
|raw|SSaki Haise's rating: 1537 &rarr; <strong>1557</strong><br />(+20 for winning)
|l| S-Matricks
