|j|☆Dr.camma
|j|☆Lacalvaz
|player|p1|Dr.camma|doctor|1494
|player|p2|Lacalvaz|li|1448
|teamsize|p1|6
|teamsize|p2|6
|gametype|singles
|gen|8
|tier|[Gen 8] Ubers
|rated|
|rule|Sleep Clause Mod: Limit one foe put to sleep
|rule|Species Clause: Limit one of each Pokémon
|rule|OHKO Clause: OHKO moves are banned
|rule|Evasion Moves Clause: Evasion moves are banned
|rule|Endless Battle Clause: Forcing endless battles is banned
|rule|HP Percentage Mod: HP is shown in percentages
|clearpoke
|poke|p1|Zacian-*|
|poke|p1|Barraskewda, M|
|poke|p1|Pelipper, M|
|poke|p1|Darmanitan-Galar, M|
|poke|p1|Ferrothorn, M|
|poke|p1|Sableye, M|
|poke|p2|Zacian-*|
|poke|p2|Arcanine, F|
|poke|p2|Excadrill, M|
|poke|p2|Ditto|
|poke|p2|Gothitelle, M|
|poke|p2|Eternatus|
|teampreview
|c|☆Lacalvaz|Gl
|
|start
|switch|p1a: Sableye|Sableye, M|100/100
|switch|p2a: Inuarashi|Arcanine, F, shiny|100/100
|-ability|p2a: Inuarashi|Intimidate|boost
|-unboost|p1a: Sableye|atk|1
|turn|1
|
|move|p1a: Sableye|Rain Dance|p1a: Sableye
|-weather|RainDance
|move|p2a: Inuarashi|Flamethrower|p1a: Sableye
|-damage|p1a: Sableye|84/100
|-status|p1a: Sableye|brn
|
|-weather|RainDance|[upkeep]
|-damage|p1a: Sableye|78/100 brn|[from] brn
|upkeep
|turn|2
|
|move|p2a: Inuarashi|Sunny Day|p2a: Inuarashi
|-weather|SunnyDay
|move|p1a: Sableye|Knock Off|p2a: Inuarashi
|-damage|p2a: Inuarashi|93/100
|-enditem|p2a: Inuarashi|Heavy-Duty Boots|[from] move: Knock Off|[of] p1a: Sableye
|
|-weather|SunnyDay|[upkeep]
|-damage|p1a: Sableye|72/100 brn|[from] brn
|upkeep
|turn|3
|
|switch|p2a: Cactus|Eternatus|100/100
|-ability|p2a: Cactus|Pressure
|move|p1a: Sableye|Disable||[still]
|-fail|p1a: Sableye
|
|-weather|SunnyDay|[upkeep]
|-damage|p1a: Sableye|67/100 brn|[from] brn
|upkeep
|turn|4
|
|move|p1a: Sableye|Rain Dance|p1a: Sableye
|-weather|RainDance
|move|p2a: Cactus|Substitute|p2a: Cactus
|-start|p2a: Cactus|Substitute
|-damage|p2a: Cactus|76/100
|
|-weather|RainDance|[upkeep]
|-heal|p2a: Cactus|82/100|[from] item: Black Sludge
|-damage|p1a: Sableye|61/100 brn|[from] brn
|upkeep
|turn|5
|
|switch|p1a: Darmanitan|Darmanitan-Galar, M|100/100
|move|p2a: Cactus|Flamethrower|p1a: Darmanitan
|-supereffective|p1a: Darmanitan
|-damage|p1a: Darmanitan|46/100
|
|-weather|RainDance|[upkeep]
|-heal|p2a: Cactus|88/100|[from] item: Black Sludge
|upkeep
|turn|6
|
|move|p1a: Darmanitan|Icicle Crash|p2a: Cactus
|-supereffective|p2a: Cactus
|-end|p2a: Cactus|Substitute
|move|p2a: Cactus|Flamethrower|p1a: Darmanitan
|-supereffective|p1a: Darmanitan
|-damage|p1a: Darmanitan|0 fnt
|faint|p1a: Darmanitan
|
|-weather|RainDance|[upkeep]
|-heal|p2a: Cactus|94/100|[from] item: Black Sludge
|upkeep
|
|switch|p1a: Barraskewda|Barraskewda, M|100/100
|turn|7
|
|switch|p2a: Inuarashi|Arcanine, F, shiny|93/100
|-ability|p2a: Inuarashi|Intimidate|boost
|-unboost|p1a: Barraskewda|atk|1
|-start|p1a: Barraskewda|Dynamax
|-heal|p1a: Barraskewda|100/100|[silent]
|move|p1a: Barraskewda|Max Mindstorm|p2a: Inuarashi
|-damage|p2a: Inuarashi|63/100
|-fieldstart|move: Psychic Terrain
|-damage|p1a: Barraskewda|96/100|[from] item: Life Orb
|
|-weather|RainDance|[upkeep]
|upkeep
|turn|8
|
|switch|p2a: Cactus|Eternatus|94/100
|-ability|p2a: Cactus|Pressure
|move|p1a: Barraskewda|Max Knuckle|p2a: Cactus
|-resisted|p2a: Cactus
|-damage|p2a: Cactus|80/100
|-boost|p1a: Barraskewda|atk|1
|-damage|p1a: Barraskewda|91/100|[from] item: Life Orb
|
|-weather|RainDance|[upkeep]
|-heal|p2a: Cactus|86/100|[from] item: Black Sludge
|upkeep
|turn|9
|
|switch|p2a: Inuarashi|Arcanine, F, shiny|63/100
|-ability|p2a: Inuarashi|Intimidate|boost
|-unboost|p1a: Barraskewda|atk|1
|move|p1a: Barraskewda|Max Mindstorm|p2a: Inuarashi
|-damage|p2a: Inuarashi|21/100
|-damage|p1a: Barraskewda|86/100|[from] item: Life Orb
|
|-weather|RainDance|[upkeep]
|-end|p1a: Barraskewda|Dynamax
|-heal|p1a: Barraskewda|86/100|[silent]
|upkeep
|turn|10
|
|move|p1a: Barraskewda|Crunch|p2a: Inuarashi
|-damage|p2a: Inuarashi|2/100
|-unboost|p2a: Inuarashi|def|1
|-damage|p1a: Barraskewda|76/100|[from] item: Life Orb
|move|p2a: Inuarashi|Sunny Day|p2a: Inuarashi
|-weather|SunnyDay
|
|-weather|SunnyDay|[upkeep]
|upkeep
|turn|11
|
|switch|p1a: Sableye|Sableye, M|61/100 brn
|move|p2a: Inuarashi|Solar Beam||[still]
|-prepare|p2a: Inuarashi|Solar Beam|p1a: Sableye
|-anim|p2a: Inuarashi|Solar Beam|p1a: Sableye
|-crit|p1a: Sableye
|-damage|p1a: Sableye|16/100 brn
|
|-weather|SunnyDay|[upkeep]
|-damage|p1a: Sableye|10/100 brn|[from] brn
|-fieldend|move: Psychic Terrain
|upkeep
|turn|12
|
|move|p2a: Inuarashi|Sunny Day||[still]
|-fail|p2a: Inuarashi
|move|p1a: Sableye|Knock Off|p2a: Inuarashi
|-damage|p2a: Inuarashi|0 fnt
|faint|p2a: Inuarashi
|
|-weather|SunnyDay|[upkeep]
|-damage|p1a: Sableye|4/100 brn|[from] brn
|upkeep
|
|switch|p2a: Zoro|Zacian-Crowned|100/100
|-ability|p2a: Zoro|Intrepid Sword|boost
|-boost|p2a: Zoro|atk|1
|turn|13
|
|move|p1a: Sableye|Will-O-Wisp|p2a: Zoro
|-status|p2a: Zoro|brn
|move|p2a: Zoro|Substitute|p2a: Zoro
|-start|p2a: Zoro|Substitute
|-damage|p2a: Zoro|76/100 brn
|
|-weather|SunnyDay|[upkeep]
|-damage|p2a: Zoro|69/100 brn|[from] brn
|-damage|p1a: Sableye|0 fnt|[from] brn
|faint|p1a: Sableye
|upkeep
|
|switch|p1a: Pelipper|Pelipper, M|100/100
|-weather|RainDance|[from] ability: Drizzle|[of] p1a: Pelipper
|turn|14
|
|move|p2a: Zoro|Play Rough|p1a: Pelipper
|-damage|p1a: Pelipper|70/100
|move|p1a: Pelipper|Scald|p2a: Zoro
|-end|p2a: Zoro|Substitute
|
|-weather|RainDance|[upkeep]
|-damage|p2a: Zoro|63/100 brn|[from] brn
|upkeep
|turn|15
|
|switch|p2a: Cactus|Eternatus|86/100
|-ability|p2a: Cactus|Pressure
|move|p1a: Pelipper|U-turn|p2a: Cactus
|-resisted|p2a: Cactus
|-damage|p2a: Cactus|83/100
|
|switch|p1a: Zacian|Zacian-Crowned|100/100|[from]move: U-turn
|-ability|p1a: Zacian|Intrepid Sword|boost
|-boost|p1a: Zacian|atk|1
|
|-weather|RainDance|[upkeep]
|-heal|p2a: Cactus|89/100|[from] item: Black Sludge
|upkeep
|turn|16
|
|move|p1a: Zacian|Behemoth Blade|p2a: Cactus
|-damage|p2a: Cactus|11/100
|move|p2a: Cactus|Flamethrower|p1a: Zacian
|-supereffective|p1a: Zacian
|-damage|p1a: Zacian|70/100
|-status|p1a: Zacian|brn
|
|-weather|RainDance|[upkeep]
|-heal|p2a: Cactus|17/100|[from] item: Black Sludge
|-damage|p1a: Zacian|64/100 brn|[from] brn
|upkeep
|turn|17
|
|move|p1a: Zacian|Behemoth Blade|p2a: Cactus
|-damage|p2a: Cactus|0 fnt
|faint|p2a: Cactus
|
|-weather|RainDance|[upkeep]
|-damage|p1a: Zacian|57/100 brn|[from] brn
|upkeep
|
|switch|p2a: Ryota kise|Ditto|100/100
|-transform|p2a: Ryota kise|p1a: Zacian|[from] ability: Imposter
|-ability|p2a: Ryota kise|Intrepid Sword|boost
|-boost|p2a: Ryota kise|atk|1
|turn|18
|
|switch|p1a: Ferrothorn|Ferrothorn, M|100/100
|move|p2a: Ryota kise|Behemoth Blade|p1a: Ferrothorn
|-resisted|p1a: Ferrothorn
|-damage|p1a: Ferrothorn|64/100
|-damage|p2a: Ryota kise|88/100|[from] ability: Iron Barbs|[of] p1a: Ferrothorn
|
|-weather|RainDance|[upkeep]
|-heal|p1a: Ferrothorn|70/100|[from] item: Leftovers
|upkeep
|turn|19
|
|switch|p2a: Zoro|Zacian-Crowned|63/100 brn
|-ability|p2a: Zoro|Intrepid Sword|boost
|-boost|p2a: Zoro|atk|1
|move|p1a: Ferrothorn|Knock Off|p2a: Zoro
|-resisted|p2a: Zoro
|-damage|p2a: Zoro|56/100 brn
|
|-weather|RainDance|[upkeep]
|-heal|p1a: Ferrothorn|76/100|[from] item: Leftovers
|-damage|p2a: Zoro|50/100 brn|[from] brn
|upkeep
|turn|20
|
|move|p2a: Zoro|Fire Fang|p1a: Ferrothorn
|-supereffective|p1a: Ferrothorn
|-damage|p1a: Ferrothorn|53/100
|-damage|p2a: Zoro|38/100 brn|[from] ability: Iron Barbs|[of] p1a: Ferrothorn
|move|p1a: Ferrothorn|Gyro Ball|p2a: Zoro
|-damage|p2a: Zoro|0 fnt
|faint|p2a: Zoro
|
|-weather|RainDance|[upkeep]
|-heal|p1a: Ferrothorn|59/100|[from] item: Leftovers
|upkeep
|
|switch|p2a: Mino|Excadrill, M, shiny|100/100
|-ability|p2a: Mino|Mold Breaker
|turn|21
|
|move|p2a: Mino|Earthquake|p1a: Ferrothorn
|-damage|p1a: Ferrothorn|26/100
|move|p1a: Ferrothorn|Knock Off|p2a: Mino
|-damage|p2a: Mino|67/100
|-enditem|p2a: Mino|Choice Scarf|[from] move: Knock Off|[of] p1a: Ferrothorn
|
|-weather|none
|-heal|p1a: Ferrothorn|32/100|[from] item: Leftovers
|upkeep
|turn|22
|
|move|p2a: Mino|Earthquake|p1a: Ferrothorn
|-damage|p1a: Ferrothorn|0 fnt
|faint|p1a: Ferrothorn
|
|upkeep
|
|switch|p1a: Pelipper|Pelipper, M|70/100
|-weather|RainDance|[from] ability: Drizzle|[of] p1a: Pelipper
|turn|23
|
|switch|p2a: La La La La|Gothitelle, M|100/100
|move|p1a: Pelipper|Roost|p1a: Pelipper
|-heal|p1a: Pelipper|100/100
|-singleturn|p1a: Pelipper|move: Roost
|
|-weather|RainDance|[upkeep]
|upkeep
|turn|24
|
|-start|p2a: La La La La|Dynamax
|-heal|p2a: La La La La|100/100|[silent]
|move|p2a: La La La La|Max Overgrowth|p1a: Pelipper
|-damage|p1a: Pelipper|45/100
|-fieldstart|move: Grassy Terrain
|move|p1a: Pelipper|U-turn|p2a: La La La La
|-supereffective|p2a: La La La La
|-damage|p2a: La La La La|91/100
|
|switch|p1a: Zacian|Zacian-Crowned|57/100 brn|[from]move: U-turn
|-ability|p1a: Zacian|Intrepid Sword|boost
|-boost|p1a: Zacian|atk|1
|
|-weather|RainDance|[upkeep]
|-heal|p1a: Zacian|64/100 brn|[from] Grassy Terrain
|-heal|p2a: La La La La|94/100|[from] item: Leftovers
|-heal|p2a: La La La La|97/100|[from] Grassy Terrain
|-damage|p1a: Zacian|57/100 brn|[from] brn
|upkeep
|turn|25
|
|-end|p2a: La La La La|Dynamax
|-heal|p2a: La La La La|97/100|[silent]
|switch|p2a: Mino|Excadrill, M, shiny|67/100
|-ability|p2a: Mino|Mold Breaker
|move|p1a: Zacian|Behemoth Blade|p2a: Mino
|-resisted|p2a: Mino
|-damage|p2a: Mino|32/100
|
|-weather|RainDance|[upkeep]
|-heal|p1a: Zacian|64/100 brn|[from] Grassy Terrain
|-heal|p2a: Mino|38/100|[from] Grassy Terrain
|-damage|p1a: Zacian|57/100 brn|[from] brn
|upkeep
|turn|26
|
|move|p1a: Zacian|Behemoth Blade|p2a: Mino
|-resisted|p2a: Mino
|-damage|p2a: Mino|2/100
|move|p2a: Mino|Stealth Rock|p1a: Zacian
|-sidestart|p1: Dr.camma|move: Stealth Rock
|
|-weather|RainDance|[upkeep]
|-heal|p1a: Zacian|64/100 brn|[from] Grassy Terrain
|-heal|p2a: Mino|8/100|[from] Grassy Terrain
|-damage|p1a: Zacian|57/100 brn|[from] brn
|upkeep
|turn|27
|
|move|p1a: Zacian|Crunch|p2a: Mino
|-damage|p2a: Mino|0 fnt
|faint|p2a: Mino
|
|-weather|RainDance|[upkeep]
|-heal|p1a: Zacian|64/100 brn|[from] Grassy Terrain
|-damage|p1a: Zacian|57/100 brn|[from] brn
|upkeep
|
|switch|p2a: Ryota kise|Ditto|88/100
|-transform|p2a: Ryota kise|p1a: Zacian|[from] ability: Imposter
|-ability|p2a: Ryota kise|Intrepid Sword|boost
|-boost|p2a: Ryota kise|atk|1
|turn|28
|
|move|p2a: Ryota kise|Behemoth Blade|p1a: Zacian
|-damage|p1a: Zacian|0 fnt
|faint|p1a: Zacian
|
|-weather|RainDance|[upkeep]
|-heal|p2a: Ryota kise|94/100|[from] Grassy Terrain
|-fieldend|move: Grassy Terrain
|upkeep
|
|switch|p1a: Barraskewda|Barraskewda, M|76/100
|-damage|p1a: Barraskewda|64/100|[from] Stealth Rock
|turn|29
|
|switch|p2a: La La La La|Gothitelle, M|97/100
|move|p1a: Barraskewda|Liquidation|p2a: La La La La
|-damage|p2a: La La La La|0 fnt
|-damage|p1a: Barraskewda|54/100|[from] item: Life Orb
|faint|p2a: La La La La
|
|-weather|RainDance|[upkeep]
|upkeep
|
|switch|p2a: Ryota kise|Ditto|94/100
|-transform|p2a: Ryota kise|p1a: Barraskewda|[from] ability: Imposter
|turn|30
|
|move|p2a: Ryota kise|Liquidation|p1a: Barraskewda
|-resisted|p1a: Barraskewda
|-damage|p1a: Barraskewda|0 fnt
|faint|p1a: Barraskewda
|
|-weather|none
|upkeep
|
|switch|p1a: Pelipper|Pelipper, M|45/100
|-damage|p1a: Pelipper|21/100|[from] Stealth Rock
|-weather|RainDance|[from] ability: Drizzle|[of] p1a: Pelipper
|turn|31
|
|move|p2a: Ryota kise|Liquidation|p1a: Pelipper
|-resisted|p1a: Pelipper
|-damage|p1a: Pelipper|0 fnt
|faint|p1a: Pelipper
|
|win|Lacalvaz
|raw|Dr.camma's rating: 1494 &rarr; <strong>1472</strong><br />(-22 for losing)
|raw|Lacalvaz's rating: 1448 &rarr; <strong>1471</strong><br />(+23 for winning)
|l|☆Dr.camma
