|raw|<div class="broadcast-blue"><strong>This battle is required to be public due to a player having a name starting with 'ult9ns'.</div>
|j|☆ult9ns Gros Nul
|j|☆crottefeu
|t:|1653648383
|gametype|singles
|player|p1|ult9ns Gros Nul|biker-gen4|1515
|player|p2|crottefeu|lucas|1500
|teamsize|p1|6
|teamsize|p2|6
|gen|8
|tier|[Gen 8] Ubers
|rated|
|rule|Sleep Clause Mod: Limit one foe put to sleep
|rule|Species Clause: Limit one of each Pokémon
|rule|OHKO Clause: OHKO moves are banned
|rule|Evasion Moves Clause: Evasion moves are banned
|rule|Endless Battle Clause: Forcing endless battles is banned
|rule|HP Percentage Mod: HP is shown in percentages
|rule|Dynamax Clause: You cannot dynamax
|clearpoke
|poke|p1|Froslass, F|
|poke|p1|Kyurem-Black|
|poke|p1|Glalie, F|
|poke|p1|Cloyster, F|
|poke|p1|Weavile, F|
|poke|p1|Darmanitan-Galar, M|
|poke|p2|Ditto|
|poke|p2|Lunala|
|poke|p2|Toxapex, F|
|poke|p2|Yveltal|
|poke|p2|Blissey, F|
|poke|p2|Zygarde|
|teampreview
|c|☆crottefeu|hm
|c|☆ult9ns Gros Nul|aïe
|c|☆crottefeu|bah voyons
|c|☆crottefeu|tu utilises mes teams
|c|☆crottefeu|mtn
|c|☆ult9ns Gros Nul|bah tu me les donnes
|c|☆ult9ns Gros Nul|je les utilise
|c|☆crottefeu|jles ai post partout
|
|t:|1653648418
|start
|switch|p1a: Froslass|Froslass, F|100/100
|switch|p2a: Ditto|Ditto|100/100
|-transform|p2a: Ditto|p1a: Froslass|[from] ability: Imposter
|turn|1
|c|☆crottefeu|jme souviens pas
|
|t:|1653648422
|move|p2a: Ditto|Taunt|p1a: Froslass
|-start|p1a: Froslass|move: Taunt
|cant|p1a: Froslass|move: Taunt|Spikes
|
|upkeep
|turn|2
|
|t:|1653648432
|switch|p2a: Toxapex|Toxapex, F|100/100
|switch|p1a: Kyurem|Kyurem-Black|100/100
|-ability|p1a: Kyurem|Teravolt
|
|upkeep
|turn|3
|
|t:|1653648438
|move|p1a: Kyurem|Dragon Dance|p1a: Kyurem
|-boost|p1a: Kyurem|atk|1
|-boost|p1a: Kyurem|spe|1
|move|p2a: Toxapex|Toxic Spikes|p1a: Kyurem
|-sidestart|p1: ult9ns Gros Nul|move: Toxic Spikes
|
|upkeep
|turn|4
|
|t:|1653648444
|switch|p2a: Yveltal|Yveltal|100/100
|-ability|p2a: Yveltal|Dark Aura
|move|p1a: Kyurem|Fusion Bolt|p2a: Yveltal
|-supereffective|p2a: Yveltal
|-damage|p2a: Yveltal|3/100
|
|upkeep
|turn|5
|
|t:|1653648449
|move|p1a: Kyurem|Fusion Bolt|p2a: Yveltal
|-supereffective|p2a: Yveltal
|-damage|p2a: Yveltal|0 fnt
|faint|p2a: Yveltal
|
|upkeep
|
|t:|1653648451
|switch|p2a: Ditto|Ditto|100/100
|-transform|p2a: Ditto|p1a: Kyurem|[from] ability: Imposter
|-ability|p2a: Ditto|Teravolt
|turn|6
|
|t:|1653648455
|move|p2a: Ditto|Icicle Spear|p1a: Kyurem
|-damage|p1a: Kyurem|79/100
|-damage|p1a: Kyurem|57/100
|-damage|p1a: Kyurem|36/100
|-hitcount|p1a: Kyurem|3
|move|p1a: Kyurem|Icicle Spear|p2a: Ditto
|-damage|p2a: Ditto|74/100
|-damage|p2a: Ditto|49/100
|-damage|p2a: Ditto|22/100
|-damage|p2a: Ditto|0 fnt
|faint|p2a: Ditto
|-hitcount|p2: Ditto|4
|
|upkeep
|c|☆crottefeu|oopsi
|
|t:|1653648462
|switch|p2a: Lunala|Lunala|100/100
|turn|7
|
|t:|1653648466
|move|p1a: Kyurem|Fling|p2a: Lunala
|-supereffective|p2a: Lunala
|-damage|p2a: Lunala|0 fnt
|-enditem|p1a: Kyurem|TR43|[from] move: Fling
|faint|p2a: Lunala
|
|upkeep
|
|t:|1653648468
|switch|p2a: Toxapex|Toxapex, F|100/100
|turn|8
|
|t:|1653648470
|move|p1a: Kyurem|Fusion Bolt|p2a: Toxapex
|-supereffective|p2a: Toxapex
|-damage|p2a: Toxapex|26/100
|move|p2a: Toxapex|Haze|p2a: Toxapex
|-clearallboost
|
|upkeep
|turn|9
|c|☆crottefeu|kb pute
|
|t:|1653648483
|move|p1a: Kyurem|Dragon Dance|p1a: Kyurem
|-boost|p1a: Kyurem|atk|1
|-boost|p1a: Kyurem|spe|1
|move|p2a: Toxapex|Scald|p1a: Kyurem
|-resisted|p1a: Kyurem
|-damage|p1a: Kyurem|29/100
|
|upkeep
|turn|10
|c|☆crottefeu|mon kb en plsu
|
|t:|1653648490
|move|p1a: Kyurem|Fusion Bolt|p2a: Toxapex
|-supereffective|p2a: Toxapex
|-damage|p2a: Toxapex|0 fnt
|faint|p2a: Toxapex
|
|upkeep
|
|t:|1653648491
|switch|p2a: Zygarde|Zygarde|100/100
|turn|11
|-message|crottefeu forfeited.
|
|win|ult9ns Gros Nul
|raw|ult9ns Gros Nul's rating: 1515 &rarr; <strong>1534</strong><br />(+19 for winning)
|raw|crottefeu's rating: 1500 &rarr; <strong>1481</strong><br />(-19 for losing)
|l|☆crottefeu
|j| ULT9NS Flatemo
|c|☆ult9ns Gros Nul|flatémo
|c|☆ult9ns Gros Nul|see how to beat stall
||Ladder isn't responding, score probably updated but might not have (Request timeout).
