|j|☆Can't Comprehend
|j|☆Rell27
|t:|1627358761
|gametype|singles
|player|p1|Can't Comprehend|acetrainer-gen4dp|1415
|player|p2|Rell27|1|1514
|teamsize|p1|6
|teamsize|p2|6
|gen|8
|tier|[Gen 8] Ubers
|rated|
|rule|Sleep Clause Mod: Limit one foe put to sleep
|rule|Species Clause: Limit one of each Pokémon
|rule|OHKO Clause: OHKO moves are banned
|rule|Evasion Moves Clause: Evasion moves are banned
|rule|Endless Battle Clause: Forcing endless battles is banned
|rule|HP Percentage Mod: HP is shown in percentages
|rule|Dynamax Clause: You cannot dynamax
|clearpoke
|poke|p1|Darmanitan-Galar, F|
|poke|p1|Necrozma-Dusk-Mane|
|poke|p1|Palkia|
|poke|p1|Xerneas-*|
|poke|p1|Yveltal|
|poke|p1|Groudon|
|poke|p2|Eternatus|
|poke|p2|Necrozma-Dusk-Mane|
|poke|p2|Marshadow|
|poke|p2|Xerneas-*|
|poke|p2|Yveltal|
|poke|p2|Ho-Oh|
|teampreview
|inactive|Battle timer is ON: inactive players will automatically lose when time's up. (requested by Can't Comprehend)
|
|t:|1627358769
|start
|switch|p1a: Darmanitan|Darmanitan-Galar, F|100/100
|switch|p2a: Necrozma|Necrozma-Dusk-Mane|100/100
|turn|1
|
|t:|1627358775
|move|p1a: Darmanitan|U-turn|p2a: Necrozma
|-damage|p2a: Necrozma|71/100
|
|t:|1627358778
|switch|p1a: Necrozma|Necrozma-Dusk-Mane|100/100|[from]move: U-turn
|move|p2a: Necrozma|Stealth Rock|p1a: Necrozma
|-sidestart|p1: Can't Comprehend|move: Stealth Rock
|
|upkeep
|turn|2
|
|t:|1627358781
|switch|p2a: Yveltal|Yveltal|100/100
|-ability|p2a: Yveltal|Dark Aura
|move|p1a: Necrozma|Stealth Rock|p2a: Yveltal
|-sidestart|p2: Rell27|move: Stealth Rock
|
|upkeep
|turn|3
|
|t:|1627358791
|switch|p1a: Yveltal|Yveltal|100/100
|-ability|p1a: Yveltal|Dark Aura
|move|p2a: Yveltal|Knock Off|p1a: Yveltal
|-resisted|p1a: Yveltal
|-crit|p1a: Yveltal
|-damage|p1a: Yveltal|51/100
|-enditem|p1a: Yveltal|Heavy-Duty Boots|[from] move: Knock Off|[of] p2a: Yveltal
|-damage|p2a: Yveltal|91/100|[from] item: Life Orb
|
|upkeep
|turn|4
|
|t:|1627358800
|switch|p2a: Xerneas|Xerneas|100/100
|-damage|p2a: Xerneas|88/100|[from] Stealth Rock
|-ability|p2a: Xerneas|Fairy Aura
|move|p1a: Yveltal|Roost|p1a: Yveltal
|-heal|p1a: Yveltal|100/100
|-singleturn|p1a: Yveltal|move: Roost
|
|upkeep
|turn|5
|j| Mondograssz
|
|t:|1627358808
|switch|p1a: Necrozma|Necrozma-Dusk-Mane|100/100
|-damage|p1a: Necrozma|94/100|[from] Stealth Rock
|move|p2a: Xerneas|Geomancy||[still]
|-prepare|p2a: Xerneas|Geomancy
|-enditem|p2a: Xerneas|Power Herb
|-anim|p2a: Xerneas|Geomancy|p2a: Xerneas
|-boost|p2a: Xerneas|spa|2
|-boost|p2a: Xerneas|spd|2
|-boost|p2a: Xerneas|spe|2
|
|-heal|p1a: Necrozma|100/100|[from] item: Leftovers
|upkeep
|turn|6
|
|t:|1627358811
|move|p2a: Xerneas|Thunder|p1a: Necrozma|[miss]
|-miss|p2a: Xerneas|p1a: Necrozma
|move|p1a: Necrozma|Sunsteel Strike|p2a: Xerneas
|-supereffective|p2a: Xerneas
|-damage|p2a: Xerneas|0 fnt
|faint|p2a: Xerneas
|
|upkeep
|
|t:|1627358816
|switch|p2a: Yveltal|Yveltal|91/100
|-damage|p2a: Yveltal|66/100|[from] Stealth Rock
|-ability|p2a: Yveltal|Dark Aura
|turn|7
|
|t:|1627358824
|switch|p1a: Yveltal|Yveltal|100/100
|-damage|p1a: Yveltal|76/100|[from] Stealth Rock
|-ability|p1a: Yveltal|Dark Aura
|move|p2a: Yveltal|Dark Pulse|p1a: Yveltal
|-resisted|p1a: Yveltal
|-damage|p1a: Yveltal|42/100
|-damage|p2a: Yveltal|56/100|[from] item: Life Orb
|
|upkeep
|turn|8
|
|t:|1627358829
|move|p2a: Yveltal|Oblivion Wing|p1a: Yveltal
|-damage|p1a: Yveltal|0 fnt
|-heal|p2a: Yveltal|86/100|[from] drain|[of] p1a: Yveltal
|faint|p1a: Yveltal
|-damage|p2a: Yveltal|76/100|[from] item: Life Orb
|
|upkeep
|
|t:|1627358843
|switch|p1a: Xerneas|Xerneas|100/100
|-damage|p1a: Xerneas|88/100|[from] Stealth Rock
|-ability|p1a: Xerneas|Fairy Aura
|turn|9
|
|t:|1627358848
|switch|p2a: Ho-Oh|Ho-Oh|100/100
|move|p1a: Xerneas|Moonblast|p2a: Ho-Oh
|-resisted|p2a: Ho-Oh
|-damage|p2a: Ho-Oh|85/100
|-unboost|p2a: Ho-Oh|spa|1
|
|upkeep
|turn|10
|
|t:|1627358855
|move|p2a: Ho-Oh|Sacred Fire|p1a: Xerneas
|-damage|p1a: Xerneas|59/100
|-status|p1a: Xerneas|brn
|move|p1a: Xerneas|Toxic|p2a: Ho-Oh
|-status|p2a: Ho-Oh|tox
|
|-damage|p2a: Ho-Oh|79/100 tox|[from] psn
|-damage|p1a: Xerneas|53/100 brn|[from] brn
|upkeep
|turn|11
|
|t:|1627358864
|move|p1a: Xerneas|Rest|p1a: Xerneas
|-status|p1a: Xerneas|slp|[from] move: Rest
|-heal|p1a: Xerneas|100/100 slp|[silent]
|-enditem|p1a: Xerneas|Chesto Berry|[eat]
|-curestatus|p1a: Xerneas|slp|[msg]
|move|p2a: Ho-Oh|Whirlwind|p1a: Xerneas
|drag|p1a: Darmanitan|Darmanitan-Galar, F|100/100
|-damage|p1a: Darmanitan|76/100|[from] Stealth Rock
|
|-damage|p2a: Ho-Oh|66/100 tox|[from] psn
|upkeep
|turn|12
|
|t:|1627358871
|switch|p2a: Necrozma|Necrozma-Dusk-Mane|71/100
|-damage|p2a: Necrozma|65/100|[from] Stealth Rock
|move|p1a: Darmanitan|Stone Edge|p2a: Necrozma|[miss]
|-miss|p1a: Darmanitan|p2a: Necrozma
|
|upkeep
|turn|13
|
|t:|1627358881
|switch|p1a: Palkia|Palkia|100/100
|-damage|p1a: Palkia|88/100|[from] Stealth Rock
|-ability|p1a: Palkia|Pressure
|move|p2a: Necrozma|Morning Sun|p2a: Necrozma
|-heal|p2a: Necrozma|100/100
|
|upkeep
|turn|14
|
|t:|1627358887
|switch|p1a: Groudon|Groudon|100/100
|-damage|p1a: Groudon|94/100|[from] Stealth Rock
|-weather|SunnyDay|[from] ability: Drought|[of] p1a: Groudon
|switch|p2a: Eternatus|Eternatus|100/100
|-damage|p2a: Eternatus|88/100|[from] Stealth Rock
|-ability|p2a: Eternatus|Pressure
|
|-weather|SunnyDay|[upkeep]
|upkeep
|turn|15
|
|t:|1627358898
|switch|p2a: Yveltal|Yveltal|76/100
|-damage|p2a: Yveltal|51/100|[from] Stealth Rock
|-ability|p2a: Yveltal|Dark Aura
|move|p1a: Groudon|Earthquake|p2a: Yveltal
|-immune|p2a: Yveltal
|
|-weather|SunnyDay|[upkeep]
|upkeep
|turn|16
|
|t:|1627358905
|move|p1a: Groudon|Thunder Punch|p2a: Yveltal
|-supereffective|p2a: Yveltal
|-damage|p2a: Yveltal|0 fnt
|faint|p2a: Yveltal
|
|-weather|SunnyDay|[upkeep]
|upkeep
|
|t:|1627358910
|switch|p2a: Ho-Oh|Ho-Oh|99/100 tox
|turn|17
|
|t:|1627358915
|move|p1a: Groudon|Stone Edge|p2a: Ho-Oh
|-supereffective|p2a: Ho-Oh
|-damage|p2a: Ho-Oh|0 fnt
|faint|p2a: Ho-Oh
|
|-weather|SunnyDay|[upkeep]
|upkeep
|
|t:|1627358923
|switch|p2a: Necrozma|Necrozma-Dusk-Mane|100/100
|-damage|p2a: Necrozma|94/100|[from] Stealth Rock
|turn|18
|
|t:|1627358927
|move|p1a: Groudon|Earthquake|p2a: Necrozma
|-supereffective|p2a: Necrozma
|-crit|p2a: Necrozma
|-damage|p2a: Necrozma|0 fnt
|faint|p2a: Necrozma
|
|-weather|none
|upkeep
|
|t:|1627358933
|switch|p2a: Eternatus|Eternatus|88/100
|-damage|p2a: Eternatus|76/100|[from] Stealth Rock
|-ability|p2a: Eternatus|Pressure
|turn|19
|
|t:|1627358935
|move|p2a: Eternatus|Dynamax Cannon|p1a: Groudon
|-damage|p1a: Groudon|7/100
|-damage|p2a: Eternatus|66/100|[from] item: Life Orb
|move|p1a: Groudon|Earthquake|p2a: Eternatus
|-supereffective|p2a: Eternatus
|-damage|p2a: Eternatus|0 fnt
|faint|p2a: Eternatus
|
|upkeep
|
|t:|1627358938
|switch|p2a: Marshadow|Marshadow|100/100
|-damage|p2a: Marshadow|94/100|[from] Stealth Rock
|turn|20
|
|t:|1627358956
|move|p2a: Marshadow|Shadow Sneak|p1a: Groudon
|-damage|p1a: Groudon|0 fnt
|faint|p1a: Groudon
|
|upkeep
|
|t:|1627358961
|switch|p1a: Xerneas|Xerneas|100/100
|-damage|p1a: Xerneas|88/100|[from] Stealth Rock
|-ability|p1a: Xerneas|Fairy Aura
|turn|21
|
|t:|1627358964
|move|p2a: Marshadow|Shadow Sneak|p1a: Xerneas
|-damage|p1a: Xerneas|69/100
|move|p1a: Xerneas|Moonblast|p2a: Marshadow
|-supereffective|p2a: Marshadow
|-damage|p2a: Marshadow|0 fnt
|faint|p2a: Marshadow
|
|win|Can't Comprehend
|raw|Can&apos;t Comprehend's rating: 1415 &rarr; <strong>1441</strong><br />(+26 for winning)
|raw|Rell27's rating: 1514 &rarr; <strong>1488</strong><br />(-26 for losing)
|l|☆Rell27
