|j|☆Magikarp4000
|j|☆Sam360games
|t:|1604737907
|player|p1|Magikarp4000|steven|1434
|player|p2|Sam360games|grimsley-gen7|1327
|teamsize|p1|6
|teamsize|p2|6
|gametype|singles
|gen|8
|tier|[Gen 8] Ubers
|rated|
|clearpoke
|poke|p1|Yveltal|
|poke|p1|Kyogre|
|poke|p1|Zacian-Crowned|
|poke|p1|Calyrex-Shadow|
|poke|p1|Zygarde|
|poke|p1|Ho-Oh|
|poke|p2|Ditto|
|poke|p2|Kyogre|
|poke|p2|Marshadow|
|poke|p2|Zacian-Crowned|
|poke|p2|Yveltal|
|poke|p2|Calyrex-Shadow|
|rule|Sleep Clause Mod: Limit one foe put to sleep
|rule|Species Clause: Limit one of each Pokémon
|rule|OHKO Clause: OHKO moves are banned
|rule|Evasion Moves Clause: Evasion moves are banned
|rule|Endless Battle Clause: Forcing endless battles is banned
|rule|HP Percentage Mod: HP is shown in percentages
|teampreview
|c|☆Magikarp4000|glhf
|
|t:|1604737914
|start
|switch|p1a: Kyogre|Kyogre|100/100
|switch|p2a: Fraise|Kyogre, shiny|100/100
|-weather|RainDance|[from] ability: Drizzle|[of] p2a: Fraise
|turn|1
|
|t:|1604737919
|move|p2a: Fraise|Water Spout|p1a: Kyogre
|-resisted|p1a: Kyogre
|-damage|p1a: Kyogre|65/100
|move|p1a: Kyogre|Thunder|p2a: Fraise
|-supereffective|p2a: Fraise
|-damage|p2a: Fraise|33/100
|
|-weather|RainDance|[upkeep]
|upkeep
|turn|2
|
|t:|1604737943
|move|p2a: Fraise|Water Spout|p1a: Kyogre
|-resisted|p1a: Kyogre
|-damage|p1a: Kyogre|56/100
|move|p1a: Kyogre|Thunder|p2a: Fraise
|-supereffective|p2a: Fraise
|-damage|p2a: Fraise|0 fnt
|faint|p2a: Fraise
|
|-weather|RainDance|[upkeep]
|upkeep
|
|t:|1604737949
|switch|p2a: Denji|Calyrex-Shadow|100/100
|-ability|p2a: Denji|As One
|-ability|p2a: Denji|Unnerve|p1: Magikarp4000
|turn|3
|
|t:|1604737953
|switch|p1a: Yveltal|Yveltal|100/100
|-ability|p1a: Yveltal|Dark Aura
|move|p2a: Denji|Astral Barrage|p1a: Yveltal
|-resisted|p1a: Yveltal
|-damage|p1a: Yveltal|70/100
|
|-weather|RainDance|[upkeep]
|upkeep
|turn|4
|inactive|Battle timer is ON: inactive players will automatically lose when time's up. (requested by Sam360games)
|
|t:|1604737962
|switch|p2a: Kollu|Yveltal, shiny|100/100
|-ability|p2a: Kollu|Dark Aura
|move|p1a: Yveltal|Foul Play|p2a: Kollu
|-resisted|p2a: Kollu
|-damage|p2a: Kollu|69/100
|
|-weather|RainDance|[upkeep]
|upkeep
|turn|5
|
|t:|1604737969
|move|p2a: Kollu|Knock Off|p1a: Yveltal
|-resisted|p1a: Yveltal
|-damage|p1a: Yveltal|33/100
|-enditem|p1a: Yveltal|Heavy-Duty Boots|[from] move: Knock Off|[of] p2a: Kollu
|-damage|p2a: Kollu|59/100|[from] item: Life Orb
|move|p1a: Yveltal|Toxic|p2a: Kollu
|-status|p2a: Kollu|tox
|
|-weather|none
|-damage|p2a: Kollu|53/100 tox|[from] psn
|upkeep
|turn|6
|
|t:|1604737975
|move|p2a: Kollu|Roost|p2a: Kollu
|-heal|p2a: Kollu|100/100 tox
|-singleturn|p2a: Kollu|move: Roost
|move|p1a: Yveltal|Roost|p1a: Yveltal
|-heal|p1a: Yveltal|84/100
|-singleturn|p1a: Yveltal|move: Roost
|
|-damage|p2a: Kollu|88/100 tox|[from] psn
|upkeep
|turn|7
|
|t:|1604737979
|move|p2a: Kollu|Taunt|p1a: Yveltal
|-start|p1a: Yveltal|move: Taunt
|move|p1a: Yveltal|Foul Play|p2a: Kollu
|-resisted|p2a: Kollu
|-damage|p2a: Kollu|55/100 tox
|
|-damage|p2a: Kollu|37/100 tox|[from] psn
|upkeep
|turn|8
|
|t:|1604737983
|move|p2a: Kollu|Roost|p2a: Kollu
|-heal|p2a: Kollu|87/100 tox
|-singleturn|p2a: Kollu|move: Roost
|move|p1a: Yveltal|Foul Play|p2a: Kollu
|-resisted|p2a: Kollu
|-damage|p2a: Kollu|52/100 tox
|
|-damage|p2a: Kollu|27/100 tox|[from] psn
|upkeep
|turn|9
|
|t:|1604738000
|switch|p2a: Sif|Zacian-Crowned|100/100
|-ability|p2a: Sif|Intrepid Sword|boost
|-boost|p2a: Sif|atk|1
|move|p1a: Yveltal|Foul Play|p2a: Sif
|-resisted|p2a: Sif
|-damage|p2a: Sif|42/100
|
|-end|p1a: Yveltal|move: Taunt
|upkeep
|turn|10
|
|t:|1604738007
|move|p1a: Yveltal|Sucker Punch|p2a: Sif
|-resisted|p2a: Sif
|-damage|p2a: Sif|23/100
|move|p2a: Sif|Play Rough|p1a: Yveltal
|-supereffective|p1a: Yveltal
|-crit|p1a: Yveltal
|-damage|p1a: Yveltal|0 fnt
|faint|p1a: Yveltal
|
|upkeep
|
|t:|1604738021
|switch|p1a: Zacian|Zacian-Crowned|100/100
|-ability|p1a: Zacian|Intrepid Sword|boost
|-boost|p1a: Zacian|atk|1
|turn|11
|
|t:|1604738028
|move|p1a: Zacian|Behemoth Blade|p2a: Sif
|-damage|p2a: Sif|0 fnt
|faint|p2a: Sif
|
|upkeep
|c|☆Magikarp4000|sht
|
|t:|1604738044
|switch|p2a: Sabzi|Marshadow|100/100
|turn|12
|c|☆Magikarp4000|i messed up
|c|☆Magikarp4000|o_o
|j| Asawpert
|
|t:|1604738054
|switch|p1a: Zygarde|Zygarde|100/100
|move|p2a: Sabzi|Spectral Thief|p1a: Zygarde
|-damage|p1a: Zygarde|78/100
|
|-heal|p1a: Zygarde|84/100|[from] item: Leftovers
|upkeep
|turn|13
|
|t:|1604738060
|switch|p2a: Kollu|Yveltal, shiny|27/100 tox
|-ability|p2a: Kollu|Dark Aura
|move|p1a: Zygarde|Glare||[still]
|-fail|p1a: Zygarde
|
|-heal|p1a: Zygarde|90/100|[from] item: Leftovers
|-damage|p2a: Kollu|21/100 tox|[from] psn
|upkeep
|turn|14
|l| Asawpert
|
|t:|1604738064
|move|p2a: Kollu|Knock Off|p1a: Zygarde
|-crit|p1a: Zygarde
|-damage|p1a: Zygarde|20/100
|-enditem|p1a: Zygarde|Leftovers|[from] move: Knock Off|[of] p2a: Kollu
|-damage|p2a: Kollu|11/100 tox|[from] item: Life Orb
|move|p1a: Zygarde|Thousand Arrows|p2a: Kollu
|-damage|p2a: Kollu|0 fnt
|faint|p2a: Kollu
|
|-activate|p1a: Zygarde|ability: Power Construct
|detailschange|p1a: Zygarde|Zygarde-Complete
|-heal|p1a: Zygarde|47/100|[silent]
|upkeep
|
|t:|1604738070
|switch|p2a: Denji|Calyrex-Shadow|100/100
|-ability|p2a: Denji|As One
|-ability|p2a: Denji|Unnerve|p1: Magikarp4000
|turn|15
|
|t:|1604738076
|switch|p1a: Kyogre|Kyogre|56/100
|-weather|RainDance|[from] ability: Drizzle|[of] p1a: Kyogre
|move|p2a: Denji|Astral Barrage|p1a: Kyogre
|-damage|p1a: Kyogre|0 fnt
|faint|p1a: Kyogre
|-ability|p2a: Denji|Grim Neigh|boost
|-boost|p2a: Denji|spa|1
|
|-weather|RainDance|[upkeep]
|upkeep
|
|t:|1604738080
|switch|p1a: Calyrex|Calyrex-Shadow|100/100
|-ability|p1a: Calyrex|As One
|-ability|p1a: Calyrex|Unnerve|p2: Sam360games
|turn|16
|
|t:|1604738084
|move|p2a: Denji|Astral Barrage|p1a: Calyrex
|-supereffective|p1a: Calyrex
|-damage|p1a: Calyrex|0 fnt
|faint|p1a: Calyrex
|-ability|p2a: Denji|Grim Neigh|boost
|-boost|p2a: Denji|spa|1
|
|-weather|RainDance|[upkeep]
|upkeep
|c|☆Magikarp4000|NOO
|c|☆Sam360games|lmao
|c|☆Magikarp4000|wait do u have scarf?
|
|t:|1604738094
|switch|p1a: Ho-Oh|Ho-Oh|100/100
|turn|17
|c|☆Sam360games|nah just speed tie
|
|t:|1604738103
|move|p2a: Denji|Astral Barrage|p1a: Ho-Oh
|-crit|p1a: Ho-Oh
|-damage|p1a: Ho-Oh|0 fnt
|faint|p1a: Ho-Oh
|-ability|p2a: Denji|Grim Neigh|boost
|-boost|p2a: Denji|spa|1
|
|-weather|RainDance|[upkeep]
|upkeep
|c|☆Magikarp4000|>:
|c|☆Magikarp4000|dude
|-message|Magikarp4000 forfeited.
|
|win|Sam360games
|l|☆Magikarp4000
|raw|Magikarp4000's rating: 1417 &rarr; <strong>1392</strong><br />(-25 for losing)
|raw|Sam360games's rating: 1327 &rarr; <strong>1352</strong><br />(+25 for winning)
