|j|☆Budles
|j|☆RIP_Player
|t:|1618594045
|gametype|singles
|player|p1|Budles|red|
|player|p2|RIP_Player|firebreather|
|teamsize|p1|6
|teamsize|p2|6
|gen|8
|tier|[Gen 8] Ubers
|rated|Tournament battle
|clearpoke
|poke|p1|Cinderace, M|
|poke|p1|Eternatus|
|poke|p1|Zacian|
|poke|p1|Dracovish|
|poke|p1|Marshadow|
|poke|p1|Darmanitan-Galar, F|
|poke|p2|Chansey, F|
|poke|p2|Toxapex, M|
|poke|p2|Yveltal|
|poke|p2|Xerneas|
|poke|p2|Marshadow|
|poke|p2|Heatran, M|
|rule|Sleep Clause Mod: Limit one foe put to sleep
|rule|Species Clause: Limit one of each Pokémon
|rule|OHKO Clause: OHKO moves are banned
|rule|Evasion Moves Clause: Evasion moves are banned
|rule|Endless Battle Clause: Forcing endless battles is banned
|rule|HP Percentage Mod: HP is shown in percentages
|rule|Dynamax Clause: You cannot dynamax
|teampreview
|j|*Lady Monita
|inactive|Battle timer is ON: inactive players will automatically lose when time's up. (requested by RIP_Player)
|
|t:|1618594065
|start
|switch|p1a: Zacian|Zacian|100/100
|switch|p2a: Yveltal|Yveltal|100/100
|-ability|p1a: Zacian|Intrepid Sword|boost
|-boost|p1a: Zacian|atk|1
|-ability|p2a: Yveltal|Dark Aura
|turn|1
|
|t:|1618594074
|switch|p2a: Xerneas|Xerneas|100/100
|-ability|p2a: Xerneas|Fairy Aura
|move|p1a: Zacian|Sacred Sword|p2a: Xerneas
|-resisted|p2a: Xerneas
|-damage|p2a: Xerneas|86/100
|
|-heal|p2a: Xerneas|92/100|[from] item: Leftovers
|upkeep
|turn|2
|inactive|Budles has 120 seconds left.
|
|t:|1618594105
|switch|p1a: Cinderace|Cinderace, M|100/100
|move|p2a: Xerneas|Thunder Wave|p1a: Cinderace
|-status|p1a: Cinderace|par
|
|-heal|p2a: Xerneas|98/100|[from] item: Leftovers
|upkeep
|turn|3
|inactive|RIP_Player has 120 seconds left.
|
|t:|1618594135
|move|p2a: Xerneas|Moonblast|p1a: Cinderace
|-resisted|p1a: Cinderace
|-damage|p1a: Cinderace|59/100 par
|move|p1a: Cinderace|Gunk Shot|p2a: Xerneas
|-start|p1a: Cinderace|typechange|Poison|[from] ability: Libero
|-supereffective|p2a: Xerneas
|-damage|p2a: Xerneas|34/100
|
|-heal|p2a: Xerneas|40/100|[from] item: Leftovers
|upkeep
|turn|4
|inactive|RIP_Player has 120 seconds left.
|
|t:|1618594151
|switch|p2a: Toxapex|Toxapex, M|100/100
|cant|p1a: Cinderace|par
|
|upkeep
|turn|5
|inactive|RIP_Player has 120 seconds left.
|
|t:|1618594158
|switch|p2a: Yveltal|Yveltal|100/100
|-ability|p2a: Yveltal|Dark Aura
|move|p1a: Cinderace|U-turn|p2a: Yveltal
|-start|p1a: Cinderace|typechange|Bug|[from] ability: Libero
|-damage|p2a: Yveltal|72/100
|
|t:|1618594166
|switch|p1a: Zacian|Zacian|100/100|[from]move: U-turn
|-ability|p1a: Zacian|Intrepid Sword|boost
|-boost|p1a: Zacian|atk|1
|
|upkeep
|turn|6
|
|t:|1618594177
|switch|p2a: Toxapex|Toxapex, M|100/100
|move|p1a: Zacian|Wild Charge|p2a: Toxapex
|-supereffective|p2a: Toxapex
|-damage|p2a: Toxapex|40/100
|-damage|p1a: Zacian|86/100|[from] Recoil
|
|-heal|p2a: Toxapex|46/100|[from] item: Black Sludge
|upkeep
|turn|7
|
|t:|1618594186
|move|p2a: Toxapex|Baneful Bunker|p2a: Toxapex
|-singleturn|p2a: Toxapex|move: Protect
|move|p1a: Zacian|Wild Charge|p2a: Toxapex
|-activate|p2a: Toxapex|move: Protect
|-status|p1a: Zacian|psn
|
|-heal|p2a: Toxapex|52/100|[from] item: Black Sludge
|-damage|p1a: Zacian|74/100 psn|[from] psn
|upkeep
|turn|8
|
|t:|1618594196
|switch|p2a: Heatran|Heatran, M|100/100
|move|p1a: Zacian|Wild Charge|p2a: Heatran
|-damage|p2a: Heatran|59/100
|-damage|p1a: Zacian|62/100 psn|[from] Recoil
|
|-heal|p2a: Heatran|65/100|[from] item: Leftovers
|-damage|p1a: Zacian|49/100 psn|[from] psn
|upkeep
|turn|9
|c|☆Budles|!weakness heatran
|c| Budles|/raw <div class="infobox">Heatran (ignoring abilities):<br /><span class="message-effect-weak">Weaknesses</span>: Fighting, <b>Ground</b>, Water<br /><span class="message-effect-resist">Resistances</span>: <b>Bug</b>, Dragon, <b>Fairy</b>, Flying, <b>Grass</b>, <b>Ice</b>, Normal, Psychic, <b>Steel</b><br /><span class="message-effect-immune">Immunities</span>: Poison, Burn, Sandstorm damage, Toxic</div>
|
|t:|1618594216
|switch|p2a: Toxapex|Toxapex, M|86/100
|move|p1a: Zacian|Sacred Sword|p2a: Toxapex
|-resisted|p2a: Toxapex
|-damage|p2a: Toxapex|70/100
|
|-heal|p2a: Toxapex|76/100|[from] item: Black Sludge
|-damage|p1a: Zacian|37/100 psn|[from] psn
|upkeep
|turn|10
|
|t:|1618594232
|move|p2a: Toxapex|Baneful Bunker|p2a: Toxapex
|-singleturn|p2a: Toxapex|move: Protect
|move|p1a: Zacian|Sacred Sword|p2a: Toxapex
|-activate|p2a: Toxapex|move: Protect
|
|-heal|p2a: Toxapex|82/100|[from] item: Black Sludge
|-damage|p1a: Zacian|25/100 psn|[from] psn
|upkeep
|turn|11
|
|t:|1618594243
|switch|p1a: Dracovish|Dracovish|100/100
|switch|p2a: Chansey|Chansey, F|100/100
|
|upkeep
|turn|12
|
|t:|1618594253
|switch|p2a: Toxapex|Toxapex, M|100/100
|move|p1a: Dracovish|Crunch|p2a: Toxapex
|-damage|p2a: Toxapex|82/100
|
|-heal|p2a: Toxapex|89/100|[from] item: Black Sludge
|upkeep
|turn|13
|inactive|RIP_Player has 120 seconds left.
|
|t:|1618594285
|switch|p1a: Cinderace|Cinderace, M|59/100 par
|move|p2a: Toxapex|Scald|p1a: Cinderace
|-supereffective|p1a: Cinderace
|-damage|p1a: Cinderace|13/100 par
|
|-heal|p2a: Toxapex|95/100|[from] item: Black Sludge
|upkeep
|turn|14
|
|t:|1618594293
|move|p2a: Toxapex|Baneful Bunker|p2a: Toxapex
|-singleturn|p2a: Toxapex|move: Protect
|move|p1a: Cinderace|U-turn|p2a: Toxapex
|-start|p1a: Cinderace|typechange|Bug|[from] ability: Libero
|-activate|p2a: Toxapex|move: Protect
|
|-heal|p2a: Toxapex|100/100|[from] item: Black Sludge
|upkeep
|turn|15
|
|t:|1618594301
|move|p1a: Cinderace|U-turn|p2a: Toxapex
|-resisted|p2a: Toxapex
|-damage|p2a: Toxapex|91/100
|
|t:|1618594307
|switch|p1a: Dracovish|Dracovish|100/100|[from]move: U-turn
|move|p2a: Toxapex|Scald|p1a: Dracovish
|-resisted|p1a: Dracovish
|-damage|p1a: Dracovish|95/100
|-status|p1a: Dracovish|brn
|
|-heal|p2a: Toxapex|97/100|[from] item: Black Sludge
|-damage|p1a: Dracovish|89/100 brn|[from] brn
|upkeep
|turn|16
|inactive|RIP_Player has 120 seconds left.
|
|t:|1618594346
|move|p2a: Toxapex|Baneful Bunker|p2a: Toxapex
|-singleturn|p2a: Toxapex|move: Protect
|move|p1a: Dracovish|Psychic Fangs|p2a: Toxapex
|-activate|p2a: Toxapex|move: Protect
|
|-heal|p2a: Toxapex|100/100|[from] item: Black Sludge
|-damage|p1a: Dracovish|83/100 brn|[from] brn
|upkeep
|turn|17
|
|t:|1618594358
|switch|p2a: Chansey|Chansey, F|100/100
|move|p1a: Dracovish|Psychic Fangs|p2a: Chansey
|-damage|p2a: Chansey|89/100
|
|-damage|p1a: Dracovish|77/100 brn|[from] brn
|upkeep
|turn|18
|inactive|RIP_Player has 120 seconds left.
|
|t:|1618594383
|switch|p1a: Zacian|Zacian|25/100 psn
|-ability|p1a: Zacian|Intrepid Sword|boost
|-boost|p1a: Zacian|atk|1
|move|p2a: Chansey|Wish|p2a: Chansey
|
|-damage|p1a: Zacian|12/100 psn|[from] psn
|upkeep
|turn|19
|
|t:|1618594398
|switch|p2a: Xerneas|Xerneas|40/100
|-ability|p2a: Xerneas|Fairy Aura
|move|p1a: Zacian|Wild Charge|p2a: Xerneas
|-damage|p2a: Xerneas|12/100
|-damage|p1a: Zacian|2/100 psn|[from] Recoil
|
|-heal|p2a: Xerneas|89/100|[from] move: Wish|[wisher] Chansey
|-heal|p2a: Xerneas|95/100|[from] item: Leftovers
|-damage|p1a: Zacian|0 fnt|[from] psn
|faint|p1a: Zacian
|upkeep
|
|t:|1618594411
|switch|p1a: Cinderace|Cinderace, M|13/100 par
|turn|20
|inactive|RIP_Player has 120 seconds left.
|
|t:|1618594424
|switch|p2a: Toxapex|Toxapex, M|100/100
|move|p1a: Cinderace|Gunk Shot|p2a: Toxapex|[miss]
|-start|p1a: Cinderace|typechange|Poison|[from] ability: Libero
|-miss|p1a: Cinderace|p2a: Toxapex
|
|upkeep
|turn|21
|inactive|RIP_Player has 120 seconds left.
|
|t:|1618594433
|move|p1a: Cinderace|U-turn|p2a: Toxapex
|-start|p1a: Cinderace|typechange|Bug|[from] ability: Libero
|-resisted|p2a: Toxapex
|-damage|p2a: Toxapex|91/100
|
|t:|1618594442
|switch|p1a: Marshadow|Marshadow|100/100|[from]move: U-turn
|move|p2a: Toxapex|Scald|p1a: Marshadow
|-damage|p1a: Marshadow|80/100
|
|-heal|p2a: Toxapex|97/100|[from] item: Black Sludge
|upkeep
|turn|22
|
|t:|1618594451
|move|p1a: Marshadow|Bulk Up|p1a: Marshadow
|-boost|p1a: Marshadow|atk|1
|-boost|p1a: Marshadow|def|1
|move|p2a: Toxapex|Toxic|p1a: Marshadow
|-status|p1a: Marshadow|tox
|
|-heal|p2a: Toxapex|100/100|[from] item: Black Sludge
|-damage|p1a: Marshadow|74/100 tox|[from] psn
|upkeep
|turn|23
|
|t:|1618594459
|move|p2a: Toxapex|Baneful Bunker|p2a: Toxapex
|-singleturn|p2a: Toxapex|move: Protect
|move|p1a: Marshadow|Bulk Up|p1a: Marshadow
|-boost|p1a: Marshadow|atk|1
|-boost|p1a: Marshadow|def|1
|
|-damage|p1a: Marshadow|61/100 tox|[from] psn
|upkeep
|turn|24
|
|t:|1618594474
|switch|p2a: Chansey|Chansey, F|89/100
|move|p1a: Marshadow|Spectral Thief|p2a: Chansey
|-immune|p2a: Chansey
|
|-damage|p1a: Marshadow|43/100 tox|[from] psn
|upkeep
|turn|25
|
|t:|1618594484
|switch|p2a: Toxapex|Toxapex, M|100/100
|move|p1a: Marshadow|Close Combat|p2a: Toxapex
|-resisted|p2a: Toxapex
|-damage|p2a: Toxapex|65/100
|-unboost|p1a: Marshadow|def|1
|-unboost|p1a: Marshadow|spd|1
|
|-heal|p2a: Toxapex|71/100|[from] item: Black Sludge
|-damage|p1a: Marshadow|18/100 tox|[from] psn
|upkeep
|turn|26
|
|t:|1618594494
|move|p2a: Toxapex|Baneful Bunker|p2a: Toxapex
|-singleturn|p2a: Toxapex|move: Protect
|move|p1a: Marshadow|Spectral Thief|p2a: Toxapex
|-activate|p2a: Toxapex|move: Protect
|
|-heal|p2a: Toxapex|77/100|[from] item: Black Sludge
|-damage|p1a: Marshadow|0 fnt|[from] psn
|faint|p1a: Marshadow
|upkeep
|
|t:|1618594504
|switch|p1a: Eternatus|Eternatus|100/100
|-ability|p1a: Eternatus|Pressure
|turn|27
|
|t:|1618594509
|switch|p2a: Heatran|Heatran, M|65/100
|move|p1a: Eternatus|Dynamax Cannon|p2a: Heatran
|-resisted|p2a: Heatran
|-damage|p2a: Heatran|51/100
|
|-heal|p2a: Heatran|57/100|[from] item: Leftovers
|upkeep
|turn|28
|
|t:|1618594520
|switch|p1a: Dracovish|Dracovish|77/100 brn
|move|p2a: Heatran|Stealth Rock|p1a: Dracovish
|-sidestart|p1: Budles|move: Stealth Rock
|
|-heal|p2a: Heatran|63/100|[from] item: Leftovers
|-damage|p1a: Dracovish|70/100 brn|[from] brn
|upkeep
|turn|29
|
|t:|1618594532
|switch|p2a: Toxapex|Toxapex, M|100/100
|move|p1a: Dracovish|Psychic Fangs|p2a: Toxapex
|-supereffective|p2a: Toxapex
|-damage|p2a: Toxapex|79/100
|
|-heal|p2a: Toxapex|85/100|[from] item: Black Sludge
|-damage|p1a: Dracovish|64/100 brn|[from] brn
|upkeep
|turn|30
|inactive|Budles has 120 seconds left.
|
|t:|1618594576
|switch|p2a: Yveltal|Yveltal|72/100
|-ability|p2a: Yveltal|Dark Aura
|move|p1a: Dracovish|Psychic Fangs|p2a: Yveltal
|-immune|p2a: Yveltal
|
|-damage|p1a: Dracovish|58/100 brn|[from] brn
|upkeep
|turn|31
|inactive|RIP_Player has 120 seconds left.
|-message|Budles forfeited.
|
|win|RIP_Player
|n|☆Budles|budles
|n|☆RIP_Player|ripplayer
|n|*Lady Monita|ladymonita
|l|*Lady Monita
|l|☆Budles
