|j|‽moonlit waves
|j|☆Focalors
|inactive|Battle timer is ON: inactive players will automatically lose when time's up.
|t:|1656398316
|gametype|singles
|player|p1|moonlit waves|caitlin-gen4|
|player|p2|Focalors|blue-gen3champion|
|teamsize|p1|6
|teamsize|p2|6
|gen|8
|tier|[Gen 8] Ubers
|rated|Tournament battle
|rule|Sleep Clause Mod: Limit one foe put to sleep
|rule|Species Clause: Limit one of each Pokémon
|rule|OHKO Clause: OHKO moves are banned
|rule|Evasion Moves Clause: Evasion moves are banned
|rule|Endless Battle Clause: Forcing endless battles is banned
|rule|HP Percentage Mod: HP is shown in percentages
|rule|Dynamax Clause: You cannot dynamax
|clearpoke
|poke|p1|Kyogre|
|poke|p1|Calyrex-Shadow|
|poke|p1|Zekrom|
|poke|p1|Eternatus|
|poke|p1|Necrozma-Dusk-Mane|
|poke|p1|Yveltal|
|poke|p2|Kyogre|
|poke|p2|Eternatus|
|poke|p2|Calyrex-Shadow|
|poke|p2|Yveltal|
|poke|p2|Necrozma-Dusk-Mane|
|poke|p2|Ho-Oh|
|teampreview
|j|*Lady Monita ☀
|inactive|moonlit waves also wants the timer to be on.
|j| Rolia
|
|t:|1656398339
|start
|switch|p1a: Kyogre|Kyogre|100/100
|switch|p2a: Bori|Ho-Oh|100/100
|-weather|RainDance|[from] ability: Drizzle|[of] p1a: Kyogre
|turn|1
|c|☆Focalors|Gl hf
|
|t:|1656398356
|switch|p2a: Tanjiro|Kyogre|100/100
|move|p1a: Kyogre|Water Spout|p2a: Tanjiro
|-resisted|p2a: Tanjiro
|-damage|p2a: Tanjiro|19/100
|
|-weather|RainDance|[upkeep]
|upkeep
|turn|2
|
|t:|1656398364
|switch|p1a: Eternatus|Eternatus|100/100
|-ability|p1a: Eternatus|Pressure
|move|p2a: Tanjiro|Thunder|p1a: Eternatus
|-resisted|p1a: Eternatus
|-damage|p1a: Eternatus|88/100
|
|-weather|RainDance|[upkeep]
|upkeep
|turn|3
|
|t:|1656398369
|switch|p2a: Mozu|Necrozma-Dusk-Mane|100/100
|move|p1a: Eternatus|Draco Meteor|p2a: Mozu|[miss]
|-miss|p1a: Eternatus|p2a: Mozu
|
|-weather|RainDance|[upkeep]
|upkeep
|turn|4
|
|t:|1656398375
|switch|p1a: Yveltal|Yveltal|100/100
|-ability|p1a: Yveltal|Dark Aura
|move|p2a: Mozu|Stealth Rock|p1a: Yveltal
|-sidestart|p1: moonlit waves|move: Stealth Rock
|
|-weather|RainDance|[upkeep]
|upkeep
|turn|5
|
|t:|1656398382
|switch|p2a: Bori|Ho-Oh|100/100
|move|p1a: Yveltal|Knock Off|p2a: Bori
|-damage|p2a: Bori|62/100
|-enditem|p2a: Bori|Heavy-Duty Boots|[from] move: Knock Off|[of] p1a: Yveltal
|
|-weather|none
|upkeep
|turn|6
|l| Rolia
|
|t:|1656398389
|move|p1a: Yveltal|U-turn|p2a: Bori
|-resisted|p2a: Bori
|-damage|p2a: Bori|59/100
|
|t:|1656398391
|switch|p1a: Zekrom|Zekrom|100/100|[from]move: U-turn
|-damage|p1a: Zekrom|88/100|[from] Stealth Rock
|-ability|p1a: Zekrom|Teravolt
|move|p2a: Bori|Whirlwind|p1a: Zekrom
|drag|p1a: Eternatus|Eternatus|88/100
|-damage|p1a: Eternatus|75/100|[from] Stealth Rock
|-ability|p1a: Eternatus|Pressure
|
|upkeep
|turn|7
|
|t:|1656398404
|move|p1a: Eternatus|Dynamax Cannon|p2a: Bori
|-damage|p2a: Bori|31/100
|move|p2a: Bori|Thunder Wave|p1a: Eternatus
|-status|p1a: Eternatus|par
|
|upkeep
|turn|8
|
|t:|1656398415
|switch|p2a: Mozu|Necrozma-Dusk-Mane|100/100
|move|p1a: Eternatus|Draco Meteor|p2a: Mozu
|-resisted|p2a: Mozu
|-damage|p2a: Mozu|77/100
|-unboost|p1a: Eternatus|spa|2
|-enditem|p1a: Eternatus|Eject Pack
|
|t:|1656398420
|switch|p1a: Kyogre|Kyogre|100/100
|-damage|p1a: Kyogre|88/100|[from] Stealth Rock
|-weather|RainDance|[from] ability: Drizzle|[of] p1a: Kyogre
|
|-weather|RainDance|[upkeep]
|upkeep
|turn|9
|
|t:|1656398437
|switch|p2a: Shinobu|Eternatus|100/100
|-ability|p2a: Shinobu|Pressure
|move|p1a: Kyogre|Water Spout|p2a: Shinobu
|-resisted|p2a: Shinobu
|-damage|p2a: Shinobu|23/100
|
|-weather|RainDance|[upkeep]
|upkeep
|turn|10
|
|t:|1656398447
|move|p2a: Shinobu|Recover|p2a: Shinobu
|-heal|p2a: Shinobu|73/100
|move|p1a: Kyogre|Water Spout|p2a: Shinobu
|-resisted|p2a: Shinobu
|-damage|p2a: Shinobu|0 fnt
|faint|p2a: Shinobu
|
|-weather|RainDance|[upkeep]
|upkeep
|inactive|Focalors has 120 seconds left.
|
|t:|1656398468
|switch|p2a: Levi|Yveltal|100/100
|-ability|p2a: Levi|Dark Aura
|turn|11
|
|t:|1656398475
|move|p2a: Levi|Dark Pulse|p1a: Kyogre
|-damage|p1a: Kyogre|36/100
|-damage|p2a: Levi|91/100|[from] item: Life Orb
|move|p1a: Kyogre|Water Spout|p2a: Levi
|-crit|p2a: Levi
|-damage|p2a: Levi|0 fnt
|faint|p2a: Levi
|
|-weather|RainDance|[upkeep]
|upkeep
|c|☆Focalors|Bruh
|inactive|Focalors has 120 seconds left.
|c|☆Focalors|Bruhhh
|
|t:|1656398502
|switch|p2a: Erwin|Calyrex-Shadow|100/100
|-ability|p2a: Erwin|As One
|-ability|p2a: Erwin|Unnerve
|turn|12
|
|t:|1656398509
|switch|p1a: Yveltal|Yveltal|100/100
|-ability|p1a: Yveltal|Dark Aura
|move|p2a: Erwin|Astral Barrage|p1a: Yveltal
|-resisted|p1a: Yveltal
|-damage|p1a: Yveltal|76/100
|
|-weather|none
|upkeep
|turn|13
|
|t:|1656398516
|switch|p2a: Bori|Ho-Oh|64/100
|move|p1a: Yveltal|Knock Off|p2a: Bori
|-damage|p2a: Bori|38/100
|
|upkeep
|turn|14
|inactive|Focalors has 120 seconds left.
|
|t:|1656398525
|move|p1a: Yveltal|U-turn|p2a: Bori
|-resisted|p2a: Bori
|-damage|p2a: Bori|35/100
|
|t:|1656398527
|switch|p1a: Zekrom|Zekrom|88/100|[from]move: U-turn
|-damage|p1a: Zekrom|76/100|[from] Stealth Rock
|-ability|p1a: Zekrom|Teravolt
|move|p2a: Bori|Whirlwind|p1a: Zekrom
|drag|p1a: Yveltal|Yveltal|76/100
|-ability|p1a: Yveltal|Dark Aura
|
|upkeep
|turn|15
|
|t:|1656398537
|move|p1a: Yveltal|U-turn|p2a: Bori
|-resisted|p2a: Bori
|-damage|p2a: Bori|31/100
|
|t:|1656398542
|switch|p1a: Zekrom|Zekrom|76/100|[from]move: U-turn
|-damage|p1a: Zekrom|64/100|[from] Stealth Rock
|-ability|p1a: Zekrom|Teravolt
|move|p2a: Bori|Sacred Fire|p1a: Zekrom
|-resisted|p1a: Zekrom
|-damage|p1a: Zekrom|44/100
|-status|p1a: Zekrom|brn
|
|-damage|p1a: Zekrom|38/100 brn|[from] brn
|upkeep
|turn|16
|
|t:|1656398551
|switch|p2a: Mozu|Necrozma-Dusk-Mane|77/100
|move|p1a: Zekrom|Defog|p2a: Mozu
|-unboost|p2a: Mozu|evasion|1
|-sideend|p1: moonlit waves|Stealth Rock|[from] move: Defog|[of] p1a: Zekrom
|
|-damage|p1a: Zekrom|32/100 brn|[from] brn
|upkeep
|turn|17
|
|t:|1656398557
|switch|p1a: Kyogre|Kyogre|36/100
|-weather|RainDance|[from] ability: Drizzle|[of] p1a: Kyogre
|move|p2a: Mozu|Stealth Rock|p1a: Kyogre
|-sidestart|p1: moonlit waves|move: Stealth Rock
|
|-weather|RainDance|[upkeep]
|upkeep
|turn|18
|
|t:|1656398570
|move|p1a: Kyogre|Origin Pulse|p2a: Mozu
|-damage|p2a: Mozu|0 fnt
|faint|p2a: Mozu
|
|-weather|RainDance|[upkeep]
|upkeep
|
|t:|1656398573
|switch|p2a: Erwin|Calyrex-Shadow|100/100
|-ability|p2a: Erwin|As One
|-ability|p2a: Erwin|Unnerve
|turn|19
|
|t:|1656398581
|switch|p1a: Yveltal|Yveltal|76/100
|-ability|p1a: Yveltal|Dark Aura
|move|p2a: Erwin|Astral Barrage|p1a: Yveltal
|-resisted|p1a: Yveltal
|-damage|p1a: Yveltal|51/100
|
|-weather|RainDance|[upkeep]
|upkeep
|turn|20
|
|t:|1656398586
|switch|p2a: Bori|Ho-Oh|65/100
|move|p1a: Yveltal|Roost|p1a: Yveltal
|-heal|p1a: Yveltal|100/100
|-singleturn|p1a: Yveltal|move: Roost
|
|-weather|RainDance|[upkeep]
|upkeep
|turn|21
|
|t:|1656398594
|move|p1a: Yveltal|Knock Off|p2a: Bori
|-damage|p2a: Bori|40/100
|move|p2a: Bori|Sacred Fire|p1a: Yveltal
|-damage|p1a: Yveltal|84/100
|-status|p1a: Yveltal|brn
|
|-weather|none
|-damage|p1a: Yveltal|78/100 brn|[from] brn
|upkeep
|turn|22
|
|t:|1656398603
|move|p1a: Yveltal|U-turn|p2a: Bori
|-resisted|p2a: Bori
|-damage|p2a: Bori|38/100
|
|t:|1656398606
|switch|p1a: Zekrom|Zekrom|32/100 brn|[from]move: U-turn
|-damage|p1a: Zekrom|20/100 brn|[from] Stealth Rock
|-ability|p1a: Zekrom|Teravolt
|move|p2a: Bori|Whirlwind|p1a: Zekrom
|drag|p1a: Necrozma|Necrozma-Dusk-Mane|100/100
|-damage|p1a: Necrozma|94/100|[from] Stealth Rock
|
|-heal|p1a: Necrozma|100/100|[from] item: Leftovers
|upkeep
|turn|23
|
|t:|1656398617
|move|p2a: Bori|Sacred Fire|p1a: Necrozma
|-supereffective|p1a: Necrozma
|-damage|p1a: Necrozma|55/100
|-status|p1a: Necrozma|brn
|move|p1a: Necrozma|Stealth Rock|p2a: Bori
|-sidestart|p2: Focalors|move: Stealth Rock
|
|-heal|p1a: Necrozma|61/100 brn|[from] item: Leftovers
|-damage|p1a: Necrozma|55/100 brn|[from] brn
|upkeep
|turn|24
|
|t:|1656398623
|move|p2a: Bori|Defog|p1a: Necrozma
|-unboost|p1a: Necrozma|evasion|1
|-sideend|p1: moonlit waves|Stealth Rock|[from] move: Defog|[of] p2a: Bori
|-sideend|p2: Focalors|Stealth Rock|[from] move: Defog|[of] p2a: Bori
|move|p1a: Necrozma|Thunder Wave|p2a: Bori
|-status|p2a: Bori|par
|
|-heal|p1a: Necrozma|61/100 brn|[from] item: Leftovers
|-damage|p1a: Necrozma|55/100 brn|[from] brn
|upkeep
|turn|25
|
|t:|1656398630
|switch|p2a: Tanjiro|Kyogre|19/100
|-weather|RainDance|[from] ability: Drizzle|[of] p2a: Tanjiro
|move|p1a: Necrozma|Stealth Rock|p2a: Tanjiro
|-sidestart|p2: Focalors|move: Stealth Rock
|
|-weather|RainDance|[upkeep]
|-heal|p1a: Necrozma|61/100 brn|[from] item: Leftovers
|-damage|p1a: Necrozma|55/100 brn|[from] brn
|upkeep
|turn|26
|
|t:|1656398648
|move|p2a: Tanjiro|Origin Pulse|p1a: Necrozma
|-damage|p1a: Necrozma|0 fnt
|faint|p1a: Necrozma
|
|-weather|RainDance|[upkeep]
|upkeep
|
|t:|1656398654
|switch|p1a: Eternatus|Eternatus|75/100 par
|-ability|p1a: Eternatus|Pressure
|turn|27
|
|t:|1656398658
|switch|p2a: Bori|Ho-Oh|71/100 par
|-damage|p2a: Bori|21/100 par|[from] Stealth Rock
|move|p1a: Eternatus|Dynamax Cannon|p2a: Bori
|-damage|p2a: Bori|0 fnt
|faint|p2a: Bori
|
|-weather|RainDance|[upkeep]
|upkeep
|
|t:|1656398679
|switch|p2a: Tanjiro|Kyogre|19/100
|-damage|p2a: Tanjiro|7/100|[from] Stealth Rock
|turn|28
|
|t:|1656398690
|move|p2a: Tanjiro|Ice Beam|p1a: Eternatus
|-supereffective|p1a: Eternatus
|-damage|p1a: Eternatus|31/100 par
|move|p1a: Eternatus|Dynamax Cannon|p2a: Tanjiro
|-damage|p2a: Tanjiro|0 fnt
|faint|p2a: Tanjiro
|
|-weather|RainDance|[upkeep]
|upkeep
|
|t:|1656398692
|switch|p2a: Erwin|Calyrex-Shadow|100/100
|-ability|p2a: Erwin|As One
|-ability|p2a: Erwin|Unnerve
|-damage|p2a: Erwin|88/100|[from] Stealth Rock
|turn|29
|
|t:|1656398705
|move|p2a: Erwin|Astral Barrage|p1a: Eternatus
|-damage|p1a: Eternatus|0 fnt
|faint|p1a: Eternatus
|-ability|p2a: Erwin|Grim Neigh|boost
|-boost|p2a: Erwin|spa|1
|
|-weather|none
|upkeep
|
|t:|1656398710
|switch|p1a: Yveltal|Yveltal|78/100 brn
|-ability|p1a: Yveltal|Dark Aura
|turn|30
|
|t:|1656398713
|move|p1a: Yveltal|Sucker Punch|p2a: Erwin
|-supereffective|p2a: Erwin
|-damage|p2a: Erwin|0 fnt
|faint|p2a: Erwin
|
|win|moonlit waves
|n|‽moonlit waves|moonlitwaves
|n|☆Focalors|focalors
|n|*Lady Monita ☀|ladymonita
|l|*Lady Monita ☀
