|j|☆tiger mothz
|j|☆PokeDuels Blue
|t:|1634785045
|gametype|singles
|player|p1|tiger mothz|clair|1434
|player|p2|PokeDuels Blue|102|1565
|teamsize|p1|6
|teamsize|p2|6
|gen|8
|tier|[Gen 8] Ubers
|rated|
|rule|Sleep Clause Mod: Limit one foe put to sleep
|rule|Species Clause: Limit one of each Pokémon
|rule|OHKO Clause: OHKO moves are banned
|rule|Evasion Moves Clause: Evasion moves are banned
|rule|Endless Battle Clause: Forcing endless battles is banned
|rule|HP Percentage Mod: HP is shown in percentages
|rule|Dynamax Clause: You cannot dynamax
|clearpoke
|poke|p1|Eternatus|
|poke|p1|Calyrex-Shadow|
|poke|p1|Yveltal|
|poke|p1|Xerneas-*|
|poke|p1|Galvantula, F|
|poke|p1|Groudon|
|poke|p2|Blissey, F|
|poke|p2|Tapu Bulu|
|poke|p2|Palkia|
|poke|p2|Zamazenta-*|
|poke|p2|Lunala|
|poke|p2|Yveltal|
|teampreview
|inactive|Battle timer is ON: inactive players will automatically lose when time's up. (requested by tiger mothz)
|
|t:|1634785065
|start
|switch|p1a: Galvantula|Galvantula, F|100/100
|switch|p2a: Lunala|Lunala|100/100
|turn|1
|
|t:|1634785073
|move|p1a: Galvantula|Toxic|p2a: Lunala
|-status|p2a: Lunala|tox
|move|p2a: Lunala|Will-O-Wisp|p1a: Galvantula
|-status|p1a: Galvantula|brn
|
|-damage|p2a: Lunala|94/100 tox|[from] psn
|-damage|p1a: Galvantula|94/100 brn|[from] brn
|upkeep
|turn|2
|
|t:|1634785087
|switch|p2a: Blissey|Blissey, F|100/100
|move|p1a: Galvantula|Thunder|p2a: Blissey
|-crit|p2a: Blissey
|-damage|p2a: Blissey|78/100
|
|-damage|p1a: Galvantula|88/100 brn|[from] brn
|upkeep
|turn|3
|
|t:|1634785092
|move|p1a: Galvantula|Toxic|p2a: Blissey
|-status|p2a: Blissey|tox
|move|p2a: Blissey|Aromatherapy|p2a: Blissey
|-activate|p2a: Blissey|move: Aromatherapy
|-curestatus|p2a: Blissey|tox|[msg]
|-curestatus|p2: Lunala|tox|[msg]
|
|-damage|p1a: Galvantula|82/100 brn|[from] brn
|upkeep
|turn|4
|
|t:|1634785097
|move|p1a: Galvantula|Thunder Wave|p2a: Blissey
|-status|p2a: Blissey|par
|cant|p2a: Blissey|par
|
|-damage|p1a: Galvantula|76/100 brn|[from] brn
|upkeep
|turn|5
|
|t:|1634785101
|switch|p1a: Groudon|Groudon|100/100
|-weather|SunnyDay|[from] ability: Drought|[of] p1a: Groudon
|-curestatus|p2a: Blissey|par|[from] ability: Natural Cure
|switch|p2a: Lunala|Lunala|94/100
|
|-weather|SunnyDay|[upkeep]
|upkeep
|turn|6
|
|t:|1634785110
|switch|p1a: Calyrex|Calyrex-Shadow|100/100
|-ability|p1a: Calyrex|As One
|-ability|p1a: Calyrex|Unnerve
|move|p2a: Lunala|Roost|p2a: Lunala
|-heal|p2a: Lunala|100/100
|-singleturn|p2a: Lunala|move: Roost
|
|-weather|SunnyDay|[upkeep]
|upkeep
|turn|7
|
|t:|1634785112
|switch|p2a: Yveltal|Yveltal|100/100
|-ability|p2a: Yveltal|Dark Aura
|move|p1a: Calyrex|Astral Barrage|p2a: Yveltal
|-resisted|p2a: Yveltal
|-damage|p2a: Yveltal|79/100
|
|-weather|SunnyDay|[upkeep]
|upkeep
|turn|8
|
|t:|1634785119
|switch|p1a: Galvantula|Galvantula, F|76/100 brn
|move|p2a: Yveltal|Knock Off|p1a: Galvantula
|-damage|p1a: Galvantula|0 fnt
|-enditem|p1a: Galvantula|Focus Sash|[from] move: Knock Off|[of] p2a: Yveltal
|faint|p1a: Galvantula
|
|-weather|SunnyDay|[upkeep]
|upkeep
|
|t:|1634785130
|switch|p1a: Xerneas|Xerneas|100/100
|-ability|p1a: Xerneas|Fairy Aura
|turn|9
|
|t:|1634785138
|switch|p2a: Blissey|Blissey, F|78/100
|move|p1a: Xerneas|Geomancy||[still]
|-prepare|p1a: Xerneas|Geomancy
|-enditem|p1a: Xerneas|Power Herb
|-anim|p1a: Xerneas|Geomancy|p1a: Xerneas
|-boost|p1a: Xerneas|spa|2
|-boost|p1a: Xerneas|spd|2
|-boost|p1a: Xerneas|spe|2
|
|-weather|none
|upkeep
|turn|10
|
|t:|1634785142
|move|p1a: Xerneas|Substitute|p1a: Xerneas
|-start|p1a: Xerneas|Substitute
|-damage|p1a: Xerneas|76/100
|move|p2a: Blissey|Soft-Boiled|p2a: Blissey
|-heal|p2a: Blissey|100/100
|
|upkeep
|turn|11
|
|t:|1634785146
|move|p1a: Xerneas|Geomancy||[still]
|-prepare|p1a: Xerneas|Geomancy
|move|p2a: Blissey|Confide|p1a: Xerneas
|-unboost|p1a: Xerneas|spa|1
|
|upkeep
|turn|12
|
|t:|1634785148
|move|p1a: Xerneas|Geomancy|p1a: Xerneas|[from]lockedmove
|-boost|p1a: Xerneas|spa|2
|-boost|p1a: Xerneas|spd|2
|-boost|p1a: Xerneas|spe|2
|move|p2a: Blissey|Confide|p1a: Xerneas
|-unboost|p1a: Xerneas|spa|1
|
|upkeep
|turn|13
|
|t:|1634785150
|move|p1a: Xerneas|Moonblast|p2a: Blissey
|-damage|p2a: Blissey|54/100
|move|p2a: Blissey|Confide|p1a: Xerneas
|-unboost|p1a: Xerneas|spa|1
|
|upkeep
|turn|14
|
|t:|1634785153
|move|p1a: Xerneas|Moonblast|p2a: Blissey
|-damage|p2a: Blissey|18/100
|-unboost|p2a: Blissey|spa|1
|move|p2a: Blissey|Soft-Boiled|p2a: Blissey
|-heal|p2a: Blissey|68/100
|
|upkeep
|turn|15
|
|t:|1634785156
|move|p1a: Xerneas|Moonblast|p2a: Blissey
|-damage|p2a: Blissey|34/100
|move|p2a: Blissey|Soft-Boiled|p2a: Blissey
|-heal|p2a: Blissey|84/100
|
|upkeep
|turn|16
|
|t:|1634785165
|move|p1a: Xerneas|Geomancy||[still]
|-prepare|p1a: Xerneas|Geomancy
|move|p2a: Blissey|Confide|p1a: Xerneas
|-unboost|p1a: Xerneas|spa|1
|
|upkeep
|turn|17
|
|t:|1634785166
|move|p1a: Xerneas|Geomancy|p1a: Xerneas|[from]lockedmove
|-boost|p1a: Xerneas|spa|2
|-boost|p1a: Xerneas|spd|2
|-boost|p1a: Xerneas|spe|2
|move|p2a: Blissey|Confide|p1a: Xerneas
|-unboost|p1a: Xerneas|spa|1
|
|upkeep
|turn|18
|
|t:|1634785168
|move|p1a: Xerneas|Moonblast|p2a: Blissey
|-damage|p2a: Blissey|49/100
|move|p2a: Blissey|Confide|p1a: Xerneas
|-unboost|p1a: Xerneas|spa|1
|
|upkeep
|turn|19
|
|t:|1634785174
|switch|p1a: Yveltal|Yveltal|100/100
|-ability|p1a: Yveltal|Dark Aura
|move|p2a: Blissey|Soft-Boiled|p2a: Blissey
|-heal|p2a: Blissey|99/100
|
|upkeep
|turn|20
|
|t:|1634785180
|switch|p2a: Zamazenta|Zamazenta-Crowned|100/100
|-ability|p2a: Zamazenta|Dauntless Shield|boost
|-boost|p2a: Zamazenta|def|1
|move|p1a: Yveltal|Knock Off|p2a: Zamazenta
|-resisted|p2a: Zamazenta
|-damage|p2a: Zamazenta|89/100
|
|upkeep
|turn|21
|
|t:|1634785185
|switch|p1a: Groudon|Groudon|100/100
|-weather|SunnyDay|[from] ability: Drought|[of] p1a: Groudon
|move|p2a: Zamazenta|Behemoth Bash|p1a: Groudon
|-damage|p1a: Groudon|73/100
|
|-weather|SunnyDay|[upkeep]
|-heal|p1a: Groudon|79/100|[from] item: Leftovers
|upkeep
|turn|22
|
|t:|1634785195
|switch|p2a: Lunala|Lunala|100/100
|move|p1a: Groudon|Stone Edge|p2a: Lunala
|-damage|p2a: Lunala|84/100
|
|-weather|SunnyDay|[upkeep]
|-heal|p1a: Groudon|85/100|[from] item: Leftovers
|upkeep
|turn|23
|
|t:|1634785200
|move|p2a: Lunala|Will-O-Wisp|p1a: Groudon
|-status|p1a: Groudon|brn
|move|p1a: Groudon|Thunder Wave|p2a: Lunala
|-status|p2a: Lunala|par
|
|-weather|SunnyDay|[upkeep]
|-heal|p1a: Groudon|91/100 brn|[from] item: Leftovers
|-damage|p1a: Groudon|85/100 brn|[from] brn
|upkeep
|turn|24
|
|t:|1634785203
|move|p1a: Groudon|Precipice Blades|p2a: Lunala
|-damage|p2a: Lunala|52/100 par
|move|p2a: Lunala|Ice Beam|p1a: Groudon
|-supereffective|p1a: Groudon
|-damage|p1a: Groudon|34/100 brn
|
|-weather|SunnyDay|[upkeep]
|-heal|p1a: Groudon|40/100 brn|[from] item: Leftovers
|-damage|p1a: Groudon|34/100 brn|[from] brn
|upkeep
|turn|25
|
|t:|1634785206
|move|p1a: Groudon|Precipice Blades|p2a: Lunala
|-damage|p2a: Lunala|21/100 par
|move|p2a: Lunala|Roost|p2a: Lunala
|-heal|p2a: Lunala|71/100 par
|-singleturn|p2a: Lunala|move: Roost
|
|-weather|none
|-heal|p1a: Groudon|40/100 brn|[from] item: Leftovers
|-damage|p1a: Groudon|34/100 brn|[from] brn
|upkeep
|turn|26
|
|t:|1634785212
|switch|p2a: Palkia|Palkia|100/100
|-ability|p2a: Palkia|Pressure
|move|p1a: Groudon|Stone Edge|p2a: Palkia
|-damage|p2a: Palkia|83/100
|
|-heal|p2a: Palkia|90/100|[from] item: Leftovers
|-heal|p1a: Groudon|40/100 brn|[from] item: Leftovers
|-damage|p1a: Groudon|34/100 brn|[from] brn
|upkeep
|turn|27
|
|t:|1634785217
|move|p2a: Palkia|Substitute|p2a: Palkia
|-start|p2a: Palkia|Substitute
|-damage|p2a: Palkia|65/100
|move|p1a: Groudon|Thunder Wave||[still]
|-fail|p1a: Groudon
|
|-heal|p2a: Palkia|71/100|[from] item: Leftovers
|-heal|p1a: Groudon|40/100 brn|[from] item: Leftovers
|-damage|p1a: Groudon|34/100 brn|[from] brn
|upkeep
|turn|28
|
|t:|1634785221
|move|p2a: Palkia|Bulk Up|p2a: Palkia
|-boost|p2a: Palkia|atk|1
|-boost|p2a: Palkia|def|1
|move|p1a: Groudon|Precipice Blades|p2a: Palkia|[miss]
|-miss|p1a: Groudon|p2a: Palkia
|
|-heal|p2a: Palkia|77/100|[from] item: Leftovers
|-heal|p1a: Groudon|40/100 brn|[from] item: Leftovers
|-damage|p1a: Groudon|34/100 brn|[from] brn
|upkeep
|turn|29
|
|t:|1634785229
|switch|p1a: Yveltal|Yveltal|100/100
|-ability|p1a: Yveltal|Dark Aura
|move|p2a: Palkia|Scale Shot|p1a: Yveltal
|-damage|p1a: Yveltal|86/100
|-damage|p1a: Yveltal|72/100
|-damage|p1a: Yveltal|57/100
|-damage|p1a: Yveltal|44/100
|-hitcount|p1a: Yveltal|4
|-unboost|p2a: Palkia|def|1
|-boost|p2a: Palkia|spe|1
|
|-heal|p2a: Palkia|83/100|[from] item: Leftovers
|upkeep
|turn|30
|
|t:|1634785246
|move|p2a: Palkia|Liquidation|p1a: Yveltal
|-damage|p1a: Yveltal|0 fnt
|faint|p1a: Yveltal
|
|-heal|p2a: Palkia|90/100|[from] item: Leftovers
|upkeep
|-message|tiger mothz forfeited.
|
|win|PokeDuels Blue
|raw|tiger mothz's rating: 1434 &rarr; <strong>1421</strong><br />(-13 for losing)
|raw|PokeDuels Blue's rating: 1565 &rarr; <strong>1578</strong><br />(+13 for winning)
|l|☆tiger mothz
