|j|☆saowhit
|j|☆Dun 26
|t:|1663398485
|gametype|singles
|player|p1|saowhit|pokekid|1221
|player|p2|Dun 26|skyla|1447
|teamsize|p1|6
|teamsize|p2|6
|gen|8
|tier|[Gen 8] Ubers
|rated|
|rule|Sleep Clause Mod: Limit one foe put to sleep
|rule|Species Clause: Limit one of each Pokémon
|rule|OHKO Clause: OHKO moves are banned
|rule|Evasion Items Clause: Evasion items are banned
|rule|Evasion Moves Clause: Evasion moves are banned
|rule|Endless Battle Clause: Forcing endless battles is banned
|rule|HP Percentage Mod: HP is shown in percentages
|rule|Dynamax Clause: You cannot dynamax
|clearpoke
|poke|p1|Lugia|
|poke|p1|Marshadow|
|poke|p1|Landorus-Therian, M|
|poke|p1|Shuckle, F|
|poke|p1|Celesteela|
|poke|p1|Zygarde|
|poke|p2|Klefki, M|
|poke|p2|Regieleki|
|poke|p2|Tapu Koko|
|poke|p2|Landorus-Therian, M|
|poke|p2|Calyrex-Ice|
|poke|p2|Yveltal|
|teampreview
|
|t:|1663398490
|start
|switch|p1a: Shuckle|Shuckle, F|100/100
|switch|p2a: Tapu Koko|Tapu Koko|100/100
|-fieldstart|move: Electric Terrain|[from] ability: Electric Surge|[of] p2a: Tapu Koko
|turn|1
|
|t:|1663398498
|switch|p1a: Landorus|Landorus-Therian, M|100/100
|-ability|p1a: Landorus|Intimidate|boost
|-unboost|p2a: Tapu Koko|atk|1
|move|p2a: Tapu Koko|Taunt|p1a: Landorus
|-start|p1a: Landorus|move: Taunt
|
|upkeep
|turn|2
|
|t:|1663398506
|switch|p1a: Shuckle|Shuckle, F|100/100
|move|p2a: Tapu Koko|U-turn|p1a: Shuckle
|-damage|p1a: Shuckle|94/100
|
|t:|1663398510
|switch|p2a: Regieleki|Regieleki|100/100|[from]move: U-turn
|
|upkeep
|turn|3
|
|t:|1663398514
|move|p2a: Regieleki|Rising Voltage|p1a: Shuckle
|-hint|Rising Voltage's BP doubled on grounded target.
|-damage|p1a: Shuckle|0 fnt
|faint|p1a: Shuckle
|
|upkeep
|
|t:|1663398519
|switch|p1a: Landorus|Landorus-Therian, M|100/100
|-ability|p1a: Landorus|Intimidate|boost
|-unboost|p2a: Regieleki|atk|1
|turn|4
|
|t:|1663398525
|switch|p2a: Calyrex|Calyrex-Ice|100/100
|-ability|p2a: Calyrex|As One
|-ability|p2a: Calyrex|Unnerve
|move|p1a: Landorus|Stealth Rock|p2a: Calyrex
|-sidestart|p2: Dun 26|move: Stealth Rock
|
|upkeep
|turn|5
|
|t:|1663398534
|move|p1a: Landorus|Knock Off|p2a: Calyrex
|-supereffective|p2a: Calyrex
|-damage|p2a: Calyrex|55/100
|-enditem|p2a: Calyrex|Choice Band|[from] move: Knock Off|[of] p1a: Landorus
|move|p2a: Calyrex|Glacial Lance|p1a: Landorus
|-supereffective|p1a: Landorus
|-damage|p1a: Landorus|0 fnt
|faint|p1a: Landorus
|-ability|p2a: Calyrex|Chilling Neigh|boost
|-boost|p2a: Calyrex|atk|1
|
|upkeep
|
|t:|1663398546
|switch|p1a: Celesteela|Celesteela|100/100
|turn|6
|
|t:|1663398552
|move|p2a: Calyrex|Glacial Lance|p1a: Celesteela
|-damage|p1a: Celesteela|0 fnt
|faint|p1a: Celesteela
|-ability|p2a: Calyrex|Chilling Neigh|boost
|-boost|p2a: Calyrex|atk|1
|
|upkeep
|
|t:|1663398558
|switch|p1a: Marshadow|Marshadow|100/100
|turn|7
|
|t:|1663398566
|switch|p2a: Landorus|Landorus-Therian, M|100/100
|-damage|p2a: Landorus|88/100|[from] Stealth Rock
|-ability|p2a: Landorus|Intimidate|boost
|-unboost|p1a: Marshadow|atk|1
|move|p1a: Marshadow|Close Combat|p2a: Landorus
|-resisted|p2a: Landorus
|-damage|p2a: Landorus|74/100
|-unboost|p1a: Marshadow|def|1
|-unboost|p1a: Marshadow|spd|1
|-damage|p1a: Marshadow|84/100|[from] item: Rocky Helmet|[of] p2a: Landorus
|
|upkeep
|turn|8
|
|t:|1663398577
|switch|p1a: Lugi|Lugia|100/100
|move|p2a: Landorus|Defog|p1a: Lugi
|-unboost|p1a: Lugi|evasion|1
|-sideend|p2: Dun 26|Stealth Rock|[from] move: Defog|[of] p2a: Landorus
|-fieldend|move: Electric Terrain
|
|upkeep
|turn|9
|
|t:|1663398582
|move|p1a: Lugi|Air Slash|p2a: Landorus
|-damage|p2a: Landorus|47/100
|move|p2a: Landorus|U-turn|p1a: Lugi
|-damage|p1a: Lugi|93/100
|
|t:|1663398586
|switch|p2a: Calyrex|Calyrex-Ice|55/100|[from]move: U-turn
|-ability|p2a: Calyrex|As One
|-ability|p2a: Calyrex|Unnerve
|
|upkeep
|turn|10
|
|t:|1663398592
|move|p1a: Lugi|Thunder Wave|p2a: Calyrex
|-status|p2a: Calyrex|par
|cant|p2a: Calyrex|par
|
|upkeep
|turn|11
|
|t:|1663398597
|move|p1a: Lugi|Air Slash|p2a: Calyrex
|-damage|p2a: Calyrex|37/100 par
|move|p2a: Calyrex|Icicle Spear|p1a: Lugi
|-supereffective|p1a: Lugi
|-damage|p1a: Lugi|71/100
|-supereffective|p1a: Lugi
|-damage|p1a: Lugi|49/100
|-hitcount|p1a: Lugi|2
|
|upkeep
|turn|12
|
|t:|1663398607
|move|p1a: Lugi|Air Slash|p2a: Calyrex
|-damage|p2a: Calyrex|19/100 par
|move|p2a: Calyrex|Trick|p1a: Lugi
|-activate|p2a: Calyrex|move: Trick|[of] p1a: Lugi
|-enditem|p1a: Lugi|King's Rock|[silent]|[from] move: Trick
|-item|p2a: Calyrex|King's Rock|[from] move: Trick
|
|upkeep
|turn|13
|
|t:|1663398613
|move|p1a: Lugi|Air Slash|p2a: Calyrex
|-damage|p2a: Calyrex|0 fnt
|faint|p2a: Calyrex
|
|upkeep
|
|t:|1663398616
|switch|p2a: Tapu Koko|Tapu Koko|100/100
|-fieldstart|move: Electric Terrain|[from] ability: Electric Surge|[of] p2a: Tapu Koko
|turn|14
|
|t:|1663398620
|switch|p1a: Zygarde|Zygarde|100/100
|move|p2a: Tapu Koko|Thunder Punch|p1a: Zygarde
|-immune|p1a: Zygarde
|
|upkeep
|turn|15
|
|t:|1663398626
|move|p2a: Tapu Koko|U-turn|p1a: Zygarde
|-damage|p1a: Zygarde|87/100
|
|t:|1663398628
|switch|p2a: Klefki|Klefki, M|100/100|[from]move: U-turn
|move|p1a: Zygarde|Substitute|p1a: Zygarde
|-start|p1a: Zygarde|Substitute
|-damage|p1a: Zygarde|62/100
|
|-heal|p1a: Zygarde|68/100|[from] item: Leftovers
|upkeep
|turn|16
|
|t:|1663398635
|move|p1a: Zygarde|Glare|p2a: Klefki
|-status|p2a: Klefki|par
|cant|p2a: Klefki|par
|
|-heal|p1a: Zygarde|74/100|[from] item: Leftovers
|upkeep
|turn|17
|
|t:|1663398642
|move|p1a: Zygarde|Dragon Dance|p1a: Zygarde
|-boost|p1a: Zygarde|atk|1
|-boost|p1a: Zygarde|spe|1
|move|p2a: Klefki|Play Rough|p1a: Zygarde|[miss]
|-miss|p2a: Klefki|p1a: Zygarde
|
|-heal|p1a: Zygarde|81/100|[from] item: Leftovers
|upkeep
|turn|18
|
|t:|1663398650
|move|p1a: Zygarde|Dragon Dance|p1a: Zygarde
|-boost|p1a: Zygarde|atk|1
|-boost|p1a: Zygarde|spe|1
|move|p2a: Klefki|Play Rough|p1a: Zygarde
|-supereffective|p1a: Zygarde
|-end|p1a: Zygarde|Substitute
|
|-heal|p1a: Zygarde|87/100|[from] item: Leftovers
|upkeep
|turn|19
|
|t:|1663398658
|move|p2a: Klefki|Switcheroo|p1a: Zygarde
|-activate|p2a: Klefki|move: Trick|[of] p1a: Zygarde
|-item|p1a: Zygarde|Ring Target|[from] move: Switcheroo
|-item|p2a: Klefki|Leftovers|[from] move: Switcheroo
|move|p1a: Zygarde|Substitute|p1a: Zygarde
|-start|p1a: Zygarde|Substitute
|-damage|p1a: Zygarde|62/100
|
|upkeep
|turn|20
|
|t:|1663398665
|switch|p2a: Landorus|Landorus-Therian, M|47/100
|-ability|p2a: Landorus|Intimidate|boost
|-immune|p1a: Zygarde
|move|p1a: Zygarde|Thousand Arrows|p2a: Landorus
|-damage|p2a: Landorus|0 fnt
|faint|p2a: Landorus
|
|upkeep
|
|t:|1663398670
|switch|p2a: Regieleki|Regieleki|100/100
|turn|21
|
|t:|1663398675
|move|p1a: Zygarde|Thousand Arrows|p2a: Regieleki
|-supereffective|p2a: Regieleki
|-damage|p2a: Regieleki|0 fnt
|faint|p2a: Regieleki
|
|-fieldend|move: Electric Terrain
|upkeep
|
|t:|1663398677
|switch|p2a: Yveltal|Yveltal|100/100
|-ability|p2a: Yveltal|Dark Aura
|turn|22
|
|t:|1663398683
|move|p1a: Zygarde|Thousand Arrows|p2a: Yveltal
|-damage|p2a: Yveltal|37/100
|-start|p2a: Yveltal|Smack Down
|move|p2a: Yveltal|Foul Play|p1a: Zygarde
|-end|p1a: Zygarde|Substitute
|
|upkeep
|turn|23
|
|t:|1663398690
|move|p1a: Zygarde|Thousand Arrows|p2a: Yveltal
|-damage|p2a: Yveltal|0 fnt
|faint|p2a: Yveltal
|
|upkeep
|
|t:|1663398697
|switch|p2a: Klefki|Klefki, M|100/100 par
|turn|24
|
|t:|1663398700
|move|p2a: Klefki|Thunder Wave|p1a: Zygarde
|-status|p1a: Zygarde|par
|move|p1a: Zygarde|Substitute|p1a: Zygarde
|-start|p1a: Zygarde|Substitute
|-damage|p1a: Zygarde|37/100 par
|
|-activate|p1a: Zygarde|ability: Power Construct
|detailschange|p1a: Zygarde|Zygarde-Complete
|-heal|p1a: Zygarde|61/100 par|[silent]
|upkeep
|turn|25
|
|t:|1663398710
|move|p1a: Zygarde|Thousand Arrows|p2a: Klefki
|-supereffective|p2a: Klefki
|-damage|p2a: Klefki|0 fnt
|faint|p2a: Klefki
|
|upkeep
|
|t:|1663398712
|switch|p2a: Tapu Koko|Tapu Koko|100/100
|-fieldstart|move: Electric Terrain|[from] ability: Electric Surge|[of] p2a: Tapu Koko
|turn|26
|
|t:|1663398717
|move|p2a: Tapu Koko|Thunder Punch|p1a: Zygarde
|-resisted|p1a: Zygarde
|-activate|p1a: Zygarde|move: Substitute|[damage]
|move|p1a: Zygarde|Thousand Arrows|p2a: Tapu Koko
|-supereffective|p2a: Tapu Koko
|-damage|p2a: Tapu Koko|0 fnt
|faint|p2a: Tapu Koko
|
|win|saowhit
|raw|saowhit's rating: 1221 &rarr; <strong>1261</strong><br />(+40 for winning)
|raw|Dun 26's rating: 1461 &rarr; <strong>1429</strong><br />(-32 for losing)
|l|☆Dun 26
