|j|☆I like Lovely
|j|☆QiYu4
|player|p1|I like Lovely|pokekid|1686
|player|p2|QiYu4|psychic-gen4|1695
|teamsize|p1|6
|teamsize|p2|6
|gametype|singles
|gen|8
|tier|[Gen 8] Ubers
|rated|
|clearpoke
|poke|p1|Lunala|
|poke|p1|Mandibuzz, F|
|poke|p1|Eternatus|
|poke|p1|Snorlax, M|
|poke|p1|Corviknight, F|
|poke|p1|Jirachi|
|poke|p2|Umbreon, F|
|poke|p2|Eternatus|
|poke|p2|Lunala|
|poke|p2|Marshadow|
|poke|p2|Ditto|
|poke|p2|Ferrothorn, M|
|rule|Sleep Clause Mod: Limit one foe put to sleep
|rule|Species Clause: Limit one of each Pokémon
|rule|OHKO Clause: OHKO moves are banned
|rule|Evasion Moves Clause: Evasion moves are banned
|rule|Endless Battle Clause: Forcing endless battles is banned
|rule|HP Percentage Mod: HP is shown in percentages
|teampreview
|inactive|Battle timer is ON: inactive players will automatically lose when time's up. (requested by QiYu4)
|j| Amy2603
|
|start
|switch|p1a: Eternatus|Eternatus|100/100
|switch|p2a: Lunala|Lunala|100/100
|-ability|p1a: Eternatus|Pressure
|turn|1
|
|switch|p1a: Mandibuzz|Mandibuzz, F|100/100
|move|p2a: Lunala|Will-O-Wisp|p1a: Mandibuzz
|-status|p1a: Mandibuzz|brn
|
|-damage|p1a: Mandibuzz|94/100 brn|[from] brn
|upkeep
|turn|2
|
|switch|p2a: Eternatus|Eternatus|100/100
|-ability|p2a: Eternatus|Pressure
|move|p1a: Mandibuzz|Foul Play|p2a: Eternatus
|-damage|p2a: Eternatus|93/100
|
|-heal|p2a: Eternatus|99/100|[from] item: Black Sludge
|-damage|p1a: Mandibuzz|88/100 brn|[from] brn
|upkeep
|turn|3
|
|switch|p2a: Ferrothorn|Ferrothorn, M|100/100
|switch|p1a: Jirachi|Jirachi|100/100
|
|upkeep
|turn|4
|
|move|p1a: Jirachi|U-turn|p2a: Ferrothorn
|-damage|p2a: Ferrothorn|92/100
|-damage|p1a: Jirachi|88/100|[from] ability: Iron Barbs|[of] p2a: Ferrothorn
|
|switch|p1a: Lunala|Lunala|100/100|[from]move: U-turn
|move|p2a: Ferrothorn|Knock Off|p1a: Lunala
|-supereffective|p1a: Lunala
|-damage|p1a: Lunala|65/100
|-enditem|p1a: Lunala|Choice Specs|[from] move: Knock Off|[of] p2a: Ferrothorn
|
|-heal|p2a: Ferrothorn|98/100|[from] item: Leftovers
|upkeep
|turn|5
|
|move|p2a: Ferrothorn|Protect|p2a: Ferrothorn
|-singleturn|p2a: Ferrothorn|Protect
|move|p1a: Lunala|Heat Wave|p2a: Ferrothorn
|-activate|p2a: Ferrothorn|move: Protect
|
|-heal|p2a: Ferrothorn|100/100|[from] item: Leftovers
|upkeep
|turn|6
|
|switch|p2a: Eternatus|Eternatus|99/100
|-ability|p2a: Eternatus|Pressure
|move|p1a: Lunala|Heat Wave|p2a: Eternatus
|-resisted|p2a: Eternatus
|-damage|p2a: Eternatus|86/100
|
|-heal|p2a: Eternatus|92/100|[from] item: Black Sludge
|upkeep
|turn|7
|
|switch|p2a: Umbreon|Umbreon, F|100/100
|move|p1a: Lunala|Psychic|p2a: Umbreon
|-immune|p2a: Umbreon
|
|upkeep
|turn|8
|
|switch|p2a: Ferrothorn|Ferrothorn, M|100/100
|move|p1a: Lunala|Moonblast|p2a: Ferrothorn
|-resisted|p2a: Ferrothorn
|-damage|p2a: Ferrothorn|85/100
|
|-heal|p2a: Ferrothorn|91/100|[from] item: Leftovers
|upkeep
|turn|9
|
|-start|p2a: Ferrothorn|Dynamax
|-heal|p2a: Ferrothorn|91/100|[silent]
|move|p1a: Lunala|Heat Wave|p2a: Ferrothorn
|-supereffective|p2a: Ferrothorn
|-damage|p2a: Ferrothorn|36/100
|move|p2a: Ferrothorn|Max Darkness|p1a: Lunala
|-supereffective|p1a: Lunala
|-damage|p1a: Lunala|0 fnt
|faint|p1a: Lunala
|
|-heal|p2a: Ferrothorn|39/100|[from] item: Leftovers
|upkeep
|j| sealx
|
|switch|p1a: Eternatus|Eternatus|100/100
|-ability|p1a: Eternatus|Pressure
|turn|10
|
|move|p2a: Ferrothorn|Max Guard|p2a: Ferrothorn
|-singleturn|p2a: Ferrothorn|Max Guard
|move|p1a: Eternatus|Flamethrower|p2a: Ferrothorn
|-activate|p2a: Ferrothorn|move: Max Guard
|
|-heal|p2a: Ferrothorn|43/100|[from] item: Leftovers
|upkeep
|turn|11
|
|-end|p2a: Ferrothorn|Dynamax
|-heal|p2a: Ferrothorn|43/100|[silent]
|switch|p2a: Umbreon|Umbreon, F|100/100
|move|p1a: Eternatus|Toxic|p2a: Umbreon
|-status|p2a: Umbreon|tox
|-activate|p2a: Umbreon|ability: Synchronize
|-immune|p1a: Eternatus
|
|-damage|p2a: Umbreon|94/100 tox|[from] psn
|upkeep
|turn|12
|
|switch|p1a: Jirachi|Jirachi|88/100
|move|p2a: Umbreon|Snarl|p1a: Jirachi
|-supereffective|p1a: Jirachi
|-damage|p1a: Jirachi|73/100
|-unboost|p1a: Jirachi|spa|1
|
|-heal|p1a: Jirachi|79/100|[from] item: Leftovers
|-heal|p2a: Umbreon|100/100 tox|[from] item: Leftovers
|-damage|p2a: Umbreon|88/100 tox|[from] psn
|upkeep
|turn|13
|
|move|p1a: Jirachi|U-turn|p2a: Umbreon
|-supereffective|p2a: Umbreon
|-damage|p2a: Umbreon|63/100 tox
|
|switch|p1a: Eternatus|Eternatus|100/100|[from]move: U-turn
|-ability|p1a: Eternatus|Pressure
|move|p2a: Umbreon|Heal Bell|p2a: Umbreon
|-activate|p2a: Umbreon|move: Heal Bell
|-curestatus|p2a: Umbreon|tox|[msg]
|
|-heal|p2a: Umbreon|69/100|[from] item: Leftovers
|upkeep
|turn|14
|
|move|p2a: Umbreon|Protect|p2a: Umbreon
|-singleturn|p2a: Umbreon|Protect
|move|p1a: Eternatus|Dynamax Cannon|p2a: Umbreon
|-activate|p2a: Umbreon|move: Protect
|
|-heal|p2a: Umbreon|75/100|[from] item: Leftovers
|upkeep
|turn|15
|
|move|p1a: Eternatus|Toxic|p2a: Umbreon
|-status|p2a: Umbreon|tox
|-activate|p2a: Umbreon|ability: Synchronize
|-immune|p1a: Eternatus
|move|p2a: Umbreon|Wish|p2a: Umbreon
|
|-heal|p2a: Umbreon|81/100 tox|[from] item: Leftovers
|-damage|p2a: Umbreon|75/100 tox|[from] psn
|upkeep
|turn|16
|
|switch|p1a: Jirachi|Jirachi|79/100
|move|p2a: Umbreon|Snarl|p1a: Jirachi
|-supereffective|p1a: Jirachi
|-damage|p1a: Jirachi|62/100
|-unboost|p1a: Jirachi|spa|1
|
|-heal|p2a: Umbreon|100/100 tox|[from] move: Wish|[wisher] Umbreon
|-heal|p1a: Jirachi|68/100|[from] item: Leftovers
|-damage|p2a: Umbreon|88/100 tox|[from] psn
|upkeep
|turn|17
|
|move|p1a: Jirachi|U-turn|p2a: Umbreon
|-supereffective|p2a: Umbreon
|-damage|p2a: Umbreon|62/100 tox
|
|switch|p1a: Eternatus|Eternatus|100/100|[from]move: U-turn
|-ability|p1a: Eternatus|Pressure
|move|p2a: Umbreon|Heal Bell|p2a: Umbreon
|-activate|p2a: Umbreon|move: Heal Bell
|-curestatus|p2a: Umbreon|tox|[msg]
|
|-heal|p2a: Umbreon|68/100|[from] item: Leftovers
|upkeep
|turn|18
|
|switch|p2a: Ditto|Ditto|100/100
|-transform|p2a: Ditto|p1a: Eternatus|[from] ability: Imposter
|-ability|p2a: Ditto|Pressure
|move|p1a: Eternatus|Toxic|p2a: Ditto
|-immune|p2a: Ditto
|
|upkeep
|turn|19
|
|move|p1a: Eternatus|Dynamax Cannon|p2a: Ditto
|-supereffective|p2a: Ditto
|-enditem|p2a: Ditto|Focus Sash
|-damage|p2a: Ditto|1/100
|move|p2a: Ditto|Dynamax Cannon|p1a: Eternatus
|-supereffective|p1a: Eternatus
|-enditem|p1a: Eternatus|Haban Berry|[eat]
|-enditem|p1a: Eternatus|Haban Berry|[weaken]
|-damage|p1a: Eternatus|62/100
|
|upkeep
|turn|20
|c|☆I like Lovely|What
|inactive|I like Lovely has 120 seconds left.
|
|switch|p2a: Eternatus|Eternatus|92/100
|-ability|p2a: Eternatus|Pressure
|switch|p1a: Jirachi|Jirachi|68/100
|
|-heal|p2a: Eternatus|98/100|[from] item: Black Sludge
|-heal|p1a: Jirachi|75/100|[from] item: Leftovers
|upkeep
|turn|21
|
|move|p2a: Eternatus|Flamethrower|p1a: Jirachi
|-supereffective|p1a: Jirachi
|-damage|p1a: Jirachi|39/100
|move|p1a: Jirachi|Wish|p1a: Jirachi
|
|-heal|p2a: Eternatus|100/100|[from] item: Black Sludge
|-heal|p1a: Jirachi|45/100|[from] item: Leftovers
|upkeep
|turn|22
|
|switch|p2a: Lunala|Lunala|100/100
|move|p1a: Jirachi|Body Slam|p2a: Lunala
|-immune|p2a: Lunala
|
|-heal|p1a: Jirachi|95/100|[from] move: Wish|[wisher] Jirachi
|-heal|p1a: Jirachi|100/100|[from] item: Leftovers
|upkeep
|turn|23
|
|switch|p2a: Ferrothorn|Ferrothorn, M|43/100
|switch|p1a: Snorlax|Snorlax, M|100/100
|
|-heal|p2a: Ferrothorn|49/100|[from] item: Leftovers
|upkeep
|turn|24
|
|switch|p1a: Eternatus|Eternatus|62/100
|-ability|p1a: Eternatus|Pressure
|move|p2a: Ferrothorn|Leech Seed|p1a: Eternatus
|-start|p1a: Eternatus|move: Leech Seed
|
|-heal|p2a: Ferrothorn|55/100|[from] item: Leftovers
|-damage|p1a: Eternatus|49/100|[from] Leech Seed|[of] p2a: Ferrothorn
|-heal|p2a: Ferrothorn|70/100|[silent]
|upkeep
|turn|25
|
|switch|p2a: Eternatus|Eternatus|100/100
|-ability|p2a: Eternatus|Pressure
|move|p1a: Eternatus|Recover|p1a: Eternatus
|-heal|p1a: Eternatus|99/100
|
|-damage|p1a: Eternatus|87/100|[from] Leech Seed|[of] p2a: Eternatus
|upkeep
|turn|26
|
|switch|p1a: Jirachi|Jirachi|100/100
|move|p2a: Eternatus|Recover||[still]
|-fail|p2a: Eternatus|heal
|
|upkeep
|turn|27
|
|move|p2a: Eternatus|Flamethrower|p1a: Jirachi
|-supereffective|p1a: Jirachi
|-damage|p1a: Jirachi|62/100
|move|p1a: Jirachi|U-turn|p2a: Eternatus
|-resisted|p2a: Eternatus
|-damage|p2a: Eternatus|96/100
|
|switch|p1a: Eternatus|Eternatus|87/100|[from]move: U-turn
|-ability|p1a: Eternatus|Pressure
|
|-heal|p2a: Eternatus|100/100|[from] item: Black Sludge
|upkeep
|turn|28
|
|switch|p2a: Lunala|Lunala|100/100
|move|p1a: Eternatus|Dynamax Cannon|p2a: Lunala
|-damage|p2a: Lunala|82/100
|
|upkeep
|turn|29
|inactive|QiYu4 has 120 seconds left.
|l|☆QiYu4
|inactive|QiYu4 disconnected and has a minute to reconnect!
|player|p2|
|j|☆QiYu4
|inactive|QiYu4 reconnected and has 95 seconds left.
|player|p2|QiYu4|psychic-gen4
|inactive|QiYu4 has 90 seconds left.
|
|move|p1a: Eternatus|Toxic|p2a: Lunala
|-status|p2a: Lunala|tox
|move|p2a: Lunala|Will-O-Wisp|p1a: Eternatus
|-status|p1a: Eternatus|brn
|
|-damage|p1a: Eternatus|81/100 brn|[from] brn
|-damage|p2a: Lunala|75/100 tox|[from] psn
|upkeep
|turn|30
|inactive|QiYu4 has 90 seconds left.
|
|switch|p1a: Jirachi|Jirachi|62/100
|switch|p2a: Ditto|Ditto|1/100
|-transform|p2a: Ditto|p1a: Jirachi|[from] ability: Imposter
|
|-heal|p1a: Jirachi|69/100|[from] item: Leftovers
|upkeep
|turn|31
|
|switch|p2a: Ferrothorn|Ferrothorn, M|70/100
|move|p1a: Jirachi|U-turn|p2a: Ferrothorn
|-damage|p2a: Ferrothorn|60/100
|-damage|p1a: Jirachi|56/100|[from] ability: Iron Barbs|[of] p2a: Ferrothorn
|
|switch|p1a: Corviknight|Corviknight, F|100/100|[from]move: U-turn
|-ability|p1a: Corviknight|Pressure
|
|-heal|p2a: Ferrothorn|66/100|[from] item: Leftovers
|upkeep
|turn|32
|
|move|p1a: Corviknight|Iron Defense|p1a: Corviknight
|-boost|p1a: Corviknight|def|2
|move|p2a: Ferrothorn|Knock Off|p1a: Corviknight
|-damage|p1a: Corviknight|94/100
|-damage|p2a: Ferrothorn|50/100|[from] item: Rocky Helmet|[of] p1a: Corviknight
|-enditem|p1a: Corviknight|Rocky Helmet|[from] move: Knock Off|[of] p2a: Ferrothorn
|
|-heal|p2a: Ferrothorn|56/100|[from] item: Leftovers
|upkeep
|turn|33
|
|switch|p2a: Eternatus|Eternatus|100/100
|-ability|p2a: Eternatus|Pressure
|move|p1a: Corviknight|U-turn|p2a: Eternatus
|-resisted|p2a: Eternatus
|-damage|p2a: Eternatus|97/100
|
|switch|p1a: Snorlax|Snorlax, M|100/100|[from]move: U-turn
|
|-heal|p2a: Eternatus|100/100|[from] item: Black Sludge
|upkeep
|turn|34
|
|switch|p2a: Umbreon|Umbreon, F|68/100
|move|p1a: Snorlax|Curse|p1a: Snorlax
|-unboost|p1a: Snorlax|spe|1
|-boost|p1a: Snorlax|atk|1
|-boost|p1a: Snorlax|def|1
|
|-heal|p2a: Umbreon|74/100|[from] item: Leftovers
|upkeep
|turn|35
|
|switch|p2a: Ferrothorn|Ferrothorn, M|56/100
|move|p1a: Snorlax|Curse|p1a: Snorlax
|-unboost|p1a: Snorlax|spe|1
|-boost|p1a: Snorlax|atk|1
|-boost|p1a: Snorlax|def|1
|
|-heal|p2a: Ferrothorn|62/100|[from] item: Leftovers
|upkeep
|turn|36
|
|move|p2a: Ferrothorn|Leech Seed|p1a: Snorlax
|-start|p1a: Snorlax|move: Leech Seed
|move|p1a: Snorlax|Body Slam|p2a: Ferrothorn
|-resisted|p2a: Ferrothorn
|-damage|p2a: Ferrothorn|46/100
|-damage|p1a: Snorlax|88/100|[from] ability: Iron Barbs|[of] p2a: Ferrothorn
|
|-heal|p2a: Ferrothorn|52/100|[from] item: Leftovers
|-heal|p1a: Snorlax|94/100|[from] item: Leftovers
|-damage|p1a: Snorlax|82/100|[from] Leech Seed|[of] p2a: Ferrothorn
|-heal|p2a: Ferrothorn|69/100|[silent]
|upkeep
|turn|37
|
|move|p2a: Ferrothorn|Knock Off|p1a: Snorlax
|-damage|p1a: Snorlax|73/100
|-enditem|p1a: Snorlax|Leftovers|[from] move: Knock Off|[of] p2a: Ferrothorn
|move|p1a: Snorlax|Body Slam|p2a: Ferrothorn
|-resisted|p2a: Ferrothorn
|-damage|p2a: Ferrothorn|50/100
|-damage|p1a: Snorlax|61/100|[from] ability: Iron Barbs|[of] p2a: Ferrothorn
|
|-heal|p2a: Ferrothorn|56/100|[from] item: Leftovers
|-damage|p1a: Snorlax|48/100|[from] Leech Seed|[of] p2a: Ferrothorn
|-heal|p2a: Ferrothorn|73/100|[silent]
|upkeep
|turn|38
|
|move|p2a: Ferrothorn|Spikes|p1a: Snorlax
|-sidestart|p1: I like Lovely|Spikes
|move|p1a: Snorlax|Rest|p1a: Snorlax
|-status|p1a: Snorlax|slp|[from] move: Rest
|-heal|p1a: Snorlax|100/100 slp|[silent]
|
|-heal|p2a: Ferrothorn|79/100|[from] item: Leftovers
|-damage|p1a: Snorlax|88/100 slp|[from] Leech Seed|[of] p2a: Ferrothorn
|-heal|p2a: Ferrothorn|97/100|[silent]
|upkeep
|turn|39
|
|switch|p1a: Mandibuzz|Mandibuzz, F|88/100 brn
|move|p2a: Ferrothorn|Spikes|p1a: Mandibuzz
|-sidestart|p1: I like Lovely|Spikes
|
|-heal|p2a: Ferrothorn|100/100|[from] item: Leftovers
|-damage|p1a: Mandibuzz|82/100 brn|[from] brn
|upkeep
|turn|40
|
|move|p1a: Mandibuzz|Taunt|p2a: Ferrothorn
|-start|p2a: Ferrothorn|move: Taunt
|move|p2a: Ferrothorn|Knock Off|p1a: Mandibuzz
|-resisted|p1a: Mandibuzz
|-damage|p1a: Mandibuzz|76/100 brn
|-enditem|p1a: Mandibuzz|Heavy-Duty Boots|[from] move: Knock Off|[of] p2a: Ferrothorn
|
|-damage|p1a: Mandibuzz|70/100 brn|[from] brn
|upkeep
|turn|41
|
|switch|p2a: Ditto|Ditto|1/100
|-transform|p2a: Ditto|p1a: Mandibuzz|[from] ability: Imposter
|move|p1a: Mandibuzz|Defog|p2a: Ditto
|-unboost|p2a: Ditto|evasion|1
|-sideend|p1: I like Lovely|Spikes|[from] move: Defog|[of] p1a: Mandibuzz
|
|-damage|p1a: Mandibuzz|64/100 brn|[from] brn
|upkeep
|turn|42
|
|switch|p1a: Corviknight|Corviknight, F|94/100
|-ability|p1a: Corviknight|Pressure
|move|p2a: Ditto|Roost|p2a: Ditto
|-heal|p2a: Ditto|51/100
|-singleturn|p2a: Ditto|move: Roost
|
|upkeep
|turn|43
|
|move|p2a: Ditto|Roost|p2a: Ditto
|-heal|p2a: Ditto|100/100
|-singleturn|p2a: Ditto|move: Roost
|move|p1a: Corviknight|U-turn|p2a: Ditto
|-supereffective|p2a: Ditto
|-damage|p2a: Ditto|77/100
|
|switch|p1a: Jirachi|Jirachi|56/100|[from]move: U-turn
|
|-heal|p1a: Jirachi|62/100|[from] item: Leftovers
|upkeep
|turn|44
|
|move|p1a: Jirachi|Wish|p1a: Jirachi
|move|p2a: Ditto|Foul Play|p1a: Jirachi
|-supereffective|p1a: Jirachi
|-damage|p1a: Jirachi|8/100
|
|-heal|p1a: Jirachi|15/100|[from] item: Leftovers
|upkeep
|turn|45
|
|move|p1a: Jirachi|Protect|p1a: Jirachi
|-singleturn|p1a: Jirachi|Protect
|move|p2a: Ditto|Roost|p2a: Ditto
|-heal|p2a: Ditto|100/100
|-singleturn|p2a: Ditto|move: Roost
|
|-heal|p1a: Jirachi|65/100|[from] move: Wish|[wisher] Jirachi
|-heal|p1a: Jirachi|71/100|[from] item: Leftovers
|upkeep
|turn|46
|
|move|p1a: Jirachi|Body Slam|p2a: Ditto
|-damage|p2a: Ditto|85/100
|move|p2a: Ditto|Foul Play|p1a: Jirachi
|-supereffective|p1a: Jirachi
|-damage|p1a: Jirachi|17/100
|
|-heal|p1a: Jirachi|24/100|[from] item: Leftovers
|upkeep
|turn|47
|l| sealx
|
|move|p1a: Jirachi|Protect|p1a: Jirachi
|-singleturn|p1a: Jirachi|Protect
|move|p2a: Ditto|Foul Play|p1a: Jirachi
|-activate|p1a: Jirachi|move: Protect
|
|-heal|p1a: Jirachi|30/100|[from] item: Leftovers
|upkeep
|turn|48
|
|move|p1a: Jirachi|U-turn|p2a: Ditto
|-damage|p2a: Ditto|71/100
|
|switch|p1a: Corviknight|Corviknight, F|94/100|[from]move: U-turn
|-ability|p1a: Corviknight|Pressure
|move|p2a: Ditto|Foul Play|p1a: Corviknight
|-damage|p1a: Corviknight|75/100
|
|upkeep
|turn|49
|
|move|p2a: Ditto|Roost|p2a: Ditto
|-heal|p2a: Ditto|100/100
|-singleturn|p2a: Ditto|move: Roost
|move|p1a: Corviknight|U-turn|p2a: Ditto
|-supereffective|p2a: Ditto
|-damage|p2a: Ditto|78/100
|
|switch|p1a: Jirachi|Jirachi|30/100|[from]move: U-turn
|
|-heal|p1a: Jirachi|36/100|[from] item: Leftovers
|upkeep
|turn|50
|
|switch|p2a: Ferrothorn|Ferrothorn, M|100/100
|move|p1a: Jirachi|Wish|p1a: Jirachi
|
|-heal|p1a: Jirachi|42/100|[from] item: Leftovers
|upkeep
|turn|51
|
|move|p1a: Jirachi|Protect|p1a: Jirachi
|-singleturn|p1a: Jirachi|Protect
|move|p2a: Ferrothorn|Spikes|p1a: Jirachi
|-sidestart|p1: I like Lovely|Spikes
|
|-heal|p1a: Jirachi|92/100|[from] move: Wish|[wisher] Jirachi
|-heal|p1a: Jirachi|98/100|[from] item: Leftovers
|upkeep
|turn|52
|
|switch|p1a: Mandibuzz|Mandibuzz, F|64/100 brn
|move|p2a: Ferrothorn|Knock Off|p1a: Mandibuzz
|-resisted|p1a: Mandibuzz
|-damage|p1a: Mandibuzz|60/100 brn
|
|-damage|p1a: Mandibuzz|54/100 brn|[from] brn
|upkeep
|turn|53
|
|move|p1a: Mandibuzz|Defog|p2a: Ferrothorn
|-unboost|p2a: Ferrothorn|evasion|1
|-sideend|p1: I like Lovely|Spikes|[from] move: Defog|[of] p1a: Mandibuzz
|move|p2a: Ferrothorn|Leech Seed|p1a: Mandibuzz
|-start|p1a: Mandibuzz|move: Leech Seed
|
|-damage|p1a: Mandibuzz|42/100 brn|[from] Leech Seed|[of] p2a: Ferrothorn
|-damage|p1a: Mandibuzz|36/100 brn|[from] brn
|upkeep
|turn|54
|
|switch|p1a: Eternatus|Eternatus|81/100 brn
|-ability|p1a: Eternatus|Pressure
|switch|p2a: Marshadow|Marshadow|100/100
|
|-damage|p1a: Eternatus|75/100 brn|[from] brn
|upkeep
|turn|55
|
|move|p2a: Marshadow|Zen Headbutt|p1a: Eternatus
|-supereffective|p1a: Eternatus
|-damage|p1a: Eternatus|38/100 brn
|move|p1a: Eternatus|Toxic|p2a: Marshadow
|-status|p2a: Marshadow|tox
|
|-damage|p2a: Marshadow|94/100 tox|[from] psn
|-damage|p1a: Eternatus|32/100 brn|[from] brn
|upkeep
|turn|56
|
|switch|p2a: Umbreon|Umbreon, F|74/100
|switch|p1a: Corviknight|Corviknight, F|75/100
|-ability|p1a: Corviknight|Pressure
|
|-heal|p2a: Umbreon|80/100|[from] item: Leftovers
|upkeep
|turn|57
|
|move|p1a: Corviknight|Body Press|p2a: Umbreon
|-supereffective|p2a: Umbreon
|-damage|p2a: Umbreon|38/100
|move|p2a: Umbreon|Heal Bell|p2a: Umbreon
|-activate|p2a: Umbreon|move: Heal Bell
|-curestatus|p2: Lunala|tox|[msg]
|-curestatus|p2: Marshadow|tox|[msg]
|
|-heal|p2a: Umbreon|44/100|[from] item: Leftovers
|upkeep
|turn|58
|
|switch|p2a: Lunala|Lunala|75/100
|move|p1a: Corviknight|U-turn|p2a: Lunala
|-damage|p2a: Lunala|66/100
|
|switch|p1a: Mandibuzz|Mandibuzz, F|36/100 brn|[from]move: U-turn
|
|-damage|p1a: Mandibuzz|30/100 brn|[from] brn
|upkeep
|turn|59
|l| Amy2603
|
|move|p2a: Lunala|Hex|p1a: Mandibuzz
|-resisted|p1a: Mandibuzz
|-damage|p1a: Mandibuzz|5/100 brn
|move|p1a: Mandibuzz|Roost|p1a: Mandibuzz
|-heal|p1a: Mandibuzz|55/100 brn
|-singleturn|p1a: Mandibuzz|move: Roost
|
|-damage|p1a: Mandibuzz|49/100 brn|[from] brn
|upkeep
|turn|60
|
|move|p2a: Lunala|Roost|p2a: Lunala
|-heal|p2a: Lunala|100/100
|-singleturn|p2a: Lunala|move: Roost
|move|p1a: Mandibuzz|Roost|p1a: Mandibuzz
|-heal|p1a: Mandibuzz|99/100 brn
|-singleturn|p1a: Mandibuzz|move: Roost
|
|-damage|p1a: Mandibuzz|92/100 brn|[from] brn
|upkeep
|turn|61
|
|switch|p2a: Ferrothorn|Ferrothorn, M|100/100
|switch|p1a: Snorlax|Snorlax, M|88/100 slp
|
|upkeep
|turn|62
|
|cant|p1a: Snorlax|slp
|move|p2a: Ferrothorn|Spikes|p1a: Snorlax
|-sidestart|p1: I like Lovely|Spikes
|
|upkeep
|turn|63
|
|switch|p1a: Eternatus|Eternatus|32/100 brn
|-damage|p1a: Eternatus|19/100 brn|[from] Spikes
|-ability|p1a: Eternatus|Pressure
|switch|p2a: Marshadow|Marshadow|94/100
|
|-damage|p1a: Eternatus|13/100 brn|[from] brn
|upkeep
|turn|64
|
|move|p2a: Marshadow|Close Combat|p1a: Eternatus
|-resisted|p1a: Eternatus
|-damage|p1a: Eternatus|0 fnt
|-unboost|p2a: Marshadow|def|1
|-unboost|p2a: Marshadow|spd|1
|faint|p1a: Eternatus
|
|upkeep
|
|switch|p1a: Jirachi|Jirachi|98/100
|-damage|p1a: Jirachi|86/100|[from] Spikes
|turn|65
|
|switch|p2a: Lunala|Lunala|100/100
|move|p1a: Jirachi|Wish|p1a: Jirachi
|
|-heal|p1a: Jirachi|92/100|[from] item: Leftovers
|upkeep
|turn|66
|
|move|p2a: Lunala|Will-O-Wisp|p1a: Jirachi|[miss]
|-miss|p2a: Lunala|p1a: Jirachi
|move|p1a: Jirachi|U-turn|p2a: Lunala
|-damage|p2a: Lunala|95/100
|
|switch|p1a: Snorlax|Snorlax, M|88/100 slp|[from]move: U-turn
|-damage|p1a: Snorlax|76/100 slp|[from] Spikes
|
|-heal|p1a: Snorlax|100/100 slp|[from] move: Wish|[wisher] Jirachi
|upkeep
|turn|67
|
|switch|p2a: Marshadow|Marshadow|94/100
|cant|p1a: Snorlax|slp
|
|upkeep
|turn|68
|-message|I like Lovely forfeited.
|
|win|QiYu4
|l|☆I like Lovely
|raw|I like Lovely's rating: 1686 &rarr; <strong>1667</strong><br />(-19 for losing)
|raw|QiYu4's rating: 1695 &rarr; <strong>1714</strong><br />(+19 for winning)
