|j|☆c8joey
|j|☆I like Lovely
|player|p1|c8joey|1|1541
|player|p2|I like Lovely|101|1632
|teamsize|p1|6
|teamsize|p2|6
|gametype|singles
|gen|8
|tier|[Gen 8] Ubers
|rated|
|rule|Sleep Clause Mod: Limit one foe put to sleep
|rule|Species Clause: Limit one of each Pokémon
|rule|OHKO Clause: OHKO moves are banned
|rule|Evasion Moves Clause: Evasion moves are banned
|rule|Endless Battle Clause: Forcing endless battles is banned
|rule|HP Percentage Mod: HP is shown in percentages
|clearpoke
|poke|p1|Zacian-*|
|poke|p1|Eternatus|
|poke|p1|Quagsire, M|
|poke|p1|Ditto|
|poke|p1|Gothitelle, F|
|poke|p1|Corviknight, F|
|poke|p2|Ninjask, F|
|poke|p2|Dubwool, M|
|poke|p2|Vaporeon, M|
|poke|p2|Xatu, F|
|poke|p2|Bellossom, F|
|poke|p2|Indeedee-F, F|
|teampreview
|
|start
|switch|p1a: Zacian|Zacian-Crowned|100/100
|switch|p2a: Ninjask|Ninjask, F|100/100
|-ability|p1a: Zacian|Intrepid Sword|boost
|-boost|p1a: Zacian|atk|1
|turn|1
|
|move|p2a: Ninjask|Substitute|p2a: Ninjask
|-start|p2a: Ninjask|Substitute
|-damage|p2a: Ninjask|76/100
|move|p1a: Zacian|Fire Fang|p2a: Ninjask
|-supereffective|p2a: Ninjask
|-end|p2a: Ninjask|Substitute
|
|-heal|p2a: Ninjask|82/100|[from] item: Leftovers
|-ability|p2a: Ninjask|Speed Boost|boost
|-boost|p2a: Ninjask|spe|1
|upkeep
|turn|2
|
|move|p2a: Ninjask|Substitute|p2a: Ninjask
|-start|p2a: Ninjask|Substitute
|-damage|p2a: Ninjask|57/100
|move|p1a: Zacian|Fire Fang|p2a: Ninjask
|-supereffective|p2a: Ninjask
|-end|p2a: Ninjask|Substitute
|
|-heal|p2a: Ninjask|63/100|[from] item: Leftovers
|-ability|p2a: Ninjask|Speed Boost|boost
|-boost|p2a: Ninjask|spe|1
|upkeep
|turn|3
|
|move|p2a: Ninjask|Substitute|p2a: Ninjask
|-start|p2a: Ninjask|Substitute
|-damage|p2a: Ninjask|38/100
|move|p1a: Zacian|Psychic Fangs|p2a: Ninjask
|-end|p2a: Ninjask|Substitute
|
|-heal|p2a: Ninjask|44/100|[from] item: Leftovers
|-ability|p2a: Ninjask|Speed Boost|boost
|-boost|p2a: Ninjask|spe|1
|upkeep
|turn|4
|
|move|p2a: Ninjask|Baton Pass|p2a: Ninjask
|
|switch|p2a: Dubwool|Dubwool, M|100/100|[from]move: Baton Pass
|move|p1a: Zacian|Psychic Fangs|p2a: Dubwool
|-crit|p2a: Dubwool
|-damage|p2a: Dubwool|71/100
|
|-heal|p2a: Dubwool|77/100|[from] item: Leftovers
|upkeep
|turn|5
|
|move|p2a: Dubwool|Cotton Guard|p2a: Dubwool
|-boost|p2a: Dubwool|def|3
|move|p1a: Zacian|Fire Fang|p2a: Dubwool
|-damage|p2a: Dubwool|66/100
|
|-heal|p2a: Dubwool|72/100|[from] item: Leftovers
|upkeep
|turn|6
|
|switch|p1a: Eternatus|Eternatus|100/100
|-ability|p1a: Eternatus|Pressure
|move|p2a: Dubwool|Substitute|p2a: Dubwool
|-start|p2a: Dubwool|Substitute
|-damage|p2a: Dubwool|47/100
|
|-heal|p2a: Dubwool|53/100|[from] item: Leftovers
|upkeep
|turn|7
|
|move|p2a: Dubwool|Baton Pass|p2a: Dubwool
|
|switch|p2a: Indeedee|Indeedee-F, F|100/100|[from]move: Baton Pass
|-fieldstart|move: Psychic Terrain|[from] ability: Psychic Surge|[of] p2a: Indeedee
|move|p1a: Eternatus|Substitute|p1a: Eternatus
|-start|p1a: Eternatus|Substitute
|-damage|p1a: Eternatus|76/100
|
|upkeep
|turn|8
|
|move|p2a: Indeedee|Calm Mind|p2a: Indeedee
|-boost|p2a: Indeedee|spa|1
|-boost|p2a: Indeedee|spd|1
|move|p1a: Eternatus|Dynamax Cannon|p2a: Indeedee
|-end|p2a: Indeedee|Substitute
|-damage|p1a: Eternatus|66/100|[from] item: Life Orb
|
|upkeep
|turn|9
|
|move|p2a: Indeedee|Calm Mind|p2a: Indeedee
|-boost|p2a: Indeedee|spa|1
|-boost|p2a: Indeedee|spd|1
|move|p1a: Eternatus|Dynamax Cannon|p2a: Indeedee
|-damage|p2a: Indeedee|72/100
|-damage|p1a: Eternatus|56/100|[from] item: Life Orb
|
|-heal|p2a: Indeedee|78/100|[from] item: Leftovers
|upkeep
|turn|10
|
|move|p2a: Indeedee|Calm Mind|p2a: Indeedee
|-boost|p2a: Indeedee|spa|1
|-boost|p2a: Indeedee|spd|1
|move|p1a: Eternatus|Dynamax Cannon|p2a: Indeedee
|-crit|p2a: Indeedee
|-damage|p2a: Indeedee|0 fnt
|-damage|p1a: Eternatus|46/100|[from] item: Life Orb
|faint|p2a: Indeedee
|
|upkeep
|
|switch|p2a: Ninjask|Ninjask, F|44/100
|turn|11
|
|move|p2a: Ninjask|Protect|p2a: Ninjask
|-singleturn|p2a: Ninjask|Protect
|move|p1a: Eternatus|Flamethrower|p2a: Ninjask
|-activate|p2a: Ninjask|move: Protect
|
|-heal|p2a: Ninjask|50/100|[from] item: Leftovers
|-fieldend|move: Psychic Terrain
|-ability|p2a: Ninjask|Speed Boost|boost
|-boost|p2a: Ninjask|spe|1
|upkeep
|turn|12
|
|move|p2a: Ninjask|Substitute|p2a: Ninjask
|-start|p2a: Ninjask|Substitute
|-damage|p2a: Ninjask|25/100
|move|p1a: Eternatus|Flamethrower|p2a: Ninjask
|-supereffective|p2a: Ninjask
|-end|p2a: Ninjask|Substitute
|-damage|p1a: Eternatus|36/100|[from] item: Life Orb
|
|-heal|p2a: Ninjask|32/100|[from] item: Leftovers
|-ability|p2a: Ninjask|Speed Boost|boost
|-boost|p2a: Ninjask|spe|1
|upkeep
|turn|13
|
|move|p2a: Ninjask|Protect|p2a: Ninjask
|-singleturn|p2a: Ninjask|Protect
|move|p1a: Eternatus|Flamethrower|p2a: Ninjask
|-activate|p2a: Ninjask|move: Protect
|
|-heal|p2a: Ninjask|38/100|[from] item: Leftovers
|-ability|p2a: Ninjask|Speed Boost|boost
|-boost|p2a: Ninjask|spe|1
|upkeep
|turn|14
|
|move|p2a: Ninjask|Baton Pass|p2a: Ninjask
|
|switch|p2a: Vaporeon|Vaporeon, M|100/100|[from]move: Baton Pass
|move|p1a: Eternatus|Flamethrower|p2a: Vaporeon
|-resisted|p2a: Vaporeon
|-damage|p2a: Vaporeon|81/100
|-damage|p1a: Eternatus|26/100|[from] item: Life Orb
|
|-heal|p2a: Vaporeon|87/100|[from] item: Leftovers
|upkeep
|turn|15
|
|move|p2a: Vaporeon|Aqua Ring|p2a: Vaporeon
|-start|p2a: Vaporeon|Aqua Ring
|move|p1a: Eternatus|Dynamax Cannon|p2a: Vaporeon
|-damage|p2a: Vaporeon|23/100
|-damage|p1a: Eternatus|16/100|[from] item: Life Orb
|
|-heal|p2a: Vaporeon|29/100|[from] item: Leftovers
|-heal|p2a: Vaporeon|35/100|[from] Aqua Ring
|upkeep
|turn|16
|
|move|p2a: Vaporeon|Substitute|p2a: Vaporeon
|-start|p2a: Vaporeon|Substitute
|-damage|p2a: Vaporeon|10/100
|move|p1a: Eternatus|Dynamax Cannon|p2a: Vaporeon
|-end|p2a: Vaporeon|Substitute
|-damage|p1a: Eternatus|6/100|[from] item: Life Orb
|
|-heal|p2a: Vaporeon|17/100|[from] item: Leftovers
|-heal|p2a: Vaporeon|23/100|[from] Aqua Ring
|upkeep
|turn|17
|
|move|p2a: Vaporeon|Baton Pass|p2a: Vaporeon
|
|switch|p2a: Bellossom|Bellossom, F|100/100|[from]move: Baton Pass
|move|p1a: Eternatus|Dynamax Cannon|p2a: Bellossom
|-damage|p2a: Bellossom|17/100
|-damage|p1a: Eternatus|0 fnt|[from] item: Life Orb
|faint|p1a: Eternatus
|
|-heal|p2a: Bellossom|24/100|[from] item: Leftovers
|-heal|p2a: Bellossom|30/100|[from] Aqua Ring
|upkeep
|
|switch|p1a: Ditto|Ditto|100/100
|-transform|p1a: Ditto|p2a: Bellossom|[from] ability: Imposter
|turn|18
|
|move|p1a: Ditto|Baton Pass|p1a: Ditto
|
|switch|p1a: Zacian|Zacian-Crowned|100/100|[from]move: Baton Pass
|-ability|p1a: Zacian|Intrepid Sword|boost
|-boost|p1a: Zacian|atk|1
|move|p2a: Bellossom|Ingrain|p2a: Bellossom
|-start|p2a: Bellossom|move: Ingrain
|
|-heal|p2a: Bellossom|36/100|[from] item: Leftovers
|-heal|p2a: Bellossom|42/100|[from] Aqua Ring
|-heal|p2a: Bellossom|49/100|[from] Ingrain
|upkeep
|turn|19
|
|move|p1a: Zacian|Play Rough|p2a: Bellossom
|-damage|p2a: Bellossom|0 fnt
|faint|p2a: Bellossom
|
|upkeep
|
|switch|p2a: Dubwool|Dubwool, M|53/100
|turn|20
|
|move|p1a: Zacian|Fire Fang|p2a: Dubwool
|-damage|p2a: Dubwool|22/100
|move|p2a: Dubwool|Cotton Guard|p2a: Dubwool
|-boost|p2a: Dubwool|def|3
|
|-heal|p2a: Dubwool|28/100|[from] item: Leftovers
|upkeep
|turn|21
|
|move|p1a: Zacian|Play Rough|p2a: Dubwool
|-damage|p2a: Dubwool|15/100
|move|p2a: Dubwool|Cotton Guard|p2a: Dubwool
|-boost|p2a: Dubwool|def|3
|
|-heal|p2a: Dubwool|21/100|[from] item: Leftovers
|upkeep
|turn|22
|
|move|p1a: Zacian|Fire Fang|p2a: Dubwool
|-damage|p2a: Dubwool|14/100
|move|p2a: Dubwool|Baton Pass|p2a: Dubwool
|
|switch|p2a: Ninjask|Ninjask, F|38/100|[from]move: Baton Pass
|
|-heal|p2a: Ninjask|44/100|[from] item: Leftovers
|upkeep
|turn|23
|
|move|p2a: Ninjask|Protect|p2a: Ninjask
|-singleturn|p2a: Ninjask|Protect
|move|p1a: Zacian|Play Rough|p2a: Ninjask
|-activate|p2a: Ninjask|move: Protect
|
|-heal|p2a: Ninjask|50/100|[from] item: Leftovers
|-ability|p2a: Ninjask|Speed Boost|boost
|-boost|p2a: Ninjask|spe|1
|upkeep
|turn|24
|-message|I like Lovely forfeited.
|
|win|c8joey
|l|☆I like Lovely
|raw|c8joey's rating: 1550 &rarr; <strong>1575</strong><br />(+25 for winning)
|raw|I like Lovely's rating: 1632 &rarr; <strong>1607</strong><br />(-25 for losing)
