|j|☆rainbow_fool
|j|‽blown expectations
|t:|1655188011
|gametype|singles
|player|p1|rainbow_fool|170|
|player|p2|blown expectations|caitlin-gen4|
|teamsize|p1|6
|teamsize|p2|6
|gen|8
|tier|[Gen 8] Ubers
|rated|Tournament battle
|rule|Sleep Clause Mod: Limit one foe put to sleep
|rule|Species Clause: Limit one of each Pokémon
|rule|OHKO Clause: OHKO moves are banned
|rule|Evasion Moves Clause: Evasion moves are banned
|rule|Endless Battle Clause: Forcing endless battles is banned
|rule|HP Percentage Mod: HP is shown in percentages
|rule|Dynamax Clause: You cannot dynamax
|clearpoke
|poke|p1|Yveltal|
|poke|p1|Corviknight, F|
|poke|p1|Ferrothorn, M|
|poke|p1|Heatran, M|
|poke|p1|Shedinja|
|poke|p1|Eternatus|
|poke|p2|Yveltal|
|poke|p2|Necrozma-Dusk-Mane|
|poke|p2|Eternatus|
|poke|p2|Marshadow|
|poke|p2|Groudon|
|poke|p2|Xerneas-*|
|teampreview
|inactive|Battle timer is ON: inactive players will automatically lose when time's up. (requested by rainbow_fool)
|inactive|blown expectations also wants the timer to be on.
|
|t:|1655188018
|start
|switch|p1a: Eternatus|Eternatus|100/100
|switch|p2a: Yveltal|Yveltal|100/100
|-ability|p1a: Eternatus|Pressure
|-ability|p2a: Yveltal|Dark Aura
|turn|1
|j| German1111
|
|t:|1655188027
|move|p1a: Eternatus|Toxic|p2a: Yveltal
|-status|p2a: Yveltal|tox
|move|p2a: Yveltal|Knock Off|p1a: Eternatus
|-damage|p1a: Eternatus|45/100
|-enditem|p1a: Eternatus|Black Sludge|[from] move: Knock Off|[of] p2a: Yveltal
|
|-damage|p2a: Yveltal|94/100 tox|[from] psn
|upkeep
|turn|2
|
|t:|1655188032
|switch|p2a: Necrozma|Necrozma-Dusk-Mane|100/100
|move|p1a: Eternatus|Recover|p1a: Eternatus
|-heal|p1a: Eternatus|95/100
|
|upkeep
|turn|3
|
|t:|1655188043
|switch|p1a: Corviknight|Corviknight, F|100/100
|-ability|p1a: Corviknight|Pressure
|move|p2a: Necrozma|Knock Off|p1a: Corviknight
|-damage|p1a: Corviknight|59/100
|-enditem|p1a: Corviknight|Heavy-Duty Boots|[from] move: Knock Off|[of] p2a: Necrozma
|
|upkeep
|turn|4
|
|t:|1655188049
|switch|p2a: Eternatus|Eternatus|100/100
|-ability|p2a: Eternatus|Pressure
|move|p1a: Corviknight|Roost|p1a: Corviknight
|-heal|p1a: Corviknight|100/100
|-singleturn|p1a: Corviknight|move: Roost
|
|upkeep
|turn|5
|
|t:|1655188052
|switch|p2a: Groudon|Groudon|100/100
|-weather|SunnyDay|[from] ability: Drought|[of] p2a: Groudon
|switch|p1a: Heatran|Heatran, M|100/100
|
|-weather|SunnyDay|[upkeep]
|upkeep
|turn|6
|
|t:|1655188057
|switch|p1a: Corviknight|Corviknight, F|100/100
|-ability|p1a: Corviknight|Pressure
|move|p2a: Groudon|Stealth Rock|p1a: Corviknight
|-sidestart|p1: rainbow_fool|move: Stealth Rock
|
|-weather|SunnyDay|[upkeep]
|upkeep
|turn|7
|
|t:|1655188062
|switch|p2a: Eternatus|Eternatus|100/100
|-ability|p2a: Eternatus|Pressure
|move|p1a: Corviknight|Defog|p2a: Eternatus
|-unboost|p2a: Eternatus|evasion|1
|-sideend|p1: rainbow_fool|Stealth Rock|[from] move: Defog|[of] p1a: Corviknight
|
|-weather|SunnyDay|[upkeep]
|upkeep
|turn|8
|
|t:|1655188064
|switch|p2a: Groudon|Groudon|100/100
|switch|p1a: Heatran|Heatran, M|100/100
|
|-weather|SunnyDay|[upkeep]
|upkeep
|turn|9
|
|t:|1655188071
|switch|p1a: Corviknight|Corviknight, F|100/100
|-ability|p1a: Corviknight|Pressure
|move|p2a: Groudon|Precipice Blades|p1a: Corviknight
|-immune|p1a: Corviknight
|
|-weather|none
|upkeep
|turn|10
|
|t:|1655188080
|move|p2a: Groudon|Stealth Rock|p1a: Corviknight
|-sidestart|p1: rainbow_fool|move: Stealth Rock
|move|p1a: Corviknight|Iron Defense|p1a: Corviknight
|-boost|p1a: Corviknight|def|2
|
|upkeep
|turn|11
|
|t:|1655188084
|switch|p2a: Eternatus|Eternatus|100/100
|-ability|p2a: Eternatus|Pressure
|move|p1a: Corviknight|Defog|p2a: Eternatus
|-unboost|p2a: Eternatus|evasion|1
|-sideend|p1: rainbow_fool|Stealth Rock|[from] move: Defog|[of] p1a: Corviknight
|
|upkeep
|turn|12
|
|t:|1655188086
|switch|p2a: Groudon|Groudon|100/100
|-weather|SunnyDay|[from] ability: Drought|[of] p2a: Groudon
|switch|p1a: Heatran|Heatran, M|100/100
|
|-weather|SunnyDay|[upkeep]
|upkeep
|turn|13
|
|t:|1655188089
|switch|p1a: Corviknight|Corviknight, F|100/100
|-ability|p1a: Corviknight|Pressure
|move|p2a: Groudon|Precipice Blades|p1a: Corviknight
|-immune|p1a: Corviknight
|
|-weather|SunnyDay|[upkeep]
|upkeep
|turn|14
|
|t:|1655188092
|move|p2a: Groudon|Stealth Rock|p1a: Corviknight
|-sidestart|p1: rainbow_fool|move: Stealth Rock
|move|p1a: Corviknight|Iron Defense|p1a: Corviknight
|-boost|p1a: Corviknight|def|2
|
|-weather|SunnyDay|[upkeep]
|upkeep
|turn|15
|
|t:|1655188096
|switch|p2a: Eternatus|Eternatus|100/100
|-ability|p2a: Eternatus|Pressure
|move|p1a: Corviknight|Defog|p2a: Eternatus
|-unboost|p2a: Eternatus|evasion|1
|-sideend|p1: rainbow_fool|Stealth Rock|[from] move: Defog|[of] p1a: Corviknight
|
|-weather|SunnyDay|[upkeep]
|upkeep
|turn|16
|
|t:|1655188098
|switch|p2a: Groudon|Groudon|100/100
|switch|p1a: Heatran|Heatran, M|100/100
|
|-weather|none
|upkeep
|turn|17
|
|t:|1655188101
|switch|p1a: Corviknight|Corviknight, F|100/100
|-ability|p1a: Corviknight|Pressure
|move|p2a: Groudon|Stealth Rock|p1a: Corviknight
|-sidestart|p1: rainbow_fool|move: Stealth Rock
|
|upkeep
|turn|18
|
|t:|1655188103
|switch|p2a: Eternatus|Eternatus|100/100
|-ability|p2a: Eternatus|Pressure
|move|p1a: Corviknight|Defog|p2a: Eternatus
|-unboost|p2a: Eternatus|evasion|1
|-sideend|p1: rainbow_fool|Stealth Rock|[from] move: Defog|[of] p1a: Corviknight
|
|upkeep
|turn|19
|
|t:|1655188106
|switch|p2a: Groudon|Groudon|100/100
|-weather|SunnyDay|[from] ability: Drought|[of] p2a: Groudon
|switch|p1a: Heatran|Heatran, M|100/100
|
|-weather|SunnyDay|[upkeep]
|upkeep
|turn|20
|
|t:|1655188111
|switch|p1a: Corviknight|Corviknight, F|100/100
|-ability|p1a: Corviknight|Pressure
|move|p2a: Groudon|Stealth Rock|p1a: Corviknight
|-sidestart|p1: rainbow_fool|move: Stealth Rock
|
|-weather|SunnyDay|[upkeep]
|upkeep
|turn|21
|
|t:|1655188113
|switch|p2a: Eternatus|Eternatus|100/100
|-ability|p2a: Eternatus|Pressure
|move|p1a: Corviknight|Defog|p2a: Eternatus
|-unboost|p2a: Eternatus|evasion|1
|-sideend|p1: rainbow_fool|Stealth Rock|[from] move: Defog|[of] p1a: Corviknight
|
|-weather|SunnyDay|[upkeep]
|upkeep
|turn|22
|
|t:|1655188116
|switch|p2a: Groudon|Groudon|100/100
|switch|p1a: Heatran|Heatran, M|100/100
|
|-weather|SunnyDay|[upkeep]
|upkeep
|turn|23
|
|t:|1655188120
|switch|p1a: Corviknight|Corviknight, F|100/100
|-ability|p1a: Corviknight|Pressure
|move|p2a: Groudon|Stealth Rock|p1a: Corviknight
|-sidestart|p1: rainbow_fool|move: Stealth Rock
|
|-weather|none
|upkeep
|turn|24
|
|t:|1655188141
|switch|p2a: Eternatus|Eternatus|100/100
|-ability|p2a: Eternatus|Pressure
|move|p1a: Corviknight|Defog|p2a: Eternatus
|-unboost|p2a: Eternatus|evasion|1
|-sideend|p1: rainbow_fool|Stealth Rock|[from] move: Defog|[of] p1a: Corviknight
|
|upkeep
|turn|25
|
|t:|1655188143
|switch|p2a: Groudon|Groudon|100/100
|-weather|SunnyDay|[from] ability: Drought|[of] p2a: Groudon
|switch|p1a: Heatran|Heatran, M|100/100
|
|-weather|SunnyDay|[upkeep]
|upkeep
|turn|26
|
|t:|1655188146
|switch|p1a: Corviknight|Corviknight, F|100/100
|-ability|p1a: Corviknight|Pressure
|move|p2a: Groudon|Stealth Rock|p1a: Corviknight
|-sidestart|p1: rainbow_fool|move: Stealth Rock
|
|-weather|SunnyDay|[upkeep]
|upkeep
|turn|27
|
|t:|1655188149
|switch|p2a: Eternatus|Eternatus|100/100
|-ability|p2a: Eternatus|Pressure
|move|p1a: Corviknight|Defog|p2a: Eternatus
|-unboost|p2a: Eternatus|evasion|1
|-sideend|p1: rainbow_fool|Stealth Rock|[from] move: Defog|[of] p1a: Corviknight
|
|-weather|SunnyDay|[upkeep]
|upkeep
|turn|28
|
|t:|1655188152
|switch|p2a: Groudon|Groudon|100/100
|switch|p1a: Heatran|Heatran, M|100/100
|
|-weather|SunnyDay|[upkeep]
|upkeep
|turn|29
|
|t:|1655188154
|switch|p2a: Eternatus|Eternatus|100/100
|-ability|p2a: Eternatus|Pressure
|switch|p1a: Corviknight|Corviknight, F|100/100
|-ability|p1a: Corviknight|Pressure
|
|-weather|none
|upkeep
|turn|30
|
|t:|1655188157
|switch|p2a: Groudon|Groudon|100/100
|-weather|SunnyDay|[from] ability: Drought|[of] p2a: Groudon
|switch|p1a: Heatran|Heatran, M|100/100
|
|-weather|SunnyDay|[upkeep]
|upkeep
|turn|31
|
|t:|1655188160
|switch|p1a: Corviknight|Corviknight, F|100/100
|-ability|p1a: Corviknight|Pressure
|move|p2a: Groudon|Stealth Rock|p1a: Corviknight
|-sidestart|p1: rainbow_fool|move: Stealth Rock
|
|-weather|SunnyDay|[upkeep]
|upkeep
|turn|32
|
|t:|1655188164
|switch|p2a: Eternatus|Eternatus|100/100
|-ability|p2a: Eternatus|Pressure
|move|p1a: Corviknight|Defog|p2a: Eternatus
|-unboost|p2a: Eternatus|evasion|1
|-sideend|p1: rainbow_fool|Stealth Rock|[from] move: Defog|[of] p1a: Corviknight
|
|-weather|SunnyDay|[upkeep]
|upkeep
|turn|33
|
|t:|1655188168
|switch|p2a: Groudon|Groudon|100/100
|switch|p1a: Heatran|Heatran, M|100/100
|
|-weather|SunnyDay|[upkeep]
|upkeep
|turn|34
|
|t:|1655188171
|switch|p1a: Corviknight|Corviknight, F|100/100
|-ability|p1a: Corviknight|Pressure
|move|p2a: Groudon|Stealth Rock|p1a: Corviknight
|-sidestart|p1: rainbow_fool|move: Stealth Rock
|
|-weather|none
|upkeep
|turn|35
|
|t:|1655188174
|switch|p2a: Eternatus|Eternatus|100/100
|-ability|p2a: Eternatus|Pressure
|move|p1a: Corviknight|Defog|p2a: Eternatus
|-unboost|p2a: Eternatus|evasion|1
|-sideend|p1: rainbow_fool|Stealth Rock|[from] move: Defog|[of] p1a: Corviknight
|
|upkeep
|turn|36
|
|t:|1655188179
|switch|p2a: Groudon|Groudon|100/100
|-weather|SunnyDay|[from] ability: Drought|[of] p2a: Groudon
|switch|p1a: Heatran|Heatran, M|100/100
|
|-weather|SunnyDay|[upkeep]
|upkeep
|turn|37
|
|t:|1655188181
|move|p2a: Groudon|Stealth Rock|p1a: Heatran
|-sidestart|p1: rainbow_fool|move: Stealth Rock
|move|p1a: Heatran|Magma Storm|p2a: Groudon
|-damage|p2a: Groudon|35/100
|-activate|p2a: Groudon|move: Magma Storm|[of] p1a: Heatran
|
|-weather|SunnyDay|[upkeep]
|-heal|p2a: Groudon|42/100|[from] item: Leftovers
|-damage|p2a: Groudon|29/100|[from] move: Magma Storm|[partiallytrapped]
|upkeep
|turn|38
|
|t:|1655188184
|switch|p1a: Corviknight|Corviknight, F|100/100
|-damage|p1a: Corviknight|88/100|[from] Stealth Rock
|-ability|p1a: Corviknight|Pressure
|move|p2a: Groudon|Precipice Blades|p1a: Corviknight
|-immune|p1a: Corviknight
|
|-weather|SunnyDay|[upkeep]
|-heal|p2a: Groudon|35/100|[from] item: Leftovers
|-end|p2a: Groudon|Magma Storm|[partiallytrapped]|[silent]
|upkeep
|turn|39
|
|t:|1655188189
|switch|p2a: Eternatus|Eternatus|100/100
|-ability|p2a: Eternatus|Pressure
|move|p1a: Corviknight|Defog|p2a: Eternatus
|-unboost|p2a: Eternatus|evasion|1
|-sideend|p1: rainbow_fool|Stealth Rock|[from] move: Defog|[of] p1a: Corviknight
|
|-weather|SunnyDay|[upkeep]
|upkeep
|turn|40
|
|t:|1655188192
|switch|p2a: Groudon|Groudon|35/100
|switch|p1a: Eternatus|Eternatus|95/100
|-ability|p1a: Eternatus|Pressure
|
|-weather|none
|-heal|p2a: Groudon|42/100|[from] item: Leftovers
|upkeep
|turn|41
|
|t:|1655188196
|switch|p2a: Necrozma|Necrozma-Dusk-Mane|100/100
|move|p1a: Eternatus|Dynamax Cannon|p2a: Necrozma
|-resisted|p2a: Necrozma
|-damage|p2a: Necrozma|79/100
|
|upkeep
|turn|42
|
|t:|1655188200
|switch|p1a: Corviknight|Corviknight, F|88/100
|-ability|p1a: Corviknight|Pressure
|switch|p2a: Eternatus|Eternatus|100/100
|-ability|p2a: Eternatus|Pressure
|
|upkeep
|turn|43
|
|t:|1655188210
|switch|p2a: Groudon|Groudon|42/100
|-weather|SunnyDay|[from] ability: Drought|[of] p2a: Groudon
|switch|p1a: Heatran|Heatran, M|100/100
|
|-weather|SunnyDay|[upkeep]
|-heal|p2a: Groudon|48/100|[from] item: Leftovers
|upkeep
|turn|44
|
|t:|1655188213
|switch|p1a: Corviknight|Corviknight, F|88/100
|-ability|p1a: Corviknight|Pressure
|move|p2a: Groudon|Stealth Rock|p1a: Corviknight
|-sidestart|p1: rainbow_fool|move: Stealth Rock
|
|-weather|SunnyDay|[upkeep]
|-heal|p2a: Groudon|54/100|[from] item: Leftovers
|upkeep
|turn|45
|
|t:|1655188216
|switch|p2a: Eternatus|Eternatus|100/100
|-ability|p2a: Eternatus|Pressure
|move|p1a: Corviknight|Defog|p2a: Eternatus
|-unboost|p2a: Eternatus|evasion|1
|-sideend|p1: rainbow_fool|Stealth Rock|[from] move: Defog|[of] p1a: Corviknight
|
|-weather|SunnyDay|[upkeep]
|upkeep
|turn|46
|
|t:|1655188222
|switch|p2a: Groudon|Groudon|54/100
|switch|p1a: Heatran|Heatran, M|100/100
|
|-weather|SunnyDay|[upkeep]
|-heal|p2a: Groudon|60/100|[from] item: Leftovers
|upkeep
|turn|47
|
|t:|1655188225
|switch|p1a: Corviknight|Corviknight, F|88/100
|-ability|p1a: Corviknight|Pressure
|move|p2a: Groudon|Stealth Rock|p1a: Corviknight
|-sidestart|p1: rainbow_fool|move: Stealth Rock
|
|-weather|none
|-heal|p2a: Groudon|67/100|[from] item: Leftovers
|upkeep
|turn|48
|
|t:|1655188231
|switch|p2a: Eternatus|Eternatus|100/100
|-ability|p2a: Eternatus|Pressure
|move|p1a: Corviknight|Roost|p1a: Corviknight
|-heal|p1a: Corviknight|100/100
|-singleturn|p1a: Corviknight|move: Roost
|
|upkeep
|turn|49
|
|t:|1655188238
|switch|p2a: Groudon|Groudon|67/100
|-weather|SunnyDay|[from] ability: Drought|[of] p2a: Groudon
|switch|p1a: Heatran|Heatran, M|100/100
|-damage|p1a: Heatran|88/100|[from] Stealth Rock
|
|-weather|SunnyDay|[upkeep]
|-heal|p2a: Groudon|73/100|[from] item: Leftovers
|-heal|p1a: Heatran|94/100|[from] item: Leftovers
|upkeep
|turn|50
|
|t:|1655188249
|switch|p2a: Marshadow|Marshadow|100/100
|switch|p1a: Corviknight|Corviknight, F|100/100
|-damage|p1a: Corviknight|88/100|[from] Stealth Rock
|-ability|p1a: Corviknight|Pressure
|
|-weather|SunnyDay|[upkeep]
|upkeep
|turn|51
|
|t:|1655188254
|move|p2a: Marshadow|Spectral Thief|p1a: Corviknight
|-damage|p1a: Corviknight|40/100
|move|p1a: Corviknight|Roost|p1a: Corviknight
|-heal|p1a: Corviknight|90/100
|-singleturn|p1a: Corviknight|move: Roost
|
|-weather|SunnyDay|[upkeep]
|upkeep
|turn|52
|
|t:|1655188258
|switch|p2a: Eternatus|Eternatus|100/100
|-ability|p2a: Eternatus|Pressure
|move|p1a: Corviknight|Roost|p1a: Corviknight
|-heal|p1a: Corviknight|100/100
|-singleturn|p1a: Corviknight|move: Roost
|
|-weather|SunnyDay|[upkeep]
|upkeep
|turn|53
|
|t:|1655188264
|switch|p2a: Marshadow|Marshadow|100/100
|move|p1a: Corviknight|Defog|p2a: Marshadow
|-unboost|p2a: Marshadow|evasion|1
|-sideend|p1: rainbow_fool|Stealth Rock|[from] move: Defog|[of] p1a: Corviknight
|
|-weather|none
|upkeep
|turn|54
|
|t:|1655188272
|switch|p1a: Eternatus|Eternatus|95/100
|-ability|p1a: Eternatus|Pressure
|move|p2a: Marshadow|Spectral Thief|p1a: Eternatus
|-damage|p1a: Eternatus|51/100
|
|upkeep
|turn|55
|
|t:|1655188275
|switch|p2a: Necrozma|Necrozma-Dusk-Mane|79/100
|move|p1a: Eternatus|Recover|p1a: Eternatus
|-heal|p1a: Eternatus|100/100
|
|upkeep
|turn|56
|
|t:|1655188280
|switch|p2a: Eternatus|Eternatus|100/100
|-ability|p2a: Eternatus|Pressure
|move|p1a: Eternatus|Toxic Spikes|p2a: Eternatus
|-sidestart|p2: blown expectations|move: Toxic Spikes
|
|upkeep
|turn|57
|
|t:|1655188289
|switch|p2a: Necrozma|Necrozma-Dusk-Mane|79/100
|switch|p1a: Heatran|Heatran, M|94/100
|
|-heal|p1a: Heatran|100/100|[from] item: Leftovers
|upkeep
|turn|58
|
|t:|1655188294
|switch|p1a: Corviknight|Corviknight, F|100/100
|-ability|p1a: Corviknight|Pressure
|move|p2a: Necrozma|Earthquake|p1a: Corviknight
|-immune|p1a: Corviknight
|
|upkeep
|turn|59
|
|t:|1655188296
|switch|p2a: Eternatus|Eternatus|100/100
|-sideend|p2: blown expectations|move: Toxic Spikes|[of] p2a: Eternatus
|-ability|p2a: Eternatus|Pressure
|switch|p1a: Heatran|Heatran, M|100/100
|
|upkeep
|turn|60
|
|t:|1655188309
|switch|p2a: Marshadow|Marshadow|100/100
|move|p1a: Heatran|Stealth Rock|p2a: Marshadow
|-sidestart|p2: blown expectations|move: Stealth Rock
|
|upkeep
|turn|61
|
|t:|1655188317
|switch|p2a: Groudon|Groudon|73/100
|-damage|p2a: Groudon|67/100|[from] Stealth Rock
|-weather|SunnyDay|[from] ability: Drought|[of] p2a: Groudon
|switch|p1a: Eternatus|Eternatus|100/100
|-ability|p1a: Eternatus|Pressure
|
|-weather|SunnyDay|[upkeep]
|-heal|p2a: Groudon|73/100|[from] item: Leftovers
|upkeep
|turn|62
|
|t:|1655188320
|move|p1a: Eternatus|Toxic|p2a: Groudon
|-status|p2a: Groudon|tox
|move|p2a: Groudon|Stealth Rock|p1a: Eternatus
|-sidestart|p1: rainbow_fool|move: Stealth Rock
|
|-weather|SunnyDay|[upkeep]
|-heal|p2a: Groudon|79/100 tox|[from] item: Leftovers
|-damage|p2a: Groudon|73/100 tox|[from] psn
|upkeep
|turn|63
|
|t:|1655188323
|switch|p2a: Xerneas|Xerneas|100/100
|-damage|p2a: Xerneas|88/100|[from] Stealth Rock
|-ability|p2a: Xerneas|Fairy Aura
|move|p1a: Eternatus|Dynamax Cannon|p2a: Xerneas
|-immune|p2a: Xerneas
|
|-weather|SunnyDay|[upkeep]
|upkeep
|turn|64
|
|t:|1655188327
|move|p2a: Xerneas|Aromatherapy|p2a: Xerneas
|-activate|p2a: Xerneas|move: Aromatherapy
|-curestatus|p2: Yveltal|tox|[msg]
|-curestatus|p2: Groudon|tox|[msg]
|move|p1a: Eternatus|Toxic|p2a: Xerneas
|-status|p2a: Xerneas|tox
|
|-weather|SunnyDay|[upkeep]
|-damage|p2a: Xerneas|82/100 tox|[from] psn
|upkeep
|turn|65
|
|t:|1655188332
|switch|p2a: Eternatus|Eternatus|100/100
|-damage|p2a: Eternatus|88/100|[from] Stealth Rock
|-ability|p2a: Eternatus|Pressure
|move|p1a: Eternatus|Toxic Spikes|p2a: Eternatus
|-sidestart|p2: blown expectations|move: Toxic Spikes
|
|-weather|none
|upkeep
|turn|66
|
|t:|1655188345
|switch|p2a: Necrozma|Necrozma-Dusk-Mane|79/100
|-damage|p2a: Necrozma|73/100|[from] Stealth Rock
|switch|p1a: Heatran|Heatran, M|100/100
|-damage|p1a: Heatran|88/100|[from] Stealth Rock
|
|-heal|p1a: Heatran|94/100|[from] item: Leftovers
|upkeep
|turn|67
|
|t:|1655188349
|switch|p1a: Corviknight|Corviknight, F|100/100
|-damage|p1a: Corviknight|88/100|[from] Stealth Rock
|-ability|p1a: Corviknight|Pressure
|move|p2a: Necrozma|Sunsteel Strike|p1a: Corviknight
|-resisted|p1a: Corviknight
|-damage|p1a: Corviknight|59/100
|
|upkeep
|turn|68
|j| CecoPotoWe
|
|t:|1655188353
|switch|p2a: Eternatus|Eternatus|88/100
|-damage|p2a: Eternatus|76/100|[from] Stealth Rock
|-sideend|p2: blown expectations|move: Toxic Spikes|[of] p2a: Eternatus
|-ability|p2a: Eternatus|Pressure
|move|p1a: Corviknight|Roost|p1a: Corviknight
|-heal|p1a: Corviknight|100/100
|-singleturn|p1a: Corviknight|move: Roost
|
|upkeep
|turn|69
|
|t:|1655188366
|switch|p2a: Marshadow|Marshadow|100/100
|-damage|p2a: Marshadow|94/100|[from] Stealth Rock
|switch|p1a: Heatran|Heatran, M|94/100
|-damage|p1a: Heatran|82/100|[from] Stealth Rock
|
|-heal|p1a: Heatran|88/100|[from] item: Leftovers
|upkeep
|turn|70
|
|t:|1655188373
|switch|p1a: Corviknight|Corviknight, F|100/100
|-damage|p1a: Corviknight|88/100|[from] Stealth Rock
|-ability|p1a: Corviknight|Pressure
|move|p2a: Marshadow|Ice Punch|p1a: Corviknight
|-damage|p1a: Corviknight|62/100
|
|upkeep
|turn|71
|
|t:|1655188376
|move|p2a: Marshadow|Ice Punch|p1a: Corviknight
|-damage|p1a: Corviknight|38/100
|move|p1a: Corviknight|Roost|p1a: Corviknight
|-heal|p1a: Corviknight|88/100
|-singleturn|p1a: Corviknight|move: Roost
|
|upkeep
|turn|72
|
|t:|1655188380
|switch|p2a: Eternatus|Eternatus|76/100
|-damage|p2a: Eternatus|63/100|[from] Stealth Rock
|-ability|p2a: Eternatus|Pressure
|move|p1a: Corviknight|Roost|p1a: Corviknight
|-heal|p1a: Corviknight|100/100
|-singleturn|p1a: Corviknight|move: Roost
|
|upkeep
|turn|73
|
|t:|1655188386
|switch|p1a: Heatran|Heatran, M|88/100
|-damage|p1a: Heatran|76/100|[from] Stealth Rock
|move|p2a: Eternatus|Recover|p2a: Eternatus
|-heal|p2a: Eternatus|100/100
|
|-heal|p1a: Heatran|82/100|[from] item: Leftovers
|upkeep
|turn|74
|
|t:|1655188393
|switch|p2a: Yveltal|Yveltal|94/100
|-damage|p2a: Yveltal|69/100|[from] Stealth Rock
|-ability|p2a: Yveltal|Dark Aura
|move|p1a: Heatran|Scorching Sands|p2a: Yveltal
|-immune|p2a: Yveltal
|
|-heal|p1a: Heatran|88/100|[from] item: Leftovers
|upkeep
|turn|75
|
|t:|1655188404
|switch|p1a: Eternatus|Eternatus|100/100
|-damage|p1a: Eternatus|88/100|[from] Stealth Rock
|-ability|p1a: Eternatus|Pressure
|move|p2a: Yveltal|Knock Off|p1a: Eternatus
|-damage|p1a: Eternatus|51/100
|
|upkeep
|turn|76
|
|t:|1655188406
|move|p1a: Eternatus|Recover|p1a: Eternatus
|-heal|p1a: Eternatus|100/100
|move|p2a: Yveltal|Knock Off|p1a: Eternatus
|-damage|p1a: Eternatus|63/100
|
|upkeep
|turn|77
|
|t:|1655188409
|switch|p2a: Necrozma|Necrozma-Dusk-Mane|73/100
|-damage|p2a: Necrozma|67/100|[from] Stealth Rock
|move|p1a: Eternatus|Toxic|p2a: Necrozma
|-immune|p2a: Necrozma
|
|upkeep
|turn|78
|
|t:|1655188421
|switch|p1a: Corviknight|Corviknight, F|100/100
|-damage|p1a: Corviknight|88/100|[from] Stealth Rock
|-ability|p1a: Corviknight|Pressure
|switch|p2a: Marshadow|Marshadow|94/100
|-damage|p2a: Marshadow|88/100|[from] Stealth Rock
|
|upkeep
|turn|79
|
|t:|1655188426
|move|p2a: Marshadow|Low Kick|p1a: Corviknight
|-damage|p1a: Corviknight|49/100
|move|p1a: Corviknight|Roost|p1a: Corviknight
|-heal|p1a: Corviknight|99/100
|-singleturn|p1a: Corviknight|move: Roost
|
|upkeep
|turn|80
|
|t:|1655188433
|switch|p2a: Necrozma|Necrozma-Dusk-Mane|67/100
|-damage|p2a: Necrozma|61/100|[from] Stealth Rock
|switch|p1a: Eternatus|Eternatus|63/100
|-damage|p1a: Eternatus|51/100|[from] Stealth Rock
|-ability|p1a: Eternatus|Pressure
|
|upkeep
|turn|81
|
|t:|1655188440
|switch|p1a: Ferrothorn|Ferrothorn, M|100/100
|-damage|p1a: Ferrothorn|94/100|[from] Stealth Rock
|move|p2a: Necrozma|Photon Geyser|p1a: Ferrothorn
|-resisted|p1a: Ferrothorn
|-damage|p1a: Ferrothorn|64/100
|
|-heal|p1a: Ferrothorn|70/100|[from] item: Leftovers
|upkeep
|turn|82
|j| dovertheshower
|
|t:|1655188449
|switch|p2a: Eternatus|Eternatus|100/100
|-damage|p2a: Eternatus|88/100|[from] Stealth Rock
|-ability|p2a: Eternatus|Pressure
|move|p1a: Ferrothorn|Spikes|p2a: Eternatus
|-sidestart|p2: blown expectations|Spikes
|
|-heal|p1a: Ferrothorn|76/100|[from] item: Leftovers
|upkeep
|turn|83
|
|t:|1655188456
|switch|p2a: Marshadow|Marshadow|88/100
|-damage|p2a: Marshadow|82/100|[from] Stealth Rock
|-damage|p2a: Marshadow|69/100|[from] Spikes
|switch|p1a: Heatran|Heatran, M|88/100
|-damage|p1a: Heatran|76/100|[from] Stealth Rock
|
|-heal|p1a: Heatran|82/100|[from] item: Leftovers
|upkeep
|turn|84
|
|t:|1655188463
|switch|p1a: Corviknight|Corviknight, F|99/100
|-damage|p1a: Corviknight|86/100|[from] Stealth Rock
|-ability|p1a: Corviknight|Pressure
|move|p2a: Marshadow|Low Kick|p1a: Corviknight
|-damage|p1a: Corviknight|46/100
|
|upkeep
|turn|85
|
|t:|1655188472
|move|p2a: Marshadow|Low Kick|p1a: Corviknight
|-damage|p1a: Corviknight|3/100
|move|p1a: Corviknight|Roost|p1a: Corviknight
|-heal|p1a: Corviknight|53/100
|-singleturn|p1a: Corviknight|move: Roost
|
|upkeep
|turn|86
|
|t:|1655188479
|move|p2a: Marshadow|Low Kick|p1a: Corviknight
|-damage|p1a: Corviknight|10/100
|move|p1a: Corviknight|Roost|p1a: Corviknight
|-heal|p1a: Corviknight|60/100
|-singleturn|p1a: Corviknight|move: Roost
|
|upkeep
|turn|87
|
|t:|1655188482
|move|p2a: Marshadow|Low Kick|p1a: Corviknight
|-damage|p1a: Corviknight|22/100
|move|p1a: Corviknight|Roost|p1a: Corviknight
|-heal|p1a: Corviknight|72/100
|-singleturn|p1a: Corviknight|move: Roost
|
|upkeep
|turn|88
|
|t:|1655188484
|move|p2a: Marshadow|Low Kick|p1a: Corviknight
|-damage|p1a: Corviknight|33/100
|move|p1a: Corviknight|Roost|p1a: Corviknight
|-heal|p1a: Corviknight|83/100
|-singleturn|p1a: Corviknight|move: Roost
|
|upkeep
|turn|89
|
|t:|1655188486
|switch|p1a: Shedinja|Shedinja|100/100
|move|p2a: Marshadow|Low Kick|p1a: Shedinja
|-immune|p1a: Shedinja|[from] ability: Wonder Guard
|
|upkeep
|turn|90
|
|t:|1655188491
|switch|p2a: Eternatus|Eternatus|88/100
|-damage|p2a: Eternatus|76/100|[from] Stealth Rock
|-damage|p2a: Eternatus|63/100|[from] Spikes
|-ability|p2a: Eternatus|Pressure
|move|p1a: Shedinja|Shadow Sneak|p2a: Eternatus
|-damage|p2a: Eternatus|50/100
|
|upkeep
|turn|91
|
|t:|1655188495
|switch|p1a: Heatran|Heatran, M|82/100
|-damage|p1a: Heatran|69/100|[from] Stealth Rock
|move|p2a: Eternatus|Recover|p2a: Eternatus
|-heal|p2a: Eternatus|99/100
|
|-heal|p1a: Heatran|76/100|[from] item: Leftovers
|upkeep
|turn|92
|
|t:|1655188508
|switch|p2a: Xerneas|Xerneas|82/100 tox
|-damage|p2a: Xerneas|69/100 tox|[from] Stealth Rock
|-damage|p2a: Xerneas|57/100 tox|[from] Spikes
|-ability|p2a: Xerneas|Fairy Aura
|move|p1a: Heatran|Magma Storm|p2a: Xerneas|[miss]
|-miss|p1a: Heatran|p2a: Xerneas
|
|-heal|p1a: Heatran|82/100|[from] item: Leftovers
|-damage|p2a: Xerneas|51/100 tox|[from] psn
|upkeep
|turn|93
|
|t:|1655188516
|move|p2a: Xerneas|Defog|p1a: Heatran
|-unboost|p1a: Heatran|evasion|1
|-sideend|p1: rainbow_fool|Stealth Rock|[from] move: Defog|[of] p2a: Xerneas
|-sideend|p2: blown expectations|Spikes|[from] move: Defog|[of] p2a: Xerneas
|-sideend|p2: blown expectations|Stealth Rock|[from] move: Defog|[of] p2a: Xerneas
|move|p1a: Heatran|Magma Storm|p2a: Xerneas|[miss]
|-miss|p1a: Heatran|p2a: Xerneas
|
|-heal|p1a: Heatran|88/100|[from] item: Leftovers
|-damage|p2a: Xerneas|39/100 tox|[from] psn
|upkeep
|turn|94
|
|t:|1655188528
|switch|p2a: Groudon|Groudon|73/100
|-weather|SunnyDay|[from] ability: Drought|[of] p2a: Groudon
|move|p1a: Heatran|Stealth Rock|p2a: Groudon
|-sidestart|p2: blown expectations|move: Stealth Rock
|
|-weather|SunnyDay|[upkeep]
|-heal|p2a: Groudon|79/100|[from] item: Leftovers
|-heal|p1a: Heatran|94/100|[from] item: Leftovers
|upkeep
|turn|95
|
|t:|1655188531
|move|p2a: Groudon|Stealth Rock|p1a: Heatran
|-sidestart|p1: rainbow_fool|move: Stealth Rock
|move|p1a: Heatran|Magma Storm|p2a: Groudon|[miss]
|-miss|p1a: Heatran|p2a: Groudon
|
|-weather|SunnyDay|[upkeep]
|-heal|p2a: Groudon|85/100|[from] item: Leftovers
|-heal|p1a: Heatran|100/100|[from] item: Leftovers
|upkeep
|turn|96
|
|t:|1655188535
|switch|p1a: Corviknight|Corviknight, F|83/100
|-damage|p1a: Corviknight|70/100|[from] Stealth Rock
|-ability|p1a: Corviknight|Pressure
|move|p2a: Groudon|Stone Edge|p1a: Corviknight|[miss]
|-miss|p2a: Groudon|p1a: Corviknight
|
|-weather|SunnyDay|[upkeep]
|-heal|p2a: Groudon|91/100|[from] item: Leftovers
|upkeep
|turn|97
|c| German1111|...
|
|t:|1655188547
|switch|p2a: Eternatus|Eternatus|99/100
|-damage|p2a: Eternatus|87/100|[from] Stealth Rock
|-ability|p2a: Eternatus|Pressure
|switch|p1a: Heatran|Heatran, M|100/100
|-damage|p1a: Heatran|88/100|[from] Stealth Rock
|
|-weather|SunnyDay|[upkeep]
|-heal|p1a: Heatran|94/100|[from] item: Leftovers
|upkeep
|turn|98
|
|t:|1655188553
|move|p2a: Eternatus|Dynamax Cannon|p1a: Heatran
|-resisted|p1a: Heatran
|-damage|p1a: Heatran|79/100
|move|p1a: Heatran|Magma Storm|p2a: Eternatus
|-resisted|p2a: Eternatus
|-damage|p2a: Eternatus|66/100
|-activate|p2a: Eternatus|move: Magma Storm|[of] p1a: Heatran
|
|-weather|none
|-heal|p1a: Heatran|85/100|[from] item: Leftovers
|-damage|p2a: Eternatus|53/100|[from] move: Magma Storm|[partiallytrapped]
|upkeep
|turn|99
|
|t:|1655188557
|move|p2a: Eternatus|Recover|p2a: Eternatus
|-heal|p2a: Eternatus|100/100
|move|p1a: Heatran|Taunt|p2a: Eternatus
|-start|p2a: Eternatus|move: Taunt
|
|-heal|p1a: Heatran|91/100|[from] item: Leftovers
|-damage|p2a: Eternatus|88/100|[from] move: Magma Storm|[partiallytrapped]
|upkeep
|turn|100
|
|t:|1655188560
|move|p2a: Eternatus|Dynamax Cannon|p1a: Heatran
|-resisted|p1a: Heatran
|-damage|p1a: Heatran|77/100
|move|p1a: Heatran|Scorching Sands|p2a: Eternatus
|-supereffective|p2a: Eternatus
|-crit|p2a: Eternatus
|-enditem|p2a: Eternatus|Shuca Berry|[eat]
|-enditem|p2a: Eternatus|Shuca Berry|[weaken]
|-damage|p2a: Eternatus|69/100
|
|-heal|p1a: Heatran|83/100|[from] item: Leftovers
|-damage|p2a: Eternatus|56/100|[from] move: Magma Storm|[partiallytrapped]
|upkeep
|turn|101
|
|t:|1655188562
|move|p2a: Eternatus|Dynamax Cannon|p1a: Heatran
|-resisted|p1a: Heatran
|-damage|p1a: Heatran|69/100
|move|p1a: Heatran|Scorching Sands|p2a: Eternatus
|-supereffective|p2a: Eternatus
|-damage|p2a: Eternatus|30/100
|
|-heal|p1a: Heatran|75/100|[from] item: Leftovers
|-damage|p2a: Eternatus|18/100|[from] move: Magma Storm|[partiallytrapped]
|upkeep
|turn|102
|
|t:|1655188564
|move|p2a: Eternatus|Dynamax Cannon|p1a: Heatran
|-resisted|p1a: Heatran
|-damage|p1a: Heatran|59/100
|move|p1a: Heatran|Scorching Sands|p2a: Eternatus
|-supereffective|p2a: Eternatus
|-damage|p2a: Eternatus|0 fnt
|faint|p2a: Eternatus
|
|-heal|p1a: Heatran|66/100|[from] item: Leftovers
|upkeep
|
|t:|1655188569
|switch|p2a: Marshadow|Marshadow|69/100
|-damage|p2a: Marshadow|63/100|[from] Stealth Rock
|turn|103
|
|t:|1655188572
|move|p2a: Marshadow|Spectral Thief|p1a: Heatran
|-damage|p1a: Heatran|6/100
|move|p1a: Heatran|Scorching Sands|p2a: Marshadow
|-damage|p2a: Marshadow|40/100
|
|-heal|p1a: Heatran|12/100|[from] item: Leftovers
|upkeep
|turn|104
|
|t:|1655188574
|move|p2a: Marshadow|Spectral Thief|p1a: Heatran
|-damage|p1a: Heatran|0 fnt
|faint|p1a: Heatran
|
|upkeep
|
|t:|1655188581
|switch|p1a: Yveltal|Yveltal|100/100
|-ability|p1a: Yveltal|Dark Aura
|turn|105
|
|t:|1655188588
|switch|p2a: Groudon|Groudon|91/100
|-damage|p2a: Groudon|85/100|[from] Stealth Rock
|-weather|SunnyDay|[from] ability: Drought|[of] p2a: Groudon
|move|p1a: Yveltal|Oblivion Wing|p2a: Groudon
|-damage|p2a: Groudon|55/100
|
|-weather|SunnyDay|[upkeep]
|-heal|p2a: Groudon|61/100|[from] item: Leftovers
|upkeep
|turn|106
|
|t:|1655188594
|move|p1a: Yveltal|Knock Off|p2a: Groudon
|-damage|p2a: Groudon|35/100
|-enditem|p2a: Groudon|Leftovers|[from] move: Knock Off|[of] p1a: Yveltal
|move|p2a: Groudon|Stone Edge|p1a: Yveltal
|-supereffective|p1a: Yveltal
|-damage|p1a: Yveltal|50/100
|
|-weather|SunnyDay|[upkeep]
|upkeep
|turn|107
|
|t:|1655188602
|move|p1a: Yveltal|Oblivion Wing|p2a: Groudon
|-damage|p2a: Groudon|8/100
|-heal|p1a: Yveltal|68/100|[from] drain|[of] p2a: Groudon
|move|p2a: Groudon|Stone Edge|p1a: Yveltal|[miss]
|-miss|p2a: Groudon|p1a: Yveltal
|
|-weather|SunnyDay|[upkeep]
|upkeep
|turn|108
|
|t:|1655188606
|move|p1a: Yveltal|Oblivion Wing|p2a: Groudon
|-damage|p2a: Groudon|0 fnt
|-heal|p1a: Yveltal|73/100|[from] drain|[of] p2a: Groudon
|faint|p2a: Groudon
|
|-weather|SunnyDay|[upkeep]
|upkeep
|
|t:|1655188612
|switch|p2a: Marshadow|Marshadow|40/100
|-damage|p2a: Marshadow|34/100|[from] Stealth Rock
|turn|109
|
|t:|1655188614
|move|p1a: Yveltal|Sucker Punch|p2a: Marshadow
|-damage|p2a: Marshadow|0 fnt
|faint|p2a: Marshadow
|
|-weather|none
|upkeep
|-message|blown expectations forfeited.
|
|win|rainbow_fool
|n|☆rainbow_fool|rainbowfool
|n|‽blown expectations|blownexpectations
|n| German1111|german1111
|n| CecoPotoWe|cecopotowe
|n| dovertheshower|dovertheshower
|l|‽blown expectations
|l|☆rainbow_fool
|l| dovertheshower
|l| CecoPotoWe
|l| German1111
|j|☆rainbow_fool
|player|p1|rainbow_fool|170
