|j|☆Kodansha
|j|☆TogeBirlHQ
|t:|1660058043
|gametype|singles
|player|p1|Kodansha|blackbelt-gen4|1351
|player|p2|TogeBirlHQ|nate|1678
|teamsize|p1|6
|teamsize|p2|6
|gen|8
|tier|[Gen 8] Ubers
|rated|
|rule|Sleep Clause Mod: Limit one foe put to sleep
|rule|Species Clause: Limit one of each Pokémon
|rule|OHKO Clause: OHKO moves are banned
|rule|Evasion Items Clause: Evasion items are banned
|rule|Evasion Moves Clause: Evasion moves are banned
|rule|Endless Battle Clause: Forcing endless battles is banned
|rule|HP Percentage Mod: HP is shown in percentages
|rule|Dynamax Clause: You cannot dynamax
|clearpoke
|poke|p1|Eternatus|
|poke|p1|Groudon|
|poke|p1|Zekrom|
|poke|p1|Xerneas-*|
|poke|p1|Yveltal|
|poke|p1|Necrozma-Dusk-Mane|
|poke|p2|Urshifu-*, M|
|poke|p2|Calyrex-Shadow|
|poke|p2|Eternatus|
|poke|p2|Necrozma-Dusk-Mane|
|poke|p2|Yveltal|
|poke|p2|Ho-Oh|
|teampreview
|c|☆TogeBirlHQ|Have fun
|c|☆Kodansha|gl hf!
|
|t:|1660058072
|start
|switch|p1a: Groudon|Groudon, shiny|100/100
|switch|p2a: Calyrex|Calyrex-Shadow|100/100
|-ability|p2a: Calyrex|As One
|-ability|p2a: Calyrex|Unnerve
|-weather|SunnyDay|[from] ability: Drought|[of] p1a: Groudon
|turn|1
|
|t:|1660058080
|switch|p1a: Yveltal|Yveltal, shiny|100/100
|-ability|p1a: Yveltal|Dark Aura
|move|p2a: Calyrex|Astral Barrage|p1a: Yveltal
|-resisted|p1a: Yveltal
|-damage|p1a: Yveltal|63/100
|
|-weather|SunnyDay|[upkeep]
|upkeep
|turn|2
|
|t:|1660058091
|switch|p2a: Urshifu|Urshifu, M|100/100
|move|p1a: Yveltal|Knock Off|p2a: Urshifu
|-resisted|p2a: Urshifu
|-damage|p2a: Urshifu|86/100
|-enditem|p2a: Urshifu|Choice Band|[from] move: Knock Off|[of] p1a: Yveltal
|
|-weather|SunnyDay|[upkeep]
|upkeep
|turn|3
|
|t:|1660058122
|switch|p1a: Xerneas|Xerneas|100/100
|-ability|p1a: Xerneas|Fairy Aura
|move|p2a: Urshifu|Close Combat|p1a: Xerneas
|-resisted|p1a: Xerneas
|-damage|p1a: Xerneas|73/100
|-unboost|p2a: Urshifu|def|1
|-unboost|p2a: Urshifu|spd|1
|
|-weather|SunnyDay|[upkeep]
|upkeep
|turn|4
|
|t:|1660058137
|switch|p2a: Ho-Oh|Ho-Oh|100/100
|move|p1a: Xerneas|Moonblast|p2a: Ho-Oh
|-resisted|p2a: Ho-Oh
|-damage|p2a: Ho-Oh|79/100
|
|-weather|SunnyDay|[upkeep]
|upkeep
|turn|5
|
|t:|1660058158
|switch|p1a: Eternatus|Eternatus|100/100
|-ability|p1a: Eternatus|Pressure
|switch|p2a: Calyrex|Calyrex-Shadow|100/100
|-ability|p2a: Calyrex|As One
|-ability|p2a: Calyrex|Unnerve
|
|-weather|none
|upkeep
|turn|6
|
|t:|1660058164
|switch|p1a: Yveltal|Yveltal, shiny|63/100
|-ability|p1a: Yveltal|Dark Aura
|move|p2a: Calyrex|Astral Barrage|p1a: Yveltal
|-resisted|p1a: Yveltal
|-damage|p1a: Yveltal|24/100
|
|upkeep
|turn|7
|
|t:|1660058169
|switch|p2a: Urshifu|Urshifu, M|86/100
|move|p1a: Yveltal|Roost|p1a: Yveltal
|-heal|p1a: Yveltal|75/100
|-singleturn|p1a: Yveltal|move: Roost
|
|upkeep
|turn|8
|
|t:|1660058188
|switch|p2a: Calyrex|Calyrex-Shadow|100/100
|-ability|p2a: Calyrex|As One
|-ability|p2a: Calyrex|Unnerve
|switch|p1a: Eternatus|Eternatus|100/100
|-ability|p1a: Eternatus|Pressure
|
|upkeep
|turn|9
|
|t:|1660058218
|move|p2a: Calyrex|Astral Barrage|p1a: Eternatus
|-damage|p1a: Eternatus|22/100
|move|p1a: Eternatus|Recover|p1a: Eternatus
|-heal|p1a: Eternatus|72/100
|
|upkeep
|turn|10
|
|t:|1660058234
|switch|p1a: Yveltal|Yveltal, shiny|75/100
|-ability|p1a: Yveltal|Dark Aura
|move|p2a: Calyrex|Astral Barrage|p1a: Yveltal
|-resisted|p1a: Yveltal
|-damage|p1a: Yveltal|42/100
|
|upkeep
|turn|11
|
|t:|1660058241
|move|p2a: Calyrex|Astral Barrage|p1a: Yveltal
|-resisted|p1a: Yveltal
|-damage|p1a: Yveltal|8/100
|move|p1a: Yveltal|Roost|p1a: Yveltal
|-heal|p1a: Yveltal|58/100
|-singleturn|p1a: Yveltal|move: Roost
|
|upkeep
|turn|12
|
|t:|1660058261
|switch|p2a: Eternatus|Eternatus|100/100
|-ability|p2a: Eternatus|Pressure
|move|p1a: Yveltal|Roost|p1a: Yveltal
|-heal|p1a: Yveltal|100/100
|-singleturn|p1a: Yveltal|move: Roost
|
|upkeep
|turn|13
|-message|TogeBirlHQ forfeited.
|
|win|Kodansha
|raw|Kodansha's rating: 1351 &rarr; <strong>1386</strong><br />(+35 for winning)
|raw|TogeBirlHQ's rating: 1678 &rarr; <strong>1643</strong><br />(-35 for losing)
|l|☆TogeBirlHQ
||Ladder isn't responding, score probably updated but might not have (Request timeout).
