|j|☆yummE plops
|j|☆killer whale squa
|player|p1|yummE plops|1|1676
|player|p2|killer whale squa|216|1535
|teamsize|p1|6
|teamsize|p2|6
|gametype|singles
|gen|8
|tier|[Gen 8] Ubers
|rated|
|clearpoke
|poke|p1|Pelipper, F|
|poke|p1|Barraskewda, F|
|poke|p1|Dracovish|
|poke|p1|Toxapex, M|
|poke|p1|Doublade, F|
|poke|p1|Seismitoad, M|
|poke|p2|Umbreon, F|
|poke|p2|Reshiram|
|poke|p2|Necrozma-Dusk-Mane|
|poke|p2|Zacian-Crowned|
|poke|p2|Marshadow|
|poke|p2|Corviknight, M|
|rule|Sleep Clause Mod: Limit one foe put to sleep
|rule|Species Clause: Limit one of each Pokémon
|rule|OHKO Clause: OHKO moves are banned
|rule|Evasion Moves Clause: Evasion moves are banned
|rule|Endless Battle Clause: Forcing endless battles is banned
|rule|HP Percentage Mod: HP is shown in percentages
|html|Ubers Dynamax Clause: Pokémon on the <a href="https://www.smogon.com/dex/ss/formats/uber/">Ubers Dynamax Banlist</a> cannot Dynamax.
|teampreview
|inactive|Battle timer is ON: inactive players will automatically lose when time's up. (requested by yummE plops)
|
|start
|switch|p1a: Pelipper|Pelipper, F|100/100
|switch|p2a: Reshiram|Reshiram|100/100
|-ability|p2a: Reshiram|Turboblaze
|-weather|RainDance|[from] ability: Drizzle|[of] p1a: Pelipper
|turn|1
|
|switch|p1a: Toxapex|Toxapex, M|100/100
|move|p2a: Reshiram|Draco Meteor|p1a: Toxapex
|-damage|p1a: Toxapex|50/100
|-unboost|p2a: Reshiram|spa|2
|
|-weather|RainDance|[upkeep]
|-heal|p1a: Toxapex|56/100|[from] item: Black Sludge
|upkeep
|turn|2
|
|switch|p2a: Necrozma|Necrozma-Dusk-Mane|100/100
|move|p1a: Toxapex|Knock Off|p2a: Necrozma
|-supereffective|p2a: Necrozma
|-damage|p2a: Necrozma|88/100
|-enditem|p2a: Necrozma|Leftovers|[from] move: Knock Off|[of] p1a: Toxapex
|
|-weather|RainDance|[upkeep]
|-heal|p1a: Toxapex|62/100|[from] item: Black Sludge
|upkeep
|turn|3
|
|switch|p1a: Dracovish|Dracovish|100/100
|move|p2a: Necrozma|Thunder Wave|p1a: Dracovish
|-status|p1a: Dracovish|par
|
|-weather|RainDance|[upkeep]
|upkeep
|turn|4
|
|switch|p2a: Corviknight|Corviknight, M|100/100
|-ability|p2a: Corviknight|Pressure
|move|p1a: Dracovish|Fishious Rend|p2a: Corviknight
|-damage|p2a: Corviknight|0 fnt
|-damage|p1a: Dracovish|84/100 par|[from] item: Rocky Helmet|[of] p2a: Corviknight
|faint|p2a: Corviknight
|
|-weather|RainDance|[upkeep]
|upkeep
|
|switch|p2a: Marshadow|Marshadow|100/100
|turn|5
|
|move|p2a: Marshadow|Spectral Thief|p1a: Dracovish
|-damage|p1a: Dracovish|38/100 par
|cant|p1a: Dracovish|par
|
|-weather|RainDance|[upkeep]
|upkeep
|turn|6
|
|move|p2a: Marshadow|Spectral Thief|p1a: Dracovish
|-damage|p1a: Dracovish|0 fnt
|faint|p1a: Dracovish
|
|-weather|RainDance|[upkeep]
|upkeep
|
|switch|p1a: Pelipper|Pelipper, F|100/100
|turn|7
|
|move|p2a: Marshadow|Spectral Thief|p1a: Pelipper
|-damage|p1a: Pelipper|68/100
|move|p1a: Pelipper|U-turn|p2a: Marshadow
|-resisted|p2a: Marshadow
|-damage|p2a: Marshadow|98/100
|
|switch|p1a: Seismitoad|Seismitoad, M|100/100|[from]move: U-turn
|
|-weather|RainDance|[upkeep]
|upkeep
|turn|8
|
|move|p1a: Seismitoad|Hydro Pump|p2a: Marshadow
|-damage|p2a: Marshadow|0 fnt
|-damage|p1a: Seismitoad|91/100|[from] item: Life Orb
|faint|p2a: Marshadow
|
|-weather|none
|upkeep
|
|switch|p2a: Reshiram|Reshiram|100/100
|-ability|p2a: Reshiram|Turboblaze
|turn|9
|
|move|p2a: Reshiram|Draco Meteor|p1a: Seismitoad
|-damage|p1a: Seismitoad|0 fnt
|-unboost|p2a: Reshiram|spa|2
|faint|p1a: Seismitoad
|
|upkeep
|
|switch|p1a: Barraskewda|Barraskewda, F|100/100
|turn|10
|
|-start|p1a: Barraskewda|Dynamax
|-heal|p1a: Barraskewda|100/100|[silent]
|move|p2a: Reshiram|Draco Meteor|p1a: Barraskewda
|-damage|p1a: Barraskewda|51/100
|-unboost|p2a: Reshiram|spa|2
|move|p1a: Barraskewda|Max Knuckle|p2a: Reshiram
|-damage|p2a: Reshiram|52/100
|-boost|p1a: Barraskewda|atk|1
|-damage|p1a: Barraskewda|46/100|[from] item: Life Orb
|
|upkeep
|turn|11
|
|switch|p2a: Necrozma|Necrozma-Dusk-Mane|88/100
|move|p1a: Barraskewda|Max Geyser|p2a: Necrozma
|-damage|p2a: Necrozma|15/100
|-weather|RainDance
|-damage|p1a: Barraskewda|41/100|[from] item: Life Orb
|
|-weather|RainDance|[upkeep]
|upkeep
|turn|12
|
|move|p1a: Barraskewda|Max Knuckle|p2a: Necrozma
|-damage|p2a: Necrozma|0 fnt
|-boost|p1a: Barraskewda|atk|1
|-damage|p1a: Barraskewda|36/100|[from] item: Life Orb
|faint|p2a: Necrozma
|
|-weather|RainDance|[upkeep]
|-end|p1a: Barraskewda|Dynamax
|-heal|p1a: Barraskewda|36/100|[silent]
|upkeep
|
|switch|p2a: Reshiram|Reshiram|52/100
|-ability|p2a: Reshiram|Turboblaze
|turn|13
|inactive|killer whale squa has 120 seconds left.
|
|move|p1a: Barraskewda|Liquidation|p2a: Reshiram
|-crit|p2a: Reshiram
|-damage|p2a: Reshiram|0 fnt
|-damage|p1a: Barraskewda|26/100|[from] item: Life Orb
|faint|p2a: Reshiram
|
|-weather|RainDance|[upkeep]
|upkeep
|inactive|killer whale squa has 120 seconds left.
|
|switch|p2a: Zacian|Zacian-Crowned|100/100
|-ability|p2a: Zacian|Intrepid Sword|boost
|-boost|p2a: Zacian|atk|1
|turn|14
|inactive|killer whale squa has 120 seconds left.
|
|move|p1a: Barraskewda|Aqua Jet|p2a: Zacian
|-damage|p2a: Zacian|20/100
|-damage|p1a: Barraskewda|16/100|[from] item: Life Orb
|move|p2a: Zacian|Play Rough|p1a: Barraskewda|[miss]
|-miss|p2a: Zacian|p1a: Barraskewda
|
|-weather|RainDance|[upkeep]
|upkeep
|turn|15
|inactive|killer whale squa has 90 seconds left.
|
|switch|p2a: Umbreon|Umbreon, F|100/100
|move|p1a: Barraskewda|Aqua Jet|p2a: Umbreon
|-damage|p2a: Umbreon|35/100
|-damage|p1a: Barraskewda|7/100|[from] item: Life Orb
|
|-weather|none
|-heal|p2a: Umbreon|41/100|[from] item: Leftovers
|upkeep
|turn|16
|inactive|killer whale squa has 90 seconds left.
|
|-start|p2a: Umbreon|Dynamax
|-heal|p2a: Umbreon|41/100|[silent]
|move|p1a: Barraskewda|Liquidation|p2a: Umbreon
|-crit|p2a: Umbreon
|-damage|p2a: Umbreon|0 fnt
|-damage|p1a: Barraskewda|0 fnt|[from] item: Life Orb
|faint|p2a: Umbreon
|faint|p1a: Barraskewda
|
|upkeep
|inactive|killer whale squa has 90 seconds left.
|
|switch|p1a: Doublade|Doublade, F|100/100
|switch|p2a: Zacian|Zacian-Crowned|20/100
|-ability|p2a: Zacian|Intrepid Sword|boost
|-boost|p2a: Zacian|atk|1
|turn|17
|
|move|p1a: Doublade|Shadow Sneak|p2a: Zacian
|-damage|p2a: Zacian|6/100
|move|p2a: Zacian|Crunch|p1a: Doublade
|-supereffective|p1a: Doublade
|-damage|p1a: Doublade|60/100
|
|upkeep
|turn|18
|
|move|p1a: Doublade|Shadow Sneak|p2a: Zacian
|-damage|p2a: Zacian|0 fnt
|faint|p2a: Zacian
|
|win|yummE plops
|l|☆killer whale squa
