|j|☆4125al41
|j|☆Legion05
|t:|1650555213
|gametype|singles
|player|p1|4125al41|steven|
|player|p2|Legion05|n|
|teamsize|p1|6
|teamsize|p2|6
|gen|8
|tier|[Gen 8] Ubers
|rated|Tournament battle
|rule|Sleep Clause Mod: Limit one foe put to sleep
|rule|Species Clause: Limit one of each Pokémon
|rule|OHKO Clause: OHKO moves are banned
|rule|Evasion Moves Clause: Evasion moves are banned
|rule|Endless Battle Clause: Forcing endless battles is banned
|rule|HP Percentage Mod: HP is shown in percentages
|rule|Dynamax Clause: You cannot dynamax
|clearpoke
|poke|p1|Marshadow|
|poke|p1|Eternatus|
|poke|p1|Calyrex-Shadow|
|poke|p1|Ho-Oh|
|poke|p1|Groudon|
|poke|p1|Xerneas-*|
|poke|p2|Naganadel|
|poke|p2|Marshadow|
|poke|p2|Cinderace, M|
|poke|p2|Kyurem-Black|
|poke|p2|Pheromosa|
|poke|p2|Ho-Oh|
|teampreview
|c|☆Legion05|glhf
|j| samlijam
|c|☆4125al41|gl
|
|t:|1650555236
|start
|switch|p1a: Xerneas|Xerneas|100/100
|switch|p2a: Ho-Oh|Ho-Oh|100/100
|-ability|p1a: Xerneas|Fairy Aura
|turn|1
|
|t:|1650555245
|switch|p1a: Eternatus|Eternatus|100/100
|-ability|p1a: Eternatus|Pressure
|move|p2a: Ho-Oh|Toxic|p1a: Eternatus
|-immune|p1a: Eternatus
|
|upkeep
|turn|2
|
|t:|1650555250
|move|p1a: Eternatus|Meteor Beam||[still]
|-prepare|p1a: Eternatus|Meteor Beam
|-boost|p1a: Eternatus|spa|1
|-enditem|p1a: Eternatus|Power Herb
|-anim|p1a: Eternatus|Meteor Beam|p2a: Ho-Oh
|-supereffective|p2a: Ho-Oh
|-damage|p2a: Ho-Oh|0 fnt
|faint|p2a: Ho-Oh
|
|upkeep
|
|t:|1650555261
|switch|p2a: Naganadel|Naganadel|100/100
|turn|3
|
|t:|1650555265
|switch|p1a: Xerneas|Xerneas|100/100
|-ability|p1a: Xerneas|Fairy Aura
|move|p2a: Naganadel|Draco Meteor|p1a: Xerneas
|-immune|p1a: Xerneas
|
|upkeep
|turn|4
|
|t:|1650555271
|switch|p1a: Calyrex|Calyrex-Shadow|100/100
|-ability|p1a: Calyrex|As One
|-ability|p1a: Calyrex|Unnerve
|move|p2a: Naganadel|Sludge Wave|p1a: Calyrex
|-resisted|p1a: Calyrex
|-damage|p1a: Calyrex|75/100
|
|upkeep
|turn|5
|
|t:|1650555280
|move|p1a: Calyrex|Astral Barrage|p2a: Naganadel
|-damage|p2a: Naganadel|0 fnt
|faint|p2a: Naganadel
|-ability|p1a: Calyrex|Grim Neigh|boost
|-boost|p1a: Calyrex|spa|1
|
|upkeep
|
|t:|1650555286
|switch|p2a: Marshadow|Marshadow|100/100
|turn|6
|
|t:|1650555290
|switch|p1a: Ho-Oh|Ho-Oh|100/100
|move|p2a: Marshadow|Shadow Sneak|p1a: Ho-Oh
|-damage|p1a: Ho-Oh|76/100
|
|upkeep
|turn|7
|
|t:|1650555296
|switch|p2a: Kyurem|Kyurem-Black|100/100
|-ability|p2a: Kyurem|Teravolt
|switch|p1a: Groudon|Groudon|100/100
|-weather|SunnyDay|[from] ability: Drought|[of] p1a: Groudon
|
|-weather|SunnyDay|[upkeep]
|upkeep
|turn|8
|
|t:|1650555300
|switch|p1a: Xerneas|Xerneas|100/100
|-ability|p1a: Xerneas|Fairy Aura
|move|p2a: Kyurem|Dragon Dance|p2a: Kyurem
|-boost|p2a: Kyurem|atk|1
|-boost|p2a: Kyurem|spe|1
|
|-weather|SunnyDay|[upkeep]
|upkeep
|turn|9
|
|t:|1650555304
|move|p1a: Xerneas|Play Rough|p2a: Kyurem
|-supereffective|p2a: Kyurem
|-damage|p2a: Kyurem|0 fnt
|faint|p2a: Kyurem
|
|-weather|SunnyDay|[upkeep]
|upkeep
|
|t:|1650555313
|switch|p2a: Cinderace|Cinderace, M|100/100
|turn|10
|
|t:|1650555316
|switch|p1a: Eternatus|Eternatus|100/100
|-ability|p1a: Eternatus|Pressure
|move|p2a: Cinderace|Pyro Ball|p1a: Eternatus
|-resisted|p1a: Eternatus
|-damage|p1a: Eternatus|61/100
|
|-weather|SunnyDay|[upkeep]
|upkeep
|turn|11
|
|t:|1650555320
|move|p1a: Eternatus|Recover|p1a: Eternatus
|-heal|p1a: Eternatus|100/100
|move|p2a: Cinderace|Pyro Ball|p1a: Eternatus|[miss]
|-miss|p2a: Cinderace|p1a: Eternatus
|
|-weather|none
|upkeep
|turn|12
|j| Osvegos
|
|t:|1650555323
|move|p1a: Eternatus|Dynamax Cannon|p2a: Cinderace
|-damage|p2a: Cinderace|17/100
|move|p2a: Cinderace|Pyro Ball|p1a: Eternatus
|-resisted|p1a: Eternatus
|-damage|p1a: Eternatus|74/100
|-status|p1a: Eternatus|brn
|
|-damage|p1a: Eternatus|68/100 brn|[from] brn
|upkeep
|turn|13
|
|t:|1650555328
|move|p2a: Cinderace|Sucker Punch||[still]
|-fail|p2a: Cinderace
|move|p1a: Eternatus|Recover|p1a: Eternatus
|-heal|p1a: Eternatus|100/100 brn
|
|-damage|p1a: Eternatus|94/100 brn|[from] brn
|upkeep
|turn|14
|
|t:|1650555332
|move|p2a: Cinderace|Sucker Punch|p1a: Eternatus
|-start|p2a: Cinderace|typechange|Dark|[from] ability: Libero
|-damage|p1a: Eternatus|65/100 brn
|move|p1a: Eternatus|Flamethrower|p2a: Cinderace
|-damage|p2a: Cinderace|0 fnt
|faint|p2a: Cinderace
|
|-damage|p1a: Eternatus|59/100 brn|[from] brn
|upkeep
|
|t:|1650555337
|switch|p2a: Pheromosa|Pheromosa|100/100
|turn|15
|
|t:|1650555340
|switch|p1a: Ho-Oh|Ho-Oh|100/100
|move|p2a: Pheromosa|Triple Axel|p1a: Ho-Oh
|-damage|p1a: Ho-Oh|94/100
|-hitcount|p1a: Ho-Oh|1
|
|upkeep
|turn|16
|
|t:|1650555345
|move|p2a: Pheromosa|Triple Axel|p1a: Ho-Oh|[miss]
|-miss|p2a: Pheromosa|p1a: Ho-Oh
|move|p1a: Ho-Oh|Sacred Fire|p2a: Pheromosa
|-supereffective|p2a: Pheromosa
|-damage|p2a: Pheromosa|0 fnt
|faint|p2a: Pheromosa
|
|upkeep
|
|t:|1650555348
|switch|p2a: Marshadow|Marshadow|100/100
|turn|17
|
|t:|1650555352
|switch|p1a: Groudon|Groudon|100/100
|-weather|SunnyDay|[from] ability: Drought|[of] p1a: Groudon
|move|p2a: Marshadow|Poltergeist|p1a: Groudon
|-activate|p1a: Groudon|move: Poltergeist|Leftovers
|-damage|p1a: Groudon|74/100
|
|-weather|SunnyDay|[upkeep]
|-heal|p1a: Groudon|80/100|[from] item: Leftovers
|upkeep
|turn|18
|c|☆Legion05|gg
|c|☆4125al41|gg
|
|t:|1650555361
|move|p2a: Marshadow|Close Combat|p1a: Groudon
|-damage|p1a: Groudon|49/100
|-unboost|p2a: Marshadow|def|1
|-unboost|p2a: Marshadow|spd|1
|move|p1a: Groudon|Precipice Blades|p2a: Marshadow
|-enditem|p2a: Marshadow|Focus Sash
|-damage|p2a: Marshadow|1/100
|
|-weather|SunnyDay|[upkeep]
|-heal|p1a: Groudon|55/100|[from] item: Leftovers
|upkeep
|turn|19
|
|t:|1650555365
|move|p2a: Marshadow|Close Combat|p1a: Groudon
|-damage|p1a: Groudon|27/100
|-unboost|p2a: Marshadow|def|1
|-unboost|p2a: Marshadow|spd|1
|move|p1a: Groudon|Precipice Blades|p2a: Marshadow
|-damage|p2a: Marshadow|0 fnt
|faint|p2a: Marshadow
|
|win|4125al41
|n|☆4125al41|4125al41
|n|☆Legion05|legion05
|n| samlijam|samlijam
|n| Osvegos|osvegos
