|j|☆Yarzo
|j|☆Magikarp4000
|t:|1604987462
|player|p1|Yarzo|norman|1563
|player|p2|Magikarp4000|steven|1561
|teamsize|p1|6
|teamsize|p2|6
|gametype|singles
|gen|8
|tier|[Gen 8] Ubers
|rated|
|clearpoke
|poke|p1|Mew|
|poke|p1|Groudon|
|poke|p1|Regieleki|
|poke|p1|Calyrex-Shadow|
|poke|p1|Kyogre|
|poke|p1|Zacian-Crowned|
|poke|p2|Yveltal|
|poke|p2|Kyogre|
|poke|p2|Zacian-Crowned|
|poke|p2|Calyrex-Shadow|
|poke|p2|Zygarde|
|poke|p2|Necrozma-Dusk-Mane|
|rule|Sleep Clause Mod: Limit one foe put to sleep
|rule|Species Clause: Limit one of each Pokémon
|rule|OHKO Clause: OHKO moves are banned
|rule|Evasion Moves Clause: Evasion moves are banned
|rule|Endless Battle Clause: Forcing endless battles is banned
|rule|HP Percentage Mod: HP is shown in percentages
|teampreview
|c|☆Magikarp4000|glhf
|
|t:|1604987467
|start
|switch|p1a: Mew|Mew, shiny|100/100
|switch|p2a: Zacian|Zacian-Crowned|100/100
|-ability|p2a: Zacian|Intrepid Sword|boost
|-boost|p2a: Zacian|atk|1
|turn|1
|
|t:|1604987489
|move|p2a: Zacian|Behemoth Blade|p1a: Mew
|-damage|p1a: Mew|11/100
|move|p1a: Mew|Stealth Rock|p2a: Zacian
|-sidestart|p2: Magikarp4000|move: Stealth Rock
|
|upkeep
|turn|2
|
|t:|1604987496
|move|p2a: Zacian|Behemoth Blade|p1a: Mew
|-damage|p1a: Mew|0 fnt
|faint|p1a: Mew
|
|upkeep
|
|t:|1604987507
|switch|p1a: Groudon|Groudon|100/100
|-weather|SunnyDay|[from] ability: Drought|[of] p1a: Groudon
|turn|3
|
|t:|1604987512
|move|p2a: Zacian|Behemoth Blade|p1a: Groudon
|-damage|p1a: Groudon|51/100
|move|p1a: Groudon|Earthquake|p2a: Zacian
|-supereffective|p2a: Zacian
|-damage|p2a: Zacian|0 fnt
|faint|p2a: Zacian
|
|-weather|SunnyDay|[upkeep]
|upkeep
|
|t:|1604987520
|switch|p2a: Calyrex|Calyrex-Shadow|100/100
|-ability|p2a: Calyrex|As One
|-ability|p2a: Calyrex|Unnerve|p1: Yarzo
|-damage|p2a: Calyrex|88/100|[from] Stealth Rock
|turn|4
|
|t:|1604987531
|move|p2a: Calyrex|Astral Barrage|p1a: Groudon
|-damage|p1a: Groudon|0 fnt
|-damage|p2a: Calyrex|78/100|[from] item: Life Orb
|faint|p1a: Groudon
|-ability|p2a: Calyrex|Grim Neigh|boost
|-boost|p2a: Calyrex|spa|1
|
|-weather|SunnyDay|[upkeep]
|upkeep
|
|t:|1604987541
|switch|p1a: Calyrex|Calyrex-Shadow|100/100
|-ability|p1a: Calyrex|As One
|-ability|p1a: Calyrex|Unnerve|p2: Magikarp4000
|turn|5
|
|t:|1604987547
|switch|p2a: Yveltal|Yveltal|100/100
|-ability|p2a: Yveltal|Dark Aura
|move|p1a: Calyrex|Astral Barrage|p2a: Yveltal
|-resisted|p2a: Yveltal
|-damage|p2a: Yveltal|79/100
|
|-weather|SunnyDay|[upkeep]
|upkeep
|turn|6
|
|t:|1604987562
|switch|p1a: Zacian|Zacian-Crowned|100/100
|-ability|p1a: Zacian|Intrepid Sword|boost
|-boost|p1a: Zacian|atk|1
|move|p2a: Yveltal|Foul Play|p1a: Zacian
|-resisted|p1a: Zacian
|-damage|p1a: Zacian|47/100
|
|-weather|SunnyDay|[upkeep]
|upkeep
|turn|7
|
|t:|1604987573
|switch|p2a: Necrozma|Necrozma-Dusk-Mane|100/100
|-damage|p2a: Necrozma|94/100|[from] Stealth Rock
|move|p1a: Zacian|Wild Charge|p2a: Necrozma
|-damage|p2a: Necrozma|63/100
|-damage|p1a: Zacian|30/100|[from] item: Rocky Helmet|[of] p2a: Necrozma
|-damage|p1a: Zacian|22/100|[from] Recoil
|
|-weather|none
|upkeep
|turn|8
|
|t:|1604987592
|move|p1a: Zacian|Close Combat|p2a: Necrozma
|-damage|p2a: Necrozma|16/100
|-unboost|p1a: Zacian|def|1
|-unboost|p1a: Zacian|spd|1
|-damage|p1a: Zacian|6/100|[from] item: Rocky Helmet|[of] p2a: Necrozma
|move|p2a: Necrozma|Morning Sun|p2a: Necrozma
|-heal|p2a: Necrozma|66/100
|
|upkeep
|turn|9
|
|t:|1604987605
|move|p1a: Zacian|Close Combat|p2a: Necrozma
|-damage|p2a: Necrozma|19/100
|-unboost|p1a: Zacian|def|1
|-unboost|p1a: Zacian|spd|1
|-damage|p1a: Zacian|0 fnt|[from] item: Rocky Helmet|[of] p2a: Necrozma
|faint|p1a: Zacian
|move|p2a: Necrozma|Morning Sun|p2a: Necrozma
|-heal|p2a: Necrozma|69/100
|
|upkeep
|
|t:|1604987619
|switch|p1a: Calyrex|Calyrex-Shadow|100/100
|-ability|p1a: Calyrex|As One
|-ability|p1a: Calyrex|Unnerve|p2: Magikarp4000
|turn|10
|
|t:|1604987625
|switch|p2a: Yveltal|Yveltal|79/100
|-ability|p2a: Yveltal|Dark Aura
|-start|p1a: Calyrex|Dynamax
|-heal|p1a: Calyrex|100/100|[silent]
|move|p1a: Calyrex|Max Starfall|p2a: Yveltal
|-supereffective|p2a: Yveltal
|-damage|p2a: Yveltal|32/100
|-fieldstart|move: Misty Terrain
|
|upkeep
|turn|11
|
|t:|1604987636
|move|p2a: Yveltal|Sucker Punch|p1a: Calyrex
|-supereffective|p1a: Calyrex
|-damage|p1a: Calyrex|2/100
|move|p1a: Calyrex|Max Starfall|p2a: Yveltal
|-supereffective|p2a: Yveltal
|-damage|p2a: Yveltal|0 fnt
|faint|p2a: Yveltal
|-ability|p1a: Calyrex|Grim Neigh|boost
|-boost|p1a: Calyrex|spa|1
|
|upkeep
|
|t:|1604987642
|switch|p2a: Kyogre|Kyogre|100/100
|-damage|p2a: Kyogre|88/100|[from] Stealth Rock
|-weather|RainDance|[from] ability: Drizzle|[of] p2a: Kyogre
|turn|12
|
|t:|1604987650
|-start|p2a: Kyogre|Dynamax
|-heal|p2a: Kyogre|88/100|[silent]
|move|p1a: Calyrex|Max Guard|p1a: Calyrex
|-singleturn|p1a: Calyrex|Max Guard
|move|p2a: Kyogre|Max Geyser|p1a: Calyrex
|-activate|p1a: Calyrex|move: Max Guard
|
|-weather|RainDance|[upkeep]
|-end|p1a: Calyrex|Dynamax
|-heal|p1a: Calyrex|2/100|[silent]
|upkeep
|turn|13
|
|t:|1604987665
|move|p1a: Calyrex|Astral Barrage|p2a: Kyogre
|-damage|p2a: Kyogre|59/100
|move|p2a: Kyogre|Max Geyser|p1a: Calyrex
|-damage|p1a: Calyrex|0 fnt
|faint|p1a: Calyrex
|
|-weather|RainDance|[upkeep]
|upkeep
|
|t:|1604987678
|switch|p1a: Regieleki|Regieleki|100/100
|turn|14
|
|t:|1604987683
|switch|p1a: Kyogre|Kyogre|100/100
|move|p2a: Kyogre|Max Hailstorm|p1a: Kyogre
|-resisted|p1a: Kyogre
|-damage|p1a: Kyogre|81/100
|-weather|Hail
|
|-weather|Hail|[upkeep]
|-damage|p1a: Kyogre|75/100|[from] Hail
|-damage|p2a: Kyogre|56/100|[from] Hail
|-fieldend|Misty Terrain
|-end|p2a: Kyogre|Dynamax
|-heal|p2a: Kyogre|56/100|[silent]
|upkeep
|turn|15
|
|t:|1604987696
|move|p1a: Kyogre|Thunder|p2a: Kyogre
|-supereffective|p2a: Kyogre
|-damage|p2a: Kyogre|13/100
|move|p2a: Kyogre|Thunder|p1a: Kyogre
|-supereffective|p1a: Kyogre
|-damage|p1a: Kyogre|11/100
|
|-weather|Hail|[upkeep]
|-damage|p1a: Kyogre|5/100|[from] Hail
|-damage|p2a: Kyogre|6/100|[from] Hail
|upkeep
|turn|16
|-message|Yarzo forfeited.
|
|win|Magikarp4000
|l|☆Yarzo
|c|☆Magikarp4000|ggwo
|raw|Yarzo's rating: 1563 &rarr; <strong>1541</strong><br />(-22 for losing)
|raw|Magikarp4000's rating: 1532 &rarr; <strong>1554</strong><br />(+22 for winning)
|c|☆Magikarp4000|wp
