|j|☆AvramaxXx
|j|☆Makaroune
|t:|1643165328
|gametype|singles
|player|p1|AvramaxXx|cynthia|1349
|player|p2|Makaroune|102|1352
|teamsize|p1|6
|teamsize|p2|6
|gen|8
|tier|[Gen 8] Ubers
|rated|
|rule|Sleep Clause Mod: Limit one foe put to sleep
|rule|Species Clause: Limit one of each Pokémon
|rule|OHKO Clause: OHKO moves are banned
|rule|Evasion Moves Clause: Evasion moves are banned
|rule|Endless Battle Clause: Forcing endless battles is banned
|rule|HP Percentage Mod: HP is shown in percentages
|rule|Dynamax Clause: You cannot dynamax
|clearpoke
|poke|p1|Xerneas-*|
|poke|p1|Calyrex-Ice|
|poke|p1|Necrozma-Dusk-Mane|
|poke|p1|Marshadow|
|poke|p1|Kyogre|
|poke|p1|Yveltal|
|poke|p2|Ho-Oh|
|poke|p2|Darmanitan-Galar, F|
|poke|p2|Eternatus|
|poke|p2|Yveltal|
|poke|p2|Marshadow|
|poke|p2|Necrozma-Dusk-Mane|
|teampreview
|inactive|Battle timer is ON: inactive players will automatically lose when time's up. (requested by Makaroune)
|
|t:|1643165348
|start
|switch|p1a: Calyrex|Calyrex-Ice|100/100
|switch|p2a: Darmanitan|Darmanitan-Galar, F|100/100
|-ability|p1a: Calyrex|As One
|-ability|p1a: Calyrex|Unnerve
|turn|1
|
|t:|1643165356
|move|p2a: Darmanitan|U-turn|p1a: Calyrex
|-supereffective|p1a: Calyrex
|-damage|p1a: Calyrex|54/100
|
|t:|1643165359
|switch|p2a: Necrozma|Necrozma-Dusk-Mane|100/100|[from]move: U-turn
|move|p1a: Calyrex|Trick Room|p1a: Calyrex
|-fieldstart|move: Trick Room|[of] p1a: Calyrex
|
|upkeep
|turn|2
|
|t:|1643165365
|move|p1a: Calyrex|High Horsepower|p2a: Necrozma
|-supereffective|p2a: Necrozma
|-damage|p2a: Necrozma|59/100
|-damage|p1a: Calyrex|44/100|[from] item: Life Orb
|move|p2a: Necrozma|Stone Edge|p1a: Calyrex
|-supereffective|p1a: Calyrex
|-damage|p1a: Calyrex|2/100
|
|-heal|p2a: Necrozma|65/100|[from] item: Leftovers
|upkeep
|turn|3
|
|t:|1643165375
|move|p1a: Calyrex|High Horsepower|p2a: Necrozma
|-supereffective|p2a: Necrozma
|-damage|p2a: Necrozma|20/100
|-damage|p1a: Calyrex|0 fnt|[from] item: Life Orb
|faint|p1a: Calyrex
|move|p2a: Necrozma|Morning Sun|p2a: Necrozma
|-heal|p2a: Necrozma|70/100
|
|-heal|p2a: Necrozma|76/100|[from] item: Leftovers
|upkeep
|
|t:|1643165396
|switch|p1a: Necrozma|Necrozma-Dusk-Mane|100/100
|turn|4
|
|t:|1643165402
|switch|p2a: Ho-Oh|Ho-Oh|100/100
|move|p1a: Necrozma|Earthquake|p2a: Ho-Oh
|-immune|p2a: Ho-Oh
|
|upkeep
|turn|5
|
|t:|1643165410
|move|p1a: Necrozma|Psychic Fangs|p2a: Ho-Oh
|-damage|p2a: Ho-Oh|54/100
|move|p2a: Ho-Oh|Sacred Fire|p1a: Necrozma
|-supereffective|p1a: Necrozma
|-damage|p1a: Necrozma|51/100
|-enditem|p1a: Necrozma|Weakness Policy
|-boost|p1a: Necrozma|atk|2|[from] item: Weakness Policy
|-boost|p1a: Necrozma|spa|2|[from] item: Weakness Policy
|
|-fieldend|move: Trick Room
|upkeep
|turn|6
|
|t:|1643165421
|switch|p2a: Yveltal|Yveltal|100/100
|-ability|p2a: Yveltal|Dark Aura
|move|p1a: Necrozma|Trick Room|p1a: Necrozma
|-fieldstart|move: Trick Room|[of] p1a: Necrozma
|
|upkeep
|turn|7
|
|t:|1643165432
|switch|p1a: Yveltal|Yveltal|100/100
|-ability|p1a: Yveltal|Dark Aura
|move|p2a: Yveltal|Sucker Punch||[still]
|-fail|p2a: Yveltal
|
|upkeep
|turn|8
|
|t:|1643165444
|switch|p2a: Necrozma|Necrozma-Dusk-Mane|76/100
|move|p1a: Yveltal|Oblivion Wing|p2a: Necrozma
|-resisted|p2a: Necrozma
|-damage|p2a: Necrozma|53/100
|-damage|p1a: Yveltal|91/100|[from] item: Life Orb
|
|-heal|p2a: Necrozma|59/100|[from] item: Leftovers
|upkeep
|turn|9
|
|t:|1643165456
|move|p2a: Necrozma|Thunder Wave|p1a: Yveltal
|-status|p1a: Yveltal|par
|move|p1a: Yveltal|Dark Pulse|p2a: Necrozma
|-supereffective|p2a: Necrozma
|-damage|p2a: Necrozma|0 fnt
|faint|p2a: Necrozma
|-damage|p1a: Yveltal|81/100 par|[from] item: Life Orb
|
|upkeep
|
|t:|1643165464
|switch|p2a: Ho-Oh|Ho-Oh|87/100
|turn|10
|
|t:|1643165469
|move|p1a: Yveltal|Sucker Punch|p2a: Ho-Oh
|-damage|p2a: Ho-Oh|39/100
|-damage|p1a: Yveltal|71/100 par|[from] item: Life Orb
|move|p2a: Ho-Oh|Sacred Fire|p1a: Yveltal
|-damage|p1a: Yveltal|26/100 par
|
|-fieldend|move: Trick Room
|upkeep
|turn|11
|
|t:|1643165481
|move|p2a: Ho-Oh|Roost|p2a: Ho-Oh
|-heal|p2a: Ho-Oh|89/100
|-singleturn|p2a: Ho-Oh|move: Roost
|move|p1a: Yveltal|Dark Pulse|p2a: Ho-Oh
|-damage|p2a: Ho-Oh|53/100
|-damage|p1a: Yveltal|16/100 par|[from] item: Life Orb
|
|upkeep
|turn|12
|
|t:|1643165492
|move|p2a: Ho-Oh|Roost|p2a: Ho-Oh
|-heal|p2a: Ho-Oh|100/100
|-singleturn|p2a: Ho-Oh|move: Roost
|move|p1a: Yveltal|Taunt|p2a: Ho-Oh
|-start|p2a: Ho-Oh|move: Taunt
|
|upkeep
|turn|13
|
|t:|1643165501
|move|p1a: Yveltal|Sucker Punch|p2a: Ho-Oh
|-damage|p2a: Ho-Oh|51/100
|-damage|p1a: Yveltal|6/100 par|[from] item: Life Orb
|move|p2a: Ho-Oh|Brave Bird|p1a: Yveltal
|-damage|p1a: Yveltal|0 fnt
|faint|p1a: Yveltal
|-damage|p2a: Ho-Oh|49/100|[from] Recoil
|
|upkeep
|
|t:|1643165515
|switch|p1a: Xerneas|Xerneas|100/100
|-ability|p1a: Xerneas|Fairy Aura
|turn|14
|
|t:|1643165522
|switch|p2a: Eternatus|Eternatus|100/100
|-ability|p2a: Eternatus|Pressure
|move|p1a: Xerneas|Geomancy||[still]
|-prepare|p1a: Xerneas|Geomancy
|-enditem|p1a: Xerneas|Power Herb
|-anim|p1a: Xerneas|Geomancy|p1a: Xerneas
|-boost|p1a: Xerneas|spa|2
|-boost|p1a: Xerneas|spd|2
|-boost|p1a: Xerneas|spe|2
|
|upkeep
|turn|15
|
|t:|1643165532
|move|p1a: Xerneas|Moonblast|p2a: Eternatus
|-damage|p2a: Eternatus|0 fnt
|faint|p2a: Eternatus
|
|upkeep
|
|t:|1643165538
|switch|p2a: Marshadow|Marshadow|100/100
|turn|16
|
|t:|1643165546
|move|p1a: Xerneas|Moonblast|p2a: Marshadow
|-supereffective|p2a: Marshadow
|-enditem|p2a: Marshadow|Focus Sash
|-damage|p2a: Marshadow|1/100
|move|p2a: Marshadow|Spectral Thief||[still]
|-clearpositiveboost|p1a: Xerneas|p2a: Marshadow|move: Spectral Thief
|-boost|p2a: Marshadow|spa|2
|-boost|p2a: Marshadow|spd|2
|-boost|p2a: Marshadow|spe|2
|-anim|p2a: Marshadow|Spectral Thief|p1a: Xerneas
|-damage|p1a: Xerneas|62/100
|
|upkeep
|turn|17
|
|t:|1643165567
|switch|p2a: Ho-Oh|Ho-Oh|82/100
|move|p1a: Xerneas|Moonblast|p2a: Ho-Oh
|-resisted|p2a: Ho-Oh
|-damage|p2a: Ho-Oh|65/100
|
|upkeep
|turn|18
|
|t:|1643165576
|move|p1a: Xerneas|Geomancy||[still]
|-prepare|p1a: Xerneas|Geomancy
|move|p2a: Ho-Oh|Brave Bird|p1a: Xerneas
|-damage|p1a: Xerneas|19/100
|-damage|p2a: Ho-Oh|52/100|[from] Recoil
|
|upkeep
|turn|19
|
|t:|1643165583
|move|p1a: Xerneas|Geomancy|p1a: Xerneas|[from]lockedmove
|-boost|p1a: Xerneas|spa|2
|-boost|p1a: Xerneas|spd|2
|-boost|p1a: Xerneas|spe|2
|move|p2a: Ho-Oh|Sacred Fire|p1a: Xerneas|[miss]
|-miss|p2a: Ho-Oh|p1a: Xerneas
|
|upkeep
|turn|20
|c|☆AvramaxXx|lol u suck
|
|t:|1643165595
|switch|p2a: Marshadow|Marshadow|1/100
|move|p1a: Xerneas|Moonblast|p2a: Marshadow
|-supereffective|p2a: Marshadow
|-damage|p2a: Marshadow|0 fnt
|faint|p2a: Marshadow
|
|upkeep
|
|t:|1643165599
|switch|p2a: Yveltal|Yveltal|100/100
|-ability|p2a: Yveltal|Dark Aura
|turn|21
|c|☆AvramaxXx|get rekt
|c|☆AvramaxXx|look here comes a sucker punch
|
|t:|1643165615
|switch|p1a: Necrozma|Necrozma-Dusk-Mane|51/100
|move|p2a: Yveltal|Sucker Punch||[still]
|-fail|p2a: Yveltal
|
|upkeep
|turn|22
|
|t:|1643165621
|move|p2a: Yveltal|Dark Pulse|p1a: Necrozma
|-supereffective|p1a: Necrozma
|-damage|p1a: Necrozma|0 fnt
|faint|p1a: Necrozma
|-damage|p2a: Yveltal|91/100|[from] item: Life Orb
|
|upkeep
|
|t:|1643165628
|switch|p1a: Marshadow|Marshadow|100/100
|turn|23
|
|t:|1643165635
|move|p1a: Marshadow|Rock Tomb|p2a: Yveltal
|-supereffective|p2a: Yveltal
|-damage|p2a: Yveltal|29/100
|-unboost|p2a: Yveltal|spe|1
|move|p2a: Yveltal|Oblivion Wing|p1a: Marshadow
|-supereffective|p1a: Marshadow
|-enditem|p1a: Marshadow|Focus Sash
|-damage|p1a: Marshadow|1/100
|-heal|p2a: Yveltal|90/100|[from] drain|[of] p1a: Marshadow
|-damage|p2a: Yveltal|80/100|[from] item: Life Orb
|
|upkeep
|turn|24
|
|t:|1643165651
|move|p1a: Marshadow|Shadow Sneak|p2a: Yveltal
|-resisted|p2a: Yveltal
|-damage|p2a: Yveltal|66/100
|move|p2a: Yveltal|Sucker Punch||[still]
|-fail|p2a: Yveltal
|
|upkeep
|turn|25
|
|t:|1643165658
|move|p2a: Yveltal|Sucker Punch|p1a: Marshadow
|-damage|p1a: Marshadow|0 fnt
|faint|p1a: Marshadow
|-damage|p2a: Yveltal|56/100|[from] item: Life Orb
|
|upkeep
|
|t:|1643165670
|switch|p1a: Kyogre|Kyogre|100/100
|-weather|RainDance|[from] ability: Drizzle|[of] p1a: Kyogre
|turn|26
|
|t:|1643165678
|move|p2a: Yveltal|Sucker Punch|p1a: Kyogre
|-damage|p1a: Kyogre|40/100
|-damage|p2a: Yveltal|46/100|[from] item: Life Orb
|move|p1a: Kyogre|Water Spout|p2a: Yveltal
|-damage|p2a: Yveltal|0 fnt
|faint|p2a: Yveltal
|
|-weather|RainDance|[upkeep]
|upkeep
|
|t:|1643165682
|switch|p2a: Darmanitan|Darmanitan-Galar, F|100/100
|turn|27
|c|☆Makaroune|Gg ez
|
|t:|1643165692
|switch|p1a: Xerneas|Xerneas|19/100
|-ability|p1a: Xerneas|Fairy Aura
|move|p2a: Darmanitan|Earthquake|p1a: Xerneas
|-damage|p1a: Xerneas|0 fnt
|faint|p1a: Xerneas
|
|-weather|RainDance|[upkeep]
|upkeep
|c|☆Makaroune|Get good kid
|
|t:|1643165701
|switch|p1a: Kyogre|Kyogre|40/100
|turn|28
|c|☆AvramaxXx|you sure about that?
|
|t:|1643165708
|move|p2a: Darmanitan|Earthquake|p1a: Kyogre
|-damage|p1a: Kyogre|0 fnt
|faint|p1a: Kyogre
|
|win|Makaroune
|raw|AvramaxXx's rating: 1349 &rarr; <strong>1329</strong><br />(-20 for losing)
|raw|Makaroune's rating: 1352 &rarr; <strong>1372</strong><br />(+20 for winning)
|c|☆Makaroune|Yes
|l|☆AvramaxXx
|c|☆Makaroune|Lol
