|j|☆ElouanG
|j|☆ibechillinB
|t:|1666818062
|gametype|singles
|player|p1|ElouanG|sabrina|1209
|player|p2|ibechillinB|fisherman-gen4|1432
|teamsize|p1|6
|teamsize|p2|6
|gen|8
|tier|[Gen 8] Ubers
|rated|
|rule|Sleep Clause Mod: Limit one foe put to sleep
|rule|Species Clause: Limit one of each Pokémon
|rule|OHKO Clause: OHKO moves are banned
|rule|Evasion Items Clause: Evasion items are banned
|rule|Evasion Moves Clause: Evasion moves are banned
|rule|Endless Battle Clause: Forcing endless battles is banned
|rule|HP Percentage Mod: HP is shown in percentages
|rule|Dynamax Clause: You cannot dynamax
|clearpoke
|poke|p1|Calyrex-Shadow|
|poke|p1|Ho-Oh|
|poke|p1|Yveltal|
|poke|p1|Necrozma-Dusk-Mane|
|poke|p1|Ferrothorn, M|
|poke|p1|Groudon|
|poke|p2|Necrozma-Dusk-Mane|
|poke|p2|Urshifu-*, M|
|poke|p2|Dialga|
|poke|p2|Zygarde|
|poke|p2|Kyurem-Black|
|poke|p2|Yveltal|
|teampreview
|inactive|Battle timer is ON: inactive players will automatically lose when time's up. (requested by ibechillinB)
|
|t:|1666818075
|start
|switch|p1a: Groudon|Groudon|100/100
|switch|p2a: Kyurem|Kyurem-Black|100/100
|-ability|p2a: Kyurem|Teravolt
|-weather|SunnyDay|[from] ability: Drought|[of] p1a: Groudon
|turn|1
|
|t:|1666818084
|switch|p1a: Necrozma|Necrozma-Dusk-Mane|100/100
|move|p2a: Kyurem|Icicle Spear|p1a: Necrozma
|-resisted|p1a: Necrozma
|-damage|p1a: Necrozma|95/100
|-resisted|p1a: Necrozma
|-damage|p1a: Necrozma|89/100
|-hitcount|p1a: Necrozma|2
|
|-weather|SunnyDay|[upkeep]
|-heal|p1a: Necrozma|95/100|[from] item: Leftovers
|upkeep
|turn|2
|
|t:|1666818094
|switch|p2a: Dialga|Dialga|100/100
|-ability|p2a: Dialga|Pressure
|move|p1a: Necrozma|Iron Head|p2a: Dialga
|-resisted|p2a: Dialga
|-damage|p2a: Dialga|87/100
|
|-weather|SunnyDay|[upkeep]
|-heal|p2a: Dialga|93/100|[from] item: Leftovers
|-heal|p1a: Necrozma|100/100|[from] item: Leftovers
|upkeep
|turn|3
|
|t:|1666818098
|move|p2a: Dialga|Stealth Rock|p1a: Necrozma
|-sidestart|p1: ElouanG|move: Stealth Rock
|move|p1a: Necrozma|Thunder Wave|p2a: Dialga|[miss]
|-miss|p1a: Necrozma|p2a: Dialga
|
|-weather|SunnyDay|[upkeep]
|-heal|p2a: Dialga|99/100|[from] item: Leftovers
|upkeep
|turn|4
|
|t:|1666818108
|switch|p2a: Zygarde|Zygarde, shiny|100/100
|switch|p1a: Groudon|Groudon|100/100
|-damage|p1a: Groudon|94/100|[from] Stealth Rock
|
|-weather|SunnyDay|[upkeep]
|-heal|p1a: Groudon|100/100|[from] item: Leftovers
|upkeep
|turn|5
|
|t:|1666818113
|move|p2a: Zygarde|Glare|p1a: Groudon
|-status|p1a: Groudon|par
|move|p1a: Groudon|Dragon Tail|p2a: Zygarde
|-supereffective|p2a: Zygarde
|-damage|p2a: Zygarde|79/100
|drag|p2a: Dialga|Dialga|99/100
|-ability|p2a: Dialga|Pressure
|
|-weather|none
|-heal|p2a: Dialga|100/100|[from] item: Leftovers
|upkeep
|turn|6
|
|t:|1666818127
|move|p2a: Dialga|Draco Meteor|p1a: Groudon
|-damage|p1a: Groudon|45/100 par
|-unboost|p2a: Dialga|spa|2
|move|p1a: Groudon|Stealth Rock|p2a: Dialga
|-sidestart|p2: ibechillinB|move: Stealth Rock
|
|-heal|p1a: Groudon|51/100 par|[from] item: Leftovers
|upkeep
|turn|7
|
|t:|1666818141
|move|p2a: Dialga|Flash Cannon|p1a: Groudon
|-damage|p1a: Groudon|32/100 par
|move|p1a: Groudon|Earthquake|p2a: Dialga
|-supereffective|p2a: Dialga
|-damage|p2a: Dialga|30/100
|
|-heal|p2a: Dialga|36/100|[from] item: Leftovers
|-heal|p1a: Groudon|38/100 par|[from] item: Leftovers
|upkeep
|turn|8
|
|t:|1666818147
|move|p2a: Dialga|Flash Cannon|p1a: Groudon
|-damage|p1a: Groudon|20/100 par
|move|p1a: Groudon|Dragon Tail|p2a: Dialga
|-damage|p2a: Dialga|20/100
|drag|p2a: Necrozma|Necrozma-Dusk-Mane, shiny|100/100
|-damage|p2a: Necrozma|94/100|[from] Stealth Rock
|
|-heal|p2a: Necrozma|100/100|[from] item: Leftovers
|-heal|p1a: Groudon|26/100 par|[from] item: Leftovers
|upkeep
|turn|9
|
|t:|1666818153
|move|p2a: Necrozma|Earthquake|p1a: Groudon
|-damage|p1a: Groudon|8/100 par
|move|p1a: Groudon|Dragon Tail|p2a: Necrozma
|-resisted|p2a: Necrozma
|-damage|p2a: Necrozma|94/100
|drag|p2a: Urshifu|Urshifu, M|100/100
|-damage|p2a: Urshifu|94/100|[from] Stealth Rock
|
|-heal|p1a: Groudon|15/100 par|[from] item: Leftovers
|upkeep
|turn|10
|
|t:|1666818158
|move|p2a: Urshifu|Wicked Blow|p1a: Groudon
|-crit|p1a: Groudon
|-damage|p1a: Groudon|0 fnt
|faint|p1a: Groudon
|
|upkeep
|
|t:|1666818174
|switch|p1a: Calyrex|Calyrex-Shadow|100/100
|-ability|p1a: Calyrex|As One
|-ability|p1a: Calyrex|Unnerve
|-damage|p1a: Calyrex|88/100|[from] Stealth Rock
|turn|11
|
|t:|1666818191
|switch|p1a: Ferrothorn|Ferrothorn, M|100/100
|-damage|p1a: Ferrothorn|94/100|[from] Stealth Rock
|switch|p2a: Dialga|Dialga|20/100
|-damage|p2a: Dialga|14/100|[from] Stealth Rock
|-ability|p2a: Dialga|Pressure
|
|-heal|p2a: Dialga|20/100|[from] item: Leftovers
|-heal|p1a: Ferrothorn|100/100|[from] item: Leftovers
|upkeep
|turn|12
|
|t:|1666818197
|move|p2a: Dialga|Fire Blast|p1a: Ferrothorn
|-supereffective|p1a: Ferrothorn
|-damage|p1a: Ferrothorn|10/100
|-status|p1a: Ferrothorn|brn
|move|p1a: Ferrothorn|Leech Seed|p2a: Dialga
|-start|p2a: Dialga|move: Leech Seed
|
|-heal|p2a: Dialga|26/100|[from] item: Leftovers
|-heal|p1a: Ferrothorn|16/100 brn|[from] item: Leftovers
|-damage|p2a: Dialga|14/100|[from] Leech Seed|[of] p1a: Ferrothorn
|-heal|p1a: Ferrothorn|29/100 brn|[silent]
|-damage|p1a: Ferrothorn|23/100 brn|[from] brn
|upkeep
|turn|13
|
|t:|1666818202
|switch|p1a: Ho-Oh|Ho-Oh|100/100
|move|p2a: Dialga|Flash Cannon|p1a: Ho-Oh
|-resisted|p1a: Ho-Oh
|-damage|p1a: Ho-Oh|90/100
|
|-heal|p2a: Dialga|20/100|[from] item: Leftovers
|-damage|p2a: Dialga|8/100|[from] Leech Seed|[of] p1a: Ho-Oh
|-heal|p1a: Ho-Oh|100/100|[silent]
|upkeep
|turn|14
|
|t:|1666818212
|move|p2a: Dialga|Draco Meteor|p1a: Ho-Oh
|-damage|p1a: Ho-Oh|67/100
|-unboost|p2a: Dialga|spa|2
|move|p1a: Ho-Oh|Sacred Fire|p2a: Dialga
|-damage|p2a: Dialga|0 fnt
|faint|p2a: Dialga
|
|upkeep
|
|t:|1666818226
|switch|p2a: Kyurem|Kyurem-Black|100/100
|-damage|p2a: Kyurem|75/100|[from] Stealth Rock
|-ability|p2a: Kyurem|Teravolt
|turn|15
|
|t:|1666818235
|switch|p1a: Necrozma|Necrozma-Dusk-Mane|100/100
|-damage|p1a: Necrozma|94/100|[from] Stealth Rock
|move|p2a: Kyurem|Fusion Bolt|p1a: Necrozma
|-damage|p1a: Necrozma|65/100
|
|-heal|p1a: Necrozma|71/100|[from] item: Leftovers
|upkeep
|turn|16
|
|t:|1666818252
|switch|p2a: Necrozma|Necrozma-Dusk-Mane, shiny|94/100
|-damage|p2a: Necrozma|88/100|[from] Stealth Rock
|move|p1a: Necrozma|Thunder Wave|p2a: Necrozma
|-status|p2a: Necrozma|par
|
|-heal|p1a: Necrozma|77/100|[from] item: Leftovers
|-heal|p2a: Necrozma|94/100 par|[from] item: Leftovers
|upkeep
|turn|17
|
|t:|1666818264
|switch|p1a: Ferrothorn|Ferrothorn, M|23/100 brn
|-damage|p1a: Ferrothorn|17/100 brn|[from] Stealth Rock
|move|p2a: Necrozma|Knock Off|p1a: Ferrothorn
|-damage|p1a: Ferrothorn|0 fnt
|-damage|p2a: Necrozma|82/100 par|[from] ability: Iron Barbs|[of] p1a: Ferrothorn
|-enditem|p1a: Ferrothorn|Leftovers|[from] move: Knock Off|[of] p2a: Necrozma
|faint|p1a: Ferrothorn
|
|-heal|p2a: Necrozma|88/100 par|[from] item: Leftovers
|upkeep
|
|t:|1666818271
|switch|p1a: Calyrex|Calyrex-Shadow|88/100
|-ability|p1a: Calyrex|As One
|-ability|p1a: Calyrex|Unnerve
|-damage|p1a: Calyrex|76/100|[from] Stealth Rock
|turn|18
|
|t:|1666818273
|switch|p2a: Yveltal|Yveltal|100/100
|-ability|p2a: Yveltal|Dark Aura
|move|p1a: Calyrex|Astral Barrage|p2a: Yveltal
|-resisted|p2a: Yveltal
|-damage|p2a: Yveltal|59/100
|
|upkeep
|turn|19
|
|t:|1666818281
|switch|p1a: Yveltal|Yveltal|100/100
|-damage|p1a: Yveltal|76/100|[from] Stealth Rock
|-ability|p1a: Yveltal|Dark Aura
|move|p2a: Yveltal|Roost|p2a: Yveltal
|-heal|p2a: Yveltal|100/100
|-singleturn|p2a: Yveltal|move: Roost
|
|upkeep
|turn|20
|
|t:|1666818295
|switch|p2a: Necrozma|Necrozma-Dusk-Mane, shiny|88/100 par
|-damage|p2a: Necrozma|82/100 par|[from] Stealth Rock
|move|p1a: Yveltal|U-turn|p2a: Necrozma
|-damage|p2a: Necrozma|68/100 par
|
|t:|1666818299
|switch|p1a: Calyrex|Calyrex-Shadow|76/100|[from]move: U-turn
|-ability|p1a: Calyrex|As One
|-ability|p1a: Calyrex|Unnerve
|-damage|p1a: Calyrex|64/100|[from] Stealth Rock
|
|-heal|p2a: Necrozma|74/100 par|[from] item: Leftovers
|upkeep
|turn|21
|
|t:|1666818303
|move|p1a: Calyrex|Trick|p2a: Necrozma
|-activate|p1a: Calyrex|move: Trick|[of] p2a: Necrozma
|-item|p2a: Necrozma|Choice Specs|[from] move: Trick
|-item|p1a: Calyrex|Leftovers|[from] move: Trick
|cant|p2a: Necrozma|par
|
|-heal|p1a: Calyrex|70/100|[from] item: Leftovers
|upkeep
|turn|22
|
|t:|1666818311
|switch|p2a: Yveltal|Yveltal|100/100
|-ability|p2a: Yveltal|Dark Aura
|move|p1a: Calyrex|Nasty Plot|p1a: Calyrex
|-boost|p1a: Calyrex|spa|2
|
|-heal|p1a: Calyrex|76/100|[from] item: Leftovers
|upkeep
|turn|23
|
|t:|1666818318
|switch|p1a: Ho-Oh|Ho-Oh|99/100
|move|p2a: Yveltal|Sucker Punch||[still]
|-fail|p2a: Yveltal
|
|upkeep
|turn|24
|
|t:|1666818321
|switch|p2a: Necrozma|Necrozma-Dusk-Mane, shiny|74/100 par
|-damage|p2a: Necrozma|68/100 par|[from] Stealth Rock
|move|p1a: Ho-Oh|Thunder Wave|p2a: Necrozma
|-fail|p2a: Necrozma|par
|
|upkeep
|turn|25
|
|t:|1666818324
|move|p1a: Ho-Oh|Sacred Fire|p2a: Necrozma
|-supereffective|p2a: Necrozma
|-damage|p2a: Necrozma|14/100 par
|move|p2a: Necrozma|Knock Off|p1a: Ho-Oh
|-damage|p1a: Ho-Oh|66/100
|-enditem|p1a: Ho-Oh|Heavy-Duty Boots|[from] move: Knock Off|[of] p2a: Necrozma
|
|upkeep
|turn|26
|
|t:|1666818332
|move|p1a: Ho-Oh|Defog|p2a: Necrozma
|-unboost|p2a: Necrozma|evasion|1
|-sideend|p2: ibechillinB|Stealth Rock|[from] move: Defog|[of] p1a: Ho-Oh
|-sideend|p1: ElouanG|Stealth Rock|[from] move: Defog|[of] p1a: Ho-Oh
|move|p2a: Necrozma|Knock Off|p1a: Ho-Oh
|-damage|p1a: Ho-Oh|43/100
|
|upkeep
|turn|27
|
|t:|1666818338
|move|p1a: Ho-Oh|Sacred Fire|p2a: Necrozma
|-supereffective|p2a: Necrozma
|-damage|p2a: Necrozma|0 fnt
|faint|p2a: Necrozma
|
|upkeep
|
|t:|1666818341
|switch|p2a: Zygarde|Zygarde, shiny|79/100
|turn|28
|
|t:|1666818348
|move|p2a: Zygarde|Substitute|p2a: Zygarde
|-start|p2a: Zygarde|Substitute
|-damage|p2a: Zygarde|54/100
|move|p1a: Ho-Oh|Sacred Fire|p2a: Zygarde
|-resisted|p2a: Zygarde
|-activate|p2a: Zygarde|move: Substitute|[damage]
|
|-heal|p2a: Zygarde|60/100|[from] item: Leftovers
|upkeep
|turn|29
|
|t:|1666818351
|move|p2a: Zygarde|Glare|p1a: Ho-Oh
|-status|p1a: Ho-Oh|par
|move|p1a: Ho-Oh|Brave Bird|p2a: Zygarde
|-end|p2a: Zygarde|Substitute
|-damage|p1a: Ho-Oh|40/100 par|[from] Recoil|[of] p2a: Zygarde
|
|-heal|p2a: Zygarde|66/100|[from] item: Leftovers
|upkeep
|turn|30
|
|t:|1666818356
|move|p2a: Zygarde|Substitute|p2a: Zygarde
|-start|p2a: Zygarde|Substitute
|-damage|p2a: Zygarde|41/100
|move|p1a: Ho-Oh|Brave Bird|p2a: Zygarde
|-end|p2a: Zygarde|Substitute
|-damage|p1a: Ho-Oh|32/100 par|[from] Recoil|[of] p2a: Zygarde
|
|-heal|p2a: Zygarde|47/100|[from] item: Leftovers
|-activate|p2a: Zygarde|ability: Power Construct
|detailschange|p2a: Zygarde|Zygarde-Complete, shiny
|-heal|p2a: Zygarde|65/100|[silent]
|upkeep
|turn|31
|
|t:|1666818361
|move|p2a: Zygarde|Substitute|p2a: Zygarde
|-start|p2a: Zygarde|Substitute
|-damage|p2a: Zygarde|41/100
|move|p1a: Ho-Oh|Brave Bird|p2a: Zygarde
|-activate|p2a: Zygarde|move: Substitute|[damage]
|-damage|p1a: Ho-Oh|20/100 par|[from] Recoil|[of] p2a: Zygarde
|
|-heal|p2a: Zygarde|47/100|[from] item: Leftovers
|upkeep
|turn|32
|
|t:|1666818365
|move|p2a: Zygarde|Thousand Arrows|p1a: Ho-Oh
|-damage|p1a: Ho-Oh|0 fnt
|faint|p1a: Ho-Oh
|
|-heal|p2a: Zygarde|53/100|[from] item: Leftovers
|upkeep
|
|t:|1666818372
|switch|p1a: Yveltal|Yveltal|76/100
|-ability|p1a: Yveltal|Dark Aura
|turn|33
|
|t:|1666818375
|move|p1a: Yveltal|Foul Play|p2a: Zygarde
|-end|p2a: Zygarde|Substitute
|move|p2a: Zygarde|Glare|p1a: Yveltal
|-status|p1a: Yveltal|par
|
|-heal|p2a: Zygarde|59/100|[from] item: Leftovers
|upkeep
|turn|34
|
|t:|1666818383
|switch|p2a: Urshifu|Urshifu, M|94/100
|move|p1a: Yveltal|Foul Play|p2a: Urshifu
|-resisted|p2a: Urshifu
|-damage|p2a: Urshifu|78/100
|
|upkeep
|turn|35
|
|t:|1666818388
|move|p2a: Urshifu|Close Combat|p1a: Yveltal
|-damage|p1a: Yveltal|17/100 par
|-unboost|p2a: Urshifu|def|1
|-unboost|p2a: Urshifu|spd|1
|move|p1a: Yveltal|Foul Play|p2a: Urshifu
|-resisted|p2a: Urshifu
|-damage|p2a: Urshifu|54/100
|
|upkeep
|turn|36
|
|t:|1666818392
|move|p2a: Urshifu|Close Combat|p1a: Yveltal
|-damage|p1a: Yveltal|0 fnt
|-unboost|p2a: Urshifu|def|1
|-unboost|p2a: Urshifu|spd|1
|faint|p1a: Yveltal
|
|upkeep
|
|t:|1666818399
|switch|p1a: Calyrex|Calyrex-Shadow|76/100
|-ability|p1a: Calyrex|As One
|-ability|p1a: Calyrex|Unnerve
|turn|37
|
|t:|1666818403
|switch|p2a: Yveltal|Yveltal|100/100
|-ability|p2a: Yveltal|Dark Aura
|move|p1a: Calyrex|Astral Barrage|p2a: Yveltal
|-resisted|p2a: Yveltal
|-damage|p2a: Yveltal|72/100
|
|-heal|p1a: Calyrex|82/100|[from] item: Leftovers
|upkeep
|turn|38
|
|t:|1666818411
|switch|p1a: Necrozma|Necrozma-Dusk-Mane|77/100
|move|p2a: Yveltal|Foul Play|p1a: Necrozma
|-supereffective|p1a: Necrozma
|-damage|p1a: Necrozma|4/100
|
|-heal|p1a: Necrozma|10/100|[from] item: Leftovers
|upkeep
|turn|39
|
|t:|1666818414
|move|p2a: Yveltal|Foul Play|p1a: Necrozma
|-supereffective|p1a: Necrozma
|-damage|p1a: Necrozma|0 fnt
|faint|p1a: Necrozma
|
|upkeep
|
|t:|1666818416
|switch|p1a: Calyrex|Calyrex-Shadow|82/100
|-ability|p1a: Calyrex|As One
|-ability|p1a: Calyrex|Unnerve
|turn|40
|
|t:|1666818418
|move|p1a: Calyrex|Astral Barrage|p2a: Yveltal
|-resisted|p2a: Yveltal
|-damage|p2a: Yveltal|44/100
|move|p2a: Yveltal|Foul Play|p1a: Calyrex
|-supereffective|p1a: Calyrex
|-damage|p1a: Calyrex|0 fnt
|faint|p1a: Calyrex
|
|win|ibechillinB
|raw|ElouanG's rating: 1209 &rarr; <strong>1198</strong><br />(-11 for losing)
|raw|ibechillinB's rating: 1432 &rarr; <strong>1441</strong><br />(+9 for winning)
|l|☆ElouanG
