|raw|<div class="broadcast-blue"><strong>This battle is required to be public due to a player having a name starting with 'ult9ns'.</div>
|j|☆Ryriss
|j|☆ULT9NS Aniki
|t:|1653765702
|gametype|singles
|player|p1|Ryriss|hilbert|1463
|player|p2|ULT9NS Aniki|cowgirl|1692
|teamsize|p1|6
|teamsize|p2|6
|gen|8
|tier|[Gen 8] Ubers
|rated|
|rule|Sleep Clause Mod: Limit one foe put to sleep
|rule|Species Clause: Limit one of each Pokémon
|rule|OHKO Clause: OHKO moves are banned
|rule|Evasion Moves Clause: Evasion moves are banned
|rule|Endless Battle Clause: Forcing endless battles is banned
|rule|HP Percentage Mod: HP is shown in percentages
|rule|Dynamax Clause: You cannot dynamax
|clearpoke
|poke|p1|Giratina-Origin|
|poke|p1|Groudon|
|poke|p1|Genesect|
|poke|p1|Kyurem-Black|
|poke|p1|Lugia|
|poke|p1|Yveltal|
|poke|p2|Yveltal|
|poke|p2|Eternatus|
|poke|p2|Groudon|
|poke|p2|Xatu, M|
|poke|p2|Lunala|
|poke|p2|Necrozma-Dusk-Mane|
|teampreview
|inactive|Battle timer is ON: inactive players will automatically lose when time's up. (requested by Ryriss)
|inactive|ULT9NS Aniki has 120 seconds left.
|
|t:|1653765747
|start
|switch|p1a: Lugia|Lugia|100/100
|switch|p2a: Yveltal|Yveltal|100/100
|-ability|p2a: Yveltal|Dark Aura
|-ability|p1a: Lugia|Pressure
|turn|1
|
|t:|1653765763
|move|p2a: Yveltal|U-turn|p1a: Lugia
|-damage|p1a: Lugia|86/100
|
|t:|1653765765
|switch|p2a: Xatu|Xatu, M|100/100|[from]move: U-turn
|move|p1a: Lugia|Reflect|p1a: Lugia
|-sidestart|p1: Ryriss|Reflect
|
|upkeep
|turn|2
|
|t:|1653765771
|move|p1a: Lugia|Light Screen|p1a: Lugia
|-sidestart|p1: Ryriss|move: Light Screen
|move|p2a: Xatu|Thunder Wave|p1a: Lugia
|-status|p1a: Lugia|par
|
|upkeep
|turn|3
|
|t:|1653765777
|move|p1a: Lugia|Thunder Wave|p2a: Xatu
|move|p2a: Xatu|Thunder Wave|p1a: Lugia|[from]ability: Magic Bounce
|-fail|p1a: Lugia|par
|move|p2a: Xatu|Teleport|p2a: Xatu
|j|%Seldanna
|
|t:|1653765783
|switch|p2a: Groudon|Groudon|100/100|[from]move: Teleport
|-weather|SunnyDay|[from] ability: Drought|[of] p2a: Groudon
|
|-weather|SunnyDay|[upkeep]
|upkeep
|turn|4
|
|t:|1653765793
|move|p2a: Groudon|Stealth Rock|p1a: Lugia
|-sidestart|p1: Ryriss|move: Stealth Rock
|cant|p1a: Lugia|par
|
|-weather|SunnyDay|[upkeep]
|upkeep
|turn|5
|
|t:|1653765799
|switch|p2a: Xatu|Xatu, M|100/100
|move|p1a: Lugia|Safeguard|p1a: Lugia
|-sidestart|p1: Ryriss|Safeguard
|
|-weather|SunnyDay|[upkeep]
|upkeep
|turn|6
|
|t:|1653765806
|switch|p1a: Groudon|Groudon|100/100
|move|p2a: Xatu|Teleport|p2a: Xatu
|
|t:|1653765808
|switch|p2a: Lunala|Lunala|100/100|[from]move: Teleport
|
|-weather|SunnyDay|[upkeep]
|upkeep
|turn|7
|
|t:|1653765816
|move|p2a: Lunala|Ice Beam|p1a: Groudon
|-supereffective|p1a: Groudon
|-damage|p1a: Groudon|72/100
|move|p1a: Groudon|Earthquake|p2a: Lunala
|-damage|p2a: Lunala|74/100
|
|-weather|none
|upkeep
|turn|8
|j| ULT9NS★Shionツ
|
|t:|1653765824
|move|p2a: Lunala|Roost|p2a: Lunala
|-heal|p2a: Lunala|100/100
|-singleturn|p2a: Lunala|move: Roost
|move|p1a: Groudon|Rock Polish|p1a: Groudon
|-boost|p1a: Groudon|spe|2
|
|-sideend|p1: Ryriss|Reflect
|upkeep
|turn|9
|
|t:|1653765832
|move|p1a: Groudon|Earthquake|p2a: Lunala
|-damage|p2a: Lunala|71/100
|move|p2a: Lunala|Ice Beam|p1a: Groudon
|-supereffective|p1a: Groudon
|-damage|p1a: Groudon|38/100
|
|-sideend|p1: Ryriss|move: Light Screen
|-sideend|p1: Ryriss|Safeguard
|upkeep
|turn|10
|
|t:|1653765840
|move|p1a: Groudon|Earthquake|p2a: Lunala
|-crit|p2a: Lunala
|-damage|p2a: Lunala|0 fnt
|faint|p2a: Lunala
|
|upkeep
|c|☆ULT9NS Aniki|...
|
|t:|1653765849
|switch|p2a: Groudon|Groudon|100/100
|-weather|SunnyDay|[from] ability: Drought|[of] p2a: Groudon
|turn|11
|
|t:|1653765858
|move|p1a: Groudon|Earthquake|p2a: Groudon
|-damage|p2a: Groudon|70/100
|move|p2a: Groudon|Precipice Blades|p1a: Groudon
|-damage|p1a: Groudon|3/100
|
|-weather|SunnyDay|[upkeep]
|-heal|p2a: Groudon|76/100|[from] item: Leftovers
|upkeep
|turn|12
|
|t:|1653765867
|move|p1a: Groudon|Earthquake|p2a: Groudon
|-damage|p2a: Groudon|47/100
|move|p2a: Groudon|Toxic|p1a: Groudon
|-status|p1a: Groudon|tox
|
|-weather|SunnyDay|[upkeep]
|-heal|p2a: Groudon|53/100|[from] item: Leftovers
|-damage|p1a: Groudon|0 fnt|[from] psn
|faint|p1a: Groudon
|upkeep
|
|t:|1653765879
|switch|p1a: Lugia|Lugia|86/100 par
|-damage|p1a: Lugia|61/100 par|[from] Stealth Rock
|-ability|p1a: Lugia|Pressure
|turn|13
|
|t:|1653765888
|move|p2a: Groudon|Stone Edge|p1a: Lugia
|-supereffective|p1a: Lugia
|-damage|p1a: Lugia|19/100 par
|move|p1a: Lugia|Reflect|p1a: Lugia
|-sidestart|p1: Ryriss|Reflect
|
|-weather|SunnyDay|[upkeep]
|-heal|p2a: Groudon|59/100|[from] item: Leftovers
|upkeep
|turn|14
|
|t:|1653765895
|move|p2a: Groudon|Stone Edge|p1a: Lugia
|-supereffective|p1a: Lugia
|-damage|p1a: Lugia|0 fnt
|faint|p1a: Lugia
|
|-weather|SunnyDay|[upkeep]
|-heal|p2a: Groudon|66/100|[from] item: Leftovers
|upkeep
|
|t:|1653765905
|switch|p1a: Giratina|Giratina-Origin|100/100
|-damage|p1a: Giratina|88/100|[from] Stealth Rock
|turn|15
|
|t:|1653765911
|move|p2a: Groudon|Toxic|p1a: Giratina
|-status|p1a: Giratina|tox
|move|p1a: Giratina|Will-O-Wisp|p2a: Groudon
|-status|p2a: Groudon|brn
|
|-weather|none
|-heal|p2a: Groudon|72/100 brn|[from] item: Leftovers
|-damage|p1a: Giratina|82/100 tox|[from] psn
|-damage|p2a: Groudon|66/100 brn|[from] brn
|upkeep
|turn|16
|
|t:|1653765922
|move|p2a: Groudon|Stone Edge|p1a: Giratina
|-damage|p1a: Giratina|76/100 tox
|move|p1a: Giratina|Draco Meteor|p2a: Groudon
|-damage|p2a: Groudon|6/100 brn
|-unboost|p1a: Giratina|spa|2
|
|-heal|p2a: Groudon|12/100 brn|[from] item: Leftovers
|-damage|p1a: Giratina|64/100 tox|[from] psn
|-damage|p2a: Groudon|6/100 brn|[from] brn
|upkeep
|turn|17
|
|t:|1653765933
|move|p1a: Giratina|Shadow Sneak|p2a: Groudon
|-damage|p2a: Groudon|0 fnt
|faint|p2a: Groudon
|
|-damage|p1a: Giratina|46/100 tox|[from] psn
|upkeep
|
|t:|1653765936
|switch|p2a: Eternatus|Eternatus|100/100
|-ability|p2a: Eternatus|Pressure
|turn|18
|
|t:|1653765944
|move|p2a: Eternatus|Dynamax Cannon|p1a: Giratina
|-supereffective|p1a: Giratina
|-damage|p1a: Giratina|0 fnt
|faint|p1a: Giratina
|
|upkeep
|
|t:|1653765953
|switch|p1a: Yveltal|Yveltal|100/100
|-damage|p1a: Yveltal|76/100|[from] Stealth Rock
|-ability|p1a: Yveltal|Dark Aura
|turn|19
|
|t:|1653765969
|move|p2a: Eternatus|Sludge Bomb|p1a: Yveltal
|-damage|p1a: Yveltal|37/100
|move|p1a: Yveltal|Oblivion Wing|p2a: Eternatus
|-damage|p2a: Eternatus|69/100
|-heal|p1a: Yveltal|65/100|[from] drain|[of] p2a: Eternatus
|
|upkeep
|turn|20
|
|t:|1653765977
|move|p2a: Eternatus|Sludge Bomb|p1a: Yveltal
|-damage|p1a: Yveltal|22/100
|-status|p1a: Yveltal|psn
|move|p1a: Yveltal|Oblivion Wing|p2a: Eternatus
|-damage|p2a: Eternatus|27/100
|-heal|p1a: Yveltal|58/100 psn|[from] drain|[of] p2a: Eternatus
|
|-damage|p1a: Yveltal|45/100 psn|[from] psn
|-sideend|p1: Ryriss|Reflect
|upkeep
|turn|21
|
|t:|1653765990
|move|p2a: Eternatus|Recover|p2a: Eternatus
|-heal|p2a: Eternatus|77/100
|move|p1a: Yveltal|Oblivion Wing|p2a: Eternatus
|-damage|p2a: Eternatus|35/100
|-heal|p1a: Yveltal|82/100 psn|[from] drain|[of] p2a: Eternatus
|
|-damage|p1a: Yveltal|70/100 psn|[from] psn
|upkeep
|turn|22
|
|t:|1653766001
|move|p2a: Eternatus|Recover|p2a: Eternatus
|-heal|p2a: Eternatus|85/100
|move|p1a: Yveltal|Oblivion Wing|p2a: Eternatus
|-damage|p2a: Eternatus|35/100
|-heal|p1a: Yveltal|100/100 psn|[from] drain|[of] p2a: Eternatus
|
|-damage|p1a: Yveltal|88/100 psn|[from] psn
|upkeep
|turn|23
|
|t:|1653766011
|move|p2a: Eternatus|Recover|p2a: Eternatus
|-heal|p2a: Eternatus|85/100
|move|p1a: Yveltal|Oblivion Wing|p2a: Eternatus
|-damage|p2a: Eternatus|27/100
|-heal|p1a: Yveltal|100/100 psn|[from] drain|[of] p2a: Eternatus
|
|-damage|p1a: Yveltal|88/100 psn|[from] psn
|upkeep
|turn|24
|
|t:|1653766024
|move|p2a: Eternatus|Recover|p2a: Eternatus
|-heal|p2a: Eternatus|77/100
|move|p1a: Yveltal|Oblivion Wing|p2a: Eternatus
|-damage|p2a: Eternatus|10/100
|-heal|p1a: Yveltal|100/100 psn|[from] drain|[of] p2a: Eternatus
|
|-damage|p1a: Yveltal|88/100 psn|[from] psn
|upkeep
|turn|25
|
|t:|1653766034
|switch|p2a: Necrozma|Necrozma-Dusk-Mane|100/100
|move|p1a: Yveltal|Oblivion Wing|p2a: Necrozma
|-resisted|p2a: Necrozma
|-damage|p2a: Necrozma|75/100
|-heal|p1a: Yveltal|100/100 psn|[from] drain|[of] p2a: Necrozma
|
|-heal|p2a: Necrozma|81/100|[from] item: Leftovers
|-damage|p1a: Yveltal|88/100 psn|[from] psn
|upkeep
|turn|26
|
|t:|1653766045
|move|p1a: Yveltal|Dark Pulse|p2a: Necrozma
|-supereffective|p2a: Necrozma
|-damage|p2a: Necrozma|29/100
|move|p2a: Necrozma|Sunsteel Strike|p1a: Yveltal
|-damage|p1a: Yveltal|41/100 psn
|
|-heal|p2a: Necrozma|35/100|[from] item: Leftovers
|-damage|p1a: Yveltal|28/100 psn|[from] psn
|upkeep
|turn|27
|
|t:|1653766056
|move|p1a: Yveltal|Dark Pulse|p2a: Necrozma
|-supereffective|p2a: Necrozma
|-damage|p2a: Necrozma|0 fnt
|faint|p2a: Necrozma
|
|-damage|p1a: Yveltal|16/100 psn|[from] psn
|upkeep
|
|t:|1653766075
|switch|p2a: Eternatus|Eternatus|10/100
|-ability|p2a: Eternatus|Pressure
|turn|28
|
|t:|1653766080
|move|p2a: Eternatus|Recover|p2a: Eternatus
|-heal|p2a: Eternatus|60/100
|move|p1a: Yveltal|Oblivion Wing|p2a: Eternatus
|-damage|p2a: Eternatus|30/100
|-heal|p1a: Yveltal|42/100 psn|[from] drain|[of] p2a: Eternatus
|
|-damage|p1a: Yveltal|30/100 psn|[from] psn
|upkeep
|turn|29
|
|t:|1653766095
|move|p2a: Eternatus|Recover|p2a: Eternatus
|-heal|p2a: Eternatus|80/100
|move|p1a: Yveltal|Oblivion Wing|p2a: Eternatus
|-damage|p2a: Eternatus|43/100
|-heal|p1a: Yveltal|63/100 psn|[from] drain|[of] p2a: Eternatus
|
|-damage|p1a: Yveltal|51/100 psn|[from] psn
|upkeep
|turn|30
|
|t:|1653766106
|move|p2a: Eternatus|Recover|p2a: Eternatus
|-heal|p2a: Eternatus|93/100
|move|p1a: Yveltal|Dark Pulse|p2a: Eternatus
|-damage|p2a: Eternatus|47/100
|
|-damage|p1a: Yveltal|38/100 psn|[from] psn
|upkeep
|turn|31
|
|t:|1653766114
|move|p2a: Eternatus|Dynamax Cannon|p1a: Yveltal
|-damage|p1a: Yveltal|0 fnt
|faint|p1a: Yveltal
|
|upkeep
|
|t:|1653766133
|switch|p1a: Genesect|Genesect, shiny|100/100
|-ability|p1a: Genesect|Download|boost
|-boost|p1a: Genesect|spa|1
|turn|32
|
|t:|1653766145
|move|p2a: Eternatus|Flamethrower|p1a: Genesect
|-supereffective|p1a: Genesect
|-damage|p1a: Genesect|0 fnt
|faint|p1a: Genesect
|
|upkeep
|
|t:|1653766150
|switch|p1a: Kyurem|Kyurem-Black|100/100
|-ability|p1a: Kyurem|Teravolt
|turn|33
|
|t:|1653766155
|move|p2a: Eternatus|Dynamax Cannon|p1a: Kyurem
|-supereffective|p1a: Kyurem
|-damage|p1a: Kyurem|5/100
|move|p1a: Kyurem|Dragon Dance|p1a: Kyurem
|-boost|p1a: Kyurem|atk|1
|-boost|p1a: Kyurem|spe|1
|
|upkeep
|turn|34
|
|t:|1653766162
|move|p1a: Kyurem|Icicle Spear|p2a: Eternatus
|-supereffective|p2a: Eternatus
|-damage|p2a: Eternatus|13/100
|-supereffective|p2a: Eternatus
|-damage|p2a: Eternatus|0 fnt
|faint|p2a: Eternatus
|-hitcount|p2: Eternatus|2
|
|upkeep
|inactive|ULT9NS Aniki has 120 seconds left.
|inactive|ULT9NS Aniki has 90 seconds left.
|
|t:|1653766223
|switch|p2a: Yveltal|Yveltal|100/100
|-ability|p2a: Yveltal|Dark Aura
|turn|35
|
|t:|1653766227
|move|p2a: Yveltal|Foul Play|p1a: Kyurem
|-damage|p1a: Kyurem|0 fnt
|faint|p1a: Kyurem
|
|win|ULT9NS Aniki
|raw|Ryriss's rating: 1463 &rarr; <strong>1453</strong><br />(-10 for losing)
|raw|ULT9NS Aniki's rating: 1651 &rarr; <strong>1661</strong><br />(+10 for winning)
|l|☆Ryriss
|l|%Seldanna
|l| ULT9NS★Shionツ
||Ladder isn't responding, score probably updated but might not have (Request timeout).
