|j|☆Its zxc
|j|☆Luna's Bann3d Now
|t:|1603293305
|player|p1|Its zxc|supernerd|
|player|p2|Luna's Bann3d Now|youngcouple-gen4dp|
|teamsize|p1|6
|teamsize|p2|6
|gametype|singles
|gen|8
|tier|[Gen 8] Ubers
|rated|Tournament battle
|clearpoke
|poke|p1|Tyranitar, F|
|poke|p1|Excadrill, M|
|poke|p1|Quagsire, F|
|poke|p1|Lunala|
|poke|p1|Rotom-Wash|
|poke|p1|Ferrothorn, M|
|poke|p2|Rotom-Fan|
|poke|p2|Zacian-Crowned|
|poke|p2|Marshadow|
|poke|p2|Galvantula, M|
|poke|p2|Reshiram|
|poke|p2|Necrozma-Dusk-Mane|
|rule|Sleep Clause Mod: Limit one foe put to sleep
|rule|Species Clause: Limit one of each Pokémon
|rule|OHKO Clause: OHKO moves are banned
|rule|Evasion Moves Clause: Evasion moves are banned
|rule|Endless Battle Clause: Forcing endless battles is banned
|rule|HP Percentage Mod: HP is shown in percentages
|html|Ubers Dynamax Clause: Pokémon on the <a href="https://www.smogon.com/dex/ss/formats/uber/">Ubers Dynamax Banlist</a> cannot Dynamax.
|teampreview
|j| Deepintheabyss
|
|t:|1603293319
|start
|switch|p1a: Excadrill|Excadrill, M|100/100
|switch|p2a: Marshadow|Marshadow|100/100
|turn|1
|
|t:|1603293326
|switch|p1a: Rotom|Rotom-Wash|100/100
|move|p2a: Marshadow|Poltergeist|p1a: Rotom|[miss]
|-miss|p2a: Marshadow|p1a: Rotom
|
|upkeep
|turn|2
|j| holy hjuyttdd
|c|☆Its zxc|soz
|
|t:|1603293333
|switch|p2a: Rotom|Rotom-Fan|100/100
|move|p1a: Rotom|Volt Switch|p2a: Rotom
|-damage|p2a: Rotom|69/100
|
|t:|1603293336
|switch|p1a: Tyranitar|Tyranitar, F|100/100|[from]move: Volt Switch
|-weather|Sandstorm|[from] ability: Sand Stream|[of] p1a: Tyranitar
|
|-weather|Sandstorm|[upkeep]
|-damage|p2a: Rotom|63/100|[from] Sandstorm
|upkeep
|turn|3
|
|t:|1603293343
|switch|p2a: Zacian|Zacian-Crowned|100/100
|-ability|p2a: Zacian|Intrepid Sword|boost
|-boost|p2a: Zacian|atk|1
|move|p1a: Tyranitar|Stealth Rock|p2a: Zacian
|-sidestart|p2: Luna's Bann3d Now|move: Stealth Rock
|
|-weather|Sandstorm|[upkeep]
|upkeep
|turn|4
|
|t:|1603293346
|switch|p2a: Galvantula|Galvantula, M|100/100
|-damage|p2a: Galvantula|76/100|[from] Stealth Rock
|switch|p1a: Quagsire|Quagsire, F|100/100
|
|-weather|Sandstorm|[upkeep]
|-damage|p2a: Galvantula|70/100|[from] Sandstorm
|upkeep
|turn|5
|
|t:|1603293351
|switch|p1a: Excadrill|Excadrill, M|100/100
|move|p2a: Galvantula|Sticky Web|p1a: Excadrill
|-sidestart|p1: Its zxc|move: Sticky Web
|
|-weather|Sandstorm|[upkeep]
|-damage|p2a: Galvantula|63/100|[from] Sandstorm
|upkeep
|turn|6
|
|t:|1603293355
|move|p1a: Excadrill|Earthquake|p2a: Galvantula
|-damage|p2a: Galvantula|0 fnt
|-damage|p1a: Excadrill|91/100|[from] item: Life Orb
|faint|p2a: Galvantula
|
|-weather|Sandstorm|[upkeep]
|upkeep
|
|t:|1603293361
|switch|p2a: Necrozma|Necrozma-Dusk-Mane|100/100
|turn|7
|
|t:|1603293366
|switch|p1a: Ferrothorn|Ferrothorn, M|100/100
|-activate|p1a: Ferrothorn|move: Sticky Web
|-unboost|p1a: Ferrothorn|spe|1
|move|p2a: Necrozma|Sunsteel Strike|p1a: Ferrothorn
|-resisted|p1a: Ferrothorn
|-damage|p1a: Ferrothorn|86/100
|-damage|p2a: Necrozma|88/100|[from] ability: Iron Barbs|[of] p1a: Ferrothorn
|
|-weather|Sandstorm|[upkeep]
|-heal|p1a: Ferrothorn|92/100|[from] item: Leftovers
|upkeep
|turn|8
|
|t:|1603293372
|move|p2a: Necrozma|Stealth Rock|p1a: Ferrothorn
|-sidestart|p1: Its zxc|move: Stealth Rock
|move|p1a: Ferrothorn|Spikes|p2a: Necrozma
|-sidestart|p2: Luna's Bann3d Now|Spikes
|
|-weather|Sandstorm|[upkeep]
|-heal|p1a: Ferrothorn|98/100|[from] item: Leftovers
|upkeep
|turn|9
|
|t:|1603293375
|move|p2a: Necrozma|Thunder Wave|p1a: Ferrothorn
|-status|p1a: Ferrothorn|par
|move|p1a: Ferrothorn|Thunder Wave|p2a: Necrozma
|-status|p2a: Necrozma|par
|
|-weather|none
|-heal|p1a: Ferrothorn|100/100 par|[from] item: Leftovers
|upkeep
|turn|10
|
|t:|1603293377
|switch|p2a: Rotom|Rotom-Fan|63/100
|move|p1a: Ferrothorn|Leech Seed|p2a: Rotom
|-start|p2a: Rotom|move: Leech Seed
|
|-damage|p2a: Rotom|50/100|[from] Leech Seed|[of] p1a: Ferrothorn
|upkeep
|turn|11
|
|t:|1603293381
|switch|p2a: Reshiram|Reshiram|100/100
|-ability|p2a: Reshiram|Turboblaze
|switch|p1a: Tyranitar|Tyranitar, F|100/100
|-activate|p1a: Tyranitar|move: Sticky Web
|-unboost|p1a: Tyranitar|spe|1
|-damage|p1a: Tyranitar|88/100|[from] Stealth Rock
|-weather|Sandstorm|[from] ability: Sand Stream|[of] p1a: Tyranitar
|
|-weather|Sandstorm|[upkeep]
|-damage|p2a: Reshiram|94/100|[from] Sandstorm
|upkeep
|turn|12
|
|t:|1603293386
|move|p2a: Reshiram|Body Press|p1a: Tyranitar
|-supereffective|p1a: Tyranitar
|-damage|p1a: Tyranitar|32/100
|move|p1a: Tyranitar|Roar|p2a: Reshiram
|drag|p2a: Zacian|Zacian-Crowned|100/100
|-damage|p2a: Zacian|94/100|[from] Stealth Rock
|-damage|p2a: Zacian|82/100|[from] Spikes
|-ability|p2a: Zacian|Intrepid Sword|boost
|-boost|p2a: Zacian|atk|1
|
|-weather|Sandstorm|[upkeep]
|upkeep
|turn|13
|j| imabigfatnooblol
|
|t:|1603293392
|switch|p1a: Quagsire|Quagsire, F|100/100
|move|p2a: Zacian|Close Combat|p1a: Quagsire
|-damage|p1a: Quagsire|65/100
|-unboost|p2a: Zacian|def|1
|-unboost|p2a: Zacian|spd|1
|
|-weather|Sandstorm|[upkeep]
|upkeep
|turn|14
|
|t:|1603293395
|switch|p2a: Reshiram|Reshiram|94/100
|-ability|p2a: Reshiram|Turboblaze
|move|p1a: Quagsire|Recover|p1a: Quagsire
|-heal|p1a: Quagsire|100/100
|
|-weather|Sandstorm|[upkeep]
|-damage|p2a: Reshiram|88/100|[from] Sandstorm
|upkeep
|turn|15
|
|t:|1603293406
|switch|p1a: Rotom|Rotom-Wash|100/100
|-damage|p1a: Rotom|88/100|[from] Stealth Rock
|move|p2a: Reshiram|Draco Meteor|p1a: Rotom
|-damage|p1a: Rotom|0 fnt
|-unboost|p2a: Reshiram|spa|2
|faint|p1a: Rotom
|
|-weather|Sandstorm|[upkeep]
|-damage|p2a: Reshiram|82/100|[from] Sandstorm
|upkeep
|
|t:|1603293411
|switch|p1a: Excadrill|Excadrill, M|91/100
|-damage|p1a: Excadrill|87/100|[from] Stealth Rock
|-activate|p1a: Excadrill|move: Sticky Web
|-unboost|p1a: Excadrill|spe|1
|turn|16
|
|t:|1603293417
|switch|p2a: Rotom|Rotom-Fan|50/100
|move|p1a: Excadrill|Earthquake|p2a: Rotom
|-immune|p2a: Rotom
|
|-weather|Sandstorm|[upkeep]
|-damage|p2a: Rotom|44/100|[from] Sandstorm
|upkeep
|turn|17
|
|t:|1603293421
|switch|p2a: Necrozma|Necrozma-Dusk-Mane|88/100 par
|move|p1a: Excadrill|Rock Slide|p2a: Necrozma
|-resisted|p2a: Necrozma
|-damage|p2a: Necrozma|77/100 par
|-damage|p1a: Excadrill|78/100|[from] item: Life Orb
|
|-weather|Sandstorm|[upkeep]
|upkeep
|turn|18
|
|t:|1603293426
|move|p1a: Excadrill|Earthquake|p2a: Necrozma
|-supereffective|p2a: Necrozma
|-damage|p2a: Necrozma|15/100 par
|-damage|p1a: Excadrill|68/100|[from] item: Life Orb
|cant|p2a: Necrozma|par
|
|-weather|none
|upkeep
|turn|19
|
|t:|1603293432
|move|p1a: Excadrill|Earthquake|p2a: Necrozma
|-supereffective|p2a: Necrozma
|-damage|p2a: Necrozma|0 fnt
|-damage|p1a: Excadrill|58/100|[from] item: Life Orb
|faint|p2a: Necrozma
|
|upkeep
|
|t:|1603293433
|switch|p2a: Marshadow|Marshadow|100/100
|-damage|p2a: Marshadow|94/100|[from] Stealth Rock
|-damage|p2a: Marshadow|82/100|[from] Spikes
|turn|20
|
|t:|1603293438
|switch|p1a: Ferrothorn|Ferrothorn, M|100/100 par
|-damage|p1a: Ferrothorn|94/100 par|[from] Stealth Rock
|-activate|p1a: Ferrothorn|move: Sticky Web
|-unboost|p1a: Ferrothorn|spe|1
|move|p2a: Marshadow|Poltergeist|p1a: Ferrothorn
|-activate|p1a: Ferrothorn|move: Poltergeist|Leftovers
|-damage|p1a: Ferrothorn|56/100 par
|
|-heal|p1a: Ferrothorn|63/100 par|[from] item: Leftovers
|upkeep
|turn|21
|
|t:|1603293443
|move|p2a: Marshadow|Close Combat|p1a: Ferrothorn
|-supereffective|p1a: Ferrothorn
|-damage|p1a: Ferrothorn|0 fnt
|-unboost|p2a: Marshadow|def|1
|-unboost|p2a: Marshadow|spd|1
|-damage|p2a: Marshadow|69/100|[from] ability: Iron Barbs|[of] p1a: Ferrothorn
|faint|p1a: Ferrothorn
|
|upkeep
|
|t:|1603293449
|switch|p1a: Quagsire|Quagsire, F|100/100
|turn|22
|
|t:|1603293454
|switch|p2a: Rotom|Rotom-Fan|44/100
|move|p1a: Quagsire|Earthquake|p2a: Rotom
|-immune|p2a: Rotom
|
|upkeep
|turn|23
|
|t:|1603293458
|switch|p1a: Lunala|Lunala|100/100
|move|p2a: Rotom|Nasty Plot|p2a: Rotom
|-boost|p2a: Rotom|spa|2
|
|upkeep
|turn|24
|
|t:|1603293464
|-start|p2a: Rotom|Dynamax
|-heal|p2a: Rotom|44/100|[silent]
|move|p2a: Rotom|Max Airstream|p1a: Lunala
|-damage|p1a: Lunala|64/100
|-boost|p2a: Rotom|spe|1
|move|p1a: Lunala|Hex|p2a: Rotom
|-damage|p2a: Rotom|24/100
|
|upkeep
|turn|25
|
|t:|1603293472
|switch|p1a: Tyranitar|Tyranitar, F|32/100
|-damage|p1a: Tyranitar|19/100|[from] Stealth Rock
|-activate|p1a: Tyranitar|move: Sticky Web
|-unboost|p1a: Tyranitar|spe|1
|-weather|Sandstorm|[from] ability: Sand Stream|[of] p1a: Tyranitar
|move|p2a: Rotom|Max Airstream|p1a: Tyranitar
|-resisted|p1a: Tyranitar
|-damage|p1a: Tyranitar|0 fnt
|-boost|p2a: Rotom|spe|1
|faint|p1a: Tyranitar
|
|-weather|Sandstorm|[upkeep]
|-damage|p2a: Rotom|21/100|[from] Sandstorm
|upkeep
|c|☆Its zxc|gg
|-message|Its zxc forfeited.
|
|win|Luna's Bann3d Now
