|j|☆mm340
|j|☆Dun 26
|t:|1663345698
|gametype|singles
|player|p1|mm340|101|1400
|player|p2|Dun 26|skyla|1526
|teamsize|p1|6
|teamsize|p2|6
|gen|8
|tier|[Gen 8] Ubers
|rated|
|rule|Sleep Clause Mod: Limit one foe put to sleep
|rule|Species Clause: Limit one of each Pokémon
|rule|OHKO Clause: OHKO moves are banned
|rule|Evasion Items Clause: Evasion items are banned
|rule|Evasion Moves Clause: Evasion moves are banned
|rule|Endless Battle Clause: Forcing endless battles is banned
|rule|HP Percentage Mod: HP is shown in percentages
|rule|Dynamax Clause: You cannot dynamax
|clearpoke
|poke|p1|Marshadow|
|poke|p1|Ho-Oh|
|poke|p1|Groudon|
|poke|p1|Eternatus|
|poke|p1|Zekrom|
|poke|p1|Kyogre|
|poke|p2|Shuckle, F|
|poke|p2|Yveltal|
|poke|p2|Zekrom|
|poke|p2|Necrozma-Dusk-Mane|
|poke|p2|Ho-Oh|
|poke|p2|Marshadow|
|teampreview
|
|t:|1663345707
|start
|switch|p1a: Kyogre|Kyogre|100/100
|switch|p2a: Mini-torti|Shuckle, F|100/100
|-weather|RainDance|[from] ability: Drizzle|[of] p1a: Kyogre
|turn|1
|
|t:|1663345714
|move|p1a: Kyogre|Water Spout|p2a: Mini-torti
|-supereffective|p2a: Mini-torti
|-ability|p2a: Mini-torti|Sturdy
|-damage|p2a: Mini-torti|1/100
|move|p2a: Mini-torti|Sticky Web|p1a: Kyogre
|-sidestart|p1: mm340|move: Sticky Web
|
|-weather|RainDance|[upkeep]
|upkeep
|turn|2
|
|t:|1663345722
|move|p1a: Kyogre|Water Spout|p2a: Mini-torti
|-supereffective|p2a: Mini-torti
|-damage|p2a: Mini-torti|0 fnt
|faint|p2a: Mini-torti
|
|-weather|RainDance|[upkeep]
|upkeep
|
|t:|1663345724
|switch|p2a: RIP la méta|Zekrom|100/100
|-ability|p2a: RIP la méta|Teravolt
|turn|3
|
|t:|1663345730
|move|p1a: Kyogre|Water Spout|p2a: RIP la méta
|-resisted|p2a: RIP la méta
|-damage|p2a: RIP la méta|36/100
|move|p2a: RIP la méta|Outrage|p1a: Kyogre
|-damage|p1a: Kyogre|0 fnt
|faint|p1a: Kyogre
|
|-weather|RainDance|[upkeep]
|upkeep
|
|t:|1663345759
|switch|p1a: Ho-Oh|Ho-Oh|100/100
|turn|4
|
|t:|1663345762
|move|p2a: RIP la méta|Outrage|p1a: Ho-Oh|[from]lockedmove
|-damage|p1a: Ho-Oh|12/100
|-start|p2a: RIP la méta|confusion|[fatigue]
|move|p1a: Ho-Oh|Defog|p2a: RIP la méta
|-unboost|p2a: RIP la méta|evasion|1
|-sideend|p1: mm340|Sticky Web|[from] move: Defog|[of] p1a: Ho-Oh
|
|-weather|RainDance|[upkeep]
|upkeep
|turn|5
|
|t:|1663345783
|switch|p1a: Eternatus|Eternatus|100/100
|-ability|p1a: Eternatus|Pressure
|-activate|p2a: RIP la méta|confusion
|move|p2a: RIP la méta|Outrage|p1a: Eternatus
|-supereffective|p1a: Eternatus
|-damage|p1a: Eternatus|0 fnt
|faint|p1a: Eternatus
|
|-weather|none
|upkeep
|
|t:|1663345800
|switch|p1a: Marshadow|Marshadow|100/100
|turn|6
|
|t:|1663345803
|move|p1a: Marshadow|Spectral Thief|p2a: RIP la méta
|-damage|p2a: RIP la méta|0 fnt
|faint|p2a: RIP la méta
|
|upkeep
|
|t:|1663345807
|switch|p2a: NTR|Yveltal|100/100
|-ability|p2a: NTR|Dark Aura
|turn|7
|
|t:|1663345815
|switch|p1a: Ho-Oh|Ho-Oh|46/100
|move|p2a: NTR|Dual Wingbeat|p1a: Ho-Oh
|-damage|p1a: Ho-Oh|16/100
|-damage|p1a: Ho-Oh|0 fnt
|faint|p1a: Ho-Oh
|-hitcount|p1: Ho-Oh|2
|
|upkeep
|
|t:|1663345823
|switch|p1a: Zekrom|Zekrom|100/100
|-ability|p1a: Zekrom|Teravolt
|turn|8
|
|t:|1663345830
|switch|p2a: ;)|Necrozma-Dusk-Mane|100/100
|move|p1a: Zekrom|Bolt Strike|p2a: ;)
|-damage|p2a: ;)|30/100
|-damage|p1a: Zekrom|91/100|[from] item: Life Orb
|
|upkeep
|turn|9
|
|t:|1663345836
|move|p1a: Zekrom|Bolt Strike|p2a: ;)
|-damage|p2a: ;)|0 fnt
|faint|p2a: ;)
|-damage|p1a: Zekrom|81/100|[from] item: Life Orb
|
|upkeep
|
|t:|1663345839
|switch|p2a: Jason Stattam|Marshadow|100/100
|turn|10
|
|t:|1663345851
|switch|p1a: Groudon|Groudon|100/100
|-weather|SunnyDay|[from] ability: Drought|[of] p1a: Groudon
|move|p2a: Jason Stattam|Poltergeist|p1a: Groudon
|-activate|p1a: Groudon|move: Poltergeist|Leftovers
|-damage|p1a: Groudon|56/100
|
|-weather|SunnyDay|[upkeep]
|-heal|p1a: Groudon|63/100|[from] item: Leftovers
|upkeep
|turn|11
|
|t:|1663345863
|switch|p2a: BOOUM :)|Ho-Oh|100/100
|move|p1a: Groudon|Precipice Blades|p2a: BOOUM :)
|-immune|p2a: BOOUM :)
|
|-weather|SunnyDay|[upkeep]
|-heal|p1a: Groudon|69/100|[from] item: Leftovers
|upkeep
|turn|12
|
|t:|1663345871
|move|p2a: BOOUM :)|Sacred Fire|p1a: Groudon|[miss]
|-miss|p2a: BOOUM :)|p1a: Groudon
|move|p1a: Groudon|Stone Edge|p2a: BOOUM :)
|-supereffective|p2a: BOOUM :)
|-damage|p2a: BOOUM :)|0 fnt
|faint|p2a: BOOUM :)
|
|-weather|SunnyDay|[upkeep]
|-heal|p1a: Groudon|75/100|[from] item: Leftovers
|upkeep
|
|t:|1663345896
|switch|p2a: NTR|Yveltal|100/100
|-ability|p2a: NTR|Dark Aura
|turn|13
|
|t:|1663345903
|move|p2a: NTR|Knock Off|p1a: Groudon
|-damage|p1a: Groudon|24/100
|-enditem|p1a: Groudon|Leftovers|[from] move: Knock Off|[of] p2a: NTR
|move|p1a: Groudon|Stone Edge|p2a: NTR
|-supereffective|p2a: NTR
|-damage|p2a: NTR|37/100
|
|-weather|SunnyDay|[upkeep]
|upkeep
|turn|14
|
|t:|1663345914
|move|p2a: NTR|Knock Off|p1a: Groudon
|-damage|p1a: Groudon|0 fnt
|faint|p1a: Groudon
|
|-weather|none
|upkeep
|
|t:|1663345919
|switch|p1a: Zekrom|Zekrom|81/100
|-ability|p1a: Zekrom|Teravolt
|turn|15
|
|t:|1663345928
|move|p1a: Zekrom|Bolt Strike|p2a: NTR
|-supereffective|p2a: NTR
|-damage|p2a: NTR|0 fnt
|faint|p2a: NTR
|-damage|p1a: Zekrom|71/100|[from] item: Life Orb
|
|upkeep
|
|t:|1663345929
|switch|p2a: Jason Stattam|Marshadow|100/100
|turn|16
|
|t:|1663345935
|move|p2a: Jason Stattam|Poltergeist|p1a: Zekrom
|-activate|p1a: Zekrom|move: Poltergeist|Life Orb
|-damage|p1a: Zekrom|3/100
|move|p1a: Zekrom|Bolt Strike|p2a: Jason Stattam
|-damage|p2a: Jason Stattam|0 fnt
|faint|p2a: Jason Stattam
|-damage|p1a: Zekrom|0 fnt|[from] item: Life Orb
|faint|p1a: Zekrom
|
|win|mm340
|raw|mm340's rating: 1400 &rarr; <strong>1428</strong><br />(+28 for winning)
|raw|Dun 26's rating: 1545 &rarr; <strong>1517</strong><br />(-28 for losing)
|l|☆Dun 26
|l|☆mm340
||Ladder isn't responding, score probably updated but might not have (Request timeout).
