|raw|<div class="broadcast-blue"><strong>This battle is required to be public due to a player having a name starting with 'ult9ns'.</div>
|j|☆Dusk of Surtr
|j|☆ULT9NS KOHLI
|t:|1653366017
|gametype|singles
|player|p1|Dusk of Surtr|erika|1582
|player|p2|ULT9NS KOHLI|akari|1450
|teamsize|p1|6
|teamsize|p2|6
|gen|8
|tier|[Gen 8] Ubers
|rated|
|rule|Sleep Clause Mod: Limit one foe put to sleep
|rule|Species Clause: Limit one of each Pokémon
|rule|OHKO Clause: OHKO moves are banned
|rule|Evasion Moves Clause: Evasion moves are banned
|rule|Endless Battle Clause: Forcing endless battles is banned
|rule|HP Percentage Mod: HP is shown in percentages
|rule|Dynamax Clause: You cannot dynamax
|clearpoke
|poke|p1|Froslass, F|
|poke|p1|Yveltal|
|poke|p1|Necrozma-Dusk-Mane|
|poke|p1|Calyrex-Ice|
|poke|p1|Tyranitar, F|
|poke|p1|Weavile, F|
|poke|p2|Froslass, F|
|poke|p2|Grimmsnarl, M|
|poke|p2|Marshadow|
|poke|p2|Necrozma-Dusk-Mane|
|poke|p2|Zekrom|
|poke|p2|Zygarde|
|teampreview
|inactive|Battle timer is ON: inactive players will automatically lose when time's up. (requested by Dusk of Surtr)
|
|t:|1653366062
|start
|switch|p1a: Froslass|Froslass, F|100/100
|switch|p2a: Froslass|Froslass, F|100/100
|turn|1
|
|t:|1653366066
|move|p1a: Froslass|Taunt|p2a: Froslass
|-start|p2a: Froslass|move: Taunt
|cant|p2a: Froslass|move: Taunt|Taunt
|
|upkeep
|turn|2
|
|t:|1653366089
|switch|p2a: Necrozma|Necrozma-Dusk-Mane|100/100
|move|p1a: Froslass|Spikes|p2a: Necrozma
|-sidestart|p2: ULT9NS KOHLI|Spikes
|
|upkeep
|turn|3
|j| Ul nerd
|
|t:|1653366096
|move|p1a: Froslass|Spikes|p2a: Necrozma
|-sidestart|p2: ULT9NS KOHLI|Spikes
|move|p2a: Necrozma|Dragon Dance|p2a: Necrozma
|-boost|p2a: Necrozma|atk|1
|-boost|p2a: Necrozma|spe|1
|
|upkeep
|turn|4
|
|t:|1653366100
|move|p2a: Necrozma|Sunsteel Strike|p1a: Froslass
|-supereffective|p1a: Froslass
|-enditem|p1a: Froslass|Focus Sash
|-damage|p1a: Froslass|1/100
|move|p1a: Froslass|Thunder Wave|p2a: Necrozma
|-status|p2a: Necrozma|par
|
|upkeep
|turn|5
|
|t:|1653366107
|move|p1a: Froslass|Spikes|p2a: Necrozma
|-sidestart|p2: ULT9NS KOHLI|Spikes
|move|p2a: Necrozma|Earthquake|p1a: Froslass
|-damage|p1a: Froslass|0 fnt
|faint|p1a: Froslass
|
|upkeep
|
|t:|1653366112
|switch|p1a: Yveltal|Yveltal|100/100
|-ability|p1a: Yveltal|Dark Aura
|turn|6
|
|t:|1653366117
|move|p1a: Yveltal|Knock Off|p2a: Necrozma
|-supereffective|p2a: Necrozma
|-damage|p2a: Necrozma|0 fnt
|-enditem|p2a: Necrozma|Weakness Policy|[from] move: Knock Off|[of] p1a: Yveltal
|faint|p2a: Necrozma
|-damage|p1a: Yveltal|91/100|[from] item: Life Orb
|
|upkeep
|
|t:|1653366120
|switch|p2a: Froslass|Froslass, F|100/100
|-damage|p2a: Froslass|76/100|[from] Spikes
|turn|7
|
|t:|1653366125
|move|p2a: Froslass|Spikes|p1a: Yveltal
|-sidestart|p1: Dusk of Surtr|Spikes
|move|p1a: Yveltal|Knock Off|p2a: Froslass
|-supereffective|p2a: Froslass
|-damage|p2a: Froslass|0 fnt
|-enditem|p2a: Froslass|Focus Sash|[from] move: Knock Off|[of] p1a: Yveltal
|faint|p2a: Froslass
|-damage|p1a: Yveltal|81/100|[from] item: Life Orb
|
|upkeep
|
|t:|1653366130
|switch|p2a: Grimmsnarl|Grimmsnarl, M|100/100
|-damage|p2a: Grimmsnarl|76/100|[from] Spikes
|turn|8
|
|t:|1653366134
|move|p1a: Yveltal|Knock Off|p2a: Grimmsnarl
|-resisted|p2a: Grimmsnarl
|-damage|p2a: Grimmsnarl|53/100
|-enditem|p2a: Grimmsnarl|Light Clay|[from] move: Knock Off|[of] p1a: Yveltal
|-damage|p1a: Yveltal|71/100|[from] item: Life Orb
|move|p2a: Grimmsnarl|Play Rough|p1a: Yveltal
|-supereffective|p1a: Yveltal
|-damage|p1a: Yveltal|2/100
|
|upkeep
|turn|9
|
|t:|1653366142
|move|p1a: Yveltal|Focus Blast|p2a: Grimmsnarl|[miss]
|-miss|p1a: Yveltal|p2a: Grimmsnarl
|move|p2a: Grimmsnarl|Play Rough|p1a: Yveltal
|-supereffective|p1a: Yveltal
|-damage|p1a: Yveltal|0 fnt
|faint|p1a: Yveltal
|
|upkeep
|
|t:|1653366154
|switch|p1a: Weavile|Weavile, F|100/100
|-damage|p1a: Weavile|88/100|[from] Spikes
|-ability|p1a: Weavile|Pressure
|turn|10
|
|t:|1653366161
|move|p2a: Grimmsnarl|Reflect|p2a: Grimmsnarl
|-sidestart|p2: ULT9NS KOHLI|Reflect
|move|p1a: Weavile|Triple Axel|p2a: Grimmsnarl
|-damage|p2a: Grimmsnarl|46/100
|-damage|p2a: Grimmsnarl|32/100
|-hitcount|p2a: Grimmsnarl|2
|-damage|p1a: Weavile|78/100|[from] item: Life Orb
|
|upkeep
|turn|11
|
|t:|1653366168
|move|p1a: Weavile|Triple Axel|p2a: Grimmsnarl
|-damage|p2a: Grimmsnarl|26/100
|-hitcount|p2a: Grimmsnarl|1
|-damage|p1a: Weavile|68/100|[from] item: Life Orb
|move|p2a: Grimmsnarl|Play Rough|p1a: Weavile
|-supereffective|p1a: Weavile
|-damage|p1a: Weavile|0 fnt
|faint|p1a: Weavile
|
|upkeep
|
|t:|1653366183
|switch|p1a: Tyranitar|Tyranitar, F|100/100
|-damage|p1a: Tyranitar|88/100|[from] Spikes
|-weather|Sandstorm|[from] ability: Sand Stream|[of] p1a: Tyranitar
|turn|12
|
|t:|1653366194
|move|p1a: Tyranitar|Fire Blast|p2a: Grimmsnarl
|-damage|p2a: Grimmsnarl|2/100
|-status|p2a: Grimmsnarl|brn
|-damage|p1a: Tyranitar|78/100|[from] item: Life Orb
|move|p2a: Grimmsnarl|Play Rough|p1a: Tyranitar
|-supereffective|p1a: Tyranitar
|-damage|p1a: Tyranitar|40/100
|
|-weather|Sandstorm|[upkeep]
|-damage|p2a: Grimmsnarl|0 fnt|[from] Sandstorm
|faint|p2a: Grimmsnarl
|upkeep
|
|t:|1653366200
|switch|p2a: Zygarde|Zygarde|100/100
|-damage|p2a: Zygarde|76/100|[from] Spikes
|turn|13
|
|t:|1653366211
|move|p2a: Zygarde|Dragon Dance|p2a: Zygarde
|-boost|p2a: Zygarde|atk|1
|-boost|p2a: Zygarde|spe|1
|move|p1a: Tyranitar|Blizzard|p2a: Zygarde
|-supereffective|p2a: Zygarde
|-damage|p2a: Zygarde|0 fnt
|faint|p2a: Zygarde
|-damage|p1a: Tyranitar|30/100|[from] item: Life Orb
|
|-weather|Sandstorm|[upkeep]
|upkeep
|
|t:|1653366219
|switch|p2a: Zekrom|Zekrom|100/100
|-damage|p2a: Zekrom|76/100|[from] Spikes
|-ability|p2a: Zekrom|Teravolt
|turn|14
|
|t:|1653366228
|switch|p1a: Calyrex|Calyrex-Ice|100/100
|-ability|p1a: Calyrex|As One
|-ability|p1a: Calyrex|Unnerve
|move|p2a: Zekrom|Dragon Dance|p2a: Zekrom
|-boost|p2a: Zekrom|atk|1
|-boost|p2a: Zekrom|spe|1
|
|-weather|Sandstorm|[upkeep]
|-damage|p2a: Zekrom|70/100|[from] Sandstorm
|-damage|p1a: Calyrex|94/100|[from] Sandstorm
|-sideend|p2: ULT9NS KOHLI|Reflect
|upkeep
|turn|15
|
|t:|1653366233
|move|p2a: Zekrom|Bolt Strike|p1a: Calyrex
|-damage|p1a: Calyrex|8/100
|-status|p1a: Calyrex|par
|-damage|p2a: Zekrom|60/100|[from] item: Life Orb
|move|p1a: Calyrex|Trick Room|p1a: Calyrex
|-fieldstart|move: Trick Room|[of] p1a: Calyrex
|
|-weather|Sandstorm|[upkeep]
|-damage|p1a: Calyrex|2/100 par|[from] Sandstorm
|-damage|p2a: Zekrom|54/100|[from] Sandstorm
|upkeep
|turn|16
|
|t:|1653366240
|move|p1a: Calyrex|Glacial Lance|p2a: Zekrom
|-supereffective|p2a: Zekrom
|-damage|p2a: Zekrom|0 fnt
|faint|p2a: Zekrom
|-ability|p1a: Calyrex|Chilling Neigh|boost
|-boost|p1a: Calyrex|atk|1
|
|-weather|none
|upkeep
|
|t:|1653366243
|switch|p2a: Marshadow|Marshadow|100/100
|-damage|p2a: Marshadow|76/100|[from] Spikes
|turn|17
|
|t:|1653366247
|move|p2a: Marshadow|Shadow Sneak|p1a: Calyrex
|-supereffective|p1a: Calyrex
|-damage|p1a: Calyrex|0 fnt
|faint|p1a: Calyrex
|-damage|p2a: Marshadow|66/100|[from] item: Life Orb
|
|upkeep
|
|t:|1653366249
|switch|p1a: Tyranitar|Tyranitar, F|30/100
|-damage|p1a: Tyranitar|17/100|[from] Spikes
|-weather|Sandstorm|[from] ability: Sand Stream|[of] p1a: Tyranitar
|turn|18
|
|t:|1653366252
|move|p2a: Marshadow|Shadow Sneak|p1a: Tyranitar
|-resisted|p1a: Tyranitar
|-damage|p1a: Tyranitar|0 fnt
|faint|p1a: Tyranitar
|-damage|p2a: Marshadow|56/100|[from] item: Life Orb
|
|-weather|Sandstorm|[upkeep]
|-damage|p2a: Marshadow|50/100|[from] Sandstorm
|upkeep
|
|t:|1653366254
|switch|p1a: Necrozma|Necrozma-Dusk-Mane|100/100
|-damage|p1a: Necrozma|88/100|[from] Spikes
|turn|19
|
|t:|1653366258
|move|p2a: Marshadow|Shadow Sneak|p1a: Necrozma
|-supereffective|p1a: Necrozma
|-damage|p1a: Necrozma|43/100
|-enditem|p1a: Necrozma|Weakness Policy
|-boost|p1a: Necrozma|atk|2|[from] item: Weakness Policy
|-boost|p1a: Necrozma|spa|2|[from] item: Weakness Policy
|-damage|p2a: Marshadow|41/100|[from] item: Life Orb
|move|p1a: Necrozma|Sunsteel Strike|p2a: Marshadow
|-damage|p2a: Marshadow|0 fnt
|faint|p2a: Marshadow
|
|win|Dusk of Surtr
|raw|Dusk of Surtr's rating: 1582 &rarr; <strong>1595</strong><br />(+13 for winning)
|raw|ULT9NS KOHLI's rating: 1450 &rarr; <strong>1437</strong><br />(-13 for losing)
|l|☆ULT9NS KOHLI
|l|duskofsurtr
|j| rburburbu
