|j|☆Entrocefalo
|j|☆bwchamp
|t:|1634831393
|gametype|singles
|player|p1|Entrocefalo|2|
|player|p2|bwchamp|265|
|teamsize|p1|6
|teamsize|p2|6
|gen|8
|tier|[Gen 8] Ubers
|rated|Tournament battle
|rule|Sleep Clause Mod: Limit one foe put to sleep
|rule|Species Clause: Limit one of each Pokémon
|rule|OHKO Clause: OHKO moves are banned
|rule|Evasion Moves Clause: Evasion moves are banned
|rule|Endless Battle Clause: Forcing endless battles is banned
|rule|HP Percentage Mod: HP is shown in percentages
|rule|Dynamax Clause: You cannot dynamax
|clearpoke
|poke|p1|Necrozma-Dusk-Mane|
|poke|p1|Yveltal|
|poke|p1|Zekrom|
|poke|p1|Darmanitan-Galar, F|
|poke|p1|Rayquaza|
|poke|p1|Xerneas-*|
|poke|p2|Zygarde|
|poke|p2|Necrozma-Dusk-Mane|
|poke|p2|Eternatus|
|poke|p2|Zarude-Dada|
|poke|p2|Yveltal|
|poke|p2|Calyrex-Shadow|
|teampreview
|inactive|Battle timer is ON: inactive players will automatically lose when time's up. (requested by bwchamp)
|c|☆Entrocefalo|hf!
|c|☆bwchamp|u 2
|
|t:|1634831404
|start
|switch|p1a: Darmanitan|Darmanitan-Galar, F|100/100
|switch|p2a: Necrozma|Necrozma-Dusk-Mane|100/100
|turn|1
|
|t:|1634831410
|move|p1a: Darmanitan|U-turn|p2a: Necrozma
|-damage|p2a: Necrozma|72/100
|
|t:|1634831413
|switch|p1a: Zekrom|Zekrom|100/100|[from]move: U-turn
|-ability|p1a: Zekrom|Teravolt
|move|p2a: Necrozma|Iron Head|p1a: Zekrom
|-resisted|p1a: Zekrom
|-damage|p1a: Zekrom|87/100
|
|-heal|p2a: Necrozma|78/100|[from] item: Leftovers
|upkeep
|turn|2
|j| Fogbound Lake
|
|t:|1634831422
|move|p1a: Zekrom|Bolt Strike|p2a: Necrozma|[miss]
|-miss|p1a: Zekrom|p2a: Necrozma
|move|p2a: Necrozma|Stealth Rock|p1a: Zekrom
|-sidestart|p1: Entrocefalo|move: Stealth Rock
|
|-heal|p2a: Necrozma|84/100|[from] item: Leftovers
|upkeep
|turn|3
|c|☆bwchamp|!weak zekrom
|c| bwchamp|/raw <div class="infobox">Zekrom (ignoring abilities):<br /><span class="message-effect-weak">Weaknesses</span>: Dragon, Fairy, Ground, Ice<br /><span class="message-effect-resist">Resistances</span>: <b>Electric</b>, Fire, Flying, Grass, Steel, Water<br /><span class="message-effect-immune">Immunities</span>: Paralysis</div>
|c|☆bwchamp|fk para immune
|
|t:|1634831445
|move|p1a: Zekrom|Defog|p2a: Necrozma
|-unboost|p2a: Necrozma|evasion|1
|-sideend|p1: Entrocefalo|Stealth Rock|[from] move: Defog|[of] p1a: Zekrom
|move|p2a: Necrozma|Morning Sun|p2a: Necrozma
|-heal|p2a: Necrozma|100/100
|
|upkeep
|turn|4
|c|☆Entrocefalo|fast
|
|t:|1634831451
|move|p1a: Zekrom|Bolt Strike|p2a: Necrozma
|-damage|p2a: Necrozma|56/100
|move|p2a: Necrozma|Stealth Rock|p1a: Zekrom
|-sidestart|p1: Entrocefalo|move: Stealth Rock
|
|-heal|p2a: Necrozma|62/100|[from] item: Leftovers
|upkeep
|turn|5
|
|t:|1634831456
|move|p1a: Zekrom|Bolt Strike|p2a: Necrozma
|-damage|p2a: Necrozma|20/100
|move|p2a: Necrozma|Iron Head|p1a: Zekrom
|-resisted|p1a: Zekrom
|-damage|p1a: Zekrom|73/100
|
|-heal|p2a: Necrozma|26/100|[from] item: Leftovers
|upkeep
|turn|6
|
|t:|1634831461
|move|p1a: Zekrom|Bolt Strike|p2a: Necrozma
|-damage|p2a: Necrozma|0 fnt
|faint|p2a: Necrozma
|
|upkeep
|
|t:|1634831467
|switch|p2a: Calyrex|Calyrex-Shadow|100/100
|-ability|p2a: Calyrex|As One
|-ability|p2a: Calyrex|Unnerve
|turn|7
|
|t:|1634831473
|switch|p1a: Yveltal|Yveltal|100/100
|-ability|p1a: Yveltal|Dark Aura
|move|p2a: Calyrex|Trick|p1a: Yveltal
|-activate|p2a: Calyrex|move: Trick|[of] p1a: Yveltal
|-item|p1a: Yveltal|Choice Specs|[from] move: Trick
|-item|p2a: Calyrex|Heavy-Duty Boots|[from] move: Trick
|
|upkeep
|turn|8
|
|t:|1634831486
|switch|p2a: Zarude|Zarude-Dada|100/100
|move|p1a: Yveltal|Knock Off|p2a: Zarude
|-resisted|p2a: Zarude
|-damage|p2a: Zarude|83/100
|-enditem|p2a: Zarude|Leftovers|[from] move: Knock Off|[of] p1a: Yveltal
|
|upkeep
|turn|9
|
|t:|1634831493
|switch|p1a: Zekrom|Zekrom|73/100
|-ability|p1a: Zekrom|Teravolt
|move|p2a: Zarude|Bulk Up|p2a: Zarude
|-boost|p2a: Zarude|atk|1
|-boost|p2a: Zarude|def|1
|
|upkeep
|turn|10
|c|☆bwchamp|wp
|
|t:|1634831505
|move|p1a: Zekrom|Defog|p2a: Zarude
|-unboost|p2a: Zarude|evasion|1
|-sideend|p1: Entrocefalo|Stealth Rock|[from] move: Defog|[of] p1a: Zekrom
|move|p2a: Zarude|Synthesis|p2a: Zarude
|-heal|p2a: Zarude|100/100
|
|upkeep
|turn|11
|
|t:|1634831509
|move|p2a: Zarude|Bulk Up|p2a: Zarude
|-boost|p2a: Zarude|atk|1
|-boost|p2a: Zarude|def|1
|move|p1a: Zekrom|Dragon Tail|p2a: Zarude
|-damage|p2a: Zarude|91/100
|drag|p2a: Calyrex|Calyrex-Shadow|100/100
|-ability|p2a: Calyrex|As One
|-ability|p2a: Calyrex|Unnerve
|
|upkeep
|turn|12
|
|t:|1634831522
|switch|p1a: Yveltal|Yveltal|100/100
|-ability|p1a: Yveltal|Dark Aura
|move|p2a: Calyrex|Astral Barrage|p1a: Yveltal
|-resisted|p1a: Yveltal
|-damage|p1a: Yveltal|76/100
|
|upkeep
|turn|13
|
|t:|1634831535
|switch|p2a: Yveltal|Yveltal|100/100
|-ability|p2a: Yveltal|Dark Aura
|move|p1a: Yveltal|U-turn|p2a: Yveltal
|-damage|p2a: Yveltal|86/100
|
|t:|1634831541
|switch|p1a: Xerneas|Xerneas|100/100|[from]move: U-turn
|-ability|p1a: Xerneas|Fairy Aura
|-item|p1a: Xerneas|Air Balloon
|
|upkeep
|turn|14
|c|☆bwchamp|called it
|c|☆bwchamp|ballon???
|
|t:|1634831556
|move|p1a: Xerneas|Moonblast|p2a: Yveltal
|-supereffective|p2a: Yveltal
|-damage|p2a: Yveltal|30/100
|move|p2a: Yveltal|U-turn|p1a: Xerneas
|-resisted|p1a: Xerneas
|-damage|p1a: Xerneas|95/100
|-enditem|p1a: Xerneas|Air Balloon
|
|t:|1634831568
|switch|p2a: Eternatus|Eternatus|100/100|[from]move: U-turn
|-ability|p2a: Eternatus|Pressure
|
|upkeep
|turn|15
|c|☆bwchamp|why ballon?
|
|t:|1634831573
|switch|p1a: Necrozma|Necrozma-Dusk-Mane|100/100
|move|p2a: Eternatus|Sludge Bomb|p1a: Necrozma
|-immune|p1a: Necrozma
|
|upkeep
|turn|16
|c|☆bwchamp|nice
|c| Fogbound Lake|don, poltergeist marsh
|
|t:|1634831584
|switch|p2a: Yveltal|Yveltal|30/100
|-ability|p2a: Yveltal|Dark Aura
|move|p1a: Necrozma|Stealth Rock|p2a: Yveltal
|-sidestart|p2: bwchamp|move: Stealth Rock
|
|upkeep
|turn|17
|
|t:|1634831592
|move|p2a: Yveltal|Roost|p2a: Yveltal
|-heal|p2a: Yveltal|80/100
|-singleturn|p2a: Yveltal|move: Roost
|move|p1a: Necrozma|Thunder Wave|p2a: Yveltal
|-status|p2a: Yveltal|par
|
|upkeep
|turn|18
|
|t:|1634831598
|switch|p1a: Xerneas|Xerneas|95/100
|-ability|p1a: Xerneas|Fairy Aura
|move|p2a: Yveltal|Knock Off|p1a: Xerneas
|-resisted|p1a: Xerneas
|-damage|p1a: Xerneas|84/100
|
|upkeep
|turn|19
|
|t:|1634831606
|switch|p1a: Rayquaza|Rayquaza|100/100
|-ability|p1a: Rayquaza|Air Lock
|cant|p2a: Yveltal|par
|
|upkeep
|turn|20
|
|t:|1634831613
|move|p1a: Rayquaza|Dragon Ascent|p2a: Yveltal
|-damage|p2a: Yveltal|0 fnt
|-unboost|p1a: Rayquaza|def|1
|-unboost|p1a: Rayquaza|spd|1
|faint|p2a: Yveltal
|
|upkeep
|
|t:|1634831629
|switch|p2a: Calyrex|Calyrex-Shadow|100/100
|-ability|p2a: Calyrex|As One
|-ability|p2a: Calyrex|Unnerve
|turn|21
|
|t:|1634831651
|switch|p1a: Yveltal|Yveltal|76/100
|-ability|p1a: Yveltal|Dark Aura
|move|p2a: Calyrex|Astral Barrage|p1a: Yveltal
|-resisted|p1a: Yveltal
|-damage|p1a: Yveltal|47/100
|
|upkeep
|turn|22
|
|t:|1634831665
|switch|p2a: Zygarde|Zygarde|100/100
|-damage|p2a: Zygarde|94/100|[from] Stealth Rock
|move|p1a: Yveltal|Roost|p1a: Yveltal
|-heal|p1a: Yveltal|97/100
|-singleturn|p1a: Yveltal|move: Roost
|
|-heal|p2a: Zygarde|100/100|[from] item: Leftovers
|upkeep
|turn|23
|c|☆Entrocefalo|gl in your matches fogbound
|
|t:|1634831675
|switch|p1a: Xerneas|Xerneas|84/100
|-ability|p1a: Xerneas|Fairy Aura
|move|p2a: Zygarde|Substitute|p2a: Zygarde
|-start|p2a: Zygarde|Substitute
|-damage|p2a: Zygarde|76/100
|
|-heal|p2a: Zygarde|82/100|[from] item: Leftovers
|upkeep
|turn|24
|c| Fogbound Lake|thanks will do my best
|
|t:|1634831692
|move|p2a: Zygarde|Toxic|p1a: Xerneas
|-status|p1a: Xerneas|tox
|move|p1a: Xerneas|Moonblast|p2a: Zygarde
|-supereffective|p2a: Zygarde
|-end|p2a: Zygarde|Substitute
|
|-heal|p2a: Zygarde|88/100|[from] item: Leftovers
|-damage|p1a: Xerneas|78/100 tox|[from] psn
|upkeep
|turn|25
|
|t:|1634831708
|switch|p2a: Zarude|Zarude-Dada|91/100
|-damage|p2a: Zarude|79/100|[from] Stealth Rock
|move|p1a: Xerneas|Aromatherapy|p1a: Xerneas
|-activate|p1a: Xerneas|move: Aromatherapy
|-curestatus|p1a: Xerneas|tox|[msg]
|
|upkeep
|turn|26
|
|t:|1634831716
|move|p2a: Zarude|Power Whip|p1a: Xerneas
|-damage|p1a: Xerneas|51/100
|move|p1a: Xerneas|Moonblast|p2a: Zarude
|-supereffective|p2a: Zarude
|-damage|p2a: Zarude|0 fnt
|faint|p2a: Zarude
|
|upkeep
|c| Fogbound Lake|you also somewhere in the pools?
|
|t:|1634831725
|switch|p2a: Eternatus|Eternatus|100/100
|-damage|p2a: Eternatus|88/100|[from] Stealth Rock
|-ability|p2a: Eternatus|Pressure
|turn|27
|c|☆Entrocefalo|I lost to Fc
|c|☆Entrocefalo|cursed games
|
|t:|1634831731
|switch|p1a: Necrozma|Necrozma-Dusk-Mane|100/100
|move|p2a: Eternatus|Mystical Fire|p1a: Necrozma
|-supereffective|p1a: Necrozma
|-damage|p1a: Necrozma|79/100
|-unboost|p1a: Necrozma|spa|1
|
|-heal|p1a: Necrozma|85/100|[from] item: Leftovers
|upkeep
|turn|28
|c| Fogbound Lake|ah unfort
|
|t:|1634831745
|switch|p1a: Darmanitan|Darmanitan-Galar, F|100/100
|move|p2a: Eternatus|Dynamax Cannon|p1a: Darmanitan
|-damage|p1a: Darmanitan|31/100
|
|upkeep
|turn|29
|c| Fogbound Lake|well gl to you too for the other games left :)
|
|t:|1634831752
|move|p1a: Darmanitan|Icicle Crash|p2a: Eternatus
|-supereffective|p2a: Eternatus
|-damage|p2a: Eternatus|0 fnt
|faint|p2a: Eternatus
|
|upkeep
|
|t:|1634831757
|switch|p2a: Calyrex|Calyrex-Shadow|100/100
|-ability|p2a: Calyrex|As One
|-ability|p2a: Calyrex|Unnerve
|turn|30
|
|t:|1634831764
|move|p1a: Darmanitan|Icicle Crash|p2a: Calyrex
|-damage|p2a: Calyrex|15/100
|cant|p2a: Calyrex|flinch
|
|upkeep
|turn|31
|c|☆bwchamp|nice scarf win
|
|t:|1634831771
|move|p1a: Darmanitan|Icicle Crash|p2a: Calyrex
|-damage|p2a: Calyrex|0 fnt
|faint|p2a: Calyrex
|
|upkeep
|
|t:|1634831774
|switch|p2a: Zygarde|Zygarde|88/100
|-damage|p2a: Zygarde|82/100|[from] Stealth Rock
|turn|32
|
|t:|1634831778
|switch|p1a: Xerneas|Xerneas|51/100
|-ability|p1a: Xerneas|Fairy Aura
|move|p2a: Zygarde|Thousand Arrows|p1a: Xerneas
|-damage|p1a: Xerneas|27/100
|
|-heal|p2a: Zygarde|88/100|[from] item: Leftovers
|upkeep
|turn|33
|
|t:|1634831788
|switch|p1a: Rayquaza|Rayquaza|100/100
|-ability|p1a: Rayquaza|Air Lock
|move|p2a: Zygarde|Thousand Arrows|p1a: Rayquaza
|-damage|p1a: Rayquaza|58/100
|-start|p1a: Rayquaza|Smack Down
|
|-heal|p2a: Zygarde|94/100|[from] item: Leftovers
|upkeep
|turn|34
|
|t:|1634831796
|move|p1a: Rayquaza|Dragon Claw|p2a: Zygarde
|-supereffective|p2a: Zygarde
|-damage|p2a: Zygarde|0 fnt
|faint|p2a: Zygarde
|
|win|Entrocefalo
|n|☆Entrocefalo|entrocefalo
|n|☆bwchamp|bwchamp
|n| Fogbound Lake|fogboundlake
