|j|☆RNG Wizard
|j|☆Apollobadeaux89
|t:|1632285128
|gametype|singles
|player|p1|RNG Wizard|steven|1227
|player|p2|Apollobadeaux89|bruno|1358
|teamsize|p1|6
|teamsize|p2|6
|gen|8
|tier|[Gen 8] Ubers
|rated|
|rule|Sleep Clause Mod: Limit one foe put to sleep
|rule|Species Clause: Limit one of each Pokémon
|rule|OHKO Clause: OHKO moves are banned
|rule|Evasion Moves Clause: Evasion moves are banned
|rule|Endless Battle Clause: Forcing endless battles is banned
|rule|HP Percentage Mod: HP is shown in percentages
|rule|Dynamax Clause: You cannot dynamax
|clearpoke
|poke|p1|Solgaleo|
|poke|p1|Eternatus|
|poke|p1|Zamazenta-*|
|poke|p1|Calyrex-Shadow|
|poke|p1|Yveltal|
|poke|p1|Marshadow|
|poke|p2|Yveltal|
|poke|p2|Calyrex-Shadow|
|poke|p2|Eternatus|
|poke|p2|Necrozma-Dusk-Mane|
|poke|p2|Groudon|
|poke|p2|Kyogre|
|teampreview
|inactive|Battle timer is ON: inactive players will automatically lose when time's up. (requested by Apollobadeaux89)
|
|t:|1632285143
|start
|switch|p1a: Solgaleo|Solgaleo|100/100
|switch|p2a: Groudon|Groudon|100/100
|-weather|SunnyDay|[from] ability: Drought|[of] p2a: Groudon
|turn|1
|
|t:|1632285155
|move|p1a: Solgaleo|Sunsteel Strike|p2a: Groudon
|-damage|p2a: Groudon|74/100
|move|p2a: Groudon|Thunder Wave|p1a: Solgaleo
|-status|p1a: Solgaleo|par
|
|-weather|SunnyDay|[upkeep]
|-heal|p2a: Groudon|80/100|[from] item: Leftovers
|upkeep
|turn|2
|
|t:|1632285177
|switch|p1a: Eternatus|Eternatus|100/100
|-ability|p1a: Eternatus|Pressure
|move|p2a: Groudon|Stealth Rock|p1a: Eternatus
|-sidestart|p1: RNG Wizard|move: Stealth Rock
|
|-weather|SunnyDay|[upkeep]
|-heal|p2a: Groudon|87/100|[from] item: Leftovers
|upkeep
|turn|3
|
|t:|1632285186
|move|p1a: Eternatus|Dynamax Cannon|p2a: Groudon
|-damage|p2a: Groudon|32/100
|move|p2a: Groudon|Precipice Blades|p1a: Eternatus
|-supereffective|p1a: Eternatus
|-damage|p1a: Eternatus|1/100
|
|-weather|SunnyDay|[upkeep]
|-heal|p2a: Groudon|39/100|[from] item: Leftovers
|upkeep
|turn|4
|
|t:|1632285195
|move|p1a: Eternatus|Dynamax Cannon|p2a: Groudon
|-damage|p2a: Groudon|0 fnt
|faint|p2a: Groudon
|
|-weather|SunnyDay|[upkeep]
|upkeep
|
|t:|1632285203
|switch|p2a: Calyrex|Calyrex-Shadow|100/100
|-ability|p2a: Calyrex|As One
|-ability|p2a: Calyrex|Unnerve
|turn|5
|
|t:|1632285210
|move|p2a: Calyrex|Draining Kiss|p1a: Eternatus
|-damage|p1a: Eternatus|0 fnt
|faint|p1a: Eternatus
|-ability|p2a: Calyrex|Grim Neigh|boost
|-boost|p2a: Calyrex|spa|1
|
|-weather|none
|upkeep
|
|t:|1632285217
|switch|p1a: Yveltal|Yveltal|100/100
|-damage|p1a: Yveltal|76/100|[from] Stealth Rock
|-ability|p1a: Yveltal|Dark Aura
|turn|6
|
|t:|1632285223
|switch|p2a: Yveltal|Yveltal|100/100
|-ability|p2a: Yveltal|Dark Aura
|move|p1a: Yveltal|Dark Pulse|p2a: Yveltal
|-resisted|p2a: Yveltal
|-damage|p2a: Yveltal|84/100
|
|-heal|p1a: Yveltal|82/100|[from] item: Leftovers
|upkeep
|turn|7
|
|t:|1632285233
|move|p1a: Yveltal|Oblivion Wing|p2a: Yveltal
|-damage|p2a: Yveltal|61/100
|-heal|p1a: Yveltal|100/100|[from] drain|[of] p2a: Yveltal
|move|p2a: Yveltal|Taunt|p1a: Yveltal
|-start|p1a: Yveltal|move: Taunt
|
|upkeep
|turn|8
|
|t:|1632285245
|switch|p2a: Kyogre|Kyogre|100/100
|-weather|RainDance|[from] ability: Drizzle|[of] p2a: Kyogre
|move|p1a: Yveltal|Oblivion Wing|p2a: Kyogre
|-damage|p2a: Kyogre|70/100
|
|-weather|RainDance|[upkeep]
|upkeep
|turn|9
|
|t:|1632285266
|switch|p1a: Zamazenta|Zamazenta-Crowned|100/100
|-damage|p1a: Zamazenta|97/100|[from] Stealth Rock
|-ability|p1a: Zamazenta|Dauntless Shield|boost
|-boost|p1a: Zamazenta|def|1
|move|p2a: Kyogre|Thunder|p1a: Zamazenta
|-damage|p1a: Zamazenta|63/100
|-status|p1a: Zamazenta|par
|
|-weather|RainDance|[upkeep]
|upkeep
|turn|10
|
|t:|1632285277
|move|p2a: Kyogre|Thunder|p1a: Zamazenta
|-damage|p1a: Zamazenta|31/100 par
|cant|p1a: Zamazenta|par
|
|-weather|RainDance|[upkeep]
|upkeep
|turn|11
|
|t:|1632285284
|move|p2a: Kyogre|Thunder|p1a: Zamazenta
|-damage|p1a: Zamazenta|0 fnt
|faint|p1a: Zamazenta
|
|-weather|RainDance|[upkeep]
|upkeep
|c|☆RNG Wizard|luck hax
|c|☆Apollobadeaux89|Lol
|
|t:|1632285294
|switch|p1a: Calyrex|Calyrex-Shadow|100/100
|-ability|p1a: Calyrex|As One
|-ability|p1a: Calyrex|Unnerve
|-damage|p1a: Calyrex|88/100|[from] Stealth Rock
|turn|12
|
|t:|1632285303
|move|p2a: Kyogre|Thunder|p1a: Calyrex
|-damage|p1a: Calyrex|44/100
|move|p1a: Calyrex|Astral Barrage|p2a: Kyogre
|-damage|p2a: Kyogre|13/100
|
|-weather|none
|upkeep
|turn|13
|
|t:|1632285315
|move|p2a: Kyogre|Thunder|p1a: Calyrex
|-damage|p1a: Calyrex|1/100
|-status|p1a: Calyrex|par
|move|p1a: Calyrex|Psyshock|p2a: Kyogre
|-damage|p2a: Kyogre|0 fnt
|faint|p2a: Kyogre
|-ability|p1a: Calyrex|Grim Neigh|boost
|-boost|p1a: Calyrex|spa|1
|
|upkeep
|
|t:|1632285343
|switch|p2a: Yveltal|Yveltal|61/100
|-ability|p2a: Yveltal|Dark Aura
|turn|14
|
|t:|1632285355
|move|p2a: Yveltal|Foul Play|p1a: Calyrex
|-supereffective|p1a: Calyrex
|-damage|p1a: Calyrex|0 fnt
|faint|p1a: Calyrex
|
|upkeep
|
|t:|1632285365
|switch|p1a: Yveltal|Yveltal|100/100
|-damage|p1a: Yveltal|76/100|[from] Stealth Rock
|-ability|p1a: Yveltal|Dark Aura
|turn|15
|
|t:|1632285370
|move|p1a: Yveltal|Oblivion Wing|p2a: Yveltal
|-damage|p2a: Yveltal|40/100
|-heal|p1a: Yveltal|94/100|[from] drain|[of] p2a: Yveltal
|move|p2a: Yveltal|Taunt|p1a: Yveltal
|-start|p1a: Yveltal|move: Taunt
|
|-heal|p1a: Yveltal|100/100|[from] item: Leftovers
|upkeep
|turn|16
|
|t:|1632285383
|move|p1a: Yveltal|Oblivion Wing|p2a: Yveltal
|-damage|p2a: Yveltal|16/100
|move|p2a: Yveltal|Roost|p2a: Yveltal
|-heal|p2a: Yveltal|66/100
|-singleturn|p2a: Yveltal|move: Roost
|
|upkeep
|turn|17
|
|t:|1632285406
|switch|p2a: Eternatus|Eternatus|100/100
|-ability|p2a: Eternatus|Pressure
|move|p1a: Yveltal|Oblivion Wing|p2a: Eternatus
|-damage|p2a: Eternatus|67/100
|
|upkeep
|turn|18
|
|t:|1632285424
|move|p1a: Yveltal|Dark Pulse|p2a: Eternatus
|-crit|p2a: Eternatus
|-damage|p2a: Eternatus|9/100
|move|p2a: Eternatus|Toxic Spikes|p1a: Yveltal
|-sidestart|p1: RNG Wizard|move: Toxic Spikes
|
|-end|p1a: Yveltal|move: Taunt
|upkeep
|turn|19
|
|t:|1632285434
|move|p1a: Yveltal|Sucker Punch||[still]
|-fail|p1a: Yveltal
|move|p2a: Eternatus|Toxic Spikes|p1a: Yveltal
|-sidestart|p1: RNG Wizard|move: Toxic Spikes
|
|upkeep
|turn|20
|
|t:|1632285439
|move|p1a: Yveltal|Dark Pulse|p2a: Eternatus
|-damage|p2a: Eternatus|0 fnt
|faint|p2a: Eternatus
|
|upkeep
|
|t:|1632285462
|switch|p2a: Necrozma|Necrozma-Dusk-Mane|100/100
|turn|21
|
|t:|1632285468
|move|p1a: Yveltal|Dark Pulse|p2a: Necrozma
|-supereffective|p2a: Necrozma
|-damage|p2a: Necrozma|22/100
|move|p2a: Necrozma|Sunsteel Strike|p1a: Yveltal
|-damage|p1a: Yveltal|46/100
|
|-heal|p1a: Yveltal|52/100|[from] item: Leftovers
|-heal|p2a: Necrozma|28/100|[from] item: Leftovers
|upkeep
|turn|22
|
|t:|1632285484
|move|p1a: Yveltal|Dark Pulse|p2a: Necrozma
|-supereffective|p2a: Necrozma
|-damage|p2a: Necrozma|0 fnt
|faint|p2a: Necrozma
|
|-heal|p1a: Yveltal|58/100|[from] item: Leftovers
|upkeep
|
|t:|1632285491
|switch|p2a: Yveltal|Yveltal|66/100
|-ability|p2a: Yveltal|Dark Aura
|turn|23
|
|t:|1632285497
|move|p1a: Yveltal|Oblivion Wing|p2a: Yveltal
|-damage|p2a: Yveltal|42/100
|-heal|p1a: Yveltal|79/100|[from] drain|[of] p2a: Yveltal
|move|p2a: Yveltal|Foul Play|p1a: Yveltal
|-resisted|p1a: Yveltal
|-damage|p1a: Yveltal|57/100
|
|-heal|p1a: Yveltal|63/100|[from] item: Leftovers
|upkeep
|turn|24
|
|t:|1632285508
|move|p1a: Yveltal|Oblivion Wing|p2a: Yveltal
|-damage|p2a: Yveltal|20/100
|-heal|p1a: Yveltal|82/100|[from] drain|[of] p2a: Yveltal
|move|p2a: Yveltal|Roost|p2a: Yveltal
|-heal|p2a: Yveltal|70/100
|-singleturn|p2a: Yveltal|move: Roost
|
|-heal|p1a: Yveltal|88/100|[from] item: Leftovers
|upkeep
|turn|25
|
|t:|1632285521
|move|p1a: Yveltal|Oblivion Wing|p2a: Yveltal
|-damage|p2a: Yveltal|47/100
|-heal|p1a: Yveltal|100/100|[from] drain|[of] p2a: Yveltal
|move|p2a: Yveltal|Roost|p2a: Yveltal
|-heal|p2a: Yveltal|97/100
|-singleturn|p2a: Yveltal|move: Roost
|
|upkeep
|turn|26
|
|t:|1632285533
|move|p1a: Yveltal|Dark Pulse|p2a: Yveltal
|-resisted|p2a: Yveltal
|-crit|p2a: Yveltal
|-damage|p2a: Yveltal|73/100
|move|p2a: Yveltal|Foul Play|p1a: Yveltal
|-resisted|p1a: Yveltal
|-damage|p1a: Yveltal|79/100
|
|-heal|p1a: Yveltal|85/100|[from] item: Leftovers
|upkeep
|turn|27
|
|t:|1632285548
|move|p1a: Yveltal|Dark Pulse|p2a: Yveltal
|-resisted|p2a: Yveltal
|-damage|p2a: Yveltal|57/100
|move|p2a: Yveltal|Foul Play|p1a: Yveltal
|-resisted|p1a: Yveltal
|-damage|p1a: Yveltal|63/100
|
|-heal|p1a: Yveltal|69/100|[from] item: Leftovers
|upkeep
|turn|28
|
|t:|1632285558
|move|p1a: Yveltal|Oblivion Wing|p2a: Yveltal
|-damage|p2a: Yveltal|35/100
|-heal|p1a: Yveltal|88/100|[from] drain|[of] p2a: Yveltal
|move|p2a: Yveltal|Roost|p2a: Yveltal
|-heal|p2a: Yveltal|85/100
|-singleturn|p2a: Yveltal|move: Roost
|
|-heal|p1a: Yveltal|94/100|[from] item: Leftovers
|upkeep
|turn|29
|
|t:|1632285571
|move|p1a: Yveltal|Dark Pulse|p2a: Yveltal
|-resisted|p2a: Yveltal
|-damage|p2a: Yveltal|70/100
|move|p2a: Yveltal|Foul Play|p1a: Yveltal
|-resisted|p1a: Yveltal
|-damage|p1a: Yveltal|73/100
|
|-heal|p1a: Yveltal|79/100|[from] item: Leftovers
|upkeep
|turn|30
|
|t:|1632285583
|move|p1a: Yveltal|Dark Pulse|p2a: Yveltal
|-resisted|p2a: Yveltal
|-damage|p2a: Yveltal|55/100
|cant|p2a: Yveltal|flinch
|
|-heal|p1a: Yveltal|85/100|[from] item: Leftovers
|upkeep
|turn|31
|
|t:|1632285591
|move|p1a: Yveltal|Dark Pulse|p2a: Yveltal
|-resisted|p2a: Yveltal
|-damage|p2a: Yveltal|41/100
|move|p2a: Yveltal|Roost|p2a: Yveltal
|-heal|p2a: Yveltal|91/100
|-singleturn|p2a: Yveltal|move: Roost
|
|-heal|p1a: Yveltal|91/100|[from] item: Leftovers
|upkeep
|turn|32
|
|t:|1632285604
|move|p1a: Yveltal|Dark Pulse|p2a: Yveltal
|-resisted|p2a: Yveltal
|-damage|p2a: Yveltal|77/100
|move|p2a: Yveltal|Foul Play|p1a: Yveltal
|-resisted|p1a: Yveltal
|-damage|p1a: Yveltal|69/100
|
|-heal|p1a: Yveltal|75/100|[from] item: Leftovers
|upkeep
|turn|33
|
|t:|1632285613
|move|p1a: Yveltal|Dark Pulse|p2a: Yveltal
|-resisted|p2a: Yveltal
|-damage|p2a: Yveltal|62/100
|move|p2a: Yveltal|Foul Play|p1a: Yveltal
|-resisted|p1a: Yveltal
|-damage|p1a: Yveltal|53/100
|
|-heal|p1a: Yveltal|59/100|[from] item: Leftovers
|upkeep
|turn|34
|
|t:|1632285623
|move|p1a: Yveltal|Dark Pulse|p2a: Yveltal
|-resisted|p2a: Yveltal
|-damage|p2a: Yveltal|47/100
|move|p2a: Yveltal|Roost|p2a: Yveltal
|-heal|p2a: Yveltal|97/100
|-singleturn|p2a: Yveltal|move: Roost
|
|-heal|p1a: Yveltal|65/100|[from] item: Leftovers
|upkeep
|turn|35
|
|t:|1632285636
|move|p1a: Yveltal|Oblivion Wing|p2a: Yveltal
|-damage|p2a: Yveltal|72/100
|-heal|p1a: Yveltal|86/100|[from] drain|[of] p2a: Yveltal
|move|p2a: Yveltal|Foul Play|p1a: Yveltal
|-resisted|p1a: Yveltal
|-damage|p1a: Yveltal|63/100
|
|-heal|p1a: Yveltal|69/100|[from] item: Leftovers
|upkeep
|turn|36
|
|t:|1632285647
|move|p1a: Yveltal|Oblivion Wing|p2a: Yveltal
|-damage|p2a: Yveltal|50/100
|-heal|p1a: Yveltal|88/100|[from] drain|[of] p2a: Yveltal
|move|p2a: Yveltal|Foul Play|p1a: Yveltal
|-resisted|p1a: Yveltal
|-damage|p1a: Yveltal|66/100
|
|-heal|p1a: Yveltal|72/100|[from] item: Leftovers
|upkeep
|turn|37
|
|t:|1632285661
|move|p1a: Yveltal|Oblivion Wing|p2a: Yveltal
|-damage|p2a: Yveltal|29/100
|-heal|p1a: Yveltal|91/100|[from] drain|[of] p2a: Yveltal
|move|p2a: Yveltal|Roost|p2a: Yveltal
|-heal|p2a: Yveltal|79/100
|-singleturn|p2a: Yveltal|move: Roost
|
|-heal|p1a: Yveltal|97/100|[from] item: Leftovers
|upkeep
|turn|38
|
|t:|1632285676
|move|p1a: Yveltal|Dark Pulse|p2a: Yveltal
|-resisted|p2a: Yveltal
|-damage|p2a: Yveltal|64/100
|move|p2a: Yveltal|Foul Play|p1a: Yveltal
|-resisted|p1a: Yveltal
|-damage|p1a: Yveltal|74/100
|
|-heal|p1a: Yveltal|80/100|[from] item: Leftovers
|upkeep
|turn|39
|
|t:|1632285688
|move|p1a: Yveltal|Roost|p1a: Yveltal
|-heal|p1a: Yveltal|100/100
|-singleturn|p1a: Yveltal|move: Roost
|move|p2a: Yveltal|Foul Play|p1a: Yveltal
|-resisted|p1a: Yveltal
|-damage|p1a: Yveltal|79/100
|
|-heal|p1a: Yveltal|85/100|[from] item: Leftovers
|upkeep
|turn|40
|
|t:|1632285703
|move|p1a: Yveltal|Roost|p1a: Yveltal
|-heal|p1a: Yveltal|100/100
|-singleturn|p1a: Yveltal|move: Roost
|move|p2a: Yveltal|Taunt|p1a: Yveltal
|-start|p1a: Yveltal|move: Taunt
|
|upkeep
|turn|41
|
|t:|1632285723
|switch|p1a: Solgaleo|Solgaleo|100/100 par
|-damage|p1a: Solgaleo|94/100 par|[from] Stealth Rock
|move|p2a: Yveltal|Foul Play|p1a: Solgaleo
|-supereffective|p1a: Solgaleo
|-damage|p1a: Solgaleo|0 fnt
|faint|p1a: Solgaleo
|
|upkeep
|inactive|RNG Wizard has 120 seconds left.
|
|t:|1632285735
|switch|p1a: Marshadow|Marshadow|100/100
|-status|p1a: Marshadow|tox
|-damage|p1a: Marshadow|94/100 tox|[from] Stealth Rock
|turn|42
|
|t:|1632285747
|move|p1a: Marshadow|Rock Tomb|p2a: Yveltal
|-supereffective|p2a: Yveltal
|-damage|p2a: Yveltal|14/100
|-unboost|p2a: Yveltal|spe|1
|move|p2a: Yveltal|Foul Play|p1a: Marshadow
|-damage|p1a: Marshadow|7/100 tox
|
|-damage|p1a: Marshadow|1/100 tox|[from] psn
|upkeep
|turn|43
|
|t:|1632285759
|move|p1a: Marshadow|Rock Tomb|p2a: Yveltal
|-supereffective|p2a: Yveltal
|-damage|p2a: Yveltal|0 fnt
|faint|p2a: Yveltal
|
|-damage|p1a: Marshadow|0 fnt|[from] psn
|faint|p1a: Marshadow
|upkeep
|
|t:|1632285772
|switch|p1a: Yveltal|Yveltal|100/100
|switch|p2a: Calyrex|Calyrex-Shadow|100/100
|-ability|p2a: Calyrex|As One
|-ability|p2a: Calyrex|Unnerve
|-damage|p1a: Yveltal|76/100|[from] Stealth Rock
|-ability|p1a: Yveltal|Dark Aura
|turn|44
|
|t:|1632285787
|move|p2a: Calyrex|Draining Kiss|p1a: Yveltal
|-supereffective|p1a: Yveltal
|-damage|p1a: Yveltal|40/100
|move|p1a: Yveltal|Dark Pulse|p2a: Calyrex
|-supereffective|p2a: Calyrex
|-enditem|p2a: Calyrex|Focus Sash
|-damage|p2a: Calyrex|1/100
|
|-heal|p1a: Yveltal|46/100|[from] item: Leftovers
|upkeep
|turn|45
|
|t:|1632285796
|move|p1a: Yveltal|Sucker Punch|p2a: Calyrex
|-supereffective|p2a: Calyrex
|-crit|p2a: Calyrex
|-damage|p2a: Calyrex|0 fnt
|faint|p2a: Calyrex
|
|win|RNG Wizard
|raw|RNG Wizard's rating: 1227 &rarr; <strong>1261</strong><br />(+34 for winning)
|raw|Apollobadeaux89's rating: 1358 &rarr; <strong>1331</strong><br />(-27 for losing)
|c|☆RNG Wizard|gg
|l|☆RNG Wizard
|c|☆Apollobadeaux89|Hahaha lost to a scrub
|l|☆Apollobadeaux89
|j|☆RNG Wizard
|player|p1|RNG Wizard|steven
