|j|☆regiplaysgames
|j|☆Repecc
|player|p1|regiplaysgames|iris|1234
|player|p2|Repecc|266|1443
|teamsize|p1|6
|teamsize|p2|6
|gametype|singles
|gen|8
|tier|[Gen 8] Ubers
|rated|
|clearpoke
|poke|p1|Zacian-Crowned|
|poke|p1|Darmanitan-Galar, M|
|poke|p1|Grimmsnarl, M|
|poke|p1|Kyurem-Black|
|poke|p1|Persian-Alola, F|
|poke|p1|Toxtricity, F|
|poke|p2|Lunala|
|poke|p2|Necrozma-Dusk-Mane|
|poke|p2|Excadrill, F|
|poke|p2|Quagsire, M|
|poke|p2|Marshadow|
|poke|p2|Zacian-Crowned|
|rule|Sleep Clause Mod: Limit one foe put to sleep
|rule|Species Clause: Limit one of each Pokémon
|rule|OHKO Clause: OHKO moves are banned
|rule|Evasion Moves Clause: Evasion moves are banned
|rule|Endless Battle Clause: Forcing endless battles is banned
|rule|HP Percentage Mod: HP is shown in percentages
|html|Ubers Dynamax Clause: Pokémon on the <a href="https://www.smogon.com/dex/ss/formats/uber/">Ubers Dynamax Banlist</a> cannot Dynamax.
|teampreview
|inactive|Battle timer is ON: inactive players will automatically lose when time's up. (requested by Repecc)
|
|start
|switch|p1a: Kyurem|Kyurem-Black|100/100
|switch|p2a: Excadrill|Excadrill, F|100/100
|-ability|p2a: Excadrill|Mold Breaker
|-ability|p1a: Kyurem|Teravolt
|turn|1
|
|move|p2a: Excadrill|Rapid Spin|p1a: Kyurem
|-damage|p1a: Kyurem|86/100
|-boost|p2a: Excadrill|spe|1
|move|p1a: Kyurem|Dragon Dance|p1a: Kyurem
|-boost|p1a: Kyurem|atk|1
|-boost|p1a: Kyurem|spe|1
|
|upkeep
|turn|2
|
|move|p2a: Excadrill|Iron Head|p1a: Kyurem
|-supereffective|p1a: Kyurem
|-damage|p1a: Kyurem|9/100
|cant|p1a: Kyurem|flinch
|
|upkeep
|turn|3
|
|move|p2a: Excadrill|Earthquake|p1a: Kyurem
|-damage|p1a: Kyurem|0 fnt
|faint|p1a: Kyurem
|
|upkeep
|
|switch|p1a: Persian|Persian-Alola, F|100/100
|turn|4
|
|move|p1a: Persian|Fake Out|p2a: Excadrill
|-resisted|p2a: Excadrill
|-damage|p2a: Excadrill|91/100
|cant|p2a: Excadrill|flinch
|
|upkeep
|turn|5
|
|move|p2a: Excadrill|Stealth Rock|p1a: Persian
|-sidestart|p1: regiplaysgames|move: Stealth Rock
|move|p1a: Persian|Parting Shot|p2a: Excadrill
|-unboost|p2a: Excadrill|atk|1
|-unboost|p2a: Excadrill|spa|1
|inactive|regiplaysgames has 120 seconds left.
|
|switch|p1a: Darmanitan|Darmanitan-Galar, M|100/100|[from]move: Parting Shot
|-damage|p1a: Darmanitan|76/100|[from] Stealth Rock
|
|upkeep
|turn|6
|
|move|p1a: Darmanitan|Endure|p1a: Darmanitan
|-singleturn|p1a: Darmanitan|move: Endure
|move|p2a: Excadrill|Iron Head|p1a: Darmanitan
|-supereffective|p1a: Darmanitan
|-activate|p1a: Darmanitan|move: Endure
|-damage|p1a: Darmanitan|1/100
|-enditem|p1a: Darmanitan|Salac Berry|[eat]
|-boost|p1a: Darmanitan|spe|1|[from] item: Salac Berry
|
|-formechange|p1a: Darmanitan|Darmanitan-Galar-Zen|
|upkeep
|turn|7
|
|move|p1a: Darmanitan|Earthquake|p2a: Excadrill
|-supereffective|p2a: Excadrill
|-damage|p2a: Excadrill|0 fnt
|faint|p2a: Excadrill
|
|upkeep
|
|switch|p2a: Marshadow|Marshadow|100/100
|turn|8
|
|move|p1a: Darmanitan|Endure|p1a: Darmanitan
|-singleturn|p1a: Darmanitan|move: Endure
|move|p2a: Marshadow|Shadow Sneak|p1a: Darmanitan
|-crit|p1a: Darmanitan
|-activate|p1a: Darmanitan|move: Endure
|-damage|p1a: Darmanitan|1/100
|
|upkeep
|turn|9
|
|move|p2a: Marshadow|Shadow Sneak|p1a: Darmanitan
|-damage|p1a: Darmanitan|0 fnt
|faint|p1a: Darmanitan
|
|upkeep
|
|switch|p1a: Persian|Persian-Alola, F|100/100
|-damage|p1a: Persian|88/100|[from] Stealth Rock
|turn|10
|
|move|p2a: Marshadow|Close Combat|p1a: Persian
|-supereffective|p1a: Persian
|-damage|p1a: Persian|0 fnt
|-unboost|p2a: Marshadow|def|1
|-unboost|p2a: Marshadow|spd|1
|faint|p1a: Persian
|
|upkeep
|
|switch|p1a: Grimmsnarl|Grimmsnarl, M, shiny|100/100
|-damage|p1a: Grimmsnarl|88/100|[from] Stealth Rock
|turn|11
|
|switch|p2a: Necrozma|Necrozma-Dusk-Mane|100/100
|move|p1a: Grimmsnarl|Bulk Up|p1a: Grimmsnarl
|-boost|p1a: Grimmsnarl|atk|1
|-boost|p1a: Grimmsnarl|def|1
|
|upkeep
|turn|12
|
|-start|p1a: Grimmsnarl|Dynamax
|-formechange|p1a: Grimmsnarl|Grimmsnarl-Gmax
|-heal|p1a: Grimmsnarl|88/100|[silent]
|move|p2a: Necrozma|Autotomize|p2a: Necrozma
|-boost|p2a: Necrozma|spe|2
|-start|p2a: Necrozma|Autotomize
|move|p1a: Grimmsnarl|G-Max Snooze|p2a: Necrozma
|-supereffective|p2a: Necrozma
|-damage|p2a: Necrozma|0 fnt
|faint|p2a: Necrozma
|
|upkeep
|
|switch|p2a: Zacian|Zacian-Crowned|100/100
|-ability|p2a: Zacian|Intrepid Sword|boost
|-boost|p2a: Zacian|atk|1
|turn|13
|
|move|p1a: Grimmsnarl|Max Guard|p1a: Grimmsnarl
|-singleturn|p1a: Grimmsnarl|Max Guard
|move|p2a: Zacian|Behemoth Blade|p1a: Grimmsnarl
|-activate|p1a: Grimmsnarl|move: Max Guard
|
|upkeep
|turn|14
|
|move|p2a: Zacian|Behemoth Blade|p1a: Grimmsnarl
|-supereffective|p1a: Grimmsnarl
|-damage|p1a: Grimmsnarl|0 fnt
|faint|p1a: Grimmsnarl
|
|upkeep
|
|switch|p1a: Toxtricity|Toxtricity, F|100/100
|-damage|p1a: Toxtricity|88/100|[from] Stealth Rock
|turn|15
|
|switch|p2a: Lunala|Lunala|100/100
|move|p1a: Toxtricity|Fire Punch|p2a: Lunala
|-damage|p2a: Lunala|95/100
|
|upkeep
|turn|16
|
|move|p1a: Toxtricity|Overdrive|p2a: Lunala
|-damage|p2a: Lunala|67/100
|move|p2a: Lunala|Will-O-Wisp|p1a: Toxtricity
|-status|p1a: Toxtricity|brn
|
|-damage|p1a: Toxtricity|82/100 brn|[from] brn
|upkeep
|turn|17
|
|move|p1a: Toxtricity|Overdrive|p2a: Lunala
|-damage|p2a: Lunala|41/100
|move|p2a: Lunala|Roost|p2a: Lunala
|-heal|p2a: Lunala|91/100
|-singleturn|p2a: Lunala|move: Roost
|
|-damage|p1a: Toxtricity|76/100 brn|[from] brn
|upkeep
|turn|18
|
|move|p1a: Toxtricity|Sludge Wave|p2a: Lunala
|-resisted|p2a: Lunala
|-damage|p2a: Lunala|80/100
|-status|p2a: Lunala|psn
|move|p2a: Lunala|Roost|p2a: Lunala
|-heal|p2a: Lunala|100/100 psn
|-singleturn|p2a: Lunala|move: Roost
|
|-damage|p1a: Toxtricity|70/100 brn|[from] brn
|-damage|p2a: Lunala|88/100 psn|[from] psn
|upkeep
|turn|19
|
|move|p1a: Toxtricity|Overdrive|p2a: Lunala
|-damage|p2a: Lunala|63/100 psn
|move|p2a: Lunala|Moongeist Beam|p1a: Toxtricity
|-damage|p1a: Toxtricity|20/100 brn
|
|-damage|p1a: Toxtricity|14/100 brn|[from] brn
|-damage|p2a: Lunala|51/100 psn|[from] psn
|upkeep
|turn|20
|
|move|p1a: Toxtricity|Overdrive|p2a: Lunala
|-damage|p2a: Lunala|26/100 psn
|move|p2a: Lunala|Roost|p2a: Lunala
|-heal|p2a: Lunala|76/100 psn
|-singleturn|p2a: Lunala|move: Roost
|
|-damage|p1a: Toxtricity|7/100 brn|[from] brn
|-damage|p2a: Lunala|64/100 psn|[from] psn
|upkeep
|turn|21
|
|move|p1a: Toxtricity|Overdrive|p2a: Lunala
|-damage|p2a: Lunala|37/100 psn
|move|p2a: Lunala|Moongeist Beam|p1a: Toxtricity
|-damage|p1a: Toxtricity|0 fnt
|faint|p1a: Toxtricity
|
|-damage|p2a: Lunala|25/100 psn|[from] psn
|upkeep
|inactive|regiplaysgames has 120 seconds left.
|
|switch|p1a: Zacian|Zacian-Crowned|100/100
|-damage|p1a: Zacian|94/100|[from] Stealth Rock
|-ability|p1a: Zacian|Intrepid Sword|boost
|-boost|p1a: Zacian|atk|1
|turn|22
|inactive|regiplaysgames has 120 seconds left.
|
|move|p1a: Zacian|Crunch|p2a: Lunala
|-supereffective|p2a: Lunala
|-damage|p2a: Lunala|0 fnt
|faint|p2a: Lunala
|
|upkeep
|
|switch|p2a: Marshadow|Marshadow|100/100
|turn|23
|
|move|p1a: Zacian|Play Rough|p2a: Marshadow
|-supereffective|p2a: Marshadow
|-enditem|p2a: Marshadow|Focus Sash
|-damage|p2a: Marshadow|1/100
|move|p2a: Marshadow|Spectral Thief||[still]
|-clearpositiveboost|p1a: Zacian|p2a: Marshadow|move: Spectral Thief
|-boost|p2a: Marshadow|atk|1
|-anim|p2a: Marshadow|Spectral Thief|p1a: Zacian
|-damage|p1a: Zacian|27/100
|
|upkeep
|turn|24
|inactive|regiplaysgames has 120 seconds left.
|
|move|p2a: Marshadow|Shadow Sneak|p1a: Zacian
|-damage|p1a: Zacian|0 fnt
|faint|p1a: Zacian
|
|win|Repecc
|l|☆regiplaysgames
