|j|☆hanshappy
|j|☆I Crit My Panties
|t:|1650853018
|gametype|singles
|player|p1|hanshappy|265|1449
|player|p2|I Crit My Panties|101|1594
|teamsize|p1|6
|teamsize|p2|6
|gen|8
|tier|[Gen 8] Ubers
|rated|
|rule|Sleep Clause Mod: Limit one foe put to sleep
|rule|Species Clause: Limit one of each Pokémon
|rule|OHKO Clause: OHKO moves are banned
|rule|Evasion Moves Clause: Evasion moves are banned
|rule|Endless Battle Clause: Forcing endless battles is banned
|rule|HP Percentage Mod: HP is shown in percentages
|rule|Dynamax Clause: You cannot dynamax
|clearpoke
|poke|p1|Slurpuff, M|
|poke|p1|Calyrex-Shadow|
|poke|p1|Yveltal|
|poke|p1|Groudon|
|poke|p1|Cloyster, M|
|poke|p1|Necrozma-Dusk-Mane|
|poke|p2|Hatterene, F|
|poke|p2|Porygon2|
|poke|p2|Magearna|
|poke|p2|Dracovish|
|poke|p2|Calyrex-Ice|
|poke|p2|Necrozma-Dusk-Mane|
|teampreview
|
|t:|1650853036
|start
|switch|p1a: Necrozma|Necrozma-Dusk-Mane|100/100
|switch|p2a: Necrozma|Necrozma-Dusk-Mane|100/100
|turn|1
|
|t:|1650853042
|move|p1a: Necrozma|Thunder Wave|p2a: Necrozma
|-status|p2a: Necrozma|par
|move|p2a: Necrozma|Swords Dance|p2a: Necrozma
|-boost|p2a: Necrozma|atk|2
|
|upkeep
|turn|2
|
|t:|1650853048
|move|p1a: Necrozma|Iron Head|p2a: Necrozma
|-resisted|p2a: Necrozma
|-damage|p2a: Necrozma|87/100 par
|move|p2a: Necrozma|Trick Room|p2a: Necrozma
|-fieldstart|move: Trick Room|[of] p2a: Necrozma
|
|upkeep
|turn|3
|j| Gun at j were
|
|t:|1650853056
|move|p2a: Necrozma|Sunsteel Strike|p1a: Necrozma
|-resisted|p1a: Necrozma
|-damage|p1a: Necrozma|57/100
|move|p1a: Necrozma|Stealth Rock|p2a: Necrozma
|-sidestart|p2: I Crit My Panties|move: Stealth Rock
|
|-heal|p1a: Necrozma|63/100|[from] item: Leftovers
|upkeep
|turn|4
|
|t:|1650853061
|move|p2a: Necrozma|Sunsteel Strike|p1a: Necrozma
|-resisted|p1a: Necrozma
|-damage|p1a: Necrozma|23/100
|move|p1a: Necrozma|Moonlight|p1a: Necrozma
|-heal|p1a: Necrozma|73/100
|
|-heal|p1a: Necrozma|79/100|[from] item: Leftovers
|upkeep
|turn|5
|
|t:|1650853068
|cant|p2a: Necrozma|par
|move|p1a: Necrozma|Moonlight|p1a: Necrozma
|-heal|p1a: Necrozma|100/100
|
|upkeep
|turn|6
|
|t:|1650853073
|switch|p1a: Slurpuff|Slurpuff, M|100/100
|move|p2a: Necrozma|Sunsteel Strike|p1a: Slurpuff
|-supereffective|p1a: Slurpuff
|-enditem|p1a: Slurpuff|Focus Sash
|-damage|p1a: Slurpuff|1/100
|
|-fieldend|move: Trick Room
|upkeep
|turn|7
|l| Gun at j were
|
|t:|1650853081
|move|p1a: Slurpuff|Endeavor|p2a: Necrozma
|-damage|p2a: Necrozma|1/100 par
|cant|p2a: Necrozma|par
|
|upkeep
|turn|8
|inactive|Battle timer is ON: inactive players will automatically lose when time's up. (requested by I Crit My Panties)
|
|t:|1650853104
|move|p1a: Slurpuff|Endeavor|p2a: Necrozma
|-immune|p2a: Necrozma
|move|p2a: Necrozma|Sunsteel Strike|p1a: Slurpuff
|-supereffective|p1a: Slurpuff
|-damage|p1a: Slurpuff|0 fnt
|faint|p1a: Slurpuff
|
|upkeep
|
|t:|1650853109
|switch|p1a: Calyrex|Calyrex-Shadow|100/100
|-ability|p1a: Calyrex|As One
|-ability|p1a: Calyrex|Unnerve
|turn|9
|
|t:|1650853115
|switch|p2a: Porygon2|Porygon2|100/100
|-damage|p2a: Porygon2|88/100|[from] Stealth Rock
|move|p1a: Calyrex|Psyshock|p2a: Porygon2
|-damage|p2a: Porygon2|65/100
|
|upkeep
|turn|10
|
|t:|1650853124
|switch|p1a: Groudon|Groudon|100/100
|-ability|p2a: Porygon2|Drought|[from] ability: Trace|[of] p1a: Groudon
|-weather|SunnyDay|[from] ability: Drought|[of] p2a: Porygon2
|move|p2a: Porygon2|Trick Room|p2a: Porygon2
|-fieldstart|move: Trick Room|[of] p2a: Porygon2
|
|-weather|SunnyDay|[upkeep]
|upkeep
|turn|11
|
|t:|1650853131
|move|p2a: Porygon2|Ice Beam|p1a: Groudon
|-supereffective|p1a: Groudon
|-damage|p1a: Groudon|60/100
|move|p1a: Groudon|Bulk Up|p1a: Groudon
|-boost|p1a: Groudon|atk|1
|-boost|p1a: Groudon|def|1
|
|-weather|SunnyDay|[upkeep]
|upkeep
|turn|12
|
|t:|1650853139
|move|p2a: Porygon2|Ice Beam|p1a: Groudon
|-supereffective|p1a: Groudon
|-damage|p1a: Groudon|17/100
|move|p1a: Groudon|Earthquake|p2a: Porygon2
|-damage|p2a: Porygon2|11/100
|-damage|p1a: Groudon|7/100|[from] item: Life Orb
|
|-weather|SunnyDay|[upkeep]
|upkeep
|turn|13
|
|t:|1650853146
|switch|p1a: Cloyster|Cloyster, M|100/100
|move|p2a: Porygon2|Ice Beam|p1a: Cloyster
|-resisted|p1a: Cloyster
|-damage|p1a: Cloyster|86/100
|
|-weather|SunnyDay|[upkeep]
|upkeep
|turn|14
|
|t:|1650853156
|move|p2a: Porygon2|Shadow Ball|p1a: Cloyster
|-damage|p1a: Cloyster|35/100
|move|p1a: Cloyster|Shell Smash|p1a: Cloyster
|-unboost|p1a: Cloyster|def|1
|-unboost|p1a: Cloyster|spd|1
|-boost|p1a: Cloyster|atk|2
|-boost|p1a: Cloyster|spa|2
|-boost|p1a: Cloyster|spe|2
|
|-weather|none
|-fieldend|move: Trick Room
|upkeep
|turn|15
|
|t:|1650853165
|switch|p2a: Necrozma|Necrozma-Dusk-Mane|1/100 par
|-damage|p2a: Necrozma|0 fnt|[from] Stealth Rock
|faint|p2a: Necrozma
|move|p1a: Cloyster|Icicle Spear|p2: Necrozma|[notarget]
|-fail|p1a: Cloyster
|
|upkeep
|
|t:|1650853168
|switch|p2a: Calyrex|Calyrex-Ice|100/100
|-ability|p2a: Calyrex|As One
|-ability|p2a: Calyrex|Unnerve
|turn|16
|
|t:|1650853176
|move|p1a: Cloyster|Liquidation|p2a: Calyrex
|-damage|p2a: Calyrex|57/100
|-unboost|p2a: Calyrex|def|1
|move|p2a: Calyrex|Trick Room|p2a: Calyrex
|-fieldstart|move: Trick Room|[of] p2a: Calyrex
|
|upkeep
|turn|17
|
|t:|1650853193
|move|p2a: Calyrex|High Horsepower|p1a: Cloyster
|-damage|p1a: Cloyster|0 fnt
|faint|p1a: Cloyster
|-ability|p2a: Calyrex|Chilling Neigh|boost
|-boost|p2a: Calyrex|atk|1
|
|upkeep
|
|t:|1650853196
|switch|p1a: Necrozma|Necrozma-Dusk-Mane|100/100
|turn|18
|
|t:|1650853200
|move|p2a: Calyrex|High Horsepower|p1a: Necrozma
|-supereffective|p1a: Necrozma
|-crit|p1a: Necrozma
|-damage|p1a: Necrozma|3/100
|move|p1a: Necrozma|Iron Head|p2a: Calyrex
|-supereffective|p2a: Calyrex
|-damage|p2a: Calyrex|0 fnt
|faint|p2a: Calyrex
|
|-heal|p1a: Necrozma|9/100|[from] item: Leftovers
|upkeep
|
|t:|1650853206
|switch|p2a: Dracovish|Dracovish|100/100
|-damage|p2a: Dracovish|88/100|[from] Stealth Rock
|turn|19
|
|t:|1650853215
|switch|p1a: Groudon|Groudon|7/100
|-weather|SunnyDay|[from] ability: Drought|[of] p1a: Groudon
|move|p2a: Dracovish|Fishious Rend|p1a: Groudon
|-supereffective|p1a: Groudon
|-damage|p1a: Groudon|0 fnt
|faint|p1a: Groudon
|
|-weather|SunnyDay|[upkeep]
|upkeep
|
|t:|1650853223
|switch|p1a: Calyrex|Calyrex-Shadow|100/100
|-ability|p1a: Calyrex|As One
|-ability|p1a: Calyrex|Unnerve
|turn|20
|
|t:|1650853227
|move|p2a: Dracovish|Fishious Rend|p1a: Calyrex
|-enditem|p1a: Calyrex|Focus Sash
|-damage|p1a: Calyrex|1/100
|move|p1a: Calyrex|Nasty Plot|p1a: Calyrex
|-boost|p1a: Calyrex|spa|2
|
|-weather|SunnyDay|[upkeep]
|-fieldend|move: Trick Room
|upkeep
|turn|21
|
|t:|1650853234
|switch|p2a: Porygon2|Porygon2|11/100
|-damage|p2a: Porygon2|0 fnt|[from] Stealth Rock
|faint|p2a: Porygon2
|move|p1a: Calyrex|Draining Kiss|p2: Porygon2|[notarget]
|-fail|p1a: Calyrex
|
|-weather|SunnyDay|[upkeep]
|upkeep
|
|t:|1650853240
|switch|p2a: Magearna|Magearna|100/100
|-damage|p2a: Magearna|94/100|[from] Stealth Rock
|turn|22
|
|t:|1650853244
|move|p1a: Calyrex|Astral Barrage|p2a: Magearna
|-damage|p2a: Magearna|4/100
|move|p2a: Magearna|Trick Room|p2a: Magearna
|-fieldstart|move: Trick Room|[of] p2a: Magearna
|
|-weather|SunnyDay|[upkeep]
|-heal|p2a: Magearna|10/100|[from] item: Leftovers
|upkeep
|turn|23
|
|t:|1650853265
|move|p2a: Magearna|Volt Switch|p1a: Calyrex
|-damage|p1a: Calyrex|0 fnt
|faint|p1a: Calyrex
|-ability|p2a: Magearna|Soul-Heart|boost
|-boost|p2a: Magearna|spa|1
|
|t:|1650853267
|switch|p2a: Dracovish|Dracovish|88/100|[from]move: Volt Switch
|-damage|p2a: Dracovish|75/100|[from] Stealth Rock
|
|-weather|none
|upkeep
|
|t:|1650853274
|switch|p1a: Yveltal|Yveltal|100/100
|-ability|p1a: Yveltal|Dark Aura
|turn|24
|
|t:|1650853279
|move|p1a: Yveltal|Sucker Punch|p2a: Dracovish
|-damage|p2a: Dracovish|38/100
|move|p2a: Dracovish|Fishious Rend|p1a: Yveltal
|-damage|p1a: Yveltal|16/100
|
|upkeep
|turn|25
|inactive|hanshappy has 120 seconds left.
|
|t:|1650853314
|move|p1a: Yveltal|Sucker Punch|p2a: Dracovish
|-crit|p2a: Dracovish
|-damage|p2a: Dracovish|0 fnt
|faint|p2a: Dracovish
|
|upkeep
|
|t:|1650853319
|switch|p2a: Hatterene|Hatterene, F|100/100
|-damage|p2a: Hatterene|88/100|[from] Stealth Rock
|turn|26
|
|t:|1650853329
|switch|p2a: Magearna|Magearna|10/100
|-damage|p2a: Magearna|4/100|[from] Stealth Rock
|move|p1a: Yveltal|Dark Pulse|p2a: Magearna
|-resisted|p2a: Magearna
|-damage|p2a: Magearna|0 fnt
|faint|p2a: Magearna
|
|-fieldend|move: Trick Room
|upkeep
|
|t:|1650853331
|switch|p2a: Hatterene|Hatterene, F|88/100
|-damage|p2a: Hatterene|76/100|[from] Stealth Rock
|turn|27
|
|t:|1650853336
|move|p1a: Yveltal|Dark Pulse|p2a: Hatterene
|-damage|p2a: Hatterene|6/100
|cant|p2a: Hatterene|flinch
|
|upkeep
|turn|28
|l|☆I Crit My Panties
|inactive|I Crit My Panties disconnected and has a minute to reconnect!
|player|p2|
|inactive|I Crit My Panties has 30 seconds to reconnect!
|inactive|I Crit My Panties has 20 seconds to reconnect!
|inactive|I Crit My Panties has 15 seconds to reconnect!
|inactive|I Crit My Panties has 10 seconds to reconnect!
|inactive|I Crit My Panties has 5 seconds to reconnect!
|-message|I Crit My Panties lost due to inactivity.
|
|win|hanshappy
|raw|hanshappy's rating: 1449 &rarr; <strong>1476</strong><br />(+27 for winning)
|raw|I Crit My Panties's rating: 1571 &rarr; <strong>1544</strong><br />(-27 for losing)
||Ladder isn't responding, score probably updated but might not have (Request timeout).
