|j|☆Fae Meteor
|j|☆hjuyttdd
|t:|1600791571
|player|p1|Fae Meteor|parasollady|
|player|p2|hjuyttdd|aromalady|
|teamsize|p1|6
|teamsize|p2|6
|gametype|singles
|gen|8
|tier|[Gen 8] Ubers
|rated|Tournament battle
|clearpoke
|poke|p1|Necrozma-Dusk-Mane|
|poke|p1|Marshadow|
|poke|p1|Kyurem-Black|
|poke|p1|Ditto|
|poke|p1|Zacian-Crowned|
|poke|p1|Tyranitar, M|
|poke|p2|Tyranitar, F|
|poke|p2|Zacian-Crowned|
|poke|p2|Excadrill, M|
|poke|p2|Eternatus|
|poke|p2|Corviknight, M|
|poke|p2|Quagsire, M|
|rule|Sleep Clause Mod: Limit one foe put to sleep
|rule|Species Clause: Limit one of each Pokémon
|rule|OHKO Clause: OHKO moves are banned
|rule|Evasion Moves Clause: Evasion moves are banned
|rule|Endless Battle Clause: Forcing endless battles is banned
|rule|HP Percentage Mod: HP is shown in percentages
|html|Ubers Dynamax Clause: Pokémon on the <a href="https://www.smogon.com/dex/ss/formats/uber/">Ubers Dynamax Banlist</a> cannot Dynamax.
|teampreview
|j| douunderstand
|c|☆Fae Meteor|gl hf
|j| itzcookie69
|c|☆hjuyttdd|u2
|inactive|Battle timer is ON: inactive players will automatically lose when time's up. (requested by hjuyttdd)
|c| itzcookie69|i was not strong enoughto defeat u but he is
|c|☆hjuyttdd|oh
|
|t:|1600791615
|start
|switch|p1a: Zacian|Zacian-Crowned|100/100
|switch|p2a: Tyra|Tyranitar, F|100/100
|-ability|p1a: Zacian|Intrepid Sword|boost
|-boost|p1a: Zacian|atk|1
|-weather|Sandstorm|[from] ability: Sand Stream|[of] p2a: Tyra
|turn|1
|c| itzcookie69|Fae Meteor i give u all of the remaining power i have
|c|☆hjuyttdd|just wanna have fun
|c|☆hjuyttdd|lol
|
|t:|1600791630
|switch|p2a: Quagsire|Quagsire, M|100/100
|move|p1a: Zacian|Close Combat|p2a: Quagsire
|-damage|p2a: Quagsire|62/100
|-unboost|p1a: Zacian|def|1
|-unboost|p1a: Zacian|spd|1
|
|-weather|Sandstorm|[upkeep]
|-heal|p2a: Quagsire|68/100|[from] item: Leftovers
|upkeep
|turn|2
|c| itzcookie69|HAAAAAAAAAAAAAAAAAAAAAAAAAAAAAAAAAAAAAAAAAAAAAAAAAAAAAAAAAAAAAAAAAAAAAAAAAAAAAAAAAAAAAAAAAAAAAAAAAAAAAAAAAAAAAAAAAAAAAAAAAAAAAAAAAAAAAAAAAAAAAAAAAAAAAAAAAAAAAAAAAAA
|j|+steelskitty
|
|t:|1600791633
|switch|p1a: Tyranitar|Tyranitar, M|100/100
|move|p2a: Quagsire|Recover|p2a: Quagsire
|-heal|p2a: Quagsire|100/100
|
|-weather|Sandstorm|[upkeep]
|upkeep
|turn|3
|
|t:|1600791638
|move|p1a: Tyranitar|Stealth Rock|p2a: Quagsire
|-sidestart|p2: hjuyttdd|move: Stealth Rock
|move|p2a: Quagsire|Earthquake|p1a: Tyranitar
|-supereffective|p1a: Tyranitar
|-damage|p1a: Tyranitar|52/100
|
|-weather|Sandstorm|[upkeep]
|upkeep
|turn|4
|
|t:|1600791646
|move|p1a: Tyranitar|Toxic|p2a: Quagsire
|-status|p2a: Quagsire|tox
|move|p2a: Quagsire|Earthquake|p1a: Tyranitar
|-supereffective|p1a: Tyranitar
|-damage|p1a: Tyranitar|9/100
|
|-weather|Sandstorm|[upkeep]
|-damage|p2a: Quagsire|94/100 tox|[from] psn
|upkeep
|turn|5
|j|+Fc04
|j| Might dragon
|c| itzcookie69|itzcookie69 has died
|c|☆hjuyttdd|oh fuk
|l| Might dragon
|c|☆hjuyttdd|that went very rong
|
|t:|1600791670
|switch|p2a: Corviknight|Corviknight, M|100/100
|-damage|p2a: Corviknight|88/100|[from] Stealth Rock
|-ability|p2a: Corviknight|Pressure
|move|p1a: Tyranitar|Rest|p1a: Tyranitar
|-status|p1a: Tyranitar|slp|[from] move: Rest
|-heal|p1a: Tyranitar|100/100 slp|[silent]
|
|-weather|Sandstorm|[upkeep]
|upkeep
|turn|6
|
|t:|1600791674
|switch|p1a: Zacian|Zacian-Crowned|100/100
|-ability|p1a: Zacian|Intrepid Sword|boost
|-boost|p1a: Zacian|atk|1
|move|p2a: Corviknight|Defog|p1a: Zacian
|-unboost|p1a: Zacian|evasion|1
|-sideend|p2: hjuyttdd|Stealth Rock|[from] move: Defog|[of] p2a: Corviknight
|
|-weather|Sandstorm|[upkeep]
|upkeep
|turn|7
|
|t:|1600791681
|move|p1a: Zacian|Close Combat|p2a: Corviknight
|-damage|p2a: Corviknight|41/100
|-unboost|p1a: Zacian|def|1
|-unboost|p1a: Zacian|spd|1
|-damage|p1a: Zacian|84/100|[from] item: Rocky Helmet|[of] p2a: Corviknight
|move|p2a: Corviknight|Iron Defense|p2a: Corviknight
|-boost|p2a: Corviknight|def|2
|
|-weather|Sandstorm|[upkeep]
|upkeep
|turn|8
|
|t:|1600791688
|switch|p1a: Marshadow|Marshadow|100/100
|move|p2a: Corviknight|Roost|p2a: Corviknight
|-heal|p2a: Corviknight|91/100
|-singleturn|p2a: Corviknight|move: Roost
|
|-weather|none
|upkeep
|turn|9
|
|t:|1600791693
|switch|p2a: Eternatus|Eternatus|100/100
|-ability|p2a: Eternatus|Pressure
|move|p1a: Marshadow|Spectral Thief|p2a: Eternatus
|-damage|p2a: Eternatus|67/100
|-damage|p1a: Marshadow|91/100|[from] item: Life Orb
|
|-heal|p2a: Eternatus|73/100|[from] item: Black Sludge
|upkeep
|turn|10
|j| Carloos
|
|t:|1600791701
|switch|p1a: Tyranitar|Tyranitar, M|100/100 slp
|-weather|Sandstorm|[from] ability: Sand Stream|[of] p1a: Tyranitar
|move|p2a: Eternatus|Toxic Spikes|p1a: Tyranitar
|-sidestart|p1: Fae Meteor|move: Toxic Spikes
|
|-weather|Sandstorm|[upkeep]
|-damage|p2a: Eternatus|67/100|[from] Sandstorm
|-heal|p2a: Eternatus|73/100|[from] item: Black Sludge
|upkeep
|turn|11
|
|t:|1600791710
|switch|p2a: Excadrill|Excadrill, M|100/100
|switch|p1a: Necrozma|Necrozma-Dusk-Mane|100/100
|
|-weather|Sandstorm|[upkeep]
|upkeep
|turn|12
|
|t:|1600791718
|switch|p2a: Corviknight|Corviknight, M|91/100
|-ability|p2a: Corviknight|Pressure
|move|p1a: Necrozma|Earthquake|p2a: Corviknight
|-immune|p2a: Corviknight
|
|-weather|Sandstorm|[upkeep]
|upkeep
|turn|13
|
|t:|1600791723
|switch|p1a: Zacian|Zacian-Crowned|84/100
|-ability|p1a: Zacian|Intrepid Sword|boost
|-boost|p1a: Zacian|atk|1
|move|p2a: Corviknight|Body Press|p1a: Zacian
|-damage|p1a: Zacian|61/100
|
|-weather|Sandstorm|[upkeep]
|upkeep
|turn|14
|
|t:|1600791727
|move|p1a: Zacian|Close Combat|p2a: Corviknight
|-damage|p2a: Corviknight|44/100
|-unboost|p1a: Zacian|def|1
|-unboost|p1a: Zacian|spd|1
|-damage|p1a: Zacian|44/100|[from] item: Rocky Helmet|[of] p2a: Corviknight
|move|p2a: Corviknight|Iron Defense|p2a: Corviknight
|-boost|p2a: Corviknight|def|2
|
|-weather|none
|upkeep
|turn|15
|
|t:|1600791731
|move|p1a: Zacian|Close Combat|p2a: Corviknight
|-crit|p2a: Corviknight
|-damage|p2a: Corviknight|0 fnt
|-unboost|p1a: Zacian|def|1
|-unboost|p1a: Zacian|spd|1
|-damage|p1a: Zacian|28/100|[from] item: Rocky Helmet|[of] p2a: Corviknight
|faint|p2a: Corviknight
|
|upkeep
|c|☆hjuyttdd|oh cmon
|c| douunderstand|unlucky
|c|☆hjuyttdd|wut is this
|c|☆hjuyttdd|plot armor
|inactive|hjuyttdd has 120 seconds left.
|
|t:|1600791763
|switch|p2a: Quagsire|Quagsire, M|94/100 tox
|turn|16
|
|t:|1600791789
|move|p1a: Zacian|Substitute|p1a: Zacian
|-start|p1a: Zacian|Substitute
|-damage|p1a: Zacian|3/100
|move|p2a: Quagsire|Earthquake|p1a: Zacian
|-supereffective|p1a: Zacian
|-end|p1a: Zacian|Substitute
|
|-heal|p2a: Quagsire|100/100 tox|[from] item: Leftovers
|-damage|p2a: Quagsire|94/100 tox|[from] psn
|upkeep
|turn|17
|
|t:|1600791797
|move|p1a: Zacian|Close Combat|p2a: Quagsire
|-damage|p2a: Quagsire|55/100 tox
|-unboost|p1a: Zacian|def|1
|-unboost|p1a: Zacian|spd|1
|move|p2a: Quagsire|Earthquake|p1a: Zacian
|-supereffective|p1a: Zacian
|-damage|p1a: Zacian|0 fnt
|faint|p1a: Zacian
|
|-heal|p2a: Quagsire|61/100 tox|[from] item: Leftovers
|-damage|p2a: Quagsire|49/100 tox|[from] psn
|upkeep
|
|t:|1600791801
|switch|p1a: Kyurem|Kyurem-Black|100/100
|-status|p1a: Kyurem|psn
|-ability|p1a: Kyurem|Teravolt
|turn|18
|
|t:|1600791806
|move|p1a: Kyurem|Dragon Dance|p1a: Kyurem
|-boost|p1a: Kyurem|atk|1
|-boost|p1a: Kyurem|spe|1
|move|p2a: Quagsire|Earthquake|p1a: Kyurem
|-damage|p1a: Kyurem|75/100 psn
|
|-heal|p2a: Quagsire|55/100 tox|[from] item: Leftovers
|-damage|p1a: Kyurem|63/100 psn|[from] psn
|-damage|p2a: Quagsire|37/100 tox|[from] psn
|upkeep
|turn|19
|
|t:|1600791810
|-start|p1a: Kyurem|Dynamax
|-heal|p1a: Kyurem|63/100 psn|[silent]
|move|p1a: Kyurem|Max Hailstorm|p2a: Quagsire
|-damage|p2a: Quagsire|0 fnt
|-weather|Hail
|-damage|p1a: Kyurem|58/100 psn|[from] item: Life Orb
|faint|p2a: Quagsire
|
|-weather|Hail|[upkeep]
|-damage|p1a: Kyurem|52/100 psn|[from] psn
|upkeep
|
|t:|1600791817
|switch|p2a: Zacian|Zacian-Crowned|100/100
|-ability|p2a: Zacian|Intrepid Sword|boost
|-boost|p2a: Zacian|atk|1
|turn|20
|
|t:|1600791821
|move|p1a: Kyurem|Max Lightning|p2a: Zacian
|-damage|p2a: Zacian|0 fnt
|-fieldstart|move: Electric Terrain
|-damage|p1a: Kyurem|47/100 psn|[from] item: Life Orb
|faint|p2a: Zacian
|
|-weather|Hail|[upkeep]
|-damage|p1a: Kyurem|40/100 psn|[from] psn
|upkeep
|
|t:|1600791826
|switch|p2a: Tyra|Tyranitar, F|100/100
|-weather|Sandstorm|[from] ability: Sand Stream|[of] p2a: Tyra
|turn|21
|
|t:|1600791843
|move|p1a: Kyurem|Max Hailstorm|p2a: Tyra
|-damage|p2a: Tyra|0 fnt
|-weather|Hail
|-damage|p1a: Kyurem|35/100 psn|[from] item: Life Orb
|faint|p2a: Tyra
|
|-weather|Hail|[upkeep]
|-damage|p1a: Kyurem|29/100 psn|[from] psn
|-end|p1a: Kyurem|Dynamax
|-heal|p1a: Kyurem|29/100 psn|[silent]
|upkeep
|
|t:|1600791845
|switch|p2a: Excadrill|Excadrill, M|100/100
|turn|22
|
|t:|1600791848
|-start|p2a: Excadrill|Dynamax
|-heal|p2a: Excadrill|100/100|[silent]
|move|p1a: Kyurem|Icicle Spear|p2a: Excadrill
|-damage|p2a: Excadrill|77/100
|-damage|p2a: Excadrill|55/100
|-hitcount|p2a: Excadrill|2
|-damage|p1a: Kyurem|19/100 psn|[from] item: Life Orb
|move|p2a: Excadrill|Max Rockfall|p1a: Kyurem
|-supereffective|p1a: Kyurem
|-damage|p1a: Kyurem|0 fnt
|-weather|Sandstorm
|-damage|p2a: Excadrill|50/100|[from] item: Life Orb
|faint|p1a: Kyurem
|
|-weather|Sandstorm|[upkeep]
|upkeep
|
|t:|1600791874
|switch|p1a: Marshadow|Marshadow|91/100
|-status|p1a: Marshadow|psn
|turn|23
|
|t:|1600791877
|move|p1a: Marshadow|Shadow Sneak|p2a: Excadrill
|-damage|p2a: Excadrill|24/100
|-damage|p1a: Marshadow|81/100 psn|[from] item: Life Orb
|move|p2a: Excadrill|Max Quake|p1a: Marshadow
|-damage|p1a: Marshadow|0 fnt
|-boost|p2a: Excadrill|spd|1
|-damage|p2a: Excadrill|19/100|[from] item: Life Orb
|faint|p1a: Marshadow
|
|-weather|Sandstorm|[upkeep]
|upkeep
|
|t:|1600791881
|switch|p1a: Ditto|Ditto|100/100
|-status|p1a: Ditto|psn
|-transform|p1a: Ditto|p2a: Excadrill|[from] ability: Imposter
|turn|24
|
|t:|1600791884
|move|p2a: Excadrill|Max Guard|p2a: Excadrill
|-singleturn|p2a: Excadrill|Max Guard
|move|p1a: Ditto|Earthquake|p2a: Excadrill
|-activate|p2a: Excadrill|move: Max Guard
|
|-weather|Sandstorm|[upkeep]
|-damage|p1a: Ditto|88/100 psn|[from] psn
|-fieldend|move: Electric Terrain
|-end|p2a: Excadrill|Dynamax
|-heal|p2a: Excadrill|20/100|[silent]
|upkeep
|turn|25
|
|t:|1600791888
|move|p1a: Ditto|Earthquake|p2a: Excadrill
|-supereffective|p2a: Excadrill
|-damage|p2a: Excadrill|0 fnt
|faint|p2a: Excadrill
|
|-weather|Sandstorm|[upkeep]
|-damage|p1a: Ditto|76/100 psn|[from] psn
|upkeep
|
|t:|1600791890
|switch|p2a: Eternatus|Eternatus|73/100
|-ability|p2a: Eternatus|Pressure
|turn|26
|c|+steelskitty|sad
|l|☆hjuyttdd
|inactive|hjuyttdd disconnected and has a minute to reconnect!
|player|p2|
|c| douunderstand|really
|c|+steelskitty|now that's a bit rude
|l| Carloos
|j|☆hjuyttdd
|inactive|hjuyttdd reconnected and has 120 seconds left.
|player|p2|hjuyttdd|aromalady
|c|☆hjuyttdd|it was internet problem
|c|☆hjuyttdd|i swear
|inactive|hjuyttdd has 90 seconds left.
|
|t:|1600791952
|move|p1a: Ditto|Earthquake|p2a: Eternatus
|-supereffective|p2a: Eternatus
|-damage|p2a: Eternatus|11/100
|move|p2a: Eternatus|Flamethrower|p1a: Ditto
|-supereffective|p1a: Ditto
|-damage|p1a: Ditto|16/100 psn
|
|-weather|none
|-heal|p2a: Eternatus|17/100|[from] item: Black Sludge
|-damage|p1a: Ditto|3/100 psn|[from] psn
|upkeep
|turn|27
|c| douunderstand|i get that too
|
|t:|1600791958
|move|p1a: Ditto|Earthquake|p2a: Eternatus
|-supereffective|p2a: Eternatus
|-damage|p2a: Eternatus|0 fnt
|faint|p2a: Eternatus
|
|win|Fae Meteor
