|j|☆nxbkn stall bro
|j|☆King Billu
|t:|1624697563
|gametype|singles
|player|p1|nxbkn stall bro|n|
|player|p2|King Billu|rood|
|teamsize|p1|6
|teamsize|p2|6
|gen|8
|tier|[Gen 8] Ubers
|rated|Tournament battle
|rule|Sleep Clause Mod: Limit one foe put to sleep
|rule|Species Clause: Limit one of each Pokémon
|rule|OHKO Clause: OHKO moves are banned
|rule|Evasion Moves Clause: Evasion moves are banned
|rule|Endless Battle Clause: Forcing endless battles is banned
|rule|HP Percentage Mod: HP is shown in percentages
|rule|Dynamax Clause: You cannot dynamax
|clearpoke
|poke|p1|Calyrex-Shadow|
|poke|p1|Zygarde|
|poke|p1|Necrozma-Dusk-Mane|
|poke|p1|Yveltal|
|poke|p1|Eternatus|
|poke|p1|Kyogre|
|poke|p2|Shedinja|
|poke|p2|Ho-Oh|
|poke|p2|Necrozma-Dusk-Mane|
|poke|p2|Xerneas-*|
|poke|p2|Blissey, F|
|poke|p2|Yveltal|
|teampreview
|
|t:|1624697586
|start
|switch|p1a: Calyrex|Calyrex-Shadow|100/100
|switch|p2a: Xerneas|Xerneas|100/100
|-ability|p1a: Calyrex|As One
|-ability|p1a: Calyrex|Unnerve
|-ability|p2a: Xerneas|Fairy Aura
|turn|1
|
|t:|1624697590
|switch|p2a: Yveltal|Yveltal|100/100
|-ability|p2a: Yveltal|Dark Aura
|move|p1a: Calyrex|Trick|p2a: Yveltal
|-activate|p1a: Calyrex|move: Trick|[of] p2a: Yveltal
|-item|p2a: Yveltal|Choice Specs|[from] move: Trick
|-item|p1a: Calyrex|Heavy-Duty Boots|[from] move: Trick
|
|upkeep
|turn|2
|inactive|Battle timer is ON: inactive players will automatically lose when time's up. (requested by nxbkn stall bro)
|
|t:|1624697597
|switch|p1a: Eternatus|Eternatus|100/100
|-ability|p1a: Eternatus|Pressure
|switch|p2a: Necrozma|Necrozma-Dusk-Mane|100/100
|
|upkeep
|turn|3
|
|t:|1624697601
|move|p1a: Eternatus|Flamethrower|p2a: Necrozma
|-supereffective|p2a: Necrozma
|-damage|p2a: Necrozma|64/100
|move|p2a: Necrozma|Knock Off|p1a: Eternatus
|-damage|p1a: Eternatus|76/100
|-enditem|p1a: Eternatus|Black Sludge|[from] move: Knock Off|[of] p2a: Necrozma
|
|upkeep
|turn|4
|
|t:|1624697607
|move|p1a: Eternatus|Flamethrower|p2a: Necrozma
|-supereffective|p2a: Necrozma
|-damage|p2a: Necrozma|28/100
|move|p2a: Necrozma|Morning Sun|p2a: Necrozma
|-heal|p2a: Necrozma|78/100
|
|upkeep
|turn|5
|
|t:|1624697612
|move|p1a: Eternatus|Flamethrower|p2a: Necrozma
|-supereffective|p2a: Necrozma
|-damage|p2a: Necrozma|46/100
|move|p2a: Necrozma|Thunder Wave|p1a: Eternatus
|-status|p1a: Eternatus|par
|
|upkeep
|turn|6
|
|t:|1624697617
|switch|p2a: Blissey|Blissey, F|100/100
|move|p1a: Eternatus|Flamethrower|p2a: Blissey
|-damage|p2a: Blissey|89/100
|
|upkeep
|turn|7
|
|t:|1624697620
|cant|p1a: Eternatus|par
|move|p2a: Blissey|Stealth Rock|p1a: Eternatus
|-sidestart|p1: nxbkn stall bro|move: Stealth Rock
|
|upkeep
|turn|8
|
|t:|1624697623
|switch|p1a: Yveltal|Yveltal|100/100
|-ability|p1a: Yveltal|Dark Aura
|move|p2a: Blissey|Seismic Toss|p1a: Yveltal
|-damage|p1a: Yveltal|79/100
|
|upkeep
|turn|9
|
|t:|1624697626
|switch|p2a: Xerneas|Xerneas|100/100
|-ability|p2a: Xerneas|Fairy Aura
|move|p1a: Yveltal|Defog|p2a: Xerneas
|-unboost|p2a: Xerneas|evasion|1
|-sideend|p1: nxbkn stall bro|Stealth Rock|[from] move: Defog|[of] p1a: Yveltal
|
|upkeep
|turn|10
|j| walxh
|
|t:|1624697631
|switch|p2a: Ho-Oh|Ho-Oh|100/100
|switch|p1a: Necrozma|Necrozma-Dusk-Mane, shiny|100/100
|
|upkeep
|turn|11
|
|t:|1624697638
|switch|p2a: Necrozma|Necrozma-Dusk-Mane|46/100
|switch|p1a: Eternatus|Eternatus|76/100 par
|-ability|p1a: Eternatus|Pressure
|
|upkeep
|turn|12
|
|t:|1624697642
|move|p2a: Necrozma|Morning Sun|p2a: Necrozma
|-heal|p2a: Necrozma|96/100
|move|p1a: Eternatus|Flamethrower|p2a: Necrozma
|-supereffective|p2a: Necrozma
|-damage|p2a: Necrozma|59/100
|-status|p2a: Necrozma|brn
|
|-damage|p2a: Necrozma|53/100 brn|[from] brn
|upkeep
|turn|13
|
|t:|1624697646
|switch|p2a: Blissey|Blissey, F|89/100
|move|p1a: Eternatus|Recover|p1a: Eternatus
|-heal|p1a: Eternatus|100/100 par
|
|upkeep
|turn|14
|
|t:|1624697654
|switch|p1a: Zygarde|Zygarde|100/100
|move|p2a: Blissey|Stealth Rock|p1a: Zygarde
|-sidestart|p1: nxbkn stall bro|move: Stealth Rock
|
|upkeep
|turn|15
|
|t:|1624697657
|switch|p2a: Xerneas|Xerneas|100/100
|-ability|p2a: Xerneas|Fairy Aura
|move|p1a: Zygarde|Substitute|p1a: Zygarde
|-start|p1a: Zygarde|Substitute
|-damage|p1a: Zygarde|75/100
|
|-heal|p1a: Zygarde|82/100|[from] item: Leftovers
|upkeep
|turn|16
|
|t:|1624697668
|move|p1a: Zygarde|Thousand Arrows|p2a: Xerneas
|-damage|p2a: Xerneas|80/100
|move|p2a: Xerneas|Aromatherapy|p2a: Xerneas
|-activate|p2a: Xerneas|move: Aromatherapy
|-curestatus|p2: Necrozma|brn|[msg]
|
|-heal|p1a: Zygarde|88/100|[from] item: Leftovers
|-heal|p2a: Xerneas|86/100|[from] item: Leftovers
|upkeep
|turn|17
|
|t:|1624697673
|move|p1a: Zygarde|Thousand Arrows|p2a: Xerneas
|-damage|p2a: Xerneas|62/100
|move|p2a: Xerneas|Moonblast|p1a: Zygarde
|-supereffective|p1a: Zygarde
|-end|p1a: Zygarde|Substitute
|
|-heal|p1a: Zygarde|94/100|[from] item: Leftovers
|-heal|p2a: Xerneas|69/100|[from] item: Leftovers
|upkeep
|turn|18
|
|t:|1624697679
|switch|p1a: Necrozma|Necrozma-Dusk-Mane, shiny|100/100
|-damage|p1a: Necrozma|94/100|[from] Stealth Rock
|move|p2a: Xerneas|Moonblast|p1a: Necrozma
|-resisted|p1a: Necrozma
|-damage|p1a: Necrozma|72/100
|-unboost|p1a: Necrozma|spa|1
|
|-heal|p2a: Xerneas|75/100|[from] item: Leftovers
|upkeep
|turn|19
|
|t:|1624697689
|switch|p2a: Ho-Oh|Ho-Oh|100/100
|move|p1a: Necrozma|Stealth Rock|p2a: Ho-Oh
|-sidestart|p2: King Billu|move: Stealth Rock
|
|upkeep
|turn|20
|
|t:|1624697694
|switch|p1a: Eternatus|Eternatus|100/100 par
|-damage|p1a: Eternatus|88/100 par|[from] Stealth Rock
|-ability|p1a: Eternatus|Pressure
|move|p2a: Ho-Oh|Whirlwind|p1a: Eternatus
|drag|p1a: Kyogre|Kyogre|100/100
|-damage|p1a: Kyogre|88/100|[from] Stealth Rock
|-weather|RainDance|[from] ability: Drizzle|[of] p1a: Kyogre
|
|-weather|RainDance|[upkeep]
|upkeep
|turn|21
|
|t:|1624697700
|switch|p2a: Shedinja|Shedinja|100/100
|move|p1a: Kyogre|Origin Pulse|p2a: Shedinja
|-immune|p2a: Shedinja|[from] ability: Wonder Guard
|
|-weather|RainDance|[upkeep]
|upkeep
|turn|22
|
|t:|1624697712
|switch|p1a: Zygarde|Zygarde|94/100
|-damage|p1a: Zygarde|88/100|[from] Stealth Rock
|switch|p2a: Blissey|Blissey, F|89/100
|
|-weather|RainDance|[upkeep]
|-heal|p1a: Zygarde|94/100|[from] item: Leftovers
|upkeep
|turn|23
|
|t:|1624697719
|switch|p2a: Xerneas|Xerneas|75/100
|-damage|p2a: Xerneas|62/100|[from] Stealth Rock
|-ability|p2a: Xerneas|Fairy Aura
|move|p1a: Zygarde|Substitute|p1a: Zygarde
|-start|p1a: Zygarde|Substitute
|-damage|p1a: Zygarde|69/100
|
|-weather|RainDance|[upkeep]
|-heal|p1a: Zygarde|75/100|[from] item: Leftovers
|-heal|p2a: Xerneas|69/100|[from] item: Leftovers
|upkeep
|turn|24
|
|t:|1624697739
|move|p1a: Zygarde|Thousand Arrows|p2a: Xerneas
|-damage|p2a: Xerneas|48/100
|move|p2a: Xerneas|Moonblast|p1a: Zygarde
|-supereffective|p1a: Zygarde
|-crit|p1a: Zygarde
|-end|p1a: Zygarde|Substitute
|
|-weather|none
|-heal|p1a: Zygarde|81/100|[from] item: Leftovers
|-heal|p2a: Xerneas|55/100|[from] item: Leftovers
|upkeep
|turn|25
|
|t:|1624697747
|move|p1a: Zygarde|Thousand Arrows|p2a: Xerneas
|-damage|p2a: Xerneas|31/100
|move|p2a: Xerneas|Moonblast|p1a: Zygarde
|-supereffective|p1a: Zygarde
|-damage|p1a: Zygarde|0 fnt
|faint|p1a: Zygarde
|
|-heal|p2a: Xerneas|38/100|[from] item: Leftovers
|upkeep
|
|t:|1624697751
|switch|p1a: Calyrex|Calyrex-Shadow|100/100
|-ability|p1a: Calyrex|As One
|-ability|p1a: Calyrex|Unnerve
|turn|26
|
|t:|1624697755
|switch|p2a: Yveltal|Yveltal|100/100
|-damage|p2a: Yveltal|76/100|[from] Stealth Rock
|-ability|p2a: Yveltal|Dark Aura
|move|p1a: Calyrex|Astral Barrage|p2a: Yveltal
|-resisted|p2a: Yveltal
|-damage|p2a: Yveltal|53/100
|
|upkeep
|turn|27
|
|t:|1624697760
|move|p1a: Calyrex|Astral Barrage|p2a: Yveltal
|-resisted|p2a: Yveltal
|-damage|p2a: Yveltal|30/100
|move|p2a: Yveltal|Roost|p2a: Yveltal
|-heal|p2a: Yveltal|80/100
|-singleturn|p2a: Yveltal|move: Roost
|
|upkeep
|turn|28
|
|t:|1624697768
|move|p1a: Calyrex|Psyshock|p2a: Yveltal
|-immune|p2a: Yveltal
|move|p2a: Yveltal|Roost|p2a: Yveltal
|-heal|p2a: Yveltal|100/100
|-singleturn|p2a: Yveltal|move: Roost
|
|upkeep
|turn|29
|
|t:|1624697773
|switch|p2a: Ho-Oh|Ho-Oh|100/100
|move|p1a: Calyrex|Psyshock|p2a: Ho-Oh
|-damage|p2a: Ho-Oh|66/100
|
|upkeep
|turn|30
|
|t:|1624697783
|switch|p2a: Yveltal|Yveltal|100/100
|-damage|p2a: Yveltal|76/100|[from] Stealth Rock
|-ability|p2a: Yveltal|Dark Aura
|move|p1a: Calyrex|Astral Barrage|p2a: Yveltal
|-resisted|p2a: Yveltal
|-damage|p2a: Yveltal|53/100
|
|upkeep
|turn|31
|
|t:|1624697792
|move|p1a: Calyrex|Astral Barrage|p2a: Yveltal
|-resisted|p2a: Yveltal
|-damage|p2a: Yveltal|30/100
|move|p2a: Yveltal|Roost|p2a: Yveltal
|-heal|p2a: Yveltal|80/100
|-singleturn|p2a: Yveltal|move: Roost
|
|upkeep
|turn|32
|j| Conigliolo
|
|t:|1624697800
|switch|p2a: Ho-Oh|Ho-Oh|99/100
|move|p1a: Calyrex|Psyshock|p2a: Ho-Oh
|-damage|p2a: Ho-Oh|65/100
|
|upkeep
|turn|33
|
|t:|1624697805
|move|p1a: Calyrex|Psyshock|p2a: Ho-Oh
|-damage|p2a: Ho-Oh|31/100
|move|p2a: Ho-Oh|Thunder Wave|p1a: Calyrex
|-status|p1a: Calyrex|par
|
|upkeep
|turn|34
|
|t:|1624697810
|switch|p2a: Yveltal|Yveltal|80/100
|-damage|p2a: Yveltal|55/100|[from] Stealth Rock
|-ability|p2a: Yveltal|Dark Aura
|cant|p1a: Calyrex|par
|
|upkeep
|turn|35
|
|t:|1624697815
|switch|p1a: Eternatus|Eternatus|88/100 par
|-damage|p1a: Eternatus|76/100 par|[from] Stealth Rock
|-ability|p1a: Eternatus|Pressure
|move|p2a: Yveltal|Roost|p2a: Yveltal
|-heal|p2a: Yveltal|100/100
|-singleturn|p2a: Yveltal|move: Roost
|
|upkeep
|turn|36
|
|t:|1624697823
|switch|p2a: Blissey|Blissey, F|89/100
|switch|p1a: Calyrex|Calyrex-Shadow|100/100 par
|-ability|p1a: Calyrex|As One
|-ability|p1a: Calyrex|Unnerve
|
|upkeep
|turn|37
|
|t:|1624697830
|switch|p2a: Yveltal|Yveltal|100/100
|-damage|p2a: Yveltal|76/100|[from] Stealth Rock
|-ability|p2a: Yveltal|Dark Aura
|move|p1a: Calyrex|Aromatherapy|p1a: Calyrex
|-activate|p1a: Calyrex|move: Aromatherapy
|-curestatus|p1a: Calyrex|par|[msg]
|-curestatus|p1: Eternatus|par|[msg]
|
|upkeep
|turn|38
|
|t:|1624697840
|switch|p1a: Eternatus|Eternatus|76/100
|-damage|p1a: Eternatus|63/100|[from] Stealth Rock
|-ability|p1a: Eternatus|Pressure
|move|p2a: Yveltal|Snarl|p1a: Eternatus
|-damage|p1a: Eternatus|35/100
|-unboost|p1a: Eternatus|spa|1
|
|upkeep
|turn|39
|
|t:|1624697861
|switch|p2a: Necrozma|Necrozma-Dusk-Mane|53/100
|-damage|p2a: Necrozma|47/100|[from] Stealth Rock
|move|p1a: Eternatus|Recover|p1a: Eternatus
|-heal|p1a: Eternatus|86/100
|
|upkeep
|turn|40
|
|t:|1624697868
|move|p1a: Eternatus|Flamethrower|p2a: Necrozma
|-supereffective|p2a: Necrozma
|-damage|p2a: Necrozma|25/100
|move|p2a: Necrozma|Thunder Wave|p1a: Eternatus
|-status|p1a: Eternatus|par
|
|upkeep
|turn|41
|
|t:|1624697873
|move|p2a: Necrozma|Morning Sun|p2a: Necrozma
|-heal|p2a: Necrozma|75/100
|move|p1a: Eternatus|Flamethrower|p2a: Necrozma
|-supereffective|p2a: Necrozma
|-damage|p2a: Necrozma|52/100
|-status|p2a: Necrozma|brn
|
|-damage|p2a: Necrozma|46/100 brn|[from] brn
|upkeep
|turn|42
|
|t:|1624697879
|switch|p2a: Blissey|Blissey, F|89/100
|switch|p1a: Calyrex|Calyrex-Shadow|100/100
|-ability|p1a: Calyrex|As One
|-ability|p1a: Calyrex|Unnerve
|
|upkeep
|turn|43
|
|t:|1624697885
|switch|p2a: Ho-Oh|Ho-Oh|64/100
|move|p1a: Calyrex|Aromatherapy|p1a: Calyrex
|-activate|p1a: Calyrex|move: Aromatherapy
|-curestatus|p1: Eternatus|par|[msg]
|
|upkeep
|turn|44
|
|t:|1624697892
|move|p1a: Calyrex|Astral Barrage|p2a: Ho-Oh
|-damage|p2a: Ho-Oh|21/100
|move|p2a: Ho-Oh|Thunder Wave|p1a: Calyrex
|-status|p1a: Calyrex|par
|
|upkeep
|turn|45
|j| lucaluna
|
|t:|1624697898
|switch|p2a: Yveltal|Yveltal|76/100
|-damage|p2a: Yveltal|51/100|[from] Stealth Rock
|-ability|p2a: Yveltal|Dark Aura
|move|p1a: Calyrex|Aromatherapy|p1a: Calyrex
|-activate|p1a: Calyrex|move: Aromatherapy
|-curestatus|p1a: Calyrex|par|[msg]
|
|upkeep
|turn|46
|
|t:|1624697905
|switch|p1a: Eternatus|Eternatus|86/100
|-damage|p1a: Eternatus|73/100|[from] Stealth Rock
|-ability|p1a: Eternatus|Pressure
|move|p2a: Yveltal|Roost|p2a: Yveltal
|-heal|p2a: Yveltal|100/100
|-singleturn|p2a: Yveltal|move: Roost
|
|upkeep
|turn|47
|
|t:|1624697911
|switch|p1a: Calyrex|Calyrex-Shadow|100/100
|-ability|p1a: Calyrex|As One
|-ability|p1a: Calyrex|Unnerve
|switch|p2a: Blissey|Blissey, F|89/100
|
|upkeep
|turn|48
|
|t:|1624697918
|switch|p2a: Yveltal|Yveltal|100/100
|-damage|p2a: Yveltal|76/100|[from] Stealth Rock
|-ability|p2a: Yveltal|Dark Aura
|move|p1a: Calyrex|Astral Barrage|p2a: Yveltal
|-resisted|p2a: Yveltal
|-damage|p2a: Yveltal|55/100
|
|upkeep
|turn|49
|
|t:|1624697923
|switch|p1a: Eternatus|Eternatus|73/100
|-damage|p1a: Eternatus|61/100|[from] Stealth Rock
|-ability|p1a: Eternatus|Pressure
|move|p2a: Yveltal|Roost|p2a: Yveltal
|-heal|p2a: Yveltal|100/100
|-singleturn|p2a: Yveltal|move: Roost
|
|upkeep
|turn|50
|
|t:|1624697938
|switch|p2a: Blissey|Blissey, F|89/100
|move|p1a: Eternatus|Recover|p1a: Eternatus
|-heal|p1a: Eternatus|100/100
|
|upkeep
|turn|51
|c|☆nxbkn stall bro|did u brought stall by seeing my name?
|c|☆nxbkn stall bro|._.
|c|☆King Billu|ye
|
|t:|1624697965
|move|p1a: Eternatus|Toxic|p2a: Blissey
|-status|p2a: Blissey|tox
|move|p2a: Blissey|Confide|p1a: Eternatus
|-unboost|p1a: Eternatus|spa|1
|
|-damage|p2a: Blissey|83/100 tox|[from] psn
|upkeep
|turn|52
|c| walxh|lmfao
|c| lucaluna|lol
|c|☆King Billu|thats the only reason
|c| lucaluna|please dont use names like these
|
|t:|1624697988
|move|p1a: Eternatus|Flamethrower|p2a: Blissey
|-damage|p2a: Blissey|76/100 tox
|move|p2a: Blissey|Seismic Toss|p1a: Eternatus
|-damage|p1a: Eternatus|80/100
|
|-damage|p2a: Blissey|64/100 tox|[from] psn
|upkeep
|turn|53
|c| lucaluna|kb will haunt ur dreams
|c| lucaluna|XD
|
|t:|1624697993
|move|p1a: Eternatus|Flamethrower|p2a: Blissey
|-damage|p2a: Blissey|57/100 tox
|move|p2a: Blissey|Soft-Boiled|p2a: Blissey
|-heal|p2a: Blissey|100/100 tox
|
|-damage|p2a: Blissey|82/100 tox|[from] psn
|upkeep
|turn|54
|
|t:|1624698001
|move|p1a: Eternatus|Flamethrower|p2a: Blissey
|-damage|p2a: Blissey|75/100 tox
|move|p2a: Blissey|Confide|p1a: Eternatus
|-unboost|p1a: Eternatus|spa|1
|
|-damage|p2a: Blissey|50/100 tox|[from] psn
|upkeep
|turn|55
|
|t:|1624698008
|switch|p1a: Calyrex|Calyrex-Shadow|100/100
|-ability|p1a: Calyrex|As One
|-ability|p1a: Calyrex|Unnerve
|move|p2a: Blissey|Soft-Boiled|p2a: Blissey
|-heal|p2a: Blissey|99/100 tox
|
|-damage|p2a: Blissey|69/100 tox|[from] psn
|upkeep
|turn|56
|
|t:|1624698018
|switch|p1a: Eternatus|Eternatus|80/100
|-damage|p1a: Eternatus|67/100|[from] Stealth Rock
|-ability|p1a: Eternatus|Pressure
|switch|p2a: Yveltal|Yveltal|100/100
|-damage|p2a: Yveltal|76/100|[from] Stealth Rock
|-ability|p2a: Yveltal|Dark Aura
|
|upkeep
|turn|57
|
|t:|1624698032
|switch|p2a: Blissey|Blissey, F|69/100
|move|p1a: Eternatus|Toxic|p2a: Blissey
|-status|p2a: Blissey|tox
|
|-damage|p2a: Blissey|63/100 tox|[from] psn
|upkeep
|turn|58
|
|t:|1624698039
|move|p1a: Eternatus|Recover|p1a: Eternatus
|-heal|p1a: Eternatus|100/100
|move|p2a: Blissey|Soft-Boiled|p2a: Blissey
|-heal|p2a: Blissey|100/100 tox
|
|-damage|p2a: Blissey|88/100 tox|[from] psn
|upkeep
|turn|59
|
|t:|1624698048
|switch|p1a: Calyrex|Calyrex-Shadow|100/100
|-ability|p1a: Calyrex|As One
|-ability|p1a: Calyrex|Unnerve
|-curestatus|p2a: Blissey|tox|[from] ability: Natural Cure
|switch|p2a: Ho-Oh|Ho-Oh|54/100
|
|upkeep
|turn|60
|
|t:|1624698052
|switch|p1a: Eternatus|Eternatus|100/100
|-damage|p1a: Eternatus|88/100|[from] Stealth Rock
|-ability|p1a: Eternatus|Pressure
|move|p2a: Ho-Oh|Thunder Wave|p1a: Eternatus
|-status|p1a: Eternatus|par
|
|upkeep
|turn|61
|inactive|King Billu has 120 seconds left.
|
|t:|1624698102
|switch|p2a: Blissey|Blissey, F|88/100
|cant|p1a: Eternatus|par
|
|upkeep
|turn|62
|c|☆nxbkn stall bro|i wish i brought banded darm
|c|☆nxbkn stall bro|smh
|c|☆nxbkn stall bro|ez win
|
|t:|1624698116
|cant|p1a: Eternatus|par
|move|p2a: Blissey|Confide|p1a: Eternatus
|-unboost|p1a: Eternatus|spa|1
|
|upkeep
|turn|63
|
|t:|1624698123
|move|p1a: Eternatus|Toxic|p2a: Blissey
|-status|p2a: Blissey|tox
|move|p2a: Blissey|Seismic Toss|p1a: Eternatus
|-damage|p1a: Eternatus|67/100 par
|
|-damage|p2a: Blissey|82/100 tox|[from] psn
|upkeep
|turn|64
|inactive|King Billu has 120 seconds left.
|
|t:|1624698129
|move|p1a: Eternatus|Recover|p1a: Eternatus
|-heal|p1a: Eternatus|100/100 par
|move|p2a: Blissey|Seismic Toss|p1a: Eternatus
|-damage|p1a: Eternatus|80/100 par
|
|-damage|p2a: Blissey|70/100 tox|[from] psn
|upkeep
|turn|65
|c| lucaluna|this is soboring
|l| lucaluna
|c|☆nxbkn stall bro|yes
|j| lucaluna
|c| walxh|yup lmfao
|
|t:|1624698150
|cant|p1a: Eternatus|par
|move|p2a: Blissey|Confide|p1a: Eternatus
|-unboost|p1a: Eternatus|spa|1
|
|-damage|p2a: Blissey|51/100 tox|[from] psn
|upkeep
|turn|66
|c| walxh|wonder what turn we will get to
|inactive|King Billu has 120 seconds left.
|
|t:|1624698177
|cant|p1a: Eternatus|par
|move|p2a: Blissey|Soft-Boiled|p2a: Blissey
|-heal|p2a: Blissey|100/100 tox
|
|-damage|p2a: Blissey|76/100 tox|[from] psn
|upkeep
|turn|67
|inactive|King Billu has 120 seconds left.
|c|☆nxbkn stall bro|but others feel the same when i stall them lmfao
|c| lucaluna|i got to 250 the lat time i usedstall
|
|t:|1624698188
|-curestatus|p2a: Blissey|tox|[from] ability: Natural Cure
|switch|p2a: Ho-Oh|Ho-Oh|88/100
|cant|p1a: Eternatus|par
|
|upkeep
|turn|68
|
|t:|1624698195
|switch|p2a: Xerneas|Xerneas|38/100
|-damage|p2a: Xerneas|25/100|[from] Stealth Rock
|-ability|p2a: Xerneas|Fairy Aura
|move|p1a: Eternatus|Toxic|p2a: Xerneas
|-status|p2a: Xerneas|tox
|
|-heal|p2a: Xerneas|31/100 tox|[from] item: Leftovers
|-damage|p2a: Xerneas|25/100 tox|[from] psn
|upkeep
|turn|69
|c| lucaluna|last*
|
|t:|1624698203
|move|p2a: Xerneas|Rest|p2a: Xerneas
|-status|p2a: Xerneas|slp|[from] move: Rest
|-heal|p2a: Xerneas|100/100 slp|[silent]
|move|p1a: Eternatus|Flamethrower|p2a: Xerneas
|-damage|p2a: Xerneas|89/100 slp
|
|-heal|p2a: Xerneas|95/100 slp|[from] item: Leftovers
|upkeep
|turn|70
|inactive|King Billu has 120 seconds left.
|
|t:|1624698243
|switch|p2a: Ho-Oh|Ho-Oh|100/100
|switch|p1a: Calyrex|Calyrex-Shadow|100/100
|-ability|p1a: Calyrex|As One
|-ability|p1a: Calyrex|Unnerve
|
|upkeep
|turn|71
|
|t:|1624698254
|move|p1a: Calyrex|Trick|p2a: Ho-Oh
|-activate|p1a: Calyrex|move: Trick|[of] p2a: Ho-Oh
|-item|p2a: Ho-Oh|Heavy-Duty Boots|[from] move: Trick
|-item|p1a: Calyrex|Heavy-Duty Boots|[from] move: Trick
|move|p2a: Ho-Oh|Sacred Fire|p1a: Calyrex
|-damage|p1a: Calyrex|45/100
|
|upkeep
|turn|72
|
|t:|1624698261
|move|p1a: Calyrex|Aromatherapy|p1a: Calyrex
|-activate|p1a: Calyrex|move: Aromatherapy
|-curestatus|p1: Eternatus|par|[msg]
|move|p2a: Ho-Oh|Whirlwind|p1a: Calyrex
|drag|p1a: Necrozma|Necrozma-Dusk-Mane, shiny|72/100
|-damage|p1a: Necrozma|66/100|[from] Stealth Rock
|
|upkeep
|turn|73
|inactive|King Billu has 120 seconds left.
|
|t:|1624698276
|move|p2a: Ho-Oh|Sacred Fire|p1a: Necrozma
|-supereffective|p1a: Necrozma
|-damage|p1a: Necrozma|32/100
|-status|p1a: Necrozma|brn
|move|p1a: Necrozma|Sunsteel Strike|p2a: Ho-Oh
|-resisted|p2a: Ho-Oh
|-damage|p2a: Ho-Oh|93/100
|
|-damage|p1a: Necrozma|26/100 brn|[from] brn
|upkeep
|turn|74
|inactive|King Billu has 120 seconds left.
|
|t:|1624698284
|move|p2a: Ho-Oh|Sacred Fire|p1a: Necrozma
|-supereffective|p1a: Necrozma
|-damage|p1a: Necrozma|0 fnt
|faint|p1a: Necrozma
|
|upkeep
|
|t:|1624698289
|switch|p1a: Kyogre|Kyogre|88/100
|-damage|p1a: Kyogre|76/100|[from] Stealth Rock
|-weather|RainDance|[from] ability: Drizzle|[of] p1a: Kyogre
|turn|75
|
|t:|1624698292
|switch|p2a: Shedinja|Shedinja|100/100
|move|p1a: Kyogre|Water Spout|p2a: Shedinja
|-immune|p2a: Shedinja|[from] ability: Wonder Guard
|
|-weather|RainDance|[upkeep]
|upkeep
|turn|76
|
|t:|1624698299
|move|p1a: Kyogre|Water Spout|p2a: Shedinja
|-immune|p2a: Shedinja|[from] ability: Wonder Guard
|move|p2a: Shedinja|Toxic|p1a: Kyogre
|-status|p1a: Kyogre|tox
|
|-weather|RainDance|[upkeep]
|-damage|p1a: Kyogre|70/100 tox|[from] psn
|upkeep
|turn|77
|
|t:|1624698304
|move|p1a: Kyogre|Water Spout|p2a: Shedinja
|-immune|p2a: Shedinja|[from] ability: Wonder Guard
|move|p2a: Shedinja|Will-O-Wisp||[still]
|-fail|p2a: Shedinja
|
|-weather|RainDance|[upkeep]
|-damage|p1a: Kyogre|57/100 tox|[from] psn
|upkeep
|turn|78
|
|t:|1624698307
|move|p2a: Shedinja|Shadow Sneak|p1a: Kyogre
|-damage|p1a: Kyogre|39/100 tox
|move|p1a: Kyogre|Water Spout|p2a: Shedinja
|-immune|p2a: Shedinja|[from] ability: Wonder Guard
|
|-weather|RainDance|[upkeep]
|-damage|p1a: Kyogre|20/100 tox|[from] psn
|upkeep
|turn|79
|
|t:|1624698309
|move|p2a: Shedinja|Shadow Sneak|p1a: Kyogre
|-crit|p1a: Kyogre
|-damage|p1a: Kyogre|0 fnt
|faint|p1a: Kyogre
|
|-weather|none
|upkeep
|
|t:|1624698313
|switch|p1a: Calyrex|Calyrex-Shadow|45/100
|-ability|p1a: Calyrex|As One
|-ability|p1a: Calyrex|Unnerve
|turn|80
|
|t:|1624698317
|move|p2a: Shedinja|Shadow Sneak|p1a: Calyrex
|-supereffective|p1a: Calyrex
|-crit|p1a: Calyrex
|-damage|p1a: Calyrex|0 fnt
|faint|p1a: Calyrex
|
|upkeep
|
|t:|1624698319
|switch|p1a: Eternatus|Eternatus|80/100
|-damage|p1a: Eternatus|67/100|[from] Stealth Rock
|-ability|p1a: Eternatus|Pressure
|turn|81
|inactive|King Billu has 120 seconds left.
|
|t:|1624698360
|switch|p2a: Blissey|Blissey, F|76/100
|move|p1a: Eternatus|Toxic|p2a: Blissey
|-status|p2a: Blissey|tox
|
|-damage|p2a: Blissey|70/100 tox|[from] psn
|upkeep
|turn|82
|c|☆nxbkn stall bro|didnt even let me get a single kill >:(
|
|t:|1624698386
|-curestatus|p2a: Blissey|tox|[from] ability: Natural Cure
|switch|p2a: Ho-Oh|Ho-Oh|100/100
|move|p1a: Eternatus|Flamethrower|p2a: Ho-Oh
|-resisted|p2a: Ho-Oh
|-damage|p2a: Ho-Oh|92/100
|
|upkeep
|turn|83
|
|t:|1624698389
|move|p1a: Eternatus|Toxic|p2a: Ho-Oh
|-status|p2a: Ho-Oh|tox
|move|p2a: Ho-Oh|Thunder Wave|p1a: Eternatus|[miss]
|-miss|p2a: Ho-Oh|p1a: Eternatus
|
|-damage|p2a: Ho-Oh|86/100 tox|[from] psn
|upkeep
|turn|84
|
|t:|1624698394
|switch|p1a: Yveltal|Yveltal|79/100
|-ability|p1a: Yveltal|Dark Aura
|move|p2a: Ho-Oh|Thunder Wave|p1a: Yveltal
|-status|p1a: Yveltal|par
|
|-damage|p2a: Ho-Oh|74/100 tox|[from] psn
|upkeep
|turn|85
|
|t:|1624698418
|switch|p2a: Xerneas|Xerneas|95/100 slp
|-damage|p2a: Xerneas|83/100 slp|[from] Stealth Rock
|-ability|p2a: Xerneas|Fairy Aura
|move|p1a: Yveltal|Knock Off|p2a: Xerneas
|-resisted|p2a: Xerneas
|-damage|p2a: Xerneas|67/100 slp
|-enditem|p2a: Xerneas|Leftovers|[from] move: Knock Off|[of] p1a: Yveltal
|
|upkeep
|turn|86
|
|t:|1624698424
|cant|p2a: Xerneas|slp
|move|p2a: Xerneas|Sleep Talk|p2a: Xerneas
|move|p2a: Xerneas|Aromatherapy|p2a: Xerneas|[from]move: Sleep Talk
|-activate|p2a: Xerneas|move: Aromatherapy
|-curestatus|p2a: Xerneas|slp|[msg]
|-curestatus|p2: Ho-Oh|tox|[msg]
|-curestatus|p2: Necrozma|brn|[msg]
|move|p1a: Yveltal|Defog|p2a: Xerneas
|-unboost|p2a: Xerneas|evasion|1
|-sideend|p2: King Billu|Stealth Rock|[from] move: Defog|[of] p1a: Yveltal
|-sideend|p1: nxbkn stall bro|Stealth Rock|[from] move: Defog|[of] p1a: Yveltal
|
|upkeep
|turn|87
|inactive|King Billu has 120 seconds left.
|
|t:|1624698455
|move|p2a: Xerneas|Moonblast|p1a: Yveltal
|-supereffective|p1a: Yveltal
|-damage|p1a: Yveltal|20/100 par
|cant|p1a: Yveltal|par
|
|upkeep
|turn|88
|
|t:|1624698462
|move|p2a: Xerneas|Moonblast|p1a: Yveltal
|-supereffective|p1a: Yveltal
|-damage|p1a: Yveltal|0 fnt
|faint|p1a: Yveltal
|
|upkeep
|
|t:|1624698464
|switch|p1a: Eternatus|Eternatus|67/100
|-ability|p1a: Eternatus|Pressure
|turn|89
|
|t:|1624698469
|move|p1a: Eternatus|Dynamax Cannon|p2a: Xerneas
|-immune|p2a: Xerneas
|move|p2a: Xerneas|Moonblast|p1a: Eternatus
|-damage|p1a: Eternatus|33/100
|
|upkeep
|turn|90
|
|t:|1624698475
|move|p1a: Eternatus|Recover|p1a: Eternatus
|-heal|p1a: Eternatus|83/100
|move|p2a: Xerneas|Moonblast|p1a: Eternatus
|-damage|p1a: Eternatus|54/100
|-unboost|p1a: Eternatus|spa|1
|
|upkeep
|turn|91
|
|t:|1624698481
|move|p1a: Eternatus|Toxic|p2a: Xerneas
|-status|p2a: Xerneas|tox
|move|p2a: Xerneas|Moonblast|p1a: Eternatus
|-crit|p1a: Eternatus
|-damage|p1a: Eternatus|7/100
|
|-damage|p2a: Xerneas|61/100 tox|[from] psn
|upkeep
|turn|92
|
|t:|1624698508
|move|p1a: Eternatus|Recover|p1a: Eternatus
|-heal|p1a: Eternatus|57/100
|move|p2a: Xerneas|Moonblast|p1a: Eternatus
|-crit|p1a: Eternatus
|-damage|p1a: Eternatus|7/100
|
|-damage|p2a: Xerneas|49/100 tox|[from] psn
|upkeep
|turn|93
|
|t:|1624698513
|move|p1a: Eternatus|Recover|p1a: Eternatus
|-heal|p1a: Eternatus|57/100
|move|p2a: Xerneas|Moonblast|p1a: Eternatus
|-damage|p1a: Eternatus|27/100
|-unboost|p1a: Eternatus|spa|1
|
|-damage|p2a: Xerneas|30/100 tox|[from] psn
|upkeep
|turn|94
|
|t:|1624698518
|move|p1a: Eternatus|Recover|p1a: Eternatus
|-heal|p1a: Eternatus|77/100
|move|p2a: Xerneas|Rest|p2a: Xerneas
|-status|p2a: Xerneas|slp|[from] move: Rest
|-heal|p2a: Xerneas|100/100 slp|[silent]
|
|upkeep
|turn|95
|
|t:|1624698526
|move|p1a: Eternatus|Flamethrower|p2a: Xerneas
|-damage|p2a: Xerneas|89/100 slp
|cant|p2a: Xerneas|slp
|move|p2a: Xerneas|Sleep Talk|p2a: Xerneas
|move|p2a: Xerneas|Moonblast|p1a: Eternatus|[from]move: Sleep Talk
|-damage|p1a: Eternatus|43/100
|-unboost|p1a: Eternatus|spa|1
|
|upkeep
|turn|96
|
|t:|1624698535
|move|p1a: Eternatus|Dynamax Cannon|p2a: Xerneas
|-immune|p2a: Xerneas
|cant|p2a: Xerneas|slp
|
|upkeep
|turn|97
|
|t:|1624698544
|move|p1a: Eternatus|Dynamax Cannon|p2a: Xerneas
|-immune|p2a: Xerneas
|-curestatus|p2a: Xerneas|slp|[msg]
|move|p2a: Xerneas|Moonblast|p1a: Eternatus
|-damage|p1a: Eternatus|14/100
|-unboost|p1a: Eternatus|spa|1
|
|upkeep
|turn|98
|
|t:|1624698551
|move|p1a: Eternatus|Dynamax Cannon|p2a: Xerneas
|-immune|p2a: Xerneas
|move|p2a: Xerneas|Moonblast|p1a: Eternatus
|-damage|p1a: Eternatus|0 fnt
|faint|p1a: Eternatus
|
|win|King Billu
|n|☆nxbkn stall bro|nxbknstallbro
|n|☆King Billu|kingbillu
|n| walxh|walxh
|n| Conigliolo|conigliolo
|n| lucaluna|lucaluna
|c|☆nxbkn stall bro|gg
|c|☆King Billu|gg
|l| lucaluna
|l|☆King Billu
|l|☆nxbkn stall bro
