|html|<div class="broadcast-blue"><strong>[Gen 8] Ubers is currently suspecting Zacian-Crowned! For information on how to participate check out the <a href="https://www.smogon.com/forums/threads/np-ss-ubers-stage-5-hound-dog.3675589/">suspect thread</a>.</strong></div>
|j|☆UZ4 Blade
|j|☆Wanderinsprirt7
|t:|1609702929
|player|p1|UZ4 Blade|preschoolerf|1413
|player|p2|Wanderinsprirt7|265|1251
|teamsize|p1|6
|teamsize|p2|6
|gametype|singles
|gen|8
|tier|[Gen 8] Ubers
|rated|
|clearpoke
|poke|p1|Yveltal|
|poke|p1|Zygarde|
|poke|p1|Necrozma-Dusk-Mane|
|poke|p1|Zacian-Crowned|
|poke|p1|Eternatus|
|poke|p1|Calyrex-Shadow|
|poke|p2|Mewtwo|
|poke|p2|Zamazenta-Crowned|
|poke|p2|Urshifu-*, M|
|poke|p2|Ho-Oh|
|poke|p2|Marshadow|
|poke|p2|Calyrex-Shadow|
|rule|Sleep Clause Mod: Limit one foe put to sleep
|rule|Species Clause: Limit one of each Pokémon
|rule|OHKO Clause: OHKO moves are banned
|rule|Evasion Moves Clause: Evasion moves are banned
|rule|Endless Battle Clause: Forcing endless battles is banned
|rule|HP Percentage Mod: HP is shown in percentages
|rule|Dynamax Clause: You cannot dynamax
|teampreview
|inactive|Battle timer is ON: inactive players will automatically lose when time's up. (requested by UZ4 Blade)
|
|t:|1609702948
|start
|switch|p1a: Yveltal|Yveltal|100/100
|switch|p2a: Ho-Oh|Ho-Oh|100/100
|-ability|p1a: Yveltal|Dark Aura
|-ability|p2a: Ho-Oh|Pressure
|turn|1
|
|t:|1609702959
|move|p1a: Yveltal|U-turn|p2a: Ho-Oh
|-resisted|p2a: Ho-Oh
|-damage|p2a: Ho-Oh|97/100
|
|t:|1609702965
|switch|p1a: Eternatus|Eternatus|100/100|[from]move: U-turn
|-ability|p1a: Eternatus|Pressure
|move|p2a: Ho-Oh|Toxic|p1a: Eternatus|[miss]
|-miss|p2a: Ho-Oh|p1a: Eternatus
|
|-heal|p2a: Ho-Oh|100/100|[from] item: Leftovers
|upkeep
|turn|2
|
|t:|1609702977
|move|p1a: Eternatus|Toxic|p2a: Ho-Oh
|-status|p2a: Ho-Oh|tox
|move|p2a: Ho-Oh|Brave Bird|p1a: Eternatus
|-damage|p1a: Eternatus|53/100
|-damage|p2a: Ho-Oh|82/100 tox|[from] Recoil
|
|-heal|p1a: Eternatus|59/100|[from] item: Black Sludge
|-heal|p2a: Ho-Oh|88/100 tox|[from] item: Leftovers
|-damage|p2a: Ho-Oh|82/100 tox|[from] psn
|upkeep
|turn|3
|
|t:|1609702981
|move|p1a: Eternatus|Recover|p1a: Eternatus
|-heal|p1a: Eternatus|100/100
|move|p2a: Ho-Oh|Brave Bird|p1a: Eternatus
|-damage|p1a: Eternatus|55/100
|-damage|p2a: Ho-Oh|65/100 tox|[from] Recoil
|
|-heal|p1a: Eternatus|62/100|[from] item: Black Sludge
|-heal|p2a: Ho-Oh|71/100 tox|[from] item: Leftovers
|-damage|p2a: Ho-Oh|59/100 tox|[from] psn
|upkeep
|turn|4
|
|t:|1609703002
|move|p1a: Eternatus|Recover|p1a: Eternatus
|-heal|p1a: Eternatus|100/100
|move|p2a: Ho-Oh|Earthquake|p1a: Eternatus
|-supereffective|p1a: Eternatus
|-damage|p1a: Eternatus|45/100
|
|-heal|p1a: Eternatus|51/100|[from] item: Black Sludge
|-heal|p2a: Ho-Oh|65/100 tox|[from] item: Leftovers
|-damage|p2a: Ho-Oh|46/100 tox|[from] psn
|upkeep
|turn|5
|
|t:|1609703015
|move|p1a: Eternatus|Recover|p1a: Eternatus
|-heal|p1a: Eternatus|100/100
|move|p2a: Ho-Oh|Earthquake|p1a: Eternatus
|-supereffective|p1a: Eternatus
|-damage|p1a: Eternatus|50/100
|
|-heal|p1a: Eternatus|57/100|[from] item: Black Sludge
|-heal|p2a: Ho-Oh|52/100 tox|[from] item: Leftovers
|-damage|p2a: Ho-Oh|27/100 tox|[from] psn
|upkeep
|turn|6
|inactive|Wanderinsprirt7 has 120 seconds left.
|
|t:|1609703040
|move|p1a: Eternatus|Recover|p1a: Eternatus
|-heal|p1a: Eternatus|100/100
|move|p2a: Ho-Oh|Earthquake|p1a: Eternatus
|-supereffective|p1a: Eternatus
|-damage|p1a: Eternatus|48/100
|
|-heal|p1a: Eternatus|54/100|[from] item: Black Sludge
|-heal|p2a: Ho-Oh|34/100 tox|[from] item: Leftovers
|-damage|p2a: Ho-Oh|2/100 tox|[from] psn
|upkeep
|turn|7
|inactive|Wanderinsprirt7 has 120 seconds left.
|
|t:|1609703056
|move|p1a: Eternatus|Dynamax Cannon|p2a: Ho-Oh
|-damage|p2a: Ho-Oh|0 fnt
|faint|p2a: Ho-Oh
|
|-heal|p1a: Eternatus|60/100|[from] item: Black Sludge
|upkeep
|
|t:|1609703065
|switch|p2a: Marshadow|Marshadow|100/100
|turn|8
|
|t:|1609703076
|move|p2a: Marshadow|Spectral Thief|p1a: Eternatus
|-damage|p1a: Eternatus|27/100
|move|p1a: Eternatus|Dynamax Cannon|p2a: Marshadow
|-damage|p2a: Marshadow|42/100
|
|-heal|p1a: Eternatus|34/100|[from] item: Black Sludge
|upkeep
|turn|9
|inactive|Wanderinsprirt7 has 120 seconds left.
|
|t:|1609703087
|move|p2a: Marshadow|Spectral Thief|p1a: Eternatus
|-damage|p1a: Eternatus|2/100
|move|p1a: Eternatus|Recover|p1a: Eternatus
|-heal|p1a: Eternatus|52/100
|
|-heal|p1a: Eternatus|58/100|[from] item: Black Sludge
|upkeep
|turn|10
|inactive|Wanderinsprirt7 has 120 seconds left.
|
|t:|1609703098
|move|p2a: Marshadow|Spectral Thief|p1a: Eternatus
|-damage|p1a: Eternatus|25/100
|move|p1a: Eternatus|Recover|p1a: Eternatus
|-heal|p1a: Eternatus|75/100
|
|-heal|p1a: Eternatus|81/100|[from] item: Black Sludge
|upkeep
|turn|11
|inactive|Wanderinsprirt7 has 120 seconds left.
|
|t:|1609703116
|move|p2a: Marshadow|Close Combat|p1a: Eternatus
|-resisted|p1a: Eternatus
|-damage|p1a: Eternatus|60/100
|-unboost|p2a: Marshadow|def|1
|-unboost|p2a: Marshadow|spd|1
|move|p1a: Eternatus|Dynamax Cannon|p2a: Marshadow
|-damage|p2a: Marshadow|0 fnt
|faint|p2a: Marshadow
|
|-heal|p1a: Eternatus|66/100|[from] item: Black Sludge
|upkeep
|
|t:|1609703129
|switch|p2a: Zamazenta|Zamazenta-Crowned|100/100
|-ability|p2a: Zamazenta|Dauntless Shield|boost
|-boost|p2a: Zamazenta|def|1
|turn|12
|
|t:|1609703143
|switch|p1a: Necrozma|Necrozma-Dusk-Mane|100/100
|move|p2a: Zamazenta|Play Rough|p1a: Necrozma
|-resisted|p1a: Necrozma
|-damage|p1a: Necrozma|92/100
|-damage|p2a: Zamazenta|84/100|[from] item: Rocky Helmet|[of] p1a: Necrozma
|
|upkeep
|turn|13
|
|t:|1609703152
|move|p2a: Zamazenta|Crunch|p1a: Necrozma
|-supereffective|p1a: Necrozma
|-damage|p1a: Necrozma|68/100
|-damage|p2a: Zamazenta|67/100|[from] item: Rocky Helmet|[of] p1a: Necrozma
|move|p1a: Necrozma|Stealth Rock|p2a: Zamazenta
|-sidestart|p2: Wanderinsprirt7|move: Stealth Rock
|
|upkeep
|turn|14
|
|t:|1609703159
|move|p2a: Zamazenta|Crunch|p1a: Necrozma
|-supereffective|p1a: Necrozma
|-damage|p1a: Necrozma|43/100
|-damage|p2a: Zamazenta|51/100|[from] item: Rocky Helmet|[of] p1a: Necrozma
|move|p1a: Necrozma|Moonlight|p1a: Necrozma
|-heal|p1a: Necrozma|93/100
|
|upkeep
|turn|15
|
|t:|1609703165
|move|p2a: Zamazenta|Crunch|p1a: Necrozma
|-supereffective|p1a: Necrozma
|-damage|p1a: Necrozma|71/100
|-damage|p2a: Zamazenta|34/100|[from] item: Rocky Helmet|[of] p1a: Necrozma
|move|p1a: Necrozma|Earthquake|p2a: Zamazenta
|-supereffective|p2a: Zamazenta
|-damage|p2a: Zamazenta|0 fnt
|faint|p2a: Zamazenta
|
|upkeep
|inactive|Wanderinsprirt7 has 120 seconds left.
|
|t:|1609703179
|switch|p2a: Mewtwo|Mewtwo|100/100
|-damage|p2a: Mewtwo|88/100|[from] Stealth Rock
|-ability|p2a: Mewtwo|Pressure
|turn|16
|
|t:|1609703192
|move|p2a: Mewtwo|Nasty Plot|p2a: Mewtwo
|-boost|p2a: Mewtwo|spa|2
|move|p1a: Necrozma|Sunsteel Strike|p2a: Mewtwo
|-damage|p2a: Mewtwo|44/100
|
|upkeep
|turn|17
|
|t:|1609703201
|move|p2a: Mewtwo|Fire Blast|p1a: Necrozma|[miss]
|-miss|p2a: Mewtwo|p1a: Necrozma
|move|p1a: Necrozma|Sunsteel Strike|p2a: Mewtwo
|-damage|p2a: Mewtwo|1/100
|
|upkeep
|turn|18
|
|t:|1609703220
|move|p2a: Mewtwo|Fire Blast|p1a: Necrozma
|-supereffective|p1a: Necrozma
|-damage|p1a: Necrozma|0 fnt
|faint|p1a: Necrozma
|
|upkeep
|
|t:|1609703224
|switch|p1a: Yveltal|Yveltal|100/100
|-ability|p1a: Yveltal|Dark Aura
|turn|19
|
|t:|1609703232
|move|p1a: Yveltal|U-turn|p2a: Mewtwo
|-supereffective|p2a: Mewtwo
|-damage|p2a: Mewtwo|0 fnt
|faint|p2a: Mewtwo
|inactive|UZ4 Blade has 120 seconds left.
|
|t:|1609703264
|switch|p1a: Zygarde|Zygarde|100/100|[from]move: U-turn
|
|upkeep
|
|t:|1609703272
|switch|p2a: Urshifu|Urshifu, M|100/100
|-damage|p2a: Urshifu|94/100|[from] Stealth Rock
|turn|20
|inactive|UZ4 Blade has 120 seconds left.
|
|t:|1609703302
|move|p2a: Urshifu|Wicked Blow|p1a: Zygarde
|-crit|p1a: Zygarde
|-damage|p1a: Zygarde|51/100
|move|p1a: Zygarde|Glare|p2a: Urshifu
|-status|p2a: Urshifu|par
|
|-heal|p1a: Zygarde|57/100|[from] item: Leftovers
|upkeep
|turn|21
|
|t:|1609703313
|move|p1a: Zygarde|Dragon Dance|p1a: Zygarde
|-boost|p1a: Zygarde|atk|1
|-boost|p1a: Zygarde|spe|1
|cant|p2a: Urshifu|par
|
|-heal|p1a: Zygarde|63/100|[from] item: Leftovers
|upkeep
|turn|22
|inactive|UZ4 Blade has 120 seconds left.
|
|t:|1609703332
|move|p2a: Urshifu|Sucker Punch||[still]
|-fail|p2a: Urshifu
|move|p1a: Zygarde|Dragon Dance|p1a: Zygarde
|-boost|p1a: Zygarde|atk|1
|-boost|p1a: Zygarde|spe|1
|
|-heal|p1a: Zygarde|69/100|[from] item: Leftovers
|upkeep
|turn|23
|inactive|UZ4 Blade has 120 seconds left.
|
|t:|1609703340
|move|p1a: Zygarde|Thousand Arrows|p2a: Urshifu
|-damage|p2a: Urshifu|23/100 par
|cant|p2a: Urshifu|par
|
|-heal|p1a: Zygarde|75/100|[from] item: Leftovers
|upkeep
|turn|24
|inactive|UZ4 Blade has 120 seconds left.
|
|t:|1609703355
|move|p1a: Zygarde|Substitute|p1a: Zygarde
|-start|p1a: Zygarde|Substitute
|-damage|p1a: Zygarde|50/100
|move|p2a: Urshifu|Close Combat|p1a: Zygarde
|-end|p1a: Zygarde|Substitute
|-unboost|p2a: Urshifu|def|1
|-unboost|p2a: Urshifu|spd|1
|
|-heal|p1a: Zygarde|57/100|[from] item: Leftovers
|upkeep
|turn|25
|
|t:|1609703359
|move|p1a: Zygarde|Substitute|p1a: Zygarde
|-start|p1a: Zygarde|Substitute
|-damage|p1a: Zygarde|32/100
|move|p2a: Urshifu|Close Combat|p1a: Zygarde
|-end|p1a: Zygarde|Substitute
|-unboost|p2a: Urshifu|def|1
|-unboost|p2a: Urshifu|spd|1
|
|-heal|p1a: Zygarde|38/100|[from] item: Leftovers
|-activate|p1a: Zygarde|ability: Power Construct
|detailschange|p1a: Zygarde|Zygarde-Complete
|-heal|p1a: Zygarde|61/100|[silent]
|upkeep
|turn|26
|
|t:|1609703374
|move|p1a: Zygarde|Substitute|p1a: Zygarde
|-start|p1a: Zygarde|Substitute
|-damage|p1a: Zygarde|36/100
|move|p2a: Urshifu|Wicked Blow|p1a: Zygarde
|-crit|p1a: Zygarde
|-end|p1a: Zygarde|Substitute
|
|-heal|p1a: Zygarde|42/100|[from] item: Leftovers
|upkeep
|turn|27
|inactive|UZ4 Blade has 120 seconds left.
|
|t:|1609703401
|move|p1a: Zygarde|Substitute|p1a: Zygarde
|-start|p1a: Zygarde|Substitute
|-damage|p1a: Zygarde|17/100
|cant|p2a: Urshifu|par
|
|-heal|p1a: Zygarde|23/100|[from] item: Leftovers
|upkeep
|turn|28
|inactive|Wanderinsprirt7 has 120 seconds left.
|inactive|Wanderinsprirt7 has 90 seconds left.
|inactive|Wanderinsprirt7 has 60 seconds left.
|inactive|Wanderinsprirt7 has 30 seconds left.
|inactive|Wanderinsprirt7 has 20 seconds left.
|j| BigConns
|inactive|Wanderinsprirt7 has 15 seconds left.
|inactive|Wanderinsprirt7 has 10 seconds left.
|inactive|Wanderinsprirt7 has 5 seconds left.
|
|t:|1609703548
|move|p1a: Zygarde|Thousand Arrows|p2a: Urshifu
|-damage|p2a: Urshifu|0 fnt
|faint|p2a: Urshifu
|
|-heal|p1a: Zygarde|29/100|[from] item: Leftovers
|upkeep
|inactive|Wanderinsprirt7 has 10 seconds left this turn.
|inactive|Wanderinsprirt7 has 5 seconds left.
|
|t:|1609703556
|switch|p2a: Calyrex|Calyrex-Shadow|100/100
|-ability|p2a: Calyrex|As One
|-ability|p2a: Calyrex|Unnerve|p1: UZ4 Blade
|-damage|p2a: Calyrex|88/100|[from] Stealth Rock
|turn|29
|inactive|Wanderinsprirt7 has 15 seconds left this turn.
|inactive|Wanderinsprirt7 has 10 seconds left.
|
|t:|1609703565
|move|p2a: Calyrex|Psychic|p1a: Zygarde
|-end|p1a: Zygarde|Substitute
|move|p1a: Zygarde|Thousand Arrows|p2a: Calyrex
|-damage|p2a: Calyrex|0 fnt
|faint|p2a: Calyrex
|
|win|UZ4 Blade
|inactive|Wanderinsprirt7 has 15 seconds left this turn.
||Ladder (probably) updated, but score could not be retrieved (Request timeout).
|l|☆Wanderinsprirt7
|l| BigConns
