|j|☆longboiiiiiiiiii
|j|☆Magikarp4000
|player|p1|longboiiiiiiiiii|crasherwake|1143
|player|p2|Magikarp4000|bellelba|1368
|teamsize|p1|6
|teamsize|p2|6
|gametype|singles
|gen|8
|tier|[Gen 8] Ubers
|rated|
|clearpoke
|poke|p1|Cinccino, F|
|poke|p1|Greedent, M|
|poke|p1|Pikachu, F|
|poke|p1|Raichu-Alola, F|
|poke|p1|Morpeko, M|
|poke|p1|Togedemaru, F|
|poke|p2|Charizard, F|
|poke|p2|Dracovish|
|poke|p2|Ferrothorn, M|
|poke|p2|Toxapex, F|
|poke|p2|Marshadow|
|poke|p2|Zacian-Crowned|
|rule|Sleep Clause Mod: Limit one foe put to sleep
|rule|Species Clause: Limit one of each Pokémon
|rule|OHKO Clause: OHKO moves are banned
|rule|Evasion Moves Clause: Evasion moves are banned
|rule|Endless Battle Clause: Forcing endless battles is banned
|rule|HP Percentage Mod: HP is shown in percentages
|html|Ubers Dynamax Clause: Pokémon on the <a href="https://www.smogon.com/dex/ss/formats/uber/">Ubers Dynamax Banlist</a> cannot Dynamax.
|teampreview
|c|☆Magikarp4000|glhf
|c|☆longboiiiiiiiiii|u2
|c|☆Magikarp4000|very interesting team
|c|☆longboiiiiiiiiii|thank you
|
|start
|switch|p1a: Morpeko|Morpeko, M|100/100
|switch|p2a: Ferrothorn|Ferrothorn, M|100/100
|turn|1
|
|move|p1a: Morpeko|Fire Fang|p2a: Ferrothorn
|-supereffective|p2a: Ferrothorn
|-damage|p2a: Ferrothorn|30/100
|-damage|p1a: Morpeko|88/100|[from] ability: Iron Barbs|[of] p2a: Ferrothorn
|-damage|p1a: Morpeko|72/100|[from] item: Rocky Helmet|[of] p2a: Ferrothorn
|move|p2a: Ferrothorn|Stealth Rock|p1a: Morpeko
|-sidestart|p1: longboiiiiiiiiii|move: Stealth Rock
|
|-formechange|p1a: Morpeko|Morpeko-Hangry||[from] ability: Hunger Switch
|upkeep
|turn|2
|
|switch|p2a: Toxapex|Toxapex, F|100/100
|move|p1a: Morpeko|Fire Fang|p2a: Toxapex
|-resisted|p2a: Toxapex
|-damage|p2a: Toxapex|92/100
|
|-heal|p2a: Toxapex|98/100|[from] item: Black Sludge
|-formechange|p1a: Morpeko|Morpeko||[from] ability: Hunger Switch
|upkeep
|turn|3
|
|switch|p1a: Togedemaru|Togedemaru, F|100/100
|-damage|p1a: Togedemaru|95/100|[from] Stealth Rock
|move|p2a: Toxapex|Toxic|p1a: Togedemaru
|-immune|p1a: Togedemaru
|
|-heal|p2a: Toxapex|100/100|[from] item: Black Sludge
|upkeep
|turn|4
|
|move|p2a: Toxapex|Baneful Bunker|p2a: Toxapex
|-singleturn|p2a: Toxapex|move: Protect
|move|p1a: Togedemaru|Fake Out|p2a: Toxapex
|-activate|p2a: Toxapex|move: Protect
|
|upkeep
|turn|5
|
|switch|p2a: Ferrothorn|Ferrothorn, M|30/100
|move|p1a: Togedemaru|Electric Terrain|p1a: Togedemaru
|-fieldstart|move: Electric Terrain
|
|upkeep
|turn|6
|
|move|p1a: Togedemaru|Zing Zap|p2a: Ferrothorn
|-resisted|p2a: Ferrothorn
|-damage|p2a: Ferrothorn|15/100
|-damage|p1a: Togedemaru|82/100|[from] ability: Iron Barbs|[of] p2a: Ferrothorn
|-damage|p1a: Togedemaru|66/100|[from] item: Rocky Helmet|[of] p2a: Ferrothorn
|move|p2a: Ferrothorn|Leech Seed|p1a: Togedemaru
|-start|p1a: Togedemaru|move: Leech Seed
|
|-damage|p1a: Togedemaru|54/100|[from] Leech Seed|[of] p2a: Ferrothorn
|-heal|p2a: Ferrothorn|24/100|[silent]
|upkeep
|turn|7
|
|switch|p1a: Greedent|Greedent, M|100/100
|-damage|p1a: Greedent|88/100|[from] Stealth Rock
|move|p2a: Ferrothorn|Iron Defense|p2a: Ferrothorn
|-boost|p2a: Ferrothorn|def|2
|
|upkeep
|turn|8
|inactive|Battle timer is ON: inactive players will automatically lose when time's up. (requested by Magikarp4000)
|
|move|p1a: Greedent|Body Press|p2a: Ferrothorn
|-supereffective|p2a: Ferrothorn
|-damage|p2a: Ferrothorn|7/100
|-damage|p1a: Greedent|76/100|[from] ability: Iron Barbs|[of] p2a: Ferrothorn
|-damage|p1a: Greedent|59/100|[from] item: Rocky Helmet|[of] p2a: Ferrothorn
|move|p2a: Ferrothorn|Leech Seed|p1a: Greedent
|-start|p1a: Greedent|move: Leech Seed
|
|-damage|p1a: Greedent|47/100|[from] Leech Seed|[of] p2a: Ferrothorn
|-heal|p2a: Ferrothorn|23/100|[silent]
|upkeep
|turn|9
|
|move|p1a: Greedent|Body Press|p2a: Ferrothorn
|-supereffective|p2a: Ferrothorn
|-damage|p2a: Ferrothorn|8/100
|-damage|p1a: Greedent|34/100|[from] ability: Iron Barbs|[of] p2a: Ferrothorn
|-damage|p1a: Greedent|18/100|[from] item: Rocky Helmet|[of] p2a: Ferrothorn
|-enditem|p1a: Greedent|Figy Berry|[eat]
|-heal|p1a: Greedent|50/100|[from] item: Figy Berry
|-heal|p1a: Greedent|84/100|[from] ability: Cheek Pouch
|move|p2a: Ferrothorn|Iron Defense|p2a: Ferrothorn
|-boost|p2a: Ferrothorn|def|2
|
|-damage|p1a: Greedent|71/100|[from] Leech Seed|[of] p2a: Ferrothorn
|-heal|p2a: Ferrothorn|24/100|[silent]
|upkeep
|turn|10
|
|switch|p1a: Pikachu|Pikachu, F|100/100
|-damage|p1a: Pikachu|88/100|[from] Stealth Rock
|move|p2a: Ferrothorn|Knock Off|p1a: Pikachu
|-damage|p1a: Pikachu|15/100
|-enditem|p1a: Pikachu|Light Ball|[from] move: Knock Off|[of] p2a: Ferrothorn
|
|upkeep
|turn|11
|
|move|p1a: Pikachu|Volt Tackle|p2a: Ferrothorn
|-resisted|p2a: Ferrothorn
|-damage|p2a: Ferrothorn|18/100
|-damage|p1a: Pikachu|2/100|[from] ability: Iron Barbs|[of] p2a: Ferrothorn
|-damage|p1a: Pikachu|0 fnt|[from] item: Rocky Helmet|[of] p2a: Ferrothorn
|faint|p1a: Pikachu
|move|p2a: Ferrothorn|Leech Seed|p1: Pikachu|[notarget]
|-fail|p2a: Ferrothorn
|
|upkeep
|inactive|longboiiiiiiiiii has 120 seconds left.
|
|switch|p1a: Raichu|Raichu-Alola, F|100/100
|-damage|p1a: Raichu|88/100|[from] Stealth Rock
|turn|12
|
|move|p1a: Raichu|Thunderbolt|p2a: Ferrothorn
|-resisted|p2a: Ferrothorn
|-damage|p2a: Ferrothorn|0 fnt
|-damage|p1a: Raichu|78/100|[from] item: Life Orb
|faint|p2a: Ferrothorn
|
|-fieldend|move: Electric Terrain
|upkeep
|
|switch|p2a: Zacian|Zacian-Crowned|100/100
|-ability|p2a: Zacian|Intrepid Sword|boost
|-boost|p2a: Zacian|atk|1
|turn|13
|inactive|longboiiiiiiiiii has 120 seconds left.
|
|switch|p1a: Togedemaru|Togedemaru, F|54/100
|-damage|p1a: Togedemaru|48/100|[from] Stealth Rock
|move|p2a: Zacian|Behemoth Blade|p1a: Togedemaru
|-resisted|p1a: Togedemaru
|-damage|p1a: Togedemaru|6/100
|
|upkeep
|turn|14
|inactive|longboiiiiiiiiii has 120 seconds left.
|
|move|p1a: Togedemaru|Fake Out|p2a: Zacian
|-resisted|p2a: Zacian
|-crit|p2a: Zacian
|-damage|p2a: Zacian|92/100
|cant|p2a: Zacian|flinch
|
|upkeep
|turn|15
|
|move|p2a: Zacian|Swords Dance|p2a: Zacian
|-boost|p2a: Zacian|atk|2
|move|p1a: Togedemaru|Electric Terrain|p1a: Togedemaru
|-fieldstart|move: Electric Terrain
|
|upkeep
|turn|16
|
|move|p2a: Zacian|Behemoth Blade|p1a: Togedemaru
|-resisted|p1a: Togedemaru
|-damage|p1a: Togedemaru|0 fnt
|faint|p1a: Togedemaru
|
|upkeep
|
|switch|p1a: Raichu|Raichu-Alola, F|78/100
|-damage|p1a: Raichu|66/100|[from] Stealth Rock
|turn|17
|
|-start|p1a: Raichu|Dynamax
|-heal|p1a: Raichu|66/100|[silent]
|move|p1a: Raichu|Max Lightning|p2a: Zacian
|-damage|p2a: Zacian|4/100
|-damage|p1a: Raichu|61/100|[from] item: Life Orb
|move|p2a: Zacian|Behemoth Blade|p1a: Raichu
|-resisted|p1a: Raichu
|-crit|p1a: Raichu
|-damage|p1a: Raichu|0 fnt
|faint|p1a: Raichu
|
|upkeep
|
|switch|p1a: Cinccino|Cinccino, F|100/100
|-damage|p1a: Cinccino|88/100|[from] Stealth Rock
|turn|18
|
|move|p2a: Zacian|Close Combat|p1a: Cinccino
|-supereffective|p1a: Cinccino
|-damage|p1a: Cinccino|0 fnt
|-unboost|p2a: Zacian|def|1
|-unboost|p2a: Zacian|spd|1
|faint|p1a: Cinccino
|
|upkeep
|
|switch|p1a: Morpeko|Morpeko, M|72/100
|-damage|p1a: Morpeko|59/100|[from] Stealth Rock
|turn|19
|c|☆Magikarp4000|welp
|c|☆Magikarp4000|gg
|c|☆Magikarp4000|wp
|
|move|p2a: Zacian|Close Combat|p1a: Morpeko
|-supereffective|p1a: Morpeko
|-damage|p1a: Morpeko|0 fnt
|-unboost|p2a: Zacian|def|1
|-unboost|p2a: Zacian|spd|1
|faint|p1a: Morpeko
|
|upkeep
|c|☆longboiiiiiiiiii|gg
|c|☆longboiiiiiiiiii|gg
|
|switch|p1a: Greedent|Greedent, M|71/100
|-damage|p1a: Greedent|59/100|[from] Stealth Rock
|turn|20
|
|move|p2a: Zacian|Close Combat|p1a: Greedent
|-supereffective|p1a: Greedent
|-damage|p1a: Greedent|0 fnt
|-unboost|p2a: Zacian|def|1
|-unboost|p2a: Zacian|spd|1
|faint|p1a: Greedent
|
|win|Magikarp4000
|raw|longboiiiiiiiiii's rating: 1143 &rarr; <strong>1132</strong><br />(-11 for losing)
|raw|Magikarp4000's rating: 1368 &rarr; <strong>1376</strong><br />(+8 for winning)
