|raw|<div class="broadcast-blue"><strong>This battle is required to be public due to a player having a name starting with 'ult4pdr'.</div>
|j|☆ULT4PDR Fc
|j|☆VHGFHGFFG
|t:|1654402644
|gametype|singles
|player|p1|ULT4PDR Fc|#wcop2022canada|1586
|player|p2|VHGFHGFFG|170|1349
|teamsize|p1|6
|teamsize|p2|6
|gen|8
|tier|[Gen 8] Ubers
|rated|
|rule|Sleep Clause Mod: Limit one foe put to sleep
|rule|Species Clause: Limit one of each Pokémon
|rule|OHKO Clause: OHKO moves are banned
|rule|Evasion Moves Clause: Evasion moves are banned
|rule|Endless Battle Clause: Forcing endless battles is banned
|rule|HP Percentage Mod: HP is shown in percentages
|rule|Dynamax Clause: You cannot dynamax
|clearpoke
|poke|p1|Calyrex-Shadow|
|poke|p1|Xerneas-*|
|poke|p1|Groudon|
|poke|p1|Necrozma-Dusk-Mane|
|poke|p1|Yveltal|
|poke|p1|Eternatus|
|poke|p2|Xerneas-*|
|poke|p2|Zygarde|
|poke|p2|Chansey, F|
|poke|p2|Regieleki|
|poke|p2|Ferrothorn, F|
|poke|p2|Ho-Oh|
|teampreview
|inactive|Battle timer is ON: inactive players will automatically lose when time's up. (requested by VHGFHGFFG)
|inactive|ULT4PDR Fc has 120 seconds left.
|inactive|ULT4PDR Fc has 90 seconds left.
|
|t:|1654402744
|start
|switch|p1a: Yveltal|Yveltal|100/100
|switch|p2a: The Badmon|Zygarde, shiny|100/100
|-ability|p1a: Yveltal|Dark Aura
|turn|1
|
|t:|1654402752
|switch|p2a: DON’T SHOOT MOMMY|Xerneas, shiny|100/100
|-ability|p2a: DON’T SHOOT MOMMY|Fairy Aura
|move|p1a: Yveltal|Taunt|p2a: DON’T SHOOT MOMMY
|-start|p2a: DON’T SHOOT MOMMY|move: Taunt
|
|upkeep
|turn|2
|
|t:|1654402769
|switch|p1a: Necrozma|Necrozma-Dusk-Mane|100/100
|switch|p2a: OH BEHAVE!|Ferrothorn, F, shiny|100/100
|
|upkeep
|turn|3
|
|t:|1654402776
|move|p1a: Necrozma|Knock Off|p2a: OH BEHAVE!
|-damage|p2a: OH BEHAVE!|76/100
|-damage|p1a: Necrozma|88/100|[from] ability: Iron Barbs|[of] p2a: OH BEHAVE!
|-enditem|p2a: OH BEHAVE!|Leftovers|[from] move: Knock Off|[of] p1a: Necrozma
|move|p2a: OH BEHAVE!|Thunder Wave|p1a: Necrozma
|-status|p1a: Necrozma|par
|
|-heal|p1a: Necrozma|94/100 par|[from] item: Leftovers
|upkeep
|turn|4
|
|t:|1654402786
|switch|p1a: Yveltal|Yveltal|100/100
|-ability|p1a: Yveltal|Dark Aura
|move|p2a: OH BEHAVE!|Knock Off|p1a: Yveltal
|-resisted|p1a: Yveltal
|-damage|p1a: Yveltal|88/100
|-enditem|p1a: Yveltal|Heavy-Duty Boots|[from] move: Knock Off|[of] p2a: OH BEHAVE!
|
|upkeep
|turn|5
|
|t:|1654402800
|move|p2a: OH BEHAVE!|Protect|p2a: OH BEHAVE!
|-singleturn|p2a: OH BEHAVE!|Protect
|move|p1a: Yveltal|Taunt|p2a: OH BEHAVE!
|-activate|p2a: OH BEHAVE!|move: Protect
|
|upkeep
|turn|6
|
|t:|1654402826
|switch|p2a: I am SPEEEED o.Oo|Regieleki, shiny|100/100
|move|p1a: Yveltal|Knock Off|p2a: I am SPEEEED o.Oo
|-enditem|p2a: I am SPEEEED o.Oo|Focus Sash
|-damage|p2a: I am SPEEEED o.Oo|1/100
|
|upkeep
|turn|7
|
|t:|1654402833
|switch|p1a: Groudon|Groudon|100/100
|-weather|SunnyDay|[from] ability: Drought|[of] p1a: Groudon
|move|p2a: I am SPEEEED o.Oo|Electric Terrain|p2a: I am SPEEEED o.Oo
|-fieldstart|move: Electric Terrain
|
|-weather|SunnyDay|[upkeep]
|upkeep
|turn|8
|
|t:|1654402840
|switch|p2a: The Badmon|Zygarde, shiny|100/100
|move|p1a: Groudon|Stealth Rock|p2a: The Badmon
|-sidestart|p2: VHGFHGFFG|move: Stealth Rock
|
|-weather|SunnyDay|[upkeep]
|upkeep
|turn|9
|
|t:|1654402846
|switch|p1a: Xerneas|Xerneas|100/100
|-ability|p1a: Xerneas|Fairy Aura
|move|p2a: The Badmon|Glare|p1a: Xerneas
|-status|p1a: Xerneas|par
|
|-weather|SunnyDay|[upkeep]
|upkeep
|turn|10
|
|t:|1654402855
|switch|p2a: fuego ya tu sabes|Ho-Oh, shiny|100/100
|move|p1a: Xerneas|Aromatherapy|p1a: Xerneas
|-activate|p1a: Xerneas|move: Aromatherapy
|-curestatus|p1a: Xerneas|par|[msg]
|-curestatus|p1: Necrozma|par|[msg]
|
|-weather|SunnyDay|[upkeep]
|upkeep
|turn|11
|
|t:|1654402864
|switch|p1a: Eternatus|Eternatus|100/100
|-ability|p1a: Eternatus|Pressure
|move|p2a: fuego ya tu sabes|Defog|p1a: Eternatus
|-unboost|p1a: Eternatus|evasion|1
|-sideend|p2: VHGFHGFFG|Stealth Rock|[from] move: Defog|[of] p2a: fuego ya tu sabes
|-fieldend|move: Electric Terrain
|
|-weather|none
|upkeep
|turn|12
|
|t:|1654402881
|switch|p1a: Yveltal|Yveltal|88/100
|-ability|p1a: Yveltal|Dark Aura
|switch|p2a: MOMMY OF THE BIG O|Chansey, F, shiny|100/100
|
|upkeep
|turn|13
|
|t:|1654402900
|move|p1a: Yveltal|Knock Off|p2a: MOMMY OF THE BIG O
|-damage|p2a: MOMMY OF THE BIG O|62/100
|-enditem|p2a: MOMMY OF THE BIG O|Eviolite|[from] move: Knock Off|[of] p1a: Yveltal
|move|p2a: MOMMY OF THE BIG O|Wish|p2a: MOMMY OF THE BIG O
|
|upkeep
|turn|14
|
|t:|1654402913
|switch|p2a: DON’T SHOOT MOMMY|Xerneas, shiny|100/100
|-ability|p2a: DON’T SHOOT MOMMY|Fairy Aura
|move|p1a: Yveltal|Knock Off|p2a: DON’T SHOOT MOMMY
|-resisted|p2a: DON’T SHOOT MOMMY
|-damage|p2a: DON’T SHOOT MOMMY|80/100
|-enditem|p2a: DON’T SHOOT MOMMY|Power Herb|[from] move: Knock Off|[of] p1a: Yveltal
|
|-heal|p2a: DON’T SHOOT MOMMY|100/100|[from] move: Wish|[wisher] MOMMY OF THE BIG O
|upkeep
|turn|15
|
|t:|1654402924
|switch|p1a: Necrozma|Necrozma-Dusk-Mane|94/100
|move|p2a: DON’T SHOOT MOMMY|Moonblast|p1a: Necrozma
|-resisted|p1a: Necrozma
|-damage|p1a: Necrozma|72/100
|-unboost|p1a: Necrozma|spa|1
|
|-heal|p1a: Necrozma|78/100|[from] item: Leftovers
|upkeep
|turn|16
|
|t:|1654402934
|switch|p2a: The Badmon|Zygarde, shiny|100/100
|move|p1a: Necrozma|Knock Off|p2a: The Badmon
|-damage|p2a: The Badmon|80/100
|-enditem|p2a: The Badmon|Leftovers|[from] move: Knock Off|[of] p1a: Necrozma
|
|-heal|p1a: Necrozma|84/100|[from] item: Leftovers
|upkeep
|turn|17
|
|t:|1654402943
|move|p2a: The Badmon|Glare|p1a: Necrozma
|-status|p1a: Necrozma|par
|move|p1a: Necrozma|Sunsteel Strike|p2a: The Badmon
|-damage|p2a: The Badmon|50/100
|
|-heal|p1a: Necrozma|90/100 par|[from] item: Leftovers
|-activate|p2a: The Badmon|ability: Power Construct
|detailschange|p2a: The Badmon|Zygarde-Complete, shiny
|-heal|p2a: The Badmon|69/100|[silent]
|upkeep
|turn|18
|
|t:|1654402955
|switch|p1a: Xerneas|Xerneas|100/100
|-ability|p1a: Xerneas|Fairy Aura
|move|p2a: The Badmon|Thousand Waves|p1a: Xerneas
|-damage|p1a: Xerneas|71/100
|-activate|p1a: Xerneas|trapped
|
|upkeep
|turn|19
|
|t:|1654402963
|move|p1a: Xerneas|Moonblast|p2a: The Badmon
|-supereffective|p2a: The Badmon
|-damage|p2a: The Badmon|0 fnt
|faint|p2a: The Badmon
|
|upkeep
|j| Raiden Mei
|
|t:|1654402989
|switch|p2a: DON’T SHOOT MOMMY|Xerneas, shiny|100/100
|-ability|p2a: DON’T SHOOT MOMMY|Fairy Aura
|turn|20
|
|t:|1654402993
|move|p1a: Xerneas|Moonblast|p2a: DON’T SHOOT MOMMY
|-damage|p2a: DON’T SHOOT MOMMY|46/100
|move|p2a: DON’T SHOOT MOMMY|Moonblast|p1a: Xerneas
|-damage|p1a: Xerneas|9/100
|
|upkeep
|turn|21
|
|t:|1654402999
|move|p1a: Xerneas|Moonblast|p2a: DON’T SHOOT MOMMY
|-damage|p2a: DON’T SHOOT MOMMY|0 fnt
|faint|p2a: DON’T SHOOT MOMMY
|
|upkeep
|
|t:|1654403012
|switch|p2a: OH BEHAVE!|Ferrothorn, F, shiny|76/100
|turn|22
|
|t:|1654403018
|switch|p1a: Eternatus|Eternatus|100/100
|-ability|p1a: Eternatus|Pressure
|move|p2a: OH BEHAVE!|Leech Seed|p1a: Eternatus
|-start|p1a: Eternatus|move: Leech Seed
|
|-damage|p1a: Eternatus|88/100|[from] Leech Seed|[of] p2a: OH BEHAVE!
|-heal|p2a: OH BEHAVE!|91/100|[silent]
|upkeep
|turn|23
|
|t:|1654403027
|switch|p1a: Yveltal|Yveltal|88/100
|-ability|p1a: Yveltal|Dark Aura
|move|p2a: OH BEHAVE!|Protect||[still]
|-fail|p2a: OH BEHAVE!
|
|upkeep
|turn|24
|
|t:|1654403035
|move|p2a: OH BEHAVE!|Protect|p2a: OH BEHAVE!
|-singleturn|p2a: OH BEHAVE!|Protect
|move|p1a: Yveltal|Taunt|p2a: OH BEHAVE!
|-activate|p2a: OH BEHAVE!|move: Protect
|
|upkeep
|turn|25
|
|t:|1654403041
|move|p1a: Yveltal|Knock Off|p2a: OH BEHAVE!
|-crit|p2a: OH BEHAVE!
|-damage|p2a: OH BEHAVE!|54/100
|-damage|p1a: Yveltal|76/100|[from] ability: Iron Barbs|[of] p2a: OH BEHAVE!
|move|p2a: OH BEHAVE!|Knock Off|p1a: Yveltal
|-resisted|p1a: Yveltal
|-damage|p1a: Yveltal|68/100
|
|upkeep
|turn|26
|
|t:|1654403048
|move|p1a: Yveltal|Taunt|p2a: OH BEHAVE!
|-start|p2a: OH BEHAVE!|move: Taunt
|cant|p2a: OH BEHAVE!|move: Taunt|Thunder Wave
|
|upkeep
|turn|27
|
|t:|1654403054
|switch|p2a: fuego ya tu sabes|Ho-Oh, shiny|100/100
|move|p1a: Yveltal|Knock Off|p2a: fuego ya tu sabes
|-damage|p2a: fuego ya tu sabes|61/100
|-enditem|p2a: fuego ya tu sabes|Heavy-Duty Boots|[from] move: Knock Off|[of] p1a: Yveltal
|
|upkeep
|turn|28
|
|t:|1654403061
|switch|p1a: Eternatus|Eternatus|88/100
|-ability|p1a: Eternatus|Pressure
|move|p2a: fuego ya tu sabes|Sacred Fire|p1a: Eternatus
|-resisted|p1a: Eternatus
|-damage|p1a: Eternatus|71/100
|-status|p1a: Eternatus|brn
|
|-damage|p1a: Eternatus|65/100 brn|[from] brn
|upkeep
|turn|29
|
|t:|1654403072
|switch|p2a: I am SPEEEED o.Oo|Regieleki, shiny|1/100
|move|p1a: Eternatus|Recover|p1a: Eternatus
|-heal|p1a: Eternatus|100/100 brn
|
|-damage|p1a: Eternatus|94/100 brn|[from] brn
|upkeep
|turn|30
|
|t:|1654403080
|switch|p2a: MOMMY OF THE BIG O|Chansey, F, shiny|62/100
|move|p1a: Eternatus|Sludge Bomb|p2a: MOMMY OF THE BIG O
|-damage|p2a: MOMMY OF THE BIG O|41/100
|
|-damage|p1a: Eternatus|88/100 brn|[from] brn
|upkeep
|turn|31
|
|t:|1654403087
|switch|p1a: Groudon|Groudon|100/100
|-weather|SunnyDay|[from] ability: Drought|[of] p1a: Groudon
|move|p2a: MOMMY OF THE BIG O|Wish|p2a: MOMMY OF THE BIG O
|
|-weather|SunnyDay|[upkeep]
|upkeep
|turn|32
|
|t:|1654403096
|move|p1a: Groudon|Stealth Rock|p2a: MOMMY OF THE BIG O
|-sidestart|p2: VHGFHGFFG|move: Stealth Rock
|move|p2a: MOMMY OF THE BIG O|Seismic Toss|p1a: Groudon
|-damage|p1a: Groudon|76/100
|
|-weather|SunnyDay|[upkeep]
|-heal|p2a: MOMMY OF THE BIG O|91/100|[from] move: Wish|[wisher] MOMMY OF THE BIG O
|-heal|p1a: Groudon|82/100|[from] item: Leftovers
|upkeep
|turn|33
|
|t:|1654403106
|switch|p2a: fuego ya tu sabes|Ho-Oh, shiny|94/100
|-damage|p2a: fuego ya tu sabes|44/100|[from] Stealth Rock
|move|p1a: Groudon|Swords Dance|p1a: Groudon
|-boost|p1a: Groudon|atk|2
|
|-weather|SunnyDay|[upkeep]
|-heal|p1a: Groudon|88/100|[from] item: Leftovers
|upkeep
|turn|34
|
|t:|1654403115
|move|p1a: Groudon|Stone Edge|p2a: fuego ya tu sabes
|-supereffective|p2a: fuego ya tu sabes
|-damage|p2a: fuego ya tu sabes|0 fnt
|faint|p2a: fuego ya tu sabes
|
|-weather|SunnyDay|[upkeep]
|-heal|p1a: Groudon|94/100|[from] item: Leftovers
|upkeep
|
|t:|1654403123
|switch|p2a: OH BEHAVE!|Ferrothorn, F, shiny|54/100
|-damage|p2a: OH BEHAVE!|48/100|[from] Stealth Rock
|turn|35
|
|t:|1654403127
|move|p1a: Groudon|Precipice Blades|p2a: OH BEHAVE!
|-damage|p2a: OH BEHAVE!|0 fnt
|faint|p2a: OH BEHAVE!
|
|-weather|none
|-heal|p1a: Groudon|100/100|[from] item: Leftovers
|upkeep
|c|☆VHGFHGFFG|gg
|inactive|VHGFHGFFG has 120 seconds left.
|
|t:|1654403160
|switch|p2a: I am SPEEEED o.Oo|Regieleki, shiny|1/100
|-damage|p2a: I am SPEEEED o.Oo|0 fnt|[from] Stealth Rock
|faint|p2a: I am SPEEEED o.Oo
|
|t:|1654403165
|switch|p2a: MOMMY OF THE BIG O|Chansey, F, shiny|91/100
|-damage|p2a: MOMMY OF THE BIG O|79/100|[from] Stealth Rock
|turn|36
|
|t:|1654403170
|move|p1a: Groudon|Precipice Blades|p2a: MOMMY OF THE BIG O
|-damage|p2a: MOMMY OF THE BIG O|0 fnt
|faint|p2a: MOMMY OF THE BIG O
|
|win|ULT4PDR Fc
|raw|ULT4PDR Fc's rating: 1601 &rarr; <strong>1609</strong><br />(+8 for winning)
|raw|VHGFHGFFG's rating: 1349 &rarr; <strong>1341</strong><br />(-8 for losing)
|l|☆ULT4PDR Fc
