|j|☆Luna's Bann3d N0w
|j|☆ult8rq qian
|t:|1620884421
|gametype|singles
|player|p1|Luna's Bann3d N0w|birdkeeper-gen4dp|1526
|player|p2|ult8rq qian|2|1611
|teamsize|p1|6
|teamsize|p2|6
|gen|8
|tier|[Gen 8] Ubers
|rated|
|rule|Sleep Clause Mod: Limit one foe put to sleep
|rule|Species Clause: Limit one of each Pokémon
|rule|OHKO Clause: OHKO moves are banned
|rule|Evasion Moves Clause: Evasion moves are banned
|rule|Endless Battle Clause: Forcing endless battles is banned
|rule|HP Percentage Mod: HP is shown in percentages
|rule|Dynamax Clause: You cannot dynamax
|clearpoke
|poke|p1|Yveltal|
|poke|p1|Dugtrio, F|
|poke|p1|Eternatus|
|poke|p1|Necrozma-Dusk-Mane|
|poke|p1|Landorus-Therian, M|
|poke|p1|Zacian-*|
|poke|p2|Slurpuff, F|
|poke|p2|Eternatus|
|poke|p2|Yveltal|
|poke|p2|Necrozma-Dusk-Mane|
|poke|p2|Kyogre|
|poke|p2|Calyrex-Shadow|
|teampreview
|j|+Aberforth
|j| Based 4 Ghosters
|inactive|Battle timer is ON: inactive players will automatically lose when time's up. (requested by Luna's Bann3d N0w)
|j| Goat heart ❤
|
|t:|1620884441
|start
|switch|p1a: Dugtrio|Dugtrio, F|100/100
|switch|p2a: Slurpuff|Slurpuff, F|100/100
|turn|1
|
|t:|1620884445
|move|p1a: Dugtrio|Earthquake|p2a: Slurpuff
|-damage|p2a: Slurpuff|22/100
|move|p2a: Slurpuff|Sticky Web|p1a: Dugtrio
|-sidestart|p1: Luna's Bann3d N0w|move: Sticky Web
|
|upkeep
|turn|2
|j| Basedburner
|
|t:|1620884449
|move|p2a: Slurpuff|Magic Coat|p2a: Slurpuff
|-singleturn|p2a: Slurpuff|move: Magic Coat
|move|p1a: Dugtrio|Earthquake|p2a: Slurpuff
|-damage|p2a: Slurpuff|0 fnt
|faint|p2a: Slurpuff
|
|upkeep
|
|t:|1620884461
|switch|p2a: Yveltal|Yveltal|100/100
|-ability|p2a: Yveltal|Dark Aura
|turn|3
|inactive|Luna's Bann3d N0w has 120 seconds left.
|
|t:|1620884492
|switch|p1a: Landorus|Landorus-Therian, M|100/100
|-ability|p1a: Landorus|Intimidate|boost
|-unboost|p2a: Yveltal|atk|1
|move|p2a: Yveltal|Oblivion Wing|p1a: Landorus
|-damage|p1a: Landorus|29/100
|-damage|p2a: Yveltal|91/100|[from] item: Life Orb
|
|upkeep
|turn|4
|
|t:|1620884508
|move|p1a: Landorus|Defog|p2a: Yveltal
|-unboost|p2a: Yveltal|evasion|1
|-sideend|p1: Luna's Bann3d N0w|Sticky Web|[from] move: Defog|[of] p1a: Landorus
|move|p2a: Yveltal|Dark Pulse|p1a: Landorus
|-damage|p1a: Landorus|0 fnt
|faint|p1a: Landorus
|-damage|p2a: Yveltal|81/100|[from] item: Life Orb
|
|upkeep
|
|t:|1620884512
|switch|p1a: Zacian|Zacian|100/100
|-ability|p1a: Zacian|Intrepid Sword|boost
|-boost|p1a: Zacian|atk|1
|turn|5
|
|t:|1620884518
|move|p1a: Zacian|Play Rough|p2a: Yveltal
|-supereffective|p2a: Yveltal
|-damage|p2a: Yveltal|0 fnt
|faint|p2a: Yveltal
|
|upkeep
|
|t:|1620884519
|switch|p2a: Necrozma|Necrozma-Dusk-Mane|100/100
|turn|6
|j| BasedWhat?
|j| ULT8RQ KB
|
|t:|1620884528
|move|p1a: Zacian|Crunch|p2a: Necrozma
|-supereffective|p2a: Necrozma
|-damage|p2a: Necrozma|48/100
|move|p2a: Necrozma|Dragon Dance|p2a: Necrozma
|-boost|p2a: Necrozma|atk|1
|-boost|p2a: Necrozma|spe|1
|
|upkeep
|turn|7
|
|t:|1620884531
|move|p1a: Zacian|Crunch|p2a: Necrozma
|-supereffective|p2a: Necrozma
|-damage|p2a: Necrozma|0 fnt
|faint|p2a: Necrozma
|
|upkeep
|
|t:|1620884535
|switch|p2a: Kyogre|Kyogre|100/100
|-weather|RainDance|[from] ability: Drizzle|[of] p2a: Kyogre
|turn|8
|
|t:|1620884538
|move|p1a: Zacian|Wild Charge|p2a: Kyogre
|-supereffective|p2a: Kyogre
|-damage|p2a: Kyogre|0 fnt
|faint|p2a: Kyogre
|-damage|p1a: Zacian|74/100|[from] Recoil
|
|-weather|RainDance|[upkeep]
|upkeep
|
|t:|1620884541
|switch|p2a: Calyrex|Calyrex-Shadow|100/100
|-ability|p2a: Calyrex|As One
|-ability|p2a: Calyrex|Unnerve
|turn|9
|
|t:|1620884544
|switch|p1a: Yveltal|Yveltal|100/100
|-ability|p1a: Yveltal|Dark Aura
|move|p2a: Calyrex|Astral Barrage|p1a: Yveltal
|-resisted|p1a: Yveltal
|-damage|p1a: Yveltal|67/100
|
|-weather|RainDance|[upkeep]
|upkeep
|turn|10
|
|t:|1620884546
|switch|p2a: Eternatus|Eternatus|100/100
|-ability|p2a: Eternatus|Pressure
|move|p1a: Yveltal|Oblivion Wing|p2a: Eternatus
|-damage|p2a: Eternatus|73/100
|-heal|p1a: Yveltal|89/100|[from] drain|[of] p2a: Eternatus
|
|-weather|RainDance|[upkeep]
|upkeep
|turn|11
|
|t:|1620884553
|switch|p2a: Calyrex|Calyrex-Shadow|100/100
|-ability|p2a: Calyrex|As One
|-ability|p2a: Calyrex|Unnerve
|switch|p1a: Dugtrio|Dugtrio, F|100/100
|
|-weather|RainDance|[upkeep]
|upkeep
|turn|12
|
|t:|1620884556
|move|p1a: Dugtrio|Beat Up|p2a: Calyrex
|-supereffective|p2a: Calyrex
|-damage|p2a: Calyrex|77/100
|-supereffective|p2a: Calyrex
|-damage|p2a: Calyrex|48/100
|-supereffective|p2a: Calyrex
|-damage|p2a: Calyrex|28/100
|-supereffective|p2a: Calyrex
|-damage|p2a: Calyrex|0 fnt
|-hitcount|p2a: Calyrex|4
|faint|p2a: Calyrex
|
|-weather|none
|upkeep
|-message|ult8rq qian forfeited.
|
|win|Luna's Bann3d N0w
|raw|Luna&apos;s Bann3d N0w's rating: 1526 &rarr; <strong>1551</strong><br />(+25 for winning)
|raw|ult8rq qian's rating: 1611 &rarr; <strong>1586</strong><br />(-25 for losing)
|c| BasedWhat?|fghjmhtgrfjm
|l|☆ult8rq qian
|c|☆Luna's Bann3d N0w|LMAO
|l| ULT8RQ KB
|l| Goat heart ❤
|l|+Aberforth
|j| Goat heart ❤
