|j|☆OPJellicent
|j|☆caionamax
|t:|1645825097
|gametype|singles
|player|p1|OPJellicent|lucas-gen4pt|1442
|player|p2|caionamax|juggler|1430
|teamsize|p1|6
|teamsize|p2|6
|gen|8
|tier|[Gen 8] Ubers
|rated|
|rule|Sleep Clause Mod: Limit one foe put to sleep
|rule|Species Clause: Limit one of each Pokémon
|rule|OHKO Clause: OHKO moves are banned
|rule|Evasion Moves Clause: Evasion moves are banned
|rule|Endless Battle Clause: Forcing endless battles is banned
|rule|HP Percentage Mod: HP is shown in percentages
|rule|Dynamax Clause: You cannot dynamax
|clearpoke
|poke|p1|Rayquaza|
|poke|p1|Calyrex-Shadow|
|poke|p1|Groudon|
|poke|p1|Necrozma-Dusk-Mane|
|poke|p1|Yveltal|
|poke|p1|Kyogre|
|poke|p2|Necrozma-Dusk-Mane|
|poke|p2|Yveltal|
|poke|p2|Magnezone|
|poke|p2|Xerneas-*|
|poke|p2|Eternatus|
|poke|p2|Calyrex-Shadow|
|teampreview
|inactive|Battle timer is ON: inactive players will automatically lose when time's up. (requested by caionamax)
|
|t:|1645825105
|start
|switch|p1a: Groudon|Groudon|100/100
|switch|p2a: Xerneas|Xerneas|100/100
|-ability|p2a: Xerneas|Fairy Aura
|-weather|SunnyDay|[from] ability: Drought|[of] p1a: Groudon
|turn|1
|
|t:|1645825113
|move|p2a: Xerneas|Play Rough|p1a: Groudon
|-damage|p1a: Groudon|57/100
|move|p1a: Groudon|Toxic|p2a: Xerneas
|-status|p2a: Xerneas|tox
|
|-weather|SunnyDay|[upkeep]
|-heal|p1a: Groudon|63/100|[from] item: Leftovers
|-damage|p2a: Xerneas|94/100 tox|[from] psn
|upkeep
|turn|2
|
|t:|1645825124
|switch|p1a: Necrozma|Necrozma-Dusk-Mane|100/100
|move|p2a: Xerneas|Play Rough|p1a: Necrozma
|-resisted|p1a: Necrozma
|-damage|p1a: Necrozma|70/100
|
|-weather|SunnyDay|[upkeep]
|-heal|p1a: Necrozma|76/100|[from] item: Leftovers
|-damage|p2a: Xerneas|82/100 tox|[from] psn
|upkeep
|turn|3
|
|t:|1645825126
|switch|p2a: Magnezone|Magnezone|100/100
|-item|p2a: Magnezone|Air Balloon
|move|p1a: Necrozma|Stealth Rock|p2a: Magnezone
|-sidestart|p2: caionamax|move: Stealth Rock
|
|-weather|SunnyDay|[upkeep]
|-heal|p1a: Necrozma|82/100|[from] item: Leftovers
|upkeep
|turn|4
|
|t:|1645825133
|move|p1a: Necrozma|Iron Head|p2a: Magnezone
|-resisted|p2a: Magnezone
|-damage|p2a: Magnezone|92/100
|-enditem|p2a: Magnezone|Air Balloon
|cant|p2a: Magnezone|flinch
|
|-weather|SunnyDay|[upkeep]
|-heal|p1a: Necrozma|88/100|[from] item: Leftovers
|upkeep
|turn|5
|
|t:|1645825136
|move|p2a: Magnezone|Magnet Rise|p2a: Magnezone
|-start|p2a: Magnezone|Magnet Rise
|move|p1a: Necrozma|Iron Head|p2a: Magnezone
|-resisted|p2a: Magnezone
|-damage|p2a: Magnezone|83/100
|
|-weather|none
|-heal|p1a: Necrozma|94/100|[from] item: Leftovers
|upkeep
|turn|6
|
|t:|1645825138
|move|p2a: Magnezone|Iron Defense|p2a: Magnezone
|-boost|p2a: Magnezone|def|2
|move|p1a: Necrozma|Iron Head|p2a: Magnezone
|-resisted|p2a: Magnezone
|-damage|p2a: Magnezone|79/100
|
|-heal|p1a: Necrozma|99/100|[from] item: Leftovers
|upkeep
|turn|7
|
|t:|1645825143
|move|p2a: Magnezone|Iron Defense|p2a: Magnezone
|-boost|p2a: Magnezone|def|2
|move|p1a: Necrozma|Iron Head|p2a: Magnezone
|-resisted|p2a: Magnezone
|-damage|p2a: Magnezone|76/100
|
|-heal|p1a: Necrozma|100/100|[from] item: Leftovers
|upkeep
|turn|8
|
|t:|1645825145
|move|p1a: Necrozma|Iron Head|p2a: Magnezone
|-resisted|p2a: Magnezone
|-damage|p2a: Magnezone|73/100
|move|p2a: Magnezone|Iron Defense|p2a: Magnezone
|-boost|p2a: Magnezone|def|2
|
|upkeep
|turn|9
|
|t:|1645825148
|move|p2a: Magnezone|Body Press|p1a: Necrozma
|-crit|p1a: Necrozma
|-damage|p1a: Necrozma|0 fnt
|faint|p1a: Necrozma
|
|-end|p2a: Magnezone|Magnet Rise
|upkeep
|
|t:|1645825151
|switch|p1a: Kyogre|Kyogre|100/100
|-weather|RainDance|[from] ability: Drizzle|[of] p1a: Kyogre
|turn|10
|inactive|caionamax has 120 seconds left.
|
|t:|1645825194
|move|p1a: Kyogre|Water Spout|p2a: Magnezone
|-damage|p2a: Magnezone|0 fnt
|faint|p2a: Magnezone
|
|-weather|RainDance|[upkeep]
|upkeep
|
|t:|1645825196
|switch|p2a: Eternatus|Eternatus|100/100
|-damage|p2a: Eternatus|88/100|[from] Stealth Rock
|-ability|p2a: Eternatus|Pressure
|turn|11
|
|t:|1645825205
|move|p2a: Eternatus|Toxic|p1a: Kyogre
|-status|p1a: Kyogre|tox
|move|p1a: Kyogre|Water Spout|p2a: Eternatus
|-resisted|p2a: Eternatus
|-damage|p2a: Eternatus|34/100
|
|-weather|RainDance|[upkeep]
|-damage|p1a: Kyogre|94/100 tox|[from] psn
|upkeep
|turn|12
|
|t:|1645825210
|switch|p1a: Groudon|Groudon|63/100
|-weather|SunnyDay|[from] ability: Drought|[of] p1a: Groudon
|move|p2a: Eternatus|Recover|p2a: Eternatus
|-heal|p2a: Eternatus|84/100
|
|-weather|SunnyDay|[upkeep]
|-heal|p1a: Groudon|70/100|[from] item: Leftovers
|upkeep
|turn|13
|
|t:|1645825218
|move|p2a: Eternatus|Draco Meteor|p1a: Groudon
|-damage|p1a: Groudon|12/100
|-unboost|p2a: Eternatus|spa|2
|-enditem|p2a: Eternatus|Eject Pack
|
|t:|1645825237
|switch|p2a: Xerneas|Xerneas|82/100 tox
|-damage|p2a: Xerneas|70/100 tox|[from] Stealth Rock
|-ability|p2a: Xerneas|Fairy Aura
|move|p1a: Groudon|Precipice Blades|p2a: Xerneas
|-damage|p2a: Xerneas|21/100 tox
|
|-weather|SunnyDay|[upkeep]
|-heal|p1a: Groudon|18/100|[from] item: Leftovers
|-damage|p2a: Xerneas|14/100 tox|[from] psn
|upkeep
|turn|14
|
|t:|1645825243
|move|p2a: Xerneas|Play Rough|p1a: Groudon
|-damage|p1a: Groudon|0 fnt
|faint|p1a: Groudon
|
|-weather|SunnyDay|[upkeep]
|-damage|p2a: Xerneas|2/100 tox|[from] psn
|upkeep
|
|t:|1645825254
|switch|p1a: Rayquaza|Rayquaza|100/100
|-ability|p1a: Rayquaza|Air Lock
|turn|15
|
|t:|1645825271
|move|p1a: Rayquaza|Extreme Speed|p2a: Xerneas
|-damage|p2a: Xerneas|0 fnt
|faint|p2a: Xerneas
|-damage|p1a: Rayquaza|91/100|[from] item: Life Orb
|
|-weather|SunnyDay|[upkeep]
|upkeep
|
|t:|1645825276
|switch|p2a: Eternatus|Eternatus|84/100
|-damage|p2a: Eternatus|72/100|[from] Stealth Rock
|-ability|p2a: Eternatus|Pressure
|turn|16
|
|t:|1645825296
|move|p2a: Eternatus|Draco Meteor|p1a: Rayquaza
|-supereffective|p1a: Rayquaza
|-damage|p1a: Rayquaza|0 fnt
|-unboost|p2a: Eternatus|spa|2
|faint|p1a: Rayquaza
|
|-weather|none
|upkeep
|
|t:|1645825299
|switch|p1a: Kyogre|Kyogre|94/100 tox
|-weather|RainDance|[from] ability: Drizzle|[of] p1a: Kyogre
|turn|17
|inactive|caionamax has 120 seconds left.
|
|t:|1645825330
|move|p2a: Eternatus|Draco Meteor|p1a: Kyogre
|-damage|p1a: Kyogre|72/100 tox
|-unboost|p2a: Eternatus|spa|2
|move|p1a: Kyogre|Ice Beam|p2a: Eternatus
|-supereffective|p2a: Eternatus
|-damage|p2a: Eternatus|10/100
|
|-weather|RainDance|[upkeep]
|-damage|p1a: Kyogre|66/100 tox|[from] psn
|upkeep
|turn|18
|
|t:|1645825339
|switch|p2a: Calyrex|Calyrex-Shadow|100/100
|-ability|p2a: Calyrex|As One
|-ability|p2a: Calyrex|Unnerve
|-damage|p2a: Calyrex|88/100|[from] Stealth Rock
|move|p1a: Kyogre|Ice Beam|p2a: Calyrex
|-damage|p2a: Calyrex|40/100
|
|-weather|RainDance|[upkeep]
|-damage|p1a: Kyogre|54/100 tox|[from] psn
|upkeep
|turn|19
|
|t:|1645825342
|switch|p1a: Yveltal|Yveltal|100/100
|-ability|p1a: Yveltal|Dark Aura
|move|p2a: Calyrex|Trick|p1a: Yveltal
|-activate|p2a: Calyrex|move: Trick|[of] p1a: Yveltal
|-item|p1a: Yveltal|Choice Specs|[from] move: Trick
|-item|p2a: Calyrex|Heavy-Duty Boots|[from] move: Trick
|
|-weather|RainDance|[upkeep]
|upkeep
|turn|20
|
|t:|1645825352
|switch|p2a: Yveltal|Yveltal|100/100
|-ability|p2a: Yveltal|Dark Aura
|move|p1a: Yveltal|Knock Off|p2a: Yveltal
|-resisted|p2a: Yveltal
|-damage|p2a: Yveltal|80/100
|-enditem|p2a: Yveltal|Heavy-Duty Boots|[from] move: Knock Off|[of] p1a: Yveltal
|
|-weather|RainDance|[upkeep]
|upkeep
|turn|21
|
|t:|1645825378
|switch|p1a: Kyogre|Kyogre|54/100 tox
|move|p2a: Yveltal|Defog|p1a: Kyogre
|-unboost|p1a: Kyogre|evasion|1
|-sideend|p2: caionamax|Stealth Rock|[from] move: Defog|[of] p2a: Yveltal
|
|-weather|none
|-damage|p1a: Kyogre|48/100 tox|[from] psn
|upkeep
|turn|22
|
|t:|1645825385
|switch|p2a: Necrozma|Necrozma-Dusk-Mane|100/100
|move|p1a: Kyogre|Origin Pulse|p2a: Necrozma
|-damage|p2a: Necrozma|46/100
|
|-heal|p2a: Necrozma|52/100|[from] item: Leftovers
|-damage|p1a: Kyogre|35/100 tox|[from] psn
|upkeep
|turn|23
|
|t:|1645825391
|move|p1a: Kyogre|Origin Pulse|p2a: Necrozma
|-damage|p2a: Necrozma|0 fnt
|faint|p2a: Necrozma
|
|-damage|p1a: Kyogre|17/100 tox|[from] psn
|upkeep
|
|t:|1645825398
|switch|p2a: Calyrex|Calyrex-Shadow|40/100
|-ability|p2a: Calyrex|As One
|-ability|p2a: Calyrex|Unnerve
|turn|24
|
|t:|1645825400
|switch|p1a: Yveltal|Yveltal|100/100
|-ability|p1a: Yveltal|Dark Aura
|move|p2a: Calyrex|Astral Barrage|p1a: Yveltal
|-resisted|p1a: Yveltal
|-damage|p1a: Yveltal|76/100
|
|upkeep
|turn|25
|
|t:|1645825404
|switch|p2a: Yveltal|Yveltal|80/100
|-ability|p2a: Yveltal|Dark Aura
|move|p1a: Yveltal|Knock Off|p2a: Yveltal
|-resisted|p2a: Yveltal
|-damage|p2a: Yveltal|66/100
|
|upkeep
|turn|26
|
|t:|1645825413
|switch|p1a: Calyrex|Calyrex-Shadow|100/100
|-ability|p1a: Calyrex|As One
|-ability|p1a: Calyrex|Unnerve
|move|p2a: Yveltal|Roost|p2a: Yveltal
|-heal|p2a: Yveltal|100/100
|-singleturn|p2a: Yveltal|move: Roost
|
|upkeep
|turn|27
|
|t:|1645825418
|move|p2a: Yveltal|Sucker Punch||[still]
|-fail|p2a: Yveltal
|move|p1a: Calyrex|Trick|p2a: Yveltal
|-activate|p1a: Calyrex|move: Trick|[of] p2a: Yveltal
|-item|p2a: Yveltal|Choice Scarf|[from] move: Trick
|-enditem|p1a: Calyrex|Choice Scarf|[silent]|[from] move: Trick
|
|upkeep
|turn|28
|
|t:|1645825424
|switch|p1a: Yveltal|Yveltal|76/100
|-ability|p1a: Yveltal|Dark Aura
|switch|p2a: Eternatus|Eternatus|10/100
|-ability|p2a: Eternatus|Pressure
|
|upkeep
|turn|29
|
|t:|1645825432
|switch|p1a: Calyrex|Calyrex-Shadow|100/100
|-ability|p1a: Calyrex|As One
|-ability|p1a: Calyrex|Unnerve
|move|p2a: Eternatus|Recover|p2a: Eternatus
|-heal|p2a: Eternatus|60/100
|
|upkeep
|turn|30
|inactive|caionamax has 120 seconds left.
|
|t:|1645825466
|switch|p2a: Yveltal|Yveltal|100/100
|-ability|p2a: Yveltal|Dark Aura
|move|p1a: Calyrex|Psyshock|p2a: Yveltal
|-immune|p2a: Yveltal
|
|upkeep
|turn|31
|
|t:|1645825473
|switch|p1a: Yveltal|Yveltal|76/100
|-ability|p1a: Yveltal|Dark Aura
|move|p2a: Yveltal|Sucker Punch||[still]
|-fail|p2a: Yveltal
|
|upkeep
|turn|32
|
|t:|1645825475
|switch|p2a: Eternatus|Eternatus|60/100
|-ability|p2a: Eternatus|Pressure
|move|p1a: Yveltal|Roost|p1a: Yveltal
|-heal|p1a: Yveltal|100/100
|-singleturn|p1a: Yveltal|move: Roost
|
|upkeep
|turn|33
|
|t:|1645825478
|switch|p1a: Calyrex|Calyrex-Shadow|100/100
|-ability|p1a: Calyrex|As One
|-ability|p1a: Calyrex|Unnerve
|move|p2a: Eternatus|Toxic|p1a: Calyrex
|-status|p1a: Calyrex|tox
|
|-damage|p1a: Calyrex|94/100 tox|[from] psn
|upkeep
|turn|34
|
|t:|1645825484
|switch|p2a: Yveltal|Yveltal|100/100
|-ability|p2a: Yveltal|Dark Aura
|move|p1a: Calyrex|Aromatherapy|p1a: Calyrex
|-activate|p1a: Calyrex|move: Aromatherapy
|-curestatus|p1a: Calyrex|tox|[msg]
|-curestatus|p1: Kyogre|tox|[msg]
|
|upkeep
|turn|35
|
|t:|1645825494
|move|p2a: Yveltal|Sucker Punch||[still]
|-fail|p2a: Yveltal
|move|p1a: Calyrex|Aromatherapy||[still]
|-activate|p1a: Calyrex|move: Aromatherapy
|-fail|p1a: Calyrex
|
|upkeep
|turn|36
|
|t:|1645825521
|move|p2a: Yveltal|Sucker Punch||[still]
|-fail|p2a: Yveltal
|move|p1a: Calyrex|Aromatherapy||[still]
|-activate|p1a: Calyrex|move: Aromatherapy
|-fail|p1a: Calyrex
|
|upkeep
|turn|37
|j| giove97
|
|t:|1645825531
|move|p2a: Yveltal|Sucker Punch||[still]
|-fail|p2a: Yveltal
|move|p1a: Calyrex|Aromatherapy||[still]
|-activate|p1a: Calyrex|move: Aromatherapy
|-fail|p1a: Calyrex
|
|upkeep
|turn|38
|
|t:|1645825538
|move|p2a: Yveltal|Sucker Punch||[still]
|-fail|p2a: Yveltal
|move|p1a: Calyrex|Aromatherapy||[still]
|-activate|p1a: Calyrex|move: Aromatherapy
|-fail|p1a: Calyrex
|
|upkeep
|turn|39
|inactive|caionamax has 120 seconds left.
|
|t:|1645825595
|move|p2a: Yveltal|Sucker Punch||[still]
|-fail|p2a: Yveltal
|move|p1a: Calyrex|Aromatherapy||[still]
|-activate|p1a: Calyrex|move: Aromatherapy
|-fail|p1a: Calyrex
|
|upkeep
|turn|40
|
|t:|1645825598
|move|p2a: Yveltal|Sucker Punch||[still]
|-fail|p2a: Yveltal
|move|p1a: Calyrex|Aromatherapy||[still]
|-activate|p1a: Calyrex|move: Aromatherapy
|-fail|p1a: Calyrex
|
|upkeep
|turn|41
|
|t:|1645825613
|switch|p2a: Calyrex|Calyrex-Shadow|40/100
|-ability|p2a: Calyrex|As One
|-ability|p2a: Calyrex|Unnerve
|move|p1a: Calyrex|Psyshock|p2a: Calyrex
|-resisted|p2a: Calyrex
|-damage|p2a: Calyrex|9/100
|
|upkeep
|turn|42
|
|t:|1645825631
|switch|p2a: Eternatus|Eternatus|60/100
|-ability|p2a: Eternatus|Pressure
|switch|p1a: Yveltal|Yveltal|100/100
|-ability|p1a: Yveltal|Dark Aura
|
|upkeep
|turn|43
|inactive|caionamax has 90 seconds left.
|inactive|caionamax has 60 seconds left.
|
|t:|1645825686
|switch|p1a: Calyrex|Calyrex-Shadow|94/100
|-ability|p1a: Calyrex|As One
|-ability|p1a: Calyrex|Unnerve
|move|p2a: Eternatus|Toxic|p1a: Calyrex
|-status|p1a: Calyrex|tox
|
|-damage|p1a: Calyrex|88/100 tox|[from] psn
|upkeep
|turn|44
|
|t:|1645825690
|switch|p2a: Yveltal|Yveltal|100/100
|-ability|p2a: Yveltal|Dark Aura
|move|p1a: Calyrex|Aromatherapy|p1a: Calyrex
|-activate|p1a: Calyrex|move: Aromatherapy
|-curestatus|p1a: Calyrex|tox|[msg]
|
|upkeep
|turn|45
|
|t:|1645825695
|move|p1a: Calyrex|Psyshock|p2a: Yveltal
|-immune|p2a: Yveltal
|move|p2a: Yveltal|Defog|p1a: Calyrex
|-unboost|p1a: Calyrex|evasion|1
|
|upkeep
|turn|46
|
|t:|1645825704
|switch|p1a: Kyogre|Kyogre|17/100
|-weather|RainDance|[from] ability: Drizzle|[of] p1a: Kyogre
|move|p2a: Yveltal|Defog|p1a: Kyogre
|-unboost|p1a: Kyogre|evasion|1
|
|-weather|RainDance|[upkeep]
|upkeep
|turn|47
|inactive|caionamax has 90 seconds left.
|
|t:|1645825709
|switch|p2a: Calyrex|Calyrex-Shadow|9/100
|-ability|p2a: Calyrex|As One
|-ability|p2a: Calyrex|Unnerve
|move|p1a: Kyogre|Ice Beam|p2a: Calyrex
|-damage|p2a: Calyrex|0 fnt
|faint|p2a: Calyrex
|
|-weather|RainDance|[upkeep]
|upkeep
|
|t:|1645825713
|switch|p2a: Eternatus|Eternatus|60/100
|-ability|p2a: Eternatus|Pressure
|turn|48
|
|t:|1645825722
|move|p2a: Eternatus|Draco Meteor|p1a: Kyogre
|-damage|p1a: Kyogre|0 fnt
|-unboost|p2a: Eternatus|spa|2
|faint|p1a: Kyogre
|
|-weather|RainDance|[upkeep]
|upkeep
|
|t:|1645825724
|switch|p1a: Calyrex|Calyrex-Shadow|88/100
|-ability|p1a: Calyrex|As One
|-ability|p1a: Calyrex|Unnerve
|turn|49
|
|t:|1645825733
|switch|p2a: Yveltal|Yveltal|100/100
|-ability|p2a: Yveltal|Dark Aura
|move|p1a: Calyrex|Psyshock|p2a: Yveltal
|-immune|p2a: Yveltal
|
|-weather|RainDance|[upkeep]
|upkeep
|turn|50
|
|t:|1645825740
|move|p1a: Calyrex|Astral Barrage|p2a: Yveltal
|-resisted|p2a: Yveltal
|-crit|p2a: Yveltal
|-damage|p2a: Yveltal|72/100
|move|p2a: Yveltal|Defog|p1a: Calyrex
|-unboost|p1a: Calyrex|evasion|1
|
|-weather|none
|upkeep
|turn|51
|
|t:|1645825745
|move|p1a: Calyrex|Astral Barrage|p2a: Yveltal
|-resisted|p2a: Yveltal
|-damage|p2a: Yveltal|50/100
|move|p2a: Yveltal|Defog|p1a: Calyrex
|-unboost|p1a: Calyrex|evasion|1
|
|upkeep
|turn|52
|
|t:|1645825749
|switch|p2a: Eternatus|Eternatus|60/100
|-ability|p2a: Eternatus|Pressure
|move|p1a: Calyrex|Astral Barrage|p2a: Eternatus
|-damage|p2a: Eternatus|18/100
|
|upkeep
|turn|53
|
|t:|1645825751
|switch|p2a: Yveltal|Yveltal|50/100
|-ability|p2a: Yveltal|Dark Aura
|move|p1a: Calyrex|Astral Barrage|p2a: Yveltal
|-resisted|p2a: Yveltal
|-damage|p2a: Yveltal|31/100
|
|upkeep
|turn|54
|
|t:|1645825756
|switch|p1a: Yveltal|Yveltal|100/100
|-ability|p1a: Yveltal|Dark Aura
|move|p2a: Yveltal|Roost|p2a: Yveltal
|-heal|p2a: Yveltal|81/100
|-singleturn|p2a: Yveltal|move: Roost
|
|upkeep
|turn|55
|
|t:|1645825765
|switch|p1a: Calyrex|Calyrex-Shadow|88/100
|-ability|p1a: Calyrex|As One
|-ability|p1a: Calyrex|Unnerve
|move|p2a: Yveltal|Roost|p2a: Yveltal
|-heal|p2a: Yveltal|100/100
|-singleturn|p2a: Yveltal|move: Roost
|
|upkeep
|turn|56
|inactive|caionamax has 120 seconds left.
|
|t:|1645825806
|switch|p2a: Eternatus|Eternatus|18/100
|-ability|p2a: Eternatus|Pressure
|move|p1a: Calyrex|Psyshock|p2a: Eternatus
|-supereffective|p2a: Eternatus
|-damage|p2a: Eternatus|0 fnt
|faint|p2a: Eternatus
|-ability|p1a: Calyrex|Grim Neigh|boost
|-boost|p1a: Calyrex|spa|1
|
|upkeep
|
|t:|1645825810
|switch|p2a: Yveltal|Yveltal|100/100
|-ability|p2a: Yveltal|Dark Aura
|turn|57
|
|t:|1645825815
|move|p1a: Calyrex|Astral Barrage|p2a: Yveltal
|-resisted|p2a: Yveltal
|-damage|p2a: Yveltal|69/100
|move|p2a: Yveltal|Knock Off|p1a: Calyrex
|-supereffective|p1a: Calyrex
|-damage|p1a: Calyrex|0 fnt
|faint|p1a: Calyrex
|
|upkeep
|
|t:|1645825817
|switch|p1a: Yveltal|Yveltal|100/100
|-ability|p1a: Yveltal|Dark Aura
|turn|58
|
|t:|1645825825
|move|p1a: Yveltal|Sucker Punch|p2a: Yveltal
|-resisted|p2a: Yveltal
|-damage|p2a: Yveltal|54/100
|move|p2a: Yveltal|Knock Off|p1a: Yveltal
|-resisted|p1a: Yveltal
|-damage|p1a: Yveltal|76/100
|-enditem|p1a: Yveltal|Choice Specs|[from] move: Knock Off|[of] p2a: Yveltal
|
|upkeep
|turn|59
|
|t:|1645825829
|move|p1a: Yveltal|Sucker Punch|p2a: Yveltal
|-resisted|p2a: Yveltal
|-damage|p2a: Yveltal|37/100
|move|p2a: Yveltal|Knock Off|p1a: Yveltal
|-resisted|p1a: Yveltal
|-damage|p1a: Yveltal|61/100
|
|upkeep
|turn|60
|
|t:|1645825831
|move|p1a: Yveltal|Sucker Punch|p2a: Yveltal
|-resisted|p2a: Yveltal
|-damage|p2a: Yveltal|22/100
|move|p2a: Yveltal|Knock Off|p1a: Yveltal
|-resisted|p1a: Yveltal
|-damage|p1a: Yveltal|43/100
|
|upkeep
|turn|61
|
|t:|1645825833
|move|p2a: Yveltal|Knock Off|p1a: Yveltal
|-resisted|p1a: Yveltal
|-damage|p1a: Yveltal|26/100
|move|p1a: Yveltal|Roost|p1a: Yveltal
|-heal|p1a: Yveltal|76/100
|-singleturn|p1a: Yveltal|move: Roost
|
|upkeep
|turn|62
|
|t:|1645825838
|move|p1a: Yveltal|Sucker Punch|p2a: Yveltal
|-resisted|p2a: Yveltal
|-damage|p2a: Yveltal|6/100
|move|p2a: Yveltal|Knock Off|p1a: Yveltal
|-resisted|p1a: Yveltal
|-crit|p1a: Yveltal
|-damage|p1a: Yveltal|53/100
|
|upkeep
|turn|63
|
|t:|1645825840
|move|p1a: Yveltal|Sucker Punch|p2a: Yveltal
|-resisted|p2a: Yveltal
|-damage|p2a: Yveltal|0 fnt
|faint|p2a: Yveltal
|
|win|OPJellicent
|raw|OPJellicent's rating: 1442 &rarr; <strong>1461</strong><br />(+19 for winning)
|raw|caionamax's rating: 1430 &rarr; <strong>1411</strong><br />(-19 for losing)
