|j|☆heyroar9
|j|☆Dinasty Coco
|player|p1|heyroar9|102|1354
|player|p2|Dinasty Coco|red|1172
|teamsize|p1|6
|teamsize|p2|6
|gametype|singles
|gen|8
|tier|[Gen 8] Ubers
|rated|
|clearpoke
|poke|p1|Ninetales, F|
|poke|p1|Charizard, M|
|poke|p1|Zacian-Crowned|
|poke|p1|Darmanitan-Galar, M|
|poke|p1|Eternatus|
|poke|p1|Necrozma-Dusk-Mane|
|poke|p2|Mewtwo|
|poke|p2|Zacian-Crowned|
|poke|p2|Cinderace, F|
|poke|p2|Zamazenta-Crowned|
|poke|p2|Kyurem-White|
|poke|p2|Marshadow|
|rule|Sleep Clause Mod: Limit one foe put to sleep
|rule|Species Clause: Limit one of each Pokémon
|rule|OHKO Clause: OHKO moves are banned
|rule|Evasion Moves Clause: Evasion moves are banned
|rule|Endless Battle Clause: Forcing endless battles is banned
|rule|HP Percentage Mod: HP is shown in percentages
|html|Ubers Dynamax Clause: Pokémon on the <a href="https://www.smogon.com/dex/ss/formats/uber/">Ubers Dynamax Banlist</a> cannot Dynamax.
|teampreview
|
|start
|switch|p1a: Darmanitan|Darmanitan-Galar, M|100/100
|switch|p2a: Zinedine Zidane|Cinderace, F, shiny|100/100
|turn|1
|inactive|Battle timer is ON: inactive players will automatically lose when time's up. (requested by Dinasty Coco)
|
|move|p1a: Darmanitan|Earthquake|p2a: Zinedine Zidane
|-supereffective|p2a: Zinedine Zidane
|-damage|p2a: Zinedine Zidane|0 fnt
|faint|p2a: Zinedine Zidane
|
|upkeep
|
|switch|p2a: Grosse bite|Marshadow|100/100
|turn|2
|
|switch|p1a: Eternatus|Eternatus|100/100
|-ability|p1a: Eternatus|Pressure
|move|p2a: Grosse bite|Close Combat|p1a: Eternatus
|-resisted|p1a: Eternatus
|-damage|p1a: Eternatus|72/100
|-unboost|p2a: Grosse bite|def|1
|-unboost|p2a: Grosse bite|spd|1
|
|upkeep
|turn|3
|
|switch|p2a: T moche|Mewtwo, shiny|100/100
|-ability|p2a: T moche|Pressure
|move|p1a: Eternatus|Flamethrower|p2a: T moche
|-damage|p2a: T moche|65/100
|
|upkeep
|turn|4
|
|switch|p1a: Necrozma|Necrozma-Dusk-Mane|100/100
|move|p2a: T moche|Psystrike|p1a: Necrozma
|-resisted|p1a: Necrozma
|-damage|p1a: Necrozma|91/100
|-damage|p2a: T moche|55/100|[from] item: Life Orb
|
|-heal|p1a: Necrozma|97/100|[from] item: Leftovers
|upkeep
|turn|5
|
|move|p2a: T moche|Fire Blast|p1a: Necrozma|[miss]
|-miss|p2a: T moche|p1a: Necrozma
|move|p1a: Necrozma|Stealth Rock|p2a: T moche
|-sidestart|p2: Dinasty Coco|move: Stealth Rock
|
|-heal|p1a: Necrozma|100/100|[from] item: Leftovers
|upkeep
|turn|6
|
|move|p2a: T moche|Fire Blast|p1a: Necrozma
|-supereffective|p1a: Necrozma
|-damage|p1a: Necrozma|33/100
|-damage|p2a: T moche|46/100|[from] item: Life Orb
|move|p1a: Necrozma|Knock Off|p2a: T moche
|-supereffective|p2a: T moche
|-damage|p2a: T moche|0 fnt
|-enditem|p2a: T moche|Life Orb|[from] move: Knock Off|[of] p1a: Necrozma
|faint|p2a: T moche
|
|-heal|p1a: Necrozma|39/100|[from] item: Leftovers
|upkeep
|inactive|Dinasty Coco has 120 seconds left.
|
|switch|p2a: Grosse bite|Marshadow|100/100
|-damage|p2a: Grosse bite|94/100|[from] Stealth Rock
|turn|7
|inactive|Dinasty Coco has 120 seconds left.
|
|switch|p1a: Ninetales|Ninetales, F, shiny|100/100
|-weather|SunnyDay|[from] ability: Drought|[of] p1a: Ninetales
|move|p2a: Grosse bite|Shadow Sneak|p1a: Ninetales
|-damage|p1a: Ninetales|56/100
|
|-weather|SunnyDay|[upkeep]
|upkeep
|turn|8
|inactive|Dinasty Coco has 120 seconds left.
|
|switch|p2a: La chatteatamère|Kyurem-White, shiny|100/100
|-damage|p2a: La chatteatamère|76/100|[from] Stealth Rock
|-ability|p2a: La chatteatamère|Turboblaze
|move|p1a: Ninetales|Memento|p2a: La chatteatamère
|-unboost|p2a: La chatteatamère|atk|2
|-unboost|p2a: La chatteatamère|spa|2
|faint|p1a: Ninetales
|
|-weather|SunnyDay|[upkeep]
|upkeep
|
|switch|p1a: Charizard|Charizard, M, shiny|100/100
|turn|9
|inactive|Dinasty Coco has 120 seconds left.
|
|switch|p2a: Grosse bite|Marshadow|94/100
|-damage|p2a: Grosse bite|88/100|[from] Stealth Rock
|-start|p1a: Charizard|Dynamax
|-heal|p1a: Charizard|100/100|[silent]
|move|p1a: Charizard|Max Airstream|p2a: Grosse bite
|-supereffective|p2a: Grosse bite
|-damage|p2a: Grosse bite|0 fnt
|-boost|p1a: Charizard|spe|1
|faint|p2a: Grosse bite
|
|-weather|SunnyDay|[upkeep]
|-damage|p1a: Charizard|94/100|[from] ability: Solar Power|[of] p1a: Charizard
|upkeep
|
|switch|p2a: T mort|Zacian-Crowned|100/100
|-damage|p2a: T mort|94/100|[from] Stealth Rock
|-ability|p2a: T mort|Intrepid Sword|boost
|-boost|p2a: T mort|atk|1
|turn|10
|
|move|p1a: Charizard|Max Flare|p2a: T mort
|-supereffective|p2a: T mort
|-crit|p2a: T mort
|-damage|p2a: T mort|0 fnt
|faint|p2a: T mort
|
|-weather|SunnyDay|[upkeep]
|-damage|p1a: Charizard|88/100|[from] ability: Solar Power|[of] p1a: Charizard
|upkeep
|-message|Dinasty Coco forfeited.
|
|win|heyroar9
|l|☆Dinasty Coco
|raw|heyroar9's rating: 1354 &rarr; <strong>1364</strong><br />(+10 for winning)
|raw|Dinasty Coco's rating: 1172 &rarr; <strong>1159</strong><br />(-13 for losing)
