|j|☆Kate
|j|☆drey77
|t:|1651032646
|gametype|singles
|player|p1|Kate|#kate|
|player|p2|drey77|266|
|teamsize|p1|6
|teamsize|p2|6
|gen|8
|tier|[Gen 8] Ubers
|rated|Tournament battle
|rule|Sleep Clause Mod: Limit one foe put to sleep
|rule|Species Clause: Limit one of each Pokémon
|rule|OHKO Clause: OHKO moves are banned
|rule|Evasion Moves Clause: Evasion moves are banned
|rule|Endless Battle Clause: Forcing endless battles is banned
|rule|HP Percentage Mod: HP is shown in percentages
|rule|Dynamax Clause: You cannot dynamax
|clearpoke
|poke|p1|Kyogre|
|poke|p1|Ho-Oh|
|poke|p1|Eternatus|
|poke|p1|Yveltal|
|poke|p1|Necrozma-Dusk-Mane|
|poke|p1|Calyrex-Shadow|
|poke|p2|Calyrex-Shadow|
|poke|p2|Umbreon, M|
|poke|p2|Ho-Oh|
|poke|p2|Gastrodon, M|
|poke|p2|Ditto|
|poke|p2|Dialga|
|teampreview
|c|☆drey77|i am scared
|c|☆drey77|your record is high
|j|%Mr.378
|j| shadow of narnia
|
|t:|1651032692
|start
|switch|p1a: Necrozma|Necrozma-Dusk-Mane|100/100
|switch|p2a: Dialga|Dialga, shiny|100/100
|-ability|p2a: Dialga|Pressure
|turn|1
|
|t:|1651032696
|move|p1a: Necrozma|Knock Off|p2a: Dialga
|-damage|p2a: Dialga|83/100
|-enditem|p2a: Dialga|Assault Vest|[from] move: Knock Off|[of] p1a: Necrozma
|move|p2a: Dialga|Earth Power|p1a: Necrozma
|-supereffective|p1a: Necrozma
|-damage|p1a: Necrozma|71/100
|
|-heal|p1a: Necrozma|77/100|[from] item: Leftovers
|upkeep
|turn|2
|
|t:|1651032700
|move|p1a: Necrozma|Stealth Rock|p2a: Dialga
|-sidestart|p2: drey77|move: Stealth Rock
|move|p2a: Dialga|Earth Power|p1a: Necrozma
|-supereffective|p1a: Necrozma
|-damage|p1a: Necrozma|48/100
|
|-heal|p1a: Necrozma|55/100|[from] item: Leftovers
|upkeep
|turn|3
|l| shadow of narnia
|
|t:|1651032710
|move|p1a: Necrozma|Morning Sun|p1a: Necrozma
|-heal|p1a: Necrozma|100/100
|move|p2a: Dialga|Earth Power|p1a: Necrozma
|-supereffective|p1a: Necrozma
|-damage|p1a: Necrozma|74/100
|
|-heal|p1a: Necrozma|80/100|[from] item: Leftovers
|upkeep
|turn|4
|
|t:|1651032712
|switch|p1a: Ho-Oh|Ho-Oh|100/100
|move|p2a: Dialga|Breaking Swipe|p1a: Ho-Oh
|-damage|p1a: Ho-Oh|79/100
|-unboost|p1a: Ho-Oh|atk|1
|
|upkeep
|turn|5
|
|t:|1651032715
|move|p1a: Ho-Oh|Sacred Fire|p2a: Dialga
|-damage|p2a: Dialga|64/100
|move|p2a: Dialga|Rock Tomb|p1a: Ho-Oh
|-supereffective|p1a: Ho-Oh
|-damage|p1a: Ho-Oh|25/100
|-unboost|p1a: Ho-Oh|spe|1
|
|upkeep
|turn|6
|j| Alpha1013
|c|☆drey77|did you expect that
|c|☆drey77|rock tomb
|
|t:|1651032744
|switch|p1a: Necrozma|Necrozma-Dusk-Mane|80/100
|move|p2a: Dialga|Earth Power|p1a: Necrozma
|-supereffective|p1a: Necrozma
|-damage|p1a: Necrozma|53/100
|-unboost|p1a: Necrozma|spd|1
|
|-heal|p1a: Necrozma|59/100|[from] item: Leftovers
|upkeep
|turn|7
|
|t:|1651032752
|move|p1a: Necrozma|Morning Sun|p1a: Necrozma
|-heal|p1a: Necrozma|100/100
|move|p2a: Dialga|Rock Tomb|p1a: Necrozma
|-resisted|p1a: Necrozma
|-damage|p1a: Necrozma|94/100
|-unboost|p1a: Necrozma|spe|1
|
|-heal|p1a: Necrozma|100/100|[from] item: Leftovers
|upkeep
|turn|8
|
|t:|1651032759
|move|p2a: Dialga|Rock Tomb|p1a: Necrozma
|-resisted|p1a: Necrozma
|-damage|p1a: Necrozma|94/100
|-unboost|p1a: Necrozma|spe|1
|move|p1a: Necrozma|Knock Off|p2a: Dialga
|-damage|p2a: Dialga|52/100
|
|-heal|p1a: Necrozma|100/100|[from] item: Leftovers
|upkeep
|turn|9
|
|t:|1651032766
|switch|p1a: Ho-Oh|Ho-Oh|58/100
|move|p2a: Dialga|Rock Tomb|p1a: Ho-Oh
|-supereffective|p1a: Ho-Oh
|-damage|p1a: Ho-Oh|2/100
|-unboost|p1a: Ho-Oh|spe|1
|
|upkeep
|turn|10
|
|t:|1651032772
|switch|p1a: Necrozma|Necrozma-Dusk-Mane|100/100
|move|p2a: Dialga|Rock Tomb|p1a: Necrozma
|-resisted|p1a: Necrozma
|-damage|p1a: Necrozma|95/100
|-unboost|p1a: Necrozma|spe|1
|
|-heal|p1a: Necrozma|100/100|[from] item: Leftovers
|upkeep
|turn|11
|c|☆drey77|you know what
|
|t:|1651032799
|move|p2a: Dialga|Breaking Swipe|p1a: Necrozma
|-resisted|p1a: Necrozma
|-damage|p1a: Necrozma|92/100
|-unboost|p1a: Necrozma|atk|1
|move|p1a: Necrozma|Knock Off|p2a: Dialga
|-damage|p2a: Dialga|44/100
|
|-heal|p1a: Necrozma|98/100|[from] item: Leftovers
|upkeep
|turn|12
|
|t:|1651032802
|switch|p1a: Calyrex|Calyrex-Shadow|100/100
|-ability|p1a: Calyrex|As One
|-ability|p1a: Calyrex|Unnerve
|move|p2a: Dialga|Rock Tomb|p1a: Calyrex
|-damage|p1a: Calyrex|80/100
|-unboost|p1a: Calyrex|spe|1
|
|upkeep
|turn|13
|
|t:|1651032808
|switch|p2a: Umbreon|Umbreon, M, shiny|100/100
|-damage|p2a: Umbreon|88/100|[from] Stealth Rock
|move|p1a: Calyrex|Astral Barrage|p2a: Umbreon
|-resisted|p2a: Umbreon
|-damage|p2a: Umbreon|68/100
|
|-heal|p2a: Umbreon|74/100|[from] item: Leftovers
|upkeep
|turn|14
|
|t:|1651032820
|switch|p1a: Yveltal|Yveltal|100/100
|-ability|p1a: Yveltal|Dark Aura
|move|p2a: Umbreon|Foul Play|p1a: Yveltal
|-resisted|p1a: Yveltal
|-damage|p1a: Yveltal|79/100
|
|-heal|p2a: Umbreon|80/100|[from] item: Leftovers
|upkeep
|turn|15
|
|t:|1651032823
|move|p1a: Yveltal|Taunt|p2a: Umbreon
|-start|p2a: Umbreon|move: Taunt
|cant|p2a: Umbreon|move: Taunt|Wish
|
|-heal|p2a: Umbreon|86/100|[from] item: Leftovers
|upkeep
|turn|16
|
|t:|1651032827
|move|p1a: Yveltal|Knock Off|p2a: Umbreon
|-resisted|p2a: Umbreon
|-damage|p2a: Umbreon|63/100
|-enditem|p2a: Umbreon|Leftovers|[from] move: Knock Off|[of] p1a: Yveltal
|move|p2a: Umbreon|Foul Play|p1a: Yveltal
|-resisted|p1a: Yveltal
|-damage|p1a: Yveltal|58/100
|
|upkeep
|turn|17
|
|t:|1651032829
|move|p1a: Yveltal|Roost|p1a: Yveltal
|-heal|p1a: Yveltal|100/100
|-singleturn|p1a: Yveltal|move: Roost
|move|p2a: Umbreon|Foul Play|p1a: Yveltal
|-resisted|p1a: Yveltal
|-damage|p1a: Yveltal|80/100
|
|-end|p2a: Umbreon|move: Taunt
|upkeep
|turn|18
|
|t:|1651032832
|move|p2a: Umbreon|Protect|p2a: Umbreon
|-singleturn|p2a: Umbreon|Protect
|move|p1a: Yveltal|Taunt|p2a: Umbreon
|-activate|p2a: Umbreon|move: Protect
|
|upkeep
|turn|19
|c|☆drey77|you know what
|c|☆drey77|i want to see if i forfeit if you win tour gl
|-message|drey77 forfeited.
|
|win|Kate
|n|☆Kate|kate
|n|☆drey77|drey77
|n|+Mr.378|mr378
|n| Alpha1013|alpha1013
|c|☆drey77|gl kate
|l|+Mr.378
|l|☆Kate
|c|☆drey77|is my dialga good
|l| Alpha1013
