|j|☆Holy rng loser
|j|☆RIP_Player
|t:|1618597985
|gametype|singles
|player|p1|Holy rng loser|pokekid|
|player|p2|RIP_Player|firebreather|
|teamsize|p1|6
|teamsize|p2|6
|gen|8
|tier|[Gen 8] Ubers
|rated|Tournament battle
|clearpoke
|poke|p1|Kyogre|
|poke|p1|Zacian|
|poke|p1|Tangrowth, F|
|poke|p1|Yveltal|
|poke|p1|Necrozma-Dusk-Mane|
|poke|p1|Eternatus|
|poke|p2|Chansey, F|
|poke|p2|Toxapex, F|
|poke|p2|Yveltal|
|poke|p2|Xerneas|
|poke|p2|Marshadow|
|poke|p2|Heatran, F|
|rule|Sleep Clause Mod: Limit one foe put to sleep
|rule|Species Clause: Limit one of each Pokémon
|rule|OHKO Clause: OHKO moves are banned
|rule|Evasion Moves Clause: Evasion moves are banned
|rule|Endless Battle Clause: Forcing endless battles is banned
|rule|HP Percentage Mod: HP is shown in percentages
|rule|Dynamax Clause: You cannot dynamax
|teampreview
|j|*Lady Monita
|j| Litten (Pokemon)
|inactive|Battle timer is ON: inactive players will automatically lose when time's up. (requested by RIP_Player)
|j| Dxnny_Bxiii
|j| serbnerd
|l| serbnerd
|j| White84
|j| Wubben
|j| darklight1999
|l| White84
|j| Wazrac_
|
|t:|1618598011
|start
|switch|p1a: Kyogre|Kyogre|100/100
|switch|p2a: Yveltal|Yveltal|100/100
|-ability|p2a: Yveltal|Dark Aura
|-weather|RainDance|[from] ability: Drizzle|[of] p1a: Kyogre
|turn|1
|j| Joao2905
|j| jennab3456u
|j| YyDoc
|
|t:|1618598020
|switch|p2a: Chansey|Chansey, F|100/100
|switch|p1a: Eternatus|Eternatus|100/100
|-ability|p1a: Eternatus|Pressure
|
|-weather|RainDance|[upkeep]
|upkeep
|turn|2
|
|t:|1618598034
|switch|p1a: Yveltal|Yveltal|100/100
|-ability|p1a: Yveltal|Dark Aura
|switch|p2a: Heatran|Heatran, F|100/100
|
|-weather|RainDance|[upkeep]
|upkeep
|turn|3
|l| YyDoc
|
|t:|1618598038
|switch|p2a: Xerneas|Xerneas|100/100
|-ability|p2a: Xerneas|Fairy Aura
|move|p1a: Yveltal|Knock Off|p2a: Xerneas
|-resisted|p2a: Xerneas
|-damage|p2a: Xerneas|84/100
|-enditem|p2a: Xerneas|Leftovers|[from] move: Knock Off|[of] p1a: Yveltal
|
|-weather|RainDance|[upkeep]
|upkeep
|turn|4
|
|t:|1618598046
|switch|p1a: Necrozma|Necrozma-Dusk-Mane|100/100
|move|p2a: Xerneas|Thunder Wave|p1a: Necrozma
|-status|p1a: Necrozma|par
|
|-weather|RainDance|[upkeep]
|upkeep
|turn|5
|
|t:|1618598054
|switch|p2a: Toxapex|Toxapex, F|100/100
|move|p1a: Necrozma|Stealth Rock|p2a: Toxapex
|-sidestart|p2: RIP_Player|move: Stealth Rock
|
|-weather|none
|upkeep
|turn|6
|
|t:|1618598063
|switch|p2a: Yveltal|Yveltal|100/100
|-damage|p2a: Yveltal|76/100|[from] Stealth Rock
|-ability|p2a: Yveltal|Dark Aura
|cant|p1a: Necrozma|par
|
|upkeep
|turn|7
|c| Litten (Pokemon)|it's the master battle
|c| Litten (Pokemon)|holy rng lsoer vs RIP_Player
|
|t:|1618598078
|switch|p1a: Eternatus|Eternatus|100/100
|-ability|p1a: Eternatus|Pressure
|move|p2a: Yveltal|Knock Off|p1a: Eternatus
|-damage|p1a: Eternatus|25/100
|-enditem|p1a: Eternatus|Heavy-Duty Boots|[from] move: Knock Off|[of] p2a: Yveltal
|
|upkeep
|turn|8
|
|t:|1618598087
|switch|p2a: Heatran|Heatran, F|100/100
|-damage|p2a: Heatran|88/100|[from] Stealth Rock
|move|p1a: Eternatus|Recover|p1a: Eternatus
|-heal|p1a: Eternatus|75/100
|
|-heal|p2a: Heatran|94/100|[from] item: Leftovers
|upkeep
|turn|9
|j| brokenfemurs
|
|t:|1618598096
|switch|p1a: Kyogre|Kyogre|100/100
|-weather|RainDance|[from] ability: Drizzle|[of] p1a: Kyogre
|move|p2a: Heatran|Magma Storm|p1a: Kyogre|[miss]
|-miss|p2a: Heatran|p1a: Kyogre
|
|-weather|RainDance|[upkeep]
|-heal|p2a: Heatran|100/100|[from] item: Leftovers
|upkeep
|turn|10
|j| mets3569
|
|t:|1618598104
|switch|p2a: Chansey|Chansey, F|100/100
|-damage|p2a: Chansey|88/100|[from] Stealth Rock
|move|p1a: Kyogre|Block|p2a: Chansey
|-activate|p2a: Chansey|trapped
|
|-weather|RainDance|[upkeep]
|upkeep
|turn|11
|
|t:|1618598109
|move|p1a: Kyogre|Calm Mind|p1a: Kyogre
|-boost|p1a: Kyogre|spa|1
|-boost|p1a: Kyogre|spd|1
|move|p2a: Chansey|Toxic|p1a: Kyogre
|-status|p1a: Kyogre|tox
|
|-weather|RainDance|[upkeep]
|-damage|p1a: Kyogre|94/100 tox|[from] psn
|upkeep
|turn|12
|
|t:|1618598114
|move|p1a: Kyogre|Calm Mind|p1a: Kyogre
|-boost|p1a: Kyogre|spa|1
|-boost|p1a: Kyogre|spd|1
|move|p2a: Chansey|Seismic Toss|p1a: Kyogre
|-damage|p1a: Kyogre|70/100 tox
|
|-weather|RainDance|[upkeep]
|-damage|p1a: Kyogre|57/100 tox|[from] psn
|upkeep
|turn|13
|
|t:|1618598121
|move|p1a: Kyogre|Calm Mind|p1a: Kyogre
|-boost|p1a: Kyogre|spa|1
|-boost|p1a: Kyogre|spd|1
|move|p2a: Chansey|Seismic Toss|p1a: Kyogre
|-damage|p1a: Kyogre|32/100 tox
|
|-weather|none
|-damage|p1a: Kyogre|14/100 tox|[from] psn
|upkeep
|turn|14
|j| Janjao123
|j| Rahul_3301
|
|t:|1618598126
|move|p1a: Kyogre|Rest|p1a: Kyogre
|-status|p1a: Kyogre|slp|[from] move: Rest
|-heal|p1a: Kyogre|100/100 slp|[silent]
|move|p2a: Chansey|Soft-Boiled|p2a: Chansey
|-heal|p2a: Chansey|100/100
|
|upkeep
|turn|15
|
|t:|1618598130
|cant|p1a: Kyogre|slp
|move|p2a: Chansey|Seismic Toss|p1a: Kyogre
|-damage|p1a: Kyogre|76/100 slp
|
|upkeep
|turn|16
|
|t:|1618598135
|cant|p1a: Kyogre|slp
|move|p2a: Chansey|Seismic Toss|p1a: Kyogre
|-damage|p1a: Kyogre|51/100 slp
|
|upkeep
|turn|17
|l| Rahul_3301
|
|t:|1618598138
|-curestatus|p1a: Kyogre|slp|[msg]
|move|p1a: Kyogre|Calm Mind|p1a: Kyogre
|-boost|p1a: Kyogre|spa|1
|-boost|p1a: Kyogre|spd|1
|move|p2a: Chansey|Seismic Toss|p1a: Kyogre
|-damage|p1a: Kyogre|26/100
|
|upkeep
|turn|18
|
|t:|1618598142
|move|p1a: Kyogre|Rest|p1a: Kyogre
|-status|p1a: Kyogre|slp|[from] move: Rest
|-heal|p1a: Kyogre|100/100 slp|[silent]
|move|p2a: Chansey|Seismic Toss|p1a: Kyogre
|-damage|p1a: Kyogre|76/100 slp
|
|upkeep
|turn|19
|
|t:|1618598146
|cant|p1a: Kyogre|slp
|move|p2a: Chansey|Seismic Toss|p1a: Kyogre
|-damage|p1a: Kyogre|51/100 slp
|
|upkeep
|turn|20
|
|t:|1618598150
|cant|p1a: Kyogre|slp
|move|p2a: Chansey|Seismic Toss|p1a: Kyogre
|-damage|p1a: Kyogre|26/100 slp
|
|upkeep
|turn|21
|
|t:|1618598164
|-curestatus|p1a: Kyogre|slp|[msg]
|move|p1a: Kyogre|Calm Mind|p1a: Kyogre
|-boost|p1a: Kyogre|spa|1
|-boost|p1a: Kyogre|spd|1
|move|p2a: Chansey|Seismic Toss|p1a: Kyogre
|-damage|p1a: Kyogre|1/100
|
|upkeep
|turn|22
|
|t:|1618598172
|move|p1a: Kyogre|Rest|p1a: Kyogre
|-status|p1a: Kyogre|slp|[from] move: Rest
|-heal|p1a: Kyogre|100/100 slp|[silent]
|move|p2a: Chansey|Seismic Toss|p1a: Kyogre
|-damage|p1a: Kyogre|76/100 slp
|
|upkeep
|turn|23
|
|t:|1618598176
|cant|p1a: Kyogre|slp
|move|p2a: Chansey|Seismic Toss|p1a: Kyogre
|-damage|p1a: Kyogre|51/100 slp
|
|upkeep
|turn|24
|
|t:|1618598179
|cant|p1a: Kyogre|slp
|move|p2a: Chansey|Seismic Toss|p1a: Kyogre
|-damage|p1a: Kyogre|26/100 slp
|
|upkeep
|turn|25
|
|t:|1618598185
|-curestatus|p1a: Kyogre|slp|[msg]
|move|p1a: Kyogre|Calm Mind|p1a: Kyogre
|-boost|p1a: Kyogre|spa|1
|-boost|p1a: Kyogre|spd|1
|move|p2a: Chansey|Seismic Toss|p1a: Kyogre
|-damage|p1a: Kyogre|1/100
|
|upkeep
|turn|26
|
|t:|1618598189
|move|p1a: Kyogre|Rest|p1a: Kyogre
|-status|p1a: Kyogre|slp|[from] move: Rest
|-heal|p1a: Kyogre|100/100 slp|[silent]
|move|p2a: Chansey|Seismic Toss|p1a: Kyogre
|-damage|p1a: Kyogre|76/100 slp
|
|upkeep
|turn|27
|
|t:|1618598196
|cant|p1a: Kyogre|slp
|move|p2a: Chansey|Seismic Toss|p1a: Kyogre
|-damage|p1a: Kyogre|51/100 slp
|
|upkeep
|turn|28
|
|t:|1618598200
|cant|p1a: Kyogre|slp
|move|p2a: Chansey|Seismic Toss|p1a: Kyogre
|-damage|p1a: Kyogre|26/100 slp
|
|upkeep
|turn|29
|
|t:|1618598205
|-curestatus|p1a: Kyogre|slp|[msg]
|move|p1a: Kyogre|Surf|p2a: Chansey
|-damage|p2a: Chansey|48/100
|move|p2a: Chansey|Seismic Toss|p1a: Kyogre
|-damage|p1a: Kyogre|1/100
|
|upkeep
|turn|30
|
|t:|1618598216
|move|p1a: Kyogre|Rest|p1a: Kyogre
|-status|p1a: Kyogre|slp|[from] move: Rest
|-heal|p1a: Kyogre|100/100 slp|[silent]
|move|p2a: Chansey|Seismic Toss|p1a: Kyogre
|-damage|p1a: Kyogre|76/100 slp
|
|upkeep
|turn|31
|
|t:|1618598221
|cant|p1a: Kyogre|slp
|move|p2a: Chansey|Soft-Boiled|p2a: Chansey
|-heal|p2a: Chansey|99/100
|
|upkeep
|turn|32
|c| darklight1999|wait hows it surviving 1 hp but damage shows 25%
|
|t:|1618598231
|cant|p1a: Kyogre|slp
|move|p2a: Chansey|Seismic Toss|p1a: Kyogre
|-damage|p1a: Kyogre|51/100 slp
|
|upkeep
|turn|33
|c| darklight1999|every time
|j| BRmenaser
|j| C2i
|
|t:|1618598241
|-curestatus|p1a: Kyogre|slp|[msg]
|move|p1a: Kyogre|Surf|p2a: Chansey
|-damage|p2a: Chansey|43/100
|move|p2a: Chansey|Seismic Toss|p1a: Kyogre
|-damage|p1a: Kyogre|26/100
|
|upkeep
|turn|34
|
|t:|1618598251
|move|p1a: Kyogre|Rest|p1a: Kyogre
|-status|p1a: Kyogre|slp|[from] move: Rest
|-heal|p1a: Kyogre|100/100 slp|[silent]
|move|p2a: Chansey|Seismic Toss|p1a: Kyogre
|-damage|p1a: Kyogre|76/100 slp
|
|upkeep
|turn|35
|
|t:|1618598255
|cant|p1a: Kyogre|slp
|move|p2a: Chansey|Soft-Boiled|p2a: Chansey
|-heal|p2a: Chansey|94/100
|
|upkeep
|turn|36
|
|t:|1618598260
|cant|p1a: Kyogre|slp
|move|p2a: Chansey|Wish|p2a: Chansey
|
|upkeep
|turn|37
|
|t:|1618598269
|-curestatus|p1a: Kyogre|slp|[msg]
|move|p1a: Kyogre|Surf|p2a: Chansey
|-damage|p2a: Chansey|35/100
|move|p2a: Chansey|Seismic Toss|p1a: Kyogre
|-damage|p1a: Kyogre|51/100
|
|-heal|p2a: Chansey|85/100|[from] move: Wish|[wisher] Chansey
|upkeep
|turn|38
|j| Zoaw
|
|t:|1618598279
|move|p1a: Kyogre|Surf|p2a: Chansey
|-damage|p2a: Chansey|28/100
|move|p2a: Chansey|Soft-Boiled|p2a: Chansey
|-heal|p2a: Chansey|78/100
|
|upkeep
|turn|39
|l| jennab3456u
|j| StitChuu
|
|t:|1618598290
|move|p1a: Kyogre|Surf|p2a: Chansey
|-crit|p2a: Chansey
|-damage|p2a: Chansey|0 fnt
|faint|p2a: Chansey
|
|upkeep
|
|t:|1618598294
|switch|p2a: Yveltal|Yveltal|76/100
|-damage|p2a: Yveltal|51/100|[from] Stealth Rock
|-ability|p2a: Yveltal|Dark Aura
|turn|40
|
|t:|1618598310
|move|p2a: Yveltal|Knock Off|p1a: Kyogre
|-damage|p1a: Kyogre|0 fnt
|-enditem|p1a: Kyogre|Wacan Berry|[from] move: Knock Off|[of] p2a: Yveltal
|faint|p1a: Kyogre
|
|upkeep
|
|t:|1618598316
|switch|p1a: Zacian|Zacian|100/100
|-ability|p1a: Zacian|Intrepid Sword|boost
|-boost|p1a: Zacian|atk|1
|turn|41
|
|t:|1618598327
|switch|p2a: Toxapex|Toxapex, F|100/100
|-damage|p2a: Toxapex|88/100|[from] Stealth Rock
|move|p1a: Zacian|Close Combat|p2a: Toxapex
|-resisted|p2a: Toxapex
|-damage|p2a: Toxapex|61/100
|-unboost|p1a: Zacian|def|1
|-unboost|p1a: Zacian|spd|1
|
|-heal|p2a: Toxapex|67/100|[from] item: Black Sludge
|upkeep
|turn|42
|
|t:|1618598335
|switch|p1a: Necrozma|Necrozma-Dusk-Mane|100/100 par
|move|p2a: Toxapex|Baneful Bunker||[still]
|-fail|p2a: Toxapex
|
|-heal|p2a: Toxapex|73/100|[from] item: Black Sludge
|upkeep
|turn|43
|
|t:|1618598340
|switch|p2a: Xerneas|Xerneas|84/100
|-damage|p2a: Xerneas|72/100|[from] Stealth Rock
|-ability|p2a: Xerneas|Fairy Aura
|move|p1a: Necrozma|Thunder Wave|p2a: Xerneas
|-status|p2a: Xerneas|par
|
|upkeep
|turn|44
|
|t:|1618598344
|move|p2a: Xerneas|Defog|p1a: Necrozma
|-unboost|p1a: Necrozma|evasion|1
|-sideend|p2: RIP_Player|Stealth Rock|[from] move: Defog|[of] p2a: Xerneas
|move|p1a: Necrozma|Sunsteel Strike|p2a: Xerneas
|-supereffective|p2a: Xerneas
|-damage|p2a: Xerneas|10/100 par
|
|upkeep
|turn|45
|
|t:|1618598358
|move|p2a: Xerneas|Aromatherapy|p2a: Xerneas
|-activate|p2a: Xerneas|move: Aromatherapy
|-curestatus|p2a: Xerneas|par|[msg]
|move|p1a: Necrozma|Stealth Rock|p2a: Xerneas
|-sidestart|p2: RIP_Player|move: Stealth Rock
|
|upkeep
|turn|46
|c| BRmenaser|https://th.bing.com/th/id/R9c1cdb0adcf6b9ed186c9fb82e0cde25?rik=NSRizFrSheAPcw&pid=ImgRaw
|
|t:|1618598367
|move|p2a: Xerneas|Defog|p1a: Necrozma
|-unboost|p1a: Necrozma|evasion|1
|-sideend|p2: RIP_Player|Stealth Rock|[from] move: Defog|[of] p2a: Xerneas
|move|p1a: Necrozma|Sunsteel Strike|p2a: Xerneas
|-supereffective|p2a: Xerneas
|-damage|p2a: Xerneas|0 fnt
|faint|p2a: Xerneas
|
|upkeep
|
|t:|1618598372
|switch|p2a: Yveltal|Yveltal|51/100
|-ability|p2a: Yveltal|Dark Aura
|turn|47
|j| Khalnayak Hu
|
|t:|1618598380
|switch|p1a: Tangrowth|Tangrowth, F|100/100
|move|p2a: Yveltal|Knock Off|p1a: Tangrowth
|-damage|p1a: Tangrowth|44/100
|-damage|p2a: Yveltal|34/100|[from] item: Rocky Helmet|[of] p1a: Tangrowth
|-enditem|p1a: Tangrowth|Rocky Helmet|[from] move: Knock Off|[of] p2a: Yveltal
|
|upkeep
|turn|48
|
|t:|1618598389
|switch|p2a: Heatran|Heatran, F|100/100
|move|p1a: Tangrowth|Sleep Powder|p2a: Heatran
|-status|p2a: Heatran|slp|[from] move: Sleep Powder
|
|upkeep
|turn|49
|
|t:|1618598396
|switch|p1a: Zacian|Zacian|100/100
|-ability|p1a: Zacian|Intrepid Sword|boost
|-boost|p1a: Zacian|atk|1
|cant|p2a: Heatran|slp
|
|upkeep
|turn|50
|
|t:|1618598403
|switch|p2a: Toxapex|Toxapex, F|100/100
|move|p1a: Zacian|Close Combat|p2a: Toxapex
|-resisted|p2a: Toxapex
|-damage|p2a: Toxapex|73/100
|-unboost|p1a: Zacian|def|1
|-unboost|p1a: Zacian|spd|1
|
|-heal|p2a: Toxapex|79/100|[from] item: Black Sludge
|upkeep
|turn|51
|j| jennab3456u
|
|t:|1618598412
|switch|p1a: Necrozma|Necrozma-Dusk-Mane|100/100 par
|move|p2a: Toxapex|Scald|p1a: Necrozma
|-damage|p1a: Necrozma|89/100 par
|
|-heal|p2a: Toxapex|85/100|[from] item: Black Sludge
|-heal|p1a: Necrozma|95/100 par|[from] item: Leftovers
|upkeep
|turn|52
|l| jennab3456u
|
|t:|1618598420
|move|p2a: Toxapex|Scald|p1a: Necrozma
|-damage|p1a: Necrozma|83/100 par
|move|p1a: Necrozma|Stealth Rock|p2a: Toxapex
|-sidestart|p2: RIP_Player|move: Stealth Rock
|
|-heal|p2a: Toxapex|92/100|[from] item: Black Sludge
|-heal|p1a: Necrozma|89/100 par|[from] item: Leftovers
|upkeep
|turn|53
|
|t:|1618598425
|move|p2a: Toxapex|Scald|p1a: Necrozma
|-damage|p1a: Necrozma|78/100 par
|move|p1a: Necrozma|Thunder Wave|p2a: Toxapex
|-status|p2a: Toxapex|par
|
|-heal|p1a: Necrozma|84/100 par|[from] item: Leftovers
|-heal|p2a: Toxapex|98/100 par|[from] item: Black Sludge
|upkeep
|turn|54
|
|t:|1618598444
|switch|p1a: Tangrowth|Tangrowth, F|77/100
|move|p2a: Toxapex|Scald|p1a: Tangrowth
|-resisted|p1a: Tangrowth
|-crit|p1a: Tangrowth
|-damage|p1a: Tangrowth|58/100
|
|-heal|p2a: Toxapex|100/100 par|[from] item: Black Sludge
|upkeep
|turn|55
|
|t:|1618598459
|switch|p1a: Necrozma|Necrozma-Dusk-Mane|84/100 par
|move|p2a: Toxapex|Toxic||[still]
|-fail|p2a: Toxapex
|
|-heal|p1a: Necrozma|90/100 par|[from] item: Leftovers
|upkeep
|turn|56
|
|t:|1618598469
|move|p1a: Necrozma|Thunder Wave|p2a: Toxapex
|-fail|p2a: Toxapex|par
|move|p2a: Toxapex|Scald|p1a: Necrozma
|-damage|p1a: Necrozma|78/100 par
|
|-heal|p1a: Necrozma|84/100 par|[from] item: Leftovers
|upkeep
|turn|57
|j| KnightKingg
|
|t:|1618598476
|switch|p1a: Eternatus|Eternatus|75/100
|-ability|p1a: Eternatus|Pressure
|move|p2a: Toxapex|Scald|p1a: Eternatus
|-resisted|p1a: Eternatus
|-damage|p1a: Eternatus|70/100
|-status|p1a: Eternatus|brn
|
|-damage|p1a: Eternatus|64/100 brn|[from] brn
|upkeep
|turn|58
|
|t:|1618598482
|switch|p2a: Heatran|Heatran, F|100/100 slp
|-damage|p2a: Heatran|88/100 slp|[from] Stealth Rock
|move|p1a: Eternatus|Recover|p1a: Eternatus
|-heal|p1a: Eternatus|100/100 brn
|
|-heal|p2a: Heatran|94/100 slp|[from] item: Leftovers
|-damage|p1a: Eternatus|94/100 brn|[from] brn
|upkeep
|turn|59
|
|t:|1618598489
|switch|p1a: Yveltal|Yveltal|100/100
|-ability|p1a: Yveltal|Dark Aura
|cant|p2a: Heatran|slp
|
|-heal|p2a: Heatran|100/100 slp|[from] item: Leftovers
|upkeep
|turn|60
|
|t:|1618598499
|switch|p2a: Toxapex|Toxapex, F|100/100 par
|-damage|p2a: Toxapex|88/100 par|[from] Stealth Rock
|move|p1a: Yveltal|Knock Off|p2a: Toxapex
|-damage|p2a: Toxapex|49/100 par
|-enditem|p2a: Toxapex|Black Sludge|[from] move: Knock Off|[of] p1a: Yveltal
|
|upkeep
|turn|61
|
|t:|1618598513
|switch|p1a: Eternatus|Eternatus|94/100 brn
|-ability|p1a: Eternatus|Pressure
|cant|p2a: Toxapex|par
|
|-damage|p1a: Eternatus|88/100 brn|[from] brn
|upkeep
|turn|62
|
|t:|1618598519
|switch|p1a: Yveltal|Yveltal|100/100
|-ability|p1a: Yveltal|Dark Aura
|switch|p2a: Heatran|Heatran, F|100/100 slp
|-damage|p2a: Heatran|88/100 slp|[from] Stealth Rock
|
|-heal|p2a: Heatran|94/100 slp|[from] item: Leftovers
|upkeep
|turn|63
|
|t:|1618598523
|switch|p2a: Toxapex|Toxapex, F|82/100 par
|-damage|p2a: Toxapex|70/100 par|[from] Stealth Rock
|move|p1a: Yveltal|Knock Off|p2a: Toxapex
|-damage|p2a: Toxapex|44/100 par
|
|upkeep
|turn|64
|
|t:|1618598530
|switch|p1a: Eternatus|Eternatus|88/100 brn
|-ability|p1a: Eternatus|Pressure
|cant|p2a: Toxapex|par
|
|-damage|p1a: Eternatus|82/100 brn|[from] brn
|upkeep
|turn|65
|
|t:|1618598540
|switch|p2a: Heatran|Heatran, F|94/100 slp
|-damage|p2a: Heatran|82/100 slp|[from] Stealth Rock
|move|p1a: Eternatus|Dynamax Cannon|p2a: Heatran
|-resisted|p2a: Heatran
|-damage|p2a: Heatran|66/100 slp
|
|-heal|p2a: Heatran|72/100 slp|[from] item: Leftovers
|-damage|p1a: Eternatus|76/100 brn|[from] brn
|upkeep
|turn|66
|
|t:|1618598548
|switch|p1a: Yveltal|Yveltal|100/100
|-ability|p1a: Yveltal|Dark Aura
|cant|p2a: Heatran|slp
|
|-heal|p2a: Heatran|78/100 slp|[from] item: Leftovers
|upkeep
|turn|67
|
|t:|1618598552
|switch|p2a: Toxapex|Toxapex, F|77/100 par
|-damage|p2a: Toxapex|65/100 par|[from] Stealth Rock
|move|p1a: Yveltal|Knock Off|p2a: Toxapex
|-damage|p2a: Toxapex|42/100 par
|
|upkeep
|turn|68
|
|t:|1618598559
|switch|p1a: Eternatus|Eternatus|76/100 brn
|-ability|p1a: Eternatus|Pressure
|move|p2a: Toxapex|Recover|p2a: Toxapex
|-heal|p2a: Toxapex|92/100 par
|
|-damage|p1a: Eternatus|70/100 brn|[from] brn
|upkeep
|turn|69
|
|t:|1618598565
|switch|p1a: Zacian|Zacian|100/100
|-ability|p1a: Zacian|Intrepid Sword|boost
|-boost|p1a: Zacian|atk|1
|switch|p2a: Heatran|Heatran, F|78/100 slp
|-damage|p2a: Heatran|66/100 slp|[from] Stealth Rock
|
|-heal|p2a: Heatran|72/100 slp|[from] item: Leftovers
|upkeep
|turn|70
|
|t:|1618598576
|switch|p2a: Toxapex|Toxapex, F|100/100 par
|-damage|p2a: Toxapex|88/100 par|[from] Stealth Rock
|move|p1a: Zacian|Close Combat|p2a: Toxapex
|-resisted|p2a: Toxapex
|-damage|p2a: Toxapex|60/100 par
|-unboost|p1a: Zacian|def|1
|-unboost|p1a: Zacian|spd|1
|
|upkeep
|turn|71
|l| KnightKingg
|j| Pansage 2006
|
|t:|1618598584
|switch|p1a: Eternatus|Eternatus|70/100 brn
|-ability|p1a: Eternatus|Pressure
|move|p2a: Toxapex|Recover|p2a: Toxapex
|-heal|p2a: Toxapex|100/100 par
|
|-damage|p1a: Eternatus|63/100 brn|[from] brn
|upkeep
|turn|72
|j| Vitoran ♂
|
|t:|1618598589
|switch|p2a: Heatran|Heatran, F|72/100 slp
|-damage|p2a: Heatran|59/100 slp|[from] Stealth Rock
|move|p1a: Eternatus|Recover|p1a: Eternatus
|-heal|p1a: Eternatus|100/100 brn
|
|-heal|p2a: Heatran|66/100 slp|[from] item: Leftovers
|-damage|p1a: Eternatus|94/100 brn|[from] brn
|upkeep
|turn|73
|
|t:|1618598594
|switch|p1a: Yveltal|Yveltal|100/100
|-ability|p1a: Yveltal|Dark Aura
|-curestatus|p2a: Heatran|slp|[msg]
|move|p2a: Heatran|Magma Storm|p1a: Yveltal
|-damage|p1a: Yveltal|75/100
|-activate|p1a: Yveltal|move: Magma Storm|[of] p2a: Heatran
|
|-heal|p2a: Heatran|72/100|[from] item: Leftovers
|-damage|p1a: Yveltal|63/100|[from] move: Magma Storm|[partiallytrapped]
|upkeep
|turn|74
|
|t:|1618598602
|switch|p2a: Toxapex|Toxapex, F|100/100 par
|-damage|p2a: Toxapex|88/100 par|[from] Stealth Rock
|move|p1a: Yveltal|Roost|p1a: Yveltal
|-heal|p1a: Yveltal|100/100
|-singleturn|p1a: Yveltal|move: Roost
|
|-end|p1a: Yveltal|Magma Storm|[partiallytrapped]|[silent]
|upkeep
|turn|75
|
|t:|1618598613
|switch|p1a: Necrozma|Necrozma-Dusk-Mane|84/100 par
|switch|p2a: Heatran|Heatran, F|72/100
|-damage|p2a: Heatran|59/100|[from] Stealth Rock
|
|-heal|p2a: Heatran|66/100|[from] item: Leftovers
|-heal|p1a: Necrozma|90/100 par|[from] item: Leftovers
|upkeep
|turn|76
|
|t:|1618598618
|switch|p1a: Yveltal|Yveltal|100/100
|-ability|p1a: Yveltal|Dark Aura
|move|p2a: Heatran|Stealth Rock|p1a: Yveltal
|-sidestart|p1: Holy rng loser|move: Stealth Rock
|
|-heal|p2a: Heatran|72/100|[from] item: Leftovers
|upkeep
|turn|77
|
|t:|1618598632
|switch|p1a: Zacian|Zacian|100/100
|-damage|p1a: Zacian|88/100|[from] Stealth Rock
|-ability|p1a: Zacian|Intrepid Sword|boost
|-boost|p1a: Zacian|atk|1
|switch|p2a: Toxapex|Toxapex, F|100/100 par
|-damage|p2a: Toxapex|88/100 par|[from] Stealth Rock
|
|upkeep
|turn|78
|
|t:|1618598642
|move|p1a: Zacian|Wild Charge|p2a: Toxapex
|-supereffective|p2a: Toxapex
|-crit|p2a: Toxapex
|-damage|p2a: Toxapex|0 fnt
|-damage|p1a: Zacian|68/100|[from] Recoil
|faint|p2a: Toxapex
|
|upkeep
|c|☆RIP_Player|ok
|j| Kabilapok ✿
|
|t:|1618598658
|switch|p2a: Heatran|Heatran, F|72/100
|-damage|p2a: Heatran|59/100|[from] Stealth Rock
|turn|79
|
|t:|1618598668
|switch|p1a: Yveltal|Yveltal|100/100
|-ability|p1a: Yveltal|Dark Aura
|move|p2a: Heatran|Magma Storm|p1a: Yveltal
|-damage|p1a: Yveltal|74/100
|-activate|p1a: Yveltal|move: Magma Storm|[of] p2a: Heatran
|
|-heal|p2a: Heatran|66/100|[from] item: Leftovers
|-damage|p1a: Yveltal|62/100|[from] move: Magma Storm|[partiallytrapped]
|upkeep
|turn|80
|c| Vitoran ♂|did it matter tho?
|
|t:|1618598676
|move|p1a: Yveltal|Knock Off|p2a: Heatran
|-damage|p2a: Heatran|19/100
|-enditem|p2a: Heatran|Leftovers|[from] move: Knock Off|[of] p1a: Yveltal
|move|p2a: Heatran|Lava Plume|p1a: Yveltal
|-damage|p1a: Yveltal|43/100
|-status|p1a: Yveltal|brn
|
|-damage|p1a: Yveltal|37/100 brn|[from] brn
|-damage|p1a: Yveltal|24/100 brn|[from] move: Magma Storm|[partiallytrapped]
|upkeep
|turn|81
|
|t:|1618598685
|move|p1a: Yveltal|Roost|p1a: Yveltal
|-heal|p1a: Yveltal|74/100 brn
|-singleturn|p1a: Yveltal|move: Roost
|move|p2a: Heatran|Lava Plume|p1a: Yveltal
|-crit|p1a: Yveltal
|-damage|p1a: Yveltal|46/100 brn
|
|-damage|p1a: Yveltal|40/100 brn|[from] brn
|-damage|p1a: Yveltal|27/100 brn|[from] move: Magma Storm|[partiallytrapped]
|upkeep
|turn|82
|
|t:|1618598688
|move|p1a: Yveltal|Roost|p1a: Yveltal
|-heal|p1a: Yveltal|77/100 brn
|-singleturn|p1a: Yveltal|move: Roost
|move|p2a: Heatran|Lava Plume|p1a: Yveltal
|-damage|p1a: Yveltal|58/100 brn
|
|-damage|p1a: Yveltal|51/100 brn|[from] brn
|-damage|p1a: Yveltal|39/100 brn|[from] move: Magma Storm|[partiallytrapped]
|upkeep
|turn|83
|
|t:|1618598692
|move|p1a: Yveltal|Roost|p1a: Yveltal
|-heal|p1a: Yveltal|89/100 brn
|-singleturn|p1a: Yveltal|move: Roost
|move|p2a: Heatran|Earth Power|p1a: Yveltal
|-damage|p1a: Yveltal|75/100 brn
|
|-damage|p1a: Yveltal|69/100 brn|[from] brn
|-damage|p1a: Yveltal|57/100 brn|[from] move: Magma Storm|[partiallytrapped]
|upkeep
|turn|84
|
|t:|1618598699
|move|p1a: Yveltal|Roost|p1a: Yveltal
|-heal|p1a: Yveltal|100/100 brn
|-singleturn|p1a: Yveltal|move: Roost
|move|p2a: Heatran|Lava Plume|p1a: Yveltal
|-damage|p1a: Yveltal|79/100 brn
|
|-damage|p1a: Yveltal|73/100 brn|[from] brn
|-end|p1a: Yveltal|Magma Storm|[partiallytrapped]
|upkeep
|turn|85
|
|t:|1618598703
|move|p1a: Yveltal|Knock Off|p2a: Heatran
|-damage|p2a: Heatran|2/100
|move|p2a: Heatran|Magma Storm|p1a: Yveltal
|-damage|p1a: Yveltal|50/100 brn
|-activate|p1a: Yveltal|move: Magma Storm|[of] p2a: Heatran
|
|-damage|p1a: Yveltal|44/100 brn|[from] brn
|-damage|p1a: Yveltal|32/100 brn|[from] move: Magma Storm|[partiallytrapped]
|upkeep
|turn|86
|
|t:|1618598707
|move|p1a: Yveltal|Roost|p1a: Yveltal
|-heal|p1a: Yveltal|82/100 brn
|-singleturn|p1a: Yveltal|move: Roost
|move|p2a: Heatran|Earth Power|p1a: Yveltal
|-damage|p1a: Yveltal|66/100 brn
|
|-damage|p1a: Yveltal|59/100 brn|[from] brn
|-damage|p1a: Yveltal|47/100 brn|[from] move: Magma Storm|[partiallytrapped]
|upkeep
|turn|87
|
|t:|1618598710
|move|p1a: Yveltal|Roost|p1a: Yveltal
|-heal|p1a: Yveltal|97/100 brn
|-singleturn|p1a: Yveltal|move: Roost
|move|p2a: Heatran|Earth Power|p1a: Yveltal
|-damage|p1a: Yveltal|81/100 brn
|
|-damage|p1a: Yveltal|75/100 brn|[from] brn
|-damage|p1a: Yveltal|62/100 brn|[from] move: Magma Storm|[partiallytrapped]
|upkeep
|turn|88
|
|t:|1618598714
|move|p1a: Yveltal|Roost|p1a: Yveltal
|-heal|p1a: Yveltal|100/100 brn
|-singleturn|p1a: Yveltal|move: Roost
|move|p2a: Heatran|Lava Plume|p1a: Yveltal
|-damage|p1a: Yveltal|79/100 brn
|
|-damage|p1a: Yveltal|73/100 brn|[from] brn
|-damage|p1a: Yveltal|61/100 brn|[from] move: Magma Storm|[partiallytrapped]
|upkeep
|turn|89
|
|t:|1618598717
|move|p1a: Yveltal|Roost|p1a: Yveltal
|-heal|p1a: Yveltal|100/100 brn
|-singleturn|p1a: Yveltal|move: Roost
|move|p2a: Heatran|Lava Plume|p1a: Yveltal
|-damage|p1a: Yveltal|81/100 brn
|
|-damage|p1a: Yveltal|75/100 brn|[from] brn
|-end|p1a: Yveltal|Magma Storm|[partiallytrapped]
|upkeep
|turn|90
|
|t:|1618598720
|move|p1a: Yveltal|Knock Off|p2a: Heatran
|-damage|p2a: Heatran|0 fnt
|faint|p2a: Heatran
|
|-damage|p1a: Yveltal|69/100 brn|[from] brn
|upkeep
|
|t:|1618598724
|switch|p2a: Yveltal|Yveltal|34/100
|-damage|p2a: Yveltal|9/100|[from] Stealth Rock
|-ability|p2a: Yveltal|Dark Aura
|turn|91
|
|t:|1618598730
|move|p2a: Yveltal|Rock Slide|p1a: Yveltal
|-supereffective|p1a: Yveltal
|-damage|p1a: Yveltal|5/100 brn
|move|p1a: Yveltal|Knock Off|p2a: Yveltal
|-resisted|p2a: Yveltal
|-damage|p2a: Yveltal|0 fnt
|-enditem|p2a: Yveltal|Choice Band|[from] move: Knock Off|[of] p1a: Yveltal
|faint|p2a: Yveltal
|
|-damage|p1a: Yveltal|0 fnt|[from] brn
|faint|p1a: Yveltal
|upkeep
|
|t:|1618598737
|switch|p2a: Marshadow|Marshadow|100/100
|switch|p1a: Tangrowth|Tangrowth, F|92/100
|-damage|p2a: Marshadow|94/100|[from] Stealth Rock
|-damage|p1a: Tangrowth|79/100|[from] Stealth Rock
|turn|92
|
|t:|1618598741
|move|p2a: Marshadow|Swagger|p1a: Tangrowth
|-boost|p1a: Tangrowth|atk|2
|-start|p1a: Tangrowth|confusion
|-activate|p1a: Tangrowth|confusion
|move|p1a: Tangrowth|Sleep Powder|p2a: Marshadow
|-status|p2a: Marshadow|slp|[from] move: Sleep Powder
|
|upkeep
|turn|93
|
|t:|1618598753
|switch|p1a: Eternatus|Eternatus|94/100 brn
|-damage|p1a: Eternatus|82/100 brn|[from] Stealth Rock
|-ability|p1a: Eternatus|Pressure
|cant|p2a: Marshadow|slp
|
|-damage|p1a: Eternatus|76/100 brn|[from] brn
|upkeep
|turn|94
|
|t:|1618598758
|cant|p2a: Marshadow|slp
|move|p1a: Eternatus|Dynamax Cannon|p2a: Marshadow
|-damage|p2a: Marshadow|37/100 slp
|
|-damage|p1a: Eternatus|70/100 brn|[from] brn
|upkeep
|turn|95
|
|t:|1618598761
|-curestatus|p2a: Marshadow|slp|[msg]
|move|p2a: Marshadow|Swagger|p1a: Eternatus
|-boost|p1a: Eternatus|atk|2
|-start|p1a: Eternatus|confusion
|-activate|p1a: Eternatus|confusion
|move|p1a: Eternatus|Dynamax Cannon|p2a: Marshadow
|-damage|p2a: Marshadow|0 fnt
|faint|p2a: Marshadow
|
|win|Holy rng loser
|n|☆Holy rng loser|holyrngloser
|n|☆RIP_Player|ripplayer
|n|*Lady Monita|ladymonita
|n| Litten (Pokemon)|littenpokemon
|n| Dxnny_Bxiii|dxnnybxiii
|n| Wubben|wubben
|n| darklight1999|darklight1999
|n| Wazrac_|wazrac
|n| Joao2905|joao2905
|n| brokenfemurs|brokenfemurs
|n| mets3569|mets3569
|n| Janjao123|janjao123
|n| BRmenaser|brmenaser
|n| C2i|c2i
|n| Zoaw|zoaw
|n| StitChuu|stitchuu
|n| Khalnayak Hu|khalnayakhu
|n| Pansage 2006|pansage2006
|n| Vitoran ♂|vitoran
|n| Kabilapok ✿|kabilapok
