|j|☆I Crit My Panties
|j|☆Ditto TH
|t:|1616961391
|player|p1|I Crit My Panties|2|1556
|player|p2|Ditto TH|265|1399
|teamsize|p1|6
|teamsize|p2|6
|gametype|singles
|gen|8
|tier|[Gen 8] Ubers
|rated|
|clearpoke
|poke|p1|Necrozma-Dusk-Mane|
|poke|p1|Ho-Oh|
|poke|p1|Eternatus|
|poke|p1|Yveltal|
|poke|p1|Zygarde|
|poke|p1|Calyrex-Shadow|
|poke|p2|Calyrex-Shadow|
|poke|p2|Eternatus|
|poke|p2|Rayquaza|
|poke|p2|Blissey, F|
|poke|p2|Clefable, F|
|poke|p2|Absol, F|
|rule|Sleep Clause Mod: Limit one foe put to sleep
|rule|Species Clause: Limit one of each Pokémon
|rule|OHKO Clause: OHKO moves are banned
|rule|Evasion Moves Clause: Evasion moves are banned
|rule|Endless Battle Clause: Forcing endless battles is banned
|rule|HP Percentage Mod: HP is shown in percentages
|rule|Dynamax Clause: You cannot dynamax
|teampreview
|c|☆Ditto TH|glhf
|
|t:|1616961418
|start
|switch|p1a: Necrozma|Necrozma-Dusk-Mane|100/100
|switch|p2a: Eternatus|Eternatus|100/100
|-ability|p2a: Eternatus|Pressure
|turn|1
|inactive|Battle timer is ON: inactive players will automatically lose when time's up. (requested by Ditto TH)
|
|t:|1616961425
|move|p2a: Eternatus|Flamethrower|p1a: Necrozma
|-supereffective|p1a: Necrozma
|-damage|p1a: Necrozma|61/100
|move|p1a: Necrozma|Knock Off|p2a: Eternatus
|-damage|p2a: Eternatus|71/100
|-enditem|p2a: Eternatus|Power Herb|[from] move: Knock Off|[of] p1a: Necrozma
|
|upkeep
|turn|2
|
|t:|1616961436
|move|p2a: Eternatus|Flamethrower|p1a: Necrozma
|-supereffective|p1a: Necrozma
|-damage|p1a: Necrozma|19/100
|-status|p1a: Necrozma|brn
|move|p1a: Necrozma|Moonlight|p1a: Necrozma
|-heal|p1a: Necrozma|69/100 brn
|
|-damage|p1a: Necrozma|63/100 brn|[from] brn
|upkeep
|turn|3
|
|t:|1616961458
|move|p2a: Eternatus|Flamethrower|p1a: Necrozma
|-supereffective|p1a: Necrozma
|-damage|p1a: Necrozma|23/100 brn
|move|p1a: Necrozma|Stealth Rock|p2a: Eternatus
|-sidestart|p2: Ditto TH|move: Stealth Rock
|
|-damage|p1a: Necrozma|17/100 brn|[from] brn
|upkeep
|turn|4
|
|t:|1616961467
|switch|p1a: Ho-Oh|Ho-Oh|100/100
|move|p2a: Eternatus|Flamethrower|p1a: Ho-Oh
|-resisted|p1a: Ho-Oh
|-damage|p1a: Ho-Oh|91/100
|
|upkeep
|turn|5
|
|t:|1616961472
|move|p2a: Eternatus|Meteor Beam||[still]
|-prepare|p2a: Eternatus|Meteor Beam
|-boost|p2a: Eternatus|spa|1
|move|p1a: Ho-Oh|Whirlwind|p2a: Eternatus
|drag|p2a: Blissey|Blissey, F|100/100
|-damage|p2a: Blissey|88/100|[from] Stealth Rock
|
|-heal|p2a: Blissey|94/100|[from] item: Leftovers
|upkeep
|turn|6
|
|t:|1616961480
|switch|p1a: Calyrex|Calyrex-Shadow|100/100
|-ability|p1a: Calyrex|As One
|-ability|p1a: Calyrex|Unnerve|p2: Ditto TH
|move|p2a: Blissey|Toxic|p1a: Calyrex
|-status|p1a: Calyrex|tox
|
|-heal|p2a: Blissey|99/100|[from] item: Leftovers
|-damage|p1a: Calyrex|94/100 tox|[from] psn
|upkeep
|turn|7
|
|t:|1616961485
|switch|p2a: Absol|Absol, F|100/100
|-damage|p2a: Absol|88/100|[from] Stealth Rock
|-ability|p2a: Absol|Pressure
|move|p1a: Calyrex|Trick|p2a: Absol
|-activate|p1a: Calyrex|move: Trick|[of] p2a: Absol
|-item|p2a: Absol|Choice Specs|[from] move: Trick
|-item|p1a: Calyrex|Focus Sash|[from] move: Trick
|
|-damage|p1a: Calyrex|82/100 tox|[from] psn
|upkeep
|turn|8
|
|t:|1616961500
|switch|p1a: Yveltal|Yveltal|100/100
|-ability|p1a: Yveltal|Dark Aura
|move|p2a: Absol|Sucker Punch||[still]
|-fail|p2a: Absol
|
|upkeep
|turn|9
|
|t:|1616961509
|switch|p1a: Calyrex|Calyrex-Shadow|82/100 tox
|-ability|p1a: Calyrex|As One
|-ability|p1a: Calyrex|Unnerve|p2: Ditto TH
|switch|p2a: Clefable|Clefable, F|100/100
|-damage|p2a: Clefable|88/100|[from] Stealth Rock
|
|-heal|p2a: Clefable|94/100|[from] item: Leftovers
|-damage|p1a: Calyrex|76/100 tox|[from] psn
|upkeep
|turn|10
|
|t:|1616961515
|move|p1a: Calyrex|Aromatherapy|p1a: Calyrex
|-activate|p1a: Calyrex|move: Aromatherapy
|-curestatus|p1a: Calyrex|tox|[msg]
|-curestatus|p1: Necrozma|brn|[msg]
|move|p2a: Clefable|Moonblast|p1a: Calyrex
|-damage|p1a: Calyrex|44/100
|-unboost|p1a: Calyrex|spa|1
|
|-heal|p2a: Clefable|99/100|[from] item: Leftovers
|upkeep
|turn|11
|
|t:|1616961525
|switch|p1a: Ho-Oh|Ho-Oh|100/100
|move|p2a: Clefable|Flamethrower|p1a: Ho-Oh
|-resisted|p1a: Ho-Oh
|-damage|p1a: Ho-Oh|95/100
|
|-heal|p2a: Clefable|100/100|[from] item: Leftovers
|upkeep
|turn|12
|
|t:|1616961528
|move|p1a: Ho-Oh|Sacred Fire|p2a: Clefable
|-damage|p2a: Clefable|61/100
|move|p2a: Clefable|Toxic|p1a: Ho-Oh
|-status|p1a: Ho-Oh|tox
|
|-heal|p2a: Clefable|67/100|[from] item: Leftovers
|-damage|p1a: Ho-Oh|88/100 tox|[from] psn
|upkeep
|turn|13
|
|t:|1616961545
|switch|p2a: Eternatus|Eternatus|71/100
|-damage|p2a: Eternatus|58/100|[from] Stealth Rock
|-ability|p2a: Eternatus|Pressure
|move|p1a: Ho-Oh|Whirlwind|p2a: Eternatus
|drag|p2a: Calyrex|Calyrex-Shadow|100/100
|-ability|p2a: Calyrex|As One
|-ability|p2a: Calyrex|Unnerve|p1: I Crit My Panties
|-damage|p2a: Calyrex|88/100|[from] Stealth Rock
|
|-damage|p1a: Ho-Oh|76/100 tox|[from] psn
|upkeep
|turn|14
|
|t:|1616961558
|switch|p1a: Yveltal|Yveltal|100/100
|-ability|p1a: Yveltal|Dark Aura
|move|p2a: Calyrex|Astral Barrage|p1a: Yveltal
|-resisted|p1a: Yveltal
|-damage|p1a: Yveltal|65/100
|
|upkeep
|turn|15
|
|t:|1616961566
|switch|p2a: Absol|Absol, F|88/100
|-damage|p2a: Absol|76/100|[from] Stealth Rock
|-ability|p2a: Absol|Pressure
|move|p1a: Yveltal|Oblivion Wing|p2a: Absol
|-damage|p2a: Absol|0 fnt
|-heal|p1a: Yveltal|100/100|[from] drain|[of] p2a: Absol
|-damage|p1a: Yveltal|91/100|[from] item: Life Orb
|faint|p2a: Absol
|
|upkeep
|
|t:|1616961575
|switch|p2a: Rayquaza|Rayquaza|100/100
|-damage|p2a: Rayquaza|76/100|[from] Stealth Rock
|-ability|p2a: Rayquaza|Air Lock
|turn|16
|
|t:|1616961582
|switch|p1a: Necrozma|Necrozma-Dusk-Mane|17/100
|move|p2a: Rayquaza|Dragon Ascent|p1a: Necrozma
|-resisted|p1a: Necrozma
|-damage|p1a: Necrozma|0 fnt
|-unboost|p2a: Rayquaza|def|1
|-unboost|p2a: Rayquaza|spd|1
|-damage|p2a: Rayquaza|59/100|[from] item: Rocky Helmet|[of] p1a: Necrozma
|faint|p1a: Necrozma
|
|upkeep
|
|t:|1616961591
|switch|p1a: Calyrex|Calyrex-Shadow|44/100
|-ability|p1a: Calyrex|As One
|-ability|p1a: Calyrex|Unnerve|p2: Ditto TH
|turn|17
|
|t:|1616961598
|switch|p2a: Calyrex|Calyrex-Shadow|88/100
|-ability|p2a: Calyrex|As One
|-ability|p2a: Calyrex|Unnerve|p1: I Crit My Panties
|-damage|p2a: Calyrex|76/100|[from] Stealth Rock
|move|p1a: Calyrex|Psyshock|p2a: Calyrex
|-resisted|p2a: Calyrex
|-damage|p2a: Calyrex|48/100
|
|upkeep
|turn|18
|
|t:|1616961616
|switch|p2a: Eternatus|Eternatus|58/100
|-damage|p2a: Eternatus|46/100|[from] Stealth Rock
|-ability|p2a: Eternatus|Pressure
|switch|p1a: Yveltal|Yveltal|91/100
|-ability|p1a: Yveltal|Dark Aura
|
|upkeep
|turn|19
|
|t:|1616961624
|switch|p1a: Eternatus|Eternatus|100/100
|-ability|p1a: Eternatus|Pressure
|move|p2a: Eternatus|Dynamax Cannon|p1a: Eternatus
|-supereffective|p1a: Eternatus
|-damage|p1a: Eternatus|38/100
|
|-heal|p1a: Eternatus|44/100|[from] item: Black Sludge
|upkeep
|turn|20
|
|t:|1616961631
|move|p2a: Eternatus|Dynamax Cannon|p1a: Eternatus
|-supereffective|p1a: Eternatus
|-damage|p1a: Eternatus|0 fnt
|faint|p1a: Eternatus
|
|upkeep
|
|t:|1616961634
|switch|p1a: Calyrex|Calyrex-Shadow|44/100
|-ability|p1a: Calyrex|As One
|-ability|p1a: Calyrex|Unnerve|p2: Ditto TH
|turn|21
|
|t:|1616961642
|move|p1a: Calyrex|Psyshock|p2a: Eternatus
|-supereffective|p2a: Eternatus
|-damage|p2a: Eternatus|0 fnt
|faint|p2a: Eternatus
|-ability|p1a: Calyrex|Grim Neigh|boost
|-boost|p1a: Calyrex|spa|1
|
|upkeep
|
|t:|1616961649
|switch|p2a: Calyrex|Calyrex-Shadow|48/100
|-ability|p2a: Calyrex|As One
|-ability|p2a: Calyrex|Unnerve|p1: I Crit My Panties
|-damage|p2a: Calyrex|35/100|[from] Stealth Rock
|turn|22
|
|t:|1616961660
|switch|p1a: Yveltal|Yveltal|91/100
|-ability|p1a: Yveltal|Dark Aura
|move|p2a: Calyrex|Astral Barrage|p1a: Yveltal
|-resisted|p1a: Yveltal
|-damage|p1a: Yveltal|54/100
|
|upkeep
|turn|23
|
|t:|1616961665
|move|p2a: Calyrex|Astral Barrage|p1a: Yveltal
|-resisted|p1a: Yveltal
|-damage|p1a: Yveltal|21/100
|move|p1a: Yveltal|Oblivion Wing|p2a: Calyrex
|-damage|p2a: Calyrex|0 fnt
|-heal|p1a: Yveltal|43/100|[from] drain|[of] p2a: Calyrex
|-damage|p1a: Yveltal|33/100|[from] item: Life Orb
|faint|p2a: Calyrex
|
|upkeep
|
|t:|1616961675
|switch|p2a: Rayquaza|Rayquaza|59/100
|-damage|p2a: Rayquaza|34/100|[from] Stealth Rock
|-ability|p2a: Rayquaza|Air Lock
|turn|24
|
|t:|1616961688
|move|p2a: Rayquaza|Dragon Ascent|p1a: Yveltal
|-damage|p1a: Yveltal|0 fnt
|-unboost|p2a: Rayquaza|def|1
|-unboost|p2a: Rayquaza|spd|1
|faint|p1a: Yveltal
|
|upkeep
|
|t:|1616961691
|switch|p1a: Calyrex|Calyrex-Shadow|44/100
|-ability|p1a: Calyrex|As One
|-ability|p1a: Calyrex|Unnerve|p2: Ditto TH
|turn|25
|
|t:|1616961712
|switch|p2a: Blissey|Blissey, F|99/100
|-damage|p2a: Blissey|88/100|[from] Stealth Rock
|move|p1a: Calyrex|Psyshock|p2a: Blissey
|-damage|p2a: Blissey|47/100
|
|-heal|p2a: Blissey|53/100|[from] item: Leftovers
|upkeep
|turn|26
|
|t:|1616961720
|move|p1a: Calyrex|Psyshock|p2a: Blissey
|-damage|p2a: Blissey|9/100
|move|p2a: Blissey|Soft-Boiled|p2a: Blissey
|-heal|p2a: Blissey|59/100
|
|-heal|p2a: Blissey|65/100|[from] item: Leftovers
|upkeep
|turn|27
|
|t:|1616961723
|move|p1a: Calyrex|Astral Barrage|p2a: Blissey
|-immune|p2a: Blissey
|move|p2a: Blissey|Soft-Boiled|p2a: Blissey
|-heal|p2a: Blissey|100/100
|
|upkeep
|turn|28
|inactive|I Crit My Panties has 120 seconds left.
|l|☆I Crit My Panties
|inactive|I Crit My Panties disconnected and has a minute to reconnect!
|player|p1|
|inactive|I Crit My Panties has 30 seconds to reconnect!
|inactive|I Crit My Panties has 20 seconds to reconnect!
|inactive|I Crit My Panties has 15 seconds to reconnect!
|inactive|I Crit My Panties has 10 seconds to reconnect!
|inactive|I Crit My Panties has 5 seconds to reconnect!
|-message|I Crit My Panties lost due to inactivity.
|
|win|Ditto TH
|raw|I Crit My Panties's rating: 1557 &rarr; <strong>1528</strong><br />(-29 for losing)
|raw|Ditto TH's rating: 1399 &rarr; <strong>1428</strong><br />(+29 for winning)
