|j|☆LolSniper999
|j|☆Ryrissu
|t:|1660493116
|gametype|singles
|player|p1|LolSniper999|swimmerf-gen4|1478
|player|p2|Ryrissu|hilbert|1456
|teamsize|p1|6
|teamsize|p2|6
|gen|8
|tier|[Gen 8] Ubers
|rated|
|rule|Sleep Clause Mod: Limit one foe put to sleep
|rule|Species Clause: Limit one of each Pokémon
|rule|OHKO Clause: OHKO moves are banned
|rule|Evasion Items Clause: Evasion items are banned
|rule|Evasion Moves Clause: Evasion moves are banned
|rule|Endless Battle Clause: Forcing endless battles is banned
|rule|HP Percentage Mod: HP is shown in percentages
|rule|Dynamax Clause: You cannot dynamax
|clearpoke
|poke|p1|Zygarde|
|poke|p1|Necrozma-Dusk-Mane|
|poke|p1|Eternatus|
|poke|p1|Yveltal|
|poke|p1|Xerneas-*|
|poke|p1|Kyogre|
|poke|p2|Giratina-Origin|
|poke|p2|Groudon|
|poke|p2|Genesect|
|poke|p2|Kyurem-Black|
|poke|p2|Lugia|
|poke|p2|Yveltal|
|teampreview
|inactive|Battle timer is ON: inactive players will automatically lose when time's up. (requested by LolSniper999)
|
|t:|1660493152
|start
|switch|p1a: Kyogre|Kyogre|100/100
|switch|p2a: Lugia|Lugia|100/100
|-weather|RainDance|[from] ability: Drizzle|[of] p1a: Kyogre
|-ability|p2a: Lugia|Pressure
|turn|1
|
|t:|1660493163
|switch|p1a: Yveltal|Yveltal|100/100
|-ability|p1a: Yveltal|Dark Aura
|move|p2a: Lugia|Thunder Wave|p1a: Yveltal
|-status|p1a: Yveltal|par
|
|-weather|RainDance|[upkeep]
|upkeep
|turn|2
|
|t:|1660493172
|move|p2a: Lugia|Reflect|p2a: Lugia
|-sidestart|p2: Ryrissu|Reflect
|cant|p1a: Yveltal|par
|
|-weather|RainDance|[upkeep]
|upkeep
|turn|3
|
|t:|1660493178
|move|p2a: Lugia|Light Screen|p2a: Lugia
|-sidestart|p2: Ryrissu|move: Light Screen
|move|p1a: Yveltal|Defog|p2a: Lugia
|-unboost|p2a: Lugia|evasion|1
|-sideend|p2: Ryrissu|Reflect
|-sideend|p2: Ryrissu|move: Light Screen
|
|-weather|RainDance|[upkeep]
|upkeep
|turn|4
|
|t:|1660493186
|move|p2a: Lugia|Reflect|p2a: Lugia
|-sidestart|p2: Ryrissu|Reflect
|move|p1a: Yveltal|Knock Off|p2a: Lugia
|-supereffective|p2a: Lugia
|-damage|p2a: Lugia|64/100
|-enditem|p2a: Lugia|Light Clay|[from] move: Knock Off|[of] p1a: Yveltal
|
|-weather|RainDance|[upkeep]
|upkeep
|turn|5
|
|t:|1660493198
|switch|p2a: Groudon|Groudon|100/100
|-weather|SunnyDay|[from] ability: Drought|[of] p2a: Groudon
|move|p1a: Yveltal|Defog|p2a: Groudon
|-unboost|p2a: Groudon|evasion|1
|-sideend|p2: Ryrissu|Reflect
|
|-weather|SunnyDay|[upkeep]
|upkeep
|turn|6
|
|t:|1660493208
|switch|p1a: Zygarde|Zygarde|100/100
|move|p2a: Groudon|Stone Edge|p1a: Zygarde
|-resisted|p1a: Zygarde
|-damage|p1a: Zygarde|85/100
|
|-weather|SunnyDay|[upkeep]
|-heal|p1a: Zygarde|91/100|[from] item: Leftovers
|upkeep
|turn|7
|
|t:|1660493217
|switch|p2a: Lugia|Lugia|64/100
|-ability|p2a: Lugia|Pressure
|move|p1a: Zygarde|Substitute|p1a: Zygarde
|-start|p1a: Zygarde|Substitute
|-damage|p1a: Zygarde|66/100
|
|-weather|SunnyDay|[upkeep]
|-heal|p1a: Zygarde|73/100|[from] item: Leftovers
|upkeep
|turn|8
|
|t:|1660493227
|move|p2a: Lugia|Reflect|p2a: Lugia
|-sidestart|p2: Ryrissu|Reflect
|move|p1a: Zygarde|Glare|p2a: Lugia
|-status|p2a: Lugia|par
|
|-weather|SunnyDay|[upkeep]
|-heal|p1a: Zygarde|79/100|[from] item: Leftovers
|upkeep
|turn|9
|
|t:|1660493235
|move|p1a: Zygarde|Dragon Dance|p1a: Zygarde
|-boost|p1a: Zygarde|atk|1
|-boost|p1a: Zygarde|spe|1
|move|p2a: Lugia|Safeguard|p2a: Lugia
|-sidestart|p2: Ryrissu|Safeguard
|
|-weather|none
|-heal|p1a: Zygarde|85/100|[from] item: Leftovers
|upkeep
|turn|10
|
|t:|1660493244
|switch|p2a: Kyurem|Kyurem-Black|100/100
|-ability|p2a: Kyurem|Teravolt
|move|p1a: Zygarde|Dragon Dance|p1a: Zygarde
|-boost|p1a: Zygarde|atk|1
|-boost|p1a: Zygarde|spe|1
|
|-heal|p1a: Zygarde|91/100|[from] item: Leftovers
|upkeep
|turn|11
|
|t:|1660493254
|move|p1a: Zygarde|Glare|p2a: Kyurem
|-activate|p2a: Kyurem|move: Safeguard
|move|p2a: Kyurem|Icicle Spear|p1a: Zygarde
|-supereffective|p1a: Zygarde
|-end|p1a: Zygarde|Substitute
|-supereffective|p1a: Zygarde
|-damage|p1a: Zygarde|46/100
|-hitcount|p1a: Zygarde|2
|
|-heal|p1a: Zygarde|53/100|[from] item: Leftovers
|upkeep
|turn|12
|
|t:|1660493264
|switch|p1a: Necrozma|Necrozma-Dusk-Mane|100/100
|move|p2a: Kyurem|Icicle Spear|p1a: Necrozma
|-resisted|p1a: Necrozma
|-crit|p1a: Necrozma
|-damage|p1a: Necrozma|92/100
|-resisted|p1a: Necrozma
|-damage|p1a: Necrozma|87/100
|-hitcount|p1a: Necrozma|2
|
|-sideend|p2: Ryrissu|Reflect
|upkeep
|turn|13
|
|t:|1660493279
|switch|p2a: Lugia|Lugia|64/100 par
|-ability|p2a: Lugia|Pressure
|move|p1a: Necrozma|Knock Off|p2a: Lugia
|-supereffective|p2a: Lugia
|-damage|p2a: Lugia|32/100 par
|
|-sideend|p2: Ryrissu|Safeguard
|upkeep
|turn|14
|
|t:|1660493291
|move|p1a: Necrozma|Stealth Rock|p2a: Lugia
|-sidestart|p2: Ryrissu|move: Stealth Rock
|cant|p2a: Lugia|par
|
|upkeep
|turn|15
|
|t:|1660493299
|switch|p1a: Yveltal|Yveltal|100/100 par
|-ability|p1a: Yveltal|Dark Aura
|move|p2a: Lugia|Reflect|p2a: Lugia
|-sidestart|p2: Ryrissu|Reflect
|
|upkeep
|turn|16
|
|t:|1660493306
|move|p2a: Lugia|Safeguard|p2a: Lugia
|-sidestart|p2: Ryrissu|Safeguard
|move|p1a: Yveltal|Knock Off|p2a: Lugia
|-supereffective|p2a: Lugia
|-damage|p2a: Lugia|10/100 par
|
|upkeep
|turn|17
|
|t:|1660493317
|switch|p2a: Groudon|Groudon|100/100
|-weather|SunnyDay|[from] ability: Drought|[of] p2a: Groudon
|move|p1a: Yveltal|Defog|p2a: Groudon
|-unboost|p2a: Groudon|evasion|1
|-sideend|p2: Ryrissu|Reflect
|-sideend|p2: Ryrissu|Safeguard
|-sideend|p2: Ryrissu|Stealth Rock|[from] move: Defog|[of] p1a: Yveltal
|
|-weather|SunnyDay|[upkeep]
|upkeep
|turn|18
|
|t:|1660493344
|move|p2a: Groudon|Precipice Blades|p1a: Yveltal
|-immune|p1a: Yveltal
|move|p1a: Yveltal|Knock Off|p2a: Groudon
|-damage|p2a: Groudon|63/100
|-enditem|p2a: Groudon|Heavy-Duty Boots|[from] move: Knock Off|[of] p1a: Yveltal
|
|-weather|SunnyDay|[upkeep]
|upkeep
|turn|19
|
|t:|1660493364
|switch|p2a: Lugia|Lugia|10/100 par
|-ability|p2a: Lugia|Pressure
|switch|p1a: Zygarde|Zygarde|53/100
|
|-weather|SunnyDay|[upkeep]
|-heal|p1a: Zygarde|59/100|[from] item: Leftovers
|upkeep
|turn|20
|
|t:|1660493374
|move|p1a: Zygarde|Thousand Arrows|p2a: Lugia
|-damage|p2a: Lugia|0 fnt
|faint|p2a: Lugia
|
|-weather|SunnyDay|[upkeep]
|-heal|p1a: Zygarde|65/100|[from] item: Leftovers
|upkeep
|
|t:|1660493382
|switch|p2a: Kyurem|Kyurem-Black|100/100
|-ability|p2a: Kyurem|Teravolt
|turn|21
|
|t:|1660493387
|switch|p2a: Giratina|Giratina-Origin|100/100
|switch|p1a: Necrozma|Necrozma-Dusk-Mane|87/100
|
|-weather|none
|upkeep
|turn|22
|
|t:|1660493402
|move|p1a: Necrozma|Thunder Wave|p2a: Giratina
|-status|p2a: Giratina|par
|move|p2a: Giratina|Poltergeist|p1a: Necrozma
|-activate|p1a: Necrozma|move: Poltergeist|Rocky Helmet
|-supereffective|p1a: Necrozma
|-damage|p1a: Necrozma|25/100
|
|upkeep
|turn|23
|
|t:|1660493411
|switch|p1a: Yveltal|Yveltal|100/100 par
|-ability|p1a: Yveltal|Dark Aura
|move|p2a: Giratina|Shadow Sneak|p1a: Yveltal
|-resisted|p1a: Yveltal
|-damage|p1a: Yveltal|90/100 par
|
|upkeep
|turn|24
|
|t:|1660493423
|move|p1a: Yveltal|Knock Off|p2a: Giratina
|-supereffective|p2a: Giratina
|-damage|p2a: Giratina|53/100 par
|cant|p2a: Giratina|par
|
|upkeep
|turn|25
|
|t:|1660493431
|move|p1a: Yveltal|Knock Off|p2a: Giratina
|-supereffective|p2a: Giratina
|-damage|p2a: Giratina|5/100 par
|move|p2a: Giratina|Draco Meteor|p1a: Yveltal
|-damage|p1a: Yveltal|48/100 par
|-unboost|p2a: Giratina|spa|2
|
|upkeep
|turn|26
|
|t:|1660493442
|move|p1a: Yveltal|Roost|p1a: Yveltal
|-heal|p1a: Yveltal|98/100 par
|-singleturn|p1a: Yveltal|move: Roost
|cant|p2a: Giratina|par
|
|upkeep
|turn|27
|
|t:|1660493448
|move|p1a: Yveltal|Knock Off|p2a: Giratina
|-supereffective|p2a: Giratina
|-damage|p2a: Giratina|0 fnt
|faint|p2a: Giratina
|
|upkeep
|
|t:|1660493459
|switch|p2a: Kyurem|Kyurem-Black|100/100
|-ability|p2a: Kyurem|Teravolt
|turn|28
|
|t:|1660493470
|move|p2a: Kyurem|Icicle Spear|p1a: Yveltal
|-supereffective|p1a: Yveltal
|-damage|p1a: Yveltal|69/100 par
|-supereffective|p1a: Yveltal
|-crit|p1a: Yveltal
|-damage|p1a: Yveltal|28/100 par
|-supereffective|p1a: Yveltal
|-damage|p1a: Yveltal|0 fnt
|faint|p1a: Yveltal
|-hitcount|p1: Yveltal|3
|
|upkeep
|
|t:|1660493476
|switch|p1a: Xerneas|Xerneas|100/100
|-ability|p1a: Xerneas|Fairy Aura
|turn|29
|
|t:|1660493487
|switch|p2a: Genesect|Genesect, shiny|100/100
|-ability|p2a: Genesect|Download|boost
|-boost|p2a: Genesect|spa|1
|move|p1a: Xerneas|Geomancy||[still]
|-prepare|p1a: Xerneas|Geomancy
|-enditem|p1a: Xerneas|Power Herb
|-anim|p1a: Xerneas|Geomancy|p1a: Xerneas
|-boost|p1a: Xerneas|spa|2
|-boost|p1a: Xerneas|spd|2
|-boost|p1a: Xerneas|spe|2
|
|upkeep
|turn|30
|
|t:|1660493497
|move|p1a: Xerneas|Thunder|p2a: Genesect
|-damage|p2a: Genesect|22/100
|-status|p2a: Genesect|par
|move|p2a: Genesect|Shift Gear|p2a: Genesect
|-boost|p2a: Genesect|spe|2
|-boost|p2a: Genesect|atk|1
|
|upkeep
|turn|31
|
|t:|1660493505
|move|p2a: Genesect|Extreme Speed|p1a: Xerneas
|-damage|p1a: Xerneas|75/100
|move|p1a: Xerneas|Moonblast|p2a: Genesect
|-resisted|p2a: Genesect
|-damage|p2a: Genesect|0 fnt
|faint|p2a: Genesect
|
|upkeep
|-message|Ryrissu forfeited.
|
|win|LolSniper999
|raw|LolSniper999's rating: 1478 &rarr; <strong>1497</strong><br />(+19 for winning)
|raw|Ryrissu's rating: 1456 &rarr; <strong>1437</strong><br />(-19 for losing)
|l|☆Ryrissu
|l|☆LolSniper999
|j|☆LolSniper999
|player|p1|LolSniper999|swimmerf-gen4
