|j|☆Okane Kitsune
|j|☆erikus
|t:|1648126466
|gametype|singles
|player|p1|Okane Kitsune|kimonogirl|1302
|player|p2|erikus|depotagent|1506
|teamsize|p1|6
|teamsize|p2|6
|gen|8
|tier|[Gen 8] Ubers
|rated|
|rule|Sleep Clause Mod: Limit one foe put to sleep
|rule|Species Clause: Limit one of each Pokémon
|rule|OHKO Clause: OHKO moves are banned
|rule|Evasion Moves Clause: Evasion moves are banned
|rule|Endless Battle Clause: Forcing endless battles is banned
|rule|HP Percentage Mod: HP is shown in percentages
|rule|Dynamax Clause: You cannot dynamax
|clearpoke
|poke|p1|Ho-Oh|
|poke|p1|Groudon|
|poke|p1|Lunala|
|poke|p1|Yveltal|
|poke|p1|Eternatus|
|poke|p1|Calyrex-Shadow|
|poke|p2|Kyogre|
|poke|p2|Melmetal|
|poke|p2|Yveltal|
|poke|p2|Groudon|
|poke|p2|Calyrex-Shadow|
|poke|p2|Xerneas-*|
|teampreview
|
|t:|1648126504
|start
|switch|p1a: Groudon|Groudon|100/100
|switch|p2a: Kyogre|Kyogre|100/100
|-weather|SunnyDay|[from] ability: Drought|[of] p1a: Groudon
|-weather|RainDance|[from] ability: Drizzle|[of] p2a: Kyogre
|turn|1
|j| Jdcomix
|
|t:|1648126513
|switch|p1a: Eternatus|Eternatus|100/100
|-ability|p1a: Eternatus|Pressure
|move|p2a: Kyogre|Scald|p1a: Eternatus
|-resisted|p1a: Eternatus
|-damage|p1a: Eternatus|83/100
|
|-weather|RainDance|[upkeep]
|-heal|p1a: Eternatus|89/100|[from] item: Black Sludge
|upkeep
|turn|2
|l| Jdcomix
|
|t:|1648126523
|move|p1a: Eternatus|Toxic|p2a: Kyogre
|-status|p2a: Kyogre|tox
|move|p2a: Kyogre|Thunder Wave|p1a: Eternatus
|-status|p1a: Eternatus|par
|
|-weather|RainDance|[upkeep]
|-heal|p1a: Eternatus|96/100 par|[from] item: Black Sludge
|-damage|p2a: Kyogre|94/100 tox|[from] psn
|upkeep
|turn|3
|
|t:|1648126533
|switch|p2a: Yveltal|Yveltal|100/100
|-ability|p2a: Yveltal|Dark Aura
|cant|p1a: Eternatus|par
|
|-weather|RainDance|[upkeep]
|-heal|p1a: Eternatus|100/100 par|[from] item: Black Sludge
|upkeep
|turn|4
|
|t:|1648126555
|switch|p1a: Groudon|Groudon|100/100
|-weather|SunnyDay|[from] ability: Drought|[of] p1a: Groudon
|move|p2a: Yveltal|Knock Off|p1a: Groudon
|-damage|p1a: Groudon|67/100
|-enditem|p1a: Groudon|Leftovers|[from] move: Knock Off|[of] p2a: Yveltal
|
|-weather|SunnyDay|[upkeep]
|upkeep
|turn|5
|
|t:|1648126564
|move|p2a: Yveltal|U-turn|p1a: Groudon
|-damage|p1a: Groudon|53/100
|
|t:|1648126576
|switch|p2a: Xerneas|Xerneas|100/100|[from]move: U-turn
|-ability|p2a: Xerneas|Fairy Aura
|move|p1a: Groudon|Stealth Rock|p2a: Xerneas
|-sidestart|p2: erikus|move: Stealth Rock
|
|-weather|SunnyDay|[upkeep]
|upkeep
|turn|6
|
|t:|1648126585
|switch|p1a: Ho-Oh|Ho-Oh|100/100
|move|p2a: Xerneas|Moonblast|p1a: Ho-Oh
|-resisted|p1a: Ho-Oh
|-damage|p1a: Ho-Oh|85/100
|
|-weather|SunnyDay|[upkeep]
|upkeep
|turn|7
|
|t:|1648126607
|switch|p2a: Kyogre|Kyogre|94/100 tox
|-damage|p2a: Kyogre|82/100 tox|[from] Stealth Rock
|-weather|RainDance|[from] ability: Drizzle|[of] p2a: Kyogre
|move|p1a: Ho-Oh|Whirlwind|p2a: Kyogre
|drag|p2a: Groudon|Groudon|100/100
|-damage|p2a: Groudon|94/100|[from] Stealth Rock
|-weather|SunnyDay|[from] ability: Drought|[of] p2a: Groudon
|
|-weather|SunnyDay|[upkeep]
|-heal|p2a: Groudon|100/100|[from] item: Leftovers
|upkeep
|turn|8
|
|t:|1648126622
|switch|p1a: Groudon|Groudon|53/100
|move|p2a: Groudon|Thunder Wave|p1a: Groudon
|-immune|p1a: Groudon
|
|-weather|SunnyDay|[upkeep]
|upkeep
|turn|9
|
|t:|1648126632
|move|p1a: Groudon|Precipice Blades|p2a: Groudon
|-damage|p2a: Groudon|61/100
|move|p2a: Groudon|Stealth Rock|p1a: Groudon
|-sidestart|p1: Okane Kitsune|move: Stealth Rock
|
|-weather|SunnyDay|[upkeep]
|-heal|p2a: Groudon|67/100|[from] item: Leftovers
|upkeep
|turn|10
|
|t:|1648126639
|move|p2a: Groudon|Precipice Blades|p1a: Groudon
|-damage|p1a: Groudon|15/100
|move|p1a: Groudon|Precipice Blades|p2a: Groudon
|-damage|p2a: Groudon|32/100
|
|-weather|SunnyDay|[upkeep]
|-heal|p2a: Groudon|39/100|[from] item: Leftovers
|upkeep
|turn|11
|
|t:|1648126650
|move|p1a: Groudon|Precipice Blades|p2a: Groudon
|-damage|p2a: Groudon|4/100
|move|p2a: Groudon|Precipice Blades|p1a: Groudon
|-damage|p1a: Groudon|0 fnt
|faint|p1a: Groudon
|
|-weather|none
|-heal|p2a: Groudon|10/100|[from] item: Leftovers
|upkeep
|
|t:|1648126667
|switch|p1a: Yveltal|Yveltal|100/100
|-damage|p1a: Yveltal|76/100|[from] Stealth Rock
|-ability|p1a: Yveltal|Dark Aura
|turn|12
|
|t:|1648126683
|move|p1a: Yveltal|Knock Off|p2a: Groudon
|-damage|p2a: Groudon|0 fnt
|-enditem|p2a: Groudon|Leftovers|[from] move: Knock Off|[of] p1a: Yveltal
|faint|p2a: Groudon
|-damage|p1a: Yveltal|66/100|[from] item: Life Orb
|
|upkeep
|
|t:|1648126684
|switch|p2a: Xerneas|Xerneas|100/100
|-damage|p2a: Xerneas|88/100|[from] Stealth Rock
|-ability|p2a: Xerneas|Fairy Aura
|turn|13
|
|t:|1648126693
|switch|p1a: Ho-Oh|Ho-Oh|100/100
|move|p2a: Xerneas|Aromatherapy|p2a: Xerneas
|-activate|p2a: Xerneas|move: Aromatherapy
|-curestatus|p2: Kyogre|tox|[msg]
|
|-heal|p2a: Xerneas|94/100|[from] item: Leftovers
|upkeep
|turn|14
|
|t:|1648126702
|switch|p2a: Kyogre|Kyogre|82/100
|-damage|p2a: Kyogre|70/100|[from] Stealth Rock
|-weather|RainDance|[from] ability: Drizzle|[of] p2a: Kyogre
|move|p1a: Ho-Oh|Defog|p2a: Kyogre
|-unboost|p2a: Kyogre|evasion|1
|-sideend|p2: erikus|Stealth Rock|[from] move: Defog|[of] p1a: Ho-Oh
|-sideend|p1: Okane Kitsune|Stealth Rock|[from] move: Defog|[of] p1a: Ho-Oh
|
|-weather|RainDance|[upkeep]
|-heal|p2a: Kyogre|76/100|[from] item: Leftovers
|upkeep
|turn|15
|
|t:|1648126712
|switch|p1a: Eternatus|Eternatus|100/100 par
|-ability|p1a: Eternatus|Pressure
|move|p2a: Kyogre|Scald|p1a: Eternatus
|-resisted|p1a: Eternatus
|-damage|p1a: Eternatus|83/100 par
|
|-weather|RainDance|[upkeep]
|-heal|p2a: Kyogre|82/100|[from] item: Leftovers
|-heal|p1a: Eternatus|90/100 par|[from] item: Black Sludge
|upkeep
|turn|16
|
|t:|1648126744
|switch|p2a: Yveltal|Yveltal|100/100
|-ability|p2a: Yveltal|Dark Aura
|move|p1a: Eternatus|Dynamax Cannon|p2a: Yveltal
|-damage|p2a: Yveltal|77/100
|
|-weather|RainDance|[upkeep]
|-heal|p1a: Eternatus|96/100 par|[from] item: Black Sludge
|upkeep
|turn|17
|
|t:|1648126758
|move|p2a: Yveltal|Knock Off|p1a: Eternatus
|-damage|p1a: Eternatus|56/100 par
|-enditem|p1a: Eternatus|Black Sludge|[from] move: Knock Off|[of] p2a: Yveltal
|move|p1a: Eternatus|Toxic|p2a: Yveltal
|-status|p2a: Yveltal|tox
|
|-weather|RainDance|[upkeep]
|-damage|p2a: Yveltal|70/100 tox|[from] psn
|upkeep
|turn|18
|
|t:|1648126776
|switch|p1a: Yveltal|Yveltal|66/100
|-ability|p1a: Yveltal|Dark Aura
|move|p2a: Yveltal|U-turn|p1a: Yveltal
|-damage|p1a: Yveltal|47/100
|
|t:|1648126780
|switch|p2a: Xerneas|Xerneas|94/100|[from]move: U-turn
|-ability|p2a: Xerneas|Fairy Aura
|
|-weather|none
|-heal|p2a: Xerneas|99/100|[from] item: Leftovers
|upkeep
|turn|19
|
|t:|1648126790
|switch|p1a: Ho-Oh|Ho-Oh|100/100
|move|p2a: Xerneas|Moonblast|p1a: Ho-Oh
|-resisted|p1a: Ho-Oh
|-damage|p1a: Ho-Oh|85/100
|-unboost|p1a: Ho-Oh|spa|1
|
|-heal|p2a: Xerneas|100/100|[from] item: Leftovers
|upkeep
|turn|20
|
|t:|1648126838
|switch|p2a: Kyogre|Kyogre|82/100
|-weather|RainDance|[from] ability: Drizzle|[of] p2a: Kyogre
|move|p1a: Ho-Oh|Whirlwind|p2a: Kyogre
|drag|p2a: Melmetal|Melmetal|100/100
|
|-weather|RainDance|[upkeep]
|upkeep
|turn|21
|
|t:|1648126863
|switch|p2a: Kyogre|Kyogre|82/100
|move|p1a: Ho-Oh|Sacred Fire|p2a: Kyogre
|-resisted|p2a: Kyogre
|-damage|p2a: Kyogre|73/100
|-status|p2a: Kyogre|brn
|
|-weather|RainDance|[upkeep]
|-heal|p2a: Kyogre|79/100 brn|[from] item: Leftovers
|-damage|p2a: Kyogre|73/100 brn|[from] brn
|upkeep
|turn|22
|
|t:|1648126876
|switch|p1a: Eternatus|Eternatus|56/100 par
|-ability|p1a: Eternatus|Pressure
|switch|p2a: Calyrex|Calyrex-Shadow|100/100
|-ability|p2a: Calyrex|As One
|-ability|p2a: Calyrex|Unnerve
|
|-weather|RainDance|[upkeep]
|upkeep
|turn|23
|
|t:|1648126887
|switch|p1a: Yveltal|Yveltal|47/100
|-ability|p1a: Yveltal|Dark Aura
|move|p2a: Calyrex|Substitute|p2a: Calyrex
|-start|p2a: Calyrex|Substitute
|-damage|p2a: Calyrex|76/100
|
|-weather|RainDance|[upkeep]
|-heal|p2a: Calyrex|82/100|[from] item: Leftovers
|upkeep
|turn|24
|
|t:|1648126897
|move|p2a: Calyrex|Leech Seed|p1a: Yveltal
|-start|p1a: Yveltal|move: Leech Seed
|move|p1a: Yveltal|Knock Off|p2a: Calyrex
|-supereffective|p2a: Calyrex
|-end|p2a: Calyrex|Substitute
|-damage|p1a: Yveltal|37/100|[from] item: Life Orb
|
|-weather|none
|-heal|p2a: Calyrex|88/100|[from] item: Leftovers
|-damage|p1a: Yveltal|24/100|[from] Leech Seed|[of] p2a: Calyrex
|-heal|p2a: Calyrex|100/100|[silent]
|upkeep
|turn|25
|
|t:|1648126907
|move|p2a: Calyrex|Substitute|p2a: Calyrex
|-start|p2a: Calyrex|Substitute
|-damage|p2a: Calyrex|76/100
|move|p1a: Yveltal|Knock Off|p2a: Calyrex
|-supereffective|p2a: Calyrex
|-end|p2a: Calyrex|Substitute
|-damage|p1a: Yveltal|14/100|[from] item: Life Orb
|
|-heal|p2a: Calyrex|82/100|[from] item: Leftovers
|-damage|p1a: Yveltal|2/100|[from] Leech Seed|[of] p2a: Calyrex
|-heal|p2a: Calyrex|96/100|[silent]
|upkeep
|turn|26
|
|t:|1648126918
|move|p2a: Calyrex|Substitute|p2a: Calyrex
|-start|p2a: Calyrex|Substitute
|-damage|p2a: Calyrex|71/100
|move|p1a: Yveltal|Knock Off|p2a: Calyrex
|-supereffective|p2a: Calyrex
|-end|p2a: Calyrex|Substitute
|-damage|p1a: Yveltal|0 fnt|[from] item: Life Orb
|faint|p1a: Yveltal
|
|-heal|p2a: Calyrex|77/100|[from] item: Leftovers
|upkeep
|
|t:|1648126934
|switch|p1a: Calyrex|Calyrex-Shadow|100/100
|-ability|p1a: Calyrex|As One
|-ability|p1a: Calyrex|Unnerve
|turn|27
|
|t:|1648126948
|switch|p2a: Yveltal|Yveltal|70/100 tox
|-ability|p2a: Yveltal|Dark Aura
|move|p1a: Calyrex|Draining Kiss|p2a: Yveltal
|-supereffective|p2a: Yveltal
|-damage|p2a: Yveltal|47/100 tox
|
|-damage|p2a: Yveltal|40/100 tox|[from] psn
|upkeep
|turn|28
|
|t:|1648126958
|switch|p1a: Ho-Oh|Ho-Oh|100/100
|move|p2a: Yveltal|U-turn|p1a: Ho-Oh
|-resisted|p1a: Ho-Oh
|-damage|p1a: Ho-Oh|98/100
|
|t:|1648126962
|switch|p2a: Kyogre|Kyogre|73/100 brn|[from]move: U-turn
|-weather|RainDance|[from] ability: Drizzle|[of] p2a: Kyogre
|
|-weather|RainDance|[upkeep]
|-heal|p2a: Kyogre|79/100 brn|[from] item: Leftovers
|-damage|p2a: Kyogre|73/100 brn|[from] brn
|upkeep
|turn|29
|
|t:|1648126980
|switch|p2a: Calyrex|Calyrex-Shadow|77/100
|-ability|p2a: Calyrex|As One
|-ability|p2a: Calyrex|Unnerve
|switch|p1a: Eternatus|Eternatus|56/100 par
|-ability|p1a: Eternatus|Pressure
|
|-weather|RainDance|[upkeep]
|-heal|p2a: Calyrex|83/100|[from] item: Leftovers
|upkeep
|turn|30
|
|t:|1648127002
|switch|p1a: Calyrex|Calyrex-Shadow|100/100
|-ability|p1a: Calyrex|As One
|-ability|p1a: Calyrex|Unnerve
|move|p2a: Calyrex|Substitute|p2a: Calyrex
|-start|p2a: Calyrex|Substitute
|-damage|p2a: Calyrex|59/100
|
|-weather|RainDance|[upkeep]
|-heal|p2a: Calyrex|65/100|[from] item: Leftovers
|upkeep
|turn|31
|
|t:|1648127013
|move|p2a: Calyrex|Astral Barrage|p1a: Calyrex
|-supereffective|p1a: Calyrex
|-enditem|p1a: Calyrex|Focus Sash
|-damage|p1a: Calyrex|1/100
|move|p1a: Calyrex|Nasty Plot|p1a: Calyrex
|-boost|p1a: Calyrex|spa|2
|
|-weather|RainDance|[upkeep]
|-heal|p2a: Calyrex|71/100|[from] item: Leftovers
|upkeep
|turn|32
|
|t:|1648127025
|move|p2a: Calyrex|Astral Barrage|p1a: Calyrex
|-supereffective|p1a: Calyrex
|-damage|p1a: Calyrex|0 fnt
|faint|p1a: Calyrex
|-ability|p2a: Calyrex|Grim Neigh|boost
|-boost|p2a: Calyrex|spa|1
|
|-weather|none
|-heal|p2a: Calyrex|77/100|[from] item: Leftovers
|upkeep
|
|t:|1648127040
|switch|p1a: Ho-Oh|Ho-Oh|100/100
|turn|33
|
|t:|1648127050
|move|p2a: Calyrex|Astral Barrage|p1a: Ho-Oh
|-damage|p1a: Ho-Oh|40/100
|move|p1a: Ho-Oh|Whirlwind|p2a: Calyrex
|drag|p2a: Kyogre|Kyogre|73/100 brn
|-weather|RainDance|[from] ability: Drizzle|[of] p2a: Kyogre
|
|-weather|RainDance|[upkeep]
|-heal|p2a: Kyogre|79/100 brn|[from] item: Leftovers
|-damage|p2a: Kyogre|73/100 brn|[from] brn
|upkeep
|turn|34
|
|t:|1648127062
|switch|p1a: Eternatus|Eternatus|56/100 par
|-ability|p1a: Eternatus|Pressure
|move|p2a: Kyogre|Scald|p1a: Eternatus
|-resisted|p1a: Eternatus
|-damage|p1a: Eternatus|40/100 par
|
|-weather|RainDance|[upkeep]
|-heal|p2a: Kyogre|79/100 brn|[from] item: Leftovers
|-damage|p2a: Kyogre|73/100 brn|[from] brn
|upkeep
|turn|35
|
|t:|1648127072
|switch|p2a: Calyrex|Calyrex-Shadow|77/100
|-ability|p2a: Calyrex|As One
|-ability|p2a: Calyrex|Unnerve
|move|p1a: Eternatus|Recover|p1a: Eternatus
|-heal|p1a: Eternatus|90/100 par
|
|-weather|RainDance|[upkeep]
|-heal|p2a: Calyrex|83/100|[from] item: Leftovers
|upkeep
|turn|36
|
|t:|1648127086
|move|p2a: Calyrex|Substitute|p2a: Calyrex
|-start|p2a: Calyrex|Substitute
|-damage|p2a: Calyrex|58/100
|move|p1a: Eternatus|Dynamax Cannon|p2a: Calyrex
|-end|p2a: Calyrex|Substitute
|
|-weather|RainDance|[upkeep]
|-heal|p2a: Calyrex|64/100|[from] item: Leftovers
|upkeep
|turn|37
|
|t:|1648127094
|move|p2a: Calyrex|Substitute|p2a: Calyrex
|-start|p2a: Calyrex|Substitute
|-damage|p2a: Calyrex|40/100
|move|p1a: Eternatus|Dynamax Cannon|p2a: Calyrex
|-end|p2a: Calyrex|Substitute
|
|-weather|none
|-heal|p2a: Calyrex|46/100|[from] item: Leftovers
|upkeep
|turn|38
|
|t:|1648127109
|move|p2a: Calyrex|Substitute|p2a: Calyrex
|-start|p2a: Calyrex|Substitute
|-damage|p2a: Calyrex|21/100
|move|p1a: Eternatus|Dynamax Cannon|p2a: Calyrex
|-end|p2a: Calyrex|Substitute
|
|-heal|p2a: Calyrex|27/100|[from] item: Leftovers
|upkeep
|turn|39
|
|t:|1648127116
|move|p2a: Calyrex|Substitute|p2a: Calyrex
|-start|p2a: Calyrex|Substitute
|-damage|p2a: Calyrex|2/100
|move|p1a: Eternatus|Dynamax Cannon|p2a: Calyrex
|-end|p2a: Calyrex|Substitute
|
|-heal|p2a: Calyrex|8/100|[from] item: Leftovers
|upkeep
|turn|40
|
|t:|1648127136
|switch|p2a: Kyogre|Kyogre|73/100 brn
|-weather|RainDance|[from] ability: Drizzle|[of] p2a: Kyogre
|move|p1a: Eternatus|Flamethrower|p2a: Kyogre
|-resisted|p2a: Kyogre
|-damage|p2a: Kyogre|70/100 brn
|
|-weather|RainDance|[upkeep]
|-heal|p2a: Kyogre|76/100 brn|[from] item: Leftovers
|-damage|p2a: Kyogre|70/100 brn|[from] brn
|upkeep
|turn|41
|
|t:|1648127147
|switch|p2a: Xerneas|Xerneas|100/100
|-ability|p2a: Xerneas|Fairy Aura
|move|p1a: Eternatus|Dynamax Cannon|p2a: Xerneas
|-immune|p2a: Xerneas
|
|-weather|RainDance|[upkeep]
|upkeep
|turn|42
|
|t:|1648127159
|move|p2a: Xerneas|Aromatherapy|p2a: Xerneas
|-activate|p2a: Xerneas|move: Aromatherapy
|-curestatus|p2: Yveltal|tox|[msg]
|-curestatus|p2: Kyogre|brn|[msg]
|cant|p1a: Eternatus|par
|
|-weather|RainDance|[upkeep]
|upkeep
|turn|43
|
|t:|1648127179
|switch|p2a: Yveltal|Yveltal|40/100
|-ability|p2a: Yveltal|Dark Aura
|move|p1a: Eternatus|Toxic|p2a: Yveltal
|-status|p2a: Yveltal|tox
|
|-weather|RainDance|[upkeep]
|-damage|p2a: Yveltal|34/100 tox|[from] psn
|upkeep
|turn|44
|
|t:|1648127188
|move|p2a: Yveltal|Roost|p2a: Yveltal
|-heal|p2a: Yveltal|84/100 tox
|-singleturn|p2a: Yveltal|move: Roost
|move|p1a: Eternatus|Dynamax Cannon|p2a: Yveltal
|-damage|p2a: Yveltal|59/100 tox
|
|-weather|none
|-damage|p2a: Yveltal|46/100 tox|[from] psn
|upkeep
|turn|45
|
|t:|1648127196
|move|p2a: Yveltal|Roost|p2a: Yveltal
|-heal|p2a: Yveltal|96/100 tox
|-singleturn|p2a: Yveltal|move: Roost
|cant|p1a: Eternatus|par
|
|-damage|p2a: Yveltal|78/100 tox|[from] psn
|upkeep
|turn|46
|
|t:|1648127204
|switch|p2a: Xerneas|Xerneas|100/100
|-ability|p2a: Xerneas|Fairy Aura
|move|p1a: Eternatus|Flamethrower|p2a: Xerneas
|-damage|p2a: Xerneas|78/100
|
|-heal|p2a: Xerneas|84/100|[from] item: Leftovers
|upkeep
|turn|47
|
|t:|1648127251
|move|p2a: Xerneas|Moonblast|p1a: Eternatus
|-damage|p1a: Eternatus|60/100 par
|move|p1a: Eternatus|Toxic|p2a: Xerneas
|-status|p2a: Xerneas|tox
|
|-heal|p2a: Xerneas|90/100 tox|[from] item: Leftovers
|-damage|p2a: Xerneas|84/100 tox|[from] psn
|upkeep
|turn|48
|
|t:|1648127260
|move|p2a: Xerneas|Aromatherapy|p2a: Xerneas
|-activate|p2a: Xerneas|move: Aromatherapy
|-curestatus|p2a: Xerneas|tox|[msg]
|-curestatus|p2: Yveltal|tox|[msg]
|move|p1a: Eternatus|Recover|p1a: Eternatus
|-heal|p1a: Eternatus|100/100 par
|
|-heal|p2a: Xerneas|90/100|[from] item: Leftovers
|upkeep
|turn|49
|
|t:|1648127282
|switch|p2a: Kyogre|Kyogre|70/100
|-weather|RainDance|[from] ability: Drizzle|[of] p2a: Kyogre
|move|p1a: Eternatus|Flamethrower|p2a: Kyogre
|-resisted|p2a: Kyogre
|-damage|p2a: Kyogre|66/100
|
|-weather|RainDance|[upkeep]
|-heal|p2a: Kyogre|72/100|[from] item: Leftovers
|upkeep
|turn|50
|
|t:|1648127301
|switch|p2a: Melmetal|Melmetal|100/100
|cant|p1a: Eternatus|par
|
|-weather|RainDance|[upkeep]
|upkeep
|turn|51
|
|t:|1648127306
|move|p1a: Eternatus|Flamethrower|p2a: Melmetal
|-supereffective|p2a: Melmetal
|-damage|p2a: Melmetal|68/100
|move|p2a: Melmetal|Ice Punch|p1a: Eternatus
|-supereffective|p1a: Eternatus
|-damage|p1a: Eternatus|23/100 par
|
|-weather|RainDance|[upkeep]
|upkeep
|turn|52
|
|t:|1648127315
|cant|p1a: Eternatus|par
|move|p2a: Melmetal|Ice Punch|p1a: Eternatus
|-supereffective|p1a: Eternatus
|-damage|p1a: Eternatus|0 fnt
|faint|p1a: Eternatus
|
|-weather|RainDance|[upkeep]
|upkeep
|
|t:|1648127322
|switch|p1a: Lunala|Lunala|100/100
|turn|53
|
|t:|1648127325
|switch|p2a: Yveltal|Yveltal|78/100
|-ability|p2a: Yveltal|Dark Aura
|move|p1a: Lunala|Meteor Beam||[still]
|-prepare|p1a: Lunala|Meteor Beam
|-boost|p1a: Lunala|spa|1
|-enditem|p1a: Lunala|Power Herb
|-anim|p1a: Lunala|Meteor Beam|p2a: Yveltal
|-supereffective|p2a: Yveltal
|-damage|p2a: Yveltal|10/100
|
|-weather|none
|upkeep
|turn|54
|
|t:|1648127336
|move|p1a: Lunala|Ice Beam|p2a: Yveltal
|-supereffective|p2a: Yveltal
|-damage|p2a: Yveltal|0 fnt
|faint|p2a: Yveltal
|
|upkeep
|
|t:|1648127338
|switch|p2a: Kyogre|Kyogre|72/100
|-weather|RainDance|[from] ability: Drizzle|[of] p2a: Kyogre
|turn|55
|
|t:|1648127344
|move|p1a: Lunala|Moongeist Beam|p2a: Kyogre
|-damage|p2a: Kyogre|32/100
|move|p2a: Kyogre|Toxic|p1a: Lunala
|-status|p1a: Lunala|tox
|
|-weather|RainDance|[upkeep]
|-heal|p2a: Kyogre|38/100|[from] item: Leftovers
|-damage|p1a: Lunala|94/100 tox|[from] psn
|upkeep
|turn|56
|
|t:|1648127353
|switch|p2a: Melmetal|Melmetal|68/100
|move|p1a: Lunala|Moongeist Beam|p2a: Melmetal
|-damage|p2a: Melmetal|0 fnt
|faint|p2a: Melmetal
|
|-weather|RainDance|[upkeep]
|-damage|p1a: Lunala|82/100 tox|[from] psn
|upkeep
|
|t:|1648127355
|switch|p2a: Calyrex|Calyrex-Shadow|8/100
|-ability|p2a: Calyrex|As One
|-ability|p2a: Calyrex|Unnerve
|turn|57
|
|t:|1648127366
|move|p2a: Calyrex|Astral Barrage|p1a: Lunala
|-supereffective|p1a: Lunala
|-damage|p1a: Lunala|0 fnt
|faint|p1a: Lunala
|-ability|p2a: Calyrex|Grim Neigh|boost
|-boost|p2a: Calyrex|spa|1
|
|-weather|RainDance|[upkeep]
|-heal|p2a: Calyrex|14/100|[from] item: Leftovers
|upkeep
|
|t:|1648127375
|switch|p1a: Ho-Oh|Ho-Oh|74/100
|turn|58
|
|t:|1648127405
|move|p2a: Calyrex|Astral Barrage|p1a: Ho-Oh
|-damage|p1a: Ho-Oh|16/100
|move|p1a: Ho-Oh|Sacred Fire|p2a: Calyrex
|-damage|p2a: Calyrex|0 fnt
|faint|p2a: Calyrex
|
|-weather|RainDance|[upkeep]
|upkeep
|
|t:|1648127408
|switch|p2a: Kyogre|Kyogre|38/100
|turn|59
|
|t:|1648127416
|move|p2a: Kyogre|Scald|p1a: Ho-Oh
|-supereffective|p1a: Ho-Oh
|-damage|p1a: Ho-Oh|0 fnt
|faint|p1a: Ho-Oh
|
|win|erikus
|raw|Okane Kitsune's rating: 1302 &rarr; <strong>1291</strong><br />(-11 for losing)
|raw|erikus's rating: 1481 &rarr; <strong>1492</strong><br />(+11 for winning)
|l|☆Okane Kitsune
||Ladder isn't responding, score probably updated but might not have (Request timeout).
