|j|☆NINJA_APELAOMKK
|j|☆Skyward78
|t:|1667219164
|gametype|singles
|player|p1|NINJA_APELAOMKK|265|1301
|player|p2|Skyward78|gambler|1406
|teamsize|p1|6
|teamsize|p2|6
|gen|8
|tier|[Gen 8] Ubers
|rated|
|rule|Sleep Clause Mod: Limit one foe put to sleep
|rule|Species Clause: Limit one of each Pokémon
|rule|OHKO Clause: OHKO moves are banned
|rule|Evasion Items Clause: Evasion items are banned
|rule|Evasion Moves Clause: Evasion moves are banned
|rule|Endless Battle Clause: Forcing endless battles is banned
|rule|HP Percentage Mod: HP is shown in percentages
|rule|Dynamax Clause: You cannot dynamax
|clearpoke
|poke|p1|Zamazenta-*|
|poke|p1|Groudon|
|poke|p1|Lugia|
|poke|p1|Calyrex-Shadow|
|poke|p1|Darmanitan-Galar, F|
|poke|p1|Cinderace, F|
|poke|p2|Calyrex-Shadow|
|poke|p2|Eternatus|
|poke|p2|Yveltal|
|poke|p2|Necrozma-Dusk-Mane|
|poke|p2|Ditto|
|poke|p2|Zekrom|
|teampreview
|inactive|Battle timer is ON: inactive players will automatically lose when time's up. (requested by Skyward78)
|c|☆Skyward78|glhf
|
|t:|1667219179
|start
|switch|p1a: Darmanitan|Darmanitan-Galar, F|100/100
|switch|p2a: Yveltal|Yveltal|100/100
|-ability|p2a: Yveltal|Dark Aura
|turn|1
|
|t:|1667219190
|switch|p2a: Necrozma|Necrozma-Dusk-Mane|100/100
|move|p1a: Darmanitan|Icicle Crash|p2a: Necrozma
|-resisted|p2a: Necrozma
|-damage|p2a: Necrozma|82/100
|
|upkeep
|turn|2
|
|t:|1667219198
|switch|p1a: Cinderace|Cinderace, F|100/100
|move|p2a: Necrozma|Stealth Rock|p1a: Cinderace
|-sidestart|p1: NINJA_APELAOMKK|move: Stealth Rock
|
|upkeep
|turn|3
|
|t:|1667219202
|switch|p2a: Yveltal|Yveltal|100/100
|-ability|p2a: Yveltal|Dark Aura
|move|p1a: Cinderace|U-turn|p2a: Yveltal
|-start|p1a: Cinderace|typechange|Bug|[from] ability: Libero
|-crit|p2a: Yveltal
|-damage|p2a: Yveltal|26/100
|
|t:|1667219214
|switch|p1a: Calyrex|Calyrex-Shadow|100/100|[from]move: U-turn
|-ability|p1a: Calyrex|As One
|-ability|p1a: Calyrex|Unnerve
|-damage|p1a: Calyrex|88/100|[from] Stealth Rock
|
|upkeep
|turn|4
|
|t:|1667219222
|move|p1a: Calyrex|Astral Barrage|p2a: Yveltal
|-resisted|p2a: Yveltal
|-damage|p2a: Yveltal|0 fnt
|faint|p2a: Yveltal
|-ability|p1a: Calyrex|Grim Neigh|boost
|-boost|p1a: Calyrex|spa|1
|
|upkeep
|
|t:|1667219225
|switch|p2a: Ditto|Ditto|100/100
|-transform|p2a: Ditto|p1a: Calyrex|[from] ability: Imposter
|turn|5
|c|☆Skyward78|I respect the one move lol
|
|t:|1667219246
|move|p2a: Ditto|Astral Barrage|p1a: Calyrex
|-supereffective|p1a: Calyrex
|-damage|p1a: Calyrex|0 fnt
|faint|p1a: Calyrex
|-ability|p2a: Ditto|Grim Neigh|boost
|-boost|p2a: Ditto|spa|1
|
|upkeep
|
|t:|1667219256
|switch|p1a: Cinderace|Cinderace, F|100/100
|-damage|p1a: Cinderace|76/100|[from] Stealth Rock
|turn|6
|
|t:|1667219263
|switch|p2a: Necrozma|Necrozma-Dusk-Mane|82/100
|move|p1a: Cinderace|Sucker Punch||[still]
|-fail|p1a: Cinderace
|
|upkeep
|turn|7
|
|t:|1667219282
|switch|p1a: Groudon|Groudon|100/100
|-damage|p1a: Groudon|94/100|[from] Stealth Rock
|-weather|SunnyDay|[from] ability: Drought|[of] p1a: Groudon
|move|p2a: Necrozma|Sunsteel Strike|p1a: Groudon
|-damage|p1a: Groudon|58/100
|-damage|p2a: Necrozma|65/100|[from] item: Rocky Helmet|[of] p1a: Groudon
|
|-weather|SunnyDay|[upkeep]
|upkeep
|turn|8
|inactive|Skyward78 has 120 seconds left.
|inactive|Skyward78 has 90 seconds left.
|
|t:|1667219344
|move|p1a: Groudon|Precipice Blades|p2a: Necrozma
|-supereffective|p2a: Necrozma
|-damage|p2a: Necrozma|3/100
|move|p2a: Necrozma|Heat Wave|p1a: Groudon
|-damage|p1a: Groudon|24/100
|
|-weather|SunnyDay|[upkeep]
|upkeep
|turn|9
|inactive|Skyward78 has 90 seconds left.
|
|t:|1667219354
|move|p1a: Groudon|Fire Punch|p2a: Necrozma
|-supereffective|p2a: Necrozma
|-damage|p2a: Necrozma|0 fnt
|-damage|p1a: Groudon|8/100|[from] item: Rocky Helmet|[of] p2a: Necrozma
|faint|p2a: Necrozma
|
|-weather|SunnyDay|[upkeep]
|upkeep
|inactive|Skyward78 has 90 seconds left.
|
|t:|1667219359
|switch|p2a: Calyrex|Calyrex-Shadow|100/100
|-ability|p2a: Calyrex|As One
|-ability|p2a: Calyrex|Unnerve
|turn|10
|
|t:|1667219388
|switch|p1a: Zamazenta|Zamazenta-Crowned|100/100
|-damage|p1a: Zamazenta|97/100|[from] Stealth Rock
|-ability|p1a: Zamazenta|Dauntless Shield|boost
|-boost|p1a: Zamazenta|def|1
|move|p2a: Calyrex|Astral Barrage|p1a: Zamazenta
|-damage|p1a: Zamazenta|39/100
|
|-weather|SunnyDay|[upkeep]
|upkeep
|turn|11
|
|t:|1667219396
|move|p2a: Calyrex|Astral Barrage|p1a: Zamazenta
|-damage|p1a: Zamazenta|0 fnt
|faint|p1a: Zamazenta
|-ability|p2a: Calyrex|Grim Neigh|boost
|-boost|p2a: Calyrex|spa|1
|
|-weather|none
|upkeep
|
|t:|1667219400
|switch|p1a: Cinderace|Cinderace, F|76/100
|-damage|p1a: Cinderace|51/100|[from] Stealth Rock
|turn|12
|
|t:|1667219410
|switch|p2a: Eternatus|Eternatus|100/100
|-ability|p2a: Eternatus|Pressure
|move|p1a: Cinderace|Sucker Punch||[still]
|-fail|p1a: Cinderace
|
|upkeep
|turn|13
|
|t:|1667219417
|switch|p1a: Lugia|Lugia|100/100
|-damage|p1a: Lugia|76/100|[from] Stealth Rock
|move|p2a: Eternatus|Cosmic Power|p2a: Eternatus
|-boost|p2a: Eternatus|def|1
|-boost|p2a: Eternatus|spd|1
|
|-heal|p1a: Lugia|82/100|[from] item: Leftovers
|upkeep
|turn|14
|
|t:|1667219420
|move|p2a: Eternatus|Meteor Beam||[still]
|-prepare|p2a: Eternatus|Meteor Beam
|-boost|p2a: Eternatus|spa|1
|-enditem|p2a: Eternatus|Power Herb
|-anim|p2a: Eternatus|Meteor Beam|p1a: Lugia
|-supereffective|p1a: Lugia
|-damage|p1a: Lugia|10/100
|move|p1a: Lugia|Defog|p2a: Eternatus
|-unboost|p2a: Eternatus|evasion|1
|-sideend|p1: NINJA_APELAOMKK|Stealth Rock|[from] move: Defog|[of] p1a: Lugia
|
|-heal|p1a: Lugia|16/100|[from] item: Leftovers
|upkeep
|turn|15
|
|t:|1667219427
|move|p2a: Eternatus|Cosmic Power|p2a: Eternatus
|-boost|p2a: Eternatus|def|1
|-boost|p2a: Eternatus|spd|1
|move|p1a: Lugia|Extrasensory|p2a: Eternatus
|-supereffective|p2a: Eternatus
|-damage|p2a: Eternatus|81/100
|
|-heal|p1a: Lugia|22/100|[from] item: Leftovers
|upkeep
|turn|16
|
|t:|1667219432
|move|p2a: Eternatus|Cosmic Power|p2a: Eternatus
|-boost|p2a: Eternatus|def|1
|-boost|p2a: Eternatus|spd|1
|move|p1a: Lugia|Extrasensory|p2a: Eternatus
|-supereffective|p2a: Eternatus
|-damage|p2a: Eternatus|64/100
|
|-heal|p1a: Lugia|29/100|[from] item: Leftovers
|upkeep
|turn|17
|
|t:|1667219435
|move|p2a: Eternatus|Cosmic Power|p2a: Eternatus
|-boost|p2a: Eternatus|def|1
|-boost|p2a: Eternatus|spd|1
|move|p1a: Lugia|Extrasensory|p2a: Eternatus
|-supereffective|p2a: Eternatus
|-damage|p2a: Eternatus|50/100
|
|-heal|p1a: Lugia|35/100|[from] item: Leftovers
|upkeep
|turn|18
|
|t:|1667219437
|move|p2a: Eternatus|Recover|p2a: Eternatus
|-heal|p2a: Eternatus|99/100
|move|p1a: Lugia|Extrasensory|p2a: Eternatus
|-supereffective|p2a: Eternatus
|-damage|p2a: Eternatus|86/100
|
|-heal|p1a: Lugia|41/100|[from] item: Leftovers
|upkeep
|turn|19
|
|t:|1667219443
|move|p2a: Eternatus|Cosmic Power|p2a: Eternatus
|-boost|p2a: Eternatus|def|1
|-boost|p2a: Eternatus|spd|1
|move|p1a: Lugia|Aeroblast|p2a: Eternatus
|-damage|p2a: Eternatus|79/100
|
|-heal|p1a: Lugia|47/100|[from] item: Leftovers
|upkeep
|turn|20
|
|t:|1667219445
|move|p2a: Eternatus|Cosmic Power|p2a: Eternatus
|-boost|p2a: Eternatus|def|1
|-boost|p2a: Eternatus|spd|1
|move|p1a: Lugia|Extrasensory|p2a: Eternatus
|-supereffective|p2a: Eternatus
|-damage|p2a: Eternatus|70/100
|
|-heal|p1a: Lugia|53/100|[from] item: Leftovers
|upkeep
|turn|21
|
|t:|1667219448
|move|p2a: Eternatus|Recover|p2a: Eternatus
|-heal|p2a: Eternatus|100/100
|move|p1a: Lugia|Extrasensory|p2a: Eternatus
|-supereffective|p2a: Eternatus
|-damage|p2a: Eternatus|90/100
|
|-heal|p1a: Lugia|60/100|[from] item: Leftovers
|upkeep
|turn|22
|
|t:|1667219452
|move|p2a: Eternatus|Meteor Beam||[still]
|-prepare|p2a: Eternatus|Meteor Beam
|-boost|p2a: Eternatus|spa|1
|move|p1a: Lugia|Extrasensory|p2a: Eternatus
|-supereffective|p2a: Eternatus
|-damage|p2a: Eternatus|81/100
|
|-heal|p1a: Lugia|66/100|[from] item: Leftovers
|upkeep
|turn|23
|
|t:|1667219461
|move|p2a: Eternatus|Meteor Beam|p1a: Lugia|[from]lockedmove
|-supereffective|p1a: Lugia
|-damage|p1a: Lugia|0 fnt
|faint|p1a: Lugia
|
|upkeep
|
|t:|1667219467
|switch|p1a: Darmanitan|Darmanitan-Galar, F|100/100
|turn|24
|
|t:|1667219472
|move|p1a: Darmanitan|Icicle Crash|p2a: Eternatus
|-supereffective|p2a: Eternatus
|-damage|p2a: Eternatus|52/100
|move|p2a: Eternatus|Dragon Pulse|p1a: Darmanitan
|-damage|p1a: Darmanitan|0 fnt
|faint|p1a: Darmanitan
|
|upkeep
|
|t:|1667219478
|switch|p1a: Groudon|Groudon|8/100
|-weather|SunnyDay|[from] ability: Drought|[of] p1a: Groudon
|turn|25
|
|t:|1667219483
|move|p2a: Eternatus|Dragon Pulse|p1a: Groudon
|-damage|p1a: Groudon|0 fnt
|faint|p1a: Groudon
|
|-weather|SunnyDay|[upkeep]
|upkeep
|
|t:|1667219487
|switch|p1a: Cinderace|Cinderace, F|51/100
|turn|26
|
|t:|1667219492
|move|p1a: Cinderace|Sucker Punch|p2a: Eternatus
|-start|p1a: Cinderace|typechange|Dark|[from] ability: Libero
|-damage|p2a: Eternatus|42/100
|move|p2a: Eternatus|Dragon Pulse|p1a: Cinderace
|-damage|p1a: Cinderace|0 fnt
|faint|p1a: Cinderace
|
|win|Skyward78
|raw|NINJA_APELAOMKK's rating: 1301 &rarr; <strong>1287</strong><br />(-14 for losing)
|raw|Skyward78's rating: 1406 &rarr; <strong>1420</strong><br />(+14 for winning)
|c|☆Skyward78|gg
|l|☆NINJA_APELAOMKK
