|html|<div class="broadcast-blue"><strong>[Gen 8] Ubers is currently suspecting Shadow Tag! For information on how to participate check out the <a href="https://www.smogon.com/forums/threads/np-ss-ubers-stage-6-tag-youre-it.3679546/">suspect thread</a>.</strong></div>
|j|☆droppinfatterbeets
|j|☆treemonkeya
|t:|1616102878
|player|p1|droppinfatterbeets|266|1377
|player|p2|treemonkeya|169|1254
|teamsize|p1|6
|teamsize|p2|6
|gametype|singles
|gen|8
|tier|[Gen 8] Ubers
|rated|
|clearpoke
|poke|p1|Calyrex-Shadow|
|poke|p1|Necrozma-Dusk-Mane|
|poke|p1|Xerneas|
|poke|p1|Kyogre|
|poke|p1|Groudon|
|poke|p1|Yveltal|
|poke|p2|Yveltal|
|poke|p2|Necrozma-Dusk-Mane|
|poke|p2|Eternatus|
|poke|p2|Zacian|
|poke|p2|Ho-Oh|
|poke|p2|Calyrex-Shadow|
|rule|Sleep Clause Mod: Limit one foe put to sleep
|rule|Species Clause: Limit one of each Pokémon
|rule|OHKO Clause: OHKO moves are banned
|rule|Evasion Moves Clause: Evasion moves are banned
|rule|Endless Battle Clause: Forcing endless battles is banned
|rule|HP Percentage Mod: HP is shown in percentages
|rule|Dynamax Clause: You cannot dynamax
|teampreview
|
|t:|1616102889
|start
|switch|p1a: Xerneas|Xerneas, shiny|100/100
|switch|p2a: Necrozma|Necrozma-Dusk-Mane|100/100
|-ability|p1a: Xerneas|Fairy Aura
|turn|1
|
|t:|1616102900
|move|p1a: Xerneas|Thunder Wave|p2a: Necrozma|[miss]
|-miss|p1a: Xerneas|p2a: Necrozma
|move|p2a: Necrozma|Sunsteel Strike|p1a: Xerneas
|-supereffective|p1a: Xerneas
|-damage|p1a: Xerneas|45/100
|
|upkeep
|turn|2
|
|t:|1616102909
|move|p1a: Xerneas|Thunder Wave|p2a: Necrozma
|-status|p2a: Necrozma|par
|move|p2a: Necrozma|Sunsteel Strike|p1a: Xerneas
|-supereffective|p1a: Xerneas
|-crit|p1a: Xerneas
|-damage|p1a: Xerneas|0 fnt
|faint|p1a: Xerneas
|
|upkeep
|
|t:|1616102918
|switch|p1a: Necrozma|Necrozma-Dusk-Mane, shiny|100/100
|turn|3
|
|t:|1616102924
|move|p1a: Necrozma|Dragon Dance|p1a: Necrozma
|-boost|p1a: Necrozma|atk|1
|-boost|p1a: Necrozma|spe|1
|move|p2a: Necrozma|Thunder Wave|p1a: Necrozma
|-status|p1a: Necrozma|par
|
|upkeep
|turn|4
|
|t:|1616102929
|switch|p2a: Ho-Oh|Ho-Oh|100/100
|move|p1a: Necrozma|Dragon Dance|p1a: Necrozma
|-boost|p1a: Necrozma|atk|1
|-boost|p1a: Necrozma|spe|1
|
|upkeep
|turn|5
|
|t:|1616102936
|move|p1a: Necrozma|Stone Edge|p2a: Ho-Oh
|-supereffective|p2a: Ho-Oh
|-damage|p2a: Ho-Oh|0 fnt
|faint|p2a: Ho-Oh
|
|upkeep
|
|t:|1616102945
|switch|p2a: Calyrex|Calyrex-Shadow|100/100
|-ability|p2a: Calyrex|As One
|-ability|p2a: Calyrex|Unnerve|p1: droppinfatterbeets
|turn|6
|
|t:|1616102952
|switch|p1a: Yveltal|Yveltal, shiny|100/100
|-ability|p1a: Yveltal|Dark Aura
|move|p2a: Calyrex|Astral Barrage|p1a: Yveltal
|-resisted|p1a: Yveltal
|-damage|p1a: Yveltal|51/100
|
|upkeep
|turn|7
|
|t:|1616102961
|move|p2a: Calyrex|Astral Barrage|p1a: Yveltal
|-resisted|p1a: Yveltal
|-damage|p1a: Yveltal|0 fnt
|faint|p1a: Yveltal
|-ability|p2a: Calyrex|Grim Neigh|boost
|-boost|p2a: Calyrex|spa|1
|
|upkeep
|
|t:|1616102969
|switch|p1a: Calyrex|Calyrex-Shadow|100/100
|-ability|p1a: Calyrex|As One
|-ability|p1a: Calyrex|Unnerve|p2: treemonkeya
|turn|8
|
|t:|1616102979
|switch|p2a: Yveltal|Yveltal|100/100
|-ability|p2a: Yveltal|Dark Aura
|move|p1a: Calyrex|Astral Barrage|p2a: Yveltal
|-resisted|p2a: Yveltal
|-damage|p2a: Yveltal|76/100
|
|upkeep
|turn|9
|inactive|Battle timer is ON: inactive players will automatically lose when time's up. (requested by droppinfatterbeets)
|
|t:|1616102991
|switch|p1a: Necrozma|Necrozma-Dusk-Mane, shiny|100/100 par
|move|p2a: Yveltal|Knock Off|p1a: Necrozma
|-supereffective|p1a: Necrozma
|-damage|p1a: Necrozma|36/100 par
|-enditem|p1a: Necrozma|Leftovers|[from] move: Knock Off|[of] p2a: Yveltal
|
|upkeep
|turn|10
|
|t:|1616103003
|move|p2a: Yveltal|Knock Off|p1a: Necrozma
|-supereffective|p1a: Necrozma
|-damage|p1a: Necrozma|0 fnt
|faint|p1a: Necrozma
|
|upkeep
|
|t:|1616103009
|switch|p1a: Groudon|Groudon, shiny|100/100
|-weather|SunnyDay|[from] ability: Drought|[of] p1a: Groudon
|turn|11
|
|t:|1616103020
|move|p2a: Yveltal|Knock Off|p1a: Groudon
|-damage|p1a: Groudon|62/100
|-enditem|p1a: Groudon|Lum Berry|[from] move: Knock Off|[of] p2a: Yveltal
|move|p1a: Groudon|Rock Polish|p1a: Groudon
|-boost|p1a: Groudon|spe|2
|
|-weather|SunnyDay|[upkeep]
|upkeep
|turn|12
|
|t:|1616103035
|move|p1a: Groudon|Swords Dance|p1a: Groudon
|-boost|p1a: Groudon|atk|2
|move|p2a: Yveltal|Knock Off|p1a: Groudon
|-damage|p1a: Groudon|35/100
|
|-weather|SunnyDay|[upkeep]
|upkeep
|turn|13
|
|t:|1616103043
|move|p2a: Yveltal|Sucker Punch|p1a: Groudon
|-damage|p1a: Groudon|8/100
|move|p1a: Groudon|Stone Edge|p2a: Yveltal
|-supereffective|p2a: Yveltal
|-crit|p2a: Yveltal
|-damage|p2a: Yveltal|0 fnt
|faint|p2a: Yveltal
|
|-weather|SunnyDay|[upkeep]
|upkeep
|
|t:|1616103064
|switch|p2a: Zacian|Zacian|100/100
|-ability|p2a: Zacian|Intrepid Sword|boost
|-boost|p2a: Zacian|atk|1
|turn|14
|
|t:|1616103069
|move|p1a: Groudon|Precipice Blades|p2a: Zacian
|-damage|p2a: Zacian|0 fnt
|faint|p2a: Zacian
|
|-weather|SunnyDay|[upkeep]
|upkeep
|
|t:|1616103075
|switch|p2a: Necrozma|Necrozma-Dusk-Mane|100/100 par
|turn|15
|
|t:|1616103078
|move|p1a: Groudon|Precipice Blades|p2a: Necrozma
|-supereffective|p2a: Necrozma
|-damage|p2a: Necrozma|0 fnt
|faint|p2a: Necrozma
|
|-weather|none
|upkeep
|
|t:|1616103085
|switch|p2a: Eternatus|Eternatus|100/100
|-ability|p2a: Eternatus|Pressure
|turn|16
|
|t:|1616103088
|move|p1a: Groudon|Precipice Blades|p2a: Eternatus
|-supereffective|p2a: Eternatus
|-damage|p2a: Eternatus|0 fnt
|faint|p2a: Eternatus
|
|upkeep
|
|t:|1616103091
|switch|p2a: Calyrex|Calyrex-Shadow|100/100
|-ability|p2a: Calyrex|As One
|-ability|p2a: Calyrex|Unnerve|p1: droppinfatterbeets
|turn|17
|
|t:|1616103096
|move|p1a: Groudon|Precipice Blades|p2a: Calyrex
|-crit|p2a: Calyrex
|-damage|p2a: Calyrex|0 fnt
|faint|p2a: Calyrex
|
|win|droppinfatterbeets
|raw|droppinfatterbeets's rating: 1377 &rarr; <strong>1390</strong><br />(+13 for winning)
|raw|treemonkeya's rating: 1254 &rarr; <strong>1237</strong><br />(-17 for losing)
|l|☆treemonkeya
||Ladder isn't responding, score probably updated but might not have (Request timeout).
