|j|☆Jsjsjsjsjakoaoaoa
|j|‽moonlit waves
|t:|1665471898
|gametype|singles
|player|p1|Jsjsjsjsjakoaoaoa|bede|
|player|p2|moonlit waves|elesa-masters|
|teamsize|p1|6
|teamsize|p2|6
|gen|8
|tier|[Gen 8] Ubers
|rated|Tournament battle
|rule|Sleep Clause Mod: Limit one foe put to sleep
|rule|Species Clause: Limit one of each Pokémon
|rule|OHKO Clause: OHKO moves are banned
|rule|Evasion Items Clause: Evasion items are banned
|rule|Evasion Moves Clause: Evasion moves are banned
|rule|Endless Battle Clause: Forcing endless battles is banned
|rule|HP Percentage Mod: HP is shown in percentages
|rule|Dynamax Clause: You cannot dynamax
|clearpoke
|poke|p1|Zamazenta-*|
|poke|p1|Blissey, F|
|poke|p1|Xerneas-*|
|poke|p1|Tyranitar, M|
|poke|p1|Giratina|
|poke|p1|Marshadow|
|poke|p2|Shuckle, M|
|poke|p2|Marshadow|
|poke|p2|Weavile, M|
|poke|p2|Yveltal|
|poke|p2|Necrozma-Dusk-Mane|
|poke|p2|Eternatus|
|teampreview
|inactive|Battle timer is ON: inactive players will automatically lose when time's up. (requested by moonlit waves)
|inactive|Jsjsjsjsjakoaoaoa has 120 seconds left.
|inactive|Jsjsjsjsjakoaoaoa has 90 seconds left.
|
|t:|1665471962
|start
|switch|p1a: Joint|Marshadow|100/100
|switch|p2a: Marshadow|Marshadow|100/100
|turn|1
|
|t:|1665471972
|switch|p1a: I|Xerneas, shiny|100/100
|-ability|p1a: I|Fairy Aura
|switch|p2a: Shuckle|Shuckle, M|100/100
|
|upkeep
|turn|2
|
|t:|1665471980
|move|p1a: I|Moonblast|p2a: Shuckle
|-damage|p2a: Shuckle|67/100
|move|p2a: Shuckle|Stealth Rock|p1a: I
|-sidestart|p1: Jsjsjsjsjakoaoaoa|move: Stealth Rock
|
|upkeep
|turn|3
|
|t:|1665471996
|switch|p2a: Necrozma|Necrozma-Dusk-Mane|100/100
|move|p1a: I|Moonblast|p2a: Necrozma
|-resisted|p2a: Necrozma
|-damage|p2a: Necrozma|74/100
|-unboost|p2a: Necrozma|spa|1
|
|upkeep
|turn|4
|
|t:|1665472003
|switch|p2a: Yveltal|Yveltal|100/100
|-ability|p2a: Yveltal|Dark Aura
|switch|p1a: A|Giratina, shiny|100/100
|-damage|p1a: A|88/100|[from] Stealth Rock
|-ability|p1a: A|Pressure
|
|-heal|p1a: A|94/100|[from] item: Leftovers
|upkeep
|turn|5
|
|t:|1665472011
|switch|p1a: Rolled|Tyranitar, M|100/100
|-weather|Sandstorm|[from] ability: Sand Stream|[of] p1a: Rolled
|move|p2a: Yveltal|Taunt|p1a: Rolled
|-start|p1a: Rolled|move: Taunt
|
|-weather|Sandstorm|[upkeep]
|-damage|p2a: Yveltal|94/100|[from] Sandstorm
|upkeep
|turn|6
|
|t:|1665472019
|switch|p2a: Marshadow|Marshadow|100/100
|move|p1a: Rolled|Crunch|p2a: Marshadow
|-damage|p2a: Marshadow|53/100
|
|-weather|Sandstorm|[upkeep]
|-damage|p2a: Marshadow|46/100|[from] Sandstorm
|upkeep
|turn|7
|
|t:|1665472023
|switch|p1a: I|Xerneas, shiny|100/100
|-damage|p1a: I|88/100|[from] Stealth Rock
|-ability|p1a: I|Fairy Aura
|move|p2a: Marshadow|Bulk Up|p2a: Marshadow
|-boost|p2a: Marshadow|atk|1
|-boost|p2a: Marshadow|def|1
|
|-weather|Sandstorm|[upkeep]
|-damage|p2a: Marshadow|40/100|[from] Sandstorm
|-damage|p1a: I|82/100|[from] Sandstorm
|-heal|p1a: I|88/100|[from] item: Leftovers
|upkeep
|turn|8
|
|t:|1665472026
|move|p2a: Marshadow|Spectral Thief|p1a: I
|-damage|p1a: I|38/100
|-damage|p2a: Marshadow|30/100|[from] item: Life Orb
|move|p1a: I|Moonblast|p2a: Marshadow
|-supereffective|p2a: Marshadow
|-damage|p2a: Marshadow|0 fnt
|faint|p2a: Marshadow
|
|-weather|Sandstorm|[upkeep]
|-damage|p1a: I|32/100|[from] Sandstorm
|-heal|p1a: I|38/100|[from] item: Leftovers
|upkeep
|
|t:|1665472032
|switch|p2a: Eternatus|Eternatus|100/100
|-ability|p2a: Eternatus|Pressure
|turn|9
|
|t:|1665472037
|switch|p2a: Yveltal|Yveltal|94/100
|-ability|p2a: Yveltal|Dark Aura
|switch|p1a: Jessica|Blissey, F, shiny|100/100
|-damage|p1a: Jessica|88/100|[from] Stealth Rock
|
|-weather|none
|upkeep
|turn|10
|
|t:|1665472043
|switch|p1a: Rolled|Tyranitar, M|100/100
|-weather|Sandstorm|[from] ability: Sand Stream|[of] p1a: Rolled
|move|p2a: Yveltal|Knock Off|p1a: Rolled
|-resisted|p1a: Rolled
|-damage|p1a: Rolled|65/100
|-enditem|p1a: Rolled|Heavy-Duty Boots|[from] move: Knock Off|[of] p2a: Yveltal
|-damage|p2a: Yveltal|84/100|[from] item: Life Orb
|
|-weather|Sandstorm|[upkeep]
|-damage|p2a: Yveltal|78/100|[from] Sandstorm
|upkeep
|turn|11
|
|t:|1665472049
|move|p2a: Yveltal|Taunt|p1a: Rolled
|-start|p1a: Rolled|move: Taunt
|move|p1a: Rolled|Rock Blast|p2a: Yveltal
|-supereffective|p2a: Yveltal
|-damage|p2a: Yveltal|55/100
|-supereffective|p2a: Yveltal
|-damage|p2a: Yveltal|34/100
|-supereffective|p2a: Yveltal
|-damage|p2a: Yveltal|12/100
|-hitcount|p2a: Yveltal|3
|
|-weather|Sandstorm|[upkeep]
|-damage|p2a: Yveltal|6/100|[from] Sandstorm
|upkeep
|turn|12
|
|t:|1665472058
|move|p2a: Yveltal|Oblivion Wing|p1a: Rolled
|-resisted|p1a: Rolled
|-damage|p1a: Rolled|55/100
|-heal|p2a: Yveltal|13/100|[from] drain|[of] p1a: Rolled
|-damage|p2a: Yveltal|3/100|[from] item: Life Orb
|move|p1a: Rolled|Crunch|p2a: Yveltal
|-resisted|p2a: Yveltal
|-damage|p2a: Yveltal|0 fnt
|faint|p2a: Yveltal
|
|-weather|Sandstorm|[upkeep]
|upkeep
|
|t:|1665472072
|switch|p2a: Necrozma|Necrozma-Dusk-Mane|74/100
|turn|13
|
|t:|1665472077
|move|p2a: Necrozma|Dragon Dance|p2a: Necrozma
|-boost|p2a: Necrozma|atk|1
|-boost|p2a: Necrozma|spe|1
|move|p1a: Rolled|Crunch|p2a: Necrozma
|-supereffective|p2a: Necrozma
|-damage|p2a: Necrozma|28/100
|-unboost|p2a: Necrozma|def|1
|
|-weather|Sandstorm|[upkeep]
|-end|p1a: Rolled|move: Taunt
|upkeep
|turn|14
|inactive|moonlit waves has 120 seconds left.
|
|t:|1665472114
|switch|p1a: A|Giratina, shiny|94/100
|-damage|p1a: A|82/100|[from] Stealth Rock
|-ability|p1a: A|Pressure
|move|p2a: Necrozma|Sunsteel Strike|p1a: A
|-damage|p1a: A|37/100
|
|-weather|none
|-heal|p1a: A|43/100|[from] item: Leftovers
|upkeep
|turn|15
|
|t:|1665472122
|move|p2a: Necrozma|Knock Off|p1a: A
|-supereffective|p1a: A
|-damage|p1a: A|0 fnt
|-enditem|p1a: A|Leftovers|[from] move: Knock Off|[of] p2a: Necrozma
|faint|p1a: A
|
|upkeep
|
|t:|1665472126
|switch|p1a: Joint|Marshadow|100/100
|-damage|p1a: Joint|94/100|[from] Stealth Rock
|turn|16
|
|t:|1665472129
|move|p1a: Joint|Shadow Sneak|p2a: Necrozma
|-supereffective|p2a: Necrozma
|-damage|p2a: Necrozma|0 fnt
|faint|p2a: Necrozma
|
|upkeep
|
|t:|1665472133
|switch|p2a: Eternatus|Eternatus|100/100
|-ability|p2a: Eternatus|Pressure
|turn|17
|
|t:|1665472136
|switch|p2a: Weavile|Weavile, M|100/100
|-ability|p2a: Weavile|Pressure
|switch|p1a: Jessica|Blissey, F, shiny|88/100
|-damage|p1a: Jessica|76/100|[from] Stealth Rock
|
|upkeep
|turn|18
|
|t:|1665472142
|switch|p2a: Eternatus|Eternatus|100/100
|-ability|p2a: Eternatus|Pressure
|switch|p1a: Hey|Zamazenta-Crowned|100/100
|-damage|p1a: Hey|97/100|[from] Stealth Rock
|-ability|p1a: Hey|Dauntless Shield|boost
|-boost|p1a: Hey|def|1
|
|upkeep
|turn|19
|
|t:|1665472152
|switch|p2a: Weavile|Weavile, M|100/100
|-ability|p2a: Weavile|Pressure
|switch|p1a: I|Xerneas, shiny|38/100
|-damage|p1a: I|26/100|[from] Stealth Rock
|-ability|p1a: I|Fairy Aura
|
|-heal|p1a: I|32/100|[from] item: Leftovers
|upkeep
|turn|20
|
|t:|1665472157
|move|p2a: Weavile|Triple Axel|p1a: I
|-damage|p1a: I|25/100
|-damage|p1a: I|11/100
|-damage|p1a: I|0 fnt
|faint|p1a: I
|-hitcount|p1: I|3
|
|upkeep
|
|t:|1665472164
|switch|p1a: Hey|Zamazenta-Crowned|97/100
|-damage|p1a: Hey|94/100|[from] Stealth Rock
|-ability|p1a: Hey|Dauntless Shield|boost
|-boost|p1a: Hey|def|1
|turn|21
|
|t:|1665472167
|switch|p2a: Eternatus|Eternatus|100/100
|-ability|p2a: Eternatus|Pressure
|move|p1a: Hey|Behemoth Bash|p2a: Eternatus
|-damage|p2a: Eternatus|63/100
|
|upkeep
|turn|22
|
|t:|1665472175
|switch|p1a: Rolled|Tyranitar, M|55/100
|-damage|p1a: Rolled|43/100|[from] Stealth Rock
|-weather|Sandstorm|[from] ability: Sand Stream|[of] p1a: Rolled
|move|p2a: Eternatus|Flamethrower|p1a: Rolled
|-resisted|p1a: Rolled
|-damage|p1a: Rolled|36/100
|
|-weather|Sandstorm|[upkeep]
|-damage|p2a: Eternatus|57/100|[from] Sandstorm
|upkeep
|turn|23
|
|t:|1665472185
|switch|p2a: Shuckle|Shuckle, M|67/100
|move|p1a: Rolled|Rest|p1a: Rolled
|-status|p1a: Rolled|slp|[from] move: Rest
|-heal|p1a: Rolled|100/100 slp|[silent]
|
|-weather|Sandstorm|[upkeep]
|upkeep
|turn|24
|
|t:|1665472197
|switch|p1a: Hey|Zamazenta-Crowned|94/100
|-damage|p1a: Hey|91/100|[from] Stealth Rock
|-ability|p1a: Hey|Dauntless Shield|boost
|-boost|p1a: Hey|def|1
|move|p2a: Shuckle|Final Gambit|p1a: Hey
|-damage|p1a: Hey|49/100
|faint|p2a: Shuckle
|
|-weather|Sandstorm|[upkeep]
|upkeep
|
|t:|1665472201
|switch|p2a: Eternatus|Eternatus|57/100
|-ability|p2a: Eternatus|Pressure
|turn|25
|
|t:|1665472209
|switch|p1a: Jessica|Blissey, F, shiny|76/100
|-damage|p1a: Jessica|63/100|[from] Stealth Rock
|move|p2a: Eternatus|Meteor Beam||[still]
|-prepare|p2a: Eternatus|Meteor Beam
|-boost|p2a: Eternatus|spa|1
|-enditem|p2a: Eternatus|Power Herb
|-anim|p2a: Eternatus|Meteor Beam|p1a: Jessica
|-damage|p1a: Jessica|44/100
|
|-weather|Sandstorm|[upkeep]
|-damage|p2a: Eternatus|50/100|[from] Sandstorm
|-damage|p1a: Jessica|37/100|[from] Sandstorm
|upkeep
|turn|26
|
|t:|1665472218
|switch|p2a: Weavile|Weavile, M|100/100
|-ability|p2a: Weavile|Pressure
|move|p1a: Jessica|Soft-Boiled|p1a: Jessica
|-heal|p1a: Jessica|87/100
|
|-weather|none
|upkeep
|turn|27
|
|t:|1665472221
|switch|p1a: Hey|Zamazenta-Crowned|49/100
|-damage|p1a: Hey|46/100|[from] Stealth Rock
|-ability|p1a: Hey|Dauntless Shield|boost
|-boost|p1a: Hey|def|1
|move|p2a: Weavile|Swords Dance|p2a: Weavile
|-boost|p2a: Weavile|atk|2
|
|upkeep
|turn|28
|
|t:|1665472229
|move|p2a: Weavile|Triple Axel|p1a: Hey
|-resisted|p1a: Hey
|-damage|p1a: Hey|42/100
|-resisted|p1a: Hey
|-damage|p1a: Hey|32/100
|-resisted|p1a: Hey
|-damage|p1a: Hey|19/100
|-hitcount|p1a: Hey|3
|move|p1a: Hey|Behemoth Bash|p2a: Weavile
|-supereffective|p2a: Weavile
|-damage|p2a: Weavile|0 fnt
|faint|p2a: Weavile
|
|upkeep
|c|☆Jsjsjsjsjakoaoaoa|Gg
|-message|moonlit waves forfeited.
|
|win|Jsjsjsjsjakoaoaoa
|n|☆Jsjsjsjsjakoaoaoa|jsjsjsjsjakoaoaoa
|n|‽moonlit waves|moonlitwaves
|l|‽moonlit waves
