|j|☆Reegychodon_64
|j|☆Na-K-ATPase
|t:|1600605758
|player|p1|Reegychodon_64|lucas|
|player|p2|Na-K-ATPase|lance|
|teamsize|p1|6
|teamsize|p2|6
|gametype|singles
|gen|8
|tier|[Gen 8] Ubers
|rated|Tournament battle
|clearpoke
|poke|p1|Diggersby, F|
|poke|p1|Necrozma-Dawn-Wings|
|poke|p1|Zekrom|
|poke|p1|Eternatus|
|poke|p1|Mandibuzz, F|
|poke|p1|Quagsire, F|
|poke|p2|Grimmsnarl, M|
|poke|p2|Eternatus|
|poke|p2|Darmanitan-Galar, F|
|poke|p2|Dugtrio, M|
|poke|p2|Necrozma-Dusk-Mane|
|poke|p2|Mewtwo|
|rule|Sleep Clause Mod: Limit one foe put to sleep
|rule|Species Clause: Limit one of each Pokémon
|rule|OHKO Clause: OHKO moves are banned
|rule|Evasion Moves Clause: Evasion moves are banned
|rule|Endless Battle Clause: Forcing endless battles is banned
|rule|HP Percentage Mod: HP is shown in percentages
|html|Ubers Dynamax Clause: Pokémon on the <a href="https://www.smogon.com/dex/ss/formats/uber/">Ubers Dynamax Banlist</a> cannot Dynamax.
|teampreview
|j| TobyDoxx
|c|☆Reegychodon_64|Hf
|
|t:|1600605779
|start
|switch|p1a: Quagsire|Quagsire, F|100/100
|switch|p2a: Grimmsnarl|Grimmsnarl, M|100/100
|turn|1
|
|t:|1600605787
|-start|p2a: Grimmsnarl|Dynamax
|-formechange|p2a: Grimmsnarl|Grimmsnarl-Gmax
|-heal|p2a: Grimmsnarl|100/100|[silent]
|move|p2a: Grimmsnarl|Max Starfall|p1a: Quagsire
|-damage|p1a: Quagsire|25/100
|-fieldstart|move: Misty Terrain
|move|p1a: Quagsire|Scald|p2a: Grimmsnarl
|-damage|p2a: Grimmsnarl|90/100
|
|-heal|p1a: Quagsire|31/100|[from] item: Leftovers
|upkeep
|turn|2
|
|t:|1600605804
|move|p2a: Grimmsnarl|Max Starfall|p1a: Quagsire
|-damage|p1a: Quagsire|0 fnt
|faint|p1a: Quagsire
|
|upkeep
|inactive|Battle timer is ON: inactive players will automatically lose when time's up. (requested by Na-K-ATPase)
|
|t:|1600605833
|switch|p1a: Zekrom|Zekrom|100/100
|-ability|p1a: Zekrom|Teravolt
|turn|3
|
|t:|1600605835
|move|p1a: Zekrom|Substitute|p1a: Zekrom
|-start|p1a: Zekrom|Substitute
|-damage|p1a: Zekrom|76/100
|move|p2a: Grimmsnarl|Max Starfall|p1a: Zekrom
|-supereffective|p1a: Zekrom
|-crit|p1a: Zekrom
|-end|p1a: Zekrom|Substitute
|
|-heal|p1a: Zekrom|82/100|[from] item: Leftovers
|-end|p2a: Grimmsnarl|Dynamax
|-formechange|p2a: Grimmsnarl|Grimmsnarl
|-heal|p2a: Grimmsnarl|91/100|[silent]
|upkeep
|turn|4
|
|t:|1600605840
|move|p2a: Grimmsnarl|Taunt|p1a: Zekrom
|-start|p1a: Zekrom|move: Taunt
|cant|p1a: Zekrom|move: Taunt|Substitute
|
|-heal|p1a: Zekrom|88/100|[from] item: Leftovers
|upkeep
|turn|5
|
|t:|1600605848
|move|p2a: Grimmsnarl|Reflect|p2a: Grimmsnarl
|-sidestart|p2: Na-K-ATPase|Reflect
|move|p1a: Zekrom|Dragon Claw|p2a: Grimmsnarl
|-immune|p2a: Grimmsnarl
|
|-heal|p1a: Zekrom|94/100|[from] item: Leftovers
|-fieldend|Misty Terrain
|upkeep
|turn|6
|
|t:|1600605852
|move|p1a: Zekrom|Bolt Strike|p2a: Grimmsnarl
|-damage|p2a: Grimmsnarl|48/100
|move|p2a: Grimmsnarl|Dazzling Gleam|p1a: Zekrom
|-supereffective|p1a: Zekrom
|-damage|p1a: Zekrom|22/100
|
|-heal|p1a: Zekrom|28/100|[from] item: Leftovers
|-end|p1a: Zekrom|move: Taunt
|upkeep
|turn|7
|
|t:|1600605860
|move|p2a: Grimmsnarl|Light Screen|p2a: Grimmsnarl
|-sidestart|p2: Na-K-ATPase|move: Light Screen
|move|p1a: Zekrom|Bolt Strike|p2a: Grimmsnarl
|-damage|p2a: Grimmsnarl|3/100
|-status|p2a: Grimmsnarl|par
|
|-heal|p1a: Zekrom|34/100|[from] item: Leftovers
|upkeep
|turn|8
|
|t:|1600605868
|move|p2a: Grimmsnarl|Taunt|p1a: Zekrom
|-start|p1a: Zekrom|move: Taunt
|move|p1a: Zekrom|Bolt Strike|p2a: Grimmsnarl
|-damage|p2a: Grimmsnarl|0 fnt
|faint|p2a: Grimmsnarl
|
|-heal|p1a: Zekrom|40/100|[from] item: Leftovers
|upkeep
|j| Reduyan
|
|t:|1600605870
|switch|p2a: Dugtrio|Dugtrio, M|100/100
|turn|9
|
|t:|1600605881
|move|p2a: Dugtrio|Earthquake|p1a: Zekrom
|-supereffective|p1a: Zekrom
|-damage|p1a: Zekrom|0 fnt
|faint|p1a: Zekrom
|
|upkeep
|
|t:|1600605887
|switch|p1a: Mandibuzz|Mandibuzz, F|100/100
|turn|10
|
|t:|1600605892
|move|p2a: Dugtrio|Rock Tomb|p1a: Mandibuzz
|-supereffective|p1a: Mandibuzz
|-damage|p1a: Mandibuzz|72/100
|-unboost|p1a: Mandibuzz|spe|1
|move|p1a: Mandibuzz|U-turn|p2a: Dugtrio
|-damage|p2a: Dugtrio|84/100
|
|t:|1600605902
|switch|p1a: Necrozma|Necrozma-Dawn-Wings|100/100|[from]move: U-turn
|
|upkeep
|turn|11
|
|t:|1600605907
|switch|p1a: Mandibuzz|Mandibuzz, F|72/100
|move|p2a: Dugtrio|Stealth Rock|p1a: Mandibuzz
|-sidestart|p1: Reegychodon_64|move: Stealth Rock
|
|upkeep
|turn|12
|
|t:|1600605909
|move|p2a: Dugtrio|Memento|p1a: Mandibuzz
|-unboost|p1a: Mandibuzz|atk|2
|-unboost|p1a: Mandibuzz|spa|2
|faint|p2a: Dugtrio
|move|p1a: Mandibuzz|Defog|p2: Dugtrio|[notarget]
|-fail|p1a: Mandibuzz
|
|-sideend|p2: Na-K-ATPase|Reflect
|upkeep
|
|t:|1600605914
|switch|p2a: Darmanitan|Darmanitan-Galar, F|100/100
|turn|13
|
|t:|1600605931
|move|p2a: Darmanitan|Icicle Crash|p1a: Mandibuzz
|-supereffective|p1a: Mandibuzz
|-damage|p1a: Mandibuzz|0 fnt
|faint|p1a: Mandibuzz
|
|upkeep
|
|t:|1600605937
|switch|p1a: Necrozma|Necrozma-Dawn-Wings|100/100
|-damage|p1a: Necrozma|88/100|[from] Stealth Rock
|turn|14
|
|t:|1600605941
|move|p2a: Darmanitan|Icicle Crash|p1a: Necrozma
|-damage|p1a: Necrozma|26/100
|move|p1a: Necrozma|Photon Geyser|p2a: Darmanitan
|-damage|p2a: Darmanitan|46/100
|
|-heal|p1a: Necrozma|33/100|[from] item: Leftovers
|-sideend|p2: Na-K-ATPase|move: Light Screen
|upkeep
|turn|15
|
|t:|1600605944
|move|p2a: Darmanitan|Icicle Crash|p1a: Necrozma
|-damage|p1a: Necrozma|0 fnt
|faint|p1a: Necrozma
|
|upkeep
|
|t:|1600605946
|switch|p1a: Diggersby|Diggersby, F|100/100
|-damage|p1a: Diggersby|94/100|[from] Stealth Rock
|turn|16
|
|t:|1600605948
|-start|p1a: Diggersby|Dynamax
|-heal|p1a: Diggersby|94/100|[silent]
|move|p2a: Darmanitan|Icicle Crash|p1a: Diggersby
|-supereffective|p1a: Diggersby
|-damage|p1a: Diggersby|0 fnt
|faint|p1a: Diggersby
|
|upkeep
|-message|Reegychodon_64 forfeited.
|
|win|Na-K-ATPase
