|j|☆Donkeyslap
|j|☆Mrdarkcyber
|t:|1635283674
|gametype|singles
|player|p1|Donkeyslap|fantina|1270
|player|p2|Mrdarkcyber|102|1423
|teamsize|p1|6
|teamsize|p2|6
|gen|8
|tier|[Gen 8] Ubers
|rated|
|rule|Sleep Clause Mod: Limit one foe put to sleep
|rule|Species Clause: Limit one of each Pokémon
|rule|OHKO Clause: OHKO moves are banned
|rule|Evasion Moves Clause: Evasion moves are banned
|rule|Endless Battle Clause: Forcing endless battles is banned
|rule|HP Percentage Mod: HP is shown in percentages
|rule|Dynamax Clause: You cannot dynamax
|clearpoke
|poke|p1|Sandaconda, F|
|poke|p1|Grimmsnarl, M|
|poke|p1|Excadrill, M|
|poke|p1|Dragapult, F|
|poke|p1|Cloyster, F|
|poke|p1|Garchomp, M|
|poke|p2|Tyranitar, M|
|poke|p2|Excadrill, F|
|poke|p2|Ho-Oh|
|poke|p2|Xerneas-*|
|poke|p2|Yveltal|
|poke|p2|Necrozma-Dusk-Mane|
|teampreview
|inactive|Battle timer is ON: inactive players will automatically lose when time's up. (requested by Mrdarkcyber)
|
|t:|1635283680
|start
|switch|p1a: Sandaconda|Sandaconda, F|100/100
|switch|p2a: Ho-Oh|Ho-Oh|100/100
|-ability|p2a: Ho-Oh|Pressure
|turn|1
|
|t:|1635283687
|move|p2a: Ho-Oh|Sacred Fire|p1a: Sandaconda
|-damage|p1a: Sandaconda|41/100
|-status|p1a: Sandaconda|brn
|-weather|Sandstorm|[from] ability: Sand Spit|[of] p1a: Sandaconda
|move|p1a: Sandaconda|Glare|p2a: Ho-Oh
|-status|p2a: Ho-Oh|par
|
|-weather|Sandstorm|[upkeep]
|-damage|p2a: Ho-Oh|94/100 par|[from] Sandstorm
|-damage|p1a: Sandaconda|35/100 brn|[from] brn
|upkeep
|turn|2
|
|t:|1635283700
|switch|p2a: Xerneas|Xerneas|100/100
|-ability|p2a: Xerneas|Fairy Aura
|move|p1a: Sandaconda|Stealth Rock|p2a: Xerneas
|-sidestart|p2: Mrdarkcyber|move: Stealth Rock
|
|-weather|Sandstorm|[upkeep]
|-damage|p2a: Xerneas|94/100|[from] Sandstorm
|-heal|p2a: Xerneas|100/100|[from] item: Leftovers
|-damage|p1a: Sandaconda|28/100 brn|[from] brn
|upkeep
|turn|3
|
|t:|1635283710
|move|p1a: Sandaconda|Glare|p2a: Xerneas
|-status|p2a: Xerneas|par
|move|p2a: Xerneas|Aromatherapy|p2a: Xerneas
|-activate|p2a: Xerneas|move: Aromatherapy
|-curestatus|p2a: Xerneas|par|[msg]
|-curestatus|p2: Ho-Oh|par|[msg]
|
|-weather|Sandstorm|[upkeep]
|-damage|p2a: Xerneas|94/100|[from] Sandstorm
|-heal|p2a: Xerneas|100/100|[from] item: Leftovers
|-damage|p1a: Sandaconda|22/100 brn|[from] brn
|upkeep
|turn|4
|
|t:|1635283725
|move|p1a: Sandaconda|Earthquake|p2a: Xerneas
|-damage|p2a: Xerneas|91/100
|move|p2a: Xerneas|Defog|p1a: Sandaconda
|-unboost|p1a: Sandaconda|evasion|1
|-sideend|p2: Mrdarkcyber|Stealth Rock|[from] move: Defog|[of] p2a: Xerneas
|
|-weather|Sandstorm|[upkeep]
|-damage|p2a: Xerneas|85/100|[from] Sandstorm
|-heal|p2a: Xerneas|91/100|[from] item: Leftovers
|-damage|p1a: Sandaconda|16/100 brn|[from] brn
|upkeep
|turn|5
|
|t:|1635283741
|switch|p1a: Grimmsnarl|Grimmsnarl, M|100/100
|move|p2a: Xerneas|Aromatherapy||[still]
|-activate|p2a: Xerneas|move: Aromatherapy
|-fail|p2a: Xerneas
|
|-weather|none
|-heal|p2a: Xerneas|97/100|[from] item: Leftovers
|upkeep
|turn|6
|
|t:|1635283751
|move|p1a: Grimmsnarl|Thunder Wave|p2a: Xerneas
|-status|p2a: Xerneas|par
|move|p2a: Xerneas|Moonblast|p1a: Grimmsnarl
|-supereffective|p1a: Grimmsnarl
|-damage|p1a: Grimmsnarl|0 fnt
|faint|p1a: Grimmsnarl
|
|-heal|p2a: Xerneas|100/100 par|[from] item: Leftovers
|upkeep
|
|t:|1635283767
|switch|p1a: Cloyster|Cloyster, F|100/100
|turn|7
|
|t:|1635283773
|move|p1a: Cloyster|Shell Smash|p1a: Cloyster
|-unboost|p1a: Cloyster|def|1
|-unboost|p1a: Cloyster|spd|1
|-boost|p1a: Cloyster|atk|2
|-boost|p1a: Cloyster|spa|2
|-boost|p1a: Cloyster|spe|2
|cant|p2a: Xerneas|par
|
|upkeep
|turn|8
|
|t:|1635283782
|move|p1a: Cloyster|Icicle Spear|p2a: Xerneas
|-damage|p2a: Xerneas|86/100 par
|-crit|p2a: Xerneas
|-damage|p2a: Xerneas|68/100 par
|-damage|p2a: Xerneas|55/100 par
|-damage|p2a: Xerneas|42/100 par
|-damage|p2a: Xerneas|29/100 par
|-hitcount|p2a: Xerneas|5
|move|p2a: Xerneas|Moonblast|p1a: Cloyster
|-damage|p1a: Cloyster|0 fnt
|faint|p1a: Cloyster
|
|-heal|p2a: Xerneas|35/100 par|[from] item: Leftovers
|upkeep
|
|t:|1635283795
|switch|p1a: Dragapult|Dragapult, F|100/100
|turn|9
|
|t:|1635283804
|move|p1a: Dragapult|Dragon Dance|p1a: Dragapult
|-boost|p1a: Dragapult|atk|1
|-boost|p1a: Dragapult|spe|1
|cant|p2a: Xerneas|par
|
|-heal|p2a: Xerneas|41/100 par|[from] item: Leftovers
|upkeep
|turn|10
|
|t:|1635283813
|move|p1a: Dragapult|Phantom Force||[still]
|-prepare|p1a: Dragapult|Phantom Force
|cant|p2a: Xerneas|par
|
|-heal|p2a: Xerneas|47/100 par|[from] item: Leftovers
|upkeep
|turn|11
|
|t:|1635283820
|move|p1a: Dragapult|Phantom Force|p2a: Xerneas|[from]lockedmove
|-damage|p2a: Xerneas|5/100 par
|move|p2a: Xerneas|Moonblast|p1a: Dragapult
|-supereffective|p1a: Dragapult
|-damage|p1a: Dragapult|0 fnt
|-start|p2a: Xerneas|Disable|Moonblast|[from] ability: Cursed Body|[of] p1a: Dragapult
|faint|p1a: Dragapult
|
|-heal|p2a: Xerneas|11/100 par|[from] item: Leftovers
|upkeep
|c|☆Mrdarkcyber|You suck
|
|t:|1635283838
|switch|p1a: Garchomp|Garchomp, M|100/100
|turn|12
|
|t:|1635283861
|switch|p2a: Yveltal|Yveltal|100/100
|-ability|p2a: Yveltal|Dark Aura
|move|p1a: Garchomp|Swords Dance|p1a: Garchomp
|-boost|p1a: Garchomp|atk|2
|
|upkeep
|turn|13
|
|t:|1635283870
|move|p2a: Yveltal|Knock Off|p1a: Garchomp
|-damage|p1a: Garchomp|7/100
|-enditem|p1a: Garchomp|King's Rock|[from] move: Knock Off|[of] p2a: Yveltal
|-damage|p2a: Yveltal|91/100|[from] item: Life Orb
|move|p1a: Garchomp|Scale Shot|p2a: Yveltal
|-damage|p2a: Yveltal|64/100
|-damage|p2a: Yveltal|38/100
|-damage|p2a: Yveltal|13/100
|-damage|p2a: Yveltal|0 fnt
|faint|p2a: Yveltal
|-hitcount|p2: Yveltal|4
|-unboost|p1a: Garchomp|def|1
|-boost|p1a: Garchomp|spe|1
|
|upkeep
|
|t:|1635283877
|switch|p2a: Tyranitar|Tyranitar, M|100/100
|-weather|Sandstorm|[from] ability: Sand Stream|[of] p2a: Tyranitar
|turn|14
|
|t:|1635283889
|move|p1a: Garchomp|Earthquake|p2a: Tyranitar
|-supereffective|p2a: Tyranitar
|-damage|p2a: Tyranitar|0 fnt
|faint|p2a: Tyranitar
|
|-weather|Sandstorm|[upkeep]
|upkeep
|
|t:|1635283891
|switch|p2a: Excadrill|Excadrill, F|100/100
|turn|15
|
|t:|1635283898
|move|p2a: Excadrill|Earthquake|p1a: Garchomp
|-damage|p1a: Garchomp|0 fnt
|faint|p1a: Garchomp
|-damage|p2a: Excadrill|91/100|[from] item: Life Orb
|
|-weather|Sandstorm|[upkeep]
|upkeep
|
|t:|1635283915
|switch|p1a: Excadrill|Excadrill, M|100/100
|turn|16
|
|t:|1635283924
|switch|p2a: Ho-Oh|Ho-Oh|94/100
|-ability|p2a: Ho-Oh|Pressure
|move|p1a: Excadrill|Rapid Spin|p2a: Ho-Oh
|-damage|p2a: Ho-Oh|75/100
|-boost|p1a: Excadrill|spe|1
|
|-weather|Sandstorm|[upkeep]
|-damage|p2a: Ho-Oh|69/100|[from] Sandstorm
|upkeep
|turn|17
|
|t:|1635283942
|move|p1a: Excadrill|Rock Blast|p2a: Ho-Oh
|-supereffective|p2a: Ho-Oh
|-damage|p2a: Ho-Oh|15/100
|-supereffective|p2a: Ho-Oh
|-damage|p2a: Ho-Oh|0 fnt
|faint|p2a: Ho-Oh
|-hitcount|p2: Ho-Oh|2
|
|-weather|Sandstorm|[upkeep]
|upkeep
|
|t:|1635283945
|switch|p2a: Xerneas|Xerneas|11/100 par
|-ability|p2a: Xerneas|Fairy Aura
|turn|18
|
|t:|1635283954
|move|p1a: Excadrill|Earthquake|p2a: Xerneas
|-damage|p2a: Xerneas|0 fnt
|faint|p2a: Xerneas
|
|-weather|none
|upkeep
|
|t:|1635283956
|switch|p2a: Necrozma|Necrozma-Dusk-Mane|100/100
|turn|19
|
|t:|1635283965
|move|p1a: Excadrill|Earthquake|p2a: Necrozma
|-supereffective|p2a: Necrozma
|-damage|p2a: Necrozma|47/100
|move|p2a: Necrozma|Knock Off|p1a: Excadrill
|-damage|p1a: Excadrill|50/100
|-enditem|p1a: Excadrill|King's Rock|[from] move: Knock Off|[of] p2a: Necrozma
|
|-heal|p2a: Necrozma|53/100|[from] item: Leftovers
|upkeep
|turn|20
|
|t:|1635283974
|move|p1a: Excadrill|Earthquake|p2a: Necrozma
|-supereffective|p2a: Necrozma
|-damage|p2a: Necrozma|0 fnt
|faint|p2a: Necrozma
|
|upkeep
|-message|Mrdarkcyber forfeited.
|
|win|Donkeyslap
|raw|Donkeyslap's rating: 1270 &rarr; <strong>1305</strong><br />(+35 for winning)
|raw|Mrdarkcyber's rating: 1423 &rarr; <strong>1395</strong><br />(-28 for losing)
|l|☆Mrdarkcyber
||Ladder isn't responding, score probably updated but might not have (Request timeout).
