|j|☆Ryriss
|j|☆GorLeon
|t:|1649190995
|gametype|singles
|player|p1|Ryriss|hilbert|1529
|player|p2|GorLeon|dragontamer|1384
|teamsize|p1|6
|teamsize|p2|6
|gen|8
|tier|[Gen 8] Ubers
|rated|
|rule|Sleep Clause Mod: Limit one foe put to sleep
|rule|Species Clause: Limit one of each Pokémon
|rule|OHKO Clause: OHKO moves are banned
|rule|Evasion Moves Clause: Evasion moves are banned
|rule|Endless Battle Clause: Forcing endless battles is banned
|rule|HP Percentage Mod: HP is shown in percentages
|rule|Dynamax Clause: You cannot dynamax
|clearpoke
|poke|p1|Giratina-Origin|
|poke|p1|Groudon|
|poke|p1|Genesect|
|poke|p1|Kyurem-Black|
|poke|p1|Lugia|
|poke|p1|Yveltal|
|poke|p2|Slurpuff, M|
|poke|p2|Landorus, M|
|poke|p2|Calyrex-Shadow|
|poke|p2|Eternatus|
|poke|p2|Necrozma-Dusk-Mane|
|poke|p2|Yveltal|
|teampreview
|inactive|Battle timer is ON: inactive players will automatically lose when time's up. (requested by GorLeon)
|inactive|Ryriss also wants the timer to be on.
|
|t:|1649191003
|start
|switch|p1a: Lugia|Lugia|100/100
|switch|p2a: Slurpuff|Slurpuff, M|100/100
|-ability|p1a: Lugia|Pressure
|turn|1
|
|t:|1649191011
|move|p1a: Lugia|Reflect|p1a: Lugia
|-sidestart|p1: Ryriss|Reflect
|move|p2a: Slurpuff|Sticky Web|p1a: Lugia
|-sidestart|p1: Ryriss|move: Sticky Web
|
|upkeep
|turn|2
|
|t:|1649191016
|move|p1a: Lugia|Light Screen|p1a: Lugia
|-sidestart|p1: Ryriss|move: Light Screen
|move|p2a: Slurpuff|Yawn|p1a: Lugia
|-start|p1a: Lugia|move: Yawn|[of] p2a: Slurpuff
|
|upkeep
|turn|3
|
|t:|1649191022
|switch|p1a: Giratina|Giratina-Origin|100/100
|move|p2a: Slurpuff|Magic Coat|p2a: Slurpuff
|-singleturn|p2a: Slurpuff|move: Magic Coat
|
|upkeep
|turn|4
|
|t:|1649191028
|move|p2a: Slurpuff|Yawn|p1a: Giratina
|-start|p1a: Giratina|move: Yawn|[of] p2a: Slurpuff
|move|p1a: Giratina|Poltergeist|p2a: Slurpuff
|-activate|p2a: Slurpuff|move: Poltergeist|Focus Sash
|-enditem|p2a: Slurpuff|Focus Sash
|-damage|p2a: Slurpuff|1/100
|
|upkeep
|turn|5
|
|t:|1649191037
|switch|p1a: Lugia|Lugia|100/100
|-ability|p1a: Lugia|Pressure
|move|p2a: Slurpuff|Misty Explosion|p1a: Lugia
|-damage|p1a: Lugia|90/100
|faint|p2a: Slurpuff
|
|upkeep
|
|t:|1649191049
|switch|p2a: Necrozma|Necrozma-Dusk-Mane|100/100
|turn|6
|
|t:|1649191053
|switch|p1a: Groudon|Groudon|100/100
|-weather|SunnyDay|[from] ability: Drought|[of] p1a: Groudon
|move|p2a: Necrozma|Dragon Dance|p2a: Necrozma
|-boost|p2a: Necrozma|atk|1
|-boost|p2a: Necrozma|spe|1
|
|-weather|SunnyDay|[upkeep]
|upkeep
|turn|7
|
|t:|1649191065
|move|p2a: Necrozma|Dragon Dance|p2a: Necrozma
|-boost|p2a: Necrozma|atk|1
|-boost|p2a: Necrozma|spe|1
|move|p1a: Groudon|Swords Dance|p1a: Groudon
|-boost|p1a: Groudon|atk|2
|
|-weather|SunnyDay|[upkeep]
|upkeep
|turn|8
|
|t:|1649191072
|switch|p2a: Landorus|Landorus, M|100/100
|move|p1a: Groudon|Rock Polish|p1a: Groudon
|-boost|p1a: Groudon|spe|2
|
|-weather|SunnyDay|[upkeep]
|-sideend|p1: Ryriss|Reflect
|upkeep
|turn|9
|
|t:|1649191080
|move|p1a: Groudon|Stone Edge|p2a: Landorus|[miss]
|-miss|p1a: Groudon|p2a: Landorus
|move|p2a: Landorus|Earth Power|p1a: Groudon
|-damage|p1a: Groudon|63/100
|
|-weather|SunnyDay|[upkeep]
|-sideend|p1: Ryriss|move: Light Screen
|upkeep
|turn|10
|
|t:|1649191089
|move|p1a: Groudon|Stone Edge|p2a: Landorus
|-crit|p2a: Landorus
|-damage|p2a: Landorus|0 fnt
|faint|p2a: Landorus
|
|-weather|none
|upkeep
|
|t:|1649191098
|switch|p2a: Yveltal|Yveltal|100/100
|-ability|p2a: Yveltal|Dark Aura
|turn|11
|
|t:|1649191102
|move|p2a: Yveltal|Sucker Punch|p1a: Groudon
|-damage|p1a: Groudon|22/100
|move|p1a: Groudon|Stone Edge|p2a: Yveltal
|-supereffective|p2a: Yveltal
|-damage|p2a: Yveltal|0 fnt
|faint|p2a: Yveltal
|
|upkeep
|
|t:|1649191105
|switch|p2a: Calyrex|Calyrex-Shadow|100/100
|-ability|p2a: Calyrex|As One
|-ability|p2a: Calyrex|Unnerve
|turn|12
|
|t:|1649191114
|move|p1a: Groudon|Earthquake|p2a: Calyrex
|-enditem|p2a: Calyrex|Focus Sash
|-damage|p2a: Calyrex|1/100
|move|p2a: Calyrex|Astral Barrage|p1a: Groudon
|-damage|p1a: Groudon|0 fnt
|faint|p1a: Groudon
|-ability|p2a: Calyrex|Grim Neigh|boost
|-boost|p2a: Calyrex|spa|1
|
|upkeep
|
|t:|1649191127
|switch|p1a: Giratina|Giratina-Origin|100/100
|turn|13
|
|t:|1649191131
|move|p1a: Giratina|Shadow Sneak|p2a: Calyrex
|-supereffective|p2a: Calyrex
|-crit|p2a: Calyrex
|-damage|p2a: Calyrex|0 fnt
|faint|p2a: Calyrex
|
|upkeep
|
|t:|1649191133
|switch|p2a: Necrozma|Necrozma-Dusk-Mane|100/100
|turn|14
|
|t:|1649191138
|move|p2a: Necrozma|Dragon Dance|p2a: Necrozma
|-boost|p2a: Necrozma|atk|1
|-boost|p2a: Necrozma|spe|1
|move|p1a: Giratina|Poltergeist|p2a: Necrozma
|-activate|p2a: Necrozma|move: Poltergeist|Weakness Policy
|-supereffective|p2a: Necrozma
|-damage|p2a: Necrozma|29/100
|-enditem|p2a: Necrozma|Weakness Policy
|-boost|p2a: Necrozma|atk|2|[from] item: Weakness Policy
|-boost|p2a: Necrozma|spa|2|[from] item: Weakness Policy
|
|upkeep
|turn|15
|
|t:|1649191148
|move|p1a: Giratina|Shadow Sneak|p2a: Necrozma
|-supereffective|p2a: Necrozma
|-damage|p2a: Necrozma|1/100
|move|p2a: Necrozma|Sunsteel Strike|p1a: Giratina
|-damage|p1a: Giratina|0 fnt
|faint|p1a: Giratina
|
|upkeep
|
|t:|1649191159
|switch|p1a: Genesect|Genesect, shiny|100/100
|-ability|p1a: Genesect|Download|boost
|-boost|p1a: Genesect|spa|1
|turn|16
|
|t:|1649191166
|move|p1a: Genesect|Extreme Speed|p2a: Necrozma
|-resisted|p2a: Necrozma
|-damage|p2a: Necrozma|0 fnt
|faint|p2a: Necrozma
|
|upkeep
|
|t:|1649191169
|switch|p2a: Eternatus|Eternatus|100/100
|-ability|p2a: Eternatus|Pressure
|turn|17
|
|t:|1649191175
|switch|p1a: Lugia|Lugia|90/100
|-ability|p1a: Lugia|Pressure
|move|p2a: Eternatus|Flamethrower|p1a: Lugia
|-damage|p1a: Lugia|72/100
|-status|p1a: Lugia|brn
|
|-damage|p1a: Lugia|66/100 brn|[from] brn
|upkeep
|turn|18
|
|t:|1649191186
|move|p2a: Eternatus|Meteor Beam||[still]
|-prepare|p2a: Eternatus|Meteor Beam
|-boost|p2a: Eternatus|spa|1
|-enditem|p2a: Eternatus|Power Herb
|-anim|p2a: Eternatus|Meteor Beam|p1a: Lugia
|-supereffective|p1a: Lugia
|-damage|p1a: Lugia|0 fnt
|faint|p1a: Lugia
|
|upkeep
|
|t:|1649191194
|switch|p1a: Genesect|Genesect, shiny|100/100
|-ability|p1a: Genesect|Download|boost
|-boost|p1a: Genesect|spa|1
|turn|19
|
|t:|1649191199
|move|p1a: Genesect|Extreme Speed|p2a: Eternatus
|-damage|p2a: Eternatus|82/100
|move|p2a: Eternatus|Flamethrower|p1a: Genesect
|-supereffective|p1a: Genesect
|-damage|p1a: Genesect|0 fnt
|faint|p1a: Genesect
|
|upkeep
|
|t:|1649191207
|switch|p1a: Yveltal|Yveltal|100/100
|-ability|p1a: Yveltal|Dark Aura
|turn|20
|
|t:|1649191212
|move|p2a: Eternatus|Dynamax Cannon|p1a: Yveltal
|-damage|p1a: Yveltal|32/100
|move|p1a: Yveltal|Dark Pulse|p2a: Eternatus
|-damage|p2a: Eternatus|36/100
|
|upkeep
|turn|21
|
|t:|1649191219
|move|p1a: Yveltal|Sucker Punch|p2a: Eternatus
|-damage|p2a: Eternatus|8/100
|move|p2a: Eternatus|Dynamax Cannon|p1a: Yveltal
|-damage|p1a: Yveltal|0 fnt
|faint|p1a: Yveltal
|
|upkeep
|
|t:|1649191227
|switch|p1a: Kyurem|Kyurem-Black|100/100
|-ability|p1a: Kyurem|Teravolt
|turn|22
|
|t:|1649191231
|move|p2a: Eternatus|Dynamax Cannon|p1a: Kyurem
|-supereffective|p1a: Kyurem
|-damage|p1a: Kyurem|0 fnt
|faint|p1a: Kyurem
|
|win|GorLeon
|raw|Ryriss's rating: 1529 &rarr; <strong>1501</strong><br />(-28 for losing)
|raw|GorLeon's rating: 1384 &rarr; <strong>1412</strong><br />(+28 for winning)
|l|☆Ryriss
|c|☆GorLeon|gg
