|raw|<div class="broadcast-blue"><strong>This battle is required to be public due to a player having a name starting with 'ult4pdr'.</div>
|j|☆I Crit My Panties
|j|☆ULT4PDR Jules
|t:|1654224420
|gametype|singles
|player|p1|I Crit My Panties|266|1603
|player|p2|ULT4PDR Jules|mars|1677
|teamsize|p1|6
|teamsize|p2|6
|gen|8
|tier|[Gen 8] Ubers
|rated|
|rule|Sleep Clause Mod: Limit one foe put to sleep
|rule|Species Clause: Limit one of each Pokémon
|rule|OHKO Clause: OHKO moves are banned
|rule|Evasion Moves Clause: Evasion moves are banned
|rule|Endless Battle Clause: Forcing endless battles is banned
|rule|HP Percentage Mod: HP is shown in percentages
|rule|Dynamax Clause: You cannot dynamax
|clearpoke
|poke|p1|Hatterene, F|
|poke|p1|Porygon2|
|poke|p1|Magearna|
|poke|p1|Dracovish|
|poke|p1|Calyrex-Ice|
|poke|p1|Necrozma-Dusk-Mane|
|poke|p2|Yveltal|
|poke|p2|Kyogre|
|poke|p2|Ferrothorn, M|
|poke|p2|Necrozma-Dusk-Mane|
|poke|p2|Marshadow|
|poke|p2|Eternatus|
|teampreview
|
|t:|1654224444
|start
|switch|p1a: Dracovish|Dracovish|100/100
|switch|p2a: Necrozma|Necrozma-Dusk-Mane|100/100
|turn|1
|
|t:|1654224451
|move|p2a: Necrozma|Iron Head|p1a: Dracovish
|-resisted|p1a: Dracovish
|-damage|p1a: Dracovish|82/100
|cant|p1a: Dracovish|flinch
|
|upkeep
|turn|2
|
|t:|1654224456
|switch|p2a: Eternatus|Eternatus|100/100
|-ability|p2a: Eternatus|Pressure
|move|p1a: Dracovish|Fishious Rend|p2a: Eternatus
|-resisted|p2a: Eternatus
|-damage|p2a: Eternatus|51/100
|
|upkeep
|turn|3
|
|t:|1654224461
|switch|p1a: Necrozma|Necrozma-Dusk-Mane|100/100
|move|p2a: Eternatus|Recover|p2a: Eternatus
|-heal|p2a: Eternatus|100/100
|
|upkeep
|turn|4
|
|t:|1654224464
|switch|p2a: Ferrothorn|Ferrothorn, M|100/100
|move|p1a: Necrozma|Swords Dance|p1a: Necrozma
|-boost|p1a: Necrozma|atk|2
|
|upkeep
|turn|5
|
|t:|1654224468
|move|p1a: Necrozma|Earthquake|p2a: Ferrothorn
|-damage|p2a: Ferrothorn|35/100
|move|p2a: Ferrothorn|Leech Seed|p1a: Necrozma|[miss]
|-miss|p2a: Ferrothorn|p1a: Necrozma
|
|-heal|p2a: Ferrothorn|41/100|[from] item: Leftovers
|upkeep
|turn|6
|
|t:|1654224473
|switch|p2a: Kyogre|Kyogre|100/100
|-weather|RainDance|[from] ability: Drizzle|[of] p2a: Kyogre
|move|p1a: Necrozma|Trick Room|p1a: Necrozma
|-fieldstart|move: Trick Room|[of] p1a: Necrozma
|
|-weather|RainDance|[upkeep]
|upkeep
|turn|7
|
|t:|1654224476
|move|p1a: Necrozma|Sunsteel Strike|p2a: Kyogre
|-resisted|p2a: Kyogre
|-damage|p2a: Kyogre|59/100
|move|p2a: Kyogre|Roar|p1a: Necrozma
|drag|p1a: Porygon2|Porygon2|100/100
|-ability|p1a: Porygon2|Drizzle|[from] ability: Trace|[of] p2a: Kyogre
|
|-weather|RainDance|[upkeep]
|-heal|p2a: Kyogre|65/100|[from] item: Leftovers
|upkeep
|turn|8
|
|t:|1654224481
|switch|p1a: Dracovish|Dracovish|82/100
|move|p2a: Kyogre|Roar|p1a: Dracovish
|drag|p1a: Magearna|Magearna|100/100
|
|-weather|RainDance|[upkeep]
|-heal|p2a: Kyogre|71/100|[from] item: Leftovers
|upkeep
|turn|9
|
|t:|1654224488
|move|p1a: Magearna|Volt Switch|p2a: Kyogre
|-supereffective|p2a: Kyogre
|-damage|p2a: Kyogre|47/100
|
|t:|1654224490
|switch|p1a: Dracovish|Dracovish|82/100|[from]move: Volt Switch
|move|p2a: Kyogre|Scald|p1a: Dracovish
|-resisted|p1a: Dracovish
|-damage|p1a: Dracovish|67/100
|-status|p1a: Dracovish|brn
|
|-weather|RainDance|[upkeep]
|-heal|p2a: Kyogre|53/100|[from] item: Leftovers
|-damage|p1a: Dracovish|61/100 brn|[from] brn
|upkeep
|turn|10
|
|t:|1654224494
|switch|p2a: Eternatus|Eternatus|100/100
|-ability|p2a: Eternatus|Pressure
|move|p1a: Dracovish|Fishious Rend|p2a: Eternatus
|-resisted|p2a: Eternatus
|-crit|p2a: Eternatus
|-damage|p2a: Eternatus|40/100
|
|-weather|none
|-damage|p1a: Dracovish|55/100 brn|[from] brn
|-fieldend|move: Trick Room
|upkeep
|turn|11
|
|t:|1654224500
|switch|p1a: Necrozma|Necrozma-Dusk-Mane|100/100
|move|p2a: Eternatus|Recover|p2a: Eternatus
|-heal|p2a: Eternatus|90/100
|
|upkeep
|turn|12
|
|t:|1654224503
|switch|p2a: Kyogre|Kyogre|53/100
|-weather|RainDance|[from] ability: Drizzle|[of] p2a: Kyogre
|move|p1a: Necrozma|Swords Dance|p1a: Necrozma
|-boost|p1a: Necrozma|atk|2
|
|-weather|RainDance|[upkeep]
|-heal|p2a: Kyogre|59/100|[from] item: Leftovers
|upkeep
|turn|13
|
|t:|1654224507
|move|p2a: Kyogre|Scald|p1a: Necrozma
|-damage|p1a: Necrozma|51/100
|-status|p1a: Necrozma|brn
|move|p1a: Necrozma|Earthquake|p2a: Kyogre
|-damage|p2a: Kyogre|31/100
|
|-weather|RainDance|[upkeep]
|-heal|p2a: Kyogre|37/100|[from] item: Leftovers
|-damage|p1a: Necrozma|45/100 brn|[from] brn
|upkeep
|turn|14
|l|☆I Crit My Panties
|player|p1|
|inactive|Battle timer is ON: inactive players will automatically lose when time's up. (requested by ULT4PDR Jules)
|inactive|I Crit My Panties has 30 seconds to reconnect!
|inactive|I Crit My Panties has 20 seconds to reconnect!
|inactive|I Crit My Panties has 15 seconds to reconnect!
|inactive|I Crit My Panties has 10 seconds to reconnect!
|inactive|I Crit My Panties has 5 seconds to reconnect!
|-message|I Crit My Panties lost due to inactivity.
|
|win|ULT4PDR Jules
|raw|I Crit My Panties's rating: 1603 &rarr; <strong>1587</strong><br />(-16 for losing)
|raw|ULT4PDR Jules's rating: 1677 &rarr; <strong>1693</strong><br />(+16 for winning)
||Ladder isn't responding, score probably updated but might not have (Request timeout).
|j| Lunala
|l| Lunala
|l|☆ULT4PDR Jules
|j| Thaki dekh
