|j|☆its zxc♪
|j|☆AntOxr
|t:|1607932672
|player|p1|its zxc♪|supernerd|
|player|p2|AntOxr|blue-gen3|
|teamsize|p1|6
|teamsize|p2|6
|gametype|singles
|gen|8
|tier|[Gen 8] Ubers
|rated|Tournament battle
|clearpoke
|poke|p1|Ho-Oh|
|poke|p1|Tyranitar, F|
|poke|p1|Necrozma-Dusk-Mane|
|poke|p1|Xerneas|
|poke|p1|Ferrothorn, M|
|poke|p1|Zygarde|
|poke|p2|Zacian-Crowned|
|poke|p2|Calyrex-Shadow|
|poke|p2|Xerneas|
|poke|p2|Dracovish|
|poke|p2|Ditto|
|poke|p2|Marshadow|
|rule|Sleep Clause Mod: Limit one foe put to sleep
|rule|Species Clause: Limit one of each Pokémon
|rule|OHKO Clause: OHKO moves are banned
|rule|Evasion Moves Clause: Evasion moves are banned
|rule|Endless Battle Clause: Forcing endless battles is banned
|rule|HP Percentage Mod: HP is shown in percentages
|rule|Dynamax Clause: You cannot dynamax
|teampreview
|c|☆its zxc♪|glhf
|j| TheMasterFurret
|l| TheMasterFurret
|j| Holy rng loser
|inactive|Battle timer is ON: inactive players will automatically lose when time's up. (requested by its zxc♪)
|c|☆AntOxr|U2
|
|t:|1607932704
|start
|switch|p1a: Xerneas|Xerneas, shiny|100/100
|switch|p2a: Marshadow|Marshadow|100/100
|-ability|p1a: Xerneas|Fairy Aura
|turn|1
|
|t:|1607932710
|move|p1a: Xerneas|Moonblast|p2a: Marshadow
|-supereffective|p2a: Marshadow
|-enditem|p2a: Marshadow|Focus Sash
|-damage|p2a: Marshadow|1/100
|move|p2a: Marshadow|Bulk Up|p2a: Marshadow
|-boost|p2a: Marshadow|atk|1
|-boost|p2a: Marshadow|def|1
|
|upkeep
|turn|2
|j| Azluc03❆
|
|t:|1607932714
|move|p2a: Marshadow|Shadow Sneak|p1a: Xerneas
|-damage|p1a: Xerneas|62/100
|move|p1a: Xerneas|Moonblast|p2a: Marshadow
|-supereffective|p2a: Marshadow
|-damage|p2a: Marshadow|0 fnt
|faint|p2a: Marshadow
|
|upkeep
|j| Dottor Marius
|
|t:|1607932728
|switch|p2a: Calyrex|Calyrex-Shadow|100/100
|-ability|p2a: Calyrex|As One
|-ability|p2a: Calyrex|Unnerve|p1: its zxc♪
|turn|3
|
|t:|1607932731
|switch|p1a: Tyranitar|Tyranitar, F|100/100
|-weather|Sandstorm|[from] ability: Sand Stream|[of] p1a: Tyranitar
|move|p2a: Calyrex|Calm Mind|p2a: Calyrex
|-boost|p2a: Calyrex|spa|1
|-boost|p2a: Calyrex|spd|1
|
|-weather|Sandstorm|[upkeep]
|-damage|p2a: Calyrex|94/100|[from] Sandstorm
|upkeep
|turn|4
|
|t:|1607932738
|switch|p2a: Zacian|Zacian-Crowned|100/100
|-ability|p2a: Zacian|Intrepid Sword|boost
|-boost|p2a: Zacian|atk|1
|move|p1a: Tyranitar|Foul Play|p2a: Zacian
|-resisted|p2a: Zacian
|-damage|p2a: Zacian|57/100
|
|-weather|Sandstorm|[upkeep]
|upkeep
|turn|5
|l| Dottor Marius
|
|t:|1607932747
|switch|p1a: Necrozma|Necrozma-Dusk-Mane|100/100
|move|p2a: Zacian|Behemoth Blade|p1a: Necrozma
|-resisted|p1a: Necrozma
|-damage|p1a: Necrozma|77/100
|-damage|p2a: Zacian|41/100|[from] item: Rocky Helmet|[of] p1a: Necrozma
|
|-weather|Sandstorm|[upkeep]
|upkeep
|turn|6
|
|t:|1607932751
|move|p2a: Zacian|Close Combat|p1a: Necrozma
|-damage|p1a: Necrozma|37/100
|-unboost|p2a: Zacian|def|1
|-unboost|p2a: Zacian|spd|1
|-damage|p2a: Zacian|24/100|[from] item: Rocky Helmet|[of] p1a: Necrozma
|move|p1a: Necrozma|Moonlight|p1a: Necrozma
|-heal|p1a: Necrozma|62/100
|
|-weather|Sandstorm|[upkeep]
|upkeep
|turn|7
|
|t:|1607932762
|move|p2a: Zacian|Close Combat|p1a: Necrozma
|-damage|p1a: Necrozma|20/100
|-unboost|p2a: Zacian|def|1
|-unboost|p2a: Zacian|spd|1
|-damage|p2a: Zacian|8/100|[from] item: Rocky Helmet|[of] p1a: Necrozma
|move|p1a: Necrozma|Stealth Rock|p2a: Zacian
|-sidestart|p2: AntOxr|move: Stealth Rock
|
|-weather|none
|upkeep
|turn|8
|
|t:|1607932767
|move|p2a: Zacian|Close Combat|p1a: Necrozma
|-damage|p1a: Necrozma|0 fnt
|-unboost|p2a: Zacian|def|1
|-unboost|p2a: Zacian|spd|1
|-damage|p2a: Zacian|0 fnt|[from] item: Rocky Helmet|[of] p1a: Necrozma
|faint|p1a: Necrozma
|faint|p2a: Zacian
|
|upkeep
|
|t:|1607932774
|switch|p2a: Xerneas|Xerneas|100/100
|switch|p1a: Zygarde|Zygarde|100/100
|-damage|p2a: Xerneas|88/100|[from] Stealth Rock
|-ability|p2a: Xerneas|Fairy Aura
|turn|9
|
|t:|1607932776
|switch|p1a: Ho-Oh|Ho-Oh|100/100
|move|p2a: Xerneas|Geomancy||[still]
|-prepare|p2a: Xerneas|Geomancy
|-enditem|p2a: Xerneas|Power Herb
|-anim|p2a: Xerneas|Geomancy|p2a: Xerneas
|-boost|p2a: Xerneas|spa|2
|-boost|p2a: Xerneas|spd|2
|-boost|p2a: Xerneas|spe|2
|
|upkeep
|turn|10
|j| oi⟁zys
|
|t:|1607932781
|move|p2a: Xerneas|Thunderbolt|p1a: Ho-Oh
|-supereffective|p1a: Ho-Oh
|-damage|p1a: Ho-Oh|29/100
|move|p1a: Ho-Oh|Whirlwind|p2a: Xerneas
|drag|p2a: Ditto|Ditto, shiny|100/100
|-damage|p2a: Ditto|88/100|[from] Stealth Rock
|-transform|p2a: Ditto|p1a: Ho-Oh|[from] ability: Imposter
|
|upkeep
|turn|11
|
|t:|1607932790
|switch|p1a: Tyranitar|Tyranitar, F|100/100
|-weather|Sandstorm|[from] ability: Sand Stream|[of] p1a: Tyranitar
|move|p2a: Ditto|Sacred Fire|p1a: Tyranitar
|-resisted|p1a: Tyranitar
|-damage|p1a: Tyranitar|85/100
|-status|p1a: Tyranitar|brn
|
|-weather|Sandstorm|[upkeep]
|-damage|p2a: Ditto|82/100|[from] Sandstorm
|-heal|p1a: Tyranitar|91/100 brn|[from] item: Leftovers
|-damage|p1a: Tyranitar|85/100 brn|[from] brn
|upkeep
|turn|12
|
|t:|1607932800
|switch|p2a: Xerneas|Xerneas|88/100
|-damage|p2a: Xerneas|76/100|[from] Stealth Rock
|-ability|p2a: Xerneas|Fairy Aura
|move|p1a: Tyranitar|Thunder Wave|p2a: Xerneas|[miss]
|-miss|p1a: Tyranitar|p2a: Xerneas
|
|-weather|Sandstorm|[upkeep]
|-damage|p2a: Xerneas|70/100|[from] Sandstorm
|-heal|p1a: Tyranitar|91/100 brn|[from] item: Leftovers
|-damage|p1a: Tyranitar|85/100 brn|[from] brn
|upkeep
|turn|13
|
|t:|1607932809
|switch|p1a: Ho-Oh|Ho-Oh|62/100
|move|p2a: Xerneas|Geomancy||[still]
|-prepare|p2a: Xerneas|Geomancy
|
|-weather|Sandstorm|[upkeep]
|-damage|p2a: Xerneas|64/100|[from] Sandstorm
|-damage|p1a: Ho-Oh|56/100|[from] Sandstorm
|upkeep
|turn|14
|
|t:|1607932812
|move|p2a: Xerneas|Geomancy|p2a: Xerneas|[from]lockedmove
|-boost|p2a: Xerneas|spa|2
|-boost|p2a: Xerneas|spd|2
|-boost|p2a: Xerneas|spe|2
|move|p1a: Ho-Oh|Whirlwind|p2a: Xerneas
|drag|p2a: Dracovish|Dracovish, shiny|100/100
|-damage|p2a: Dracovish|88/100|[from] Stealth Rock
|
|-weather|Sandstorm|[upkeep]
|-damage|p2a: Dracovish|82/100|[from] Sandstorm
|-damage|p1a: Ho-Oh|50/100|[from] Sandstorm
|upkeep
|turn|15
|
|t:|1607932820
|switch|p2a: Calyrex|Calyrex-Shadow|94/100
|-ability|p2a: Calyrex|As One
|-ability|p2a: Calyrex|Unnerve|p1: its zxc♪
|-damage|p2a: Calyrex|82/100|[from] Stealth Rock
|switch|p1a: Tyranitar|Tyranitar, F|85/100 brn
|
|-weather|none
|-heal|p1a: Tyranitar|91/100 brn|[from] item: Leftovers
|-damage|p1a: Tyranitar|85/100 brn|[from] brn
|upkeep
|turn|16
|
|t:|1607932834
|move|p2a: Calyrex|Calm Mind|p2a: Calyrex
|-boost|p2a: Calyrex|spa|1
|-boost|p2a: Calyrex|spd|1
|move|p1a: Tyranitar|Thunder Wave|p2a: Calyrex
|-status|p2a: Calyrex|par
|
|-heal|p1a: Tyranitar|91/100 brn|[from] item: Leftovers
|-damage|p1a: Tyranitar|85/100 brn|[from] brn
|upkeep
|turn|17
|
|t:|1607932843
|move|p2a: Calyrex|Giga Drain|p1a: Tyranitar
|-supereffective|p1a: Tyranitar
|-damage|p1a: Tyranitar|10/100 brn
|-heal|p2a: Calyrex|100/100 par|[from] drain|[of] p1a: Tyranitar
|-damage|p2a: Calyrex|91/100 par|[from] item: Life Orb
|move|p1a: Tyranitar|Foul Play|p2a: Calyrex
|-supereffective|p2a: Calyrex
|-damage|p2a: Calyrex|37/100 par
|
|-heal|p1a: Tyranitar|16/100 brn|[from] item: Leftovers
|-damage|p1a: Tyranitar|10/100 brn|[from] brn
|upkeep
|turn|18
|
|t:|1607932851
|move|p2a: Calyrex|Giga Drain|p1a: Tyranitar
|-supereffective|p1a: Tyranitar
|-damage|p1a: Tyranitar|0 fnt
|-heal|p2a: Calyrex|43/100 par|[from] drain|[of] p1a: Tyranitar
|-damage|p2a: Calyrex|33/100 par|[from] item: Life Orb
|faint|p1a: Tyranitar
|-ability|p2a: Calyrex|Grim Neigh|boost
|-boost|p2a: Calyrex|spa|1
|
|upkeep
|
|t:|1607932857
|switch|p1a: Xerneas|Xerneas, shiny|62/100
|-ability|p1a: Xerneas|Fairy Aura
|turn|19
|
|t:|1607932860
|move|p1a: Xerneas|Moonblast|p2a: Calyrex
|-damage|p2a: Calyrex|0 fnt
|faint|p2a: Calyrex
|
|upkeep
|
|t:|1607932868
|switch|p2a: Ditto|Ditto, shiny|100/100
|-damage|p2a: Ditto|88/100|[from] Stealth Rock
|-transform|p2a: Ditto|p1a: Xerneas|[from] ability: Imposter
|-ability|p2a: Ditto|Fairy Aura
|turn|20
|
|t:|1607932874
|switch|p1a: Ho-Oh|Ho-Oh|83/100
|move|p2a: Ditto|Moonblast|p1a: Ho-Oh
|-resisted|p1a: Ho-Oh
|-damage|p1a: Ho-Oh|65/100
|
|upkeep
|turn|21
|
|t:|1607932882
|move|p2a: Ditto|Moonblast|p1a: Ho-Oh
|-resisted|p1a: Ho-Oh
|-damage|p1a: Ho-Oh|44/100
|move|p1a: Ho-Oh|Toxic|p2a: Ditto
|-status|p2a: Ditto|tox
|
|-damage|p2a: Ditto|82/100 tox|[from] psn
|upkeep
|turn|22
|c| oi⟁zys|AntOxr non sucare contro zxc
|
|t:|1607932887
|switch|p2a: Dracovish|Dracovish, shiny|82/100
|-damage|p2a: Dracovish|69/100|[from] Stealth Rock
|switch|p1a: Ferrothorn|Ferrothorn, M|100/100
|
|upkeep
|turn|23
|c| oi⟁zys|ne va del nostro orgoglio italiano
|inactive|AntOxr has 120 seconds left.
|c| Azluc03❆|il match up è bruttino ma il comeback si spera sempre
|
|t:|1607932918
|switch|p2a: Xerneas|Xerneas|64/100
|-damage|p2a: Xerneas|51/100|[from] Stealth Rock
|-ability|p2a: Xerneas|Fairy Aura
|move|p1a: Ferrothorn|Leech Seed|p2a: Xerneas
|-start|p2a: Xerneas|move: Leech Seed
|
|-damage|p2a: Xerneas|39/100|[from] Leech Seed|[of] p1a: Ferrothorn
|upkeep
|turn|24
|
|t:|1607932926
|switch|p1a: Ho-Oh|Ho-Oh|77/100
|move|p2a: Xerneas|Focus Blast|p1a: Ho-Oh|[miss]
|-miss|p2a: Xerneas|p1a: Ho-Oh
|
|-damage|p2a: Xerneas|27/100|[from] Leech Seed|[of] p1a: Ho-Oh
|-heal|p1a: Ho-Oh|91/100|[silent]
|upkeep
|turn|25
|
|t:|1607932938
|move|p2a: Xerneas|Moonblast|p1a: Ho-Oh
|-resisted|p1a: Ho-Oh
|-damage|p1a: Ho-Oh|71/100
|move|p1a: Ho-Oh|Toxic|p2a: Xerneas|[miss]
|-miss|p1a: Ho-Oh|p2a: Xerneas
|
|-damage|p2a: Xerneas|14/100|[from] Leech Seed|[of] p1a: Ho-Oh
|-heal|p1a: Ho-Oh|84/100|[silent]
|upkeep
|turn|26
|
|t:|1607932943
|move|p2a: Xerneas|Moonblast|p1a: Ho-Oh
|-resisted|p1a: Ho-Oh
|-damage|p1a: Ho-Oh|63/100
|-unboost|p1a: Ho-Oh|spa|1
|move|p1a: Ho-Oh|Toxic|p2a: Xerneas
|-status|p2a: Xerneas|tox
|
|-damage|p2a: Xerneas|2/100 tox|[from] Leech Seed|[of] p1a: Ho-Oh
|-heal|p1a: Ho-Oh|77/100|[silent]
|-damage|p2a: Xerneas|0 fnt|[from] psn
|faint|p2a: Xerneas
|upkeep
|
|t:|1607932947
|switch|p2a: Dracovish|Dracovish, shiny|69/100
|-damage|p2a: Dracovish|57/100|[from] Stealth Rock
|turn|27
|
|t:|1607932959
|move|p2a: Dracovish|Fishious Rend|p1a: Ho-Oh
|-supereffective|p1a: Ho-Oh
|-damage|p1a: Ho-Oh|0 fnt
|faint|p1a: Ho-Oh
|
|upkeep
|
|t:|1607932962
|switch|p1a: Xerneas|Xerneas, shiny|62/100
|-ability|p1a: Xerneas|Fairy Aura
|turn|28
|
|t:|1607932965
|move|p1a: Xerneas|Moonblast|p2a: Dracovish
|-supereffective|p2a: Dracovish
|-damage|p2a: Dracovish|0 fnt
|faint|p2a: Dracovish
|
|upkeep
|
|t:|1607932968
|switch|p2a: Ditto|Ditto, shiny|82/100 tox
|-damage|p2a: Ditto|70/100 tox|[from] Stealth Rock
|-transform|p2a: Ditto|p1a: Xerneas|[from] ability: Imposter
|-ability|p2a: Ditto|Fairy Aura
|turn|29
|
|t:|1607932973
|move|p1a: Xerneas|Moonblast|p2a: Ditto
|-damage|p2a: Ditto|0 fnt
|faint|p2a: Ditto
|
|win|its zxc♪
|n|☆its zxc♪|itszxc
|n|☆AntOxr|antoxr
|n| Holy rng loser|holyrngloser
|n| Azluc03❆|azluc03
|n| oi⟁zys|oizys
