|j|☆Mr.SaturnFan
|j|☆ULTN7U durag
|player|p1|Mr.SaturnFan|benga|1523
|player|p2|ULTN7U durag|youngster-gen7|1418
|teamsize|p1|6
|teamsize|p2|6
|gametype|singles
|gen|8
|tier|[Gen 8] Ubers
|rated|
|clearpoke
|poke|p1|Pelipper, F|
|poke|p1|Dracovish|
|poke|p1|Corviknight, M|
|poke|p1|Excadrill, F|
|poke|p1|Mantine, M|
|poke|p1|Lunala|
|poke|p2|Lunala|
|poke|p2|Kyurem-White|
|poke|p2|Excadrill, F|
|poke|p2|Quagsire, M|
|poke|p2|Marshadow|
|poke|p2|Zacian-Crowned|
|rule|Sleep Clause Mod: Limit one foe put to sleep
|rule|Species Clause: Limit one of each Pokémon
|rule|OHKO Clause: OHKO moves are banned
|rule|Evasion Moves Clause: Evasion moves are banned
|rule|Endless Battle Clause: Forcing endless battles is banned
|rule|HP Percentage Mod: HP is shown in percentages
|html|Ubers Dynamax Clause: Pokémon on the <a href="https://www.smogon.com/dex/ss/formats/uber/">Ubers Dynamax Banlist</a> cannot Dynamax.
|teampreview
|inactive|Battle timer is ON: inactive players will automatically lose when time's up. (requested by ULTN7U durag)
|
|start
|switch|p1a: Pelipper|Pelipper, F|100/100
|switch|p2a: Lunala|Lunala|100/100
|-weather|RainDance|[from] ability: Drizzle|[of] p1a: Pelipper
|turn|1
|
|move|p2a: Lunala|Moongeist Beam|p1a: Pelipper
|-damage|p1a: Pelipper|0 fnt
|faint|p1a: Pelipper
|
|-weather|RainDance|[upkeep]
|upkeep
|
|switch|p1a: Mantine|Mantine, M|100/100
|turn|2
|
|switch|p2a: Kyurem|Kyurem-White|100/100
|-ability|p2a: Kyurem|Turboblaze
|move|p1a: Mantine|Toxic|p2a: Kyurem
|-status|p2a: Kyurem|tox
|
|-weather|RainDance|[upkeep]
|-damage|p2a: Kyurem|94/100 tox|[from] psn
|upkeep
|turn|3
|
|switch|p1a: Lunala|Lunala|100/100
|move|p2a: Kyurem|Freeze-Dry|p1a: Lunala
|-damage|p1a: Lunala|80/100
|
|-weather|RainDance|[upkeep]
|-heal|p1a: Lunala|86/100|[from] item: Leftovers
|-damage|p2a: Kyurem|82/100 tox|[from] psn
|upkeep
|turn|4
|
|switch|p2a: Lunala|Lunala|100/100
|move|p1a: Lunala|Hex|p2a: Lunala
|-supereffective|p2a: Lunala
|-damage|p2a: Lunala|57/100
|
|-weather|RainDance|[upkeep]
|-heal|p1a: Lunala|92/100|[from] item: Leftovers
|upkeep
|turn|5
|
|switch|p1a: Mantine|Mantine, M|100/100
|move|p2a: Lunala|Moongeist Beam|p1a: Mantine
|-damage|p1a: Mantine|58/100
|
|-weather|RainDance|[upkeep]
|-heal|p1a: Mantine|64/100|[from] item: Leftovers
|upkeep
|turn|6
|
|move|p1a: Mantine|Roost|p1a: Mantine
|-heal|p1a: Mantine|100/100
|-singleturn|p1a: Mantine|move: Roost
|move|p2a: Lunala|Moongeist Beam|p1a: Mantine
|-damage|p1a: Mantine|60/100
|
|-weather|RainDance|[upkeep]
|-heal|p1a: Mantine|66/100|[from] item: Leftovers
|upkeep
|turn|7
|
|move|p1a: Mantine|Toxic|p2a: Lunala
|-status|p2a: Lunala|tox
|move|p2a: Lunala|Moongeist Beam|p1a: Mantine
|-damage|p1a: Mantine|23/100
|
|-weather|RainDance|[upkeep]
|-heal|p1a: Mantine|29/100|[from] item: Leftovers
|-damage|p2a: Lunala|51/100 tox|[from] psn
|upkeep
|turn|8
|
|switch|p2a: Zacian|Zacian-Crowned|100/100
|-ability|p2a: Zacian|Intrepid Sword|boost
|-boost|p2a: Zacian|atk|1
|move|p1a: Mantine|Roost|p1a: Mantine
|-heal|p1a: Mantine|79/100
|-singleturn|p1a: Mantine|move: Roost
|
|-weather|none
|-heal|p1a: Mantine|85/100|[from] item: Leftovers
|upkeep
|turn|9
|
|switch|p1a: Corviknight|Corviknight, M|100/100
|-ability|p1a: Corviknight|Pressure
|move|p2a: Zacian|Wild Charge|p1a: Corviknight
|-supereffective|p1a: Corviknight
|-damage|p1a: Corviknight|35/100
|-damage|p2a: Zacian|80/100|[from] Recoil
|
|-heal|p1a: Corviknight|42/100|[from] item: Leftovers
|upkeep
|turn|10
|
|switch|p1a: Excadrill|Excadrill, F|100/100
|move|p2a: Zacian|Close Combat|p1a: Excadrill
|-supereffective|p1a: Excadrill
|-enditem|p1a: Excadrill|Focus Sash
|-damage|p1a: Excadrill|1/100
|-unboost|p2a: Zacian|def|1
|-unboost|p2a: Zacian|spd|1
|
|upkeep
|turn|11
|
|move|p2a: Zacian|Behemoth Blade|p1a: Excadrill
|-resisted|p1a: Excadrill
|-damage|p1a: Excadrill|0 fnt
|faint|p1a: Excadrill
|
|upkeep
|
|switch|p1a: Lunala|Lunala|92/100
|turn|12
|
|move|p2a: Zacian|Behemoth Blade|p1a: Lunala
|-damage|p1a: Lunala|41/100
|move|p1a: Lunala|Will-O-Wisp|p2a: Zacian
|-status|p2a: Zacian|brn
|
|-heal|p1a: Lunala|47/100|[from] item: Leftovers
|-damage|p2a: Zacian|74/100 brn|[from] brn
|upkeep
|turn|13
|
|move|p2a: Zacian|Swords Dance|p2a: Zacian
|-boost|p2a: Zacian|atk|2
|move|p1a: Lunala|Roost|p1a: Lunala
|-heal|p1a: Lunala|97/100
|-singleturn|p1a: Lunala|move: Roost
|
|-heal|p1a: Lunala|100/100|[from] item: Leftovers
|-damage|p2a: Zacian|68/100 brn|[from] brn
|upkeep
|turn|14
|
|move|p2a: Zacian|Behemoth Blade|p1a: Lunala
|-damage|p1a: Lunala|77/100
|move|p1a: Lunala|Hex|p2a: Zacian
|-damage|p2a: Zacian|0 fnt
|faint|p2a: Zacian
|
|-heal|p1a: Lunala|83/100|[from] item: Leftovers
|upkeep
|
|switch|p2a: Marshadow|Marshadow|100/100
|turn|15
|
|switch|p1a: Corviknight|Corviknight, M|42/100
|-ability|p1a: Corviknight|Pressure
|move|p2a: Marshadow|Spectral Thief|p1a: Corviknight
|-damage|p1a: Corviknight|12/100
|
|-heal|p1a: Corviknight|18/100|[from] item: Leftovers
|upkeep
|turn|16
|
|move|p2a: Marshadow|Spectral Thief|p1a: Corviknight
|-damage|p1a: Corviknight|0 fnt
|faint|p1a: Corviknight
|
|upkeep
|
|switch|p1a: Dracovish|Dracovish|100/100
|turn|17
|
|move|p2a: Marshadow|Endeavor|p1a: Dracovish
|-immune|p1a: Dracovish
|move|p1a: Dracovish|Fishious Rend|p2a: Marshadow
|-enditem|p2a: Marshadow|Focus Sash
|-damage|p2a: Marshadow|1/100
|
|upkeep
|turn|18
|
|move|p2a: Marshadow|Endeavor|p1a: Dracovish
|-damage|p1a: Dracovish|1/100
|move|p1a: Dracovish|Fishious Rend|p2a: Marshadow
|-damage|p2a: Marshadow|0 fnt
|faint|p2a: Marshadow
|
|upkeep
|
|switch|p2a: Kyurem|Kyurem-White|82/100 tox
|-ability|p2a: Kyurem|Turboblaze
|turn|19
|
|move|p2a: Kyurem|Ice Beam|p1a: Dracovish
|-damage|p1a: Dracovish|0 fnt
|faint|p1a: Dracovish
|
|-damage|p2a: Kyurem|76/100 tox|[from] psn
|upkeep
|
|switch|p1a: Lunala|Lunala|83/100
|turn|20
|
|move|p2a: Kyurem|Ice Beam|p1a: Lunala
|-damage|p1a: Lunala|22/100
|move|p1a: Lunala|Hex|p2a: Kyurem
|-damage|p2a: Kyurem|21/100 tox
|
|-heal|p1a: Lunala|28/100|[from] item: Leftovers
|-damage|p2a: Kyurem|9/100 tox|[from] psn
|upkeep
|turn|21
|
|switch|p1a: Mantine|Mantine, M|85/100
|move|p2a: Kyurem|Ice Beam|p1a: Mantine
|-damage|p1a: Mantine|44/100
|
|-heal|p1a: Mantine|50/100|[from] item: Leftovers
|-damage|p2a: Kyurem|0 fnt|[from] psn
|faint|p2a: Kyurem
|upkeep
|
|switch|p2a: Lunala|Lunala|51/100 tox
|turn|22
|
|move|p2a: Lunala|Trick|p1a: Mantine
|-activate|p2a: Lunala|move: Trick|[of] p1a: Mantine
|-item|p1a: Mantine|Choice Specs|[from] move: Trick
|-item|p2a: Lunala|Leftovers|[from] move: Trick
|move|p1a: Mantine|Roost|p1a: Mantine
|-heal|p1a: Mantine|100/100
|-singleturn|p1a: Mantine|move: Roost
|
|-heal|p2a: Lunala|57/100 tox|[from] item: Leftovers
|-damage|p2a: Lunala|51/100 tox|[from] psn
|upkeep
|turn|23
|
|move|p2a: Lunala|Moongeist Beam|p1a: Mantine
|-damage|p1a: Mantine|74/100
|move|p1a: Mantine|Roost|p1a: Mantine
|-heal|p1a: Mantine|100/100
|-singleturn|p1a: Mantine|move: Roost
|
|-heal|p2a: Lunala|57/100 tox|[from] item: Leftovers
|-damage|p2a: Lunala|45/100 tox|[from] psn
|upkeep
|turn|24
|
|switch|p2a: Quagsire|Quagsire, M|100/100
|move|p1a: Mantine|Roost||[still]
|-fail|p1a: Mantine|heal
|
|upkeep
|turn|25
|
|switch|p1a: Lunala|Lunala|28/100
|move|p2a: Quagsire|Toxic|p1a: Lunala
|-status|p1a: Lunala|tox
|
|-heal|p1a: Lunala|34/100 tox|[from] item: Leftovers
|-damage|p1a: Lunala|28/100 tox|[from] psn
|upkeep
|turn|26
|
|switch|p2a: Lunala|Lunala|45/100 tox
|move|p1a: Lunala|Roost|p1a: Lunala
|-heal|p1a: Lunala|78/100 tox
|-singleturn|p1a: Lunala|move: Roost
|
|-heal|p2a: Lunala|51/100 tox|[from] item: Leftovers
|-heal|p1a: Lunala|84/100 tox|[from] item: Leftovers
|-damage|p2a: Lunala|45/100 tox|[from] psn
|-damage|p1a: Lunala|72/100 tox|[from] psn
|upkeep
|turn|27
|
|switch|p1a: Mantine|Mantine, M|100/100
|move|p2a: Lunala|Moongeist Beam|p1a: Mantine
|-damage|p1a: Mantine|71/100
|
|-heal|p2a: Lunala|51/100 tox|[from] item: Leftovers
|-damage|p2a: Lunala|39/100 tox|[from] psn
|upkeep
|turn|28
|
|switch|p2a: Quagsire|Quagsire, M|100/100
|move|p1a: Mantine|Roost|p1a: Mantine
|-heal|p1a: Mantine|100/100
|-singleturn|p1a: Mantine|move: Roost
|
|upkeep
|turn|29
|
|switch|p1a: Lunala|Lunala|72/100 tox
|switch|p2a: Excadrill|Excadrill, F|100/100
|-ability|p2a: Excadrill|Mold Breaker
|
|-heal|p1a: Lunala|78/100 tox|[from] item: Leftovers
|-damage|p1a: Lunala|72/100 tox|[from] psn
|upkeep
|turn|30
|
|move|p2a: Excadrill|Stealth Rock|p1a: Lunala
|-sidestart|p1: Mr.SaturnFan|move: Stealth Rock
|move|p1a: Lunala|Will-O-Wisp|p2a: Excadrill|[miss]
|-miss|p1a: Lunala|p2a: Excadrill
|
|-heal|p1a: Lunala|78/100 tox|[from] item: Leftovers
|-damage|p1a: Lunala|66/100 tox|[from] psn
|upkeep
|turn|31
|
|move|p2a: Excadrill|Earthquake|p1a: Lunala
|-damage|p1a: Lunala|33/100 tox
|move|p1a: Lunala|Will-O-Wisp|p2a: Excadrill|[miss]
|-miss|p1a: Lunala|p2a: Excadrill
|
|-heal|p1a: Lunala|39/100 tox|[from] item: Leftovers
|-damage|p1a: Lunala|21/100 tox|[from] psn
|upkeep
|turn|32
|-message|Mr.SaturnFan forfeited.
|
|win|ULTN7U durag
|l|☆Mr.SaturnFan
