|j|☆Ryu Fenrir
|j|☆HTezcat04
|player|p1|Ryu Fenrir|steven|1466
|player|p2|HTezcat04|plasmagrunt-gen5bw|1573
|teamsize|p1|6
|teamsize|p2|6
|gametype|singles
|gen|8
|tier|[Gen 8] Ubers
|rated|
|clearpoke
|poke|p1|Darmanitan-Galar, M|
|poke|p1|Zekrom|
|poke|p1|Quagsire, M|
|poke|p1|Melmetal|
|poke|p1|Mandibuzz, F|
|poke|p1|Necrozma-Dusk-Mane|
|poke|p2|Necrozma-Dusk-Mane|
|poke|p2|Marshadow|
|poke|p2|Zekrom|
|poke|p2|Ditto|
|poke|p2|Zacian-Crowned|
|poke|p2|Tyranitar, F|
|rule|Sleep Clause Mod: Limit one foe put to sleep
|rule|Species Clause: Limit one of each Pokémon
|rule|OHKO Clause: OHKO moves are banned
|rule|Evasion Moves Clause: Evasion moves are banned
|rule|Endless Battle Clause: Forcing endless battles is banned
|rule|HP Percentage Mod: HP is shown in percentages
|html|Ubers Dynamax Clause: Pokémon on the <a href="https://www.smogon.com/dex/ss/formats/uber/">Ubers Dynamax Banlist</a> cannot Dynamax.
|teampreview
|inactive|Battle timer is ON: inactive players will automatically lose when time's up. (requested by HTezcat04)
|
|start
|switch|p1a: Petit Papa Noel|Darmanitan-Galar, M|100/100
|switch|p2a: Manolo Pérez|Tyranitar, F|100/100
|-weather|Sandstorm|[from] ability: Sand Stream|[of] p2a: Manolo Pérez
|turn|1
|
|switch|p2a: Juan Ramírez|Necrozma-Dusk-Mane|100/100
|move|p1a: Petit Papa Noel|U-turn|p2a: Juan Ramírez
|-damage|p2a: Juan Ramírez|80/100
|
|switch|p1a: PhilStopper|Quagsire, M|100/100|[from]move: U-turn
|
|-weather|Sandstorm|[upkeep]
|upkeep
|turn|2
|
|switch|p2a: Manolo Pérez|Tyranitar, F|100/100
|move|p1a: PhilStopper|Earthquake|p2a: Manolo Pérez
|-supereffective|p2a: Manolo Pérez
|-damage|p2a: Manolo Pérez|53/100
|
|-weather|Sandstorm|[upkeep]
|upkeep
|turn|3
|
|switch|p1a: スパ ストーブレイカー|Melmetal|100/100
|move|p2a: Manolo Pérez|Toxic|p1a: スパ ストーブレイカー
|-immune|p1a: スパ ストーブレイカー
|
|-weather|Sandstorm|[upkeep]
|upkeep
|turn|4
|
|switch|p2a: Juan Ramírez|Necrozma-Dusk-Mane|80/100
|move|p1a: スパ ストーブレイカー|Earthquake|p2a: Juan Ramírez
|-supereffective|p2a: Juan Ramírez
|-damage|p2a: Juan Ramírez|31/100
|-enditem|p2a: Juan Ramírez|Weakness Policy
|-boost|p2a: Juan Ramírez|atk|2|[from] item: Weakness Policy
|-boost|p2a: Juan Ramírez|spa|2|[from] item: Weakness Policy
|
|-weather|Sandstorm|[upkeep]
|upkeep
|turn|5
|
|move|p2a: Juan Ramírez|Moonlight|p2a: Juan Ramírez
|-heal|p2a: Juan Ramírez|56/100
|move|p1a: スパ ストーブレイカー|Earthquake|p2a: Juan Ramírez
|-supereffective|p2a: Juan Ramírez
|-damage|p2a: Juan Ramírez|3/100
|
|-weather|none
|upkeep
|turn|6
|
|move|p2a: Juan Ramírez|Moonlight|p2a: Juan Ramírez
|-heal|p2a: Juan Ramírez|53/100
|move|p1a: スパ ストーブレイカー|Earthquake|p2a: Juan Ramírez
|-supereffective|p2a: Juan Ramírez
|-damage|p2a: Juan Ramírez|6/100
|
|upkeep
|turn|7
|
|move|p2a: Juan Ramírez|Earthquake|p1a: スパ ストーブレイカー
|-supereffective|p1a: スパ ストーブレイカー
|-damage|p1a: スパ ストーブレイカー|30/100
|move|p1a: スパ ストーブレイカー|Earthquake|p2a: Juan Ramírez
|-supereffective|p2a: Juan Ramírez
|-damage|p2a: Juan Ramírez|0 fnt
|faint|p2a: Juan Ramírez
|
|upkeep
|
|switch|p2a: Illoilloillo|Zacian-Crowned|100/100
|-ability|p2a: Illoilloillo|Intrepid Sword|boost
|-boost|p2a: Illoilloillo|atk|1
|turn|8
|
|move|p2a: Illoilloillo|Close Combat|p1a: スパ ストーブレイカー
|-supereffective|p1a: スパ ストーブレイカー
|-damage|p1a: スパ ストーブレイカー|0 fnt
|-unboost|p2a: Illoilloillo|def|1
|-unboost|p2a: Illoilloillo|spd|1
|faint|p1a: スパ ストーブレイカー
|
|upkeep
|
|switch|p1a: PhilStopper|Quagsire, M|100/100
|turn|9
|j| twopenguin
|
|switch|p2a: Manolo Pérez|Tyranitar, F|53/100
|-weather|Sandstorm|[from] ability: Sand Stream|[of] p2a: Manolo Pérez
|move|p1a: PhilStopper|Toxic|p2a: Manolo Pérez
|-status|p2a: Manolo Pérez|tox
|
|-weather|Sandstorm|[upkeep]
|-damage|p2a: Manolo Pérez|47/100 tox|[from] psn
|upkeep
|turn|10
|
|switch|p1a: Carton Jaune|Necrozma-Dusk-Mane|100/100
|-start|p2a: Manolo Pérez|Dynamax
|-heal|p2a: Manolo Pérez|47/100 tox|[silent]
|move|p2a: Manolo Pérez|Max Darkness|p1a: Carton Jaune
|-supereffective|p1a: Carton Jaune
|-damage|p1a: Carton Jaune|57/100
|-enditem|p1a: Carton Jaune|Weakness Policy
|-boost|p1a: Carton Jaune|atk|2|[from] item: Weakness Policy
|-boost|p1a: Carton Jaune|spa|2|[from] item: Weakness Policy
|-unboost|p1a: Carton Jaune|spd|1
|
|-weather|Sandstorm|[upkeep]
|-damage|p2a: Manolo Pérez|41/100 tox|[from] psn
|upkeep
|turn|11
|
|move|p1a: Carton Jaune|Sunsteel Strike|p2a: Manolo Pérez
|-supereffective|p2a: Manolo Pérez
|-damage|p2a: Manolo Pérez|0 fnt
|faint|p2a: Manolo Pérez
|
|-weather|Sandstorm|[upkeep]
|upkeep
|
|switch|p2a: Javier Sarda|Marshadow|100/100
|turn|12
|
|switch|p1a: PhilStopper|Quagsire, M|100/100
|move|p2a: Javier Sarda|Spectral Thief|p1a: PhilStopper
|-damage|p1a: PhilStopper|61/100
|-damage|p2a: Javier Sarda|91/100|[from] item: Life Orb
|
|-weather|Sandstorm|[upkeep]
|-damage|p2a: Javier Sarda|84/100|[from] Sandstorm
|-heal|p1a: PhilStopper|67/100|[from] item: Leftovers
|upkeep
|turn|13
|
|move|p2a: Javier Sarda|Spectral Thief|p1a: PhilStopper
|-damage|p1a: PhilStopper|29/100
|-damage|p2a: Javier Sarda|74/100|[from] item: Life Orb
|move|p1a: PhilStopper|Toxic|p2a: Javier Sarda
|-status|p2a: Javier Sarda|tox
|
|-weather|none
|-heal|p1a: PhilStopper|35/100|[from] item: Leftovers
|-damage|p2a: Javier Sarda|68/100 tox|[from] psn
|upkeep
|turn|14
|
|-start|p1a: PhilStopper|Dynamax
|-heal|p1a: PhilStopper|35/100|[silent]
|move|p1a: PhilStopper|Max Guard|p1a: PhilStopper
|-singleturn|p1a: PhilStopper|Max Guard
|move|p2a: Javier Sarda|Spectral Thief|p1a: PhilStopper
|-activate|p1a: PhilStopper|move: Max Guard
|
|-heal|p1a: PhilStopper|38/100|[from] item: Leftovers
|-damage|p2a: Javier Sarda|56/100 tox|[from] psn
|upkeep
|turn|15
|j| HirameIsGei
|
|switch|p2a: Illoilloillo|Zacian-Crowned|100/100
|-ability|p2a: Illoilloillo|Intrepid Sword|boost
|-boost|p2a: Illoilloillo|atk|1
|-end|p1a: PhilStopper|Dynamax
|-heal|p1a: PhilStopper|38/100|[silent]
|switch|p1a: Anti-Lunala|Mandibuzz, F|100/100
|
|upkeep
|turn|16
|inactive|Ryu Fenrir has 120 seconds left.
|inactive|HTezcat04 has 120 seconds left.
|
|move|p2a: Illoilloillo|Wild Charge|p1a: Anti-Lunala
|-supereffective|p1a: Anti-Lunala
|-damage|p1a: Anti-Lunala|0 fnt
|-damage|p2a: Illoilloillo|68/100|[from] Recoil
|faint|p1a: Anti-Lunala
|
|upkeep
|
|switch|p1a: Petit Papa Noel|Darmanitan-Galar, M|100/100
|turn|17
|inactive|Ryu Fenrir has 120 seconds left.
|
|move|p2a: Illoilloillo|Protect|p2a: Illoilloillo
|-singleturn|p2a: Illoilloillo|Protect
|move|p1a: Petit Papa Noel|Earthquake|p2a: Illoilloillo
|-activate|p2a: Illoilloillo|move: Protect
|
|upkeep
|turn|18
|
|move|p1a: Petit Papa Noel|Earthquake|p2a: Illoilloillo
|-supereffective|p2a: Illoilloillo
|-damage|p2a: Illoilloillo|0 fnt
|faint|p2a: Illoilloillo
|
|upkeep
|
|switch|p2a: Er mehó|Zekrom|100/100
|-ability|p2a: Er mehó|Teravolt
|turn|19
|
|move|p1a: Petit Papa Noel|Earthquake|p2a: Er mehó
|-supereffective|p2a: Er mehó
|-damage|p2a: Er mehó|10/100
|move|p2a: Er mehó|Bolt Strike|p1a: Petit Papa Noel
|-damage|p1a: Petit Papa Noel|0 fnt
|faint|p1a: Petit Papa Noel
|
|-heal|p2a: Er mehó|16/100|[from] item: Leftovers
|upkeep
|
|switch|p1a: Carton Jaune|Necrozma-Dusk-Mane|57/100
|turn|20
|
|move|p2a: Er mehó|Bolt Strike|p1a: Carton Jaune
|-damage|p1a: Carton Jaune|11/100
|-status|p1a: Carton Jaune|par
|move|p1a: Carton Jaune|Earthquake|p2a: Er mehó
|-supereffective|p2a: Er mehó
|-damage|p2a: Er mehó|0 fnt
|faint|p2a: Er mehó
|
|upkeep
|
|switch|p2a: Javier Sarda|Marshadow|56/100 tox
|turn|21
|
|move|p2a: Javier Sarda|Shadow Sneak|p1a: Carton Jaune
|-supereffective|p1a: Carton Jaune
|-damage|p1a: Carton Jaune|0 fnt
|-damage|p2a: Javier Sarda|46/100 tox|[from] item: Life Orb
|faint|p1a: Carton Jaune
|
|-damage|p2a: Javier Sarda|39/100 tox|[from] psn
|upkeep
|
|switch|p1a: PhilStopper|Quagsire, M|38/100
|turn|22
|
|move|p2a: Javier Sarda|Close Combat|p1a: PhilStopper
|-damage|p1a: PhilStopper|0 fnt
|-unboost|p2a: Javier Sarda|def|1
|-unboost|p2a: Javier Sarda|spd|1
|-damage|p2a: Javier Sarda|29/100 tox|[from] item: Life Orb
|faint|p1a: PhilStopper
|
|-damage|p2a: Javier Sarda|17/100 tox|[from] psn
|upkeep
|
|switch|p1a: Anti-Quagsire|Zekrom|100/100
|-ability|p1a: Anti-Quagsire|Teravolt
|turn|23
|
|move|p2a: Javier Sarda|Close Combat|p1a: Anti-Quagsire
|-damage|p1a: Anti-Quagsire|37/100
|-unboost|p2a: Javier Sarda|def|1
|-unboost|p2a: Javier Sarda|spd|1
|-damage|p2a: Javier Sarda|7/100 tox|[from] item: Life Orb
|move|p1a: Anti-Quagsire|Substitute|p1a: Anti-Quagsire
|-start|p1a: Anti-Quagsire|Substitute
|-damage|p1a: Anti-Quagsire|12/100
|
|-heal|p1a: Anti-Quagsire|18/100|[from] item: Leftovers
|-damage|p2a: Javier Sarda|0 fnt|[from] psn
|faint|p2a: Javier Sarda
|upkeep
|
|switch|p2a: Antonio Sánchez|Ditto|100/100
|turn|24
|
|move|p1a: Anti-Quagsire|Dragon Claw|p2a: Antonio Sánchez
|-damage|p2a: Antonio Sánchez|43/100
|move|p2a: Antonio Sánchez|Transform||[still]
|-fail|p2a: Antonio Sánchez
|
|-heal|p1a: Anti-Quagsire|24/100|[from] item: Leftovers
|upkeep
|turn|25
|-message|HTezcat04 forfeited.
|
|win|Ryu Fenrir
|l|☆HTezcat04
|l| twopenguin
|raw|Ryu Fenrir's rating: 1467 &rarr; <strong>1493</strong><br />(+26 for winning)
|raw|HTezcat04's rating: 1573 &rarr; <strong>1547</strong><br />(-26 for losing)
