|j|☆NoTimeNoSpace
|j|☆premmalhotra
|inactive|Battle timer is ON: inactive players will automatically lose when time's up.
|t:|1637924656
|gametype|singles
|player|p1|NoTimeNoSpace|gambler|
|player|p2|premmalhotra|ghetsis-gen5bw|
|teamsize|p1|6
|teamsize|p2|6
|gen|8
|tier|[Gen 8] Ubers
|rated|Tournament battle
|rule|Sleep Clause Mod: Limit one foe put to sleep
|rule|Species Clause: Limit one of each Pokémon
|rule|OHKO Clause: OHKO moves are banned
|rule|Evasion Moves Clause: Evasion moves are banned
|rule|Endless Battle Clause: Forcing endless battles is banned
|rule|HP Percentage Mod: HP is shown in percentages
|rule|Dynamax Clause: You cannot dynamax
|rule|Tier Shift Mod: Pokémon get stat buffs depending on their tier, excluding HP.
|clearpoke
|poke|p1|Eiscue, F|
|poke|p1|Scrafty, M|
|poke|p1|Thievul, F|
|poke|p1|Incineroar, M|
|poke|p1|Indeedee-F, F|
|poke|p1|Coalossal, F|
|poke|p2|Avalugg, F|
|poke|p2|Audino, F|
|poke|p2|Scyther, F|
|poke|p2|Uxie|
|poke|p2|Inteleon, F|
|poke|p2|Mandibuzz, F|
|teampreview
|j|*Lady Monita ❄
|c|☆premmalhotra|ayyy
|c|☆premmalhotra|glhf
|j| I LOVE FEMBOYS UWU
|
|t:|1637924678
|start
|switch|p1a: Coalossal|Coalossal, F|100/100
|switch|p2a: Inteleon|Inteleon, F|100/100
|turn|1
|l| I LOVE FEMBOYS UWU
|
|t:|1637924686
|switch|p1a: Scrafty|Scrafty, M|100/100
|move|p2a: Inteleon|Focus Energy|p2a: Inteleon
|-start|p2a: Inteleon|move: Focus Energy
|
|upkeep
|turn|2
|
|t:|1637924691
|move|p2a: Inteleon|Snipe Shot|p1a: Scrafty
|-crit|p1a: Scrafty
|-damage|p1a: Scrafty|38/100
|move|p1a: Scrafty|Knock Off|p2a: Inteleon
|-damage|p2a: Inteleon|45/100
|-enditem|p2a: Inteleon|Scope Lens|[from] move: Knock Off|[of] p1a: Scrafty
|
|-heal|p1a: Scrafty|44/100|[from] item: Leftovers
|upkeep
|turn|3
|
|t:|1637924699
|move|p2a: Inteleon|Snipe Shot|p1a: Scrafty
|-crit|p1a: Scrafty
|-damage|p1a: Scrafty|0 fnt
|faint|p1a: Scrafty
|
|upkeep
|j| abhishek77123
|inactive|NoTimeNoSpace has 120 seconds left.
|c|☆premmalhotra|hey if you win, pick a fun tour please :)
|j| Weirdo102938
|
|t:|1637924742
|switch|p1a: Thievul|Thievul, F|100/100
|turn|4
|
|t:|1637924745
|move|p2a: Inteleon|Snipe Shot|p1a: Thievul
|-crit|p1a: Thievul
|-damage|p1a: Thievul|23/100
|move|p1a: Thievul|Snarl|p2a: Inteleon
|-damage|p2a: Inteleon|8/100
|-unboost|p2a: Inteleon|spa|1
|-enditem|p1a: Thievul|Throat Spray
|-boost|p1a: Thievul|spa|1|[from] item: Throat Spray
|
|upkeep
|turn|5
|j| ANoobWithoutANameツ
|
|t:|1637924754
|move|p1a: Thievul|Psychic|p2a: Inteleon
|-damage|p2a: Inteleon|0 fnt
|faint|p2a: Inteleon
|
|upkeep
|
|t:|1637924761
|switch|p2a: Mandibuzz|Mandibuzz, F|100/100
|turn|6
|
|t:|1637924766
|move|p1a: Thievul|Snarl|p2a: Mandibuzz
|-resisted|p2a: Mandibuzz
|-damage|p2a: Mandibuzz|87/100
|-unboost|p2a: Mandibuzz|spa|1
|move|p2a: Mandibuzz|U-turn|p1a: Thievul
|-supereffective|p1a: Thievul
|-damage|p1a: Thievul|0 fnt
|faint|p1a: Thievul
|
|t:|1637924771
|switch|p2a: Avalugg|Avalugg, F|100/100|[from]move: U-turn
|
|upkeep
|inactive|NoTimeNoSpace has 120 seconds left.
|j| Rethanonapkmn
|inactive|NoTimeNoSpace has 90 seconds left.
|
|t:|1637924836
|switch|p1a: Coalossal|Coalossal, F|100/100
|turn|7
|
|t:|1637924839
|move|p1a: Coalossal|Stealth Rock|p2a: Avalugg
|-sidestart|p2: premmalhotra|move: Stealth Rock
|move|p2a: Avalugg|Body Press|p1a: Coalossal
|-supereffective|p1a: Coalossal
|-damage|p1a: Coalossal|54/100
|
|upkeep
|turn|8
|
|t:|1637924848
|switch|p1a: Incineroar|Incineroar, M|100/100
|-ability|p1a: Incineroar|Intimidate|boost
|-unboost|p2a: Avalugg|atk|1
|move|p2a: Avalugg|Rapid Spin|p1a: Incineroar
|-damage|p1a: Incineroar|92/100
|-boost|p2a: Avalugg|spe|1
|-sideend|p2: premmalhotra|Stealth Rock|[from] move: Rapid Spin|[of] p2a: Avalugg
|
|upkeep
|turn|9
|c|☆NoTimeNoSpace|I'd like to choose something like random shared power 24 mons pick 6
|inactive|NoTimeNoSpace has 90 seconds left.
|
|t:|1637924871
|move|p2a: Avalugg|Body Press|p1a: Incineroar
|-supereffective|p1a: Incineroar
|-damage|p1a: Incineroar|23/100
|move|p1a: Incineroar|Toxic|p2a: Avalugg
|-status|p2a: Avalugg|tox
|
|-damage|p2a: Avalugg|94/100 tox|[from] psn
|upkeep
|turn|10
|c|☆premmalhotra|OMGGGG ARE YOU MY BROTHER OR SOMETHING
|inactive|NoTimeNoSpace has 90 seconds left.
|c|☆premmalhotra|I was gonna pick the samw
|c|☆premmalhotra|lmao
|c|☆NoTimeNoSpace|lol
|c| Weirdo102938|Lol
|
|t:|1637924892
|move|p2a: Avalugg|Body Press|p1a: Incineroar
|-supereffective|p1a: Incineroar
|-damage|p1a: Incineroar|0 fnt
|faint|p1a: Incineroar
|
|-damage|p2a: Avalugg|82/100 tox|[from] psn
|upkeep
|
|t:|1637924896
|switch|p1a: Indeedee|Indeedee-F, F|100/100
|-fieldstart|move: Psychic Terrain|[from] ability: Psychic Surge|[of] p1a: Indeedee
|turn|11
|
|t:|1637924901
|switch|p2a: Mandibuzz|Mandibuzz, F|87/100
|move|p1a: Indeedee|Expanding Force|p2a: Mandibuzz
|-immune|p2a: Mandibuzz
|
|-heal|p2a: Mandibuzz|93/100|[from] item: Leftovers
|upkeep
|turn|12
|
|t:|1637924903
|switch|p1a: Coalossal|Coalossal, F|54/100
|move|p2a: Mandibuzz|U-turn|p1a: Coalossal
|-resisted|p1a: Coalossal
|-damage|p1a: Coalossal|51/100
|-status|p2a: Mandibuzz|brn|[from] ability: Flame Body|[of] p1a: Coalossal
|
|t:|1637924907
|switch|p2a: Uxie|Uxie|100/100|[from]move: U-turn
|
|upkeep
|turn|13
|
|t:|1637924909
|move|p2a: Uxie|Calm Mind|p2a: Uxie
|-boost|p2a: Uxie|spa|1
|-boost|p2a: Uxie|spd|1
|move|p1a: Coalossal|Stealth Rock|p2a: Uxie
|-sidestart|p2: premmalhotra|move: Stealth Rock
|
|upkeep
|turn|14
|
|t:|1637924914
|move|p2a: Uxie|Calm Mind|p2a: Uxie
|-boost|p2a: Uxie|spa|1
|-boost|p2a: Uxie|spd|1
|move|p1a: Coalossal|Flare Blitz|p2a: Uxie
|-damage|p2a: Uxie|77/100
|-damage|p1a: Coalossal|44/100|[from] Recoil
|
|upkeep
|turn|15
|
|t:|1637924917
|move|p2a: Uxie|Calm Mind|p2a: Uxie
|-boost|p2a: Uxie|spa|1
|-boost|p2a: Uxie|spd|1
|move|p1a: Coalossal|Flare Blitz|p2a: Uxie
|-damage|p2a: Uxie|55/100
|-damage|p1a: Coalossal|38/100|[from] Recoil
|
|upkeep
|turn|16
|
|t:|1637924920
|move|p2a: Uxie|Calm Mind|p2a: Uxie
|-boost|p2a: Uxie|spa|1
|-boost|p2a: Uxie|spd|1
|move|p1a: Coalossal|Flare Blitz|p2a: Uxie
|-damage|p2a: Uxie|32/100
|-damage|p1a: Coalossal|32/100|[from] Recoil
|
|upkeep
|turn|17
|l| Rethanonapkmn
|
|t:|1637924922
|move|p2a: Uxie|Rest|p2a: Uxie
|-status|p2a: Uxie|slp|[from] move: Rest
|-heal|p2a: Uxie|100/100 slp|[silent]
|-enditem|p2a: Uxie|Chesto Berry|[eat]
|-curestatus|p2a: Uxie|slp|[msg]
|move|p1a: Coalossal|Flare Blitz|p2a: Uxie
|-damage|p2a: Uxie|78/100
|-damage|p1a: Coalossal|25/100|[from] Recoil
|
|upkeep
|turn|18
|
|t:|1637924925
|move|p2a: Uxie|Stored Power|p1a: Coalossal
|-damage|p1a: Coalossal|0 fnt
|faint|p1a: Coalossal
|
|-fieldend|move: Psychic Terrain
|upkeep
|c|☆NoTimeNoSpace|gg
|c|☆premmalhotra|gg
|
|t:|1637924931
|switch|p1a: Indeedee|Indeedee-F, F|100/100
|-fieldstart|move: Psychic Terrain|[from] ability: Psychic Surge|[of] p1a: Indeedee
|turn|19
|
|t:|1637924934
|move|p1a: Indeedee|Shadow Ball|p2a: Uxie
|-supereffective|p2a: Uxie
|-damage|p2a: Uxie|67/100
|move|p2a: Uxie|Stored Power|p1a: Indeedee
|-resisted|p1a: Indeedee
|-damage|p1a: Indeedee|4/100
|
|upkeep
|turn|20
|
|t:|1637924940
|move|p1a: Indeedee|Shadow Ball|p2a: Uxie
|-supereffective|p2a: Uxie
|-damage|p2a: Uxie|56/100
|move|p2a: Uxie|Stored Power|p1a: Indeedee
|-resisted|p1a: Indeedee
|-damage|p1a: Indeedee|0 fnt
|faint|p1a: Indeedee
|
|upkeep
|
|t:|1637924944
|switch|p1a: Eiscue|Eiscue, F|100/100
|turn|21
|c|☆premmalhotra|damn uxie thiccc
|
|t:|1637924948
|move|p2a: Uxie|Stored Power|p1a: Eiscue
|-damage|p1a: Eiscue|0 fnt
|faint|p1a: Eiscue
|
|win|premmalhotra
|n|☆NoTimeNoSpace|notimenospace
|n|☆premmalhotra|premmalhotra
|n|*Lady Monita ❄|ladymonita
|n| abhishek77123|abhishek77123
|n| Weirdo102938|weirdo102938
|n| ANoobWithoutANameツ|anoobwithoutaname
