|html|<div class="broadcast-blue"><strong>[Gen 8] Ubers is currently suspecting Calyrex-Shadow! For information on how to participate check out the <a href="https://www.smogon.com/forums/threads/np-ss-ubers-stage-8-ridin-dirty-calyrex-shadow-suspect-test.3704200/">suspect thread</a>.</strong></div>
|j|☆Ryriss
|j|☆Kage UwU
|t:|1657107030
|gametype|singles
|player|p1|Ryriss|hilbert|1412
|player|p2|Kage UwU|psychic-gen4|1444
|teamsize|p1|6
|teamsize|p2|6
|gen|8
|tier|[Gen 8] Ubers
|rated|
|rule|Sleep Clause Mod: Limit one foe put to sleep
|rule|Species Clause: Limit one of each Pokémon
|rule|OHKO Clause: OHKO moves are banned
|rule|Evasion Moves Clause: Evasion moves are banned
|rule|Endless Battle Clause: Forcing endless battles is banned
|rule|HP Percentage Mod: HP is shown in percentages
|rule|Dynamax Clause: You cannot dynamax
|clearpoke
|poke|p1|Giratina-Origin|
|poke|p1|Zekrom|
|poke|p1|Necrozma-Dusk-Mane|
|poke|p1|Kyurem-Black|
|poke|p1|Kyogre|
|poke|p1|Yveltal|
|poke|p2|Zygarde|
|poke|p2|Ferrothorn, M|
|poke|p2|Ho-Oh|
|poke|p2|Yveltal|
|poke|p2|Blissey, F|
|poke|p2|Toxapex, M|
|teampreview
|inactive|Battle timer is ON: inactive players will automatically lose when time's up. (requested by Kage UwU)
|
|t:|1657107041
|start
|switch|p1a: Kyogre|Kyogre|100/100
|switch|p2a: instead|Ferrothorn, M|100/100
|-weather|RainDance|[from] ability: Drizzle|[of] p1a: Kyogre
|turn|1
|
|t:|1657107048
|switch|p2a: read|Blissey, F|100/100
|move|p1a: Kyogre|Calm Mind|p1a: Kyogre
|-boost|p1a: Kyogre|spa|1
|-boost|p1a: Kyogre|spd|1
|
|-weather|RainDance|[upkeep]
|upkeep
|turn|2
|
|t:|1657107056
|move|p1a: Kyogre|Origin Pulse|p2a: read
|-damage|p2a: read|64/100
|move|p2a: read|Wish|p2a: read
|
|-weather|RainDance|[upkeep]
|upkeep
|turn|3
|
|t:|1657107062
|move|p1a: Kyogre|Calm Mind|p1a: Kyogre
|-boost|p1a: Kyogre|spa|1
|-boost|p1a: Kyogre|spd|1
|move|p2a: read|Confide|p1a: Kyogre
|-unboost|p1a: Kyogre|spa|1
|
|-weather|RainDance|[upkeep]
|-heal|p2a: read|100/100|[from] move: Wish|[wisher] read
|upkeep
|turn|4
|
|t:|1657107078
|switch|p1a: Kyurem|Kyurem-Black|100/100
|-ability|p1a: Kyurem|Teravolt
|move|p2a: read|Wish|p2a: read
|
|-weather|RainDance|[upkeep]
|upkeep
|turn|5
|
|t:|1657107085
|switch|p2a: instead|Ferrothorn, M|100/100
|move|p1a: Kyurem|Dragon Dance|p1a: Kyurem
|-boost|p1a: Kyurem|atk|1
|-boost|p1a: Kyurem|spe|1
|
|-weather|none
|upkeep
|turn|6
|
|t:|1657107093
|move|p1a: Kyurem|Icicle Spear|p2a: instead
|-damage|p2a: instead|87/100
|-damage|p2a: instead|72/100
|-damage|p2a: instead|58/100
|-hitcount|p2a: instead|3
|move|p2a: instead|Iron Defense|p2a: instead
|-boost|p2a: instead|def|2
|
|-heal|p2a: instead|65/100|[from] item: Leftovers
|upkeep
|turn|7
|
|t:|1657107118
|switch|p1a: Kyogre|Kyogre|100/100
|-weather|RainDance|[from] ability: Drizzle|[of] p1a: Kyogre
|move|p2a: instead|Leech Seed|p1a: Kyogre
|-start|p1a: Kyogre|move: Leech Seed
|
|-weather|RainDance|[upkeep]
|-heal|p2a: instead|71/100|[from] item: Leftovers
|-damage|p1a: Kyogre|88/100|[from] Leech Seed|[of] p2a: instead
|-heal|p2a: instead|85/100|[silent]
|upkeep
|turn|8
|
|t:|1657107129
|switch|p1a: Kyurem|Kyurem-Black|100/100
|-ability|p1a: Kyurem|Teravolt
|move|p2a: instead|Body Press|p1a: Kyurem
|-supereffective|p1a: Kyurem
|-damage|p1a: Kyurem|0 fnt
|faint|p1a: Kyurem
|
|-weather|RainDance|[upkeep]
|-heal|p2a: instead|91/100|[from] item: Leftovers
|upkeep
|
|t:|1657107141
|switch|p1a: Kyogre|Kyogre|88/100
|turn|9
|
|t:|1657107144
|move|p1a: Kyogre|Ice Beam|p2a: instead
|-damage|p2a: instead|61/100
|move|p2a: instead|Body Press|p1a: Kyogre
|-damage|p1a: Kyogre|28/100
|
|-weather|RainDance|[upkeep]
|-heal|p1a: Kyogre|35/100|[from] item: Leftovers
|-heal|p2a: instead|67/100|[from] item: Leftovers
|upkeep
|turn|10
|
|t:|1657107154
|switch|p2a: read|Blissey, F|100/100
|move|p1a: Kyogre|Ice Beam|p2a: read
|-damage|p2a: read|88/100
|
|-weather|RainDance|[upkeep]
|-heal|p1a: Kyogre|41/100|[from] item: Leftovers
|upkeep
|turn|11
|
|t:|1657107166
|switch|p1a: Yveltal|Yveltal|100/100
|-ability|p1a: Yveltal|Dark Aura
|move|p2a: read|Wish|p2a: read
|
|-weather|none
|upkeep
|turn|12
|
|t:|1657107176
|switch|p2a: this|Toxapex, M|100/100
|move|p1a: Yveltal|Oblivion Wing|p2a: this
|-damage|p2a: this|65/100
|
|-heal|p2a: this|100/100|[from] move: Wish|[wisher] read
|upkeep
|turn|13
|
|t:|1657107186
|move|p1a: Yveltal|Dark Pulse|p2a: this
|-damage|p2a: this|54/100
|move|p2a: this|Toxic|p1a: Yveltal
|-status|p1a: Yveltal|tox
|
|-damage|p1a: Yveltal|94/100 tox|[from] psn
|upkeep
|turn|14
|
|t:|1657107195
|switch|p2a: to|Yveltal|100/100
|-ability|p2a: to|Dark Aura
|move|p1a: Yveltal|Snarl|p2a: to
|-resisted|p2a: to
|-damage|p2a: to|90/100
|-unboost|p2a: to|spa|1
|-enditem|p1a: Yveltal|Throat Spray
|-boost|p1a: Yveltal|spa|1|[from] item: Throat Spray
|
|-damage|p1a: Yveltal|82/100 tox|[from] psn
|upkeep
|turn|15
|
|t:|1657107207
|move|p1a: Yveltal|Oblivion Wing|p2a: to
|-damage|p2a: to|55/100
|-heal|p1a: Yveltal|100/100 tox|[from] drain|[of] p2a: to
|move|p2a: to|Knock Off|p1a: Yveltal
|-resisted|p1a: Yveltal
|-damage|p1a: Yveltal|83/100 tox
|
|-damage|p1a: Yveltal|65/100 tox|[from] psn
|upkeep
|turn|16
|
|t:|1657107218
|move|p1a: Yveltal|Dark Pulse|p2a: to
|-resisted|p2a: to
|-damage|p2a: to|31/100
|move|p2a: to|Roost|p2a: to
|-heal|p2a: to|81/100
|-singleturn|p2a: to|move: Roost
|
|-damage|p1a: Yveltal|40/100 tox|[from] psn
|upkeep
|turn|17
|
|t:|1657107228
|switch|p1a: Zekrom|Zekrom|100/100
|-ability|p1a: Zekrom|Teravolt
|move|p2a: to|U-turn|p1a: Zekrom
|-damage|p1a: Zekrom|86/100
|
|t:|1657107235
|switch|p2a: instead|Ferrothorn, M|67/100|[from]move: U-turn
|
|-heal|p2a: instead|73/100|[from] item: Leftovers
|upkeep
|turn|18
|
|t:|1657107242
|switch|p1a: Yveltal|Yveltal|40/100 tox
|-ability|p1a: Yveltal|Dark Aura
|move|p2a: instead|Iron Defense|p2a: instead
|-boost|p2a: instead|def|2
|
|-heal|p2a: instead|79/100|[from] item: Leftovers
|-damage|p1a: Yveltal|34/100 tox|[from] psn
|upkeep
|turn|19
|
|t:|1657107252
|switch|p2a: to|Yveltal|81/100
|-ability|p2a: to|Dark Aura
|move|p1a: Yveltal|Oblivion Wing|p2a: to
|-damage|p2a: to|58/100
|-heal|p1a: Yveltal|55/100 tox|[from] drain|[of] p2a: to
|
|-damage|p1a: Yveltal|42/100 tox|[from] psn
|upkeep
|turn|20
|
|t:|1657107268
|switch|p1a: Zekrom|Zekrom|86/100
|-ability|p1a: Zekrom|Teravolt
|move|p2a: to|Roost|p2a: to
|-heal|p2a: to|100/100
|-singleturn|p2a: to|move: Roost
|
|upkeep
|turn|21
|
|t:|1657107276
|switch|p2a: instead|Ferrothorn, M|79/100
|move|p1a: Zekrom|Dragon Dance|p1a: Zekrom
|-boost|p1a: Zekrom|atk|1
|-boost|p1a: Zekrom|spe|1
|
|-heal|p2a: instead|86/100|[from] item: Leftovers
|upkeep
|turn|22
|
|t:|1657107285
|move|p1a: Zekrom|Bolt Strike|p2a: instead
|-resisted|p2a: instead
|-damage|p2a: instead|51/100
|-damage|p1a: Zekrom|74/100|[from] ability: Iron Barbs|[of] p2a: instead
|move|p2a: instead|Iron Defense|p2a: instead
|-boost|p2a: instead|def|2
|
|-heal|p2a: instead|57/100|[from] item: Leftovers
|upkeep
|turn|23
|
|t:|1657107295
|move|p1a: Zekrom|Bolt Strike|p2a: instead
|-resisted|p2a: instead
|-damage|p2a: instead|39/100
|-damage|p1a: Zekrom|62/100|[from] ability: Iron Barbs|[of] p2a: instead
|move|p2a: instead|Leech Seed|p1a: Zekrom
|-start|p1a: Zekrom|move: Leech Seed
|
|-heal|p2a: instead|46/100|[from] item: Leftovers
|-damage|p1a: Zekrom|49/100|[from] Leech Seed|[of] p2a: instead
|-heal|p2a: instead|60/100|[silent]
|upkeep
|turn|24
|
|t:|1657107308
|switch|p1a: Yveltal|Yveltal|42/100 tox
|-ability|p1a: Yveltal|Dark Aura
|move|p2a: instead|Leech Seed|p1a: Yveltal
|-start|p1a: Yveltal|move: Leech Seed
|
|-heal|p2a: instead|66/100|[from] item: Leftovers
|-damage|p1a: Yveltal|30/100 tox|[from] Leech Seed|[of] p2a: instead
|-heal|p2a: instead|80/100|[silent]
|-damage|p1a: Yveltal|24/100 tox|[from] psn
|upkeep
|turn|25
|
|t:|1657107320
|switch|p2a: to|Yveltal|100/100
|-ability|p2a: to|Dark Aura
|move|p1a: Yveltal|Oblivion Wing|p2a: to
|-damage|p2a: to|77/100
|-heal|p1a: Yveltal|44/100 tox|[from] drain|[of] p2a: to
|
|-damage|p1a: Yveltal|32/100 tox|[from] Leech Seed|[of] p2a: to
|-heal|p2a: to|88/100|[silent]
|-damage|p1a: Yveltal|20/100 tox|[from] psn
|upkeep
|turn|26
|
|t:|1657107332
|move|p1a: Yveltal|Oblivion Wing|p2a: to
|-damage|p2a: to|65/100
|-heal|p1a: Yveltal|40/100 tox|[from] drain|[of] p2a: to
|move|p2a: to|Knock Off|p1a: Yveltal
|-resisted|p1a: Yveltal
|-damage|p1a: Yveltal|23/100 tox
|
|-damage|p1a: Yveltal|10/100 tox|[from] Leech Seed|[of] p2a: to
|-heal|p2a: to|76/100|[silent]
|-damage|p1a: Yveltal|0 fnt|[from] psn
|faint|p1a: Yveltal
|upkeep
|
|t:|1657107344
|switch|p1a: Zekrom|Zekrom|49/100
|-ability|p1a: Zekrom|Teravolt
|turn|27
|
|t:|1657107350
|switch|p2a: instead|Ferrothorn, M|80/100
|move|p1a: Zekrom|Dragon Dance|p1a: Zekrom
|-boost|p1a: Zekrom|atk|1
|-boost|p1a: Zekrom|spe|1
|
|-heal|p2a: instead|86/100|[from] item: Leftovers
|upkeep
|turn|28
|
|t:|1657107358
|move|p1a: Zekrom|Bolt Strike|p2a: instead
|-resisted|p2a: instead
|-damage|p2a: instead|52/100
|-damage|p1a: Zekrom|37/100|[from] ability: Iron Barbs|[of] p2a: instead
|move|p2a: instead|Iron Defense|p2a: instead
|-boost|p2a: instead|def|2
|
|-heal|p2a: instead|58/100|[from] item: Leftovers
|upkeep
|turn|29
|
|t:|1657107368
|move|p1a: Zekrom|Roost|p1a: Zekrom
|-heal|p1a: Zekrom|87/100
|-singleturn|p1a: Zekrom|move: Roost
|move|p2a: instead|Leech Seed|p1a: Zekrom
|-start|p1a: Zekrom|move: Leech Seed
|
|-heal|p2a: instead|64/100|[from] item: Leftovers
|-damage|p1a: Zekrom|75/100|[from] Leech Seed|[of] p2a: instead
|-heal|p2a: instead|79/100|[silent]
|upkeep
|turn|30
|
|t:|1657107377
|switch|p1a: Giratina|Giratina-Origin|100/100
|move|p2a: instead|Body Press|p1a: Giratina
|-immune|p1a: Giratina
|
|-heal|p2a: instead|85/100|[from] item: Leftovers
|upkeep
|turn|31
|
|t:|1657107387
|move|p1a: Giratina|Will-O-Wisp|p2a: instead
|-status|p2a: instead|brn
|move|p2a: instead|Leech Seed|p1a: Giratina|[miss]
|-miss|p2a: instead|p1a: Giratina
|
|-heal|p2a: instead|91/100 brn|[from] item: Leftovers
|-damage|p2a: instead|85/100 brn|[from] brn
|upkeep
|turn|32
|
|t:|1657107396
|switch|p2a: to|Yveltal|76/100
|-ability|p2a: to|Dark Aura
|move|p1a: Giratina|Draco Meteor|p2a: to
|-crit|p2a: to
|-damage|p2a: to|24/100
|-unboost|p1a: Giratina|spa|2
|
|upkeep
|turn|33
|
|t:|1657107405
|move|p1a: Giratina|Will-O-Wisp|p2a: to|[miss]
|-miss|p1a: Giratina|p2a: to
|move|p2a: to|Roost|p2a: to
|-heal|p2a: to|74/100
|-singleturn|p2a: to|move: Roost
|
|upkeep
|turn|34
|
|t:|1657107413
|move|p1a: Giratina|Will-O-Wisp|p2a: to
|-status|p2a: to|brn
|move|p2a: to|Knock Off|p1a: Giratina
|-supereffective|p1a: Giratina
|-damage|p1a: Giratina|73/100
|
|-damage|p2a: to|68/100 brn|[from] brn
|upkeep
|turn|35
|
|t:|1657107427
|switch|p1a: Zekrom|Zekrom|75/100
|-ability|p1a: Zekrom|Teravolt
|move|p2a: to|Knock Off|p1a: Zekrom
|-damage|p1a: Zekrom|54/100
|-enditem|p1a: Zekrom|Heavy-Duty Boots|[from] move: Knock Off|[of] p2a: to
|
|-damage|p2a: to|62/100 brn|[from] brn
|upkeep
|turn|36
|
|t:|1657107439
|switch|p2a: instead|Ferrothorn, M|85/100 brn
|move|p1a: Zekrom|Roost|p1a: Zekrom
|-heal|p1a: Zekrom|100/100
|-singleturn|p1a: Zekrom|move: Roost
|
|-heal|p2a: instead|91/100 brn|[from] item: Leftovers
|-damage|p2a: instead|85/100 brn|[from] brn
|upkeep
|turn|37
|
|t:|1657107449
|move|p1a: Zekrom|Bolt Strike|p2a: instead
|-resisted|p2a: instead
|-damage|p2a: instead|63/100 brn
|-damage|p1a: Zekrom|88/100|[from] ability: Iron Barbs|[of] p2a: instead
|move|p2a: instead|Leech Seed|p1a: Zekrom
|-start|p1a: Zekrom|move: Leech Seed
|
|-heal|p2a: instead|70/100 brn|[from] item: Leftovers
|-damage|p1a: Zekrom|76/100|[from] Leech Seed|[of] p2a: instead
|-heal|p2a: instead|84/100 brn|[silent]
|-damage|p2a: instead|77/100 brn|[from] brn
|upkeep
|turn|38
|
|t:|1657107462
|switch|p1a: Kyogre|Kyogre|41/100
|-weather|RainDance|[from] ability: Drizzle|[of] p1a: Kyogre
|move|p2a: instead|Stealth Rock|p1a: Kyogre
|-sidestart|p1: Ryriss|move: Stealth Rock
|
|-weather|RainDance|[upkeep]
|-heal|p1a: Kyogre|47/100|[from] item: Leftovers
|-heal|p2a: instead|84/100 brn|[from] item: Leftovers
|-damage|p2a: instead|77/100 brn|[from] brn
|upkeep
|turn|39
|
|t:|1657107476
|switch|p2a: read|Blissey, F|88/100
|move|p1a: Kyogre|Ice Beam|p2a: read
|-damage|p2a: read|72/100
|
|-weather|RainDance|[upkeep]
|-heal|p1a: Kyogre|53/100|[from] item: Leftovers
|upkeep
|turn|40
|
|t:|1657107485
|switch|p1a: Zekrom|Zekrom|76/100
|-damage|p1a: Zekrom|63/100|[from] Stealth Rock
|-ability|p1a: Zekrom|Teravolt
|move|p2a: read|Aromatherapy|p2a: read
|-activate|p2a: read|move: Aromatherapy
|-curestatus|p2: to|brn|[msg]
|-curestatus|p2: instead|brn|[msg]
|
|-weather|RainDance|[upkeep]
|upkeep
|turn|41
|
|t:|1657107497
|switch|p2a: instead|Ferrothorn, M|77/100
|move|p1a: Zekrom|Dragon Dance|p1a: Zekrom
|-boost|p1a: Zekrom|atk|1
|-boost|p1a: Zekrom|spe|1
|
|-weather|RainDance|[upkeep]
|-heal|p2a: instead|84/100|[from] item: Leftovers
|upkeep
|turn|42
|
|t:|1657107505
|move|p1a: Zekrom|Bolt Strike|p2a: instead
|-resisted|p2a: instead
|-damage|p2a: instead|52/100
|-status|p2a: instead|par
|-damage|p1a: Zekrom|51/100|[from] ability: Iron Barbs|[of] p2a: instead
|move|p2a: instead|Iron Defense|p2a: instead
|-boost|p2a: instead|def|2
|
|-weather|none
|-heal|p2a: instead|58/100 par|[from] item: Leftovers
|upkeep
|turn|43
|
|t:|1657107516
|move|p1a: Zekrom|Roost|p1a: Zekrom
|-heal|p1a: Zekrom|100/100
|-singleturn|p1a: Zekrom|move: Roost
|move|p2a: instead|Leech Seed|p1a: Zekrom
|-start|p1a: Zekrom|move: Leech Seed
|
|-heal|p2a: instead|65/100 par|[from] item: Leftovers
|-damage|p1a: Zekrom|88/100|[from] Leech Seed|[of] p2a: instead
|-heal|p2a: instead|79/100 par|[silent]
|upkeep
|turn|44
|
|t:|1657107529
|switch|p1a: Kyogre|Kyogre|53/100
|-damage|p1a: Kyogre|41/100|[from] Stealth Rock
|-weather|RainDance|[from] ability: Drizzle|[of] p1a: Kyogre
|move|p2a: instead|Leech Seed|p1a: Kyogre
|-start|p1a: Kyogre|move: Leech Seed
|
|-weather|RainDance|[upkeep]
|-heal|p1a: Kyogre|47/100|[from] item: Leftovers
|-heal|p2a: instead|85/100 par|[from] item: Leftovers
|-damage|p1a: Kyogre|35/100|[from] Leech Seed|[of] p2a: instead
|-heal|p2a: instead|99/100 par|[silent]
|upkeep
|turn|45
|
|t:|1657107541
|move|p1a: Kyogre|Origin Pulse|p2a: instead
|-resisted|p2a: instead
|-damage|p2a: instead|56/100 par
|cant|p2a: instead|par
|
|-weather|RainDance|[upkeep]
|-heal|p1a: Kyogre|41/100|[from] item: Leftovers
|-heal|p2a: instead|62/100 par|[from] item: Leftovers
|-damage|p1a: Kyogre|28/100|[from] Leech Seed|[of] p2a: instead
|-heal|p2a: instead|76/100 par|[silent]
|upkeep
|turn|46
|
|t:|1657107552
|switch|p2a: read|Blissey, F|72/100
|move|p1a: Kyogre|Origin Pulse|p2a: read
|-damage|p2a: read|46/100
|
|-weather|RainDance|[upkeep]
|-heal|p1a: Kyogre|35/100|[from] item: Leftovers
|-damage|p1a: Kyogre|22/100|[from] Leech Seed|[of] p2a: read
|-heal|p2a: read|53/100|[silent]
|upkeep
|turn|47
|-message|Ryriss forfeited.
|
|win|Kage UwU
|raw|Ryriss's rating: 1412 &rarr; <strong>1394</strong><br />(-18 for losing)
|raw|Kage UwU's rating: 1444 &rarr; <strong>1462</strong><br />(+18 for winning)
|l|☆Ryriss
