|j|☆8142e
|j|☆waaflee
|t:|1631189415
|gametype|singles
|player|p1|8142e|aromalady|
|player|p2|waaflee|youngcouple-gen4dp|
|teamsize|p1|6
|teamsize|p2|6
|gen|8
|tier|[Gen 8] Ubers
|rated|Tournament battle
|rule|Sleep Clause Mod: Limit one foe put to sleep
|rule|Species Clause: Limit one of each Pokémon
|rule|OHKO Clause: OHKO moves are banned
|rule|Evasion Moves Clause: Evasion moves are banned
|rule|Endless Battle Clause: Forcing endless battles is banned
|rule|HP Percentage Mod: HP is shown in percentages
|rule|Dynamax Clause: You cannot dynamax
|clearpoke
|poke|p1|Necrozma-Dusk-Mane|
|poke|p1|Kyurem-Black|
|poke|p1|Xerneas-*|
|poke|p1|Eternatus|
|poke|p1|Magnezone|
|poke|p1|Yveltal|
|poke|p2|Yveltal|
|poke|p2|Shuckle, F|
|poke|p2|Rayquaza|
|poke|p2|Urshifu-*, F|
|poke|p2|Necrozma-Dusk-Mane|
|poke|p2|Calyrex-Shadow|
|teampreview
|j| RuthlessDragon6
|j|+Rhmsitb
|j| low altitude
|c|☆8142e|a rayquza
|l| low altitude
|c|☆8142e|a man of culture
|c|☆8142e|gl dude
|c|☆waaflee|thank you, its based on my ag rayquaza
|c|☆waaflee|glfh
|
|t:|1631189457
|start
|switch|p1a: Necrozma|Necrozma-Dusk-Mane|100/100
|switch|p2a: Shuckle|Shuckle, F, shiny|100/100
|turn|1
|inactive|Battle timer is ON: inactive players will automatically lose when time's up. (requested by 8142e)
|
|t:|1631189463
|move|p1a: Necrozma|Stealth Rock|p2a: Shuckle
|-sidestart|p2: waaflee|move: Stealth Rock
|move|p2a: Shuckle|Sticky Web|p1a: Necrozma
|-sidestart|p1: 8142e|move: Sticky Web
|
|upkeep
|turn|2
|
|t:|1631189466
|move|p1a: Necrozma|Sunsteel Strike|p2a: Shuckle
|-supereffective|p2a: Shuckle
|-damage|p2a: Shuckle|41/100
|move|p2a: Shuckle|Encore|p1a: Necrozma
|-start|p1a: Necrozma|Encore
|
|upkeep
|turn|3
|
|t:|1631189471
|switch|p2a: Necrozma|Necrozma-Dusk-Mane|100/100
|-damage|p2a: Necrozma|94/100|[from] Stealth Rock
|move|p1a: Necrozma|Sunsteel Strike|p2a: Necrozma
|-resisted|p2a: Necrozma
|-damage|p2a: Necrozma|81/100
|-damage|p1a: Necrozma|84/100|[from] item: Rocky Helmet|[of] p2a: Necrozma
|
|-heal|p1a: Necrozma|90/100|[from] item: Leftovers
|upkeep
|turn|4
|c|☆8142e|wait whaaa
|
|t:|1631189482
|switch|p1a: Magnezone|Magnezone|100/100
|-item|p1a: Magnezone|Air Balloon
|move|p2a: Necrozma|Knock Off|p1a: Magnezone
|-damage|p1a: Magnezone|69/100
|-enditem|p1a: Magnezone|Air Balloon
|
|upkeep
|turn|5
|
|t:|1631189486
|switch|p1a: Yveltal|Yveltal|100/100
|-ability|p1a: Yveltal|Dark Aura
|move|p2a: Necrozma|Stealth Rock|p1a: Yveltal
|-sidestart|p1: 8142e|move: Stealth Rock
|
|upkeep
|turn|6
|l| RuthlessDragon6
|c|☆8142e|nani
|
|t:|1631189496
|move|p1a: Yveltal|Defog|p2a: Necrozma
|-unboost|p2a: Necrozma|evasion|1
|-sideend|p2: waaflee|Stealth Rock|[from] move: Defog|[of] p1a: Yveltal
|-sideend|p1: 8142e|Stealth Rock|[from] move: Defog|[of] p1a: Yveltal
|-sideend|p1: 8142e|Sticky Web|[from] move: Defog|[of] p1a: Yveltal
|move|p2a: Necrozma|Knock Off|p1a: Yveltal
|-resisted|p1a: Yveltal
|-damage|p1a: Yveltal|82/100
|-enditem|p1a: Yveltal|Heavy-Duty Boots|[from] move: Knock Off|[of] p2a: Necrozma
|
|upkeep
|turn|7
|
|t:|1631189507
|switch|p2a: Yveltal|Yveltal, shiny|100/100
|-ability|p2a: Yveltal|Dark Aura
|move|p1a: Yveltal|Foul Play|p2a: Yveltal
|-resisted|p2a: Yveltal
|-damage|p2a: Yveltal|75/100
|
|upkeep
|turn|8
|
|t:|1631189510
|switch|p1a: Xerneas|Xerneas|100/100
|-ability|p1a: Xerneas|Fairy Aura
|move|p2a: Yveltal|Oblivion Wing|p1a: Xerneas
|-damage|p1a: Xerneas|55/100
|-heal|p2a: Yveltal|100/100|[from] drain|[of] p1a: Xerneas
|-damage|p2a: Yveltal|91/100|[from] item: Life Orb
|
|upkeep
|turn|9
|
|t:|1631189517
|switch|p2a: Necrozma|Necrozma-Dusk-Mane|81/100
|move|p1a: Xerneas|Moonblast|p2a: Necrozma
|-resisted|p2a: Necrozma
|-damage|p2a: Necrozma|60/100
|-unboost|p2a: Necrozma|spa|1
|
|upkeep
|turn|10
|
|t:|1631189522
|switch|p1a: Magnezone|Magnezone|69/100
|move|p2a: Necrozma|Sunsteel Strike|p1a: Magnezone
|-resisted|p1a: Magnezone
|-damage|p1a: Magnezone|59/100
|
|upkeep
|turn|11
|
|t:|1631189527
|move|p1a: Magnezone|Magnet Rise|p1a: Magnezone
|-start|p1a: Magnezone|Magnet Rise
|move|p2a: Necrozma|Morning Sun|p2a: Necrozma
|-heal|p2a: Necrozma|100/100
|
|upkeep
|turn|12
|
|t:|1631189533
|move|p1a: Magnezone|Iron Defense|p1a: Magnezone
|-boost|p1a: Magnezone|def|2
|move|p2a: Necrozma|Stealth Rock|p1a: Magnezone
|-sidestart|p1: 8142e|move: Stealth Rock
|
|upkeep
|turn|13
|
|t:|1631189536
|move|p1a: Magnezone|Substitute|p1a: Magnezone
|-start|p1a: Magnezone|Substitute
|-damage|p1a: Magnezone|34/100
|move|p2a: Necrozma|Knock Off|p1a: Magnezone
|-activate|p1a: Magnezone|move: Substitute|[damage]
|
|upkeep
|turn|14
|
|t:|1631189541
|move|p1a: Magnezone|Iron Defense|p1a: Magnezone
|-boost|p1a: Magnezone|def|2
|move|p2a: Necrozma|Knock Off|p1a: Magnezone
|-activate|p1a: Magnezone|move: Substitute|[damage]
|
|upkeep
|turn|15
|
|t:|1631189543
|move|p1a: Magnezone|Iron Defense|p1a: Magnezone
|-boost|p1a: Magnezone|def|2
|move|p2a: Necrozma|Knock Off|p1a: Magnezone
|-activate|p1a: Magnezone|move: Substitute|[damage]
|
|-end|p1a: Magnezone|Magnet Rise
|upkeep
|turn|16
|
|t:|1631189546
|move|p1a: Magnezone|Iron Defense|p1a: Magnezone
|-boost|p1a: Magnezone|def|0
|move|p2a: Necrozma|Knock Off|p1a: Magnezone
|-end|p1a: Magnezone|Substitute
|
|upkeep
|turn|17
|
|t:|1631189550
|move|p1a: Magnezone|Body Press|p2a: Necrozma
|-damage|p2a: Necrozma|43/100
|-damage|p1a: Magnezone|17/100|[from] item: Rocky Helmet|[of] p2a: Necrozma
|move|p2a: Necrozma|Sunsteel Strike|p1a: Magnezone
|-resisted|p1a: Magnezone
|-damage|p1a: Magnezone|14/100
|
|upkeep
|turn|18
|
|t:|1631189554
|move|p1a: Magnezone|Body Press|p2a: Necrozma
|-damage|p2a: Necrozma|0 fnt
|-damage|p1a: Magnezone|0 fnt|[from] item: Rocky Helmet|[of] p2a: Necrozma
|faint|p2a: Necrozma
|faint|p1a: Magnezone
|
|upkeep
|
|t:|1631189563
|switch|p1a: Eternatus|Eternatus|100/100
|switch|p2a: Shuckle|Shuckle, F, shiny|41/100
|-damage|p1a: Eternatus|88/100|[from] Stealth Rock
|-ability|p1a: Eternatus|Pressure
|turn|19
|
|t:|1631189576
|switch|p1a: Yveltal|Yveltal|82/100
|-damage|p1a: Yveltal|57/100|[from] Stealth Rock
|-ability|p1a: Yveltal|Dark Aura
|move|p2a: Shuckle|Sticky Web|p1a: Yveltal
|-sidestart|p1: 8142e|move: Sticky Web
|
|upkeep
|turn|20
|
|t:|1631189579
|move|p1a: Yveltal|Defog|p2a: Shuckle
|-unboost|p2a: Shuckle|evasion|1
|-sideend|p1: 8142e|Stealth Rock|[from] move: Defog|[of] p1a: Yveltal
|-sideend|p1: 8142e|Sticky Web|[from] move: Defog|[of] p1a: Yveltal
|move|p2a: Shuckle|Encore|p1a: Yveltal
|-start|p1a: Yveltal|Encore
|
|upkeep
|turn|21
|
|t:|1631189593
|switch|p1a: Necrozma|Necrozma-Dusk-Mane|90/100
|move|p2a: Shuckle|Sticky Web|p1a: Necrozma
|-sidestart|p1: 8142e|move: Sticky Web
|
|-heal|p1a: Necrozma|96/100|[from] item: Leftovers
|upkeep
|turn|22
|
|t:|1631189596
|move|p1a: Necrozma|Sunsteel Strike|p2a: Shuckle
|-supereffective|p2a: Shuckle
|-damage|p2a: Shuckle|0 fnt
|faint|p2a: Shuckle
|
|-heal|p1a: Necrozma|100/100|[from] item: Leftovers
|upkeep
|
|t:|1631189600
|switch|p2a: Yveltal|Yveltal, shiny|91/100
|-ability|p2a: Yveltal|Dark Aura
|turn|23
|
|t:|1631189605
|move|p2a: Yveltal|Dark Pulse|p1a: Necrozma
|-supereffective|p1a: Necrozma
|-damage|p1a: Necrozma|28/100
|-damage|p2a: Yveltal|81/100|[from] item: Life Orb
|cant|p1a: Necrozma|flinch
|
|-heal|p1a: Necrozma|34/100|[from] item: Leftovers
|upkeep
|turn|24
|c|☆8142e|sed
|
|t:|1631189612
|move|p2a: Yveltal|Dark Pulse|p1a: Necrozma
|-supereffective|p1a: Necrozma
|-damage|p1a: Necrozma|0 fnt
|faint|p1a: Necrozma
|-damage|p2a: Yveltal|71/100|[from] item: Life Orb
|
|upkeep
|
|t:|1631189614
|switch|p1a: Kyurem|Kyurem-Black|100/100
|-ability|p1a: Kyurem|Teravolt
|turn|25
|c|☆waaflee|rng real wild today
|
|t:|1631189630
|move|p2a: Yveltal|Sucker Punch||[still]
|-fail|p2a: Yveltal
|move|p1a: Kyurem|Dragon Dance|p1a: Kyurem
|-boost|p1a: Kyurem|atk|1
|-boost|p1a: Kyurem|spe|1
|
|upkeep
|turn|26
|
|t:|1631189635
|move|p1a: Kyurem|Fusion Bolt|p2a: Yveltal
|-supereffective|p2a: Yveltal
|-damage|p2a: Yveltal|0 fnt
|faint|p2a: Yveltal
|
|upkeep
|
|t:|1631189641
|switch|p2a: Urshifu|Urshifu, F|100/100
|turn|27
|
|t:|1631189659
|move|p1a: Kyurem|Fusion Bolt|p2a: Urshifu
|-damage|p2a: Urshifu|42/100
|move|p2a: Urshifu|Close Combat|p1a: Kyurem
|-supereffective|p1a: Kyurem
|-damage|p1a: Kyurem|0 fnt
|-unboost|p2a: Urshifu|def|1
|-unboost|p2a: Urshifu|spd|1
|faint|p1a: Kyurem
|
|upkeep
|
|t:|1631189662
|switch|p1a: Xerneas|Xerneas|55/100
|-activate|p1a: Xerneas|move: Sticky Web
|-unboost|p1a: Xerneas|spe|1
|-ability|p1a: Xerneas|Fairy Aura
|turn|28
|
|t:|1631189667
|move|p2a: Urshifu|Close Combat|p1a: Xerneas
|-resisted|p1a: Xerneas
|-damage|p1a: Xerneas|36/100
|-unboost|p2a: Urshifu|def|1
|-unboost|p2a: Urshifu|spd|1
|move|p1a: Xerneas|Geomancy||[still]
|-prepare|p1a: Xerneas|Geomancy
|-enditem|p1a: Xerneas|Power Herb
|-anim|p1a: Xerneas|Geomancy|p1a: Xerneas
|-boost|p1a: Xerneas|spa|2
|-boost|p1a: Xerneas|spd|2
|-boost|p1a: Xerneas|spe|2
|
|upkeep
|turn|29
|
|t:|1631189671
|move|p2a: Urshifu|Close Combat|p1a: Xerneas
|-resisted|p1a: Xerneas
|-damage|p1a: Xerneas|15/100
|-unboost|p2a: Urshifu|def|1
|-unboost|p2a: Urshifu|spd|1
|move|p1a: Xerneas|Rest|p1a: Xerneas
|-status|p1a: Xerneas|slp|[from] move: Rest
|-heal|p1a: Xerneas|100/100 slp|[silent]
|
|upkeep
|turn|30
|
|t:|1631189676
|switch|p2a: Calyrex|Calyrex-Shadow|100/100
|-ability|p2a: Calyrex|As One
|-ability|p2a: Calyrex|Unnerve
|cant|p1a: Xerneas|slp
|
|upkeep
|turn|31
|
|t:|1631189680
|move|p2a: Calyrex|Astral Barrage|p1a: Xerneas
|-damage|p1a: Xerneas|74/100 slp
|cant|p1a: Xerneas|slp
|
|upkeep
|turn|32
|
|t:|1631189686
|switch|p2a: Urshifu|Urshifu, F|42/100
|-curestatus|p1a: Xerneas|slp|[msg]
|move|p1a: Xerneas|Moonblast|p2a: Urshifu
|-supereffective|p2a: Urshifu
|-damage|p2a: Urshifu|0 fnt
|faint|p2a: Urshifu
|
|upkeep
|c|☆8142e|my fav xern set
|
|t:|1631189692
|switch|p2a: Rayquaza|Rayquaza|100/100
|-ability|p2a: Rayquaza|Air Lock
|turn|33
|
|t:|1631189700
|move|p2a: Rayquaza|Extreme Speed|p1a: Xerneas
|-damage|p1a: Xerneas|48/100
|-damage|p2a: Rayquaza|91/100|[from] item: Life Orb
|move|p1a: Xerneas|Moonblast|p2a: Rayquaza
|-supereffective|p2a: Rayquaza
|-damage|p2a: Rayquaza|0 fnt
|faint|p2a: Rayquaza
|
|upkeep
|
|t:|1631189703
|switch|p2a: Calyrex|Calyrex-Shadow|100/100
|-ability|p2a: Calyrex|As One
|-ability|p2a: Calyrex|Unnerve
|turn|34
|c|☆8142e|its good right
|c|☆waaflee|gg
|c|☆waaflee|damn
|c|☆waaflee|didnt expect rest
|j| nonamersdaddy
|
|t:|1631189713
|move|p2a: Calyrex|Astral Barrage|p1a: Xerneas
|-damage|p1a: Xerneas|19/100
|move|p1a: Xerneas|Moonblast|p2a: Calyrex
|-enditem|p2a: Calyrex|Focus Sash
|-damage|p2a: Calyrex|1/100
|
|upkeep
|turn|35
|l| nonamersdaddy
|
|t:|1631189727
|switch|p1a: Yveltal|Yveltal|57/100
|-ability|p1a: Yveltal|Dark Aura
|move|p2a: Calyrex|Astral Barrage|p1a: Yveltal
|-resisted|p1a: Yveltal
|-damage|p1a: Yveltal|34/100
|
|upkeep
|turn|36
|
|t:|1631189733
|move|p2a: Calyrex|Draining Kiss|p1a: Yveltal
|-supereffective|p1a: Yveltal
|-damage|p1a: Yveltal|5/100
|-heal|p2a: Calyrex|27/100|[from] drain|[of] p1a: Yveltal
|move|p1a: Yveltal|Roost|p1a: Yveltal
|-heal|p1a: Yveltal|55/100
|-singleturn|p1a: Yveltal|move: Roost
|
|upkeep
|turn|37
|j| nonamersdaddy
|c|☆8142e|gg bro
|
|t:|1631189742
|move|p2a: Calyrex|Draining Kiss|p1a: Yveltal
|-supereffective|p1a: Yveltal
|-damage|p1a: Yveltal|26/100
|-heal|p2a: Calyrex|54/100|[from] drain|[of] p1a: Yveltal
|move|p1a: Yveltal|Foul Play|p2a: Calyrex
|-supereffective|p2a: Calyrex
|-damage|p2a: Calyrex|0 fnt
|faint|p2a: Calyrex
|
|win|8142e
|n|☆8142e|8142e
|n|☆waaflee|waaflee
|n| Rhmsitb|rhmsitb
|n| nonamersdaddy|nonamersdaddy
