|j|☆RIP_Player
|j|☆KyogreF4N
|t:|1638369220
|gametype|singles
|player|p1|RIP_Player|firebreather|
|player|p2|KyogreF4N|hiker-gen4|
|teamsize|p1|6
|teamsize|p2|6
|gen|8
|tier|[Gen 8] Ubers
|rated|Tournament battle
|rule|Sleep Clause Mod: Limit one foe put to sleep
|rule|Species Clause: Limit one of each Pokémon
|rule|OHKO Clause: OHKO moves are banned
|rule|Evasion Moves Clause: Evasion moves are banned
|rule|Endless Battle Clause: Forcing endless battles is banned
|rule|HP Percentage Mod: HP is shown in percentages
|rule|Dynamax Clause: You cannot dynamax
|clearpoke
|poke|p1|Yveltal|
|poke|p1|Toxapex, M|
|poke|p1|Heatran, F|
|poke|p1|Umbreon, F|
|poke|p1|Xerneas-*|
|poke|p1|Marshadow|
|poke|p2|Necrozma-Dusk-Mane|
|poke|p2|Zygarde|
|poke|p2|Yveltal|
|poke|p2|Eternatus|
|poke|p2|Kyogre|
|poke|p2|Lunala|
|teampreview
|inactive|Battle timer is ON: inactive players will automatically lose when time's up. (requested by RIP_Player)
|c|☆KyogreF4N|Glhf
|
|t:|1638369246
|start
|switch|p1a: Gilgamesh|Yveltal|100/100
|switch|p2a: Yveltal|Yveltal|100/100
|-ability|p1a: Gilgamesh|Dark Aura
|-ability|p2a: Yveltal|Dark Aura
|turn|1
|
|t:|1638369260
|switch|p1a: Berserker|Umbreon, F|100/100
|move|p2a: Yveltal|Taunt|p1a: Berserker
|-start|p1a: Berserker|move: Taunt
|
|upkeep
|turn|2
|
|t:|1638369262
|move|p2a: Yveltal|Knock Off|p1a: Berserker
|-resisted|p1a: Berserker
|-damage|p1a: Berserker|78/100
|-enditem|p1a: Berserker|Leftovers|[from] move: Knock Off|[of] p2a: Yveltal
|move|p1a: Berserker|Foul Play|p2a: Yveltal
|-resisted|p2a: Yveltal
|-damage|p2a: Yveltal|75/100
|
|upkeep
|turn|3
|
|t:|1638369269
|move|p2a: Yveltal|Knock Off|p1a: Berserker
|-resisted|p1a: Berserker
|-damage|p1a: Berserker|63/100
|move|p1a: Berserker|Foul Play|p2a: Yveltal
|-resisted|p2a: Yveltal
|-damage|p2a: Yveltal|50/100
|
|-end|p1a: Berserker|move: Taunt
|upkeep
|turn|4
|
|t:|1638369293
|move|p1a: Berserker|Protect|p1a: Berserker
|-singleturn|p1a: Berserker|Protect
|move|p2a: Yveltal|Roost|p2a: Yveltal
|-heal|p2a: Yveltal|100/100
|-singleturn|p2a: Yveltal|move: Roost
|
|upkeep
|turn|5
|
|t:|1638369300
|switch|p1a: Rin Tohsaka|Xerneas|100/100
|-ability|p1a: Rin Tohsaka|Fairy Aura
|move|p2a: Yveltal|Taunt|p1a: Rin Tohsaka
|-start|p1a: Rin Tohsaka|move: Taunt
|
|upkeep
|turn|6
|
|t:|1638369306
|switch|p2a: Necrozma|Necrozma-Dusk-Mane|100/100
|switch|p1a: Gilgamesh|Yveltal|100/100
|-ability|p1a: Gilgamesh|Dark Aura
|
|upkeep
|turn|7
|
|t:|1638369314
|switch|p2a: Zygarde|Zygarde|100/100
|move|p1a: Gilgamesh|Knock Off|p2a: Zygarde
|-damage|p2a: Zygarde|48/100
|-enditem|p2a: Zygarde|Leftovers|[from] move: Knock Off|[of] p1a: Gilgamesh
|
|-activate|p2a: Zygarde|ability: Power Construct
|detailschange|p2a: Zygarde|Zygarde-Complete
|-heal|p2a: Zygarde|66/100|[silent]
|upkeep
|turn|8
|
|t:|1638369327
|switch|p1a: Rin Tohsaka|Xerneas|100/100
|-ability|p1a: Rin Tohsaka|Fairy Aura
|move|p2a: Zygarde|Glare|p1a: Rin Tohsaka
|-status|p1a: Rin Tohsaka|par
|
|upkeep
|turn|9
|j| Coppain F4n
|
|t:|1638369340
|switch|p2a: Kyogre|Kyogre|100/100
|-weather|RainDance|[from] ability: Drizzle|[of] p2a: Kyogre
|switch|p1a: Gilgamesh|Yveltal|100/100
|-ability|p1a: Gilgamesh|Dark Aura
|
|-weather|RainDance|[upkeep]
|upkeep
|turn|10
|
|t:|1638369347
|switch|p2a: Zygarde|Zygarde-Complete|66/100
|move|p1a: Gilgamesh|Sucker Punch||[still]
|-fail|p1a: Gilgamesh
|
|-weather|RainDance|[upkeep]
|upkeep
|turn|11
|
|t:|1638369356
|switch|p1a: Rin Tohsaka|Xerneas|100/100 par
|-ability|p1a: Rin Tohsaka|Fairy Aura
|switch|p2a: Kyogre|Kyogre|100/100
|
|-weather|RainDance|[upkeep]
|upkeep
|turn|12
|
|t:|1638369367
|switch|p1a: Gilles de Rais|Toxapex, M|100/100
|move|p2a: Kyogre|Calm Mind|p2a: Kyogre
|-boost|p2a: Kyogre|spa|1
|-boost|p2a: Kyogre|spd|1
|
|-weather|RainDance|[upkeep]
|upkeep
|turn|13
|
|t:|1638369370
|move|p2a: Kyogre|Substitute|p2a: Kyogre
|-start|p2a: Kyogre|Substitute
|-damage|p2a: Kyogre|75/100
|move|p1a: Gilles de Rais|Toxic||[still]
|-fail|p1a: Gilles de Rais
|
|-weather|none
|-heal|p2a: Kyogre|82/100|[from] item: Leftovers
|upkeep
|turn|14
|
|t:|1638369375
|move|p2a: Kyogre|Thunder Wave|p1a: Gilles de Rais
|-status|p1a: Gilles de Rais|par
|move|p1a: Gilles de Rais|Scald|p2a: Kyogre
|-resisted|p2a: Kyogre
|-activate|p2a: Kyogre|move: Substitute|[damage]
|
|-heal|p2a: Kyogre|88/100|[from] item: Leftovers
|upkeep
|turn|15
|
|t:|1638369383
|move|p2a: Kyogre|Scald|p1a: Gilles de Rais
|-resisted|p1a: Gilles de Rais
|-damage|p1a: Gilles de Rais|76/100 par
|move|p1a: Gilles de Rais|Scald|p2a: Kyogre
|-resisted|p2a: Kyogre
|-activate|p2a: Kyogre|move: Substitute|[damage]
|
|-heal|p2a: Kyogre|94/100|[from] item: Leftovers
|-heal|p1a: Gilles de Rais|82/100 par|[from] item: Black Sludge
|upkeep
|turn|16
|
|t:|1638369388
|move|p2a: Kyogre|Calm Mind|p2a: Kyogre
|-boost|p2a: Kyogre|spa|1
|-boost|p2a: Kyogre|spd|1
|move|p1a: Gilles de Rais|Scald|p2a: Kyogre
|-resisted|p2a: Kyogre
|-activate|p2a: Kyogre|move: Substitute|[damage]
|
|-heal|p2a: Kyogre|99/100|[from] item: Leftovers
|-heal|p1a: Gilles de Rais|88/100 par|[from] item: Black Sludge
|upkeep
|turn|17
|
|t:|1638369399
|move|p2a: Kyogre|Scald|p1a: Gilles de Rais
|-resisted|p1a: Gilles de Rais
|-damage|p1a: Gilles de Rais|51/100 par
|move|p1a: Gilles de Rais|Scald|p2a: Kyogre
|-resisted|p2a: Kyogre
|-activate|p2a: Kyogre|move: Substitute|[damage]
|
|-heal|p2a: Kyogre|100/100|[from] item: Leftovers
|-heal|p1a: Gilles de Rais|57/100 par|[from] item: Black Sludge
|upkeep
|turn|18
|
|t:|1638369403
|move|p2a: Kyogre|Calm Mind|p2a: Kyogre
|-boost|p2a: Kyogre|spa|1
|-boost|p2a: Kyogre|spd|1
|move|p1a: Gilles de Rais|Scald|p2a: Kyogre
|-resisted|p2a: Kyogre
|-activate|p2a: Kyogre|move: Substitute|[damage]
|
|-heal|p1a: Gilles de Rais|64/100 par|[from] item: Black Sludge
|upkeep
|turn|19
|
|t:|1638369405
|move|p2a: Kyogre|Scald|p1a: Gilles de Rais
|-resisted|p1a: Gilles de Rais
|-damage|p1a: Gilles de Rais|20/100 par
|move|p1a: Gilles de Rais|Scald|p2a: Kyogre
|-resisted|p2a: Kyogre
|-activate|p2a: Kyogre|move: Substitute|[damage]
|
|-heal|p1a: Gilles de Rais|26/100 par|[from] item: Black Sludge
|upkeep
|turn|20
|
|t:|1638369411
|move|p2a: Kyogre|Scald|p1a: Gilles de Rais
|-resisted|p1a: Gilles de Rais
|-damage|p1a: Gilles de Rais|0 fnt
|faint|p1a: Gilles de Rais
|
|upkeep
|
|t:|1638369415
|switch|p1a: Emiya Archer|Marshadow|100/100
|turn|21
|
|t:|1638369421
|move|p1a: Emiya Archer|Spectral Thief||[still]
|-clearpositiveboost|p2a: Kyogre|p1a: Emiya Archer|move: Spectral Thief
|-boost|p1a: Emiya Archer|spa|3
|-boost|p1a: Emiya Archer|spd|3
|-anim|p1a: Emiya Archer|Spectral Thief|p2a: Kyogre
|-damage|p2a: Kyogre|66/100
|move|p2a: Kyogre|Scald|p1a: Emiya Archer
|-damage|p1a: Emiya Archer|81/100
|
|-heal|p2a: Kyogre|72/100|[from] item: Leftovers
|upkeep
|turn|22
|
|t:|1638369431
|switch|p2a: Eternatus|Eternatus|100/100
|-ability|p2a: Eternatus|Pressure
|move|p1a: Emiya Archer|Spectral Thief|p2a: Eternatus
|-damage|p2a: Eternatus|65/100
|
|upkeep
|turn|23
|
|t:|1638369438
|move|p1a: Emiya Archer|Swagger|p2a: Eternatus
|-boost|p2a: Eternatus|atk|2
|-start|p2a: Eternatus|confusion
|-activate|p2a: Eternatus|confusion
|-damage|p2a: Eternatus|55/100|[from] confusion
|
|upkeep
|turn|24
|
|t:|1638369443
|switch|p2a: Yveltal|Yveltal|100/100
|-ability|p2a: Yveltal|Dark Aura
|move|p1a: Emiya Archer|Spectral Thief|p2a: Yveltal
|-resisted|p2a: Yveltal
|-damage|p2a: Yveltal|82/100
|
|upkeep
|turn|25
|
|t:|1638369449
|switch|p1a: Berserker|Umbreon, F|63/100
|move|p2a: Yveltal|Knock Off|p1a: Berserker
|-resisted|p1a: Berserker
|-damage|p1a: Berserker|48/100
|
|upkeep
|turn|26
|
|t:|1638369456
|switch|p2a: Eternatus|Eternatus|55/100
|-ability|p2a: Eternatus|Pressure
|move|p1a: Berserker|Toxic|p2a: Eternatus|[miss]
|-miss|p1a: Berserker|p2a: Eternatus
|
|upkeep
|turn|27
|
|t:|1638369461
|move|p2a: Eternatus|Toxic Spikes|p1a: Berserker
|-sidestart|p1: RIP_Player|move: Toxic Spikes
|move|p1a: Berserker|Wish|p1a: Berserker
|
|upkeep
|turn|28
|
|t:|1638369466
|move|p2a: Eternatus|Recover|p2a: Eternatus
|-heal|p2a: Eternatus|100/100
|move|p1a: Berserker|Foul Play|p2a: Eternatus
|-damage|p2a: Eternatus|86/100
|
|-heal|p1a: Berserker|98/100|[from] move: Wish|[wisher] Berserker
|upkeep
|turn|29
|
|t:|1638369489
|switch|p2a: Necrozma|Necrozma-Dusk-Mane|100/100
|switch|p1a: Quetzalcoatl|Heatran, F|100/100
|
|upkeep
|turn|30
|
|t:|1638369496
|switch|p1a: Gilgamesh|Yveltal|100/100
|-ability|p1a: Gilgamesh|Dark Aura
|move|p2a: Necrozma|Earthquake|p1a: Gilgamesh
|-immune|p1a: Gilgamesh
|
|upkeep
|turn|31
|
|t:|1638369508
|switch|p2a: Zygarde|Zygarde-Complete|66/100
|move|p1a: Gilgamesh|Knock Off|p2a: Zygarde
|-damage|p2a: Zygarde|45/100
|
|upkeep
|turn|32
|
|t:|1638369516
|switch|p1a: Rin Tohsaka|Xerneas|100/100 par
|-ability|p1a: Rin Tohsaka|Fairy Aura
|move|p2a: Zygarde|Rest|p2a: Zygarde
|-status|p2a: Zygarde|slp|[from] move: Rest
|-heal|p2a: Zygarde|100/100 slp|[silent]
|
|upkeep
|turn|33
|
|t:|1638369523
|switch|p2a: Kyogre|Kyogre|72/100
|-weather|RainDance|[from] ability: Drizzle|[of] p2a: Kyogre
|switch|p1a: Gilgamesh|Yveltal|100/100
|-ability|p1a: Gilgamesh|Dark Aura
|
|-weather|RainDance|[upkeep]
|-heal|p2a: Kyogre|78/100|[from] item: Leftovers
|upkeep
|turn|34
|
|t:|1638369526
|switch|p2a: Zygarde|Zygarde-Complete|100/100 slp
|move|p1a: Gilgamesh|Knock Off|p2a: Zygarde
|-damage|p2a: Zygarde|77/100 slp
|
|-weather|RainDance|[upkeep]
|upkeep
|turn|35
|
|t:|1638369531
|switch|p1a: Rin Tohsaka|Xerneas|100/100 par
|-ability|p1a: Rin Tohsaka|Fairy Aura
|cant|p2a: Zygarde|slp
|
|-weather|RainDance|[upkeep]
|upkeep
|turn|36
|
|t:|1638369534
|switch|p2a: Necrozma|Necrozma-Dusk-Mane|100/100
|cant|p1a: Rin Tohsaka|par
|
|-weather|RainDance|[upkeep]
|upkeep
|turn|37
|
|t:|1638369539
|move|p2a: Necrozma|Sunsteel Strike|p1a: Rin Tohsaka
|-supereffective|p1a: Rin Tohsaka
|-damage|p1a: Rin Tohsaka|37/100 par
|cant|p1a: Rin Tohsaka|par
|
|-weather|none
|-heal|p1a: Rin Tohsaka|43/100 par|[from] item: Leftovers
|upkeep
|turn|38
|
|t:|1638369547
|move|p2a: Necrozma|Sunsteel Strike|p1a: Rin Tohsaka
|-supereffective|p1a: Rin Tohsaka
|-damage|p1a: Rin Tohsaka|0 fnt
|faint|p1a: Rin Tohsaka
|
|upkeep
|
|t:|1638369549
|switch|p1a: Gilgamesh|Yveltal|100/100
|-ability|p1a: Gilgamesh|Dark Aura
|turn|39
|
|t:|1638369554
|switch|p2a: Zygarde|Zygarde-Complete|77/100 slp
|move|p1a: Gilgamesh|Knock Off|p2a: Zygarde
|-damage|p2a: Zygarde|56/100 slp
|
|upkeep
|turn|40
|
|t:|1638369558
|move|p1a: Gilgamesh|Knock Off|p2a: Zygarde
|-damage|p2a: Zygarde|33/100 slp
|cant|p2a: Zygarde|slp
|
|upkeep
|turn|41
|
|t:|1638369561
|move|p1a: Gilgamesh|Knock Off|p2a: Zygarde
|-damage|p2a: Zygarde|10/100 slp
|-curestatus|p2a: Zygarde|slp|[msg]
|move|p2a: Zygarde|Glare|p1a: Gilgamesh
|-status|p1a: Gilgamesh|par
|
|upkeep
|turn|42
|
|t:|1638369566
|move|p2a: Zygarde|Rest|p2a: Zygarde
|-status|p2a: Zygarde|slp|[from] move: Rest
|-heal|p2a: Zygarde|100/100 slp|[silent]
|move|p1a: Gilgamesh|Knock Off|p2a: Zygarde
|-damage|p2a: Zygarde|77/100 slp
|
|upkeep
|turn|43
|
|t:|1638369569
|cant|p2a: Zygarde|slp
|move|p1a: Gilgamesh|Knock Off|p2a: Zygarde
|-damage|p2a: Zygarde|56/100 slp
|
|upkeep
|turn|44
|
|t:|1638369571
|cant|p2a: Zygarde|slp
|cant|p1a: Gilgamesh|par
|
|upkeep
|turn|45
|
|t:|1638369576
|-curestatus|p2a: Zygarde|slp|[msg]
|move|p2a: Zygarde|Coil|p2a: Zygarde
|-boost|p2a: Zygarde|atk|1
|-boost|p2a: Zygarde|def|1
|-boost|p2a: Zygarde|accuracy|1
|cant|p1a: Gilgamesh|par
|
|upkeep
|turn|46
|
|t:|1638369582
|move|p2a: Zygarde|Thousand Arrows|p1a: Gilgamesh
|-damage|p1a: Gilgamesh|58/100 par
|-start|p1a: Gilgamesh|Smack Down
|move|p1a: Gilgamesh|Knock Off|p2a: Zygarde
|-damage|p2a: Zygarde|41/100
|
|upkeep
|turn|47
|
|t:|1638369585
|move|p2a: Zygarde|Thousand Arrows|p1a: Gilgamesh
|-damage|p1a: Gilgamesh|16/100 par
|move|p1a: Gilgamesh|Knock Off|p2a: Zygarde
|-damage|p2a: Zygarde|26/100
|
|upkeep
|turn|48
|
|t:|1638369589
|switch|p1a: Emiya Archer|Marshadow|81/100
|-status|p1a: Emiya Archer|psn
|move|p2a: Zygarde|Thousand Arrows|p1a: Emiya Archer
|-damage|p1a: Emiya Archer|20/100 psn
|
|-damage|p1a: Emiya Archer|8/100 psn|[from] psn
|upkeep
|turn|49
|-message|RIP_Player forfeited.
|
|win|KyogreF4N
|n|☆RIP_Player|ripplayer
|n|☆KyogreF4N|kyogref4n
|n| Coppain F4n|coppainf4n
