|j|☆TTTech_
|j|☆cxcould
|t:|1650639367
|gametype|singles
|player|p1|TTTech_|burglar|1518
|player|p2|cxcould|dawn|1576
|teamsize|p1|6
|teamsize|p2|6
|gen|8
|tier|[Gen 8] Ubers
|rated|
|rule|Sleep Clause Mod: Limit one foe put to sleep
|rule|Species Clause: Limit one of each Pokémon
|rule|OHKO Clause: OHKO moves are banned
|rule|Evasion Moves Clause: Evasion moves are banned
|rule|Endless Battle Clause: Forcing endless battles is banned
|rule|HP Percentage Mod: HP is shown in percentages
|rule|Dynamax Clause: You cannot dynamax
|clearpoke
|poke|p1|Lunala|
|poke|p1|Tyranitar, M|
|poke|p1|Ho-Oh|
|poke|p1|Blissey, F|
|poke|p1|Necrozma-Dusk-Mane|
|poke|p1|Toxapex, F|
|poke|p2|Toxapex, M|
|poke|p2|Blissey, F|
|poke|p2|Ho-Oh|
|poke|p2|Lunala|
|poke|p2|Zygarde|
|poke|p2|Eternatus|
|teampreview
|inactive|Battle timer is ON: inactive players will automatically lose when time's up. (requested by TTTech_)
|
|t:|1650639391
|start
|switch|p1a: Toxic Waste|Toxapex, F|100/100
|switch|p2a: Toxapex|Toxapex, M|100/100
|turn|1
|c|☆cxcould|Tyranitar？
|c|☆TTTech_|Indeed
|
|t:|1650639414
|move|p2a: Toxapex|Knock Off|p1a: Toxic Waste
|-damage|p1a: Toxic Waste|90/100
|-enditem|p1a: Toxic Waste|Black Sludge|[from] move: Knock Off|[of] p2a: Toxapex
|move|p1a: Toxic Waste|Knock Off|p2a: Toxapex
|-damage|p2a: Toxapex|91/100
|-enditem|p2a: Toxapex|Black Sludge|[from] move: Knock Off|[of] p1a: Toxic Waste
|
|upkeep
|turn|2
|
|t:|1650639427
|switch|p1a: Mommy 😍|Blissey, F|100/100
|move|p2a: Toxapex|Knock Off|p1a: Mommy 😍
|-damage|p1a: Mommy 😍|85/100
|-enditem|p1a: Mommy 😍|Utility Umbrella|[from] move: Knock Off|[of] p2a: Toxapex
|
|upkeep
|turn|3
|
|t:|1650639440
|switch|p1a: Toxic Waste|Toxapex, F|100/100
|switch|p2a: Blissey|Blissey, F|100/100
|
|upkeep
|turn|4
|
|t:|1650639453
|switch|p2a: Toxapex|Toxapex, M|100/100
|switch|p1a: Run Thy Pockets|Tyranitar, M|100/100
|-weather|Sandstorm|[from] ability: Sand Stream|[of] p1a: Run Thy Pockets
|
|-weather|Sandstorm|[upkeep]
|-damage|p2a: Toxapex|95/100|[from] Sandstorm
|upkeep
|turn|5
|
|t:|1650639464
|switch|p1a: Toxic Waste|Toxapex, F|100/100
|move|p2a: Toxapex|Knock Off|p1a: Toxic Waste
|-damage|p1a: Toxic Waste|94/100
|
|-weather|Sandstorm|[upkeep]
|-damage|p1a: Toxic Waste|87/100|[from] Sandstorm
|-damage|p2a: Toxapex|89/100|[from] Sandstorm
|upkeep
|turn|6
|
|t:|1650639470
|switch|p1a: Mommy 😍|Blissey, F|85/100
|move|p2a: Toxapex|Knock Off|p1a: Mommy 😍
|-damage|p1a: Mommy 😍|74/100
|
|-weather|Sandstorm|[upkeep]
|-damage|p1a: Mommy 😍|68/100|[from] Sandstorm
|-damage|p2a: Toxapex|83/100|[from] Sandstorm
|upkeep
|turn|7
|
|t:|1650639489
|switch|p1a: Toxic Waste|Toxapex, F|100/100
|switch|p2a: Blissey|Blissey, F|100/100
|
|-weather|Sandstorm|[upkeep]
|-damage|p2a: Blissey|94/100|[from] Sandstorm
|-damage|p1a: Toxic Waste|94/100|[from] Sandstorm
|upkeep
|turn|8
|
|t:|1650639496
|switch|p2a: Toxapex|Toxapex, M|100/100
|move|p1a: Toxic Waste|Knock Off|p2a: Toxapex
|-damage|p2a: Toxapex|94/100
|
|-weather|none
|upkeep
|turn|9
|
|t:|1650639522
|move|p2a: Toxapex|Knock Off|p1a: Toxic Waste
|-damage|p1a: Toxic Waste|87/100
|move|p1a: Toxic Waste|Scald|p2a: Toxapex
|-resisted|p2a: Toxapex
|-damage|p2a: Toxapex|87/100
|
|upkeep
|turn|10
|
|t:|1650639533
|switch|p1a: Mommy 😍|Blissey, F|68/100
|move|p2a: Toxapex|Knock Off|p1a: Mommy 😍
|-damage|p1a: Mommy 😍|57/100
|
|upkeep
|turn|11
|
|t:|1650639539
|switch|p2a: Blissey|Blissey, F|94/100
|move|p1a: Mommy 😍|Soft-Boiled|p1a: Mommy 😍
|-heal|p1a: Mommy 😍|100/100
|
|upkeep
|turn|12
|
|t:|1650639548
|switch|p1a: Toxic Waste|Toxapex, F|100/100
|move|p2a: Blissey|Stealth Rock|p1a: Toxic Waste
|-sidestart|p1: TTTech_|move: Stealth Rock
|
|upkeep
|turn|13
|
|t:|1650639566
|switch|p2a: Toxapex|Toxapex, M|100/100
|switch|p1a: Run Thy Pockets|Tyranitar, M|100/100
|-damage|p1a: Run Thy Pockets|88/100|[from] Stealth Rock
|-weather|Sandstorm|[from] ability: Sand Stream|[of] p1a: Run Thy Pockets
|
|-weather|Sandstorm|[upkeep]
|-damage|p2a: Toxapex|95/100|[from] Sandstorm
|-heal|p1a: Run Thy Pockets|94/100|[from] item: Leftovers
|upkeep
|turn|14
|
|t:|1650639573
|move|p1a: Run Thy Pockets|Stealth Rock|p2a: Toxapex
|-sidestart|p2: cxcould|move: Stealth Rock
|move|p2a: Toxapex|Knock Off|p1a: Run Thy Pockets
|-resisted|p1a: Run Thy Pockets
|-damage|p1a: Run Thy Pockets|89/100
|-enditem|p1a: Run Thy Pockets|Leftovers|[from] move: Knock Off|[of] p2a: Toxapex
|
|-weather|Sandstorm|[upkeep]
|-damage|p2a: Toxapex|89/100|[from] Sandstorm
|upkeep
|turn|15
|
|t:|1650639587
|switch|p1a: Toxic Waste|Toxapex, F|100/100
|-damage|p1a: Toxic Waste|88/100|[from] Stealth Rock
|move|p2a: Toxapex|Haze|p2a: Toxapex
|-clearallboost
|
|-weather|Sandstorm|[upkeep]
|-damage|p1a: Toxic Waste|82/100|[from] Sandstorm
|-damage|p2a: Toxapex|83/100|[from] Sandstorm
|upkeep
|turn|16
|
|t:|1650639601
|switch|p1a: Run Thy Pockets|Tyranitar, M|89/100
|-damage|p1a: Run Thy Pockets|76/100|[from] Stealth Rock
|move|p2a: Toxapex|Haze|p2a: Toxapex
|-clearallboost
|
|-weather|Sandstorm|[upkeep]
|-damage|p2a: Toxapex|77/100|[from] Sandstorm
|upkeep
|turn|17
|
|t:|1650639609
|switch|p1a: Toxic Waste|Toxapex, F|100/100
|-damage|p1a: Toxic Waste|88/100|[from] Stealth Rock
|switch|p2a: Zygarde|Zygarde|100/100
|-damage|p2a: Zygarde|94/100|[from] Stealth Rock
|
|-weather|none
|-heal|p2a: Zygarde|100/100|[from] item: Leftovers
|upkeep
|turn|18
|
|t:|1650639620
|switch|p2a: Toxapex|Toxapex, M|100/100
|-damage|p2a: Toxapex|88/100|[from] Stealth Rock
|move|p1a: Toxic Waste|Knock Off|p2a: Toxapex
|-damage|p2a: Toxapex|82/100
|
|upkeep
|turn|19
|
|t:|1650639623
|switch|p1a: Run Thy Pockets|Tyranitar, M|76/100
|-damage|p1a: Run Thy Pockets|64/100|[from] Stealth Rock
|-weather|Sandstorm|[from] ability: Sand Stream|[of] p1a: Run Thy Pockets
|move|p2a: Toxapex|Knock Off|p1a: Run Thy Pockets
|-resisted|p1a: Run Thy Pockets
|-damage|p1a: Run Thy Pockets|60/100
|
|-weather|Sandstorm|[upkeep]
|-damage|p2a: Toxapex|76/100|[from] Sandstorm
|upkeep
|turn|20
|
|t:|1650639635
|switch|p1a: Toxic Waste|Toxapex, F|100/100
|-damage|p1a: Toxic Waste|88/100|[from] Stealth Rock
|switch|p2a: Zygarde|Zygarde|100/100
|-damage|p2a: Zygarde|94/100|[from] Stealth Rock
|
|-weather|Sandstorm|[upkeep]
|-damage|p1a: Toxic Waste|82/100|[from] Sandstorm
|-heal|p2a: Zygarde|100/100|[from] item: Leftovers
|upkeep
|turn|21
|
|t:|1650639642
|switch|p2a: Toxapex|Toxapex, M|100/100
|-damage|p2a: Toxapex|88/100|[from] Stealth Rock
|move|p1a: Toxic Waste|Knock Off|p2a: Toxapex
|-damage|p2a: Toxapex|82/100
|
|-weather|Sandstorm|[upkeep]
|-damage|p2a: Toxapex|76/100|[from] Sandstorm
|-damage|p1a: Toxic Waste|75/100|[from] Sandstorm
|upkeep
|turn|22
|
|t:|1650639651
|switch|p1a: Run Thy Pockets|Tyranitar, M|60/100
|-damage|p1a: Run Thy Pockets|47/100|[from] Stealth Rock
|move|p2a: Toxapex|Knock Off|p1a: Run Thy Pockets
|-resisted|p1a: Run Thy Pockets
|-damage|p1a: Run Thy Pockets|43/100
|
|-weather|Sandstorm|[upkeep]
|-damage|p2a: Toxapex|70/100|[from] Sandstorm
|upkeep
|turn|23
|
|t:|1650639658
|switch|p2a: Zygarde|Zygarde|100/100
|-damage|p2a: Zygarde|94/100|[from] Stealth Rock
|move|p1a: Run Thy Pockets|Rest|p1a: Run Thy Pockets
|-status|p1a: Run Thy Pockets|slp|[from] move: Rest
|-heal|p1a: Run Thy Pockets|100/100 slp|[silent]
|
|-weather|none
|-heal|p2a: Zygarde|100/100|[from] item: Leftovers
|upkeep
|turn|24
|
|t:|1650639668
|switch|p1a: Moonlight|Lunala|100/100
|move|p2a: Zygarde|Thousand Arrows|p1a: Moonlight
|-damage|p1a: Moonlight|92/100
|
|upkeep
|turn|25
|
|t:|1650639676
|switch|p2a: Toxapex|Toxapex, M|100/100
|-damage|p2a: Toxapex|88/100|[from] Stealth Rock
|move|p1a: Moonlight|Will-O-Wisp|p2a: Toxapex
|-status|p2a: Toxapex|brn
|
|-damage|p2a: Toxapex|82/100 brn|[from] brn
|upkeep
|turn|26
|
|t:|1650639696
|switch|p1a: Toxic Waste|Toxapex, F|100/100
|-damage|p1a: Toxic Waste|88/100|[from] Stealth Rock
|move|p2a: Toxapex|Knock Off|p1a: Toxic Waste
|-damage|p1a: Toxic Waste|85/100
|
|-damage|p2a: Toxapex|76/100 brn|[from] brn
|upkeep
|turn|27
|
|t:|1650639710
|move|p2a: Toxapex|Haze|p2a: Toxapex
|-clearallboost
|move|p1a: Toxic Waste|Knock Off|p2a: Toxapex
|-damage|p2a: Toxapex|70/100 brn
|
|-damage|p2a: Toxapex|64/100 brn|[from] brn
|upkeep
|turn|28
|
|t:|1650639720
|switch|p1a: Mommy 😍|Blissey, F|100/100
|-damage|p1a: Mommy 😍|88/100|[from] Stealth Rock
|move|p2a: Toxapex|Haze|p2a: Toxapex
|-clearallboost
|
|-damage|p2a: Toxapex|58/100 brn|[from] brn
|upkeep
|turn|29
|
|t:|1650639727
|switch|p1a: Toxic Waste|Toxapex, F|100/100
|-damage|p1a: Toxic Waste|88/100|[from] Stealth Rock
|switch|p2a: Zygarde|Zygarde|100/100
|-damage|p2a: Zygarde|94/100|[from] Stealth Rock
|
|-heal|p2a: Zygarde|100/100|[from] item: Leftovers
|upkeep
|turn|30
|
|t:|1650639740
|switch|p2a: Toxapex|Toxapex, M|91/100 brn
|-damage|p2a: Toxapex|79/100 brn|[from] Stealth Rock
|move|p1a: Toxic Waste|Knock Off|p2a: Toxapex
|-damage|p2a: Toxapex|73/100 brn
|
|-damage|p2a: Toxapex|67/100 brn|[from] brn
|upkeep
|turn|31
|
|t:|1650639746
|switch|p1a: Mommy 😍|Blissey, F|88/100
|-damage|p1a: Mommy 😍|76/100|[from] Stealth Rock
|move|p2a: Toxapex|Haze|p2a: Toxapex
|-clearallboost
|
|-damage|p2a: Toxapex|62/100 brn|[from] brn
|upkeep
|turn|32
|
|t:|1650639760
|switch|p2a: Zygarde|Zygarde|100/100
|-damage|p2a: Zygarde|94/100|[from] Stealth Rock
|move|p1a: Mommy 😍|Seismic Toss|p2a: Zygarde
|-damage|p2a: Zygarde|70/100
|
|-heal|p2a: Zygarde|77/100|[from] item: Leftovers
|upkeep
|turn|33
|
|t:|1650639769
|switch|p1a: Moonlight|Lunala|92/100
|move|p2a: Zygarde|Haze|p2a: Zygarde
|-clearallboost
|
|-heal|p2a: Zygarde|83/100|[from] item: Leftovers
|upkeep
|turn|34
|
|t:|1650639781
|switch|p2a: Toxapex|Toxapex, M|95/100 brn
|-damage|p2a: Toxapex|83/100 brn|[from] Stealth Rock
|move|p1a: Moonlight|Calm Mind|p1a: Moonlight
|-boost|p1a: Moonlight|spa|1
|-boost|p1a: Moonlight|spd|1
|
|-damage|p2a: Toxapex|77/100 brn|[from] brn
|upkeep
|turn|35
|
|t:|1650639796
|switch|p2a: Ho-Oh|Ho-Oh|100/100
|move|p1a: Moonlight|Hex|p2a: Ho-Oh
|-damage|p2a: Ho-Oh|80/100
|
|upkeep
|turn|36
|
|t:|1650639807
|switch|p1a: Run Thy Pockets|Tyranitar, M|100/100 slp
|-damage|p1a: Run Thy Pockets|88/100 slp|[from] Stealth Rock
|-weather|Sandstorm|[from] ability: Sand Stream|[of] p1a: Run Thy Pockets
|move|p2a: Ho-Oh|Whirlwind|p1a: Run Thy Pockets
|drag|p1a: Sunshine|Necrozma-Dusk-Mane|100/100
|-damage|p1a: Sunshine|94/100|[from] Stealth Rock
|
|-weather|Sandstorm|[upkeep]
|-damage|p2a: Ho-Oh|74/100|[from] Sandstorm
|-heal|p1a: Sunshine|100/100|[from] item: Leftovers
|upkeep
|turn|37
|
|t:|1650639820
|move|p2a: Ho-Oh|Sacred Fire|p1a: Sunshine
|-supereffective|p1a: Sunshine
|-damage|p1a: Sunshine|60/100
|move|p1a: Sunshine|Knock Off|p2a: Ho-Oh
|-damage|p2a: Ho-Oh|46/100
|-enditem|p2a: Ho-Oh|Heavy-Duty Boots|[from] move: Knock Off|[of] p1a: Sunshine
|
|-weather|Sandstorm|[upkeep]
|-damage|p2a: Ho-Oh|40/100|[from] Sandstorm
|-heal|p1a: Sunshine|66/100|[from] item: Leftovers
|upkeep
|turn|38
|inactive|TTTech_ has 120 seconds left.
|
|t:|1650639853
|switch|p2a: Eternatus|Eternatus|100/100
|-damage|p2a: Eternatus|88/100|[from] Stealth Rock
|-ability|p2a: Eternatus|Pressure
|switch|p1a: HOT! HOT! HOT!|Ho-Oh|100/100
|
|-weather|Sandstorm|[upkeep]
|-damage|p2a: Eternatus|82/100|[from] Sandstorm
|-damage|p1a: HOT! HOT! HOT!|94/100|[from] Sandstorm
|-heal|p2a: Eternatus|88/100|[from] item: Black Sludge
|upkeep
|turn|39
|
|t:|1650639863
|move|p2a: Eternatus|Cosmic Power|p2a: Eternatus
|-boost|p2a: Eternatus|def|1
|-boost|p2a: Eternatus|spd|1
|move|p1a: HOT! HOT! HOT!|Brave Bird|p2a: Eternatus
|-damage|p2a: Eternatus|67/100
|-damage|p1a: HOT! HOT! HOT!|87/100|[from] Recoil
|
|-weather|Sandstorm|[upkeep]
|-damage|p2a: Eternatus|61/100|[from] Sandstorm
|-damage|p1a: HOT! HOT! HOT!|81/100|[from] Sandstorm
|-heal|p2a: Eternatus|67/100|[from] item: Black Sludge
|upkeep
|turn|40
|
|t:|1650639868
|move|p2a: Eternatus|Recover|p2a: Eternatus
|-heal|p2a: Eternatus|100/100
|move|p1a: HOT! HOT! HOT!|Whirlwind|p2a: Eternatus
|drag|p2a: Ho-Oh|Ho-Oh|73/100
|-damage|p2a: Ho-Oh|23/100|[from] Stealth Rock
|
|-weather|none
|upkeep
|turn|41
|
|t:|1650639879
|switch|p2a: Eternatus|Eternatus|100/100
|-damage|p2a: Eternatus|88/100|[from] Stealth Rock
|-ability|p2a: Eternatus|Pressure
|move|p1a: HOT! HOT! HOT!|Brave Bird|p2a: Eternatus
|-damage|p2a: Eternatus|61/100
|-damage|p1a: HOT! HOT! HOT!|71/100|[from] Recoil
|
|-heal|p2a: Eternatus|68/100|[from] item: Black Sludge
|upkeep
|turn|42
|
|t:|1650639895
|switch|p1a: Run Thy Pockets|Tyranitar, M|88/100 slp
|-damage|p1a: Run Thy Pockets|76/100 slp|[from] Stealth Rock
|-weather|Sandstorm|[from] ability: Sand Stream|[of] p1a: Run Thy Pockets
|move|p2a: Eternatus|Meteor Beam||[still]
|-prepare|p2a: Eternatus|Meteor Beam
|-boost|p2a: Eternatus|spa|1
|
|-weather|Sandstorm|[upkeep]
|-damage|p2a: Eternatus|61/100|[from] Sandstorm
|-heal|p2a: Eternatus|68/100|[from] item: Black Sludge
|upkeep
|turn|43
|inactive|TTTech_ has 120 seconds left.
|
|t:|1650639930
|switch|p1a: Toxic Waste|Toxapex, F|100/100
|-damage|p1a: Toxic Waste|88/100|[from] Stealth Rock
|move|p2a: Eternatus|Meteor Beam|p1a: Toxic Waste|[from]lockedmove
|-damage|p1a: Toxic Waste|44/100
|
|-weather|Sandstorm|[upkeep]
|-damage|p2a: Eternatus|61/100|[from] Sandstorm
|-damage|p1a: Toxic Waste|38/100|[from] Sandstorm
|-heal|p2a: Eternatus|68/100|[from] item: Black Sludge
|upkeep
|turn|44
|
|t:|1650639940
|switch|p1a: Mommy 😍|Blissey, F|76/100
|-damage|p1a: Mommy 😍|63/100|[from] Stealth Rock
|move|p2a: Eternatus|Dragon Pulse|p1a: Mommy 😍
|-damage|p1a: Mommy 😍|47/100
|
|-weather|Sandstorm|[upkeep]
|-damage|p2a: Eternatus|61/100|[from] Sandstorm
|-damage|p1a: Mommy 😍|41/100|[from] Sandstorm
|-heal|p2a: Eternatus|68/100|[from] item: Black Sludge
|upkeep
|turn|45
|inactive|cxcould has 120 seconds left.
|
|t:|1650639981
|move|p2a: Eternatus|Meteor Beam||[still]
|-prepare|p2a: Eternatus|Meteor Beam
|-boost|p2a: Eternatus|spa|1
|move|p1a: Mommy 😍|Soft-Boiled|p1a: Mommy 😍
|-heal|p1a: Mommy 😍|91/100
|
|-weather|Sandstorm|[upkeep]
|-damage|p2a: Eternatus|61/100|[from] Sandstorm
|-damage|p1a: Mommy 😍|85/100|[from] Sandstorm
|-heal|p2a: Eternatus|68/100|[from] item: Black Sludge
|upkeep
|turn|46
|
|t:|1650639988
|move|p2a: Eternatus|Meteor Beam|p1a: Mommy 😍|[from]lockedmove
|-damage|p1a: Mommy 😍|65/100
|move|p1a: Mommy 😍|Confide|p2a: Eternatus
|-unboost|p2a: Eternatus|spa|1
|
|-weather|none
|-heal|p2a: Eternatus|74/100|[from] item: Black Sludge
|upkeep
|turn|47
|inactive|cxcould has 120 seconds left.
|
|t:|1650640009
|move|p2a: Eternatus|Meteor Beam||[still]
|-prepare|p2a: Eternatus|Meteor Beam
|-boost|p2a: Eternatus|spa|1
|move|p1a: Mommy 😍|Soft-Boiled|p1a: Mommy 😍
|-heal|p1a: Mommy 😍|100/100
|
|-heal|p2a: Eternatus|80/100|[from] item: Black Sludge
|upkeep
|turn|48
|
|t:|1650640020
|move|p2a: Eternatus|Meteor Beam|p1a: Mommy 😍|[from]lockedmove
|-damage|p1a: Mommy 😍|81/100
|move|p1a: Mommy 😍|Confide|p2a: Eternatus
|-unboost|p2a: Eternatus|spa|1
|
|-heal|p2a: Eternatus|86/100|[from] item: Black Sludge
|upkeep
|turn|49
|inactive|cxcould has 120 seconds left.
|
|t:|1650640041
|move|p2a: Eternatus|Meteor Beam||[still]
|-prepare|p2a: Eternatus|Meteor Beam
|-boost|p2a: Eternatus|spa|1
|move|p1a: Mommy 😍|Confide|p2a: Eternatus
|-unboost|p2a: Eternatus|spa|1
|
|-heal|p2a: Eternatus|92/100|[from] item: Black Sludge
|upkeep
|turn|50
|
|t:|1650640061
|move|p2a: Eternatus|Meteor Beam|p1a: Mommy 😍|[from]lockedmove
|-damage|p1a: Mommy 😍|65/100
|move|p1a: Mommy 😍|Aromatherapy|p1a: Mommy 😍
|-activate|p1a: Mommy 😍|move: Aromatherapy
|-curestatus|p1: Run Thy Pockets|slp|[msg]
|
|-heal|p2a: Eternatus|99/100|[from] item: Black Sludge
|upkeep
|turn|51
|
|t:|1650640072
|move|p2a: Eternatus|Meteor Beam||[still]
|-prepare|p2a: Eternatus|Meteor Beam
|-boost|p2a: Eternatus|spa|1
|move|p1a: Mommy 😍|Soft-Boiled|p1a: Mommy 😍
|-heal|p1a: Mommy 😍|100/100
|
|-heal|p2a: Eternatus|100/100|[from] item: Black Sludge
|upkeep
|turn|52
|inactive|cxcould has 90 seconds left.
|
|t:|1650640118
|move|p2a: Eternatus|Meteor Beam|p1a: Mommy 😍|[from]lockedmove
|-damage|p1a: Mommy 😍|81/100
|move|p1a: Mommy 😍|Confide|p2a: Eternatus
|-unboost|p2a: Eternatus|spa|1
|
|upkeep
|turn|53
|
|t:|1650640126
|move|p2a: Eternatus|Cosmic Power|p2a: Eternatus
|-boost|p2a: Eternatus|def|1
|-boost|p2a: Eternatus|spd|1
|move|p1a: Mommy 😍|Seismic Toss|p2a: Eternatus
|-damage|p2a: Eternatus|78/100
|
|-heal|p2a: Eternatus|85/100|[from] item: Black Sludge
|upkeep
|turn|54
|inactive|TTTech_ has 120 seconds left.
|inactive|TTTech_ has 90 seconds left.
|inactive|TTTech_ has 60 seconds left.
|
|t:|1650640233
|move|p2a: Eternatus|Cosmic Power|p2a: Eternatus
|-boost|p2a: Eternatus|def|1
|-boost|p2a: Eternatus|spd|1
|move|p1a: Mommy 😍|Confide|p2a: Eternatus
|-unboost|p2a: Eternatus|spa|1
|
|-heal|p2a: Eternatus|91/100|[from] item: Black Sludge
|upkeep
|turn|55
|inactive|cxcould has 90 seconds left.
|
|t:|1650640265
|move|p2a: Eternatus|Cosmic Power|p2a: Eternatus
|-boost|p2a: Eternatus|def|1
|-boost|p2a: Eternatus|spd|1
|move|p1a: Mommy 😍|Seismic Toss|p2a: Eternatus
|-damage|p2a: Eternatus|69/100
|
|-heal|p2a: Eternatus|75/100|[from] item: Black Sludge
|upkeep
|turn|56
|inactive|TTTech_ has 60 seconds left.
|
|t:|1650640279
|switch|p2a: Toxapex|Toxapex, M|100/100 brn
|-damage|p2a: Toxapex|88/100 brn|[from] Stealth Rock
|switch|p1a: HOT! HOT! HOT!|Ho-Oh|100/100
|
|-damage|p2a: Toxapex|82/100 brn|[from] brn
|upkeep
|turn|57
|inactive|TTTech_ has 60 seconds left.
|
|t:|1650640295
|switch|p1a: Toxic Waste|Toxapex, F|71/100
|-damage|p1a: Toxic Waste|58/100|[from] Stealth Rock
|move|p2a: Toxapex|Knock Off|p1a: Toxic Waste
|-damage|p1a: Toxic Waste|55/100
|
|-damage|p2a: Toxapex|76/100 brn|[from] brn
|upkeep
|turn|58
|
|t:|1650640307
|switch|p2a: Zygarde|Zygarde|83/100
|-damage|p2a: Zygarde|77/100|[from] Stealth Rock
|move|p1a: Toxic Waste|Knock Off|p2a: Zygarde
|-damage|p2a: Zygarde|69/100
|-enditem|p2a: Zygarde|Leftovers|[from] move: Knock Off|[of] p1a: Toxic Waste
|
|upkeep
|turn|59
|inactive|TTTech_ has 60 seconds left.
|
|t:|1650640327
|switch|p2a: Toxapex|Toxapex, M|100/100 brn
|-damage|p2a: Toxapex|88/100 brn|[from] Stealth Rock
|switch|p1a: Moonlight|Lunala|92/100
|
|-damage|p2a: Toxapex|82/100 brn|[from] brn
|upkeep
|turn|60
|inactive|cxcould has 90 seconds left.
|
|t:|1650640337
|switch|p1a: Toxic Waste|Toxapex, F|89/100
|-damage|p1a: Toxic Waste|76/100|[from] Stealth Rock
|move|p2a: Toxapex|Knock Off|p1a: Toxic Waste
|-damage|p1a: Toxic Waste|73/100
|
|-damage|p2a: Toxapex|76/100 brn|[from] brn
|upkeep
|turn|61
|
|t:|1650640346
|switch|p2a: Zygarde|Zygarde|69/100
|-damage|p2a: Zygarde|63/100|[from] Stealth Rock
|move|p1a: Toxic Waste|Knock Off|p2a: Zygarde
|-damage|p2a: Zygarde|57/100
|
|upkeep
|turn|62
|
|t:|1650640353
|switch|p2a: Toxapex|Toxapex, M|100/100 brn
|-damage|p2a: Toxapex|88/100 brn|[from] Stealth Rock
|switch|p1a: Moonlight|Lunala|92/100
|
|-damage|p2a: Toxapex|82/100 brn|[from] brn
|upkeep
|turn|63
|
|t:|1650640355
|switch|p1a: Toxic Waste|Toxapex, F|100/100
|-damage|p1a: Toxic Waste|88/100|[from] Stealth Rock
|switch|p2a: Zygarde|Zygarde|57/100
|-damage|p2a: Zygarde|51/100|[from] Stealth Rock
|
|upkeep
|turn|64
|inactive|TTTech_ has 90 seconds left.
|
|t:|1650640369
|switch|p2a: Toxapex|Toxapex, M|100/100 brn
|-damage|p2a: Toxapex|88/100 brn|[from] Stealth Rock
|switch|p1a: Moonlight|Lunala|92/100
|
|-damage|p2a: Toxapex|82/100 brn|[from] brn
|upkeep
|turn|65
|
|t:|1650640378
|switch|p1a: Toxic Waste|Toxapex, F|100/100
|-damage|p1a: Toxic Waste|88/100|[from] Stealth Rock
|move|p2a: Toxapex|Knock Off|p1a: Toxic Waste
|-damage|p1a: Toxic Waste|85/100
|
|-damage|p2a: Toxapex|76/100 brn|[from] brn
|upkeep
|turn|66
|
|t:|1650640388
|switch|p2a: Zygarde|Zygarde|51/100
|-damage|p2a: Zygarde|45/100|[from] Stealth Rock
|move|p1a: Toxic Waste|Scald|p2a: Zygarde
|-damage|p2a: Zygarde|31/100
|
|-activate|p2a: Zygarde|ability: Power Construct
|detailschange|p2a: Zygarde|Zygarde-Complete
|-heal|p2a: Zygarde|55/100|[silent]
|upkeep
|turn|67
|
|t:|1650640408
|switch|p1a: Moonlight|Lunala|92/100
|move|p2a: Zygarde|Glare|p1a: Moonlight
|-status|p1a: Moonlight|par
|
|upkeep
|turn|68
|
|t:|1650640426
|switch|p2a: Toxapex|Toxapex, M|100/100 brn
|-damage|p2a: Toxapex|88/100 brn|[from] Stealth Rock
|cant|p1a: Moonlight|par
|
|-damage|p2a: Toxapex|82/100 brn|[from] brn
|upkeep
|turn|69
|
|t:|1650640431
|switch|p1a: Toxic Waste|Toxapex, F|100/100
|-damage|p1a: Toxic Waste|88/100|[from] Stealth Rock
|switch|p2a: Zygarde|Zygarde-Complete|55/100
|-damage|p2a: Zygarde|49/100|[from] Stealth Rock
|
|upkeep
|turn|70
|
|t:|1650640458
|move|p2a: Zygarde|Rest|p2a: Zygarde
|-status|p2a: Zygarde|slp|[from] move: Rest
|-heal|p2a: Zygarde|100/100 slp|[silent]
|move|p1a: Toxic Waste|Scald|p2a: Zygarde
|-damage|p2a: Zygarde|91/100 slp
|
|upkeep
|turn|71
|
|t:|1650640462
|switch|p1a: Moonlight|Lunala|92/100 par
|cant|p2a: Zygarde|slp
|
|upkeep
|turn|72
|inactive|TTTech_ has 120 seconds left.
|
|t:|1650640478
|switch|p2a: Toxapex|Toxapex, M|100/100 brn
|-damage|p2a: Toxapex|88/100 brn|[from] Stealth Rock
|move|p1a: Moonlight|Hex|p2a: Toxapex
|-crit|p2a: Toxapex
|-damage|p2a: Toxapex|17/100 brn
|
|-damage|p2a: Toxapex|11/100 brn|[from] brn
|upkeep
|turn|73
|inactive|TTTech_ has 120 seconds left.
|
|t:|1650640505
|switch|p2a: Blissey|Blissey, F|94/100
|-damage|p2a: Blissey|82/100|[from] Stealth Rock
|move|p1a: Moonlight|Hex|p2a: Blissey
|-immune|p2a: Blissey
|
|upkeep
|turn|74
|inactive|TTTech_ has 120 seconds left.
|
|t:|1650640517
|switch|p2a: Zygarde|Zygarde-Complete|91/100 slp
|-damage|p2a: Zygarde|85/100 slp|[from] Stealth Rock
|switch|p1a: Mommy 😍|Blissey, F|81/100
|-damage|p1a: Mommy 😍|69/100|[from] Stealth Rock
|
|upkeep
|turn|75
|
|t:|1650640525
|switch|p2a: Toxapex|Toxapex, M|44/100 brn
|-damage|p2a: Toxapex|32/100 brn|[from] Stealth Rock
|move|p1a: Mommy 😍|Aromatherapy|p1a: Mommy 😍
|-activate|p1a: Mommy 😍|move: Aromatherapy
|-curestatus|p1: Moonlight|par|[msg]
|
|-damage|p2a: Toxapex|26/100 brn|[from] brn
|upkeep
|turn|76
|inactive|TTTech_ has 120 seconds left.
|
|t:|1650640548
|switch|p2a: Eternatus|Eternatus|75/100
|-damage|p2a: Eternatus|63/100|[from] Stealth Rock
|-ability|p2a: Eternatus|Pressure
|move|p1a: Mommy 😍|Soft-Boiled|p1a: Mommy 😍
|-heal|p1a: Mommy 😍|100/100
|
|-heal|p2a: Eternatus|69/100|[from] item: Black Sludge
|upkeep
|turn|77
|-message|cxcould forfeited.
|
|win|TTTech_
|raw|TTTech_'s rating: 1518 &rarr; <strong>1541</strong><br />(+23 for winning)
|raw|cxcould's rating: 1576 &rarr; <strong>1553</strong><br />(-23 for losing)
|l|☆cxcould
||Ladder isn't responding, score probably updated but might not have (Request timeout).
