|j|☆Rell27
|j|☆Prollynaut
|t:|1604125359
|player|p1|Rell27|169|1365
|player|p2|Prollynaut|102|1378
|teamsize|p1|6
|teamsize|p2|6
|gametype|singles
|gen|8
|tier|[Gen 8] Ubers
|rated|
|clearpoke
|poke|p1|Zacian-Crowned|
|poke|p1|Eternatus|
|poke|p1|Necrozma-Dusk-Mane|
|poke|p1|Calyrex-Shadow|
|poke|p1|Yveltal|
|poke|p1|Zygarde|
|poke|p2|Tapu Lele|
|poke|p2|Calyrex-Shadow|
|poke|p2|Shuckle, F|
|poke|p2|Yveltal|
|poke|p2|Groudon|
|poke|p2|Necrozma-Dusk-Mane|
|rule|Sleep Clause Mod: Limit one foe put to sleep
|rule|Species Clause: Limit one of each Pokémon
|rule|OHKO Clause: OHKO moves are banned
|rule|Evasion Moves Clause: Evasion moves are banned
|rule|Endless Battle Clause: Forcing endless battles is banned
|rule|HP Percentage Mod: HP is shown in percentages
|teampreview
|inactive|Battle timer is ON: inactive players will automatically lose when time's up. (requested by Prollynaut)
|
|t:|1604125372
|start
|switch|p1a: Calyrex|Calyrex-Shadow|100/100
|switch|p2a: Shuckle|Shuckle, F|100/100
|-ability|p1a: Calyrex|As One
|-ability|p1a: Calyrex|Unnerve|p2: Prollynaut
|turn|1
|j| faisal shourov
|
|t:|1604125375
|move|p1a: Calyrex|Calm Mind|p1a: Calyrex
|-boost|p1a: Calyrex|spa|1
|-boost|p1a: Calyrex|spd|1
|move|p2a: Shuckle|Sticky Web|p1a: Calyrex
|-sidestart|p1: Rell27|move: Sticky Web
|
|upkeep
|turn|2
|
|t:|1604125385
|-start|p1a: Calyrex|Dynamax
|-heal|p1a: Calyrex|100/100|[silent]
|move|p1a: Calyrex|Max Mindstorm|p2a: Shuckle
|-ability|p2a: Shuckle|Sturdy
|-damage|p2a: Shuckle|1/100
|-fieldstart|move: Psychic Terrain
|-damage|p1a: Calyrex|96/100|[from] item: Life Orb
|move|p2a: Shuckle|Encore||[still]
|-fail|p2a: Shuckle
|
|upkeep
|turn|3
|
|t:|1604125394
|switch|p2a: Yveltal|Yveltal|100/100
|-ability|p2a: Yveltal|Dark Aura
|move|p1a: Calyrex|Max Phantasm|p2a: Yveltal
|-resisted|p2a: Yveltal
|-damage|p2a: Yveltal|23/100
|-unboost|p2a: Yveltal|def|1
|-damage|p1a: Calyrex|91/100|[from] item: Life Orb
|
|upkeep
|turn|4
|
|t:|1604125399
|switch|p2a: Shuckle|Shuckle, F|1/100
|move|p1a: Calyrex|Max Phantasm|p2a: Shuckle
|-damage|p2a: Shuckle|0 fnt
|-damage|p1a: Calyrex|86/100|[from] item: Life Orb
|faint|p2a: Shuckle
|-boost|p1a: Calyrex|spa|1
|
|-end|p1a: Calyrex|Dynamax
|-heal|p1a: Calyrex|86/100|[silent]
|upkeep
|
|t:|1604125402
|switch|p2a: Calyrex|Calyrex-Shadow|100/100
|-ability|p2a: Calyrex|As One
|-ability|p2a: Calyrex|Unnerve|p1: Rell27
|turn|5
|
|t:|1604125408
|-start|p2a: Calyrex|Dynamax
|-heal|p2a: Calyrex|100/100|[silent]
|move|p1a: Calyrex|Astral Barrage|p2a: Calyrex
|-supereffective|p2a: Calyrex
|-damage|p2a: Calyrex|0 fnt
|-damage|p1a: Calyrex|76/100|[from] item: Life Orb
|faint|p2a: Calyrex
|-boost|p1a: Calyrex|spa|1
|
|upkeep
|n|‽Prollynaut|prollynaut
|-message|Prollynaut forfeited.
|
|win|Rell27
|l|‽Prollynaut
|raw|Rell27's rating: 1365 &rarr; <strong>1388</strong><br />(+23 for winning)
|raw|Prollynaut's rating: 1414 &rarr; <strong>1391</strong><br />(-23 for losing)
