|j|☆O~c~e~a~n Senpai
|j|☆Chickpiee
|t:|1616743052
|player|p1|O~c~e~a~n Senpai|lucas-gen4pt|
|player|p2|Chickpiee|caitlin|
|teamsize|p1|6
|teamsize|p2|6
|gametype|singles
|gen|8
|tier|[Gen 8] Ubers
|rated|Tournament battle
|clearpoke
|poke|p1|Galvantula, F|
|poke|p1|Regieleki|
|poke|p1|Yveltal|
|poke|p1|Zacian|
|poke|p1|Lunala|
|poke|p1|Calyrex-Shadow|
|poke|p2|Ho-Oh|
|poke|p2|Necrozma-Dusk-Mane|
|poke|p2|Yveltal|
|poke|p2|Zygarde|
|poke|p2|Eternatus|
|poke|p2|Chansey, F|
|rule|Sleep Clause Mod: Limit one foe put to sleep
|rule|Species Clause: Limit one of each Pokémon
|rule|OHKO Clause: OHKO moves are banned
|rule|Evasion Moves Clause: Evasion moves are banned
|rule|Endless Battle Clause: Forcing endless battles is banned
|rule|HP Percentage Mod: HP is shown in percentages
|rule|Dynamax Clause: You cannot dynamax
|teampreview
|j|*Lady Monita
|j| kanupaku
|inactive|Battle timer is ON: inactive players will automatically lose when time's up. (requested by Chickpiee)
|j| Ron 50
|j| baloor
|j|@Thinkerino
|j|^KoffingWoffing
|j| AngietheMesprit
|j| Gryphono
|c| baloor|dear god
|j| LeoBulli
|j| Is it hailing
|l| LeoBulli
|
|t:|1616743078
|start
|switch|p1a: Galvantula|Galvantula, F|100/100
|switch|p2a: Othello|Ho-Oh, shiny|100/100
|turn|1
|j| Criingetopia
|
|t:|1616743083
|move|p1a: Galvantula|Thunder Wave|p2a: Othello
|-status|p2a: Othello|par
|move|p2a: Othello|Sacred Fire|p1a: Galvantula
|-supereffective|p1a: Galvantula
|-enditem|p1a: Galvantula|Focus Sash
|-damage|p1a: Galvantula|1/100
|-status|p1a: Galvantula|brn
|
|-damage|p1a: Galvantula|0 fnt|[from] brn
|faint|p1a: Galvantula
|upkeep
|j| nu 4.4
|j| TeamCharm69
|c| baloor|ethey have fun playing this
|c| baloor|LOL
|c|☆O~c~e~a~n Senpai|k
|j| Dragon246
|
|t:|1616743099
|switch|p1a: Calyrex|Calyrex-Shadow|100/100
|-ability|p1a: Calyrex|As One
|-ability|p1a: Calyrex|Unnerve|p2: Chickpiee
|turn|2
|c|☆O~c~e~a~n Senpai|i dont win this matchup
|
|t:|1616743118
|switch|p2a: MacBeth|Yveltal|100/100
|-ability|p2a: MacBeth|Dark Aura
|move|p1a: Calyrex|Substitute|p1a: Calyrex
|-start|p1a: Calyrex|Substitute
|-damage|p1a: Calyrex|76/100
|
|upkeep
|turn|3
|c| baloor|i mean
|
|t:|1616743124
|move|p1a: Calyrex|Draining Kiss|p2a: MacBeth
|-supereffective|p2a: MacBeth
|-damage|p2a: MacBeth|71/100
|-heal|p1a: Calyrex|100/100|[from] drain|[of] p2a: MacBeth
|move|p2a: MacBeth|Foul Play|p1a: Calyrex
|-supereffective|p1a: Calyrex
|-end|p1a: Calyrex|Substitute
|
|upkeep
|turn|4
|c| baloor|im not going to ghost you
|
|t:|1616743135
|switch|p1a: Yveltal|Yveltal|100/100
|-ability|p1a: Yveltal|Dark Aura
|move|p2a: MacBeth|Roost|p2a: MacBeth
|-heal|p2a: MacBeth|100/100
|-singleturn|p2a: MacBeth|move: Roost
|
|upkeep
|turn|5
|c| baloor|but its not impossible
|
|t:|1616743144
|switch|p2a: Crone|Eternatus|100/100
|-ability|p2a: Crone|Pressure
|move|p1a: Yveltal|Taunt|p2a: Crone
|-start|p2a: Crone|move: Taunt
|
|upkeep
|turn|6
|l| Gryphono
|l| kanupaku
|j| Gryphono
|j| SimonBoi99
|
|t:|1616743165
|move|p1a: Yveltal|Dark Pulse|p2a: Crone
|-damage|p2a: Crone|55/100
|-damage|p1a: Yveltal|91/100|[from] item: Life Orb
|move|p2a: Crone|Flamethrower|p1a: Yveltal
|-damage|p1a: Yveltal|65/100
|
|-heal|p2a: Crone|61/100|[from] item: Black Sludge
|upkeep
|turn|7
|l| SimonBoi99
|
|t:|1616743173
|move|p1a: Yveltal|Oblivion Wing|p2a: Crone
|-damage|p2a: Crone|30/100
|-heal|p1a: Yveltal|94/100|[from] drain|[of] p2a: Crone
|-damage|p1a: Yveltal|84/100|[from] item: Life Orb
|move|p2a: Crone|Dynamax Cannon|p1a: Yveltal
|-damage|p1a: Yveltal|45/100
|
|-heal|p2a: Crone|36/100|[from] item: Black Sludge
|-end|p2a: Crone|move: Taunt
|upkeep
|turn|8
|
|t:|1616743183
|switch|p2a: Portia|Chansey, F|100/100
|move|p1a: Yveltal|Dark Pulse|p2a: Portia
|-damage|p2a: Portia|84/100
|-damage|p1a: Yveltal|35/100|[from] item: Life Orb
|
|upkeep
|turn|9
|
|t:|1616743188
|move|p1a: Yveltal|Taunt|p2a: Portia
|-start|p2a: Portia|move: Taunt
|move|p2a: Portia|Seismic Toss|p1a: Yveltal
|-damage|p1a: Yveltal|10/100
|
|upkeep
|turn|10
|j| SymphonyOfToad
|c| SymphonyOfToad|YO
|c| Criingetopia|yo
|
|t:|1616743219
|move|p1a: Yveltal|Sucker Punch|p2a: Portia
|-damage|p2a: Portia|0 fnt
|-damage|p1a: Yveltal|0 fnt|[from] item: Life Orb
|faint|p2a: Portia
|faint|p1a: Yveltal
|
|upkeep
|
|t:|1616743232
|switch|p1a: Lunala|Lunala|100/100
|switch|p2a: Hamlet|Zygarde|100/100
|turn|11
|
|t:|1616743238
|move|p1a: Lunala|Ice Beam|p2a: Hamlet
|-supereffective|p2a: Hamlet
|-damage|p2a: Hamlet|0 fnt
|faint|p2a: Hamlet
|
|upkeep
|c|^KoffingWoffing|woahhhhhhh
|
|t:|1616743247
|switch|p2a: Othello|Ho-Oh, shiny|100/100 par
|turn|12
|c| TeamCharm69|im diggin the shakespeare names
|
|t:|1616743250
|move|p1a: Lunala|Meteor Beam||[still]
|-prepare|p1a: Lunala|Meteor Beam
|-boost|p1a: Lunala|spa|1
|-enditem|p1a: Lunala|Power Herb
|-anim|p1a: Lunala|Meteor Beam|p2a: Othello
|-supereffective|p2a: Othello
|-damage|p2a: Othello|0 fnt
|faint|p2a: Othello
|
|upkeep
|c| Criingetopia|seeing that zygarde die was so cathartic
|j| qwertymnbvcx
|
|t:|1616743258
|switch|p2a: MacBeth|Yveltal|100/100
|-ability|p2a: MacBeth|Dark Aura
|turn|13
|c| Criingetopia|it swept me last game
|c|^KoffingWoffing|absolute nasty moveset
|
|t:|1616743265
|move|p1a: Lunala|Ice Beam|p2a: MacBeth
|-supereffective|p2a: MacBeth
|-damage|p2a: MacBeth|25/100
|move|p2a: MacBeth|Foul Play|p1a: Lunala
|-supereffective|p1a: Lunala
|-damage|p1a: Lunala|31/100
|
|upkeep
|turn|14
|
|t:|1616743272
|move|p1a: Lunala|Ice Beam|p2a: MacBeth
|-supereffective|p2a: MacBeth
|-damage|p2a: MacBeth|0 fnt
|faint|p2a: MacBeth
|
|upkeep
|
|t:|1616743276
|switch|p2a: Shylock|Necrozma-Dusk-Mane|100/100
|turn|15
|c|☆O~c~e~a~n Senpai|gg?
|
|t:|1616743279
|move|p1a: Lunala|Moongeist Beam|p2a: Shylock
|-supereffective|p2a: Shylock
|-damage|p2a: Shylock|18/100
|move|p2a: Shylock|Sunsteel Strike|p1a: Lunala
|-damage|p1a: Lunala|0 fnt
|faint|p1a: Lunala
|
|upkeep
|
|t:|1616743283
|switch|p1a: Calyrex|Calyrex-Shadow|100/100
|-ability|p1a: Calyrex|As One
|-ability|p1a: Calyrex|Unnerve|p2: Chickpiee
|turn|16
|c| SymphonyOfToad|ye gg's
|
|t:|1616743286
|move|p1a: Calyrex|Astral Barrage|p2a: Shylock
|-supereffective|p2a: Shylock
|-damage|p2a: Shylock|0 fnt
|faint|p2a: Shylock
|-ability|p1a: Calyrex|Grim Neigh|boost
|-boost|p1a: Calyrex|spa|1
|
|upkeep
|
|t:|1616743288
|switch|p2a: Crone|Eternatus|36/100
|-ability|p2a: Crone|Pressure
|turn|17
|
|t:|1616743290
|move|p1a: Calyrex|Astral Barrage|p2a: Crone
|-damage|p2a: Crone|0 fnt
|faint|p2a: Crone
|
|win|O~c~e~a~n Senpai
|n|☆O~c~e~a~n Senpai|oceansenpai
|n|☆Chickpiee|chickpiee
|n|*Lady Monita|ladymonita
|n| Ron 50|ron50
|n| baloor|baloor
|n|+Thinkerino|thinkerino
|n| KoffingWoffing|koffingwoffing
|n| AngietheMesprit|angiethemesprit
|n| Is it hailing|isithailing
|n| Criingetopia|criingetopia
|n| nu 4.4|nu44
|n| TeamCharm69|teamcharm69
|n| Dragon246|dragon246
|n| Gryphono|gryphono
|n| SymphonyOfToad|symphonyoftoad
|n| qwertymnbvcx|qwertymnbvcx
