|html|<div class="broadcast-blue"><strong>[Gen 8] Ubers is currently suspecting Shadow Tag! For information on how to participate check out the <a href="https://www.smogon.com/forums/threads/np-ss-ubers-stage-6-tag-youre-it.3679546/">suspect thread</a>.</strong></div>
|j|☆darkchocolatesuxks
|j|☆NaveTreeMen
|t:|1615476208
|player|p1|darkchocolatesuxks|blaine|1000
|player|p2|NaveTreeMen|clair|1000
|teamsize|p1|6
|teamsize|p2|2
|gametype|singles
|gen|8
|tier|[Gen 8] Ubers
|rated|
|clearpoke
|poke|p1|Zekrom|
|poke|p1|Necrozma-Dusk-Mane|
|poke|p1|Kyogre|
|poke|p1|Yveltal|
|poke|p1|Zacian|
|poke|p1|Lugia|
|poke|p2|Uxie|
|poke|p2|Cloyster, F|
|rule|Sleep Clause Mod: Limit one foe put to sleep
|rule|Species Clause: Limit one of each Pokémon
|rule|OHKO Clause: OHKO moves are banned
|rule|Evasion Moves Clause: Evasion moves are banned
|rule|Endless Battle Clause: Forcing endless battles is banned
|rule|HP Percentage Mod: HP is shown in percentages
|rule|Dynamax Clause: You cannot dynamax
|teampreview
|
|t:|1615476227
|start
|switch|p1a: Kyogre|Kyogre|100/100
|switch|p2a: Uxie|Uxie|100/100
|-weather|RainDance|[from] ability: Drizzle|[of] p1a: Kyogre
|turn|1
|
|t:|1615476234
|move|p2a: Uxie|Yawn|p1a: Kyogre
|-start|p1a: Kyogre|move: Yawn|[of] p2a: Uxie
|move|p1a: Kyogre|Calm Mind|p1a: Kyogre
|-boost|p1a: Kyogre|spa|1
|-boost|p1a: Kyogre|spd|1
|
|-weather|RainDance|[upkeep]
|upkeep
|turn|2
|
|t:|1615476247
|move|p2a: Uxie|Encore|p1a: Kyogre
|-start|p1a: Kyogre|Encore
|move|p1a: Kyogre|Calm Mind|p1a: Kyogre
|-boost|p1a: Kyogre|spa|1
|-boost|p1a: Kyogre|spd|1
|
|-weather|RainDance|[upkeep]
|-end|p1a: Kyogre|move: Yawn|[silent]
|-status|p1a: Kyogre|slp
|upkeep
|turn|3
|
|t:|1615476254
|switch|p1a: Zekrom|Zekrom|100/100
|-ability|p1a: Zekrom|Teravolt
|move|p2a: Uxie|Memento|p1a: Zekrom
|-unboost|p1a: Zekrom|atk|2
|-unboost|p1a: Zekrom|spa|2
|faint|p2a: Uxie
|
|-weather|RainDance|[upkeep]
|upkeep
|
|t:|1615476262
|switch|p2a: Cry More :)|Cloyster, F|100/100
|turn|4
|
|t:|1615476277
|move|p1a: Zekrom|Substitute|p1a: Zekrom
|-start|p1a: Zekrom|Substitute
|-damage|p1a: Zekrom|76/100
|move|p2a: Cry More :)|Shell Smash|p2a: Cry More :)
|-unboost|p2a: Cry More :)|def|1
|-unboost|p2a: Cry More :)|spd|1
|-boost|p2a: Cry More :)|atk|2
|-boost|p2a: Cry More :)|spa|2
|-boost|p2a: Cry More :)|spe|2
|
|-weather|RainDance|[upkeep]
|-heal|p1a: Zekrom|82/100|[from] item: Leftovers
|upkeep
|turn|5
|
|t:|1615476286
|move|p2a: Cry More :)|Icicle Spear|p1a: Zekrom
|-supereffective|p1a: Zekrom
|-end|p1a: Zekrom|Substitute
|-supereffective|p1a: Zekrom
|-damage|p1a: Zekrom|47/100
|-supereffective|p1a: Zekrom
|-damage|p1a: Zekrom|11/100
|-supereffective|p1a: Zekrom
|-damage|p1a: Zekrom|0 fnt
|-hitcount|p1a: Zekrom|4
|faint|p1a: Zekrom
|
|-weather|none
|upkeep
|
|t:|1615476291
|switch|p1a: Necrozma|Necrozma-Dusk-Mane|100/100
|turn|6
|
|t:|1615476310
|move|p2a: Cry More :)|Icicle Spear|p1a: Necrozma
|-resisted|p1a: Necrozma
|-damage|p1a: Necrozma|93/100
|-resisted|p1a: Necrozma
|-damage|p1a: Necrozma|85/100
|-resisted|p1a: Necrozma
|-damage|p1a: Necrozma|78/100
|-resisted|p1a: Necrozma
|-damage|p1a: Necrozma|71/100
|-resisted|p1a: Necrozma
|-damage|p1a: Necrozma|63/100
|-hitcount|p1a: Necrozma|5
|move|p1a: Necrozma|Stone Edge|p2a: Cry More :)|[miss]
|-miss|p1a: Necrozma|p2a: Cry More :)
|
|-heal|p1a: Necrozma|69/100|[from] item: Leftovers
|upkeep
|turn|7
|
|t:|1615476317
|move|p2a: Cry More :)|Liquidation|p1a: Necrozma
|-damage|p1a: Necrozma|23/100
|move|p1a: Necrozma|Morning Sun|p1a: Necrozma
|-heal|p1a: Necrozma|73/100
|
|-heal|p1a: Necrozma|79/100|[from] item: Leftovers
|upkeep
|turn|8
|
|t:|1615476325
|move|p2a: Cry More :)|Rock Blast|p1a: Necrozma
|-resisted|p1a: Necrozma
|-damage|p1a: Necrozma|74/100
|-resisted|p1a: Necrozma
|-damage|p1a: Necrozma|69/100
|-resisted|p1a: Necrozma
|-crit|p1a: Necrozma
|-damage|p1a: Necrozma|61/100
|-resisted|p1a: Necrozma
|-damage|p1a: Necrozma|57/100
|-resisted|p1a: Necrozma
|-damage|p1a: Necrozma|52/100
|-hitcount|p1a: Necrozma|5
|move|p1a: Necrozma|Stone Edge|p2a: Cry More :)|[miss]
|-miss|p1a: Necrozma|p2a: Cry More :)
|
|-heal|p1a: Necrozma|58/100|[from] item: Leftovers
|upkeep
|turn|9
|
|t:|1615476333
|move|p2a: Cry More :)|Liquidation|p1a: Necrozma
|-damage|p1a: Necrozma|10/100
|move|p1a: Necrozma|Morning Sun|p1a: Necrozma
|-heal|p1a: Necrozma|60/100
|
|-heal|p1a: Necrozma|66/100|[from] item: Leftovers
|upkeep
|turn|10
|
|t:|1615476341
|move|p2a: Cry More :)|Liquidation|p1a: Necrozma
|-damage|p1a: Necrozma|15/100
|move|p1a: Necrozma|Morning Sun|p1a: Necrozma
|-heal|p1a: Necrozma|65/100
|
|-heal|p1a: Necrozma|71/100|[from] item: Leftovers
|upkeep
|turn|11
|
|t:|1615476350
|move|p2a: Cry More :)|Liquidation|p1a: Necrozma
|-damage|p1a: Necrozma|17/100
|move|p1a: Necrozma|Stone Edge|p2a: Cry More :)
|-supereffective|p2a: Cry More :)
|-damage|p2a: Cry More :)|8/100
|
|-heal|p1a: Necrozma|23/100|[from] item: Leftovers
|upkeep
|turn|12
|
|t:|1615476362
|move|p2a: Cry More :)|Liquidation|p1a: Necrozma
|-damage|p1a: Necrozma|0 fnt
|faint|p1a: Necrozma
|
|upkeep
|
|t:|1615476366
|switch|p1a: Zacian|Zacian|100/100
|-ability|p1a: Zacian|Intrepid Sword|boost
|-boost|p1a: Zacian|atk|1
|turn|13
|
|t:|1615476372
|move|p2a: Cry More :)|Icicle Spear|p1a: Zacian
|-damage|p1a: Zacian|82/100
|-damage|p1a: Zacian|60/100
|-damage|p1a: Zacian|39/100
|-damage|p1a: Zacian|18/100
|-damage|p1a: Zacian|0 fnt
|-hitcount|p1a: Zacian|5
|faint|p1a: Zacian
|
|upkeep
|-message|darkchocolatesuxks forfeited.
|
|win|NaveTreeMen
|raw|darkchocolatesuxks's rating: 1000 &rarr; <strong>1000</strong><br />(+0 for losing)
|raw|NaveTreeMen's rating: 1000 &rarr; <strong>1045</strong><br />(+45 for winning)
|l|☆darkchocolatesuxks
