|j|☆Rell27
|j|☆dookymuncher
|t:|1609127635
|player|p1|Rell27|102|1545
|player|p2|dookymuncher|preschooler|1484
|teamsize|p1|6
|teamsize|p2|6
|gametype|singles
|gen|8
|tier|[Gen 8] Ubers
|rated|
|clearpoke
|poke|p1|Kyogre|
|poke|p1|Yveltal|
|poke|p1|Eternatus|
|poke|p1|Necrozma-Dusk-Mane|
|poke|p1|Calyrex-Shadow|
|poke|p1|Zacian-Crowned|
|poke|p2|Calyrex-Shadow|
|poke|p2|Yveltal|
|poke|p2|Zacian-Crowned|
|poke|p2|Palkia|
|poke|p2|Necrozma-Dusk-Mane|
|poke|p2|Zygarde|
|rule|Sleep Clause Mod: Limit one foe put to sleep
|rule|Species Clause: Limit one of each Pokémon
|rule|OHKO Clause: OHKO moves are banned
|rule|Evasion Moves Clause: Evasion moves are banned
|rule|Endless Battle Clause: Forcing endless battles is banned
|rule|HP Percentage Mod: HP is shown in percentages
|rule|Dynamax Clause: You cannot dynamax
|teampreview
|inactive|Battle timer is ON: inactive players will automatically lose when time's up. (requested by dookymuncher)
|
|t:|1609127651
|start
|switch|p1a: Zacian|Zacian-Crowned|100/100
|switch|p2a: Necrozma|Necrozma-Dusk-Mane|100/100
|-ability|p1a: Zacian|Intrepid Sword|boost
|-boost|p1a: Zacian|atk|1
|turn|1
|
|t:|1609127658
|switch|p1a: Necrozma|Necrozma-Dusk-Mane|100/100
|move|p2a: Necrozma|Stealth Rock|p1a: Necrozma
|-sidestart|p1: Rell27|move: Stealth Rock
|
|upkeep
|turn|2
|
|t:|1609127674
|move|p2a: Necrozma|Knock Off|p1a: Necrozma
|-supereffective|p1a: Necrozma
|-damage|p1a: Necrozma|69/100
|-enditem|p1a: Necrozma|Weakness Policy
|-boost|p1a: Necrozma|atk|2|[from] item: Weakness Policy
|-boost|p1a: Necrozma|spa|2|[from] item: Weakness Policy
|move|p1a: Necrozma|Stealth Rock|p2a: Necrozma
|-sidestart|p2: dookymuncher|move: Stealth Rock
|
|upkeep
|turn|3
|
|t:|1609127681
|switch|p2a: Yveltal|Yveltal|100/100
|-ability|p2a: Yveltal|Dark Aura
|move|p1a: Necrozma|Earthquake|p2a: Yveltal
|-immune|p2a: Yveltal
|
|upkeep
|turn|4
|
|t:|1609127686
|switch|p1a: Zacian|Zacian-Crowned|100/100
|-damage|p1a: Zacian|94/100|[from] Stealth Rock
|-ability|p1a: Zacian|Intrepid Sword|boost
|-boost|p1a: Zacian|atk|1
|move|p2a: Yveltal|Taunt|p1a: Zacian
|-start|p1a: Zacian|move: Taunt
|
|upkeep
|turn|5
|
|t:|1609127689
|switch|p1a: Calyrex|Calyrex-Shadow|100/100
|-ability|p1a: Calyrex|As One
|-ability|p1a: Calyrex|Unnerve|p2: dookymuncher
|-damage|p1a: Calyrex|88/100|[from] Stealth Rock
|switch|p2a: Necrozma|Necrozma-Dusk-Mane|100/100
|-damage|p2a: Necrozma|94/100|[from] Stealth Rock
|
|upkeep
|turn|6
|
|t:|1609127695
|switch|p2a: Yveltal|Yveltal|100/100
|-ability|p2a: Yveltal|Dark Aura
|move|p1a: Calyrex|Astral Barrage|p2a: Yveltal
|-resisted|p2a: Yveltal
|-damage|p2a: Yveltal|79/100
|
|upkeep
|turn|7
|
|t:|1609127715
|switch|p1a: Zacian|Zacian-Crowned|94/100
|-damage|p1a: Zacian|88/100|[from] Stealth Rock
|-ability|p1a: Zacian|Intrepid Sword|boost
|-boost|p1a: Zacian|atk|1
|move|p2a: Yveltal|Knock Off|p1a: Zacian
|-resisted|p1a: Zacian
|-damage|p1a: Zacian|71/100
|
|upkeep
|turn|8
|
|t:|1609127721
|switch|p2a: Necrozma|Necrozma-Dusk-Mane|94/100
|-damage|p2a: Necrozma|88/100|[from] Stealth Rock
|move|p1a: Zacian|Play Rough|p2a: Necrozma
|-resisted|p2a: Necrozma
|-damage|p2a: Necrozma|66/100
|-damage|p1a: Zacian|55/100|[from] item: Rocky Helmet|[of] p2a: Necrozma
|
|upkeep
|turn|9
|
|t:|1609127729
|switch|p1a: Yveltal|Yveltal|100/100
|-damage|p1a: Yveltal|76/100|[from] Stealth Rock
|-ability|p1a: Yveltal|Dark Aura
|move|p2a: Necrozma|Knock Off|p1a: Yveltal
|-resisted|p1a: Yveltal
|-damage|p1a: Yveltal|56/100
|-enditem|p1a: Yveltal|Life Orb|[from] move: Knock Off|[of] p2a: Necrozma
|
|upkeep
|turn|10
|
|t:|1609127756
|switch|p2a: Yveltal|Yveltal|79/100
|-ability|p2a: Yveltal|Dark Aura
|move|p1a: Yveltal|Knock Off|p2a: Yveltal
|-resisted|p2a: Yveltal
|-crit|p2a: Yveltal
|-damage|p2a: Yveltal|37/100
|-enditem|p2a: Yveltal|Heavy-Duty Boots|[from] move: Knock Off|[of] p1a: Yveltal
|
|upkeep
|turn|11
|
|t:|1609127763
|move|p1a: Yveltal|Oblivion Wing|p2a: Yveltal
|-crit|p2a: Yveltal
|-damage|p2a: Yveltal|7/100
|-heal|p1a: Yveltal|81/100|[from] drain|[of] p2a: Yveltal
|move|p2a: Yveltal|Roost|p2a: Yveltal
|-heal|p2a: Yveltal|57/100
|-singleturn|p2a: Yveltal|move: Roost
|
|upkeep
|turn|12
|
|t:|1609127774
|switch|p1a: Zacian|Zacian-Crowned|55/100
|-damage|p1a: Zacian|48/100|[from] Stealth Rock
|-ability|p1a: Zacian|Intrepid Sword|boost
|-boost|p1a: Zacian|atk|1
|move|p2a: Yveltal|Roost|p2a: Yveltal
|-heal|p2a: Yveltal|100/100
|-singleturn|p2a: Yveltal|move: Roost
|
|upkeep
|turn|13
|
|t:|1609127782
|switch|p1a: Kyogre|Kyogre|100/100
|-damage|p1a: Kyogre|88/100|[from] Stealth Rock
|-weather|RainDance|[from] ability: Drizzle|[of] p1a: Kyogre
|switch|p2a: Necrozma|Necrozma-Dusk-Mane|66/100
|-damage|p2a: Necrozma|60/100|[from] Stealth Rock
|
|-weather|RainDance|[upkeep]
|upkeep
|turn|14
|
|t:|1609127788
|switch|p2a: Palkia|Palkia|100/100
|-damage|p2a: Palkia|88/100|[from] Stealth Rock
|-ability|p2a: Palkia|Pressure
|move|p1a: Kyogre|Thunder|p2a: Palkia
|-damage|p2a: Palkia|56/100
|
|-weather|RainDance|[upkeep]
|upkeep
|turn|15
|j| big ballers only
|
|t:|1609127803
|switch|p1a: Necrozma|Necrozma-Dusk-Mane|69/100
|-damage|p1a: Necrozma|63/100|[from] Stealth Rock
|move|p2a: Palkia|Thunder|p1a: Necrozma
|-damage|p1a: Necrozma|23/100
|
|-weather|RainDance|[upkeep]
|upkeep
|turn|16
|
|t:|1609127812
|move|p2a: Palkia|Surf|p1a: Necrozma
|-damage|p1a: Necrozma|0 fnt
|faint|p1a: Necrozma
|
|-weather|RainDance|[upkeep]
|upkeep
|
|t:|1609127821
|switch|p1a: Eternatus|Eternatus|100/100
|-damage|p1a: Eternatus|88/100|[from] Stealth Rock
|-ability|p1a: Eternatus|Pressure
|turn|17
|
|t:|1609127828
|switch|p2a: Zacian|Zacian-Crowned|100/100
|-damage|p2a: Zacian|94/100|[from] Stealth Rock
|-ability|p2a: Zacian|Intrepid Sword|boost
|-boost|p2a: Zacian|atk|1
|move|p1a: Eternatus|Dynamax Cannon|p2a: Zacian
|-immune|p2a: Zacian
|
|-weather|none
|upkeep
|turn|18
|
|t:|1609127834
|move|p2a: Zacian|Behemoth Blade|p1a: Eternatus
|-damage|p1a: Eternatus|18/100
|move|p1a: Eternatus|Flamethrower|p2a: Zacian
|-supereffective|p2a: Zacian
|-damage|p2a: Zacian|19/100
|-status|p2a: Zacian|brn
|-damage|p1a: Eternatus|8/100|[from] item: Life Orb
|
|-damage|p2a: Zacian|13/100 brn|[from] brn
|upkeep
|turn|19
|inactive|dookymuncher has 120 seconds left.
|
|t:|1609127879
|move|p2a: Zacian|Behemoth Blade|p1a: Eternatus
|-damage|p1a: Eternatus|0 fnt
|faint|p1a: Eternatus
|
|-damage|p2a: Zacian|7/100 brn|[from] brn
|upkeep
|
|t:|1609127883
|switch|p1a: Calyrex|Calyrex-Shadow|88/100
|-ability|p1a: Calyrex|As One
|-ability|p1a: Calyrex|Unnerve|p2: dookymuncher
|-damage|p1a: Calyrex|76/100|[from] Stealth Rock
|turn|20
|
|t:|1609127887
|move|p1a: Calyrex|Astral Barrage|p2a: Zacian
|-damage|p2a: Zacian|0 fnt
|faint|p2a: Zacian
|-ability|p1a: Calyrex|Grim Neigh|boost
|-boost|p1a: Calyrex|spa|1
|
|upkeep
|
|t:|1609127889
|switch|p2a: Yveltal|Yveltal|100/100
|-damage|p2a: Yveltal|76/100|[from] Stealth Rock
|-ability|p2a: Yveltal|Dark Aura
|turn|21
|
|t:|1609127899
|switch|p1a: Yveltal|Yveltal|81/100
|-damage|p1a: Yveltal|56/100|[from] Stealth Rock
|-ability|p1a: Yveltal|Dark Aura
|move|p2a: Yveltal|Knock Off|p1a: Yveltal
|-resisted|p1a: Yveltal
|-damage|p1a: Yveltal|37/100
|
|upkeep
|turn|22
|
|t:|1609127905
|move|p1a: Yveltal|Oblivion Wing|p2a: Yveltal
|-damage|p2a: Yveltal|56/100
|-heal|p1a: Yveltal|54/100|[from] drain|[of] p2a: Yveltal
|move|p2a: Yveltal|Roost|p2a: Yveltal
|-heal|p2a: Yveltal|100/100
|-singleturn|p2a: Yveltal|move: Roost
|
|upkeep
|turn|23
|
|t:|1609127908
|move|p2a: Yveltal|U-turn|p1a: Yveltal
|-damage|p1a: Yveltal|34/100
|
|t:|1609127912
|switch|p2a: Zygarde|Zygarde|100/100|[from]move: U-turn
|-damage|p2a: Zygarde|94/100|[from] Stealth Rock
|move|p1a: Yveltal|Oblivion Wing|p2a: Zygarde
|-damage|p2a: Zygarde|67/100
|-heal|p1a: Yveltal|55/100|[from] drain|[of] p2a: Zygarde
|
|-heal|p2a: Zygarde|73/100|[from] item: Leftovers
|upkeep
|turn|24
|
|t:|1609127917
|move|p1a: Yveltal|Oblivion Wing|p2a: Zygarde
|-damage|p2a: Zygarde|44/100
|-heal|p1a: Yveltal|76/100|[from] drain|[of] p2a: Zygarde
|move|p2a: Zygarde|Glare|p1a: Yveltal
|-status|p1a: Yveltal|par
|
|-heal|p2a: Zygarde|51/100|[from] item: Leftovers
|upkeep
|turn|25
|
|t:|1609127939
|move|p2a: Zygarde|Coil|p2a: Zygarde
|-boost|p2a: Zygarde|atk|1
|-boost|p2a: Zygarde|def|1
|-boost|p2a: Zygarde|accuracy|1
|cant|p1a: Yveltal|par
|
|-heal|p2a: Zygarde|57/100|[from] item: Leftovers
|upkeep
|turn|26
|
|t:|1609127945
|switch|p1a: Kyogre|Kyogre|88/100
|-damage|p1a: Kyogre|76/100|[from] Stealth Rock
|-weather|RainDance|[from] ability: Drizzle|[of] p1a: Kyogre
|move|p2a: Zygarde|Coil|p2a: Zygarde
|-boost|p2a: Zygarde|atk|1
|-boost|p2a: Zygarde|def|1
|-boost|p2a: Zygarde|accuracy|1
|
|-weather|RainDance|[upkeep]
|-heal|p2a: Zygarde|63/100|[from] item: Leftovers
|upkeep
|turn|27
|
|t:|1609127948
|switch|p2a: Palkia|Palkia|56/100
|-damage|p2a: Palkia|43/100|[from] Stealth Rock
|-ability|p2a: Palkia|Pressure
|move|p1a: Kyogre|Ice Beam|p2a: Palkia
|-damage|p2a: Palkia|14/100
|
|-weather|RainDance|[upkeep]
|upkeep
|turn|28
|
|t:|1609127966
|switch|p1a: Calyrex|Calyrex-Shadow|76/100
|-ability|p1a: Calyrex|As One
|-ability|p1a: Calyrex|Unnerve|p2: dookymuncher
|-damage|p1a: Calyrex|63/100|[from] Stealth Rock
|move|p2a: Palkia|Surf|p1a: Calyrex
|-damage|p1a: Calyrex|0 fnt
|faint|p1a: Calyrex
|
|-weather|RainDance|[upkeep]
|upkeep
|
|t:|1609127972
|switch|p1a: Zacian|Zacian-Crowned|48/100
|-damage|p1a: Zacian|42/100|[from] Stealth Rock
|-ability|p1a: Zacian|Intrepid Sword|boost
|-boost|p1a: Zacian|atk|1
|turn|29
|
|t:|1609127978
|move|p1a: Zacian|Behemoth Blade|p2a: Palkia
|-resisted|p2a: Palkia
|-damage|p2a: Palkia|0 fnt
|faint|p2a: Palkia
|
|-weather|RainDance|[upkeep]
|upkeep
|
|t:|1609127982
|switch|p2a: Necrozma|Necrozma-Dusk-Mane|60/100
|-damage|p2a: Necrozma|54/100|[from] Stealth Rock
|turn|30
|
|t:|1609127989
|switch|p1a: Yveltal|Yveltal|76/100 par
|-damage|p1a: Yveltal|51/100 par|[from] Stealth Rock
|-ability|p1a: Yveltal|Dark Aura
|move|p2a: Necrozma|Sunsteel Strike|p1a: Yveltal
|-damage|p1a: Yveltal|0 fnt
|faint|p1a: Yveltal
|
|-weather|none
|upkeep
|
|t:|1609128003
|switch|p1a: Kyogre|Kyogre|76/100
|-damage|p1a: Kyogre|64/100|[from] Stealth Rock
|-weather|RainDance|[from] ability: Drizzle|[of] p1a: Kyogre
|turn|31
|
|t:|1609128024
|move|p1a: Kyogre|Origin Pulse|p2a: Necrozma
|-damage|p2a: Necrozma|0 fnt
|faint|p2a: Necrozma
|
|-weather|RainDance|[upkeep]
|upkeep
|
|t:|1609128031
|switch|p2a: Yveltal|Yveltal|100/100
|-damage|p2a: Yveltal|76/100|[from] Stealth Rock
|-ability|p2a: Yveltal|Dark Aura
|turn|32
|
|t:|1609128033
|move|p1a: Kyogre|Origin Pulse|p2a: Yveltal
|-damage|p2a: Yveltal|0 fnt
|faint|p2a: Yveltal
|
|-weather|RainDance|[upkeep]
|upkeep
|
|t:|1609128035
|switch|p2a: Calyrex|Calyrex-Shadow|100/100
|-ability|p2a: Calyrex|As One
|-ability|p2a: Calyrex|Unnerve|p1: Rell27
|-damage|p2a: Calyrex|88/100|[from] Stealth Rock
|turn|33
|
|t:|1609128037
|move|p2a: Calyrex|Substitute|p2a: Calyrex
|-start|p2a: Calyrex|Substitute
|-damage|p2a: Calyrex|63/100
|move|p1a: Kyogre|Origin Pulse|p2a: Calyrex
|-end|p2a: Calyrex|Substitute
|
|-weather|RainDance|[upkeep]
|-heal|p2a: Calyrex|69/100|[from] item: Leftovers
|upkeep
|turn|34
|
|t:|1609128041
|move|p2a: Calyrex|Astral Barrage|p1a: Kyogre
|-damage|p1a: Kyogre|10/100
|move|p1a: Kyogre|Origin Pulse|p2a: Calyrex
|-damage|p2a: Calyrex|0 fnt
|faint|p2a: Calyrex
|
|-weather|RainDance|[upkeep]
|upkeep
|
|t:|1609128045
|switch|p2a: Zygarde|Zygarde|63/100
|-damage|p2a: Zygarde|57/100|[from] Stealth Rock
|turn|35
|
|t:|1609128047
|move|p2a: Zygarde|Extreme Speed|p1a: Kyogre
|-damage|p1a: Kyogre|0 fnt
|faint|p1a: Kyogre
|
|-weather|none
|-heal|p2a: Zygarde|63/100|[from] item: Leftovers
|upkeep
|
|t:|1609128050
|switch|p1a: Zacian|Zacian-Crowned|42/100
|-damage|p1a: Zacian|36/100|[from] Stealth Rock
|-ability|p1a: Zacian|Intrepid Sword|boost
|-boost|p1a: Zacian|atk|1
|turn|36
|
|t:|1609128052
|move|p1a: Zacian|Play Rough|p2a: Zygarde
|-supereffective|p2a: Zygarde
|-damage|p2a: Zygarde|0 fnt
|faint|p2a: Zygarde
|
|win|Rell27
|l|☆dookymuncher
|raw|Rell27's rating: 1545 &rarr; <strong>1562</strong><br />(+17 for winning)
|raw|dookymuncher's rating: 1485 &rarr; <strong>1468</strong><br />(-17 for losing)
