|j|☆hjuyttdd
|j|☆Holy Flatemo
|t:|1611493467
|player|p1|hjuyttdd|266|
|player|p2|Holy Flatemo|evelyn|
|teamsize|p1|6
|teamsize|p2|6
|gametype|singles
|gen|8
|tier|[Gen 8] Ubers
|rated|Tournament battle
|clearpoke
|poke|p1|Zekrom|
|poke|p1|Calyrex-Shadow|
|poke|p1|Tangrowth, F|
|poke|p1|Yveltal|
|poke|p1|Necrozma-Dusk-Mane|
|poke|p1|Eternatus|
|poke|p2|Yveltal|
|poke|p2|Necrozma-Dusk-Mane|
|poke|p2|Eternatus|
|poke|p2|Zacian|
|poke|p2|Calyrex-Shadow|
|poke|p2|Zekrom|
|rule|Sleep Clause Mod: Limit one foe put to sleep
|rule|Species Clause: Limit one of each Pokémon
|rule|OHKO Clause: OHKO moves are banned
|rule|Evasion Moves Clause: Evasion moves are banned
|rule|Endless Battle Clause: Forcing endless battles is banned
|rule|HP Percentage Mod: HP is shown in percentages
|rule|Dynamax Clause: You cannot dynamax
|teampreview
|j| depistagepourtous
|c|☆Holy Flatemo|gen 8 be like
|c|☆Holy Flatemo|5/6 mons are the same
|l| depistagepourtous
|inactive|Battle timer is ON: inactive players will automatically lose when time's up. (requested by Holy Flatemo)
|j|^Mega Zygarde-100%
|
|t:|1611493521
|start
|switch|p1a: Calyrex|Calyrex-Shadow|100/100
|switch|p2a: Necrozma|Necrozma-Dusk-Mane|100/100
|-ability|p1a: Calyrex|As One
|-ability|p1a: Calyrex|Unnerve|p2: Holy Flatemo
|turn|1
|
|t:|1611493529
|switch|p2a: Yveltal|Yveltal|100/100
|-ability|p2a: Yveltal|Dark Aura
|move|p1a: Calyrex|Astral Barrage|p2a: Yveltal
|-resisted|p2a: Yveltal
|-damage|p2a: Yveltal|77/100
|
|upkeep
|turn|2
|
|t:|1611493535
|switch|p1a: Eternatus|Eternatus|100/100
|-ability|p1a: Eternatus|Pressure
|move|p2a: Yveltal|Knock Off|p1a: Eternatus
|-damage|p1a: Eternatus|58/100
|-enditem|p1a: Eternatus|Black Sludge|[from] move: Knock Off|[of] p2a: Yveltal
|
|upkeep
|turn|3
|
|t:|1611493547
|move|p1a: Eternatus|Recover|p1a: Eternatus
|-heal|p1a: Eternatus|100/100
|move|p2a: Yveltal|Snarl|p1a: Eternatus|[miss]
|-miss|p2a: Yveltal|p1a: Eternatus
|
|upkeep
|turn|4
|j| Team troll Only
|
|t:|1611493556
|move|p1a: Eternatus|Sludge Bomb|p2a: Yveltal
|-damage|p2a: Yveltal|51/100
|move|p2a: Yveltal|Roost|p2a: Yveltal
|-heal|p2a: Yveltal|100/100
|-singleturn|p2a: Yveltal|move: Roost
|
|upkeep
|turn|5
|
|t:|1611493559
|move|p1a: Eternatus|Sludge Bomb|p2a: Yveltal
|-damage|p2a: Yveltal|71/100
|move|p2a: Yveltal|Snarl|p1a: Eternatus
|-damage|p1a: Eternatus|84/100
|-unboost|p1a: Eternatus|spa|1
|
|upkeep
|turn|6
|
|t:|1611493564
|move|p1a: Eternatus|Sludge Bomb|p2a: Yveltal
|-damage|p2a: Yveltal|53/100
|-status|p2a: Yveltal|psn
|move|p2a: Yveltal|Snarl|p1a: Eternatus
|-damage|p1a: Eternatus|66/100
|-unboost|p1a: Eternatus|spa|1
|
|-damage|p2a: Yveltal|41/100 psn|[from] psn
|upkeep
|turn|7
|
|t:|1611493571
|switch|p1a: Zekrom|Zekrom|100/100
|-ability|p1a: Zekrom|Teravolt
|switch|p2a: Zekrom|Zekrom|100/100
|-ability|p2a: Zekrom|Teravolt
|
|upkeep
|turn|8
|c|☆hjuyttdd|Oh
|c|☆hjuyttdd|Brothrr
|
|t:|1611493599
|switch|p1a: Tangrowth|Tangrowth, F|100/100
|move|p2a: Zekrom|Outrage|p1a: Tangrowth
|-damage|p1a: Tangrowth|45/100
|-damage|p2a: Zekrom|84/100|[from] item: Rocky Helmet|[of] p1a: Tangrowth
|-damage|p2a: Zekrom|74/100|[from] item: Life Orb
|
|upkeep
|turn|9
|
|t:|1611493609
|switch|p1a: Necrozma|Necrozma-Dusk-Mane|100/100
|move|p2a: Zekrom|Outrage|p1a: Necrozma|[from]lockedmove
|-resisted|p1a: Necrozma
|-damage|p1a: Necrozma|65/100
|-damage|p2a: Zekrom|64/100|[from] item: Life Orb
|-start|p2a: Zekrom|confusion|[fatigue]
|
|-heal|p1a: Necrozma|71/100|[from] item: Leftovers
|upkeep
|turn|10
|j|+Lasen
|l|+Lasen
|
|t:|1611493626
|switch|p1a: Tangrowth|Tangrowth, F|78/100
|-activate|p2a: Zekrom|confusion
|-damage|p2a: Zekrom|44/100|[from] confusion
|
|upkeep
|turn|11
|
|t:|1611493638
|switch|p2a: Necrozma|Necrozma-Dusk-Mane|100/100
|move|p1a: Tangrowth|Earthquake|p2a: Necrozma
|-supereffective|p2a: Necrozma
|-damage|p2a: Necrozma|78/100
|
|-heal|p2a: Necrozma|84/100|[from] item: Leftovers
|upkeep
|turn|12
|
|t:|1611493646
|switch|p1a: Necrozma|Necrozma-Dusk-Mane|71/100
|move|p2a: Necrozma|Stealth Rock|p1a: Necrozma
|-sidestart|p1: hjuyttdd|move: Stealth Rock
|
|-heal|p2a: Necrozma|90/100|[from] item: Leftovers
|-heal|p1a: Necrozma|77/100|[from] item: Leftovers
|upkeep
|turn|13
|
|t:|1611493651
|switch|p2a: Eternatus|Eternatus|100/100
|-ability|p2a: Eternatus|Pressure
|move|p1a: Necrozma|Stealth Rock|p2a: Eternatus
|-sidestart|p2: Holy Flatemo|move: Stealth Rock
|
|-heal|p1a: Necrozma|83/100|[from] item: Leftovers
|upkeep
|turn|14
|
|t:|1611493658
|move|p2a: Eternatus|Flamethrower|p1a: Necrozma
|-supereffective|p1a: Necrozma
|-damage|p1a: Necrozma|58/100
|move|p1a: Necrozma|Sunsteel Strike|p2a: Eternatus
|-damage|p2a: Eternatus|64/100
|
|-heal|p2a: Eternatus|70/100|[from] item: Black Sludge
|-heal|p1a: Necrozma|64/100|[from] item: Leftovers
|upkeep
|turn|15
|
|t:|1611493672
|move|p2a: Eternatus|Dynamax Cannon|p1a: Necrozma
|-resisted|p1a: Necrozma
|-damage|p1a: Necrozma|51/100
|move|p1a: Necrozma|Morning Sun|p1a: Necrozma
|-heal|p1a: Necrozma|100/100
|
|-heal|p2a: Eternatus|76/100|[from] item: Black Sludge
|upkeep
|turn|16
|
|t:|1611493677
|move|p2a: Eternatus|Flamethrower|p1a: Necrozma
|-supereffective|p1a: Necrozma
|-damage|p1a: Necrozma|77/100
|move|p1a: Necrozma|Photon Geyser|p2a: Eternatus
|-supereffective|p2a: Eternatus
|-damage|p2a: Eternatus|0 fnt
|faint|p2a: Eternatus
|
|-heal|p1a: Necrozma|83/100|[from] item: Leftovers
|upkeep
|
|t:|1611493682
|switch|p2a: Calyrex|Calyrex-Shadow|100/100
|-ability|p2a: Calyrex|As One
|-ability|p2a: Calyrex|Unnerve|p1: hjuyttdd
|-damage|p2a: Calyrex|88/100|[from] Stealth Rock
|turn|17
|c|☆Holy Flatemo|woah
|
|t:|1611493689
|switch|p1a: Yveltal|Yveltal|100/100
|-ability|p1a: Yveltal|Dark Aura
|move|p2a: Calyrex|Trick|p1a: Yveltal
|-activate|p2a: Calyrex|move: Trick|[of] p1a: Yveltal
|-item|p1a: Yveltal|Choice Scarf|[from] move: Trick
|-item|p2a: Calyrex|Heavy-Duty Boots|[from] move: Trick
|
|upkeep
|turn|18
|
|t:|1611493696
|switch|p2a: Zacian|Zacian|100/100
|-damage|p2a: Zacian|88/100|[from] Stealth Rock
|-ability|p2a: Zacian|Intrepid Sword|boost
|-boost|p2a: Zacian|atk|1
|move|p1a: Yveltal|Defog|p2a: Zacian
|-unboost|p2a: Zacian|evasion|1
|-sideend|p2: Holy Flatemo|Stealth Rock|[from] move: Defog|[of] p1a: Yveltal
|-sideend|p1: hjuyttdd|Stealth Rock|[from] move: Defog|[of] p1a: Yveltal
|
|upkeep
|turn|19
|
|t:|1611493709
|switch|p1a: Tangrowth|Tangrowth, F|100/100
|move|p2a: Zacian|Crunch|p1a: Tangrowth
|-damage|p1a: Tangrowth|71/100
|-damage|p2a: Zacian|72/100|[from] item: Rocky Helmet|[of] p1a: Tangrowth
|-damage|p2a: Zacian|62/100|[from] item: Life Orb
|
|upkeep
|turn|20
|
|t:|1611493718
|switch|p2a: Necrozma|Necrozma-Dusk-Mane|90/100
|move|p1a: Tangrowth|Sleep Powder|p2a: Necrozma|[miss]
|-miss|p1a: Tangrowth|p2a: Necrozma
|
|-heal|p2a: Necrozma|96/100|[from] item: Leftovers
|upkeep
|turn|21
|
|t:|1611493725
|switch|p1a: Yveltal|Yveltal|100/100
|-ability|p1a: Yveltal|Dark Aura
|move|p2a: Necrozma|Stealth Rock|p1a: Yveltal
|-sidestart|p1: hjuyttdd|move: Stealth Rock
|
|-heal|p2a: Necrozma|100/100|[from] item: Leftovers
|upkeep
|turn|22
|j| Omnious-Mike
|
|t:|1611493730
|move|p1a: Yveltal|Defog|p2a: Necrozma
|-unboost|p2a: Necrozma|evasion|1
|-sideend|p1: hjuyttdd|Stealth Rock|[from] move: Defog|[of] p1a: Yveltal
|move|p2a: Necrozma|Toxic|p1a: Yveltal
|-status|p1a: Yveltal|tox
|
|-damage|p1a: Yveltal|94/100 tox|[from] psn
|upkeep
|turn|23
|l| Omnious-Mike
|
|t:|1611493740
|switch|p1a: Zekrom|Zekrom|100/100
|-ability|p1a: Zekrom|Teravolt
|move|p2a: Necrozma|Stealth Rock|p1a: Zekrom
|-sidestart|p1: hjuyttdd|move: Stealth Rock
|
|upkeep
|turn|24
|
|t:|1611493743
|move|p1a: Zekrom|Substitute|p1a: Zekrom
|-start|p1a: Zekrom|Substitute
|-damage|p1a: Zekrom|76/100
|move|p2a: Necrozma|Sunsteel Strike|p1a: Zekrom
|-resisted|p1a: Zekrom
|-activate|p1a: Zekrom|move: Substitute|[damage]
|
|-heal|p1a: Zekrom|82/100|[from] item: Leftovers
|upkeep
|turn|25
|
|t:|1611493748
|move|p1a: Zekrom|Dragon Dance|p1a: Zekrom
|-boost|p1a: Zekrom|atk|1
|-boost|p1a: Zekrom|spe|1
|move|p2a: Necrozma|Sunsteel Strike|p1a: Zekrom
|-resisted|p1a: Zekrom
|-end|p1a: Zekrom|Substitute
|
|-heal|p1a: Zekrom|88/100|[from] item: Leftovers
|upkeep
|turn|26
|
|t:|1611493757
|move|p1a: Zekrom|Substitute|p1a: Zekrom
|-start|p1a: Zekrom|Substitute
|-damage|p1a: Zekrom|63/100
|move|p2a: Necrozma|Sunsteel Strike|p1a: Zekrom
|-resisted|p1a: Zekrom
|-activate|p1a: Zekrom|move: Substitute|[damage]
|
|-heal|p1a: Zekrom|69/100|[from] item: Leftovers
|upkeep
|turn|27
|c|☆hjuyttdd|Caly is balanced they said
|c|☆hjuyttdd|Lol
|
|t:|1611493782
|move|p1a: Zekrom|Dragon Dance|p1a: Zekrom
|-boost|p1a: Zekrom|atk|1
|-boost|p1a: Zekrom|spe|1
|move|p2a: Necrozma|Sunsteel Strike|p1a: Zekrom
|-resisted|p1a: Zekrom
|-end|p1a: Zekrom|Substitute
|
|-heal|p1a: Zekrom|75/100|[from] item: Leftovers
|upkeep
|turn|28
|
|t:|1611493787
|move|p1a: Zekrom|Substitute|p1a: Zekrom
|-start|p1a: Zekrom|Substitute
|-damage|p1a: Zekrom|50/100
|move|p2a: Necrozma|Sunsteel Strike|p1a: Zekrom
|-resisted|p1a: Zekrom
|-activate|p1a: Zekrom|move: Substitute|[damage]
|
|-heal|p1a: Zekrom|57/100|[from] item: Leftovers
|upkeep
|turn|29
|
|t:|1611493792
|move|p1a: Zekrom|Bolt Strike|p2a: Necrozma
|-damage|p2a: Necrozma|3/100
|move|p2a: Necrozma|Sunsteel Strike|p1a: Zekrom
|-resisted|p1a: Zekrom
|-end|p1a: Zekrom|Substitute
|
|-heal|p1a: Zekrom|63/100|[from] item: Leftovers
|-heal|p2a: Necrozma|9/100|[from] item: Leftovers
|upkeep
|turn|30
|c|☆Holy Flatemo|youre not gonna 6-0 me
|-message|Holy Flatemo forfeited.
|
|win|hjuyttdd
|n|☆hjuyttdd|hjuyttdd
|n|☆Holy Flatemo|holyflatemo
|n| Mega Zygarde-100%|megazygarde100
|n| Team troll Only|teamtrollonly
