|j|☆Rell27
|j|☆Pkmn3443
|t:|1634963255
|gametype|singles
|player|p1|Rell27|102|1526
|player|p2|Pkmn3443|169|1553
|teamsize|p1|6
|teamsize|p2|6
|gen|8
|tier|[Gen 8] Ubers
|rated|
|rule|Sleep Clause Mod: Limit one foe put to sleep
|rule|Species Clause: Limit one of each Pokémon
|rule|OHKO Clause: OHKO moves are banned
|rule|Evasion Moves Clause: Evasion moves are banned
|rule|Endless Battle Clause: Forcing endless battles is banned
|rule|HP Percentage Mod: HP is shown in percentages
|rule|Dynamax Clause: You cannot dynamax
|clearpoke
|poke|p1|Eternatus|
|poke|p1|Necrozma-Dusk-Mane|
|poke|p1|Ho-Oh|
|poke|p1|Yveltal|
|poke|p1|Calyrex-Shadow|
|poke|p1|Groudon|
|poke|p2|Blissey, F|
|poke|p2|Necrozma-Dusk-Mane|
|poke|p2|Ho-Oh|
|poke|p2|Eternatus|
|poke|p2|Ditto|
|poke|p2|Yveltal|
|teampreview
|l|☆Rell27
|player|p1|
|inactive|Battle timer is ON: inactive players will automatically lose when time's up. (requested by Pkmn3443)
|j|☆Rell27
|inactive|Rell27 reconnected and has 130 seconds left.
|player|p1|Rell27|102
|
|t:|1634963341
|start
|switch|p1a: Calyrex|Calyrex-Shadow|100/100
|switch|p2a: Ditto|Ditto|100/100
|-ability|p1a: Calyrex|As One
|-ability|p1a: Calyrex|Unnerve
|-transform|p2a: Ditto|p1a: Calyrex|[from] ability: Imposter
|turn|1
|
|t:|1634963355
|switch|p1a: Yveltal|Yveltal|100/100
|-ability|p1a: Yveltal|Dark Aura
|switch|p2a: Yveltal|Yveltal|100/100
|-ability|p2a: Yveltal|Dark Aura
|
|upkeep
|turn|2
|
|t:|1634963360
|move|p2a: Yveltal|Knock Off|p1a: Yveltal
|-resisted|p1a: Yveltal
|-damage|p1a: Yveltal|79/100
|-enditem|p1a: Yveltal|Life Orb|[from] move: Knock Off|[of] p2a: Yveltal
|move|p1a: Yveltal|Oblivion Wing|p2a: Yveltal
|-crit|p2a: Yveltal
|-damage|p2a: Yveltal|36/100
|-heal|p1a: Yveltal|100/100|[from] drain|[of] p2a: Yveltal
|
|upkeep
|turn|3
|
|t:|1634963364
|move|p2a: Yveltal|Roost|p2a: Yveltal
|-heal|p2a: Yveltal|87/100
|-singleturn|p2a: Yveltal|move: Roost
|move|p1a: Yveltal|Oblivion Wing|p2a: Yveltal
|-damage|p2a: Yveltal|49/100
|
|upkeep
|turn|4
|
|t:|1634963376
|switch|p1a: Eternatus|Eternatus|100/100
|-ability|p1a: Eternatus|Pressure
|move|p2a: Yveltal|Roost|p2a: Yveltal
|-heal|p2a: Yveltal|99/100
|-singleturn|p2a: Yveltal|move: Roost
|
|upkeep
|turn|5
|
|t:|1634963379
|switch|p2a: Blissey|Blissey, F|100/100
|move|p1a: Eternatus|Dynamax Cannon|p2a: Blissey
|-damage|p2a: Blissey|81/100
|-damage|p1a: Eternatus|91/100|[from] item: Life Orb
|
|upkeep
|turn|6
|
|t:|1634963388
|switch|p1a: Ho-Oh|Ho-Oh|100/100
|move|p2a: Blissey|Seismic Toss|p1a: Ho-Oh
|-damage|p1a: Ho-Oh|76/100
|
|upkeep
|turn|7
|
|t:|1634963394
|switch|p2a: Eternatus|Eternatus|100/100
|-ability|p2a: Eternatus|Pressure
|move|p1a: Ho-Oh|Brave Bird|p2a: Eternatus
|-damage|p2a: Eternatus|55/100
|-damage|p1a: Ho-Oh|58/100|[from] Recoil
|
|-heal|p2a: Eternatus|61/100|[from] item: Black Sludge
|upkeep
|turn|8
|
|t:|1634963398
|switch|p1a: Groudon|Groudon|100/100
|-weather|SunnyDay|[from] ability: Drought|[of] p1a: Groudon
|move|p2a: Eternatus|Recover|p2a: Eternatus
|-heal|p2a: Eternatus|100/100
|
|-weather|SunnyDay|[upkeep]
|upkeep
|turn|9
|
|t:|1634963403
|move|p2a: Eternatus|Toxic|p1a: Groudon
|-status|p1a: Groudon|tox
|move|p1a: Groudon|Thunder Wave|p2a: Eternatus
|-status|p2a: Eternatus|par
|
|-weather|SunnyDay|[upkeep]
|-damage|p1a: Groudon|94/100 tox|[from] psn
|upkeep
|turn|10
|
|t:|1634963409
|switch|p2a: Ho-Oh|Ho-Oh|100/100
|move|p1a: Groudon|Precipice Blades|p2a: Ho-Oh
|-immune|p2a: Ho-Oh
|
|-weather|SunnyDay|[upkeep]
|-heal|p1a: Groudon|100/100 tox|[from] item: Leftovers
|-damage|p1a: Groudon|88/100 tox|[from] psn
|upkeep
|turn|11
|
|t:|1634963412
|switch|p2a: Necrozma|Necrozma-Dusk-Mane|100/100
|move|p1a: Groudon|Stone Edge|p2a: Necrozma
|-resisted|p2a: Necrozma
|-damage|p2a: Necrozma|91/100
|
|-weather|SunnyDay|[upkeep]
|-heal|p1a: Groudon|94/100 tox|[from] item: Leftovers
|-damage|p1a: Groudon|76/100 tox|[from] psn
|upkeep
|turn|12
|
|t:|1634963420
|move|p1a: Groudon|Stealth Rock|p2a: Necrozma
|-sidestart|p2: Pkmn3443|move: Stealth Rock
|move|p2a: Necrozma|Stealth Rock|p1a: Groudon
|-sidestart|p1: Rell27|move: Stealth Rock
|
|-weather|none
|-heal|p1a: Groudon|82/100 tox|[from] item: Leftovers
|-damage|p1a: Groudon|58/100 tox|[from] psn
|upkeep
|turn|13
|
|t:|1634963429
|switch|p1a: Ho-Oh|Ho-Oh|91/100
|move|p2a: Necrozma|Morning Sun|p2a: Necrozma
|-heal|p2a: Necrozma|100/100
|
|upkeep
|turn|14
|
|t:|1634963433
|switch|p2a: Ho-Oh|Ho-Oh|100/100
|move|p1a: Ho-Oh|Sacred Fire|p2a: Ho-Oh
|-resisted|p2a: Ho-Oh
|-damage|p2a: Ho-Oh|84/100
|
|upkeep
|turn|15
|
|t:|1634963436
|move|p2a: Ho-Oh|Toxic|p1a: Ho-Oh
|-status|p1a: Ho-Oh|tox
|move|p1a: Ho-Oh|Brave Bird|p2a: Ho-Oh
|-damage|p2a: Ho-Oh|41/100
|-damage|p1a: Ho-Oh|76/100 tox|[from] Recoil
|
|-damage|p1a: Ho-Oh|70/100 tox|[from] psn
|upkeep
|turn|16
|
|t:|1634963442
|switch|p2a: Eternatus|Eternatus|100/100 par
|-damage|p2a: Eternatus|88/100 par|[from] Stealth Rock
|-ability|p2a: Eternatus|Pressure
|move|p1a: Ho-Oh|Brave Bird|p2a: Eternatus
|-damage|p2a: Eternatus|38/100 par
|-damage|p1a: Ho-Oh|50/100 tox|[from] Recoil
|
|-heal|p2a: Eternatus|44/100 par|[from] item: Black Sludge
|-damage|p1a: Ho-Oh|38/100 tox|[from] psn
|upkeep
|turn|17
|
|t:|1634963450
|switch|p1a: Necrozma|Necrozma-Dusk-Mane|100/100
|-damage|p1a: Necrozma|94/100|[from] Stealth Rock
|switch|p2a: Ho-Oh|Ho-Oh|74/100
|
|upkeep
|turn|18
|
|t:|1634963455
|switch|p2a: Necrozma|Necrozma-Dusk-Mane|100/100
|-damage|p2a: Necrozma|94/100|[from] Stealth Rock
|switch|p1a: Ho-Oh|Ho-Oh|71/100 tox
|
|-damage|p1a: Ho-Oh|65/100 tox|[from] psn
|upkeep
|turn|19
|
|t:|1634963459
|move|p1a: Ho-Oh|Sacred Fire|p2a: Necrozma
|-supereffective|p2a: Necrozma
|-damage|p2a: Necrozma|54/100
|move|p2a: Necrozma|Knock Off|p1a: Ho-Oh
|-crit|p1a: Ho-Oh
|-damage|p1a: Ho-Oh|16/100 tox
|-enditem|p1a: Ho-Oh|Heavy-Duty Boots|[from] move: Knock Off|[of] p2a: Necrozma
|
|-damage|p1a: Ho-Oh|3/100 tox|[from] psn
|upkeep
|turn|20
|
|t:|1634963468
|switch|p1a: Yveltal|Yveltal|100/100
|-damage|p1a: Yveltal|76/100|[from] Stealth Rock
|-ability|p1a: Yveltal|Dark Aura
|move|p2a: Necrozma|Morning Sun|p2a: Necrozma
|-heal|p2a: Necrozma|100/100
|
|upkeep
|turn|21
|
|t:|1634963472
|switch|p2a: Yveltal|Yveltal|99/100
|-ability|p2a: Yveltal|Dark Aura
|move|p1a: Yveltal|Dark Pulse|p2a: Yveltal
|-resisted|p2a: Yveltal
|-damage|p2a: Yveltal|73/100
|
|upkeep
|turn|22
|
|t:|1634963481
|move|p2a: Yveltal|Oblivion Wing|p1a: Yveltal
|-damage|p1a: Yveltal|41/100
|-heal|p2a: Yveltal|100/100|[from] drain|[of] p1a: Yveltal
|move|p1a: Yveltal|Defog|p2a: Yveltal
|-unboost|p2a: Yveltal|evasion|1
|-sideend|p2: Pkmn3443|Stealth Rock|[from] move: Defog|[of] p1a: Yveltal
|-sideend|p1: Rell27|Stealth Rock|[from] move: Defog|[of] p1a: Yveltal
|
|upkeep
|turn|23
|
|t:|1634963491
|switch|p1a: Eternatus|Eternatus|91/100
|-ability|p1a: Eternatus|Pressure
|move|p2a: Yveltal|Knock Off|p1a: Eternatus
|-damage|p1a: Eternatus|44/100
|-enditem|p1a: Eternatus|Life Orb|[from] move: Knock Off|[of] p2a: Yveltal
|
|upkeep
|turn|24
|
|t:|1634963498
|switch|p2a: Blissey|Blissey, F|81/100
|move|p1a: Eternatus|Flamethrower|p2a: Blissey
|-damage|p2a: Blissey|73/100
|
|upkeep
|turn|25
|
|t:|1634963503
|move|p1a: Eternatus|Recover|p1a: Eternatus
|-heal|p1a: Eternatus|94/100
|move|p2a: Blissey|Aromatherapy|p2a: Blissey
|-activate|p2a: Blissey|move: Aromatherapy
|-curestatus|p2: Eternatus|par|[msg]
|
|upkeep
|turn|26
|
|t:|1634963508
|switch|p1a: Calyrex|Calyrex-Shadow|100/100
|-ability|p1a: Calyrex|As One
|-ability|p1a: Calyrex|Unnerve
|switch|p2a: Necrozma|Necrozma-Dusk-Mane|100/100
|
|upkeep
|turn|27
|
|t:|1634963515
|move|p1a: Calyrex|Trick|p2a: Necrozma
|-activate|p1a: Calyrex|move: Trick|[of] p2a: Necrozma
|-item|p2a: Necrozma|Choice Scarf|[from] move: Trick
|-item|p1a: Calyrex|Rocky Helmet|[from] move: Trick
|move|p2a: Necrozma|Knock Off|p1a: Calyrex
|-supereffective|p1a: Calyrex
|-damage|p1a: Calyrex|0 fnt
|-damage|p2a: Necrozma|84/100|[from] item: Rocky Helmet|[of] p1a: Calyrex
|-enditem|p1a: Calyrex|Rocky Helmet|[from] move: Knock Off|[of] p2a: Necrozma
|faint|p1a: Calyrex
|
|upkeep
|j| The Shitpoopers
|
|t:|1634963534
|switch|p1a: Eternatus|Eternatus|94/100
|-ability|p1a: Eternatus|Pressure
|turn|28
|
|t:|1634963539
|switch|p2a: Blissey|Blissey, F|73/100
|move|p1a: Eternatus|Flamethrower|p2a: Blissey
|-damage|p2a: Blissey|65/100
|
|upkeep
|turn|29
|
|t:|1634963543
|switch|p1a: Necrozma|Necrozma-Dusk-Mane|94/100
|move|p2a: Blissey|Soft-Boiled|p2a: Blissey
|-heal|p2a: Blissey|100/100
|
|upkeep
|turn|30
|
|t:|1634963548
|switch|p2a: Necrozma|Necrozma-Dusk-Mane|84/100
|move|p1a: Necrozma|Sunsteel Strike|p2a: Necrozma
|-resisted|p2a: Necrozma
|-damage|p2a: Necrozma|67/100
|
|upkeep
|turn|31
|
|t:|1634963551
|move|p2a: Necrozma|Stealth Rock|p1a: Necrozma
|-sidestart|p1: Rell27|move: Stealth Rock
|move|p1a: Necrozma|Earthquake|p2a: Necrozma
|-supereffective|p2a: Necrozma
|-damage|p2a: Necrozma|37/100
|
|upkeep
|turn|32
|
|t:|1634963556
|switch|p2a: Ho-Oh|Ho-Oh|100/100
|switch|p1a: Groudon|Groudon|58/100 tox
|-damage|p1a: Groudon|52/100 tox|[from] Stealth Rock
|-weather|SunnyDay|[from] ability: Drought|[of] p1a: Groudon
|
|-weather|SunnyDay|[upkeep]
|-heal|p1a: Groudon|58/100 tox|[from] item: Leftovers
|-damage|p1a: Groudon|52/100 tox|[from] psn
|upkeep
|turn|33
|
|t:|1634963563
|switch|p2a: Yveltal|Yveltal|100/100
|-ability|p2a: Yveltal|Dark Aura
|move|p1a: Groudon|Stone Edge|p2a: Yveltal|[miss]
|-miss|p1a: Groudon|p2a: Yveltal
|
|-weather|SunnyDay|[upkeep]
|-heal|p1a: Groudon|58/100 tox|[from] item: Leftovers
|-damage|p1a: Groudon|46/100 tox|[from] psn
|upkeep
|turn|34
|
|t:|1634963570
|switch|p1a: Eternatus|Eternatus|94/100
|-damage|p1a: Eternatus|81/100|[from] Stealth Rock
|-ability|p1a: Eternatus|Pressure
|move|p2a: Yveltal|Knock Off|p1a: Eternatus
|-damage|p1a: Eternatus|53/100
|
|-weather|SunnyDay|[upkeep]
|upkeep
|turn|35
|
|t:|1634963576
|switch|p2a: Ho-Oh|Ho-Oh|100/100
|move|p1a: Eternatus|Recover|p1a: Eternatus
|-heal|p1a: Eternatus|100/100
|
|-weather|SunnyDay|[upkeep]
|upkeep
|turn|36
|
|t:|1634963581
|move|p1a: Eternatus|Sludge Bomb|p2a: Ho-Oh
|-damage|p2a: Ho-Oh|76/100
|-status|p2a: Ho-Oh|psn
|move|p2a: Ho-Oh|Sacred Fire|p1a: Eternatus
|-resisted|p1a: Eternatus
|-damage|p1a: Eternatus|75/100
|
|-weather|none
|-damage|p2a: Ho-Oh|64/100 psn|[from] psn
|upkeep
|turn|37
|
|t:|1634963590
|switch|p2a: Blissey|Blissey, F|100/100
|move|p1a: Eternatus|Sludge Bomb|p2a: Blissey
|-damage|p2a: Blissey|87/100
|-status|p2a: Blissey|psn
|
|-damage|p2a: Blissey|75/100 psn|[from] psn
|upkeep
|turn|38
|
|t:|1634963599
|switch|p1a: Necrozma|Necrozma-Dusk-Mane|94/100
|-damage|p1a: Necrozma|88/100|[from] Stealth Rock
|-curestatus|p2a: Blissey|psn|[from] ability: Natural Cure
|switch|p2a: Yveltal|Yveltal|100/100
|-ability|p2a: Yveltal|Dark Aura
|
|upkeep
|turn|39
|
|t:|1634963607
|switch|p2a: Ho-Oh|Ho-Oh|97/100 psn
|switch|p1a: Eternatus|Eternatus|75/100
|-damage|p1a: Eternatus|63/100|[from] Stealth Rock
|-ability|p1a: Eternatus|Pressure
|
|-damage|p2a: Ho-Oh|85/100 psn|[from] psn
|upkeep
|turn|40
|
|t:|1634963613
|switch|p2a: Blissey|Blissey, F|75/100
|move|p1a: Eternatus|Recover|p1a: Eternatus
|-heal|p1a: Eternatus|100/100
|
|upkeep
|turn|41
|
|t:|1634963618
|switch|p1a: Necrozma|Necrozma-Dusk-Mane|88/100
|-damage|p1a: Necrozma|82/100|[from] Stealth Rock
|move|p2a: Blissey|Seismic Toss|p1a: Necrozma
|-damage|p1a: Necrozma|56/100
|
|upkeep
|turn|42
|
|t:|1634963621
|switch|p2a: Ho-Oh|Ho-Oh|100/100 psn
|move|p1a: Necrozma|Moonlight|p1a: Necrozma
|-heal|p1a: Necrozma|100/100
|
|-damage|p2a: Ho-Oh|88/100 psn|[from] psn
|upkeep
|turn|43
|
|t:|1634963628
|switch|p1a: Eternatus|Eternatus|100/100
|-damage|p1a: Eternatus|88/100|[from] Stealth Rock
|-ability|p1a: Eternatus|Pressure
|move|p2a: Ho-Oh|Sacred Fire|p1a: Eternatus
|-resisted|p1a: Eternatus
|-damage|p1a: Eternatus|73/100
|-status|p1a: Eternatus|brn
|
|-damage|p2a: Ho-Oh|76/100 psn|[from] psn
|-damage|p1a: Eternatus|66/100 brn|[from] brn
|upkeep
|turn|44
|
|t:|1634963631
|switch|p2a: Blissey|Blissey, F|75/100
|move|p1a: Eternatus|Recover|p1a: Eternatus
|-heal|p1a: Eternatus|100/100 brn
|
|-damage|p1a: Eternatus|94/100 brn|[from] brn
|upkeep
|turn|45
|
|t:|1634963635
|switch|p1a: Necrozma|Necrozma-Dusk-Mane|100/100
|-damage|p1a: Necrozma|94/100|[from] Stealth Rock
|move|p2a: Blissey|Seismic Toss|p1a: Necrozma
|-damage|p1a: Necrozma|68/100
|
|upkeep
|turn|46
|
|t:|1634963643
|switch|p2a: Ho-Oh|Ho-Oh|100/100 psn
|move|p1a: Necrozma|Sunsteel Strike|p2a: Ho-Oh
|-resisted|p2a: Ho-Oh
|-damage|p2a: Ho-Oh|79/100 psn
|
|-damage|p2a: Ho-Oh|67/100 psn|[from] psn
|upkeep
|turn|47
|
|t:|1634963647
|switch|p1a: Eternatus|Eternatus|94/100 brn
|-damage|p1a: Eternatus|82/100 brn|[from] Stealth Rock
|-ability|p1a: Eternatus|Pressure
|move|p2a: Ho-Oh|Whirlwind|p1a: Eternatus
|drag|p1a: Ho-Oh|Ho-Oh|36/100 tox
|-damage|p1a: Ho-Oh|0 fnt|[from] Stealth Rock
|faint|p1a: Ho-Oh
|
|-damage|p2a: Ho-Oh|54/100 psn|[from] psn
|upkeep
|
|t:|1634963662
|switch|p1a: Groudon|Groudon|46/100 tox
|-damage|p1a: Groudon|40/100 tox|[from] Stealth Rock
|-weather|SunnyDay|[from] ability: Drought|[of] p1a: Groudon
|turn|48
|
|t:|1634963669
|switch|p2a: Necrozma|Necrozma-Dusk-Mane|37/100
|move|p1a: Groudon|Stealth Rock|p2a: Necrozma
|-sidestart|p2: Pkmn3443|move: Stealth Rock
|
|-weather|SunnyDay|[upkeep]
|-heal|p1a: Groudon|46/100 tox|[from] item: Leftovers
|-damage|p1a: Groudon|40/100 tox|[from] psn
|upkeep
|turn|49
|
|t:|1634963677
|switch|p2a: Yveltal|Yveltal|100/100
|-ability|p2a: Yveltal|Dark Aura
|switch|p1a: Necrozma|Necrozma-Dusk-Mane|68/100
|-damage|p1a: Necrozma|62/100|[from] Stealth Rock
|
|-weather|SunnyDay|[upkeep]
|upkeep
|turn|50
|
|t:|1634963684
|switch|p2a: Ho-Oh|Ho-Oh|88/100 psn
|switch|p1a: Eternatus|Eternatus|82/100 brn
|-damage|p1a: Eternatus|69/100 brn|[from] Stealth Rock
|-ability|p1a: Eternatus|Pressure
|
|-weather|SunnyDay|[upkeep]
|-damage|p2a: Ho-Oh|75/100 psn|[from] psn
|-damage|p1a: Eternatus|63/100 brn|[from] brn
|upkeep
|turn|51
|
|t:|1634963691
|switch|p2a: Blissey|Blissey, F|75/100
|-damage|p2a: Blissey|62/100|[from] Stealth Rock
|move|p1a: Eternatus|Recover|p1a: Eternatus
|-heal|p1a: Eternatus|100/100 brn
|
|-weather|SunnyDay|[upkeep]
|-damage|p1a: Eternatus|94/100 brn|[from] brn
|upkeep
|turn|52
|
|t:|1634963694
|switch|p1a: Necrozma|Necrozma-Dusk-Mane|62/100
|-damage|p1a: Necrozma|56/100|[from] Stealth Rock
|move|p2a: Blissey|Soft-Boiled|p2a: Blissey
|-heal|p2a: Blissey|100/100
|
|-weather|none
|upkeep
|turn|53
|
|t:|1634963697
|switch|p2a: Ho-Oh|Ho-Oh|100/100 psn
|move|p1a: Necrozma|Moonlight|p1a: Necrozma
|-heal|p1a: Necrozma|100/100
|
|-damage|p2a: Ho-Oh|88/100 psn|[from] psn
|upkeep
|turn|54
|
|t:|1634963703
|switch|p1a: Eternatus|Eternatus|94/100 brn
|-damage|p1a: Eternatus|82/100 brn|[from] Stealth Rock
|-ability|p1a: Eternatus|Pressure
|move|p2a: Ho-Oh|Whirlwind|p1a: Eternatus
|drag|p1a: Yveltal|Yveltal|41/100
|-damage|p1a: Yveltal|16/100|[from] Stealth Rock
|-ability|p1a: Yveltal|Dark Aura
|
|-damage|p2a: Ho-Oh|76/100 psn|[from] psn
|upkeep
|turn|55
|
|t:|1634963719
|switch|p2a: Yveltal|Yveltal|100/100
|-ability|p2a: Yveltal|Dark Aura
|move|p1a: Yveltal|Oblivion Wing|p2a: Yveltal
|-damage|p2a: Yveltal|63/100
|-heal|p1a: Yveltal|41/100|[from] drain|[of] p2a: Yveltal
|
|upkeep
|turn|56
|
|t:|1634963725
|move|p2a: Yveltal|Oblivion Wing|p1a: Yveltal
|-damage|p1a: Yveltal|5/100
|-heal|p2a: Yveltal|93/100|[from] drain|[of] p1a: Yveltal
|move|p1a: Yveltal|Oblivion Wing|p2a: Yveltal
|-damage|p2a: Yveltal|56/100
|-heal|p1a: Yveltal|30/100|[from] drain|[of] p2a: Yveltal
|
|upkeep
|turn|57
|
|t:|1634963738
|move|p2a: Yveltal|Oblivion Wing|p1a: Yveltal
|-damage|p1a: Yveltal|0 fnt
|-heal|p2a: Yveltal|81/100|[from] drain|[of] p1a: Yveltal
|faint|p1a: Yveltal
|
|upkeep
|
|t:|1634963740
|switch|p1a: Eternatus|Eternatus|82/100 brn
|-damage|p1a: Eternatus|69/100 brn|[from] Stealth Rock
|-ability|p1a: Eternatus|Pressure
|turn|58
|
|t:|1634963749
|switch|p2a: Ho-Oh|Ho-Oh|100/100 psn
|move|p1a: Eternatus|Sludge Bomb|p2a: Ho-Oh
|-damage|p2a: Ho-Oh|75/100 psn
|
|-damage|p2a: Ho-Oh|63/100 psn|[from] psn
|-damage|p1a: Eternatus|63/100 brn|[from] brn
|upkeep
|turn|59
|
|t:|1634963754
|switch|p2a: Blissey|Blissey, F|100/100
|-damage|p2a: Blissey|88/100|[from] Stealth Rock
|move|p1a: Eternatus|Recover|p1a: Eternatus
|-heal|p1a: Eternatus|100/100 brn
|
|-damage|p1a: Eternatus|94/100 brn|[from] brn
|upkeep
|turn|60
|
|t:|1634963757
|switch|p1a: Necrozma|Necrozma-Dusk-Mane|100/100
|-damage|p1a: Necrozma|94/100|[from] Stealth Rock
|move|p2a: Blissey|Aromatherapy|p2a: Blissey
|-activate|p2a: Blissey|move: Aromatherapy
|-curestatus|p2: Ho-Oh|psn|[msg]
|
|upkeep
|turn|61
|
|t:|1634963768
|switch|p2a: Ho-Oh|Ho-Oh|96/100
|move|p1a: Necrozma|Earthquake|p2a: Ho-Oh
|-immune|p2a: Ho-Oh
|
|upkeep
|turn|62
|
|t:|1634963771
|switch|p1a: Eternatus|Eternatus|94/100 brn
|-damage|p1a: Eternatus|82/100 brn|[from] Stealth Rock
|-ability|p1a: Eternatus|Pressure
|move|p2a: Ho-Oh|Whirlwind|p1a: Eternatus
|drag|p1a: Necrozma|Necrozma-Dusk-Mane|94/100
|-damage|p1a: Necrozma|88/100|[from] Stealth Rock
|
|upkeep
|turn|63
|
|t:|1634963776
|switch|p1a: Eternatus|Eternatus|82/100 brn
|-damage|p1a: Eternatus|69/100 brn|[from] Stealth Rock
|-ability|p1a: Eternatus|Pressure
|move|p2a: Ho-Oh|Whirlwind|p1a: Eternatus
|drag|p1a: Necrozma|Necrozma-Dusk-Mane|88/100
|-damage|p1a: Necrozma|82/100|[from] Stealth Rock
|
|upkeep
|turn|64
|
|t:|1634963781
|switch|p1a: Eternatus|Eternatus|69/100 brn
|-damage|p1a: Eternatus|57/100 brn|[from] Stealth Rock
|-ability|p1a: Eternatus|Pressure
|move|p2a: Ho-Oh|Whirlwind|p1a: Eternatus
|drag|p1a: Necrozma|Necrozma-Dusk-Mane|82/100
|-damage|p1a: Necrozma|76/100|[from] Stealth Rock
|
|upkeep
|turn|65
|
|t:|1634963786
|move|p1a: Necrozma|Moonlight|p1a: Necrozma
|-heal|p1a: Necrozma|100/100
|move|p2a: Ho-Oh|Whirlwind|p1a: Necrozma
|drag|p1a: Groudon|Groudon|40/100 tox
|-damage|p1a: Groudon|34/100 tox|[from] Stealth Rock
|-weather|SunnyDay|[from] ability: Drought|[of] p1a: Groudon
|
|-weather|SunnyDay|[upkeep]
|-heal|p1a: Groudon|40/100 tox|[from] item: Leftovers
|-damage|p1a: Groudon|34/100 tox|[from] psn
|upkeep
|turn|66
|
|t:|1634963792
|switch|p2a: Necrozma|Necrozma-Dusk-Mane|37/100
|-damage|p2a: Necrozma|31/100|[from] Stealth Rock
|move|p1a: Groudon|Precipice Blades|p2a: Necrozma
|-supereffective|p2a: Necrozma
|-damage|p2a: Necrozma|0 fnt
|faint|p2a: Necrozma
|
|-weather|SunnyDay|[upkeep]
|-heal|p1a: Groudon|40/100 tox|[from] item: Leftovers
|-damage|p1a: Groudon|28/100 tox|[from] psn
|upkeep
|
|t:|1634963795
|switch|p2a: Eternatus|Eternatus|44/100
|-damage|p2a: Eternatus|31/100|[from] Stealth Rock
|-ability|p2a: Eternatus|Pressure
|turn|67
|
|t:|1634963801
|switch|p1a: Necrozma|Necrozma-Dusk-Mane|100/100
|-damage|p1a: Necrozma|94/100|[from] Stealth Rock
|move|p2a: Eternatus|Flamethrower|p1a: Necrozma
|-supereffective|p1a: Necrozma
|-damage|p1a: Necrozma|45/100
|-status|p1a: Necrozma|brn
|-enditem|p1a: Necrozma|Weakness Policy
|-boost|p1a: Necrozma|atk|2|[from] item: Weakness Policy
|-boost|p1a: Necrozma|spa|2|[from] item: Weakness Policy
|
|-weather|SunnyDay|[upkeep]
|-heal|p2a: Eternatus|38/100|[from] item: Black Sludge
|-damage|p1a: Necrozma|39/100 brn|[from] brn
|upkeep
|turn|68
|
|t:|1634963805
|move|p2a: Eternatus|Flamethrower|p1a: Necrozma
|-supereffective|p1a: Necrozma
|-damage|p1a: Necrozma|0 fnt
|faint|p1a: Necrozma
|
|-weather|SunnyDay|[upkeep]
|-heal|p2a: Eternatus|44/100|[from] item: Black Sludge
|upkeep
|
|t:|1634963807
|switch|p1a: Eternatus|Eternatus|57/100 brn
|-damage|p1a: Eternatus|45/100 brn|[from] Stealth Rock
|-ability|p1a: Eternatus|Pressure
|turn|69
|
|t:|1634963812
|switch|p2a: Ho-Oh|Ho-Oh|100/100
|move|p1a: Eternatus|Recover|p1a: Eternatus
|-heal|p1a: Eternatus|95/100 brn
|
|-weather|none
|-damage|p1a: Eternatus|89/100 brn|[from] brn
|upkeep
|turn|70
|
|t:|1634963819
|switch|p2a: Blissey|Blissey, F|88/100
|-damage|p2a: Blissey|76/100|[from] Stealth Rock
|move|p1a: Eternatus|Sludge Bomb|p2a: Blissey
|-damage|p2a: Blissey|63/100
|
|-damage|p1a: Eternatus|82/100 brn|[from] brn
|upkeep
|turn|71
|
|t:|1634963822
|switch|p1a: Groudon|Groudon|28/100 tox
|-damage|p1a: Groudon|22/100 tox|[from] Stealth Rock
|-weather|SunnyDay|[from] ability: Drought|[of] p1a: Groudon
|move|p2a: Blissey|Soft-Boiled|p2a: Blissey
|-heal|p2a: Blissey|100/100
|
|-weather|SunnyDay|[upkeep]
|-heal|p1a: Groudon|28/100 tox|[from] item: Leftovers
|-damage|p1a: Groudon|22/100 tox|[from] psn
|upkeep
|turn|72
|
|t:|1634963828
|switch|p2a: Eternatus|Eternatus|44/100
|-damage|p2a: Eternatus|31/100|[from] Stealth Rock
|-ability|p2a: Eternatus|Pressure
|move|p1a: Groudon|Stone Edge|p2a: Eternatus|[miss]
|-miss|p1a: Groudon|p2a: Eternatus
|
|-weather|SunnyDay|[upkeep]
|-heal|p2a: Eternatus|38/100|[from] item: Black Sludge
|-heal|p1a: Groudon|28/100 tox|[from] item: Leftovers
|-damage|p1a: Groudon|16/100 tox|[from] psn
|upkeep
|turn|73
|
|t:|1634963831
|move|p2a: Eternatus|Dynamax Cannon|p1a: Groudon
|-damage|p1a: Groudon|0 fnt
|faint|p1a: Groudon
|
|-weather|SunnyDay|[upkeep]
|-heal|p2a: Eternatus|44/100|[from] item: Black Sludge
|upkeep
|-message|Rell27 forfeited.
|
|win|Pkmn3443
|raw|Rell27's rating: 1526 &rarr; <strong>1508</strong><br />(-18 for losing)
|raw|Pkmn3443's rating: 1553 &rarr; <strong>1571</strong><br />(+18 for winning)
|l|☆Rell27
|l| The Shitpoopers
