|j|☆I like Lovely
|j|☆pisador2
|player|p1|I like Lovely|pokemonbreederf-gen4|1799
|player|p2|pisador2|101|1537
|teamsize|p1|6
|teamsize|p2|6
|gametype|singles
|gen|8
|tier|[Gen 8] Ubers
|rated|
|clearpoke
|poke|p1|Lunala|
|poke|p1|Necrozma-Dusk-Mane|
|poke|p1|Ditto|
|poke|p1|Ferrothorn, F|
|poke|p1|Eternatus|
|poke|p1|Mandibuzz, F|
|poke|p2|Ditto|
|poke|p2|Quagsire, M|
|poke|p2|Lunala|
|poke|p2|Necrozma-Dusk-Mane|
|poke|p2|Tyranitar, F|
|poke|p2|Flygon, M|
|rule|Sleep Clause Mod: Limit one foe put to sleep
|rule|Species Clause: Limit one of each Pokémon
|rule|OHKO Clause: OHKO moves are banned
|rule|Evasion Moves Clause: Evasion moves are banned
|rule|Endless Battle Clause: Forcing endless battles is banned
|rule|HP Percentage Mod: HP is shown in percentages
|teampreview
|inactive|Battle timer is ON: inactive players will automatically lose when time's up. (requested by pisador2)
|
|start
|switch|p1a: Eternatus|Eternatus|100/100
|switch|p2a: Tyranitar|Tyranitar, F|100/100
|-ability|p1a: Eternatus|Pressure
|-weather|Sandstorm|[from] ability: Sand Stream|[of] p2a: Tyranitar
|turn|1
|
|move|p1a: Eternatus|Toxic|p2a: Tyranitar
|-status|p2a: Tyranitar|tox
|move|p2a: Tyranitar|Thunder Wave|p1a: Eternatus
|-status|p1a: Eternatus|par
|
|-weather|Sandstorm|[upkeep]
|-damage|p1a: Eternatus|94/100 par|[from] Sandstorm
|-heal|p1a: Eternatus|100/100 par|[from] item: Black Sludge
|-damage|p2a: Tyranitar|94/100 tox|[from] psn
|upkeep
|turn|2
|
|cant|p1a: Eternatus|par
|move|p2a: Tyranitar|Stealth Rock|p1a: Eternatus
|-sidestart|p1: I like Lovely|move: Stealth Rock
|
|-weather|Sandstorm|[upkeep]
|-damage|p1a: Eternatus|94/100 par|[from] Sandstorm
|-heal|p1a: Eternatus|100/100 par|[from] item: Black Sludge
|-heal|p2a: Tyranitar|100/100 tox|[from] item: Leftovers
|-damage|p2a: Tyranitar|88/100 tox|[from] psn
|upkeep
|turn|3
|
|switch|p2a: Necrozma|Necrozma-Dusk-Mane|100/100
|move|p1a: Eternatus|Flamethrower|p2a: Necrozma
|-supereffective|p2a: Necrozma
|-damage|p2a: Necrozma|66/100
|
|-weather|Sandstorm|[upkeep]
|-damage|p1a: Eternatus|94/100 par|[from] Sandstorm
|-heal|p1a: Eternatus|100/100 par|[from] item: Black Sludge
|upkeep
|turn|4
|
|switch|p1a: Ferrothorn|Ferrothorn, F|100/100
|-damage|p1a: Ferrothorn|94/100|[from] Stealth Rock
|move|p2a: Necrozma|Thunder Wave|p1a: Ferrothorn
|-status|p1a: Ferrothorn|par
|
|-weather|Sandstorm|[upkeep]
|-heal|p1a: Ferrothorn|100/100 par|[from] item: Leftovers
|upkeep
|turn|5
|
|switch|p2a: Ditto|Ditto|100/100
|-transform|p2a: Ditto|p1a: Ferrothorn|[from] ability: Imposter
|cant|p1a: Ferrothorn|par
|
|-weather|none
|upkeep
|turn|6
|inactive|pisador2 has 120 seconds left.
|-message|pisador2 forfeited.
|
|win|I like Lovely
|l|☆pisador2
|raw|I like Lovely's rating: 1799 &rarr; <strong>1807</strong><br />(+8 for winning)
|raw|pisador2's rating: 1537 &rarr; <strong>1530</strong><br />(-7 for losing)
