|html|<div class="broadcast-blue"><strong>[Gen 8] Ubers is currently suspecting Shadow Tag! For information on how to participate check out the <a href="https://www.smogon.com/forums/threads/np-ss-ubers-stage-6-tag-youre-it.3679546/">suspect thread</a>.</strong></div>
|j|☆nM_SAVAGE
|j|☆Certifiied
|t:|1615678823
|player|p1|nM_SAVAGE|265|1230
|player|p2|Certifiied|101|1241
|teamsize|p1|6
|teamsize|p2|6
|gametype|singles
|gen|8
|tier|[Gen 8] Ubers
|rated|
|clearpoke
|poke|p1|Slurpuff, M|
|poke|p1|Darmanitan-Galar, F|
|poke|p1|Eternatus|
|poke|p1|Ho-Oh|
|poke|p1|Zacian|
|poke|p1|Calyrex-Shadow|
|poke|p2|Zacian|
|poke|p2|Dracozolt|
|poke|p2|Marshadow|
|poke|p2|Cinderace, F|
|poke|p2|Darmanitan-Galar, F|
|poke|p2|Landorus-Therian, M|
|rule|Sleep Clause Mod: Limit one foe put to sleep
|rule|Species Clause: Limit one of each Pokémon
|rule|OHKO Clause: OHKO moves are banned
|rule|Evasion Moves Clause: Evasion moves are banned
|rule|Endless Battle Clause: Forcing endless battles is banned
|rule|HP Percentage Mod: HP is shown in percentages
|rule|Dynamax Clause: You cannot dynamax
|teampreview
|inactive|Battle timer is ON: inactive players will automatically lose when time's up. (requested by Certifiied)
|
|t:|1615678826
|start
|switch|p1a: Slurpuff|Slurpuff, M|100/100
|switch|p2a: Landorus|Landorus-Therian, M|100/100
|-ability|p2a: Landorus|Intimidate|boost
|-unboost|p1a: Slurpuff|atk|1
|turn|1
|
|t:|1615678835
|move|p1a: Slurpuff|Magic Coat|p1a: Slurpuff
|-singleturn|p1a: Slurpuff|move: Magic Coat
|move|p2a: Landorus|Stealth Rock|p1a: Slurpuff
|move|p1a: Slurpuff|Stealth Rock|p2a: Landorus|[from]Magic Coat
|-sidestart|p2: Certifiied|move: Stealth Rock
|
|upkeep
|turn|2
|
|t:|1615678841
|move|p2a: Landorus|Earthquake|p1a: Slurpuff
|-damage|p1a: Slurpuff|29/100
|move|p1a: Slurpuff|Sticky Web|p2a: Landorus
|-sidestart|p2: Certifiied|move: Sticky Web
|
|upkeep
|turn|3
|
|t:|1615678848
|switch|p2a: Cinderace|Cinderace, F|100/100
|-damage|p2a: Cinderace|76/100|[from] Stealth Rock
|-activate|p2a: Cinderace|move: Sticky Web
|-unboost|p2a: Cinderace|spe|1
|move|p1a: Slurpuff|Endeavor|p2a: Cinderace
|-damage|p2a: Cinderace|29/100
|
|upkeep
|turn|4
|
|t:|1615678858
|move|p1a: Slurpuff|Play Rough|p2a: Cinderace
|-resisted|p2a: Cinderace
|-damage|p2a: Cinderace|12/100
|move|p2a: Cinderace|Court Change|p2a: Cinderace
|-start|p2a: Cinderace|typechange|Normal|[from] ability: Libero
|-sideend|p2: Certifiied|Stealth Rock|[silent]
|-sidestart|p1: nM_SAVAGE|Stealth Rock|[silent]
|-sideend|p2: Certifiied|Sticky Web|[silent]
|-sidestart|p1: nM_SAVAGE|Sticky Web|[silent]
|-activate|p2a: Cinderace|move: Court Change
|
|upkeep
|turn|5
|
|t:|1615678869
|switch|p1a: Ho-Oh|Ho-Oh|100/100
|move|p2a: Cinderace|Sucker Punch||[still]
|-fail|p2a: Cinderace
|
|upkeep
|turn|6
|
|t:|1615678876
|move|p2a: Cinderace|Sucker Punch||[still]
|-fail|p2a: Cinderace
|move|p1a: Ho-Oh|Defog|p2a: Cinderace
|-unboost|p2a: Cinderace|evasion|1
|-sideend|p1: nM_SAVAGE|Stealth Rock|[from] move: Defog|[of] p1a: Ho-Oh
|-sideend|p1: nM_SAVAGE|Sticky Web|[from] move: Defog|[of] p1a: Ho-Oh
|
|upkeep
|turn|7
|
|t:|1615678886
|switch|p1a: Slurpuff|Slurpuff, M|29/100
|move|p2a: Cinderace|Sucker Punch||[still]
|-fail|p2a: Cinderace
|
|upkeep
|turn|8
|
|t:|1615678894
|move|p1a: Slurpuff|Sticky Web|p2a: Cinderace
|-sidestart|p2: Certifiied|move: Sticky Web
|move|p2a: Cinderace|Pyro Ball|p1a: Slurpuff
|-start|p2a: Cinderace|typechange|Fire|[from] ability: Libero
|-damage|p1a: Slurpuff|0 fnt
|-damage|p2a: Cinderace|2/100|[from] item: Life Orb
|faint|p1a: Slurpuff
|
|upkeep
|
|t:|1615678905
|switch|p1a: Zacian|Zacian|100/100
|-ability|p1a: Zacian|Intrepid Sword|boost
|-boost|p1a: Zacian|atk|1
|turn|9
|
|t:|1615678912
|move|p1a: Zacian|Play Rough|p2a: Cinderace
|-resisted|p2a: Cinderace
|-crit|p2a: Cinderace
|-damage|p2a: Cinderace|0 fnt
|faint|p2a: Cinderace
|
|upkeep
|
|t:|1615678920
|switch|p2a: Marshadow|Marshadow|100/100
|-activate|p2a: Marshadow|move: Sticky Web
|-unboost|p2a: Marshadow|spe|1
|turn|10
|inactive|nM_SAVAGE has 120 seconds left.
|
|t:|1615678959
|switch|p1a: Ho-Oh|Ho-Oh|100/100
|move|p2a: Marshadow|Shadow Sneak|p1a: Ho-Oh
|-damage|p1a: Ho-Oh|66/100
|-damage|p2a: Marshadow|91/100|[from] item: Life Orb
|
|upkeep
|turn|11
|inactive|nM_SAVAGE has 120 seconds left.
|
|t:|1615678967
|move|p2a: Marshadow|Spectral Thief|p1a: Ho-Oh
|-damage|p1a: Ho-Oh|8/100
|-damage|p2a: Marshadow|81/100|[from] item: Life Orb
|move|p1a: Ho-Oh|Scorching Sands|p2a: Marshadow
|-damage|p2a: Marshadow|58/100
|
|upkeep
|turn|12
|inactive|nM_SAVAGE has 120 seconds left.
|
|t:|1615678981
|switch|p1a: Eternatus|Eternatus|100/100
|-ability|p1a: Eternatus|Pressure
|move|p2a: Marshadow|Shadow Sneak|p1a: Eternatus
|-damage|p1a: Eternatus|66/100
|-damage|p2a: Marshadow|48/100|[from] item: Life Orb
|
|upkeep
|turn|13
|
|t:|1615678988
|move|p2a: Marshadow|Shadow Sneak|p1a: Eternatus
|-damage|p1a: Eternatus|31/100
|-damage|p2a: Marshadow|39/100|[from] item: Life Orb
|move|p1a: Eternatus|Dynamax Cannon|p2a: Marshadow
|-crit|p2a: Marshadow
|-damage|p2a: Marshadow|0 fnt
|faint|p2a: Marshadow
|
|upkeep
|
|t:|1615678992
|switch|p2a: Dracozolt|Dracozolt|100/100
|-activate|p2a: Dracozolt|move: Sticky Web
|-unboost|p2a: Dracozolt|spe|1
|turn|14
|
|t:|1615678998
|move|p1a: Eternatus|Dynamax Cannon|p2a: Dracozolt
|-supereffective|p2a: Dracozolt
|-damage|p2a: Dracozolt|0 fnt
|faint|p2a: Dracozolt
|
|upkeep
|
|t:|1615679002
|switch|p2a: Zacian|Zacian|100/100
|-activate|p2a: Zacian|move: Sticky Web
|-unboost|p2a: Zacian|spe|1
|-ability|p2a: Zacian|Intrepid Sword|boost
|-boost|p2a: Zacian|atk|1
|turn|15
|
|t:|1615679008
|switch|p1a: Ho-Oh|Ho-Oh|42/100
|move|p2a: Zacian|Play Rough|p1a: Ho-Oh
|-resisted|p1a: Ho-Oh
|-damage|p1a: Ho-Oh|1/100
|-damage|p2a: Zacian|91/100|[from] item: Life Orb
|
|upkeep
|turn|16
|
|t:|1615679016
|move|p2a: Zacian|Iron Head|p1a: Ho-Oh
|-resisted|p1a: Ho-Oh
|-damage|p1a: Ho-Oh|0 fnt
|-damage|p2a: Zacian|81/100|[from] item: Life Orb
|faint|p1a: Ho-Oh
|
|upkeep
|
|t:|1615679023
|switch|p1a: Eternatus|Eternatus|31/100
|-ability|p1a: Eternatus|Pressure
|turn|17
|
|t:|1615679031
|move|p1a: Eternatus|Sludge Wave|p2a: Zacian
|-supereffective|p2a: Zacian
|-damage|p2a: Zacian|0 fnt
|faint|p2a: Zacian
|
|upkeep
|
|t:|1615679036
|switch|p2a: Landorus|Landorus-Therian, M|100/100
|-ability|p2a: Landorus|Intimidate|boost
|-unboost|p1a: Eternatus|atk|1
|turn|18
|
|t:|1615679041
|move|p1a: Eternatus|Sludge Wave|p2a: Landorus
|-resisted|p2a: Landorus
|-damage|p2a: Landorus|46/100
|-status|p2a: Landorus|psn
|move|p2a: Landorus|Earthquake|p1a: Eternatus
|-supereffective|p1a: Eternatus
|-damage|p1a: Eternatus|0 fnt
|faint|p1a: Eternatus
|
|-heal|p2a: Landorus|52/100 psn|[from] item: Leftovers
|-damage|p2a: Landorus|40/100 psn|[from] psn
|upkeep
|
|t:|1615679070
|switch|p1a: Calyrex|Calyrex-Shadow|100/100
|-ability|p1a: Calyrex|As One
|-ability|p1a: Calyrex|Unnerve|p2: Certifiied
|turn|19
|-message|Certifiied forfeited.
|
|win|nM_SAVAGE
|raw|nM_SAVAGE's rating: 1230 &rarr; <strong>1246</strong><br />(+16 for winning)
|raw|Certifiied's rating: 1232 &rarr; <strong>1216</strong><br />(-16 for losing)
|l|☆Certifiied
|j|☆Certifiied
|player|p2|Certifiied|101
|l|☆Certifiied
|player|p2|
||Ladder (probably) updated, but score could not be retrieved (Request timeout).
