|j|☆Shadow of narnia
|j|☆GinnyEvilShadow
|t:|1651023127
|gametype|singles
|player|p1|Shadow of narnia|unknown|1332
|player|p2|GinnyEvilShadow|cynthia|1451
|teamsize|p1|6
|teamsize|p2|6
|gen|8
|tier|[Gen 8] Ubers
|rated|
|rule|Sleep Clause Mod: Limit one foe put to sleep
|rule|Species Clause: Limit one of each Pokémon
|rule|OHKO Clause: OHKO moves are banned
|rule|Evasion Moves Clause: Evasion moves are banned
|rule|Endless Battle Clause: Forcing endless battles is banned
|rule|HP Percentage Mod: HP is shown in percentages
|rule|Dynamax Clause: You cannot dynamax
|clearpoke
|poke|p1|Slurpuff, F|
|poke|p1|Yveltal|
|poke|p1|Necrozma-Dusk-Mane|
|poke|p1|Groudon|
|poke|p1|Marshadow|
|poke|p1|Eternatus|
|poke|p2|Yveltal|
|poke|p2|Marshadow|
|poke|p2|Xerneas-*|
|poke|p2|Ho-Oh|
|poke|p2|Necrozma-Dusk-Mane|
|poke|p2|Kyogre|
|teampreview
|inactive|Battle timer is ON: inactive players will automatically lose when time's up. (requested by Shadow of narnia)
|
|t:|1651023131
|start
|switch|p1a: Slurpuff|Slurpuff, F|100/100
|switch|p2a: Necrozma|Necrozma-Dusk-Mane|100/100
|turn|1
|
|t:|1651023134
|move|p1a: Slurpuff|Yawn|p2a: Necrozma
|-start|p2a: Necrozma|move: Yawn|[of] p1a: Slurpuff
|move|p2a: Necrozma|Sunsteel Strike|p1a: Slurpuff
|-supereffective|p1a: Slurpuff
|-enditem|p1a: Slurpuff|Focus Sash
|-damage|p1a: Slurpuff|1/100
|
|upkeep
|turn|2
|
|t:|1651023149
|switch|p2a: Ho-Oh|Ho-Oh|100/100
|move|p1a: Slurpuff|Sticky Web|p2a: Ho-Oh
|-sidestart|p2: GinnyEvilShadow|move: Sticky Web
|
|upkeep
|turn|3
|
|t:|1651023156
|move|p1a: Slurpuff|Yawn|p2a: Ho-Oh
|-start|p2a: Ho-Oh|move: Yawn|[of] p1a: Slurpuff
|move|p2a: Ho-Oh|Sacred Fire|p1a: Slurpuff
|-damage|p1a: Slurpuff|0 fnt
|faint|p1a: Slurpuff
|
|upkeep
|
|t:|1651023168
|switch|p1a: Eternatus|Eternatus|100/100
|-ability|p1a: Eternatus|Pressure
|turn|4
|
|t:|1651023173
|switch|p2a: Necrozma|Necrozma-Dusk-Mane|100/100
|-activate|p2a: Necrozma|move: Sticky Web
|-unboost|p2a: Necrozma|spe|1
|move|p1a: Eternatus|Meteor Beam||[still]
|-prepare|p1a: Eternatus|Meteor Beam
|-boost|p1a: Eternatus|spa|1
|-enditem|p1a: Eternatus|Power Herb
|-anim|p1a: Eternatus|Meteor Beam|p2a: Necrozma
|-resisted|p2a: Necrozma
|-damage|p2a: Necrozma|74/100
|
|-heal|p2a: Necrozma|80/100|[from] item: Leftovers
|upkeep
|turn|5
|
|t:|1651023176
|switch|p1a: Groudon|Groudon|100/100
|-weather|SunnyDay|[from] ability: Drought|[of] p1a: Groudon
|move|p2a: Necrozma|Dragon Dance|p2a: Necrozma
|-boost|p2a: Necrozma|atk|1
|-boost|p2a: Necrozma|spe|1
|
|-weather|SunnyDay|[upkeep]
|-heal|p2a: Necrozma|86/100|[from] item: Leftovers
|upkeep
|turn|6
|
|t:|1651023186
|move|p1a: Groudon|Swords Dance|p1a: Groudon
|-boost|p1a: Groudon|atk|2
|move|p2a: Necrozma|Sunsteel Strike|p1a: Groudon
|-damage|p1a: Groudon|21/100
|
|-weather|SunnyDay|[upkeep]
|-heal|p2a: Necrozma|92/100|[from] item: Leftovers
|upkeep
|turn|7
|
|t:|1651023193
|switch|p2a: Ho-Oh|Ho-Oh|100/100
|move|p1a: Groudon|Rock Slide|p2a: Ho-Oh
|-supereffective|p2a: Ho-Oh
|-damage|p2a: Ho-Oh|0 fnt
|faint|p2a: Ho-Oh
|
|-weather|SunnyDay|[upkeep]
|upkeep
|
|t:|1651023205
|switch|p2a: Marshadow|Marshadow|100/100
|-activate|p2a: Marshadow|move: Sticky Web
|-unboost|p2a: Marshadow|spe|1
|turn|8
|
|t:|1651023209
|switch|p1a: Yveltal|Yveltal|100/100
|-ability|p1a: Yveltal|Dark Aura
|move|p2a: Marshadow|Shadow Sneak|p1a: Yveltal
|-resisted|p1a: Yveltal
|-damage|p1a: Yveltal|88/100
|
|-weather|SunnyDay|[upkeep]
|upkeep
|turn|9
|
|t:|1651023224
|switch|p2a: Yveltal|Yveltal|100/100
|-ability|p2a: Yveltal|Dark Aura
|move|p1a: Yveltal|Knock Off|p2a: Yveltal
|-resisted|p2a: Yveltal
|-damage|p2a: Yveltal|73/100
|-enditem|p2a: Yveltal|Assault Vest|[from] move: Knock Off|[of] p1a: Yveltal
|
|-weather|none
|upkeep
|turn|10
|
|t:|1651023228
|move|p1a: Yveltal|Taunt|p2a: Yveltal
|-start|p2a: Yveltal|move: Taunt
|move|p2a: Yveltal|Oblivion Wing|p1a: Yveltal
|-damage|p1a: Yveltal|58/100
|-heal|p2a: Yveltal|92/100|[from] drain|[of] p1a: Yveltal
|
|upkeep
|turn|11
|
|t:|1651023232
|move|p1a: Yveltal|Hone Claws|p1a: Yveltal
|-boost|p1a: Yveltal|atk|1
|-boost|p1a: Yveltal|accuracy|1
|move|p2a: Yveltal|Oblivion Wing|p1a: Yveltal
|-damage|p1a: Yveltal|25/100
|-heal|p2a: Yveltal|100/100|[from] drain|[of] p1a: Yveltal
|
|upkeep
|turn|12
|
|t:|1651023235
|move|p1a: Yveltal|Acrobatics|p2a: Yveltal
|-damage|p2a: Yveltal|37/100
|move|p2a: Yveltal|Oblivion Wing|p1a: Yveltal
|-damage|p1a: Yveltal|0 fnt
|-heal|p2a: Yveltal|53/100|[from] drain|[of] p1a: Yveltal
|faint|p1a: Yveltal
|
|-end|p2a: Yveltal|move: Taunt
|upkeep
|
|t:|1651023242
|switch|p1a: Eternatus|Eternatus|100/100
|-ability|p1a: Eternatus|Pressure
|turn|13
|
|t:|1651023247
|move|p1a: Eternatus|Meteor Beam||[still]
|-prepare|p1a: Eternatus|Meteor Beam
|-boost|p1a: Eternatus|spa|1
|move|p2a: Yveltal|Oblivion Wing|p1a: Eternatus
|-damage|p1a: Eternatus|72/100
|-heal|p2a: Yveltal|73/100|[from] drain|[of] p1a: Eternatus
|
|upkeep
|turn|14
|
|t:|1651023250
|switch|p2a: Necrozma|Necrozma-Dusk-Mane|92/100
|-activate|p2a: Necrozma|move: Sticky Web
|-unboost|p2a: Necrozma|spe|1
|move|p1a: Eternatus|Meteor Beam|p2a: Necrozma|[from]lockedmove
|-resisted|p2a: Necrozma
|-damage|p2a: Necrozma|66/100
|
|-heal|p2a: Necrozma|72/100|[from] item: Leftovers
|upkeep
|turn|15
|
|t:|1651023253
|move|p1a: Eternatus|Flamethrower|p2a: Necrozma
|-supereffective|p2a: Necrozma
|-damage|p2a: Necrozma|11/100
|move|p2a: Necrozma|Earthquake|p1a: Eternatus
|-supereffective|p1a: Eternatus
|-damage|p1a: Eternatus|0 fnt
|faint|p1a: Eternatus
|
|-heal|p2a: Necrozma|17/100|[from] item: Leftovers
|upkeep
|
|t:|1651023262
|switch|p1a: Marshadow|Marshadow|100/100
|turn|16
|j| GustaveraOF
|
|t:|1651023267
|switch|p2a: Yveltal|Yveltal|73/100
|-ability|p2a: Yveltal|Dark Aura
|move|p1a: Marshadow|Bulk Up|p1a: Marshadow
|-boost|p1a: Marshadow|atk|1
|-boost|p1a: Marshadow|def|1
|
|upkeep
|turn|17
|
|t:|1651023270
|move|p1a: Marshadow|Low Kick|p2a: Yveltal
|-damage|p2a: Yveltal|0 fnt
|faint|p2a: Yveltal
|-damage|p1a: Marshadow|91/100|[from] item: Life Orb
|
|upkeep
|l| GustaveraOF
|
|t:|1651023275
|switch|p2a: Marshadow|Marshadow|100/100
|-activate|p2a: Marshadow|move: Sticky Web
|-unboost|p2a: Marshadow|spe|1
|turn|18
|
|t:|1651023284
|switch|p1a: Groudon|Groudon|21/100
|-weather|SunnyDay|[from] ability: Drought|[of] p1a: Groudon
|move|p2a: Marshadow|Spectral Thief|p1a: Groudon
|-damage|p1a: Groudon|0 fnt
|faint|p1a: Groudon
|
|-weather|SunnyDay|[upkeep]
|upkeep
|
|t:|1651023287
|switch|p1a: Necrozma|Necrozma-Dusk-Mane|100/100
|turn|19
|
|t:|1651023291
|move|p2a: Marshadow|Spectral Thief|p1a: Necrozma
|-supereffective|p1a: Necrozma
|-damage|p1a: Necrozma|50/100
|-enditem|p1a: Necrozma|Red Card|[of] p2a: Marshadow
|drag|p2a: Necrozma|Necrozma-Dusk-Mane|17/100
|-activate|p2a: Necrozma|move: Sticky Web
|-unboost|p2a: Necrozma|spe|1
|move|p1a: Necrozma|Iron Head|p2a: Necrozma
|-resisted|p2a: Necrozma
|-crit|p2a: Necrozma
|-damage|p2a: Necrozma|0 fnt
|faint|p2a: Necrozma
|
|-weather|SunnyDay|[upkeep]
|upkeep
|
|t:|1651023313
|switch|p2a: Marshadow|Marshadow|100/100
|-activate|p2a: Marshadow|move: Sticky Web
|-unboost|p2a: Marshadow|spe|1
|turn|20
|
|t:|1651023316
|move|p2a: Marshadow|Spectral Thief|p1a: Necrozma
|-supereffective|p1a: Necrozma
|-damage|p1a: Necrozma|0 fnt
|faint|p1a: Necrozma
|
|-weather|SunnyDay|[upkeep]
|upkeep
|
|t:|1651023318
|switch|p1a: Marshadow|Marshadow|91/100
|turn|21
|
|t:|1651023323
|move|p1a: Marshadow|Shadow Sneak|p2a: Marshadow
|-supereffective|p2a: Marshadow
|-enditem|p2a: Marshadow|Focus Sash
|-damage|p2a: Marshadow|1/100
|-damage|p1a: Marshadow|81/100|[from] item: Life Orb
|move|p2a: Marshadow|Spectral Thief|p1a: Marshadow
|-supereffective|p1a: Marshadow
|-damage|p1a: Marshadow|0 fnt
|faint|p1a: Marshadow
|
|win|GinnyEvilShadow
|raw|Shadow of narnia's rating: 1332 &rarr; <strong>1319</strong><br />(-13 for losing)
|raw|GinnyEvilShadow's rating: 1451 &rarr; <strong>1464</strong><br />(+13 for winning)
|c|☆Shadow of narnia|Gg
|c|☆GinnyEvilShadow|gg
