|j|☆Dr.camma
|j|☆Alakazam95
|player|p1|Dr.camma|doctor|1412
|player|p2|Alakazam95|teamrocket|1391
|teamsize|p1|6
|teamsize|p2|6
|gametype|singles
|gen|8
|tier|[Gen 8] Ubers
|rated|
|rule|Sleep Clause Mod: Limit one foe put to sleep
|rule|Species Clause: Limit one of each Pokémon
|rule|OHKO Clause: OHKO moves are banned
|rule|Evasion Moves Clause: Evasion moves are banned
|rule|Endless Battle Clause: Forcing endless battles is banned
|rule|HP Percentage Mod: HP is shown in percentages
|clearpoke
|poke|p1|Zacian-*|
|poke|p1|Barraskewda, M|
|poke|p1|Pelipper, M|
|poke|p1|Darmanitan-Galar, M|
|poke|p1|Ferrothorn, M|
|poke|p1|Sableye, M|
|poke|p2|Zacian-*|
|poke|p2|Eternatus|
|poke|p2|Ditto|
|poke|p2|Ferrothorn, M|
|poke|p2|Pelipper, M|
|poke|p2|Barraskewda, M|
|teampreview
|
|start
|switch|p1a: Sableye|Sableye, M|100/100
|switch|p2a: Pelipper|Pelipper, M, shiny|100/100
|-weather|RainDance|[from] ability: Drizzle|[of] p2a: Pelipper
|turn|1
|
|move|p2a: Pelipper|Hurricane|p1a: Sableye
|-damage|p1a: Sableye|60/100
|move|p1a: Sableye|Knock Off|p2a: Pelipper
|-damage|p2a: Pelipper|79/100
|-enditem|p2a: Pelipper|Damp Rock|[from] move: Knock Off|[of] p1a: Sableye
|
|-weather|RainDance|[upkeep]
|upkeep
|turn|2
|
|move|p1a: Sableye|Will-O-Wisp|p2a: Pelipper
|-status|p2a: Pelipper|brn
|move|p2a: Pelipper|Scald|p1a: Sableye
|-damage|p1a: Sableye|15/100
|-status|p1a: Sableye|brn
|
|-weather|RainDance|[upkeep]
|-damage|p2a: Pelipper|73/100 brn|[from] brn
|-damage|p1a: Sableye|9/100 brn|[from] brn
|upkeep
|turn|3
|
|move|p1a: Sableye|Disable|p2a: Pelipper
|-start|p2a: Pelipper|Disable|Scald
|cant|p2a: Pelipper|Disable|Scald
|
|-weather|RainDance|[upkeep]
|-damage|p2a: Pelipper|66/100 brn|[from] brn
|-damage|p1a: Sableye|3/100 brn|[from] brn
|upkeep
|turn|4
|
|move|p2a: Pelipper|Hurricane|p1a: Sableye
|-damage|p1a: Sableye|0 fnt
|faint|p1a: Sableye
|
|-weather|RainDance|[upkeep]
|-damage|p2a: Pelipper|60/100 brn|[from] brn
|upkeep
|
|switch|p1a: Zacian|Zacian-Crowned|100/100
|-ability|p1a: Zacian|Intrepid Sword|boost
|-boost|p1a: Zacian|atk|1
|turn|5
|
|switch|p1a: Ferrothorn|Ferrothorn, M|100/100
|move|p2a: Pelipper|Hurricane|p1a: Ferrothorn
|-damage|p1a: Ferrothorn|69/100
|-start|p1a: Ferrothorn|confusion
|
|-weather|RainDance|[upkeep]
|-heal|p1a: Ferrothorn|75/100|[from] item: Leftovers
|-damage|p2a: Pelipper|54/100 brn|[from] brn
|upkeep
|turn|6
|
|switch|p2a: Eternatus|Eternatus|100/100
|-ability|p2a: Eternatus|Pressure
|-activate|p1a: Ferrothorn|confusion
|move|p1a: Ferrothorn|Stealth Rock|p2a: Eternatus
|-sidestart|p2: Alakazam95|move: Stealth Rock
|
|-weather|RainDance|[upkeep]
|-heal|p1a: Ferrothorn|81/100|[from] item: Leftovers
|upkeep
|turn|7
|
|-start|p1a: Ferrothorn|Dynamax
|-heal|p1a: Ferrothorn|81/100|[silent]
|move|p2a: Eternatus|Substitute|p2a: Eternatus
|-start|p2a: Eternatus|Substitute
|-damage|p2a: Eternatus|76/100
|-activate|p1a: Ferrothorn|confusion
|-damage|p1a: Ferrothorn|79/100|[from] confusion
|
|-weather|RainDance|[upkeep]
|-heal|p1a: Ferrothorn|82/100|[from] item: Leftovers
|upkeep
|turn|8
|
|move|p2a: Eternatus|Recover|p2a: Eternatus
|-heal|p2a: Eternatus|100/100
|-end|p1a: Ferrothorn|confusion
|move|p1a: Ferrothorn|Max Steelspike|p2a: Eternatus
|-end|p2a: Eternatus|Substitute
|-boost|p1a: Ferrothorn|def|1
|
|-weather|none
|-heal|p1a: Ferrothorn|85/100|[from] item: Leftovers
|upkeep
|turn|9
|
|move|p2a: Eternatus|Substitute|p2a: Eternatus
|-start|p2a: Eternatus|Substitute
|-damage|p2a: Eternatus|76/100
|move|p1a: Ferrothorn|Max Steelspike|p2a: Eternatus
|-end|p2a: Eternatus|Substitute
|-boost|p1a: Ferrothorn|def|1
|
|-heal|p1a: Ferrothorn|88/100|[from] item: Leftovers
|-end|p1a: Ferrothorn|Dynamax
|-heal|p1a: Ferrothorn|88/100|[silent]
|upkeep
|turn|10
|
|move|p2a: Eternatus|Substitute|p2a: Eternatus
|-start|p2a: Eternatus|Substitute
|-damage|p2a: Eternatus|51/100
|move|p1a: Ferrothorn|Gyro Ball|p2a: Eternatus
|-end|p2a: Eternatus|Substitute
|
|-heal|p1a: Ferrothorn|94/100|[from] item: Leftovers
|upkeep
|turn|11
|
|move|p2a: Eternatus|Flamethrower|p1a: Ferrothorn
|-supereffective|p1a: Ferrothorn
|-damage|p1a: Ferrothorn|0 fnt
|-damage|p2a: Eternatus|41/100|[from] item: Life Orb
|faint|p1a: Ferrothorn
|
|upkeep
|
|switch|p1a: Darmanitan|Darmanitan-Galar, M|100/100
|turn|12
|
|switch|p2a: Pelipper|Pelipper, M, shiny|54/100 brn
|-damage|p2a: Pelipper|29/100 brn|[from] Stealth Rock
|-weather|RainDance|[from] ability: Drizzle|[of] p2a: Pelipper
|move|p1a: Darmanitan|Icicle Crash|p2a: Pelipper
|-damage|p2a: Pelipper|0 fnt
|faint|p2a: Pelipper
|
|-weather|RainDance|[upkeep]
|upkeep
|
|switch|p2a: Barraskewda|Barraskewda, M|100/100
|-damage|p2a: Barraskewda|88/100|[from] Stealth Rock
|turn|13
|
|switch|p1a: Pelipper|Pelipper, M|100/100
|-start|p2a: Barraskewda|Dynamax
|-heal|p2a: Barraskewda|88/100|[silent]
|move|p2a: Barraskewda|Max Knuckle|p1a: Pelipper
|-resisted|p1a: Pelipper
|-crit|p1a: Pelipper
|-damage|p1a: Pelipper|75/100
|-boost|p2a: Barraskewda|atk|1
|-damage|p2a: Barraskewda|83/100|[from] item: Life Orb
|
|-weather|RainDance|[upkeep]
|upkeep
|turn|14
|
|move|p2a: Barraskewda|Max Geyser|p1a: Pelipper
|-resisted|p1a: Pelipper
|-damage|p1a: Pelipper|0 fnt
|-damage|p2a: Barraskewda|78/100|[from] item: Life Orb
|faint|p1a: Pelipper
|
|-weather|RainDance|[upkeep]
|upkeep
|
|switch|p1a: Barraskewda|Barraskewda, M|100/100
|turn|15
|
|move|p1a: Barraskewda|Close Combat|p2a: Barraskewda
|-damage|p2a: Barraskewda|20/100
|-unboost|p1a: Barraskewda|def|1
|-unboost|p1a: Barraskewda|spd|1
|-damage|p1a: Barraskewda|91/100|[from] item: Life Orb
|move|p2a: Barraskewda|Max Mindstorm|p1a: Barraskewda
|-damage|p1a: Barraskewda|0 fnt
|-fieldstart|move: Psychic Terrain
|-damage|p2a: Barraskewda|15/100|[from] item: Life Orb
|faint|p1a: Barraskewda
|
|-weather|RainDance|[upkeep]
|-end|p2a: Barraskewda|Dynamax
|-heal|p2a: Barraskewda|15/100|[silent]
|upkeep
|
|switch|p1a: Zacian|Zacian-Crowned|100/100
|-ability|p1a: Zacian|Intrepid Sword|boost
|-boost|p1a: Zacian|atk|1
|turn|16
|
|move|p2a: Barraskewda|Liquidation|p1a: Zacian
|-damage|p1a: Zacian|0 fnt
|-damage|p2a: Barraskewda|5/100|[from] item: Life Orb
|faint|p1a: Zacian
|
|-weather|none
|upkeep
|
|switch|p1a: Darmanitan|Darmanitan-Galar, M|100/100
|turn|17
|
|move|p1a: Darmanitan|Earthquake|p2a: Barraskewda
|-damage|p2a: Barraskewda|0 fnt
|faint|p2a: Barraskewda
|
|upkeep
|
|switch|p2a: Ferrothorn|Ferrothorn, M|100/100
|-damage|p2a: Ferrothorn|94/100|[from] Stealth Rock
|turn|18
|
|move|p1a: Darmanitan|Earthquake|p2a: Ferrothorn
|-damage|p2a: Ferrothorn|61/100
|move|p2a: Ferrothorn|Thunder Wave|p1a: Darmanitan
|-status|p1a: Darmanitan|par
|
|-heal|p2a: Ferrothorn|67/100|[from] item: Leftovers
|upkeep
|turn|19
|
|move|p1a: Darmanitan|Earthquake|p2a: Ferrothorn
|-damage|p2a: Ferrothorn|33/100
|move|p2a: Ferrothorn|Leech Seed|p1a: Darmanitan|[miss]
|-miss|p2a: Ferrothorn|p1a: Darmanitan
|
|-heal|p2a: Ferrothorn|39/100|[from] item: Leftovers
|-fieldend|move: Psychic Terrain
|upkeep
|turn|20
|
|cant|p1a: Darmanitan|par
|move|p2a: Ferrothorn|Leech Seed|p1a: Darmanitan
|-start|p1a: Darmanitan|move: Leech Seed
|
|-heal|p2a: Ferrothorn|45/100|[from] item: Leftovers
|-damage|p1a: Darmanitan|88/100 par|[from] Leech Seed|[of] p2a: Ferrothorn
|-heal|p2a: Ferrothorn|57/100|[silent]
|upkeep
|turn|21
|
|move|p1a: Darmanitan|Earthquake|p2a: Ferrothorn
|-damage|p2a: Ferrothorn|27/100
|move|p2a: Ferrothorn|Stealth Rock|p1a: Darmanitan
|-sidestart|p1: Dr.camma|move: Stealth Rock
|
|-heal|p2a: Ferrothorn|33/100|[from] item: Leftovers
|-damage|p1a: Darmanitan|76/100 par|[from] Leech Seed|[of] p2a: Ferrothorn
|-heal|p2a: Ferrothorn|45/100|[silent]
|upkeep
|turn|22
|
|cant|p1a: Darmanitan|par
|move|p2a: Ferrothorn|Spikes|p1a: Darmanitan
|-sidestart|p1: Dr.camma|Spikes
|
|-heal|p2a: Ferrothorn|52/100|[from] item: Leftovers
|-damage|p1a: Darmanitan|64/100 par|[from] Leech Seed|[of] p2a: Ferrothorn
|-heal|p2a: Ferrothorn|64/100|[silent]
|upkeep
|turn|23
|
|move|p1a: Darmanitan|Earthquake|p2a: Ferrothorn
|-damage|p2a: Ferrothorn|35/100
|move|p2a: Ferrothorn|Spikes|p1a: Darmanitan
|-sidestart|p1: Dr.camma|Spikes
|
|-heal|p2a: Ferrothorn|41/100|[from] item: Leftovers
|-damage|p1a: Darmanitan|51/100 par|[from] Leech Seed|[of] p2a: Ferrothorn
|-heal|p2a: Ferrothorn|53/100|[silent]
|upkeep
|turn|24
|
|move|p1a: Darmanitan|Earthquake|p2a: Ferrothorn
|-damage|p2a: Ferrothorn|20/100
|move|p2a: Ferrothorn|Spikes|p1a: Darmanitan
|-sidestart|p1: Dr.camma|Spikes
|
|-heal|p2a: Ferrothorn|26/100|[from] item: Leftovers
|-damage|p1a: Darmanitan|39/100 par|[from] Leech Seed|[of] p2a: Ferrothorn
|-heal|p2a: Ferrothorn|38/100|[silent]
|upkeep
|turn|25
|
|move|p1a: Darmanitan|Earthquake|p2a: Ferrothorn
|-damage|p2a: Ferrothorn|8/100
|move|p2a: Ferrothorn|Spikes||[still]
|-fail|p2a: Ferrothorn
|
|-heal|p2a: Ferrothorn|14/100|[from] item: Leftovers
|-damage|p1a: Darmanitan|27/100 par|[from] Leech Seed|[of] p2a: Ferrothorn
|-heal|p2a: Ferrothorn|26/100|[silent]
|upkeep
|turn|26
|j| Naruto94
|
|move|p1a: Darmanitan|Earthquake|p2a: Ferrothorn
|-damage|p2a: Ferrothorn|0 fnt
|faint|p2a: Ferrothorn
|
|upkeep
|-message|Dr.camma forfeited.
|
|win|Alakazam95
|l|☆Dr.camma
