|j|☆Pissog
|j|☆4125al41
|t:|1629468542
|gametype|singles
|player|p1|Pissog|shelly-gen3|
|player|p2|4125al41|steven|
|teamsize|p1|6
|teamsize|p2|6
|gen|8
|tier|[Gen 8] Ubers
|rated|Tournament battle
|rule|Sleep Clause Mod: Limit one foe put to sleep
|rule|Species Clause: Limit one of each Pokémon
|rule|OHKO Clause: OHKO moves are banned
|rule|Evasion Moves Clause: Evasion moves are banned
|rule|Endless Battle Clause: Forcing endless battles is banned
|rule|HP Percentage Mod: HP is shown in percentages
|rule|Dynamax Clause: You cannot dynamax
|clearpoke
|poke|p1|Ferrothorn, M|
|poke|p1|Kyogre|
|poke|p1|Necrozma-Dusk-Mane|
|poke|p1|Yveltal|
|poke|p1|Calyrex-Shadow|
|poke|p1|Eternatus|
|poke|p2|Marshadow|
|poke|p2|Eternatus|
|poke|p2|Calyrex-Shadow|
|poke|p2|Ho-Oh|
|poke|p2|Groudon|
|poke|p2|Xerneas-*|
|teampreview
|inactive|Battle timer is ON: inactive players will automatically lose when time's up. (requested by Pissog)
|c|☆Pissog|hf
|
|t:|1629468568
|start
|switch|p1a: Calyrex|Calyrex-Shadow|100/100
|switch|p2a: Eternatus|Eternatus|100/100
|-ability|p1a: Calyrex|As One
|-ability|p1a: Calyrex|Unnerve
|-ability|p2a: Eternatus|Pressure
|turn|1
|
|t:|1629468577
|switch|p2a: Ho-Oh|Ho-Oh|100/100
|move|p1a: Calyrex|Psyshock|p2a: Ho-Oh
|-damage|p2a: Ho-Oh|61/100
|
|upkeep
|turn|2
|
|t:|1629468587
|switch|p1a: Kyogre|Kyogre|100/100
|-weather|RainDance|[from] ability: Drizzle|[of] p1a: Kyogre
|move|p2a: Ho-Oh|Roost|p2a: Ho-Oh
|-heal|p2a: Ho-Oh|100/100
|-singleturn|p2a: Ho-Oh|move: Roost
|
|-weather|RainDance|[upkeep]
|upkeep
|turn|3
|
|t:|1629468595
|switch|p2a: Groudon|Groudon|100/100
|-weather|SunnyDay|[from] ability: Drought|[of] p2a: Groudon
|move|p1a: Kyogre|Calm Mind|p1a: Kyogre
|-boost|p1a: Kyogre|spa|1
|-boost|p1a: Kyogre|spd|1
|
|-weather|SunnyDay|[upkeep]
|upkeep
|turn|4
|
|t:|1629468598
|move|p1a: Kyogre|Scald|p2a: Groudon
|-supereffective|p2a: Groudon
|-damage|p2a: Groudon|43/100
|move|p2a: Groudon|Precipice Blades|p1a: Kyogre
|-damage|p1a: Kyogre|52/100
|
|-weather|SunnyDay|[upkeep]
|-heal|p1a: Kyogre|58/100|[from] item: Leftovers
|-heal|p2a: Groudon|49/100|[from] item: Leftovers
|upkeep
|turn|5
|
|t:|1629468605
|switch|p2a: Calyrex|Calyrex-Shadow|100/100
|-ability|p2a: Calyrex|As One
|-ability|p2a: Calyrex|Unnerve
|move|p1a: Kyogre|Scald|p2a: Calyrex
|-damage|p2a: Calyrex|70/100
|-status|p2a: Calyrex|brn
|
|-weather|SunnyDay|[upkeep]
|-heal|p1a: Kyogre|65/100|[from] item: Leftovers
|-damage|p2a: Calyrex|64/100 brn|[from] brn
|upkeep
|turn|6
|
|t:|1629468609
|switch|p1a: Yveltal|Yveltal|100/100
|-ability|p1a: Yveltal|Dark Aura
|move|p2a: Calyrex|Psyshock|p1a: Yveltal
|-immune|p1a: Yveltal
|
|-weather|SunnyDay|[upkeep]
|-damage|p2a: Calyrex|58/100 brn|[from] brn
|upkeep
|turn|7
|
|t:|1629468619
|switch|p2a: Ho-Oh|Ho-Oh|100/100
|move|p1a: Yveltal|Knock Off|p2a: Ho-Oh
|-damage|p2a: Ho-Oh|60/100
|-enditem|p2a: Ho-Oh|Heavy-Duty Boots|[from] move: Knock Off|[of] p1a: Yveltal
|
|-weather|none
|upkeep
|turn|8
|
|t:|1629468627
|switch|p1a: Eternatus|Eternatus|100/100
|-ability|p1a: Eternatus|Pressure
|move|p2a: Ho-Oh|Toxic|p1a: Eternatus
|-immune|p1a: Eternatus
|
|upkeep
|turn|9
|
|t:|1629468637
|switch|p2a: Xerneas|Xerneas|100/100
|-ability|p2a: Xerneas|Fairy Aura
|move|p1a: Eternatus|Toxic|p2a: Xerneas
|-status|p2a: Xerneas|tox
|
|-damage|p2a: Xerneas|94/100 tox|[from] psn
|upkeep
|turn|10
|
|t:|1629468642
|switch|p2a: Calyrex|Calyrex-Shadow|58/100 brn
|-ability|p2a: Calyrex|As One
|-ability|p2a: Calyrex|Unnerve
|switch|p1a: Necrozma|Necrozma-Dusk-Mane|100/100
|
|-damage|p2a: Calyrex|52/100 brn|[from] brn
|upkeep
|turn|11
|
|t:|1629468647
|switch|p1a: Yveltal|Yveltal|100/100
|-ability|p1a: Yveltal|Dark Aura
|move|p2a: Calyrex|Trick|p1a: Yveltal
|-activate|p2a: Calyrex|move: Trick|[of] p1a: Yveltal
|-item|p1a: Yveltal|Choice Specs|[from] move: Trick
|-item|p2a: Calyrex|Heavy-Duty Boots|[from] move: Trick
|
|-damage|p2a: Calyrex|46/100 brn|[from] brn
|upkeep
|turn|12
|
|t:|1629468654
|switch|p2a: Ho-Oh|Ho-Oh|93/100
|move|p1a: Yveltal|U-turn|p2a: Ho-Oh
|-resisted|p2a: Ho-Oh
|-damage|p2a: Ho-Oh|90/100
|
|t:|1629468658
|switch|p1a: Kyogre|Kyogre|65/100|[from]move: U-turn
|-weather|RainDance|[from] ability: Drizzle|[of] p1a: Kyogre
|
|-weather|RainDance|[upkeep]
|-heal|p1a: Kyogre|71/100|[from] item: Leftovers
|upkeep
|turn|13
|
|t:|1629468665
|switch|p1a: Eternatus|Eternatus|100/100
|-ability|p1a: Eternatus|Pressure
|switch|p2a: Eternatus|Eternatus|100/100
|-ability|p2a: Eternatus|Pressure
|
|-weather|RainDance|[upkeep]
|upkeep
|turn|14
|
|t:|1629468676
|switch|p2a: Groudon|Groudon|49/100
|-weather|SunnyDay|[from] ability: Drought|[of] p2a: Groudon
|switch|p1a: Necrozma|Necrozma-Dusk-Mane|100/100
|
|-weather|SunnyDay|[upkeep]
|-heal|p2a: Groudon|55/100|[from] item: Leftovers
|upkeep
|turn|15
|j|^Hoennseptile ☾❤ ♪
|
|t:|1629468697
|switch|p2a: Eternatus|Eternatus|100/100
|-ability|p2a: Eternatus|Pressure
|switch|p1a: Ferrothorn|Ferrothorn, M|100/100
|
|-weather|SunnyDay|[upkeep]
|upkeep
|turn|16
|
|t:|1629468716
|switch|p1a: Kyogre|Kyogre|71/100
|-weather|RainDance|[from] ability: Drizzle|[of] p1a: Kyogre
|move|p2a: Eternatus|Flamethrower|p1a: Kyogre
|-resisted|p1a: Kyogre
|-crit|p1a: Kyogre
|-damage|p1a: Kyogre|63/100
|
|-weather|RainDance|[upkeep]
|-heal|p1a: Kyogre|69/100|[from] item: Leftovers
|upkeep
|turn|17
|
|t:|1629468724
|switch|p2a: Xerneas|Xerneas|94/100 tox
|-ability|p2a: Xerneas|Fairy Aura
|move|p1a: Kyogre|Calm Mind|p1a: Kyogre
|-boost|p1a: Kyogre|spa|1
|-boost|p1a: Kyogre|spd|1
|
|-weather|RainDance|[upkeep]
|-heal|p1a: Kyogre|75/100|[from] item: Leftovers
|-damage|p2a: Xerneas|88/100 tox|[from] psn
|upkeep
|turn|18
|
|t:|1629468731
|move|p2a: Xerneas|Play Rough|p1a: Kyogre|[miss]
|-miss|p2a: Xerneas|p1a: Kyogre
|move|p1a: Kyogre|Scald|p2a: Xerneas
|-damage|p2a: Xerneas|15/100 tox
|
|-weather|RainDance|[upkeep]
|-heal|p1a: Kyogre|81/100|[from] item: Leftovers
|-damage|p2a: Xerneas|3/100 tox|[from] psn
|upkeep
|turn|19
|c|☆Pissog|sry
|
|t:|1629468740
|switch|p1a: Ferrothorn|Ferrothorn, M|100/100
|move|p2a: Xerneas|Play Rough|p1a: Ferrothorn
|-resisted|p1a: Ferrothorn
|-damage|p1a: Ferrothorn|75/100
|-damage|p2a: Xerneas|0 fnt|[from] ability: Iron Barbs|[of] p1a: Ferrothorn
|faint|p2a: Xerneas
|
|-weather|RainDance|[upkeep]
|-heal|p1a: Ferrothorn|81/100|[from] item: Leftovers
|upkeep
|
|t:|1629468751
|switch|p2a: Groudon|Groudon|55/100
|-weather|SunnyDay|[from] ability: Drought|[of] p2a: Groudon
|turn|20
|
|t:|1629468763
|move|p2a: Groudon|Stealth Rock|p1a: Ferrothorn
|-sidestart|p1: Pissog|move: Stealth Rock
|move|p1a: Ferrothorn|Leech Seed|p2a: Groudon
|-start|p2a: Groudon|move: Leech Seed
|
|-weather|SunnyDay|[upkeep]
|-heal|p2a: Groudon|61/100|[from] item: Leftovers
|-heal|p1a: Ferrothorn|87/100|[from] item: Leftovers
|-damage|p2a: Groudon|49/100|[from] Leech Seed|[of] p1a: Ferrothorn
|-heal|p1a: Ferrothorn|100/100|[silent]
|upkeep
|turn|21
|j| Rule 1 Be Nice
|
|t:|1629468770
|switch|p2a: Ho-Oh|Ho-Oh|100/100
|move|p1a: Ferrothorn|Spikes|p2a: Ho-Oh
|-sidestart|p2: 4125al41|Spikes
|
|-weather|SunnyDay|[upkeep]
|upkeep
|turn|22
|
|t:|1629468778
|switch|p2a: Eternatus|Eternatus|100/100
|-damage|p2a: Eternatus|88/100|[from] Spikes
|-ability|p2a: Eternatus|Pressure
|switch|p1a: Kyogre|Kyogre|81/100
|-damage|p1a: Kyogre|69/100|[from] Stealth Rock
|-weather|RainDance|[from] ability: Drizzle|[of] p1a: Kyogre
|
|-weather|RainDance|[upkeep]
|-heal|p1a: Kyogre|75/100|[from] item: Leftovers
|upkeep
|turn|23
|
|t:|1629468788
|switch|p1a: Necrozma|Necrozma-Dusk-Mane|100/100
|-damage|p1a: Necrozma|94/100|[from] Stealth Rock
|move|p2a: Eternatus|Meteor Beam||[still]
|-prepare|p2a: Eternatus|Meteor Beam
|-boost|p2a: Eternatus|spa|1
|-enditem|p2a: Eternatus|Power Herb
|-anim|p2a: Eternatus|Meteor Beam|p1a: Necrozma|[miss]
|-miss|p2a: Eternatus|p1a: Necrozma
|
|-weather|RainDance|[upkeep]
|-heal|p1a: Necrozma|100/100|[from] item: Leftovers
|upkeep
|turn|24
|
|t:|1629468796
|move|p2a: Eternatus|Flamethrower|p1a: Necrozma
|-supereffective|p1a: Necrozma
|-crit|p1a: Necrozma
|-damage|p1a: Necrozma|67/100
|move|p1a: Necrozma|Stealth Rock|p2a: Eternatus
|-sidestart|p2: 4125al41|move: Stealth Rock
|
|-weather|RainDance|[upkeep]
|-heal|p1a: Necrozma|73/100|[from] item: Leftovers
|upkeep
|turn|25
|
|t:|1629468806
|move|p2a: Eternatus|Flamethrower|p1a: Necrozma
|-supereffective|p1a: Necrozma
|-damage|p1a: Necrozma|52/100
|move|p1a: Necrozma|Thunder Wave|p2a: Eternatus
|-status|p2a: Eternatus|par
|
|-weather|RainDance|[upkeep]
|-heal|p1a: Necrozma|58/100|[from] item: Leftovers
|upkeep
|turn|26
|-message|4125al41 forfeited.
|
|win|Pissog
|n|☆Pissog|pissog
|n|☆4125al41|4125al41
|n| Hoennseptile ☾❤ ♪|hoennseptile
|n| Rule 1 Be Nice|rule1benice
