|j|☆Raxus
|j|☆Kage UwU
|t:|1656192196
|gametype|singles
|player|p1|Raxus|265|1507
|player|p2|Kage UwU|psychic-gen4|1509
|teamsize|p1|6
|teamsize|p2|6
|gen|8
|tier|[Gen 8] Ubers
|rated|
|rule|Sleep Clause Mod: Limit one foe put to sleep
|rule|Species Clause: Limit one of each Pokémon
|rule|OHKO Clause: OHKO moves are banned
|rule|Evasion Moves Clause: Evasion moves are banned
|rule|Endless Battle Clause: Forcing endless battles is banned
|rule|HP Percentage Mod: HP is shown in percentages
|rule|Dynamax Clause: You cannot dynamax
|clearpoke
|poke|p1|Palkia|
|poke|p1|Yveltal|
|poke|p1|Kyogre|
|poke|p1|Dracovish|
|poke|p1|Ho-Oh|
|poke|p1|Groudon|
|poke|p2|Yveltal|
|poke|p2|Ferrothorn, M|
|poke|p2|Eternatus|
|poke|p2|Blissey, F|
|poke|p2|Giratina|
|poke|p2|Ho-Oh|
|teampreview
|
|t:|1656192209
|start
|switch|p1a: Ho-Oh|Ho-Oh|100/100
|switch|p2a: Shalltear|Yveltal|100/100
|-ability|p2a: Shalltear|Dark Aura
|turn|1
|
|t:|1656192216
|switch|p2a: Demiurge|Eternatus|100/100
|-ability|p2a: Demiurge|Pressure
|move|p1a: Ho-Oh|Sacred Fire|p2a: Demiurge
|-resisted|p2a: Demiurge
|-damage|p2a: Demiurge|89/100
|
|upkeep
|turn|2
|
|t:|1656192228
|switch|p1a: Kyogre|Kyogre|100/100
|-weather|RainDance|[from] ability: Drizzle|[of] p1a: Kyogre
|move|p2a: Demiurge|Toxic|p1a: Kyogre
|-status|p1a: Kyogre|tox
|
|-weather|RainDance|[upkeep]
|-damage|p1a: Kyogre|94/100 tox|[from] psn
|upkeep
|turn|3
|
|t:|1656192242
|switch|p2a: Pleiade|Blissey, F|100/100
|move|p1a: Kyogre|Ice Beam|p2a: Pleiade
|-damage|p2a: Pleiade|89/100
|
|-weather|RainDance|[upkeep]
|-damage|p1a: Kyogre|82/100 tox|[from] psn
|upkeep
|turn|4
|
|t:|1656192252
|switch|p1a: Groudon|Groudon|100/100
|-weather|SunnyDay|[from] ability: Drought|[of] p1a: Groudon
|move|p2a: Pleiade|Wish|p2a: Pleiade
|
|-weather|SunnyDay|[upkeep]
|upkeep
|turn|5
|
|t:|1656192258
|switch|p2a: Albedo|Giratina|100/100
|-ability|p2a: Albedo|Pressure
|move|p1a: Groudon|Rock Polish|p1a: Groudon
|-boost|p1a: Groudon|spe|2
|
|-weather|SunnyDay|[upkeep]
|upkeep
|turn|6
|
|t:|1656192270
|move|p1a: Groudon|Precipice Blades|p2a: Albedo
|-damage|p2a: Albedo|58/100
|move|p2a: Albedo|Will-O-Wisp|p1a: Groudon
|-status|p1a: Groudon|brn
|
|-weather|SunnyDay|[upkeep]
|-heal|p2a: Albedo|64/100|[from] item: Leftovers
|-damage|p1a: Groudon|94/100 brn|[from] brn
|upkeep
|turn|7
|
|t:|1656192281
|move|p1a: Groudon|Swords Dance|p1a: Groudon
|-boost|p1a: Groudon|atk|2
|move|p2a: Albedo|Roar|p1a: Groudon
|drag|p1a: Dracovish|Dracovish|100/100
|
|-weather|SunnyDay|[upkeep]
|-heal|p2a: Albedo|70/100|[from] item: Leftovers
|upkeep
|turn|8
|
|t:|1656192290
|switch|p2a: Cocytus|Ferrothorn, M|100/100
|move|p1a: Dracovish|Crunch|p2a: Cocytus
|-damage|p2a: Cocytus|79/100
|-damage|p1a: Dracovish|88/100|[from] ability: Iron Barbs|[of] p2a: Cocytus
|
|-weather|none
|-heal|p2a: Cocytus|85/100|[from] item: Leftovers
|upkeep
|turn|9
|
|t:|1656192300
|switch|p1a: Kyogre|Kyogre|82/100 tox
|-weather|RainDance|[from] ability: Drizzle|[of] p1a: Kyogre
|move|p2a: Cocytus|Leech Seed|p1a: Kyogre
|-start|p1a: Kyogre|move: Leech Seed
|
|-weather|RainDance|[upkeep]
|-heal|p2a: Cocytus|92/100|[from] item: Leftovers
|-damage|p1a: Kyogre|70/100 tox|[from] Leech Seed|[of] p2a: Cocytus
|-heal|p2a: Cocytus|100/100|[silent]
|-damage|p1a: Kyogre|64/100 tox|[from] psn
|upkeep
|turn|10
|
|t:|1656192319
|switch|p1a: Palkia|Palkia|100/100
|-ability|p1a: Palkia|Pressure
|move|p2a: Cocytus|Stealth Rock|p1a: Palkia
|-sidestart|p1: Raxus|move: Stealth Rock
|
|-weather|RainDance|[upkeep]
|upkeep
|turn|11
|
|t:|1656192326
|move|p1a: Palkia|Fire Blast|p2a: Cocytus
|-supereffective|p2a: Cocytus
|-damage|p2a: Cocytus|24/100
|move|p2a: Cocytus|Iron Defense|p2a: Cocytus
|-boost|p2a: Cocytus|def|2
|
|-weather|RainDance|[upkeep]
|-heal|p2a: Cocytus|31/100|[from] item: Leftovers
|upkeep
|turn|12
|
|t:|1656192343
|switch|p2a: Pleiade|Blissey, F|89/100
|move|p1a: Palkia|Fire Blast|p2a: Pleiade
|-damage|p2a: Pleiade|76/100
|
|-weather|RainDance|[upkeep]
|upkeep
|turn|13
|
|t:|1656192350
|move|p1a: Palkia|Hydro Pump|p2a: Pleiade|[miss]
|-miss|p1a: Palkia|p2a: Pleiade
|move|p2a: Pleiade|Wish|p2a: Pleiade
|
|-weather|none
|upkeep
|turn|14
|
|t:|1656192355
|move|p1a: Palkia|Hydro Pump|p2a: Pleiade
|-damage|p2a: Pleiade|54/100
|move|p2a: Pleiade|Confide|p1a: Palkia
|-unboost|p1a: Palkia|spa|1
|
|-heal|p2a: Pleiade|100/100|[from] move: Wish|[wisher] Pleiade
|upkeep
|turn|15
|
|t:|1656192368
|switch|p1a: Ho-Oh|Ho-Oh|100/100
|move|p2a: Pleiade|Wish|p2a: Pleiade
|
|upkeep
|turn|16
|
|t:|1656192378
|switch|p2a: Albedo|Giratina|70/100
|-ability|p2a: Albedo|Pressure
|move|p1a: Ho-Oh|Sacred Fire|p2a: Albedo
|-resisted|p2a: Albedo
|-damage|p2a: Albedo|61/100
|-status|p2a: Albedo|brn
|
|-heal|p2a: Albedo|100/100 brn|[from] move: Wish|[wisher] Pleiade
|-damage|p2a: Albedo|94/100 brn|[from] brn
|upkeep
|turn|17
|
|t:|1656192389
|move|p1a: Ho-Oh|Defog|p2a: Albedo
|-unboost|p2a: Albedo|evasion|1
|-sideend|p1: Raxus|Stealth Rock|[from] move: Defog|[of] p1a: Ho-Oh
|move|p2a: Albedo|Toxic|p1a: Ho-Oh
|-status|p1a: Ho-Oh|tox
|
|-heal|p2a: Albedo|100/100 brn|[from] item: Leftovers
|-damage|p1a: Ho-Oh|94/100 tox|[from] psn
|-damage|p2a: Albedo|94/100 brn|[from] brn
|upkeep
|turn|18
|
|t:|1656192405
|switch|p1a: Kyogre|Kyogre|64/100 tox
|-weather|RainDance|[from] ability: Drizzle|[of] p1a: Kyogre
|switch|p2a: Demiurge|Eternatus|89/100
|-ability|p2a: Demiurge|Pressure
|
|-weather|RainDance|[upkeep]
|-damage|p1a: Kyogre|57/100 tox|[from] psn
|upkeep
|turn|19
|
|t:|1656192415
|switch|p1a: Dracovish|Dracovish|88/100
|switch|p2a: Pleiade|Blissey, F|100/100
|
|-weather|RainDance|[upkeep]
|upkeep
|turn|20
|
|t:|1656192421
|switch|p2a: Demiurge|Eternatus|89/100
|-ability|p2a: Demiurge|Pressure
|move|p1a: Dracovish|Fishious Rend|p2a: Demiurge
|-resisted|p2a: Demiurge
|-damage|p2a: Demiurge|41/100
|
|-weather|RainDance|[upkeep]
|upkeep
|turn|21
|
|t:|1656192438
|switch|p2a: Albedo|Giratina|94/100 brn
|-ability|p2a: Albedo|Pressure
|move|p1a: Dracovish|Fishious Rend|p2a: Albedo
|-resisted|p2a: Albedo
|-damage|p2a: Albedo|56/100 brn
|
|-weather|RainDance|[upkeep]
|-heal|p2a: Albedo|62/100 brn|[from] item: Leftovers
|-damage|p2a: Albedo|56/100 brn|[from] brn
|upkeep
|turn|22
|
|t:|1656192456
|switch|p1a: Groudon|Groudon|94/100 brn
|-weather|SunnyDay|[from] ability: Drought|[of] p1a: Groudon
|move|p2a: Albedo|Will-O-Wisp|p1a: Groudon|[miss]
|-miss|p2a: Albedo|p1a: Groudon
|
|-weather|SunnyDay|[upkeep]
|-heal|p2a: Albedo|62/100 brn|[from] item: Leftovers
|-damage|p1a: Groudon|88/100 brn|[from] brn
|-damage|p2a: Albedo|56/100 brn|[from] brn
|upkeep
|turn|23
|
|t:|1656192466
|switch|p1a: Kyogre|Kyogre|57/100 tox
|-weather|RainDance|[from] ability: Drizzle|[of] p1a: Kyogre
|move|p2a: Albedo|Roar|p1a: Kyogre
|drag|p1a: Dracovish|Dracovish|88/100
|
|-weather|RainDance|[upkeep]
|-heal|p2a: Albedo|62/100 brn|[from] item: Leftovers
|-damage|p2a: Albedo|56/100 brn|[from] brn
|upkeep
|turn|24
|
|t:|1656192478
|switch|p2a: Cocytus|Ferrothorn, M|31/100
|move|p1a: Dracovish|Fishious Rend|p2a: Cocytus
|-resisted|p2a: Cocytus
|-damage|p2a: Cocytus|0 fnt
|-damage|p1a: Dracovish|76/100|[from] ability: Iron Barbs|[of] p2a: Cocytus
|faint|p2a: Cocytus
|
|-weather|RainDance|[upkeep]
|upkeep
|
|t:|1656192485
|switch|p2a: Albedo|Giratina|56/100 brn
|-ability|p2a: Albedo|Pressure
|turn|25
|
|t:|1656192496
|switch|p1a: Groudon|Groudon|88/100 brn
|-weather|SunnyDay|[from] ability: Drought|[of] p1a: Groudon
|move|p2a: Albedo|Will-O-Wisp|p1a: Groudon
|-fail|p1a: Groudon|brn
|
|-weather|SunnyDay|[upkeep]
|-heal|p2a: Albedo|62/100 brn|[from] item: Leftovers
|-damage|p1a: Groudon|82/100 brn|[from] brn
|-damage|p2a: Albedo|56/100 brn|[from] brn
|upkeep
|turn|26
|
|t:|1656192507
|move|p1a: Groudon|Precipice Blades|p2a: Albedo|[miss]
|-miss|p1a: Groudon|p2a: Albedo
|move|p2a: Albedo|Rest|p2a: Albedo
|-status|p2a: Albedo|slp|[from] move: Rest
|-heal|p2a: Albedo|100/100 slp|[silent]
|
|-weather|SunnyDay|[upkeep]
|-damage|p1a: Groudon|76/100 brn|[from] brn
|upkeep
|turn|27
|
|t:|1656192517
|switch|p1a: Kyogre|Kyogre|57/100 tox
|-weather|RainDance|[from] ability: Drizzle|[of] p1a: Kyogre
|cant|p2a: Albedo|slp
|
|-weather|RainDance|[upkeep]
|-damage|p1a: Kyogre|51/100 tox|[from] psn
|upkeep
|turn|28
|
|t:|1656192525
|switch|p1a: Dracovish|Dracovish|76/100
|switch|p2a: Pleiade|Blissey, F|100/100
|
|-weather|RainDance|[upkeep]
|upkeep
|turn|29
|
|t:|1656192543
|switch|p2a: Hamsuke|Ho-Oh|100/100
|move|p1a: Dracovish|Fishious Rend|p2a: Hamsuke
|-supereffective|p2a: Hamsuke
|-damage|p2a: Hamsuke|0 fnt
|faint|p2a: Hamsuke
|
|-weather|RainDance|[upkeep]
|upkeep
|
|t:|1656192550
|switch|p2a: Albedo|Giratina|100/100 slp
|-ability|p2a: Albedo|Pressure
|turn|30
|
|t:|1656192556
|switch|p1a: Yveltal|Yveltal|100/100
|-ability|p1a: Yveltal|Dark Aura
|cant|p2a: Albedo|slp
|
|-weather|RainDance|[upkeep]
|upkeep
|turn|31
|
|t:|1656192565
|switch|p2a: Shalltear|Yveltal|100/100
|-ability|p2a: Shalltear|Dark Aura
|move|p1a: Yveltal|Taunt|p2a: Shalltear
|-start|p2a: Shalltear|move: Taunt
|
|-weather|none
|upkeep
|turn|32
|
|t:|1656192592
|switch|p1a: Groudon|Groudon|76/100 brn
|-weather|SunnyDay|[from] ability: Drought|[of] p1a: Groudon
|move|p2a: Shalltear|U-turn|p1a: Groudon
|-damage|p1a: Groudon|61/100 brn
|
|t:|1656192601
|switch|p2a: Albedo|Giratina|100/100 slp|[from]move: U-turn
|-ability|p2a: Albedo|Pressure
|
|-weather|SunnyDay|[upkeep]
|-damage|p1a: Groudon|55/100 brn|[from] brn
|upkeep
|turn|33
|
|t:|1656192611
|switch|p1a: Kyogre|Kyogre|51/100 tox
|-weather|RainDance|[from] ability: Drizzle|[of] p1a: Kyogre
|-curestatus|p2a: Albedo|slp|[msg]
|move|p2a: Albedo|Roar|p1a: Kyogre
|drag|p1a: Ho-Oh|Ho-Oh|100/100 tox
|
|-weather|RainDance|[upkeep]
|-damage|p1a: Ho-Oh|94/100 tox|[from] psn
|upkeep
|turn|34
|
|t:|1656192623
|move|p2a: Albedo|Will-O-Wisp||[still]
|-fail|p2a: Albedo
|move|p1a: Ho-Oh|Toxic|p2a: Albedo|[miss]
|-miss|p1a: Ho-Oh|p2a: Albedo
|
|-weather|RainDance|[upkeep]
|-damage|p1a: Ho-Oh|82/100 tox|[from] psn
|upkeep
|turn|35
|
|t:|1656192631
|switch|p2a: Demiurge|Eternatus|41/100
|-ability|p2a: Demiurge|Pressure
|move|p1a: Ho-Oh|Toxic|p2a: Demiurge
|-immune|p2a: Demiurge
|
|-weather|RainDance|[upkeep]
|-damage|p1a: Ho-Oh|64/100 tox|[from] psn
|upkeep
|turn|36
|
|t:|1656192640
|switch|p1a: Dracovish|Dracovish|76/100
|move|p2a: Demiurge|Recover|p2a: Demiurge
|-heal|p2a: Demiurge|91/100
|
|-weather|RainDance|[upkeep]
|upkeep
|turn|37
|
|t:|1656192646
|move|p1a: Dracovish|Outrage|p2a: Demiurge
|-supereffective|p2a: Demiurge
|-damage|p2a: Demiurge|29/100
|move|p2a: Demiurge|Dynamax Cannon|p1a: Dracovish
|-supereffective|p1a: Dracovish
|-damage|p1a: Dracovish|0 fnt
|faint|p1a: Dracovish
|
|-weather|none
|upkeep
|
|t:|1656192658
|switch|p1a: Palkia|Palkia|100/100
|-ability|p1a: Palkia|Pressure
|turn|38
|
|t:|1656192662
|switch|p2a: Pleiade|Blissey, F|100/100
|move|p1a: Palkia|Spacial Rend|p2a: Pleiade
|-crit|p2a: Pleiade
|-damage|p2a: Pleiade|67/100
|
|upkeep
|turn|39
|
|t:|1656192676
|switch|p1a: Ho-Oh|Ho-Oh|98/100 tox
|move|p2a: Pleiade|Wish|p2a: Pleiade
|
|-damage|p1a: Ho-Oh|92/100 tox|[from] psn
|upkeep
|turn|40
|
|t:|1656192682
|switch|p2a: Demiurge|Eternatus|29/100
|-ability|p2a: Demiurge|Pressure
|move|p1a: Ho-Oh|Whirlwind|p2a: Demiurge
|drag|p2a: Shalltear|Yveltal|100/100
|-ability|p2a: Shalltear|Dark Aura
|
|-damage|p1a: Ho-Oh|80/100 tox|[from] psn
|upkeep
|turn|41
|
|t:|1656192695
|switch|p1a: Kyogre|Kyogre|51/100 tox
|-weather|RainDance|[from] ability: Drizzle|[of] p1a: Kyogre
|move|p2a: Shalltear|Knock Off|p1a: Kyogre
|-damage|p1a: Kyogre|0 fnt
|-enditem|p1a: Kyogre|Choice Scarf|[from] move: Knock Off|[of] p2a: Shalltear
|faint|p1a: Kyogre
|
|-weather|RainDance|[upkeep]
|upkeep
|
|t:|1656192704
|switch|p1a: Palkia|Palkia|100/100
|-ability|p1a: Palkia|Pressure
|turn|42
|
|t:|1656192712
|switch|p2a: Pleiade|Blissey, F|67/100
|move|p1a: Palkia|Thunder|p2a: Pleiade|[miss]
|-miss|p1a: Palkia|p2a: Pleiade
|
|-weather|RainDance|[upkeep]
|upkeep
|turn|43
|
|t:|1656192726
|move|p1a: Palkia|Hydro Pump|p2a: Pleiade
|-damage|p2a: Pleiade|44/100
|move|p2a: Pleiade|Soft-Boiled|p2a: Pleiade
|-heal|p2a: Pleiade|94/100
|
|-weather|RainDance|[upkeep]
|upkeep
|turn|44
|
|t:|1656192740
|move|p1a: Palkia|Thunder|p2a: Pleiade|[miss]
|-miss|p1a: Palkia|p2a: Pleiade
|move|p2a: Pleiade|Wish|p2a: Pleiade
|
|-weather|RainDance|[upkeep]
|upkeep
|turn|45
|
|t:|1656192746
|move|p1a: Palkia|Spacial Rend|p2a: Pleiade
|-crit|p2a: Pleiade
|-damage|p2a: Pleiade|60/100
|move|p2a: Pleiade|Confide|p1a: Palkia
|-unboost|p1a: Palkia|spa|1
|
|-weather|none
|-heal|p2a: Pleiade|100/100|[from] move: Wish|[wisher] Pleiade
|upkeep
|turn|46
|
|t:|1656192757
|switch|p1a: Yveltal|Yveltal|100/100
|-ability|p1a: Yveltal|Dark Aura
|move|p2a: Pleiade|Wish|p2a: Pleiade
|
|upkeep
|turn|47
|
|t:|1656192765
|switch|p2a: Shalltear|Yveltal|100/100
|-ability|p2a: Shalltear|Dark Aura
|move|p1a: Yveltal|Dark Pulse|p2a: Shalltear
|-resisted|p2a: Shalltear
|-crit|p2a: Shalltear
|-damage|p2a: Shalltear|77/100
|
|-heal|p2a: Shalltear|100/100|[from] move: Wish|[wisher] Pleiade
|upkeep
|turn|48
|
|t:|1656192775
|move|p1a: Yveltal|Taunt|p2a: Shalltear
|-start|p2a: Shalltear|move: Taunt
|move|p2a: Shalltear|Knock Off|p1a: Yveltal
|-resisted|p1a: Yveltal
|-damage|p1a: Yveltal|71/100
|-enditem|p1a: Yveltal|Heavy-Duty Boots|[from] move: Knock Off|[of] p2a: Shalltear
|
|upkeep
|turn|49
|
|t:|1656192785
|move|p1a: Yveltal|Oblivion Wing|p2a: Shalltear
|-damage|p2a: Shalltear|77/100
|-heal|p1a: Yveltal|92/100|[from] drain|[of] p2a: Shalltear
|move|p2a: Shalltear|U-turn|p1a: Yveltal
|-damage|p1a: Yveltal|73/100
|
|t:|1656192791
|switch|p2a: Demiurge|Eternatus|29/100|[from]move: U-turn
|-ability|p2a: Demiurge|Pressure
|
|upkeep
|turn|50
|
|t:|1656192796
|move|p2a: Demiurge|Recover|p2a: Demiurge
|-heal|p2a: Demiurge|79/100
|move|p1a: Yveltal|Dark Pulse|p2a: Demiurge
|-damage|p2a: Demiurge|38/100
|
|upkeep
|turn|51
|
|t:|1656192802
|move|p2a: Demiurge|Recover|p2a: Demiurge
|-heal|p2a: Demiurge|88/100
|move|p1a: Yveltal|Taunt|p2a: Demiurge
|-start|p2a: Demiurge|move: Taunt
|
|upkeep
|turn|52
|
|t:|1656192812
|move|p2a: Demiurge|Dynamax Cannon|p1a: Yveltal
|-damage|p1a: Yveltal|32/100
|move|p1a: Yveltal|Oblivion Wing|p2a: Demiurge
|-damage|p2a: Demiurge|55/100
|-heal|p1a: Yveltal|61/100|[from] drain|[of] p2a: Demiurge
|
|upkeep
|turn|53
|
|t:|1656192820
|move|p2a: Demiurge|Dynamax Cannon|p1a: Yveltal
|-damage|p1a: Yveltal|17/100
|move|p1a: Yveltal|Oblivion Wing|p2a: Demiurge
|-damage|p2a: Demiurge|23/100
|-heal|p1a: Yveltal|45/100|[from] drain|[of] p2a: Demiurge
|
|upkeep
|turn|54
|
|t:|1656192829
|move|p1a: Yveltal|Sucker Punch|p2a: Demiurge
|-damage|p2a: Demiurge|0 fnt
|faint|p2a: Demiurge
|
|upkeep
|
|t:|1656192834
|switch|p2a: Shalltear|Yveltal|77/100
|-ability|p2a: Shalltear|Dark Aura
|turn|55
|
|t:|1656192841
|move|p1a: Yveltal|Oblivion Wing|p2a: Shalltear
|-damage|p2a: Shalltear|52/100
|-heal|p1a: Yveltal|67/100|[from] drain|[of] p2a: Shalltear
|move|p2a: Shalltear|Knock Off|p1a: Yveltal
|-resisted|p1a: Yveltal
|-damage|p1a: Yveltal|48/100
|
|upkeep
|turn|56
|
|t:|1656192849
|move|p1a: Yveltal|Taunt|p2a: Shalltear
|-start|p2a: Shalltear|move: Taunt
|cant|p2a: Shalltear|move: Taunt|Roost
|
|upkeep
|turn|57
|
|t:|1656192854
|switch|p2a: Pleiade|Blissey, F|100/100
|move|p1a: Yveltal|Oblivion Wing|p2a: Pleiade
|-damage|p2a: Pleiade|88/100
|-heal|p1a: Yveltal|64/100|[from] drain|[of] p2a: Pleiade
|
|upkeep
|turn|58
|
|t:|1656192862
|switch|p2a: Shalltear|Yveltal|52/100
|-ability|p2a: Shalltear|Dark Aura
|move|p1a: Yveltal|Taunt|p2a: Shalltear
|-start|p2a: Shalltear|move: Taunt
|
|upkeep
|turn|59
|
|t:|1656192868
|switch|p2a: Pleiade|Blissey, F|88/100
|move|p1a: Yveltal|Oblivion Wing|p2a: Pleiade
|-damage|p2a: Pleiade|74/100
|-heal|p1a: Yveltal|80/100|[from] drain|[of] p2a: Pleiade
|
|upkeep
|turn|60
|
|t:|1656192876
|switch|p2a: Shalltear|Yveltal|52/100
|-ability|p2a: Shalltear|Dark Aura
|move|p1a: Yveltal|Taunt|p2a: Shalltear
|-start|p2a: Shalltear|move: Taunt
|
|upkeep
|turn|61
|
|t:|1656192884
|switch|p2a: Pleiade|Blissey, F|74/100
|move|p1a: Yveltal|Dark Pulse|p2a: Pleiade
|-damage|p2a: Pleiade|57/100
|
|upkeep
|turn|62
|
|t:|1656192889
|move|p1a: Yveltal|Taunt|p2a: Pleiade
|-start|p2a: Pleiade|move: Taunt
|cant|p2a: Pleiade|move: Taunt|Soft-Boiled
|
|upkeep
|turn|63
|
|t:|1656192895
|switch|p2a: Shalltear|Yveltal|52/100
|-ability|p2a: Shalltear|Dark Aura
|move|p1a: Yveltal|Dark Pulse|p2a: Shalltear
|-resisted|p2a: Shalltear
|-damage|p2a: Shalltear|36/100
|
|upkeep
|turn|64
|
|t:|1656192904
|switch|p2a: Pleiade|Blissey, F|57/100
|move|p1a: Yveltal|Taunt|p2a: Pleiade
|-start|p2a: Pleiade|move: Taunt
|
|upkeep
|turn|65
|
|t:|1656192911
|switch|p2a: Albedo|Giratina|100/100
|-ability|p2a: Albedo|Pressure
|move|p1a: Yveltal|Dark Pulse|p2a: Albedo
|-supereffective|p2a: Albedo
|-damage|p2a: Albedo|37/100
|
|-heal|p2a: Albedo|43/100|[from] item: Leftovers
|upkeep
|turn|66
|-message|Kage UwU forfeited.
|
|win|Raxus
|raw|Raxus's rating: 1507 &rarr; <strong>1527</strong><br />(+20 for winning)
|raw|Kage UwU's rating: 1509 &rarr; <strong>1489</strong><br />(-20 for losing)
|l|☆Kage UwU
||Ladder isn't responding, score probably updated but might not have (Request timeout).
