|j|☆Dun 26
|j|☆LiquidBall
|t:|1660400261
|gametype|singles
|player|p1|Dun 26|skyla|1435
|player|p2|LiquidBall|102|1514
|teamsize|p1|6
|teamsize|p2|6
|gen|8
|tier|[Gen 8] Ubers
|rated|
|rule|Sleep Clause Mod: Limit one foe put to sleep
|rule|Species Clause: Limit one of each Pokémon
|rule|OHKO Clause: OHKO moves are banned
|rule|Evasion Items Clause: Evasion items are banned
|rule|Evasion Moves Clause: Evasion moves are banned
|rule|Endless Battle Clause: Forcing endless battles is banned
|rule|HP Percentage Mod: HP is shown in percentages
|rule|Dynamax Clause: You cannot dynamax
|clearpoke
|poke|p1|Excadrill, F|
|poke|p1|Darmanitan-Galar, M|
|poke|p1|Yveltal|
|poke|p1|Xerneas-*|
|poke|p1|Necrozma-Dusk-Mane|
|poke|p1|Dracovish|
|poke|p2|Yveltal|
|poke|p2|Eternatus|
|poke|p2|Zygarde|
|poke|p2|Xerneas-*|
|poke|p2|Necrozma-Dusk-Mane|
|poke|p2|Marshadow|
|teampreview
|
|t:|1660400315
|start
|switch|p1a: Excadrill|Excadrill, F|100/100
|switch|p2a: Zygarde|Zygarde, shiny|100/100
|-ability|p1a: Excadrill|Mold Breaker
|turn|1
|
|t:|1660400326
|move|p1a: Excadrill|Stealth Rock|p2a: Zygarde
|-sidestart|p2: LiquidBall|move: Stealth Rock
|move|p2a: Zygarde|Substitute|p2a: Zygarde
|-start|p2a: Zygarde|Substitute
|-damage|p2a: Zygarde|76/100
|
|-heal|p2a: Zygarde|82/100|[from] item: Leftovers
|upkeep
|turn|2
|
|t:|1660400335
|move|p1a: Excadrill|Earthquake|p2a: Zygarde
|-end|p2a: Zygarde|Substitute
|move|p2a: Zygarde|Thousand Arrows|p1a: Excadrill
|-supereffective|p1a: Excadrill
|-enditem|p1a: Excadrill|Focus Sash
|-damage|p1a: Excadrill|1/100
|
|-heal|p2a: Zygarde|88/100|[from] item: Leftovers
|upkeep
|turn|3
|
|t:|1660400350
|move|p1a: Excadrill|Earthquake|p2a: Zygarde
|-damage|p2a: Zygarde|50/100
|move|p2a: Zygarde|Thousand Arrows|p1a: Excadrill
|-supereffective|p1a: Excadrill
|-damage|p1a: Excadrill|0 fnt
|faint|p1a: Excadrill
|
|-heal|p2a: Zygarde|56/100|[from] item: Leftovers
|upkeep
|
|t:|1660400367
|switch|p1a: OUGABOUGA|Darmanitan-Galar, M|100/100
|turn|4
|
|t:|1660400376
|switch|p2a: Necrozma|Necrozma-Dusk-Mane|100/100
|-damage|p2a: Necrozma|94/100|[from] Stealth Rock
|move|p1a: OUGABOUGA|Ice Punch|p2a: Necrozma
|-resisted|p2a: Necrozma
|-damage|p2a: Necrozma|80/100
|
|-heal|p2a: Necrozma|86/100|[from] item: Leftovers
|upkeep
|turn|5
|
|t:|1660400395
|move|p1a: OUGABOUGA|Substitute|p1a: OUGABOUGA
|-start|p1a: OUGABOUGA|Substitute
|-damage|p1a: OUGABOUGA|75/100
|move|p2a: Necrozma|Thunder Wave||[still]
|-fail|p2a: Necrozma
|
|-heal|p2a: Necrozma|92/100|[from] item: Leftovers
|upkeep
|turn|6
|
|t:|1660400402
|move|p1a: OUGABOUGA|Belly Drum|p1a: OUGABOUGA
|-damage|p1a: OUGABOUGA|25/100
|-setboost|p1a: OUGABOUGA|atk|6|[from] move: Belly Drum
|-enditem|p1a: OUGABOUGA|Salac Berry|[eat]
|-boost|p1a: OUGABOUGA|spe|1|[from] item: Salac Berry
|move|p2a: Necrozma|Iron Head|p1a: OUGABOUGA
|-supereffective|p1a: OUGABOUGA
|-end|p1a: OUGABOUGA|Substitute
|
|-heal|p2a: Necrozma|98/100|[from] item: Leftovers
|-formechange|p1a: OUGABOUGA|Darmanitan-Galar-Zen|
|upkeep
|turn|7
|
|t:|1660400432
|move|p1a: OUGABOUGA|Earthquake|p2a: Necrozma
|-supereffective|p2a: Necrozma
|-damage|p2a: Necrozma|0 fnt
|faint|p2a: Necrozma
|
|upkeep
|c|☆LiquidBall|NOOO
|c|☆LiquidBall|lol
|
|t:|1660400443
|switch|p2a: Marshadow|Marshadow|100/100
|-damage|p2a: Marshadow|94/100|[from] Stealth Rock
|turn|8
|
|t:|1660400452
|move|p2a: Marshadow|Shadow Sneak|p1a: OUGABOUGA
|-damage|p1a: OUGABOUGA|0 fnt
|faint|p1a: OUGABOUGA
|
|upkeep
|
|t:|1660400455
|switch|p1a: Xerneas|Xerneas|100/100
|-ability|p1a: Xerneas|Fairy Aura
|turn|9
|
|t:|1660400484
|switch|p2a: Eternatus|Eternatus|100/100
|-ability|p2a: Eternatus|Pressure
|move|p1a: Xerneas|Moonblast|p2a: Eternatus
|-damage|p2a: Eternatus|59/100
|
|upkeep
|turn|10
|
|t:|1660400492
|switch|p1a: Necrozma|Necrozma-Dusk-Mane|100/100
|move|p2a: Eternatus|Toxic|p1a: Necrozma
|-immune|p1a: Necrozma
|
|upkeep
|turn|11
|
|t:|1660400495
|move|p2a: Eternatus|Mystical Fire|p1a: Necrozma
|-supereffective|p1a: Necrozma
|-crit|p1a: Necrozma
|-damage|p1a: Necrozma|56/100
|-unboost|p1a: Necrozma|spa|1
|-enditem|p1a: Necrozma|Weakness Policy
|-boost|p1a: Necrozma|atk|2|[from] item: Weakness Policy
|-boost|p1a: Necrozma|spa|2|[from] item: Weakness Policy
|move|p1a: Necrozma|Earthquake|p2a: Eternatus
|-supereffective|p2a: Eternatus
|-damage|p2a: Eternatus|0 fnt
|faint|p2a: Eternatus
|
|upkeep
|
|t:|1660400504
|switch|p2a: Marshadow|Marshadow|94/100
|-damage|p2a: Marshadow|88/100|[from] Stealth Rock
|turn|12
|
|t:|1660400508
|move|p2a: Marshadow|Spectral Thief||[still]
|-clearpositiveboost|p1a: Necrozma|p2a: Marshadow|move: Spectral Thief
|-boost|p2a: Marshadow|atk|2
|-boost|p2a: Marshadow|spa|1
|-anim|p2a: Marshadow|Spectral Thief|p1a: Necrozma
|-supereffective|p1a: Necrozma
|-damage|p1a: Necrozma|0 fnt
|faint|p1a: Necrozma
|
|upkeep
|
|t:|1660400510
|switch|p1a: Xerneas|Xerneas|100/100
|-ability|p1a: Xerneas|Fairy Aura
|turn|13
|
|t:|1660400514
|move|p1a: Xerneas|Moonblast|p2a: Marshadow
|-supereffective|p2a: Marshadow
|-damage|p2a: Marshadow|0 fnt
|faint|p2a: Marshadow
|
|upkeep
|
|t:|1660400520
|switch|p2a: Xerneas|Xerneas, shiny|100/100
|-damage|p2a: Xerneas|88/100|[from] Stealth Rock
|-ability|p2a: Xerneas|Fairy Aura
|turn|14
|
|t:|1660400523
|move|p1a: Xerneas|Moonblast|p2a: Xerneas
|-damage|p2a: Xerneas|27/100
|-unboost|p2a: Xerneas|spa|1
|move|p2a: Xerneas|Geomancy||[still]
|-prepare|p2a: Xerneas|Geomancy
|-enditem|p2a: Xerneas|Power Herb
|-anim|p2a: Xerneas|Geomancy|p2a: Xerneas
|-boost|p2a: Xerneas|spa|2
|-boost|p2a: Xerneas|spd|2
|-boost|p2a: Xerneas|spe|2
|
|upkeep
|turn|15
|
|t:|1660400530
|switch|p1a: NOBBRAIN|Dracovish|100/100
|move|p2a: Xerneas|Moonblast|p1a: NOBBRAIN
|-supereffective|p1a: NOBBRAIN
|-damage|p1a: NOBBRAIN|0 fnt
|faint|p1a: NOBBRAIN
|
|upkeep
|
|t:|1660400533
|switch|p1a: Yveltal|Yveltal|100/100
|-ability|p1a: Yveltal|Dark Aura
|turn|16
|
|t:|1660400544
|move|p1a: Yveltal|Sucker Punch||[still]
|-fail|p1a: Yveltal
|move|p2a: Xerneas|Substitute|p2a: Xerneas
|-start|p2a: Xerneas|Substitute
|-damage|p2a: Xerneas|3/100
|
|upkeep
|turn|17
|
|t:|1660400552
|move|p1a: Yveltal|Sucker Punch|p2a: Xerneas
|-resisted|p2a: Xerneas
|-activate|p2a: Xerneas|move: Substitute|[damage]
|-damage|p1a: Yveltal|91/100|[from] item: Life Orb
|move|p2a: Xerneas|Moonblast|p1a: Yveltal
|-supereffective|p1a: Yveltal
|-damage|p1a: Yveltal|0 fnt
|faint|p1a: Yveltal
|
|upkeep
|-message|Dun 26 forfeited.
|
|win|LiquidBall
|raw|Dun 26's rating: 1454 &rarr; <strong>1437</strong><br />(-17 for losing)
|raw|LiquidBall's rating: 1514 &rarr; <strong>1531</strong><br />(+17 for winning)
|l|☆Dun 26
|c|☆LiquidBall|wow close gg
||Ladder isn't responding, score probably updated but might not have (Request timeout).
