|j|☆Legend54
|j|☆SinCantarNiAfinar
|t:|1665332838
|gametype|singles
|player|p1|Legend54|doctor|1346
|player|p2|SinCantarNiAfinar|170|1468
|teamsize|p1|6
|teamsize|p2|6
|gen|8
|tier|[Gen 8] Ubers
|rated|
|rule|Sleep Clause Mod: Limit one foe put to sleep
|rule|Species Clause: Limit one of each Pokémon
|rule|OHKO Clause: OHKO moves are banned
|rule|Evasion Items Clause: Evasion items are banned
|rule|Evasion Moves Clause: Evasion moves are banned
|rule|Endless Battle Clause: Forcing endless battles is banned
|rule|HP Percentage Mod: HP is shown in percentages
|rule|Dynamax Clause: You cannot dynamax
|clearpoke
|poke|p1|Yveltal|
|poke|p1|Ho-Oh|
|poke|p1|Xerneas-*|
|poke|p1|Marshadow|
|poke|p1|Kyogre|
|poke|p1|Eternatus|
|poke|p2|Darmanitan-Galar, M|
|poke|p2|Xerneas-*|
|poke|p2|Eternatus|
|poke|p2|Necrozma-Dusk-Mane|
|poke|p2|Zygarde|
|poke|p2|Yveltal|
|teampreview
|inactive|Battle timer is ON: inactive players will automatically lose when time's up. (requested by Legend54)
|inactive|SinCantarNiAfinar has 120 seconds left.
|
|t:|1665332881
|start
|switch|p1a: Bloodbath|Yveltal, shiny|100/100
|switch|p2a: Darmanitan|Darmanitan-Galar, M|100/100
|-ability|p1a: Bloodbath|Dark Aura
|turn|1
|inactive|Legend54 has 120 seconds left.
|
|t:|1665332913
|switch|p2a: Xerneas|Xerneas|100/100
|-ability|p2a: Xerneas|Fairy Aura
|move|p1a: Bloodbath|Sucker Punch||[still]
|-fail|p1a: Bloodbath
|
|upkeep
|turn|2
|
|t:|1665332932
|switch|p1a: Oh-No|Ho-Oh|100/100
|switch|p2a: Zygarde|Zygarde|100/100
|
|upkeep
|turn|3
|
|t:|1665332941
|move|p2a: Zygarde|Glare|p1a: Oh-No
|-status|p1a: Oh-No|par
|move|p1a: Oh-No|Sacred Fire|p2a: Zygarde
|-resisted|p2a: Zygarde
|-damage|p2a: Zygarde|89/100
|-status|p2a: Zygarde|brn
|
|-heal|p2a: Zygarde|95/100 brn|[from] item: Leftovers
|-damage|p2a: Zygarde|89/100 brn|[from] brn
|upkeep
|turn|4
|
|t:|1665332951
|switch|p2a: Eternatus|Eternatus|100/100
|-ability|p2a: Eternatus|Pressure
|switch|p1a: Kai|Kyogre|100/100
|-weather|RainDance|[from] ability: Drizzle|[of] p1a: Kai
|
|-weather|RainDance|[upkeep]
|upkeep
|turn|5
|
|t:|1665332960
|move|p1a: Kai|Ice Beam|p2a: Eternatus
|-supereffective|p2a: Eternatus
|-crit|p2a: Eternatus
|-damage|p2a: Eternatus|36/100
|move|p2a: Eternatus|Toxic|p1a: Kai
|-status|p1a: Kai|tox
|
|-weather|RainDance|[upkeep]
|-heal|p2a: Eternatus|42/100|[from] item: Black Sludge
|-damage|p1a: Kai|94/100 tox|[from] psn
|upkeep
|turn|6
|
|t:|1665332970
|switch|p1a: Bloodbath|Yveltal, shiny|100/100
|-ability|p1a: Bloodbath|Dark Aura
|switch|p2a: Necrozma|Necrozma-Dusk-Mane|100/100
|
|-weather|RainDance|[upkeep]
|upkeep
|turn|7
|
|t:|1665332976
|move|p1a: Bloodbath|Knock Off|p2a: Necrozma
|-supereffective|p2a: Necrozma
|-damage|p2a: Necrozma|0 fnt
|-enditem|p2a: Necrozma|Leftovers|[from] move: Knock Off|[of] p1a: Bloodbath
|faint|p2a: Necrozma
|
|-weather|RainDance|[upkeep]
|upkeep
|
|t:|1665332990
|switch|p2a: Darmanitan|Darmanitan-Galar, M|100/100
|turn|8
|
|t:|1665332997
|switch|p2a: Eternatus|Eternatus|42/100
|-ability|p2a: Eternatus|Pressure
|switch|p1a: Oh-No|Ho-Oh|100/100 par
|
|-weather|none
|-heal|p2a: Eternatus|49/100|[from] item: Black Sludge
|upkeep
|turn|9
|
|t:|1665333004
|switch|p1a: Beastie|Eternatus|100/100
|-ability|p1a: Beastie|Pressure
|move|p2a: Eternatus|Toxic|p1a: Beastie
|-immune|p1a: Beastie
|
|-heal|p2a: Eternatus|55/100|[from] item: Black Sludge
|upkeep
|turn|10
|
|t:|1665333008
|switch|p2a: Yveltal|Yveltal|100/100
|-ability|p2a: Yveltal|Dark Aura
|move|p1a: Beastie|Dynamax Cannon|p2a: Yveltal
|-damage|p2a: Yveltal|71/100
|
|upkeep
|turn|11
|
|t:|1665333016
|move|p1a: Beastie|Meteor Beam||[still]
|-prepare|p1a: Beastie|Meteor Beam
|-boost|p1a: Beastie|spa|1
|-enditem|p1a: Beastie|Power Herb
|-anim|p1a: Beastie|Meteor Beam|p2a: Yveltal
|-supereffective|p2a: Yveltal
|-damage|p2a: Yveltal|0 fnt
|faint|p2a: Yveltal
|
|upkeep
|
|t:|1665333024
|switch|p2a: Darmanitan|Darmanitan-Galar, M|100/100
|turn|12
|
|t:|1665333030
|switch|p1a: Oh-No|Ho-Oh|100/100 par
|move|p2a: Darmanitan|Icicle Crash|p1a: Oh-No
|-damage|p1a: Oh-No|12/100 par
|
|upkeep
|turn|13
|
|t:|1665333033
|move|p2a: Darmanitan|Icicle Crash|p1a: Oh-No
|-damage|p1a: Oh-No|0 fnt
|faint|p1a: Oh-No
|
|upkeep
|
|t:|1665333037
|switch|p1a: Bloodbath|Yveltal, shiny|100/100
|-ability|p1a: Bloodbath|Dark Aura
|turn|14
|
|t:|1665333042
|switch|p2a: Xerneas|Xerneas|100/100
|-ability|p2a: Xerneas|Fairy Aura
|move|p1a: Bloodbath|Knock Off|p2a: Xerneas
|-resisted|p2a: Xerneas
|-damage|p2a: Xerneas|70/100
|-enditem|p2a: Xerneas|Leftovers|[from] move: Knock Off|[of] p1a: Bloodbath
|
|upkeep
|turn|15
|
|t:|1665333048
|switch|p1a: Kai|Kyogre|94/100 tox
|-weather|RainDance|[from] ability: Drizzle|[of] p1a: Kai
|switch|p2a: Darmanitan|Darmanitan-Galar, M|100/100
|
|-weather|RainDance|[upkeep]
|-damage|p1a: Kai|88/100 tox|[from] psn
|upkeep
|turn|16
|
|t:|1665333053
|switch|p2a: Eternatus|Eternatus|55/100
|-ability|p2a: Eternatus|Pressure
|move|p1a: Kai|Thunder|p2a: Eternatus
|-resisted|p2a: Eternatus
|-damage|p2a: Eternatus|42/100
|
|-weather|RainDance|[upkeep]
|-heal|p2a: Eternatus|49/100|[from] item: Black Sludge
|-damage|p1a: Kai|76/100 tox|[from] psn
|upkeep
|turn|17
|
|t:|1665333060
|move|p1a: Kai|Thunder|p2a: Eternatus
|-resisted|p2a: Eternatus
|-damage|p2a: Eternatus|36/100
|move|p2a: Eternatus|Recover|p2a: Eternatus
|-heal|p2a: Eternatus|87/100
|
|-weather|RainDance|[upkeep]
|-heal|p2a: Eternatus|93/100|[from] item: Black Sludge
|-damage|p1a: Kai|57/100 tox|[from] psn
|upkeep
|turn|18
|
|t:|1665333064
|switch|p2a: Darmanitan|Darmanitan-Galar, M|100/100
|move|p1a: Kai|Thunder|p2a: Darmanitan
|-damage|p2a: Darmanitan|35/100
|
|-weather|RainDance|[upkeep]
|-damage|p1a: Kai|33/100 tox|[from] psn
|upkeep
|turn|19
|
|t:|1665333071
|switch|p2a: Eternatus|Eternatus|93/100
|-ability|p2a: Eternatus|Pressure
|move|p1a: Kai|Thunder|p2a: Eternatus
|-resisted|p2a: Eternatus
|-damage|p2a: Eternatus|81/100
|
|-weather|none
|-heal|p2a: Eternatus|87/100|[from] item: Black Sludge
|-damage|p1a: Kai|2/100 tox|[from] psn
|upkeep
|turn|20
|
|t:|1665333078
|move|p1a: Kai|Thunder|p2a: Eternatus
|-resisted|p2a: Eternatus
|-damage|p2a: Eternatus|75/100
|move|p2a: Eternatus|Mystical Fire|p1a: Kai
|-resisted|p1a: Kai
|-damage|p1a: Kai|0 fnt
|faint|p1a: Kai
|
|-heal|p2a: Eternatus|81/100|[from] item: Black Sludge
|upkeep
|
|t:|1665333085
|switch|p1a: Beastie|Eternatus|100/100
|-ability|p1a: Beastie|Pressure
|turn|21
|
|t:|1665333092
|move|p1a: Beastie|Dynamax Cannon|p2a: Eternatus
|-supereffective|p2a: Eternatus
|-damage|p2a: Eternatus|13/100
|move|p2a: Eternatus|Dynamax Cannon|p1a: Beastie
|-supereffective|p1a: Beastie
|-damage|p1a: Beastie|15/100
|
|-heal|p2a: Eternatus|19/100|[from] item: Black Sludge
|upkeep
|turn|22
|
|t:|1665333101
|move|p1a: Beastie|Sludge Wave|p2a: Eternatus
|-resisted|p2a: Eternatus
|-damage|p2a: Eternatus|4/100
|move|p2a: Eternatus|Dynamax Cannon|p1a: Beastie
|-supereffective|p1a: Beastie
|-damage|p1a: Beastie|0 fnt
|faint|p1a: Beastie
|
|-heal|p2a: Eternatus|10/100|[from] item: Black Sludge
|upkeep
|
|t:|1665333110
|switch|p1a: Zernie Sanders|Xerneas|100/100
|-ability|p1a: Zernie Sanders|Fairy Aura
|turn|23
|
|t:|1665333114
|move|p2a: Eternatus|Mystical Fire|p1a: Zernie Sanders
|-damage|p1a: Zernie Sanders|82/100
|-unboost|p1a: Zernie Sanders|spa|1
|move|p1a: Zernie Sanders|Geomancy||[still]
|-prepare|p1a: Zernie Sanders|Geomancy
|-enditem|p1a: Zernie Sanders|Power Herb
|-anim|p1a: Zernie Sanders|Geomancy|p1a: Zernie Sanders
|-boost|p1a: Zernie Sanders|spa|2
|-boost|p1a: Zernie Sanders|spd|2
|-boost|p1a: Zernie Sanders|spe|2
|
|-heal|p2a: Eternatus|17/100|[from] item: Black Sludge
|upkeep
|turn|24
|
|t:|1665333119
|move|p1a: Zernie Sanders|Moonblast|p2a: Eternatus
|-damage|p2a: Eternatus|0 fnt
|faint|p2a: Eternatus
|
|upkeep
|
|t:|1665333125
|switch|p2a: Darmanitan|Darmanitan-Galar, M|35/100
|turn|25
|
|t:|1665333128
|move|p1a: Zernie Sanders|Moonblast|p2a: Darmanitan
|-damage|p2a: Darmanitan|0 fnt
|faint|p2a: Darmanitan
|
|upkeep
|
|t:|1665333130
|switch|p2a: Xerneas|Xerneas|70/100
|-ability|p2a: Xerneas|Fairy Aura
|turn|26
|
|t:|1665333132
|move|p1a: Zernie Sanders|Moonblast|p2a: Xerneas
|-damage|p2a: Xerneas|0 fnt
|faint|p2a: Xerneas
|
|upkeep
|-message|SinCantarNiAfinar forfeited.
|
|win|Legend54
|raw|Legend54's rating: 1346 &rarr; <strong>1373</strong><br />(+27 for winning)
|raw|SinCantarNiAfinar's rating: 1479 &rarr; <strong>1452</strong><br />(-27 for losing)
|l|☆SinCantarNiAfinar
