|j|☆FoolyCooly54
|j|☆neptune732
|t:|1630722994
|gametype|singles
|player|p1|FoolyCooly54|caitlin|1443
|player|p2|neptune732|265|1580
|teamsize|p1|6
|teamsize|p2|6
|gen|8
|tier|[Gen 8] Ubers
|rated|
|rule|Sleep Clause Mod: Limit one foe put to sleep
|rule|Species Clause: Limit one of each Pokémon
|rule|OHKO Clause: OHKO moves are banned
|rule|Evasion Moves Clause: Evasion moves are banned
|rule|Endless Battle Clause: Forcing endless battles is banned
|rule|HP Percentage Mod: HP is shown in percentages
|rule|Dynamax Clause: You cannot dynamax
|clearpoke
|poke|p1|Kyogre|
|poke|p1|Zygarde|
|poke|p1|Ferrothorn, M|
|poke|p1|Necrozma-Dusk-Mane|
|poke|p1|Tyranitar, M|
|poke|p1|Giratina-Origin|
|poke|p2|Xerneas-*|
|poke|p2|Obstagoon, F|
|poke|p2|Regieleki|
|poke|p2|Ditto|
|poke|p2|Groudon|
|poke|p2|Reshiram|
|teampreview
|inactive|Battle timer is ON: inactive players will automatically lose when time's up. (requested by FoolyCooly54)
|
|t:|1630723005
|start
|switch|p1a: Zygarde|Zygarde|100/100
|switch|p2a: Regieleki|Regieleki|100/100
|turn|1
|
|t:|1630723012
|move|p2a: Regieleki|Reflect|p2a: Regieleki
|-sidestart|p2: neptune732|Reflect
|move|p1a: Zygarde|Glare|p2a: Regieleki
|-immune|p2a: Regieleki
|
|upkeep
|turn|2
|
|t:|1630723018
|move|p2a: Regieleki|Light Screen|p2a: Regieleki
|-sidestart|p2: neptune732|move: Light Screen
|move|p1a: Zygarde|Coil|p1a: Zygarde
|-boost|p1a: Zygarde|atk|1
|-boost|p1a: Zygarde|def|1
|-boost|p1a: Zygarde|accuracy|1
|
|upkeep
|turn|3
|
|t:|1630723023
|move|p2a: Regieleki|Explosion|p1a: Zygarde
|-damage|p1a: Zygarde|63/100
|faint|p2a: Regieleki
|move|p1a: Zygarde|Thousand Arrows|p2: Regieleki|[notarget]
|-fail|p1a: Zygarde
|
|-heal|p1a: Zygarde|69/100|[from] item: Leftovers
|upkeep
|
|t:|1630723045
|switch|p2a: Xerneas|Xerneas|100/100
|-ability|p2a: Xerneas|Fairy Aura
|turn|4
|
|t:|1630723049
|move|p2a: Xerneas|Substitute|p2a: Xerneas
|-start|p2a: Xerneas|Substitute
|-damage|p2a: Xerneas|76/100
|move|p1a: Zygarde|Glare||[still]
|-fail|p1a: Zygarde
|
|-heal|p1a: Zygarde|75/100|[from] item: Leftovers
|upkeep
|turn|5
|
|t:|1630723056
|switch|p1a: Necrozma|Necrozma-Dusk-Mane|100/100
|move|p2a: Xerneas|Geomancy||[still]
|-prepare|p2a: Xerneas|Geomancy
|-enditem|p2a: Xerneas|Power Herb
|-anim|p2a: Xerneas|Geomancy|p2a: Xerneas
|-boost|p2a: Xerneas|spa|2
|-boost|p2a: Xerneas|spd|2
|-boost|p2a: Xerneas|spe|2
|
|upkeep
|turn|6
|
|t:|1630723069
|move|p2a: Xerneas|Moonblast|p1a: Necrozma
|-resisted|p1a: Necrozma
|-damage|p1a: Necrozma|39/100
|move|p1a: Necrozma|Trick Room|p1a: Necrozma
|-fieldstart|move: Trick Room|[of] p1a: Necrozma
|
|upkeep
|turn|7
|
|t:|1630723082
|move|p1a: Necrozma|Sunsteel Strike|p2a: Xerneas
|-supereffective|p2a: Xerneas
|-end|p2a: Xerneas|Substitute
|move|p2a: Xerneas|Moonblast|p1a: Necrozma
|-resisted|p1a: Necrozma
|-damage|p1a: Necrozma|0 fnt
|faint|p1a: Necrozma
|
|upkeep
|
|t:|1630723085
|switch|p1a: Giratina|Giratina-Origin|100/100
|turn|8
|
|t:|1630723092
|move|p1a: Giratina|Shadow Force||[still]
|-prepare|p1a: Giratina|Shadow Force
|move|p2a: Xerneas|Moonblast|p1a: Giratina|[miss]
|-miss|p2a: Xerneas|p1a: Giratina
|
|-sideend|p2: neptune732|Reflect
|upkeep
|turn|9
|
|t:|1630723104
|move|p1a: Giratina|Shadow Force|p2a: Xerneas|[from]lockedmove
|-damage|p2a: Xerneas|11/100
|move|p2a: Xerneas|Moonblast|p1a: Giratina
|-supereffective|p1a: Giratina
|-damage|p1a: Giratina|0 fnt
|faint|p1a: Giratina
|
|-sideend|p2: neptune732|move: Light Screen
|upkeep
|
|t:|1630723108
|switch|p1a: Kyogre|Kyogre, shiny|100/100
|-weather|RainDance|[from] ability: Drizzle|[of] p1a: Kyogre
|turn|10
|
|t:|1630723123
|move|p1a: Kyogre|Surf|p2a: Xerneas
|-damage|p2a: Xerneas|0 fnt
|faint|p2a: Xerneas
|
|-weather|RainDance|[upkeep]
|-fieldend|move: Trick Room
|upkeep
|
|t:|1630723140
|switch|p2a: Groudon|Groudon|100/100
|-weather|SunnyDay|[from] ability: Drought|[of] p2a: Groudon
|turn|11
|
|t:|1630723148
|move|p1a: Kyogre|Toxic|p2a: Groudon
|-status|p2a: Groudon|tox
|move|p2a: Groudon|Rock Polish|p2a: Groudon
|-boost|p2a: Groudon|spe|2
|
|-weather|SunnyDay|[upkeep]
|-damage|p2a: Groudon|95/100 tox|[from] psn
|upkeep
|turn|12
|
|t:|1630723155
|move|p2a: Groudon|Swords Dance|p2a: Groudon
|-boost|p2a: Groudon|atk|2
|move|p1a: Kyogre|Ice Beam|p2a: Groudon
|-supereffective|p2a: Groudon
|-damage|p2a: Groudon|23/100 tox
|
|-weather|SunnyDay|[upkeep]
|-damage|p2a: Groudon|11/100 tox|[from] psn
|upkeep
|turn|13
|
|t:|1630723164
|move|p2a: Groudon|Precipice Blades|p1a: Kyogre
|-damage|p1a: Kyogre|0 fnt
|faint|p1a: Kyogre
|-damage|p2a: Groudon|1/100 tox|[from] item: Life Orb
|
|-weather|SunnyDay|[upkeep]
|-damage|p2a: Groudon|0 fnt|[from] psn
|faint|p2a: Groudon
|upkeep
|
|t:|1630723175
|switch|p1a: Tyranitar|Tyranitar, M|100/100
|switch|p2a: Obstagoon|Obstagoon, F|100/100
|-weather|Sandstorm|[from] ability: Sand Stream|[of] p1a: Tyranitar
|turn|14
|
|t:|1630723184
|switch|p1a: Ferrothorn|Ferrothorn, M|100/100
|move|p2a: Obstagoon|Parting Shot|p1a: Ferrothorn
|-unboost|p1a: Ferrothorn|atk|1
|-unboost|p1a: Ferrothorn|spa|1
|
|t:|1630723189
|switch|p2a: Reshiram|Reshiram|100/100|[from]move: Parting Shot
|-ability|p2a: Reshiram|Turboblaze
|
|-weather|Sandstorm|[upkeep]
|-damage|p2a: Reshiram|94/100|[from] Sandstorm
|upkeep
|turn|15
|
|t:|1630723198
|switch|p1a: Tyranitar|Tyranitar, M|100/100
|move|p2a: Reshiram|Blue Flare|p1a: Tyranitar
|-resisted|p1a: Tyranitar
|-damage|p1a: Tyranitar|82/100
|-damage|p2a: Reshiram|84/100|[from] item: Life Orb
|
|-weather|Sandstorm|[upkeep]
|-damage|p2a: Reshiram|78/100|[from] Sandstorm
|upkeep
|turn|16
|
|t:|1630723212
|switch|p2a: Obstagoon|Obstagoon, F|100/100
|move|p1a: Tyranitar|Stone Edge|p2a: Obstagoon
|-damage|p2a: Obstagoon|35/100
|
|-weather|Sandstorm|[upkeep]
|-damage|p2a: Obstagoon|29/100|[from] Sandstorm
|-status|p2a: Obstagoon|brn|[from] item: Flame Orb
|upkeep
|turn|17
|j| Ygloo
|
|t:|1630723241
|switch|p1a: Ferrothorn|Ferrothorn, M|100/100
|move|p2a: Obstagoon|Switcheroo|p1a: Ferrothorn
|-activate|p2a: Obstagoon|move: Trick|[of] p1a: Ferrothorn
|-item|p1a: Ferrothorn|Flame Orb|[from] move: Switcheroo
|-item|p2a: Obstagoon|Rocky Helmet|[from] move: Switcheroo
|
|-weather|Sandstorm|[upkeep]
|-damage|p2a: Obstagoon|23/100 brn|[from] Sandstorm
|-damage|p2a: Obstagoon|17/100 brn|[from] brn
|-status|p1a: Ferrothorn|brn|[from] item: Flame Orb
|upkeep
|turn|18
|inactive|neptune732 has 120 seconds left.
|
|t:|1630723260
|switch|p2a: Reshiram|Reshiram|78/100
|-ability|p2a: Reshiram|Turboblaze
|move|p1a: Ferrothorn|Leech Seed|p2a: Reshiram
|-start|p2a: Reshiram|move: Leech Seed
|
|-weather|none
|-damage|p2a: Reshiram|66/100|[from] Leech Seed|[of] p1a: Ferrothorn
|-damage|p1a: Ferrothorn|95/100 brn|[from] brn
|upkeep
|turn|19
|inactive|neptune732 has 120 seconds left.
|
|t:|1630723273
|switch|p2a: Ditto|Ditto|100/100
|-transform|p2a: Ditto|p1a: Ferrothorn|[from] ability: Imposter
|switch|p1a: Tyranitar|Tyranitar, M|82/100
|-weather|Sandstorm|[from] ability: Sand Stream|[of] p1a: Tyranitar
|
|-weather|Sandstorm|[upkeep]
|upkeep
|turn|20
|inactive|neptune732 has 120 seconds left.
|
|t:|1630723286
|switch|p1a: Zygarde|Zygarde|75/100
|move|p2a: Ditto|Stealth Rock|p1a: Zygarde
|-sidestart|p1: FoolyCooly54|move: Stealth Rock
|
|-weather|Sandstorm|[upkeep]
|-heal|p1a: Zygarde|82/100|[from] item: Leftovers
|upkeep
|turn|21
|
|t:|1630723293
|switch|p2a: Obstagoon|Obstagoon, F|17/100 brn
|move|p1a: Zygarde|Glare||[still]
|-fail|p1a: Zygarde
|
|-weather|Sandstorm|[upkeep]
|-damage|p2a: Obstagoon|11/100 brn|[from] Sandstorm
|-heal|p1a: Zygarde|88/100|[from] item: Leftovers
|-damage|p2a: Obstagoon|5/100 brn|[from] brn
|upkeep
|turn|22
|
|t:|1630723305
|move|p2a: Obstagoon|Facade|p1a: Zygarde
|-damage|p1a: Zygarde|26/100
|move|p1a: Zygarde|Coil|p1a: Zygarde
|-boost|p1a: Zygarde|atk|1
|-boost|p1a: Zygarde|def|1
|-boost|p1a: Zygarde|accuracy|1
|
|-weather|Sandstorm|[upkeep]
|-damage|p2a: Obstagoon|0 fnt|[from] Sandstorm
|faint|p2a: Obstagoon
|-heal|p1a: Zygarde|32/100|[from] item: Leftovers
|-activate|p1a: Zygarde|ability: Power Construct
|detailschange|p1a: Zygarde|Zygarde-Complete
|-heal|p1a: Zygarde|55/100|[silent]
|upkeep
|inactive|neptune732 has 120 seconds left.
|
|t:|1630723320
|switch|p2a: Reshiram|Reshiram|66/100
|-ability|p2a: Reshiram|Turboblaze
|turn|23
|
|t:|1630723327
|switch|p1a: Tyranitar|Tyranitar, M|82/100
|-damage|p1a: Tyranitar|70/100|[from] Stealth Rock
|move|p2a: Reshiram|Draco Meteor|p1a: Tyranitar
|-damage|p1a: Tyranitar|32/100
|-unboost|p2a: Reshiram|spa|2
|-damage|p2a: Reshiram|56/100|[from] item: Life Orb
|
|-weather|none
|upkeep
|turn|24
|
|t:|1630723338
|switch|p2a: Ditto|Ditto|100/100
|-transform|p2a: Ditto|p1a: Tyranitar|[from] ability: Imposter
|-weather|Sandstorm|[from] ability: Sand Stream|[of] p2a: Ditto
|move|p1a: Tyranitar|Earthquake|p2a: Ditto
|-supereffective|p2a: Ditto
|-damage|p2a: Ditto|25/100
|
|-weather|Sandstorm|[upkeep]
|upkeep
|turn|25
|inactive|neptune732 has 120 seconds left.
|
|t:|1630723380
|switch|p2a: Reshiram|Reshiram|56/100
|-ability|p2a: Reshiram|Turboblaze
|switch|p1a: Ferrothorn|Ferrothorn, M|95/100 brn
|-damage|p1a: Ferrothorn|89/100 brn|[from] Stealth Rock
|
|-weather|Sandstorm|[upkeep]
|-damage|p2a: Reshiram|50/100|[from] Sandstorm
|-damage|p1a: Ferrothorn|83/100 brn|[from] brn
|upkeep
|turn|26
|
|t:|1630723391
|move|p2a: Reshiram|Blue Flare|p1a: Ferrothorn|[miss]
|-miss|p2a: Reshiram|p1a: Ferrothorn
|move|p1a: Ferrothorn|Stealth Rock|p2a: Reshiram
|-sidestart|p2: neptune732|move: Stealth Rock
|
|-weather|Sandstorm|[upkeep]
|-damage|p2a: Reshiram|44/100|[from] Sandstorm
|-damage|p1a: Ferrothorn|77/100 brn|[from] brn
|upkeep
|turn|27
|
|t:|1630723399
|move|p2a: Reshiram|Blue Flare|p1a: Ferrothorn
|-supereffective|p1a: Ferrothorn
|-damage|p1a: Ferrothorn|0 fnt
|faint|p1a: Ferrothorn
|-damage|p2a: Reshiram|34/100|[from] item: Life Orb
|
|-weather|Sandstorm|[upkeep]
|-damage|p2a: Reshiram|27/100|[from] Sandstorm
|upkeep
|
|t:|1630723403
|switch|p1a: Tyranitar|Tyranitar, M|32/100
|-damage|p1a: Tyranitar|20/100|[from] Stealth Rock
|turn|28
|
|t:|1630723414
|move|p2a: Reshiram|Stone Edge|p1a: Tyranitar
|-damage|p1a: Tyranitar|0 fnt
|faint|p1a: Tyranitar
|-damage|p2a: Reshiram|18/100|[from] item: Life Orb
|
|-weather|none
|upkeep
|
|t:|1630723417
|switch|p1a: Zygarde|Zygarde-Complete|55/100
|-damage|p1a: Zygarde|49/100|[from] Stealth Rock
|turn|29
|
|t:|1630723423
|move|p2a: Reshiram|Draco Meteor|p1a: Zygarde
|-supereffective|p1a: Zygarde
|-damage|p1a: Zygarde|0 fnt
|-unboost|p2a: Reshiram|spa|2
|faint|p1a: Zygarde
|-damage|p2a: Reshiram|8/100|[from] item: Life Orb
|
|win|neptune732
|raw|FoolyCooly54's rating: 1443 &rarr; <strong>1431</strong><br />(-12 for losing)
|raw|neptune732's rating: 1580 &rarr; <strong>1592</strong><br />(+12 for winning)
|l|☆FoolyCooly54
|l|☆neptune732
