|j|☆Pkmn3443
|j|☆PokeDuels
|t:|1634165252
|gametype|singles
|player|p1|Pkmn3443|170|1590
|player|p2|PokeDuels|265|1732
|teamsize|p1|6
|teamsize|p2|6
|gen|8
|tier|[Gen 8] Ubers
|rated|
|rule|Sleep Clause Mod: Limit one foe put to sleep
|rule|Species Clause: Limit one of each Pokémon
|rule|OHKO Clause: OHKO moves are banned
|rule|Evasion Moves Clause: Evasion moves are banned
|rule|Endless Battle Clause: Forcing endless battles is banned
|rule|HP Percentage Mod: HP is shown in percentages
|rule|Dynamax Clause: You cannot dynamax
|clearpoke
|poke|p1|Calyrex-Shadow|
|poke|p1|Necrozma-Dusk-Mane|
|poke|p1|Ho-Oh|
|poke|p1|Eternatus|
|poke|p1|Ditto|
|poke|p1|Yveltal|
|poke|p2|Tyranitar, F|
|poke|p2|Zygarde|
|poke|p2|Necrozma-Dusk-Mane|
|poke|p2|Buzzwole|
|poke|p2|Eternatus|
|poke|p2|Ho-Oh|
|teampreview
|
|t:|1634165304
|start
|switch|p1a: Ditto|Ditto|100/100
|switch|p2a: Eternatus|Eternatus|100/100
|-ability|p2a: Eternatus|Pressure
|-transform|p1a: Ditto|p2a: Eternatus|[from] ability: Imposter
|-ability|p1a: Ditto|Pressure
|turn|1
|
|t:|1634165317
|switch|p1a: Necrozma|Necrozma-Dusk-Mane|100/100
|switch|p2a: Ho-Oh|Ho-Oh|100/100
|
|upkeep
|turn|2
|
|t:|1634165322
|switch|p2a: Zygarde|Zygarde|100/100
|switch|p1a: Ho-Oh|Ho-Oh|100/100
|
|upkeep
|turn|3
|
|t:|1634165325
|move|p2a: Zygarde|Glare|p1a: Ho-Oh
|-status|p1a: Ho-Oh|par
|move|p1a: Ho-Oh|Toxic|p2a: Zygarde
|-status|p2a: Zygarde|tox
|
|-damage|p2a: Zygarde|94/100 tox|[from] psn
|upkeep
|turn|4
|
|t:|1634165335
|switch|p1a: Calyrex|Calyrex-Shadow|100/100
|-ability|p1a: Calyrex|As One
|-ability|p1a: Calyrex|Unnerve
|move|p2a: Zygarde|Glare|p1a: Calyrex
|-status|p1a: Calyrex|par
|
|-heal|p2a: Zygarde|100/100 tox|[from] item: Leftovers
|-damage|p2a: Zygarde|88/100 tox|[from] psn
|upkeep
|turn|5
|
|t:|1634165338
|switch|p2a: Tyranitar|Tyranitar, F|100/100
|-weather|Sandstorm|[from] ability: Sand Stream|[of] p2a: Tyranitar
|move|p1a: Calyrex|Aromatherapy|p1a: Calyrex
|-activate|p1a: Calyrex|move: Aromatherapy
|-curestatus|p1a: Calyrex|par|[msg]
|-curestatus|p1: Ho-Oh|par|[msg]
|
|-weather|Sandstorm|[upkeep]
|-damage|p1a: Calyrex|94/100|[from] Sandstorm
|upkeep
|turn|6
|
|t:|1634165343
|switch|p1a: Eternatus|Eternatus|100/100
|-ability|p1a: Eternatus|Pressure
|move|p2a: Tyranitar|Stealth Rock|p1a: Eternatus
|-sidestart|p1: Pkmn3443|move: Stealth Rock
|
|-weather|Sandstorm|[upkeep]
|-damage|p1a: Eternatus|94/100|[from] Sandstorm
|-heal|p1a: Eternatus|100/100|[from] item: Black Sludge
|upkeep
|turn|7
|
|t:|1634165348
|switch|p2a: Necrozma|Necrozma-Dusk-Mane|100/100
|move|p1a: Eternatus|Toxic|p2a: Necrozma
|-immune|p2a: Necrozma
|
|-weather|Sandstorm|[upkeep]
|-damage|p1a: Eternatus|94/100|[from] Sandstorm
|-heal|p1a: Eternatus|100/100|[from] item: Black Sludge
|upkeep
|turn|8
|
|t:|1634165354
|switch|p1a: Ho-Oh|Ho-Oh|100/100
|move|p2a: Necrozma|Thunder Wave|p1a: Ho-Oh
|-status|p1a: Ho-Oh|par
|
|-weather|Sandstorm|[upkeep]
|-damage|p1a: Ho-Oh|94/100 par|[from] Sandstorm
|upkeep
|turn|9
|
|t:|1634165360
|switch|p2a: Zygarde|Zygarde|88/100 tox
|cant|p1a: Ho-Oh|par
|
|-weather|none
|-heal|p2a: Zygarde|94/100 tox|[from] item: Leftovers
|-damage|p2a: Zygarde|88/100 tox|[from] psn
|upkeep
|turn|10
|
|t:|1634165364
|move|p2a: Zygarde|Thousand Arrows|p1a: Ho-Oh
|-damage|p1a: Ho-Oh|73/100 par
|-start|p1a: Ho-Oh|Smack Down
|move|p1a: Ho-Oh|Defog|p2a: Zygarde
|-unboost|p2a: Zygarde|evasion|1
|-sideend|p1: Pkmn3443|Stealth Rock|[from] move: Defog|[of] p1a: Ho-Oh
|
|-heal|p2a: Zygarde|94/100 tox|[from] item: Leftovers
|-damage|p2a: Zygarde|82/100 tox|[from] psn
|upkeep
|turn|11
|
|t:|1634165373
|switch|p1a: Ditto|Ditto|100/100
|-transform|p1a: Ditto|p2a: Zygarde|[from] ability: Imposter
|move|p2a: Zygarde|Glare|p1a: Ditto
|-status|p1a: Ditto|par
|
|-heal|p2a: Zygarde|88/100 tox|[from] item: Leftovers
|-damage|p2a: Zygarde|70/100 tox|[from] psn
|upkeep
|turn|12
|
|t:|1634165382
|switch|p1a: Ho-Oh|Ho-Oh|100/100 par
|move|p2a: Zygarde|Rest|p2a: Zygarde
|-status|p2a: Zygarde|slp|[from] move: Rest
|-heal|p2a: Zygarde|100/100 slp|[silent]
|
|upkeep
|turn|13
|
|t:|1634165386
|switch|p1a: Calyrex|Calyrex-Shadow|94/100
|-ability|p1a: Calyrex|As One
|-ability|p1a: Calyrex|Unnerve
|cant|p2a: Zygarde|slp
|
|upkeep
|turn|14
|
|t:|1634165388
|switch|p2a: Tyranitar|Tyranitar, F|100/100
|-weather|Sandstorm|[from] ability: Sand Stream|[of] p2a: Tyranitar
|move|p1a: Calyrex|Aromatherapy|p1a: Calyrex
|-activate|p1a: Calyrex|move: Aromatherapy
|-curestatus|p1: Ditto|par|[msg]
|-curestatus|p1: Ho-Oh|par|[msg]
|
|-weather|Sandstorm|[upkeep]
|-damage|p1a: Calyrex|88/100|[from] Sandstorm
|upkeep
|turn|15
|
|t:|1634165392
|switch|p1a: Eternatus|Eternatus|100/100
|-ability|p1a: Eternatus|Pressure
|move|p2a: Tyranitar|Stealth Rock|p1a: Eternatus
|-sidestart|p1: Pkmn3443|move: Stealth Rock
|
|-weather|Sandstorm|[upkeep]
|-damage|p1a: Eternatus|94/100|[from] Sandstorm
|-heal|p1a: Eternatus|100/100|[from] item: Black Sludge
|upkeep
|turn|16
|
|t:|1634165400
|switch|p1a: Ho-Oh|Ho-Oh|100/100
|switch|p2a: Necrozma|Necrozma-Dusk-Mane|100/100
|
|-weather|Sandstorm|[upkeep]
|-damage|p1a: Ho-Oh|94/100|[from] Sandstorm
|upkeep
|turn|17
|
|t:|1634165409
|switch|p2a: Zygarde|Zygarde|100/100 slp
|move|p1a: Ho-Oh|Defog|p2a: Zygarde
|-unboost|p2a: Zygarde|evasion|1
|-sideend|p1: Pkmn3443|Stealth Rock|[from] move: Defog|[of] p1a: Ho-Oh
|
|-weather|Sandstorm|[upkeep]
|-damage|p1a: Ho-Oh|88/100|[from] Sandstorm
|upkeep
|turn|18
|
|t:|1634165416
|switch|p1a: Eternatus|Eternatus|100/100
|-ability|p1a: Eternatus|Pressure
|cant|p2a: Zygarde|slp
|
|-weather|none
|upkeep
|turn|19
|
|t:|1634165419
|switch|p1a: Ho-Oh|Ho-Oh|100/100
|switch|p2a: Necrozma|Necrozma-Dusk-Mane|100/100
|
|upkeep
|turn|20
|
|t:|1634165423
|switch|p2a: Zygarde|Zygarde|100/100 slp
|switch|p1a: Ditto|Ditto|100/100
|-transform|p1a: Ditto|p2a: Zygarde|[from] ability: Imposter
|
|upkeep
|turn|21
|
|t:|1634165428
|switch|p1a: Ho-Oh|Ho-Oh|100/100
|-curestatus|p2a: Zygarde|slp|[msg]
|move|p2a: Zygarde|Glare|p1a: Ho-Oh
|-status|p1a: Ho-Oh|par
|
|upkeep
|turn|22
|
|t:|1634165434
|move|p2a: Zygarde|Glare|p1a: Ho-Oh
|-fail|p1a: Ho-Oh|par
|move|p1a: Ho-Oh|Toxic|p2a: Zygarde
|-status|p2a: Zygarde|tox
|
|-damage|p2a: Zygarde|94/100 tox|[from] psn
|upkeep
|turn|23
|
|t:|1634165439
|move|p2a: Zygarde|Rest|p2a: Zygarde
|-status|p2a: Zygarde|slp|[from] move: Rest
|-heal|p2a: Zygarde|100/100 slp|[silent]
|cant|p1a: Ho-Oh|par
|
|upkeep
|turn|24
|
|t:|1634165441
|switch|p1a: Ditto|Ditto|100/100
|-transform|p1a: Ditto|p2a: Zygarde|[from] ability: Imposter
|cant|p2a: Zygarde|slp
|
|upkeep
|turn|25
|
|t:|1634165444
|move|p1a: Ditto|Thousand Arrows|p2a: Zygarde
|-damage|p2a: Zygarde|80/100 slp
|cant|p2a: Zygarde|slp
|
|-heal|p2a: Zygarde|86/100 slp|[from] item: Leftovers
|upkeep
|turn|26
|
|t:|1634165447
|switch|p1a: Ho-Oh|Ho-Oh|100/100 par
|-curestatus|p2a: Zygarde|slp|[msg]
|move|p2a: Zygarde|Glare|p1a: Ho-Oh
|-fail|p1a: Ho-Oh|par
|
|-heal|p2a: Zygarde|92/100|[from] item: Leftovers
|upkeep
|turn|27
|
|t:|1634165461
|switch|p1a: Ditto|Ditto|100/100
|-transform|p1a: Ditto|p2a: Zygarde|[from] ability: Imposter
|move|p2a: Zygarde|Rest|p2a: Zygarde
|-status|p2a: Zygarde|slp|[from] move: Rest
|-heal|p2a: Zygarde|100/100 slp|[silent]
|
|upkeep
|turn|28
|
|t:|1634165467
|move|p1a: Ditto|Thousand Arrows|p2a: Zygarde
|-damage|p2a: Zygarde|81/100 slp
|cant|p2a: Zygarde|slp
|
|-heal|p2a: Zygarde|87/100 slp|[from] item: Leftovers
|upkeep
|turn|29
|
|t:|1634165470
|move|p1a: Ditto|Thousand Arrows|p2a: Zygarde
|-damage|p2a: Zygarde|67/100 slp
|cant|p2a: Zygarde|slp
|
|-heal|p2a: Zygarde|73/100 slp|[from] item: Leftovers
|upkeep
|turn|30
|
|t:|1634165478
|switch|p1a: Ho-Oh|Ho-Oh|100/100 par
|switch|p2a: Buzzwole|Buzzwole|100/100
|
|upkeep
|turn|31
|
|t:|1634165485
|switch|p2a: Zygarde|Zygarde|73/100 slp
|switch|p1a: Necrozma|Necrozma-Dusk-Mane|100/100
|
|-heal|p2a: Zygarde|79/100 slp|[from] item: Leftovers
|upkeep
|turn|32
|
|t:|1634165490
|switch|p2a: Necrozma|Necrozma-Dusk-Mane|100/100
|switch|p1a: Ho-Oh|Ho-Oh|100/100 par
|
|upkeep
|turn|33
|
|t:|1634165496
|switch|p2a: Zygarde|Zygarde|79/100 slp
|switch|p1a: Eternatus|Eternatus|100/100
|-ability|p1a: Eternatus|Pressure
|
|-heal|p2a: Zygarde|85/100 slp|[from] item: Leftovers
|upkeep
|turn|34
|
|t:|1634165501
|switch|p1a: Ditto|Ditto|100/100
|-transform|p1a: Ditto|p2a: Zygarde|[from] ability: Imposter
|switch|p2a: Necrozma|Necrozma-Dusk-Mane|100/100
|
|upkeep
|turn|35
|
|t:|1634165508
|switch|p2a: Zygarde|Zygarde|85/100 slp
|move|p1a: Ditto|Thousand Arrows|p2a: Zygarde
|-damage|p2a: Zygarde|64/100 slp
|
|-heal|p2a: Zygarde|70/100 slp|[from] item: Leftovers
|upkeep
|turn|36
|
|t:|1634165512
|switch|p1a: Ho-Oh|Ho-Oh|100/100 par
|switch|p2a: Buzzwole|Buzzwole|100/100
|
|upkeep
|turn|37
|
|t:|1634165517
|switch|p2a: Zygarde|Zygarde|70/100 slp
|switch|p1a: Ditto|Ditto|100/100
|-transform|p1a: Ditto|p2a: Zygarde|[from] ability: Imposter
|
|-heal|p2a: Zygarde|76/100 slp|[from] item: Leftovers
|upkeep
|turn|38
|
|t:|1634165521
|move|p1a: Ditto|Thousand Arrows|p2a: Zygarde
|-damage|p2a: Zygarde|57/100 slp
|-curestatus|p2a: Zygarde|slp|[msg]
|move|p2a: Zygarde|Glare|p1a: Ditto
|-status|p1a: Ditto|par
|
|-heal|p2a: Zygarde|63/100|[from] item: Leftovers
|upkeep
|turn|39
|
|t:|1634165527
|switch|p2a: Ho-Oh|Ho-Oh|100/100
|cant|p1a: Ditto|par
|
|upkeep
|turn|40
|
|t:|1634165532
|switch|p1a: Ho-Oh|Ho-Oh|100/100 par
|move|p2a: Ho-Oh|Brave Bird|p1a: Ho-Oh
|-damage|p1a: Ho-Oh|54/100 par
|-damage|p2a: Ho-Oh|85/100|[from] Recoil
|
|upkeep
|turn|41
|
|t:|1634165537
|switch|p2a: Eternatus|Eternatus|100/100
|-ability|p2a: Eternatus|Pressure
|move|p1a: Ho-Oh|Toxic|p2a: Eternatus
|-immune|p2a: Eternatus
|
|upkeep
|turn|42
|
|t:|1634165554
|switch|p2a: Tyranitar|Tyranitar, F|100/100
|-weather|Sandstorm|[from] ability: Sand Stream|[of] p2a: Tyranitar
|switch|p1a: Necrozma|Necrozma-Dusk-Mane|100/100
|
|-weather|Sandstorm|[upkeep]
|upkeep
|turn|43
|
|t:|1634165561
|switch|p2a: Necrozma|Necrozma-Dusk-Mane|100/100
|move|p1a: Necrozma|Stealth Rock|p2a: Necrozma
|-sidestart|p2: PokeDuels|move: Stealth Rock
|
|-weather|Sandstorm|[upkeep]
|upkeep
|turn|44
|
|t:|1634165565
|switch|p1a: Ditto|Ditto|100/100 par
|-transform|p1a: Ditto|p2a: Necrozma|[from] ability: Imposter
|move|p2a: Necrozma|Stealth Rock|p1a: Ditto
|-sidestart|p1: Pkmn3443|move: Stealth Rock
|
|-weather|Sandstorm|[upkeep]
|upkeep
|turn|45
|
|t:|1634165574
|switch|p2a: Zygarde|Zygarde|63/100
|-damage|p2a: Zygarde|57/100|[from] Stealth Rock
|move|p1a: Ditto|Thunder Wave|p2a: Zygarde
|-immune|p2a: Zygarde
|
|-weather|Sandstorm|[upkeep]
|-heal|p2a: Zygarde|63/100|[from] item: Leftovers
|upkeep
|turn|46
|
|t:|1634165580
|switch|p1a: Ho-Oh|Ho-Oh|87/100 par
|move|p2a: Zygarde|Rest|p2a: Zygarde
|-status|p2a: Zygarde|slp|[from] move: Rest
|-heal|p2a: Zygarde|100/100 slp|[silent]
|
|-weather|none
|upkeep
|turn|47
|
|t:|1634165583
|switch|p1a: Ditto|Ditto|100/100 par
|-damage|p1a: Ditto|88/100 par|[from] Stealth Rock
|-transform|p1a: Ditto|p2a: Zygarde|[from] ability: Imposter
|cant|p2a: Zygarde|slp
|
|upkeep
|turn|48
|
|t:|1634165586
|cant|p2a: Zygarde|slp
|cant|p1a: Ditto|par
|
|upkeep
|turn|49
|
|t:|1634165588
|-curestatus|p2a: Zygarde|slp|[msg]
|move|p2a: Zygarde|Glare|p1a: Ditto
|-fail|p1a: Ditto|par
|move|p1a: Ditto|Rest|p1a: Ditto
|-status|p1a: Ditto|slp|[from] move: Rest
|-heal|p1a: Ditto|100/100 slp|[silent]
|
|upkeep
|turn|50
|
|t:|1634165593
|switch|p2a: Ho-Oh|Ho-Oh|100/100
|cant|p1a: Ditto|slp
|
|upkeep
|turn|51
|
|t:|1634165599
|switch|p1a: Ho-Oh|Ho-Oh|100/100 par
|move|p2a: Ho-Oh|Brave Bird|p1a: Ho-Oh
|-damage|p1a: Ho-Oh|55/100 par
|-damage|p2a: Ho-Oh|86/100|[from] Recoil
|
|upkeep
|turn|52
|
|t:|1634165607
|switch|p2a: Eternatus|Eternatus|100/100
|-ability|p2a: Eternatus|Pressure
|move|p1a: Ho-Oh|Defog|p2a: Eternatus
|-unboost|p2a: Eternatus|evasion|1
|-sideend|p2: PokeDuels|Stealth Rock|[from] move: Defog|[of] p1a: Ho-Oh
|-sideend|p1: Pkmn3443|Stealth Rock|[from] move: Defog|[of] p1a: Ho-Oh
|
|upkeep
|turn|53
|
|t:|1634165611
|switch|p2a: Ho-Oh|Ho-Oh|100/100
|switch|p1a: Necrozma|Necrozma-Dusk-Mane|100/100
|
|upkeep
|turn|54
|
|t:|1634165615
|switch|p2a: Necrozma|Necrozma-Dusk-Mane|100/100
|move|p1a: Necrozma|Stealth Rock|p2a: Necrozma
|-sidestart|p2: PokeDuels|move: Stealth Rock
|
|upkeep
|turn|55
|
|t:|1634165618
|move|p2a: Necrozma|Stealth Rock|p1a: Necrozma
|-sidestart|p1: Pkmn3443|move: Stealth Rock
|move|p1a: Necrozma|Knock Off|p2a: Necrozma
|-supereffective|p2a: Necrozma
|-damage|p2a: Necrozma|64/100
|-enditem|p2a: Necrozma|Leftovers|[from] move: Knock Off|[of] p1a: Necrozma
|
|upkeep
|turn|56
|
|t:|1634165621
|switch|p1a: Ditto|Ditto|100/100 slp
|-damage|p1a: Ditto|88/100 slp|[from] Stealth Rock
|-transform|p1a: Ditto|p2a: Necrozma|[from] ability: Imposter
|move|p2a: Necrozma|Thunder Wave||[still]
|-fail|p2a: Necrozma
|
|upkeep
|turn|57
|
|t:|1634165641
|switch|p2a: Zygarde|Zygarde|100/100
|-damage|p2a: Zygarde|94/100|[from] Stealth Rock
|cant|p1a: Ditto|slp
|
|-heal|p2a: Zygarde|100/100|[from] item: Leftovers
|upkeep
|turn|58
|
|t:|1634165654
|switch|p1a: Ho-Oh|Ho-Oh|88/100 par
|move|p2a: Zygarde|Haze|p2a: Zygarde
|-clearallboost
|
|upkeep
|turn|59
|
|t:|1634165666
|switch|p2a: Eternatus|Eternatus|100/100
|-ability|p2a: Eternatus|Pressure
|switch|p1a: Ditto|Ditto|88/100 slp
|-damage|p1a: Ditto|76/100 slp|[from] Stealth Rock
|-transform|p1a: Ditto|p2a: Eternatus|[from] ability: Imposter
|-ability|p1a: Ditto|Pressure
|
|upkeep
|turn|60
|
|t:|1634165673
|switch|p1a: Ho-Oh|Ho-Oh|100/100 par
|move|p2a: Eternatus|Draco Meteor|p1a: Ho-Oh
|-damage|p1a: Ho-Oh|68/100 par
|-unboost|p2a: Eternatus|spa|2
|
|upkeep
|turn|61
|
|t:|1634165682
|move|p2a: Eternatus|Toxic Spikes|p1a: Ho-Oh
|-sidestart|p1: Pkmn3443|move: Toxic Spikes
|move|p1a: Ho-Oh|Defog|p2a: Eternatus
|-unboost|p2a: Eternatus|evasion|1
|-sideend|p2: PokeDuels|Stealth Rock|[from] move: Defog|[of] p1a: Ho-Oh
|-sideend|p1: Pkmn3443|Toxic Spikes|[from] move: Defog|[of] p1a: Ho-Oh
|-sideend|p1: Pkmn3443|Stealth Rock|[from] move: Defog|[of] p1a: Ho-Oh
|
|upkeep
|turn|62
|
|t:|1634165688
|switch|p1a: Eternatus|Eternatus|100/100
|-ability|p1a: Eternatus|Pressure
|move|p2a: Eternatus|Toxic Spikes|p1a: Eternatus
|-sidestart|p1: Pkmn3443|move: Toxic Spikes
|
|upkeep
|turn|63
|
|t:|1634165697
|switch|p2a: Ho-Oh|Ho-Oh|100/100
|switch|p1a: Ditto|Ditto|76/100 slp
|-transform|p1a: Ditto|p2a: Ho-Oh|[from] ability: Imposter
|
|upkeep
|turn|64
|
|t:|1634165705
|switch|p1a: Ho-Oh|Ho-Oh|100/100 par
|move|p2a: Ho-Oh|Brave Bird|p1a: Ho-Oh
|-damage|p1a: Ho-Oh|56/100 par
|-damage|p2a: Ho-Oh|86/100|[from] Recoil
|
|upkeep
|turn|65
|
|t:|1634165711
|switch|p2a: Eternatus|Eternatus|100/100
|-ability|p2a: Eternatus|Pressure
|switch|p1a: Eternatus|Eternatus|100/100
|-sideend|p1: Pkmn3443|move: Toxic Spikes|[of] p1a: Eternatus
|-ability|p1a: Eternatus|Pressure
|
|upkeep
|turn|66
|
|t:|1634165715
|switch|p1a: Ho-Oh|Ho-Oh|89/100 par
|move|p2a: Eternatus|Toxic Spikes|p1a: Ho-Oh
|-sidestart|p1: Pkmn3443|move: Toxic Spikes
|
|upkeep
|turn|67
|
|t:|1634165721
|switch|p1a: Necrozma|Necrozma-Dusk-Mane|100/100
|move|p2a: Eternatus|Sludge Bomb|p1a: Necrozma
|-immune|p1a: Necrozma
|
|upkeep
|turn|68
|
|t:|1634165725
|switch|p2a: Necrozma|Necrozma-Dusk-Mane|64/100
|switch|p1a: Ho-Oh|Ho-Oh|100/100 par
|
|upkeep
|turn|69
|
|t:|1634165733
|switch|p2a: Tyranitar|Tyranitar, F|100/100
|-weather|Sandstorm|[from] ability: Sand Stream|[of] p2a: Tyranitar
|switch|p1a: Ditto|Ditto|100/100 slp
|-transform|p1a: Ditto|p2a: Tyranitar|[from] ability: Imposter
|
|-weather|Sandstorm|[upkeep]
|upkeep
|turn|70
|
|t:|1634165741
|-curestatus|p1a: Ditto|slp|[msg]
|move|p1a: Ditto|Stealth Rock|p2a: Tyranitar
|-sidestart|p2: PokeDuels|move: Stealth Rock
|move|p2a: Tyranitar|Stealth Rock|p1a: Ditto
|-sidestart|p1: Pkmn3443|move: Stealth Rock
|
|-weather|Sandstorm|[upkeep]
|upkeep
|turn|71
|
|t:|1634165753
|switch|p1a: Eternatus|Eternatus|100/100
|-sideend|p1: Pkmn3443|move: Toxic Spikes|[of] p1a: Eternatus
|-damage|p1a: Eternatus|88/100|[from] Stealth Rock
|-ability|p1a: Eternatus|Pressure
|move|p2a: Tyranitar|Stone Edge|p1a: Eternatus|[miss]
|-miss|p2a: Tyranitar|p1a: Eternatus
|
|-weather|Sandstorm|[upkeep]
|-damage|p1a: Eternatus|82/100|[from] Sandstorm
|-heal|p1a: Eternatus|88/100|[from] item: Black Sludge
|upkeep
|turn|72
|
|t:|1634165768
|switch|p1a: Ditto|Ditto|100/100
|-damage|p1a: Ditto|88/100|[from] Stealth Rock
|-transform|p1a: Ditto|p2a: Tyranitar|[from] ability: Imposter
|move|p2a: Tyranitar|Foul Play|p1a: Ditto
|-resisted|p1a: Ditto
|-damage|p1a: Ditto|71/100
|
|-weather|Sandstorm|[upkeep]
|upkeep
|turn|73
|
|t:|1634165773
|move|p1a: Ditto|Rest|p1a: Ditto
|-status|p1a: Ditto|slp|[from] move: Rest
|-heal|p1a: Ditto|100/100 slp|[silent]
|move|p2a: Tyranitar|Foul Play|p1a: Ditto
|-resisted|p1a: Ditto
|-damage|p1a: Ditto|84/100 slp
|
|-weather|none
|upkeep
|turn|74
|
|t:|1634165776
|cant|p1a: Ditto|slp
|move|p2a: Tyranitar|Foul Play|p1a: Ditto
|-resisted|p1a: Ditto
|-damage|p1a: Ditto|68/100 slp
|
|upkeep
|turn|75
|
|t:|1634165780
|cant|p1a: Ditto|slp
|move|p2a: Tyranitar|Rest|p2a: Tyranitar
|-fail|p2a: Tyranitar|heal
|
|upkeep
|turn|76
|
|t:|1634165785
|switch|p2a: Necrozma|Necrozma-Dusk-Mane|64/100
|-damage|p2a: Necrozma|58/100|[from] Stealth Rock
|-curestatus|p1a: Ditto|slp|[msg]
|move|p1a: Ditto|Rest|p1a: Ditto
|-status|p1a: Ditto|slp|[from] move: Rest
|-heal|p1a: Ditto|100/100 slp|[silent]
|
|upkeep
|turn|77
|
|t:|1634165795
|switch|p1a: Ho-Oh|Ho-Oh|100/100 par
|move|p2a: Necrozma|Moonlight|p2a: Necrozma
|-heal|p2a: Necrozma|100/100
|
|upkeep
|turn|78
|
|t:|1634165803
|switch|p2a: Zygarde|Zygarde|100/100
|-damage|p2a: Zygarde|94/100|[from] Stealth Rock
|switch|p1a: Ditto|Ditto|100/100 slp
|-damage|p1a: Ditto|88/100 slp|[from] Stealth Rock
|-transform|p1a: Ditto|p2a: Zygarde|[from] ability: Imposter
|
|-heal|p2a: Zygarde|100/100|[from] item: Leftovers
|upkeep
|turn|79
|
|t:|1634165817
|switch|p2a: Buzzwole|Buzzwole|100/100
|-damage|p2a: Buzzwole|88/100|[from] Stealth Rock
|cant|p1a: Ditto|slp
|
|-heal|p2a: Buzzwole|94/100|[from] item: Leftovers
|upkeep
|turn|80
|
|t:|1634165827
|switch|p1a: Necrozma|Necrozma-Dusk-Mane|100/100
|-damage|p1a: Necrozma|94/100|[from] Stealth Rock
|move|p2a: Buzzwole|Ice Punch|p1a: Necrozma
|-resisted|p1a: Necrozma
|-damage|p1a: Necrozma|88/100
|-damage|p2a: Buzzwole|78/100|[from] item: Rocky Helmet|[of] p1a: Necrozma
|
|-heal|p2a: Buzzwole|84/100|[from] item: Leftovers
|upkeep
|turn|81
|
|t:|1634165848
|switch|p2a: Tyranitar|Tyranitar, F|100/100
|-damage|p2a: Tyranitar|88/100|[from] Stealth Rock
|-weather|Sandstorm|[from] ability: Sand Stream|[of] p2a: Tyranitar
|move|p1a: Necrozma|Knock Off|p2a: Tyranitar
|-resisted|p2a: Tyranitar
|-damage|p2a: Tyranitar|78/100
|-enditem|p2a: Tyranitar|Macho Brace|[from] move: Knock Off|[of] p1a: Necrozma
|
|-weather|Sandstorm|[upkeep]
|upkeep
|turn|82
|
|t:|1634165862
|switch|p2a: Zygarde|Zygarde|100/100
|-damage|p2a: Zygarde|94/100|[from] Stealth Rock
|move|p1a: Necrozma|Knock Off|p2a: Zygarde
|-damage|p2a: Zygarde|71/100
|-enditem|p2a: Zygarde|Leftovers|[from] move: Knock Off|[of] p1a: Necrozma
|
|-weather|Sandstorm|[upkeep]
|upkeep
|turn|83
|
|t:|1634165873
|switch|p1a: Ho-Oh|Ho-Oh|100/100 par
|move|p2a: Zygarde|Rest|p2a: Zygarde
|-status|p2a: Zygarde|slp|[from] move: Rest
|-heal|p2a: Zygarde|100/100 slp|[silent]
|
|-weather|Sandstorm|[upkeep]
|-damage|p1a: Ho-Oh|94/100 par|[from] Sandstorm
|upkeep
|turn|84
|
|t:|1634165878
|switch|p1a: Ditto|Ditto|88/100 slp
|-damage|p1a: Ditto|76/100 slp|[from] Stealth Rock
|-transform|p1a: Ditto|p2a: Zygarde|[from] ability: Imposter
|cant|p2a: Zygarde|slp
|
|-weather|Sandstorm|[upkeep]
|upkeep
|turn|85
|
|t:|1634165884
|switch|p2a: Ho-Oh|Ho-Oh|100/100
|cant|p1a: Ditto|slp
|
|-weather|none
|upkeep
|turn|86
|
|t:|1634165893
|switch|p2a: Zygarde|Zygarde|100/100 slp
|-damage|p2a: Zygarde|94/100 slp|[from] Stealth Rock
|-curestatus|p1a: Ditto|slp|[msg]
|move|p1a: Ditto|Glare||[still]
|-fail|p1a: Ditto
|
|upkeep
|turn|87
|
|t:|1634165900
|switch|p1a: Ho-Oh|Ho-Oh|100/100 par
|switch|p2a: Tyranitar|Tyranitar, F|78/100
|-damage|p2a: Tyranitar|66/100|[from] Stealth Rock
|-weather|Sandstorm|[from] ability: Sand Stream|[of] p2a: Tyranitar
|
|-weather|Sandstorm|[upkeep]
|-damage|p1a: Ho-Oh|94/100 par|[from] Sandstorm
|upkeep
|turn|88
|
|t:|1634165906
|switch|p1a: Eternatus|Eternatus|88/100
|-damage|p1a: Eternatus|76/100|[from] Stealth Rock
|-ability|p1a: Eternatus|Pressure
|move|p2a: Tyranitar|Rest|p2a: Tyranitar
|-status|p2a: Tyranitar|slp|[from] move: Rest
|-heal|p2a: Tyranitar|100/100 slp|[silent]
|
|-weather|Sandstorm|[upkeep]
|-damage|p1a: Eternatus|70/100|[from] Sandstorm
|-heal|p1a: Eternatus|76/100|[from] item: Black Sludge
|upkeep
|turn|89
|
|t:|1634165911
|switch|p1a: Ditto|Ditto|76/100
|-damage|p1a: Ditto|63/100|[from] Stealth Rock
|-transform|p1a: Ditto|p2a: Tyranitar|[from] ability: Imposter
|cant|p2a: Tyranitar|slp
|
|-weather|Sandstorm|[upkeep]
|upkeep
|turn|90
|
|t:|1634165914
|move|p1a: Ditto|Rest|p1a: Ditto
|-status|p1a: Ditto|slp|[from] move: Rest
|-heal|p1a: Ditto|100/100 slp|[silent]
|cant|p2a: Tyranitar|slp
|
|-weather|Sandstorm|[upkeep]
|upkeep
|turn|91
|
|t:|1634165921
|switch|p2a: Ho-Oh|Ho-Oh|100/100
|cant|p1a: Ditto|slp
|
|-weather|none
|upkeep
|turn|92
|
|t:|1634165927
|cant|p1a: Ditto|slp
|move|p2a: Ho-Oh|Whirlwind|p1a: Ditto
|drag|p1a: Ho-Oh|Ho-Oh|100/100 par
|
|upkeep
|turn|93
|
|t:|1634165938
|switch|p2a: Zygarde|Zygarde|94/100 slp
|-damage|p2a: Zygarde|88/100 slp|[from] Stealth Rock
|move|p1a: Ho-Oh|Defog|p2a: Zygarde
|-unboost|p2a: Zygarde|evasion|1
|-sideend|p2: PokeDuels|Stealth Rock|[from] move: Defog|[of] p1a: Ho-Oh
|-sideend|p1: Pkmn3443|Stealth Rock|[from] move: Defog|[of] p1a: Ho-Oh
|
|upkeep
|turn|94
|
|t:|1634165949
|switch|p2a: Ho-Oh|Ho-Oh|100/100
|switch|p1a: Ditto|Ditto|100/100 slp
|-transform|p1a: Ditto|p2a: Ho-Oh|[from] ability: Imposter
|
|upkeep
|turn|95
|
|t:|1634165955
|switch|p1a: Ho-Oh|Ho-Oh|100/100 par
|move|p2a: Ho-Oh|Whirlwind|p1a: Ho-Oh
|drag|p1a: Calyrex|Calyrex-Shadow|88/100
|-ability|p1a: Calyrex|As One
|-ability|p1a: Calyrex|Unnerve
|
|upkeep
|turn|96
|
|t:|1634165961
|switch|p1a: Ho-Oh|Ho-Oh|100/100 par
|move|p2a: Ho-Oh|Brave Bird|p1a: Ho-Oh
|-damage|p1a: Ho-Oh|56/100 par
|-damage|p2a: Ho-Oh|86/100|[from] Recoil
|
|upkeep
|turn|97
|
|t:|1634165970
|switch|p1a: Eternatus|Eternatus|76/100
|-ability|p1a: Eternatus|Pressure
|move|p2a: Ho-Oh|Brave Bird|p1a: Eternatus
|-damage|p1a: Eternatus|28/100
|-damage|p2a: Ho-Oh|68/100|[from] Recoil
|
|-heal|p1a: Eternatus|35/100|[from] item: Black Sludge
|upkeep
|turn|98
|
|t:|1634165979
|switch|p2a: Tyranitar|Tyranitar, F|100/100 slp
|-weather|Sandstorm|[from] ability: Sand Stream|[of] p2a: Tyranitar
|move|p1a: Eternatus|Recover|p1a: Eternatus
|-heal|p1a: Eternatus|85/100
|
|-weather|Sandstorm|[upkeep]
|-damage|p1a: Eternatus|78/100|[from] Sandstorm
|-heal|p1a: Eternatus|85/100|[from] item: Black Sludge
|upkeep
|turn|99
|
|t:|1634166002
|switch|p2a: Eternatus|Eternatus|100/100
|-ability|p2a: Eternatus|Pressure
|move|p1a: Eternatus|Dynamax Cannon|p2a: Eternatus
|-supereffective|p2a: Eternatus
|-damage|p2a: Eternatus|44/100
|
|-weather|Sandstorm|[upkeep]
|-damage|p2a: Eternatus|37/100|[from] Sandstorm
|-damage|p1a: Eternatus|78/100|[from] Sandstorm
|-heal|p1a: Eternatus|85/100|[from] item: Black Sludge
|upkeep
|turn|100
|
|t:|1634166013
|switch|p2a: Tyranitar|Tyranitar, F|100/100 slp
|switch|p1a: Necrozma|Necrozma-Dusk-Mane|88/100
|
|-weather|Sandstorm|[upkeep]
|upkeep
|turn|101
|
|t:|1634166037
|switch|p2a: Eternatus|Eternatus|37/100
|-ability|p2a: Eternatus|Pressure
|move|p1a: Necrozma|Stealth Rock|p2a: Eternatus
|-sidestart|p2: PokeDuels|move: Stealth Rock
|
|-weather|Sandstorm|[upkeep]
|-damage|p2a: Eternatus|31/100|[from] Sandstorm
|upkeep
|turn|102
|
|t:|1634166041
|move|p2a: Eternatus|Recover|p2a: Eternatus
|-heal|p2a: Eternatus|81/100
|move|p1a: Necrozma|Knock Off|p2a: Eternatus
|-damage|p2a: Eternatus|56/100
|-enditem|p2a: Eternatus|Heavy-Duty Boots|[from] move: Knock Off|[of] p1a: Necrozma
|
|-weather|none
|upkeep
|turn|103
|
|t:|1634166051
|switch|p1a: Ho-Oh|Ho-Oh|90/100 par
|move|p2a: Eternatus|Recover|p2a: Eternatus
|-heal|p2a: Eternatus|100/100
|
|upkeep
|turn|104
|
|t:|1634166056
|switch|p1a: Necrozma|Necrozma-Dusk-Mane|88/100
|move|p2a: Eternatus|Toxic Spikes|p1a: Necrozma
|-sidestart|p1: Pkmn3443|move: Toxic Spikes
|
|upkeep
|turn|105
|
|t:|1634166068
|switch|p1a: Ho-Oh|Ho-Oh|100/100 par
|move|p2a: Eternatus|Toxic Spikes|p1a: Ho-Oh
|-sidestart|p1: Pkmn3443|move: Toxic Spikes
|
|upkeep
|turn|106
|
|t:|1634166074
|switch|p1a: Necrozma|Necrozma-Dusk-Mane|88/100
|move|p2a: Eternatus|Draco Meteor|p1a: Necrozma
|-resisted|p1a: Necrozma
|-damage|p1a: Necrozma|63/100
|-unboost|p2a: Eternatus|spa|2
|
|upkeep
|turn|107
|
|t:|1634166081
|move|p2a: Eternatus|Toxic Spikes||[still]
|-fail|p2a: Eternatus
|move|p1a: Necrozma|Morning Sun|p1a: Necrozma
|-heal|p1a: Necrozma|100/100
|
|upkeep
|turn|108
|
|t:|1634166084
|switch|p1a: Eternatus|Eternatus|85/100
|-sideend|p1: Pkmn3443|move: Toxic Spikes|[of] p1a: Eternatus
|-ability|p1a: Eternatus|Pressure
|move|p2a: Eternatus|Toxic Spikes|p1a: Eternatus
|-sidestart|p1: Pkmn3443|move: Toxic Spikes
|
|-heal|p1a: Eternatus|91/100|[from] item: Black Sludge
|upkeep
|turn|109
|
|t:|1634166088
|switch|p2a: Ho-Oh|Ho-Oh|100/100
|switch|p1a: Ho-Oh|Ho-Oh|100/100 par
|
|upkeep
|turn|110
|
|t:|1634166098
|switch|p1a: Eternatus|Eternatus|91/100
|-sideend|p1: Pkmn3443|move: Toxic Spikes|[of] p1a: Eternatus
|-ability|p1a: Eternatus|Pressure
|move|p2a: Ho-Oh|Whirlwind|p1a: Eternatus
|drag|p1a: Ditto|Ditto|100/100 slp
|-transform|p1a: Ditto|p2a: Ho-Oh|[from] ability: Imposter
|
|upkeep
|turn|111
|
|t:|1634166111
|-curestatus|p1a: Ditto|slp|[msg]
|move|p1a: Ditto|Whirlwind|p2a: Ho-Oh
|drag|p2a: Tyranitar|Tyranitar, F|100/100 slp
|-damage|p2a: Tyranitar|88/100 slp|[from] Stealth Rock
|-weather|Sandstorm|[from] ability: Sand Stream|[of] p2a: Tyranitar
|
|-weather|Sandstorm|[upkeep]
|-damage|p1a: Ditto|94/100|[from] Sandstorm
|upkeep
|turn|112
|
|t:|1634166121
|switch|p1a: Eternatus|Eternatus|91/100
|-ability|p1a: Eternatus|Pressure
|-curestatus|p2a: Tyranitar|slp|[msg]
|move|p2a: Tyranitar|Stealth Rock|p1a: Eternatus
|-sidestart|p1: Pkmn3443|move: Stealth Rock
|
|-weather|Sandstorm|[upkeep]
|-damage|p1a: Eternatus|85/100|[from] Sandstorm
|-heal|p1a: Eternatus|91/100|[from] item: Black Sludge
|upkeep
|turn|113
|
|t:|1634166134
|switch|p1a: Ditto|Ditto|100/100
|-damage|p1a: Ditto|88/100|[from] Stealth Rock
|-transform|p1a: Ditto|p2a: Tyranitar|[from] ability: Imposter
|move|p2a: Tyranitar|Rest|p2a: Tyranitar
|-status|p2a: Tyranitar|slp|[from] move: Rest
|-heal|p2a: Tyranitar|100/100 slp|[silent]
|
|-weather|Sandstorm|[upkeep]
|upkeep
|turn|114
|
|t:|1634166141
|switch|p2a: Buzzwole|Buzzwole|84/100
|-damage|p2a: Buzzwole|72/100|[from] Stealth Rock
|move|p1a: Ditto|Rest|p1a: Ditto
|-status|p1a: Ditto|slp|[from] move: Rest
|-heal|p1a: Ditto|100/100 slp|[silent]
|
|-weather|Sandstorm|[upkeep]
|-damage|p2a: Buzzwole|65/100|[from] Sandstorm
|-heal|p2a: Buzzwole|72/100|[from] item: Leftovers
|upkeep
|turn|115
|
|t:|1634166150
|switch|p1a: Necrozma|Necrozma-Dusk-Mane|100/100
|-damage|p1a: Necrozma|94/100|[from] Stealth Rock
|move|p2a: Buzzwole|Roost|p2a: Buzzwole
|-heal|p2a: Buzzwole|100/100
|-singleturn|p2a: Buzzwole|move: Roost
|
|-weather|none
|upkeep
|turn|116
|
|t:|1634166158
|switch|p2a: Zygarde|Zygarde|88/100 slp
|-damage|p2a: Zygarde|82/100 slp|[from] Stealth Rock
|move|p1a: Necrozma|Knock Off|p2a: Zygarde
|-damage|p2a: Zygarde|68/100 slp
|
|upkeep
|turn|117
|
|t:|1634166168
|switch|p1a: Ditto|Ditto|100/100 slp
|-damage|p1a: Ditto|88/100 slp|[from] Stealth Rock
|-transform|p1a: Ditto|p2a: Zygarde|[from] ability: Imposter
|cant|p2a: Zygarde|slp
|
|upkeep
|turn|118
|
|t:|1634166171
|cant|p1a: Ditto|slp
|-curestatus|p2a: Zygarde|slp|[msg]
|move|p2a: Zygarde|Rest|p2a: Zygarde
|-status|p2a: Zygarde|slp|[from] move: Rest
|-heal|p2a: Zygarde|100/100 slp|[silent]
|
|upkeep
|turn|119
|
|t:|1634166178
|cant|p1a: Ditto|slp
|cant|p2a: Zygarde|slp
|
|upkeep
|turn|120
|
|t:|1634166184
|-curestatus|p1a: Ditto|slp|[msg]
|move|p1a: Ditto|Thousand Arrows|p2a: Zygarde
|-damage|p2a: Zygarde|80/100 slp
|cant|p2a: Zygarde|slp
|
|upkeep
|turn|121
|
|t:|1634166193
|switch|p1a: Ho-Oh|Ho-Oh|100/100 par
|-curestatus|p2a: Zygarde|slp|[msg]
|move|p2a: Zygarde|Thousand Arrows|p1a: Ho-Oh
|-damage|p1a: Ho-Oh|78/100 par
|-start|p1a: Ho-Oh|Smack Down
|
|upkeep
|turn|122
|
|t:|1634166202
|switch|p1a: Ditto|Ditto|88/100
|-damage|p1a: Ditto|76/100|[from] Stealth Rock
|-transform|p1a: Ditto|p2a: Zygarde|[from] ability: Imposter
|move|p2a: Zygarde|Glare|p1a: Ditto
|-status|p1a: Ditto|par
|
|upkeep
|turn|123
|
|t:|1634166209
|switch|p2a: Ho-Oh|Ho-Oh|100/100
|move|p1a: Ditto|Rest|p1a: Ditto
|-status|p1a: Ditto|slp|[from] move: Rest
|-heal|p1a: Ditto|100/100 slp|[silent]
|
|upkeep
|turn|124
|
|t:|1634166217
|cant|p1a: Ditto|slp
|move|p2a: Ho-Oh|Whirlwind|p1a: Ditto
|drag|p1a: Eternatus|Eternatus|91/100
|-damage|p1a: Eternatus|78/100|[from] Stealth Rock
|-ability|p1a: Eternatus|Pressure
|
|-heal|p1a: Eternatus|85/100|[from] item: Black Sludge
|upkeep
|turn|125
|
|t:|1634166231
|switch|p2a: Necrozma|Necrozma-Dusk-Mane|100/100
|-damage|p2a: Necrozma|94/100|[from] Stealth Rock
|move|p1a: Eternatus|Toxic|p2a: Necrozma
|-immune|p2a: Necrozma
|
|-heal|p1a: Eternatus|91/100|[from] item: Black Sludge
|upkeep
|turn|126
|
|t:|1634166234
|switch|p1a: Ditto|Ditto|100/100 slp
|-damage|p1a: Ditto|88/100 slp|[from] Stealth Rock
|-transform|p1a: Ditto|p2a: Necrozma|[from] ability: Imposter
|move|p2a: Necrozma|Thunder Wave||[still]
|-fail|p2a: Necrozma
|
|upkeep
|turn|127
|
|t:|1634166246
|switch|p2a: Zygarde|Zygarde|80/100
|-damage|p2a: Zygarde|74/100|[from] Stealth Rock
|cant|p1a: Ditto|slp
|
|upkeep
|turn|128
|
|t:|1634166253
|switch|p1a: Ho-Oh|Ho-Oh|100/100 par
|move|p2a: Zygarde|Haze|p2a: Zygarde
|-clearallboost
|
|upkeep
|turn|129
|
|t:|1634166256
|switch|p1a: Ditto|Ditto|88/100 slp
|-damage|p1a: Ditto|76/100 slp|[from] Stealth Rock
|-transform|p1a: Ditto|p2a: Zygarde|[from] ability: Imposter
|move|p2a: Zygarde|Haze|p2a: Zygarde
|-clearallboost
|
|upkeep
|turn|130
|
|t:|1634166262
|switch|p2a: Ho-Oh|Ho-Oh|100/100
|-curestatus|p1a: Ditto|slp|[msg]
|move|p1a: Ditto|Rest|p1a: Ditto
|-status|p1a: Ditto|slp|[from] move: Rest
|-heal|p1a: Ditto|100/100 slp|[silent]
|
|upkeep
|turn|131
|
|t:|1634166266
|cant|p1a: Ditto|slp
|move|p2a: Ho-Oh|Whirlwind|p1a: Ditto
|drag|p1a: Necrozma|Necrozma-Dusk-Mane|94/100
|-damage|p1a: Necrozma|88/100|[from] Stealth Rock
|
|upkeep
|turn|132
|
|t:|1634166279
|switch|p2a: Zygarde|Zygarde|74/100
|-damage|p2a: Zygarde|68/100|[from] Stealth Rock
|move|p1a: Necrozma|Knock Off|p2a: Zygarde
|-damage|p2a: Zygarde|53/100
|
|upkeep
|turn|133
|
|t:|1634166306
|switch|p1a: Ho-Oh|Ho-Oh|100/100 par
|move|p2a: Zygarde|Rest|p2a: Zygarde
|-status|p2a: Zygarde|slp|[from] move: Rest
|-heal|p2a: Zygarde|100/100 slp|[silent]
|
|upkeep
|turn|134
|inactive|Battle timer is ON: inactive players will automatically lose when time's up. (requested by PokeDuels)
|
|t:|1634166310
|switch|p1a: Ditto|Ditto|100/100 slp
|-damage|p1a: Ditto|88/100 slp|[from] Stealth Rock
|-transform|p1a: Ditto|p2a: Zygarde|[from] ability: Imposter
|cant|p2a: Zygarde|slp
|
|upkeep
|turn|135
|
|t:|1634166317
|switch|p2a: Ho-Oh|Ho-Oh|100/100
|cant|p1a: Ditto|slp
|
|upkeep
|turn|136
|
|t:|1634166323
|switch|p2a: Zygarde|Zygarde|100/100 slp
|-damage|p2a: Zygarde|94/100 slp|[from] Stealth Rock
|-curestatus|p1a: Ditto|slp|[msg]
|move|p1a: Ditto|Glare||[still]
|-fail|p1a: Ditto
|
|upkeep
|turn|137
|j| equenimeus
|
|t:|1634166332
|switch|p2a: Tyranitar|Tyranitar, F|100/100 slp
|-damage|p2a: Tyranitar|88/100 slp|[from] Stealth Rock
|-weather|Sandstorm|[from] ability: Sand Stream|[of] p2a: Tyranitar
|move|p1a: Ditto|Glare||[still]
|-fail|p1a: Ditto
|
|-weather|Sandstorm|[upkeep]
|upkeep
|turn|138
|
|t:|1634166339
|switch|p1a: Ho-Oh|Ho-Oh|100/100 par
|switch|p2a: Zygarde|Zygarde|94/100 slp
|-damage|p2a: Zygarde|88/100 slp|[from] Stealth Rock
|
|-weather|Sandstorm|[upkeep]
|-damage|p1a: Ho-Oh|94/100 par|[from] Sandstorm
|upkeep
|turn|139
|
|t:|1634166344
|switch|p2a: Tyranitar|Tyranitar, F|88/100 slp
|-damage|p2a: Tyranitar|76/100 slp|[from] Stealth Rock
|switch|p1a: Ditto|Ditto|88/100
|-damage|p1a: Ditto|76/100|[from] Stealth Rock
|-transform|p1a: Ditto|p2a: Tyranitar|[from] ability: Imposter
|
|-weather|Sandstorm|[upkeep]
|upkeep
|turn|140
|
|t:|1634166351
|move|p1a: Ditto|Foul Play|p2a: Tyranitar
|-resisted|p2a: Tyranitar
|-damage|p2a: Tyranitar|64/100 slp
|cant|p2a: Tyranitar|slp
|
|-weather|Sandstorm|[upkeep]
|upkeep
|turn|141
|
|t:|1634166357
|move|p1a: Ditto|Foul Play|p2a: Tyranitar
|-resisted|p2a: Tyranitar
|-damage|p2a: Tyranitar|51/100 slp
|cant|p2a: Tyranitar|slp
|
|-weather|none
|upkeep
|turn|142
|
|t:|1634166361
|switch|p1a: Eternatus|Eternatus|91/100
|-damage|p1a: Eternatus|78/100|[from] Stealth Rock
|-ability|p1a: Eternatus|Pressure
|-curestatus|p2a: Tyranitar|slp|[msg]
|move|p2a: Tyranitar|Rest|p2a: Tyranitar
|-status|p2a: Tyranitar|slp|[from] move: Rest
|-heal|p2a: Tyranitar|100/100 slp|[silent]
|
|-heal|p1a: Eternatus|85/100|[from] item: Black Sludge
|upkeep
|turn|143
|
|t:|1634166387
|switch|p1a: Ditto|Ditto|76/100
|-damage|p1a: Ditto|63/100|[from] Stealth Rock
|-transform|p1a: Ditto|p2a: Tyranitar|[from] ability: Imposter
|-weather|Sandstorm|[from] ability: Sand Stream|[of] p1a: Ditto
|switch|p2a: Necrozma|Necrozma-Dusk-Mane|94/100
|-damage|p2a: Necrozma|88/100|[from] Stealth Rock
|
|-weather|Sandstorm|[upkeep]
|upkeep
|turn|144
|
|t:|1634166396
|switch|p1a: Ho-Oh|Ho-Oh|100/100 par
|move|p2a: Necrozma|Sunsteel Strike|p1a: Ho-Oh
|-resisted|p1a: Ho-Oh
|-damage|p1a: Ho-Oh|84/100 par
|
|-weather|Sandstorm|[upkeep]
|-damage|p1a: Ho-Oh|78/100 par|[from] Sandstorm
|upkeep
|turn|145
|
|t:|1634166406
|switch|p2a: Ho-Oh|Ho-Oh|100/100
|switch|p1a: Ditto|Ditto|63/100
|-damage|p1a: Ditto|51/100|[from] Stealth Rock
|-transform|p1a: Ditto|p2a: Ho-Oh|[from] ability: Imposter
|
|-weather|Sandstorm|[upkeep]
|-damage|p1a: Ditto|45/100|[from] Sandstorm
|-damage|p2a: Ho-Oh|94/100|[from] Sandstorm
|upkeep
|turn|146
|inactive|PokeDuels has 120 seconds left.
|
|t:|1634166418
|switch|p1a: Ho-Oh|Ho-Oh|100/100 par
|move|p2a: Ho-Oh|Brave Bird|p1a: Ho-Oh
|-damage|p1a: Ho-Oh|58/100 par
|-damage|p2a: Ho-Oh|80/100|[from] Recoil
|
|-weather|Sandstorm|[upkeep]
|-damage|p2a: Ho-Oh|74/100|[from] Sandstorm
|-damage|p1a: Ho-Oh|52/100 par|[from] Sandstorm
|upkeep
|turn|147
|
|t:|1634166431
|move|p2a: Ho-Oh|Brave Bird|p1a: Ho-Oh
|-damage|p1a: Ho-Oh|10/100 par
|-damage|p2a: Ho-Oh|60/100|[from] Recoil
|cant|p1a: Ho-Oh|par
|
|-weather|none
|upkeep
|turn|148
|
|t:|1634166440
|switch|p1a: Eternatus|Eternatus|85/100
|-damage|p1a: Eternatus|72/100|[from] Stealth Rock
|-ability|p1a: Eternatus|Pressure
|move|p2a: Ho-Oh|Sacred Fire|p1a: Eternatus
|-resisted|p1a: Eternatus
|-damage|p1a: Eternatus|51/100
|
|-heal|p1a: Eternatus|57/100|[from] item: Black Sludge
|upkeep
|turn|149
|inactive|PokeDuels has 120 seconds left.
|
|t:|1634166450
|switch|p2a: Tyranitar|Tyranitar, F|100/100 slp
|-damage|p2a: Tyranitar|88/100 slp|[from] Stealth Rock
|-weather|Sandstorm|[from] ability: Sand Stream|[of] p2a: Tyranitar
|move|p1a: Eternatus|Recover|p1a: Eternatus
|-heal|p1a: Eternatus|100/100
|
|-weather|Sandstorm|[upkeep]
|-damage|p1a: Eternatus|94/100|[from] Sandstorm
|-heal|p1a: Eternatus|100/100|[from] item: Black Sludge
|upkeep
|turn|150
|inactive|PokeDuels has 120 seconds left.
|
|t:|1634166456
|switch|p1a: Ditto|Ditto|78/100
|-damage|p1a: Ditto|66/100|[from] Stealth Rock
|-transform|p1a: Ditto|p2a: Tyranitar|[from] ability: Imposter
|switch|p2a: Ho-Oh|Ho-Oh|94/100
|
|-weather|Sandstorm|[upkeep]
|-damage|p2a: Ho-Oh|87/100|[from] Sandstorm
|upkeep
|turn|151
|inactive|PokeDuels has 120 seconds left.
|
|t:|1634166462
|switch|p2a: Eternatus|Eternatus|100/100
|-damage|p2a: Eternatus|88/100|[from] Stealth Rock
|-ability|p2a: Eternatus|Pressure
|move|p1a: Ditto|Rest|p1a: Ditto
|-status|p1a: Ditto|slp|[from] move: Rest
|-heal|p1a: Ditto|100/100 slp|[silent]
|
|-weather|Sandstorm|[upkeep]
|-damage|p2a: Eternatus|82/100|[from] Sandstorm
|upkeep
|turn|152
|inactive|PokeDuels has 120 seconds left.
|
|t:|1634166476
|switch|p2a: Ho-Oh|Ho-Oh|100/100
|switch|p1a: Necrozma|Necrozma-Dusk-Mane|88/100
|-damage|p1a: Necrozma|82/100|[from] Stealth Rock
|
|-weather|Sandstorm|[upkeep]
|-damage|p2a: Ho-Oh|94/100|[from] Sandstorm
|upkeep
|turn|153
|l| equenimeus
|inactive|PokeDuels has 120 seconds left.
|
|t:|1634166486
|switch|p2a: Buzzwole|Buzzwole|100/100
|-damage|p2a: Buzzwole|88/100|[from] Stealth Rock
|switch|p1a: Eternatus|Eternatus|100/100
|-damage|p1a: Eternatus|88/100|[from] Stealth Rock
|-ability|p1a: Eternatus|Pressure
|
|-weather|none
|-heal|p1a: Eternatus|94/100|[from] item: Black Sludge
|-heal|p2a: Buzzwole|94/100|[from] item: Leftovers
|upkeep
|turn|154
|
|t:|1634166497
|switch|p1a: Necrozma|Necrozma-Dusk-Mane|82/100
|-damage|p1a: Necrozma|76/100|[from] Stealth Rock
|switch|p2a: Tyranitar|Tyranitar, F|88/100 slp
|-damage|p2a: Tyranitar|76/100 slp|[from] Stealth Rock
|-weather|Sandstorm|[from] ability: Sand Stream|[of] p2a: Tyranitar
|
|-weather|Sandstorm|[upkeep]
|upkeep
|turn|155
|
|t:|1634166506
|switch|p1a: Ho-Oh|Ho-Oh|44/100 par
|switch|p2a: Zygarde|Zygarde|88/100 slp
|-damage|p2a: Zygarde|82/100 slp|[from] Stealth Rock
|
|-weather|Sandstorm|[upkeep]
|-damage|p1a: Ho-Oh|38/100 par|[from] Sandstorm
|upkeep
|turn|156
|
|t:|1634166510
|switch|p1a: Ditto|Ditto|100/100 slp
|-damage|p1a: Ditto|88/100 slp|[from] Stealth Rock
|-transform|p1a: Ditto|p2a: Zygarde|[from] ability: Imposter
|cant|p2a: Zygarde|slp
|
|-weather|Sandstorm|[upkeep]
|upkeep
|turn|157
|
|t:|1634166517
|switch|p2a: Ho-Oh|Ho-Oh|100/100
|cant|p1a: Ditto|slp
|
|-weather|Sandstorm|[upkeep]
|-damage|p2a: Ho-Oh|94/100|[from] Sandstorm
|upkeep
|turn|158
|
|t:|1634166524
|cant|p1a: Ditto|slp
|move|p2a: Ho-Oh|Brave Bird|p1a: Ditto
|-damage|p1a: Ditto|38/100 slp
|-damage|p2a: Ho-Oh|82/100|[from] Recoil
|
|-weather|none
|upkeep
|turn|159
|
|t:|1634166533
|switch|p1a: Ho-Oh|Ho-Oh|71/100 par
|move|p2a: Ho-Oh|Sacred Fire|p1a: Ho-Oh
|-resisted|p1a: Ho-Oh
|-damage|p1a: Ho-Oh|54/100 par
|
|upkeep
|turn|160
|
|t:|1634166541
|switch|p1a: Eternatus|Eternatus|94/100
|-damage|p1a: Eternatus|82/100|[from] Stealth Rock
|-ability|p1a: Eternatus|Pressure
|move|p2a: Ho-Oh|Brave Bird|p1a: Eternatus
|-damage|p1a: Eternatus|31/100
|-damage|p2a: Ho-Oh|63/100|[from] Recoil
|
|-heal|p1a: Eternatus|37/100|[from] item: Black Sludge
|upkeep
|turn|161
|inactive|PokeDuels has 120 seconds left.
|
|t:|1634166550
|move|p1a: Eternatus|Recover|p1a: Eternatus
|-heal|p1a: Eternatus|87/100
|move|p2a: Ho-Oh|Sacred Fire|p1a: Eternatus
|-resisted|p1a: Eternatus
|-damage|p1a: Eternatus|68/100
|-status|p1a: Eternatus|brn
|
|-heal|p1a: Eternatus|74/100 brn|[from] item: Black Sludge
|-damage|p1a: Eternatus|68/100 brn|[from] brn
|upkeep
|turn|162
|inactive|PokeDuels has 120 seconds left.
|
|t:|1634166564
|switch|p2a: Tyranitar|Tyranitar, F|76/100 slp
|-damage|p2a: Tyranitar|63/100 slp|[from] Stealth Rock
|-weather|Sandstorm|[from] ability: Sand Stream|[of] p2a: Tyranitar
|move|p1a: Eternatus|Recover|p1a: Eternatus
|-heal|p1a: Eternatus|100/100 brn
|
|-weather|Sandstorm|[upkeep]
|-damage|p1a: Eternatus|94/100 brn|[from] Sandstorm
|-heal|p1a: Eternatus|100/100 brn|[from] item: Black Sludge
|-damage|p1a: Eternatus|94/100 brn|[from] brn
|upkeep
|turn|163
|
|t:|1634166569
|switch|p1a: Calyrex|Calyrex-Shadow|88/100
|-ability|p1a: Calyrex|As One
|-ability|p1a: Calyrex|Unnerve
|-damage|p1a: Calyrex|76/100|[from] Stealth Rock
|cant|p2a: Tyranitar|slp
|
|-weather|Sandstorm|[upkeep]
|-damage|p1a: Calyrex|70/100|[from] Sandstorm
|upkeep
|turn|164
|
|t:|1634166575
|move|p1a: Calyrex|Aromatherapy|p1a: Calyrex
|-activate|p1a: Calyrex|move: Aromatherapy
|-curestatus|p1: Ho-Oh|par|[msg]
|-curestatus|p1: Ditto|slp|[msg]
|-curestatus|p1: Eternatus|brn|[msg]
|cant|p2a: Tyranitar|slp
|
|-weather|Sandstorm|[upkeep]
|-damage|p1a: Calyrex|64/100|[from] Sandstorm
|upkeep
|turn|165
|inactive|PokeDuels has 120 seconds left.
|
|t:|1634166595
|switch|p1a: Eternatus|Eternatus|94/100
|-damage|p1a: Eternatus|82/100|[from] Stealth Rock
|-ability|p1a: Eternatus|Pressure
|-curestatus|p2a: Tyranitar|slp|[msg]
|move|p2a: Tyranitar|Foul Play|p1a: Eternatus
|-damage|p1a: Eternatus|66/100
|
|-weather|Sandstorm|[upkeep]
|-damage|p1a: Eternatus|60/100|[from] Sandstorm
|-heal|p1a: Eternatus|66/100|[from] item: Black Sludge
|upkeep
|turn|166
|inactive|PokeDuels has 120 seconds left.
|
|t:|1634166610
|move|p1a: Eternatus|Toxic|p2a: Tyranitar
|-status|p2a: Tyranitar|tox
|move|p2a: Tyranitar|Foul Play|p1a: Eternatus
|-damage|p1a: Eternatus|49/100
|
|-weather|none
|-heal|p1a: Eternatus|55/100|[from] item: Black Sludge
|-damage|p2a: Tyranitar|57/100 tox|[from] psn
|upkeep
|turn|167
|inactive|PokeDuels has 120 seconds left.
|
|t:|1634166622
|move|p1a: Eternatus|Dynamax Cannon|p2a: Tyranitar
|-damage|p2a: Tyranitar|20/100 tox
|move|p2a: Tyranitar|Rest|p2a: Tyranitar
|-status|p2a: Tyranitar|slp|[from] move: Rest
|-heal|p2a: Tyranitar|100/100 slp|[silent]
|
|-heal|p1a: Eternatus|61/100|[from] item: Black Sludge
|upkeep
|turn|168
|
|t:|1634166629
|switch|p2a: Necrozma|Necrozma-Dusk-Mane|88/100
|-damage|p2a: Necrozma|82/100|[from] Stealth Rock
|move|p1a: Eternatus|Flamethrower|p2a: Necrozma
|-supereffective|p2a: Necrozma
|-damage|p2a: Necrozma|54/100
|-status|p2a: Necrozma|brn
|
|-heal|p1a: Eternatus|68/100|[from] item: Black Sludge
|-damage|p2a: Necrozma|48/100 brn|[from] brn
|upkeep
|turn|169
|inactive|Pkmn3443 has 120 seconds left.
|
|t:|1634166640
|move|p1a: Eternatus|Flamethrower|p2a: Necrozma
|-supereffective|p2a: Necrozma
|-damage|p2a: Necrozma|22/100 brn
|move|p2a: Necrozma|Thunder Wave|p1a: Eternatus
|-status|p1a: Eternatus|par
|
|-heal|p1a: Eternatus|74/100 par|[from] item: Black Sludge
|-damage|p2a: Necrozma|16/100 brn|[from] brn
|upkeep
|turn|170
|inactive|Pkmn3443 has 120 seconds left.
|
|t:|1634166651
|switch|p1a: Ditto|Ditto|38/100
|-damage|p1a: Ditto|25/100|[from] Stealth Rock
|-transform|p1a: Ditto|p2a: Necrozma|[from] ability: Imposter
|move|p2a: Necrozma|Moonlight|p2a: Necrozma
|-heal|p2a: Necrozma|66/100 brn
|
|-damage|p2a: Necrozma|60/100 brn|[from] brn
|upkeep
|turn|171
|
|t:|1634166658
|move|p1a: Ditto|Moonlight|p1a: Ditto
|-heal|p1a: Ditto|75/100
|move|p2a: Necrozma|Thunder Wave|p1a: Ditto
|-status|p1a: Ditto|par
|
|-damage|p2a: Necrozma|54/100 brn|[from] brn
|upkeep
|turn|172
|inactive|Pkmn3443 has 120 seconds left.
|
|t:|1634166664
|switch|p2a: Ho-Oh|Ho-Oh|96/100
|cant|p1a: Ditto|par
|
|upkeep
|turn|173
|inactive|Pkmn3443 has 120 seconds left.
|inactive|PokeDuels has 120 seconds left.
|
|t:|1634166680
|switch|p1a: Ho-Oh|Ho-Oh|87/100
|move|p2a: Ho-Oh|Brave Bird|p1a: Ho-Oh
|-damage|p1a: Ho-Oh|47/100
|-damage|p2a: Ho-Oh|82/100|[from] Recoil
|
|upkeep
|turn|174
|inactive|Pkmn3443 has 120 seconds left.
|inactive|PokeDuels has 120 seconds left.
|
|t:|1634166692
|switch|p2a: Tyranitar|Tyranitar, F|100/100 slp
|-damage|p2a: Tyranitar|88/100 slp|[from] Stealth Rock
|-weather|Sandstorm|[from] ability: Sand Stream|[of] p2a: Tyranitar
|move|p1a: Ho-Oh|Toxic||[still]
|-fail|p1a: Ho-Oh
|
|-weather|Sandstorm|[upkeep]
|-damage|p1a: Ho-Oh|41/100|[from] Sandstorm
|upkeep
|turn|175
|inactive|PokeDuels has 120 seconds left.
|
|t:|1634166697
|switch|p1a: Calyrex|Calyrex-Shadow|64/100
|-ability|p1a: Calyrex|As One
|-ability|p1a: Calyrex|Unnerve
|-damage|p1a: Calyrex|51/100|[from] Stealth Rock
|switch|p2a: Ho-Oh|Ho-Oh|100/100
|
|-weather|Sandstorm|[upkeep]
|-damage|p1a: Calyrex|45/100|[from] Sandstorm
|-damage|p2a: Ho-Oh|94/100|[from] Sandstorm
|upkeep
|turn|176
|inactive|Pkmn3443 has 120 seconds left.
|inactive|PokeDuels has 120 seconds left.
|
|t:|1634166709
|switch|p1a: Ho-Oh|Ho-Oh|75/100
|move|p2a: Ho-Oh|Brave Bird|p1a: Ho-Oh
|-damage|p1a: Ho-Oh|30/100
|-damage|p2a: Ho-Oh|80/100|[from] Recoil
|
|-weather|Sandstorm|[upkeep]
|-damage|p2a: Ho-Oh|73/100|[from] Sandstorm
|-damage|p1a: Ho-Oh|24/100|[from] Sandstorm
|upkeep
|turn|177
|
|t:|1634166726
|switch|p1a: Eternatus|Eternatus|74/100 par
|-damage|p1a: Eternatus|61/100 par|[from] Stealth Rock
|-ability|p1a: Eternatus|Pressure
|move|p2a: Ho-Oh|Whirlwind|p1a: Eternatus
|drag|p1a: Calyrex|Calyrex-Shadow|45/100
|-ability|p1a: Calyrex|As One
|-ability|p1a: Calyrex|Unnerve
|-damage|p1a: Calyrex|33/100|[from] Stealth Rock
|
|-weather|Sandstorm|[upkeep]
|-damage|p1a: Calyrex|27/100|[from] Sandstorm
|-damage|p2a: Ho-Oh|67/100|[from] Sandstorm
|upkeep
|turn|178
|
|t:|1634166740
|move|p1a: Calyrex|Aromatherapy|p1a: Calyrex
|-activate|p1a: Calyrex|move: Aromatherapy
|-curestatus|p1: Ditto|par|[msg]
|-curestatus|p1: Eternatus|par|[msg]
|move|p2a: Ho-Oh|Brave Bird|p1a: Calyrex
|-crit|p1a: Calyrex
|-damage|p1a: Calyrex|0 fnt
|faint|p1a: Calyrex
|-damage|p2a: Ho-Oh|60/100|[from] Recoil
|
|-weather|none
|upkeep
|j| Phlippp
|
|t:|1634166745
|switch|p1a: Eternatus|Eternatus|61/100
|-damage|p1a: Eternatus|49/100|[from] Stealth Rock
|-ability|p1a: Eternatus|Pressure
|turn|179
|
|t:|1634166751
|switch|p2a: Tyranitar|Tyranitar, F|88/100 slp
|-damage|p2a: Tyranitar|76/100 slp|[from] Stealth Rock
|-weather|Sandstorm|[from] ability: Sand Stream|[of] p2a: Tyranitar
|move|p1a: Eternatus|Recover|p1a: Eternatus
|-heal|p1a: Eternatus|99/100
|
|-weather|Sandstorm|[upkeep]
|-damage|p1a: Eternatus|93/100|[from] Sandstorm
|-heal|p1a: Eternatus|99/100|[from] item: Black Sludge
|upkeep
|turn|180
|
|t:|1634166756
|switch|p1a: Ho-Oh|Ho-Oh|58/100
|cant|p2a: Tyranitar|slp
|
|-weather|Sandstorm|[upkeep]
|-damage|p1a: Ho-Oh|52/100|[from] Sandstorm
|upkeep
|turn|181
|
|t:|1634166759
|switch|p1a: Ditto|Ditto|75/100
|-damage|p1a: Ditto|63/100|[from] Stealth Rock
|-transform|p1a: Ditto|p2a: Tyranitar|[from] ability: Imposter
|cant|p2a: Tyranitar|slp
|
|-weather|Sandstorm|[upkeep]
|upkeep
|turn|182
|
|t:|1634166764
|move|p1a: Ditto|Rest|p1a: Ditto
|-status|p1a: Ditto|slp|[from] move: Rest
|-heal|p1a: Ditto|100/100 slp|[silent]
|-curestatus|p2a: Tyranitar|slp|[msg]
|move|p2a: Tyranitar|Foul Play|p1a: Ditto
|-resisted|p1a: Ditto
|-damage|p1a: Ditto|82/100 slp
|
|-weather|Sandstorm|[upkeep]
|upkeep
|turn|183
|
|t:|1634166768
|cant|p1a: Ditto|slp
|move|p2a: Tyranitar|Foul Play|p1a: Ditto
|-resisted|p1a: Ditto
|-damage|p1a: Ditto|64/100 slp
|
|-weather|none
|upkeep
|turn|184
|
|t:|1634166776
|switch|p2a: Necrozma|Necrozma-Dusk-Mane|54/100 brn
|-damage|p2a: Necrozma|48/100 brn|[from] Stealth Rock
|cant|p1a: Ditto|slp
|
|-damage|p2a: Necrozma|42/100 brn|[from] brn
|upkeep
|turn|185
|
|t:|1634166786
|switch|p1a: Ho-Oh|Ho-Oh|85/100
|move|p2a: Necrozma|Moonlight|p2a: Necrozma
|-heal|p2a: Necrozma|92/100 brn
|
|-damage|p2a: Necrozma|86/100 brn|[from] brn
|upkeep
|turn|186
|
|t:|1634166795
|switch|p2a: Eternatus|Eternatus|82/100
|-damage|p2a: Eternatus|70/100|[from] Stealth Rock
|-ability|p2a: Eternatus|Pressure
|switch|p1a: Ditto|Ditto|64/100 slp
|-damage|p1a: Ditto|51/100 slp|[from] Stealth Rock
|-transform|p1a: Ditto|p2a: Eternatus|[from] ability: Imposter
|-ability|p1a: Ditto|Pressure
|
|upkeep
|turn|187
|
|t:|1634166806
|switch|p1a: Ho-Oh|Ho-Oh|100/100
|switch|p2a: Ho-Oh|Ho-Oh|93/100
|
|upkeep
|turn|188
|
|t:|1634166816
|switch|p2a: Eternatus|Eternatus|70/100
|-damage|p2a: Eternatus|57/100|[from] Stealth Rock
|-ability|p2a: Eternatus|Pressure
|move|p1a: Ho-Oh|Toxic|p2a: Eternatus
|-immune|p2a: Eternatus
|
|upkeep
|turn|189
|
|t:|1634166826
|move|p2a: Eternatus|Recover|p2a: Eternatus
|-heal|p2a: Eternatus|100/100
|move|p1a: Ho-Oh|Defog|p2a: Eternatus
|-unboost|p2a: Eternatus|evasion|1
|-sideend|p2: PokeDuels|Stealth Rock|[from] move: Defog|[of] p1a: Ho-Oh
|-sideend|p1: Pkmn3443|Stealth Rock|[from] move: Defog|[of] p1a: Ho-Oh
|
|upkeep
|turn|190
|inactive|PokeDuels has 120 seconds left.
|
|t:|1634166848
|switch|p2a: Necrozma|Necrozma-Dusk-Mane|86/100 brn
|switch|p1a: Necrozma|Necrozma-Dusk-Mane|76/100
|
|-damage|p2a: Necrozma|80/100 brn|[from] brn
|upkeep
|turn|191
|
|t:|1634166853
|move|p2a: Necrozma|Thunder Wave|p1a: Necrozma
|-status|p1a: Necrozma|par
|move|p1a: Necrozma|Stealth Rock|p2a: Necrozma
|-sidestart|p2: PokeDuels|move: Stealth Rock
|
|-damage|p2a: Necrozma|74/100 brn|[from] brn
|upkeep
|turn|192
|
|t:|1634166856
|move|p2a: Necrozma|Stealth Rock|p1a: Necrozma
|-sidestart|p1: Pkmn3443|move: Stealth Rock
|cant|p1a: Necrozma|par
|
|-damage|p2a: Necrozma|68/100 brn|[from] brn
|upkeep
|turn|193
|
|t:|1634166869
|switch|p2a: Buzzwole|Buzzwole|94/100
|-damage|p2a: Buzzwole|82/100|[from] Stealth Rock
|move|p1a: Necrozma|Knock Off|p2a: Buzzwole
|-resisted|p2a: Buzzwole
|-damage|p2a: Buzzwole|75/100
|-enditem|p2a: Buzzwole|Leftovers|[from] move: Knock Off|[of] p1a: Necrozma
|
|upkeep
|turn|194
|
|t:|1634166882
|switch|p1a: Yveltal|Yveltal|100/100
|-ability|p1a: Yveltal|Dark Aura
|move|p2a: Buzzwole|Ice Punch|p1a: Yveltal
|-supereffective|p1a: Yveltal
|-damage|p1a: Yveltal|52/100
|
|upkeep
|turn|195
|
|t:|1634166891
|switch|p2a: Eternatus|Eternatus|100/100
|-damage|p2a: Eternatus|88/100|[from] Stealth Rock
|-ability|p2a: Eternatus|Pressure
|move|p1a: Yveltal|Oblivion Wing|p2a: Eternatus
|-damage|p2a: Eternatus|65/100
|-heal|p1a: Yveltal|72/100|[from] drain|[of] p2a: Eternatus
|
|upkeep
|turn|196
|
|t:|1634166904
|switch|p1a: Ho-Oh|Ho-Oh|100/100
|move|p2a: Eternatus|Recover|p2a: Eternatus
|-heal|p2a: Eternatus|100/100
|
|upkeep
|turn|197
|
|t:|1634166911
|switch|p2a: Tyranitar|Tyranitar, F|76/100
|-damage|p2a: Tyranitar|63/100|[from] Stealth Rock
|-weather|Sandstorm|[from] ability: Sand Stream|[of] p2a: Tyranitar
|move|p1a: Ho-Oh|Defog|p2a: Tyranitar
|-unboost|p2a: Tyranitar|evasion|1
|-sideend|p2: PokeDuels|Stealth Rock|[from] move: Defog|[of] p1a: Ho-Oh
|-sideend|p1: Pkmn3443|Stealth Rock|[from] move: Defog|[of] p1a: Ho-Oh
|
|-weather|Sandstorm|[upkeep]
|-damage|p1a: Ho-Oh|94/100|[from] Sandstorm
|upkeep
|turn|198
|
|t:|1634166917
|switch|p1a: Ditto|Ditto|51/100 slp
|-transform|p1a: Ditto|p2a: Tyranitar|[from] ability: Imposter
|move|p2a: Tyranitar|Stealth Rock|p1a: Ditto
|-sidestart|p1: Pkmn3443|move: Stealth Rock
|
|-weather|Sandstorm|[upkeep]
|upkeep
|turn|199
|inactive|PokeDuels has 120 seconds left.
|
|t:|1634166929
|switch|p2a: Zygarde|Zygarde|82/100 slp
|-curestatus|p1a: Ditto|slp|[msg]
|move|p1a: Ditto|Rest|p1a: Ditto
|-status|p1a: Ditto|slp|[from] move: Rest
|-heal|p1a: Ditto|100/100 slp|[silent]
|
|-weather|Sandstorm|[upkeep]
|upkeep
|turn|200
|inactive|PokeDuels has 120 seconds left.
|
|t:|1634166937
|switch|p1a: Ho-Oh|Ho-Oh|100/100
|-curestatus|p2a: Zygarde|slp|[msg]
|move|p2a: Zygarde|Glare|p1a: Ho-Oh
|-status|p1a: Ho-Oh|par
|
|-weather|Sandstorm|[upkeep]
|-damage|p1a: Ho-Oh|94/100 par|[from] Sandstorm
|upkeep
|turn|201
|
|t:|1634166946
|switch|p2a: Eternatus|Eternatus|100/100
|-ability|p2a: Eternatus|Pressure
|move|p1a: Ho-Oh|Defog|p2a: Eternatus
|-unboost|p2a: Eternatus|evasion|1
|-sideend|p1: Pkmn3443|Stealth Rock|[from] move: Defog|[of] p1a: Ho-Oh
|
|-weather|none
|upkeep
|turn|202
|
|t:|1634166959
|switch|p2a: Tyranitar|Tyranitar, F|63/100
|-weather|Sandstorm|[from] ability: Sand Stream|[of] p2a: Tyranitar
|switch|p1a: Necrozma|Necrozma-Dusk-Mane|76/100 par
|
|-weather|Sandstorm|[upkeep]
|upkeep
|turn|203
|
|t:|1634166972
|switch|p2a: Necrozma|Necrozma-Dusk-Mane|68/100 brn
|move|p1a: Necrozma|Stealth Rock|p2a: Necrozma
|-sidestart|p2: PokeDuels|move: Stealth Rock
|
|-weather|Sandstorm|[upkeep]
|-damage|p2a: Necrozma|62/100 brn|[from] brn
|upkeep
|turn|204
|
|t:|1634166975
|move|p2a: Necrozma|Stealth Rock|p1a: Necrozma
|-sidestart|p1: Pkmn3443|move: Stealth Rock
|move|p1a: Necrozma|Knock Off|p2a: Necrozma
|-supereffective|p2a: Necrozma
|-damage|p2a: Necrozma|41/100 brn
|
|-weather|Sandstorm|[upkeep]
|-damage|p2a: Necrozma|35/100 brn|[from] brn
|upkeep
|turn|205
|
|t:|1634166992
|switch|p2a: Ho-Oh|Ho-Oh|100/100
|cant|p1a: Necrozma|par
|
|-weather|Sandstorm|[upkeep]
|-damage|p2a: Ho-Oh|94/100|[from] Sandstorm
|upkeep
|turn|206
|
|t:|1634167006
|switch|p2a: Zygarde|Zygarde|82/100
|-damage|p2a: Zygarde|76/100|[from] Stealth Rock
|switch|p1a: Ho-Oh|Ho-Oh|100/100 par
|
|-weather|none
|upkeep
|turn|207
|inactive|PokeDuels has 90 seconds left.
|
|t:|1634167016
|switch|p1a: Ditto|Ditto|100/100 slp
|-damage|p1a: Ditto|88/100 slp|[from] Stealth Rock
|-transform|p1a: Ditto|p2a: Zygarde|[from] ability: Imposter
|move|p2a: Zygarde|Rest|p2a: Zygarde
|-status|p2a: Zygarde|slp|[from] move: Rest
|-heal|p2a: Zygarde|100/100 slp|[silent]
|
|upkeep
|turn|208
|
|t:|1634167021
|switch|p2a: Necrozma|Necrozma-Dusk-Mane|35/100 brn
|-damage|p2a: Necrozma|29/100 brn|[from] Stealth Rock
|cant|p1a: Ditto|slp
|
|-damage|p2a: Necrozma|23/100 brn|[from] brn
|upkeep
|turn|209
|
|t:|1634167028
|cant|p1a: Ditto|slp
|move|p2a: Necrozma|Moonlight|p2a: Necrozma
|-heal|p2a: Necrozma|73/100 brn
|
|-damage|p2a: Necrozma|67/100 brn|[from] brn
|upkeep
|turn|210
|
|t:|1634167033
|switch|p2a: Zygarde|Zygarde|100/100 slp
|-damage|p2a: Zygarde|94/100 slp|[from] Stealth Rock
|-curestatus|p1a: Ditto|slp|[msg]
|move|p1a: Ditto|Thousand Arrows|p2a: Zygarde
|-damage|p2a: Zygarde|72/100 slp
|
|upkeep
|turn|211
|
|t:|1634167038
|switch|p2a: Buzzwole|Buzzwole|75/100
|-damage|p2a: Buzzwole|62/100|[from] Stealth Rock
|move|p1a: Ditto|Thousand Arrows|p2a: Buzzwole
|-resisted|p2a: Buzzwole
|-crit|p2a: Buzzwole
|-damage|p2a: Buzzwole|51/100
|
|upkeep
|turn|212
|inactive|PokeDuels has 90 seconds left.
|
|t:|1634167050
|switch|p1a: Ho-Oh|Ho-Oh|100/100 par
|move|p2a: Buzzwole|Roost|p2a: Buzzwole
|-heal|p2a: Buzzwole|100/100
|-singleturn|p2a: Buzzwole|move: Roost
|
|upkeep
|turn|213
|inactive|Pkmn3443 has 120 seconds left.
|
|t:|1634167056
|switch|p2a: Zygarde|Zygarde|72/100 slp
|-damage|p2a: Zygarde|66/100 slp|[from] Stealth Rock
|switch|p1a: Ditto|Ditto|88/100
|-damage|p1a: Ditto|76/100|[from] Stealth Rock
|-transform|p1a: Ditto|p2a: Zygarde|[from] ability: Imposter
|
|upkeep
|turn|214
|
|t:|1634167061
|move|p1a: Ditto|Rest|p1a: Ditto
|-status|p1a: Ditto|slp|[from] move: Rest
|-heal|p1a: Ditto|100/100 slp|[silent]
|cant|p2a: Zygarde|slp
|
|upkeep
|turn|215
|
|t:|1634167065
|switch|p2a: Ho-Oh|Ho-Oh|100/100
|cant|p1a: Ditto|slp
|
|upkeep
|turn|216
|
|t:|1634167073
|cant|p1a: Ditto|slp
|move|p2a: Ho-Oh|Whirlwind|p1a: Ditto
|drag|p1a: Yveltal|Yveltal|72/100
|-ability|p1a: Yveltal|Dark Aura
|
|upkeep
|turn|217
|inactive|Pkmn3443 has 120 seconds left.
|
|t:|1634167082
|switch|p2a: Eternatus|Eternatus|100/100
|-damage|p2a: Eternatus|88/100|[from] Stealth Rock
|-ability|p2a: Eternatus|Pressure
|move|p1a: Yveltal|Knock Off|p2a: Eternatus
|-damage|p2a: Eternatus|59/100
|
|upkeep
|turn|218
|inactive|Pkmn3443 has 120 seconds left.
|
|t:|1634167092
|switch|p1a: Ho-Oh|Ho-Oh|100/100 par
|move|p2a: Eternatus|Recover|p2a: Eternatus
|-heal|p2a: Eternatus|100/100
|
|upkeep
|turn|219
|
|t:|1634167100
|move|p2a: Eternatus|Toxic Spikes|p1a: Ho-Oh
|-sidestart|p1: Pkmn3443|move: Toxic Spikes
|cant|p1a: Ho-Oh|par
|
|upkeep
|turn|220
|
|t:|1634167105
|switch|p2a: Tyranitar|Tyranitar, F|63/100
|-damage|p2a: Tyranitar|51/100|[from] Stealth Rock
|-weather|Sandstorm|[from] ability: Sand Stream|[of] p2a: Tyranitar
|move|p1a: Ho-Oh|Defog|p2a: Tyranitar
|-unboost|p2a: Tyranitar|evasion|1
|-sideend|p2: PokeDuels|Stealth Rock|[from] move: Defog|[of] p1a: Ho-Oh
|-sideend|p1: Pkmn3443|Toxic Spikes|[from] move: Defog|[of] p1a: Ho-Oh
|-sideend|p1: Pkmn3443|Stealth Rock|[from] move: Defog|[of] p1a: Ho-Oh
|
|-weather|Sandstorm|[upkeep]
|-damage|p1a: Ho-Oh|94/100 par|[from] Sandstorm
|upkeep
|turn|221
|
|t:|1634167112
|switch|p1a: Eternatus|Eternatus|99/100
|-ability|p1a: Eternatus|Pressure
|move|p2a: Tyranitar|Stealth Rock|p1a: Eternatus
|-sidestart|p1: Pkmn3443|move: Stealth Rock
|
|-weather|Sandstorm|[upkeep]
|-damage|p1a: Eternatus|93/100|[from] Sandstorm
|-heal|p1a: Eternatus|99/100|[from] item: Black Sludge
|upkeep
|turn|222
|
|t:|1634167118
|switch|p1a: Ditto|Ditto|100/100 slp
|-damage|p1a: Ditto|88/100 slp|[from] Stealth Rock
|-transform|p1a: Ditto|p2a: Tyranitar|[from] ability: Imposter
|move|p2a: Tyranitar|Rest|p2a: Tyranitar
|-status|p2a: Tyranitar|slp|[from] move: Rest
|-heal|p2a: Tyranitar|100/100 slp|[silent]
|
|-weather|Sandstorm|[upkeep]
|upkeep
|turn|223
|
|t:|1634167128
|switch|p2a: Buzzwole|Buzzwole|100/100
|-curestatus|p1a: Ditto|slp|[msg]
|move|p1a: Ditto|Stealth Rock|p2a: Buzzwole
|-sidestart|p2: PokeDuels|move: Stealth Rock
|
|-weather|Sandstorm|[upkeep]
|-damage|p2a: Buzzwole|94/100|[from] Sandstorm
|upkeep
|turn|224
|
|t:|1634167134
|switch|p1a: Yveltal|Yveltal|72/100
|-ability|p1a: Yveltal|Dark Aura
|move|p2a: Buzzwole|Ice Punch|p1a: Yveltal
|-supereffective|p1a: Yveltal
|-damage|p1a: Yveltal|24/100
|
|-weather|none
|upkeep
|turn|225
|
|t:|1634167144
|switch|p2a: Eternatus|Eternatus|100/100
|-damage|p2a: Eternatus|88/100|[from] Stealth Rock
|-ability|p2a: Eternatus|Pressure
|move|p1a: Yveltal|Roost|p1a: Yveltal
|-heal|p1a: Yveltal|74/100
|-singleturn|p1a: Yveltal|move: Roost
|
|upkeep
|turn|226
|
|t:|1634167149
|switch|p1a: Ho-Oh|Ho-Oh|100/100 par
|move|p2a: Eternatus|Sludge Bomb|p1a: Ho-Oh
|-damage|p1a: Ho-Oh|77/100 par
|
|upkeep
|turn|227
|
|t:|1634167156
|switch|p2a: Tyranitar|Tyranitar, F|100/100 slp
|-damage|p2a: Tyranitar|88/100 slp|[from] Stealth Rock
|-weather|Sandstorm|[from] ability: Sand Stream|[of] p2a: Tyranitar
|switch|p1a: Necrozma|Necrozma-Dusk-Mane|76/100 par
|-damage|p1a: Necrozma|70/100 par|[from] Stealth Rock
|
|-weather|Sandstorm|[upkeep]
|upkeep
|turn|228
|
|t:|1634167162
|switch|p2a: Zygarde|Zygarde|66/100 slp
|-damage|p2a: Zygarde|60/100 slp|[from] Stealth Rock
|switch|p1a: Ditto|Ditto|88/100
|-damage|p1a: Ditto|76/100|[from] Stealth Rock
|-transform|p1a: Ditto|p2a: Zygarde|[from] ability: Imposter
|
|-weather|Sandstorm|[upkeep]
|upkeep
|turn|229
|
|t:|1634167166
|move|p1a: Ditto|Rest|p1a: Ditto
|-status|p1a: Ditto|slp|[from] move: Rest
|-heal|p1a: Ditto|100/100 slp|[silent]
|cant|p2a: Zygarde|slp
|
|-weather|Sandstorm|[upkeep]
|upkeep
|turn|230
|
|t:|1634167170
|cant|p1a: Ditto|slp
|-curestatus|p2a: Zygarde|slp|[msg]
|move|p2a: Zygarde|Rest|p2a: Zygarde
|-status|p2a: Zygarde|slp|[from] move: Rest
|-heal|p2a: Zygarde|100/100 slp|[silent]
|
|-weather|Sandstorm|[upkeep]
|upkeep
|turn|231
|
|t:|1634167179
|cant|p1a: Ditto|slp
|cant|p2a: Zygarde|slp
|
|-weather|none
|upkeep
|turn|232
|
|t:|1634167187
|switch|p1a: Ho-Oh|Ho-Oh|100/100 par
|switch|p2a: Ho-Oh|Ho-Oh|100/100
|
|upkeep
|turn|233
|
|t:|1634167191
|switch|p2a: Eternatus|Eternatus|88/100
|-damage|p2a: Eternatus|76/100|[from] Stealth Rock
|-ability|p2a: Eternatus|Pressure
|move|p1a: Ho-Oh|Toxic|p2a: Eternatus
|-immune|p2a: Eternatus
|
|upkeep
|turn|234
|
|t:|1634167200
|switch|p2a: Tyranitar|Tyranitar, F|88/100 slp
|-damage|p2a: Tyranitar|76/100 slp|[from] Stealth Rock
|-weather|Sandstorm|[from] ability: Sand Stream|[of] p2a: Tyranitar
|cant|p1a: Ho-Oh|par
|
|-weather|Sandstorm|[upkeep]
|-damage|p1a: Ho-Oh|94/100 par|[from] Sandstorm
|upkeep
|turn|235
|inactive|PokeDuels has 60 seconds left.
|
|t:|1634167205
|switch|p1a: Ditto|Ditto|100/100 slp
|-damage|p1a: Ditto|88/100 slp|[from] Stealth Rock
|-transform|p1a: Ditto|p2a: Tyranitar|[from] ability: Imposter
|cant|p2a: Tyranitar|slp
|
|-weather|Sandstorm|[upkeep]
|upkeep
|turn|236
|
|t:|1634167209
|switch|p2a: Buzzwole|Buzzwole|94/100
|-damage|p2a: Buzzwole|82/100|[from] Stealth Rock
|-curestatus|p1a: Ditto|slp|[msg]
|move|p1a: Ditto|Rest|p1a: Ditto
|-status|p1a: Ditto|slp|[from] move: Rest
|-heal|p1a: Ditto|100/100 slp|[silent]
|
|-weather|Sandstorm|[upkeep]
|-damage|p2a: Buzzwole|76/100|[from] Sandstorm
|upkeep
|turn|237
|
|t:|1634167214
|switch|p1a: Ho-Oh|Ho-Oh|100/100 par
|move|p2a: Buzzwole|Ice Punch|p1a: Ho-Oh
|-damage|p1a: Ho-Oh|84/100 par
|
|-weather|Sandstorm|[upkeep]
|-damage|p2a: Buzzwole|69/100|[from] Sandstorm
|-damage|p1a: Ho-Oh|78/100 par|[from] Sandstorm
|upkeep
|turn|238
|
|t:|1634167219
|switch|p2a: Eternatus|Eternatus|76/100
|-damage|p2a: Eternatus|63/100|[from] Stealth Rock
|-ability|p2a: Eternatus|Pressure
|switch|p1a: Necrozma|Necrozma-Dusk-Mane|70/100 par
|-damage|p1a: Necrozma|64/100 par|[from] Stealth Rock
|
|-weather|none
|upkeep
|turn|239
|inactive|PokeDuels has 60 seconds left.
|
|t:|1634167232
|switch|p2a: Buzzwole|Buzzwole|69/100
|-damage|p2a: Buzzwole|57/100|[from] Stealth Rock
|move|p1a: Necrozma|Morning Sun|p1a: Necrozma
|-heal|p1a: Necrozma|100/100 par
|
|upkeep
|turn|240
|
|t:|1634167236
|move|p2a: Buzzwole|Roost|p2a: Buzzwole
|-heal|p2a: Buzzwole|100/100
|-singleturn|p2a: Buzzwole|move: Roost
|move|p1a: Necrozma|Sunsteel Strike|p2a: Buzzwole
|-damage|p2a: Buzzwole|74/100
|
|upkeep
|turn|241
|
|t:|1634167238
|move|p2a: Buzzwole|Bulk Up|p2a: Buzzwole
|-boost|p2a: Buzzwole|atk|1
|-boost|p2a: Buzzwole|def|1
|move|p1a: Necrozma|Knock Off|p2a: Buzzwole
|-resisted|p2a: Buzzwole
|-crit|p2a: Buzzwole
|-damage|p2a: Buzzwole|66/100
|
|upkeep
|turn|242
|
|t:|1634167241
|switch|p1a: Ho-Oh|Ho-Oh|100/100 par
|move|p2a: Buzzwole|Ice Punch|p1a: Ho-Oh
|-damage|p1a: Ho-Oh|79/100 par
|
|upkeep
|turn|243
|inactive|PokeDuels has 60 seconds left.
|
|t:|1634167251
|switch|p2a: Tyranitar|Tyranitar, F|76/100 slp
|-damage|p2a: Tyranitar|63/100 slp|[from] Stealth Rock
|-weather|Sandstorm|[from] ability: Sand Stream|[of] p2a: Tyranitar
|move|p1a: Ho-Oh|Whirlwind|p2a: Tyranitar
|drag|p2a: Zygarde|Zygarde|100/100 slp
|-damage|p2a: Zygarde|94/100 slp|[from] Stealth Rock
|
|-weather|Sandstorm|[upkeep]
|-damage|p1a: Ho-Oh|73/100 par|[from] Sandstorm
|upkeep
|turn|244
|
|t:|1634167256
|switch|p1a: Ditto|Ditto|100/100 slp
|-damage|p1a: Ditto|88/100 slp|[from] Stealth Rock
|-transform|p1a: Ditto|p2a: Zygarde|[from] ability: Imposter
|cant|p2a: Zygarde|slp
|
|-weather|Sandstorm|[upkeep]
|upkeep
|turn|245
|inactive|PokeDuels has 60 seconds left.
|
|t:|1634167266
|switch|p2a: Buzzwole|Buzzwole|66/100
|-damage|p2a: Buzzwole|54/100|[from] Stealth Rock
|cant|p1a: Ditto|slp
|
|-weather|Sandstorm|[upkeep]
|-damage|p2a: Buzzwole|47/100|[from] Sandstorm
|upkeep
|turn|246
|
|t:|1634167272
|switch|p1a: Ho-Oh|Ho-Oh|100/100 par
|move|p2a: Buzzwole|Ice Punch|p1a: Ho-Oh
|-damage|p1a: Ho-Oh|86/100 par
|
|-weather|Sandstorm|[upkeep]
|-damage|p2a: Buzzwole|41/100|[from] Sandstorm
|-damage|p1a: Ho-Oh|80/100 par|[from] Sandstorm
|upkeep
|turn|247
|
|t:|1634167276
|switch|p2a: Eternatus|Eternatus|63/100
|-damage|p2a: Eternatus|51/100|[from] Stealth Rock
|-ability|p2a: Eternatus|Pressure
|move|p1a: Ho-Oh|Whirlwind|p2a: Eternatus
|drag|p2a: Buzzwole|Buzzwole|41/100
|-damage|p2a: Buzzwole|29/100|[from] Stealth Rock
|
|-weather|none
|upkeep
|turn|248
|
|t:|1634167278
|switch|p2a: Eternatus|Eternatus|51/100
|-damage|p2a: Eternatus|39/100|[from] Stealth Rock
|-ability|p2a: Eternatus|Pressure
|move|p1a: Ho-Oh|Whirlwind|p2a: Eternatus
|drag|p2a: Necrozma|Necrozma-Dusk-Mane|67/100 brn
|-damage|p2a: Necrozma|61/100 brn|[from] Stealth Rock
|
|-damage|p2a: Necrozma|55/100 brn|[from] brn
|upkeep
|turn|249
|
|t:|1634167284
|switch|p2a: Eternatus|Eternatus|39/100
|-damage|p2a: Eternatus|26/100|[from] Stealth Rock
|-ability|p2a: Eternatus|Pressure
|move|p1a: Ho-Oh|Whirlwind|p2a: Eternatus
|drag|p2a: Zygarde|Zygarde|94/100 slp
|-damage|p2a: Zygarde|88/100 slp|[from] Stealth Rock
|
|upkeep
|turn|250
|
|t:|1634167289
|-curestatus|p2a: Zygarde|slp|[msg]
|move|p2a: Zygarde|Thousand Arrows|p1a: Ho-Oh
|-damage|p1a: Ho-Oh|59/100 par
|-start|p1a: Ho-Oh|Smack Down
|move|p1a: Ho-Oh|Whirlwind|p2a: Zygarde
|drag|p2a: Eternatus|Eternatus|26/100
|-damage|p2a: Eternatus|14/100|[from] Stealth Rock
|-ability|p2a: Eternatus|Pressure
|
|upkeep
|turn|251
|
|t:|1634167294
|switch|p1a: Necrozma|Necrozma-Dusk-Mane|100/100 par
|-damage|p1a: Necrozma|94/100 par|[from] Stealth Rock
|move|p2a: Eternatus|Recover|p2a: Eternatus
|-heal|p2a: Eternatus|64/100
|
|upkeep
|turn|252
|
|t:|1634167302
|switch|p1a: Ho-Oh|Ho-Oh|92/100 par
|move|p2a: Eternatus|Recover|p2a: Eternatus
|-heal|p2a: Eternatus|100/100
|
|upkeep
|turn|253
|
|t:|1634167306
|move|p2a: Eternatus|Toxic Spikes|p1a: Ho-Oh
|-sidestart|p1: Pkmn3443|move: Toxic Spikes
|cant|p1a: Ho-Oh|par
|
|upkeep
|turn|254
|
|t:|1634167309
|move|p2a: Eternatus|Sludge Bomb|p1a: Ho-Oh
|-damage|p1a: Ho-Oh|69/100 par
|move|p1a: Ho-Oh|Whirlwind|p2a: Eternatus
|drag|p2a: Tyranitar|Tyranitar, F|63/100 slp
|-damage|p2a: Tyranitar|51/100 slp|[from] Stealth Rock
|-weather|Sandstorm|[from] ability: Sand Stream|[of] p2a: Tyranitar
|
|-weather|Sandstorm|[upkeep]
|-damage|p1a: Ho-Oh|63/100 par|[from] Sandstorm
|upkeep
|turn|255
|
|t:|1634167313
|switch|p1a: Ditto|Ditto|88/100 slp
|-damage|p1a: Ditto|76/100 slp|[from] Stealth Rock
|-transform|p1a: Ditto|p2a: Tyranitar|[from] ability: Imposter
|cant|p2a: Tyranitar|slp
|
|-weather|Sandstorm|[upkeep]
|upkeep
|turn|256
|
|t:|1634167320
|cant|p1a: Ditto|slp
|-curestatus|p2a: Tyranitar|slp|[msg]
|move|p2a: Tyranitar|Rest|p2a: Tyranitar
|-status|p2a: Tyranitar|slp|[from] move: Rest
|-heal|p2a: Tyranitar|100/100 slp|[silent]
|
|-weather|Sandstorm|[upkeep]
|upkeep
|turn|257
|
|t:|1634167324
|-curestatus|p1a: Ditto|slp|[msg]
|move|p1a: Ditto|Rest|p1a: Ditto
|-status|p1a: Ditto|slp|[from] move: Rest
|-heal|p1a: Ditto|100/100 slp|[silent]
|cant|p2a: Tyranitar|slp
|
|-weather|Sandstorm|[upkeep]
|upkeep
|turn|258
|
|t:|1634167327
|cant|p1a: Ditto|slp
|cant|p2a: Tyranitar|slp
|
|-weather|none
|upkeep
|turn|259
|
|t:|1634167330
|switch|p2a: Buzzwole|Buzzwole|29/100
|-damage|p2a: Buzzwole|16/100|[from] Stealth Rock
|cant|p1a: Ditto|slp
|
|upkeep
|turn|260
|
|t:|1634167332
|switch|p1a: Ho-Oh|Ho-Oh|96/100 par
|move|p2a: Buzzwole|Roost|p2a: Buzzwole
|-heal|p2a: Buzzwole|66/100
|-singleturn|p2a: Buzzwole|move: Roost
|
|upkeep
|turn|261
|
|t:|1634167336
|switch|p2a: Eternatus|Eternatus|100/100
|-damage|p2a: Eternatus|88/100|[from] Stealth Rock
|-ability|p2a: Eternatus|Pressure
|cant|p1a: Ho-Oh|par
|
|upkeep
|turn|262
|
|t:|1634167341
|move|p2a: Eternatus|Toxic Spikes|p1a: Ho-Oh
|-sidestart|p1: Pkmn3443|move: Toxic Spikes
|move|p1a: Ho-Oh|Sacred Fire|p2a: Eternatus
|-resisted|p2a: Eternatus
|-damage|p2a: Eternatus|70/100
|-status|p2a: Eternatus|brn
|
|-damage|p2a: Eternatus|64/100 brn|[from] brn
|upkeep
|turn|263
|
|t:|1634167346
|move|p2a: Eternatus|Sludge Bomb|p1a: Ho-Oh
|-damage|p1a: Ho-Oh|74/100 par
|move|p1a: Ho-Oh|Whirlwind|p2a: Eternatus
|drag|p2a: Tyranitar|Tyranitar, F|100/100 slp
|-damage|p2a: Tyranitar|88/100 slp|[from] Stealth Rock
|-weather|Sandstorm|[from] ability: Sand Stream|[of] p2a: Tyranitar
|
|-weather|Sandstorm|[upkeep]
|-damage|p1a: Ho-Oh|68/100 par|[from] Sandstorm
|upkeep
|turn|264
|
|t:|1634167354
|switch|p1a: Ditto|Ditto|100/100 slp
|-damage|p1a: Ditto|88/100 slp|[from] Stealth Rock
|-transform|p1a: Ditto|p2a: Tyranitar|[from] ability: Imposter
|-curestatus|p2a: Tyranitar|slp|[msg]
|move|p2a: Tyranitar|Foul Play|p1a: Ditto
|-resisted|p1a: Ditto
|-damage|p1a: Ditto|72/100 slp
|
|-weather|Sandstorm|[upkeep]
|upkeep
|turn|265
|
|t:|1634167363
|-curestatus|p1a: Ditto|slp|[msg]
|move|p1a: Ditto|Rest|p1a: Ditto
|-status|p1a: Ditto|slp|[from] move: Rest
|-heal|p1a: Ditto|100/100 slp|[silent]
|move|p2a: Tyranitar|Foul Play|p1a: Ditto
|-resisted|p1a: Ditto
|-damage|p1a: Ditto|83/100 slp
|
|-weather|Sandstorm|[upkeep]
|upkeep
|turn|266
|
|t:|1634167365
|switch|p2a: Ho-Oh|Ho-Oh|100/100
|cant|p1a: Ditto|slp
|
|-weather|Sandstorm|[upkeep]
|-damage|p2a: Ho-Oh|94/100|[from] Sandstorm
|upkeep
|turn|267
|
|t:|1634167379
|cant|p1a: Ditto|slp
|move|p2a: Ho-Oh|Brave Bird|p1a: Ditto
|-resisted|p1a: Ditto
|-damage|p1a: Ditto|57/100 slp
|-damage|p2a: Ho-Oh|88/100|[from] Recoil
|
|-weather|none
|upkeep
|turn|268
|
|t:|1634167398
|-curestatus|p1a: Ditto|slp|[msg]
|move|p1a: Ditto|Rest|p1a: Ditto
|-status|p1a: Ditto|slp|[from] move: Rest
|-heal|p1a: Ditto|100/100 slp|[silent]
|move|p2a: Ho-Oh|Whirlwind|p1a: Ditto
|drag|p1a: Eternatus|Eternatus|99/100
|-sideend|p1: Pkmn3443|move: Toxic Spikes|[of] p1a: Eternatus
|-damage|p1a: Eternatus|87/100|[from] Stealth Rock
|-ability|p1a: Eternatus|Pressure
|
|-heal|p1a: Eternatus|93/100|[from] item: Black Sludge
|upkeep
|turn|269
|inactive|PokeDuels has 60 seconds left.
|
|t:|1634167405
|switch|p1a: Ho-Oh|Ho-Oh|100/100 par
|switch|p2a: Tyranitar|Tyranitar, F|88/100
|-damage|p2a: Tyranitar|76/100|[from] Stealth Rock
|-weather|Sandstorm|[from] ability: Sand Stream|[of] p2a: Tyranitar
|
|-weather|Sandstorm|[upkeep]
|-damage|p1a: Ho-Oh|94/100 par|[from] Sandstorm
|upkeep
|turn|270
|inactive|PokeDuels has 60 seconds left.
|
|t:|1634167415
|switch|p2a: Zygarde|Zygarde|88/100
|-damage|p2a: Zygarde|82/100|[from] Stealth Rock
|switch|p1a: Ditto|Ditto|100/100 slp
|-damage|p1a: Ditto|88/100 slp|[from] Stealth Rock
|-transform|p1a: Ditto|p2a: Zygarde|[from] ability: Imposter
|
|-weather|Sandstorm|[upkeep]
|upkeep
|turn|271
|
|t:|1634167420
|switch|p2a: Ho-Oh|Ho-Oh|100/100
|cant|p1a: Ditto|slp
|
|-weather|Sandstorm|[upkeep]
|-damage|p2a: Ho-Oh|94/100|[from] Sandstorm
|upkeep
|turn|272
|
|t:|1634167432
|switch|p1a: Ho-Oh|Ho-Oh|100/100 par
|move|p2a: Ho-Oh|Whirlwind|p1a: Ho-Oh
|drag|p1a: Ditto|Ditto|88/100 slp
|-damage|p1a: Ditto|76/100 slp|[from] Stealth Rock
|-transform|p1a: Ditto|p2a: Ho-Oh|[from] ability: Imposter
|
|-weather|Sandstorm|[upkeep]
|-damage|p1a: Ditto|70/100 slp|[from] Sandstorm
|-damage|p2a: Ho-Oh|88/100|[from] Sandstorm
|upkeep
|turn|273
|
|t:|1634167440
|switch|p1a: Ho-Oh|Ho-Oh|100/100 par
|move|p2a: Ho-Oh|Brave Bird|p1a: Ho-Oh
|-damage|p1a: Ho-Oh|59/100 par
|-damage|p2a: Ho-Oh|74/100|[from] Recoil
|
|-weather|none
|upkeep
|turn|274
|
|t:|1634167448
|switch|p1a: Eternatus|Eternatus|93/100
|-damage|p1a: Eternatus|80/100|[from] Stealth Rock
|-ability|p1a: Eternatus|Pressure
|move|p2a: Ho-Oh|Brave Bird|p1a: Eternatus
|-damage|p1a: Eternatus|35/100
|-damage|p2a: Ho-Oh|57/100|[from] Recoil
|
|-heal|p1a: Eternatus|41/100|[from] item: Black Sludge
|upkeep
|turn|275
|
|t:|1634167452
|move|p1a: Eternatus|Recover|p1a: Eternatus
|-heal|p1a: Eternatus|91/100
|move|p2a: Ho-Oh|Sacred Fire|p1a: Eternatus
|-resisted|p1a: Eternatus
|-damage|p1a: Eternatus|70/100
|-status|p1a: Eternatus|brn
|
|-heal|p1a: Eternatus|77/100 brn|[from] item: Black Sludge
|-damage|p1a: Eternatus|70/100 brn|[from] brn
|upkeep
|turn|276
|
|t:|1634167462
|switch|p1a: Ho-Oh|Ho-Oh|92/100 par
|switch|p2a: Tyranitar|Tyranitar, F|76/100
|-damage|p2a: Tyranitar|63/100|[from] Stealth Rock
|-weather|Sandstorm|[from] ability: Sand Stream|[of] p2a: Tyranitar
|
|-weather|Sandstorm|[upkeep]
|-damage|p1a: Ho-Oh|86/100 par|[from] Sandstorm
|upkeep
|turn|277
|
|t:|1634167469
|switch|p1a: Ditto|Ditto|100/100 slp
|-damage|p1a: Ditto|88/100 slp|[from] Stealth Rock
|-transform|p1a: Ditto|p2a: Tyranitar|[from] ability: Imposter
|move|p2a: Tyranitar|Stone Edge|p1a: Ditto
|-damage|p1a: Ditto|55/100 slp
|
|-weather|Sandstorm|[upkeep]
|upkeep
|turn|278
|inactive|PokeDuels has 30 seconds left.
|
|t:|1634167490
|switch|p2a: Buzzwole|Buzzwole|66/100
|-damage|p2a: Buzzwole|54/100|[from] Stealth Rock
|cant|p1a: Ditto|slp
|
|-weather|Sandstorm|[upkeep]
|-damage|p2a: Buzzwole|48/100|[from] Sandstorm
|upkeep
|turn|279
|inactive|PokeDuels has 25 seconds left this turn.
|
|t:|1634167494
|switch|p1a: Ho-Oh|Ho-Oh|100/100 par
|move|p2a: Buzzwole|Roost|p2a: Buzzwole
|-heal|p2a: Buzzwole|98/100
|-singleturn|p2a: Buzzwole|move: Roost
|
|-weather|Sandstorm|[upkeep]
|-damage|p2a: Buzzwole|91/100|[from] Sandstorm
|-damage|p1a: Ho-Oh|94/100 par|[from] Sandstorm
|upkeep
|turn|280
|inactive|PokeDuels has 30 seconds left this turn.
|
|t:|1634167502
|switch|p2a: Zygarde|Zygarde|82/100
|-damage|p2a: Zygarde|76/100|[from] Stealth Rock
|move|p1a: Ho-Oh|Whirlwind|p2a: Zygarde
|drag|p2a: Necrozma|Necrozma-Dusk-Mane|55/100 brn
|-damage|p2a: Necrozma|48/100 brn|[from] Stealth Rock
|
|-weather|none
|-damage|p2a: Necrozma|42/100 brn|[from] brn
|upkeep
|turn|281
|inactive|PokeDuels has 25 seconds left this turn.
|inactive|PokeDuels has 20 seconds left.
|
|t:|1634167507
|switch|p2a: Eternatus|Eternatus|64/100 brn
|-damage|p2a: Eternatus|52/100 brn|[from] Stealth Rock
|-ability|p2a: Eternatus|Pressure
|switch|p1a: Ditto|Ditto|55/100 slp
|-damage|p1a: Ditto|42/100 slp|[from] Stealth Rock
|-transform|p1a: Ditto|p2a: Eternatus|[from] ability: Imposter
|-ability|p1a: Ditto|Pressure
|
|-damage|p2a: Eternatus|46/100 brn|[from] brn
|upkeep
|turn|282
|inactive|PokeDuels has 25 seconds left this turn.
|inactive|PokeDuels has 20 seconds left.
|
|t:|1634167516
|switch|p1a: Ho-Oh|Ho-Oh|100/100 par
|switch|p2a: Ho-Oh|Ho-Oh|90/100
|
|upkeep
|turn|283
|inactive|PokeDuels has 20 seconds left this turn.
|inactive|PokeDuels has 15 seconds left.
|
|t:|1634167525
|move|p1a: Ho-Oh|Toxic|p2a: Ho-Oh|[miss]
|-miss|p1a: Ho-Oh|p2a: Ho-Oh
|move|p2a: Ho-Oh|Whirlwind|p1a: Ho-Oh
|drag|p1a: Eternatus|Eternatus|70/100 brn
|-damage|p1a: Eternatus|58/100 brn|[from] Stealth Rock
|-ability|p1a: Eternatus|Pressure
|
|-heal|p1a: Eternatus|64/100 brn|[from] item: Black Sludge
|-damage|p1a: Eternatus|58/100 brn|[from] brn
|upkeep
|turn|284
|inactive|PokeDuels has 20 seconds left this turn.
|inactive|PokeDuels has 15 seconds left.
|
|t:|1634167532
|switch|p2a: Tyranitar|Tyranitar, F|63/100
|-damage|p2a: Tyranitar|51/100|[from] Stealth Rock
|-weather|Sandstorm|[from] ability: Sand Stream|[of] p2a: Tyranitar
|move|p1a: Eternatus|Recover|p1a: Eternatus
|-heal|p1a: Eternatus|100/100 brn
|
|-weather|Sandstorm|[upkeep]
|-damage|p1a: Eternatus|94/100 brn|[from] Sandstorm
|-heal|p1a: Eternatus|100/100 brn|[from] item: Black Sludge
|-damage|p1a: Eternatus|94/100 brn|[from] brn
|upkeep
|turn|285
|inactive|PokeDuels has 15 seconds left this turn.
|
|t:|1634167536
|move|p1a: Eternatus|Toxic|p2a: Tyranitar
|-status|p2a: Tyranitar|tox
|move|p2a: Tyranitar|Rest|p2a: Tyranitar
|-status|p2a: Tyranitar|slp|[from] move: Rest
|-heal|p2a: Tyranitar|100/100 slp|[silent]
|
|-weather|Sandstorm|[upkeep]
|-damage|p1a: Eternatus|88/100 brn|[from] Sandstorm
|-heal|p1a: Eternatus|94/100 brn|[from] item: Black Sludge
|-damage|p1a: Eternatus|88/100 brn|[from] brn
|upkeep
|turn|286
|inactive|PokeDuels has 20 seconds left this turn.
|inactive|PokeDuels has 15 seconds left.
|inactive|PokeDuels has 10 seconds left.
|
|t:|1634167551
|switch|p1a: Ho-Oh|Ho-Oh|100/100 par
|switch|p2a: Ho-Oh|Ho-Oh|100/100
|
|-weather|Sandstorm|[upkeep]
|-damage|p2a: Ho-Oh|94/100|[from] Sandstorm
|-damage|p1a: Ho-Oh|94/100 par|[from] Sandstorm
|upkeep
|turn|287
|inactive|PokeDuels has 10 seconds left this turn.
|
|t:|1634167559
|switch|p2a: Tyranitar|Tyranitar, F|100/100 slp
|-damage|p2a: Tyranitar|88/100 slp|[from] Stealth Rock
|move|p1a: Ho-Oh|Toxic||[still]
|-fail|p1a: Ho-Oh
|
|-weather|Sandstorm|[upkeep]
|-damage|p1a: Ho-Oh|88/100 par|[from] Sandstorm
|upkeep
|turn|288
|inactive|PokeDuels has 15 seconds left this turn.
|
|t:|1634167564
|cant|p2a: Tyranitar|slp
|cant|p1a: Ho-Oh|par
|
|-weather|none
|upkeep
|turn|289
|inactive|PokeDuels has 15 seconds left this turn.
|
|t:|1634167569
|cant|p2a: Tyranitar|slp
|move|p1a: Ho-Oh|Defog|p2a: Tyranitar
|-unboost|p2a: Tyranitar|evasion|1
|-sideend|p2: PokeDuels|Stealth Rock|[from] move: Defog|[of] p1a: Ho-Oh
|-sideend|p1: Pkmn3443|Stealth Rock|[from] move: Defog|[of] p1a: Ho-Oh
|
|upkeep
|turn|290
|inactive|PokeDuels has 20 seconds left this turn.
|
|t:|1634167573
|switch|p1a: Eternatus|Eternatus|88/100 brn
|-ability|p1a: Eternatus|Pressure
|-curestatus|p2a: Tyranitar|slp|[msg]
|move|p2a: Tyranitar|Stealth Rock|p1a: Eternatus
|-sidestart|p1: Pkmn3443|move: Stealth Rock
|
|-heal|p1a: Eternatus|94/100 brn|[from] item: Black Sludge
|-damage|p1a: Eternatus|88/100 brn|[from] brn
|upkeep
|turn|291
|inactive|PokeDuels has 20 seconds left this turn.
|inactive|PokeDuels has 15 seconds left.
|
|t:|1634167578
|switch|p1a: Necrozma|Necrozma-Dusk-Mane|94/100 par
|-damage|p1a: Necrozma|88/100 par|[from] Stealth Rock
|move|p2a: Tyranitar|Rest|p2a: Tyranitar
|-status|p2a: Tyranitar|slp|[from] move: Rest
|-heal|p2a: Tyranitar|100/100 slp|[silent]
|
|upkeep
|turn|292
|inactive|PokeDuels has 20 seconds left this turn.
|inactive|PokeDuels has 15 seconds left.
|
|t:|1634167584
|switch|p2a: Buzzwole|Buzzwole|91/100
|move|p1a: Necrozma|Stealth Rock|p2a: Buzzwole
|-sidestart|p2: PokeDuels|move: Stealth Rock
|
|upkeep
|turn|293
|inactive|PokeDuels has 15 seconds left this turn.
|inactive|PokeDuels has 10 seconds left.
|
|t:|1634167590
|switch|p1a: Ho-Oh|Ho-Oh|100/100 par
|move|p2a: Buzzwole|Lunge|p1a: Ho-Oh
|-resisted|p1a: Ho-Oh
|-damage|p1a: Ho-Oh|94/100 par
|-unboost|p1a: Ho-Oh|atk|1
|
|upkeep
|turn|294
|inactive|PokeDuels has 15 seconds left this turn.
|inactive|PokeDuels has 10 seconds left.
|
|t:|1634167596
|switch|p2a: Eternatus|Eternatus|46/100 brn
|-damage|p2a: Eternatus|33/100 brn|[from] Stealth Rock
|-ability|p2a: Eternatus|Pressure
|cant|p1a: Ho-Oh|par
|
|-damage|p2a: Eternatus|27/100 brn|[from] brn
|upkeep
|turn|295
|inactive|PokeDuels has 10 seconds left this turn.
|
|t:|1634167600
|move|p2a: Eternatus|Recover|p2a: Eternatus
|-heal|p2a: Eternatus|77/100 brn
|move|p1a: Ho-Oh|Whirlwind|p2a: Eternatus
|drag|p2a: Tyranitar|Tyranitar, F|100/100 slp
|-damage|p2a: Tyranitar|88/100 slp|[from] Stealth Rock
|-weather|Sandstorm|[from] ability: Sand Stream|[of] p2a: Tyranitar
|
|-weather|Sandstorm|[upkeep]
|-damage|p1a: Ho-Oh|88/100 par|[from] Sandstorm
|upkeep
|turn|296
|inactive|PokeDuels has 15 seconds left this turn.
|
|t:|1634167607
|switch|p1a: Necrozma|Necrozma-Dusk-Mane|88/100 par
|-damage|p1a: Necrozma|82/100 par|[from] Stealth Rock
|cant|p2a: Tyranitar|slp
|
|-weather|Sandstorm|[upkeep]
|upkeep
|turn|297
|inactive|PokeDuels has 15 seconds left this turn.
|
|t:|1634167611
|switch|p2a: Buzzwole|Buzzwole|91/100
|-damage|p2a: Buzzwole|79/100|[from] Stealth Rock
|cant|p1a: Necrozma|par
|
|-weather|Sandstorm|[upkeep]
|-damage|p2a: Buzzwole|73/100|[from] Sandstorm
|upkeep
|turn|298
|inactive|PokeDuels has 20 seconds left this turn.
|inactive|PokeDuels has 15 seconds left.
|
|t:|1634167617
|switch|p2a: Ho-Oh|Ho-Oh|100/100
|switch|p1a: Ho-Oh|Ho-Oh|100/100 par
|
|-weather|Sandstorm|[upkeep]
|-damage|p2a: Ho-Oh|94/100|[from] Sandstorm
|-damage|p1a: Ho-Oh|94/100 par|[from] Sandstorm
|upkeep
|turn|299
|inactive|PokeDuels has 15 seconds left this turn.
|
|t:|1634167623
|switch|p2a: Zygarde|Zygarde|76/100
|-damage|p2a: Zygarde|70/100|[from] Stealth Rock
|move|p1a: Ho-Oh|Defog|p2a: Zygarde
|-unboost|p2a: Zygarde|evasion|1
|-sideend|p2: PokeDuels|Stealth Rock|[from] move: Defog|[of] p1a: Ho-Oh
|-sideend|p1: Pkmn3443|Stealth Rock|[from] move: Defog|[of] p1a: Ho-Oh
|
|-weather|none
|upkeep
|turn|300
|inactive|PokeDuels has 20 seconds left this turn.
|
|t:|1634167626
|switch|p2a: Tyranitar|Tyranitar, F|88/100 slp
|-weather|Sandstorm|[from] ability: Sand Stream|[of] p2a: Tyranitar
|switch|p1a: Ditto|Ditto|42/100 slp
|-transform|p1a: Ditto|p2a: Tyranitar|[from] ability: Imposter
|
|-weather|Sandstorm|[upkeep]
|upkeep
|turn|301
|inactive|PokeDuels has 20 seconds left this turn.
|
|t:|1634167631
|-curestatus|p1a: Ditto|slp|[msg]
|move|p1a: Ditto|Rest|p1a: Ditto
|-status|p1a: Ditto|slp|[from] move: Rest
|-heal|p1a: Ditto|100/100 slp|[silent]
|cant|p2a: Tyranitar|slp
|
|-weather|Sandstorm|[upkeep]
|upkeep
|turn|302
|inactive|PokeDuels has 25 seconds left this turn.
|
|t:|1634167636
|switch|p1a: Eternatus|Eternatus|88/100 brn
|-ability|p1a: Eternatus|Pressure
|-curestatus|p2a: Tyranitar|slp|[msg]
|move|p2a: Tyranitar|Stealth Rock|p1a: Eternatus
|-sidestart|p1: Pkmn3443|move: Stealth Rock
|
|-weather|Sandstorm|[upkeep]
|-damage|p1a: Eternatus|82/100 brn|[from] Sandstorm
|-heal|p1a: Eternatus|88/100 brn|[from] item: Black Sludge
|-damage|p1a: Eternatus|82/100 brn|[from] brn
|upkeep
|turn|303
|inactive|PokeDuels has 25 seconds left this turn.
|inactive|PokeDuels has 20 seconds left.
|
|t:|1634167642
|move|p1a: Eternatus|Toxic|p2a: Tyranitar
|-status|p2a: Tyranitar|tox
|move|p2a: Tyranitar|Rest|p2a: Tyranitar
|-status|p2a: Tyranitar|slp|[from] move: Rest
|-heal|p2a: Tyranitar|100/100 slp|[silent]
|
|-weather|Sandstorm|[upkeep]
|-damage|p1a: Eternatus|76/100 brn|[from] Sandstorm
|-heal|p1a: Eternatus|82/100 brn|[from] item: Black Sludge
|-damage|p1a: Eternatus|76/100 brn|[from] brn
|upkeep
|turn|304
|inactive|PokeDuels has 25 seconds left this turn.
|
|t:|1634167646
|switch|p1a: Ditto|Ditto|100/100 slp
|-damage|p1a: Ditto|88/100 slp|[from] Stealth Rock
|-transform|p1a: Ditto|p2a: Tyranitar|[from] ability: Imposter
|switch|p2a: Ho-Oh|Ho-Oh|100/100
|
|-weather|none
|upkeep
|turn|305
|inactive|PokeDuels has 25 seconds left this turn.
|
|t:|1634167649
|cant|p1a: Ditto|slp
|move|p2a: Ho-Oh|Whirlwind|p1a: Ditto
|drag|p1a: Ho-Oh|Ho-Oh|100/100 par
|
|upkeep
|turn|306
|inactive|PokeDuels has 30 seconds left this turn.
|
|t:|1634167655
|switch|p2a: Tyranitar|Tyranitar, F|100/100 slp
|-weather|Sandstorm|[from] ability: Sand Stream|[of] p2a: Tyranitar
|cant|p1a: Ho-Oh|par
|
|-weather|Sandstorm|[upkeep]
|-damage|p1a: Ho-Oh|94/100 par|[from] Sandstorm
|upkeep
|turn|307
|inactive|PokeDuels has 30 seconds left this turn.
|
|t:|1634167659
|switch|p1a: Ditto|Ditto|88/100 slp
|-damage|p1a: Ditto|76/100 slp|[from] Stealth Rock
|-transform|p1a: Ditto|p2a: Tyranitar|[from] ability: Imposter
|cant|p2a: Tyranitar|slp
|
|-weather|Sandstorm|[upkeep]
|upkeep
|turn|308
|
|t:|1634167664
|switch|p2a: Zygarde|Zygarde|70/100
|cant|p1a: Ditto|slp
|
|-weather|Sandstorm|[upkeep]
|upkeep
|turn|309
|
|t:|1634167668
|switch|p1a: Ho-Oh|Ho-Oh|100/100 par
|move|p2a: Zygarde|Thousand Arrows|p1a: Ho-Oh
|-damage|p1a: Ho-Oh|80/100 par
|-start|p1a: Ho-Oh|Smack Down
|
|-weather|Sandstorm|[upkeep]
|-damage|p1a: Ho-Oh|74/100 par|[from] Sandstorm
|upkeep
|turn|310
|
|t:|1634167671
|switch|p1a: Ditto|Ditto|76/100 slp
|-damage|p1a: Ditto|63/100 slp|[from] Stealth Rock
|-transform|p1a: Ditto|p2a: Zygarde|[from] ability: Imposter
|move|p2a: Zygarde|Thousand Arrows|p1a: Ditto
|-damage|p1a: Ditto|39/100 slp
|
|-weather|none
|upkeep
|turn|311
|inactive|PokeDuels has 30 seconds left.
|
|t:|1634167685
|switch|p2a: Necrozma|Necrozma-Dusk-Mane|42/100 brn
|-curestatus|p1a: Ditto|slp|[msg]
|move|p1a: Ditto|Rest|p1a: Ditto
|-status|p1a: Ditto|slp|[from] move: Rest
|-heal|p1a: Ditto|100/100 slp|[silent]
|
|-damage|p2a: Necrozma|36/100 brn|[from] brn
|upkeep
|turn|312
|
|t:|1634167689
|cant|p1a: Ditto|slp
|move|p2a: Necrozma|Moonlight|p2a: Necrozma
|-heal|p2a: Necrozma|86/100 brn
|
|-damage|p2a: Necrozma|80/100 brn|[from] brn
|upkeep
|turn|313
|
|t:|1634167694
|switch|p2a: Zygarde|Zygarde|70/100
|cant|p1a: Ditto|slp
|
|upkeep
|turn|314
|
|t:|1634167697
|switch|p1a: Ho-Oh|Ho-Oh|100/100 par
|switch|p2a: Buzzwole|Buzzwole|73/100
|
|upkeep
|turn|315
|
|t:|1634167705
|switch|p2a: Eternatus|Eternatus|77/100 brn
|-ability|p2a: Eternatus|Pressure
|switch|p1a: Ditto|Ditto|100/100 slp
|-damage|p1a: Ditto|88/100 slp|[from] Stealth Rock
|-transform|p1a: Ditto|p2a: Eternatus|[from] ability: Imposter
|-ability|p1a: Ditto|Pressure
|
|-damage|p2a: Eternatus|71/100 brn|[from] brn
|upkeep
|turn|316
|
|t:|1634167711
|switch|p1a: Ho-Oh|Ho-Oh|100/100 par
|move|p2a: Eternatus|Draco Meteor|p1a: Ho-Oh
|-damage|p1a: Ho-Oh|69/100 par
|-unboost|p2a: Eternatus|spa|2
|
|-damage|p2a: Eternatus|65/100 brn|[from] brn
|upkeep
|turn|317
|
|t:|1634167720
|move|p2a: Eternatus|Toxic Spikes|p1a: Ho-Oh
|-sidestart|p1: Pkmn3443|move: Toxic Spikes
|move|p1a: Ho-Oh|Defog|p2a: Eternatus
|-unboost|p2a: Eternatus|evasion|1
|-sideend|p1: Pkmn3443|Toxic Spikes|[from] move: Defog|[of] p1a: Ho-Oh
|-sideend|p1: Pkmn3443|Stealth Rock|[from] move: Defog|[of] p1a: Ho-Oh
|
|-damage|p2a: Eternatus|59/100 brn|[from] brn
|upkeep
|turn|318
|
|t:|1634167723
|switch|p1a: Eternatus|Eternatus|76/100 brn
|-ability|p1a: Eternatus|Pressure
|move|p2a: Eternatus|Toxic Spikes|p1a: Eternatus
|-sidestart|p1: Pkmn3443|move: Toxic Spikes
|
|-heal|p1a: Eternatus|82/100 brn|[from] item: Black Sludge
|-damage|p2a: Eternatus|53/100 brn|[from] brn
|-damage|p1a: Eternatus|76/100 brn|[from] brn
|upkeep
|turn|319
|
|t:|1634167726
|switch|p2a: Tyranitar|Tyranitar, F|100/100 slp
|-weather|Sandstorm|[from] ability: Sand Stream|[of] p2a: Tyranitar
|switch|p1a: Ho-Oh|Ho-Oh|100/100 par
|
|-weather|Sandstorm|[upkeep]
|-damage|p1a: Ho-Oh|94/100 par|[from] Sandstorm
|upkeep
|turn|320
|
|t:|1634167730
|switch|p1a: Eternatus|Eternatus|76/100 brn
|-sideend|p1: Pkmn3443|move: Toxic Spikes|[of] p1a: Eternatus
|-ability|p1a: Eternatus|Pressure
|cant|p2a: Tyranitar|slp
|
|-weather|Sandstorm|[upkeep]
|-damage|p1a: Eternatus|70/100 brn|[from] Sandstorm
|-heal|p1a: Eternatus|76/100 brn|[from] item: Black Sludge
|-damage|p1a: Eternatus|70/100 brn|[from] brn
|upkeep
|turn|321
|
|t:|1634167735
|switch|p1a: Ditto|Ditto|88/100 slp
|-transform|p1a: Ditto|p2a: Tyranitar|[from] ability: Imposter
|switch|p2a: Necrozma|Necrozma-Dusk-Mane|80/100 brn
|
|-weather|Sandstorm|[upkeep]
|-damage|p2a: Necrozma|74/100 brn|[from] brn
|upkeep
|turn|322
|
|t:|1634167739
|switch|p1a: Ho-Oh|Ho-Oh|100/100 par
|move|p2a: Necrozma|Sunsteel Strike|p1a: Ho-Oh
|-resisted|p1a: Ho-Oh
|-damage|p1a: Ho-Oh|93/100 par
|
|-weather|Sandstorm|[upkeep]
|-damage|p1a: Ho-Oh|87/100 par|[from] Sandstorm
|-damage|p2a: Necrozma|68/100 brn|[from] brn
|upkeep
|turn|323
|
|t:|1634167743
|switch|p2a: Tyranitar|Tyranitar, F|100/100 slp
|switch|p1a: Ditto|Ditto|88/100 slp
|-transform|p1a: Ditto|p2a: Tyranitar|[from] ability: Imposter
|
|-weather|none
|upkeep
|turn|324
|
|t:|1634167747
|switch|p2a: Buzzwole|Buzzwole|73/100
|-curestatus|p1a: Ditto|slp|[msg]
|move|p1a: Ditto|Stealth Rock|p2a: Buzzwole
|-sidestart|p2: PokeDuels|move: Stealth Rock
|
|upkeep
|turn|325
|
|t:|1634167750
|switch|p1a: Ho-Oh|Ho-Oh|100/100 par
|switch|p2a: Tyranitar|Tyranitar, F|100/100 slp
|-damage|p2a: Tyranitar|88/100 slp|[from] Stealth Rock
|-weather|Sandstorm|[from] ability: Sand Stream|[of] p2a: Tyranitar
|
|-weather|Sandstorm|[upkeep]
|-damage|p1a: Ho-Oh|94/100 par|[from] Sandstorm
|upkeep
|turn|326
|
|t:|1634167753
|switch|p1a: Ditto|Ditto|88/100
|-transform|p1a: Ditto|p2a: Tyranitar|[from] ability: Imposter
|-curestatus|p2a: Tyranitar|slp|[msg]
|move|p2a: Tyranitar|Stealth Rock|p1a: Ditto
|-sidestart|p1: Pkmn3443|move: Stealth Rock
|
|-weather|Sandstorm|[upkeep]
|upkeep
|turn|327
|
|t:|1634167757
|switch|p2a: Buzzwole|Buzzwole|73/100
|-damage|p2a: Buzzwole|60/100|[from] Stealth Rock
|move|p1a: Ditto|Rest|p1a: Ditto
|-status|p1a: Ditto|slp|[from] move: Rest
|-heal|p1a: Ditto|100/100 slp|[silent]
|
|-weather|Sandstorm|[upkeep]
|-damage|p2a: Buzzwole|54/100|[from] Sandstorm
|upkeep
|turn|328
|
|t:|1634167764
|switch|p1a: Ho-Oh|Ho-Oh|100/100 par
|move|p2a: Buzzwole|Roost|p2a: Buzzwole
|-heal|p2a: Buzzwole|100/100
|-singleturn|p2a: Buzzwole|move: Roost
|
|-weather|Sandstorm|[upkeep]
|-damage|p2a: Buzzwole|94/100|[from] Sandstorm
|-damage|p1a: Ho-Oh|94/100 par|[from] Sandstorm
|upkeep
|turn|329
|inactive|PokeDuels has 60 seconds left.
|
|t:|1634167769
|switch|p2a: Eternatus|Eternatus|53/100 brn
|-damage|p2a: Eternatus|40/100 brn|[from] Stealth Rock
|-ability|p2a: Eternatus|Pressure
|move|p1a: Ho-Oh|Whirlwind|p2a: Eternatus
|drag|p2a: Buzzwole|Buzzwole|94/100
|-damage|p2a: Buzzwole|82/100|[from] Stealth Rock
|
|-weather|none
|upkeep
|turn|330
|
|t:|1634167774
|switch|p2a: Tyranitar|Tyranitar, F|88/100
|-damage|p2a: Tyranitar|76/100|[from] Stealth Rock
|-weather|Sandstorm|[from] ability: Sand Stream|[of] p2a: Tyranitar
|switch|p1a: Ditto|Ditto|100/100 slp
|-damage|p1a: Ditto|88/100 slp|[from] Stealth Rock
|-transform|p1a: Ditto|p2a: Tyranitar|[from] ability: Imposter
|
|-weather|Sandstorm|[upkeep]
|upkeep
|turn|331
|
|t:|1634167777
|switch|p2a: Eternatus|Eternatus|40/100 brn
|-damage|p2a: Eternatus|28/100 brn|[from] Stealth Rock
|-ability|p2a: Eternatus|Pressure
|cant|p1a: Ditto|slp
|
|-weather|Sandstorm|[upkeep]
|-damage|p2a: Eternatus|22/100 brn|[from] Sandstorm
|-damage|p2a: Eternatus|16/100 brn|[from] brn
|upkeep
|turn|332
|
|t:|1634167780
|switch|p1a: Ho-Oh|Ho-Oh|100/100 par
|move|p2a: Eternatus|Recover|p2a: Eternatus
|-heal|p2a: Eternatus|66/100 brn
|
|-weather|Sandstorm|[upkeep]
|-damage|p2a: Eternatus|59/100 brn|[from] Sandstorm
|-damage|p1a: Ho-Oh|94/100 par|[from] Sandstorm
|-damage|p2a: Eternatus|53/100 brn|[from] brn
|upkeep
|turn|333
|
|t:|1634167783
|move|p2a: Eternatus|Recover|p2a: Eternatus
|-heal|p2a: Eternatus|100/100 brn
|move|p1a: Ho-Oh|Defog|p2a: Eternatus
|-unboost|p2a: Eternatus|evasion|1
|-sideend|p2: PokeDuels|Stealth Rock|[from] move: Defog|[of] p1a: Ho-Oh
|-sideend|p1: Pkmn3443|Stealth Rock|[from] move: Defog|[of] p1a: Ho-Oh
|
|-weather|Sandstorm|[upkeep]
|-damage|p2a: Eternatus|94/100 brn|[from] Sandstorm
|-damage|p1a: Ho-Oh|88/100 par|[from] Sandstorm
|-damage|p2a: Eternatus|88/100 brn|[from] brn
|upkeep
|turn|334
|
|t:|1634167788
|switch|p2a: Tyranitar|Tyranitar, F|76/100
|switch|p1a: Necrozma|Necrozma-Dusk-Mane|82/100 par
|
|-weather|none
|upkeep
|turn|335
|
|t:|1634167793
|switch|p2a: Necrozma|Necrozma-Dusk-Mane|68/100 brn
|cant|p1a: Necrozma|par
|
|-damage|p2a: Necrozma|62/100 brn|[from] brn
|upkeep
|turn|336
|
|t:|1634167796
|move|p2a: Necrozma|Stealth Rock|p1a: Necrozma
|-sidestart|p1: Pkmn3443|move: Stealth Rock
|move|p1a: Necrozma|Knock Off|p2a: Necrozma
|-supereffective|p2a: Necrozma
|-damage|p2a: Necrozma|38/100 brn
|
|-damage|p2a: Necrozma|32/100 brn|[from] brn
|upkeep
|turn|337
|l| Phlippp
|
|t:|1634167798
|move|p2a: Necrozma|Moonlight|p2a: Necrozma
|-heal|p2a: Necrozma|82/100 brn
|move|p1a: Necrozma|Stealth Rock|p2a: Necrozma
|-sidestart|p2: PokeDuels|move: Stealth Rock
|
|-damage|p2a: Necrozma|76/100 brn|[from] brn
|upkeep
|turn|338
|
|t:|1634167804
|switch|p2a: Buzzwole|Buzzwole|82/100
|-damage|p2a: Buzzwole|69/100|[from] Stealth Rock
|move|p1a: Necrozma|Knock Off|p2a: Buzzwole
|-resisted|p2a: Buzzwole
|-damage|p2a: Buzzwole|64/100
|
|upkeep
|turn|339
|
|t:|1634167813
|switch|p1a: Ho-Oh|Ho-Oh|100/100 par
|move|p2a: Buzzwole|Ice Punch|p1a: Ho-Oh
|-damage|p1a: Ho-Oh|84/100 par
|
|upkeep
|turn|340
|
|t:|1634167815
|switch|p2a: Tyranitar|Tyranitar, F|76/100
|-damage|p2a: Tyranitar|63/100|[from] Stealth Rock
|-weather|Sandstorm|[from] ability: Sand Stream|[of] p2a: Tyranitar
|switch|p1a: Ditto|Ditto|88/100 slp
|-damage|p1a: Ditto|76/100 slp|[from] Stealth Rock
|-transform|p1a: Ditto|p2a: Tyranitar|[from] ability: Imposter
|
|-weather|Sandstorm|[upkeep]
|upkeep
|turn|341
|
|t:|1634167821
|switch|p2a: Buzzwole|Buzzwole|64/100
|-damage|p2a: Buzzwole|52/100|[from] Stealth Rock
|cant|p1a: Ditto|slp
|
|-weather|Sandstorm|[upkeep]
|-damage|p2a: Buzzwole|45/100|[from] Sandstorm
|upkeep
|turn|342
|
|t:|1634167830
|switch|p1a: Ho-Oh|Ho-Oh|100/100 par
|move|p2a: Buzzwole|Roost|p2a: Buzzwole
|-heal|p2a: Buzzwole|95/100
|-singleturn|p2a: Buzzwole|move: Roost
|
|-weather|Sandstorm|[upkeep]
|-damage|p2a: Buzzwole|89/100|[from] Sandstorm
|-damage|p1a: Ho-Oh|94/100 par|[from] Sandstorm
|upkeep
|turn|343
|
|t:|1634167843
|switch|p2a: Ho-Oh|Ho-Oh|100/100
|switch|p1a: Ditto|Ditto|76/100 slp
|-damage|p1a: Ditto|63/100 slp|[from] Stealth Rock
|-transform|p1a: Ditto|p2a: Ho-Oh|[from] ability: Imposter
|
|-weather|Sandstorm|[upkeep]
|-damage|p1a: Ditto|57/100 slp|[from] Sandstorm
|-damage|p2a: Ho-Oh|94/100|[from] Sandstorm
|upkeep
|turn|344
|
|t:|1634167851
|switch|p1a: Ho-Oh|Ho-Oh|100/100 par
|move|p2a: Ho-Oh|Whirlwind|p1a: Ho-Oh
|drag|p1a: Eternatus|Eternatus|70/100 brn
|-damage|p1a: Eternatus|57/100 brn|[from] Stealth Rock
|-ability|p1a: Eternatus|Pressure
|
|-weather|none
|-heal|p1a: Eternatus|63/100 brn|[from] item: Black Sludge
|-damage|p1a: Eternatus|57/100 brn|[from] brn
|upkeep
|turn|345
|
|t:|1634167857
|switch|p2a: Tyranitar|Tyranitar, F|63/100
|-damage|p2a: Tyranitar|51/100|[from] Stealth Rock
|-weather|Sandstorm|[from] ability: Sand Stream|[of] p2a: Tyranitar
|move|p1a: Eternatus|Recover|p1a: Eternatus
|-heal|p1a: Eternatus|100/100 brn
|
|-weather|Sandstorm|[upkeep]
|-damage|p1a: Eternatus|94/100 brn|[from] Sandstorm
|-heal|p1a: Eternatus|100/100 brn|[from] item: Black Sludge
|-damage|p1a: Eternatus|94/100 brn|[from] brn
|upkeep
|turn|346
|
|t:|1634167861
|switch|p1a: Ditto|Ditto|90/100 slp
|-damage|p1a: Ditto|78/100 slp|[from] Stealth Rock
|-transform|p1a: Ditto|p2a: Tyranitar|[from] ability: Imposter
|move|p2a: Tyranitar|Rest|p2a: Tyranitar
|-status|p2a: Tyranitar|slp|[from] move: Rest
|-heal|p2a: Tyranitar|100/100 slp|[silent]
|
|-weather|Sandstorm|[upkeep]
|upkeep
|turn|347
|
|t:|1634167866
|switch|p2a: Buzzwole|Buzzwole|89/100
|-damage|p2a: Buzzwole|77/100|[from] Stealth Rock
|-curestatus|p1a: Ditto|slp|[msg]
|move|p1a: Ditto|Rest|p1a: Ditto
|-status|p1a: Ditto|slp|[from] move: Rest
|-heal|p1a: Ditto|100/100 slp|[silent]
|
|-weather|Sandstorm|[upkeep]
|-damage|p2a: Buzzwole|71/100|[from] Sandstorm
|upkeep
|turn|348
|
|t:|1634167870
|switch|p1a: Ho-Oh|Ho-Oh|100/100 par
|switch|p2a: Ho-Oh|Ho-Oh|100/100
|
|-weather|Sandstorm|[upkeep]
|-damage|p2a: Ho-Oh|94/100|[from] Sandstorm
|-damage|p1a: Ho-Oh|94/100 par|[from] Sandstorm
|upkeep
|turn|349
|
|t:|1634167877
|move|p1a: Ho-Oh|Toxic|p2a: Ho-Oh
|-status|p2a: Ho-Oh|tox
|move|p2a: Ho-Oh|Whirlwind|p1a: Ho-Oh
|drag|p1a: Ditto|Ditto|100/100 slp
|-damage|p1a: Ditto|88/100 slp|[from] Stealth Rock
|-transform|p1a: Ditto|p2a: Ho-Oh|[from] ability: Imposter
|
|-weather|none
|-damage|p2a: Ho-Oh|88/100 tox|[from] psn
|upkeep
|turn|350
|
|t:|1634167882
|switch|p1a: Ho-Oh|Ho-Oh|100/100 par
|move|p2a: Ho-Oh|Whirlwind|p1a: Ho-Oh
|drag|p1a: Ditto|Ditto|100/100 slp
|-damage|p1a: Ditto|88/100 slp|[from] Stealth Rock
|-transform|p1a: Ditto|p2a: Ho-Oh|[from] ability: Imposter
|
|-damage|p2a: Ho-Oh|75/100 tox|[from] psn
|upkeep
|turn|351
|
|t:|1634167884
|switch|p1a: Ho-Oh|Ho-Oh|100/100 par
|move|p2a: Ho-Oh|Whirlwind|p1a: Ho-Oh
|drag|p1a: Ditto|Ditto|100/100 slp
|-damage|p1a: Ditto|88/100 slp|[from] Stealth Rock
|-transform|p1a: Ditto|p2a: Ho-Oh|[from] ability: Imposter
|
|-damage|p2a: Ho-Oh|57/100 tox|[from] psn
|upkeep
|turn|352
|
|t:|1634167887
|switch|p1a: Ho-Oh|Ho-Oh|100/100 par
|move|p2a: Ho-Oh|Whirlwind|p1a: Ho-Oh
|drag|p1a: Eternatus|Eternatus|94/100 brn
|-damage|p1a: Eternatus|82/100 brn|[from] Stealth Rock
|-ability|p1a: Eternatus|Pressure
|
|-heal|p1a: Eternatus|88/100 brn|[from] item: Black Sludge
|-damage|p2a: Ho-Oh|32/100 tox|[from] psn
|-damage|p1a: Eternatus|82/100 brn|[from] brn
|upkeep
|turn|353
|
|t:|1634167902
|switch|p1a: Ho-Oh|Ho-Oh|100/100 par
|switch|p2a: Tyranitar|Tyranitar, F|100/100 slp
|-damage|p2a: Tyranitar|88/100 slp|[from] Stealth Rock
|-weather|Sandstorm|[from] ability: Sand Stream|[of] p2a: Tyranitar
|
|-weather|Sandstorm|[upkeep]
|-damage|p1a: Ho-Oh|94/100 par|[from] Sandstorm
|upkeep
|turn|354
|
|t:|1634167905
|switch|p1a: Ditto|Ditto|100/100 slp
|-damage|p1a: Ditto|88/100 slp|[from] Stealth Rock
|-transform|p1a: Ditto|p2a: Tyranitar|[from] ability: Imposter
|cant|p2a: Tyranitar|slp
|
|-weather|Sandstorm|[upkeep]
|upkeep
|turn|355
|
|t:|1634167916
|switch|p2a: Ho-Oh|Ho-Oh|65/100 tox
|cant|p1a: Ditto|slp
|
|-weather|Sandstorm|[upkeep]
|-damage|p2a: Ho-Oh|59/100 tox|[from] Sandstorm
|-damage|p2a: Ho-Oh|52/100 tox|[from] psn
|upkeep
|turn|356
|
|t:|1634167921
|switch|p2a: Eternatus|Eternatus|88/100 brn
|-damage|p2a: Eternatus|76/100 brn|[from] Stealth Rock
|-ability|p2a: Eternatus|Pressure
|cant|p1a: Ditto|slp
|
|-weather|Sandstorm|[upkeep]
|-damage|p2a: Eternatus|70/100 brn|[from] Sandstorm
|-damage|p2a: Eternatus|63/100 brn|[from] brn
|upkeep
|turn|357
|
|t:|1634167927
|switch|p2a: Buzzwole|Buzzwole|71/100
|-damage|p2a: Buzzwole|58/100|[from] Stealth Rock
|switch|p1a: Ho-Oh|Ho-Oh|100/100 par
|
|-weather|none
|upkeep
|turn|358
|
|t:|1634167930
|switch|p2a: Ho-Oh|Ho-Oh|86/100 tox
|switch|p1a: Ditto|Ditto|88/100 slp
|-damage|p1a: Ditto|76/100 slp|[from] Stealth Rock
|-transform|p1a: Ditto|p2a: Ho-Oh|[from] ability: Imposter
|
|-damage|p2a: Ho-Oh|79/100 tox|[from] psn
|upkeep
|turn|359
|
|t:|1634167933
|switch|p1a: Ho-Oh|Ho-Oh|100/100 par
|move|p2a: Ho-Oh|Whirlwind|p1a: Ho-Oh
|drag|p1a: Yveltal|Yveltal|74/100
|-ability|p1a: Yveltal|Dark Aura
|
|-damage|p2a: Ho-Oh|67/100 tox|[from] psn
|upkeep
|turn|360
|
|t:|1634167941
|switch|p1a: Ho-Oh|Ho-Oh|100/100 par
|switch|p2a: Eternatus|Eternatus|63/100 brn
|-damage|p2a: Eternatus|51/100 brn|[from] Stealth Rock
|-ability|p2a: Eternatus|Pressure
|
|-damage|p2a: Eternatus|45/100 brn|[from] brn
|upkeep
|turn|361
|
|t:|1634167948
|move|p2a: Eternatus|Recover|p2a: Eternatus
|-heal|p2a: Eternatus|95/100 brn
|move|p1a: Ho-Oh|Defog|p2a: Eternatus
|-unboost|p2a: Eternatus|evasion|1
|-sideend|p2: PokeDuels|Stealth Rock|[from] move: Defog|[of] p1a: Ho-Oh
|-sideend|p1: Pkmn3443|Stealth Rock|[from] move: Defog|[of] p1a: Ho-Oh
|
|-damage|p2a: Eternatus|89/100 brn|[from] brn
|upkeep
|turn|362
|
|t:|1634167953
|switch|p1a: Necrozma|Necrozma-Dusk-Mane|82/100 par
|move|p2a: Eternatus|Toxic Spikes|p1a: Necrozma
|-sidestart|p1: Pkmn3443|move: Toxic Spikes
|
|-damage|p2a: Eternatus|83/100 brn|[from] brn
|upkeep
|turn|363
|
|t:|1634167960
|switch|p2a: Necrozma|Necrozma-Dusk-Mane|76/100 brn
|move|p1a: Necrozma|Stealth Rock|p2a: Necrozma
|-sidestart|p2: PokeDuels|move: Stealth Rock
|
|-damage|p2a: Necrozma|70/100 brn|[from] brn
|upkeep
|turn|364
|
|t:|1634167963
|move|p2a: Necrozma|Stealth Rock|p1a: Necrozma
|-sidestart|p1: Pkmn3443|move: Stealth Rock
|cant|p1a: Necrozma|par
|
|-damage|p2a: Necrozma|64/100 brn|[from] brn
|upkeep
|turn|365
|-message|PokeDuels forfeited.
|
|win|Pkmn3443
|raw|Pkmn3443's rating: 1590 &rarr; <strong>1618</strong><br />(+28 for winning)
|raw|PokeDuels's rating: 1732 &rarr; <strong>1704</strong><br />(-28 for losing)
|l|☆PokeDuels
