|j|☆Ilovescaldburns
|j|☆lotiasite ❤
|t:|1621555604
|gametype|singles
|player|p1|Ilovescaldburns|pokemonranger-gen3rs|
|player|p2|lotiasite ❤|169|
|teamsize|p1|6
|teamsize|p2|6
|gen|8
|tier|[Gen 8] Ubers
|rule|Sleep Clause Mod: Limit one foe put to sleep
|rule|Species Clause: Limit one of each Pokémon
|rule|OHKO Clause: OHKO moves are banned
|rule|Evasion Moves Clause: Evasion moves are banned
|rule|Endless Battle Clause: Forcing endless battles is banned
|rule|HP Percentage Mod: HP is shown in percentages
|rule|Dynamax Clause: You cannot dynamax
|clearpoke
|poke|p1|Darmanitan-Galar, M|
|poke|p1|Eternatus|
|poke|p1|Yveltal|
|poke|p1|Necrozma-Dusk-Mane|
|poke|p1|Xerneas-*|
|poke|p1|Groudon|
|poke|p2|Zekrom|
|poke|p2|Ho-Oh|
|poke|p2|Necrozma-Dusk-Mane|
|poke|p2|Yveltal|
|poke|p2|Groudon|
|poke|p2|Eternatus|
|teampreview
|c|☆lotiasite ❤|glhf
|c|☆Ilovescaldburns|/log Ilovescaldburns made this room public.
|c|☆Ilovescaldburns|gl
|j| omi)artist
|j| ALlCE
|j| Beraldinhoo
|
|t:|1621555705
|start
|switch|p1a: Eternatus|Eternatus|100/100
|switch|p2a: Ho-Oh|Ho-Oh|100/100
|-ability|p1a: Eternatus|Pressure
|turn|1
|j| Golden Mornings
|c| Golden Mornings|loti
|j| 80 balloons
|c| Golden Mornings|do it
|
|t:|1621555763
|switch|p2a: Necrozma|Necrozma-Dusk-Mane|100/100
|move|p1a: Eternatus|Dynamax Cannon|p2a: Necrozma
|-resisted|p2a: Necrozma
|-damage|p2a: Necrozma|77/100
|
|upkeep
|turn|2
|l| 80 balloons
|j|+lei
|
|t:|1621555786
|move|p1a: Eternatus|Flamethrower|p2a: Necrozma
|-supereffective|p2a: Necrozma
|-damage|p2a: Necrozma|28/100
|move|p2a: Necrozma|Morning Sun|p2a: Necrozma
|-heal|p2a: Necrozma|78/100
|
|upkeep
|turn|3
|
|t:|1621555823
|move|p1a: Eternatus|Flamethrower|p2a: Necrozma
|-supereffective|p2a: Necrozma
|-crit|p2a: Necrozma
|-damage|p2a: Necrozma|8/100
|move|p2a: Necrozma|Morning Sun|p2a: Necrozma
|-heal|p2a: Necrozma|58/100
|
|upkeep
|turn|4
|c|☆Ilovescaldburns|srry
|
|t:|1621555839
|move|p1a: Eternatus|Flamethrower|p2a: Necrozma
|-supereffective|p2a: Necrozma
|-damage|p2a: Necrozma|12/100
|move|p2a: Necrozma|Morning Sun|p2a: Necrozma
|-heal|p2a: Necrozma|62/100
|
|upkeep
|turn|5
|
|t:|1621555848
|switch|p2a: Eternatus|Eternatus|100/100
|-ability|p2a: Eternatus|Pressure
|move|p1a: Eternatus|Flamethrower|p2a: Eternatus
|-resisted|p2a: Eternatus
|-damage|p2a: Eternatus|90/100
|
|-heal|p2a: Eternatus|96/100|[from] item: Black Sludge
|upkeep
|turn|6
|j| Anvil Head
|j| dedddgamerman
|
|t:|1621555915
|move|p2a: Eternatus|Dynamax Cannon|p1a: Eternatus
|-supereffective|p1a: Eternatus
|-damage|p1a: Eternatus|27/100
|move|p1a: Eternatus|Dynamax Cannon|p2a: Eternatus
|-supereffective|p2a: Eternatus
|-damage|p2a: Eternatus|20/100
|
|-heal|p2a: Eternatus|26/100|[from] item: Black Sludge
|upkeep
|turn|7
|l| dedddgamerman
|
|t:|1621555977
|switch|p1a: Necrozma|Necrozma-Dusk-Mane|100/100
|move|p2a: Eternatus|Dynamax Cannon|p1a: Necrozma
|-resisted|p1a: Necrozma
|-damage|p1a: Necrozma|80/100
|
|-heal|p2a: Eternatus|33/100|[from] item: Black Sludge
|upkeep
|turn|8
|j| Frito135
|c| Beraldinhoo|I just noticed that it is an ubers game
|c| Beraldinhoo|and
|c| Beraldinhoo|doesn't have any sticky web
|c| Beraldinhoo|'-'
|l|+lei
|
|t:|1621556025
|switch|p2a: Groudon|Groudon|100/100
|-weather|SunnyDay|[from] ability: Drought|[of] p2a: Groudon
|move|p1a: Necrozma|Trick Room|p1a: Necrozma
|-fieldstart|move: Trick Room|[of] p1a: Necrozma
|
|-weather|SunnyDay|[upkeep]
|upkeep
|turn|9
|l| Anvil Head
|j| UULT81xNalgasUUer
|
|t:|1621556083
|switch|p1a: Groudon|Groudon|100/100
|move|p2a: Groudon|Precipice Blades|p1a: Groudon|[miss]
|-miss|p2a: Groudon|p1a: Groudon
|
|-weather|SunnyDay|[upkeep]
|upkeep
|turn|10
|c|☆Ilovescaldburns|srry
|c| ALlCE|e
|c| Beraldinhoo|olé
|l| Golden Mornings
|j| LolTrollGame
|j| Golden Mornings
|
|t:|1621556134
|move|p1a: Groudon|Swords Dance|p1a: Groudon
|-boost|p1a: Groudon|atk|2
|move|p2a: Groudon|Precipice Blades|p1a: Groudon
|-damage|p1a: Groudon|53/100
|
|-weather|SunnyDay|[upkeep]
|-heal|p1a: Groudon|59/100|[from] item: Leftovers
|upkeep
|turn|11
|
|t:|1621556169
|switch|p2a: Ho-Oh|Ho-Oh|100/100
|move|p1a: Groudon|Precipice Blades|p2a: Ho-Oh
|-immune|p2a: Ho-Oh
|
|-weather|SunnyDay|[upkeep]
|-heal|p1a: Groudon|65/100|[from] item: Leftovers
|upkeep
|turn|12
|
|t:|1621556203
|switch|p2a: Eternatus|Eternatus|33/100
|-ability|p2a: Eternatus|Pressure
|move|p1a: Groudon|Stone Edge|p2a: Eternatus|[miss]
|-miss|p1a: Groudon|p2a: Eternatus
|
|-weather|none
|-heal|p1a: Groudon|71/100|[from] item: Leftovers
|-heal|p2a: Eternatus|39/100|[from] item: Black Sludge
|-fieldend|move: Trick Room
|upkeep
|turn|13
|c| Beraldinhoo|ofc!
|
|t:|1621556235
|switch|p2a: Yveltal|Yveltal|100/100
|-ability|p2a: Yveltal|Dark Aura
|move|p1a: Groudon|Precipice Blades|p2a: Yveltal
|-immune|p2a: Yveltal
|
|-heal|p1a: Groudon|77/100|[from] item: Leftovers
|upkeep
|turn|14
|
|t:|1621556247
|switch|p1a: Yveltal|Yveltal|100/100
|-ability|p1a: Yveltal|Dark Aura
|move|p2a: Yveltal|Foul Play|p1a: Yveltal
|-resisted|p1a: Yveltal
|-damage|p1a: Yveltal|69/100
|
|upkeep
|turn|15
|
|t:|1621556285
|move|p2a: Yveltal|Foul Play|p1a: Yveltal
|-resisted|p1a: Yveltal
|-damage|p1a: Yveltal|42/100
|move|p1a: Yveltal|Knock Off|p2a: Yveltal
|-resisted|p2a: Yveltal
|-damage|p2a: Yveltal|71/100
|-enditem|p2a: Yveltal|Choice Scarf|[from] move: Knock Off|[of] p1a: Yveltal
|
|upkeep
|turn|16
|
|t:|1621556290
|move|p2a: Yveltal|U-turn|p1a: Yveltal
|-damage|p1a: Yveltal|25/100
|
|t:|1621556297
|switch|p2a: Eternatus|Eternatus|39/100|[from]move: U-turn
|-ability|p2a: Eternatus|Pressure
|move|p1a: Yveltal|Roost|p1a: Yveltal
|-heal|p1a: Yveltal|75/100
|-singleturn|p1a: Yveltal|move: Roost
|
|-heal|p2a: Eternatus|45/100|[from] item: Black Sludge
|upkeep
|turn|17
|
|t:|1621556307
|move|p2a: Eternatus|Recover|p2a: Eternatus
|-heal|p2a: Eternatus|95/100
|move|p1a: Yveltal|Knock Off|p2a: Eternatus
|-damage|p2a: Eternatus|35/100
|-enditem|p2a: Eternatus|Black Sludge|[from] move: Knock Off|[of] p1a: Yveltal
|
|upkeep
|turn|18
|
|t:|1621556311
|move|p2a: Eternatus|Recover|p2a: Eternatus
|-heal|p2a: Eternatus|85/100
|move|p1a: Yveltal|Taunt|p2a: Eternatus
|-start|p2a: Eternatus|move: Taunt
|
|upkeep
|turn|19
|
|t:|1621556322
|move|p1a: Yveltal|Sucker Punch|p2a: Eternatus
|-damage|p2a: Eternatus|44/100
|move|p2a: Eternatus|Dynamax Cannon|p1a: Yveltal
|-damage|p1a: Yveltal|37/100
|
|upkeep
|turn|20
|
|t:|1621556332
|switch|p2a: Zekrom|Zekrom|100/100
|-ability|p2a: Zekrom|Teravolt
|move|p1a: Yveltal|Sucker Punch||[still]
|-fail|p1a: Yveltal
|
|upkeep
|turn|21
|
|t:|1621556341
|move|p1a: Yveltal|Taunt|p2a: Zekrom
|-start|p2a: Zekrom|move: Taunt
|move|p2a: Zekrom|Bolt Strike|p1a: Yveltal
|-supereffective|p1a: Yveltal
|-damage|p1a: Yveltal|0 fnt
|faint|p1a: Yveltal
|
|upkeep
|l| omi)artist
|
|t:|1621556357
|switch|p1a: Darmanitan|Darmanitan-Galar, M|100/100
|turn|22
|
|t:|1621556372
|switch|p2a: Necrozma|Necrozma-Dusk-Mane|62/100
|move|p1a: Darmanitan|Substitute|p1a: Darmanitan
|-start|p1a: Darmanitan|Substitute
|-damage|p1a: Darmanitan|75/100
|
|upkeep
|turn|23
|n| Frito135 ❤|frito135
|
|t:|1621556396
|switch|p2a: Ho-Oh|Ho-Oh|100/100
|move|p1a: Darmanitan|Belly Drum|p1a: Darmanitan
|-damage|p1a: Darmanitan|25/100
|-setboost|p1a: Darmanitan|atk|6|[from] move: Belly Drum
|-enditem|p1a: Darmanitan|Salac Berry|[eat]
|-boost|p1a: Darmanitan|spe|1|[from] item: Salac Berry
|
|-formechange|p1a: Darmanitan|Darmanitan-Galar-Zen|
|upkeep
|turn|24
|c| Beraldinhoo|LOL
|c| UULT81xNalgasUUer|lOOOOOOOOOLLLLLOLOOL
|c| UULT81xNalgasUUer|A CASA
|c| UULT81xNalgasUUer|lotiasite
|c| UULT81xNalgasUUer|LA COSA NO ERA TAN SENSILLA
|c| UULT81xNalgasUUer|VINISTE CONFIADO
|c|☆Ilovescaldburns|stfu nalgas
|c| UULT81xNalgasUUer|Y SE TE DIO VUELTA A LA TORTILLA
|raw|<div class="broadcast-red"><strong>Moderated chat was set to +!</strong><br />Only users of rank + and higher can talk.</div>
|
|t:|1621556465
|move|p1a: Darmanitan|Icicle Crash|p2a: Ho-Oh
|-damage|p2a: Ho-Oh|0 fnt
|faint|p2a: Ho-Oh
|
|upkeep
|
|t:|1621556483
|switch|p2a: Necrozma|Necrozma-Dusk-Mane|62/100
|turn|25
|
|t:|1621556495
|move|p1a: Darmanitan|Earthquake|p2a: Necrozma
|-supereffective|p2a: Necrozma
|-damage|p2a: Necrozma|0 fnt
|faint|p2a: Necrozma
|
|upkeep
|
|t:|1621556499
|switch|p2a: Yveltal|Yveltal|71/100
|-ability|p2a: Yveltal|Dark Aura
|turn|26
|
|t:|1621556501
|move|p1a: Darmanitan|Icicle Crash|p2a: Yveltal
|-supereffective|p2a: Yveltal
|-damage|p2a: Yveltal|0 fnt
|faint|p2a: Yveltal
|
|upkeep
|c|☆lotiasite ❤|ye gg
|c|☆Ilovescaldburns|gg
|c|☆lotiasite ❤|pls stfu other ppl
|
|t:|1621556508
|switch|p2a: Groudon|Groudon|100/100
|-weather|SunnyDay|[from] ability: Drought|[of] p2a: Groudon
|turn|27
|c|☆Ilovescaldburns|srry about that
|
|t:|1621556517
|move|p1a: Darmanitan|Icicle Crash|p2a: Groudon
|-supereffective|p2a: Groudon
|-damage|p2a: Groudon|0 fnt
|faint|p2a: Groudon
|
|-weather|SunnyDay|[upkeep]
|upkeep
|
|t:|1621556520
|switch|p2a: Eternatus|Eternatus|44/100
|-ability|p2a: Eternatus|Pressure
|turn|28
|
|t:|1621556522
|move|p1a: Darmanitan|Earthquake|p2a: Eternatus
|-supereffective|p2a: Eternatus
|-damage|p2a: Eternatus|0 fnt
|faint|p2a: Eternatus
|
|-weather|SunnyDay|[upkeep]
|upkeep
|
|t:|1621556526
|switch|p2a: Zekrom|Zekrom|100/100
|-ability|p2a: Zekrom|Teravolt
|turn|29
|
|t:|1621556529
|move|p1a: Darmanitan|Earthquake|p2a: Zekrom
|-supereffective|p2a: Zekrom
|-damage|p2a: Zekrom|0 fnt
|faint|p2a: Zekrom
|
|win|Ilovescaldburns
