|j|☆pronix
|j|☆nidolord369
|t:|1648834211
|gametype|singles
|player|p1|pronix|giovanni|1463
|player|p2|nidolord369|allister|1332
|teamsize|p1|6
|teamsize|p2|6
|gen|8
|tier|[Gen 8] Ubers
|rated|
|rule|Sleep Clause Mod: Limit one foe put to sleep
|rule|Species Clause: Limit one of each Pokémon
|rule|OHKO Clause: OHKO moves are banned
|rule|Evasion Moves Clause: Evasion moves are banned
|rule|Endless Battle Clause: Forcing endless battles is banned
|rule|HP Percentage Mod: HP is shown in percentages
|rule|Dynamax Clause: You cannot dynamax
|clearpoke
|poke|p1|Xerneas-*|
|poke|p1|Cloyster, F|
|poke|p1|Calyrex-Shadow|
|poke|p1|Weavile, F|
|poke|p1|Yveltal|
|poke|p1|Necrozma-Dusk-Mane|
|poke|p2|Calyrex-Ice|
|poke|p2|Dialga|
|poke|p2|Magearna|
|poke|p2|Necrozma-Dawn-Wings|
|poke|p2|Ho-Oh|
|poke|p2|Giratina|
|teampreview
|
|t:|1648834220
|start
|switch|p1a: Yveltal|Yveltal|100/100
|switch|p2a: Guilty spark|Magearna|100/100
|-ability|p1a: Yveltal|Dark Aura
|-item|p2a: Guilty spark|Air Balloon
|turn|1
|
|t:|1648834226
|move|p1a: Yveltal|Taunt|p2a: Guilty spark
|-start|p2a: Guilty spark|move: Taunt
|cant|p2a: Guilty spark|move: Taunt|Trick Room
|
|upkeep
|turn|2
|
|t:|1648834228
|move|p1a: Yveltal|Knock Off|p2a: Guilty spark
|-resisted|p2a: Guilty spark
|-damage|p2a: Guilty spark|63/100
|-enditem|p2a: Guilty spark|Air Balloon
|-damage|p1a: Yveltal|91/100|[from] item: Life Orb
|move|p2a: Guilty spark|Dazzling Gleam|p1a: Yveltal
|-supereffective|p1a: Yveltal
|-damage|p1a: Yveltal|13/100
|
|upkeep
|turn|3
|
|t:|1648834232
|move|p1a: Yveltal|Knock Off|p2a: Guilty spark
|-resisted|p2a: Guilty spark
|-damage|p2a: Guilty spark|38/100
|-damage|p1a: Yveltal|3/100|[from] item: Life Orb
|move|p2a: Guilty spark|Dazzling Gleam|p1a: Yveltal
|-supereffective|p1a: Yveltal
|-damage|p1a: Yveltal|0 fnt
|faint|p1a: Yveltal
|-ability|p2a: Guilty spark|Soul-Heart|boost
|-boost|p2a: Guilty spark|spa|1
|
|-end|p2a: Guilty spark|move: Taunt
|upkeep
|
|t:|1648834236
|switch|p1a: Calyrex|Calyrex-Shadow|100/100
|-ability|p1a: Calyrex|As One
|-ability|p1a: Calyrex|Unnerve
|turn|4
|
|t:|1648834242
|move|p1a: Calyrex|Astral Barrage|p2a: Guilty spark
|-damage|p2a: Guilty spark|0 fnt
|faint|p2a: Guilty spark
|-ability|p1a: Calyrex|Grim Neigh|boost
|-boost|p1a: Calyrex|spa|1
|
|upkeep
|
|t:|1648834245
|switch|p2a: Kamella|Necrozma-Dawn-Wings|100/100
|turn|5
|
|t:|1648834247
|move|p1a: Calyrex|Astral Barrage|p2a: Kamella
|-supereffective|p2a: Kamella
|-enditem|p2a: Kamella|Focus Sash
|-damage|p2a: Kamella|1/100
|move|p2a: Kamella|Trick Room|p2a: Kamella
|-fieldstart|move: Trick Room|[of] p2a: Kamella
|
|upkeep
|turn|6
|
|t:|1648834254
|move|p2a: Kamella|Moongeist Beam|p1a: Calyrex
|-supereffective|p1a: Calyrex
|-enditem|p1a: Calyrex|Focus Sash
|-damage|p1a: Calyrex|1/100
|move|p1a: Calyrex|Astral Barrage|p2a: Kamella
|-supereffective|p2a: Kamella
|-damage|p2a: Kamella|0 fnt
|faint|p2a: Kamella
|-ability|p1a: Calyrex|Grim Neigh|boost
|-boost|p1a: Calyrex|spa|1
|
|upkeep
|
|t:|1648834259
|switch|p2a: U.S.S.R napoleon|Calyrex-Ice|100/100
|-ability|p2a: U.S.S.R napoleon|As One
|-ability|p2a: U.S.S.R napoleon|Unnerve
|turn|7
|
|t:|1648834263
|move|p2a: U.S.S.R napoleon|Glacial Lance|p1a: Calyrex
|-damage|p1a: Calyrex|0 fnt
|faint|p1a: Calyrex
|-ability|p2a: U.S.S.R napoleon|Chilling Neigh|boost
|-boost|p2a: U.S.S.R napoleon|atk|1
|
|upkeep
|
|t:|1648834270
|switch|p1a: Necrozma|Necrozma-Dusk-Mane|100/100
|turn|8
|
|t:|1648834280
|switch|p2a: More deluded|Ho-Oh|100/100
|move|p1a: Necrozma|Earthquake|p2a: More deluded
|-immune|p2a: More deluded
|
|upkeep
|turn|9
|
|t:|1648834285
|move|p2a: More deluded|Sacred Fire|p1a: Necrozma
|-supereffective|p1a: Necrozma
|-damage|p1a: Necrozma|44/100
|-status|p1a: Necrozma|brn
|move|p1a: Necrozma|Photon Geyser|p2a: More deluded
|-damage|p2a: More deluded|76/100
|
|-heal|p1a: Necrozma|50/100 brn|[from] item: Leftovers
|-damage|p1a: Necrozma|44/100 brn|[from] brn
|-fieldend|move: Trick Room
|upkeep
|turn|10
|
|t:|1648834292
|move|p1a: Necrozma|Dragon Dance|p1a: Necrozma
|-boost|p1a: Necrozma|atk|1
|-boost|p1a: Necrozma|spe|1
|move|p2a: More deluded|Sacred Fire|p1a: Necrozma
|-supereffective|p1a: Necrozma
|-damage|p1a: Necrozma|0 fnt
|faint|p1a: Necrozma
|
|upkeep
|
|t:|1648834298
|switch|p1a: Weavile|Weavile, F|100/100
|-ability|p1a: Weavile|Pressure
|turn|11
|
|t:|1648834301
|move|p1a: Weavile|Triple Axel|p2a: More deluded
|-damage|p2a: More deluded|64/100
|-damage|p2a: More deluded|45/100
|-damage|p2a: More deluded|12/100
|-hitcount|p2a: More deluded|3
|-damage|p1a: Weavile|91/100|[from] item: Life Orb
|move|p2a: More deluded|Sacred Fire|p1a: Weavile
|-supereffective|p1a: Weavile
|-damage|p1a: Weavile|0 fnt
|faint|p1a: Weavile
|
|upkeep
|
|t:|1648834306
|switch|p1a: Xerneas|Xerneas|100/100
|-ability|p1a: Xerneas|Fairy Aura
|turn|12
|
|t:|1648834309
|move|p1a: Xerneas|Geomancy||[still]
|-prepare|p1a: Xerneas|Geomancy
|-enditem|p1a: Xerneas|Power Herb
|-anim|p1a: Xerneas|Geomancy|p1a: Xerneas
|-boost|p1a: Xerneas|spa|2
|-boost|p1a: Xerneas|spd|2
|-boost|p1a: Xerneas|spe|2
|move|p2a: More deluded|Roar|p1a: Xerneas
|drag|p1a: Cloyster|Cloyster, F|100/100
|
|upkeep
|turn|13
|
|t:|1648834321
|switch|p2a: Mind concluded|Dialga|100/100
|-ability|p2a: Mind concluded|Pressure
|move|p1a: Cloyster|Shell Smash|p1a: Cloyster
|-unboost|p1a: Cloyster|def|1
|-unboost|p1a: Cloyster|spd|1
|-boost|p1a: Cloyster|atk|2
|-boost|p1a: Cloyster|spa|2
|-boost|p1a: Cloyster|spe|2
|
|upkeep
|turn|14
|
|t:|1648834330
|move|p1a: Cloyster|Icicle Spear|p2a: Mind concluded
|-crit|p2a: Mind concluded
|-damage|p2a: Mind concluded|74/100
|-damage|p2a: Mind concluded|58/100
|-damage|p2a: Mind concluded|42/100
|-damage|p2a: Mind concluded|25/100
|-damage|p2a: Mind concluded|7/100
|-hitcount|p2a: Mind concluded|5
|move|p2a: Mind concluded|Steel Beam|p1a: Cloyster
|-enditem|p1a: Cloyster|Focus Sash
|-damage|p1a: Cloyster|1/100
|-damage|p2a: Mind concluded|0 fnt|[from] mindblown
|faint|p2a: Mind concluded
|
|upkeep
|
|t:|1648834339
|switch|p2a: U.S.S.R napoleon|Calyrex-Ice|100/100
|-ability|p2a: U.S.S.R napoleon|As One
|-ability|p2a: U.S.S.R napoleon|Unnerve
|turn|15
|
|t:|1648834353
|move|p1a: Cloyster|Rock Blast|p2a: U.S.S.R napoleon
|-supereffective|p2a: U.S.S.R napoleon
|-damage|p2a: U.S.S.R napoleon|84/100
|-enditem|p2a: U.S.S.R napoleon|Weakness Policy
|-boost|p2a: U.S.S.R napoleon|atk|2|[from] item: Weakness Policy
|-boost|p2a: U.S.S.R napoleon|spa|2|[from] item: Weakness Policy
|-supereffective|p2a: U.S.S.R napoleon
|-damage|p2a: U.S.S.R napoleon|68/100
|-supereffective|p2a: U.S.S.R napoleon
|-damage|p2a: U.S.S.R napoleon|50/100
|-supereffective|p2a: U.S.S.R napoleon
|-damage|p2a: U.S.S.R napoleon|33/100
|-supereffective|p2a: U.S.S.R napoleon
|-damage|p2a: U.S.S.R napoleon|17/100
|-hitcount|p2a: U.S.S.R napoleon|5
|move|p2a: U.S.S.R napoleon|Trick Room|p2a: U.S.S.R napoleon
|-fieldstart|move: Trick Room|[of] p2a: U.S.S.R napoleon
|
|upkeep
|turn|16
|
|t:|1648834368
|move|p2a: U.S.S.R napoleon|Glacial Lance|p1a: Cloyster
|-resisted|p1a: Cloyster
|-damage|p1a: Cloyster|0 fnt
|faint|p1a: Cloyster
|-ability|p2a: U.S.S.R napoleon|Chilling Neigh|boost
|-boost|p2a: U.S.S.R napoleon|atk|1
|
|upkeep
|
|t:|1648834379
|switch|p1a: Xerneas|Xerneas|100/100
|-ability|p1a: Xerneas|Fairy Aura
|turn|17
|
|t:|1648834382
|move|p2a: U.S.S.R napoleon|Glacial Lance|p1a: Xerneas
|-damage|p1a: Xerneas|0 fnt
|faint|p1a: Xerneas
|
|win|nidolord369
|raw|pronix's rating: 1463 &rarr; <strong>1436</strong><br />(-27 for losing)
|raw|nidolord369's rating: 1332 &rarr; <strong>1359</strong><br />(+27 for winning)
|l|☆pronix
||Ladder isn't responding, score probably updated but might not have (Request timeout).
