|raw|<div class="broadcast-blue"><strong>This battle is required to be public due to a player having a name starting with 'lt92pf'.</div>
|j|☆LT92PF Pachito
|j|☆Zenadark
|t:|1659726606
|gametype|singles
|player|p1|LT92PF Pachito|janine|
|player|p2|Zenadark|cyrus-masters|
|teamsize|p1|6
|teamsize|p2|6
|gen|8
|tier|[Gen 8] Ubers
|rule|Sleep Clause Mod: Limit one foe put to sleep
|rule|Species Clause: Limit one of each Pokémon
|rule|OHKO Clause: OHKO moves are banned
|rule|Evasion Items Clause: Evasion items are banned
|rule|Evasion Moves Clause: Evasion moves are banned
|rule|Endless Battle Clause: Forcing endless battles is banned
|rule|HP Percentage Mod: HP is shown in percentages
|rule|Dynamax Clause: You cannot dynamax
|clearpoke
|poke|p1|Necrozma-Dusk-Mane|
|poke|p1|Kyogre|
|poke|p1|Groudon|
|poke|p1|Xerneas-*|
|poke|p1|Yveltal|
|poke|p1|Calyrex-Shadow|
|poke|p2|Rayquaza|
|poke|p2|Necrozma-Dusk-Mane|
|poke|p2|Yveltal|
|poke|p2|Ferrothorn, M|
|poke|p2|Calyrex-Shadow|
|poke|p2|Xerneas-*|
|teampreview
|c|☆Zenadark|hf
|c|☆LT92PF Pachito|hf
|inactive|Battle timer is ON: inactive players will automatically lose when time's up. (requested by LT92PF Pachito)
|
|t:|1659726656
|start
|switch|p1a: Groudon|Groudon|100/100
|switch|p2a: Rayquaza|Rayquaza|100/100
|-ability|p2a: Rayquaza|Air Lock
|-weather|SunnyDay|[from] ability: Drought|[of] p1a: Groudon
|turn|1
|
|t:|1659726669
|move|p2a: Rayquaza|Dragon Ascent|p1a: Groudon
|-damage|p1a: Groudon|48/100
|-unboost|p2a: Rayquaza|def|1
|-unboost|p2a: Rayquaza|spd|1
|move|p1a: Groudon|Stealth Rock|p2a: Rayquaza
|-sidestart|p2: Zenadark|move: Stealth Rock
|
|-weather|SunnyDay|[upkeep]
|-heal|p1a: Groudon|54/100|[from] item: Leftovers
|upkeep
|turn|2
|
|t:|1659726693
|switch|p1a: Xerneas|Xerneas|100/100
|-ability|p1a: Xerneas|Fairy Aura
|move|p2a: Rayquaza|Dragon Ascent|p1a: Xerneas
|-damage|p1a: Xerneas|6/100
|-unboost|p2a: Rayquaza|def|1
|-unboost|p2a: Rayquaza|spd|1
|
|-weather|SunnyDay|[upkeep]
|upkeep
|turn|3
|
|t:|1659726702
|switch|p2a: Necrozma|Necrozma-Dusk-Mane|100/100
|-damage|p2a: Necrozma|94/100|[from] Stealth Rock
|move|p1a: Xerneas|Moonblast|p2a: Necrozma
|-resisted|p2a: Necrozma
|-damage|p2a: Necrozma|71/100
|-unboost|p2a: Necrozma|spa|1
|
|-weather|SunnyDay|[upkeep]
|-heal|p2a: Necrozma|77/100|[from] item: Leftovers
|upkeep
|turn|4
|
|t:|1659726721
|switch|p1a: Groudon|Groudon|54/100
|move|p2a: Necrozma|Stealth Rock|p1a: Groudon
|-sidestart|p1: LT92PF Pachito|move: Stealth Rock
|
|-weather|SunnyDay|[upkeep]
|-heal|p2a: Necrozma|84/100|[from] item: Leftovers
|-heal|p1a: Groudon|60/100|[from] item: Leftovers
|upkeep
|turn|5
|
|t:|1659726730
|switch|p2a: Yveltal|Yveltal, shiny|100/100
|-ability|p2a: Yveltal|Dark Aura
|move|p1a: Groudon|Earthquake|p2a: Yveltal
|-immune|p2a: Yveltal
|
|-weather|none
|-heal|p1a: Groudon|67/100|[from] item: Leftovers
|upkeep
|turn|6
|
|t:|1659726735
|move|p2a: Yveltal|Taunt|p1a: Groudon
|-start|p1a: Groudon|move: Taunt
|cant|p1a: Groudon|move: Taunt|Toxic
|
|-heal|p1a: Groudon|73/100|[from] item: Leftovers
|upkeep
|turn|7
|
|t:|1659726739
|switch|p1a: Xerneas|Xerneas|6/100
|-damage|p1a: Xerneas|0 fnt|[from] Stealth Rock
|faint|p1a: Xerneas
|move|p2a: Yveltal|Toxic|p1: Xerneas|[notarget]
|-fail|p2a: Yveltal
|
|upkeep
|
|t:|1659726752
|switch|p1a: Yveltal|Yveltal|100/100
|-ability|p1a: Yveltal|Dark Aura
|turn|8
|
|t:|1659726756
|move|p2a: Yveltal|Toxic|p1a: Yveltal
|-status|p1a: Yveltal|tox
|move|p1a: Yveltal|Taunt|p2a: Yveltal
|-start|p2a: Yveltal|move: Taunt
|
|-damage|p1a: Yveltal|94/100 tox|[from] psn
|upkeep
|turn|9
|
|t:|1659726762
|switch|p2a: Ferrothorn|Ferrothorn, M, shiny|100/100
|-damage|p2a: Ferrothorn|94/100|[from] Stealth Rock
|move|p1a: Yveltal|Knock Off|p2a: Ferrothorn
|-damage|p2a: Ferrothorn|55/100
|-damage|p1a: Yveltal|82/100 tox|[from] ability: Iron Barbs|[of] p2a: Ferrothorn
|-enditem|p2a: Ferrothorn|Leftovers|[from] move: Knock Off|[of] p1a: Yveltal
|
|-damage|p1a: Yveltal|70/100 tox|[from] psn
|upkeep
|turn|10
|
|t:|1659726767
|move|p1a: Yveltal|Taunt|p2a: Ferrothorn
|-start|p2a: Ferrothorn|move: Taunt
|move|p2a: Ferrothorn|Knock Off|p1a: Yveltal
|-resisted|p1a: Yveltal
|-damage|p1a: Yveltal|59/100 tox
|-enditem|p1a: Yveltal|Heavy-Duty Boots|[from] move: Knock Off|[of] p2a: Ferrothorn
|
|-damage|p1a: Yveltal|40/100 tox|[from] psn
|upkeep
|turn|11
|
|t:|1659726771
|switch|p2a: Yveltal|Yveltal, shiny|100/100
|-ability|p2a: Yveltal|Dark Aura
|move|p1a: Yveltal|Roost|p1a: Yveltal
|-heal|p1a: Yveltal|90/100 tox
|-singleturn|p1a: Yveltal|move: Roost
|
|-damage|p1a: Yveltal|66/100 tox|[from] psn
|upkeep
|turn|12
|
|t:|1659726777
|move|p2a: Yveltal|Taunt|p1a: Yveltal
|-start|p1a: Yveltal|move: Taunt
|move|p1a: Yveltal|Knock Off|p2a: Yveltal
|-resisted|p2a: Yveltal
|-damage|p2a: Yveltal|74/100
|-enditem|p2a: Yveltal|Heavy-Duty Boots|[from] move: Knock Off|[of] p1a: Yveltal
|
|-damage|p1a: Yveltal|35/100 tox|[from] psn
|upkeep
|turn|13
|
|t:|1659726784
|move|p2a: Yveltal|Roost|p2a: Yveltal
|-heal|p2a: Yveltal|100/100
|-singleturn|p2a: Yveltal|move: Roost
|move|p1a: Yveltal|Knock Off|p2a: Yveltal
|-resisted|p2a: Yveltal
|-damage|p2a: Yveltal|83/100
|
|-damage|p1a: Yveltal|0 fnt|[from] psn
|faint|p1a: Yveltal
|upkeep
|
|t:|1659726790
|switch|p1a: Kyogre|Kyogre|100/100
|-damage|p1a: Kyogre|88/100|[from] Stealth Rock
|-weather|RainDance|[from] ability: Drizzle|[of] p1a: Kyogre
|turn|14
|
|t:|1659726798
|switch|p2a: Ferrothorn|Ferrothorn, M, shiny|55/100
|-damage|p2a: Ferrothorn|49/100|[from] Stealth Rock
|move|p1a: Kyogre|Ice Beam|p2a: Ferrothorn
|-damage|p2a: Ferrothorn|31/100
|
|-weather|RainDance|[upkeep]
|-heal|p1a: Kyogre|94/100|[from] item: Leftovers
|upkeep
|turn|15
|
|t:|1659726814
|move|p1a: Kyogre|Substitute|p1a: Kyogre
|-start|p1a: Kyogre|Substitute
|-damage|p1a: Kyogre|69/100
|move|p2a: Ferrothorn|Leech Seed||[still]
|-fail|p2a: Ferrothorn
|
|-weather|RainDance|[upkeep]
|-heal|p1a: Kyogre|75/100|[from] item: Leftovers
|upkeep
|turn|16
|
|t:|1659726817
|move|p1a: Kyogre|Calm Mind|p1a: Kyogre
|-boost|p1a: Kyogre|spa|1
|-boost|p1a: Kyogre|spd|1
|move|p2a: Ferrothorn|Bullet Seed|p1a: Kyogre
|-supereffective|p1a: Kyogre
|-crit|p1a: Kyogre
|-activate|p1a: Kyogre|move: Substitute|[damage]
|-supereffective|p1a: Kyogre
|-end|p1a: Kyogre|Substitute
|-supereffective|p1a: Kyogre
|-damage|p1a: Kyogre|63/100
|-hitcount|p1a: Kyogre|3
|
|-weather|RainDance|[upkeep]
|-heal|p1a: Kyogre|69/100|[from] item: Leftovers
|upkeep
|turn|17
|
|t:|1659726823
|move|p1a: Kyogre|Substitute|p1a: Kyogre
|-start|p1a: Kyogre|Substitute
|-damage|p1a: Kyogre|44/100
|move|p2a: Ferrothorn|Bullet Seed|p1a: Kyogre
|-supereffective|p1a: Kyogre
|-activate|p1a: Kyogre|move: Substitute|[damage]
|-supereffective|p1a: Kyogre
|-activate|p1a: Kyogre|move: Substitute|[damage]
|-hitcount|p1a: Kyogre|2
|
|-weather|RainDance|[upkeep]
|-heal|p1a: Kyogre|50/100|[from] item: Leftovers
|upkeep
|turn|18
|
|t:|1659726830
|move|p1a: Kyogre|Scald|p2a: Ferrothorn
|-resisted|p2a: Ferrothorn
|-damage|p2a: Ferrothorn|1/100
|move|p2a: Ferrothorn|Bullet Seed|p1a: Kyogre
|-supereffective|p1a: Kyogre
|-end|p1a: Kyogre|Substitute
|-supereffective|p1a: Kyogre
|-damage|p1a: Kyogre|39/100
|-hitcount|p1a: Kyogre|2
|
|-weather|none
|-heal|p1a: Kyogre|45/100|[from] item: Leftovers
|upkeep
|turn|19
|
|t:|1659726840
|move|p1a: Kyogre|Scald|p2a: Ferrothorn
|-resisted|p2a: Ferrothorn
|-damage|p2a: Ferrothorn|0 fnt
|faint|p2a: Ferrothorn
|
|-heal|p1a: Kyogre|51/100|[from] item: Leftovers
|upkeep
|
|t:|1659726845
|switch|p2a: Rayquaza|Rayquaza|100/100
|-damage|p2a: Rayquaza|76/100|[from] Stealth Rock
|-ability|p2a: Rayquaza|Air Lock
|turn|20
|
|t:|1659726852
|move|p2a: Rayquaza|Extreme Speed|p1a: Kyogre
|-damage|p1a: Kyogre|16/100
|move|p1a: Kyogre|Ice Beam|p2a: Rayquaza
|-supereffective|p2a: Rayquaza
|-damage|p2a: Rayquaza|0 fnt
|faint|p2a: Rayquaza
|
|-heal|p1a: Kyogre|22/100|[from] item: Leftovers
|upkeep
|
|t:|1659726857
|switch|p2a: Calyrex|Calyrex-Shadow|100/100
|-ability|p2a: Calyrex|As One
|-ability|p2a: Calyrex|Unnerve
|-damage|p2a: Calyrex|88/100|[from] Stealth Rock
|turn|21
|c|☆Zenadark|gg
|
|t:|1659726864
|move|p2a: Calyrex|Astral Barrage|p1a: Kyogre
|-damage|p1a: Kyogre|0 fnt
|faint|p1a: Kyogre
|-ability|p2a: Calyrex|Grim Neigh|boost
|-boost|p2a: Calyrex|spa|1
|
|upkeep
|
|t:|1659726873
|switch|p1a: Calyrex|Calyrex-Shadow|100/100
|-ability|p1a: Calyrex|As One
|-ability|p1a: Calyrex|Unnerve
|-damage|p1a: Calyrex|88/100|[from] Stealth Rock
|turn|22
|
|t:|1659726876
|switch|p2a: Yveltal|Yveltal, shiny|83/100
|-damage|p2a: Yveltal|58/100|[from] Stealth Rock
|-ability|p2a: Yveltal|Dark Aura
|move|p1a: Calyrex|Astral Barrage|p2a: Yveltal
|-resisted|p2a: Yveltal
|-damage|p2a: Yveltal|21/100
|
|upkeep
|turn|23
|
|t:|1659726881
|move|p1a: Calyrex|Astral Barrage|p2a: Yveltal
|-resisted|p2a: Yveltal
|-damage|p2a: Yveltal|0 fnt
|faint|p2a: Yveltal
|-ability|p1a: Calyrex|Grim Neigh|boost
|-boost|p1a: Calyrex|spa|1
|
|upkeep
|
|t:|1659726885
|switch|p2a: Calyrex|Calyrex-Shadow|88/100
|-ability|p2a: Calyrex|As One
|-ability|p2a: Calyrex|Unnerve
|-damage|p2a: Calyrex|76/100|[from] Stealth Rock
|turn|24
|
|t:|1659726887
|move|p2a: Calyrex|Astral Barrage|p1a: Calyrex
|-supereffective|p1a: Calyrex
|-damage|p1a: Calyrex|0 fnt
|faint|p1a: Calyrex
|-ability|p2a: Calyrex|Grim Neigh|boost
|-boost|p2a: Calyrex|spa|1
|
|upkeep
|
|t:|1659726889
|switch|p1a: Groudon|Groudon|73/100
|-damage|p1a: Groudon|67/100|[from] Stealth Rock
|-weather|SunnyDay|[from] ability: Drought|[of] p1a: Groudon
|turn|25
|
|t:|1659726892
|move|p2a: Calyrex|Astral Barrage|p1a: Groudon
|-damage|p1a: Groudon|0 fnt
|faint|p1a: Groudon
|-ability|p2a: Calyrex|Grim Neigh|boost
|-boost|p2a: Calyrex|spa|1
|
|-weather|SunnyDay|[upkeep]
|upkeep
|
|t:|1659726896
|switch|p1a: Necrozma|Necrozma-Dusk-Mane|100/100
|-damage|p1a: Necrozma|95/100|[from] Stealth Rock
|turn|26
|c|☆LT92PF Pachito|gg
|
|t:|1659726900
|move|p2a: Calyrex|Astral Barrage|p1a: Necrozma
|-supereffective|p1a: Necrozma
|-damage|p1a: Necrozma|0 fnt
|faint|p1a: Necrozma
|
|win|Zenadark
|l|☆LT92PF Pachito
