|j|☆ovalboi
|j|☆raceface111
|t:|1665351023
|gametype|singles
|player|p1|ovalboi|169|1327
|player|p2|raceface111|169|1318
|teamsize|p1|6
|teamsize|p2|6
|gen|8
|tier|[Gen 8] Ubers
|rated|
|rule|Sleep Clause Mod: Limit one foe put to sleep
|rule|Species Clause: Limit one of each Pokémon
|rule|OHKO Clause: OHKO moves are banned
|rule|Evasion Items Clause: Evasion items are banned
|rule|Evasion Moves Clause: Evasion moves are banned
|rule|Endless Battle Clause: Forcing endless battles is banned
|rule|HP Percentage Mod: HP is shown in percentages
|rule|Dynamax Clause: You cannot dynamax
|clearpoke
|poke|p1|Shuckle, F|
|poke|p1|Palkia|
|poke|p1|Necrozma-Dusk-Mane|
|poke|p1|Yveltal|
|poke|p1|Regieleki|
|poke|p1|Zekrom|
|poke|p2|Weavile, M|
|poke|p2|Dracovish|
|poke|p2|Darmanitan-Galar, F|
|poke|p2|Slurpuff, M|
|poke|p2|Ferrothorn, M|
|poke|p2|Magnezone|
|teampreview
|
|t:|1665351030
|start
|switch|p1a: Shuckle|Shuckle, F|100/100
|switch|p2a: Slurpuff|Slurpuff, M|100/100
|turn|1
|inactive|Battle timer is ON: inactive players will automatically lose when time's up. (requested by ovalboi)
|
|t:|1665351037
|move|p2a: Slurpuff|Magic Coat|p2a: Slurpuff
|-singleturn|p2a: Slurpuff|move: Magic Coat
|move|p1a: Shuckle|Sticky Web|p2a: Slurpuff
|move|p2a: Slurpuff|Sticky Web|p1a: Shuckle|[from]Magic Coat
|-sidestart|p1: ovalboi|move: Sticky Web
|
|upkeep
|turn|2
|
|t:|1665351049
|move|p2a: Slurpuff|Misty Explosion|p1a: Shuckle
|-damage|p1a: Shuckle|75/100
|faint|p2a: Slurpuff
|move|p1a: Shuckle|Sticky Web|p2: Slurpuff
|-sidestart|p2: raceface111|move: Sticky Web
|
|upkeep
|
|t:|1665351057
|switch|p2a: Weavile|Weavile, M|100/100
|-ability|p2a: Weavile|Pressure
|turn|3
|
|t:|1665351062
|move|p2a: Weavile|Swords Dance|p2a: Weavile
|-boost|p2a: Weavile|atk|2
|move|p1a: Shuckle|Stealth Rock|p2a: Weavile
|-sidestart|p2: raceface111|move: Stealth Rock
|
|upkeep
|turn|4
|
|t:|1665351067
|move|p2a: Weavile|Triple Axel|p1a: Shuckle
|-damage|p1a: Shuckle|64/100
|-damage|p1a: Shuckle|40/100
|-hitcount|p1a: Shuckle|2
|move|p1a: Shuckle|Final Gambit|p2a: Weavile
|-damage|p2a: Weavile|66/100
|faint|p1a: Shuckle
|
|upkeep
|inactive|ovalboi has 120 seconds left.
|inactive|ovalboi has 90 seconds left.
|
|t:|1665351135
|switch|p1a: Zekrom|Zekrom|100/100
|-activate|p1a: Zekrom|move: Sticky Web
|-unboost|p1a: Zekrom|spe|1
|-ability|p1a: Zekrom|Teravolt
|turn|5
|inactive|ovalboi has 90 seconds left.
|
|t:|1665351145
|move|p2a: Weavile|Triple Axel|p1a: Zekrom
|-supereffective|p1a: Zekrom
|-damage|p1a: Zekrom|64/100
|-supereffective|p1a: Zekrom
|-damage|p1a: Zekrom|0 fnt
|faint|p1a: Zekrom
|-hitcount|p1: Zekrom|2
|
|upkeep
|
|t:|1665351148
|switch|p1a: Palkia|Palkia|100/100
|-activate|p1a: Palkia|move: Sticky Web
|-unboost|p1a: Palkia|spe|1
|-ability|p1a: Palkia|Pressure
|turn|6
|
|t:|1665351162
|move|p2a: Weavile|Knock Off|p1a: Palkia
|-damage|p1a: Palkia|0 fnt
|-enditem|p1a: Palkia|Lustrous Orb|[from] move: Knock Off|[of] p2a: Weavile
|faint|p1a: Palkia
|
|upkeep
|inactive|ovalboi has 90 seconds left.
|-message|ovalboi forfeited.
|
|win|raceface111
|raw|ovalboi's rating: 1327 &rarr; <strong>1306</strong><br />(-21 for losing)
|raw|raceface111's rating: 1318 &rarr; <strong>1339</strong><br />(+21 for winning)
|l|☆ovalboi
