|j|☆Psyche1408
|j|☆Rell27
|t:|1627459059
|gametype|singles
|player|p1|Psyche1408|169|1322
|player|p2|Rell27|2|1464
|teamsize|p1|6
|teamsize|p2|6
|gen|8
|tier|[Gen 8] Ubers
|rated|
|rule|Sleep Clause Mod: Limit one foe put to sleep
|rule|Species Clause: Limit one of each Pokémon
|rule|OHKO Clause: OHKO moves are banned
|rule|Evasion Moves Clause: Evasion moves are banned
|rule|Endless Battle Clause: Forcing endless battles is banned
|rule|HP Percentage Mod: HP is shown in percentages
|rule|Dynamax Clause: You cannot dynamax
|clearpoke
|poke|p1|Eternatus|
|poke|p1|Calyrex-Shadow|
|poke|p1|Groudon|
|poke|p1|Araquanid, M|
|poke|p1|Quagsire, F|
|poke|p1|Magearna|
|poke|p2|Eternatus|
|poke|p2|Necrozma-Dusk-Mane|
|poke|p2|Kyogre|
|poke|p2|Xerneas-*|
|poke|p2|Yveltal|
|poke|p2|Calyrex-Ice|
|teampreview
|
|t:|1627459077
|start
|switch|p1a: Calyrex|Calyrex-Shadow|100/100
|switch|p2a: Yveltal|Yveltal|100/100
|-ability|p1a: Calyrex|As One
|-ability|p1a: Calyrex|Unnerve
|-ability|p2a: Yveltal|Dark Aura
|turn|1
|inactive|Battle timer is ON: inactive players will automatically lose when time's up. (requested by Psyche1408)
|
|t:|1627459087
|switch|p1a: Magearna|Magearna|100/100
|move|p2a: Yveltal|Knock Off|p1a: Magearna
|-resisted|p1a: Magearna
|-damage|p1a: Magearna|60/100
|-enditem|p1a: Magearna|Weakness Policy|[from] move: Knock Off|[of] p2a: Yveltal
|-damage|p2a: Yveltal|91/100|[from] item: Life Orb
|
|upkeep
|turn|2
|
|t:|1627459094
|switch|p2a: Necrozma|Necrozma-Dusk-Mane|100/100
|move|p1a: Magearna|Shift Gear|p1a: Magearna
|-boost|p1a: Magearna|spe|2
|-boost|p1a: Magearna|atk|1
|
|upkeep
|turn|3
|
|t:|1627459102
|switch|p1a: Quagsire|Quagsire, F|100/100
|move|p2a: Necrozma|Stealth Rock|p1a: Quagsire
|-sidestart|p1: Psyche1408|move: Stealth Rock
|
|upkeep
|turn|4
|
|t:|1627459112
|switch|p2a: Kyogre|Kyogre|100/100
|-weather|RainDance|[from] ability: Drizzle|[of] p2a: Kyogre
|move|p1a: Quagsire|Scald|p2a: Kyogre
|-resisted|p2a: Kyogre
|-damage|p2a: Kyogre|93/100
|
|-weather|RainDance|[upkeep]
|-heal|p2a: Kyogre|99/100|[from] item: Leftovers
|upkeep
|turn|5
|
|t:|1627459127
|switch|p1a: Araquanid|Araquanid, M|100/100
|-damage|p1a: Araquanid|76/100|[from] Stealth Rock
|move|p2a: Kyogre|Scald|p1a: Araquanid
|-resisted|p1a: Araquanid
|-damage|p1a: Araquanid|43/100
|
|-weather|RainDance|[upkeep]
|-heal|p2a: Kyogre|100/100|[from] item: Leftovers
|upkeep
|turn|6
|
|t:|1627459131
|move|p1a: Araquanid|Sticky Web|p2a: Kyogre
|-sidestart|p2: Rell27|move: Sticky Web
|move|p2a: Kyogre|Scald|p1a: Araquanid
|-resisted|p1a: Araquanid
|-damage|p1a: Araquanid|10/100
|
|-weather|RainDance|[upkeep]
|upkeep
|turn|7
|
|t:|1627459136
|move|p1a: Araquanid|Sticky Web||[still]
|-fail|p1a: Araquanid
|move|p2a: Kyogre|Roar|p1a: Araquanid
|drag|p1a: Magearna|Magearna|60/100
|-damage|p1a: Magearna|54/100|[from] Stealth Rock
|
|-weather|RainDance|[upkeep]
|upkeep
|turn|8
|
|t:|1627459142
|move|p1a: Magearna|Fleur Cannon|p2a: Kyogre
|-damage|p2a: Kyogre|68/100
|-unboost|p1a: Magearna|spa|2
|move|p2a: Kyogre|Scald|p1a: Magearna
|-damage|p1a: Magearna|0 fnt
|faint|p1a: Magearna
|
|-weather|none
|-heal|p2a: Kyogre|75/100|[from] item: Leftovers
|upkeep
|
|t:|1627459150
|switch|p1a: Groudon|Groudon|100/100
|-damage|p1a: Groudon|94/100|[from] Stealth Rock
|-weather|SunnyDay|[from] ability: Drought|[of] p1a: Groudon
|turn|9
|
|t:|1627459159
|move|p1a: Groudon|Swords Dance|p1a: Groudon
|-boost|p1a: Groudon|atk|2
|move|p2a: Kyogre|Ice Beam|p1a: Groudon
|-supereffective|p1a: Groudon
|-damage|p1a: Groudon|21/100
|
|-weather|SunnyDay|[upkeep]
|-heal|p1a: Groudon|27/100|[from] item: Leftovers
|-heal|p2a: Kyogre|81/100|[from] item: Leftovers
|upkeep
|turn|10
|
|t:|1627459164
|move|p1a: Groudon|Precipice Blades|p2a: Kyogre
|-damage|p2a: Kyogre|0 fnt
|faint|p2a: Kyogre
|
|-weather|SunnyDay|[upkeep]
|-heal|p1a: Groudon|33/100|[from] item: Leftovers
|upkeep
|
|t:|1627459168
|switch|p2a: Yveltal|Yveltal|91/100
|-ability|p2a: Yveltal|Dark Aura
|turn|11
|
|t:|1627459180
|move|p2a: Yveltal|Sucker Punch|p1a: Groudon
|-damage|p1a: Groudon|0 fnt
|faint|p1a: Groudon
|-damage|p2a: Yveltal|81/100|[from] item: Life Orb
|
|-weather|SunnyDay|[upkeep]
|upkeep
|
|t:|1627459192
|switch|p1a: Quagsire|Quagsire, F|100/100
|-damage|p1a: Quagsire|94/100|[from] Stealth Rock
|turn|12
|
|t:|1627459204
|move|p2a: Yveltal|Knock Off|p1a: Quagsire
|-damage|p1a: Quagsire|29/100
|-enditem|p1a: Quagsire|Leftovers|[from] move: Knock Off|[of] p2a: Yveltal
|-damage|p2a: Yveltal|71/100|[from] item: Life Orb
|move|p1a: Quagsire|Toxic|p2a: Yveltal
|-status|p2a: Yveltal|tox
|
|-weather|SunnyDay|[upkeep]
|-damage|p2a: Yveltal|65/100 tox|[from] psn
|upkeep
|turn|13
|
|t:|1627459215
|switch|p1a: Araquanid|Araquanid, M|10/100
|-damage|p1a: Araquanid|0 fnt|[from] Stealth Rock
|faint|p1a: Araquanid
|move|p2a: Yveltal|Oblivion Wing|p1: Araquanid|[notarget]
|-fail|p2a: Yveltal
|
|-weather|none
|-damage|p2a: Yveltal|52/100 tox|[from] psn
|upkeep
|
|t:|1627459223
|switch|p1a: Eternatus|Eternatus|100/100
|-damage|p1a: Eternatus|88/100|[from] Stealth Rock
|-ability|p1a: Eternatus|Pressure
|turn|14
|
|t:|1627459230
|switch|p2a: Necrozma|Necrozma-Dusk-Mane|100/100
|-activate|p2a: Necrozma|move: Sticky Web
|-unboost|p2a: Necrozma|spe|1
|move|p1a: Eternatus|Toxic Spikes|p2a: Necrozma
|-sidestart|p2: Rell27|move: Toxic Spikes
|
|upkeep
|turn|15
|
|t:|1627459236
|move|p1a: Eternatus|Mystical Fire|p2a: Necrozma
|-supereffective|p2a: Necrozma
|-damage|p2a: Necrozma|71/100
|-unboost|p2a: Necrozma|spa|1
|-enditem|p2a: Necrozma|Weakness Policy
|-boost|p2a: Necrozma|atk|2|[from] item: Weakness Policy
|-boost|p2a: Necrozma|spa|2|[from] item: Weakness Policy
|move|p2a: Necrozma|Sunsteel Strike|p1a: Eternatus
|-damage|p1a: Eternatus|0 fnt
|faint|p1a: Eternatus
|
|upkeep
|
|t:|1627459243
|switch|p1a: Calyrex|Calyrex-Shadow|100/100
|-ability|p1a: Calyrex|As One
|-ability|p1a: Calyrex|Unnerve
|-damage|p1a: Calyrex|88/100|[from] Stealth Rock
|turn|16
|
|t:|1627459255
|switch|p2a: Yveltal|Yveltal|52/100 tox
|-ability|p2a: Yveltal|Dark Aura
|move|p1a: Calyrex|Astral Barrage|p2a: Yveltal
|-resisted|p2a: Yveltal
|-damage|p2a: Yveltal|17/100 tox
|
|-damage|p2a: Yveltal|11/100 tox|[from] psn
|upkeep
|turn|17
|
|t:|1627459265
|switch|p1a: Quagsire|Quagsire, F|29/100
|-damage|p1a: Quagsire|23/100|[from] Stealth Rock
|move|p2a: Yveltal|Sucker Punch||[still]
|-fail|p2a: Yveltal
|
|-damage|p2a: Yveltal|0 fnt|[from] psn
|faint|p2a: Yveltal
|upkeep
|
|t:|1627459274
|switch|p2a: Xerneas|Xerneas|100/100
|-status|p2a: Xerneas|psn
|-activate|p2a: Xerneas|move: Sticky Web
|-unboost|p2a: Xerneas|spe|1
|-ability|p2a: Xerneas|Fairy Aura
|turn|18
|
|t:|1627459284
|move|p2a: Xerneas|Geomancy||[still]
|-prepare|p2a: Xerneas|Geomancy
|-enditem|p2a: Xerneas|Power Herb
|-anim|p2a: Xerneas|Geomancy|p2a: Xerneas
|-boost|p2a: Xerneas|spa|2
|-boost|p2a: Xerneas|spd|2
|-boost|p2a: Xerneas|spe|2
|move|p1a: Quagsire|Recover|p1a: Quagsire
|-heal|p1a: Quagsire|73/100
|
|-damage|p2a: Xerneas|88/100 psn|[from] psn
|upkeep
|turn|19
|
|t:|1627459288
|move|p2a: Xerneas|Moonblast|p1a: Quagsire
|-damage|p1a: Quagsire|0 fnt
|faint|p1a: Quagsire
|
|-damage|p2a: Xerneas|76/100 psn|[from] psn
|upkeep
|
|t:|1627459293
|switch|p1a: Calyrex|Calyrex-Shadow|88/100
|-ability|p1a: Calyrex|As One
|-ability|p1a: Calyrex|Unnerve
|-damage|p1a: Calyrex|76/100|[from] Stealth Rock
|turn|20
|
|t:|1627459303
|move|p1a: Calyrex|Astral Barrage|p2a: Xerneas
|-crit|p2a: Xerneas
|-damage|p2a: Xerneas|0 fnt
|faint|p2a: Xerneas
|-ability|p1a: Calyrex|Grim Neigh|boost
|-boost|p1a: Calyrex|spa|1
|
|upkeep
|c|☆Psyche1408|yooooo
|
|t:|1627459315
|switch|p2a: Calyrex|Calyrex-Ice|100/100
|-ability|p2a: Calyrex|As One
|-ability|p2a: Calyrex|Unnerve
|turn|21
|
|t:|1627459319
|move|p1a: Calyrex|Astral Barrage|p2a: Calyrex
|-supereffective|p2a: Calyrex
|-damage|p2a: Calyrex|0 fnt
|faint|p2a: Calyrex
|-ability|p1a: Calyrex|Grim Neigh|boost
|-boost|p1a: Calyrex|spa|1
|
|upkeep
|-message|Rell27 forfeited.
|
|win|Psyche1408
|raw|Psyche1408's rating: 1322 &rarr; <strong>1350</strong><br />(+28 for winning)
|raw|Rell27's rating: 1464 &rarr; <strong>1436</strong><br />(-28 for losing)
|l|☆Rell27
