|html|<div class="broadcast-blue"><strong>[Gen 8] Ubers is currently suspecting Shadow Tag! For information on how to participate check out the <a href="https://www.smogon.com/forums/threads/np-ss-ubers-stage-6-tag-youre-it.3679546/">suspect thread</a>.</strong></div>
|j|☆Mods are simps
|j|☆Rell27
|t:|1616212419
|player|p1|Mods are simps|burglar|1520
|player|p2|Rell27|2|1538
|teamsize|p1|6
|teamsize|p2|6
|gametype|singles
|gen|8
|tier|[Gen 8] Ubers
|rated|
|clearpoke
|poke|p1|Ditto|
|poke|p1|Zacian|
|poke|p1|Yveltal|
|poke|p1|Necrozma-Dusk-Mane|
|poke|p1|Groudon|
|poke|p1|Calyrex-Ice|
|poke|p2|Eternatus|
|poke|p2|Necrozma-Dusk-Mane|
|poke|p2|Calyrex-Shadow|
|poke|p2|Yveltal|
|poke|p2|Zygarde|
|poke|p2|Xerneas|
|rule|Sleep Clause Mod: Limit one foe put to sleep
|rule|Species Clause: Limit one of each Pokémon
|rule|OHKO Clause: OHKO moves are banned
|rule|Evasion Moves Clause: Evasion moves are banned
|rule|Endless Battle Clause: Forcing endless battles is banned
|rule|HP Percentage Mod: HP is shown in percentages
|rule|Dynamax Clause: You cannot dynamax
|teampreview
|
|t:|1616212443
|start
|switch|p1a: Yveltal|Yveltal|100/100
|switch|p2a: Zygarde|Zygarde|100/100
|-ability|p1a: Yveltal|Dark Aura
|turn|1
|l|☆Mods are simps
|player|p1|
|j|☆Mods are simps
|player|p1|Mods are simps|burglar
|
|t:|1616212480
|switch|p2a: Xerneas|Xerneas|100/100
|-ability|p2a: Xerneas|Fairy Aura
|move|p1a: Yveltal|Knock Off|p2a: Xerneas
|-resisted|p2a: Xerneas
|-damage|p2a: Xerneas|70/100
|-enditem|p2a: Xerneas|Power Herb|[from] move: Knock Off|[of] p1a: Yveltal
|-damage|p1a: Yveltal|91/100|[from] item: Life Orb
|
|upkeep
|turn|2
|
|t:|1616212492
|switch|p2a: Zygarde|Zygarde|100/100
|move|p1a: Yveltal|U-turn|p2a: Zygarde
|-damage|p2a: Zygarde|82/100
|-damage|p1a: Yveltal|81/100|[from] item: Life Orb
|
|t:|1616212515
|switch|p1a: THEASSPOUNDER|Calyrex-Ice|100/100|[from]move: U-turn
|-ability|p1a: THEASSPOUNDER|As One
|-ability|p1a: THEASSPOUNDER|Unnerve|p2: Rell27
|
|-heal|p2a: Zygarde|88/100|[from] item: Leftovers
|upkeep
|turn|3
|
|t:|1616212537
|switch|p2a: Necrozma|Necrozma-Dusk-Mane|100/100
|switch|p1a: Groudon|Groudon|100/100
|-weather|SunnyDay|[from] ability: Drought|[of] p1a: Groudon
|
|-weather|SunnyDay|[upkeep]
|upkeep
|turn|4
|
|t:|1616212546
|switch|p2a: Yveltal|Yveltal|100/100
|-ability|p2a: Yveltal|Dark Aura
|move|p1a: Groudon|Swords Dance|p1a: Groudon
|-boost|p1a: Groudon|atk|2
|
|-weather|SunnyDay|[upkeep]
|upkeep
|turn|5
|
|t:|1616212550
|move|p2a: Yveltal|Dark Pulse|p1a: Groudon
|-damage|p1a: Groudon|39/100
|-damage|p2a: Yveltal|91/100|[from] item: Life Orb
|move|p1a: Groudon|Rock Slide|p2a: Yveltal
|-supereffective|p2a: Yveltal
|-damage|p2a: Yveltal|0 fnt
|faint|p2a: Yveltal
|
|-weather|SunnyDay|[upkeep]
|-heal|p1a: Groudon|45/100|[from] item: Leftovers
|upkeep
|
|t:|1616212560
|switch|p2a: Eternatus|Eternatus|100/100
|-ability|p2a: Eternatus|Pressure
|turn|6
|
|t:|1616212562
|move|p2a: Eternatus|Dynamax Cannon|p1a: Groudon
|-damage|p1a: Groudon|0 fnt
|-damage|p2a: Eternatus|91/100|[from] item: Life Orb
|faint|p1a: Groudon
|
|-weather|SunnyDay|[upkeep]
|upkeep
|
|t:|1616212577
|switch|p1a: Yveltal|Yveltal|81/100
|-ability|p1a: Yveltal|Dark Aura
|turn|7
|
|t:|1616212589
|switch|p2a: Xerneas|Xerneas|70/100
|-ability|p2a: Xerneas|Fairy Aura
|move|p1a: Yveltal|U-turn|p2a: Xerneas
|-resisted|p2a: Xerneas
|-damage|p2a: Xerneas|59/100
|-damage|p1a: Yveltal|71/100|[from] item: Life Orb
|
|t:|1616212596
|switch|p1a: Zacian- Crowned|Necrozma-Dusk-Mane, shiny|100/100|[from]move: U-turn
|
|-weather|none
|upkeep
|turn|8
|
|t:|1616212605
|switch|p2a: Zygarde|Zygarde|88/100
|move|p1a: Zacian- Crowned|Dragon Dance|p1a: Zacian- Crowned
|-boost|p1a: Zacian- Crowned|atk|1
|-boost|p1a: Zacian- Crowned|spe|1
|
|-heal|p2a: Zygarde|94/100|[from] item: Leftovers
|upkeep
|turn|9
|l|☆Mods are simps
|player|p1|
|j|☆Mods are simps
|player|p1|Mods are simps|burglar
|
|t:|1616212659
|move|p1a: Zacian- Crowned|Dragon Dance|p1a: Zacian- Crowned
|-boost|p1a: Zacian- Crowned|atk|1
|-boost|p1a: Zacian- Crowned|spe|1
|move|p2a: Zygarde|Coil|p2a: Zygarde
|-boost|p2a: Zygarde|atk|1
|-boost|p2a: Zygarde|def|1
|-boost|p2a: Zygarde|accuracy|1
|
|-heal|p2a: Zygarde|100/100|[from] item: Leftovers
|upkeep
|turn|10
|
|t:|1616212668
|switch|p1a: THEASSPOUNDER|Calyrex-Ice|100/100
|-ability|p1a: THEASSPOUNDER|As One
|-ability|p1a: THEASSPOUNDER|Unnerve|p2: Rell27
|move|p2a: Zygarde|Coil|p2a: Zygarde
|-boost|p2a: Zygarde|atk|1
|-boost|p2a: Zygarde|def|1
|-boost|p2a: Zygarde|accuracy|1
|
|upkeep
|turn|11
|
|t:|1616212673
|switch|p2a: Necrozma|Necrozma-Dusk-Mane|100/100
|move|p1a: THEASSPOUNDER|Glacial Lance|p2a: Necrozma
|-resisted|p2a: Necrozma
|-damage|p2a: Necrozma|75/100
|
|upkeep
|turn|12
|
|t:|1616212681
|switch|p1a: Yveltal|Yveltal|71/100
|-ability|p1a: Yveltal|Dark Aura
|move|p2a: Necrozma|Stealth Rock|p1a: Yveltal
|-sidestart|p1: Mods are simps|move: Stealth Rock
|
|upkeep
|turn|13
|
|t:|1616212687
|switch|p2a: Xerneas|Xerneas|59/100
|-ability|p2a: Xerneas|Fairy Aura
|move|p1a: Yveltal|Defog|p2a: Xerneas
|-unboost|p2a: Xerneas|evasion|1
|-sideend|p1: Mods are simps|Stealth Rock|[from] move: Defog|[of] p1a: Yveltal
|
|upkeep
|turn|14
|
|t:|1616212692
|move|p1a: Yveltal|U-turn|p2a: Xerneas
|-resisted|p2a: Xerneas
|-damage|p2a: Xerneas|47/100
|-damage|p1a: Yveltal|61/100|[from] item: Life Orb
|
|t:|1616212695
|switch|p1a: Zacian- Crowned|Necrozma-Dusk-Mane, shiny|100/100|[from]move: U-turn
|move|p2a: Xerneas|Moonblast|p1a: Zacian- Crowned
|-resisted|p1a: Zacian- Crowned
|-damage|p1a: Zacian- Crowned|69/100
|-unboost|p1a: Zacian- Crowned|spa|1
|
|upkeep
|turn|15
|
|t:|1616212712
|switch|p1a: Zacian|Zacian|100/100
|-ability|p1a: Zacian|Intrepid Sword|boost
|-boost|p1a: Zacian|atk|1
|switch|p2a: Calyrex|Calyrex-Shadow|100/100
|-ability|p2a: Calyrex|As One
|-ability|p2a: Calyrex|Unnerve|p1: Mods are simps
|
|upkeep
|turn|16
|
|t:|1616212722
|move|p2a: Calyrex|Astral Barrage|p1a: Zacian
|-damage|p1a: Zacian|39/100
|move|p1a: Zacian|Crunch|p2a: Calyrex
|-supereffective|p2a: Calyrex
|-enditem|p2a: Calyrex|Focus Sash
|-damage|p2a: Calyrex|1/100
|
|upkeep
|turn|17
|
|t:|1616212741
|switch|p1a: Yveltal|Yveltal|61/100
|-ability|p1a: Yveltal|Dark Aura
|move|p2a: Calyrex|Astral Barrage|p1a: Yveltal
|-resisted|p1a: Yveltal
|-damage|p1a: Yveltal|27/100
|
|upkeep
|turn|18
|
|t:|1616212748
|move|p1a: Yveltal|Sucker Punch|p2a: Calyrex
|-supereffective|p2a: Calyrex
|-damage|p2a: Calyrex|0 fnt
|-damage|p1a: Yveltal|18/100|[from] item: Life Orb
|faint|p2a: Calyrex
|
|upkeep
|
|t:|1616212766
|switch|p2a: Xerneas|Xerneas|47/100
|-ability|p2a: Xerneas|Fairy Aura
|turn|19
|
|t:|1616212781
|move|p1a: Yveltal|U-turn|p2a: Xerneas
|-resisted|p2a: Xerneas
|-damage|p2a: Xerneas|36/100
|-damage|p1a: Yveltal|8/100|[from] item: Life Orb
|
|t:|1616212786
|switch|p1a: Zacian- Crowned|Necrozma-Dusk-Mane, shiny|69/100|[from]move: U-turn
|move|p2a: Xerneas|Moonblast|p1a: Zacian- Crowned
|-resisted|p1a: Zacian- Crowned
|-damage|p1a: Zacian- Crowned|34/100
|
|upkeep
|turn|20
|
|t:|1616212806
|switch|p1a: Zacian|Zacian|39/100
|-ability|p1a: Zacian|Intrepid Sword|boost
|-boost|p1a: Zacian|atk|1
|switch|p2a: Zygarde|Zygarde|100/100
|
|upkeep
|turn|21
|
|t:|1616212820
|switch|p2a: Necrozma|Necrozma-Dusk-Mane|75/100
|move|p1a: Zacian|Substitute|p1a: Zacian
|-start|p1a: Zacian|Substitute
|-damage|p1a: Zacian|14/100
|
|upkeep
|turn|22
|
|t:|1616212828
|move|p1a: Zacian|Swords Dance|p1a: Zacian
|-boost|p1a: Zacian|atk|2
|move|p2a: Necrozma|Stealth Rock|p1a: Zacian
|-sidestart|p1: Mods are simps|move: Stealth Rock
|
|upkeep
|turn|23
|
|t:|1616212843
|move|p1a: Zacian|Crunch|p2a: Necrozma
|-supereffective|p2a: Necrozma
|-damage|p2a: Necrozma|21/100
|-damage|p1a: Zacian|0 fnt|[from] item: Rocky Helmet|[of] p2a: Necrozma
|faint|p1a: Zacian
|move|p2a: Necrozma|Morning Sun|p2a: Necrozma
|-heal|p2a: Necrozma|71/100
|
|upkeep
|
|t:|1616212851
|switch|p1a: Zacian- Crowned|Necrozma-Dusk-Mane, shiny|34/100
|-damage|p1a: Zacian- Crowned|28/100|[from] Stealth Rock
|turn|24
|
|t:|1616212861
|switch|p1a: Yveltal|Yveltal|8/100
|-damage|p1a: Yveltal|0 fnt|[from] Stealth Rock
|faint|p1a: Yveltal
|switch|p2a: Zygarde|Zygarde|100/100
|
|upkeep
|
|t:|1616212867
|switch|p1a: THEASSPOUNDER|Calyrex-Ice|100/100
|-ability|p1a: THEASSPOUNDER|As One
|-ability|p1a: THEASSPOUNDER|Unnerve|p2: Rell27
|-damage|p1a: THEASSPOUNDER|76/100|[from] Stealth Rock
|turn|25
|
|t:|1616212873
|switch|p2a: Necrozma|Necrozma-Dusk-Mane|71/100
|move|p1a: THEASSPOUNDER|Trick Room|p1a: THEASSPOUNDER
|-fieldstart|move: Trick Room|[of] p1a: THEASSPOUNDER
|
|upkeep
|turn|26
|
|t:|1616212887
|move|p1a: THEASSPOUNDER|High Horsepower|p2a: Necrozma
|-supereffective|p2a: Necrozma
|-damage|p2a: Necrozma|36/100
|-damage|p1a: THEASSPOUNDER|59/100|[from] item: Rocky Helmet|[of] p2a: Necrozma
|move|p2a: Necrozma|Sunsteel Strike|p1a: THEASSPOUNDER
|-supereffective|p1a: THEASSPOUNDER
|-damage|p1a: THEASSPOUNDER|0 fnt
|faint|p1a: THEASSPOUNDER
|
|upkeep
|-message|Mods are simps forfeited.
|
|win|Rell27
|raw|Mods are simps's rating: 1520 &rarr; <strong>1501</strong><br />(-19 for losing)
|raw|Rell27's rating: 1538 &rarr; <strong>1557</strong><br />(+19 for winning)
|l|☆Mods are simps
