|raw|<div class="broadcast-blue"><strong>This battle is required to be public due to a player having a name starting with 'ult4pdr'.</div>
|j|☆ULT4PDR parts
|j|☆ULT4PDR Kaioken
|t:|1654436815
|gametype|singles
|player|p1|ULT4PDR parts|youngster-gen4dp|1705
|player|p2|ULT4PDR Kaioken|169|1726
|teamsize|p1|6
|teamsize|p2|6
|gen|8
|tier|[Gen 8] Ubers
|rated|
|rule|Sleep Clause Mod: Limit one foe put to sleep
|rule|Species Clause: Limit one of each Pokémon
|rule|OHKO Clause: OHKO moves are banned
|rule|Evasion Moves Clause: Evasion moves are banned
|rule|Endless Battle Clause: Forcing endless battles is banned
|rule|HP Percentage Mod: HP is shown in percentages
|rule|Dynamax Clause: You cannot dynamax
|clearpoke
|poke|p1|Kyogre|
|poke|p1|Yveltal|
|poke|p1|Zygarde|
|poke|p1|Eternatus|
|poke|p1|Necrozma-Dusk-Mane|
|poke|p1|Marshadow|
|poke|p2|Slurpuff, M|
|poke|p2|Calyrex-Shadow|
|poke|p2|Xerneas-*|
|poke|p2|Eternatus|
|poke|p2|Yveltal|
|poke|p2|Necrozma-Dusk-Mane|
|teampreview
|
|t:|1654436824
|start
|switch|p1a: Yveltal|Yveltal|100/100
|switch|p2a: Slurpuff|Slurpuff, M|100/100
|-ability|p1a: Yveltal|Dark Aura
|turn|1
|j| skimmythegod
|
|t:|1654436839
|move|p1a: Yveltal|Taunt|p2a: Slurpuff
|-start|p2a: Slurpuff|move: Taunt
|cant|p2a: Slurpuff|move: Taunt|Sticky Web
|
|upkeep
|turn|2
|j| Sabasha
|c|☆ULT4PDR Kaioken|2 sec
|j| ULT4PDR bulufan
|inactive|Battle timer is ON: inactive players will automatically lose when time's up. (requested by ULT4PDR parts)
|inactive|ULT4PDR Kaioken has 120 seconds left.
|
|t:|1654436904
|switch|p1a: Necrozma|Necrozma-Dusk-Mane|100/100
|switch|p2a: Xerneas|Xerneas|100/100
|-ability|p2a: Xerneas|Fairy Aura
|
|upkeep
|turn|3
|
|t:|1654436912
|switch|p2a: Slurpuff|Slurpuff, M|100/100
|move|p1a: Necrozma|Thunder Wave|p2a: Slurpuff
|-status|p2a: Slurpuff|par
|
|upkeep
|turn|4
|
|t:|1654436917
|move|p1a: Necrozma|Iron Head|p2a: Slurpuff
|-supereffective|p2a: Slurpuff
|-enditem|p2a: Slurpuff|Focus Sash
|-damage|p2a: Slurpuff|1/100 par
|cant|p2a: Slurpuff|par
|
|upkeep
|turn|5
|
|t:|1654436922
|move|p2a: Slurpuff|Sticky Web|p1a: Necrozma
|-sidestart|p1: ULT4PDR parts|move: Sticky Web
|move|p1a: Necrozma|Iron Head|p2a: Slurpuff
|-supereffective|p2a: Slurpuff
|-damage|p2a: Slurpuff|0 fnt
|faint|p2a: Slurpuff
|
|upkeep
|
|t:|1654436927
|switch|p2a: Yveltal|Yveltal|100/100
|-ability|p2a: Yveltal|Dark Aura
|turn|6
|
|t:|1654436932
|switch|p1a: Zygarde|Zygarde|100/100
|-activate|p1a: Zygarde|move: Sticky Web
|-unboost|p1a: Zygarde|spe|1
|move|p2a: Yveltal|Taunt|p1a: Zygarde
|-start|p1a: Zygarde|move: Taunt
|
|upkeep
|turn|7
|
|t:|1654436936
|move|p2a: Yveltal|Snarl|p1a: Zygarde
|-crit|p1a: Zygarde
|-damage|p1a: Zygarde|50/100
|-unboost|p1a: Zygarde|spa|1
|-enditem|p2a: Yveltal|Throat Spray
|-boost|p2a: Yveltal|spa|1|[from] item: Throat Spray
|move|p1a: Zygarde|Thousand Arrows|p2a: Yveltal
|-damage|p2a: Yveltal|75/100
|-start|p2a: Yveltal|Smack Down
|
|-heal|p1a: Zygarde|56/100|[from] item: Leftovers
|upkeep
|turn|8
|
|t:|1654436945
|move|p2a: Yveltal|Dark Pulse|p1a: Zygarde
|-damage|p1a: Zygarde|0 fnt
|faint|p1a: Zygarde
|
|upkeep
|
|t:|1654436956
|switch|p1a: Eternatus|Eternatus|100/100
|-activate|p1a: Eternatus|move: Sticky Web
|-unboost|p1a: Eternatus|spe|1
|-ability|p1a: Eternatus|Pressure
|turn|9
|
|t:|1654436960
|move|p2a: Yveltal|Taunt|p1a: Eternatus
|-start|p1a: Eternatus|move: Taunt
|move|p1a: Eternatus|Dynamax Cannon|p2a: Yveltal
|-damage|p2a: Yveltal|35/100
|
|upkeep
|turn|10
|
|t:|1654436963
|move|p2a: Yveltal|Oblivion Wing|p1a: Eternatus
|-damage|p1a: Eternatus|60/100
|-heal|p2a: Yveltal|70/100|[from] drain|[of] p1a: Eternatus
|move|p1a: Eternatus|Dynamax Cannon|p2a: Yveltal
|-damage|p2a: Yveltal|31/100
|
|upkeep
|turn|11
|
|t:|1654436968
|move|p2a: Yveltal|Oblivion Wing|p1a: Eternatus
|-damage|p1a: Eternatus|22/100
|-heal|p2a: Yveltal|65/100|[from] drain|[of] p1a: Eternatus
|move|p1a: Eternatus|Dynamax Cannon|p2a: Yveltal
|-damage|p2a: Yveltal|20/100
|
|-end|p1a: Eternatus|move: Taunt
|upkeep
|turn|12
|
|t:|1654436970
|move|p2a: Yveltal|Oblivion Wing|p1a: Eternatus
|-damage|p1a: Eternatus|0 fnt
|-heal|p2a: Yveltal|39/100|[from] drain|[of] p1a: Eternatus
|faint|p1a: Eternatus
|
|upkeep
|
|t:|1654436972
|switch|p1a: Kyogre|Kyogre|100/100
|-activate|p1a: Kyogre|move: Sticky Web
|-unboost|p1a: Kyogre|spe|1
|-weather|RainDance|[from] ability: Drizzle|[of] p1a: Kyogre
|turn|13
|
|t:|1654436976
|move|p2a: Yveltal|Taunt|p1a: Kyogre
|-start|p1a: Kyogre|move: Taunt
|move|p1a: Kyogre|Ice Beam|p2a: Yveltal
|-supereffective|p2a: Yveltal
|-damage|p2a: Yveltal|0 fnt
|faint|p2a: Yveltal
|
|-weather|RainDance|[upkeep]
|upkeep
|
|t:|1654436999
|switch|p2a: Eternatus|Eternatus|100/100
|-ability|p2a: Eternatus|Pressure
|turn|14
|
|t:|1654437002
|move|p2a: Eternatus|Meteor Beam||[still]
|-prepare|p2a: Eternatus|Meteor Beam
|-boost|p2a: Eternatus|spa|1
|-enditem|p2a: Eternatus|Power Herb
|-anim|p2a: Eternatus|Meteor Beam|p1a: Kyogre
|-damage|p1a: Kyogre|51/100
|move|p1a: Kyogre|Ice Beam|p2a: Eternatus
|-supereffective|p2a: Eternatus
|-damage|p2a: Eternatus|44/100
|
|-weather|RainDance|[upkeep]
|-heal|p1a: Kyogre|57/100|[from] item: Leftovers
|upkeep
|turn|15
|
|t:|1654437006
|move|p2a: Eternatus|Dynamax Cannon|p1a: Kyogre
|-damage|p1a: Kyogre|2/100
|move|p1a: Kyogre|Ice Beam|p2a: Eternatus
|-supereffective|p2a: Eternatus
|-damage|p2a: Eternatus|0 fnt
|faint|p2a: Eternatus
|
|-weather|RainDance|[upkeep]
|-heal|p1a: Kyogre|9/100|[from] item: Leftovers
|-end|p1a: Kyogre|move: Taunt
|upkeep
|
|t:|1654437009
|switch|p2a: Necrozma|Necrozma-Dusk-Mane|100/100
|turn|16
|
|t:|1654437012
|move|p2a: Necrozma|Sunsteel Strike|p1a: Kyogre
|-resisted|p1a: Kyogre
|-damage|p1a: Kyogre|0 fnt
|faint|p1a: Kyogre
|-damage|p2a: Necrozma|91/100|[from] item: Life Orb
|
|-weather|RainDance|[upkeep]
|upkeep
|
|t:|1654437021
|switch|p1a: Yveltal|Yveltal|100/100
|-ability|p1a: Yveltal|Dark Aura
|turn|17
|j| Adaly182
|
|t:|1654437034
|move|p1a: Yveltal|Knock Off|p2a: Necrozma
|-supereffective|p2a: Necrozma
|-damage|p2a: Necrozma|23/100
|-enditem|p2a: Necrozma|Life Orb|[from] move: Knock Off|[of] p1a: Yveltal
|move|p2a: Necrozma|Rock Blast|p1a: Yveltal|[miss]
|-miss|p2a: Necrozma|p1a: Yveltal
|
|-weather|none
|upkeep
|turn|18
|c|☆ULT4PDR Kaioken|fuck this game
|
|t:|1654437045
|move|p1a: Yveltal|Knock Off|p2a: Necrozma
|-supereffective|p2a: Necrozma
|-damage|p2a: Necrozma|0 fnt
|faint|p2a: Necrozma
|
|upkeep
|
|t:|1654437047
|switch|p2a: Xerneas|Xerneas|100/100
|-ability|p2a: Xerneas|Fairy Aura
|turn|19
|
|t:|1654437061
|switch|p1a: Necrozma|Necrozma-Dusk-Mane|100/100
|-activate|p1a: Necrozma|move: Sticky Web
|-unboost|p1a: Necrozma|spe|1
|move|p2a: Xerneas|Geomancy||[still]
|-prepare|p2a: Xerneas|Geomancy
|-enditem|p2a: Xerneas|Power Herb
|-anim|p2a: Xerneas|Geomancy|p2a: Xerneas
|-boost|p2a: Xerneas|spa|2
|-boost|p2a: Xerneas|spd|2
|-boost|p2a: Xerneas|spe|2
|
|upkeep
|turn|20
|
|t:|1654437064
|move|p2a: Xerneas|Thunder|p1a: Necrozma
|-damage|p1a: Necrozma|52/100
|-status|p1a: Necrozma|par
|move|p1a: Necrozma|Thunder Wave|p2a: Xerneas
|-status|p2a: Xerneas|par
|
|-heal|p1a: Necrozma|58/100 par|[from] item: Leftovers
|upkeep
|turn|21
|j| Entrocefalo
|
|t:|1654437073
|move|p2a: Xerneas|Moonblast|p1a: Necrozma
|-resisted|p1a: Necrozma
|-damage|p1a: Necrozma|13/100 par
|move|p1a: Necrozma|Iron Head|p2a: Xerneas
|-supereffective|p2a: Xerneas
|-damage|p2a: Xerneas|27/100 par
|
|-heal|p1a: Necrozma|19/100 par|[from] item: Leftovers
|upkeep
|turn|22
|
|t:|1654437079
|cant|p2a: Xerneas|par
|cant|p1a: Necrozma|par
|
|-heal|p1a: Necrozma|25/100 par|[from] item: Leftovers
|upkeep
|turn|23
|
|t:|1654437082
|move|p2a: Xerneas|Moonblast|p1a: Necrozma
|-resisted|p1a: Necrozma
|-damage|p1a: Necrozma|0 fnt
|faint|p1a: Necrozma
|
|upkeep
|
|t:|1654437085
|switch|p1a: Marshadow|Marshadow|100/100
|-activate|p1a: Marshadow|move: Sticky Web
|-unboost|p1a: Marshadow|spe|1
|turn|24
|inactive|ULT4PDR parts has 120 seconds left.
|
|t:|1654437119
|move|p1a: Marshadow|Shadow Sneak|p2a: Xerneas
|-damage|p2a: Xerneas|0 fnt
|faint|p2a: Xerneas
|
|upkeep
|
|t:|1654437124
|switch|p2a: Calyrex|Calyrex-Shadow|100/100
|-ability|p2a: Calyrex|As One
|-ability|p2a: Calyrex|Unnerve
|turn|25
|
|t:|1654437127
|move|p1a: Marshadow|Shadow Sneak|p2a: Calyrex
|-supereffective|p2a: Calyrex
|-enditem|p2a: Calyrex|Focus Sash
|-damage|p2a: Calyrex|1/100
|move|p2a: Calyrex|Astral Barrage|p1a: Marshadow
|-supereffective|p1a: Marshadow
|-damage|p1a: Marshadow|0 fnt
|faint|p1a: Marshadow
|-ability|p2a: Calyrex|Grim Neigh|boost
|-boost|p2a: Calyrex|spa|1
|
|upkeep
|
|t:|1654437130
|switch|p1a: Yveltal|Yveltal|100/100
|-ability|p1a: Yveltal|Dark Aura
|turn|26
|
|t:|1654437133
|move|p2a: Calyrex|Draining Kiss|p1a: Yveltal
|-supereffective|p1a: Yveltal
|-damage|p1a: Yveltal|60/100
|-heal|p2a: Calyrex|41/100|[from] drain|[of] p1a: Yveltal
|move|p1a: Yveltal|Knock Off|p2a: Calyrex
|-supereffective|p2a: Calyrex
|-damage|p2a: Calyrex|0 fnt
|faint|p2a: Calyrex
|
|win|ULT4PDR parts
|raw|ULT4PDR parts's rating: 1705 &rarr; <strong>1726</strong><br />(+21 for winning)
|raw|ULT4PDR Kaioken's rating: 1726 &rarr; <strong>1705</strong><br />(-21 for losing)
|l|☆ULT4PDR parts
|l|☆ULT4PDR Kaioken
|l| skimmythegod
|l| Sabasha
|l| ULT4PDR bulufan
|l| Adaly182
||Ladder isn't responding, score probably updated but might not have (Request timeout).
