|html|<div class="broadcast-blue"><strong>[Gen 8] Ubers is currently suspecting Zacian! For information on how to participate check out the <a href="https://www.smogon.com/forums/threads/np-ss-ubers-stage-7-heroes-zacian-hero-suspect-test.3685323/">suspect thread</a>.</strong></div>
|j|☆TADTTT6A48
|j|☆Unlucky95
|t:|1622531507
|gametype|singles
|player|p1|TADTTT6A48|266|1213
|player|p2|Unlucky95|az|1157
|teamsize|p1|6
|teamsize|p2|6
|gen|8
|tier|[Gen 8] Ubers
|rated|
|rule|Sleep Clause Mod: Limit one foe put to sleep
|rule|Species Clause: Limit one of each Pokémon
|rule|OHKO Clause: OHKO moves are banned
|rule|Evasion Moves Clause: Evasion moves are banned
|rule|Endless Battle Clause: Forcing endless battles is banned
|rule|HP Percentage Mod: HP is shown in percentages
|rule|Dynamax Clause: You cannot dynamax
|clearpoke
|poke|p1|Calyrex-Shadow|
|poke|p1|Darmanitan-Galar, F|
|poke|p1|Kyogre|
|poke|p1|Marshadow|
|poke|p1|Urshifu-*, F|
|poke|p1|Yveltal|
|poke|p2|Zekrom|
|poke|p2|Magearna-Original|
|poke|p2|Zygarde|
|poke|p2|Xerneas-*|
|poke|p2|Eternatus|
|poke|p2|Calyrex-Shadow|
|teampreview
|inactive|Battle timer is ON: inactive players will automatically lose when time's up. (requested by Unlucky95)
|
|t:|1622531520
|start
|switch|p1a: Marshadow|Marshadow|100/100
|switch|p2a: Xerneas|Xerneas|100/100
|-ability|p2a: Xerneas|Fairy Aura
|turn|1
|
|t:|1622531534
|move|p1a: Marshadow|Bulk Up|p1a: Marshadow
|-boost|p1a: Marshadow|atk|1
|-boost|p1a: Marshadow|def|1
|move|p2a: Xerneas|Play Rough|p1a: Marshadow
|-supereffective|p1a: Marshadow
|-enditem|p1a: Marshadow|Focus Sash
|-damage|p1a: Marshadow|1/100
|
|upkeep
|turn|2
|
|t:|1622531543
|switch|p2a: Eternatus|Eternatus|100/100
|-ability|p2a: Eternatus|Pressure
|move|p1a: Marshadow|Spectral Thief|p2a: Eternatus
|-damage|p2a: Eternatus|58/100
|
|-heal|p2a: Eternatus|64/100|[from] item: Black Sludge
|upkeep
|turn|3
|
|t:|1622531556
|move|p1a: Marshadow|Spectral Thief|p2a: Eternatus
|-crit|p2a: Eternatus
|-damage|p2a: Eternatus|4/100
|move|p2a: Eternatus|Mystical Fire|p1a: Marshadow
|-damage|p1a: Marshadow|0 fnt
|faint|p1a: Marshadow
|
|-heal|p2a: Eternatus|11/100|[from] item: Black Sludge
|upkeep
|
|t:|1622531569
|switch|p1a: Kyogre|Kyogre|100/100
|-weather|RainDance|[from] ability: Drizzle|[of] p1a: Kyogre
|turn|4
|
|t:|1622531575
|move|p1a: Kyogre|Water Spout|p2a: Eternatus
|-resisted|p2a: Eternatus
|-damage|p2a: Eternatus|0 fnt
|faint|p2a: Eternatus
|
|-weather|RainDance|[upkeep]
|upkeep
|
|t:|1622531587
|switch|p2a: Calyrex|Calyrex-Shadow|100/100
|-ability|p2a: Calyrex|As One
|-ability|p2a: Calyrex|Unnerve
|turn|5
|
|t:|1622531593
|move|p1a: Kyogre|Water Spout|p2a: Calyrex
|-crit|p2a: Calyrex
|-enditem|p2a: Calyrex|Focus Sash
|-damage|p2a: Calyrex|1/100
|move|p2a: Calyrex|Astral Barrage|p1a: Kyogre
|-damage|p1a: Kyogre|45/100
|
|-weather|RainDance|[upkeep]
|upkeep
|turn|6
|
|t:|1622531607
|move|p1a: Kyogre|Water Spout|p2a: Calyrex
|-damage|p2a: Calyrex|0 fnt
|faint|p2a: Calyrex
|
|-weather|RainDance|[upkeep]
|upkeep
|
|t:|1622531611
|switch|p2a: Magearna|Magearna-Original|100/100
|turn|7
|
|t:|1622531618
|move|p1a: Kyogre|Water Spout|p2a: Magearna
|-crit|p2a: Magearna
|-damage|p2a: Magearna|25/100
|move|p2a: Magearna|Calm Mind|p2a: Magearna
|-boost|p2a: Magearna|spa|1
|-boost|p2a: Magearna|spd|1
|
|-weather|RainDance|[upkeep]
|-heal|p2a: Magearna|31/100|[from] item: Leftovers
|upkeep
|turn|8
|
|t:|1622531628
|move|p1a: Kyogre|Water Spout|p2a: Magearna
|-damage|p2a: Magearna|0 fnt
|faint|p2a: Magearna
|
|-weather|none
|upkeep
|
|t:|1622531633
|switch|p2a: Zekrom|Zekrom|100/100
|-ability|p2a: Zekrom|Teravolt
|turn|9
|
|t:|1622531639
|move|p1a: Kyogre|Water Spout|p2a: Zekrom
|-resisted|p2a: Zekrom
|-crit|p2a: Zekrom
|-damage|p2a: Zekrom|73/100
|move|p2a: Zekrom|Dragon Dance|p2a: Zekrom
|-boost|p2a: Zekrom|atk|1
|-boost|p2a: Zekrom|spe|1
|
|upkeep
|turn|10
|
|t:|1622531647
|move|p1a: Kyogre|Water Spout|p2a: Zekrom
|-resisted|p2a: Zekrom
|-damage|p2a: Zekrom|52/100
|move|p2a: Zekrom|Dragon Dance|p2a: Zekrom
|-boost|p2a: Zekrom|atk|1
|-boost|p2a: Zekrom|spe|1
|
|upkeep
|turn|11
|
|t:|1622531656
|move|p2a: Zekrom|Dragon Claw|p1a: Kyogre
|-damage|p1a: Kyogre|0 fnt
|faint|p1a: Kyogre
|-damage|p2a: Zekrom|42/100|[from] item: Life Orb
|
|upkeep
|
|t:|1622531668
|switch|p1a: Yveltal|Yveltal|100/100
|-ability|p1a: Yveltal|Dark Aura
|turn|12
|
|t:|1622531673
|move|p1a: Yveltal|Sucker Punch|p2a: Zekrom
|-damage|p2a: Zekrom|0 fnt
|faint|p2a: Zekrom
|
|upkeep
|
|t:|1622531678
|switch|p2a: Xerneas|Xerneas|100/100
|-ability|p2a: Xerneas|Fairy Aura
|turn|13
|
|t:|1622531683
|switch|p1a: Darmanitan|Darmanitan-Galar, F|100/100
|move|p2a: Xerneas|Play Rough|p1a: Darmanitan
|-damage|p1a: Darmanitan|0 fnt
|faint|p1a: Darmanitan
|
|upkeep
|
|t:|1622531692
|switch|p1a: Calyrex|Calyrex-Shadow|100/100
|-ability|p1a: Calyrex|As One
|-ability|p1a: Calyrex|Unnerve
|turn|14
|
|t:|1622531699
|move|p1a: Calyrex|Astral Barrage|p2a: Xerneas
|-damage|p2a: Xerneas|34/100
|move|p2a: Xerneas|Play Rough|p1a: Calyrex
|-damage|p1a: Calyrex|0 fnt
|faint|p1a: Calyrex
|
|upkeep
|
|t:|1622531711
|switch|p1a: Yveltal|Yveltal|100/100
|-ability|p1a: Yveltal|Dark Aura
|turn|15
|
|t:|1622531718
|move|p2a: Xerneas|Play Rough|p1a: Yveltal
|-supereffective|p1a: Yveltal
|-damage|p1a: Yveltal|0 fnt
|faint|p1a: Yveltal
|
|upkeep
|
|t:|1622531725
|switch|p1a: Urshifu|Urshifu, F|100/100
|turn|16
|
|t:|1622531730
|move|p1a: Urshifu|Sucker Punch|p2a: Xerneas
|-resisted|p2a: Xerneas
|-damage|p2a: Xerneas|9/100
|move|p2a: Xerneas|Play Rough|p1a: Urshifu
|-supereffective|p1a: Urshifu
|-damage|p1a: Urshifu|0 fnt
|faint|p1a: Urshifu
|
|win|Unlucky95
|raw|TADTTT6A48's rating: 1213 &rarr; <strong>1184</strong><br />(-29 for losing)
|raw|Unlucky95's rating: 1157 &rarr; <strong>1186</strong><br />(+29 for winning)
|l|☆TADTTT6A48
