|j|☆Misaka10313
|j|☆nicolle925
|player|p1|Misaka10313|blue-gen7|1490
|player|p2|nicolle925|138|1641
|teamsize|p1|6
|teamsize|p2|6
|gametype|singles
|gen|8
|tier|[Gen 8] Ubers
|rated|
|clearpoke
|poke|p1|Necrozma-Dusk-Mane|
|poke|p1|Marshadow|
|poke|p1|Lunala|
|poke|p1|Ditto|
|poke|p1|Eternatus|
|poke|p1|Zekrom|
|poke|p2|Lunala|
|poke|p2|Eternatus|
|poke|p2|Corviknight, M|
|poke|p2|Seismitoad, M|
|poke|p2|Ditto|
|poke|p2|Umbreon, F|
|rule|Sleep Clause Mod: Limit one foe put to sleep
|rule|Species Clause: Limit one of each Pokémon
|rule|OHKO Clause: OHKO moves are banned
|rule|Evasion Moves Clause: Evasion moves are banned
|rule|Endless Battle Clause: Forcing endless battles is banned
|rule|HP Percentage Mod: HP is shown in percentages
|teampreview
|
|start
|switch|p1a: Lunala|Lunala|100/100
|switch|p2a: Lunala|Lunala|100/100
|turn|1
|inactive|Battle timer is ON: inactive players will automatically lose when time's up. (requested by Misaka10313)
|
|switch|p2a: Umbreon|Umbreon, F, shiny|100/100
|move|p1a: Lunala|Moongeist Beam|p2a: Umbreon
|-resisted|p2a: Umbreon
|-damage|p2a: Umbreon|79/100
|
|-heal|p2a: Umbreon|85/100|[from] item: Leftovers
|upkeep
|turn|2
|
|switch|p1a: Eternatus|Eternatus|100/100
|-ability|p1a: Eternatus|Pressure
|move|p2a: Umbreon|Snarl|p1a: Eternatus
|-damage|p1a: Eternatus|90/100
|-unboost|p1a: Eternatus|spa|1
|
|-heal|p2a: Umbreon|91/100|[from] item: Leftovers
|upkeep
|turn|3
|
|move|p2a: Umbreon|Wish|p2a: Umbreon
|move|p1a: Eternatus|Dragon Tail|p2a: Umbreon
|-damage|p2a: Umbreon|78/100
|drag|p2a: Ditto|Ditto, shiny|100/100
|-transform|p2a: Ditto|p1a: Eternatus|[from] ability: Imposter
|-ability|p2a: Ditto|Pressure
|
|upkeep
|turn|4
|
|move|p1a: Eternatus|Recover|p1a: Eternatus
|-heal|p1a: Eternatus|100/100
|move|p2a: Ditto|Dragon Tail|p1a: Eternatus
|-supereffective|p1a: Eternatus
|-enditem|p1a: Eternatus|Haban Berry|[eat]
|-enditem|p1a: Eternatus|Haban Berry|[weaken]
|-damage|p1a: Eternatus|88/100
|drag|p1a: Lunala|Lunala|100/100
|
|upkeep
|turn|5
|
|switch|p2a: Umbreon|Umbreon, F, shiny|78/100
|move|p1a: Lunala|Psychic|p2a: Umbreon
|-immune|p2a: Umbreon
|
|-heal|p2a: Umbreon|85/100|[from] item: Leftovers
|upkeep
|turn|6
|
|switch|p1a: Eternatus|Eternatus|88/100
|-ability|p1a: Eternatus|Pressure
|move|p2a: Umbreon|Wish|p2a: Umbreon
|
|-heal|p2a: Umbreon|91/100|[from] item: Leftovers
|upkeep
|turn|7
|
|move|p1a: Eternatus|Cosmic Power|p1a: Eternatus
|-boost|p1a: Eternatus|def|1
|-boost|p1a: Eternatus|spd|1
|move|p2a: Umbreon|Snarl|p1a: Eternatus
|-damage|p1a: Eternatus|82/100
|-unboost|p1a: Eternatus|spa|1
|
|-heal|p2a: Umbreon|100/100|[from] move: Wish|[wisher] Umbreon
|upkeep
|turn|8
|
|switch|p2a: Corviknight|Corviknight, M|100/100
|-ability|p2a: Corviknight|Pressure
|move|p1a: Eternatus|Cosmic Power|p1a: Eternatus
|-boost|p1a: Eternatus|def|1
|-boost|p1a: Eternatus|spd|1
|
|upkeep
|turn|9
|
|move|p1a: Eternatus|Flamethrower|p2a: Corviknight
|-supereffective|p2a: Corviknight
|-damage|p2a: Corviknight|51/100
|move|p2a: Corviknight|Bulk Up|p2a: Corviknight
|-boost|p2a: Corviknight|atk|1
|-boost|p2a: Corviknight|def|1
|
|-heal|p2a: Corviknight|57/100|[from] item: Leftovers
|upkeep
|turn|10
|
|move|p1a: Eternatus|Flamethrower|p2a: Corviknight
|-supereffective|p2a: Corviknight
|-damage|p2a: Corviknight|9/100
|move|p2a: Corviknight|Roost|p2a: Corviknight
|-heal|p2a: Corviknight|59/100
|-singleturn|p2a: Corviknight|move: Roost
|
|-heal|p2a: Corviknight|65/100|[from] item: Leftovers
|upkeep
|turn|11
|
|switch|p2a: Umbreon|Umbreon, F, shiny|100/100
|move|p1a: Eternatus|Dragon Tail|p2a: Umbreon
|-damage|p2a: Umbreon|87/100
|drag|p2a: Seismitoad|Seismitoad, M|100/100
|
|upkeep
|turn|12
|
|move|p1a: Eternatus|Cosmic Power|p1a: Eternatus
|-boost|p1a: Eternatus|def|1
|-boost|p1a: Eternatus|spd|1
|move|p2a: Seismitoad|Stealth Rock|p1a: Eternatus
|-sidestart|p1: Misaka10313|move: Stealth Rock
|
|upkeep
|turn|13
|
|switch|p2a: Umbreon|Umbreon, F, shiny|87/100
|move|p1a: Eternatus|Cosmic Power|p1a: Eternatus
|-boost|p1a: Eternatus|def|1
|-boost|p1a: Eternatus|spd|1
|
|-heal|p2a: Umbreon|93/100|[from] item: Leftovers
|upkeep
|turn|14
|
|move|p2a: Umbreon|Snarl|p1a: Eternatus
|-damage|p1a: Eternatus|79/100
|-unboost|p1a: Eternatus|spa|1
|move|p1a: Eternatus|Dragon Tail|p2a: Umbreon
|-damage|p2a: Umbreon|80/100
|drag|p2a: Seismitoad|Seismitoad, M|100/100
|
|upkeep
|turn|15
|
|switch|p2a: Umbreon|Umbreon, F, shiny|80/100
|move|p1a: Eternatus|Recover|p1a: Eternatus
|-heal|p1a: Eternatus|100/100
|
|-heal|p2a: Umbreon|86/100|[from] item: Leftovers
|upkeep
|turn|16
|
|move|p1a: Eternatus|Flamethrower|p2a: Umbreon
|-damage|p2a: Umbreon|77/100
|move|p2a: Umbreon|Wish|p2a: Umbreon
|
|-heal|p2a: Umbreon|83/100|[from] item: Leftovers
|upkeep
|turn|17
|
|move|p1a: Eternatus|Flamethrower|p2a: Umbreon
|-damage|p2a: Umbreon|75/100
|move|p2a: Umbreon|Snarl|p1a: Eternatus
|-damage|p1a: Eternatus|96/100
|-unboost|p1a: Eternatus|spa|1
|
|-heal|p2a: Umbreon|100/100|[from] move: Wish|[wisher] Umbreon
|upkeep
|turn|18
|
|switch|p2a: Corviknight|Corviknight, M|65/100
|-ability|p2a: Corviknight|Pressure
|move|p1a: Eternatus|Flamethrower|p2a: Corviknight
|-supereffective|p2a: Corviknight
|-damage|p2a: Corviknight|36/100
|
|-heal|p2a: Corviknight|42/100|[from] item: Leftovers
|upkeep
|turn|19
|
|move|p2a: Corviknight|Roost|p2a: Corviknight
|-heal|p2a: Corviknight|92/100
|-singleturn|p2a: Corviknight|move: Roost
|move|p1a: Eternatus|Dragon Tail|p2a: Corviknight
|-resisted|p2a: Corviknight
|-damage|p2a: Corviknight|87/100
|drag|p2a: Lunala|Lunala|100/100
|
|upkeep
|turn|20
|
|switch|p2a: Corviknight|Corviknight, M|87/100
|-ability|p2a: Corviknight|Pressure
|move|p1a: Eternatus|Flamethrower|p2a: Corviknight
|-supereffective|p2a: Corviknight
|-damage|p2a: Corviknight|57/100
|
|-heal|p2a: Corviknight|63/100|[from] item: Leftovers
|upkeep
|turn|21
|
|switch|p1a: Necrozma|Necrozma-Dusk-Mane|100/100
|-damage|p1a: Necrozma|94/100|[from] Stealth Rock
|move|p2a: Corviknight|Roost|p2a: Corviknight
|-heal|p2a: Corviknight|100/100
|-singleturn|p2a: Corviknight|move: Roost
|
|-heal|p1a: Necrozma|100/100|[from] item: Leftovers
|upkeep
|turn|22
|
|move|p1a: Necrozma|Stealth Rock|p2a: Corviknight
|-sidestart|p2: nicolle925|move: Stealth Rock
|move|p2a: Corviknight|Bulk Up|p2a: Corviknight
|-boost|p2a: Corviknight|atk|1
|-boost|p2a: Corviknight|def|1
|
|upkeep
|turn|23
|
|move|p1a: Necrozma|Knock Off|p2a: Corviknight
|-damage|p2a: Corviknight|86/100
|-enditem|p2a: Corviknight|Leftovers|[from] move: Knock Off|[of] p1a: Necrozma
|move|p2a: Corviknight|Body Press|p1a: Necrozma
|-damage|p1a: Necrozma|72/100
|
|-heal|p1a: Necrozma|78/100|[from] item: Leftovers
|upkeep
|turn|24
|
|move|p1a: Necrozma|Thunder Wave|p2a: Corviknight|[miss]
|-miss|p1a: Necrozma|p2a: Corviknight
|move|p2a: Corviknight|Brave Bird|p1a: Necrozma
|-resisted|p1a: Necrozma
|-damage|p1a: Necrozma|59/100
|-damage|p2a: Corviknight|80/100|[from] Recoil
|
|-heal|p1a: Necrozma|65/100|[from] item: Leftovers
|upkeep
|turn|25
|
|move|p1a: Necrozma|Thunder Wave|p2a: Corviknight
|-status|p2a: Corviknight|par
|move|p2a: Corviknight|Roost|p2a: Corviknight
|-heal|p2a: Corviknight|100/100 par
|-singleturn|p2a: Corviknight|move: Roost
|
|-heal|p1a: Necrozma|71/100|[from] item: Leftovers
|upkeep
|turn|26
|
|switch|p1a: Eternatus|Eternatus|96/100
|-damage|p1a: Eternatus|84/100|[from] Stealth Rock
|-ability|p1a: Eternatus|Pressure
|switch|p2a: Umbreon|Umbreon, F, shiny|100/100
|-damage|p2a: Umbreon|88/100|[from] Stealth Rock
|
|-heal|p2a: Umbreon|94/100|[from] item: Leftovers
|upkeep
|turn|27
|
|move|p1a: Eternatus|Flamethrower|p2a: Umbreon
|-damage|p2a: Umbreon|75/100
|move|p2a: Umbreon|Heal Bell|p2a: Umbreon
|-activate|p2a: Umbreon|move: Heal Bell
|-curestatus|p2: Corviknight|par|[msg]
|
|-heal|p2a: Umbreon|81/100|[from] item: Leftovers
|upkeep
|turn|28
|
|switch|p1a: Zekrom|Zekrom|100/100
|-damage|p1a: Zekrom|88/100|[from] Stealth Rock
|-ability|p1a: Zekrom|Teravolt
|move|p2a: Umbreon|Snarl|p1a: Zekrom
|-damage|p1a: Zekrom|75/100
|-unboost|p1a: Zekrom|spa|1
|
|-heal|p2a: Umbreon|87/100|[from] item: Leftovers
|upkeep
|turn|29
|
|switch|p2a: Seismitoad|Seismitoad, M|100/100
|-damage|p2a: Seismitoad|94/100|[from] Stealth Rock
|move|p1a: Zekrom|Bolt Strike|p2a: Seismitoad
|-immune|p2a: Seismitoad
|
|-heal|p2a: Seismitoad|100/100|[from] item: Leftovers
|upkeep
|turn|30
|
|move|p1a: Zekrom|Crunch|p2a: Seismitoad
|-damage|p2a: Seismitoad|78/100
|move|p2a: Seismitoad|Earthquake|p1a: Zekrom
|-supereffective|p1a: Zekrom
|-damage|p1a: Zekrom|18/100
|
|-heal|p2a: Seismitoad|84/100|[from] item: Leftovers
|upkeep
|turn|31
|
|move|p1a: Zekrom|Outrage|p2a: Seismitoad
|-damage|p2a: Seismitoad|34/100
|move|p2a: Seismitoad|Earthquake|p1a: Zekrom
|-supereffective|p1a: Zekrom
|-damage|p1a: Zekrom|0 fnt
|faint|p1a: Zekrom
|
|-heal|p2a: Seismitoad|40/100|[from] item: Leftovers
|upkeep
|
|switch|p1a: Lunala|Lunala|100/100
|-damage|p1a: Lunala|88/100|[from] Stealth Rock
|turn|32
|
|move|p1a: Lunala|Moonblast|p2a: Seismitoad
|-damage|p2a: Seismitoad|0 fnt
|faint|p2a: Seismitoad
|
|upkeep
|
|switch|p2a: Eternatus|Eternatus|100/100
|-damage|p2a: Eternatus|88/100|[from] Stealth Rock
|-ability|p2a: Eternatus|Pressure
|turn|33
|
|switch|p1a: Necrozma|Necrozma-Dusk-Mane|71/100
|-damage|p1a: Necrozma|65/100|[from] Stealth Rock
|move|p2a: Eternatus|Toxic Spikes|p1a: Necrozma
|-sidestart|p1: Misaka10313|move: Toxic Spikes
|
|-heal|p2a: Eternatus|94/100|[from] item: Black Sludge
|-heal|p1a: Necrozma|71/100|[from] item: Leftovers
|upkeep
|turn|34
|
|move|p2a: Eternatus|Flamethrower|p1a: Necrozma
|-supereffective|p1a: Necrozma
|-damage|p1a: Necrozma|42/100
|move|p1a: Necrozma|Thunder Wave|p2a: Eternatus
|-status|p2a: Eternatus|par
|
|-heal|p1a: Necrozma|48/100|[from] item: Leftovers
|-heal|p2a: Eternatus|99/100 par|[from] item: Black Sludge
|upkeep
|turn|35
|
|move|p1a: Necrozma|Moonlight|p1a: Necrozma
|-heal|p1a: Necrozma|98/100
|move|p2a: Eternatus|Dragon Tail|p1a: Necrozma
|-resisted|p1a: Necrozma
|-damage|p1a: Necrozma|93/100
|drag|p1a: Lunala|Lunala|88/100
|-status|p1a: Lunala|psn
|-damage|p1a: Lunala|76/100 psn|[from] Stealth Rock
|
|-heal|p2a: Eternatus|100/100 par|[from] item: Black Sludge
|-damage|p1a: Lunala|64/100 psn|[from] psn
|upkeep
|turn|36
|
|switch|p2a: Umbreon|Umbreon, F, shiny|87/100
|-damage|p2a: Umbreon|75/100|[from] Stealth Rock
|move|p1a: Lunala|Psychic|p2a: Umbreon
|-immune|p2a: Umbreon
|
|-heal|p2a: Umbreon|81/100|[from] item: Leftovers
|-damage|p1a: Lunala|51/100 psn|[from] psn
|upkeep
|turn|37
|
|switch|p1a: Eternatus|Eternatus|84/100
|-sideend|p1: Misaka10313|move: Toxic Spikes|[of] p1a: Eternatus
|-damage|p1a: Eternatus|72/100|[from] Stealth Rock
|-ability|p1a: Eternatus|Pressure
|move|p2a: Umbreon|Snarl|p1a: Eternatus
|-damage|p1a: Eternatus|62/100
|-unboost|p1a: Eternatus|spa|1
|
|-heal|p2a: Umbreon|87/100|[from] item: Leftovers
|upkeep
|turn|38
|
|move|p1a: Eternatus|Recover|p1a: Eternatus
|-heal|p1a: Eternatus|100/100
|move|p2a: Umbreon|Wish|p2a: Umbreon
|
|-heal|p2a: Umbreon|93/100|[from] item: Leftovers
|upkeep
|turn|39
|
|move|p2a: Umbreon|Snarl|p1a: Eternatus
|-damage|p1a: Eternatus|90/100
|-unboost|p1a: Eternatus|spa|1
|move|p1a: Eternatus|Dragon Tail|p2a: Umbreon
|-damage|p2a: Umbreon|80/100
|drag|p2a: Corviknight|Corviknight, M|100/100
|-damage|p2a: Corviknight|88/100|[from] Stealth Rock
|-ability|p2a: Corviknight|Pressure
|
|-heal|p2a: Corviknight|100/100|[from] move: Wish|[wisher] Umbreon
|upkeep
|turn|40
|
|move|p1a: Eternatus|Flamethrower|p2a: Corviknight
|-supereffective|p2a: Corviknight
|-damage|p2a: Corviknight|65/100
|move|p2a: Corviknight|Bulk Up|p2a: Corviknight
|-boost|p2a: Corviknight|atk|1
|-boost|p2a: Corviknight|def|1
|
|upkeep
|turn|41
|
|move|p1a: Eternatus|Flamethrower|p2a: Corviknight
|-supereffective|p2a: Corviknight
|-damage|p2a: Corviknight|31/100
|move|p2a: Corviknight|Roost|p2a: Corviknight
|-heal|p2a: Corviknight|81/100
|-singleturn|p2a: Corviknight|move: Roost
|
|upkeep
|turn|42
|
|switch|p1a: Necrozma|Necrozma-Dusk-Mane|93/100
|-damage|p1a: Necrozma|87/100|[from] Stealth Rock
|move|p2a: Corviknight|Roost|p2a: Corviknight
|-heal|p2a: Corviknight|100/100
|-singleturn|p2a: Corviknight|move: Roost
|
|-heal|p1a: Necrozma|93/100|[from] item: Leftovers
|upkeep
|turn|43
|
|move|p1a: Necrozma|Thunder Wave|p2a: Corviknight
|-status|p2a: Corviknight|par
|move|p2a: Corviknight|Body Press|p1a: Necrozma
|-damage|p1a: Necrozma|65/100
|
|-heal|p1a: Necrozma|71/100|[from] item: Leftovers
|upkeep
|turn|44
|
|move|p1a: Necrozma|Knock Off|p2a: Corviknight
|-damage|p2a: Corviknight|91/100 par
|move|p2a: Corviknight|Brave Bird|p1a: Necrozma
|-resisted|p1a: Necrozma
|-damage|p1a: Necrozma|53/100
|-damage|p2a: Corviknight|85/100 par|[from] Recoil
|
|-heal|p1a: Necrozma|59/100|[from] item: Leftovers
|upkeep
|turn|45
|
|move|p1a: Necrozma|Moonlight|p1a: Necrozma
|-heal|p1a: Necrozma|100/100
|move|p2a: Corviknight|Brave Bird|p1a: Necrozma
|-resisted|p1a: Necrozma
|-damage|p1a: Necrozma|80/100
|-damage|p2a: Corviknight|78/100 par|[from] Recoil
|
|-heal|p1a: Necrozma|86/100|[from] item: Leftovers
|upkeep
|turn|46
|
|move|p1a: Necrozma|Knock Off|p2a: Corviknight
|-damage|p2a: Corviknight|69/100 par
|move|p2a: Corviknight|Roost|p2a: Corviknight
|-heal|p2a: Corviknight|100/100 par
|-singleturn|p2a: Corviknight|move: Roost
|
|-heal|p1a: Necrozma|92/100|[from] item: Leftovers
|upkeep
|turn|47
|
|switch|p2a: Umbreon|Umbreon, F, shiny|80/100
|-damage|p2a: Umbreon|67/100|[from] Stealth Rock
|move|p1a: Necrozma|Knock Off|p2a: Umbreon
|-resisted|p2a: Umbreon
|-damage|p2a: Umbreon|55/100
|-enditem|p2a: Umbreon|Leftovers|[from] move: Knock Off|[of] p1a: Necrozma
|
|-heal|p1a: Necrozma|98/100|[from] item: Leftovers
|upkeep
|turn|48
|j| Hex'Arm
|
|move|p1a: Necrozma|Thunder Wave|p2a: Umbreon
|-status|p2a: Umbreon|par
|-activate|p2a: Umbreon|ability: Synchronize
|-status|p1a: Necrozma|par
|move|p2a: Umbreon|Wish|p2a: Umbreon
|
|-heal|p1a: Necrozma|100/100 par|[from] item: Leftovers
|upkeep
|turn|49
|
|switch|p1a: Eternatus|Eternatus|90/100
|-damage|p1a: Eternatus|77/100|[from] Stealth Rock
|-ability|p1a: Eternatus|Pressure
|move|p2a: Umbreon|Heal Bell|p2a: Umbreon
|-activate|p2a: Umbreon|move: Heal Bell
|-curestatus|p2a: Umbreon|par|[msg]
|-curestatus|p2: Corviknight|par|[msg]
|-curestatus|p2: Eternatus|par|[msg]
|
|-heal|p2a: Umbreon|100/100|[from] move: Wish|[wisher] Umbreon
|upkeep
|turn|50
|
|move|p2a: Umbreon|Snarl|p1a: Eternatus
|-damage|p1a: Eternatus|67/100
|-unboost|p1a: Eternatus|spa|1
|move|p1a: Eternatus|Dragon Tail|p2a: Umbreon
|-damage|p2a: Umbreon|88/100
|drag|p2a: Eternatus|Eternatus|100/100
|-damage|p2a: Eternatus|88/100|[from] Stealth Rock
|-ability|p2a: Eternatus|Pressure
|
|-heal|p2a: Eternatus|94/100|[from] item: Black Sludge
|upkeep
|turn|51
|
|switch|p1a: Necrozma|Necrozma-Dusk-Mane|100/100 par
|-damage|p1a: Necrozma|94/100 par|[from] Stealth Rock
|move|p2a: Eternatus|Toxic Spikes|p1a: Necrozma
|-sidestart|p1: Misaka10313|move: Toxic Spikes
|
|-heal|p2a: Eternatus|99/100|[from] item: Black Sludge
|-heal|p1a: Necrozma|100/100 par|[from] item: Leftovers
|upkeep
|turn|52
|
|move|p2a: Eternatus|Flamethrower|p1a: Necrozma
|-supereffective|p1a: Necrozma
|-damage|p1a: Necrozma|76/100 par
|move|p1a: Necrozma|Knock Off|p2a: Eternatus
|-damage|p2a: Eternatus|79/100
|-enditem|p2a: Eternatus|Black Sludge|[from] move: Knock Off|[of] p1a: Necrozma
|
|-heal|p1a: Necrozma|82/100 par|[from] item: Leftovers
|upkeep
|turn|53
|
|move|p2a: Eternatus|Flamethrower|p1a: Necrozma
|-supereffective|p1a: Necrozma
|-damage|p1a: Necrozma|57/100 par
|cant|p1a: Necrozma|par
|
|-heal|p1a: Necrozma|63/100 par|[from] item: Leftovers
|upkeep
|turn|54
|
|move|p2a: Eternatus|Flamethrower|p1a: Necrozma
|-supereffective|p1a: Necrozma
|-damage|p1a: Necrozma|37/100 par
|cant|p1a: Necrozma|par
|
|-heal|p1a: Necrozma|43/100 par|[from] item: Leftovers
|upkeep
|turn|55
|
|switch|p2a: Lunala|Lunala|100/100
|-damage|p2a: Lunala|88/100|[from] Stealth Rock
|move|p1a: Necrozma|Moonlight|p1a: Necrozma
|-heal|p1a: Necrozma|93/100 par
|
|-heal|p1a: Necrozma|99/100 par|[from] item: Leftovers
|upkeep
|turn|56
|
|move|p2a: Lunala|Moongeist Beam|p1a: Necrozma
|-supereffective|p1a: Necrozma
|-damage|p1a: Necrozma|19/100 par
|cant|p1a: Necrozma|par
|
|-heal|p1a: Necrozma|25/100 par|[from] item: Leftovers
|upkeep
|turn|57
|
|move|p2a: Lunala|Moongeist Beam|p1a: Necrozma
|-supereffective|p1a: Necrozma
|-damage|p1a: Necrozma|0 fnt
|faint|p1a: Necrozma
|
|upkeep
|
|switch|p1a: Marshadow|Marshadow|100/100
|-status|p1a: Marshadow|psn
|-damage|p1a: Marshadow|94/100 psn|[from] Stealth Rock
|turn|58
|
|switch|p2a: Eternatus|Eternatus|79/100
|-damage|p2a: Eternatus|67/100|[from] Stealth Rock
|-ability|p2a: Eternatus|Pressure
|move|p1a: Marshadow|Close Combat|p2a: Eternatus
|-resisted|p2a: Eternatus
|-damage|p2a: Eternatus|48/100
|-unboost|p1a: Marshadow|def|1
|-unboost|p1a: Marshadow|spd|1
|
|-damage|p1a: Marshadow|82/100 psn|[from] psn
|upkeep
|turn|59
|
|switch|p1a: Eternatus|Eternatus|67/100
|-damage|p1a: Eternatus|55/100|[from] Stealth Rock
|-sideend|p1: Misaka10313|move: Toxic Spikes|[of] p1a: Eternatus
|-ability|p1a: Eternatus|Pressure
|move|p2a: Eternatus|Recover|p2a: Eternatus
|-heal|p2a: Eternatus|98/100
|
|upkeep
|turn|60
|
|move|p1a: Eternatus|Recover|p1a: Eternatus
|-heal|p1a: Eternatus|100/100
|move|p2a: Eternatus|Dragon Tail|p1a: Eternatus|[miss]
|-miss|p2a: Eternatus|p1a: Eternatus
|
|upkeep
|turn|61
|
|move|p1a: Eternatus|Cosmic Power|p1a: Eternatus
|-boost|p1a: Eternatus|def|1
|-boost|p1a: Eternatus|spd|1
|move|p2a: Eternatus|Toxic Spikes|p1a: Eternatus
|-sidestart|p1: Misaka10313|move: Toxic Spikes
|
|upkeep
|turn|62
|
|move|p1a: Eternatus|Cosmic Power|p1a: Eternatus
|-boost|p1a: Eternatus|def|1
|-boost|p1a: Eternatus|spd|1
|move|p2a: Eternatus|Dragon Tail|p1a: Eternatus
|-supereffective|p1a: Eternatus
|-damage|p1a: Eternatus|88/100
|drag|p1a: Ditto|Ditto|100/100
|-damage|p1a: Ditto|88/100|[from] Stealth Rock
|-status|p1a: Ditto|psn
|-transform|p1a: Ditto|p2a: Eternatus|[from] ability: Imposter
|-ability|p1a: Ditto|Pressure
|
|-damage|p1a: Ditto|76/100 psn|[from] psn
|upkeep
|turn|63
|
|move|p1a: Ditto|Toxic Spikes|p2a: Eternatus
|-sidestart|p2: nicolle925|move: Toxic Spikes
|move|p2a: Eternatus|Dragon Tail|p1a: Ditto
|-supereffective|p1a: Ditto
|-damage|p1a: Ditto|47/100 psn
|drag|p1a: Eternatus|Eternatus|88/100
|-damage|p1a: Eternatus|76/100|[from] Stealth Rock
|-sideend|p1: Misaka10313|move: Toxic Spikes|[of] p1a: Eternatus
|-ability|p1a: Eternatus|Pressure
|
|upkeep
|turn|64
|
|switch|p2a: Corviknight|Corviknight, M|100/100
|-damage|p2a: Corviknight|88/100|[from] Stealth Rock
|-ability|p2a: Corviknight|Pressure
|move|p1a: Eternatus|Dragon Tail|p2a: Corviknight
|-resisted|p2a: Corviknight
|-damage|p2a: Corviknight|83/100
|drag|p2a: Eternatus|Eternatus|98/100
|-damage|p2a: Eternatus|86/100|[from] Stealth Rock
|-sideend|p2: nicolle925|move: Toxic Spikes|[of] p2a: Eternatus
|-ability|p2a: Eternatus|Pressure
|
|upkeep
|turn|65
|
|move|p2a: Eternatus|Toxic Spikes|p1a: Eternatus
|-sidestart|p1: Misaka10313|move: Toxic Spikes
|move|p1a: Eternatus|Dragon Tail|p2a: Eternatus|[miss]
|-miss|p1a: Eternatus|p2a: Eternatus
|
|upkeep
|turn|66
|
|move|p1a: Eternatus|Dragon Tail|p2a: Eternatus
|-supereffective|p2a: Eternatus
|-damage|p2a: Eternatus|66/100
|drag|p2a: Corviknight|Corviknight, M|83/100
|-damage|p2a: Corviknight|71/100|[from] Stealth Rock
|-ability|p2a: Corviknight|Pressure
|
|upkeep
|turn|67
|
|switch|p2a: Eternatus|Eternatus|66/100
|-damage|p2a: Eternatus|54/100|[from] Stealth Rock
|-ability|p2a: Eternatus|Pressure
|move|p1a: Eternatus|Flamethrower|p2a: Eternatus
|-resisted|p2a: Eternatus
|-damage|p2a: Eternatus|42/100
|
|upkeep
|turn|68
|
|move|p2a: Eternatus|Recover|p2a: Eternatus
|-heal|p2a: Eternatus|92/100
|move|p1a: Eternatus|Dragon Tail|p2a: Eternatus
|-supereffective|p2a: Eternatus
|-damage|p2a: Eternatus|70/100
|drag|p2a: Lunala|Lunala|88/100
|-damage|p2a: Lunala|76/100|[from] Stealth Rock
|
|upkeep
|turn|69
|
|move|p1a: Eternatus|Flamethrower|p2a: Lunala
|-damage|p2a: Lunala|49/100
|move|p2a: Lunala|Psychic|p1a: Eternatus
|-supereffective|p1a: Eternatus
|-damage|p1a: Eternatus|0 fnt
|faint|p1a: Eternatus
|
|upkeep
|
|switch|p1a: Marshadow|Marshadow|82/100 psn
|-damage|p1a: Marshadow|76/100 psn|[from] Stealth Rock
|turn|70
|
|move|p1a: Marshadow|Spectral Thief|p2a: Lunala
|-supereffective|p2a: Lunala
|-damage|p2a: Lunala|0 fnt
|faint|p2a: Lunala
|
|-damage|p1a: Marshadow|63/100 psn|[from] psn
|upkeep
|
|switch|p2a: Eternatus|Eternatus|70/100
|-damage|p2a: Eternatus|57/100|[from] Stealth Rock
|-ability|p2a: Eternatus|Pressure
|turn|71
|
|-start|p1a: Marshadow|Dynamax
|-heal|p1a: Marshadow|63/100 psn|[silent]
|move|p1a: Marshadow|Max Phantasm|p2a: Eternatus
|-damage|p2a: Eternatus|16/100
|-unboost|p2a: Eternatus|def|1
|move|p2a: Eternatus|Recover|p2a: Eternatus
|-heal|p2a: Eternatus|66/100
|
|-damage|p1a: Marshadow|57/100 psn|[from] psn
|upkeep
|turn|72
|
|switch|p2a: Umbreon|Umbreon, F, shiny|88/100
|-damage|p2a: Umbreon|75/100|[from] Stealth Rock
|move|p1a: Marshadow|Max Phantasm|p2a: Umbreon
|-resisted|p2a: Umbreon
|-damage|p2a: Umbreon|47/100
|-unboost|p2a: Umbreon|def|1
|
|-damage|p1a: Marshadow|51/100 psn|[from] psn
|upkeep
|turn|73
|
|move|p1a: Marshadow|Max Knuckle|p2a: Umbreon
|-supereffective|p2a: Umbreon
|-damage|p2a: Umbreon|0 fnt
|-boost|p1a: Marshadow|atk|1
|faint|p2a: Umbreon
|
|-damage|p1a: Marshadow|44/100 psn|[from] psn
|-end|p1a: Marshadow|Dynamax
|-heal|p1a: Marshadow|44/100 psn|[silent]
|upkeep
|
|switch|p2a: Eternatus|Eternatus|66/100
|-damage|p2a: Eternatus|54/100|[from] Stealth Rock
|-ability|p2a: Eternatus|Pressure
|turn|74
|
|move|p1a: Marshadow|Spectral Thief|p2a: Eternatus
|-damage|p2a: Eternatus|7/100
|move|p2a: Eternatus|Recover|p2a: Eternatus
|-heal|p2a: Eternatus|57/100
|
|-damage|p1a: Marshadow|32/100 psn|[from] psn
|upkeep
|turn|75
|
|move|p1a: Marshadow|Spectral Thief|p2a: Eternatus
|-damage|p2a: Eternatus|15/100
|move|p2a: Eternatus|Recover|p2a: Eternatus
|-heal|p2a: Eternatus|65/100
|
|-damage|p1a: Marshadow|20/100 psn|[from] psn
|upkeep
|turn|76
|
|move|p1a: Marshadow|Spectral Thief|p2a: Eternatus
|-damage|p2a: Eternatus|18/100
|move|p2a: Eternatus|Recover|p2a: Eternatus
|-heal|p2a: Eternatus|68/100
|
|-damage|p1a: Marshadow|7/100 psn|[from] psn
|upkeep
|turn|77
|
|move|p1a: Marshadow|Spectral Thief|p2a: Eternatus
|-crit|p2a: Eternatus
|-damage|p2a: Eternatus|0 fnt
|faint|p2a: Eternatus
|
|-damage|p1a: Marshadow|0 fnt|[from] psn
|faint|p1a: Marshadow
|upkeep
|
|switch|p1a: Ditto|Ditto|47/100 psn
|switch|p2a: Ditto|Ditto, shiny|100/100
|-damage|p2a: Ditto|88/100|[from] Stealth Rock
|-transform|p2a: Ditto|p1a: Ditto|[from] ability: Imposter
|-damage|p1a: Ditto|35/100 psn|[from] Stealth Rock
|turn|78
|
|move|p2a: Ditto|Transform||[still]
|-fail|p2a: Ditto
|move|p1a: Ditto|Transform||[still]
|-fail|p1a: Ditto
|
|-damage|p1a: Ditto|22/100 psn|[from] psn
|upkeep
|turn|79
|
|move|p2a: Ditto|Transform||[still]
|-fail|p2a: Ditto
|move|p1a: Ditto|Transform||[still]
|-fail|p1a: Ditto
|
|-damage|p1a: Ditto|10/100 psn|[from] psn
|upkeep
|turn|80
|
|move|p2a: Ditto|Transform||[still]
|-fail|p2a: Ditto
|move|p1a: Ditto|Transform||[still]
|-fail|p1a: Ditto
|
|-damage|p1a: Ditto|0 fnt|[from] psn
|faint|p1a: Ditto
|upkeep
|
|switch|p1a: Lunala|Lunala|51/100 psn
|-damage|p1a: Lunala|39/100 psn|[from] Stealth Rock
|turn|81
|
|-start|p2a: Ditto|Dynamax
|-heal|p2a: Ditto|88/100|[silent]
|move|p2a: Ditto|Max Guard|p2a: Ditto
|-singleturn|p2a: Ditto|Max Guard
|move|p1a: Lunala|Moongeist Beam|p2a: Ditto
|-activate|p2a: Ditto|move: Max Guard
|
|-damage|p1a: Lunala|27/100 psn|[from] psn
|upkeep
|turn|82
|
|move|p2a: Ditto|Max Guard||[still]
|-fail|p2a: Ditto
|move|p1a: Lunala|Moongeist Beam|p2a: Ditto
|-immune|p2a: Ditto
|
|-damage|p1a: Lunala|14/100 psn|[from] psn
|upkeep
|turn|83
|
|cant|p2a: Ditto|nopp|Max Guard
|-hint|This is not a bug, this is really how it works on the Switch; try it yourself if you don't believe us.
|move|p1a: Lunala|Moongeist Beam|p2a: Ditto
|-immune|p2a: Ditto
|
|-damage|p1a: Lunala|2/100 psn|[from] psn
|-end|p2a: Ditto|Dynamax
|-heal|p2a: Ditto|88/100|[silent]
|upkeep
|turn|84
|
|switch|p2a: Corviknight|Corviknight, M|71/100
|-damage|p2a: Corviknight|58/100|[from] Stealth Rock
|-ability|p2a: Corviknight|Pressure
|move|p1a: Lunala|Moongeist Beam|p2a: Corviknight
|-damage|p2a: Corviknight|0 fnt
|faint|p2a: Corviknight
|
|-damage|p1a: Lunala|0 fnt|[from] psn
|faint|p1a: Lunala
|
|win|nicolle925
|upkeep
|raw|Misaka10313's rating: 1490 &rarr; <strong>1478</strong><br />(-12 for losing)
|raw|nicolle925's rating: 1641 &rarr; <strong>1653</strong><br />(+12 for winning)
