|j|☆ox04
|j|☆Swimming fish
|t:|1664090516
|gametype|singles
|player|p1|ox04|red-gen7|1552
|player|p2|Swimming fish|cyrus|1353
|teamsize|p1|6
|teamsize|p2|6
|gen|8
|tier|[Gen 8] Ubers
|rated|
|rule|Sleep Clause Mod: Limit one foe put to sleep
|rule|Species Clause: Limit one of each Pokémon
|rule|OHKO Clause: OHKO moves are banned
|rule|Evasion Items Clause: Evasion items are banned
|rule|Evasion Moves Clause: Evasion moves are banned
|rule|Endless Battle Clause: Forcing endless battles is banned
|rule|HP Percentage Mod: HP is shown in percentages
|rule|Dynamax Clause: You cannot dynamax
|clearpoke
|poke|p1|Marshadow|
|poke|p1|Yveltal|
|poke|p1|Pheromosa|
|poke|p1|Necrozma-Dusk-Mane|
|poke|p1|Groudon|
|poke|p1|Naganadel|
|poke|p2|Yveltal|
|poke|p2|Ho-Oh|
|poke|p2|Blissey, F|
|poke|p2|Toxapex, M|
|poke|p2|Necrozma-Dusk-Mane|
|poke|p2|Eternatus|
|teampreview
|inactive|Battle timer is ON: inactive players will automatically lose when time's up. (requested by ox04)
|inactive|Swimming fish also wants the timer to be on.
|
|t:|1664090522
|start
|switch|p1a: Naganadel|Naganadel, shiny|100/100
|switch|p2a: Yveltal|Yveltal, shiny|100/100
|-ability|p2a: Yveltal|Dark Aura
|turn|1
|
|t:|1664090526
|move|p1a: Naganadel|Draco Meteor|p2a: Yveltal|[miss]
|-miss|p1a: Naganadel|p2a: Yveltal
|move|p2a: Yveltal|Knock Off|p1a: Naganadel
|-damage|p1a: Naganadel|0 fnt
|-enditem|p1a: Naganadel|Eject Pack|[from] move: Knock Off|[of] p2a: Yveltal
|faint|p1a: Naganadel
|
|upkeep
|
|t:|1664090533
|switch|p1a: Pheromosa|Pheromosa|100/100
|turn|2
|
|t:|1664090537
|switch|p2a: Toxapex|Toxapex, M|100/100
|move|p1a: Pheromosa|U-turn|p2a: Toxapex
|-resisted|p2a: Toxapex
|-damage|p2a: Toxapex|90/100
|
|t:|1664090539
|switch|p1a: Groudon|Groudon|100/100|[from]move: U-turn
|-weather|SunnyDay|[from] ability: Drought|[of] p1a: Groudon
|
|-weather|SunnyDay|[upkeep]
|upkeep
|turn|3
|
|t:|1664090552
|move|p1a: Groudon|Swords Dance|p1a: Groudon
|-boost|p1a: Groudon|atk|2
|move|p2a: Toxapex|Toxic Spikes|p1a: Groudon
|-sidestart|p1: ox04|move: Toxic Spikes
|
|-weather|SunnyDay|[upkeep]
|upkeep
|turn|4
|
|t:|1664090559
|switch|p2a: Yveltal|Yveltal, shiny|100/100
|-ability|p2a: Yveltal|Dark Aura
|move|p1a: Groudon|Stone Edge|p2a: Yveltal
|-supereffective|p2a: Yveltal
|-damage|p2a: Yveltal|0 fnt
|faint|p2a: Yveltal
|
|-weather|SunnyDay|[upkeep]
|upkeep
|
|t:|1664090565
|switch|p2a: Eternatus|Eternatus|100/100
|-ability|p2a: Eternatus|Pressure
|turn|5
|c|☆ox04|nice I hit
|
|t:|1664090569
|move|p1a: Groudon|Earthquake|p2a: Eternatus
|-supereffective|p2a: Eternatus
|-damage|p2a: Eternatus|0 fnt
|faint|p2a: Eternatus
|
|-weather|SunnyDay|[upkeep]
|upkeep
|
|t:|1664090575
|switch|p2a: Ho-Oh|Ho-Oh, shiny|100/100
|turn|6
|
|t:|1664090578
|move|p1a: Groudon|Stone Edge|p2a: Ho-Oh
|-supereffective|p2a: Ho-Oh
|-damage|p2a: Ho-Oh|0 fnt
|faint|p2a: Ho-Oh
|
|-weather|none
|upkeep
|
|t:|1664090581
|switch|p2a: Necrozma|Necrozma-Dusk-Mane|100/100
|turn|7
|c|☆ox04|2 hits dang
|
|t:|1664090585
|move|p1a: Groudon|Earthquake|p2a: Necrozma
|-supereffective|p2a: Necrozma
|-damage|p2a: Necrozma|5/100
|move|p2a: Necrozma|Sunsteel Strike|p1a: Groudon
|-crit|p1a: Groudon
|-damage|p1a: Groudon|53/100
|
|-heal|p1a: Groudon|59/100|[from] item: Leftovers
|-heal|p2a: Necrozma|11/100|[from] item: Leftovers
|upkeep
|turn|8
|
|t:|1664090588
|move|p1a: Groudon|Earthquake|p2a: Necrozma
|-supereffective|p2a: Necrozma
|-damage|p2a: Necrozma|0 fnt
|faint|p2a: Necrozma
|
|-heal|p1a: Groudon|65/100|[from] item: Leftovers
|upkeep
|c|☆ox04|gg
|
|t:|1664090593
|switch|p2a: Toxapex|Toxapex, M|100/100
|turn|9
|
|t:|1664090596
|move|p1a: Groudon|Earthquake|p2a: Toxapex
|-supereffective|p2a: Toxapex
|-damage|p2a: Toxapex|0 fnt
|faint|p2a: Toxapex
|
|-heal|p1a: Groudon|71/100|[from] item: Leftovers
|upkeep
|
|t:|1664090598
|switch|p2a: Blissey|Blissey, F, shiny|100/100
|turn|10
|
|t:|1664090602
|move|p1a: Groudon|Earthquake|p2a: Blissey
|-damage|p2a: Blissey|0 fnt
|faint|p2a: Blissey
|
|win|ox04
|raw|ox04's rating: 1552 &rarr; <strong>1562</strong><br />(+10 for winning)
|raw|Swimming fish's rating: 1353 &rarr; <strong>1343</strong><br />(-10 for losing)
|l|☆Swimming fish
