|j|☆Magikarp4000
|j|☆MegaTygnonGucci
|t:|1617001837
|player|p1|Magikarp4000|steven|1563
|player|p2|MegaTygnonGucci|zinzolin|1454
|teamsize|p1|6
|teamsize|p2|6
|gametype|singles
|gen|8
|tier|[Gen 8] Ubers
|rated|
|clearpoke
|poke|p1|Yveltal|
|poke|p1|Zacian|
|poke|p1|Necrozma-Dusk-Mane|
|poke|p1|Eternatus|
|poke|p1|Zygarde|
|poke|p1|Calyrex-Shadow|
|poke|p2|Galvantula, F|
|poke|p2|Calyrex-Shadow|
|poke|p2|Dracovish|
|poke|p2|Darmanitan-Galar, F|
|poke|p2|Zygarde|
|poke|p2|Melmetal|
|rule|Sleep Clause Mod: Limit one foe put to sleep
|rule|Species Clause: Limit one of each Pokémon
|rule|OHKO Clause: OHKO moves are banned
|rule|Evasion Moves Clause: Evasion moves are banned
|rule|Endless Battle Clause: Forcing endless battles is banned
|rule|HP Percentage Mod: HP is shown in percentages
|rule|Dynamax Clause: You cannot dynamax
|teampreview
|inactive|Battle timer is ON: inactive players will automatically lose when time's up. (requested by MegaTygnonGucci)
|c|☆MegaTygnonGucci|Re
|inactive|Magikarp4000 has 120 seconds left.
|c|☆Magikarp4000|glhf
|inactive|Magikarp4000 has 90 seconds left.
|
|t:|1617001907
|start
|switch|p1a: Zygarde|Zygarde|100/100
|switch|p2a: Galvantula|Galvantula, F, shiny|100/100
|turn|1
|
|t:|1617001911
|move|p2a: Galvantula|Toxic|p1a: Zygarde
|-status|p1a: Zygarde|tox
|move|p1a: Zygarde|Thousand Arrows|p2a: Galvantula
|-damage|p2a: Galvantula|25/100
|
|-damage|p1a: Zygarde|94/100 tox|[from] psn
|upkeep
|turn|2
|
|t:|1617001915
|move|p2a: Galvantula|Sticky Web|p1a: Zygarde
|-sidestart|p1: Magikarp4000|move: Sticky Web
|move|p1a: Zygarde|Thousand Arrows|p2a: Galvantula
|-damage|p2a: Galvantula|0 fnt
|faint|p2a: Galvantula
|
|-heal|p1a: Zygarde|100/100 tox|[from] item: Leftovers
|-damage|p1a: Zygarde|88/100 tox|[from] psn
|upkeep
|
|t:|1617001925
|switch|p2a: Darmanitan|Darmanitan-Galar, F|100/100
|turn|3
|
|t:|1617001938
|switch|p1a: Necrozma|Necrozma-Dusk-Mane|100/100
|-activate|p1a: Necrozma|move: Sticky Web
|-unboost|p1a: Necrozma|spe|1
|move|p2a: Darmanitan|Flare Blitz|p1a: Necrozma
|-supereffective|p1a: Necrozma
|-damage|p1a: Necrozma|18/100
|-damage|p2a: Darmanitan|84/100|[from] item: Rocky Helmet|[of] p1a: Necrozma
|-damage|p2a: Darmanitan|53/100|[from] Recoil
|
|upkeep
|turn|4
|
|t:|1617001946
|switch|p1a: Zygarde|Zygarde|88/100 tox
|-activate|p1a: Zygarde|move: Sticky Web
|-unboost|p1a: Zygarde|spe|1
|move|p2a: Darmanitan|Flare Blitz|p1a: Zygarde
|-resisted|p1a: Zygarde
|-damage|p1a: Zygarde|55/100 tox
|-damage|p2a: Darmanitan|41/100|[from] Recoil
|
|-heal|p1a: Zygarde|61/100 tox|[from] item: Leftovers
|-damage|p1a: Zygarde|55/100 tox|[from] psn
|upkeep
|turn|5
|
|t:|1617001955
|switch|p2a: Dracovish|Dracovish, shiny|100/100
|move|p1a: Zygarde|Rest|p1a: Zygarde
|-status|p1a: Zygarde|slp|[from] move: Rest
|-heal|p1a: Zygarde|100/100 slp|[silent]
|
|upkeep
|turn|6
|
|t:|1617001975
|switch|p1a: Zacian|Zacian|100/100
|-activate|p1a: Zacian|move: Sticky Web
|-unboost|p1a: Zacian|spe|1
|-ability|p1a: Zacian|Intrepid Sword|boost
|-boost|p1a: Zacian|atk|1
|move|p2a: Dracovish|Fishious Rend|p1a: Zacian
|-crit|p1a: Zacian
|-damage|p1a: Zacian|0 fnt
|faint|p1a: Zacian
|
|upkeep
|
|t:|1617001984
|switch|p1a: Calyrex|Calyrex-Shadow|100/100
|-ability|p1a: Calyrex|As One
|-ability|p1a: Calyrex|Unnerve|p2: MegaTygnonGucci
|-activate|p1a: Calyrex|move: Sticky Web
|-unboost|p1a: Calyrex|spe|1
|turn|7
|
|t:|1617001991
|switch|p2a: Darmanitan|Darmanitan-Galar, F|41/100
|move|p1a: Calyrex|Astral Barrage|p2a: Darmanitan
|-damage|p2a: Darmanitan|0 fnt
|faint|p2a: Darmanitan
|-ability|p1a: Calyrex|Grim Neigh|boost
|-boost|p1a: Calyrex|spa|1
|
|upkeep
|
|t:|1617001993
|switch|p2a: Calyrex|Calyrex-Shadow|100/100
|-ability|p2a: Calyrex|As One
|-ability|p2a: Calyrex|Unnerve|p1: Magikarp4000
|turn|8
|
|t:|1617001996
|switch|p1a: Yveltal|Yveltal|100/100
|-ability|p1a: Yveltal|Dark Aura
|move|p2a: Calyrex|Astral Barrage|p1a: Yveltal
|-resisted|p1a: Yveltal
|-damage|p1a: Yveltal|80/100
|
|upkeep
|turn|9
|
|t:|1617002004
|switch|p2a: Melmetal|Melmetal|100/100
|move|p1a: Yveltal|Defog|p2a: Melmetal
|-unboost|p2a: Melmetal|evasion|1
|-sideend|p1: Magikarp4000|Sticky Web|[from] move: Defog|[of] p1a: Yveltal
|
|upkeep
|turn|10
|
|t:|1617002029
|switch|p1a: Necrozma|Necrozma-Dusk-Mane|18/100
|move|p2a: Melmetal|Double Iron Bash|p1a: Necrozma
|-resisted|p1a: Necrozma
|-damage|p1a: Necrozma|1/100
|-damage|p2a: Melmetal|84/100|[from] item: Rocky Helmet|[of] p1a: Necrozma
|-resisted|p1a: Necrozma
|-damage|p1a: Necrozma|0 fnt
|-damage|p2a: Melmetal|67/100|[from] item: Rocky Helmet|[of] p1a: Necrozma
|-hitcount|p1a: Necrozma|2
|faint|p1a: Necrozma
|
|upkeep
|
|t:|1617002036
|switch|p1a: Eternatus|Eternatus|100/100
|-ability|p1a: Eternatus|Pressure
|turn|11
|
|t:|1617002044
|switch|p2a: Dracovish|Dracovish, shiny|100/100
|move|p1a: Eternatus|Flamethrower|p2a: Dracovish
|-resisted|p2a: Dracovish
|-damage|p2a: Dracovish|92/100
|
|upkeep
|turn|12
|inactive|Magikarp4000 has 120 seconds left.
|inactive|Magikarp4000 has 90 seconds left.
|
|t:|1617002126
|move|p1a: Eternatus|Dynamax Cannon|p2a: Dracovish
|-supereffective|p2a: Dracovish
|-damage|p2a: Dracovish|0 fnt
|faint|p2a: Dracovish
|
|upkeep
|
|t:|1617002134
|switch|p2a: Calyrex|Calyrex-Shadow|100/100
|-ability|p2a: Calyrex|As One
|-ability|p2a: Calyrex|Unnerve|p1: Magikarp4000
|turn|13
|inactive|Magikarp4000 has 60 seconds left.
|
|t:|1617002169
|switch|p2a: Zygarde|Zygarde, shiny|100/100
|switch|p1a: Yveltal|Yveltal|80/100
|-ability|p1a: Yveltal|Dark Aura
|
|upkeep
|turn|14
|
|t:|1617002180
|move|p2a: Zygarde|Glare|p1a: Yveltal
|-status|p1a: Yveltal|par
|move|p1a: Yveltal|Knock Off|p2a: Zygarde
|-damage|p2a: Zygarde|54/100
|-enditem|p2a: Zygarde|Leftovers|[from] move: Knock Off|[of] p1a: Yveltal
|
|upkeep
|turn|15
|inactive|Magikarp4000 has 60 seconds left.
|
|t:|1617002216
|switch|p1a: Calyrex|Calyrex-Shadow|100/100
|-ability|p1a: Calyrex|As One
|-ability|p1a: Calyrex|Unnerve|p2: MegaTygnonGucci
|move|p2a: Zygarde|Substitute|p2a: Zygarde
|-start|p2a: Zygarde|Substitute
|-damage|p2a: Zygarde|30/100
|
|-activate|p2a: Zygarde|ability: Power Construct
|detailschange|p2a: Zygarde|Zygarde-Complete, shiny
|-heal|p2a: Zygarde|55/100|[silent]
|upkeep
|turn|16
|
|t:|1617002219
|move|p1a: Calyrex|Astral Barrage|p2a: Zygarde
|-end|p2a: Zygarde|Substitute
|move|p2a: Zygarde|Glare|p1a: Calyrex
|-status|p1a: Calyrex|par
|
|upkeep
|turn|17
|
|t:|1617002222
|move|p1a: Calyrex|Astral Barrage|p2a: Zygarde
|-damage|p2a: Zygarde|12/100
|move|p2a: Zygarde|Substitute|p2a: Zygarde
|-fail|p2a: Zygarde|move: Substitute|[weak]
|
|upkeep
|turn|18
|
|t:|1617002227
|move|p1a: Calyrex|Astral Barrage|p2a: Zygarde
|-damage|p2a: Zygarde|0 fnt
|faint|p2a: Zygarde
|-ability|p1a: Calyrex|Grim Neigh|boost
|-boost|p1a: Calyrex|spa|1
|
|upkeep
|
|t:|1617002230
|switch|p2a: Calyrex|Calyrex-Shadow|100/100
|-ability|p2a: Calyrex|As One
|-ability|p2a: Calyrex|Unnerve|p1: Magikarp4000
|turn|19
|inactive|Magikarp4000 has 60 seconds left.
|
|t:|1617002254
|switch|p1a: Yveltal|Yveltal|80/100 par
|-ability|p1a: Yveltal|Dark Aura
|move|p2a: Calyrex|Astral Barrage|p1a: Yveltal
|-resisted|p1a: Yveltal
|-damage|p1a: Yveltal|60/100 par
|
|upkeep
|turn|20
|
|t:|1617002271
|move|p2a: Calyrex|Astral Barrage|p1a: Yveltal
|-resisted|p1a: Yveltal
|-damage|p1a: Yveltal|40/100 par
|move|p1a: Yveltal|Knock Off|p2a: Calyrex
|-supereffective|p2a: Calyrex
|-damage|p2a: Calyrex|0 fnt
|-enditem|p2a: Calyrex|Choice Scarf|[from] move: Knock Off|[of] p1a: Yveltal
|faint|p2a: Calyrex
|
|upkeep
|
|t:|1617002273
|switch|p2a: Melmetal|Melmetal|67/100
|turn|21
|inactive|Magikarp4000 has 60 seconds left.
|inactive|Magikarp4000 has 30 seconds left.
|inactive|Magikarp4000 has 20 seconds left.
|inactive|Magikarp4000 has 15 seconds left.
|inactive|Magikarp4000 has 10 seconds left.
|inactive|Magikarp4000 has 5 seconds left.
|-message|Magikarp4000 lost due to inactivity.
|
|win|MegaTygnonGucci
|raw|Magikarp4000's rating: 1563 &rarr; <strong>1537</strong><br />(-26 for losing)
|raw|MegaTygnonGucci's rating: 1454 &rarr; <strong>1480</strong><br />(+26 for winning)
