|j|☆puissance du feu
|j|☆Fujiwara of Mokou
|t:|1668621349
|gametype|singles
|player|p1|puissance du feu|blackbelt-gen4dp|1327
|player|p2|Fujiwara of Mokou|cynthia-gen4|1401
|teamsize|p1|6
|teamsize|p2|6
|gen|8
|tier|[Gen 8] Ubers
|rated|
|rule|Sleep Clause Mod: Limit one foe put to sleep
|rule|Species Clause: Limit one of each Pokémon
|rule|OHKO Clause: OHKO moves are banned
|rule|Evasion Items Clause: Evasion items are banned
|rule|Evasion Moves Clause: Evasion moves are banned
|rule|Endless Battle Clause: Forcing endless battles is banned
|rule|HP Percentage Mod: HP is shown in percentages
|rule|Dynamax Clause: You cannot dynamax
|clearpoke
|poke|p1|Dialga|
|poke|p1|Ho-Oh|
|poke|p1|Mewtwo|
|poke|p1|Weavile, F|
|poke|p1|Kyogre|
|poke|p1|Ditto|
|poke|p2|Dialga|
|poke|p2|Palkia|
|poke|p2|Kyogre|
|poke|p2|Yveltal|
|poke|p2|Necrozma-Dusk-Mane|
|poke|p2|Ho-Oh|
|teampreview
|inactive|Battle timer is ON: inactive players will automatically lose when time's up. (requested by puissance du feu)
|
|t:|1668621356
|start
|switch|p1a: Mew no.|Mewtwo|100/100
|switch|p2a: Dialga|Dialga|100/100
|-ability|p1a: Mew no.|Unnerve
|-ability|p2a: Dialga|Pressure
|turn|1
|
|t:|1668621367
|move|p1a: Mew no.|Ice Beam|p2a: Dialga
|-damage|p2a: Dialga|78/100
|move|p2a: Dialga|Thunder Wave|p1a: Mew no.
|-status|p1a: Mew no.|par
|
|-heal|p2a: Dialga|84/100|[from] item: Leftovers
|upkeep
|turn|2
|
|t:|1668621375
|move|p1a: Mew no.|Ice Beam|p2a: Dialga
|-crit|p2a: Dialga
|-damage|p2a: Dialga|48/100
|move|p2a: Dialga|Stealth Rock|p1a: Mew no.
|-sidestart|p1: puissance du feu|move: Stealth Rock
|
|-heal|p2a: Dialga|54/100|[from] item: Leftovers
|upkeep
|turn|3
|
|t:|1668621384
|switch|p1a: Fendeo|Ho-Oh|100/100
|switch|p2a: Necrozma|Necrozma-Dusk-Mane|100/100
|
|upkeep
|turn|4
|
|t:|1668621391
|move|p1a: Fendeo|Defog|p2a: Necrozma
|-unboost|p2a: Necrozma|evasion|1
|-sideend|p1: puissance du feu|Stealth Rock|[from] move: Defog|[of] p1a: Fendeo
|move|p2a: Necrozma|Thunder Wave|p1a: Fendeo
|-status|p1a: Fendeo|par
|
|upkeep
|turn|5
|
|t:|1668621399
|move|p2a: Necrozma|Knock Off|p1a: Fendeo
|-damage|p1a: Fendeo|72/100 par
|-enditem|p1a: Fendeo|Heavy-Duty Boots|[from] move: Knock Off|[of] p2a: Necrozma
|move|p1a: Fendeo|Sacred Fire|p2a: Necrozma
|-supereffective|p2a: Necrozma
|-damage|p2a: Necrozma|37/100
|-status|p2a: Necrozma|brn
|
|-heal|p2a: Necrozma|43/100 brn|[from] item: Leftovers
|-damage|p2a: Necrozma|37/100 brn|[from] brn
|upkeep
|turn|6
|
|t:|1668621408
|switch|p1a: Mew no.|Mewtwo|100/100 par
|-ability|p1a: Mew no.|Unnerve
|move|p2a: Necrozma|Moonlight|p2a: Necrozma
|-heal|p2a: Necrozma|87/100 brn
|
|-heal|p2a: Necrozma|93/100 brn|[from] item: Leftovers
|-damage|p2a: Necrozma|87/100 brn|[from] brn
|upkeep
|turn|7
|
|t:|1668621431
|move|p1a: Mew no.|Fire Blast|p2a: Necrozma
|-supereffective|p2a: Necrozma
|-crit|p2a: Necrozma
|-damage|p2a: Necrozma|30/100 brn
|move|p2a: Necrozma|Knock Off|p1a: Mew no.
|-supereffective|p1a: Mew no.
|-damage|p1a: Mew no.|66/100 par
|-enditem|p1a: Mew no.|Focus Sash|[from] move: Knock Off|[of] p2a: Necrozma
|
|-heal|p2a: Necrozma|36/100 brn|[from] item: Leftovers
|-damage|p2a: Necrozma|30/100 brn|[from] brn
|upkeep
|turn|8
|
|t:|1668621444
|move|p1a: Mew no.|Fire Blast|p2a: Necrozma
|-supereffective|p2a: Necrozma
|-damage|p2a: Necrozma|0 fnt
|faint|p2a: Necrozma
|
|upkeep
|
|t:|1668621448
|switch|p2a: Kyogre|Kyogre|100/100
|-weather|RainDance|[from] ability: Drizzle|[of] p2a: Kyogre
|turn|9
|
|t:|1668621470
|move|p2a: Kyogre|Water Spout|p1a: Mew no.
|-damage|p1a: Mew no.|0 fnt
|faint|p1a: Mew no.
|
|-weather|RainDance|[upkeep]
|upkeep
|
|t:|1668621478
|switch|p1a: Le Calino|Kyogre|100/100
|turn|10
|
|t:|1668621484
|switch|p2a: Dialga|Dialga|54/100
|-ability|p2a: Dialga|Pressure
|move|p1a: Le Calino|Thunder|p2a: Dialga
|-resisted|p2a: Dialga
|-damage|p2a: Dialga|42/100
|
|-weather|RainDance|[upkeep]
|-heal|p2a: Dialga|48/100|[from] item: Leftovers
|upkeep
|turn|11
|
|t:|1668621500
|switch|p1a: Fendeo|Ho-Oh|100/100 par
|move|p2a: Dialga|Stealth Rock|p1a: Fendeo
|-sidestart|p1: puissance du feu|move: Stealth Rock
|
|-weather|RainDance|[upkeep]
|-heal|p2a: Dialga|54/100|[from] item: Leftovers
|upkeep
|turn|12
|c|☆Fujiwara of Mokou|I have Power Gem
|
|t:|1668621508
|move|p1a: Fendeo|Earthquake|p2a: Dialga
|-supereffective|p2a: Dialga
|-damage|p2a: Dialga|0 fnt
|faint|p2a: Dialga
|
|-weather|RainDance|[upkeep]
|upkeep
|
|t:|1668621513
|switch|p2a: Kyogre|Kyogre|100/100
|turn|13
|
|t:|1668621530
|move|p2a: Kyogre|Water Spout|p1a: Fendeo
|-supereffective|p1a: Fendeo
|-damage|p1a: Fendeo|0 fnt
|faint|p1a: Fendeo
|
|-weather|none
|upkeep
|
|t:|1668621536
|switch|p1a: Le Calino|Kyogre|100/100
|-damage|p1a: Le Calino|88/100|[from] Stealth Rock
|-weather|RainDance|[from] ability: Drizzle|[of] p1a: Le Calino
|turn|14
|
|t:|1668621539
|switch|p2a: Palkia|Palkia|100/100
|-ability|p2a: Palkia|Pressure
|move|p1a: Le Calino|Thunder|p2a: Palkia
|-damage|p2a: Palkia|63/100
|
|-weather|RainDance|[upkeep]
|-heal|p1a: Le Calino|94/100|[from] item: Leftovers
|upkeep
|turn|15
|
|t:|1668621563
|switch|p2a: Ho-Oh|Ho-Oh|100/100
|move|p1a: Le Calino|Calm Mind|p1a: Le Calino
|-boost|p1a: Le Calino|spa|1
|-boost|p1a: Le Calino|spd|1
|
|-weather|RainDance|[upkeep]
|-heal|p1a: Le Calino|100/100|[from] item: Leftovers
|upkeep
|turn|16
|c|☆puissance du feu|?
|c|☆Fujiwara of Mokou|Que?
|
|t:|1668621583
|move|p2a: Ho-Oh|Brave Bird|p1a: Le Calino
|-damage|p1a: Le Calino|46/100
|-damage|p2a: Ho-Oh|83/100|[from] Recoil
|move|p1a: Le Calino|Origin Pulse|p2a: Ho-Oh
|-supereffective|p2a: Ho-Oh
|-damage|p2a: Ho-Oh|0 fnt
|faint|p2a: Ho-Oh
|
|-weather|RainDance|[upkeep]
|-heal|p1a: Le Calino|52/100|[from] item: Leftovers
|upkeep
|
|t:|1668621592
|switch|p2a: Kyogre|Kyogre|100/100
|turn|17
|c|☆puissance du feu|Porque ho oh
|c|☆puissance du feu|No entiendo
|c|☆Fujiwara of Mokou|Je deteste Ho Oh
|c|☆Fujiwara of Mokou|Il est un singe
|inactive|puissance du feu has 120 seconds left.
|c|☆puissance du feu|Donc tu l'as sacrifié
|
|t:|1668621624
|move|p2a: Kyogre|Thunder|p1a: Le Calino
|-supereffective|p1a: Le Calino
|-damage|p1a: Le Calino|5/100
|-status|p1a: Le Calino|par
|move|p1a: Le Calino|Thunder|p2a: Kyogre
|-supereffective|p2a: Kyogre
|-damage|p2a: Kyogre|5/100
|-status|p2a: Kyogre|par
|
|-weather|RainDance|[upkeep]
|-heal|p1a: Le Calino|11/100 par|[from] item: Leftovers
|upkeep
|turn|18
|c|☆Fujiwara of Mokou|Oui
|inactive|puissance du feu has 120 seconds left.
|
|t:|1668621635
|move|p2a: Kyogre|Thunder|p1a: Le Calino
|-supereffective|p1a: Le Calino
|-damage|p1a: Le Calino|0 fnt
|faint|p1a: Le Calino
|
|-weather|none
|upkeep
|c|☆puissance du feu|Tu es Espagnol?
|
|t:|1668621651
|switch|p1a: O|Ditto|100/100
|-damage|p1a: O|88/100|[from] Stealth Rock
|-transform|p1a: O|p2a: Kyogre|[from] ability: Imposter
|-weather|RainDance|[from] ability: Drizzle|[of] p1a: O
|turn|19
|c|☆Fujiwara of Mokou|mange mon cul
|
|t:|1668621673
|move|p1a: O|Water Spout|p2a: Kyogre
|-resisted|p2a: Kyogre
|-damage|p2a: Kyogre|0 fnt
|faint|p2a: Kyogre
|
|-weather|RainDance|[upkeep]
|upkeep
|
|t:|1668621676
|switch|p2a: Palkia|Palkia|63/100
|-ability|p2a: Palkia|Pressure
|turn|20
|c|☆puissance du feu|Tes pas français
|c|☆puissance du feu|Je le sais
|
|t:|1668621693
|move|p2a: Palkia|Draco Meteor|p1a: O
|-damage|p1a: O|26/100
|-unboost|p2a: Palkia|spa|2
|move|p1a: O|Water Spout|p2a: Palkia
|-resisted|p2a: Palkia
|-damage|p2a: Palkia|56/100
|
|-weather|RainDance|[upkeep]
|upkeep
|turn|21
|c|☆Fujiwara of Mokou|ok
|
|t:|1668621701
|move|p2a: Palkia|Draco Meteor|p1a: O
|-damage|p1a: O|0 fnt
|-unboost|p2a: Palkia|spa|2
|faint|p1a: O
|
|-weather|RainDance|[upkeep]
|upkeep
|
|t:|1668621705
|switch|p1a: Fen|Dialga|100/100
|-damage|p1a: Fen|94/100|[from] Stealth Rock
|-ability|p1a: Fen|Pressure
|turn|22
|
|t:|1668621709
|switch|p2a: Yveltal|Yveltal|100/100
|-ability|p2a: Yveltal|Dark Aura
|move|p1a: Fen|Draco Meteor|p2a: Yveltal
|-damage|p2a: Yveltal|0 fnt
|-unboost|p1a: Fen|spa|2
|faint|p2a: Yveltal
|
|-weather|RainDance|[upkeep]
|upkeep
|c|☆puissance du feu|Tu es albanais
|
|t:|1668621715
|switch|p2a: Palkia|Palkia|56/100
|-ability|p2a: Palkia|Pressure
|turn|23
|c|☆Fujiwara of Mokou|GGs
|c|☆puissance du feu|OHKO?????
|c|☆Fujiwara of Mokou|NON
|
|t:|1668621724
|move|p2a: Palkia|Draco Meteor|p1a: Fen
|-damage|p1a: Fen|21/100
|-unboost|p2a: Palkia|spa|2
|move|p1a: Fen|Draco Meteor|p2a: Palkia
|-supereffective|p2a: Palkia
|-damage|p2a: Palkia|0 fnt
|-unboost|p1a: Fen|spa|2
|faint|p2a: Palkia
|
|win|puissance du feu
|raw|puissance du feu's rating: 1327 &rarr; <strong>1351</strong><br />(+24 for winning)
|raw|Fujiwara of Mokou's rating: 1389 &rarr; <strong>1365</strong><br />(-24 for losing)
|c|☆Fujiwara of Mokou|JE NE ALBANAIS
|l|☆Fujiwara of Mokou
|c|☆puissance du feu|0 spdef yveltal
||Ladder isn't responding, score probably updated but might not have (Request timeout).
