|j|☆TaKuTo-SeNpAi
|j|☆Staraptorocks
|player|p1|TaKuTo-SeNpAi|anabel|1379
|player|p2|Staraptorocks|266|1419
|teamsize|p1|6
|teamsize|p2|6
|gametype|singles
|gen|8
|tier|[Gen 8] Ubers
|rated|
|clearpoke
|poke|p1|Reshiram|
|poke|p1|Lunala|
|poke|p1|Quagsire, M|
|poke|p1|Tyranitar, M|
|poke|p1|Corviknight, M|
|poke|p1|Excadrill, M|
|poke|p2|Zacian-Crowned|
|poke|p2|Grimmsnarl, M|
|poke|p2|Eternatus|
|poke|p2|Marshadow|
|poke|p2|Necrozma-Dusk-Mane|
|poke|p2|Darmanitan-Galar, F|
|rule|Sleep Clause Mod: Limit one foe put to sleep
|rule|Species Clause: Limit one of each Pokémon
|rule|OHKO Clause: OHKO moves are banned
|rule|Evasion Moves Clause: Evasion moves are banned
|rule|Endless Battle Clause: Forcing endless battles is banned
|rule|HP Percentage Mod: HP is shown in percentages
|teampreview
|inactive|Battle timer is ON: inactive players will automatically lose when time's up. (requested by Staraptorocks)
|
|start
|switch|p1a: Tyranitar|Tyranitar, M, shiny|100/100
|switch|p2a: Darmanitan|Darmanitan-Galar, F|100/100
|-weather|Sandstorm|[from] ability: Sand Stream|[of] p1a: Tyranitar
|turn|1
|
|switch|p1a: Corviknight|Corviknight, M, shiny|100/100
|-ability|p1a: Corviknight|Pressure
|move|p2a: Darmanitan|U-turn|p1a: Corviknight
|-resisted|p1a: Corviknight
|-damage|p1a: Corviknight|95/100
|
|switch|p2a: Eternatus|Eternatus|100/100|[from]move: U-turn
|-ability|p2a: Eternatus|Pressure
|
|-weather|Sandstorm|[upkeep]
|-damage|p2a: Eternatus|94/100|[from] Sandstorm
|-heal|p2a: Eternatus|100/100|[from] item: Black Sludge
|-heal|p1a: Corviknight|100/100|[from] item: Leftovers
|upkeep
|turn|2
|
|switch|p1a: Tyranitar|Tyranitar, M, shiny|100/100
|move|p2a: Eternatus|Flamethrower|p1a: Tyranitar
|-resisted|p1a: Tyranitar
|-damage|p1a: Tyranitar|94/100
|
|-weather|Sandstorm|[upkeep]
|-damage|p2a: Eternatus|94/100|[from] Sandstorm
|-heal|p2a: Eternatus|100/100|[from] item: Black Sludge
|-heal|p1a: Tyranitar|100/100|[from] item: Leftovers
|upkeep
|turn|3
|
|switch|p2a: Necrozma|Necrozma-Dusk-Mane|100/100
|move|p1a: Tyranitar|Thunder Wave|p2a: Necrozma
|-status|p2a: Necrozma|par
|
|-weather|Sandstorm|[upkeep]
|upkeep
|turn|4
|
|switch|p1a: Corviknight|Corviknight, M, shiny|100/100
|-ability|p1a: Corviknight|Pressure
|move|p2a: Necrozma|Trick Room|p2a: Necrozma
|-fieldstart|move: Trick Room|[of] p2a: Necrozma
|
|-weather|Sandstorm|[upkeep]
|upkeep
|turn|5
|
|cant|p2a: Necrozma|par
|move|p1a: Corviknight|Taunt|p2a: Necrozma
|-start|p2a: Necrozma|move: Taunt
|
|-weather|none
|upkeep
|turn|6
|
|cant|p2a: Necrozma|par
|move|p1a: Corviknight|Body Press|p2a: Necrozma
|-damage|p2a: Necrozma|80/100 par
|
|upkeep
|turn|7
|
|move|p2a: Necrozma|Photon Geyser|p1a: Corviknight
|-resisted|p1a: Corviknight
|-damage|p1a: Corviknight|81/100
|move|p1a: Corviknight|Body Press|p2a: Necrozma
|-damage|p2a: Necrozma|61/100 par
|
|-heal|p1a: Corviknight|87/100|[from] item: Leftovers
|upkeep
|turn|8
|
|switch|p2a: Eternatus|Eternatus|100/100
|-ability|p2a: Eternatus|Pressure
|move|p1a: Corviknight|Body Press|p2a: Eternatus
|-resisted|p2a: Eternatus
|-damage|p2a: Eternatus|92/100
|
|-heal|p1a: Corviknight|93/100|[from] item: Leftovers
|-heal|p2a: Eternatus|98/100|[from] item: Black Sludge
|-fieldend|move: Trick Room
|upkeep
|turn|9
|
|switch|p2a: Zacian|Zacian-Crowned|100/100
|-ability|p2a: Zacian|Intrepid Sword|boost
|-boost|p2a: Zacian|atk|1
|switch|p1a: Tyranitar|Tyranitar, M, shiny|100/100
|-weather|Sandstorm|[from] ability: Sand Stream|[of] p1a: Tyranitar
|
|-weather|Sandstorm|[upkeep]
|upkeep
|turn|10
|
|switch|p1a: Corviknight|Corviknight, M, shiny|93/100
|-ability|p1a: Corviknight|Pressure
|move|p2a: Zacian|Close Combat|p1a: Corviknight
|-damage|p1a: Corviknight|46/100
|-unboost|p2a: Zacian|def|1
|-unboost|p2a: Zacian|spd|1
|
|-weather|Sandstorm|[upkeep]
|-heal|p1a: Corviknight|52/100|[from] item: Leftovers
|upkeep
|turn|11
|
|move|p2a: Zacian|Close Combat|p1a: Corviknight
|-damage|p1a: Corviknight|6/100
|-unboost|p2a: Zacian|def|1
|-unboost|p2a: Zacian|spd|1
|move|p1a: Corviknight|Roost|p1a: Corviknight
|-heal|p1a: Corviknight|56/100
|-singleturn|p1a: Corviknight|move: Roost
|
|-weather|Sandstorm|[upkeep]
|-heal|p1a: Corviknight|62/100|[from] item: Leftovers
|upkeep
|turn|12
|
|move|p2a: Zacian|Swords Dance|p2a: Zacian
|-boost|p2a: Zacian|atk|2
|move|p1a: Corviknight|Roost|p1a: Corviknight
|-heal|p1a: Corviknight|100/100
|-singleturn|p1a: Corviknight|move: Roost
|
|-weather|Sandstorm|[upkeep]
|upkeep
|turn|13
|
|switch|p1a: Quagsire|Quagsire, M, shiny|100/100
|move|p2a: Zacian|Close Combat|p1a: Quagsire
|-damage|p1a: Quagsire|65/100
|-unboost|p2a: Zacian|def|1
|-unboost|p2a: Zacian|spd|1
|
|-weather|none
|upkeep
|turn|14
|
|switch|p2a: Darmanitan|Darmanitan-Galar, F|100/100
|move|p1a: Quagsire|Earthquake|p2a: Darmanitan
|-damage|p2a: Darmanitan|51/100
|
|upkeep
|turn|15
|
|switch|p1a: Corviknight|Corviknight, M, shiny|100/100
|-ability|p1a: Corviknight|Pressure
|move|p2a: Darmanitan|Icicle Crash|p1a: Corviknight
|-damage|p1a: Corviknight|56/100
|
|-heal|p1a: Corviknight|62/100|[from] item: Leftovers
|upkeep
|turn|16
|
|-start|p2a: Darmanitan|Dynamax
|-heal|p2a: Darmanitan|51/100|[silent]
|move|p2a: Darmanitan|Max Flare|p1a: Corviknight
|-supereffective|p1a: Corviknight
|-damage|p1a: Corviknight|2/100
|-weather|SunnyDay
|move|p1a: Corviknight|Roost|p1a: Corviknight
|-heal|p1a: Corviknight|52/100
|-singleturn|p1a: Corviknight|move: Roost
|
|-weather|SunnyDay|[upkeep]
|-heal|p1a: Corviknight|58/100|[from] item: Leftovers
|upkeep
|turn|17
|
|switch|p1a: Quagsire|Quagsire, M, shiny|65/100
|move|p2a: Darmanitan|Max Flare|p1a: Quagsire
|-resisted|p1a: Quagsire
|-damage|p1a: Quagsire|38/100
|
|-weather|SunnyDay|[upkeep]
|upkeep
|turn|18
|
|switch|p1a: Corviknight|Corviknight, M, shiny|58/100
|-ability|p1a: Corviknight|Pressure
|move|p2a: Darmanitan|Max Hailstorm|p1a: Corviknight
|-damage|p1a: Corviknight|13/100
|-weather|Hail
|
|-weather|Hail|[upkeep]
|-damage|p1a: Corviknight|7/100|[from] Hail
|-heal|p1a: Corviknight|13/100|[from] item: Leftovers
|-end|p2a: Darmanitan|Dynamax
|-heal|p2a: Darmanitan|51/100|[silent]
|upkeep
|turn|19
|
|switch|p1a: Tyranitar|Tyranitar, M, shiny|100/100
|-weather|Sandstorm|[from] ability: Sand Stream|[of] p1a: Tyranitar
|move|p2a: Darmanitan|Icicle Crash|p1a: Tyranitar
|-damage|p1a: Tyranitar|41/100
|
|-weather|Sandstorm|[upkeep]
|-damage|p2a: Darmanitan|45/100|[from] Sandstorm
|-heal|p1a: Tyranitar|47/100|[from] item: Leftovers
|upkeep
|turn|20
|
|switch|p1a: Corviknight|Corviknight, M, shiny|13/100
|-ability|p1a: Corviknight|Pressure
|move|p2a: Darmanitan|Icicle Crash|p1a: Corviknight
|-damage|p1a: Corviknight|0 fnt
|faint|p1a: Corviknight
|
|-weather|Sandstorm|[upkeep]
|-damage|p2a: Darmanitan|39/100|[from] Sandstorm
|upkeep
|
|switch|p1a: Excadrill|Excadrill, M, shiny|100/100
|turn|21
|
|move|p1a: Excadrill|Earthquake|p2a: Darmanitan
|-damage|p2a: Darmanitan|0 fnt
|-damage|p1a: Excadrill|91/100|[from] item: Life Orb
|faint|p2a: Darmanitan
|
|-weather|Sandstorm|[upkeep]
|upkeep
|
|switch|p2a: Necrozma|Necrozma-Dusk-Mane|61/100 par
|turn|22
|
|move|p1a: Excadrill|Earthquake|p2a: Necrozma
|-supereffective|p2a: Necrozma
|-damage|p2a: Necrozma|0 fnt
|-damage|p1a: Excadrill|81/100|[from] item: Life Orb
|faint|p2a: Necrozma
|
|-weather|Sandstorm|[upkeep]
|upkeep
|
|switch|p2a: Marshadow|Marshadow|100/100
|turn|23
|
|switch|p1a: Reshiram|Reshiram, shiny|100/100
|-ability|p1a: Reshiram|Turboblaze
|move|p2a: Marshadow|Shadow Sneak|p1a: Reshiram
|-damage|p1a: Reshiram|61/100
|-damage|p2a: Marshadow|91/100|[from] item: Life Orb
|
|-weather|none
|upkeep
|turn|24
|
|move|p1a: Reshiram|Shadow Ball|p2a: Marshadow
|-supereffective|p2a: Marshadow
|-damage|p2a: Marshadow|15/100
|move|p2a: Marshadow|Rock Tomb|p1a: Reshiram
|-supereffective|p1a: Reshiram
|-damage|p1a: Reshiram|0 fnt
|-damage|p2a: Marshadow|5/100|[from] item: Life Orb
|faint|p1a: Reshiram
|
|upkeep
|
|switch|p1a: Tyranitar|Tyranitar, M, shiny|47/100
|-weather|Sandstorm|[from] ability: Sand Stream|[of] p1a: Tyranitar
|turn|25
|
|move|p2a: Marshadow|Spectral Thief|p1a: Tyranitar
|-resisted|p1a: Tyranitar
|-damage|p1a: Tyranitar|25/100
|-damage|p2a: Marshadow|0 fnt|[from] item: Life Orb
|faint|p2a: Marshadow
|move|p1a: Tyranitar|Stealth Rock|p2: Marshadow
|-sidestart|p2: Staraptorocks|move: Stealth Rock
|
|-weather|Sandstorm|[upkeep]
|-heal|p1a: Tyranitar|31/100|[from] item: Leftovers
|upkeep
|
|switch|p2a: Eternatus|Eternatus|98/100
|-damage|p2a: Eternatus|85/100|[from] Stealth Rock
|-ability|p2a: Eternatus|Pressure
|turn|26
|
|move|p2a: Eternatus|Cosmic Power|p2a: Eternatus
|-boost|p2a: Eternatus|def|1
|-boost|p2a: Eternatus|spd|1
|move|p1a: Tyranitar|Thunder Wave|p2a: Eternatus
|-status|p2a: Eternatus|par
|
|-weather|Sandstorm|[upkeep]
|-damage|p2a: Eternatus|79/100 par|[from] Sandstorm
|-heal|p2a: Eternatus|85/100 par|[from] item: Black Sludge
|-heal|p1a: Tyranitar|37/100|[from] item: Leftovers
|upkeep
|turn|27
|
|switch|p1a: Quagsire|Quagsire, M, shiny|38/100
|cant|p2a: Eternatus|par
|
|-weather|Sandstorm|[upkeep]
|-damage|p2a: Eternatus|79/100 par|[from] Sandstorm
|-heal|p2a: Eternatus|85/100 par|[from] item: Black Sludge
|upkeep
|turn|28
|
|move|p2a: Eternatus|Dynamax Cannon|p1a: Quagsire
|-damage|p1a: Quagsire|0 fnt
|faint|p1a: Quagsire
|
|-weather|Sandstorm|[upkeep]
|-damage|p2a: Eternatus|79/100 par|[from] Sandstorm
|-heal|p2a: Eternatus|85/100 par|[from] item: Black Sludge
|upkeep
|
|switch|p1a: Excadrill|Excadrill, M, shiny|81/100
|turn|29
|inactive|Staraptorocks has 120 seconds left.
|
|switch|p2a: Grimmsnarl|Grimmsnarl, M|100/100
|-damage|p2a: Grimmsnarl|88/100|[from] Stealth Rock
|move|p1a: Excadrill|Earthquake|p2a: Grimmsnarl
|-crit|p2a: Grimmsnarl
|-damage|p2a: Grimmsnarl|0 fnt
|-damage|p1a: Excadrill|71/100|[from] item: Life Orb
|faint|p2a: Grimmsnarl
|
|-weather|none
|upkeep
|inactive|Staraptorocks has 120 seconds left.
|
|switch|p2a: Zacian|Zacian-Crowned|100/100
|-damage|p2a: Zacian|94/100|[from] Stealth Rock
|-ability|p2a: Zacian|Intrepid Sword|boost
|-boost|p2a: Zacian|atk|1
|turn|30
|
|switch|p1a: Lunala|Lunala, shiny|100/100
|move|p2a: Zacian|Swords Dance|p2a: Zacian
|-boost|p2a: Zacian|atk|2
|
|upkeep
|turn|31
|
|move|p2a: Zacian|Play Rough|p1a: Lunala
|-damage|p1a: Lunala|44/100
|move|p1a: Lunala|Will-O-Wisp|p2a: Zacian|[miss]
|-miss|p1a: Lunala|p2a: Zacian
|
|upkeep
|turn|32
|
|move|p2a: Zacian|Play Rough|p1a: Lunala
|-damage|p1a: Lunala|0 fnt
|faint|p1a: Lunala
|
|upkeep
|
|switch|p1a: Tyranitar|Tyranitar, M, shiny|37/100
|-weather|Sandstorm|[from] ability: Sand Stream|[of] p1a: Tyranitar
|turn|33
|
|move|p2a: Zacian|Play Rough|p1a: Tyranitar
|-supereffective|p1a: Tyranitar
|-damage|p1a: Tyranitar|0 fnt
|faint|p1a: Tyranitar
|
|-weather|Sandstorm|[upkeep]
|upkeep
|
|switch|p1a: Excadrill|Excadrill, M, shiny|71/100
|turn|34
|
|-start|p1a: Excadrill|Dynamax
|-heal|p1a: Excadrill|71/100|[silent]
|move|p1a: Excadrill|Max Quake|p2a: Zacian
|-supereffective|p2a: Zacian
|-damage|p2a: Zacian|0 fnt
|-boost|p1a: Excadrill|spd|1
|-damage|p1a: Excadrill|66/100|[from] item: Life Orb
|faint|p2a: Zacian
|
|-weather|Sandstorm|[upkeep]
|upkeep
|
|switch|p2a: Eternatus|Eternatus|85/100 par
|-damage|p2a: Eternatus|73/100 par|[from] Stealth Rock
|-ability|p2a: Eternatus|Pressure
|turn|35
|
|move|p1a: Excadrill|Max Quake|p2a: Eternatus
|-supereffective|p2a: Eternatus
|-damage|p2a: Eternatus|0 fnt
|-boost|p1a: Excadrill|spd|1
|-damage|p1a: Excadrill|61/100|[from] item: Life Orb
|faint|p2a: Eternatus
|
|win|TaKuTo-SeNpAi
|raw|TaKuTo-SeNpAi's rating: 1379 &rarr; <strong>1402</strong><br />(+23 for winning)
|raw|Staraptorocks's rating: 1420 &rarr; <strong>1398</strong><br />(-22 for losing)
