|j|☆Raph369
|j|☆hjuyttdd
|t:|1598279049
|player|p1|Raph369|hiker-gen4|
|player|p2|hjuyttdd|aromalady|
|teamsize|p1|6
|teamsize|p2|6
|gametype|singles
|gen|8
|tier|[Gen 8] Ubers
|rated|Tournament battle
|clearpoke
|poke|p1|Reshiram|
|poke|p1|Tyranitar, M|
|poke|p1|Skarmory, F|
|poke|p1|Zacian-Crowned|
|poke|p1|Dracovish|
|poke|p1|Lunala|
|poke|p2|Pelipper, F|
|poke|p2|Dracovish|
|poke|p2|Zacian-Crowned|
|poke|p2|Necrozma-Dusk-Mane|
|poke|p2|Drednaw, M|
|poke|p2|Lunala|
|rule|Sleep Clause Mod: Limit one foe put to sleep
|rule|Species Clause: Limit one of each Pokémon
|rule|OHKO Clause: OHKO moves are banned
|rule|Evasion Moves Clause: Evasion moves are banned
|rule|Endless Battle Clause: Forcing endless battles is banned
|rule|HP Percentage Mod: HP is shown in percentages
|html|Ubers Dynamax Clause: Pokémon on the <a href="https://www.smogon.com/dex/ss/formats/uber/">Ubers Dynamax Banlist</a> cannot Dynamax.
|teampreview
|j| greenandgrey77
|j|+cromagnet
|j| LeBarBURR
|j| Kei Kikuno
|inactive|Battle timer is ON: inactive players will automatically lose when time's up. (requested by hjuyttdd)
|j| Yezumakia(❤)
|c|☆hjuyttdd|i think i stole a nice thing
|c| Yezumakia(❤)|Go hjuyttdd
|c| Yezumakia(❤)|Win this
|c| LeBarBURR|I now understand how disgusting rain is
|c|☆hjuyttdd|arigato yezu chan
|inactive|hjuyttdd has 120 seconds left.
|c| Yezumakia(❤)|Lol
|c|☆hjuyttdd|use my team too
|c|☆hjuyttdd|its fire'
|c| Yezumakia(❤)|Sure i will
|inactive|hjuyttdd has 90 seconds left.
|
|t:|1598279131
|start
|switch|p1a: Reshiram|Reshiram|100/100
|switch|p2a: Pelipper|Pelipper, F|100/100
|-ability|p1a: Reshiram|Turboblaze
|-weather|RainDance|[from] ability: Drizzle|[of] p2a: Pelipper
|turn|1
|c|☆hjuyttdd|k i didnt see that one comin
|
|t:|1598279154
|move|p1a: Reshiram|Draco Meteor|p2a: Pelipper
|-damage|p2a: Pelipper|14/100
|-unboost|p1a: Reshiram|spa|2
|move|p2a: Pelipper|U-turn|p1a: Reshiram
|-resisted|p1a: Reshiram
|-damage|p1a: Reshiram|96/100
|
|t:|1598279161
|switch|p2a: Dracovish|Dracovish|100/100|[from]move: U-turn
|
|-weather|RainDance|[upkeep]
|upkeep
|turn|2
|
|t:|1598279167
|move|p1a: Reshiram|Draco Meteor|p2a: Dracovish
|-supereffective|p2a: Dracovish
|-damage|p2a: Dracovish|12/100
|-unboost|p1a: Reshiram|spa|2
|move|p2a: Dracovish|Fishious Rend|p1a: Reshiram
|-damage|p1a: Reshiram|0 fnt
|faint|p1a: Reshiram
|
|-weather|RainDance|[upkeep]
|upkeep
|c|☆hjuyttdd|yeet
|c|☆hjuyttdd|np
|
|t:|1598279191
|switch|p1a: Zacian|Zacian-Crowned|100/100
|-ability|p1a: Zacian|Intrepid Sword|boost
|-boost|p1a: Zacian|atk|1
|turn|3
|j| Chorizard575
|
|t:|1598279197
|switch|p2a: Necrozma|Necrozma-Dusk-Mane|100/100
|move|p1a: Zacian|Crunch|p2a: Necrozma
|-supereffective|p2a: Necrozma
|-crit|p2a: Necrozma
|-damage|p2a: Necrozma|39/100
|
|-weather|RainDance|[upkeep]
|upkeep
|turn|4
|c|☆hjuyttdd|sad
|
|t:|1598279209
|move|p1a: Zacian|Crunch|p2a: Necrozma
|-supereffective|p2a: Necrozma
|-damage|p2a: Necrozma|0 fnt
|faint|p2a: Necrozma
|
|-weather|RainDance|[upkeep]
|upkeep
|
|t:|1598279212
|switch|p2a: Drednaw|Drednaw, M|100/100
|turn|5
|
|t:|1598279217
|-start|p2a: Drednaw|Dynamax
|-formechange|p2a: Drednaw|Drednaw-Gmax
|-heal|p2a: Drednaw|100/100|[silent]
|move|p2a: Drednaw|G-Max Stonesurge|p1a: Zacian
|-damage|p1a: Zacian|0 fnt
|-sidestart|p1: Raph369|move: Stealth Rock
|-damage|p2a: Drednaw|96/100|[from] item: Life Orb
|faint|p1a: Zacian
|
|-weather|RainDance|[upkeep]
|upkeep
|
|t:|1598279227
|switch|p1a: Tyranitar|Tyranitar, M|100/100
|-damage|p1a: Tyranitar|88/100|[from] Stealth Rock
|-weather|Sandstorm|[from] ability: Sand Stream|[of] p1a: Tyranitar
|turn|6
|
|t:|1598279235
|switch|p1a: Dracovish|Dracovish|100/100
|-damage|p1a: Dracovish|88/100|[from] Stealth Rock
|move|p2a: Drednaw|Max Knuckle|p1a: Dracovish
|-damage|p1a: Dracovish|42/100
|-boost|p2a: Drednaw|atk|1
|-damage|p2a: Drednaw|91/100|[from] item: Life Orb
|
|-weather|Sandstorm|[upkeep]
|-damage|p1a: Dracovish|35/100|[from] Sandstorm
|upkeep
|turn|7
|
|t:|1598279251
|-start|p1a: Dracovish|Dynamax
|-heal|p1a: Dracovish|35/100|[silent]
|move|p1a: Dracovish|Max Geyser|p2a: Drednaw
|-damage|p2a: Drednaw|58/100
|-weather|RainDance
|move|p2a: Drednaw|Max Quake|p1a: Dracovish
|-damage|p1a: Dracovish|0 fnt
|-boost|p2a: Drednaw|spd|1
|-damage|p2a: Drednaw|53/100|[from] item: Life Orb
|faint|p1a: Dracovish
|
|-weather|RainDance|[upkeep]
|-end|p2a: Drednaw|Dynamax
|-formechange|p2a: Drednaw|Drednaw
|-heal|p2a: Drednaw|53/100|[silent]
|upkeep
|c|☆hjuyttdd|ty
|c|☆Raph369|hmm
|inactive|Raph369 has 120 seconds left.
|c|☆hjuyttdd|yo rain brainless
|c|☆Raph369|Play of the year lol
|
|t:|1598279280
|switch|p1a: Tyranitar|Tyranitar, M|88/100
|-damage|p1a: Tyranitar|76/100|[from] Stealth Rock
|-weather|Sandstorm|[from] ability: Sand Stream|[of] p1a: Tyranitar
|turn|8
|c| Yezumakia(❤)|Lol
|
|t:|1598279289
|move|p2a: Drednaw|Liquidation|p1a: Tyranitar
|-supereffective|p1a: Tyranitar
|-damage|p1a: Tyranitar|0 fnt
|-damage|p2a: Drednaw|43/100|[from] item: Life Orb
|faint|p1a: Tyranitar
|
|-weather|Sandstorm|[upkeep]
|upkeep
|
|t:|1598279291
|switch|p1a: Skarmory|Skarmory, F|100/100
|-damage|p1a: Skarmory|88/100|[from] Stealth Rock
|turn|9
|c|☆hjuyttdd|i might end up hatin rain
|
|t:|1598279305
|move|p2a: Drednaw|Liquidation|p1a: Skarmory
|-damage|p1a: Skarmory|39/100
|-unboost|p1a: Skarmory|def|1
|-damage|p2a: Drednaw|33/100|[from] item: Life Orb
|move|p1a: Skarmory|Body Press|p2a: Drednaw
|-supereffective|p2a: Drednaw
|-damage|p2a: Drednaw|0 fnt
|faint|p2a: Drednaw
|
|-weather|Sandstorm|[upkeep]
|upkeep
|
|t:|1598279309
|switch|p2a: Pelipper|Pelipper, F|14/100
|-weather|RainDance|[from] ability: Drizzle|[of] p2a: Pelipper
|turn|10
|
|t:|1598279315
|move|p1a: Skarmory|Spikes|p2a: Pelipper
|-sidestart|p2: hjuyttdd|Spikes
|move|p2a: Pelipper|U-turn|p1a: Skarmory
|-resisted|p1a: Skarmory
|-damage|p1a: Skarmory|37/100
|l| LeBarBURR
|
|t:|1598279328
|switch|p2a: Zacian|Zacian-Crowned|100/100|[from]move: U-turn
|-damage|p2a: Zacian|88/100|[from] Spikes
|-ability|p2a: Zacian|Intrepid Sword|boost
|-boost|p2a: Zacian|atk|1
|
|-weather|RainDance|[upkeep]
|upkeep
|turn|11
|
|t:|1598279338
|move|p2a: Zacian|Close Combat|p1a: Skarmory
|-damage|p1a: Skarmory|0 fnt
|-unboost|p2a: Zacian|def|1
|-unboost|p2a: Zacian|spd|1
|faint|p1a: Skarmory
|
|-weather|RainDance|[upkeep]
|upkeep
|
|t:|1598279340
|switch|p1a: Lunala|Lunala|100/100
|-damage|p1a: Lunala|88/100|[from] Stealth Rock
|turn|12
|j| LeBarBURR
|
|t:|1598279344
|move|p2a: Zacian|Behemoth Blade|p1a: Lunala
|-damage|p1a: Lunala|9/100
|move|p1a: Lunala|Moongeist Beam|p2a: Zacian
|-damage|p2a: Zacian|0 fnt
|faint|p2a: Zacian
|
|-weather|RainDance|[upkeep]
|upkeep
|
|t:|1598279354
|switch|p2a: Lunala|Lunala|100/100
|-damage|p2a: Lunala|88/100|[from] Spikes
|turn|13
|
|t:|1598279357
|move|p2a: Lunala|Moongeist Beam|p1a: Lunala
|-supereffective|p1a: Lunala
|-damage|p1a: Lunala|0 fnt
|faint|p1a: Lunala
|
|win|hjuyttdd
