|j|☆Magikarp4000
|j|☆Cielo vermillon
|t:|1604910064
|player|p1|Magikarp4000|steven|1492
|player|p2|Cielo vermillon|guitarist|1227
|teamsize|p1|6
|teamsize|p2|6
|gametype|singles
|gen|8
|tier|[Gen 8] Ubers
|rated|
|clearpoke
|poke|p1|Yveltal|
|poke|p1|Kyogre|
|poke|p1|Zacian-Crowned|
|poke|p1|Calyrex-Shadow|
|poke|p1|Zygarde|
|poke|p1|Necrozma-Dusk-Mane|
|poke|p2|Mewtwo|
|poke|p2|Xerneas|
|poke|p2|Ditto|
|poke|p2|Tapu Lele|
|poke|p2|Tapu Koko|
|poke|p2|Excadrill, F|
|rule|Sleep Clause Mod: Limit one foe put to sleep
|rule|Species Clause: Limit one of each Pokémon
|rule|OHKO Clause: OHKO moves are banned
|rule|Evasion Moves Clause: Evasion moves are banned
|rule|Endless Battle Clause: Forcing endless battles is banned
|rule|HP Percentage Mod: HP is shown in percentages
|teampreview
|c|☆Magikarp4000|glhf
|
|t:|1604910088
|start
|switch|p1a: Zacian|Zacian-Crowned|100/100
|switch|p2a: Ditto|Ditto|100/100
|-ability|p1a: Zacian|Intrepid Sword|boost
|-boost|p1a: Zacian|atk|1
|-transform|p2a: Ditto|p1a: Zacian|[from] ability: Imposter
|-ability|p2a: Ditto|Intrepid Sword|boost
|-boost|p2a: Ditto|atk|1
|turn|1
|
|t:|1604910095
|switch|p1a: Necrozma|Necrozma-Dusk-Mane|100/100
|move|p2a: Ditto|Behemoth Blade|p1a: Necrozma
|-resisted|p1a: Necrozma
|-damage|p1a: Necrozma|65/100
|-damage|p2a: Ditto|84/100|[from] item: Rocky Helmet|[of] p1a: Necrozma
|
|upkeep
|turn|2
|
|t:|1604910100
|move|p2a: Ditto|Behemoth Blade|p1a: Necrozma
|-resisted|p1a: Necrozma
|-damage|p1a: Necrozma|35/100
|-damage|p2a: Ditto|68/100|[from] item: Rocky Helmet|[of] p1a: Necrozma
|move|p1a: Necrozma|Morning Sun|p1a: Necrozma
|-heal|p1a: Necrozma|85/100
|
|upkeep
|turn|3
|
|t:|1604910107
|switch|p2a: Tapu Koko|Tapu Koko|100/100
|-fieldstart|move: Electric Terrain|[from] ability: Electric Surge|[of] p2a: Tapu Koko
|move|p1a: Necrozma|Stealth Rock|p2a: Tapu Koko
|-sidestart|p2: Cielo vermillon|move: Stealth Rock
|
|upkeep
|turn|4
|
|t:|1604910114
|move|p2a: Tapu Koko|Discharge|p1a: Necrozma
|-damage|p1a: Necrozma|59/100
|move|p1a: Necrozma|Sunsteel Strike|p2a: Tapu Koko
|-damage|p2a: Tapu Koko|46/100
|
|-heal|p2a: Tapu Koko|52/100|[from] item: Leftovers
|upkeep
|turn|5
|
|t:|1604910122
|move|p2a: Tapu Koko|Discharge|p1a: Necrozma
|-damage|p1a: Necrozma|33/100
|-status|p1a: Necrozma|par
|move|p1a: Necrozma|Sunsteel Strike|p2a: Tapu Koko
|-damage|p2a: Tapu Koko|0 fnt
|faint|p2a: Tapu Koko
|
|upkeep
|
|t:|1604910130
|switch|p2a: Excadrill|Excadrill, F|100/100
|-damage|p2a: Excadrill|97/100|[from] Stealth Rock
|turn|6
|
|t:|1604910137
|switch|p1a: Zygarde|Zygarde|100/100
|move|p2a: Excadrill|Rapid Spin|p1a: Zygarde
|-damage|p1a: Zygarde|87/100
|-boost|p2a: Excadrill|spe|1
|-sideend|p2: Cielo vermillon|Stealth Rock|[from] move: Rapid Spin|[of] p2a: Excadrill
|-damage|p2a: Excadrill|87/100|[from] item: Life Orb
|
|-heal|p1a: Zygarde|93/100|[from] item: Leftovers
|upkeep
|turn|7
|
|t:|1604910143
|switch|p2a: Tapu Lele|Tapu Lele|100/100
|-fieldstart|move: Psychic Terrain|[from] ability: Psychic Surge|[of] p2a: Tapu Lele
|move|p1a: Zygarde|Thousand Arrows|p2a: Tapu Lele
|-damage|p2a: Tapu Lele|57/100
|
|-heal|p1a: Zygarde|99/100|[from] item: Leftovers
|upkeep
|turn|8
|inactive|Battle timer is ON: inactive players will automatically lose when time's up. (requested by Cielo vermillon)
|inactive|Magikarp4000 has 120 seconds left.
|
|t:|1604910203
|switch|p1a: Zacian|Zacian-Crowned|100/100
|-ability|p1a: Zacian|Intrepid Sword|boost
|-boost|p1a: Zacian|atk|1
|move|p2a: Tapu Lele|Moonblast|p1a: Zacian
|-resisted|p1a: Zacian
|-damage|p1a: Zacian|79/100
|
|upkeep
|turn|9
|
|t:|1604910211
|move|p1a: Zacian|Behemoth Blade|p2a: Tapu Lele
|-supereffective|p2a: Tapu Lele
|-damage|p2a: Tapu Lele|0 fnt
|faint|p2a: Tapu Lele
|
|upkeep
|
|t:|1604910213
|switch|p2a: Ditto|Ditto|68/100
|-transform|p2a: Ditto|p1a: Zacian|[from] ability: Imposter
|-ability|p2a: Ditto|Intrepid Sword|boost
|-boost|p2a: Ditto|atk|1
|turn|10
|
|t:|1604910225
|switch|p1a: Necrozma|Necrozma-Dusk-Mane|33/100 par
|move|p2a: Ditto|Behemoth Blade|p1a: Necrozma
|-resisted|p1a: Necrozma
|-damage|p1a: Necrozma|0 fnt
|-damage|p2a: Ditto|51/100|[from] item: Rocky Helmet|[of] p1a: Necrozma
|faint|p1a: Necrozma
|
|upkeep
|
|t:|1604910235
|switch|p1a: Zygarde|Zygarde|99/100
|turn|11
|
|t:|1604910238
|-start|p1a: Zygarde|Dynamax
|-heal|p1a: Zygarde|99/100|[silent]
|move|p2a: Ditto|Behemoth Blade|p1a: Zygarde
|-damage|p1a: Zygarde|29/100
|move|p1a: Zygarde|Max Quake|p2a: Ditto
|-supereffective|p2a: Ditto
|-damage|p2a: Ditto|0 fnt
|-boost|p1a: Zygarde|spd|1
|faint|p2a: Ditto
|
|-heal|p1a: Zygarde|32/100|[from] item: Leftovers
|-activate|p1a: Zygarde|ability: Power Construct
|detailschange|p1a: Zygarde|Zygarde-Complete
|-heal|p1a: Zygarde|55/100|[silent]
|upkeep
|
|t:|1604910253
|switch|p2a: Xerneas|Xerneas|100/100
|-ability|p2a: Xerneas|Fairy Aura
|turn|12
|
|t:|1604910258
|move|p2a: Xerneas|Geomancy||[still]
|-prepare|p2a: Xerneas|Geomancy
|-enditem|p2a: Xerneas|Power Herb
|-anim|p2a: Xerneas|Geomancy|p2a: Xerneas
|-boost|p2a: Xerneas|spa|2
|-boost|p2a: Xerneas|spd|2
|-boost|p2a: Xerneas|spe|2
|move|p1a: Zygarde|Max Quake|p2a: Xerneas
|-damage|p2a: Xerneas|63/100
|-boost|p1a: Zygarde|spd|1
|
|-heal|p1a: Zygarde|58/100|[from] item: Leftovers
|upkeep
|turn|13
|
|t:|1604910270
|-start|p2a: Xerneas|Dynamax
|-heal|p2a: Xerneas|63/100|[silent]
|move|p1a: Zygarde|Max Guard|p1a: Zygarde
|-singleturn|p1a: Zygarde|Max Guard
|move|p2a: Xerneas|Max Starfall|p1a: Zygarde
|-activate|p1a: Zygarde|move: Max Guard
|
|-heal|p1a: Zygarde|61/100|[from] item: Leftovers
|-end|p1a: Zygarde|Dynamax
|-heal|p1a: Zygarde|61/100|[silent]
|upkeep
|turn|14
|
|t:|1604910283
|move|p2a: Xerneas|Max Starfall|p1a: Zygarde
|-supereffective|p1a: Zygarde
|-damage|p1a: Zygarde|0 fnt
|-fieldstart|move: Misty Terrain
|faint|p1a: Zygarde
|
|upkeep
|
|t:|1604910294
|switch|p1a: Kyogre|Kyogre|100/100
|-weather|RainDance|[from] ability: Drizzle|[of] p1a: Kyogre
|turn|15
|
|t:|1604910300
|move|p2a: Xerneas|Max Starfall|p1a: Kyogre
|-damage|p1a: Kyogre|12/100
|move|p1a: Kyogre|Origin Pulse|p2a: Xerneas
|-damage|p2a: Xerneas|43/100
|
|-weather|RainDance|[upkeep]
|-end|p2a: Xerneas|Dynamax
|-heal|p2a: Xerneas|43/100|[silent]
|upkeep
|turn|16
|
|t:|1604910313
|move|p2a: Xerneas|Moonblast|p1a: Kyogre
|-damage|p1a: Kyogre|0 fnt
|faint|p1a: Kyogre
|
|-weather|RainDance|[upkeep]
|upkeep
|
|t:|1604910315
|switch|p1a: Zacian|Zacian-Crowned|79/100
|-ability|p1a: Zacian|Intrepid Sword|boost
|-boost|p1a: Zacian|atk|1
|turn|17
|
|t:|1604910321
|move|p2a: Xerneas|Thunder|p1a: Zacian
|-damage|p1a: Zacian|12/100
|move|p1a: Zacian|Behemoth Blade|p2a: Xerneas
|-supereffective|p2a: Xerneas
|-damage|p2a: Xerneas|0 fnt
|faint|p2a: Xerneas
|
|-weather|RainDance|[upkeep]
|upkeep
|
|t:|1604910328
|switch|p2a: Excadrill|Excadrill, F|87/100
|turn|18
|
|t:|1604910333
|move|p1a: Zacian|Close Combat|p2a: Excadrill
|-supereffective|p2a: Excadrill
|-damage|p2a: Excadrill|0 fnt
|-unboost|p1a: Zacian|def|1
|-unboost|p1a: Zacian|spd|1
|faint|p2a: Excadrill
|
|-weather|RainDance|[upkeep]
|-fieldend|Misty Terrain
|upkeep
|-message|Cielo vermillon forfeited.
|
|win|Magikarp4000
|l|☆Cielo vermillon
|c|☆Magikarp4000|ggwp
