|j|☆BugGoBrrrrrr
|j|☆Darkortex1
|t:|1629402916
|gametype|singles
|player|p1|BugGoBrrrrrr|266|1533
|player|p2|Darkortex1|hilbert|1582
|teamsize|p1|6
|teamsize|p2|6
|gen|8
|tier|[Gen 8] Ubers
|rated|
|rule|Sleep Clause Mod: Limit one foe put to sleep
|rule|Species Clause: Limit one of each Pokémon
|rule|OHKO Clause: OHKO moves are banned
|rule|Evasion Moves Clause: Evasion moves are banned
|rule|Endless Battle Clause: Forcing endless battles is banned
|rule|HP Percentage Mod: HP is shown in percentages
|rule|Dynamax Clause: You cannot dynamax
|clearpoke
|poke|p1|Calyrex-Shadow|
|poke|p1|Urshifu-*, M|
|poke|p1|Ho-Oh|
|poke|p1|Aegislash, F|
|poke|p1|Amoonguss, F|
|poke|p1|Yveltal|
|poke|p2|Tyranitar, M|
|poke|p2|Zygarde|
|poke|p2|Ho-Oh|
|poke|p2|Eternatus|
|poke|p2|Tangrowth, F|
|poke|p2|Necrozma-Dusk-Mane|
|teampreview
|inactive|Battle timer is ON: inactive players will automatically lose when time's up. (requested by BugGoBrrrrrr)
|inactive|Darkortex1 also wants the timer to be on.
|c|☆BugGoBrrrrrr|Glhf
|inactive|BugGoBrrrrrr has 120 seconds left.
|
|t:|1629402955
|start
|switch|p1a: Calyrex|Calyrex-Shadow|100/100
|switch|p2a: Ho-Oh|Ho-Oh|100/100
|-ability|p1a: Calyrex|As One
|-ability|p1a: Calyrex|Unnerve
|turn|1
|
|t:|1629402983
|switch|p2a: Tyranitar|Tyranitar, M|100/100
|-weather|Sandstorm|[from] ability: Sand Stream|[of] p2a: Tyranitar
|move|p1a: Calyrex|Astral Barrage|p2a: Tyranitar
|-resisted|p2a: Tyranitar
|-damage|p2a: Tyranitar|76/100
|
|-weather|Sandstorm|[upkeep]
|-damage|p1a: Calyrex|94/100|[from] Sandstorm
|-heal|p2a: Tyranitar|82/100|[from] item: Leftovers
|upkeep
|turn|2
|
|t:|1629402989
|switch|p1a: Yveltal|Yveltal|100/100
|-ability|p1a: Yveltal|Dark Aura
|move|p2a: Tyranitar|Stealth Rock|p1a: Yveltal
|-sidestart|p1: BugGoBrrrrrr|move: Stealth Rock
|
|-weather|Sandstorm|[upkeep]
|-damage|p1a: Yveltal|94/100|[from] Sandstorm
|-heal|p2a: Tyranitar|88/100|[from] item: Leftovers
|upkeep
|turn|3
|
|t:|1629403005
|move|p1a: Yveltal|U-turn|p2a: Tyranitar
|-supereffective|p2a: Tyranitar
|-damage|p2a: Tyranitar|54/100
|
|t:|1629403007
|switch|p1a: Urshifu|Urshifu, M|100/100|[from]move: U-turn
|-damage|p1a: Urshifu|94/100|[from] Stealth Rock
|move|p2a: Tyranitar|Rock Blast|p1a: Urshifu
|-resisted|p1a: Urshifu
|-damage|p1a: Urshifu|89/100
|-resisted|p1a: Urshifu
|-damage|p1a: Urshifu|83/100
|-resisted|p1a: Urshifu
|-damage|p1a: Urshifu|78/100
|-hitcount|p1a: Urshifu|3
|
|-weather|Sandstorm|[upkeep]
|-damage|p1a: Urshifu|72/100|[from] Sandstorm
|-heal|p2a: Tyranitar|60/100|[from] item: Leftovers
|upkeep
|turn|4
|
|t:|1629403012
|switch|p2a: Tangrowth|Tangrowth, F|100/100
|move|p1a: Urshifu|Wicked Blow|p2a: Tangrowth
|-crit|p2a: Tangrowth
|-damage|p2a: Tangrowth|46/100
|-damage|p1a: Urshifu|55/100|[from] item: Rocky Helmet|[of] p2a: Tangrowth
|
|-weather|Sandstorm|[upkeep]
|-damage|p1a: Urshifu|49/100|[from] Sandstorm
|-damage|p2a: Tangrowth|40/100|[from] Sandstorm
|upkeep
|turn|5
|
|t:|1629403019
|switch|p2a: Tyranitar|Tyranitar, M|60/100
|move|p1a: Urshifu|Wicked Blow|p2a: Tyranitar
|-resisted|p2a: Tyranitar
|-crit|p2a: Tyranitar
|-damage|p2a: Tyranitar|17/100
|
|-weather|none
|-heal|p2a: Tyranitar|23/100|[from] item: Leftovers
|upkeep
|turn|6
|
|t:|1629403025
|switch|p2a: Tangrowth|Tangrowth, F|73/100
|move|p1a: Urshifu|Wicked Blow|p2a: Tangrowth
|-crit|p2a: Tangrowth
|-damage|p2a: Tangrowth|18/100
|-damage|p1a: Urshifu|33/100|[from] item: Rocky Helmet|[of] p2a: Tangrowth
|
|upkeep
|turn|7
|
|t:|1629403030
|move|p1a: Urshifu|Wicked Blow|p2a: Tangrowth
|-crit|p2a: Tangrowth
|-damage|p2a: Tangrowth|0 fnt
|-damage|p1a: Urshifu|16/100|[from] item: Rocky Helmet|[of] p2a: Tangrowth
|faint|p2a: Tangrowth
|
|upkeep
|
|t:|1629403038
|switch|p2a: Ho-Oh|Ho-Oh|100/100
|turn|8
|
|t:|1629403044
|move|p1a: Urshifu|Wicked Blow|p2a: Ho-Oh
|-crit|p2a: Ho-Oh
|-damage|p2a: Ho-Oh|35/100
|move|p2a: Ho-Oh|Sacred Fire|p1a: Urshifu
|-damage|p1a: Urshifu|0 fnt
|faint|p1a: Urshifu
|
|upkeep
|
|t:|1629403047
|switch|p1a: Calyrex|Calyrex-Shadow|94/100
|-ability|p1a: Calyrex|As One
|-ability|p1a: Calyrex|Unnerve
|-damage|p1a: Calyrex|82/100|[from] Stealth Rock
|turn|9
|
|t:|1629403058
|switch|p2a: Necrozma|Necrozma-Dusk-Mane|100/100
|move|p1a: Calyrex|Astral Barrage|p2a: Necrozma
|-supereffective|p2a: Necrozma
|-damage|p2a: Necrozma|3/100
|
|-heal|p2a: Necrozma|9/100|[from] item: Leftovers
|upkeep
|turn|10
|
|t:|1629403063
|move|p1a: Calyrex|Astral Barrage|p2a: Necrozma
|-supereffective|p2a: Necrozma
|-damage|p2a: Necrozma|0 fnt
|faint|p2a: Necrozma
|-ability|p1a: Calyrex|Grim Neigh|boost
|-boost|p1a: Calyrex|spa|1
|
|upkeep
|
|t:|1629403065
|switch|p2a: Tyranitar|Tyranitar, M|23/100
|-weather|Sandstorm|[from] ability: Sand Stream|[of] p2a: Tyranitar
|turn|11
|
|t:|1629403067
|move|p1a: Calyrex|Astral Barrage|p2a: Tyranitar
|-resisted|p2a: Tyranitar
|-damage|p2a: Tyranitar|0 fnt
|faint|p2a: Tyranitar
|-ability|p1a: Calyrex|Grim Neigh|boost
|-boost|p1a: Calyrex|spa|1
|
|-weather|Sandstorm|[upkeep]
|-damage|p1a: Calyrex|76/100|[from] Sandstorm
|upkeep
|c|☆BugGoBrrrrrr|Gg
|c|☆BugGoBrrrrrr|wp
|-message|Darkortex1 forfeited.
|
|win|BugGoBrrrrrr
|raw|BugGoBrrrrrr's rating: 1533 &rarr; <strong>1556</strong><br />(+23 for winning)
|raw|Darkortex1's rating: 1582 &rarr; <strong>1559</strong><br />(-23 for losing)
|l|☆Darkortex1
|j|☆Darkortex1
|player|p2|Darkortex1|hilbert
|inactive|Battle timer is ON: inactive players will automatically lose when time's up. (requested by Darkortex1)
|l|☆Darkortex1
|player|p2|
|l|☆BugGoBrrrrrr
|j|☆Darkortex1
|player|p2|Darkortex1|hilbert
|l|☆Darkortex1
|player|p2|
||Ladder isn't responding, score probably updated but might not have (Request timeout).
|j|☆BugGoBrrrrrr
|player|p1|BugGoBrrrrrr|266
|inactive|BugGoBrrrrrr also wants the timer to be on.
|l|☆BugGoBrrrrrr
|player|p1|
|j|☆BugGoBrrrrrr
|player|p1|BugGoBrrrrrr|266
