|j|☆Okazakii
|j|☆ox04
|t:|1664276427
|gametype|singles
|player|p1|Okazakii|ethan|1503
|player|p2|ox04|red-gen7|1674
|teamsize|p1|6
|teamsize|p2|6
|gen|8
|tier|[Gen 8] Ubers
|rated|
|rule|Sleep Clause Mod: Limit one foe put to sleep
|rule|Species Clause: Limit one of each Pokémon
|rule|OHKO Clause: OHKO moves are banned
|rule|Evasion Items Clause: Evasion items are banned
|rule|Evasion Moves Clause: Evasion moves are banned
|rule|Endless Battle Clause: Forcing endless battles is banned
|rule|HP Percentage Mod: HP is shown in percentages
|rule|Dynamax Clause: You cannot dynamax
|clearpoke
|poke|p1|Ho-Oh|
|poke|p1|Shedinja|
|poke|p1|Xerneas-*|
|poke|p1|Eternatus|
|poke|p1|Necrozma-Dusk-Mane|
|poke|p1|Yveltal|
|poke|p2|Excadrill, M|
|poke|p2|Yveltal|
|poke|p2|Palkia|
|poke|p2|Xerneas-*|
|poke|p2|Necrozma-Dusk-Mane|
|poke|p2|Eternatus|
|teampreview
|inactive|Battle timer is ON: inactive players will automatically lose when time's up. (requested by ox04)
|
|t:|1664276447
|start
|switch|p1a: Yveltal|Yveltal|100/100
|switch|p2a: Excadrill|Excadrill, M|100/100
|-ability|p1a: Yveltal|Dark Aura
|-ability|p2a: Excadrill|Mold Breaker
|turn|1
|c|☆ox04|Don't time out this time
|
|t:|1664276456
|move|p1a: Yveltal|Foul Play|p2a: Excadrill
|-enditem|p2a: Excadrill|Focus Sash
|-damage|p2a: Excadrill|1/100
|move|p2a: Excadrill|Stealth Rock|p1a: Yveltal
|-sidestart|p1: Okazakii|move: Stealth Rock
|
|upkeep
|turn|2
|c|☆Okazakii|lol
|
|t:|1664276462
|move|p1a: Yveltal|Foul Play|p2a: Excadrill
|-damage|p2a: Excadrill|0 fnt
|faint|p2a: Excadrill
|
|upkeep
|
|t:|1664276465
|switch|p2a: Eternatus|Eternatus|100/100
|-ability|p2a: Eternatus|Pressure
|turn|3
|
|t:|1664276469
|switch|p2a: Palkia|Palkia|100/100
|-ability|p2a: Palkia|Pressure
|switch|p1a: Necrozma|Necrozma-Dusk-Mane|100/100
|-damage|p1a: Necrozma|94/100|[from] Stealth Rock
|
|upkeep
|turn|4
|
|t:|1664276479
|switch|p1a: Yveltal|Yveltal|100/100
|-ability|p1a: Yveltal|Dark Aura
|move|p2a: Palkia|Substitute|p2a: Palkia
|-start|p2a: Palkia|Substitute
|-damage|p2a: Palkia|76/100
|
|upkeep
|turn|5
|
|t:|1664276485
|move|p2a: Palkia|Hydro Pump|p1a: Yveltal
|-damage|p1a: Yveltal|50/100
|move|p1a: Yveltal|Defog|p2a: Palkia
|-sideend|p1: Okazakii|Stealth Rock|[from] move: Defog|[of] p1a: Yveltal
|
|upkeep
|turn|6
|
|t:|1664276490
|switch|p1a: Shedinja|Shedinja|100/100
|-singleturn|p2a: Palkia|move: Focus Punch
|move|p2a: Palkia|Focus Punch|p1a: Shedinja
|-immune|p1a: Shedinja|[from] ability: Wonder Guard
|
|upkeep
|turn|7
|
|t:|1664276497
|switch|p2a: Eternatus|Eternatus|100/100
|-ability|p2a: Eternatus|Pressure
|move|p1a: Shedinja|Will-O-Wisp|p2a: Eternatus
|-status|p2a: Eternatus|brn
|
|-damage|p2a: Eternatus|94/100 brn|[from] brn
|upkeep
|turn|8
|
|t:|1664276504
|switch|p1a: Necrozma|Necrozma-Dusk-Mane|94/100
|move|p2a: Eternatus|Flamethrower|p1a: Necrozma
|-supereffective|p1a: Necrozma
|-damage|p1a: Necrozma|56/100
|
|-damage|p2a: Eternatus|88/100 brn|[from] brn
|upkeep
|turn|9
|
|t:|1664276509
|move|p2a: Eternatus|Meteor Beam||[still]
|-prepare|p2a: Eternatus|Meteor Beam
|-boost|p2a: Eternatus|spa|1
|-enditem|p2a: Eternatus|Power Herb
|-anim|p2a: Eternatus|Meteor Beam|p1a: Necrozma
|-resisted|p1a: Necrozma
|-damage|p1a: Necrozma|31/100
|move|p1a: Necrozma|Morning Sun|p1a: Necrozma
|-heal|p1a: Necrozma|81/100
|
|-damage|p2a: Eternatus|82/100 brn|[from] brn
|upkeep
|turn|10
|
|t:|1664276514
|move|p2a: Eternatus|Flamethrower|p1a: Necrozma
|-supereffective|p1a: Necrozma
|-damage|p1a: Necrozma|19/100
|move|p1a: Necrozma|Morning Sun|p1a: Necrozma
|-heal|p1a: Necrozma|69/100
|
|-damage|p2a: Eternatus|76/100 brn|[from] brn
|upkeep
|turn|11
|
|t:|1664276523
|switch|p1a: Ho-Oh|Ho-Oh|100/100
|move|p2a: Eternatus|Flamethrower|p1a: Ho-Oh
|-resisted|p1a: Ho-Oh
|-damage|p1a: Ho-Oh|83/100
|
|-damage|p2a: Eternatus|70/100 brn|[from] brn
|upkeep
|turn|12
|
|t:|1664276528
|move|p2a: Eternatus|Dynamax Cannon|p1a: Ho-Oh
|-damage|p1a: Ho-Oh|23/100
|move|p1a: Ho-Oh|Brave Bird|p2a: Eternatus
|-crit|p2a: Eternatus
|-damage|p2a: Eternatus|0 fnt
|faint|p2a: Eternatus
|-damage|p1a: Ho-Oh|0 fnt|[from] Recoil
|faint|p1a: Ho-Oh
|
|upkeep
|
|t:|1664276545
|switch|p2a: Yveltal|Yveltal, shiny|100/100
|switch|p1a: Shedinja|Shedinja|100/100
|-ability|p2a: Yveltal|Dark Aura
|turn|13
|
|t:|1664276550
|move|p1a: Shedinja|Protect|p1a: Shedinja
|-singleturn|p1a: Shedinja|Protect
|move|p2a: Yveltal|Oblivion Wing|p1a: Shedinja
|-activate|p1a: Shedinja|move: Protect
|
|upkeep
|turn|14
|
|t:|1664276556
|switch|p1a: Xerneas|Xerneas|100/100
|-ability|p1a: Xerneas|Fairy Aura
|-item|p1a: Xerneas|Air Balloon
|move|p2a: Yveltal|Oblivion Wing|p1a: Xerneas
|-damage|p1a: Xerneas|62/100
|-enditem|p1a: Xerneas|Air Balloon
|-damage|p2a: Yveltal|91/100|[from] item: Life Orb
|
|upkeep
|turn|15
|
|t:|1664276565
|switch|p2a: Palkia|Palkia|76/100
|-ability|p2a: Palkia|Pressure
|switch|p1a: Yveltal|Yveltal|50/100
|-ability|p1a: Yveltal|Dark Aura
|
|upkeep
|turn|16
|
|t:|1664276569
|switch|p2a: Yveltal|Yveltal, shiny|91/100
|-ability|p2a: Yveltal|Dark Aura
|switch|p1a: Shedinja|Shedinja|100/100
|
|upkeep
|turn|17
|
|t:|1664276573
|move|p1a: Shedinja|Protect|p1a: Shedinja
|-singleturn|p1a: Shedinja|Protect
|move|p2a: Yveltal|Oblivion Wing|p1a: Shedinja
|-activate|p1a: Shedinja|move: Protect
|
|upkeep
|turn|18
|
|t:|1664276582
|switch|p1a: Eternatus|Eternatus|100/100
|-ability|p1a: Eternatus|Pressure
|move|p2a: Yveltal|Oblivion Wing|p1a: Eternatus
|-damage|p1a: Eternatus|50/100
|-heal|p2a: Yveltal|100/100|[from] drain|[of] p1a: Eternatus
|-damage|p2a: Yveltal|91/100|[from] item: Life Orb
|
|upkeep
|turn|19
|
|t:|1664276589
|switch|p2a: Xerneas|Xerneas, shiny|100/100
|-ability|p2a: Xerneas|Fairy Aura
|move|p1a: Eternatus|Recover|p1a: Eternatus
|-heal|p1a: Eternatus|100/100
|
|upkeep
|turn|20
|
|t:|1664276593
|move|p1a: Eternatus|Sludge Bomb|p2a: Xerneas
|-supereffective|p2a: Xerneas
|-damage|p2a: Xerneas|0 fnt
|faint|p2a: Xerneas
|-damage|p1a: Eternatus|91/100|[from] item: Life Orb
|
|upkeep
|
|t:|1664276602
|switch|p2a: Necrozma|Necrozma-Dusk-Mane|100/100
|turn|21
|
|t:|1664276608
|switch|p1a: Necrozma|Necrozma-Dusk-Mane|69/100
|move|p2a: Necrozma|Earthquake|p1a: Necrozma
|-supereffective|p1a: Necrozma
|-damage|p1a: Necrozma|22/100
|-damage|p2a: Necrozma|91/100|[from] item: Life Orb
|
|upkeep
|turn|22
|
|t:|1664276614
|switch|p1a: Yveltal|Yveltal|50/100
|-ability|p1a: Yveltal|Dark Aura
|move|p2a: Necrozma|Sunsteel Strike|p1a: Yveltal
|-damage|p1a: Yveltal|0 fnt
|faint|p1a: Yveltal
|-damage|p2a: Necrozma|81/100|[from] item: Life Orb
|
|upkeep
|
|t:|1664276620
|switch|p1a: Shedinja|Shedinja|100/100
|turn|23
|
|t:|1664276623
|move|p1a: Shedinja|Shadow Sneak|p2a: Necrozma
|-supereffective|p2a: Necrozma
|-damage|p2a: Necrozma|58/100
|move|p2a: Necrozma|Sunsteel Strike|p1a: Shedinja
|-damage|p1a: Shedinja|0 fnt
|faint|p1a: Shedinja
|-damage|p2a: Necrozma|48/100|[from] item: Life Orb
|
|upkeep
|
|t:|1664276631
|switch|p1a: Eternatus|Eternatus|91/100
|-ability|p1a: Eternatus|Pressure
|turn|24
|
|t:|1664276636
|move|p1a: Eternatus|Flamethrower|p2a: Necrozma
|-supereffective|p2a: Necrozma
|-damage|p2a: Necrozma|0 fnt
|faint|p2a: Necrozma
|-damage|p1a: Eternatus|81/100|[from] item: Life Orb
|
|upkeep
|
|t:|1664276638
|switch|p2a: Yveltal|Yveltal, shiny|91/100
|-ability|p2a: Yveltal|Dark Aura
|turn|25
|
|t:|1664276643
|switch|p1a: Necrozma|Necrozma-Dusk-Mane|22/100
|move|p2a: Yveltal|Oblivion Wing|p1a: Necrozma
|-resisted|p1a: Necrozma
|-damage|p1a: Necrozma|1/100
|-heal|p2a: Yveltal|100/100|[from] drain|[of] p1a: Necrozma
|-damage|p2a: Yveltal|91/100|[from] item: Life Orb
|
|upkeep
|turn|26
|
|t:|1664276651
|switch|p2a: Palkia|Palkia|76/100
|-ability|p2a: Palkia|Pressure
|move|p1a: Necrozma|Stealth Rock|p2a: Palkia
|-sidestart|p2: ox04|move: Stealth Rock
|
|upkeep
|turn|27
|
|t:|1664276654
|move|p2a: Palkia|Substitute|p2a: Palkia
|-start|p2a: Palkia|Substitute
|-damage|p2a: Palkia|51/100
|move|p1a: Necrozma|Earthquake|p2a: Palkia
|-end|p2a: Palkia|Substitute
|
|upkeep
|turn|28
|
|t:|1664276658
|move|p2a: Palkia|Spacial Rend|p1a: Necrozma
|-resisted|p1a: Necrozma
|-damage|p1a: Necrozma|0 fnt
|faint|p1a: Necrozma
|
|upkeep
|
|t:|1664276660
|switch|p1a: Xerneas|Xerneas|62/100
|-ability|p1a: Xerneas|Fairy Aura
|turn|29
|
|t:|1664276664
|move|p2a: Palkia|Hydro Pump|p1a: Xerneas
|-damage|p1a: Xerneas|0 fnt
|faint|p1a: Xerneas
|
|upkeep
|
|t:|1664276667
|switch|p1a: Eternatus|Eternatus|81/100
|-ability|p1a: Eternatus|Pressure
|turn|30
|
|t:|1664276670
|move|p1a: Eternatus|Dynamax Cannon|p2a: Palkia
|-supereffective|p2a: Palkia
|-damage|p2a: Palkia|0 fnt
|faint|p2a: Palkia
|-damage|p1a: Eternatus|71/100|[from] item: Life Orb
|
|upkeep
|
|t:|1664276671
|switch|p2a: Yveltal|Yveltal, shiny|91/100
|-damage|p2a: Yveltal|66/100|[from] Stealth Rock
|-ability|p2a: Yveltal|Dark Aura
|turn|31
|
|t:|1664276674
|move|p1a: Eternatus|Dynamax Cannon|p2a: Yveltal
|-damage|p2a: Yveltal|5/100
|-damage|p1a: Eternatus|61/100|[from] item: Life Orb
|move|p2a: Yveltal|Oblivion Wing|p1a: Eternatus
|-damage|p1a: Eternatus|10/100
|-heal|p2a: Yveltal|45/100|[from] drain|[of] p1a: Eternatus
|-damage|p2a: Yveltal|35/100|[from] item: Life Orb
|
|upkeep
|turn|32
|
|t:|1664276680
|move|p2a: Yveltal|Sucker Punch||[still]
|-fail|p2a: Yveltal
|move|p1a: Eternatus|Recover|p1a: Eternatus
|-heal|p1a: Eternatus|61/100
|
|upkeep
|turn|33
|
|t:|1664276685
|move|p2a: Yveltal|Sucker Punch|p1a: Eternatus
|-damage|p1a: Eternatus|22/100
|-damage|p2a: Yveltal|25/100|[from] item: Life Orb
|move|p1a: Eternatus|Dynamax Cannon|p2a: Yveltal
|-damage|p2a: Yveltal|0 fnt
|faint|p2a: Yveltal
|-damage|p1a: Eternatus|12/100|[from] item: Life Orb
|
|win|Okazakii
|raw|Okazakii's rating: 1503 &rarr; <strong>1532</strong><br />(+29 for winning)
|raw|ox04's rating: 1674 &rarr; <strong>1645</strong><br />(-29 for losing)
|c|☆ox04|gg
|c|☆Okazakii|gg
|l|☆ox04
||Ladder isn't responding, score probably updated but might not have (Request timeout).
