|j|☆Pkmn3443
|j|☆Mrdarkcyber
|t:|1634243543
|gametype|singles
|player|p1|Pkmn3443|265|1563
|player|p2|Mrdarkcyber|266|1535
|teamsize|p1|6
|teamsize|p2|6
|gen|8
|tier|[Gen 8] Ubers
|rated|
|rule|Sleep Clause Mod: Limit one foe put to sleep
|rule|Species Clause: Limit one of each Pokémon
|rule|OHKO Clause: OHKO moves are banned
|rule|Evasion Moves Clause: Evasion moves are banned
|rule|Endless Battle Clause: Forcing endless battles is banned
|rule|HP Percentage Mod: HP is shown in percentages
|rule|Dynamax Clause: You cannot dynamax
|clearpoke
|poke|p1|Calyrex-Shadow|
|poke|p1|Necrozma-Dusk-Mane|
|poke|p1|Ho-Oh|
|poke|p1|Eternatus|
|poke|p1|Ditto|
|poke|p1|Yveltal|
|poke|p2|Tyranitar, M|
|poke|p2|Excadrill, F|
|poke|p2|Calyrex-Shadow|
|poke|p2|Mewtwo|
|poke|p2|Necrozma-Dusk-Mane|
|poke|p2|Kyogre|
|teampreview
|inactive|Battle timer is ON: inactive players will automatically lose when time's up. (requested by Mrdarkcyber)
|
|t:|1634243552
|start
|switch|p1a: Calyrex|Calyrex-Shadow|100/100
|switch|p2a: Calyrex|Calyrex-Shadow|100/100
|-ability|p1a: Calyrex|As One
|-ability|p1a: Calyrex|Unnerve
|-ability|p2a: Calyrex|As One
|-ability|p2a: Calyrex|Unnerve
|turn|1
|
|t:|1634243555
|switch|p1a: Yveltal|Yveltal|100/100
|-ability|p1a: Yveltal|Dark Aura
|switch|p2a: Tyranitar|Tyranitar, M|100/100
|-weather|Sandstorm|[from] ability: Sand Stream|[of] p2a: Tyranitar
|
|-weather|Sandstorm|[upkeep]
|-damage|p1a: Yveltal|94/100|[from] Sandstorm
|upkeep
|turn|2
|
|t:|1634243558
|switch|p1a: Eternatus|Eternatus|100/100
|-ability|p1a: Eternatus|Pressure
|move|p2a: Tyranitar|Thunder Wave|p1a: Eternatus
|-status|p1a: Eternatus|par
|
|-weather|Sandstorm|[upkeep]
|-damage|p1a: Eternatus|94/100 par|[from] Sandstorm
|-heal|p1a: Eternatus|100/100 par|[from] item: Black Sludge
|upkeep
|turn|3
|
|t:|1634243562
|move|p2a: Tyranitar|Stealth Rock|p1a: Eternatus
|-sidestart|p1: Pkmn3443|move: Stealth Rock
|move|p1a: Eternatus|Toxic|p2a: Tyranitar
|-status|p2a: Tyranitar|tox
|
|-weather|Sandstorm|[upkeep]
|-damage|p1a: Eternatus|94/100 par|[from] Sandstorm
|-heal|p1a: Eternatus|100/100 par|[from] item: Black Sludge
|-damage|p2a: Tyranitar|94/100 tox|[from] psn
|upkeep
|turn|4
|
|t:|1634243575
|move|p2a: Tyranitar|Rock Blast|p1a: Eternatus
|-damage|p1a: Eternatus|92/100 par
|-damage|p1a: Eternatus|83/100 par
|-hitcount|p1a: Eternatus|2
|move|p1a: Eternatus|Toxic|p2a: Tyranitar
|-fail|p2a: Tyranitar|tox
|
|-weather|Sandstorm|[upkeep]
|-damage|p1a: Eternatus|77/100 par|[from] Sandstorm
|-heal|p1a: Eternatus|83/100 par|[from] item: Black Sludge
|-damage|p2a: Tyranitar|82/100 tox|[from] psn
|upkeep
|turn|5
|
|t:|1634243588
|switch|p2a: Necrozma|Necrozma-Dusk-Mane|100/100
|move|p1a: Eternatus|Dynamax Cannon|p2a: Necrozma
|-resisted|p2a: Necrozma
|-damage|p2a: Necrozma|86/100
|
|-weather|none
|-heal|p2a: Necrozma|92/100|[from] item: Leftovers
|-heal|p1a: Eternatus|89/100 par|[from] item: Black Sludge
|upkeep
|turn|6
|
|t:|1634243593
|move|p2a: Necrozma|Knock Off|p1a: Eternatus
|-damage|p1a: Eternatus|67/100 par
|-enditem|p1a: Eternatus|Black Sludge|[from] move: Knock Off|[of] p2a: Necrozma
|cant|p1a: Eternatus|par
|
|-heal|p2a: Necrozma|98/100|[from] item: Leftovers
|upkeep
|turn|7
|
|t:|1634243606
|move|p2a: Necrozma|Earthquake|p1a: Eternatus
|-supereffective|p1a: Eternatus
|-damage|p1a: Eternatus|18/100 par
|move|p1a: Eternatus|Recover|p1a: Eternatus
|-heal|p1a: Eternatus|68/100 par
|
|-heal|p2a: Necrozma|100/100|[from] item: Leftovers
|upkeep
|turn|8
|
|t:|1634243613
|move|p2a: Necrozma|Earthquake|p1a: Eternatus
|-supereffective|p1a: Eternatus
|-damage|p1a: Eternatus|15/100 par
|move|p1a: Eternatus|Recover|p1a: Eternatus
|-heal|p1a: Eternatus|65/100 par
|
|upkeep
|turn|9
|
|t:|1634243619
|switch|p1a: Yveltal|Yveltal|94/100
|-ability|p1a: Yveltal|Dark Aura
|move|p2a: Necrozma|Earthquake|p1a: Yveltal
|-immune|p1a: Yveltal
|
|upkeep
|turn|10
|
|t:|1634243623
|move|p1a: Yveltal|Knock Off|p2a: Necrozma
|-supereffective|p2a: Necrozma
|-damage|p2a: Necrozma|42/100
|-enditem|p2a: Necrozma|Leftovers|[from] move: Knock Off|[of] p1a: Yveltal
|move|p2a: Necrozma|Knock Off|p1a: Yveltal
|-resisted|p1a: Yveltal
|-damage|p1a: Yveltal|71/100
|-enditem|p1a: Yveltal|Heavy-Duty Boots|[from] move: Knock Off|[of] p2a: Necrozma
|
|upkeep
|turn|11
|
|t:|1634243631
|move|p1a: Yveltal|Knock Off|p2a: Necrozma
|-supereffective|p2a: Necrozma
|-damage|p2a: Necrozma|3/100
|move|p2a: Necrozma|Morning Sun|p2a: Necrozma
|-heal|p2a: Necrozma|53/100
|
|upkeep
|turn|12
|
|t:|1634243634
|move|p1a: Yveltal|Taunt|p2a: Necrozma
|-start|p2a: Necrozma|move: Taunt
|cant|p2a: Necrozma|move: Taunt|Morning Sun
|
|upkeep
|turn|13
|
|t:|1634243637
|move|p1a: Yveltal|Knock Off|p2a: Necrozma
|-supereffective|p2a: Necrozma
|-damage|p2a: Necrozma|15/100
|move|p2a: Necrozma|Sunsteel Strike|p1a: Yveltal
|-damage|p1a: Yveltal|23/100
|
|upkeep
|turn|14
|
|t:|1634243643
|move|p1a: Yveltal|Knock Off|p2a: Necrozma
|-supereffective|p2a: Necrozma
|-damage|p2a: Necrozma|0 fnt
|faint|p2a: Necrozma
|
|upkeep
|
|t:|1634243671
|switch|p2a: Mewtwo|Mewtwo|100/100
|-ability|p2a: Mewtwo|Pressure
|turn|15
|
|t:|1634243679
|switch|p1a: Ho-Oh|Ho-Oh|100/100
|move|p2a: Mewtwo|Ice Beam|p1a: Ho-Oh
|-damage|p1a: Ho-Oh|75/100
|-damage|p2a: Mewtwo|91/100|[from] item: Life Orb
|
|upkeep
|turn|16
|
|t:|1634243686
|move|p2a: Mewtwo|Psystrike|p1a: Ho-Oh
|-damage|p1a: Ho-Oh|24/100
|-damage|p2a: Mewtwo|81/100|[from] item: Life Orb
|move|p1a: Ho-Oh|Defog|p2a: Mewtwo
|-unboost|p2a: Mewtwo|evasion|1
|-sideend|p1: Pkmn3443|Stealth Rock|[from] move: Defog|[of] p1a: Ho-Oh
|
|upkeep
|turn|17
|
|t:|1634243690
|switch|p1a: Necrozma|Necrozma-Dusk-Mane|100/100
|move|p2a: Mewtwo|Psystrike|p1a: Necrozma
|-resisted|p1a: Necrozma
|-damage|p1a: Necrozma|90/100
|-damage|p2a: Mewtwo|71/100|[from] item: Life Orb
|
|upkeep
|turn|18
|
|t:|1634243702
|move|p2a: Mewtwo|Nasty Plot|p2a: Mewtwo
|-boost|p2a: Mewtwo|spa|2
|move|p1a: Necrozma|Knock Off|p2a: Mewtwo
|-supereffective|p2a: Mewtwo
|-damage|p2a: Mewtwo|6/100
|-enditem|p2a: Mewtwo|Life Orb|[from] move: Knock Off|[of] p1a: Necrozma
|
|upkeep
|turn|19
|
|t:|1634243712
|switch|p1a: Yveltal|Yveltal|23/100
|-ability|p1a: Yveltal|Dark Aura
|move|p2a: Mewtwo|Fire Blast|p1a: Yveltal
|-damage|p1a: Yveltal|0 fnt
|faint|p1a: Yveltal
|
|upkeep
|
|t:|1634243714
|switch|p1a: Ditto|Ditto|100/100
|-transform|p1a: Ditto|p2a: Mewtwo|[from] ability: Imposter
|-ability|p1a: Ditto|Pressure
|turn|20
|
|t:|1634243721
|move|p1a: Ditto|Ice Beam|p2a: Mewtwo
|-damage|p2a: Mewtwo|0 fnt
|faint|p2a: Mewtwo
|
|upkeep
|
|t:|1634243731
|switch|p2a: Kyogre|Kyogre|100/100
|-weather|RainDance|[from] ability: Drizzle|[of] p2a: Kyogre
|turn|21
|
|t:|1634243736
|switch|p1a: Eternatus|Eternatus|65/100 par
|-ability|p1a: Eternatus|Pressure
|move|p2a: Kyogre|Block|p1a: Eternatus
|-activate|p1a: Eternatus|trapped
|
|-weather|RainDance|[upkeep]
|upkeep
|turn|22
|
|t:|1634243740
|move|p2a: Kyogre|Calm Mind|p2a: Kyogre
|-boost|p2a: Kyogre|spa|1
|-boost|p2a: Kyogre|spd|1
|cant|p1a: Eternatus|par
|
|-weather|RainDance|[upkeep]
|upkeep
|turn|23
|
|t:|1634243747
|move|p2a: Kyogre|Calm Mind|p2a: Kyogre
|-boost|p2a: Kyogre|spa|1
|-boost|p2a: Kyogre|spd|1
|move|p1a: Eternatus|Recover|p1a: Eternatus
|-heal|p1a: Eternatus|100/100 par
|
|-weather|RainDance|[upkeep]
|upkeep
|turn|24
|
|t:|1634243752
|move|p2a: Kyogre|Calm Mind|p2a: Kyogre
|-boost|p2a: Kyogre|spa|1
|-boost|p2a: Kyogre|spd|1
|move|p1a: Eternatus|Toxic|p2a: Kyogre
|-status|p2a: Kyogre|tox
|
|-weather|RainDance|[upkeep]
|-damage|p2a: Kyogre|94/100 tox|[from] psn
|upkeep
|turn|25
|
|t:|1634243756
|move|p2a: Kyogre|Calm Mind|p2a: Kyogre
|-boost|p2a: Kyogre|spa|1
|-boost|p2a: Kyogre|spd|1
|move|p1a: Eternatus|Flamethrower|p2a: Kyogre
|-resisted|p2a: Kyogre
|-damage|p2a: Kyogre|93/100 tox
|
|-weather|none
|-heal|p2a: Kyogre|99/100 tox|[from] item: Leftovers
|-damage|p2a: Kyogre|87/100 tox|[from] psn
|upkeep
|turn|26
|
|t:|1634243759
|move|p2a: Kyogre|Calm Mind|p2a: Kyogre
|-boost|p2a: Kyogre|spa|1
|-boost|p2a: Kyogre|spd|1
|move|p1a: Eternatus|Flamethrower|p2a: Kyogre
|-resisted|p2a: Kyogre
|-damage|p2a: Kyogre|84/100 tox
|
|-heal|p2a: Kyogre|90/100 tox|[from] item: Leftovers
|-damage|p2a: Kyogre|72/100 tox|[from] psn
|upkeep
|turn|27
|
|t:|1634243761
|move|p2a: Kyogre|Calm Mind|p2a: Kyogre
|-boost|p2a: Kyogre|spa|1
|-boost|p2a: Kyogre|spd|1
|move|p1a: Eternatus|Flamethrower|p2a: Kyogre
|-resisted|p2a: Kyogre
|-damage|p2a: Kyogre|69/100 tox
|
|-heal|p2a: Kyogre|75/100 tox|[from] item: Leftovers
|-damage|p2a: Kyogre|51/100 tox|[from] psn
|upkeep
|turn|28
|
|t:|1634243764
|move|p2a: Kyogre|Rest|p2a: Kyogre
|-status|p2a: Kyogre|slp|[from] move: Rest
|-heal|p2a: Kyogre|100/100 slp|[silent]
|cant|p1a: Eternatus|par
|
|upkeep
|turn|29
|
|t:|1634243769
|cant|p2a: Kyogre|slp
|cant|p1a: Eternatus|par
|
|upkeep
|turn|30
|
|t:|1634243779
|cant|p2a: Kyogre|slp
|cant|p1a: Eternatus|par
|
|upkeep
|turn|31
|
|t:|1634243783
|-curestatus|p2a: Kyogre|slp|[msg]
|move|p2a: Kyogre|Scald|p1a: Eternatus
|-resisted|p1a: Eternatus
|-damage|p1a: Eternatus|55/100 par
|move|p1a: Eternatus|Dynamax Cannon|p2a: Kyogre
|-damage|p2a: Kyogre|92/100
|
|-heal|p2a: Kyogre|98/100|[from] item: Leftovers
|upkeep
|turn|32
|
|t:|1634243790
|move|p2a: Kyogre|Scald|p1a: Eternatus
|-resisted|p1a: Eternatus
|-damage|p1a: Eternatus|16/100 par
|cant|p1a: Eternatus|par
|
|-heal|p2a: Kyogre|100/100|[from] item: Leftovers
|upkeep
|turn|33
|
|t:|1634243794
|move|p2a: Kyogre|Scald|p1a: Eternatus
|-resisted|p1a: Eternatus
|-damage|p1a: Eternatus|0 fnt
|faint|p1a: Eternatus
|
|upkeep
|
|t:|1634243799
|switch|p1a: Ditto|Ditto|100/100
|-transform|p1a: Ditto|p2a: Kyogre|[from] ability: Imposter
|-weather|RainDance|[from] ability: Drizzle|[of] p1a: Ditto
|turn|34
|
|t:|1634243805
|move|p1a: Ditto|Scald|p2a: Kyogre
|-resisted|p2a: Kyogre
|-damage|p2a: Kyogre|81/100
|move|p2a: Kyogre|Scald|p1a: Ditto
|-resisted|p1a: Ditto
|-damage|p1a: Ditto|76/100
|
|-weather|RainDance|[upkeep]
|-heal|p2a: Kyogre|87/100|[from] item: Leftovers
|upkeep
|turn|35
|
|t:|1634243809
|move|p1a: Ditto|Scald|p2a: Kyogre
|-resisted|p2a: Kyogre
|-damage|p2a: Kyogre|67/100
|move|p2a: Kyogre|Scald|p1a: Ditto
|-resisted|p1a: Ditto
|-damage|p1a: Ditto|53/100
|
|-weather|RainDance|[upkeep]
|-heal|p2a: Kyogre|74/100|[from] item: Leftovers
|upkeep
|turn|36
|
|t:|1634243813
|move|p1a: Ditto|Scald|p2a: Kyogre
|-resisted|p2a: Kyogre
|-damage|p2a: Kyogre|56/100
|-status|p2a: Kyogre|brn
|move|p2a: Kyogre|Scald|p1a: Ditto
|-resisted|p1a: Ditto
|-damage|p1a: Ditto|28/100
|-status|p1a: Ditto|brn
|
|-weather|RainDance|[upkeep]
|-heal|p2a: Kyogre|62/100 brn|[from] item: Leftovers
|-damage|p1a: Ditto|22/100 brn|[from] brn
|-damage|p2a: Kyogre|56/100 brn|[from] brn
|upkeep
|turn|37
|
|t:|1634243819
|switch|p1a: Ho-Oh|Ho-Oh|57/100
|move|p2a: Kyogre|Rest|p2a: Kyogre
|-status|p2a: Kyogre|slp|[from] move: Rest
|-heal|p2a: Kyogre|100/100 slp|[silent]
|
|-weather|RainDance|[upkeep]
|upkeep
|turn|38
|
|t:|1634243822
|cant|p2a: Kyogre|slp
|move|p1a: Ho-Oh|Whirlwind|p2a: Kyogre
|drag|p2a: Excadrill|Excadrill, F|100/100
|
|-weather|none
|upkeep
|turn|39
|
|t:|1634243826
|switch|p1a: Necrozma|Necrozma-Dusk-Mane|90/100
|move|p2a: Excadrill|Rock Slide|p1a: Necrozma
|-resisted|p1a: Necrozma
|-damage|p1a: Necrozma|79/100
|-damage|p2a: Excadrill|91/100|[from] item: Life Orb
|
|upkeep
|turn|40
|
|t:|1634243831
|move|p2a: Excadrill|Earthquake|p1a: Necrozma
|-supereffective|p1a: Necrozma
|-damage|p1a: Necrozma|15/100
|-damage|p2a: Excadrill|81/100|[from] item: Life Orb
|move|p1a: Necrozma|Knock Off|p2a: Excadrill
|-damage|p2a: Excadrill|30/100
|-enditem|p2a: Excadrill|Life Orb|[from] move: Knock Off|[of] p1a: Necrozma
|
|upkeep
|turn|41
|
|t:|1634243835
|switch|p1a: Ho-Oh|Ho-Oh|90/100
|move|p2a: Excadrill|Earthquake|p1a: Ho-Oh
|-immune|p1a: Ho-Oh
|
|upkeep
|turn|42
|
|t:|1634243837
|move|p2a: Excadrill|Rock Slide|p1a: Ho-Oh
|-supereffective|p1a: Ho-Oh
|-damage|p1a: Ho-Oh|13/100
|move|p1a: Ho-Oh|Sacred Fire|p2a: Excadrill
|-supereffective|p2a: Excadrill
|-damage|p2a: Excadrill|0 fnt
|faint|p2a: Excadrill
|
|upkeep
|
|t:|1634243851
|switch|p2a: Tyranitar|Tyranitar, M|82/100 tox
|-weather|Sandstorm|[from] ability: Sand Stream|[of] p2a: Tyranitar
|turn|43
|
|t:|1634243864
|move|p1a: Ho-Oh|Sacred Fire|p2a: Tyranitar
|-resisted|p2a: Tyranitar
|-damage|p2a: Tyranitar|66/100 tox
|move|p2a: Tyranitar|Foul Play|p1a: Ho-Oh
|-damage|p1a: Ho-Oh|0 fnt
|faint|p1a: Ho-Oh
|
|-weather|Sandstorm|[upkeep]
|-damage|p2a: Tyranitar|60/100 tox|[from] psn
|upkeep
|
|t:|1634243867
|switch|p1a: Necrozma|Necrozma-Dusk-Mane|15/100
|turn|44
|
|t:|1634243877
|switch|p2a: Calyrex|Calyrex-Shadow|100/100
|-ability|p2a: Calyrex|As One
|-ability|p2a: Calyrex|Unnerve
|move|p1a: Necrozma|Sunsteel Strike|p2a: Calyrex
|-damage|p2a: Calyrex|42/100
|
|-weather|Sandstorm|[upkeep]
|-damage|p2a: Calyrex|36/100|[from] Sandstorm
|-heal|p2a: Calyrex|42/100|[from] item: Leftovers
|upkeep
|turn|45
|
|t:|1634243885
|move|p2a: Calyrex|Leech Seed|p1a: Necrozma
|-start|p1a: Necrozma|move: Leech Seed
|move|p1a: Necrozma|Sunsteel Strike|p2a: Calyrex
|-damage|p2a: Calyrex|0 fnt
|faint|p2a: Calyrex
|
|-weather|Sandstorm|[upkeep]
|upkeep
|
|t:|1634243893
|switch|p2a: Kyogre|Kyogre|100/100 slp
|-weather|RainDance|[from] ability: Drizzle|[of] p2a: Kyogre
|turn|46
|
|t:|1634243897
|switch|p1a: Calyrex|Calyrex-Shadow|100/100
|-ability|p1a: Calyrex|As One
|-ability|p1a: Calyrex|Unnerve
|cant|p2a: Kyogre|slp
|
|-weather|RainDance|[upkeep]
|upkeep
|turn|47
|
|t:|1634243905
|move|p1a: Calyrex|Trick|p2a: Kyogre
|-activate|p1a: Calyrex|move: Trick|[of] p2a: Kyogre
|-item|p2a: Kyogre|Choice Scarf|[from] move: Trick
|-item|p1a: Calyrex|Leftovers|[from] move: Trick
|-curestatus|p2a: Kyogre|slp|[msg]
|move|p2a: Kyogre|Calm Mind|p2a: Kyogre
|-boost|p2a: Kyogre|spa|1
|-boost|p2a: Kyogre|spd|1
|
|-weather|RainDance|[upkeep]
|upkeep
|turn|48
|
|t:|1634243911
|move|p1a: Calyrex|Astral Barrage|p2a: Kyogre
|-damage|p2a: Kyogre|63/100
|move|p2a: Kyogre|Calm Mind|p2a: Kyogre
|-boost|p2a: Kyogre|spa|1
|-boost|p2a: Kyogre|spd|1
|
|-weather|RainDance|[upkeep]
|upkeep
|turn|49
|
|t:|1634243914
|move|p1a: Calyrex|Astral Barrage|p2a: Kyogre
|-damage|p2a: Kyogre|39/100
|move|p2a: Kyogre|Calm Mind|p2a: Kyogre
|-boost|p2a: Kyogre|spa|1
|-boost|p2a: Kyogre|spd|1
|
|-weather|RainDance|[upkeep]
|upkeep
|turn|50
|
|t:|1634243922
|switch|p2a: Tyranitar|Tyranitar, M|60/100 tox
|-weather|Sandstorm|[from] ability: Sand Stream|[of] p2a: Tyranitar
|move|p1a: Calyrex|Psyshock|p2a: Tyranitar
|-immune|p2a: Tyranitar
|
|-weather|Sandstorm|[upkeep]
|-damage|p1a: Calyrex|94/100|[from] Sandstorm
|-heal|p1a: Calyrex|100/100|[from] item: Leftovers
|-damage|p2a: Tyranitar|53/100 tox|[from] psn
|upkeep
|turn|51
|
|t:|1634243932
|switch|p1a: Ditto|Ditto|22/100 brn
|-transform|p1a: Ditto|p2a: Tyranitar|[from] ability: Imposter
|move|p2a: Tyranitar|Foul Play|p1a: Ditto
|-resisted|p1a: Ditto
|-damage|p1a: Ditto|0 fnt
|faint|p1a: Ditto
|
|-weather|Sandstorm|[upkeep]
|-damage|p2a: Tyranitar|41/100 tox|[from] psn
|upkeep
|
|t:|1634243933
|switch|p1a: Necrozma|Necrozma-Dusk-Mane|15/100
|turn|52
|
|t:|1634243945
|switch|p2a: Kyogre|Kyogre|39/100
|-weather|RainDance|[from] ability: Drizzle|[of] p2a: Kyogre
|move|p1a: Necrozma|Stealth Rock|p2a: Kyogre
|-sidestart|p2: Mrdarkcyber|move: Stealth Rock
|
|-weather|RainDance|[upkeep]
|upkeep
|turn|53
|
|t:|1634243949
|move|p2a: Kyogre|Scald|p1a: Necrozma
|-damage|p1a: Necrozma|0 fnt
|faint|p1a: Necrozma
|
|-weather|RainDance|[upkeep]
|upkeep
|
|t:|1634243952
|switch|p1a: Calyrex|Calyrex-Shadow|100/100
|-ability|p1a: Calyrex|As One
|-ability|p1a: Calyrex|Unnerve
|turn|54
|
|t:|1634243955
|move|p1a: Calyrex|Astral Barrage|p2a: Kyogre
|-damage|p2a: Kyogre|0 fnt
|faint|p2a: Kyogre
|-ability|p1a: Calyrex|Grim Neigh|boost
|-boost|p1a: Calyrex|spa|1
|
|-weather|RainDance|[upkeep]
|upkeep
|
|t:|1634243956
|switch|p2a: Tyranitar|Tyranitar, M|41/100 tox
|-weather|Sandstorm|[from] ability: Sand Stream|[of] p2a: Tyranitar
|turn|55
|
|t:|1634243960
|move|p1a: Calyrex|Astral Barrage|p2a: Tyranitar
|-resisted|p2a: Tyranitar
|-damage|p2a: Tyranitar|17/100 tox
|move|p2a: Tyranitar|Foul Play|p1a: Calyrex
|-supereffective|p1a: Calyrex
|-damage|p1a: Calyrex|0 fnt
|faint|p1a: Calyrex
|
|win|Mrdarkcyber
|raw|Pkmn3443's rating: 1563 &rarr; <strong>1541</strong><br />(-22 for losing)
|raw|Mrdarkcyber's rating: 1535 &rarr; <strong>1557</strong><br />(+22 for winning)
