|raw|<div class="broadcast-blue"><strong>This battle is required to be public due to a player having a name starting with 'ult4pdr'.</div>
|j|☆bald ben
|j|☆ULT4PDR 周杰伦Jay
|t:|1654484323
|gametype|singles
|player|p1|bald ben|2|1588
|player|p2|ULT4PDR 周杰伦Jay|swimmerf-gen4dp|1623
|teamsize|p1|6
|teamsize|p2|6
|gen|8
|tier|[Gen 8] Ubers
|rated|
|rule|Sleep Clause Mod: Limit one foe put to sleep
|rule|Species Clause: Limit one of each Pokémon
|rule|OHKO Clause: OHKO moves are banned
|rule|Evasion Moves Clause: Evasion moves are banned
|rule|Endless Battle Clause: Forcing endless battles is banned
|rule|HP Percentage Mod: HP is shown in percentages
|rule|Dynamax Clause: You cannot dynamax
|clearpoke
|poke|p1|Yveltal|
|poke|p1|Xerneas-*|
|poke|p1|Scolipede, F|
|poke|p1|Zamazenta-*|
|poke|p1|Eternatus|
|poke|p1|Calyrex-Shadow|
|poke|p2|Aerodactyl, M|
|poke|p2|Calyrex-Shadow|
|poke|p2|Yveltal|
|poke|p2|Necrozma-Dusk-Mane|
|poke|p2|Weavile, F|
|poke|p2|Kyogre|
|teampreview
|inactive|Battle timer is ON: inactive players will automatically lose when time's up. (requested by bald ben)
|c|☆ULT4PDR 周杰伦Jay|操死你操死你
|n|‽ULT4PDR 周杰伦Jay|ult4pdrjay
|c|&|/log ULT4PDR 周杰伦Jay was locked from talking by Artemis (☆ULT4PDR 周杰伦Jay: 操死你操死你)
|c|&|/raw <small>This action was done automatically. Want to learn more about the AI? <a href="https://www.smogon.com/forums/threads/3570628/#post-9056769">Visit the information thread</a>.</small>
|c|☆bald ben|笑死
|inactive|ULT4PDR 周杰伦Jay has 120 seconds left.
|
|t:|1654484369
|start
|switch|p1a: Scolipede|Scolipede, F|100/100
|switch|p2a: Aerodactyl|Aerodactyl, M|100/100
|-ability|p2a: Aerodactyl|Pressure
|turn|1
|
|t:|1654484374
|move|p2a: Aerodactyl|Rock Blast|p1a: Scolipede
|-supereffective|p1a: Scolipede
|-damage|p1a: Scolipede|70/100
|-supereffective|p1a: Scolipede
|-damage|p1a: Scolipede|38/100
|-supereffective|p1a: Scolipede
|-damage|p1a: Scolipede|2/100
|-hitcount|p1a: Scolipede|3
|move|p1a: Scolipede|Rock Tomb|p2a: Aerodactyl
|-supereffective|p2a: Aerodactyl
|-damage|p2a: Aerodactyl|40/100
|-unboost|p2a: Aerodactyl|spe|1
|
|-ability|p1a: Scolipede|Speed Boost|boost
|-boost|p1a: Scolipede|spe|1
|upkeep
|turn|2
|j| PotatoGodofCarrots
|
|t:|1654484387
|move|p1a: Scolipede|Spikes|p2a: Aerodactyl
|-sidestart|p2: ULT4PDR 周杰伦Jay|Spikes
|move|p2a: Aerodactyl|Rock Blast|p1a: Scolipede
|-supereffective|p1a: Scolipede
|-damage|p1a: Scolipede|0 fnt
|faint|p1a: Scolipede
|-hitcount|p1: Scolipede|1
|
|upkeep
|
|t:|1654484401
|switch|p1a: Zamazenta|Zamazenta-Crowned|100/100
|-ability|p1a: Zamazenta|Dauntless Shield|boost
|-boost|p1a: Zamazenta|def|1
|turn|3
|l| PotatoGodofCarrots
|inactive|ULT4PDR 周杰伦Jay has 120 seconds left.
|
|t:|1654484434
|move|p1a: Zamazenta|Substitute|p1a: Zamazenta
|-start|p1a: Zamazenta|Substitute
|-damage|p1a: Zamazenta|76/100
|move|p2a: Aerodactyl|Defog|p1a: Zamazenta
|-sideend|p2: ULT4PDR 周杰伦Jay|Spikes|[from] move: Defog|[of] p2a: Aerodactyl
|
|upkeep
|turn|4
|inactive|ULT4PDR 周杰伦Jay has 120 seconds left.
|
|t:|1654484464
|switch|p2a: Kyogre|Kyogre|100/100
|-weather|RainDance|[from] ability: Drizzle|[of] p2a: Kyogre
|move|p1a: Zamazenta|Howl|p1a: Zamazenta
|-boost|p1a: Zamazenta|atk|1
|
|-weather|RainDance|[upkeep]
|upkeep
|turn|5
|
|t:|1654484467
|move|p1a: Zamazenta|Close Combat|p2a: Kyogre
|-damage|p2a: Kyogre|0 fnt
|-unboost|p1a: Zamazenta|def|1
|-unboost|p1a: Zamazenta|spd|1
|faint|p2a: Kyogre
|
|-weather|RainDance|[upkeep]
|upkeep
|
|t:|1654484491
|switch|p2a: Necrozma|Necrozma-Dusk-Mane|100/100
|turn|6
|
|t:|1654484494
|move|p1a: Zamazenta|Close Combat|p2a: Necrozma
|-damage|p2a: Necrozma|20/100
|-unboost|p1a: Zamazenta|def|1
|-unboost|p1a: Zamazenta|spd|1
|move|p2a: Necrozma|Earthquake|p1a: Zamazenta
|-supereffective|p1a: Zamazenta
|-end|p1a: Zamazenta|Substitute
|
|-weather|RainDance|[upkeep]
|upkeep
|turn|7
|
|t:|1654484498
|move|p1a: Zamazenta|Behemoth Bash|p2a: Necrozma
|-resisted|p2a: Necrozma
|-damage|p2a: Necrozma|0 fnt
|faint|p2a: Necrozma
|
|-weather|RainDance|[upkeep]
|upkeep
|
|t:|1654484500
|switch|p2a: Calyrex|Calyrex-Shadow|100/100
|-ability|p2a: Calyrex|As One
|-ability|p2a: Calyrex|Unnerve
|turn|8
|
|t:|1654484504
|switch|p1a: Yveltal|Yveltal|100/100
|-ability|p1a: Yveltal|Dark Aura
|move|p2a: Calyrex|Disable||[still]
|-fail|p2a: Calyrex
|
|-weather|none
|upkeep
|turn|9
|
|t:|1654484510
|switch|p2a: Yveltal|Yveltal|100/100
|-ability|p2a: Yveltal|Dark Aura
|move|p1a: Yveltal|Knock Off|p2a: Yveltal
|-resisted|p2a: Yveltal
|-damage|p2a: Yveltal|68/100
|-enditem|p2a: Yveltal|Life Orb|[from] move: Knock Off|[of] p1a: Yveltal
|
|upkeep
|turn|10
|
|t:|1654484514
|switch|p1a: Eternatus|Eternatus|100/100
|-ability|p1a: Eternatus|Pressure
|move|p2a: Yveltal|Oblivion Wing|p1a: Eternatus
|-damage|p1a: Eternatus|72/100
|-heal|p2a: Yveltal|92/100|[from] drain|[of] p1a: Eternatus
|
|upkeep
|turn|11
|
|t:|1654484542
|switch|p2a: Aerodactyl|Aerodactyl, M|40/100
|-ability|p2a: Aerodactyl|Pressure
|move|p1a: Eternatus|Substitute|p1a: Eternatus
|-start|p1a: Eternatus|Substitute
|-damage|p1a: Eternatus|47/100
|
|upkeep
|turn|12
|
|t:|1654484547
|move|p2a: Aerodactyl|Rock Blast|p1a: Eternatus
|-activate|p1a: Eternatus|move: Substitute|[damage]
|-activate|p1a: Eternatus|move: Substitute|[damage]
|-end|p1a: Eternatus|Substitute
|-damage|p1a: Eternatus|37/100
|-hitcount|p1a: Eternatus|4
|move|p1a: Eternatus|Dynamax Cannon|p2a: Aerodactyl
|-damage|p2a: Aerodactyl|0 fnt
|faint|p2a: Aerodactyl
|
|upkeep
|c|☆bald ben|狗吧
|
|t:|1654484566
|switch|p2a: Calyrex|Calyrex-Shadow|100/100
|-ability|p2a: Calyrex|As One
|-ability|p2a: Calyrex|Unnerve
|turn|13
|
|t:|1654484570
|move|p2a: Calyrex|Astral Barrage|p1a: Eternatus
|-damage|p1a: Eternatus|0 fnt
|faint|p1a: Eternatus
|-ability|p2a: Calyrex|Grim Neigh|boost
|-boost|p2a: Calyrex|spa|1
|
|upkeep
|
|t:|1654484573
|switch|p1a: Yveltal|Yveltal|100/100
|-ability|p1a: Yveltal|Dark Aura
|turn|14
|
|t:|1654484595
|move|p2a: Calyrex|Astral Barrage|p1a: Yveltal
|-resisted|p1a: Yveltal
|-damage|p1a: Yveltal|49/100
|move|p1a: Yveltal|Knock Off|p2a: Calyrex
|-supereffective|p2a: Calyrex
|-enditem|p2a: Calyrex|Focus Sash
|-damage|p2a: Calyrex|1/100
|
|upkeep
|turn|15
|
|t:|1654484614
|move|p2a: Calyrex|Disable|p1a: Yveltal
|-start|p1a: Yveltal|Disable|Knock Off
|move|p1a: Yveltal|Taunt|p2a: Calyrex
|-start|p2a: Calyrex|move: Taunt
|
|upkeep
|turn|16
|inactive|ULT4PDR 周杰伦Jay has 120 seconds left.
|
|t:|1654484645
|switch|p2a: Weavile|Weavile, F|100/100
|-ability|p2a: Weavile|Pressure
|move|p1a: Yveltal|Roost|p1a: Yveltal
|-heal|p1a: Yveltal|99/100
|-singleturn|p1a: Yveltal|move: Roost
|
|upkeep
|turn|17
|
|t:|1654484652
|switch|p2a: Calyrex|Calyrex-Shadow|1/100
|-ability|p2a: Calyrex|As One
|-ability|p2a: Calyrex|Unnerve
|switch|p1a: Zamazenta|Zamazenta-Crowned|76/100
|-ability|p1a: Zamazenta|Dauntless Shield|boost
|-boost|p1a: Zamazenta|def|1
|
|upkeep
|turn|18
|inactive|ULT4PDR 周杰伦Jay has 120 seconds left.
|
|t:|1654484659
|switch|p1a: Yveltal|Yveltal|99/100
|-ability|p1a: Yveltal|Dark Aura
|move|p2a: Calyrex|Draining Kiss|p1a: Yveltal
|-supereffective|p1a: Yveltal
|-damage|p1a: Yveltal|64/100
|-heal|p2a: Calyrex|31/100|[from] drain|[of] p1a: Yveltal
|
|upkeep
|turn|19
|inactive|ULT4PDR 周杰伦Jay has 120 seconds left.
|
|t:|1654484670
|switch|p2a: Yveltal|Yveltal|92/100
|-ability|p2a: Yveltal|Dark Aura
|move|p1a: Yveltal|Roost|p1a: Yveltal
|-heal|p1a: Yveltal|100/100
|-singleturn|p1a: Yveltal|move: Roost
|
|upkeep
|turn|20
|
|t:|1654484677
|switch|p1a: Xerneas|Xerneas|100/100
|-ability|p1a: Xerneas|Fairy Aura
|move|p2a: Yveltal|Oblivion Wing|p1a: Xerneas
|-damage|p1a: Xerneas|71/100
|-heal|p2a: Yveltal|100/100|[from] drain|[of] p1a: Xerneas
|
|upkeep
|turn|21
|
|t:|1654484688
|move|p2a: Yveltal|Taunt|p1a: Xerneas
|-start|p1a: Xerneas|move: Taunt
|move|p1a: Xerneas|Draining Kiss|p2a: Yveltal
|-supereffective|p2a: Yveltal
|-damage|p2a: Yveltal|32/100
|-heal|p1a: Xerneas|100/100|[from] drain|[of] p2a: Yveltal
|
|upkeep
|turn|22
|
|t:|1654484691
|move|p2a: Yveltal|Oblivion Wing|p1a: Xerneas
|-damage|p1a: Xerneas|73/100
|-heal|p2a: Yveltal|54/100|[from] drain|[of] p1a: Xerneas
|move|p1a: Xerneas|Draining Kiss|p2a: Yveltal
|-supereffective|p2a: Yveltal
|-damage|p2a: Yveltal|0 fnt
|-heal|p1a: Xerneas|100/100|[from] drain|[of] p2a: Yveltal
|faint|p2a: Yveltal
|
|upkeep
|
|t:|1654484696
|switch|p2a: Weavile|Weavile, F|100/100
|-ability|p2a: Weavile|Pressure
|turn|23
|
|t:|1654484698
|move|p2a: Weavile|Triple Axel|p1a: Xerneas
|-damage|p1a: Xerneas|89/100
|-damage|p1a: Xerneas|68/100
|-damage|p1a: Xerneas|37/100
|-hitcount|p1a: Xerneas|3
|move|p1a: Xerneas|Draining Kiss|p2a: Weavile
|-supereffective|p2a: Weavile
|-damage|p2a: Weavile|0 fnt
|-heal|p1a: Xerneas|88/100|[from] drain|[of] p2a: Weavile
|faint|p2a: Weavile
|
|-end|p1a: Xerneas|move: Taunt
|upkeep
|-message|ULT4PDR 周杰伦Jay forfeited.
|
|win|bald ben
|raw|bald ben's rating: 1588 &rarr; <strong>1610</strong><br />(+22 for winning)
|raw|ULT4PDR 周杰伦Jay's rating: 1623 &rarr; <strong>1601</strong><br />(-22 for losing)
|l|‽ULT4PDR 周杰伦Jay
||Ladder isn't responding, score probably updated but might not have (Request timeout).
