|j|☆I like Lovely
|j|☆whitnerd
|player|p1|I like Lovely|101|1619
|player|p2|whitnerd|infielder|1430
|teamsize|p1|6
|teamsize|p2|6
|gametype|singles
|gen|8
|tier|[Gen 8] Ubers
|rated|
|rule|Sleep Clause Mod: Limit one foe put to sleep
|rule|Species Clause: Limit one of each Pokémon
|rule|OHKO Clause: OHKO moves are banned
|rule|Evasion Moves Clause: Evasion moves are banned
|rule|Endless Battle Clause: Forcing endless battles is banned
|rule|HP Percentage Mod: HP is shown in percentages
|clearpoke
|poke|p1|Ninjask, M|
|poke|p1|Dubwool, M|
|poke|p1|Vaporeon, M|
|poke|p1|Xatu, F|
|poke|p1|Bellossom, M|
|poke|p1|Indeedee-F, F|
|poke|p2|Sylveon, M|
|poke|p2|Ninjask, M|
|poke|p2|Dubwool, M|
|poke|p2|Xatu, M|
|poke|p2|Bellossom, F|
|poke|p2|Cinderace, M|
|teampreview
|inactive|Battle timer is ON: inactive players will automatically lose when time's up. (requested by whitnerd)
|
|start
|switch|p1a: Ninjask|Ninjask, M|100/100
|switch|p2a: Ninjask|Ninjask, M|100/100
|turn|1
|
|move|p1a: Ninjask|Substitute|p1a: Ninjask
|-start|p1a: Ninjask|Substitute
|-damage|p1a: Ninjask|76/100
|move|p2a: Ninjask|Night Slash|p1a: Ninjask
|-end|p1a: Ninjask|Substitute
|
|-heal|p1a: Ninjask|82/100|[from] item: Leftovers
|-ability|p1a: Ninjask|Speed Boost|boost
|-boost|p1a: Ninjask|spe|1
|-ability|p2a: Ninjask|Speed Boost|boost
|-boost|p2a: Ninjask|spe|1
|upkeep
|turn|2
|
|move|p2a: Ninjask|Night Slash|p1a: Ninjask
|-damage|p1a: Ninjask|56/100
|move|p1a: Ninjask|Substitute|p1a: Ninjask
|-start|p1a: Ninjask|Substitute
|-damage|p1a: Ninjask|31/100
|
|-heal|p1a: Ninjask|37/100|[from] item: Leftovers
|-ability|p1a: Ninjask|Speed Boost|boost
|-boost|p1a: Ninjask|spe|1
|-ability|p2a: Ninjask|Speed Boost|boost
|-boost|p2a: Ninjask|spe|1
|upkeep
|turn|3
|
|move|p1a: Ninjask|Protect|p1a: Ninjask
|-singleturn|p1a: Ninjask|Protect
|move|p2a: Ninjask|Night Slash|p1a: Ninjask
|-activate|p1a: Ninjask|move: Protect
|
|-heal|p1a: Ninjask|44/100|[from] item: Leftovers
|-ability|p1a: Ninjask|Speed Boost|boost
|-boost|p1a: Ninjask|spe|1
|-ability|p2a: Ninjask|Speed Boost|boost
|-boost|p2a: Ninjask|spe|1
|upkeep
|turn|4
|
|move|p2a: Ninjask|Substitute|p2a: Ninjask
|-start|p2a: Ninjask|Substitute
|-damage|p2a: Ninjask|76/100
|move|p1a: Ninjask|Baton Pass|p1a: Ninjask
|
|switch|p1a: Bellossom|Bellossom, M|100/100|[from]move: Baton Pass
|
|-heal|p2a: Ninjask|82/100|[from] item: Leftovers
|-ability|p2a: Ninjask|Speed Boost|boost
|-boost|p2a: Ninjask|spe|1
|upkeep
|turn|5
|j| bigballersonly
|l| bigballersonly
|
|move|p2a: Ninjask|Baton Pass|p2a: Ninjask
|
|switch|p2a: Sylveon|Sylveon, M|100/100|[from]move: Baton Pass
|move|p1a: Bellossom|Ingrain|p1a: Bellossom
|-start|p1a: Bellossom|move: Ingrain
|
|upkeep
|turn|6
|
|move|p2a: Sylveon|Calm Mind|p2a: Sylveon
|-boost|p2a: Sylveon|spa|1
|-boost|p2a: Sylveon|spd|1
|move|p1a: Bellossom|Quiver Dance|p1a: Bellossom
|-boost|p1a: Bellossom|spa|1
|-boost|p1a: Bellossom|spd|1
|-boost|p1a: Bellossom|spe|1
|
|upkeep
|turn|7
|
|move|p2a: Sylveon|Calm Mind|p2a: Sylveon
|-boost|p2a: Sylveon|spa|1
|-boost|p2a: Sylveon|spd|1
|move|p1a: Bellossom|Quiver Dance|p1a: Bellossom
|-boost|p1a: Bellossom|spa|1
|-boost|p1a: Bellossom|spd|1
|-boost|p1a: Bellossom|spe|1
|
|upkeep
|turn|8
|
|move|p1a: Bellossom|Quiver Dance|p1a: Bellossom
|-boost|p1a: Bellossom|spa|1
|-boost|p1a: Bellossom|spd|1
|-boost|p1a: Bellossom|spe|1
|move|p2a: Sylveon|Calm Mind|p2a: Sylveon
|-boost|p2a: Sylveon|spa|1
|-boost|p2a: Sylveon|spd|1
|
|upkeep
|turn|9
|
|move|p1a: Bellossom|Quiver Dance|p1a: Bellossom
|-boost|p1a: Bellossom|spa|1
|-boost|p1a: Bellossom|spd|1
|-boost|p1a: Bellossom|spe|0
|move|p2a: Sylveon|Hyper Voice|p1a: Bellossom
|-damage|p1a: Bellossom|76/100
|
|-heal|p1a: Bellossom|82/100|[from] item: Leftovers
|-heal|p1a: Bellossom|88/100|[from] Ingrain
|upkeep
|turn|10
|
|move|p1a: Bellossom|Quiver Dance|p1a: Bellossom
|-boost|p1a: Bellossom|spa|1
|-boost|p1a: Bellossom|spd|1
|-boost|p1a: Bellossom|spe|0
|move|p2a: Sylveon|Calm Mind|p2a: Sylveon
|-boost|p2a: Sylveon|spa|1
|-boost|p2a: Sylveon|spd|1
|
|-heal|p1a: Bellossom|94/100|[from] item: Leftovers
|-heal|p1a: Bellossom|100/100|[from] Ingrain
|upkeep
|turn|11
|
|move|p1a: Bellossom|Quiver Dance|p1a: Bellossom
|-boost|p1a: Bellossom|spa|1
|-boost|p1a: Bellossom|spd|1
|-boost|p1a: Bellossom|spe|0
|move|p2a: Sylveon|Calm Mind|p2a: Sylveon
|-boost|p2a: Sylveon|spa|1
|-boost|p2a: Sylveon|spd|1
|
|upkeep
|turn|12
|
|move|p1a: Bellossom|Baton Pass|p1a: Bellossom
|
|switch|p1a: Xatu|Xatu, F|100/100|[from]move: Baton Pass
|move|p2a: Sylveon|Calm Mind|p2a: Sylveon
|-boost|p2a: Sylveon|spa|1
|-boost|p2a: Sylveon|spd|1
|
|upkeep
|turn|13
|
|move|p1a: Xatu|Stored Power|p2a: Sylveon
|-end|p2a: Sylveon|Substitute
|move|p2a: Sylveon|Hyper Voice|p1a: Xatu
|-damage|p1a: Xatu|37/100
|
|-heal|p1a: Xatu|43/100|[from] item: Leftovers
|-heal|p1a: Xatu|49/100|[from] Ingrain
|upkeep
|turn|14
|
|move|p1a: Xatu|Stored Power|p2a: Sylveon
|-damage|p2a: Sylveon|18/100
|move|p2a: Sylveon|Hyper Voice|p1a: Xatu
|-damage|p1a: Xatu|0 fnt
|faint|p1a: Xatu
|
|-heal|p2a: Sylveon|24/100|[from] item: Leftovers
|upkeep
|c|☆whitnerd|lol
|-message|I like Lovely forfeited.
|
|win|whitnerd
|l|☆I like Lovely
