|j|☆Sigma Geets
|j|☆Ghost h3aven
|t:|1625494907
|gametype|singles
|player|p1|Sigma Geets|wallace|1424
|player|p2|Ghost h3aven|170|1325
|teamsize|p1|6
|teamsize|p2|6
|gen|8
|tier|[Gen 8] Ubers
|rated|
|rule|Sleep Clause Mod: Limit one foe put to sleep
|rule|Species Clause: Limit one of each Pokémon
|rule|OHKO Clause: OHKO moves are banned
|rule|Evasion Moves Clause: Evasion moves are banned
|rule|Endless Battle Clause: Forcing endless battles is banned
|rule|HP Percentage Mod: HP is shown in percentages
|rule|Dynamax Clause: You cannot dynamax
|clearpoke
|poke|p1|Ho-Oh|
|poke|p1|Yveltal|
|poke|p1|Corviknight, M|
|poke|p1|Landorus-Therian, M|
|poke|p1|Blissey, F|
|poke|p1|Xerneas-*|
|poke|p2|Froslass, F|
|poke|p2|Grimmsnarl, M|
|poke|p2|Xerneas-*|
|poke|p2|Zekrom|
|poke|p2|Groudon|
|poke|p2|Necrozma-Dusk-Mane|
|teampreview
|c|☆Sigma Geets|glhf
|c|☆Ghost h3aven|gl hf
|j| Lasen
|
|t:|1625494942
|start
|switch|p1a: Ho-Oh|Ho-Oh|100/100
|switch|p2a: Froslass|Froslass, F|100/100
|turn|1
|
|t:|1625494951
|switch|p2a: Groudon|Groudon|100/100
|-weather|SunnyDay|[from] ability: Drought|[of] p2a: Groudon
|move|p1a: Ho-Oh|Sacred Fire|p2a: Groudon
|-damage|p2a: Groudon|12/100
|
|-weather|SunnyDay|[upkeep]
|upkeep
|turn|2
|
|t:|1625494971
|switch|p1a: Corviknight|Corviknight, M|100/100
|-ability|p1a: Corviknight|Pressure
|move|p2a: Groudon|Rock Polish|p2a: Groudon
|-boost|p2a: Groudon|spe|2
|
|-weather|SunnyDay|[upkeep]
|upkeep
|turn|3
|
|t:|1625494992
|move|p2a: Groudon|Stone Edge|p1a: Corviknight|[miss]
|-miss|p2a: Groudon|p1a: Corviknight
|move|p1a: Corviknight|Body Press|p2a: Groudon
|-damage|p2a: Groudon|0 fnt
|faint|p2a: Groudon
|
|-weather|SunnyDay|[upkeep]
|upkeep
|
|t:|1625495000
|switch|p2a: Grimmsnarl|Grimmsnarl, M|100/100
|turn|4
|
|t:|1625495016
|switch|p1a: Landorus|Landorus-Therian, M|100/100
|-ability|p1a: Landorus|Intimidate|boost
|-unboost|p2a: Grimmsnarl|atk|1
|move|p2a: Grimmsnarl|Reflect|p2a: Grimmsnarl
|-sidestart|p2: Ghost h3aven|Reflect
|
|-weather|SunnyDay|[upkeep]
|upkeep
|turn|5
|
|t:|1625495023
|move|p2a: Grimmsnarl|Light Screen|p2a: Grimmsnarl
|-sidestart|p2: Ghost h3aven|move: Light Screen
|move|p1a: Landorus|Knock Off|p2a: Grimmsnarl
|-resisted|p2a: Grimmsnarl
|-damage|p2a: Grimmsnarl|96/100
|-enditem|p2a: Grimmsnarl|Light Clay|[from] move: Knock Off|[of] p1a: Landorus
|
|-weather|none
|upkeep
|turn|6
|
|t:|1625495031
|switch|p2a: Xerneas|Xerneas|100/100
|-ability|p2a: Xerneas|Fairy Aura
|move|p1a: Landorus|Stealth Rock|p2a: Xerneas
|-sidestart|p2: Ghost h3aven|move: Stealth Rock
|
|upkeep
|turn|7
|
|t:|1625495037
|move|p2a: Xerneas|Geomancy||[still]
|-prepare|p2a: Xerneas|Geomancy
|-enditem|p2a: Xerneas|Power Herb
|-anim|p2a: Xerneas|Geomancy|p2a: Xerneas
|-boost|p2a: Xerneas|spa|2
|-boost|p2a: Xerneas|spd|2
|-boost|p2a: Xerneas|spe|2
|move|p1a: Landorus|U-turn|p2a: Xerneas
|-resisted|p2a: Xerneas
|-damage|p2a: Xerneas|96/100
|
|t:|1625495041
|switch|p1a: Blissey|Blissey, F|100/100|[from]move: U-turn
|
|upkeep
|turn|8
|
|t:|1625495053
|move|p2a: Xerneas|Moonblast|p1a: Blissey
|-damage|p1a: Blissey|59/100
|-unboost|p1a: Blissey|spa|1
|move|p1a: Blissey|Confide|p2a: Xerneas
|-unboost|p2a: Xerneas|spa|1
|
|upkeep
|turn|9
|
|t:|1625495060
|move|p2a: Xerneas|Moonblast|p1a: Blissey
|-damage|p1a: Blissey|27/100
|-unboost|p1a: Blissey|spa|1
|move|p1a: Blissey|Soft-Boiled|p1a: Blissey
|-heal|p1a: Blissey|77/100
|
|upkeep
|turn|10
|
|t:|1625495067
|move|p2a: Xerneas|Moonblast|p1a: Blissey
|-damage|p1a: Blissey|48/100
|-unboost|p1a: Blissey|spa|1
|move|p1a: Blissey|Confide|p2a: Xerneas
|-unboost|p2a: Xerneas|spa|1
|
|upkeep
|turn|11
|
|t:|1625495074
|move|p2a: Xerneas|Moonblast|p1a: Blissey
|-damage|p1a: Blissey|26/100
|move|p1a: Blissey|Soft-Boiled|p1a: Blissey
|-heal|p1a: Blissey|76/100
|
|-sideend|p2: Ghost h3aven|Reflect
|upkeep
|turn|12
|
|t:|1625495082
|switch|p2a: Grimmsnarl|Grimmsnarl, M|96/100
|-damage|p2a: Grimmsnarl|84/100|[from] Stealth Rock
|move|p1a: Blissey|Thunder Wave|p2a: Grimmsnarl|[miss]
|-miss|p1a: Blissey|p2a: Grimmsnarl
|
|-sideend|p2: Ghost h3aven|move: Light Screen
|upkeep
|turn|13
|
|t:|1625495093
|switch|p1a: Landorus|Landorus-Therian, M|100/100
|-ability|p1a: Landorus|Intimidate|boost
|-unboost|p2a: Grimmsnarl|atk|1
|move|p2a: Grimmsnarl|Taunt|p1a: Landorus
|-start|p1a: Landorus|move: Taunt
|
|upkeep
|turn|14
|
|t:|1625495100
|move|p2a: Grimmsnarl|Reflect|p2a: Grimmsnarl
|-sidestart|p2: Ghost h3aven|Reflect
|move|p1a: Landorus|Earthquake|p2a: Grimmsnarl
|-damage|p2a: Grimmsnarl|60/100
|
|upkeep
|turn|15
|
|t:|1625495112
|move|p2a: Grimmsnarl|Light Screen|p2a: Grimmsnarl
|-sidestart|p2: Ghost h3aven|move: Light Screen
|move|p1a: Landorus|Earthquake|p2a: Grimmsnarl
|-crit|p2a: Grimmsnarl
|-damage|p2a: Grimmsnarl|0 fnt
|faint|p2a: Grimmsnarl
|
|-end|p1a: Landorus|move: Taunt
|upkeep
|
|t:|1625495136
|switch|p2a: Zekrom|Zekrom|100/100
|-damage|p2a: Zekrom|88/100|[from] Stealth Rock
|-ability|p2a: Zekrom|Teravolt
|-item|p2a: Zekrom|Air Balloon
|turn|16
|
|t:|1625495153
|move|p2a: Zekrom|Dragon Dance|p2a: Zekrom
|-boost|p2a: Zekrom|atk|1
|-boost|p2a: Zekrom|spe|1
|move|p1a: Landorus|U-turn|p2a: Zekrom
|-damage|p2a: Zekrom|78/100
|-enditem|p2a: Zekrom|Air Balloon
|
|t:|1625495156
|switch|p1a: Xerneas|Xerneas|100/100|[from]move: U-turn
|-ability|p1a: Xerneas|Fairy Aura
|
|upkeep
|turn|17
|
|t:|1625495164
|switch|p1a: Landorus|Landorus-Therian, M|100/100
|-ability|p1a: Landorus|Intimidate|boost
|-unboost|p2a: Zekrom|atk|1
|move|p2a: Zekrom|Bolt Strike|p1a: Landorus
|-immune|p1a: Landorus
|
|upkeep
|turn|18
|
|t:|1625495173
|move|p2a: Zekrom|Substitute|p2a: Zekrom
|-start|p2a: Zekrom|Substitute
|-damage|p2a: Zekrom|53/100
|move|p1a: Landorus|Earthquake|p2a: Zekrom
|-supereffective|p2a: Zekrom
|-end|p2a: Zekrom|Substitute
|
|-sideend|p2: Ghost h3aven|Reflect
|upkeep
|turn|19
|
|t:|1625495180
|move|p2a: Zekrom|Dragon Claw|p1a: Landorus
|-damage|p1a: Landorus|70/100
|-damage|p2a: Zekrom|37/100|[from] item: Rocky Helmet|[of] p1a: Landorus
|move|p1a: Landorus|Earthquake|p2a: Zekrom
|-supereffective|p2a: Zekrom
|-damage|p2a: Zekrom|0 fnt
|faint|p2a: Zekrom
|
|-sideend|p2: Ghost h3aven|move: Light Screen
|upkeep
|c|☆Ghost h3aven|gg
|c|☆Sigma Geets|gg
|-message|Ghost h3aven forfeited.
|
|win|Sigma Geets
|l|☆Ghost h3aven
|raw|Sigma Geets's rating: 1424 &rarr; <strong>1438</strong><br />(+14 for winning)
|raw|Ghost h3aven's rating: 1325 &rarr; <strong>1311</strong><br />(-14 for losing)
||Ladder isn't responding, score probably updated but might not have (Request timeout).
|l|☆Sigma Geets
|l| Lasen
|j| Lasen
