|raw|<div class="broadcast-blue"><strong>This battle is required to be public due to a player having a name starting with 'ult9ns'.</div>
|j|‽moonlit waves
|j|☆ULT9NS Aniki
|t:|1653765841
|gametype|singles
|player|p1|moonlit waves|irida|1664
|player|p2|ULT9NS Aniki|cowgirl|1668
|teamsize|p1|6
|teamsize|p2|6
|gen|8
|tier|[Gen 8] Ubers
|rated|
|rule|Sleep Clause Mod: Limit one foe put to sleep
|rule|Species Clause: Limit one of each Pokémon
|rule|OHKO Clause: OHKO moves are banned
|rule|Evasion Moves Clause: Evasion moves are banned
|rule|Endless Battle Clause: Forcing endless battles is banned
|rule|HP Percentage Mod: HP is shown in percentages
|rule|Dynamax Clause: You cannot dynamax
|clearpoke
|poke|p1|Xerneas-*|
|poke|p1|Calyrex-Shadow|
|poke|p1|Eternatus|
|poke|p1|Yveltal|
|poke|p1|Necrozma-Dusk-Mane|
|poke|p1|Groudon|
|poke|p2|Yveltal|
|poke|p2|Eternatus|
|poke|p2|Groudon|
|poke|p2|Xatu, M|
|poke|p2|Lunala|
|poke|p2|Necrozma-Dusk-Mane|
|teampreview
|inactive|Battle timer is ON: inactive players will automatically lose when time's up. (requested by moonlit waves)
|j| ult9ns xkh
|j| ULT9NS EntEx
|inactive|ULT9NS Aniki has 120 seconds left.
|
|t:|1653765872
|start
|switch|p1a: Yveltal|Yveltal|100/100
|switch|p2a: Yveltal|Yveltal|100/100
|-ability|p2a: Yveltal|Dark Aura
|-ability|p1a: Yveltal|Dark Aura
|turn|1
|
|t:|1653765882
|move|p2a: Yveltal|U-turn|p1a: Yveltal
|-damage|p1a: Yveltal|84/100
|
|t:|1653765900
|switch|p2a: Eternatus|Eternatus|100/100|[from]move: U-turn
|-ability|p2a: Eternatus|Pressure
|move|p1a: Yveltal|Foul Play|p2a: Eternatus
|-damage|p2a: Eternatus|80/100
|
|upkeep
|turn|2
|n| Entrocefalo|ult9nsentex
|
|t:|1653765911
|switch|p1a: Necrozma|Necrozma-Dusk-Mane|100/100
|move|p2a: Eternatus|Flamethrower|p1a: Necrozma
|-supereffective|p1a: Necrozma
|-damage|p1a: Necrozma|68/100
|
|-heal|p1a: Necrozma|74/100|[from] item: Leftovers
|upkeep
|turn|3
|
|t:|1653765920
|switch|p2a: Xatu|Xatu, M|100/100
|move|p1a: Necrozma|Knock Off|p2a: Xatu
|-supereffective|p2a: Xatu
|-damage|p2a: Xatu|36/100
|-damage|p1a: Necrozma|57/100|[from] item: Rocky Helmet|[of] p2a: Xatu
|-enditem|p2a: Xatu|Rocky Helmet|[from] move: Knock Off|[of] p1a: Necrozma
|
|-heal|p1a: Necrozma|63/100|[from] item: Leftovers
|upkeep
|turn|4
|l| Entrocefalo
|
|t:|1653765946
|move|p2a: Xatu|Roost|p2a: Xatu
|-heal|p2a: Xatu|86/100
|-singleturn|p2a: Xatu|move: Roost
|move|p1a: Necrozma|Moonlight|p1a: Necrozma
|-heal|p1a: Necrozma|100/100
|
|upkeep
|turn|5
|j| Yves Stone
|
|t:|1653765953
|switch|p1a: Groudon|Groudon|100/100
|-weather|SunnyDay|[from] ability: Drought|[of] p1a: Groudon
|move|p2a: Xatu|Thunder Wave|p1a: Groudon
|-immune|p1a: Groudon
|
|-weather|SunnyDay|[upkeep]
|upkeep
|turn|6
|
|t:|1653765960
|switch|p2a: Lunala|Lunala|100/100
|move|p1a: Groudon|Swords Dance|p1a: Groudon
|-boost|p1a: Groudon|atk|2
|
|-weather|SunnyDay|[upkeep]
|upkeep
|turn|7
|
|t:|1653765978
|move|p2a: Lunala|Ice Beam|p1a: Groudon
|-supereffective|p1a: Groudon
|-damage|p1a: Groudon|42/100
|move|p1a: Groudon|Precipice Blades|p2a: Lunala|[miss]
|-miss|p1a: Groudon|p2a: Lunala
|
|-weather|SunnyDay|[upkeep]
|-heal|p1a: Groudon|48/100|[from] item: Leftovers
|upkeep
|turn|8
|
|t:|1653765991
|switch|p1a: Necrozma|Necrozma-Dusk-Mane|100/100
|move|p2a: Lunala|Ice Beam|p1a: Necrozma
|-resisted|p1a: Necrozma
|-damage|p1a: Necrozma|90/100
|
|-weather|SunnyDay|[upkeep]
|-heal|p1a: Necrozma|96/100|[from] item: Leftovers
|upkeep
|turn|9
|
|t:|1653765996
|switch|p2a: Groudon|Groudon|100/100
|move|p1a: Necrozma|Knock Off|p2a: Groudon
|-damage|p2a: Groudon|84/100
|-enditem|p2a: Groudon|Leftovers|[from] move: Knock Off|[of] p1a: Necrozma
|
|-weather|none
|-heal|p1a: Necrozma|100/100|[from] item: Leftovers
|upkeep
|turn|10
|
|t:|1653766004
|switch|p2a: Xatu|Xatu, M|86/100
|switch|p1a: Yveltal|Yveltal|84/100
|-ability|p1a: Yveltal|Dark Aura
|
|upkeep
|turn|11
|
|t:|1653766011
|switch|p2a: Groudon|Groudon|84/100
|-weather|SunnyDay|[from] ability: Drought|[of] p2a: Groudon
|move|p1a: Yveltal|Foul Play|p2a: Groudon
|-damage|p2a: Groudon|52/100
|
|-weather|SunnyDay|[upkeep]
|upkeep
|turn|12
|
|t:|1653766014
|move|p1a: Yveltal|Taunt|p2a: Groudon
|-start|p2a: Groudon|move: Taunt
|cant|p2a: Groudon|move: Taunt|Stealth Rock
|
|-weather|SunnyDay|[upkeep]
|upkeep
|turn|13
|
|t:|1653766018
|switch|p2a: Eternatus|Eternatus|80/100
|-ability|p2a: Eternatus|Pressure
|move|p1a: Yveltal|Foul Play|p2a: Eternatus
|-damage|p2a: Eternatus|62/100
|
|-weather|SunnyDay|[upkeep]
|upkeep
|turn|14
|j| Entrocefalo
|
|t:|1653766047
|switch|p1a: Necrozma|Necrozma-Dusk-Mane|100/100
|move|p2a: Eternatus|Recover|p2a: Eternatus
|-heal|p2a: Eternatus|100/100
|
|-weather|SunnyDay|[upkeep]
|upkeep
|turn|15
|
|t:|1653766051
|switch|p2a: Groudon|Groudon|52/100
|move|p1a: Necrozma|Dragon Dance|p1a: Necrozma
|-boost|p1a: Necrozma|atk|1
|-boost|p1a: Necrozma|spe|1
|
|-weather|none
|upkeep
|turn|16
|
|t:|1653766057
|move|p1a: Necrozma|Sunsteel Strike|p2a: Groudon
|-damage|p2a: Groudon|12/100
|move|p2a: Groudon|Stealth Rock|p1a: Necrozma
|-sidestart|p1: moonlit waves|move: Stealth Rock
|
|upkeep
|turn|17
|
|t:|1653766063
|move|p1a: Necrozma|Knock Off|p2a: Groudon
|-damage|p2a: Groudon|0 fnt
|faint|p2a: Groudon
|
|upkeep
|
|t:|1653766067
|switch|p2a: Yveltal|Yveltal|100/100
|-ability|p2a: Yveltal|Dark Aura
|turn|18
|
|t:|1653766071
|switch|p1a: Yveltal|Yveltal|84/100
|-ability|p1a: Yveltal|Dark Aura
|move|p2a: Yveltal|Foul Play|p1a: Yveltal
|-resisted|p1a: Yveltal
|-crit|p1a: Yveltal
|-damage|p1a: Yveltal|54/100
|
|upkeep
|turn|19
|j| Autumn Tokisaki
|j| pichu 3212
|
|t:|1653766085
|switch|p2a: Lunala|Lunala|100/100
|move|p1a: Yveltal|Roost|p1a: Yveltal
|-heal|p1a: Yveltal|100/100
|-singleturn|p1a: Yveltal|move: Roost
|
|upkeep
|turn|20
|
|t:|1653766096
|move|p1a: Yveltal|Foul Play|p2a: Lunala
|-supereffective|p2a: Lunala
|-damage|p2a: Lunala|24/100
|move|p2a: Lunala|Meteor Beam||[still]
|-prepare|p2a: Lunala|Meteor Beam
|-boost|p2a: Lunala|spa|1
|-enditem|p2a: Lunala|Power Herb
|-anim|p2a: Lunala|Meteor Beam|p1a: Yveltal
|-supereffective|p1a: Yveltal
|-damage|p1a: Yveltal|1/100
|
|upkeep
|turn|21
|
|t:|1653766103
|move|p1a: Yveltal|Foul Play|p2a: Lunala
|-supereffective|p2a: Lunala
|-damage|p2a: Lunala|0 fnt
|faint|p2a: Lunala
|
|upkeep
|
|t:|1653766105
|switch|p2a: Yveltal|Yveltal|100/100
|-ability|p2a: Yveltal|Dark Aura
|turn|22
|
|t:|1653766108
|switch|p1a: Eternatus|Eternatus|100/100
|-damage|p1a: Eternatus|88/100|[from] Stealth Rock
|-ability|p1a: Eternatus|Pressure
|move|p2a: Yveltal|U-turn|p1a: Eternatus
|-resisted|p1a: Eternatus
|-damage|p1a: Eternatus|79/100
|
|t:|1653766117
|switch|p2a: Necrozma|Necrozma-Dusk-Mane|100/100|[from]move: U-turn
|
|upkeep
|turn|23
|
|t:|1653766127
|switch|p1a: Groudon|Groudon|48/100
|-damage|p1a: Groudon|42/100|[from] Stealth Rock
|-weather|SunnyDay|[from] ability: Drought|[of] p1a: Groudon
|move|p2a: Necrozma|Dragon Dance|p2a: Necrozma
|-boost|p2a: Necrozma|atk|1
|-boost|p2a: Necrozma|spe|1
|
|-weather|SunnyDay|[upkeep]
|-heal|p1a: Groudon|48/100|[from] item: Leftovers
|upkeep
|turn|24
|
|t:|1653766130
|move|p2a: Necrozma|Sunsteel Strike|p1a: Groudon
|-damage|p1a: Groudon|4/100
|move|p1a: Groudon|Precipice Blades|p2a: Necrozma
|-supereffective|p2a: Necrozma
|-damage|p2a: Necrozma|36/100
|
|-weather|SunnyDay|[upkeep]
|-heal|p2a: Necrozma|42/100|[from] item: Leftovers
|-heal|p1a: Groudon|11/100|[from] item: Leftovers
|upkeep
|turn|25
|
|t:|1653766136
|move|p2a: Necrozma|Morning Sun|p2a: Necrozma
|-heal|p2a: Necrozma|100/100
|move|p1a: Groudon|Precipice Blades|p2a: Necrozma
|-supereffective|p2a: Necrozma
|-damage|p2a: Necrozma|33/100
|
|-weather|SunnyDay|[upkeep]
|-heal|p2a: Necrozma|39/100|[from] item: Leftovers
|-heal|p1a: Groudon|17/100|[from] item: Leftovers
|upkeep
|turn|26
|
|t:|1653766138
|move|p2a: Necrozma|Morning Sun|p2a: Necrozma
|-heal|p2a: Necrozma|100/100
|move|p1a: Groudon|Precipice Blades|p2a: Necrozma|[miss]
|-miss|p1a: Groudon|p2a: Necrozma
|
|-weather|SunnyDay|[upkeep]
|-heal|p1a: Groudon|23/100|[from] item: Leftovers
|upkeep
|turn|27
|
|t:|1653766141
|move|p2a: Necrozma|Knock Off|p1a: Groudon
|-damage|p1a: Groudon|0 fnt
|-enditem|p1a: Groudon|Leftovers|[from] move: Knock Off|[of] p2a: Necrozma
|faint|p1a: Groudon
|
|-weather|none
|upkeep
|inactive|moonlit waves has 120 seconds left.
|
|t:|1653766190
|switch|p1a: Yveltal|Yveltal|1/100
|-ability|p1a: Yveltal|Dark Aura
|turn|28
|j|%Seldanna
|inactive|ULT9NS Aniki has 120 seconds left.
|
|t:|1653766231
|move|p1a: Yveltal|Foul Play|p2a: Necrozma
|-supereffective|p2a: Necrozma
|-damage|p2a: Necrozma|0 fnt
|faint|p2a: Necrozma
|
|upkeep
|c|☆ULT9NS Aniki|im not paying attention im so fuckign stupid
|
|t:|1653766244
|switch|p2a: Yveltal|Yveltal|100/100
|-ability|p2a: Yveltal|Dark Aura
|turn|29
|
|t:|1653766247
|move|p1a: Yveltal|Sucker Punch|p2a: Yveltal
|-resisted|p2a: Yveltal
|-damage|p2a: Yveltal|85/100
|move|p2a: Yveltal|U-turn|p1a: Yveltal
|-damage|p1a: Yveltal|0 fnt
|faint|p1a: Yveltal
|c|☆ULT9NS Aniki|whatever this one is lost
|-message|ULT9NS Aniki forfeited.
|
|win|moonlit waves
|raw|moonlit waves's rating: 1664 &rarr; <strong>1684</strong><br />(+20 for winning)
|raw|ULT9NS Aniki's rating: 1661 &rarr; <strong>1641</strong><br />(-20 for losing)
|l|☆ULT9NS Aniki
|l|‽moonlit waves
