|j|☆Kabil'SchoolDude
|j|☆Slowpokeke
|t:|1608841259
|player|p1|Kabil'SchoolDude|backpackerf|1311
|player|p2|Slowpokeke|2|1441
|teamsize|p1|6
|teamsize|p2|6
|gametype|singles
|gen|8
|tier|[Gen 8] Ubers
|rated|
|clearpoke
|poke|p1|Pheromosa|
|poke|p1|Dialga|
|poke|p1|Ho-Oh|
|poke|p1|Zygarde|
|poke|p1|Xerneas|
|poke|p1|Ditto|
|poke|p2|Calyrex-Shadow|
|poke|p2|Yveltal|
|poke|p2|Darmanitan-Galar, F|
|poke|p2|Eternatus|
|poke|p2|Landorus-Therian, M|
|poke|p2|Ditto|
|rule|Sleep Clause Mod: Limit one foe put to sleep
|rule|Species Clause: Limit one of each Pokémon
|rule|OHKO Clause: OHKO moves are banned
|rule|Evasion Moves Clause: Evasion moves are banned
|rule|Endless Battle Clause: Forcing endless battles is banned
|rule|HP Percentage Mod: HP is shown in percentages
|rule|Dynamax Clause: You cannot dynamax
|teampreview
|inactive|Battle timer is ON: inactive players will automatically lose when time's up. (requested by Slowpokeke)
|
|t:|1608841288
|start
|switch|p1a: Ho-Oh|Ho-Oh|100/100
|switch|p2a: Landorus|Landorus-Therian, M|100/100
|-ability|p2a: Landorus|Intimidate|boost
|-unboost|p1a: Ho-Oh|atk|1
|turn|1
|
|t:|1608841303
|switch|p1a: Zygarde|Zygarde|100/100
|move|p2a: Landorus|Knock Off|p1a: Zygarde
|-damage|p1a: Zygarde|82/100
|-enditem|p1a: Zygarde|Leftovers|[from] move: Knock Off|[of] p2a: Landorus
|
|upkeep
|turn|2
|
|t:|1608841313
|move|p2a: Landorus|Toxic|p1a: Zygarde
|-status|p1a: Zygarde|tox
|move|p1a: Zygarde|Substitute|p1a: Zygarde
|-start|p1a: Zygarde|Substitute
|-damage|p1a: Zygarde|57/100 tox
|
|-damage|p1a: Zygarde|51/100 tox|[from] psn
|upkeep
|turn|3
|
|t:|1608841316
|move|p2a: Landorus|Earthquake|p1a: Zygarde
|-end|p1a: Zygarde|Substitute
|move|p1a: Zygarde|Glare|p2a: Landorus
|-status|p2a: Landorus|par
|
|-damage|p1a: Zygarde|39/100 tox|[from] psn
|-activate|p1a: Zygarde|ability: Power Construct
|detailschange|p1a: Zygarde|Zygarde-Complete
|-heal|p1a: Zygarde|60/100 tox|[silent]
|upkeep
|turn|4
|
|t:|1608841322
|move|p1a: Zygarde|Thousand Arrows|p2a: Landorus
|-damage|p2a: Landorus|63/100 par
|-start|p2a: Landorus|Smack Down
|move|p2a: Landorus|Stealth Rock|p1a: Zygarde
|-sidestart|p1: Kabil'SchoolDude|move: Stealth Rock
|
|-damage|p1a: Zygarde|41/100 tox|[from] psn
|upkeep
|turn|5
|
|t:|1608841327
|switch|p1a: Pheromosa|Pheromosa|100/100
|-damage|p1a: Pheromosa|88/100|[from] Stealth Rock
|move|p2a: Landorus|Earthquake|p1a: Pheromosa
|-resisted|p1a: Pheromosa
|-damage|p1a: Pheromosa|19/100
|
|-heal|p1a: Pheromosa|25/100|[from] item: Leftovers
|upkeep
|turn|6
|
|t:|1608841331
|move|p1a: Pheromosa|Ice Beam|p2a: Landorus
|-supereffective|p2a: Landorus
|-damage|p2a: Landorus|0 fnt
|faint|p2a: Landorus
|-ability|p1a: Pheromosa|Beast Boost|boost
|-boost|p1a: Pheromosa|spe|1
|
|-heal|p1a: Pheromosa|31/100|[from] item: Leftovers
|upkeep
|
|t:|1608841335
|switch|p2a: I'm sus|Ditto|100/100
|-transform|p2a: I'm sus|p1a: Pheromosa|[from] ability: Imposter
|turn|7
|
|t:|1608841349
|switch|p1a: Dialga|Dialga|100/100
|-damage|p1a: Dialga|94/100|[from] Stealth Rock
|-ability|p1a: Dialga|Pressure
|move|p2a: I'm sus|U-turn|p1a: Dialga
|-resisted|p1a: Dialga
|-damage|p1a: Dialga|82/100
|
|t:|1608841352
|switch|p2a: Darmanitan|Darmanitan-Galar, F|100/100|[from]move: U-turn
|
|upkeep
|turn|8
|
|t:|1608841360
|switch|p1a: Zygarde|Zygarde-Complete|41/100 tox
|-damage|p1a: Zygarde|35/100 tox|[from] Stealth Rock
|move|p2a: Darmanitan|Substitute|p2a: Darmanitan
|-start|p2a: Darmanitan|Substitute
|-damage|p2a: Darmanitan|75/100
|
|-damage|p1a: Zygarde|29/100 tox|[from] psn
|upkeep
|turn|9
|
|t:|1608841365
|move|p2a: Darmanitan|Icicle Crash|p1a: Zygarde
|-supereffective|p1a: Zygarde
|-damage|p1a: Zygarde|0 fnt
|faint|p1a: Zygarde
|
|upkeep
|
|t:|1608841369
|switch|p1a: Pheromosa|Pheromosa|31/100
|-damage|p1a: Pheromosa|18/100|[from] Stealth Rock
|turn|10
|
|t:|1608841378
|move|p1a: Pheromosa|Bug Buzz|p2a: Darmanitan
|-damage|p2a: Darmanitan|0 fnt
|faint|p2a: Darmanitan
|-ability|p1a: Pheromosa|Beast Boost|boost
|-boost|p1a: Pheromosa|spe|1
|
|-heal|p1a: Pheromosa|24/100|[from] item: Leftovers
|upkeep
|
|t:|1608841381
|switch|p2a: I'm sus|Ditto|100/100
|-transform|p2a: I'm sus|p1a: Pheromosa|[from] ability: Imposter
|turn|11
|
|t:|1608841388
|switch|p1a: Xerneas|Xerneas|100/100
|-damage|p1a: Xerneas|88/100|[from] Stealth Rock
|-ability|p1a: Xerneas|Fairy Aura
|move|p2a: I'm sus|U-turn|p1a: Xerneas
|-resisted|p1a: Xerneas
|-damage|p1a: Xerneas|79/100
|
|t:|1608841391
|switch|p2a: Calyrex|Calyrex-Shadow|100/100|[from]move: U-turn
|-ability|p2a: Calyrex|As One
|-ability|p2a: Calyrex|Unnerve|p1: Kabil'SchoolDude
|
|-heal|p1a: Xerneas|85/100|[from] item: Leftovers
|upkeep
|turn|12
|
|t:|1608841398
|move|p2a: Calyrex|Astral Barrage|p1a: Xerneas
|-damage|p1a: Xerneas|10/100
|-damage|p2a: Calyrex|91/100|[from] item: Life Orb
|move|p1a: Xerneas|Thunder Wave|p2a: Calyrex
|-status|p2a: Calyrex|par
|
|-heal|p1a: Xerneas|17/100|[from] item: Leftovers
|upkeep
|turn|13
|
|t:|1608841404
|move|p1a: Xerneas|Defog|p2a: Calyrex
|-unboost|p2a: Calyrex|evasion|1
|-sideend|p1: Kabil'SchoolDude|Stealth Rock|[from] move: Defog|[of] p1a: Xerneas
|move|p2a: Calyrex|Astral Barrage|p1a: Xerneas
|-damage|p1a: Xerneas|0 fnt
|-damage|p2a: Calyrex|81/100 par|[from] item: Life Orb
|faint|p1a: Xerneas
|-ability|p2a: Calyrex|Grim Neigh|boost
|-boost|p2a: Calyrex|spa|1
|
|upkeep
|
|t:|1608841410
|switch|p1a: Ditto|Ditto|100/100
|-transform|p1a: Ditto|p2a: Calyrex|[from] ability: Imposter
|turn|14
|
|t:|1608841416
|move|p1a: Ditto|Astral Barrage|p2a: Calyrex
|-supereffective|p2a: Calyrex
|-damage|p2a: Calyrex|0 fnt
|faint|p2a: Calyrex
|-ability|p1a: Ditto|Grim Neigh|boost
|-boost|p1a: Ditto|spa|1
|
|upkeep
|
|t:|1608841418
|switch|p2a: Yveltal|Yveltal|100/100
|-ability|p2a: Yveltal|Dark Aura
|turn|15
|
|t:|1608841431
|move|p1a: Ditto|Astral Barrage|p2a: Yveltal
|-resisted|p2a: Yveltal
|-damage|p2a: Yveltal|60/100
|move|p2a: Yveltal|Foul Play|p1a: Ditto
|-supereffective|p1a: Ditto
|-damage|p1a: Ditto|0 fnt
|faint|p1a: Ditto
|
|upkeep
|
|t:|1608841439
|switch|p1a: Pheromosa|Pheromosa|24/100
|turn|16
|
|t:|1608841451
|move|p1a: Pheromosa|U-turn|p2a: Yveltal
|-damage|p2a: Yveltal|36/100
|
|t:|1608841453
|switch|p1a: Dialga|Dialga|82/100|[from]move: U-turn
|-ability|p1a: Dialga|Pressure
|move|p2a: Yveltal|Roost|p2a: Yveltal
|-heal|p2a: Yveltal|86/100
|-singleturn|p2a: Yveltal|move: Roost
|
|upkeep
|turn|17
|
|t:|1608841456
|move|p1a: Dialga|Thunder Wave|p2a: Yveltal
|-status|p2a: Yveltal|par
|move|p2a: Yveltal|Foul Play|p1a: Dialga
|-damage|p1a: Dialga|55/100
|
|upkeep
|turn|18
|
|t:|1608841464
|move|p1a: Dialga|Stealth Rock|p2a: Yveltal
|-sidestart|p2: Slowpokeke|move: Stealth Rock
|move|p2a: Yveltal|Toxic|p1a: Dialga
|-immune|p1a: Dialga
|
|upkeep
|turn|19
|
|t:|1608841474
|move|p1a: Dialga|Draco Meteor|p2a: Yveltal
|-damage|p2a: Yveltal|51/100 par
|-unboost|p1a: Dialga|spa|2
|move|p2a: Yveltal|Defog|p1a: Dialga
|-unboost|p1a: Dialga|evasion|1
|-sideend|p2: Slowpokeke|Stealth Rock|[from] move: Defog|[of] p2a: Yveltal
|
|upkeep
|turn|20
|
|t:|1608841479
|switch|p1a: Pheromosa|Pheromosa|24/100
|cant|p2a: Yveltal|par
|
|-heal|p1a: Pheromosa|30/100|[from] item: Leftovers
|upkeep
|turn|21
|
|t:|1608841484
|switch|p2a: I'm sus|Ditto|100/100
|-transform|p2a: I'm sus|p1a: Pheromosa|[from] ability: Imposter
|move|p1a: Pheromosa|Ice Beam|p2a: I'm sus
|-damage|p2a: I'm sus|13/100
|
|-heal|p1a: Pheromosa|36/100|[from] item: Leftovers
|upkeep
|turn|22
|
|t:|1608841494
|switch|p1a: Ho-Oh|Ho-Oh|100/100
|move|p2a: I'm sus|Ice Beam|p1a: Ho-Oh
|-damage|p1a: Ho-Oh|79/100
|
|upkeep
|turn|23
|
|t:|1608841498
|switch|p2a: Eternatus|Eternatus|100/100
|-ability|p2a: Eternatus|Pressure
|move|p1a: Ho-Oh|Brave Bird|p2a: Eternatus
|-damage|p2a: Eternatus|54/100
|-damage|p1a: Ho-Oh|58/100|[from] Recoil
|
|-heal|p2a: Eternatus|61/100|[from] item: Black Sludge
|upkeep
|turn|24
|
|t:|1608841503
|move|p1a: Ho-Oh|Brave Bird|p2a: Eternatus
|-damage|p2a: Eternatus|13/100
|-damage|p1a: Ho-Oh|36/100|[from] Recoil
|move|p2a: Eternatus|Dynamax Cannon|p1a: Ho-Oh
|-damage|p1a: Ho-Oh|3/100
|
|-heal|p2a: Eternatus|20/100|[from] item: Black Sludge
|upkeep
|turn|25
|
|t:|1608841517
|switch|p1a: Pheromosa|Pheromosa|36/100
|move|p2a: Eternatus|Dynamax Cannon|p1a: Pheromosa
|-damage|p1a: Pheromosa|0 fnt
|faint|p1a: Pheromosa
|
|-heal|p2a: Eternatus|26/100|[from] item: Black Sludge
|upkeep
|
|t:|1608841520
|switch|p1a: Ho-Oh|Ho-Oh|36/100
|turn|26
|
|t:|1608841524
|move|p1a: Ho-Oh|Brave Bird|p2a: Eternatus
|-damage|p2a: Eternatus|0 fnt
|-damage|p1a: Ho-Oh|25/100|[from] Recoil
|faint|p2a: Eternatus
|
|upkeep
|
|t:|1608841526
|switch|p2a: I'm sus|Ditto|13/100
|-transform|p2a: I'm sus|p1a: Ho-Oh|[from] ability: Imposter
|turn|27
|
|t:|1608841534
|switch|p1a: Dialga|Dialga|55/100
|-ability|p1a: Dialga|Pressure
|move|p2a: I'm sus|Sacred Fire|p1a: Dialga
|-damage|p1a: Dialga|20/100
|-status|p1a: Dialga|brn
|
|-damage|p1a: Dialga|14/100 brn|[from] brn
|upkeep
|turn|28
|
|t:|1608841538
|switch|p1a: Ho-Oh|Ho-Oh|58/100
|move|p2a: I'm sus|Sacred Fire|p1a: Ho-Oh
|-resisted|p1a: Ho-Oh
|-damage|p1a: Ho-Oh|30/100
|
|upkeep
|turn|29
|
|t:|1608841541
|move|p1a: Ho-Oh|Brave Bird|p2a: I'm sus
|-damage|p2a: I'm sus|0 fnt
|-damage|p1a: Ho-Oh|27/100|[from] Recoil
|faint|p2a: I'm sus
|
|upkeep
|
|t:|1608841543
|switch|p2a: Yveltal|Yveltal|51/100 par
|-ability|p2a: Yveltal|Dark Aura
|turn|30
|
|t:|1608841547
|move|p1a: Ho-Oh|Brave Bird|p2a: Yveltal
|-damage|p2a: Yveltal|3/100 par
|-damage|p1a: Ho-Oh|7/100|[from] Recoil
|cant|p2a: Yveltal|par
|
|upkeep
|turn|31
|
|t:|1608841550
|move|p1a: Ho-Oh|Brave Bird|p2a: Yveltal
|-damage|p2a: Yveltal|0 fnt
|-damage|p1a: Ho-Oh|6/100|[from] Recoil
|faint|p2a: Yveltal
|
|win|Kabil'SchoolDude
|l|☆Slowpokeke
|raw|Kabil&apos;SchoolDude's rating: 1311 &rarr; <strong>1338</strong><br />(+27 for winning)
|raw|Slowpokeke's rating: 1441 &rarr; <strong>1414</strong><br />(-27 for losing)
