|j|☆Hahaha.mr
|j|☆Ryrissuu
|t:|1650023879
|gametype|singles
|player|p1|Hahaha.mr|bruno|1320
|player|p2|Ryrissuu|hilbert|1352
|teamsize|p1|6
|teamsize|p2|6
|gen|8
|tier|[Gen 8] Ubers
|rated|
|rule|Sleep Clause Mod: Limit one foe put to sleep
|rule|Species Clause: Limit one of each Pokémon
|rule|OHKO Clause: OHKO moves are banned
|rule|Evasion Moves Clause: Evasion moves are banned
|rule|Endless Battle Clause: Forcing endless battles is banned
|rule|HP Percentage Mod: HP is shown in percentages
|rule|Dynamax Clause: You cannot dynamax
|clearpoke
|poke|p1|Excadrill, M|
|poke|p1|Golisopod, M|
|poke|p1|Alakazam, M|
|poke|p1|Sirfetch’d, M|
|poke|p1|Tyranitar, M|
|poke|p1|Weavile, M|
|poke|p2|Giratina-Origin|
|poke|p2|Groudon|
|poke|p2|Genesect|
|poke|p2|Kyurem-Black|
|poke|p2|Lugia|
|poke|p2|Yveltal|
|teampreview
|inactive|Battle timer is ON: inactive players will automatically lose when time's up. (requested by Ryrissuu)
|inactive|Hahaha.mr also wants the timer to be on.
|
|t:|1650023883
|start
|switch|p1a: Weavile|Weavile, M|100/100
|switch|p2a: Lugia|Lugia|100/100
|-ability|p1a: Weavile|Pressure
|-ability|p2a: Lugia|Pressure
|turn|1
|c|☆Hahaha.mr|Hi
|
|t:|1650023892
|move|p1a: Weavile|Fake Out|p2a: Lugia
|-damage|p2a: Lugia|91/100
|cant|p2a: Lugia|flinch
|
|upkeep
|turn|2
|
|t:|1650023898
|move|p1a: Weavile|Knock Off|p2a: Lugia
|-supereffective|p2a: Lugia
|-damage|p2a: Lugia|25/100
|-enditem|p2a: Lugia|Light Clay|[from] move: Knock Off|[of] p1a: Weavile
|move|p2a: Lugia|Thunder Wave|p1a: Weavile
|-status|p1a: Weavile|par
|
|upkeep
|turn|3
|
|t:|1650023905
|cant|p1a: Weavile|par
|move|p2a: Lugia|Reflect|p2a: Lugia
|-sidestart|p2: Ryrissuu|Reflect
|
|upkeep
|turn|4
|
|t:|1650023910
|move|p2a: Lugia|Light Screen|p2a: Lugia
|-sidestart|p2: Ryrissuu|move: Light Screen
|move|p1a: Weavile|Knock Off|p2a: Lugia
|-supereffective|p2a: Lugia
|-damage|p2a: Lugia|2/100
|
|upkeep
|turn|5
|
|t:|1650023915
|switch|p2a: Genesect|Genesect, shiny|100/100
|-ability|p2a: Genesect|Download|boost
|-boost|p2a: Genesect|atk|1
|move|p1a: Weavile|Knock Off|p2a: Genesect
|-damage|p2a: Genesect|74/100
|-enditem|p2a: Genesect|Heavy-Duty Boots|[from] move: Knock Off|[of] p1a: Weavile
|
|upkeep
|turn|6
|
|t:|1650023924
|move|p2a: Genesect|Shift Gear|p2a: Genesect
|-boost|p2a: Genesect|spe|2
|-boost|p2a: Genesect|atk|1
|move|p1a: Weavile|Knock Off|p2a: Genesect
|-damage|p2a: Genesect|57/100
|
|upkeep
|turn|7
|
|t:|1650023930
|move|p2a: Genesect|Iron Head|p1a: Weavile
|-supereffective|p1a: Weavile
|-enditem|p1a: Weavile|Focus Sash
|-damage|p1a: Weavile|1/100 par
|move|p1a: Weavile|Knock Off|p2a: Genesect
|-crit|p2a: Genesect
|-damage|p2a: Genesect|2/100
|
|-sideend|p2: Ryrissuu|Reflect
|upkeep
|turn|8
|
|t:|1650023939
|move|p2a: Genesect|Extreme Speed|p1a: Weavile
|-damage|p1a: Weavile|0 fnt
|faint|p1a: Weavile
|
|-sideend|p2: Ryrissuu|move: Light Screen
|upkeep
|
|t:|1650023942
|switch|p1a: Golisopod|Golisopod, M|100/100
|turn|9
|
|t:|1650023948
|move|p2a: Genesect|Extreme Speed|p1a: Golisopod
|-damage|p1a: Golisopod|67/100
|move|p1a: Golisopod|First Impression|p2a: Genesect
|-resisted|p2a: Genesect
|-damage|p2a: Genesect|0 fnt
|faint|p2a: Genesect
|
|upkeep
|
|t:|1650023957
|switch|p2a: Lugia|Lugia|2/100
|-ability|p2a: Lugia|Pressure
|turn|10
|
|t:|1650023962
|move|p1a: Golisopod|Aqua Jet|p2a: Lugia
|-damage|p2a: Lugia|0 fnt
|faint|p2a: Lugia
|
|upkeep
|
|t:|1650023970
|switch|p2a: Giratina|Giratina-Origin|100/100
|turn|11
|
|t:|1650023975
|switch|p1a: Tyranitar|Tyranitar, M|100/100
|-weather|Sandstorm|[from] ability: Sand Stream|[of] p1a: Tyranitar
|move|p2a: Giratina|Will-O-Wisp|p1a: Tyranitar
|-status|p1a: Tyranitar|brn
|
|-weather|Sandstorm|[upkeep]
|-damage|p2a: Giratina|94/100|[from] Sandstorm
|-damage|p1a: Tyranitar|94/100 brn|[from] brn
|upkeep
|turn|12
|
|t:|1650023987
|switch|p2a: Groudon|Groudon|100/100
|-weather|SunnyDay|[from] ability: Drought|[of] p2a: Groudon
|move|p1a: Tyranitar|Crunch|p2a: Groudon
|-damage|p2a: Groudon|89/100
|-unboost|p2a: Groudon|def|1
|
|-weather|SunnyDay|[upkeep]
|-heal|p1a: Tyranitar|100/100 brn|[from] item: Leftovers
|-damage|p1a: Tyranitar|94/100 brn|[from] brn
|upkeep
|turn|13
|
|t:|1650024000
|switch|p1a: Golisopod|Golisopod, M|67/100
|move|p2a: Groudon|Swords Dance|p2a: Groudon
|-boost|p2a: Groudon|atk|2
|
|-weather|SunnyDay|[upkeep]
|upkeep
|turn|14
|
|t:|1650024007
|move|p1a: Golisopod|First Impression|p2a: Groudon
|-damage|p2a: Groudon|39/100
|move|p2a: Groudon|Stone Edge|p1a: Golisopod
|-supereffective|p1a: Golisopod
|-damage|p1a: Golisopod|0 fnt
|faint|p1a: Golisopod
|
|-weather|SunnyDay|[upkeep]
|upkeep
|
|t:|1650024013
|switch|p1a: Sirfetch’d|Sirfetch’d, M|100/100
|turn|15
|
|t:|1650024023
|move|p1a: Sirfetch’d|First Impression|p2a: Groudon
|-damage|p2a: Groudon|2/100
|move|p2a: Groudon|Earthquake|p1a: Sirfetch’d
|-damage|p1a: Sirfetch’d|0 fnt
|faint|p1a: Sirfetch’d
|
|-weather|SunnyDay|[upkeep]
|upkeep
|
|t:|1650024030
|switch|p1a: Alakazam|Alakazam, M|100/100
|turn|16
|
|t:|1650024037
|move|p1a: Alakazam|Dazzling Gleam|p2a: Groudon
|-damage|p2a: Groudon|0 fnt
|faint|p2a: Groudon
|
|-weather|none
|upkeep
|
|t:|1650024043
|switch|p2a: Yveltal|Yveltal|100/100
|-ability|p2a: Yveltal|Dark Aura
|turn|17
|
|t:|1650024048
|switch|p2a: Kyurem|Kyurem-Black|100/100
|-ability|p2a: Kyurem|Teravolt
|move|p1a: Alakazam|Dazzling Gleam|p2a: Kyurem
|-supereffective|p2a: Kyurem
|-damage|p2a: Kyurem|44/100
|
|upkeep
|turn|18
|
|t:|1650024058
|switch|p2a: Giratina|Giratina-Origin|94/100
|move|p1a: Alakazam|Dazzling Gleam|p2a: Giratina
|-supereffective|p2a: Giratina
|-damage|p2a: Giratina|58/100
|
|upkeep
|turn|19
|
|t:|1650024067
|move|p2a: Giratina|Shadow Sneak|p1a: Alakazam
|-supereffective|p1a: Alakazam
|-enditem|p1a: Alakazam|Focus Sash
|-damage|p1a: Alakazam|1/100
|move|p1a: Alakazam|Shadow Ball|p2a: Giratina
|-supereffective|p2a: Giratina
|-damage|p2a: Giratina|22/100
|
|upkeep
|turn|20
|
|t:|1650024075
|switch|p1a: Tyranitar|Tyranitar, M|94/100 brn
|-weather|Sandstorm|[from] ability: Sand Stream|[of] p1a: Tyranitar
|move|p2a: Giratina|Shadow Sneak|p1a: Tyranitar
|-resisted|p1a: Tyranitar
|-damage|p1a: Tyranitar|85/100 brn
|
|-weather|Sandstorm|[upkeep]
|-damage|p2a: Giratina|16/100|[from] Sandstorm
|-heal|p1a: Tyranitar|92/100 brn|[from] item: Leftovers
|-damage|p1a: Tyranitar|85/100 brn|[from] brn
|upkeep
|turn|21
|
|t:|1650024087
|move|p2a: Giratina|Draco Meteor|p1a: Tyranitar
|-damage|p1a: Tyranitar|60/100 brn
|-unboost|p2a: Giratina|spa|2
|move|p1a: Tyranitar|Thunder Wave|p2a: Giratina
|-status|p2a: Giratina|par
|
|-weather|Sandstorm|[upkeep]
|-damage|p2a: Giratina|10/100 par|[from] Sandstorm
|-heal|p1a: Tyranitar|66/100 brn|[from] item: Leftovers
|-damage|p1a: Tyranitar|60/100 brn|[from] brn
|upkeep
|turn|22
|
|t:|1650024099
|move|p1a: Tyranitar|Crunch|p2a: Giratina
|-supereffective|p2a: Giratina
|-damage|p2a: Giratina|0 fnt
|faint|p2a: Giratina
|
|-weather|Sandstorm|[upkeep]
|-heal|p1a: Tyranitar|66/100 brn|[from] item: Leftovers
|-damage|p1a: Tyranitar|60/100 brn|[from] brn
|upkeep
|
|t:|1650024108
|switch|p2a: Kyurem|Kyurem-Black|44/100
|-ability|p2a: Kyurem|Teravolt
|turn|23
|
|t:|1650024114
|move|p2a: Kyurem|Dragon Dance|p2a: Kyurem
|-boost|p2a: Kyurem|atk|1
|-boost|p2a: Kyurem|spe|1
|move|p1a: Tyranitar|Rock Blast|p2a: Kyurem
|-supereffective|p2a: Kyurem
|-damage|p2a: Kyurem|34/100
|-supereffective|p2a: Kyurem
|-damage|p2a: Kyurem|23/100
|-supereffective|p2a: Kyurem
|-damage|p2a: Kyurem|13/100
|-supereffective|p2a: Kyurem
|-damage|p2a: Kyurem|2/100
|-hitcount|p2a: Kyurem|4
|
|-weather|Sandstorm|[upkeep]
|-damage|p2a: Kyurem|0 fnt|[from] Sandstorm
|faint|p2a: Kyurem
|-heal|p1a: Tyranitar|66/100 brn|[from] item: Leftovers
|-damage|p1a: Tyranitar|60/100 brn|[from] brn
|upkeep
|c|☆Hahaha.mr|Sed
|
|t:|1650024130
|switch|p2a: Yveltal|Yveltal|100/100
|-ability|p2a: Yveltal|Dark Aura
|turn|24
|
|t:|1650024137
|move|p2a: Yveltal|Dark Pulse|p1a: Tyranitar
|-resisted|p1a: Tyranitar
|-damage|p1a: Tyranitar|49/100 brn
|move|p1a: Tyranitar|Thunder Wave|p2a: Yveltal
|-status|p2a: Yveltal|par
|
|-weather|none
|-heal|p1a: Tyranitar|55/100 brn|[from] item: Leftovers
|-damage|p1a: Tyranitar|49/100 brn|[from] brn
|upkeep
|turn|25
|
|t:|1650024147
|move|p2a: Yveltal|Dark Pulse|p1a: Tyranitar
|-resisted|p1a: Tyranitar
|-damage|p1a: Tyranitar|28/100 brn
|move|p1a: Tyranitar|Rock Blast|p2a: Yveltal
|-supereffective|p2a: Yveltal
|-damage|p2a: Yveltal|90/100 par
|-supereffective|p2a: Yveltal
|-damage|p2a: Yveltal|80/100 par
|-hitcount|p2a: Yveltal|2
|
|-heal|p1a: Tyranitar|34/100 brn|[from] item: Leftovers
|-damage|p1a: Tyranitar|28/100 brn|[from] brn
|upkeep
|turn|26
|c|☆Hahaha.mr|It's not easy
|
|t:|1650024159
|move|p2a: Yveltal|Dark Pulse|p1a: Tyranitar
|-resisted|p1a: Tyranitar
|-damage|p1a: Tyranitar|4/100 brn
|move|p1a: Tyranitar|Rest|p1a: Tyranitar
|-status|p1a: Tyranitar|slp|[from] move: Rest
|-heal|p1a: Tyranitar|100/100 slp|[silent]
|
|upkeep
|turn|27
|
|t:|1650024175
|move|p2a: Yveltal|Dark Pulse|p1a: Tyranitar
|-resisted|p1a: Tyranitar
|-damage|p1a: Tyranitar|75/100 slp
|cant|p1a: Tyranitar|slp
|
|-heal|p1a: Tyranitar|82/100 slp|[from] item: Leftovers
|upkeep
|turn|28
|
|t:|1650024183
|move|p2a: Yveltal|Dark Pulse|p1a: Tyranitar
|-resisted|p1a: Tyranitar
|-damage|p1a: Tyranitar|52/100 slp
|cant|p1a: Tyranitar|slp
|
|-heal|p1a: Tyranitar|58/100 slp|[from] item: Leftovers
|upkeep
|turn|29
|l|☆Hahaha.mr
|inactive|Hahaha.mr disconnected and has a minute to reconnect!
|player|p1|
|inactive|Hahaha.mr has 30 seconds to reconnect!
|inactive|Hahaha.mr has 20 seconds to reconnect!
|inactive|Hahaha.mr has 15 seconds to reconnect!
|inactive|Hahaha.mr has 10 seconds to reconnect!
|j|☆Hahaha.mr
|inactive|Hahaha.mr reconnected and has 95 seconds left.
|player|p1|Hahaha.mr|bruno
|inactive|Hahaha.mr has 90 seconds left.
|
|t:|1650024248
|cant|p2a: Yveltal|par
|-curestatus|p1a: Tyranitar|slp|[msg]
|move|p1a: Tyranitar|Rock Blast|p2a: Yveltal|[miss]
|-miss|p1a: Tyranitar|p2a: Yveltal
|
|-heal|p1a: Tyranitar|65/100|[from] item: Leftovers
|upkeep
|turn|30
|inactive|Hahaha.mr has 90 seconds left.
|-message|Ryrissuu forfeited.
|
|win|Hahaha.mr
|raw|Hahaha.mr's rating: 1320 &rarr; <strong>1342</strong><br />(+22 for winning)
|raw|Ryrissuu's rating: 1352 &rarr; <strong>1330</strong><br />(-22 for losing)
|l|☆Ryrissuu
