|j|☆Mrdarkcyber
|j|☆Pkmn3443
|t:|1634326568
|gametype|singles
|player|p1|Mrdarkcyber|102|1433
|player|p2|Pkmn3443|265|1664
|teamsize|p1|6
|teamsize|p2|6
|gen|8
|tier|[Gen 8] Ubers
|rated|
|rule|Sleep Clause Mod: Limit one foe put to sleep
|rule|Species Clause: Limit one of each Pokémon
|rule|OHKO Clause: OHKO moves are banned
|rule|Evasion Moves Clause: Evasion moves are banned
|rule|Endless Battle Clause: Forcing endless battles is banned
|rule|HP Percentage Mod: HP is shown in percentages
|rule|Dynamax Clause: You cannot dynamax
|clearpoke
|poke|p1|Tyranitar, M|
|poke|p1|Excadrill, F|
|poke|p1|Xerneas-*|
|poke|p1|Calyrex-Shadow|
|poke|p1|Necrozma-Dusk-Mane|
|poke|p1|Rayquaza|
|poke|p2|Blissey, F|
|poke|p2|Necrozma-Dusk-Mane|
|poke|p2|Ho-Oh|
|poke|p2|Eternatus|
|poke|p2|Ditto|
|poke|p2|Yveltal|
|teampreview
|inactive|Battle timer is ON: inactive players will automatically lose when time's up. (requested by Mrdarkcyber)
|
|t:|1634326609
|start
|switch|p1a: Calyrex|Calyrex-Shadow|100/100
|switch|p2a: Eternatus|Eternatus|100/100
|-ability|p1a: Calyrex|As One
|-ability|p1a: Calyrex|Unnerve
|-ability|p2a: Eternatus|Pressure
|turn|1
|
|t:|1634326624
|switch|p2a: Yveltal|Yveltal|100/100
|-ability|p2a: Yveltal|Dark Aura
|move|p1a: Calyrex|Trick|p2a: Yveltal
|-activate|p1a: Calyrex|move: Trick|[of] p2a: Yveltal
|-item|p2a: Yveltal|Choice Scarf|[from] move: Trick
|-item|p1a: Calyrex|Heavy-Duty Boots|[from] move: Trick
|
|upkeep
|turn|2
|
|t:|1634326631
|switch|p1a: Tyranitar|Tyranitar, M|100/100
|-weather|Sandstorm|[from] ability: Sand Stream|[of] p1a: Tyranitar
|move|p2a: Yveltal|Knock Off|p1a: Tyranitar
|-resisted|p1a: Tyranitar
|-damage|p1a: Tyranitar|77/100
|-enditem|p1a: Tyranitar|Heavy-Duty Boots|[from] move: Knock Off|[of] p2a: Yveltal
|
|-weather|Sandstorm|[upkeep]
|-damage|p2a: Yveltal|94/100|[from] Sandstorm
|upkeep
|turn|3
|
|t:|1634326637
|switch|p2a: Eternatus|Eternatus|100/100
|-ability|p2a: Eternatus|Pressure
|move|p1a: Tyranitar|Thunder Wave|p2a: Eternatus
|-status|p2a: Eternatus|par
|
|-weather|Sandstorm|[upkeep]
|-damage|p2a: Eternatus|94/100 par|[from] Sandstorm
|-heal|p2a: Eternatus|100/100 par|[from] item: Black Sludge
|upkeep
|turn|4
|
|t:|1634326641
|move|p1a: Tyranitar|Stealth Rock|p2a: Eternatus
|-sidestart|p2: Pkmn3443|move: Stealth Rock
|cant|p2a: Eternatus|par
|
|-weather|Sandstorm|[upkeep]
|-damage|p2a: Eternatus|94/100 par|[from] Sandstorm
|-heal|p2a: Eternatus|100/100 par|[from] item: Black Sludge
|upkeep
|turn|5
|
|t:|1634326652
|move|p1a: Tyranitar|Rock Blast|p2a: Eternatus|[miss]
|-miss|p1a: Tyranitar|p2a: Eternatus
|move|p2a: Eternatus|Toxic|p1a: Tyranitar
|-status|p1a: Tyranitar|tox
|
|-weather|Sandstorm|[upkeep]
|-damage|p2a: Eternatus|94/100 par|[from] Sandstorm
|-heal|p2a: Eternatus|100/100 par|[from] item: Black Sludge
|-damage|p1a: Tyranitar|71/100 tox|[from] psn
|upkeep
|turn|6
|
|t:|1634326663
|switch|p1a: Excadrill|Excadrill, F|100/100
|switch|p2a: Necrozma|Necrozma-Dusk-Mane|100/100
|-damage|p2a: Necrozma|94/100|[from] Stealth Rock
|
|-weather|none
|upkeep
|turn|7
|
|t:|1634326683
|move|p1a: Excadrill|Earthquake|p2a: Necrozma
|-supereffective|p2a: Necrozma
|-damage|p2a: Necrozma|30/100
|-damage|p1a: Excadrill|91/100|[from] item: Life Orb
|move|p2a: Necrozma|Knock Off|p1a: Excadrill
|-damage|p1a: Excadrill|44/100
|-enditem|p1a: Excadrill|Life Orb|[from] move: Knock Off|[of] p2a: Necrozma
|
|upkeep
|turn|8
|
|t:|1634326697
|switch|p2a: Blissey|Blissey, F|100/100
|-damage|p2a: Blissey|88/100|[from] Stealth Rock
|move|p1a: Excadrill|Earthquake|p2a: Blissey
|-damage|p2a: Blissey|0 fnt
|faint|p2a: Blissey
|
|upkeep
|
|t:|1634326702
|switch|p2a: Yveltal|Yveltal|94/100
|-damage|p2a: Yveltal|69/100|[from] Stealth Rock
|-ability|p2a: Yveltal|Dark Aura
|turn|9
|
|t:|1634326717
|switch|p1a: Tyranitar|Tyranitar, M|71/100 tox
|-weather|Sandstorm|[from] ability: Sand Stream|[of] p1a: Tyranitar
|move|p2a: Yveltal|Oblivion Wing|p1a: Tyranitar
|-resisted|p1a: Tyranitar
|-damage|p1a: Tyranitar|63/100 tox
|-heal|p2a: Yveltal|76/100|[from] drain|[of] p1a: Tyranitar
|
|-weather|Sandstorm|[upkeep]
|-damage|p2a: Yveltal|70/100|[from] Sandstorm
|-damage|p1a: Tyranitar|56/100 tox|[from] psn
|upkeep
|turn|10
|
|t:|1634326729
|switch|p2a: Necrozma|Necrozma-Dusk-Mane|30/100
|-damage|p2a: Necrozma|24/100|[from] Stealth Rock
|move|p1a: Tyranitar|Rock Blast|p2a: Necrozma
|-resisted|p2a: Necrozma
|-damage|p2a: Necrozma|22/100
|-resisted|p2a: Necrozma
|-damage|p2a: Necrozma|19/100
|-resisted|p2a: Necrozma
|-damage|p2a: Necrozma|16/100
|-resisted|p2a: Necrozma
|-damage|p2a: Necrozma|14/100
|-resisted|p2a: Necrozma
|-damage|p2a: Necrozma|11/100
|-hitcount|p2a: Necrozma|5
|
|-weather|Sandstorm|[upkeep]
|-damage|p1a: Tyranitar|44/100 tox|[from] psn
|upkeep
|turn|11
|
|t:|1634326734
|move|p2a: Necrozma|Stealth Rock|p1a: Tyranitar
|-sidestart|p1: Mrdarkcyber|move: Stealth Rock
|move|p1a: Tyranitar|Foul Play|p2a: Necrozma
|-supereffective|p2a: Necrozma
|-damage|p2a: Necrozma|0 fnt
|-damage|p1a: Tyranitar|27/100 tox|[from] item: Rocky Helmet|[of] p2a: Necrozma
|faint|p2a: Necrozma
|
|-weather|Sandstorm|[upkeep]
|-damage|p1a: Tyranitar|9/100 tox|[from] psn
|upkeep
|
|t:|1634326740
|switch|p2a: Yveltal|Yveltal|70/100
|-damage|p2a: Yveltal|45/100|[from] Stealth Rock
|-ability|p2a: Yveltal|Dark Aura
|turn|12
|
|t:|1634326743
|move|p2a: Yveltal|Oblivion Wing|p1a: Tyranitar
|-resisted|p1a: Tyranitar
|-damage|p1a: Tyranitar|1/100 tox
|-heal|p2a: Yveltal|51/100|[from] drain|[of] p1a: Tyranitar
|move|p1a: Tyranitar|Rock Blast|p2a: Yveltal
|-supereffective|p2a: Yveltal
|-crit|p2a: Yveltal
|-damage|p2a: Yveltal|22/100
|-supereffective|p2a: Yveltal
|-crit|p2a: Yveltal
|-damage|p2a: Yveltal|0 fnt
|faint|p2a: Yveltal
|-hitcount|p2: Yveltal|2
|
|-weather|Sandstorm|[upkeep]
|-damage|p1a: Tyranitar|0 fnt|[from] psn
|faint|p1a: Tyranitar
|upkeep
|
|t:|1634326752
|switch|p2a: Ditto|Ditto|100/100
|switch|p1a: Excadrill|Excadrill, F|44/100
|-damage|p1a: Excadrill|41/100|[from] Stealth Rock
|-damage|p2a: Ditto|88/100|[from] Stealth Rock
|-transform|p2a: Ditto|p1a: Excadrill|[from] ability: Imposter
|turn|13
|
|t:|1634326757
|move|p2a: Ditto|Earthquake|p1a: Excadrill
|-supereffective|p1a: Excadrill
|-damage|p1a: Excadrill|0 fnt
|faint|p1a: Excadrill
|
|-weather|none
|upkeep
|
|t:|1634326778
|switch|p1a: Rayquaza|Rayquaza|100/100
|-damage|p1a: Rayquaza|76/100|[from] Stealth Rock
|-ability|p1a: Rayquaza|Air Lock
|turn|14
|
|t:|1634326787
|switch|p2a: Ho-Oh|Ho-Oh|100/100
|move|p1a: Rayquaza|Draco Meteor|p2a: Ho-Oh
|-damage|p2a: Ho-Oh|58/100
|-unboost|p1a: Rayquaza|spa|2
|-damage|p1a: Rayquaza|66/100|[from] item: Life Orb
|
|upkeep
|turn|15
|
|t:|1634326793
|move|p1a: Rayquaza|Dragon Ascent|p2a: Ho-Oh
|-damage|p2a: Ho-Oh|2/100
|-unboost|p1a: Rayquaza|def|1
|-unboost|p1a: Rayquaza|spd|1
|-damage|p1a: Rayquaza|56/100|[from] item: Life Orb
|move|p2a: Ho-Oh|Sacred Fire|p1a: Rayquaza
|-resisted|p1a: Rayquaza
|-damage|p1a: Rayquaza|22/100
|-status|p1a: Rayquaza|brn
|
|-damage|p1a: Rayquaza|16/100 brn|[from] brn
|upkeep
|turn|16
|
|t:|1634326797
|switch|p2a: Eternatus|Eternatus|100/100 par
|-damage|p2a: Eternatus|88/100 par|[from] Stealth Rock
|-ability|p2a: Eternatus|Pressure
|move|p1a: Rayquaza|Extreme Speed|p2a: Eternatus
|-damage|p2a: Eternatus|77/100 par
|-damage|p1a: Rayquaza|6/100 brn|[from] item: Life Orb
|
|-heal|p2a: Eternatus|83/100 par|[from] item: Black Sludge
|-damage|p1a: Rayquaza|0 fnt|[from] brn
|faint|p1a: Rayquaza
|upkeep
|
|t:|1634326811
|switch|p1a: Xerneas|Xerneas|100/100
|-damage|p1a: Xerneas|88/100|[from] Stealth Rock
|-ability|p1a: Xerneas|Fairy Aura
|turn|17
|
|t:|1634326816
|move|p1a: Xerneas|Geomancy||[still]
|-prepare|p1a: Xerneas|Geomancy
|-enditem|p1a: Xerneas|Power Herb
|-anim|p1a: Xerneas|Geomancy|p1a: Xerneas
|-boost|p1a: Xerneas|spa|2
|-boost|p1a: Xerneas|spd|2
|-boost|p1a: Xerneas|spe|2
|move|p2a: Eternatus|Toxic|p1a: Xerneas
|-status|p1a: Xerneas|tox
|
|-heal|p2a: Eternatus|89/100 par|[from] item: Black Sludge
|-damage|p1a: Xerneas|82/100 tox|[from] psn
|upkeep
|turn|18
|
|t:|1634326823
|move|p1a: Xerneas|Moonblast|p2a: Eternatus
|-damage|p2a: Eternatus|0 fnt
|faint|p2a: Eternatus
|
|-damage|p1a: Xerneas|70/100 tox|[from] psn
|upkeep
|
|t:|1634326827
|switch|p2a: Ditto|Ditto|88/100
|-damage|p2a: Ditto|76/100|[from] Stealth Rock
|-transform|p2a: Ditto|p1a: Xerneas|[from] ability: Imposter
|-ability|p2a: Ditto|Fairy Aura
|turn|19
|
|t:|1634326830
|move|p2a: Ditto|Moonblast|p1a: Xerneas
|-damage|p1a: Xerneas|5/100 tox
|-unboost|p1a: Xerneas|spa|1
|move|p1a: Xerneas|Moonblast|p2a: Ditto
|-crit|p2a: Ditto
|-damage|p2a: Ditto|0 fnt
|faint|p2a: Ditto
|
|-damage|p1a: Xerneas|0 fnt|[from] psn
|faint|p1a: Xerneas
|upkeep
|
|t:|1634326843
|switch|p1a: Necrozma|Necrozma-Dusk-Mane|100/100
|switch|p2a: Ho-Oh|Ho-Oh|35/100
|-damage|p1a: Necrozma|95/100|[from] Stealth Rock
|turn|20
|
|t:|1634326847
|move|p1a: Necrozma|Stone Edge|p2a: Ho-Oh|[miss]
|-miss|p1a: Necrozma|p2a: Ho-Oh
|move|p2a: Ho-Oh|Sacred Fire|p1a: Necrozma
|-supereffective|p1a: Necrozma
|-damage|p1a: Necrozma|44/100
|-status|p1a: Necrozma|brn
|
|-damage|p1a: Necrozma|38/100 brn|[from] brn
|upkeep
|turn|21
|
|t:|1634326849
|move|p1a: Necrozma|Stone Edge|p2a: Ho-Oh
|-supereffective|p2a: Ho-Oh
|-damage|p2a: Ho-Oh|0 fnt
|faint|p2a: Ho-Oh
|
|win|Mrdarkcyber
|raw|Mrdarkcyber's rating: 1433 &rarr; <strong>1465</strong><br />(+32 for winning)
|raw|Pkmn3443's rating: 1664 &rarr; <strong>1632</strong><br />(-32 for losing)
