|j|☆SeaJay1810
|j|☆Bladefade
|t:|1667698362
|gametype|singles
|player|p1|SeaJay1810|pryce|1331
|player|p2|Bladefade|unknown|1314
|teamsize|p1|6
|teamsize|p2|6
|gen|8
|tier|[Gen 8] Ubers
|rated|
|rule|Sleep Clause Mod: Limit one foe put to sleep
|rule|Species Clause: Limit one of each Pokémon
|rule|OHKO Clause: OHKO moves are banned
|rule|Evasion Items Clause: Evasion items are banned
|rule|Evasion Moves Clause: Evasion moves are banned
|rule|Endless Battle Clause: Forcing endless battles is banned
|rule|HP Percentage Mod: HP is shown in percentages
|rule|Dynamax Clause: You cannot dynamax
|clearpoke
|poke|p1|Yveltal|
|poke|p1|Ho-Oh|
|poke|p1|Xerneas-*|
|poke|p1|Marshadow|
|poke|p1|Kyogre|
|poke|p1|Eternatus|
|poke|p2|Kyogre|
|poke|p2|Groudon|
|poke|p2|Yveltal|
|poke|p2|Necrozma-Dusk-Mane|
|poke|p2|Eternatus|
|poke|p2|Slurpuff, F|
|teampreview
|inactive|Battle timer is ON: inactive players will automatically lose when time's up. (requested by SeaJay1810)
|
|t:|1667698380
|start
|switch|p1a: Kyogre|Kyogre|100/100
|switch|p2a: Slurpuff|Slurpuff, F|100/100
|-weather|RainDance|[from] ability: Drizzle|[of] p1a: Kyogre
|turn|1
|
|t:|1667698386
|move|p1a: Kyogre|Water Spout|p2a: Slurpuff
|-enditem|p2a: Slurpuff|Focus Sash
|-damage|p2a: Slurpuff|1/100
|move|p2a: Slurpuff|Sticky Web|p1a: Kyogre
|-sidestart|p1: SeaJay1810|move: Sticky Web
|
|-weather|RainDance|[upkeep]
|upkeep
|turn|2
|
|t:|1667698392
|move|p2a: Slurpuff|Misty Explosion|p1a: Kyogre
|-damage|p1a: Kyogre|72/100
|faint|p2a: Slurpuff
|move|p1a: Kyogre|Water Spout|p2: Slurpuff|[notarget]
|-fail|p1a: Kyogre
|
|-weather|RainDance|[upkeep]
|upkeep
|
|t:|1667698403
|switch|p2a: Groudon|Groudon|100/100
|-weather|SunnyDay|[from] ability: Drought|[of] p2a: Groudon
|turn|3
|
|t:|1667698410
|switch|p1a: Ho-Oh|Ho-Oh|100/100
|move|p2a: Groudon|Rock Polish|p2a: Groudon
|-boost|p2a: Groudon|spe|2
|
|-weather|SunnyDay|[upkeep]
|upkeep
|turn|4
|
|t:|1667698417
|move|p2a: Groudon|Stone Edge|p1a: Ho-Oh
|-supereffective|p1a: Ho-Oh
|-damage|p1a: Ho-Oh|0 fnt
|faint|p1a: Ho-Oh
|-damage|p2a: Groudon|91/100|[from] item: Life Orb
|
|-weather|SunnyDay|[upkeep]
|upkeep
|
|t:|1667698421
|switch|p1a: Marshadow|Marshadow|100/100
|-activate|p1a: Marshadow|move: Sticky Web
|-unboost|p1a: Marshadow|spe|1
|turn|5
|
|t:|1667698425
|move|p2a: Groudon|Precipice Blades|p1a: Marshadow
|-enditem|p1a: Marshadow|Focus Sash
|-damage|p1a: Marshadow|1/100
|-damage|p2a: Groudon|81/100|[from] item: Life Orb
|move|p1a: Marshadow|Spectral Thief||[still]
|-clearpositiveboost|p2a: Groudon|p1a: Marshadow|move: Spectral Thief
|-boost|p1a: Marshadow|spe|2
|-anim|p1a: Marshadow|Spectral Thief|p2a: Groudon
|-damage|p2a: Groudon|48/100
|
|-weather|SunnyDay|[upkeep]
|upkeep
|turn|6
|
|t:|1667698439
|move|p1a: Marshadow|Close Combat|p2a: Groudon
|-damage|p2a: Groudon|6/100
|-unboost|p1a: Marshadow|def|1
|-unboost|p1a: Marshadow|spd|1
|move|p2a: Groudon|Precipice Blades|p1a: Marshadow
|-damage|p1a: Marshadow|0 fnt
|faint|p1a: Marshadow
|-damage|p2a: Groudon|0 fnt|[from] item: Life Orb
|faint|p2a: Groudon
|
|-weather|SunnyDay|[upkeep]
|upkeep
|
|t:|1667698446
|switch|p1a: Yveltal|Yveltal, shiny|100/100
|switch|p2a: Eternatus|Eternatus|100/100
|-ability|p2a: Eternatus|Pressure
|-ability|p1a: Yveltal|Dark Aura
|turn|7
|
|t:|1667698455
|move|p2a: Eternatus|Meteor Beam||[still]
|-prepare|p2a: Eternatus|Meteor Beam
|-boost|p2a: Eternatus|spa|1
|-enditem|p2a: Eternatus|Power Herb
|-anim|p2a: Eternatus|Meteor Beam|p1a: Yveltal
|-supereffective|p1a: Yveltal
|-damage|p1a: Yveltal|0 fnt
|faint|p1a: Yveltal
|
|-weather|none
|upkeep
|
|t:|1667698462
|switch|p1a: Kyogre|Kyogre|72/100
|-activate|p1a: Kyogre|move: Sticky Web
|-unboost|p1a: Kyogre|spe|1
|-weather|RainDance|[from] ability: Drizzle|[of] p1a: Kyogre
|turn|8
|
|t:|1667698467
|move|p2a: Eternatus|Dynamax Cannon|p1a: Kyogre
|-damage|p1a: Kyogre|6/100
|move|p1a: Kyogre|Ice Beam|p2a: Eternatus
|-supereffective|p2a: Eternatus
|-damage|p2a: Eternatus|39/100
|-status|p2a: Eternatus|frz
|
|-weather|RainDance|[upkeep]
|upkeep
|turn|9
|
|t:|1667698474
|cant|p2a: Eternatus|frz
|move|p1a: Kyogre|Ice Beam|p2a: Eternatus
|-supereffective|p2a: Eternatus
|-damage|p2a: Eternatus|0 fnt
|faint|p2a: Eternatus
|
|-weather|RainDance|[upkeep]
|upkeep
|
|t:|1667698482
|switch|p2a: Necrozma|Necrozma-Dusk-Mane|100/100
|turn|10
|inactive|SeaJay1810 has 120 seconds left.
|
|t:|1667698514
|switch|p1a: Eternatus|Eternatus|100/100
|-activate|p1a: Eternatus|move: Sticky Web
|-unboost|p1a: Eternatus|spe|1
|-ability|p1a: Eternatus|Pressure
|move|p2a: Necrozma|Dragon Dance|p2a: Necrozma
|-boost|p2a: Necrozma|atk|1
|-boost|p2a: Necrozma|spe|1
|
|-weather|RainDance|[upkeep]
|upkeep
|turn|11
|
|t:|1667698519
|move|p2a: Necrozma|Earthquake|p1a: Eternatus
|-supereffective|p1a: Eternatus
|-damage|p1a: Eternatus|0 fnt
|faint|p1a: Eternatus
|
|-weather|RainDance|[upkeep]
|upkeep
|-message|SeaJay1810 forfeited.
|
|win|Bladefade
|raw|SeaJay1810's rating: 1331 &rarr; <strong>1310</strong><br />(-21 for losing)
|raw|Bladefade's rating: 1314 &rarr; <strong>1335</strong><br />(+21 for winning)
|l|☆SeaJay1810
|l|☆Bladefade
||Ladder isn't responding, score probably updated but might not have (Request timeout).
|j| ivy_yt
