|j|☆Ultramanball1
|j|☆estarflower
|t:|1667581170
|gametype|singles
|player|p1|Ultramanball1|linebacker|1489
|player|p2|estarflower|backersf|1493
|teamsize|p1|6
|teamsize|p2|6
|gen|8
|tier|[Gen 8] Ubers
|rated|
|rule|Sleep Clause Mod: Limit one foe put to sleep
|rule|Species Clause: Limit one of each Pokémon
|rule|OHKO Clause: OHKO moves are banned
|rule|Evasion Items Clause: Evasion items are banned
|rule|Evasion Moves Clause: Evasion moves are banned
|rule|Endless Battle Clause: Forcing endless battles is banned
|rule|HP Percentage Mod: HP is shown in percentages
|rule|Dynamax Clause: You cannot dynamax
|clearpoke
|poke|p1|Grimmsnarl, M|
|poke|p1|Groudon|
|poke|p1|Eternatus|
|poke|p1|Calyrex-Shadow|
|poke|p1|Necrozma-Dusk-Mane|
|poke|p1|Yveltal|
|poke|p2|Excadrill, F|
|poke|p2|Yveltal|
|poke|p2|Calyrex-Shadow|
|poke|p2|Eternatus|
|poke|p2|Xerneas-*|
|poke|p2|Groudon|
|teampreview
|inactive|Battle timer is ON: inactive players will automatically lose when time's up. (requested by Ultramanball1)
|
|t:|1667581184
|start
|switch|p1a: Grimmsnarl|Grimmsnarl, M|100/100
|switch|p2a: !|Excadrill, F|100/100
|-ability|p2a: !|Mold Breaker
|turn|1
|
|t:|1667581186
|move|p1a: Grimmsnarl|Reflect|p1a: Grimmsnarl
|-sidestart|p1: Ultramanball1|Reflect
|move|p2a: !|Iron Head|p1a: Grimmsnarl
|-supereffective|p1a: Grimmsnarl
|-damage|p1a: Grimmsnarl|57/100
|
|upkeep
|turn|2
|
|t:|1667581192
|move|p1a: Grimmsnarl|Taunt|p2a: !
|-start|p2a: !|move: Taunt
|move|p2a: !|Iron Head|p1a: Grimmsnarl
|-supereffective|p1a: Grimmsnarl
|-damage|p1a: Grimmsnarl|14/100
|
|upkeep
|turn|3
|
|t:|1667581197
|move|p1a: Grimmsnarl|Light Screen|p1a: Grimmsnarl
|-sidestart|p1: Ultramanball1|move: Light Screen
|move|p2a: !|Earthquake|p1a: Grimmsnarl
|-damage|p1a: Grimmsnarl|0 fnt
|faint|p1a: Grimmsnarl
|
|upkeep
|
|t:|1667581204
|switch|p1a: Necrozma|Necrozma-Dusk-Mane|100/100
|turn|4
|
|t:|1667581213
|switch|p2a: %|Calyrex-Shadow|100/100
|-ability|p2a: %|As One
|-ability|p2a: %|Unnerve
|move|p1a: Necrozma|Earthquake|p2a: %
|-damage|p2a: %|50/100
|
|upkeep
|turn|5
|
|t:|1667581219
|switch|p2a: #|Yveltal|100/100
|-ability|p2a: #|Dark Aura
|move|p1a: Necrozma|Sunsteel Strike|p2a: #
|-damage|p2a: #|43/100
|
|upkeep
|turn|6
|
|t:|1667581222
|move|p2a: #|Roost|p2a: #
|-heal|p2a: #|93/100
|-singleturn|p2a: #|move: Roost
|move|p1a: Necrozma|Sunsteel Strike|p2a: #
|-damage|p2a: #|37/100
|
|upkeep
|turn|7
|
|t:|1667581225
|move|p2a: #|Roost|p2a: #
|-heal|p2a: #|87/100
|-singleturn|p2a: #|move: Roost
|move|p1a: Necrozma|Swords Dance|p1a: Necrozma
|-boost|p1a: Necrozma|atk|2
|
|upkeep
|turn|8
|j| simbavenus
|
|t:|1667581244
|switch|p2a: !|Excadrill, F|100/100
|-ability|p2a: !|Mold Breaker
|move|p1a: Necrozma|Sunsteel Strike|p2a: !
|-resisted|p2a: !
|-damage|p2a: !|27/100
|
|-sideend|p1: Ultramanball1|Reflect
|upkeep
|turn|9
|
|t:|1667581248
|move|p2a: !|Stealth Rock|p1a: Necrozma
|-sidestart|p1: Ultramanball1|move: Stealth Rock
|move|p1a: Necrozma|Sunsteel Strike|p2a: !
|-resisted|p2a: !
|-damage|p2a: !|0 fnt
|faint|p2a: !
|
|upkeep
|
|t:|1667581263
|switch|p2a: Groudon|Groudon|100/100
|-weather|SunnyDay|[from] ability: Drought|[of] p2a: Groudon
|turn|10
|
|t:|1667581266
|move|p2a: Groudon|Precipice Blades|p1a: Necrozma
|-supereffective|p1a: Necrozma
|-damage|p1a: Necrozma|19/100
|move|p1a: Necrozma|Sunsteel Strike|p2a: Groudon
|-damage|p2a: Groudon|8/100
|
|-weather|SunnyDay|[upkeep]
|-sideend|p1: Ultramanball1|move: Light Screen
|upkeep
|turn|11
|-enditem|p1a: Necrozma|Custap Berry|[eat]
|-activate|p1a: Necrozma|item: Custap Berry|[consumed]
|
|t:|1667581274
|move|p1a: Necrozma|Sunsteel Strike|p2a: Groudon
|-damage|p2a: Groudon|0 fnt
|faint|p2a: Groudon
|
|-weather|SunnyDay|[upkeep]
|upkeep
|
|t:|1667581288
|switch|p2a: #|Yveltal|87/100
|-ability|p2a: #|Dark Aura
|turn|12
|
|t:|1667581290
|move|p2a: #|Knock Off|p1a: Necrozma
|-supereffective|p1a: Necrozma
|-damage|p1a: Necrozma|0 fnt
|faint|p1a: Necrozma
|
|-weather|SunnyDay|[upkeep]
|upkeep
|
|t:|1667581293
|switch|p1a: Eternatus|Eternatus|100/100
|-damage|p1a: Eternatus|88/100|[from] Stealth Rock
|-ability|p1a: Eternatus|Pressure
|turn|13
|
|t:|1667581303
|switch|p2a: Eternatus|Eternatus|100/100
|-ability|p2a: Eternatus|Pressure
|move|p1a: Eternatus|Agility|p1a: Eternatus
|-boost|p1a: Eternatus|spe|2
|
|-weather|SunnyDay|[upkeep]
|upkeep
|turn|14
|
|t:|1667581308
|move|p1a: Eternatus|Dynamax Cannon|p2a: Eternatus
|-supereffective|p2a: Eternatus
|-damage|p2a: Eternatus|0 fnt
|faint|p2a: Eternatus
|-damage|p1a: Eternatus|78/100|[from] item: Life Orb
|
|-weather|none
|upkeep
|
|t:|1667581318
|switch|p2a: Xerneas|Xerneas|100/100
|-ability|p2a: Xerneas|Fairy Aura
|turn|15
|
|t:|1667581321
|move|p1a: Eternatus|Sludge Wave|p2a: Xerneas
|-supereffective|p2a: Xerneas
|-damage|p2a: Xerneas|0 fnt
|faint|p2a: Xerneas
|-damage|p1a: Eternatus|68/100|[from] item: Life Orb
|
|upkeep
|
|t:|1667581323
|switch|p2a: #|Yveltal|87/100
|-ability|p2a: #|Dark Aura
|turn|16
|
|t:|1667581327
|move|p1a: Eternatus|Dynamax Cannon|p2a: #
|-damage|p2a: #|14/100
|-damage|p1a: Eternatus|58/100|[from] item: Life Orb
|move|p2a: #|Knock Off|p1a: Eternatus
|-damage|p1a: Eternatus|8/100
|-enditem|p1a: Eternatus|Life Orb|[from] move: Knock Off|[of] p2a: #
|
|upkeep
|turn|17
|
|t:|1667581330
|move|p2a: #|Sucker Punch|p1a: Eternatus
|-damage|p1a: Eternatus|0 fnt
|faint|p1a: Eternatus
|
|upkeep
|
|t:|1667581335
|switch|p1a: Yveltal|Yveltal|100/100
|-damage|p1a: Yveltal|76/100|[from] Stealth Rock
|-ability|p1a: Yveltal|Dark Aura
|turn|18
|
|t:|1667581339
|move|p2a: #|Roost|p2a: #
|-heal|p2a: #|64/100
|-singleturn|p2a: #|move: Roost
|move|p1a: Yveltal|Knock Off|p2a: #
|-resisted|p2a: #
|-damage|p2a: #|28/100
|-enditem|p2a: #|Heavy-Duty Boots|[from] move: Knock Off|[of] p1a: Yveltal
|
|upkeep
|turn|19
|
|t:|1667581342
|move|p1a: Yveltal|Knock Off|p2a: #
|-resisted|p2a: #
|-damage|p2a: #|4/100
|move|p2a: #|Roost|p2a: #
|-heal|p2a: #|54/100
|-singleturn|p2a: #|move: Roost
|
|upkeep
|turn|20
|
|t:|1667581345
|move|p2a: #|Roost|p2a: #
|-heal|p2a: #|100/100
|-singleturn|p2a: #|move: Roost
|move|p1a: Yveltal|Knock Off|p2a: #
|-resisted|p2a: #
|-damage|p2a: #|75/100
|
|upkeep
|turn|21
|
|t:|1667581350
|move|p1a: Yveltal|Knock Off|p2a: #
|-resisted|p2a: #
|-damage|p2a: #|51/100
|move|p2a: #|Hone Claws|p2a: #
|-boost|p2a: #|atk|1
|-boost|p2a: #|accuracy|1
|
|upkeep
|turn|22
|
|t:|1667581355
|move|p2a: #|Roost|p2a: #
|-heal|p2a: #|100/100
|-singleturn|p2a: #|move: Roost
|move|p1a: Yveltal|Taunt|p2a: #
|-start|p2a: #|move: Taunt
|
|upkeep
|turn|23
|
|t:|1667581360
|move|p1a: Yveltal|Knock Off|p2a: #
|-resisted|p2a: #
|-damage|p2a: #|78/100
|move|p2a: #|Knock Off|p1a: Yveltal
|-resisted|p1a: Yveltal
|-damage|p1a: Yveltal|25/100
|-enditem|p1a: Yveltal|Black Glasses|[from] move: Knock Off|[of] p2a: #
|
|upkeep
|turn|24
|
|t:|1667581362
|move|p2a: #|Sucker Punch||[still]
|-fail|p2a: #
|move|p1a: Yveltal|Roost|p1a: Yveltal
|-heal|p1a: Yveltal|76/100
|-singleturn|p1a: Yveltal|move: Roost
|
|upkeep
|turn|25
|
|t:|1667581369
|move|p1a: Yveltal|Knock Off|p2a: #
|-resisted|p2a: #
|-damage|p2a: #|57/100
|move|p2a: #|Knock Off|p1a: Yveltal
|-resisted|p1a: Yveltal
|-damage|p1a: Yveltal|46/100
|
|-end|p2a: #|move: Taunt
|upkeep
|turn|26
|
|t:|1667581374
|move|p2a: #|Roost|p2a: #
|-heal|p2a: #|100/100
|-singleturn|p2a: #|move: Roost
|move|p1a: Yveltal|Taunt|p2a: #
|-start|p2a: #|move: Taunt
|
|upkeep
|turn|27
|
|t:|1667581377
|move|p2a: #|Knock Off|p1a: Yveltal
|-resisted|p1a: Yveltal
|-damage|p1a: Yveltal|14/100
|move|p1a: Yveltal|Roost|p1a: Yveltal
|-heal|p1a: Yveltal|65/100
|-singleturn|p1a: Yveltal|move: Roost
|
|upkeep
|turn|28
|
|t:|1667581381
|move|p1a: Yveltal|Knock Off|p2a: #
|-resisted|p2a: #
|-damage|p2a: #|82/100
|move|p2a: #|Knock Off|p1a: Yveltal
|-resisted|p1a: Yveltal
|-damage|p1a: Yveltal|34/100
|
|upkeep
|turn|29
|
|t:|1667581384
|move|p1a: Yveltal|Roost|p1a: Yveltal
|-heal|p1a: Yveltal|84/100
|-singleturn|p1a: Yveltal|move: Roost
|move|p2a: #|Knock Off|p1a: Yveltal
|-resisted|p1a: Yveltal
|-damage|p1a: Yveltal|52/100
|
|-end|p2a: #|move: Taunt
|upkeep
|turn|30
|
|t:|1667581388
|move|p2a: #|Hone Claws|p2a: #
|-boost|p2a: #|atk|1
|-boost|p2a: #|accuracy|1
|move|p1a: Yveltal|Knock Off|p2a: #
|-resisted|p2a: #
|-damage|p2a: #|64/100
|
|upkeep
|turn|31
|
|t:|1667581394
|move|p1a: Yveltal|Knock Off|p2a: #
|-resisted|p2a: #
|-damage|p2a: #|46/100
|move|p2a: #|Roost|p2a: #
|-heal|p2a: #|96/100
|-singleturn|p2a: #|move: Roost
|
|upkeep
|turn|32
|
|t:|1667581398
|move|p1a: Yveltal|Knock Off|p2a: #
|-resisted|p2a: #
|-damage|p2a: #|76/100
|move|p2a: #|Knock Off|p1a: Yveltal
|-resisted|p1a: Yveltal
|-damage|p1a: Yveltal|13/100
|
|upkeep
|turn|33
|
|t:|1667581402
|move|p1a: Yveltal|Roost|p1a: Yveltal
|-heal|p1a: Yveltal|63/100
|-singleturn|p1a: Yveltal|move: Roost
|move|p2a: #|Roost|p2a: #
|-heal|p2a: #|100/100
|-singleturn|p2a: #|move: Roost
|
|upkeep
|turn|34
|
|t:|1667581405
|switch|p1a: Groudon|Groudon|100/100
|-damage|p1a: Groudon|94/100|[from] Stealth Rock
|-weather|SunnyDay|[from] ability: Drought|[of] p1a: Groudon
|move|p2a: #|Knock Off|p1a: Groudon
|-damage|p1a: Groudon|0 fnt
|-enditem|p1a: Groudon|Leftovers|[from] move: Knock Off|[of] p2a: #
|faint|p1a: Groudon
|
|-weather|SunnyDay|[upkeep]
|upkeep
|
|t:|1667581408
|switch|p1a: Calyrex|Calyrex-Shadow|100/100
|-ability|p1a: Calyrex|As One
|-ability|p1a: Calyrex|Unnerve
|-damage|p1a: Calyrex|88/100|[from] Stealth Rock
|turn|35
|
|t:|1667581410
|move|p1a: Calyrex|Nasty Plot|p1a: Calyrex
|-boost|p1a: Calyrex|spa|2
|move|p2a: #|Knock Off|p1a: Calyrex
|-supereffective|p1a: Calyrex
|-crit|p1a: Calyrex
|-damage|p1a: Calyrex|0 fnt
|-enditem|p1a: Calyrex|Focus Sash|[from] move: Knock Off|[of] p2a: #
|faint|p1a: Calyrex
|
|-weather|SunnyDay|[upkeep]
|upkeep
|
|t:|1667581414
|switch|p1a: Yveltal|Yveltal|63/100
|-damage|p1a: Yveltal|38/100|[from] Stealth Rock
|-ability|p1a: Yveltal|Dark Aura
|turn|36
|
|t:|1667581417
|move|p1a: Yveltal|Sucker Punch|p2a: #
|-resisted|p2a: #
|-damage|p2a: #|79/100
|move|p2a: #|Knock Off|p1a: Yveltal
|-resisted|p1a: Yveltal
|-damage|p1a: Yveltal|0 fnt
|faint|p1a: Yveltal
|
|win|estarflower
|raw|Ultramanball1's rating: 1489 &rarr; <strong>1469</strong><br />(-20 for losing)
|raw|estarflower's rating: 1493 &rarr; <strong>1513</strong><br />(+20 for winning)
|c|☆Ultramanball1|GG
|l| simbavenus
|c|☆estarflower|gg
|l|☆Ultramanball1
||Ladder isn't responding, score probably updated but might not have (Request timeout).
