|j|☆HaxxSel♔
|j|☆gye5
|t:|1661786671
|gametype|singles
|player|p1|HaxxSel♔|adaman|1480
|player|p2|gye5|blue|1591
|teamsize|p1|6
|teamsize|p2|6
|gen|8
|tier|[Gen 8] Ubers
|rated|
|rule|Sleep Clause Mod: Limit one foe put to sleep
|rule|Species Clause: Limit one of each Pokémon
|rule|OHKO Clause: OHKO moves are banned
|rule|Evasion Items Clause: Evasion items are banned
|rule|Evasion Moves Clause: Evasion moves are banned
|rule|Endless Battle Clause: Forcing endless battles is banned
|rule|HP Percentage Mod: HP is shown in percentages
|rule|Dynamax Clause: You cannot dynamax
|clearpoke
|poke|p1|Cloyster, F|
|poke|p1|Yveltal|
|poke|p1|Cinderace, F|
|poke|p1|Eternatus|
|poke|p1|Zekrom|
|poke|p1|Necrozma-Dusk-Mane|
|poke|p2|Calyrex-Ice|
|poke|p2|Ferrothorn, M|
|poke|p2|Groudon|
|poke|p2|Yveltal|
|poke|p2|Darmanitan-Galar, M|
|poke|p2|Eternatus|
|teampreview
|
|t:|1661786681
|start
|switch|p1a: Cloyster|Cloyster, F|100/100
|switch|p2a: Groudon|Groudon, shiny|100/100
|-weather|SunnyDay|[from] ability: Drought|[of] p2a: Groudon
|turn|1
|inactive|Battle timer is ON: inactive players will automatically lose when time's up. (requested by gye5)
|
|t:|1661786690
|move|p1a: Cloyster|Shell Smash|p1a: Cloyster
|-unboost|p1a: Cloyster|def|1
|-unboost|p1a: Cloyster|spd|1
|-boost|p1a: Cloyster|atk|2
|-boost|p1a: Cloyster|spa|2
|-boost|p1a: Cloyster|spe|2
|move|p2a: Groudon|Earthquake|p1a: Cloyster
|-damage|p1a: Cloyster|39/100
|
|-weather|SunnyDay|[upkeep]
|upkeep
|turn|2
|
|t:|1661786698
|move|p1a: Cloyster|Icicle Spear|p2a: Groudon
|-supereffective|p2a: Groudon
|-damage|p2a: Groudon|78/100
|-supereffective|p2a: Groudon
|-damage|p2a: Groudon|55/100
|-supereffective|p2a: Groudon
|-damage|p2a: Groudon|31/100
|-supereffective|p2a: Groudon
|-damage|p2a: Groudon|8/100
|-supereffective|p2a: Groudon
|-damage|p2a: Groudon|0 fnt
|faint|p2a: Groudon
|-hitcount|p2: Groudon|5
|
|-weather|SunnyDay|[upkeep]
|upkeep
|
|t:|1661786709
|switch|p2a: Ferrothorn|Ferrothorn, M, shiny|100/100
|turn|3
|
|t:|1661786738
|move|p1a: Cloyster|Icicle Spear|p2a: Ferrothorn
|-damage|p2a: Ferrothorn|82/100
|-damage|p2a: Ferrothorn|63/100
|-damage|p2a: Ferrothorn|45/100
|-damage|p2a: Ferrothorn|27/100
|-damage|p2a: Ferrothorn|10/100
|-hitcount|p2a: Ferrothorn|5
|move|p2a: Ferrothorn|Gyro Ball|p1a: Cloyster
|-damage|p1a: Cloyster|0 fnt
|faint|p1a: Cloyster
|
|-weather|SunnyDay|[upkeep]
|-heal|p2a: Ferrothorn|16/100|[from] item: Leftovers
|upkeep
|inactive|HaxxSel♔ has 120 seconds left.
|inactive|HaxxSel♔ has 90 seconds left.
|
|t:|1661786784
|switch|p1a: Necrozma|Necrozma-Dusk-Mane|100/100
|turn|4
|inactive|HaxxSel♔ has 90 seconds left.
|
|t:|1661786793
|move|p1a: Necrozma|Earthquake|p2a: Ferrothorn
|-damage|p2a: Ferrothorn|0 fnt
|faint|p2a: Ferrothorn
|
|-weather|SunnyDay|[upkeep]
|upkeep
|
|t:|1661786800
|switch|p2a: Calyrex|Calyrex-Ice|100/100
|-ability|p2a: Calyrex|As One
|-ability|p2a: Calyrex|Unnerve
|turn|5
|inactive|HaxxSel♔ has 90 seconds left.
|inactive|HaxxSel♔ has 60 seconds left.
|inactive|HaxxSel♔ has 30 seconds left.
|
|t:|1661786880
|move|p1a: Necrozma|Sunsteel Strike|p2a: Calyrex
|-supereffective|p2a: Calyrex
|-damage|p2a: Calyrex|5/100
|move|p2a: Calyrex|High Horsepower|p1a: Necrozma
|-supereffective|p1a: Necrozma
|-damage|p1a: Necrozma|23/100
|-enditem|p1a: Necrozma|Weakness Policy
|-boost|p1a: Necrozma|atk|2|[from] item: Weakness Policy
|-boost|p1a: Necrozma|spa|2|[from] item: Weakness Policy
|
|-weather|none
|upkeep
|turn|6
|inactive|HaxxSel♔ has 30 seconds left.
|
|t:|1661786890
|move|p1a: Necrozma|Sunsteel Strike|p2a: Calyrex
|-supereffective|p2a: Calyrex
|-damage|p2a: Calyrex|0 fnt
|faint|p2a: Calyrex
|
|upkeep
|
|t:|1661786895
|switch|p2a: Darmanitan|Darmanitan-Galar, M, shiny|100/100
|turn|7
|
|t:|1661786900
|move|p2a: Darmanitan|Icicle Crash|p1a: Necrozma
|-resisted|p1a: Necrozma
|-damage|p1a: Necrozma|0 fnt
|faint|p1a: Necrozma
|
|upkeep
|
|t:|1661786907
|switch|p1a: Cinderace|Cinderace, F|100/100
|turn|8
|
|t:|1661786920
|switch|p2a: Eternatus|Eternatus|100/100
|-ability|p2a: Eternatus|Pressure
|move|p1a: Cinderace|Double-Edge|p2a: Eternatus
|-start|p1a: Cinderace|typechange|Normal|[from] ability: Libero
|-enditem|p1a: Cinderace|Normal Gem|[from] gem
|-damage|p2a: Eternatus|45/100
|-damage|p1a: Cinderace|71/100|[from] Recoil
|
|-heal|p2a: Eternatus|51/100|[from] item: Black Sludge
|upkeep
|turn|9
|
|t:|1661786939
|switch|p1a: Yveltal|Yveltal|100/100
|-ability|p1a: Yveltal|Dark Aura
|move|p2a: Eternatus|Dynamax Cannon|p1a: Yveltal
|-damage|p1a: Yveltal|57/100
|
|-heal|p2a: Eternatus|57/100|[from] item: Black Sludge
|upkeep
|turn|10
|
|t:|1661786946
|move|p2a: Eternatus|Toxic|p1a: Yveltal
|-status|p1a: Yveltal|tox
|move|p1a: Yveltal|Taunt|p2a: Eternatus
|-start|p2a: Eternatus|move: Taunt
|
|-heal|p2a: Eternatus|64/100|[from] item: Black Sludge
|-damage|p1a: Yveltal|51/100 tox|[from] psn
|upkeep
|turn|11
|
|t:|1661786954
|switch|p2a: Yveltal|Yveltal, shiny|100/100
|-ability|p2a: Yveltal|Dark Aura
|move|p1a: Yveltal|Dark Pulse|p2a: Yveltal
|-resisted|p2a: Yveltal
|-crit|p2a: Yveltal
|-damage|p2a: Yveltal|75/100
|
|-damage|p1a: Yveltal|39/100 tox|[from] psn
|upkeep
|turn|12
|
|t:|1661786963
|move|p1a: Yveltal|Oblivion Wing|p2a: Yveltal
|-damage|p2a: Yveltal|52/100
|-heal|p1a: Yveltal|59/100 tox|[from] drain|[of] p2a: Yveltal
|move|p2a: Yveltal|U-turn|p1a: Yveltal
|-damage|p1a: Yveltal|37/100 tox
|
|t:|1661786970
|switch|p2a: Eternatus|Eternatus|64/100|[from]move: U-turn
|-ability|p2a: Eternatus|Pressure
|
|-heal|p2a: Eternatus|70/100|[from] item: Black Sludge
|-damage|p1a: Yveltal|18/100 tox|[from] psn
|upkeep
|turn|13
|
|t:|1661786977
|move|p2a: Eternatus|Recover|p2a: Eternatus
|-heal|p2a: Eternatus|100/100
|move|p1a: Yveltal|Dark Pulse|p2a: Eternatus
|-damage|p2a: Eternatus|59/100
|
|-heal|p2a: Eternatus|66/100|[from] item: Black Sludge
|-damage|p1a: Yveltal|0 fnt|[from] psn
|faint|p1a: Yveltal
|upkeep
|inactive|HaxxSel♔ has 60 seconds left.
|
|t:|1661786997
|switch|p1a: Zekrom|Zekrom|100/100
|-ability|p1a: Zekrom|Teravolt
|turn|14
|inactive|HaxxSel♔ has 60 seconds left.
|
|t:|1661787024
|move|p2a: Eternatus|Dynamax Cannon|p1a: Zekrom
|-supereffective|p1a: Zekrom
|-enditem|p1a: Zekrom|Haban Berry|[eat]
|-enditem|p1a: Zekrom|Haban Berry|[weaken]
|-damage|p1a: Zekrom|56/100
|move|p1a: Zekrom|Dragon Dance|p1a: Zekrom
|-boost|p1a: Zekrom|atk|1
|-boost|p1a: Zekrom|spe|1
|
|-heal|p2a: Eternatus|72/100|[from] item: Black Sludge
|upkeep
|turn|15
|
|t:|1661787032
|move|p1a: Zekrom|Dragon Claw|p2a: Eternatus
|-supereffective|p2a: Eternatus
|-damage|p2a: Eternatus|0 fnt
|faint|p2a: Eternatus
|
|upkeep
|
|t:|1661787036
|switch|p2a: Darmanitan|Darmanitan-Galar, M, shiny|100/100
|turn|16
|
|t:|1661787053
|move|p2a: Darmanitan|Earthquake|p1a: Zekrom
|-supereffective|p1a: Zekrom
|-damage|p1a: Zekrom|0 fnt
|faint|p1a: Zekrom
|
|upkeep
|
|t:|1661787060
|switch|p1a: Eternatus|Eternatus|100/100
|-ability|p1a: Eternatus|Pressure
|turn|17
|
|t:|1661787065
|move|p2a: Darmanitan|Earthquake|p1a: Eternatus
|-supereffective|p1a: Eternatus
|-damage|p1a: Eternatus|13/100
|move|p1a: Eternatus|Meteor Beam||[still]
|-prepare|p1a: Eternatus|Meteor Beam
|-boost|p1a: Eternatus|spa|1
|-enditem|p1a: Eternatus|Power Herb
|-anim|p1a: Eternatus|Meteor Beam|p2a: Darmanitan
|-supereffective|p2a: Darmanitan
|-damage|p2a: Darmanitan|0 fnt
|faint|p2a: Darmanitan
|
|upkeep
|
|t:|1661787074
|switch|p2a: Yveltal|Yveltal, shiny|52/100
|-ability|p2a: Yveltal|Dark Aura
|turn|18
|
|t:|1661787078
|move|p1a: Eternatus|Dynamax Cannon|p2a: Yveltal
|-damage|p2a: Yveltal|7/100
|move|p2a: Yveltal|Roost|p2a: Yveltal
|-heal|p2a: Yveltal|57/100
|-singleturn|p2a: Yveltal|move: Roost
|
|upkeep
|turn|19
|
|t:|1661787087
|move|p1a: Eternatus|Dynamax Cannon|p2a: Yveltal
|-damage|p2a: Yveltal|9/100
|move|p2a: Yveltal|Roost|p2a: Yveltal
|-heal|p2a: Yveltal|59/100
|-singleturn|p2a: Yveltal|move: Roost
|
|upkeep
|turn|20
|
|t:|1661787094
|move|p1a: Eternatus|Meteor Beam||[still]
|-prepare|p1a: Eternatus|Meteor Beam
|-boost|p1a: Eternatus|spa|1
|move|p2a: Yveltal|Roost|p2a: Yveltal
|-heal|p2a: Yveltal|100/100
|-singleturn|p2a: Yveltal|move: Roost
|
|upkeep
|turn|21
|
|t:|1661787100
|move|p1a: Eternatus|Meteor Beam|p2a: Yveltal|[from]lockedmove|[miss]
|-miss|p1a: Eternatus|p2a: Yveltal
|move|p2a: Yveltal|Knock Off|p1a: Eternatus
|-damage|p1a: Eternatus|0 fnt
|faint|p1a: Eternatus
|
|upkeep
|
|t:|1661787103
|switch|p1a: Cinderace|Cinderace, F|71/100
|turn|22
|
|t:|1661787111
|move|p1a: Cinderace|Bulk Up|p1a: Cinderace
|-start|p1a: Cinderace|typechange|Fighting|[from] ability: Libero
|-boost|p1a: Cinderace|atk|1
|-boost|p1a: Cinderace|def|1
|move|p2a: Yveltal|Knock Off|p1a: Cinderace
|-resisted|p1a: Cinderace
|-damage|p1a: Cinderace|52/100
|
|upkeep
|turn|23
|inactive|HaxxSel♔ has 90 seconds left.
|
|t:|1661787136
|move|p1a: Cinderace|Bulk Up|p1a: Cinderace
|-boost|p1a: Cinderace|atk|1
|-boost|p1a: Cinderace|def|1
|move|p2a: Yveltal|Knock Off|p1a: Cinderace
|-resisted|p1a: Cinderace
|-damage|p1a: Cinderace|39/100
|
|upkeep
|turn|24
|inactive|HaxxSel♔ has 90 seconds left.
|-message|gye5 forfeited.
|
|win|HaxxSel♔
|raw|HaxxSel♔'s rating: 1480 &rarr; <strong>1506</strong><br />(+26 for winning)
|raw|gye5's rating: 1591 &rarr; <strong>1565</strong><br />(-26 for losing)
|l|☆gye5
