|raw|<div class="broadcast-blue"><strong>This battle is required to be public due to a player having a name starting with 'ult4pdr'.</div>
|j|☆Trade
|j|☆ULT4PDR Kaioken
|t:|1654439570
|gametype|singles
|player|p1|Trade|may|1542
|player|p2|ULT4PDR Kaioken|169|1684
|teamsize|p1|6
|teamsize|p2|6
|gen|8
|tier|[Gen 8] Ubers
|rated|
|rule|Sleep Clause Mod: Limit one foe put to sleep
|rule|Species Clause: Limit one of each Pokémon
|rule|OHKO Clause: OHKO moves are banned
|rule|Evasion Moves Clause: Evasion moves are banned
|rule|Endless Battle Clause: Forcing endless battles is banned
|rule|HP Percentage Mod: HP is shown in percentages
|rule|Dynamax Clause: You cannot dynamax
|clearpoke
|poke|p1|Calyrex-Ice|
|poke|p1|Ferrothorn, F|
|poke|p1|Yveltal|
|poke|p1|Necrozma-Dusk-Mane|
|poke|p1|Eternatus|
|poke|p1|Marshadow|
|poke|p2|Slurpuff, M|
|poke|p2|Calyrex-Shadow|
|poke|p2|Xerneas-*|
|poke|p2|Eternatus|
|poke|p2|Yveltal|
|poke|p2|Necrozma-Dusk-Mane|
|teampreview
|
|t:|1654439606
|start
|switch|p1a: Yveltal|Yveltal|100/100
|switch|p2a: Slurpuff|Slurpuff, M|100/100
|-ability|p1a: Yveltal|Dark Aura
|turn|1
|
|t:|1654439620
|move|p2a: Slurpuff|Magic Coat|p2a: Slurpuff
|-singleturn|p2a: Slurpuff|move: Magic Coat
|move|p1a: Yveltal|Defog|p2a: Slurpuff
|move|p2a: Slurpuff|Defog|p1a: Yveltal|[from]Magic Coat
|-unboost|p1a: Yveltal|evasion|1
|
|upkeep
|turn|2
|
|t:|1654439624
|move|p2a: Slurpuff|Sticky Web|p1a: Yveltal
|-sidestart|p1: Trade|move: Sticky Web
|move|p1a: Yveltal|U-turn|p2a: Slurpuff
|-resisted|p2a: Slurpuff
|-damage|p2a: Slurpuff|87/100
|
|t:|1654439630
|switch|p1a: Ferrothorn|Ferrothorn, F|100/100|[from]move: U-turn
|-activate|p1a: Ferrothorn|move: Sticky Web
|-unboost|p1a: Ferrothorn|spe|1
|
|upkeep
|turn|3
|
|t:|1654439635
|move|p2a: Slurpuff|Magic Coat|p2a: Slurpuff
|-singleturn|p2a: Slurpuff|move: Magic Coat
|move|p1a: Ferrothorn|Iron Defense|p1a: Ferrothorn
|-boost|p1a: Ferrothorn|def|2
|
|upkeep
|turn|4
|
|t:|1654439640
|move|p2a: Slurpuff|Magic Coat|p2a: Slurpuff
|-singleturn|p2a: Slurpuff|move: Magic Coat
|move|p1a: Ferrothorn|Spikes|p2a: Slurpuff
|move|p2a: Slurpuff|Spikes|p1a: Ferrothorn|[from]Magic Coat
|-sidestart|p1: Trade|Spikes
|
|upkeep
|turn|5
|
|t:|1654439644
|move|p2a: Slurpuff|Magic Coat|p2a: Slurpuff
|-singleturn|p2a: Slurpuff|move: Magic Coat
|move|p1a: Ferrothorn|Iron Defense|p1a: Ferrothorn
|-boost|p1a: Ferrothorn|def|2
|
|upkeep
|turn|6
|j| ULT4PDR skimmy
|
|t:|1654439647
|move|p2a: Slurpuff|Magic Coat|p2a: Slurpuff
|-singleturn|p2a: Slurpuff|move: Magic Coat
|move|p1a: Ferrothorn|Leech Seed|p2a: Slurpuff
|move|p2a: Slurpuff|Leech Seed|p1a: Ferrothorn|[from]Magic Coat
|-immune|p1a: Ferrothorn
|
|upkeep
|turn|7
|
|t:|1654439651
|move|p2a: Slurpuff|Magic Coat|p2a: Slurpuff
|-singleturn|p2a: Slurpuff|move: Magic Coat
|move|p1a: Ferrothorn|Leech Seed|p2a: Slurpuff
|move|p2a: Slurpuff|Leech Seed|p1a: Ferrothorn|[from]Magic Coat
|-immune|p1a: Ferrothorn
|
|upkeep
|turn|8
|
|t:|1654439656
|move|p2a: Slurpuff|Endeavor|p1a: Ferrothorn
|-damage|p1a: Ferrothorn|76/100
|-damage|p2a: Slurpuff|75/100|[from] ability: Iron Barbs|[of] p1a: Ferrothorn
|move|p1a: Ferrothorn|Iron Defense|p1a: Ferrothorn
|-boost|p1a: Ferrothorn|def|2
|
|-heal|p1a: Ferrothorn|82/100|[from] item: Leftovers
|upkeep
|turn|9
|
|t:|1654439659
|move|p2a: Slurpuff|Magic Coat|p2a: Slurpuff
|-singleturn|p2a: Slurpuff|move: Magic Coat
|move|p1a: Ferrothorn|Iron Defense|p1a: Ferrothorn
|-boost|p1a: Ferrothorn|def|0
|
|-heal|p1a: Ferrothorn|88/100|[from] item: Leftovers
|upkeep
|turn|10
|
|t:|1654439663
|move|p2a: Slurpuff|Magic Coat|p2a: Slurpuff
|-singleturn|p2a: Slurpuff|move: Magic Coat
|move|p1a: Ferrothorn|Iron Defense|p1a: Ferrothorn
|-boost|p1a: Ferrothorn|def|0
|
|-heal|p1a: Ferrothorn|95/100|[from] item: Leftovers
|upkeep
|turn|11
|
|t:|1654439666
|move|p2a: Slurpuff|Endeavor|p1a: Ferrothorn
|-damage|p1a: Ferrothorn|65/100
|-damage|p2a: Slurpuff|62/100|[from] ability: Iron Barbs|[of] p1a: Ferrothorn
|move|p1a: Ferrothorn|Leech Seed|p2a: Slurpuff
|-start|p2a: Slurpuff|move: Leech Seed
|
|-heal|p1a: Ferrothorn|71/100|[from] item: Leftovers
|-damage|p2a: Slurpuff|50/100|[from] Leech Seed|[of] p1a: Ferrothorn
|-heal|p1a: Ferrothorn|82/100|[silent]
|upkeep
|turn|12
|
|t:|1654439669
|move|p2a: Slurpuff|Magic Coat|p2a: Slurpuff
|-singleturn|p2a: Slurpuff|move: Magic Coat
|move|p1a: Ferrothorn|Iron Defense|p1a: Ferrothorn
|-boost|p1a: Ferrothorn|def|0
|
|-heal|p1a: Ferrothorn|88/100|[from] item: Leftovers
|-damage|p2a: Slurpuff|38/100|[from] Leech Seed|[of] p1a: Ferrothorn
|-heal|p1a: Ferrothorn|99/100|[silent]
|upkeep
|turn|13
|j| ULT4PDR montazak
|
|t:|1654439674
|move|p2a: Slurpuff|Magic Coat|p2a: Slurpuff
|-singleturn|p2a: Slurpuff|move: Magic Coat
|move|p1a: Ferrothorn|Iron Defense|p1a: Ferrothorn
|-boost|p1a: Ferrothorn|def|0
|
|-heal|p1a: Ferrothorn|100/100|[from] item: Leftovers
|-damage|p2a: Slurpuff|25/100|[from] Leech Seed|[of] p1a: Ferrothorn
|upkeep
|turn|14
|
|t:|1654439676
|move|p2a: Slurpuff|Endeavor|p1a: Ferrothorn
|-damage|p1a: Ferrothorn|22/100
|-damage|p2a: Slurpuff|13/100|[from] ability: Iron Barbs|[of] p1a: Ferrothorn
|move|p1a: Ferrothorn|Iron Defense|p1a: Ferrothorn
|-boost|p1a: Ferrothorn|def|0
|
|-heal|p1a: Ferrothorn|28/100|[from] item: Leftovers
|-damage|p2a: Slurpuff|0 fnt|[from] Leech Seed|[of] p1a: Ferrothorn
|-heal|p1a: Ferrothorn|39/100|[silent]
|faint|p2a: Slurpuff
|upkeep
|
|t:|1654439683
|switch|p2a: Eternatus|Eternatus|100/100
|-ability|p2a: Eternatus|Pressure
|turn|15
|
|t:|1654439688
|move|p2a: Eternatus|Substitute|p2a: Eternatus
|-start|p2a: Eternatus|Substitute
|-damage|p2a: Eternatus|76/100
|move|p1a: Ferrothorn|Leech Seed||[still]
|-fail|p1a: Ferrothorn
|
|-heal|p1a: Ferrothorn|45/100|[from] item: Leftovers
|upkeep
|turn|16
|j| Chickwayne
|
|t:|1654439720
|move|p2a: Eternatus|Flamethrower|p1a: Ferrothorn
|-supereffective|p1a: Ferrothorn
|-damage|p1a: Ferrothorn|0 fnt
|faint|p1a: Ferrothorn
|
|upkeep
|
|t:|1654439732
|switch|p1a: Calyrex|Calyrex-Ice|100/100
|-ability|p1a: Calyrex|As One
|-ability|p1a: Calyrex|Unnerve
|-activate|p1a: Calyrex|move: Sticky Web
|-unboost|p1a: Calyrex|spe|1
|-damage|p1a: Calyrex|88/100|[from] Spikes
|turn|17
|
|t:|1654439737
|move|p2a: Eternatus|Meteor Beam||[still]
|-prepare|p2a: Eternatus|Meteor Beam
|-boost|p2a: Eternatus|spa|1
|-enditem|p2a: Eternatus|Power Herb
|-anim|p2a: Eternatus|Meteor Beam|p1a: Calyrex
|-supereffective|p1a: Calyrex
|-damage|p1a: Calyrex|0 fnt
|faint|p1a: Calyrex
|
|upkeep
|-message|Trade forfeited.
|
|win|ULT4PDR Kaioken
|raw|Trade's rating: 1542 &rarr; <strong>1530</strong><br />(-12 for losing)
|raw|ULT4PDR Kaioken's rating: 1684 &rarr; <strong>1696</strong><br />(+12 for winning)
|l|☆Trade
