|j|☆hanshappy
|j|☆tesla roadster
|t:|1660391283
|gametype|singles
|player|p1|hanshappy|265|1472
|player|p2|tesla roadster|169|1515
|teamsize|p1|6
|teamsize|p2|6
|gen|8
|tier|[Gen 8] Ubers
|rated|
|rule|Sleep Clause Mod: Limit one foe put to sleep
|rule|Species Clause: Limit one of each Pokémon
|rule|OHKO Clause: OHKO moves are banned
|rule|Evasion Items Clause: Evasion items are banned
|rule|Evasion Moves Clause: Evasion moves are banned
|rule|Endless Battle Clause: Forcing endless battles is banned
|rule|HP Percentage Mod: HP is shown in percentages
|rule|Dynamax Clause: You cannot dynamax
|clearpoke
|poke|p1|Yveltal|
|poke|p1|Eternatus|
|poke|p1|Necrozma-Dusk-Mane|
|poke|p1|Ferrothorn, M|
|poke|p1|Xerneas-*|
|poke|p1|Zygarde|
|poke|p2|Dracovish|
|poke|p2|Kyogre|
|poke|p2|Magearna|
|poke|p2|Porygon2|
|poke|p2|Cresselia, F|
|poke|p2|Hatterene, F|
|teampreview
|inactive|Battle timer is ON: inactive players will automatically lose when time's up. (requested by hanshappy)
|
|t:|1660391342
|start
|switch|p1a: Necrozma|Necrozma-Dusk-Mane|100/100
|switch|p2a: Kyogre|Kyogre|100/100
|-weather|RainDance|[from] ability: Drizzle|[of] p2a: Kyogre
|turn|1
|
|t:|1660391349
|switch|p1a: Ferrothorn|Ferrothorn, M|100/100
|move|p2a: Kyogre|Water Spout|p1a: Ferrothorn
|-resisted|p1a: Ferrothorn
|-damage|p1a: Ferrothorn|56/100
|
|-weather|RainDance|[upkeep]
|-heal|p1a: Ferrothorn|62/100|[from] item: Leftovers
|upkeep
|turn|2
|
|t:|1660391355
|switch|p2a: Hatterene|Hatterene, F|100/100
|move|p1a: Ferrothorn|Knock Off|p2a: Hatterene
|-damage|p2a: Hatterene|77/100
|-enditem|p2a: Hatterene|Focus Sash|[from] move: Knock Off|[of] p1a: Ferrothorn
|
|-weather|RainDance|[upkeep]
|-heal|p1a: Ferrothorn|68/100|[from] item: Leftovers
|upkeep
|turn|3
|
|t:|1660391364
|move|p1a: Ferrothorn|Power Whip|p2a: Hatterene
|-damage|p2a: Hatterene|34/100
|move|p2a: Hatterene|Trick Room|p2a: Hatterene
|-fieldstart|move: Trick Room|[of] p2a: Hatterene
|
|-weather|RainDance|[upkeep]
|-heal|p1a: Ferrothorn|75/100|[from] item: Leftovers
|upkeep
|turn|4
|
|t:|1660391376
|move|p2a: Hatterene|Mystical Fire|p1a: Ferrothorn
|-supereffective|p1a: Ferrothorn
|-damage|p1a: Ferrothorn|39/100
|-unboost|p1a: Ferrothorn|spa|1
|move|p1a: Ferrothorn|Power Whip|p2a: Hatterene
|-damage|p2a: Hatterene|0 fnt
|faint|p2a: Hatterene
|
|-weather|RainDance|[upkeep]
|-heal|p1a: Ferrothorn|46/100|[from] item: Leftovers
|upkeep
|
|t:|1660391383
|switch|p2a: Dracovish|Dracovish|100/100
|turn|5
|
|t:|1660391389
|move|p1a: Ferrothorn|Knock Off|p2a: Dracovish
|-damage|p2a: Dracovish|83/100
|-enditem|p2a: Dracovish|Choice Band|[from] move: Knock Off|[of] p1a: Ferrothorn
|move|p2a: Dracovish|Fishious Rend|p1a: Ferrothorn
|-resisted|p1a: Ferrothorn
|-damage|p1a: Ferrothorn|11/100
|-damage|p2a: Dracovish|71/100|[from] ability: Iron Barbs|[of] p1a: Ferrothorn
|
|-weather|none
|-heal|p1a: Ferrothorn|18/100|[from] item: Leftovers
|upkeep
|turn|6
|
|t:|1660391399
|move|p1a: Ferrothorn|Leech Seed|p2a: Dracovish
|-start|p2a: Dracovish|move: Leech Seed
|move|p2a: Dracovish|Fishious Rend|p1a: Ferrothorn
|-resisted|p1a: Ferrothorn
|-damage|p1a: Ferrothorn|0 fnt
|-damage|p2a: Dracovish|58/100|[from] ability: Iron Barbs|[of] p1a: Ferrothorn
|faint|p1a: Ferrothorn
|
|upkeep
|
|t:|1660391408
|switch|p1a: Necrozma|Necrozma-Dusk-Mane|100/100
|turn|7
|
|t:|1660391420
|switch|p2a: Porygon2|Porygon2|100/100
|-ability|p2a: Porygon2|Prism Armor|[from] ability: Trace|[of] p1a: Necrozma
|move|p1a: Necrozma|Stealth Rock|p2a: Porygon2
|-sidestart|p2: tesla roadster|move: Stealth Rock
|
|-fieldend|move: Trick Room
|upkeep
|turn|8
|
|t:|1660391432
|move|p1a: Necrozma|Thunder Wave|p2a: Porygon2
|-status|p2a: Porygon2|par
|move|p2a: Porygon2|Reflect|p2a: Porygon2
|-sidestart|p2: tesla roadster|Reflect
|
|upkeep
|turn|9
|
|t:|1660391439
|move|p1a: Necrozma|Iron Head|p2a: Porygon2
|-damage|p2a: Porygon2|91/100 par
|cant|p2a: Porygon2|par
|
|upkeep
|turn|10
|
|t:|1660391451
|move|p1a: Necrozma|Iron Head|p2a: Porygon2
|-damage|p2a: Porygon2|82/100 par
|cant|p2a: Porygon2|par
|
|upkeep
|turn|11
|
|t:|1660391456
|move|p1a: Necrozma|Iron Head|p2a: Porygon2
|-damage|p2a: Porygon2|73/100 par
|cant|p2a: Porygon2|flinch
|
|upkeep
|turn|12
|
|t:|1660391460
|move|p1a: Necrozma|Iron Head|p2a: Porygon2
|-damage|p2a: Porygon2|63/100 par
|move|p2a: Porygon2|Trick Room|p2a: Porygon2
|-fieldstart|move: Trick Room|[of] p2a: Porygon2
|
|-sideend|p2: tesla roadster|Reflect
|upkeep
|turn|13
|
|t:|1660391470
|switch|p2a: Dracovish|Dracovish|58/100
|-damage|p2a: Dracovish|46/100|[from] Stealth Rock
|move|p1a: Necrozma|Iron Head|p2a: Dracovish
|-resisted|p2a: Dracovish
|-crit|p2a: Dracovish
|-damage|p2a: Dracovish|18/100
|
|upkeep
|turn|14
|
|t:|1660391476
|move|p2a: Dracovish|Fishious Rend|p1a: Necrozma
|-damage|p1a: Necrozma|17/100
|move|p1a: Necrozma|Iron Head|p2a: Dracovish
|-resisted|p2a: Dracovish
|-damage|p2a: Dracovish|1/100
|
|-heal|p1a: Necrozma|23/100|[from] item: Leftovers
|upkeep
|turn|15
|
|t:|1660391500
|switch|p1a: Zygarde|Zygarde|100/100
|move|p2a: Dracovish|Fishious Rend|p1a: Zygarde
|-crit|p1a: Zygarde
|-damage|p1a: Zygarde|8/100
|
|-heal|p1a: Zygarde|14/100|[from] item: Leftovers
|-activate|p1a: Zygarde|ability: Power Construct
|detailschange|p1a: Zygarde|Zygarde-Complete
|-heal|p1a: Zygarde|44/100|[silent]
|upkeep
|turn|16
|
|t:|1660391512
|switch|p2a: Cresselia|Cresselia, F|100/100
|-damage|p2a: Cresselia|88/100|[from] Stealth Rock
|move|p1a: Zygarde|Coil|p1a: Zygarde
|-boost|p1a: Zygarde|atk|1
|-boost|p1a: Zygarde|def|1
|-boost|p1a: Zygarde|accuracy|1
|
|-heal|p1a: Zygarde|50/100|[from] item: Leftovers
|-fieldend|move: Trick Room
|upkeep
|turn|17
|
|t:|1660391520
|move|p1a: Zygarde|Glare|p2a: Cresselia
|-status|p2a: Cresselia|par
|move|p2a: Cresselia|Reflect|p2a: Cresselia
|-sidestart|p2: tesla roadster|Reflect
|
|-heal|p1a: Zygarde|56/100|[from] item: Leftovers
|upkeep
|turn|18
|
|t:|1660391533
|switch|p2a: Magearna|Magearna|100/100
|-damage|p2a: Magearna|94/100|[from] Stealth Rock
|move|p1a: Zygarde|Coil|p1a: Zygarde
|-boost|p1a: Zygarde|atk|1
|-boost|p1a: Zygarde|def|1
|-boost|p1a: Zygarde|accuracy|1
|
|-heal|p1a: Zygarde|63/100|[from] item: Leftovers
|upkeep
|turn|19
|
|t:|1660391550
|move|p1a: Zygarde|Glare|p2a: Magearna
|-status|p2a: Magearna|par
|cant|p2a: Magearna|par
|
|-heal|p1a: Zygarde|69/100|[from] item: Leftovers
|upkeep
|turn|20
|
|t:|1660391557
|move|p1a: Zygarde|Coil|p1a: Zygarde
|-boost|p1a: Zygarde|atk|1
|-boost|p1a: Zygarde|def|1
|-boost|p1a: Zygarde|accuracy|1
|move|p2a: Magearna|Ice Beam|p1a: Zygarde
|-supereffective|p1a: Zygarde
|-damage|p1a: Zygarde|0 fnt
|faint|p1a: Zygarde
|-ability|p2a: Magearna|Soul-Heart|boost
|-boost|p2a: Magearna|spa|1
|
|upkeep
|
|t:|1660391567
|switch|p1a: Necrozma|Necrozma-Dusk-Mane|23/100
|turn|21
|
|t:|1660391579
|switch|p2a: Cresselia|Cresselia, F|88/100 par
|-damage|p2a: Cresselia|76/100 par|[from] Stealth Rock
|move|p1a: Necrozma|Morning Sun|p1a: Necrozma
|-heal|p1a: Necrozma|73/100
|
|-heal|p1a: Necrozma|79/100|[from] item: Leftovers
|-sideend|p2: tesla roadster|Reflect
|upkeep
|turn|22
|
|t:|1660391588
|move|p1a: Necrozma|Iron Head|p2a: Cresselia
|-damage|p2a: Cresselia|57/100 par
|move|p2a: Cresselia|Trick Room|p2a: Cresselia
|-fieldstart|move: Trick Room|[of] p2a: Cresselia
|
|-heal|p1a: Necrozma|85/100|[from] item: Leftovers
|upkeep
|turn|23
|
|t:|1660391604
|move|p2a: Cresselia|Lunar Dance|p2a: Cresselia
|faint|p2a: Cresselia
|move|p1a: Necrozma|Morning Sun|p1a: Necrozma
|-heal|p1a: Necrozma|100/100
|
|upkeep
|
|t:|1660391607
|switch|p2a: Dracovish|Dracovish|1/100
|-heal|p2a: Dracovish|100/100|[from] move: Lunar Dance
|-damage|p2a: Dracovish|88/100|[from] Stealth Rock
|turn|24
|j| Yati426
|
|t:|1660391623
|switch|p1a: Yveltal|Yveltal|100/100
|-ability|p1a: Yveltal|Dark Aura
|move|p2a: Dracovish|Fishious Rend|p1a: Yveltal
|-damage|p1a: Yveltal|8/100
|
|upkeep
|turn|25
|
|t:|1660391637
|move|p1a: Yveltal|Sucker Punch|p2a: Dracovish
|-damage|p2a: Dracovish|50/100
|move|p2a: Dracovish|Fishious Rend|p1a: Yveltal
|-damage|p1a: Yveltal|0 fnt
|faint|p1a: Yveltal
|
|upkeep
|
|t:|1660391644
|switch|p1a: Eternatus|Eternatus|100/100
|-ability|p1a: Eternatus|Pressure
|turn|26
|
|t:|1660391649
|move|p2a: Dracovish|Outrage|p1a: Eternatus
|-supereffective|p1a: Eternatus
|-damage|p1a: Eternatus|15/100
|move|p1a: Eternatus|Flamethrower|p2a: Dracovish
|-resisted|p2a: Dracovish
|-damage|p2a: Dracovish|41/100
|-status|p2a: Dracovish|brn
|
|-damage|p2a: Dracovish|35/100 brn|[from] brn
|-fieldend|move: Trick Room
|upkeep
|turn|27
|c|☆tesla roadster|broo
|
|t:|1660391659
|move|p1a: Eternatus|Recover|p1a: Eternatus
|-heal|p1a: Eternatus|65/100
|move|p2a: Dracovish|Outrage|p1a: Eternatus|[from]lockedmove
|-supereffective|p1a: Eternatus
|-damage|p1a: Eternatus|21/100
|
|-damage|p2a: Dracovish|29/100 brn|[from] brn
|upkeep
|turn|28
|
|t:|1660391665
|move|p1a: Eternatus|Recover|p1a: Eternatus
|-heal|p1a: Eternatus|71/100
|move|p2a: Dracovish|Outrage|p1a: Eternatus|[from]lockedmove
|-supereffective|p1a: Eternatus
|-damage|p1a: Eternatus|26/100
|-start|p2a: Dracovish|confusion|[fatigue]
|
|-damage|p2a: Dracovish|23/100 brn|[from] brn
|upkeep
|turn|29
|
|t:|1660391671
|move|p1a: Eternatus|Recover|p1a: Eternatus
|-heal|p1a: Eternatus|76/100
|-activate|p2a: Dracovish|confusion
|-damage|p2a: Dracovish|12/100 brn|[from] confusion
|
|-damage|p2a: Dracovish|6/100 brn|[from] brn
|upkeep
|turn|30
|-message|tesla roadster forfeited.
|
|win|hanshappy
|raw|hanshappy's rating: 1472 &rarr; <strong>1494</strong><br />(+22 for winning)
|raw|tesla roadster's rating: 1515 &rarr; <strong>1493</strong><br />(-22 for losing)
|l|☆tesla roadster
