|j|☆FoolyCooly54
|j|☆Black Shadow 666
|t:|1625713458
|gametype|singles
|player|p1|FoolyCooly54|jasmine|1334
|player|p2|Black Shadow 666|unknown|1557
|teamsize|p1|6
|teamsize|p2|6
|gen|8
|tier|[Gen 8] Ubers
|rated|
|rule|Sleep Clause Mod: Limit one foe put to sleep
|rule|Species Clause: Limit one of each Pokémon
|rule|OHKO Clause: OHKO moves are banned
|rule|Evasion Moves Clause: Evasion moves are banned
|rule|Endless Battle Clause: Forcing endless battles is banned
|rule|HP Percentage Mod: HP is shown in percentages
|rule|Dynamax Clause: You cannot dynamax
|clearpoke
|poke|p1|Giratina-Origin|
|poke|p1|Yveltal|
|poke|p1|Ferrothorn, M|
|poke|p1|Rayquaza|
|poke|p1|Dialga|
|poke|p1|Ho-Oh|
|poke|p2|Regieleki|
|poke|p2|Necrozma-Dusk-Mane|
|poke|p2|Yveltal|
|poke|p2|Ho-Oh|
|poke|p2|Kyogre|
|poke|p2|Zygarde|
|teampreview
|inactive|Battle timer is ON: inactive players will automatically lose when time's up. (requested by FoolyCooly54)
|
|t:|1625713474
|start
|switch|p1a: Yveltal|Yveltal|100/100
|switch|p2a: Yveltal|Yveltal|100/100
|-ability|p1a: Yveltal|Dark Aura
|-ability|p2a: Yveltal|Dark Aura
|turn|1
|
|t:|1625713478
|switch|p2a: Ho-Oh|Ho-Oh, shiny|100/100
|move|p1a: Yveltal|Knock Off|p2a: Ho-Oh
|-damage|p2a: Ho-Oh|60/100
|-enditem|p2a: Ho-Oh|Heavy-Duty Boots|[from] move: Knock Off|[of] p1a: Yveltal
|
|upkeep
|turn|2
|
|t:|1625713484
|move|p1a: Yveltal|Taunt|p2a: Ho-Oh
|-start|p2a: Ho-Oh|move: Taunt
|cant|p2a: Ho-Oh|move: Taunt|Toxic
|
|upkeep
|turn|3
|
|t:|1625713490
|move|p1a: Yveltal|Sucker Punch|p2a: Ho-Oh
|-damage|p2a: Ho-Oh|27/100
|move|p2a: Ho-Oh|Sacred Fire|p1a: Yveltal
|-damage|p1a: Yveltal|57/100
|
|upkeep
|turn|4
|
|t:|1625713497
|switch|p2a: Yveltal|Yveltal|100/100
|-ability|p2a: Yveltal|Dark Aura
|move|p1a: Yveltal|Knock Off|p2a: Yveltal
|-resisted|p2a: Yveltal
|-damage|p2a: Yveltal|68/100
|-enditem|p2a: Yveltal|Life Orb|[from] move: Knock Off|[of] p1a: Yveltal
|
|upkeep
|turn|5
|
|t:|1625713505
|move|p1a: Yveltal|Oblivion Wing|p2a: Yveltal
|-damage|p2a: Yveltal|43/100
|-heal|p1a: Yveltal|76/100|[from] drain|[of] p2a: Yveltal
|move|p2a: Yveltal|Oblivion Wing|p1a: Yveltal
|-damage|p1a: Yveltal|33/100
|-heal|p2a: Yveltal|75/100|[from] drain|[of] p1a: Yveltal
|
|upkeep
|turn|6
|
|t:|1625713514
|switch|p1a: Ho-Oh|Ho-Oh|100/100
|move|p2a: Yveltal|Oblivion Wing|p1a: Ho-Oh
|-damage|p1a: Ho-Oh|83/100
|-heal|p2a: Yveltal|88/100|[from] drain|[of] p1a: Ho-Oh
|
|upkeep
|turn|7
|
|t:|1625713524
|switch|p2a: Necrozma|Necrozma-Dusk-Mane, shiny|100/100
|move|p1a: Ho-Oh|Sacred Fire|p2a: Necrozma
|-supereffective|p2a: Necrozma
|-damage|p2a: Necrozma|40/100
|
|-heal|p2a: Necrozma|46/100|[from] item: Leftovers
|upkeep
|turn|8
|
|t:|1625713531
|switch|p2a: Ho-Oh|Ho-Oh, shiny|61/100
|move|p1a: Ho-Oh|Sacred Fire|p2a: Ho-Oh
|-resisted|p2a: Ho-Oh
|-damage|p2a: Ho-Oh|43/100
|
|upkeep
|turn|9
|
|t:|1625713537
|switch|p1a: Ferrothorn|Ferrothorn, M|100/100
|move|p2a: Ho-Oh|Toxic|p1a: Ferrothorn
|-immune|p1a: Ferrothorn
|
|upkeep
|turn|10
|j| Neutralist
|
|t:|1625713544
|switch|p1a: Rayquaza|Rayquaza|100/100
|-ability|p1a: Rayquaza|Air Lock
|move|p2a: Ho-Oh|Toxic|p1a: Rayquaza
|-status|p1a: Rayquaza|tox
|-enditem|p1a: Rayquaza|Lum Berry|[eat]
|-curestatus|p1a: Rayquaza|tox|[msg]
|
|upkeep
|turn|11
|
|t:|1625713551
|switch|p2a: Zygarde|Zygarde|100/100
|move|p1a: Rayquaza|Dragon Ascent|p2a: Zygarde
|-damage|p2a: Zygarde|63/100
|-unboost|p1a: Rayquaza|def|1
|-unboost|p1a: Rayquaza|spd|1
|
|-heal|p2a: Zygarde|70/100|[from] item: Leftovers
|upkeep
|turn|12
|
|t:|1625713562
|switch|p1a: Dialga|Dialga|100/100
|-ability|p1a: Dialga|Pressure
|move|p2a: Zygarde|Glare|p1a: Dialga
|-status|p1a: Dialga|par
|
|-heal|p2a: Zygarde|76/100|[from] item: Leftovers
|upkeep
|turn|13
|
|t:|1625713567
|switch|p2a: Necrozma|Necrozma-Dusk-Mane, shiny|46/100
|switch|p1a: Giratina|Giratina-Origin|100/100
|
|-heal|p2a: Necrozma|52/100|[from] item: Leftovers
|upkeep
|turn|14
|l| Neutralist
|
|t:|1625713569
|move|p1a: Giratina|Poltergeist|p2a: Necrozma
|-activate|p2a: Necrozma|move: Poltergeist|Leftovers
|-supereffective|p2a: Necrozma
|-damage|p2a: Necrozma|0 fnt
|faint|p2a: Necrozma
|
|upkeep
|j| Neutralist
|
|t:|1625713574
|switch|p2a: Yveltal|Yveltal|88/100
|-ability|p2a: Yveltal|Dark Aura
|turn|15
|
|t:|1625713579
|switch|p1a: Ferrothorn|Ferrothorn, M|100/100
|move|p2a: Yveltal|Dark Pulse|p1a: Ferrothorn
|-damage|p1a: Ferrothorn|52/100
|
|upkeep
|turn|16
|
|t:|1625713588
|switch|p1a: Ho-Oh|Ho-Oh|100/100
|move|p2a: Yveltal|Dark Pulse|p1a: Ho-Oh
|-damage|p1a: Ho-Oh|78/100
|
|upkeep
|turn|17
|
|t:|1625713594
|move|p1a: Ho-Oh|Brave Bird|p2a: Yveltal
|-damage|p2a: Yveltal|29/100
|-damage|p1a: Ho-Oh|59/100|[from] Recoil
|move|p2a: Yveltal|Dark Pulse|p1a: Ho-Oh
|-damage|p1a: Ho-Oh|36/100
|
|upkeep
|turn|18
|
|t:|1625713601
|switch|p2a: Regieleki|Regieleki|100/100
|move|p1a: Ho-Oh|Brave Bird|p2a: Regieleki
|-resisted|p2a: Regieleki
|-damage|p2a: Regieleki|40/100
|-damage|p1a: Ho-Oh|20/100|[from] Recoil
|
|upkeep
|turn|19
|
|t:|1625713610
|switch|p1a: Ferrothorn|Ferrothorn, M|52/100
|move|p2a: Regieleki|Volt Switch|p1a: Ferrothorn
|-resisted|p1a: Ferrothorn
|-damage|p1a: Ferrothorn|22/100
|
|t:|1625713621
|switch|p2a: Kyogre|Kyogre|100/100|[from]move: Volt Switch
|-weather|RainDance|[from] ability: Drizzle|[of] p2a: Kyogre
|
|-weather|RainDance|[upkeep]
|upkeep
|turn|20
|
|t:|1625713624
|move|p2a: Kyogre|Water Spout|p1a: Ferrothorn
|-resisted|p1a: Ferrothorn
|-damage|p1a: Ferrothorn|0 fnt
|faint|p1a: Ferrothorn
|
|-weather|RainDance|[upkeep]
|upkeep
|
|t:|1625713633
|switch|p1a: Yveltal|Yveltal|33/100
|-ability|p1a: Yveltal|Dark Aura
|turn|21
|
|t:|1625713635
|move|p1a: Yveltal|Sucker Punch|p2a: Kyogre
|-damage|p2a: Kyogre|56/100
|move|p2a: Kyogre|Water Spout|p1a: Yveltal
|-damage|p1a: Yveltal|0 fnt
|faint|p1a: Yveltal
|
|-weather|RainDance|[upkeep]
|upkeep
|
|t:|1625713640
|switch|p1a: Rayquaza|Rayquaza|100/100
|-ability|p1a: Rayquaza|Air Lock
|turn|22
|
|t:|1625713648
|switch|p2a: Zygarde|Zygarde|76/100
|move|p1a: Rayquaza|Dragon Dance|p1a: Rayquaza
|-boost|p1a: Rayquaza|atk|1
|-boost|p1a: Rayquaza|spe|1
|
|-weather|RainDance|[upkeep]
|-heal|p2a: Zygarde|82/100|[from] item: Leftovers
|upkeep
|turn|23
|
|t:|1625713653
|move|p1a: Rayquaza|Dragon Ascent|p2a: Zygarde
|-damage|p2a: Zygarde|25/100
|-unboost|p1a: Rayquaza|def|1
|-unboost|p1a: Rayquaza|spd|1
|move|p2a: Zygarde|Glare|p1a: Rayquaza
|-status|p1a: Rayquaza|par
|
|-weather|none
|-heal|p2a: Zygarde|31/100|[from] item: Leftovers
|-activate|p2a: Zygarde|ability: Power Construct
|detailschange|p2a: Zygarde|Zygarde-Complete
|-heal|p2a: Zygarde|55/100|[silent]
|upkeep
|turn|24
|c| Neutralist|funni
|
|t:|1625713664
|switch|p2a: Yveltal|Yveltal|29/100
|-ability|p2a: Yveltal|Dark Aura
|cant|p1a: Rayquaza|par
|
|upkeep
|turn|25
|
|t:|1625713678
|move|p1a: Rayquaza|Extreme Speed|p2a: Yveltal
|-damage|p2a: Yveltal|0 fnt
|faint|p2a: Yveltal
|
|upkeep
|
|t:|1625713690
|switch|p2a: Kyogre|Kyogre|56/100
|-weather|RainDance|[from] ability: Drizzle|[of] p2a: Kyogre
|turn|26
|
|t:|1625713697
|move|p1a: Rayquaza|Extreme Speed|p2a: Kyogre
|-damage|p2a: Kyogre|11/100
|move|p2a: Kyogre|Ice Beam|p1a: Rayquaza
|-supereffective|p1a: Rayquaza
|-damage|p1a: Rayquaza|0 fnt
|faint|p1a: Rayquaza
|
|-weather|RainDance|[upkeep]
|upkeep
|
|t:|1625713704
|switch|p1a: Giratina|Giratina-Origin|100/100
|turn|27
|
|t:|1625713710
|switch|p2a: Ho-Oh|Ho-Oh, shiny|76/100
|move|p1a: Giratina|Shadow Sneak|p2a: Ho-Oh
|-damage|p2a: Ho-Oh|59/100
|
|-weather|RainDance|[upkeep]
|upkeep
|turn|28
|
|t:|1625713737
|switch|p1a: Dialga|Dialga|100/100 par
|-ability|p1a: Dialga|Pressure
|move|p2a: Ho-Oh|Toxic||[still]
|-fail|p2a: Ho-Oh
|
|-weather|RainDance|[upkeep]
|upkeep
|turn|29
|
|t:|1625713745
|move|p2a: Ho-Oh|Defog|p1a: Dialga
|-unboost|p1a: Dialga|evasion|1
|-enditem|p1a: Dialga|White Herb
|-clearnegativeboost|p1a: Dialga|[silent]
|cant|p1a: Dialga|par
|
|-weather|RainDance|[upkeep]
|upkeep
|turn|30
|
|t:|1625713752
|move|p2a: Ho-Oh|Recover|p2a: Ho-Oh
|-heal|p2a: Ho-Oh|100/100
|move|p1a: Dialga|Flash Cannon|p2a: Ho-Oh
|-resisted|p2a: Ho-Oh
|-damage|p2a: Ho-Oh|85/100
|
|-weather|none
|upkeep
|turn|31
|c| Neutralist|wait what
|c| Neutralist|white herb dialga
|c|☆Black Shadow 666|lol
|c| Neutralist|i have several questions
|inactive|Black Shadow 666 has 120 seconds left.
|
|t:|1625713783
|switch|p1a: Ho-Oh|Ho-Oh|53/100
|move|p2a: Ho-Oh|Toxic|p1a: Ho-Oh|[miss]
|-miss|p2a: Ho-Oh|p1a: Ho-Oh
|
|upkeep
|turn|32
|
|t:|1625713789
|switch|p1a: Dialga|Dialga|100/100 par
|-ability|p1a: Dialga|Pressure
|move|p2a: Ho-Oh|Toxic||[still]
|-fail|p2a: Ho-Oh
|
|upkeep
|turn|33
|c|☆Black Shadow 666|u fuckin serious
|
|t:|1625713798
|move|p2a: Ho-Oh|Recover|p2a: Ho-Oh
|-heal|p2a: Ho-Oh|100/100
|move|p1a: Dialga|Flash Cannon|p2a: Ho-Oh
|-resisted|p2a: Ho-Oh
|-damage|p2a: Ho-Oh|87/100
|
|upkeep
|turn|34
|
|t:|1625713808
|move|p2a: Ho-Oh|Sacred Fire|p1a: Dialga
|-damage|p1a: Dialga|71/100 par
|move|p1a: Dialga|Flash Cannon|p2a: Ho-Oh
|-resisted|p2a: Ho-Oh
|-damage|p2a: Ho-Oh|72/100
|
|upkeep
|turn|35
|c| Neutralist|drip
|
|t:|1625713818
|move|p2a: Ho-Oh|Toxic||[still]
|-fail|p2a: Ho-Oh
|cant|p1a: Dialga|par
|
|upkeep
|turn|36
|
|t:|1625713822
|move|p2a: Ho-Oh|Toxic||[still]
|-fail|p2a: Ho-Oh
|move|p1a: Dialga|Flash Cannon|p2a: Ho-Oh
|-resisted|p2a: Ho-Oh
|-damage|p2a: Ho-Oh|59/100
|
|upkeep
|turn|37
|c| Neutralist|every time i see sacred fire i go "drip" for some reason
|
|t:|1625713827
|move|p2a: Ho-Oh|Recover|p2a: Ho-Oh
|-heal|p2a: Ho-Oh|100/100
|move|p1a: Dialga|Flash Cannon|p2a: Ho-Oh
|-resisted|p2a: Ho-Oh
|-damage|p2a: Ho-Oh|85/100
|
|upkeep
|turn|38
|
|t:|1625713834
|move|p2a: Ho-Oh|Sacred Fire|p1a: Dialga
|-damage|p1a: Dialga|42/100 par
|move|p1a: Dialga|Flash Cannon|p2a: Ho-Oh
|-resisted|p2a: Ho-Oh
|-damage|p2a: Ho-Oh|71/100
|
|upkeep
|turn|39
|
|t:|1625713839
|move|p2a: Ho-Oh|Toxic|p1a: Dialga|[miss]
|-miss|p2a: Ho-Oh|p1a: Dialga
|move|p1a: Dialga|Flash Cannon|p2a: Ho-Oh
|-resisted|p2a: Ho-Oh
|-damage|p2a: Ho-Oh|57/100
|-unboost|p2a: Ho-Oh|spd|1
|
|upkeep
|turn|40
|
|t:|1625713846
|switch|p2a: Regieleki|Regieleki|40/100
|cant|p1a: Dialga|par
|
|upkeep
|turn|41
|c| Neutralist|yink
|
|t:|1625713861
|move|p2a: Regieleki|Thunderbolt|p1a: Dialga
|-resisted|p1a: Dialga
|-damage|p1a: Dialga|3/100 par
|move|p1a: Dialga|Flash Cannon|p2a: Regieleki
|-resisted|p2a: Regieleki
|-damage|p2a: Regieleki|0 fnt
|faint|p2a: Regieleki
|
|upkeep
|c| Neutralist|funni time
|
|t:|1625713874
|switch|p2a: Kyogre|Kyogre|11/100
|-weather|RainDance|[from] ability: Drizzle|[of] p2a: Kyogre
|turn|42
|
|t:|1625713882
|move|p2a: Kyogre|Origin Pulse|p1a: Dialga|[miss]
|-miss|p2a: Kyogre|p1a: Dialga
|move|p1a: Dialga|Flash Cannon|p2a: Kyogre
|-resisted|p2a: Kyogre
|-damage|p2a: Kyogre|0 fnt
|faint|p2a: Kyogre
|
|-weather|RainDance|[upkeep]
|upkeep
|
|t:|1625713886
|switch|p2a: Zygarde|Zygarde-Complete|55/100
|turn|43
|c| Neutralist|W H A T.
|
|t:|1625713898
|move|p2a: Zygarde|Substitute|p2a: Zygarde
|-start|p2a: Zygarde|Substitute
|-damage|p2a: Zygarde|30/100
|move|p1a: Dialga|Draco Meteor|p2a: Zygarde
|-supereffective|p2a: Zygarde
|-end|p2a: Zygarde|Substitute
|-unboost|p1a: Dialga|spa|2
|
|-weather|RainDance|[upkeep]
|-heal|p2a: Zygarde|36/100|[from] item: Leftovers
|upkeep
|turn|44
|c| Neutralist|bro that sucks
|
|t:|1625713904
|move|p2a: Zygarde|Dragon Dance|p2a: Zygarde
|-boost|p2a: Zygarde|atk|1
|-boost|p2a: Zygarde|spe|1
|move|p1a: Dialga|Draco Meteor|p2a: Zygarde
|-supereffective|p2a: Zygarde
|-damage|p2a: Zygarde|0 fnt
|-unboost|p1a: Dialga|spa|2
|faint|p2a: Zygarde
|
|-weather|RainDance|[upkeep]
|upkeep
|
|t:|1625713909
|switch|p2a: Ho-Oh|Ho-Oh, shiny|90/100
|turn|45
|
|t:|1625713915
|switch|p1a: Giratina|Giratina-Origin|100/100
|move|p2a: Ho-Oh|Toxic|p1a: Giratina
|-status|p1a: Giratina|tox
|
|-weather|RainDance|[upkeep]
|-damage|p1a: Giratina|94/100 tox|[from] psn
|upkeep
|turn|46
|
|t:|1625713922
|move|p2a: Ho-Oh|Recover|p2a: Ho-Oh
|-heal|p2a: Ho-Oh|100/100
|move|p1a: Giratina|Thunder Wave|p2a: Ho-Oh
|-status|p2a: Ho-Oh|par
|
|-weather|none
|-damage|p1a: Giratina|82/100 tox|[from] psn
|upkeep
|turn|47
|
|t:|1625713928
|move|p1a: Giratina|Poltergeist||[still]
|-fail|p1a: Giratina
|move|p2a: Ho-Oh|Toxic|p1a: Giratina
|-fail|p1a: Giratina|tox
|
|-damage|p1a: Giratina|64/100 tox|[from] psn
|upkeep
|turn|48
|
|t:|1625713932
|switch|p1a: Dialga|Dialga|3/100 par
|-ability|p1a: Dialga|Pressure
|move|p2a: Ho-Oh|Toxic||[still]
|-fail|p2a: Ho-Oh
|
|upkeep
|turn|49
|c| Neutralist|(the what is this giratina)
|c|☆Black Shadow 666|gg
|
|t:|1625713947
|move|p1a: Dialga|Flash Cannon|p2a: Ho-Oh
|-resisted|p2a: Ho-Oh
|-damage|p2a: Ho-Oh|85/100 par
|move|p2a: Ho-Oh|Sacred Fire|p1a: Dialga|[miss]
|-miss|p2a: Ho-Oh|p1a: Dialga
|
|upkeep
|turn|50
|
|t:|1625713958
|move|p2a: Ho-Oh|Sacred Fire|p1a: Dialga
|-damage|p1a: Dialga|0 fnt
|faint|p1a: Dialga
|
|upkeep
|
|t:|1625713961
|switch|p1a: Giratina|Giratina-Origin|64/100 tox
|turn|51
|
|t:|1625713974
|move|p1a: Giratina|Shadow Sneak|p2a: Ho-Oh
|-damage|p2a: Ho-Oh|67/100 par
|move|p2a: Ho-Oh|Recover|p2a: Ho-Oh
|-heal|p2a: Ho-Oh|100/100 par
|
|-damage|p1a: Giratina|57/100 tox|[from] psn
|upkeep
|turn|52
|
|t:|1625713979
|move|p1a: Giratina|Defog|p2a: Ho-Oh
|-unboost|p2a: Ho-Oh|evasion|1
|move|p2a: Ho-Oh|Defog|p1a: Giratina
|-unboost|p1a: Giratina|evasion|1
|
|-damage|p1a: Giratina|45/100 tox|[from] psn
|upkeep
|turn|53
|
|t:|1625713982
|move|p1a: Giratina|Shadow Sneak|p2a: Ho-Oh
|-damage|p2a: Ho-Oh|84/100 par
|move|p2a: Ho-Oh|Defog|p1a: Giratina
|-unboost|p1a: Giratina|evasion|1
|
|-damage|p1a: Giratina|27/100 tox|[from] psn
|upkeep
|turn|54
|
|t:|1625713996
|move|p1a: Giratina|Shadow Sneak|p2a: Ho-Oh
|-damage|p2a: Ho-Oh|67/100 par
|cant|p2a: Ho-Oh|par
|
|-damage|p1a: Giratina|2/100 tox|[from] psn
|upkeep
|turn|55
|
|t:|1625714001
|move|p1a: Giratina|Shadow Sneak|p2a: Ho-Oh
|-damage|p2a: Ho-Oh|50/100 par
|move|p2a: Ho-Oh|Recover|p2a: Ho-Oh
|-heal|p2a: Ho-Oh|99/100 par
|
|-damage|p1a: Giratina|0 fnt|[from] psn
|faint|p1a: Giratina
|upkeep
|
|t:|1625714004
|switch|p1a: Ho-Oh|Ho-Oh|86/100
|turn|56
|c|☆Black Shadow 666|u win
|c|☆Black Shadow 666|tf was this game lol
|
|t:|1625714019
|move|p1a: Ho-Oh|Iron Head|p2a: Ho-Oh
|-resisted|p2a: Ho-Oh
|-damage|p2a: Ho-Oh|90/100 par
|move|p2a: Ho-Oh|Recover|p2a: Ho-Oh
|-heal|p2a: Ho-Oh|100/100 par
|
|upkeep
|turn|57
|c|☆Black Shadow 666|wait
|c|☆Black Shadow 666|you're choiced right
|
|t:|1625714037
|move|p1a: Ho-Oh|Iron Head|p2a: Ho-Oh
|-resisted|p2a: Ho-Oh
|-damage|p2a: Ho-Oh|90/100 par
|move|p2a: Ho-Oh|Defog|p1a: Ho-Oh
|-unboost|p1a: Ho-Oh|evasion|1
|
|upkeep
|turn|58
|c| Neutralist|that's a band ho-oh?
|c| Neutralist|the fuck
|
|t:|1625714049
|move|p1a: Ho-Oh|Iron Head|p2a: Ho-Oh
|-resisted|p2a: Ho-Oh
|-damage|p2a: Ho-Oh|80/100 par
|move|p2a: Ho-Oh|Defog|p1a: Ho-Oh
|-unboost|p1a: Ho-Oh|evasion|1
|
|upkeep
|turn|59
|c|☆Black Shadow 666|why not brave bird
|c|☆Black Shadow 666|why
|
|t:|1625714059
|move|p1a: Ho-Oh|Iron Head|p2a: Ho-Oh
|-resisted|p2a: Ho-Oh
|-damage|p2a: Ho-Oh|70/100 par
|move|p2a: Ho-Oh|Defog|p1a: Ho-Oh
|-unboost|p1a: Ho-Oh|evasion|1
|
|upkeep
|turn|60
|
|t:|1625714066
|move|p1a: Ho-Oh|Iron Head|p2a: Ho-Oh
|-resisted|p2a: Ho-Oh
|-damage|p2a: Ho-Oh|61/100 par
|cant|p2a: Ho-Oh|par
|
|upkeep
|turn|61
|c| Neutralist|i guess he really wanted the disrespect but
|c| Neutralist|that ho-oh was at full
|c|☆Black Shadow 666|lmao
|
|t:|1625714076
|move|p1a: Ho-Oh|Iron Head|p2a: Ho-Oh
|-resisted|p2a: Ho-Oh
|-damage|p2a: Ho-Oh|51/100 par
|cant|p2a: Ho-Oh|flinch
|
|upkeep
|turn|62
|
|t:|1625714082
|move|p1a: Ho-Oh|Iron Head|p2a: Ho-Oh
|-resisted|p2a: Ho-Oh
|-damage|p2a: Ho-Oh|42/100 par
|move|p2a: Ho-Oh|Defog|p1a: Ho-Oh
|-unboost|p1a: Ho-Oh|evasion|1
|
|upkeep
|turn|63
|c| Neutralist|AND AS I SAY THAT
|
|t:|1625714089
|move|p1a: Ho-Oh|Brave Bird|p2a: Ho-Oh
|-damage|p2a: Ho-Oh|1/100 par
|-damage|p1a: Ho-Oh|73/100|[from] Recoil
|move|p2a: Ho-Oh|Recover|p2a: Ho-Oh
|-heal|p2a: Ho-Oh|51/100 par
|
|upkeep
|turn|64
|c| Neutralist|OH NVM
|c|☆Black Shadow 666|ok
|c| Neutralist|IT WAS NOT CHOICED ALL ALONG
|c| Neutralist|LMAO
|c|☆Black Shadow 666|now im confused
|
|t:|1625714106
|move|p1a: Ho-Oh|Iron Head|p2a: Ho-Oh
|-resisted|p2a: Ho-Oh
|-damage|p2a: Ho-Oh|42/100 par
|move|p2a: Ho-Oh|Recover|p2a: Ho-Oh
|-heal|p2a: Ho-Oh|92/100 par
|
|upkeep
|turn|65
|c| Neutralist|boots AV?
|c|☆Black Shadow 666|bro
|c| Neutralist|one of the two
|c|☆Black Shadow 666|keep using brave bird
|
|t:|1625714130
|move|p1a: Ho-Oh|Earthquake|p2a: Ho-Oh
|-immune|p2a: Ho-Oh
|cant|p2a: Ho-Oh|par
|
|upkeep
|turn|66
|
|t:|1625714138
|move|p1a: Ho-Oh|Sacred Fire|p2a: Ho-Oh
|-resisted|p2a: Ho-Oh
|-crit|p2a: Ho-Oh
|-damage|p2a: Ho-Oh|64/100 par
|cant|p2a: Ho-Oh|par
|
|upkeep
|turn|67
|
|t:|1625714144
|move|p1a: Ho-Oh|Iron Head|p2a: Ho-Oh
|-resisted|p2a: Ho-Oh
|-damage|p2a: Ho-Oh|54/100 par
|move|p2a: Ho-Oh|Recover|p2a: Ho-Oh
|-heal|p2a: Ho-Oh|100/100 par
|
|upkeep
|turn|68
|
|t:|1625714151
|move|p1a: Ho-Oh|Iron Head|p2a: Ho-Oh
|-resisted|p2a: Ho-Oh
|-damage|p2a: Ho-Oh|90/100 par
|move|p2a: Ho-Oh|Defog|p1a: Ho-Oh
|-unboost|p1a: Ho-Oh|evasion|1
|
|upkeep
|turn|69
|
|t:|1625714158
|move|p1a: Ho-Oh|Iron Head|p2a: Ho-Oh
|-resisted|p2a: Ho-Oh
|-damage|p2a: Ho-Oh|80/100 par
|cant|p2a: Ho-Oh|par
|
|upkeep
|turn|70
|
|t:|1625714163
|move|p1a: Ho-Oh|Sacred Fire|p2a: Ho-Oh
|-resisted|p2a: Ho-Oh
|-damage|p2a: Ho-Oh|61/100 par
|move|p2a: Ho-Oh|Defog|p1a: Ho-Oh
|-unboost|p1a: Ho-Oh|evasion|1
|
|upkeep
|turn|71
|
|t:|1625714171
|move|p1a: Ho-Oh|Sacred Fire|p2a: Ho-Oh
|-resisted|p2a: Ho-Oh
|-damage|p2a: Ho-Oh|41/100 par
|cant|p2a: Ho-Oh|par
|
|upkeep
|turn|72
|
|t:|1625714177
|move|p1a: Ho-Oh|Sacred Fire|p2a: Ho-Oh
|-resisted|p2a: Ho-Oh
|-damage|p2a: Ho-Oh|24/100 par
|move|p2a: Ho-Oh|Recover|p2a: Ho-Oh
|-heal|p2a: Ho-Oh|74/100 par
|
|upkeep
|turn|73
|c| Neutralist|that's range
|c|☆Black Shadow 666|gg
|c| Neutralist|gg
|c| Neutralist|BRUH
|c|☆Black Shadow 666|bye
|c| Neutralist|THIS MAN
|-message|Black Shadow 666 forfeited.
|
|win|FoolyCooly54
|raw|FoolyCooly54's rating: 1334 &rarr; <strong>1365</strong><br />(+31 for winning)
|raw|Black Shadow 666's rating: 1557 &rarr; <strong>1526</strong><br />(-31 for losing)
|l|☆Black Shadow 666
