|j|☆Nael222
|j|☆Eledyr
|t:|1650625160
|gametype|singles
|player|p1|Nael222|169|
|player|p2|Eledyr|klara|
|teamsize|p1|6
|teamsize|p2|6
|gen|8
|tier|[Gen 8] Ubers
|rule|Sleep Clause Mod: Limit one foe put to sleep
|rule|Species Clause: Limit one of each Pokémon
|rule|OHKO Clause: OHKO moves are banned
|rule|Evasion Moves Clause: Evasion moves are banned
|rule|Endless Battle Clause: Forcing endless battles is banned
|rule|HP Percentage Mod: HP is shown in percentages
|rule|Dynamax Clause: You cannot dynamax
|clearpoke
|poke|p1|Kyogre|
|poke|p1|Eternatus|
|poke|p1|Yveltal|
|poke|p1|Necrozma-Dusk-Mane|
|poke|p1|Landorus-Therian, M|
|poke|p1|Marshadow|
|poke|p2|Kyurem-Black|
|poke|p2|Froslass, F|
|poke|p2|Landorus, M|
|poke|p2|Yveltal|
|poke|p2|Necrozma-Dusk-Mane|
|poke|p2|Xerneas-*|
|teampreview
|c|☆Eledyr|hf
|j| Cymoril
|c|☆Nael222|Hf
|
|t:|1650625206
|start
|switch|p1a: Yveltal|Yveltal|100/100
|switch|p2a: Froslass|Froslass, F|100/100
|-ability|p1a: Yveltal|Dark Aura
|turn|1
|
|t:|1650625211
|move|p2a: Froslass|Spikes|p1a: Yveltal
|-sidestart|p1: Nael222|Spikes
|move|p1a: Yveltal|U-turn|p2a: Froslass
|-resisted|p2a: Froslass
|-damage|p2a: Froslass|84/100
|
|t:|1650625216
|switch|p1a: Marshadow|Marshadow|100/100|[from]move: U-turn
|-damage|p1a: Marshadow|88/100|[from] Spikes
|
|upkeep
|turn|2
|j| Minogod94
|
|t:|1650625223
|move|p1a: Marshadow|Shadow Sneak|p2a: Froslass
|-supereffective|p2a: Froslass
|-damage|p2a: Froslass|0 fnt
|-start|p1a: Marshadow|Disable|Shadow Sneak|[from] ability: Cursed Body|[of] p2a: Froslass
|faint|p2a: Froslass
|-damage|p1a: Marshadow|78/100|[from] item: Life Orb
|
|upkeep
|
|t:|1650625230
|switch|p2a: Landorus|Landorus, M|100/100
|turn|3
|
|t:|1650625243
|switch|p1a: Landorus|Landorus-Therian, M|100/100
|-ability|p1a: Landorus|Intimidate|boost
|-unboost|p2a: Landorus|atk|1
|move|p2a: Landorus|Stealth Rock|p1a: Landorus
|-sidestart|p1: Nael222|move: Stealth Rock
|
|upkeep
|turn|4
|
|t:|1650625250
|switch|p1a: Marshadow|Marshadow|78/100
|-damage|p1a: Marshadow|72/100|[from] Stealth Rock
|-damage|p1a: Marshadow|59/100|[from] Spikes
|move|p2a: Landorus|Explosion|p1a: Marshadow
|-immune|p1a: Marshadow
|faint|p2a: Landorus
|
|upkeep
|
|t:|1650625258
|switch|p2a: Yveltal|Yveltal|100/100
|-ability|p2a: Yveltal|Dark Aura
|turn|5
|
|t:|1650625264
|move|p1a: Marshadow|Close Combat|p2a: Yveltal
|-damage|p2a: Yveltal|21/100
|-unboost|p1a: Marshadow|def|1
|-unboost|p1a: Marshadow|spd|1
|-damage|p1a: Marshadow|49/100|[from] item: Life Orb
|move|p2a: Yveltal|Knock Off|p1a: Marshadow
|-damage|p1a: Marshadow|0 fnt
|-enditem|p1a: Marshadow|Life Orb|[from] move: Knock Off|[of] p2a: Yveltal
|faint|p1a: Marshadow
|
|upkeep
|
|t:|1650625274
|switch|p1a: Eternatus|Eternatus|100/100
|-ability|p1a: Eternatus|Pressure
|turn|6
|
|t:|1650625280
|move|p2a: Yveltal|Sucker Punch|p1a: Eternatus
|-damage|p1a: Eternatus|54/100
|move|p1a: Eternatus|Flamethrower|p2a: Yveltal
|-damage|p2a: Yveltal|0 fnt
|faint|p2a: Yveltal
|
|upkeep
|
|t:|1650625284
|switch|p2a: Necrozma|Necrozma-Dusk-Mane|100/100
|turn|7
|
|t:|1650625294
|move|p2a: Necrozma|Swords Dance|p2a: Necrozma
|-boost|p2a: Necrozma|atk|2
|move|p1a: Eternatus|Dragon Tail|p2a: Necrozma
|-resisted|p2a: Necrozma
|-damage|p2a: Necrozma|95/100
|drag|p2a: Kyurem|Kyurem-Black|100/100
|-ability|p2a: Kyurem|Teravolt
|
|upkeep
|turn|8
|
|t:|1650625304
|switch|p2a: Necrozma|Necrozma-Dusk-Mane|95/100
|move|p1a: Eternatus|Flamethrower|p2a: Necrozma
|-supereffective|p2a: Necrozma
|-crit|p2a: Necrozma
|-damage|p2a: Necrozma|40/100
|-enditem|p2a: Necrozma|Weakness Policy
|-boost|p2a: Necrozma|atk|2|[from] item: Weakness Policy
|-boost|p2a: Necrozma|spa|2|[from] item: Weakness Policy
|
|upkeep
|turn|9
|
|t:|1650625318
|switch|p1a: Landorus|Landorus-Therian, M|100/100
|-damage|p1a: Landorus|88/100|[from] Stealth Rock
|-ability|p1a: Landorus|Intimidate|boost
|-unboost|p2a: Necrozma|atk|1
|move|p2a: Necrozma|Sunsteel Strike|p1a: Landorus
|-damage|p1a: Landorus|14/100
|
|-heal|p1a: Landorus|20/100|[from] item: Leftovers
|upkeep
|turn|10
|
|t:|1650625322
|move|p1a: Landorus|Defog|p2a: Necrozma
|-unboost|p2a: Necrozma|evasion|1
|-sideend|p1: Nael222|Spikes|[from] move: Defog|[of] p1a: Landorus
|-sideend|p1: Nael222|Stealth Rock|[from] move: Defog|[of] p1a: Landorus
|move|p2a: Necrozma|Sunsteel Strike|p1a: Landorus
|-damage|p1a: Landorus|0 fnt
|faint|p1a: Landorus
|
|upkeep
|
|t:|1650625334
|switch|p1a: Kyogre|Kyogre|100/100
|-weather|RainDance|[from] ability: Drizzle|[of] p1a: Kyogre
|turn|11
|
|t:|1650625337
|move|p1a: Kyogre|Surf|p2a: Necrozma
|-crit|p2a: Necrozma
|-damage|p2a: Necrozma|0 fnt
|faint|p2a: Necrozma
|
|-weather|RainDance|[upkeep]
|upkeep
|
|t:|1650625339
|switch|p2a: Kyurem|Kyurem-Black|100/100
|-ability|p2a: Kyurem|Teravolt
|turn|12
|
|t:|1650625342
|move|p2a: Kyurem|Dragon Dance|p2a: Kyurem
|-boost|p2a: Kyurem|atk|1
|-boost|p2a: Kyurem|spe|1
|move|p1a: Kyogre|Thunder Wave|p2a: Kyurem
|-status|p2a: Kyurem|par
|
|-weather|RainDance|[upkeep]
|upkeep
|turn|13
|
|t:|1650625354
|move|p1a: Kyogre|Surf|p2a: Kyurem
|-resisted|p2a: Kyurem
|-damage|p2a: Kyurem|67/100 par
|move|p2a: Kyurem|Fusion Bolt|p1a: Kyogre
|-supereffective|p1a: Kyogre
|-damage|p1a: Kyogre|7/100
|
|-weather|RainDance|[upkeep]
|-heal|p1a: Kyogre|13/100|[from] item: Leftovers
|upkeep
|turn|14
|
|t:|1650625360
|move|p1a: Kyogre|Surf|p2a: Kyurem
|-resisted|p2a: Kyurem
|-damage|p2a: Kyurem|36/100 par
|move|p2a: Kyurem|Dragon Dance|p2a: Kyurem
|-boost|p2a: Kyurem|atk|1
|-boost|p2a: Kyurem|spe|1
|
|-weather|RainDance|[upkeep]
|-heal|p1a: Kyogre|19/100|[from] item: Leftovers
|upkeep
|turn|15
|
|t:|1650625371
|move|p2a: Kyurem|Dragon Dance|p2a: Kyurem
|-boost|p2a: Kyurem|atk|1
|-boost|p2a: Kyurem|spe|1
|move|p1a: Kyogre|Surf|p2a: Kyurem
|-resisted|p2a: Kyurem
|-damage|p2a: Kyurem|7/100 par
|
|-weather|none
|-heal|p1a: Kyogre|25/100|[from] item: Leftovers
|upkeep
|turn|16
|
|t:|1650625382
|move|p2a: Kyurem|Fusion Bolt|p1a: Kyogre
|-supereffective|p1a: Kyogre
|-damage|p1a: Kyogre|0 fnt
|faint|p1a: Kyogre
|
|upkeep
|
|t:|1650625432
|switch|p1a: Necrozma|Necrozma-Dusk-Mane|100/100
|turn|17
|
|t:|1650625434
|cant|p2a: Kyurem|par
|move|p1a: Necrozma|Knock Off|p2a: Kyurem
|-damage|p2a: Kyurem|0 fnt
|-enditem|p2a: Kyurem|Rare Bone|[from] move: Knock Off|[of] p1a: Necrozma
|faint|p2a: Kyurem
|
|upkeep
|c|☆Eledyr|NOOOOON
|c|☆Eledyr|bordel
|c|☆Nael222|Rare bone
|c|☆Eledyr|oui
|c|☆Eledyr|ça ohko large
|c|☆Eledyr|:(
|c|☆Eledyr|bon bah
|c|☆Eledyr|20% de chance
|
|t:|1650625473
|switch|p2a: Xerneas|Xerneas|100/100
|-ability|p2a: Xerneas|Fairy Aura
|turn|18
|c|☆Eledyr|t'étais pas sludge etern ?
|c|☆Nael222|Si
|
|t:|1650625518
|move|p2a: Xerneas|Geomancy||[still]
|-prepare|p2a: Xerneas|Geomancy
|-enditem|p2a: Xerneas|Power Herb
|-anim|p2a: Xerneas|Geomancy|p2a: Xerneas
|-boost|p2a: Xerneas|spa|2
|-boost|p2a: Xerneas|spd|2
|-boost|p2a: Xerneas|spe|2
|move|p1a: Necrozma|Sunsteel Strike|p2a: Xerneas
|-supereffective|p2a: Xerneas
|-damage|p2a: Xerneas|19/100
|
|upkeep
|turn|19
|c|☆Eledyr|cb de speed ?
|j| C'est Lee
|c|☆Nael222|360
|c|☆Eledyr|j'avais
|c|☆Eledyr|361
|c|☆Eledyr|à +3
|c|☆Eledyr|bref
|c|☆Eledyr|quand ça veut pas...
|
|t:|1650625550
|move|p2a: Xerneas|Focus Blast|p1a: Necrozma|[miss]
|-miss|p2a: Xerneas|p1a: Necrozma
|move|p1a: Necrozma|Sunsteel Strike|p2a: Xerneas
|-supereffective|p2a: Xerneas
|-crit|p2a: Xerneas
|-damage|p2a: Xerneas|0 fnt
|faint|p2a: Xerneas
|
|win|Nael222
|c|☆Eledyr|gg
