|j|☆8142e
|j|☆Ghgghhggplayer 00
|t:|1630043441
|gametype|singles
|player|p1|8142e|aromalady|
|player|p2|Ghgghhggplayer 00|red|
|teamsize|p1|6
|teamsize|p2|6
|gen|8
|tier|[Gen 8] Ubers
|rated|Tournament battle
|rule|Sleep Clause Mod: Limit one foe put to sleep
|rule|Species Clause: Limit one of each Pokémon
|rule|OHKO Clause: OHKO moves are banned
|rule|Evasion Moves Clause: Evasion moves are banned
|rule|Endless Battle Clause: Forcing endless battles is banned
|rule|HP Percentage Mod: HP is shown in percentages
|rule|Dynamax Clause: You cannot dynamax
|clearpoke
|poke|p1|Froslass, F|
|poke|p1|Grimmsnarl, M|
|poke|p1|Marshadow|
|poke|p1|Necrozma-Dusk-Mane|
|poke|p1|Zekrom|
|poke|p1|Zygarde|
|poke|p2|Giratina-Origin|
|poke|p2|Calyrex-Shadow|
|poke|p2|Xerneas-*|
|poke|p2|Yveltal|
|poke|p2|Necrozma-Dusk-Mane|
|poke|p2|Dracovish|
|teampreview
|inactive|Battle timer is ON: inactive players will automatically lose when time's up. (requested by 8142e)
|c|☆Ghgghhggplayer 00|Is this a sample team fight
|j| Squatsgetbthots
|c|☆Ghgghhggplayer 00|Right
|c|☆8142e|it seems so yes
|c|☆Ghgghhggplayer 00|Please stop the timer
|j| tpC is here
|inactive|Ghgghhggplayer 00 has 120 seconds left.
|c|☆8142e|no
|c|☆Ghgghhggplayer 00|Why
|c|☆8142e|:)
|j| ruthless hjuy
|c| ruthless hjuy|cmon 8142e
|j| equus africanus
|inactive|Ghgghhggplayer 00 has 90 seconds left.
|c| ruthless hjuy|show 'em youre a Gigachad
|j| BlazeLostHisName
|c|☆8142e|o-o
|inactive|Ghgghhggplayer 00 has 60 seconds left.
|
|t:|1630043548
|start
|switch|p1a: Froslass|Froslass, F|100/100
|switch|p2a: Necrozma|Necrozma-Dusk-Mane|100/100
|turn|1
|
|t:|1630043558
|move|p1a: Froslass|Taunt|p2a: Necrozma
|-start|p2a: Necrozma|move: Taunt
|cant|p2a: Necrozma|move: Taunt|Stealth Rock
|
|upkeep
|turn|2
|inactive|Ghgghhggplayer 00 has 120 seconds left.
|
|t:|1630043563
|move|p1a: Froslass|Spikes|p2a: Necrozma
|-sidestart|p2: Ghgghhggplayer 00|Spikes
|move|p2a: Necrozma|Earthquake|p1a: Froslass
|-crit|p1a: Froslass
|-enditem|p1a: Froslass|Focus Sash
|-damage|p1a: Froslass|1/100
|
|upkeep
|turn|3
|
|t:|1630043573
|switch|p2a: Giratina|Giratina-Origin|100/100
|move|p1a: Froslass|Spikes|p2a: Giratina
|-sidestart|p2: Ghgghhggplayer 00|Spikes
|
|upkeep
|turn|4
|
|t:|1630043580
|move|p2a: Giratina|Shadow Sneak|p1a: Froslass
|-supereffective|p1a: Froslass
|-damage|p1a: Froslass|0 fnt
|faint|p1a: Froslass
|
|upkeep
|
|t:|1630043599
|switch|p1a: Grimmsnarl|Grimmsnarl, M|100/100
|turn|5
|j| Two umbrellas
|
|t:|1630043606
|move|p1a: Grimmsnarl|Light Screen|p1a: Grimmsnarl
|-sidestart|p1: 8142e|move: Light Screen
|move|p2a: Giratina|Destiny Bond|p2a: Giratina
|-singlemove|p2a: Giratina|Destiny Bond
|
|upkeep
|turn|6
|l| Two umbrellas
|
|t:|1630043613
|switch|p2a: Necrozma|Necrozma-Dusk-Mane|100/100
|-damage|p2a: Necrozma|84/100|[from] Spikes
|move|p1a: Grimmsnarl|Taunt|p2a: Necrozma
|-start|p2a: Necrozma|move: Taunt
|
|upkeep
|turn|7
|
|t:|1630043618
|switch|p1a: zindabad|Zygarde|100/100
|move|p2a: Necrozma|Sunsteel Strike|p1a: zindabad
|-damage|p1a: zindabad|48/100
|
|-activate|p1a: zindabad|ability: Power Construct
|detailschange|p1a: zindabad|Zygarde-Complete
|-heal|p1a: zindabad|68/100|[silent]
|upkeep
|turn|8
|j| Moral degeneration
|
|t:|1630043626
|move|p1a: zindabad|Dragon Dance|p1a: zindabad
|-boost|p1a: zindabad|atk|1
|-boost|p1a: zindabad|spe|1
|move|p2a: Necrozma|Sunsteel Strike|p1a: zindabad
|-damage|p1a: zindabad|34/100
|
|-end|p2a: Necrozma|move: Taunt
|upkeep
|turn|9
|
|t:|1630043636
|move|p1a: zindabad|Thousand Arrows|p2a: Necrozma
|-supereffective|p2a: Necrozma
|-damage|p2a: Necrozma|0 fnt
|faint|p2a: Necrozma
|-damage|p1a: zindabad|24/100|[from] item: Life Orb
|
|upkeep
|
|t:|1630043644
|switch|p2a: Yveltal|Yveltal|100/100
|-ability|p2a: Yveltal|Dark Aura
|turn|10
|
|t:|1630043647
|move|p1a: zindabad|Stone Edge|p2a: Yveltal
|-supereffective|p2a: Yveltal
|-damage|p2a: Yveltal|6/100
|-damage|p1a: zindabad|14/100|[from] item: Life Orb
|move|p2a: Yveltal|Dark Pulse|p1a: zindabad
|-damage|p1a: zindabad|0 fnt
|faint|p1a: zindabad
|-damage|p2a: Yveltal|0 fnt|[from] item: Life Orb
|faint|p2a: Yveltal
|
|upkeep
|
|t:|1630043666
|switch|p1a: 5 sala bacha|Marshadow|100/100
|switch|p2a: Giratina|Giratina-Origin|100/100
|turn|11
|
|t:|1630043669
|move|p1a: 5 sala bacha|Poltergeist|p2a: Giratina
|-activate|p2a: Giratina|move: Poltergeist|Griseous Orb
|-supereffective|p2a: Giratina
|-damage|p2a: Giratina|1/100
|-damage|p1a: 5 sala bacha|91/100|[from] item: Life Orb
|move|p2a: Giratina|Destiny Bond|p2a: Giratina
|-singlemove|p2a: Giratina|Destiny Bond
|
|upkeep
|turn|12
|
|t:|1630043675
|move|p1a: 5 sala bacha|Shadow Sneak|p2a: Giratina
|-supereffective|p2a: Giratina
|-damage|p2a: Giratina|0 fnt
|faint|p2a: Giratina
|-activate|p2a: Giratina|move: Destiny Bond
|faint|p1a: 5 sala bacha
|
|-sideend|p1: 8142e|move: Light Screen
|upkeep
|c|☆8142e|lol.
|
|t:|1630043686
|switch|p1a: Grimmsnarl|Grimmsnarl, M|100/100
|switch|p2a: Xerneas|Xerneas, shiny|100/100
|-damage|p2a: Xerneas|84/100|[from] Spikes
|-ability|p2a: Xerneas|Fairy Aura
|turn|13
|
|t:|1630043693
|switch|p1a: Necrozma|Necrozma-Dusk-Mane|100/100
|move|p2a: Xerneas|Moonblast|p1a: Necrozma
|-resisted|p1a: Necrozma
|-damage|p1a: Necrozma|64/100
|
|upkeep
|turn|14
|
|t:|1630043701
|switch|p2a: Dracovish|Dracovish|100/100
|-damage|p2a: Dracovish|84/100|[from] Spikes
|move|p1a: Necrozma|Sunsteel Strike|p2a: Dracovish
|-resisted|p2a: Dracovish
|-damage|p2a: Dracovish|54/100
|
|upkeep
|turn|15
|j|+Rhmsitb
|
|t:|1630043708
|switch|p1a: Zekrom|Zekrom|100/100
|-ability|p1a: Zekrom|Teravolt
|move|p2a: Dracovish|Fishious Rend|p1a: Zekrom
|-resisted|p1a: Zekrom
|-damage|p1a: Zekrom|70/100
|
|upkeep
|turn|16
|c|+Rhmsitb|814 start using good teams smh
|c|☆8142e|fuk shib
|inactive|Ghgghhggplayer 00 has 120 seconds left.
|c|+Rhmsitb|look you lose here
|
|t:|1630043758
|move|p1a: Zekrom|Bolt Strike|p2a: Dracovish|[miss]
|-miss|p1a: Zekrom|p2a: Dracovish
|move|p2a: Dracovish|Outrage|p1a: Zekrom
|-supereffective|p1a: Zekrom
|-crit|p1a: Zekrom
|-damage|p1a: Zekrom|0 fnt
|faint|p1a: Zekrom
|
|upkeep
|c|+Rhmsitb|an ho cant win against scarfed caly
|
|t:|1630043764
|switch|p1a: Grimmsnarl|Grimmsnarl, M|100/100
|turn|17
|
|t:|1630043770
|move|p2a: Dracovish|Outrage|p1a: Grimmsnarl|[from]lockedmove
|-immune|p1a: Grimmsnarl
|-start|p2a: Dracovish|confusion|[fatigue]
|move|p1a: Grimmsnarl|Play Rough|p2a: Dracovish
|-supereffective|p2a: Dracovish
|-damage|p2a: Dracovish|0 fnt
|faint|p2a: Dracovish
|
|upkeep
|c|☆8142e|it can
|
|t:|1630043779
|switch|p2a: Xerneas|Xerneas, shiny|84/100
|-damage|p2a: Xerneas|68/100|[from] Spikes
|-ability|p2a: Xerneas|Fairy Aura
|turn|18
|c|☆8142e|with the power of love
|c|+Rhmsitb|unless it is tr dusk mane
|c|☆8142e|i do  lose sed
|c|☆8142e|damn miss
|inactive|8142e has 120 seconds left.
|c|+Rhmsitb|yes ur teams suck
|c|☆8142e|no u
|
|t:|1630043817
|switch|p1a: Necrozma|Necrozma-Dusk-Mane|64/100
|move|p2a: Xerneas|Geomancy||[still]
|-prepare|p2a: Xerneas|Geomancy
|-enditem|p2a: Xerneas|Power Herb
|-anim|p2a: Xerneas|Geomancy|p2a: Xerneas
|-boost|p2a: Xerneas|spa|2
|-boost|p2a: Xerneas|spd|2
|-boost|p2a: Xerneas|spe|2
|
|upkeep
|turn|19
|
|t:|1630043823
|move|p2a: Xerneas|Thunder|p1a: Necrozma
|-damage|p1a: Necrozma|0 fnt
|faint|p1a: Necrozma
|
|upkeep
|
|t:|1630043824
|switch|p1a: Grimmsnarl|Grimmsnarl, M|100/100
|turn|20
|c|☆8142e|gg
|c|+Rhmsitb|lmao
|
|t:|1630043832
|move|p1a: Grimmsnarl|Light Screen|p1a: Grimmsnarl
|-sidestart|p1: 8142e|move: Light Screen
|move|p2a: Xerneas|Moonblast|p1a: Grimmsnarl
|-supereffective|p1a: Grimmsnarl
|-damage|p1a: Grimmsnarl|0 fnt
|faint|p1a: Grimmsnarl
|
|win|Ghgghhggplayer 00
|n|☆8142e|8142e
|n|☆Ghgghhggplayer 00|ghgghhggplayer00
|n| Squatsgetbthots|squatsgetbthots
|n| tpC is here|tpcishere
|n| ruthless hjuy|ruthlesshjuy
|n| equus africanus|equusafricanus
|n| BlazeLostHisName|blazelosthisname
|n| Moral degeneration|moraldegeneration
|n| Rhmsitb|rhmsitb
