|j|☆PokeDuels Blue
|j|☆Rell27
|t:|1635221001
|gametype|singles
|player|p1|PokeDuels Blue|265|1706
|player|p2|Rell27|101|1583
|teamsize|p1|6
|teamsize|p2|6
|gen|8
|tier|[Gen 8] Ubers
|rated|
|rule|Sleep Clause Mod: Limit one foe put to sleep
|rule|Species Clause: Limit one of each Pokémon
|rule|OHKO Clause: OHKO moves are banned
|rule|Evasion Moves Clause: Evasion moves are banned
|rule|Endless Battle Clause: Forcing endless battles is banned
|rule|HP Percentage Mod: HP is shown in percentages
|rule|Dynamax Clause: You cannot dynamax
|clearpoke
|poke|p1|Tyranitar, F|
|poke|p1|Ho-Oh|
|poke|p1|Dialga|
|poke|p1|Zygarde|
|poke|p1|Eternatus|
|poke|p1|Blissey, F|
|poke|p2|Necrozma-Dusk-Mane|
|poke|p2|Eternatus|
|poke|p2|Yveltal|
|poke|p2|Xerneas-*|
|poke|p2|Zekrom|
|poke|p2|Calyrex-Shadow|
|teampreview
|
|t:|1635221029
|start
|switch|p1a: Zygarde|Zygarde|100/100
|switch|p2a: Yveltal|Yveltal|100/100
|-ability|p2a: Yveltal|Dark Aura
|turn|1
|
|t:|1635221036
|switch|p1a: Eternatus|Eternatus|100/100
|-ability|p1a: Eternatus|Pressure
|move|p2a: Yveltal|Oblivion Wing|p1a: Eternatus
|-damage|p1a: Eternatus|65/100
|-damage|p2a: Yveltal|91/100|[from] item: Life Orb
|
|upkeep
|turn|2
|
|t:|1635221044
|switch|p2a: Necrozma|Necrozma-Dusk-Mane|100/100
|move|p1a: Eternatus|Recover|p1a: Eternatus
|-heal|p1a: Eternatus|100/100
|
|upkeep
|turn|3
|
|t:|1635221052
|switch|p1a: Zygarde|Zygarde|100/100
|move|p2a: Necrozma|Stealth Rock|p1a: Zygarde
|-sidestart|p1: PokeDuels Blue|move: Stealth Rock
|
|upkeep
|turn|4
|
|t:|1635221056
|switch|p2a: Yveltal|Yveltal|91/100
|-ability|p2a: Yveltal|Dark Aura
|move|p1a: Zygarde|Glare|p2a: Yveltal
|-status|p2a: Yveltal|par
|
|upkeep
|turn|5
|
|t:|1635221059
|switch|p1a: Eternatus|Eternatus|100/100
|-damage|p1a: Eternatus|88/100|[from] Stealth Rock
|-ability|p1a: Eternatus|Pressure
|move|p2a: Yveltal|Knock Off|p1a: Eternatus
|-damage|p1a: Eternatus|36/100
|-enditem|p1a: Eternatus|Choice Scarf|[from] move: Knock Off|[of] p2a: Yveltal
|-damage|p2a: Yveltal|81/100 par|[from] item: Life Orb
|
|upkeep
|turn|6
|
|t:|1635221066
|switch|p2a: Calyrex|Calyrex-Shadow|100/100
|-ability|p2a: Calyrex|As One
|-ability|p2a: Calyrex|Unnerve
|move|p1a: Eternatus|Recover|p1a: Eternatus
|-heal|p1a: Eternatus|86/100
|
|upkeep
|turn|7
|
|t:|1635221073
|switch|p1a: Tyranitar|Tyranitar, F|100/100
|-damage|p1a: Tyranitar|88/100|[from] Stealth Rock
|-weather|Sandstorm|[from] ability: Sand Stream|[of] p1a: Tyranitar
|move|p2a: Calyrex|Leech Seed|p1a: Tyranitar
|-start|p1a: Tyranitar|move: Leech Seed
|
|-weather|Sandstorm|[upkeep]
|-damage|p2a: Calyrex|94/100|[from] Sandstorm
|-heal|p1a: Tyranitar|94/100|[from] item: Leftovers
|-damage|p1a: Tyranitar|82/100|[from] Leech Seed|[of] p2a: Calyrex
|-heal|p2a: Calyrex|100/100|[silent]
|upkeep
|turn|8
|
|t:|1635221080
|switch|p2a: Xerneas|Xerneas|100/100
|-ability|p2a: Xerneas|Fairy Aura
|switch|p1a: Ho-Oh|Ho-Oh|100/100
|
|-weather|Sandstorm|[upkeep]
|-damage|p2a: Xerneas|94/100|[from] Sandstorm
|-damage|p1a: Ho-Oh|94/100|[from] Sandstorm
|upkeep
|turn|9
|
|t:|1635221087
|switch|p2a: Eternatus|Eternatus|100/100
|-ability|p2a: Eternatus|Pressure
|move|p1a: Ho-Oh|Sacred Fire|p2a: Eternatus|[miss]
|-miss|p1a: Ho-Oh|p2a: Eternatus
|
|-weather|Sandstorm|[upkeep]
|-damage|p2a: Eternatus|94/100|[from] Sandstorm
|-damage|p1a: Ho-Oh|88/100|[from] Sandstorm
|upkeep
|turn|10
|
|t:|1635221095
|switch|p1a: Blissey|Blissey, F|100/100
|-damage|p1a: Blissey|88/100|[from] Stealth Rock
|move|p2a: Eternatus|Sludge Bomb|p1a: Blissey
|-damage|p1a: Blissey|67/100
|-status|p1a: Blissey|psn
|-damage|p2a: Eternatus|84/100|[from] item: Life Orb
|
|-weather|Sandstorm|[upkeep]
|-damage|p2a: Eternatus|78/100|[from] Sandstorm
|-damage|p1a: Blissey|61/100 psn|[from] Sandstorm
|-damage|p1a: Blissey|49/100 psn|[from] psn
|upkeep
|turn|11
|
|t:|1635221099
|switch|p2a: Zekrom|Zekrom|100/100
|-ability|p2a: Zekrom|Teravolt
|move|p1a: Blissey|Soft-Boiled|p1a: Blissey
|-heal|p1a: Blissey|99/100 psn
|
|-weather|none
|-damage|p1a: Blissey|86/100 psn|[from] psn
|upkeep
|turn|12
|
|t:|1635221105
|-curestatus|p1a: Blissey|psn|[from] ability: Natural Cure
|switch|p1a: Dialga|Dialga|100/100
|-damage|p1a: Dialga|94/100|[from] Stealth Rock
|-ability|p1a: Dialga|Pressure
|move|p2a: Zekrom|Substitute|p2a: Zekrom
|-start|p2a: Zekrom|Substitute
|-damage|p2a: Zekrom|76/100
|
|-heal|p2a: Zekrom|82/100|[from] item: Leftovers
|-heal|p1a: Dialga|100/100|[from] item: Leftovers
|upkeep
|turn|13
|
|t:|1635221108
|move|p2a: Zekrom|Dragon Claw|p1a: Dialga
|-damage|p1a: Dialga|76/100
|move|p1a: Dialga|Bulk Up|p1a: Dialga
|-boost|p1a: Dialga|atk|1
|-boost|p1a: Dialga|def|1
|
|-heal|p2a: Zekrom|88/100|[from] item: Leftovers
|-heal|p1a: Dialga|83/100|[from] item: Leftovers
|upkeep
|turn|14
|
|t:|1635221119
|switch|p2a: Xerneas|Xerneas|94/100
|-ability|p2a: Xerneas|Fairy Aura
|move|p1a: Dialga|Scale Shot|p2a: Xerneas
|-immune|p2a: Xerneas
|
|-heal|p1a: Dialga|89/100|[from] item: Leftovers
|upkeep
|turn|15
|
|t:|1635221124
|switch|p1a: Ho-Oh|Ho-Oh|100/100
|move|p2a: Xerneas|Moonblast|p1a: Ho-Oh
|-resisted|p1a: Ho-Oh
|-damage|p1a: Ho-Oh|85/100
|
|upkeep
|turn|16
|
|t:|1635221129
|switch|p2a: Eternatus|Eternatus|78/100
|-ability|p2a: Eternatus|Pressure
|move|p1a: Ho-Oh|Defog|p2a: Eternatus
|-unboost|p2a: Eternatus|evasion|1
|-sideend|p1: PokeDuels Blue|Stealth Rock|[from] move: Defog|[of] p1a: Ho-Oh
|
|upkeep
|turn|17
|
|t:|1635221134
|switch|p1a: Tyranitar|Tyranitar, F|82/100
|-weather|Sandstorm|[from] ability: Sand Stream|[of] p1a: Tyranitar
|move|p2a: Eternatus|Dynamax Cannon|p1a: Tyranitar
|-damage|p1a: Tyranitar|49/100
|-damage|p2a: Eternatus|68/100|[from] item: Life Orb
|
|-weather|Sandstorm|[upkeep]
|-damage|p2a: Eternatus|62/100|[from] Sandstorm
|-heal|p1a: Tyranitar|55/100|[from] item: Leftovers
|upkeep
|turn|18
|
|t:|1635221142
|switch|p2a: Necrozma|Necrozma-Dusk-Mane|100/100
|move|p1a: Tyranitar|Thunder Wave|p2a: Necrozma|[miss]
|-miss|p1a: Tyranitar|p2a: Necrozma
|
|-weather|Sandstorm|[upkeep]
|-heal|p1a: Tyranitar|61/100|[from] item: Leftovers
|upkeep
|turn|19
|
|t:|1635221150
|switch|p1a: Ho-Oh|Ho-Oh|100/100
|move|p2a: Necrozma|Stealth Rock|p1a: Ho-Oh
|-sidestart|p1: PokeDuels Blue|move: Stealth Rock
|
|-weather|Sandstorm|[upkeep]
|-damage|p1a: Ho-Oh|94/100|[from] Sandstorm
|upkeep
|turn|20
|
|t:|1635221155
|switch|p2a: Zekrom|Zekrom|88/100
|-ability|p2a: Zekrom|Teravolt
|move|p1a: Ho-Oh|Defog|p2a: Zekrom
|-unboost|p2a: Zekrom|evasion|1
|-sideend|p1: PokeDuels Blue|Stealth Rock|[from] move: Defog|[of] p1a: Ho-Oh
|
|-weather|Sandstorm|[upkeep]
|-damage|p2a: Zekrom|82/100|[from] Sandstorm
|-damage|p1a: Ho-Oh|88/100|[from] Sandstorm
|-heal|p2a: Zekrom|88/100|[from] item: Leftovers
|upkeep
|turn|21
|
|t:|1635221163
|switch|p1a: Dialga|Dialga|89/100
|-ability|p1a: Dialga|Pressure
|move|p2a: Zekrom|Bolt Strike|p1a: Dialga
|-resisted|p1a: Dialga
|-damage|p1a: Dialga|66/100
|
|-weather|none
|-heal|p2a: Zekrom|94/100|[from] item: Leftovers
|-heal|p1a: Dialga|73/100|[from] item: Leftovers
|upkeep
|turn|22
|
|t:|1635221170
|switch|p2a: Xerneas|Xerneas|94/100
|-ability|p2a: Xerneas|Fairy Aura
|move|p1a: Dialga|Bulk Up|p1a: Dialga
|-boost|p1a: Dialga|atk|1
|-boost|p1a: Dialga|def|1
|
|-heal|p1a: Dialga|79/100|[from] item: Leftovers
|upkeep
|turn|23
|
|t:|1635221178
|switch|p1a: Blissey|Blissey, F|86/100
|move|p2a: Xerneas|Moonblast|p1a: Blissey
|-damage|p1a: Blissey|67/100
|
|upkeep
|turn|24
|
|t:|1635221184
|switch|p2a: Zekrom|Zekrom|94/100
|-ability|p2a: Zekrom|Teravolt
|move|p1a: Blissey|Wish|p1a: Blissey
|
|-heal|p2a: Zekrom|99/100|[from] item: Leftovers
|upkeep
|turn|25
|
|t:|1635221192
|switch|p1a: Dialga|Dialga|79/100
|-ability|p1a: Dialga|Pressure
|move|p2a: Zekrom|Dragon Claw|p1a: Dialga
|-damage|p1a: Dialga|54/100
|
|-heal|p1a: Dialga|100/100|[from] move: Wish|[wisher] Blissey
|-heal|p2a: Zekrom|100/100|[from] item: Leftovers
|upkeep
|turn|26
|
|t:|1635221201
|switch|p2a: Xerneas|Xerneas|94/100
|-ability|p2a: Xerneas|Fairy Aura
|move|p1a: Dialga|Iron Head|p2a: Xerneas
|-supereffective|p2a: Xerneas
|-damage|p2a: Xerneas|38/100
|
|upkeep
|turn|27
|
|t:|1635221218
|move|p2a: Xerneas|Moonblast|p1a: Dialga
|-damage|p1a: Dialga|45/100
|-unboost|p1a: Dialga|spa|1
|move|p1a: Dialga|Bulk Up|p1a: Dialga
|-boost|p1a: Dialga|atk|1
|-boost|p1a: Dialga|def|1
|
|-heal|p1a: Dialga|51/100|[from] item: Leftovers
|upkeep
|turn|28
|
|t:|1635221223
|switch|p1a: Blissey|Blissey, F|67/100
|move|p2a: Xerneas|Moonblast|p1a: Blissey
|-damage|p1a: Blissey|48/100
|
|upkeep
|turn|29
|
|t:|1635221226
|move|p2a: Xerneas|Aromatherapy|p2a: Xerneas
|-activate|p2a: Xerneas|move: Aromatherapy
|-curestatus|p2: Yveltal|par|[msg]
|move|p1a: Blissey|Soft-Boiled|p1a: Blissey
|-heal|p1a: Blissey|98/100
|
|upkeep
|turn|30
|
|t:|1635221230
|switch|p2a: Yveltal|Yveltal|81/100
|-ability|p2a: Yveltal|Dark Aura
|move|p1a: Blissey|Wish|p1a: Blissey
|
|upkeep
|turn|31
|
|t:|1635221234
|switch|p1a: Tyranitar|Tyranitar, F|61/100
|-weather|Sandstorm|[from] ability: Sand Stream|[of] p1a: Tyranitar
|move|p2a: Yveltal|Knock Off|p1a: Tyranitar
|-resisted|p1a: Tyranitar
|-damage|p1a: Tyranitar|26/100
|-enditem|p1a: Tyranitar|Leftovers|[from] move: Knock Off|[of] p2a: Yveltal
|-damage|p2a: Yveltal|71/100|[from] item: Life Orb
|
|-weather|Sandstorm|[upkeep]
|-damage|p2a: Yveltal|65/100|[from] Sandstorm
|-heal|p1a: Tyranitar|100/100|[from] move: Wish|[wisher] Blissey
|upkeep
|turn|32
|
|t:|1635221239
|move|p2a: Yveltal|U-turn|p1a: Tyranitar
|-supereffective|p1a: Tyranitar
|-damage|p1a: Tyranitar|47/100
|-damage|p2a: Yveltal|55/100|[from] item: Life Orb
|
|t:|1635221242
|switch|p2a: Zekrom|Zekrom|100/100|[from]move: U-turn
|-ability|p2a: Zekrom|Teravolt
|move|p1a: Tyranitar|Foul Play|p2a: Zekrom
|-crit|p2a: Zekrom
|-damage|p2a: Zekrom|36/100
|
|-weather|Sandstorm|[upkeep]
|-damage|p2a: Zekrom|30/100|[from] Sandstorm
|-heal|p2a: Zekrom|36/100|[from] item: Leftovers
|upkeep
|turn|33
|
|t:|1635221250
|switch|p1a: Zygarde|Zygarde|100/100
|move|p2a: Zekrom|Bolt Strike|p1a: Zygarde
|-immune|p1a: Zygarde
|
|-weather|Sandstorm|[upkeep]
|-damage|p2a: Zekrom|30/100|[from] Sandstorm
|-heal|p2a: Zekrom|36/100|[from] item: Leftovers
|upkeep
|turn|34
|
|t:|1635221262
|switch|p2a: Yveltal|Yveltal|55/100
|-ability|p2a: Yveltal|Dark Aura
|move|p1a: Zygarde|Thousand Arrows|p2a: Yveltal
|-damage|p2a: Yveltal|32/100
|-start|p2a: Yveltal|Smack Down
|
|-weather|Sandstorm|[upkeep]
|-damage|p2a: Yveltal|26/100|[from] Sandstorm
|upkeep
|turn|35
|
|t:|1635221273
|move|p1a: Zygarde|Glare|p2a: Yveltal
|-status|p2a: Yveltal|par
|cant|p2a: Yveltal|par
|
|-weather|none
|upkeep
|turn|36
|
|t:|1635221277
|move|p1a: Zygarde|Thousand Arrows|p2a: Yveltal
|-damage|p2a: Yveltal|2/100 par
|cant|p2a: Yveltal|par
|
|upkeep
|turn|37
|
|t:|1635221280
|move|p2a: Yveltal|Sucker Punch|p1a: Zygarde
|-damage|p1a: Zygarde|60/100
|-damage|p2a: Yveltal|0 fnt|[from] item: Life Orb
|faint|p2a: Yveltal
|move|p1a: Zygarde|Thousand Arrows|p2: Yveltal|[notarget]
|-fail|p1a: Zygarde
|
|-heal|p1a: Zygarde|66/100|[from] item: Leftovers
|upkeep
|
|t:|1635221291
|switch|p2a: Calyrex|Calyrex-Shadow|100/100
|-ability|p2a: Calyrex|As One
|-ability|p2a: Calyrex|Unnerve
|turn|38
|
|t:|1635221297
|switch|p1a: Tyranitar|Tyranitar, F|47/100
|-weather|Sandstorm|[from] ability: Sand Stream|[of] p1a: Tyranitar
|move|p2a: Calyrex|Leech Seed|p1a: Tyranitar
|-start|p1a: Tyranitar|move: Leech Seed
|
|-weather|Sandstorm|[upkeep]
|-damage|p2a: Calyrex|94/100|[from] Sandstorm
|-damage|p1a: Tyranitar|34/100|[from] Leech Seed|[of] p2a: Calyrex
|-heal|p2a: Calyrex|100/100|[silent]
|upkeep
|turn|39
|
|t:|1635221301
|move|p2a: Calyrex|Substitute|p2a: Calyrex
|-start|p2a: Calyrex|Substitute
|-damage|p2a: Calyrex|76/100
|move|p1a: Tyranitar|Rest|p1a: Tyranitar
|-status|p1a: Tyranitar|slp|[from] move: Rest
|-heal|p1a: Tyranitar|100/100 slp|[silent]
|
|-weather|Sandstorm|[upkeep]
|-damage|p2a: Calyrex|69/100|[from] Sandstorm
|-damage|p1a: Tyranitar|88/100 slp|[from] Leech Seed|[of] p2a: Calyrex
|-heal|p2a: Calyrex|84/100|[silent]
|upkeep
|turn|40
|
|t:|1635221308
|switch|p2a: Zekrom|Zekrom|36/100
|-ability|p2a: Zekrom|Teravolt
|switch|p1a: Ho-Oh|Ho-Oh|100/100
|
|-weather|Sandstorm|[upkeep]
|-damage|p2a: Zekrom|30/100|[from] Sandstorm
|-damage|p1a: Ho-Oh|94/100|[from] Sandstorm
|-heal|p2a: Zekrom|36/100|[from] item: Leftovers
|upkeep
|turn|41
|
|t:|1635221318
|switch|p1a: Zygarde|Zygarde|66/100
|move|p2a: Zekrom|Dragon Dance|p2a: Zekrom
|-boost|p2a: Zekrom|atk|1
|-boost|p2a: Zekrom|spe|1
|
|-weather|Sandstorm|[upkeep]
|-damage|p2a: Zekrom|30/100|[from] Sandstorm
|-heal|p2a: Zekrom|36/100|[from] item: Leftovers
|-heal|p1a: Zygarde|72/100|[from] item: Leftovers
|upkeep
|turn|42
|
|t:|1635221320
|move|p2a: Zekrom|Dragon Claw|p1a: Zygarde
|-supereffective|p1a: Zygarde
|-damage|p1a: Zygarde|0 fnt
|faint|p1a: Zygarde
|
|-weather|none
|-heal|p2a: Zekrom|42/100|[from] item: Leftovers
|upkeep
|
|t:|1635221324
|switch|p1a: Dialga|Dialga|51/100
|-ability|p1a: Dialga|Pressure
|turn|43
|
|t:|1635221333
|switch|p2a: Calyrex|Calyrex-Shadow|84/100
|-ability|p2a: Calyrex|As One
|-ability|p2a: Calyrex|Unnerve
|move|p1a: Dialga|Bulk Up|p1a: Dialga
|-boost|p1a: Dialga|atk|1
|-boost|p1a: Dialga|def|1
|
|-heal|p1a: Dialga|57/100|[from] item: Leftovers
|upkeep
|turn|44
|
|t:|1635221340
|switch|p1a: Tyranitar|Tyranitar, F|88/100 slp
|-weather|Sandstorm|[from] ability: Sand Stream|[of] p1a: Tyranitar
|move|p2a: Calyrex|Astral Barrage|p1a: Tyranitar
|-resisted|p1a: Tyranitar
|-damage|p1a: Tyranitar|74/100 slp
|
|-weather|Sandstorm|[upkeep]
|-damage|p2a: Calyrex|77/100|[from] Sandstorm
|upkeep
|turn|45
|
|t:|1635221352
|switch|p2a: Necrozma|Necrozma-Dusk-Mane|100/100
|cant|p1a: Tyranitar|slp
|
|-weather|Sandstorm|[upkeep]
|upkeep
|turn|46
|j| Bamarah
|
|t:|1635221358
|switch|p1a: Dialga|Dialga|57/100
|-ability|p1a: Dialga|Pressure
|move|p2a: Necrozma|Stealth Rock|p1a: Dialga
|-sidestart|p1: PokeDuels Blue|move: Stealth Rock
|
|-weather|Sandstorm|[upkeep]
|-heal|p1a: Dialga|63/100|[from] item: Leftovers
|upkeep
|turn|47
|
|t:|1635221367
|move|p1a: Dialga|Substitute|p1a: Dialga
|-start|p1a: Dialga|Substitute
|-damage|p1a: Dialga|38/100
|move|p2a: Necrozma|Earthquake|p1a: Dialga
|-supereffective|p1a: Dialga
|-end|p1a: Dialga|Substitute
|
|-weather|Sandstorm|[upkeep]
|-heal|p1a: Dialga|45/100|[from] item: Leftovers
|upkeep
|turn|48
|
|t:|1635221371
|switch|p1a: Ho-Oh|Ho-Oh|100/100
|move|p2a: Necrozma|Earthquake|p1a: Ho-Oh
|-immune|p1a: Ho-Oh
|
|-weather|none
|upkeep
|turn|49
|j| KaiZX4
|
|t:|1635221381
|switch|p2a: Eternatus|Eternatus|62/100
|-ability|p2a: Eternatus|Pressure
|move|p1a: Ho-Oh|Defog|p2a: Eternatus
|-unboost|p2a: Eternatus|evasion|1
|-sideend|p1: PokeDuels Blue|Stealth Rock|[from] move: Defog|[of] p1a: Ho-Oh
|
|upkeep
|turn|50
|j| robyninity
|
|t:|1635221386
|move|p2a: Eternatus|Sludge Bomb|p1a: Ho-Oh
|-damage|p1a: Ho-Oh|63/100
|-damage|p2a: Eternatus|52/100|[from] item: Life Orb
|move|p1a: Ho-Oh|Sacred Fire|p2a: Eternatus
|-resisted|p2a: Eternatus
|-damage|p2a: Eternatus|36/100
|
|upkeep
|turn|51
|
|t:|1635221391
|switch|p1a: Blissey|Blissey, F|98/100
|move|p2a: Eternatus|Recover|p2a: Eternatus
|-heal|p2a: Eternatus|86/100
|
|upkeep
|turn|52
|
|t:|1635221394
|switch|p2a: Calyrex|Calyrex-Shadow|77/100
|-ability|p2a: Calyrex|As One
|-ability|p2a: Calyrex|Unnerve
|move|p1a: Blissey|Wish|p1a: Blissey
|
|upkeep
|turn|53
|l| robyninity
|
|t:|1635221402
|switch|p1a: Dialga|Dialga|45/100
|-ability|p1a: Dialga|Pressure
|move|p2a: Calyrex|Leech Seed|p1a: Dialga
|-start|p1a: Dialga|move: Leech Seed
|
|-heal|p1a: Dialga|100/100|[from] move: Wish|[wisher] Blissey
|-damage|p1a: Dialga|88/100|[from] Leech Seed|[of] p2a: Calyrex
|-heal|p2a: Calyrex|91/100|[silent]
|upkeep
|turn|54
|
|t:|1635221411
|switch|p1a: Ho-Oh|Ho-Oh|96/100
|move|p2a: Calyrex|Astral Barrage|p1a: Ho-Oh
|-damage|p1a: Ho-Oh|57/100
|
|upkeep
|turn|55
|
|t:|1635221419
|switch|p1a: Tyranitar|Tyranitar, F|74/100 slp
|-weather|Sandstorm|[from] ability: Sand Stream|[of] p1a: Tyranitar
|move|p2a: Calyrex|Astral Barrage|p1a: Tyranitar
|-resisted|p1a: Tyranitar
|-damage|p1a: Tyranitar|59/100 slp
|
|-weather|Sandstorm|[upkeep]
|-damage|p2a: Calyrex|85/100|[from] Sandstorm
|upkeep
|turn|56
|
|t:|1635221426
|switch|p2a: Necrozma|Necrozma-Dusk-Mane|100/100
|cant|p1a: Tyranitar|slp
|
|-weather|Sandstorm|[upkeep]
|upkeep
|turn|57
|
|t:|1635221430
|switch|p1a: Ho-Oh|Ho-Oh|90/100
|move|p2a: Necrozma|Stealth Rock|p1a: Ho-Oh
|-sidestart|p1: PokeDuels Blue|move: Stealth Rock
|
|-weather|Sandstorm|[upkeep]
|-damage|p1a: Ho-Oh|84/100|[from] Sandstorm
|upkeep
|turn|58
|
|t:|1635221433
|switch|p2a: Eternatus|Eternatus|86/100
|-ability|p2a: Eternatus|Pressure
|move|p1a: Ho-Oh|Defog|p2a: Eternatus
|-unboost|p2a: Eternatus|evasion|1
|-sideend|p1: PokeDuels Blue|Stealth Rock|[from] move: Defog|[of] p1a: Ho-Oh
|
|-weather|Sandstorm|[upkeep]
|-damage|p2a: Eternatus|80/100|[from] Sandstorm
|-damage|p1a: Ho-Oh|78/100|[from] Sandstorm
|upkeep
|turn|59
|
|t:|1635221444
|move|p2a: Eternatus|Sludge Bomb|p1a: Ho-Oh
|-damage|p1a: Ho-Oh|40/100
|-status|p1a: Ho-Oh|psn
|-damage|p2a: Eternatus|70/100|[from] item: Life Orb
|move|p1a: Ho-Oh|Sacred Fire|p2a: Eternatus
|-resisted|p2a: Eternatus
|-damage|p2a: Eternatus|52/100
|-status|p2a: Eternatus|brn
|
|-weather|none
|-damage|p1a: Ho-Oh|27/100 psn|[from] psn
|-damage|p2a: Eternatus|46/100 brn|[from] brn
|upkeep
|turn|60
|
|t:|1635221448
|switch|p1a: Blissey|Blissey, F|98/100
|move|p2a: Eternatus|Recover|p2a: Eternatus
|-heal|p2a: Eternatus|96/100 brn
|
|-damage|p2a: Eternatus|90/100 brn|[from] brn
|upkeep
|turn|61
|
|t:|1635221452
|switch|p2a: Calyrex|Calyrex-Shadow|85/100
|-ability|p2a: Calyrex|As One
|-ability|p2a: Calyrex|Unnerve
|move|p1a: Blissey|Aromatherapy|p1a: Blissey
|-activate|p1a: Blissey|move: Aromatherapy
|-curestatus|p1: Ho-Oh|psn|[msg]
|-curestatus|p1: Tyranitar|slp|[msg]
|
|upkeep
|turn|62
|
|t:|1635221458
|switch|p1a: Tyranitar|Tyranitar, F|59/100
|-weather|Sandstorm|[from] ability: Sand Stream|[of] p1a: Tyranitar
|move|p2a: Calyrex|Leech Seed|p1a: Tyranitar
|-start|p1a: Tyranitar|move: Leech Seed
|
|-weather|Sandstorm|[upkeep]
|-damage|p2a: Calyrex|79/100|[from] Sandstorm
|-damage|p1a: Tyranitar|46/100|[from] Leech Seed|[of] p2a: Calyrex
|-heal|p2a: Calyrex|93/100|[silent]
|upkeep
|turn|63
|
|t:|1635221476
|switch|p2a: Xerneas|Xerneas|38/100
|-ability|p2a: Xerneas|Fairy Aura
|move|p1a: Tyranitar|Rest|p1a: Tyranitar
|-status|p1a: Tyranitar|slp|[from] move: Rest
|-heal|p1a: Tyranitar|100/100 slp|[silent]
|
|-weather|Sandstorm|[upkeep]
|-damage|p2a: Xerneas|32/100|[from] Sandstorm
|-damage|p1a: Tyranitar|88/100 slp|[from] Leech Seed|[of] p2a: Xerneas
|-heal|p2a: Xerneas|43/100|[silent]
|upkeep
|turn|64
|
|t:|1635221491
|switch|p1a: Blissey|Blissey, F|98/100
|move|p2a: Xerneas|Moonblast|p1a: Blissey
|-damage|p1a: Blissey|79/100
|
|-weather|Sandstorm|[upkeep]
|-damage|p2a: Xerneas|37/100|[from] Sandstorm
|-damage|p1a: Blissey|73/100|[from] Sandstorm
|upkeep
|turn|65
|
|t:|1635221494
|switch|p2a: Calyrex|Calyrex-Shadow|93/100
|-ability|p2a: Calyrex|As One
|-ability|p2a: Calyrex|Unnerve
|move|p1a: Blissey|Aromatherapy|p1a: Blissey
|-activate|p1a: Blissey|move: Aromatherapy
|-curestatus|p1: Tyranitar|slp|[msg]
|
|-weather|Sandstorm|[upkeep]
|-damage|p2a: Calyrex|87/100|[from] Sandstorm
|-damage|p1a: Blissey|67/100|[from] Sandstorm
|upkeep
|turn|66
|
|t:|1635221497
|switch|p1a: Ho-Oh|Ho-Oh|60/100
|move|p2a: Calyrex|Leech Seed|p1a: Ho-Oh
|-start|p1a: Ho-Oh|move: Leech Seed
|
|-weather|none
|-damage|p1a: Ho-Oh|48/100|[from] Leech Seed|[of] p2a: Calyrex
|-heal|p2a: Calyrex|100/100|[silent]
|upkeep
|turn|67
|
|t:|1635221500
|switch|p1a: Tyranitar|Tyranitar, F|88/100
|-weather|Sandstorm|[from] ability: Sand Stream|[of] p1a: Tyranitar
|move|p2a: Calyrex|Substitute|p2a: Calyrex
|-start|p2a: Calyrex|Substitute
|-damage|p2a: Calyrex|76/100
|
|-weather|Sandstorm|[upkeep]
|-damage|p2a: Calyrex|69/100|[from] Sandstorm
|upkeep
|turn|68
|
|t:|1635221503
|move|p2a: Calyrex|Leech Seed|p1a: Tyranitar
|-start|p1a: Tyranitar|move: Leech Seed
|move|p1a: Tyranitar|Foul Play|p2a: Calyrex
|-supereffective|p2a: Calyrex
|-end|p2a: Calyrex|Substitute
|
|-weather|Sandstorm|[upkeep]
|-damage|p2a: Calyrex|63/100|[from] Sandstorm
|-damage|p1a: Tyranitar|76/100|[from] Leech Seed|[of] p2a: Calyrex
|-heal|p2a: Calyrex|77/100|[silent]
|upkeep
|turn|69
|
|t:|1635221508
|switch|p1a: Ho-Oh|Ho-Oh|81/100
|move|p2a: Calyrex|Substitute|p2a: Calyrex
|-start|p2a: Calyrex|Substitute
|-damage|p2a: Calyrex|52/100
|
|-weather|Sandstorm|[upkeep]
|-damage|p2a: Calyrex|46/100|[from] Sandstorm
|-damage|p1a: Ho-Oh|75/100|[from] Sandstorm
|upkeep
|turn|70
|
|t:|1635221548
|move|p2a: Calyrex|Astral Barrage|p1a: Ho-Oh
|-crit|p1a: Ho-Oh
|-damage|p1a: Ho-Oh|17/100
|move|p1a: Ho-Oh|Whirlwind|p2a: Calyrex
|drag|p2a: Necrozma|Necrozma-Dusk-Mane|100/100
|
|-weather|Sandstorm|[upkeep]
|-damage|p1a: Ho-Oh|11/100|[from] Sandstorm
|upkeep
|turn|71
|
|t:|1635221556
|switch|p1a: Eternatus|Eternatus|86/100
|-ability|p1a: Eternatus|Pressure
|switch|p2a: Eternatus|Eternatus|90/100 brn
|-ability|p2a: Eternatus|Pressure
|
|-weather|none
|-damage|p2a: Eternatus|83/100 brn|[from] brn
|upkeep
|turn|72
|
|t:|1635221567
|switch|p2a: Necrozma|Necrozma-Dusk-Mane|100/100
|switch|p1a: Blissey|Blissey, F|67/100
|
|upkeep
|turn|73
|
|t:|1635221574
|switch|p1a: Ho-Oh|Ho-Oh|44/100
|move|p2a: Necrozma|Stealth Rock|p1a: Ho-Oh
|-sidestart|p1: PokeDuels Blue|move: Stealth Rock
|
|upkeep
|turn|74
|
|t:|1635221576
|switch|p2a: Eternatus|Eternatus|83/100 brn
|-ability|p2a: Eternatus|Pressure
|move|p1a: Ho-Oh|Defog|p2a: Eternatus
|-unboost|p2a: Eternatus|evasion|1
|-sideend|p1: PokeDuels Blue|Stealth Rock|[from] move: Defog|[of] p1a: Ho-Oh
|
|-damage|p2a: Eternatus|77/100 brn|[from] brn
|upkeep
|turn|75
|
|t:|1635221582
|switch|p1a: Blissey|Blissey, F|67/100
|move|p2a: Eternatus|Sludge Bomb|p1a: Blissey
|-damage|p1a: Blissey|49/100
|-status|p1a: Blissey|psn
|-damage|p2a: Eternatus|67/100 brn|[from] item: Life Orb
|
|-damage|p1a: Blissey|36/100 psn|[from] psn
|-damage|p2a: Eternatus|61/100 brn|[from] brn
|upkeep
|turn|76
|
|t:|1635221588
|switch|p2a: Calyrex|Calyrex-Shadow|46/100
|-ability|p2a: Calyrex|As One
|-ability|p2a: Calyrex|Unnerve
|move|p1a: Blissey|Soft-Boiled|p1a: Blissey
|-heal|p1a: Blissey|86/100 psn
|
|-damage|p1a: Blissey|74/100 psn|[from] psn
|upkeep
|turn|77
|
|t:|1635221594
|-curestatus|p1a: Blissey|psn|[from] ability: Natural Cure
|switch|p1a: Ho-Oh|Ho-Oh|77/100
|move|p2a: Calyrex|Leech Seed|p1a: Ho-Oh
|-start|p1a: Ho-Oh|move: Leech Seed
|
|-damage|p1a: Ho-Oh|65/100|[from] Leech Seed|[of] p2a: Calyrex
|-heal|p2a: Calyrex|61/100|[silent]
|upkeep
|turn|78
|
|t:|1635221604
|switch|p1a: Tyranitar|Tyranitar, F|76/100
|-weather|Sandstorm|[from] ability: Sand Stream|[of] p1a: Tyranitar
|move|p2a: Calyrex|Psyshock|p1a: Tyranitar
|-immune|p1a: Tyranitar
|
|-weather|Sandstorm|[upkeep]
|-damage|p2a: Calyrex|54/100|[from] Sandstorm
|upkeep
|turn|79
|
|t:|1635221616
|switch|p2a: Eternatus|Eternatus|61/100 brn
|-ability|p2a: Eternatus|Pressure
|move|p1a: Tyranitar|Thunder Wave||[still]
|-fail|p1a: Tyranitar
|
|-weather|Sandstorm|[upkeep]
|-damage|p2a: Eternatus|55/100 brn|[from] Sandstorm
|-damage|p2a: Eternatus|49/100 brn|[from] brn
|upkeep
|turn|80
|
|t:|1635221625
|move|p2a: Eternatus|Recover|p2a: Eternatus
|-heal|p2a: Eternatus|99/100 brn
|move|p1a: Tyranitar|Stealth Rock|p2a: Eternatus
|-sidestart|p2: Rell27|move: Stealth Rock
|
|-weather|Sandstorm|[upkeep]
|-damage|p2a: Eternatus|92/100 brn|[from] Sandstorm
|-damage|p2a: Eternatus|86/100 brn|[from] brn
|upkeep
|turn|81
|
|t:|1635221632
|switch|p1a: Ho-Oh|Ho-Oh|98/100
|move|p2a: Eternatus|Sludge Bomb|p1a: Ho-Oh
|-crit|p1a: Ho-Oh
|-damage|p1a: Ho-Oh|40/100
|-status|p1a: Ho-Oh|psn
|-damage|p2a: Eternatus|76/100 brn|[from] item: Life Orb
|
|-weather|Sandstorm|[upkeep]
|-damage|p2a: Eternatus|70/100 brn|[from] Sandstorm
|-damage|p1a: Ho-Oh|34/100 psn|[from] Sandstorm
|-damage|p1a: Ho-Oh|21/100 psn|[from] psn
|-damage|p2a: Eternatus|64/100 brn|[from] brn
|upkeep
|turn|82
|
|t:|1635221640
|switch|p1a: Blissey|Blissey, F|74/100
|move|p2a: Eternatus|Dynamax Cannon|p1a: Blissey
|-damage|p1a: Blissey|52/100
|-damage|p2a: Eternatus|54/100 brn|[from] item: Life Orb
|
|-weather|none
|-damage|p2a: Eternatus|47/100 brn|[from] brn
|upkeep
|turn|83
|
|t:|1635221644
|switch|p2a: Calyrex|Calyrex-Shadow|54/100
|-ability|p2a: Calyrex|As One
|-ability|p2a: Calyrex|Unnerve
|-damage|p2a: Calyrex|42/100|[from] Stealth Rock
|move|p1a: Blissey|Soft-Boiled|p1a: Blissey
|-heal|p1a: Blissey|100/100
|
|upkeep
|turn|84
|
|t:|1635221649
|switch|p1a: Tyranitar|Tyranitar, F|76/100
|-weather|Sandstorm|[from] ability: Sand Stream|[of] p1a: Tyranitar
|move|p2a: Calyrex|Leech Seed|p1a: Tyranitar
|-start|p1a: Tyranitar|move: Leech Seed
|
|-weather|Sandstorm|[upkeep]
|-damage|p2a: Calyrex|36/100|[from] Sandstorm
|-damage|p1a: Tyranitar|63/100|[from] Leech Seed|[of] p2a: Calyrex
|-heal|p2a: Calyrex|50/100|[silent]
|upkeep
|turn|85
|
|t:|1635221655
|switch|p1a: Ho-Oh|Ho-Oh|54/100 psn
|move|p2a: Calyrex|Substitute|p2a: Calyrex
|-start|p2a: Calyrex|Substitute
|-damage|p2a: Calyrex|25/100
|
|-weather|Sandstorm|[upkeep]
|-damage|p2a: Calyrex|19/100|[from] Sandstorm
|-damage|p1a: Ho-Oh|48/100 psn|[from] Sandstorm
|-damage|p1a: Ho-Oh|36/100 psn|[from] psn
|upkeep
|turn|86
|
|t:|1635221660
|switch|p1a: Tyranitar|Tyranitar, F|63/100
|move|p2a: Calyrex|Leech Seed|p1a: Tyranitar
|-start|p1a: Tyranitar|move: Leech Seed
|
|-weather|Sandstorm|[upkeep]
|-damage|p2a: Calyrex|12/100|[from] Sandstorm
|-damage|p1a: Tyranitar|51/100|[from] Leech Seed|[of] p2a: Calyrex
|-heal|p2a: Calyrex|27/100|[silent]
|upkeep
|turn|87
|
|t:|1635221669
|switch|p1a: Ho-Oh|Ho-Oh|69/100 psn
|move|p2a: Calyrex|Leech Seed|p1a: Ho-Oh
|-start|p1a: Ho-Oh|move: Leech Seed
|
|-weather|Sandstorm|[upkeep]
|-damage|p2a: Calyrex|20/100|[from] Sandstorm
|-damage|p1a: Ho-Oh|63/100 psn|[from] Sandstorm
|-damage|p1a: Ho-Oh|51/100 psn|[from] Leech Seed|[of] p2a: Calyrex
|-heal|p2a: Calyrex|35/100|[silent]
|-damage|p1a: Ho-Oh|39/100 psn|[from] psn
|upkeep
|turn|88
|
|t:|1635221678
|switch|p1a: Tyranitar|Tyranitar, F|51/100
|move|p2a: Calyrex|Astral Barrage|p1a: Tyranitar
|-resisted|p1a: Tyranitar
|-crit|p1a: Tyranitar
|-damage|p1a: Tyranitar|30/100
|
|-weather|none
|upkeep
|turn|89
|
|t:|1635221682
|move|p2a: Calyrex|Leech Seed|p1a: Tyranitar
|-start|p1a: Tyranitar|move: Leech Seed
|move|p1a: Tyranitar|Rest|p1a: Tyranitar
|-status|p1a: Tyranitar|slp|[from] move: Rest
|-heal|p1a: Tyranitar|100/100 slp|[silent]
|
|-damage|p1a: Tyranitar|88/100 slp|[from] Leech Seed|[of] p2a: Calyrex
|-heal|p2a: Calyrex|49/100|[silent]
|upkeep
|turn|90
|
|t:|1635221688
|move|p2a: Calyrex|Psyshock|p1a: Tyranitar
|-immune|p1a: Tyranitar
|cant|p1a: Tyranitar|slp
|
|-damage|p1a: Tyranitar|76/100 slp|[from] Leech Seed|[of] p2a: Calyrex
|-heal|p2a: Calyrex|63/100|[silent]
|upkeep
|turn|91
|
|t:|1635221701
|switch|p2a: Xerneas|Xerneas|37/100
|-damage|p2a: Xerneas|25/100|[from] Stealth Rock
|-ability|p2a: Xerneas|Fairy Aura
|switch|p1a: Ho-Oh|Ho-Oh|72/100 psn
|
|-damage|p1a: Ho-Oh|60/100 psn|[from] psn
|upkeep
|turn|92
|
|t:|1635221706
|switch|p2a: Eternatus|Eternatus|47/100 brn
|-damage|p2a: Eternatus|35/100 brn|[from] Stealth Rock
|-ability|p2a: Eternatus|Pressure
|switch|p1a: Blissey|Blissey, F|100/100
|
|-damage|p2a: Eternatus|29/100 brn|[from] brn
|upkeep
|turn|93
|
|t:|1635221711
|move|p2a: Eternatus|Recover|p2a: Eternatus
|-heal|p2a: Eternatus|79/100 brn
|move|p1a: Blissey|Aromatherapy|p1a: Blissey
|-activate|p1a: Blissey|move: Aromatherapy
|-curestatus|p1: Tyranitar|slp|[msg]
|-curestatus|p1: Ho-Oh|psn|[msg]
|
|-damage|p2a: Eternatus|72/100 brn|[from] brn
|upkeep
|turn|94
|
|t:|1635221717
|move|p2a: Eternatus|Dynamax Cannon|p1a: Blissey
|-damage|p1a: Blissey|81/100
|-damage|p2a: Eternatus|63/100 brn|[from] item: Life Orb
|move|p1a: Blissey|Wish|p1a: Blissey
|
|-damage|p2a: Eternatus|56/100 brn|[from] brn
|upkeep
|turn|95
|
|t:|1635221723
|move|p2a: Eternatus|Recover|p2a: Eternatus
|-heal|p2a: Eternatus|100/100 brn
|move|p1a: Blissey|Confide|p2a: Eternatus
|-unboost|p2a: Eternatus|spa|1
|
|-heal|p1a: Blissey|100/100|[from] move: Wish|[wisher] Blissey
|-damage|p2a: Eternatus|94/100 brn|[from] brn
|upkeep
|turn|96
|
|t:|1635221731
|switch|p2a: Necrozma|Necrozma-Dusk-Mane|100/100
|-damage|p2a: Necrozma|94/100|[from] Stealth Rock
|move|p1a: Blissey|Wish|p1a: Blissey
|
|upkeep
|turn|97
|
|t:|1635221737
|switch|p1a: Ho-Oh|Ho-Oh|93/100
|move|p2a: Necrozma|Stealth Rock|p1a: Ho-Oh
|-sidestart|p1: PokeDuels Blue|move: Stealth Rock
|
|-heal|p1a: Ho-Oh|100/100|[from] move: Wish|[wisher] Blissey
|upkeep
|turn|98
|
|t:|1635221745
|switch|p2a: Eternatus|Eternatus|94/100 brn
|-damage|p2a: Eternatus|82/100 brn|[from] Stealth Rock
|-ability|p2a: Eternatus|Pressure
|move|p1a: Ho-Oh|Brave Bird|p2a: Eternatus
|-damage|p2a: Eternatus|44/100 brn
|-damage|p1a: Ho-Oh|87/100|[from] Recoil
|
|-damage|p2a: Eternatus|38/100 brn|[from] brn
|upkeep
|turn|99
|
|t:|1635221759
|move|p2a: Eternatus|Recover|p2a: Eternatus
|-heal|p2a: Eternatus|88/100 brn
|move|p1a: Ho-Oh|Brave Bird|p2a: Eternatus
|-damage|p2a: Eternatus|48/100 brn
|-damage|p1a: Ho-Oh|72/100|[from] Recoil
|
|-damage|p2a: Eternatus|42/100 brn|[from] brn
|upkeep
|turn|100
|
|t:|1635221762
|move|p2a: Eternatus|Recover|p2a: Eternatus
|-heal|p2a: Eternatus|92/100 brn
|move|p1a: Ho-Oh|Defog|p2a: Eternatus
|-unboost|p2a: Eternatus|evasion|1
|-sideend|p2: Rell27|Stealth Rock|[from] move: Defog|[of] p1a: Ho-Oh
|-sideend|p1: PokeDuels Blue|Stealth Rock|[from] move: Defog|[of] p1a: Ho-Oh
|
|-damage|p2a: Eternatus|85/100 brn|[from] brn
|upkeep
|turn|101
|
|t:|1635221767
|switch|p1a: Blissey|Blissey, F|100/100
|move|p2a: Eternatus|Sludge Bomb|p1a: Blissey
|-damage|p1a: Blissey|80/100
|-status|p1a: Blissey|psn
|-damage|p2a: Eternatus|75/100 brn|[from] item: Life Orb
|
|-damage|p1a: Blissey|67/100 psn|[from] psn
|-damage|p2a: Eternatus|69/100 brn|[from] brn
|upkeep
|turn|102
|
|t:|1635221776
|switch|p2a: Calyrex|Calyrex-Shadow|63/100
|-ability|p2a: Calyrex|As One
|-ability|p2a: Calyrex|Unnerve
|move|p1a: Blissey|Soft-Boiled|p1a: Blissey
|-heal|p1a: Blissey|100/100 psn
|
|-damage|p1a: Blissey|88/100 psn|[from] psn
|upkeep
|turn|103
|
|t:|1635221782
|-curestatus|p1a: Blissey|psn|[from] ability: Natural Cure
|switch|p1a: Ho-Oh|Ho-Oh|100/100
|move|p2a: Calyrex|Leech Seed|p1a: Ho-Oh
|-start|p1a: Ho-Oh|move: Leech Seed
|
|-damage|p1a: Ho-Oh|88/100|[from] Leech Seed|[of] p2a: Calyrex
|-heal|p2a: Calyrex|78/100|[silent]
|upkeep
|turn|104
|
|t:|1635221789
|switch|p1a: Tyranitar|Tyranitar, F|76/100
|-weather|Sandstorm|[from] ability: Sand Stream|[of] p1a: Tyranitar
|move|p2a: Calyrex|Psyshock|p1a: Tyranitar
|-immune|p1a: Tyranitar
|
|-weather|Sandstorm|[upkeep]
|-damage|p2a: Calyrex|71/100|[from] Sandstorm
|upkeep
|turn|105
|
|t:|1635221797
|switch|p2a: Eternatus|Eternatus|69/100 brn
|-ability|p2a: Eternatus|Pressure
|move|p1a: Tyranitar|Foul Play|p2a: Eternatus
|-damage|p2a: Eternatus|52/100 brn
|
|-weather|Sandstorm|[upkeep]
|-damage|p2a: Eternatus|46/100 brn|[from] Sandstorm
|-damage|p2a: Eternatus|40/100 brn|[from] brn
|upkeep
|turn|106
|
|t:|1635221806
|move|p2a: Eternatus|Recover|p2a: Eternatus
|-heal|p2a: Eternatus|90/100 brn
|move|p1a: Tyranitar|Stealth Rock|p2a: Eternatus
|-sidestart|p2: Rell27|move: Stealth Rock
|
|-weather|Sandstorm|[upkeep]
|-damage|p2a: Eternatus|83/100 brn|[from] Sandstorm
|-damage|p2a: Eternatus|77/100 brn|[from] brn
|upkeep
|turn|107
|
|t:|1635221814
|switch|p1a: Blissey|Blissey, F|88/100
|move|p2a: Eternatus|Dynamax Cannon|p1a: Blissey
|-damage|p1a: Blissey|68/100
|-damage|p2a: Eternatus|67/100 brn|[from] item: Life Orb
|
|-weather|Sandstorm|[upkeep]
|-damage|p2a: Eternatus|61/100 brn|[from] Sandstorm
|-damage|p1a: Blissey|62/100|[from] Sandstorm
|-damage|p2a: Eternatus|55/100 brn|[from] brn
|upkeep
|turn|108
|
|t:|1635221816
|switch|p2a: Necrozma|Necrozma-Dusk-Mane|94/100
|-damage|p2a: Necrozma|88/100|[from] Stealth Rock
|move|p1a: Blissey|Soft-Boiled|p1a: Blissey
|-heal|p1a: Blissey|100/100
|
|-weather|none
|upkeep
|turn|109
|
|t:|1635221819
|switch|p1a: Ho-Oh|Ho-Oh|100/100
|move|p2a: Necrozma|Stealth Rock|p1a: Ho-Oh
|-sidestart|p1: PokeDuels Blue|move: Stealth Rock
|
|upkeep
|turn|110
|
|t:|1635221837
|move|p1a: Ho-Oh|Brave Bird|p2a: Necrozma
|-resisted|p2a: Necrozma
|-damage|p2a: Necrozma|73/100
|-damage|p1a: Ho-Oh|96/100|[from] Recoil
|move|p2a: Necrozma|Sunsteel Strike|p1a: Ho-Oh
|-resisted|p1a: Ho-Oh
|-crit|p1a: Ho-Oh
|-damage|p1a: Ho-Oh|68/100
|
|upkeep
|turn|111
|
|t:|1635221843
|move|p1a: Ho-Oh|Sacred Fire|p2a: Necrozma
|-supereffective|p2a: Necrozma
|-damage|p2a: Necrozma|33/100
|-status|p2a: Necrozma|brn
|-enditem|p2a: Necrozma|Weakness Policy
|-boost|p2a: Necrozma|atk|2|[from] item: Weakness Policy
|-boost|p2a: Necrozma|spa|2|[from] item: Weakness Policy
|move|p2a: Necrozma|Sunsteel Strike|p1a: Ho-Oh
|-resisted|p1a: Ho-Oh
|-damage|p1a: Ho-Oh|50/100
|
|-damage|p2a: Necrozma|26/100 brn|[from] brn
|upkeep
|turn|112
|
|t:|1635221849
|move|p1a: Ho-Oh|Sacred Fire|p2a: Necrozma
|-supereffective|p2a: Necrozma
|-damage|p2a: Necrozma|0 fnt
|faint|p2a: Necrozma
|
|upkeep
|
|t:|1635221858
|switch|p2a: Zekrom|Zekrom|42/100
|-damage|p2a: Zekrom|30/100|[from] Stealth Rock
|-ability|p2a: Zekrom|Teravolt
|turn|113
|
|t:|1635221867
|switch|p1a: Dialga|Dialga|88/100
|-damage|p1a: Dialga|82/100|[from] Stealth Rock
|-ability|p1a: Dialga|Pressure
|move|p2a: Zekrom|Dragon Dance|p2a: Zekrom
|-boost|p2a: Zekrom|atk|1
|-boost|p2a: Zekrom|spe|1
|
|-heal|p2a: Zekrom|36/100|[from] item: Leftovers
|-heal|p1a: Dialga|88/100|[from] item: Leftovers
|upkeep
|turn|114
|
|t:|1635221876
|move|p2a: Zekrom|Dragon Claw|p1a: Dialga
|-damage|p1a: Dialga|47/100
|move|p1a: Dialga|Bulk Up|p1a: Dialga
|-boost|p1a: Dialga|atk|1
|-boost|p1a: Dialga|def|1
|
|-heal|p2a: Zekrom|42/100|[from] item: Leftovers
|-heal|p1a: Dialga|53/100|[from] item: Leftovers
|upkeep
|turn|115
|
|t:|1635221884
|switch|p2a: Xerneas|Xerneas|25/100
|-damage|p2a: Xerneas|12/100|[from] Stealth Rock
|-ability|p2a: Xerneas|Fairy Aura
|move|p1a: Dialga|Scale Shot|p2a: Xerneas
|-immune|p2a: Xerneas
|
|-heal|p1a: Dialga|59/100|[from] item: Leftovers
|upkeep
|turn|116
|
|t:|1635221899
|switch|p1a: Blissey|Blissey, F|100/100
|-damage|p1a: Blissey|88/100|[from] Stealth Rock
|move|p2a: Xerneas|Moonblast|p1a: Blissey
|-damage|p1a: Blissey|70/100
|
|upkeep
|turn|117
|
|t:|1635221906
|move|p2a: Xerneas|Defog|p1a: Blissey
|-unboost|p1a: Blissey|evasion|1
|-sideend|p1: PokeDuels Blue|Stealth Rock|[from] move: Defog|[of] p2a: Xerneas
|-sideend|p2: Rell27|Stealth Rock|[from] move: Defog|[of] p2a: Xerneas
|move|p1a: Blissey|Wish|p1a: Blissey
|
|upkeep
|turn|118
|
|t:|1635221917
|switch|p2a: Calyrex|Calyrex-Shadow|71/100
|-ability|p2a: Calyrex|As One
|-ability|p2a: Calyrex|Unnerve
|move|p1a: Blissey|Confide|p2a: Calyrex
|-unboost|p2a: Calyrex|spa|1
|
|-heal|p1a: Blissey|100/100|[from] move: Wish|[wisher] Blissey
|upkeep
|turn|119
|
|t:|1635221934
|move|p2a: Calyrex|Leech Seed|p1a: Blissey
|-start|p1a: Blissey|move: Leech Seed
|move|p1a: Blissey|Wish|p1a: Blissey
|
|-damage|p1a: Blissey|88/100|[from] Leech Seed|[of] p2a: Calyrex
|-heal|p2a: Calyrex|97/100|[silent]
|upkeep
|turn|120
|
|t:|1635221941
|switch|p2a: Xerneas|Xerneas|12/100
|-ability|p2a: Xerneas|Fairy Aura
|switch|p1a: Dialga|Dialga|59/100
|-ability|p1a: Dialga|Pressure
|
|-heal|p1a: Dialga|100/100|[from] move: Wish|[wisher] Blissey
|upkeep
|turn|121
|
|t:|1635221952
|switch|p1a: Ho-Oh|Ho-Oh|83/100
|move|p2a: Xerneas|Moonblast|p1a: Ho-Oh
|-resisted|p1a: Ho-Oh
|-damage|p1a: Ho-Oh|66/100
|-unboost|p1a: Ho-Oh|spa|1
|
|upkeep
|turn|122
|
|t:|1635221958
|switch|p2a: Eternatus|Eternatus|55/100 brn
|-ability|p2a: Eternatus|Pressure
|move|p1a: Ho-Oh|Brave Bird|p2a: Eternatus
|-damage|p2a: Eternatus|13/100 brn
|-damage|p1a: Ho-Oh|51/100|[from] Recoil
|
|-damage|p2a: Eternatus|6/100 brn|[from] brn
|upkeep
|turn|123
|
|t:|1635221965
|switch|p1a: Tyranitar|Tyranitar, F|76/100
|-weather|Sandstorm|[from] ability: Sand Stream|[of] p1a: Tyranitar
|move|p2a: Eternatus|Recover|p2a: Eternatus
|-heal|p2a: Eternatus|56/100 brn
|
|-weather|Sandstorm|[upkeep]
|-damage|p2a: Eternatus|50/100 brn|[from] Sandstorm
|-damage|p2a: Eternatus|44/100 brn|[from] brn
|upkeep
|turn|124
|l| KaiZX4
|
|t:|1635221983
|switch|p2a: Xerneas|Xerneas|12/100
|-ability|p2a: Xerneas|Fairy Aura
|move|p1a: Tyranitar|Stealth Rock|p2a: Xerneas
|-sidestart|p2: Rell27|move: Stealth Rock
|
|-weather|Sandstorm|[upkeep]
|-damage|p2a: Xerneas|6/100|[from] Sandstorm
|upkeep
|turn|125
|
|t:|1635221996
|switch|p1a: Ho-Oh|Ho-Oh|84/100
|move|p2a: Xerneas|Defog|p1a: Ho-Oh
|-unboost|p1a: Ho-Oh|evasion|1
|-sideend|p2: Rell27|Stealth Rock|[from] move: Defog|[of] p2a: Xerneas
|
|-weather|Sandstorm|[upkeep]
|-damage|p2a: Xerneas|0 fnt|[from] Sandstorm
|-damage|p1a: Ho-Oh|78/100|[from] Sandstorm
|faint|p2a: Xerneas
|upkeep
|
|t:|1635222001
|switch|p2a: Zekrom|Zekrom|42/100
|-ability|p2a: Zekrom|Teravolt
|turn|126
|
|t:|1635222010
|switch|p1a: Eternatus|Eternatus|86/100
|-ability|p1a: Eternatus|Pressure
|move|p2a: Zekrom|Bolt Strike|p1a: Eternatus
|-resisted|p1a: Eternatus
|-damage|p1a: Eternatus|64/100
|-status|p1a: Eternatus|par
|
|-weather|Sandstorm|[upkeep]
|-damage|p2a: Zekrom|36/100|[from] Sandstorm
|-damage|p1a: Eternatus|58/100 par|[from] Sandstorm
|-heal|p2a: Zekrom|42/100|[from] item: Leftovers
|upkeep
|turn|127
|j| equenimeus
|
|t:|1635222021
|move|p2a: Zekrom|Substitute|p2a: Zekrom
|-start|p2a: Zekrom|Substitute
|-damage|p2a: Zekrom|18/100
|move|p1a: Eternatus|Dynamax Cannon|p2a: Zekrom
|-supereffective|p2a: Zekrom
|-end|p2a: Zekrom|Substitute
|
|-weather|none
|-heal|p2a: Zekrom|24/100|[from] item: Leftovers
|upkeep
|turn|128
|
|t:|1635222027
|move|p2a: Zekrom|Dragon Claw|p1a: Eternatus
|-supereffective|p1a: Eternatus
|-damage|p1a: Eternatus|6/100 par
|move|p1a: Eternatus|Dynamax Cannon|p2a: Zekrom
|-supereffective|p2a: Zekrom
|-damage|p2a: Zekrom|0 fnt
|faint|p2a: Zekrom
|
|upkeep
|
|t:|1635222036
|switch|p2a: Calyrex|Calyrex-Shadow|97/100
|-ability|p2a: Calyrex|As One
|-ability|p2a: Calyrex|Unnerve
|turn|129
|
|t:|1635222041
|switch|p1a: Ho-Oh|Ho-Oh|100/100
|move|p2a: Calyrex|Psyshock|p1a: Ho-Oh
|-damage|p1a: Ho-Oh|66/100
|
|upkeep
|turn|130
|
|t:|1635222047
|move|p2a: Calyrex|Psyshock|p1a: Ho-Oh
|-damage|p1a: Ho-Oh|34/100
|move|p1a: Ho-Oh|Brave Bird|p2a: Calyrex
|-damage|p2a: Calyrex|41/100
|-damage|p1a: Ho-Oh|19/100|[from] Recoil
|
|upkeep
|turn|131
|
|t:|1635222055
|switch|p1a: Tyranitar|Tyranitar, F|76/100
|-weather|Sandstorm|[from] ability: Sand Stream|[of] p1a: Tyranitar
|move|p2a: Calyrex|Substitute|p2a: Calyrex
|-start|p2a: Calyrex|Substitute
|-damage|p2a: Calyrex|16/100
|
|-weather|Sandstorm|[upkeep]
|-damage|p2a: Calyrex|10/100|[from] Sandstorm
|upkeep
|turn|132
|
|t:|1635222061
|switch|p1a: Ho-Oh|Ho-Oh|52/100
|move|p2a: Calyrex|Leech Seed|p1a: Ho-Oh
|-start|p1a: Ho-Oh|move: Leech Seed
|
|-weather|Sandstorm|[upkeep]
|-damage|p2a: Calyrex|4/100|[from] Sandstorm
|-damage|p1a: Ho-Oh|46/100|[from] Sandstorm
|-damage|p1a: Ho-Oh|34/100|[from] Leech Seed|[of] p2a: Calyrex
|-heal|p2a: Calyrex|18/100|[silent]
|upkeep
|turn|133
|
|t:|1635222065
|switch|p1a: Tyranitar|Tyranitar, F|76/100
|move|p2a: Calyrex|Astral Barrage|p1a: Tyranitar
|-resisted|p1a: Tyranitar
|-damage|p1a: Tyranitar|61/100
|
|-weather|Sandstorm|[upkeep]
|-damage|p2a: Calyrex|12/100|[from] Sandstorm
|upkeep
|turn|134
|
|t:|1635222071
|move|p2a: Calyrex|Astral Barrage|p1a: Tyranitar
|-resisted|p1a: Tyranitar
|-damage|p1a: Tyranitar|46/100
|move|p1a: Tyranitar|Foul Play|p2a: Calyrex
|-supereffective|p2a: Calyrex
|-end|p2a: Calyrex|Substitute
|
|-weather|Sandstorm|[upkeep]
|-damage|p2a: Calyrex|6/100|[from] Sandstorm
|upkeep
|turn|135
|
|t:|1635222075
|move|p2a: Calyrex|Leech Seed|p1a: Tyranitar
|-start|p1a: Tyranitar|move: Leech Seed
|move|p1a: Tyranitar|Foul Play|p2a: Calyrex
|-supereffective|p2a: Calyrex
|-damage|p2a: Calyrex|0 fnt
|faint|p2a: Calyrex
|
|-weather|none
|upkeep
|-message|Rell27 forfeited.
|
|win|PokeDuels Blue
|raw|PokeDuels Blue's rating: 1706 &rarr; <strong>1719</strong><br />(+13 for winning)
|raw|Rell27's rating: 1583 &rarr; <strong>1570</strong><br />(-13 for losing)
|l|☆Rell27
|l| Bamarah
|l|☆PokeDuels Blue
