|j|☆megablackhole
|j|☆Ryriss
|t:|1647109867
|gametype|singles
|player|p1|megablackhole|lucas-gen4pt|1291
|player|p2|Ryriss|hilbert|1386
|teamsize|p1|6
|teamsize|p2|6
|gen|8
|tier|[Gen 8] Ubers
|rated|
|rule|Sleep Clause Mod: Limit one foe put to sleep
|rule|Species Clause: Limit one of each Pokémon
|rule|OHKO Clause: OHKO moves are banned
|rule|Evasion Moves Clause: Evasion moves are banned
|rule|Endless Battle Clause: Forcing endless battles is banned
|rule|HP Percentage Mod: HP is shown in percentages
|rule|Dynamax Clause: You cannot dynamax
|clearpoke
|poke|p1|Xerneas-*|
|poke|p1|Corviknight, F|
|poke|p1|Necrozma-Dusk-Mane|
|poke|p1|Calyrex-Shadow|
|poke|p1|Dracovish|
|poke|p1|Cinderace, F|
|poke|p2|Giratina-Origin|
|poke|p2|Groudon|
|poke|p2|Genesect|
|poke|p2|Kyurem-Black|
|poke|p2|Lugia|
|poke|p2|Yveltal|
|teampreview
|inactive|Battle timer is ON: inactive players will automatically lose when time's up. (requested by Ryriss)
|
|t:|1647109869
|start
|switch|p1a: my son|Dracovish|100/100
|switch|p2a: Lugia|Lugia|100/100
|-ability|p2a: Lugia|Pressure
|turn|1
|
|t:|1647109877
|move|p1a: my son|Fishious Rend|p2a: Lugia
|-damage|p2a: Lugia|29/100
|move|p2a: Lugia|Reflect|p2a: Lugia
|-sidestart|p2: Ryriss|Reflect
|
|upkeep
|turn|2
|
|t:|1647109882
|move|p1a: my son|Fishious Rend|p2a: Lugia
|-damage|p2a: Lugia|0 fnt
|faint|p2a: Lugia
|
|upkeep
|c|☆megablackhole|stall lugia no more
|
|t:|1647109897
|switch|p2a: Groudon|Groudon|100/100
|-weather|SunnyDay|[from] ability: Drought|[of] p2a: Groudon
|turn|3
|
|t:|1647109902
|switch|p1a: the dark night|Corviknight, F|100/100
|-ability|p1a: the dark night|Pressure
|move|p2a: Groudon|Rock Polish|p2a: Groudon
|-boost|p2a: Groudon|spe|2
|
|-weather|SunnyDay|[upkeep]
|upkeep
|turn|4
|
|t:|1647109911
|move|p2a: Groudon|Swords Dance|p2a: Groudon
|-boost|p2a: Groudon|atk|2
|move|p1a: the dark night|Body Press|p2a: Groudon
|-damage|p2a: Groudon|92/100
|
|-weather|SunnyDay|[upkeep]
|upkeep
|turn|5
|
|t:|1647109919
|move|p2a: Groudon|Swords Dance|p2a: Groudon
|-boost|p2a: Groudon|atk|2
|move|p1a: the dark night|Body Press|p2a: Groudon
|-damage|p2a: Groudon|84/100
|
|-weather|SunnyDay|[upkeep]
|upkeep
|turn|6
|
|t:|1647109927
|move|p2a: Groudon|Rock Polish|p2a: Groudon
|-boost|p2a: Groudon|spe|2
|move|p1a: the dark night|Body Press|p2a: Groudon
|-damage|p2a: Groudon|76/100
|
|-weather|SunnyDay|[upkeep]
|upkeep
|turn|7
|
|t:|1647109935
|move|p2a: Groudon|Stone Edge|p1a: the dark night|[miss]
|-miss|p2a: Groudon|p1a: the dark night
|move|p1a: the dark night|Body Press|p2a: Groudon
|-damage|p2a: Groudon|68/100
|
|-weather|none
|upkeep
|turn|8
|inactive|megablackhole has 120 seconds left.
|
|t:|1647109965
|move|p2a: Groudon|Stone Edge|p1a: the dark night
|-damage|p1a: the dark night|18/100
|move|p1a: the dark night|Body Press|p2a: Groudon
|-damage|p2a: Groudon|60/100
|
|-heal|p1a: the dark night|24/100|[from] item: Leftovers
|-sideend|p2: Ryriss|Reflect
|upkeep
|turn|9
|
|t:|1647109975
|move|p2a: Groudon|Stone Edge|p1a: the dark night
|-damage|p1a: the dark night|0 fnt
|faint|p1a: the dark night
|
|upkeep
|
|t:|1647109985
|switch|p1a: shadow brain|Calyrex-Shadow|100/100
|-ability|p1a: shadow brain|As One
|-ability|p1a: shadow brain|Unnerve
|turn|10
|
|t:|1647109992
|move|p2a: Groudon|Earthquake|p1a: shadow brain
|-enditem|p1a: shadow brain|Focus Sash
|-damage|p1a: shadow brain|1/100
|move|p1a: shadow brain|Astral Barrage|p2a: Groudon
|-damage|p2a: Groudon|0 fnt
|faint|p2a: Groudon
|-ability|p1a: shadow brain|Grim Neigh|boost
|-boost|p1a: shadow brain|spa|1
|
|upkeep
|
|t:|1647110003
|switch|p2a: Giratina|Giratina-Origin|100/100
|turn|11
|
|t:|1647110006
|move|p2a: Giratina|Shadow Sneak|p1a: shadow brain
|-supereffective|p1a: shadow brain
|-damage|p1a: shadow brain|0 fnt
|faint|p1a: shadow brain
|
|upkeep
|
|t:|1647110015
|switch|p1a: deer|Xerneas|100/100
|-ability|p1a: deer|Fairy Aura
|turn|12
|
|t:|1647110020
|switch|p2a: Genesect|Genesect, shiny|100/100
|-ability|p2a: Genesect|Download|boost
|-boost|p2a: Genesect|spa|1
|move|p1a: deer|Geomancy||[still]
|-prepare|p1a: deer|Geomancy
|-enditem|p1a: deer|Power Herb
|-anim|p1a: deer|Geomancy|p1a: deer
|-boost|p1a: deer|spa|2
|-boost|p1a: deer|spd|2
|-boost|p1a: deer|spe|2
|
|upkeep
|turn|13
|
|t:|1647110030
|move|p1a: deer|Moonblast|p2a: Genesect
|-resisted|p2a: Genesect
|-damage|p2a: Genesect|34/100
|move|p2a: Genesect|Shift Gear|p2a: Genesect
|-boost|p2a: Genesect|spe|2
|-boost|p2a: Genesect|atk|1
|
|upkeep
|turn|14
|
|t:|1647110037
|move|p2a: Genesect|Iron Head|p1a: deer
|-supereffective|p1a: deer
|-crit|p1a: deer
|-damage|p1a: deer|0 fnt
|faint|p1a: deer
|
|upkeep
|c|☆megablackhole|lucky
|
|t:|1647110047
|switch|p1a: dusk-mane|Necrozma-Dusk-Mane|100/100
|turn|15
|
|t:|1647110051
|move|p2a: Genesect|Blaze Kick|p1a: dusk-mane
|-supereffective|p1a: dusk-mane
|-damage|p1a: dusk-mane|58/100
|-enditem|p1a: dusk-mane|Weakness Policy
|-boost|p1a: dusk-mane|atk|2|[from] item: Weakness Policy
|-boost|p1a: dusk-mane|spa|2|[from] item: Weakness Policy
|move|p1a: dusk-mane|Dragon Dance|p1a: dusk-mane
|-boost|p1a: dusk-mane|atk|1
|-boost|p1a: dusk-mane|spe|1
|
|upkeep
|turn|16
|
|t:|1647110060
|move|p2a: Genesect|Blaze Kick|p1a: dusk-mane|[miss]
|-miss|p2a: Genesect|p1a: dusk-mane
|move|p1a: dusk-mane|Earthquake|p2a: Genesect
|-damage|p2a: Genesect|0 fnt
|faint|p2a: Genesect
|
|upkeep
|
|t:|1647110069
|switch|p2a: Giratina|Giratina-Origin|100/100
|turn|17
|
|t:|1647110073
|move|p1a: dusk-mane|Sunsteel Strike|p2a: Giratina
|-damage|p2a: Giratina|0 fnt
|faint|p2a: Giratina
|
|upkeep
|
|t:|1647110080
|switch|p2a: Yveltal|Yveltal|100/100
|-ability|p2a: Yveltal|Dark Aura
|turn|18
|
|t:|1647110084
|move|p2a: Yveltal|Sucker Punch|p1a: dusk-mane
|-supereffective|p1a: dusk-mane
|-damage|p1a: dusk-mane|14/100
|move|p1a: dusk-mane|Sunsteel Strike|p2a: Yveltal
|-damage|p2a: Yveltal|0 fnt
|faint|p2a: Yveltal
|
|upkeep
|-message|Ryriss forfeited.
|
|win|megablackhole
|raw|megablackhole's rating: 1291 &rarr; <strong>1323</strong><br />(+32 for winning)
|raw|Ryriss's rating: 1386 &rarr; <strong>1361</strong><br />(-25 for losing)
|l|☆Ryriss
||Ladder isn't responding, score probably updated but might not have (Request timeout).
