|j|☆iamnotagenius
|j|☆xasahbae
|inactive|Battle timer is ON: inactive players will automatically lose when time's up.
|t:|1664452168
|gametype|singles
|player|p1|iamnotagenius|morty-masters|
|player|p2|xasahbae|clerkf|
|teamsize|p1|6
|teamsize|p2|6
|gen|8
|tier|[Gen 8] Ubers
|rated|Tournament battle
|rule|Sleep Clause Mod: Limit one foe put to sleep
|rule|Species Clause: Limit one of each Pokémon
|rule|OHKO Clause: OHKO moves are banned
|rule|Evasion Items Clause: Evasion items are banned
|rule|Evasion Moves Clause: Evasion moves are banned
|rule|Endless Battle Clause: Forcing endless battles is banned
|rule|HP Percentage Mod: HP is shown in percentages
|rule|Dynamax Clause: You cannot dynamax
|clearpoke
|poke|p1|Goodra, M|
|poke|p1|Yveltal|
|poke|p1|Necrozma-Dusk-Mane|
|poke|p1|Eternatus|
|poke|p1|Groudon|
|poke|p1|Lunala|
|poke|p2|Slurpuff, F|
|poke|p2|Eternatus|
|poke|p2|Yveltal|
|poke|p2|Necrozma-Dusk-Mane|
|poke|p2|Ditto|
|poke|p2|Calyrex-Shadow|
|teampreview
|j|*Lady Monita
|
|t:|1664452174
|start
|switch|p1a: Groudon|Groudon|100/100
|switch|p2a: LE DONNE|Slurpuff, F|100/100
|-weather|SunnyDay|[from] ability: Drought|[of] p1a: Groudon
|turn|1
|j| Machamppp
|
|t:|1664452185
|move|p2a: LE DONNE|Sticky Web|p1a: Groudon
|-sidestart|p1: iamnotagenius|move: Sticky Web
|move|p1a: Groudon|Precipice Blades|p2a: LE DONNE
|-enditem|p2a: LE DONNE|Focus Sash
|-damage|p2a: LE DONNE|1/100
|
|-weather|SunnyDay|[upkeep]
|upkeep
|turn|2
|l| Machamppp
|
|t:|1664452193
|move|p2a: LE DONNE|Magic Coat|p2a: LE DONNE
|-singleturn|p2a: LE DONNE|move: Magic Coat
|move|p1a: Groudon|Precipice Blades|p2a: LE DONNE
|-damage|p2a: LE DONNE|0 fnt
|faint|p2a: LE DONNE
|
|-weather|SunnyDay|[upkeep]
|upkeep
|
|t:|1664452198
|switch|p2a: APPLAUSI PER FIBRA|Yveltal|100/100
|-ability|p2a: APPLAUSI PER FIBRA|Dark Aura
|turn|3
|
|t:|1664452202
|move|p2a: APPLAUSI PER FIBRA|Dark Pulse|p1a: Groudon
|-damage|p1a: Groudon|51/100
|cant|p1a: Groudon|flinch
|
|-weather|SunnyDay|[upkeep]
|-heal|p1a: Groudon|57/100|[from] item: Leftovers
|upkeep
|turn|4
|
|t:|1664452205
|move|p2a: APPLAUSI PER FIBRA|Dark Pulse|p1a: Groudon
|-damage|p1a: Groudon|0 fnt
|faint|p1a: Groudon
|
|-weather|SunnyDay|[upkeep]
|upkeep
|j| Machamppp
|
|t:|1664452212
|switch|p1a: Yveltal|Yveltal, shiny|100/100
|-ability|p1a: Yveltal|Dark Aura
|turn|5
|l| Machamppp
|
|t:|1664452215
|move|p2a: APPLAUSI PER FIBRA|Taunt|p1a: Yveltal
|-start|p1a: Yveltal|move: Taunt
|cant|p1a: Yveltal|move: Taunt|Defog
|
|-weather|none
|upkeep
|turn|6
|
|t:|1664452224
|switch|p1a: Goodra|Goodra, M|100/100
|-activate|p1a: Goodra|move: Sticky Web
|-unboost|p1a: Goodra|spe|1
|move|p2a: APPLAUSI PER FIBRA|Oblivion Wing|p1a: Goodra
|-damage|p1a: Goodra|78/100
|
|-heal|p1a: Goodra|85/100|[from] item: Leftovers
|upkeep
|turn|7
|
|t:|1664452228
|switch|p1a: Yveltal|Yveltal, shiny|100/100
|-ability|p1a: Yveltal|Dark Aura
|move|p2a: APPLAUSI PER FIBRA|Taunt|p1a: Yveltal
|-start|p1a: Yveltal|move: Taunt
|
|upkeep
|turn|8
|
|t:|1664452232
|move|p2a: APPLAUSI PER FIBRA|Oblivion Wing|p1a: Yveltal
|-damage|p1a: Yveltal|65/100
|move|p1a: Yveltal|Knock Off|p2a: APPLAUSI PER FIBRA
|-resisted|p2a: APPLAUSI PER FIBRA
|-damage|p2a: APPLAUSI PER FIBRA|69/100
|-enditem|p2a: APPLAUSI PER FIBRA|Metronome|[from] move: Knock Off|[of] p1a: Yveltal
|
|upkeep
|turn|9
|
|t:|1664452237
|switch|p1a: Goodra|Goodra, M|85/100
|-activate|p1a: Goodra|move: Sticky Web
|-unboost|p1a: Goodra|spe|1
|move|p2a: APPLAUSI PER FIBRA|Oblivion Wing|p1a: Goodra
|-damage|p1a: Goodra|65/100
|-heal|p2a: APPLAUSI PER FIBRA|83/100|[from] drain|[of] p1a: Goodra
|
|-heal|p1a: Goodra|71/100|[from] item: Leftovers
|upkeep
|turn|10
|
|t:|1664452246
|switch|p2a: BRUTTO FIGLIO DI|Necrozma-Dusk-Mane|100/100
|move|p1a: Goodra|Thunder|p2a: BRUTTO FIGLIO DI
|-damage|p2a: BRUTTO FIGLIO DI|77/100
|
|-heal|p1a: Goodra|78/100|[from] item: Leftovers
|upkeep
|turn|11
|
|t:|1664452254
|move|p2a: BRUTTO FIGLIO DI|Dragon Dance|p2a: BRUTTO FIGLIO DI
|-boost|p2a: BRUTTO FIGLIO DI|atk|1
|-boost|p2a: BRUTTO FIGLIO DI|spe|1
|move|p1a: Goodra|Thunder|p2a: BRUTTO FIGLIO DI
|-damage|p2a: BRUTTO FIGLIO DI|51/100
|
|-heal|p1a: Goodra|84/100|[from] item: Leftovers
|upkeep
|turn|12
|
|t:|1664452257
|move|p2a: BRUTTO FIGLIO DI|Sunsteel Strike|p1a: Goodra
|-damage|p1a: Goodra|0 fnt
|-ability|p1a: Goodra|Gooey
|-unboost|p2a: BRUTTO FIGLIO DI|spe|1
|faint|p1a: Goodra
|-damage|p2a: BRUTTO FIGLIO DI|41/100|[from] item: Life Orb
|
|upkeep
|
|t:|1664452262
|switch|p1a: Yveltal|Yveltal, shiny|65/100
|-ability|p1a: Yveltal|Dark Aura
|turn|13
|
|t:|1664452264
|move|p1a: Yveltal|Knock Off|p2a: BRUTTO FIGLIO DI
|-supereffective|p2a: BRUTTO FIGLIO DI
|-damage|p2a: BRUTTO FIGLIO DI|0 fnt
|-enditem|p2a: BRUTTO FIGLIO DI|Life Orb|[from] move: Knock Off|[of] p1a: Yveltal
|faint|p2a: BRUTTO FIGLIO DI
|
|upkeep
|
|t:|1664452267
|switch|p2a: ALIENO|Eternatus|100/100
|-ability|p2a: ALIENO|Pressure
|turn|14
|
|t:|1664452270
|switch|p1a: Necrozma|Necrozma-Dusk-Mane|100/100
|-activate|p1a: Necrozma|move: Sticky Web
|-unboost|p1a: Necrozma|spe|1
|move|p2a: ALIENO|Meteor Beam||[still]
|-prepare|p2a: ALIENO|Meteor Beam
|-boost|p2a: ALIENO|spa|1
|-enditem|p2a: ALIENO|Power Herb
|-anim|p2a: ALIENO|Meteor Beam|p1a: Necrozma
|-resisted|p1a: Necrozma
|-damage|p1a: Necrozma|71/100
|
|-heal|p1a: Necrozma|77/100|[from] item: Leftovers
|upkeep
|turn|15
|
|t:|1664452275
|move|p2a: ALIENO|Flamethrower|p1a: Necrozma
|-supereffective|p1a: Necrozma
|-damage|p1a: Necrozma|13/100
|-status|p1a: Necrozma|brn
|move|p1a: Necrozma|Dragon Dance|p1a: Necrozma
|-boost|p1a: Necrozma|atk|1
|-boost|p1a: Necrozma|spe|1
|
|-heal|p1a: Necrozma|19/100 brn|[from] item: Leftovers
|-damage|p1a: Necrozma|13/100 brn|[from] brn
|upkeep
|turn|16
|c|☆iamnotagenius|wow
|
|t:|1664452282
|move|p2a: ALIENO|Dynamax Cannon|p1a: Necrozma
|-resisted|p1a: Necrozma
|-damage|p1a: Necrozma|0 fnt
|faint|p1a: Necrozma
|
|upkeep
|c|☆iamnotagenius|rng hates me tonight
|c|☆xasahbae|didn't matter
|c|☆xasahbae|the burn at least
|c|☆iamnotagenius|still
|c|☆iamnotagenius|high roll on groudon
|c|☆xasahbae|i'm metro
|c|☆iamnotagenius|followed by speed tie vs yvel
|inactive|iamnotagenius has 120 seconds left.
|
|t:|1664452313
|switch|p1a: Yveltal|Yveltal, shiny|65/100
|-ability|p1a: Yveltal|Dark Aura
|turn|17
|c|☆xasahbae|so the was no high roll
|c|☆xasahbae|yeah the tie was bad
|c|☆xasahbae|i guess
|
|t:|1664452326
|move|p2a: ALIENO|Dynamax Cannon|p1a: Yveltal
|-damage|p1a: Yveltal|0 fnt
|faint|p1a: Yveltal
|
|upkeep
|
|t:|1664452330
|switch|p1a: Eternatus|Eternatus|100/100
|-activate|p1a: Eternatus|move: Sticky Web
|-unboost|p1a: Eternatus|spe|1
|-ability|p1a: Eternatus|Pressure
|turn|18
|
|t:|1664452332
|move|p2a: ALIENO|Dynamax Cannon|p1a: Eternatus
|-supereffective|p1a: Eternatus
|-enditem|p1a: Eternatus|Haban Berry|[eat]
|-enditem|p1a: Eternatus|Haban Berry|[weaken]
|-damage|p1a: Eternatus|28/100
|move|p1a: Eternatus|Dynamax Cannon|p2a: ALIENO
|-supereffective|p2a: ALIENO
|-crit|p2a: ALIENO
|-damage|p2a: ALIENO|0 fnt
|faint|p2a: ALIENO
|
|upkeep
|
|t:|1664452336
|switch|p2a: IN ITALIA|Calyrex-Shadow|100/100
|-ability|p2a: IN ITALIA|As One
|-ability|p2a: IN ITALIA|Unnerve
|turn|19
|
|t:|1664452340
|move|p2a: IN ITALIA|Psyshock|p1a: Eternatus
|-supereffective|p1a: Eternatus
|-damage|p1a: Eternatus|0 fnt
|faint|p1a: Eternatus
|-ability|p2a: IN ITALIA|Grim Neigh|boost
|-boost|p2a: IN ITALIA|spa|1
|
|upkeep
|
|t:|1664452342
|switch|p1a: Lunala|Lunala|100/100
|turn|20
|
|t:|1664452347
|move|p2a: IN ITALIA|Astral Barrage|p1a: Lunala
|-supereffective|p1a: Lunala
|-damage|p1a: Lunala|0 fnt
|faint|p1a: Lunala
|
|win|xasahbae
|n|☆iamnotagenius|iamnotagenius
|n|☆xasahbae|xasahbae
|n|*Lady Monita|ladymonita
|l|*Lady Monita
