|j|☆killer whale squa
|j|☆hhhhh66
|player|p1|killer whale squa|216|1437
|player|p2|hhhhh66|ghetsis|1547
|teamsize|p1|6
|teamsize|p2|6
|gametype|singles
|gen|8
|tier|[Gen 8] Ubers
|rated|
|clearpoke
|poke|p1|Zacian-Crowned|
|poke|p1|Mewtwo|
|poke|p1|Necrozma-Dusk-Mane|
|poke|p1|Tyranitar, M|
|poke|p1|Corviknight, M|
|poke|p1|Marshadow|
|poke|p2|Marshadow|
|poke|p2|Lunala|
|poke|p2|Zacian-Crowned|
|poke|p2|Necrozma-Dusk-Mane|
|poke|p2|Eternatus|
|poke|p2|Darmanitan-Galar, M|
|rule|Sleep Clause Mod: Limit one foe put to sleep
|rule|Species Clause: Limit one of each Pokémon
|rule|OHKO Clause: OHKO moves are banned
|rule|Evasion Moves Clause: Evasion moves are banned
|rule|Endless Battle Clause: Forcing endless battles is banned
|rule|HP Percentage Mod: HP is shown in percentages
|teampreview
|
|start
|switch|p1a: Tyranitar|Tyranitar, M|100/100
|switch|p2a: Zacian|Zacian-Crowned|100/100
|-ability|p2a: Zacian|Intrepid Sword|boost
|-boost|p2a: Zacian|atk|1
|-weather|Sandstorm|[from] ability: Sand Stream|[of] p1a: Tyranitar
|turn|1
|
|switch|p1a: Corviknight|Corviknight, M|100/100
|-ability|p1a: Corviknight|Pressure
|move|p2a: Zacian|Sacred Sword|p1a: Corviknight
|-damage|p1a: Corviknight|65/100
|
|-weather|Sandstorm|[upkeep]
|upkeep
|turn|2
|
|move|p2a: Zacian|Fire Fang|p1a: Corviknight
|-supereffective|p1a: Corviknight
|-damage|p1a: Corviknight|14/100
|move|p1a: Corviknight|Roost|p1a: Corviknight
|-heal|p1a: Corviknight|64/100
|-singleturn|p1a: Corviknight|move: Roost
|
|-weather|Sandstorm|[upkeep]
|upkeep
|turn|3
|
|move|p2a: Zacian|Fire Fang|p1a: Corviknight
|-supereffective|p1a: Corviknight
|-damage|p1a: Corviknight|15/100
|move|p1a: Corviknight|Roost|p1a: Corviknight
|-heal|p1a: Corviknight|65/100
|-singleturn|p1a: Corviknight|move: Roost
|
|-weather|Sandstorm|[upkeep]
|upkeep
|turn|4
|
|move|p2a: Zacian|Fire Fang|p1a: Corviknight
|-supereffective|p1a: Corviknight
|-damage|p1a: Corviknight|19/100
|move|p1a: Corviknight|Roost|p1a: Corviknight
|-heal|p1a: Corviknight|69/100
|-singleturn|p1a: Corviknight|move: Roost
|
|-weather|Sandstorm|[upkeep]
|upkeep
|turn|5
|
|switch|p1a: Necrozma|Necrozma-Dusk-Mane|100/100
|move|p2a: Zacian|Sacred Sword|p1a: Necrozma
|-damage|p1a: Necrozma|70/100
|
|-weather|none
|-heal|p1a: Necrozma|76/100|[from] item: Leftovers
|upkeep
|turn|6
|
|move|p2a: Zacian|Sacred Sword|p1a: Necrozma
|-damage|p1a: Necrozma|43/100
|move|p1a: Necrozma|Earthquake|p2a: Zacian
|-supereffective|p2a: Zacian
|-damage|p2a: Zacian|37/100
|
|-heal|p1a: Necrozma|50/100|[from] item: Leftovers
|upkeep
|turn|7
|
|move|p2a: Zacian|Fire Fang|p1a: Necrozma
|-supereffective|p1a: Necrozma
|-damage|p1a: Necrozma|12/100
|move|p1a: Necrozma|Morning Sun|p1a: Necrozma
|-heal|p1a: Necrozma|62/100
|
|-heal|p1a: Necrozma|68/100|[from] item: Leftovers
|upkeep
|turn|8
|
|switch|p2a: 非洲大酋长|Marshadow|100/100
|move|p1a: Necrozma|Earthquake|p2a: 非洲大酋长
|-damage|p2a: 非洲大酋长|54/100
|
|-heal|p1a: Necrozma|74/100|[from] item: Leftovers
|upkeep
|turn|9
|
|switch|p1a: Corviknight|Corviknight, M|69/100
|-ability|p1a: Corviknight|Pressure
|move|p2a: 非洲大酋长|Spectral Thief|p1a: Corviknight
|-damage|p1a: Corviknight|30/100
|
|upkeep
|turn|10
|
|switch|p1a: Tyranitar|Tyranitar, M|100/100
|-weather|Sandstorm|[from] ability: Sand Stream|[of] p1a: Tyranitar
|move|p2a: 非洲大酋长|Spectral Thief|p1a: Tyranitar
|-resisted|p1a: Tyranitar
|-damage|p1a: Tyranitar|72/100
|
|-weather|Sandstorm|[upkeep]
|-damage|p2a: 非洲大酋长|48/100|[from] Sandstorm
|upkeep
|turn|11
|
|switch|p2a: Zacian|Zacian-Crowned|37/100
|-ability|p2a: Zacian|Intrepid Sword|boost
|-boost|p2a: Zacian|atk|1
|move|p1a: Tyranitar|Thunder Wave|p2a: Zacian
|-status|p2a: Zacian|par
|
|-weather|Sandstorm|[upkeep]
|upkeep
|turn|12
|
|switch|p1a: Necrozma|Necrozma-Dusk-Mane|74/100
|move|p2a: Zacian|Fire Fang|p1a: Necrozma
|-supereffective|p1a: Necrozma
|-crit|p1a: Necrozma
|-damage|p1a: Necrozma|18/100
|
|-weather|Sandstorm|[upkeep]
|-heal|p1a: Necrozma|24/100|[from] item: Leftovers
|upkeep
|turn|13
|
|move|p1a: Necrozma|Morning Sun|p1a: Necrozma
|-heal|p1a: Necrozma|49/100
|move|p2a: Zacian|Fire Fang|p1a: Necrozma
|-supereffective|p1a: Necrozma
|-damage|p1a: Necrozma|17/100
|
|-weather|Sandstorm|[upkeep]
|-heal|p1a: Necrozma|23/100|[from] item: Leftovers
|upkeep
|turn|14
|
|move|p1a: Necrozma|Morning Sun|p1a: Necrozma
|-heal|p1a: Necrozma|48/100
|move|p2a: Zacian|Fire Fang|p1a: Necrozma
|-supereffective|p1a: Necrozma
|-damage|p1a: Necrozma|11/100
|
|-weather|none
|-heal|p1a: Necrozma|17/100|[from] item: Leftovers
|upkeep
|turn|15
|
|switch|p2a: 非洲大酋长|Marshadow|48/100
|move|p1a: Necrozma|Morning Sun|p1a: Necrozma
|-heal|p1a: Necrozma|67/100
|
|-heal|p1a: Necrozma|73/100|[from] item: Leftovers
|upkeep
|turn|16
|
|switch|p1a: Corviknight|Corviknight, M|30/100
|-ability|p1a: Corviknight|Pressure
|move|p2a: 非洲大酋长|Drain Punch|p1a: Corviknight
|-damage|p1a: Corviknight|0 fnt
|-heal|p2a: 非洲大酋长|66/100|[from] drain|[of] p1a: Corviknight
|faint|p1a: Corviknight
|
|upkeep
|
|switch|p1a: Marshadow|Marshadow|100/100
|turn|17
|
|switch|p2a: 达摩猩猩|Darmanitan-Galar, M|100/100
|move|p1a: Marshadow|Shadow Sneak|p2a: 达摩猩猩
|-damage|p2a: 达摩猩猩|49/100
|
|upkeep
|turn|18
|
|move|p1a: Marshadow|Shadow Sneak|p2a: 达摩猩猩
|-damage|p2a: 达摩猩猩|0 fnt
|faint|p2a: 达摩猩猩
|
|upkeep
|
|switch|p2a: 非洲大酋长|Marshadow|66/100
|turn|19
|
|move|p1a: Marshadow|Shadow Sneak|p2a: 非洲大酋长
|-supereffective|p2a: 非洲大酋长
|-crit|p2a: 非洲大酋长
|-damage|p2a: 非洲大酋长|0 fnt
|faint|p2a: 非洲大酋长
|
|upkeep
|
|switch|p2a: 巨TM脏|Eternatus|100/100
|-ability|p2a: 巨TM脏|Pressure
|turn|20
|
|switch|p1a: Tyranitar|Tyranitar, M|72/100
|-weather|Sandstorm|[from] ability: Sand Stream|[of] p1a: Tyranitar
|move|p2a: 巨TM脏|Cosmic Power|p2a: 巨TM脏
|-boost|p2a: 巨TM脏|def|1
|-boost|p2a: 巨TM脏|spd|1
|
|-weather|Sandstorm|[upkeep]
|-damage|p2a: 巨TM脏|94/100|[from] Sandstorm
|-heal|p2a: 巨TM脏|100/100|[from] item: Leftovers
|upkeep
|turn|21
|
|move|p2a: 巨TM脏|Dynamax Cannon|p1a: Tyranitar
|-damage|p1a: Tyranitar|53/100
|move|p1a: Tyranitar|Thunder Wave|p2a: 巨TM脏
|-status|p2a: 巨TM脏|par
|
|-weather|Sandstorm|[upkeep]
|-damage|p2a: 巨TM脏|94/100 par|[from] Sandstorm
|-heal|p2a: 巨TM脏|100/100 par|[from] item: Leftovers
|upkeep
|turn|22
|
|cant|p2a: 巨TM脏|par
|move|p1a: Tyranitar|Stealth Rock|p2a: 巨TM脏
|-sidestart|p2: hhhhh66|move: Stealth Rock
|
|-weather|Sandstorm|[upkeep]
|-damage|p2a: 巨TM脏|94/100 par|[from] Sandstorm
|-heal|p2a: 巨TM脏|100/100 par|[from] item: Leftovers
|upkeep
|turn|23
|
|move|p2a: 巨TM脏|Cosmic Power|p2a: 巨TM脏
|-boost|p2a: 巨TM脏|def|1
|-boost|p2a: 巨TM脏|spd|1
|move|p1a: Tyranitar|Earthquake|p2a: 巨TM脏
|-supereffective|p2a: 巨TM脏
|-damage|p2a: 巨TM脏|84/100 par
|
|-weather|Sandstorm|[upkeep]
|-damage|p2a: 巨TM脏|78/100 par|[from] Sandstorm
|-heal|p2a: 巨TM脏|84/100 par|[from] item: Leftovers
|upkeep
|turn|24
|
|switch|p1a: Mewtwo|Mewtwo|100/100
|-ability|p1a: Mewtwo|Pressure
|move|p2a: 巨TM脏|Cosmic Power|p2a: 巨TM脏
|-boost|p2a: 巨TM脏|def|1
|-boost|p2a: 巨TM脏|spd|1
|
|-weather|none
|-heal|p2a: 巨TM脏|90/100 par|[from] item: Leftovers
|upkeep
|turn|25
|
|move|p1a: Mewtwo|Nasty Plot|p1a: Mewtwo
|-boost|p1a: Mewtwo|spa|2
|cant|p2a: 巨TM脏|par
|
|-heal|p2a: 巨TM脏|96/100 par|[from] item: Leftovers
|upkeep
|turn|26
|
|-start|p1a: Mewtwo|Dynamax
|-heal|p1a: Mewtwo|100/100|[silent]
|move|p1a: Mewtwo|Max Mindstorm|p2a: 巨TM脏
|-supereffective|p2a: 巨TM脏
|-damage|p2a: 巨TM脏|0 fnt
|-fieldstart|move: Psychic Terrain
|-damage|p1a: Mewtwo|96/100|[from] item: Life Orb
|faint|p2a: 巨TM脏
|
|upkeep
|
|switch|p2a: Necrozma|Necrozma-Dusk-Mane|100/100
|-damage|p2a: Necrozma|94/100|[from] Stealth Rock
|turn|27
|
|-start|p2a: Necrozma|Dynamax
|-heal|p2a: Necrozma|94/100|[silent]
|move|p1a: Mewtwo|Max Flare|p2a: Necrozma
|-supereffective|p2a: Necrozma
|-damage|p2a: Necrozma|30/100
|-weather|SunnyDay
|-damage|p1a: Mewtwo|91/100|[from] item: Life Orb
|move|p2a: Necrozma|Max Quake|p1a: Mewtwo
|-damage|p1a: Mewtwo|63/100
|-boost|p2a: Necrozma|spd|1
|
|-weather|SunnyDay|[upkeep]
|upkeep
|turn|28
|
|move|p1a: Mewtwo|Max Flare|p2a: Necrozma
|-supereffective|p2a: Necrozma
|-damage|p2a: Necrozma|0 fnt
|-damage|p1a: Mewtwo|58/100|[from] item: Life Orb
|faint|p2a: Necrozma
|
|-weather|SunnyDay|[upkeep]
|-end|p1a: Mewtwo|Dynamax
|-heal|p1a: Mewtwo|58/100|[silent]
|upkeep
|
|switch|p2a: Zacian|Zacian-Crowned|37/100 par
|-damage|p2a: Zacian|31/100 par|[from] Stealth Rock
|-ability|p2a: Zacian|Intrepid Sword|boost
|-boost|p2a: Zacian|atk|1
|turn|29
|
|move|p1a: Mewtwo|Psystrike|p2a: Zacian
|-resisted|p2a: Zacian
|-damage|p2a: Zacian|0 fnt
|-damage|p1a: Mewtwo|48/100|[from] item: Life Orb
|faint|p2a: Zacian
|
|-weather|SunnyDay|[upkeep]
|upkeep
|
|switch|p2a: Lunala|Lunala|100/100
|-damage|p2a: Lunala|88/100|[from] Stealth Rock
|turn|30
|
|move|p1a: Mewtwo|Psystrike|p2a: Lunala
|-resisted|p2a: Lunala
|-damage|p2a: Lunala|23/100
|-damage|p1a: Mewtwo|38/100|[from] item: Life Orb
|move|p2a: Lunala|Moongeist Beam|p1a: Mewtwo
|-supereffective|p1a: Mewtwo
|-damage|p1a: Mewtwo|0 fnt
|faint|p1a: Mewtwo
|
|-weather|SunnyDay|[upkeep]
|-heal|p2a: Lunala|29/100|[from] item: Leftovers
|-fieldend|move: Psychic Terrain
|upkeep
|
|switch|p1a: Marshadow|Marshadow|100/100
|turn|31
|c|☆killer whale squa|gg
|
|move|p1a: Marshadow|Spectral Thief|p2a: Lunala
|-supereffective|p2a: Lunala
|-damage|p2a: Lunala|0 fnt
|faint|p2a: Lunala
|
|win|killer whale squa
|raw|killer whale squa's rating: 1437 &rarr; <strong>1462</strong><br />(+25 for winning)
|raw|hhhhh66's rating: 1524 &rarr; <strong>1499</strong><br />(-25 for losing)
|l|☆hhhhh66
