|j|☆polpotplotplot
|j|☆TogeBirlHQ
|t:|1661347758
|gametype|singles
|player|p1|polpotplotplot|lucas|1372
|player|p2|TogeBirlHQ|nate|1552
|teamsize|p1|6
|teamsize|p2|6
|gen|8
|tier|[Gen 8] Ubers
|rated|
|rule|Sleep Clause Mod: Limit one foe put to sleep
|rule|Species Clause: Limit one of each Pokémon
|rule|OHKO Clause: OHKO moves are banned
|rule|Evasion Items Clause: Evasion items are banned
|rule|Evasion Moves Clause: Evasion moves are banned
|rule|Endless Battle Clause: Forcing endless battles is banned
|rule|HP Percentage Mod: HP is shown in percentages
|rule|Dynamax Clause: You cannot dynamax
|clearpoke
|poke|p1|Necrozma-Dusk-Mane|
|poke|p1|Landorus, M|
|poke|p1|Eternatus|
|poke|p1|Yveltal|
|poke|p1|Calyrex-Shadow|
|poke|p1|Aerodactyl, F|
|poke|p2|Marshadow|
|poke|p2|Yveltal|
|poke|p2|Buzzwole|
|poke|p2|Ho-Oh|
|poke|p2|Necrozma-Dusk-Mane|
|poke|p2|Eternatus|
|teampreview
|
|t:|1661347779
|start
|switch|p1a: Aerodactyl|Aerodactyl, F|100/100
|switch|p2a: Necrozma|Necrozma-Dusk-Mane|100/100
|-ability|p1a: Aerodactyl|Unnerve
|turn|1
|
|t:|1661347785
|move|p1a: Aerodactyl|Taunt|p2a: Necrozma
|-start|p2a: Necrozma|move: Taunt
|move|p2a: Necrozma|Iron Head|p1a: Aerodactyl
|-supereffective|p1a: Aerodactyl
|-enditem|p1a: Aerodactyl|Focus Sash
|-damage|p1a: Aerodactyl|1/100
|
|upkeep
|turn|2
|
|t:|1661347793
|move|p1a: Aerodactyl|Stealth Rock|p2a: Necrozma
|-sidestart|p2: TogeBirlHQ|move: Stealth Rock
|move|p2a: Necrozma|Iron Head|p1a: Aerodactyl
|-supereffective|p1a: Aerodactyl
|-damage|p1a: Aerodactyl|0 fnt
|faint|p1a: Aerodactyl
|
|upkeep
|
|t:|1661347796
|switch|p1a: Landorus|Landorus, M|100/100
|turn|3
|
|t:|1661347811
|move|p1a: Landorus|Earth Power|p2a: Necrozma
|-supereffective|p2a: Necrozma
|-crit|p2a: Necrozma
|-damage|p2a: Necrozma|2/100
|move|p2a: Necrozma|Knock Off|p1a: Landorus
|-damage|p1a: Landorus|62/100
|-enditem|p1a: Landorus|Life Orb|[from] move: Knock Off|[of] p2a: Necrozma
|
|-heal|p2a: Necrozma|8/100|[from] item: Leftovers
|-end|p2a: Necrozma|move: Taunt
|upkeep
|turn|4
|
|t:|1661347823
|switch|p2a: Ho-Oh|Ho-Oh|100/100
|move|p1a: Landorus|Earth Power|p2a: Ho-Oh
|-immune|p2a: Ho-Oh
|
|upkeep
|turn|5
|
|t:|1661347828
|switch|p1a: Eternatus|Eternatus|100/100
|-ability|p1a: Eternatus|Pressure
|move|p2a: Ho-Oh|Defog|p1a: Eternatus
|-unboost|p1a: Eternatus|evasion|1
|-sideend|p2: TogeBirlHQ|Stealth Rock|[from] move: Defog|[of] p2a: Ho-Oh
|
|upkeep
|turn|6
|
|t:|1661347860
|switch|p2a: Necrozma|Necrozma-Dusk-Mane|8/100
|move|p1a: Eternatus|Meteor Beam||[still]
|-prepare|p1a: Eternatus|Meteor Beam
|-boost|p1a: Eternatus|spa|1
|-enditem|p1a: Eternatus|Power Herb
|-anim|p1a: Eternatus|Meteor Beam|p2a: Necrozma
|-resisted|p2a: Necrozma
|-damage|p2a: Necrozma|0 fnt
|faint|p2a: Necrozma
|
|upkeep
|
|t:|1661347875
|switch|p2a: Ho-Oh|Ho-Oh|100/100
|turn|7
|
|t:|1661347896
|move|p1a: Eternatus|Meteor Beam||[still]
|-prepare|p1a: Eternatus|Meteor Beam
|-boost|p1a: Eternatus|spa|1
|move|p2a: Ho-Oh|Whirlwind|p1a: Eternatus
|drag|p1a: Necrozma|Necrozma-Dusk-Mane|100/100
|
|upkeep
|turn|8
|
|t:|1661347910
|switch|p2a: Buzzwole|Buzzwole|100/100
|move|p1a: Necrozma|Stone Edge|p2a: Buzzwole|[miss]
|-miss|p1a: Necrozma|p2a: Buzzwole
|
|upkeep
|turn|9
|
|t:|1661347930
|move|p1a: Necrozma|Dragon Dance|p1a: Necrozma
|-boost|p1a: Necrozma|atk|1
|-boost|p1a: Necrozma|spe|1
|move|p2a: Buzzwole|Bulk Up|p2a: Buzzwole
|-boost|p2a: Buzzwole|atk|1
|-boost|p2a: Buzzwole|def|1
|
|upkeep
|turn|10
|
|t:|1661347935
|move|p1a: Necrozma|Dragon Dance|p1a: Necrozma
|-boost|p1a: Necrozma|atk|1
|-boost|p1a: Necrozma|spe|1
|move|p2a: Buzzwole|Bulk Up|p2a: Buzzwole
|-boost|p2a: Buzzwole|atk|1
|-boost|p2a: Buzzwole|def|1
|
|upkeep
|turn|11
|
|t:|1661347946
|move|p1a: Necrozma|Dragon Dance|p1a: Necrozma
|-boost|p1a: Necrozma|atk|1
|-boost|p1a: Necrozma|spe|1
|move|p2a: Buzzwole|Drain Punch|p1a: Necrozma
|-damage|p1a: Necrozma|44/100
|
|upkeep
|turn|12
|
|t:|1661347950
|move|p1a: Necrozma|Sunsteel Strike|p2a: Buzzwole
|-damage|p2a: Buzzwole|64/100
|-damage|p1a: Necrozma|27/100|[from] item: Rocky Helmet|[of] p2a: Buzzwole
|move|p2a: Buzzwole|Drain Punch|p1a: Necrozma
|-damage|p1a: Necrozma|0 fnt
|-heal|p2a: Buzzwole|76/100|[from] drain|[of] p1a: Necrozma
|faint|p1a: Necrozma
|-ability|p2a: Buzzwole|Beast Boost|boost
|-boost|p2a: Buzzwole|def|1
|
|upkeep
|
|t:|1661347956
|switch|p1a: Calyrex|Calyrex-Shadow|100/100
|-ability|p1a: Calyrex|As One
|-ability|p1a: Calyrex|Unnerve
|turn|13
|
|t:|1661347968
|switch|p2a: Yveltal|Yveltal|100/100
|-ability|p2a: Yveltal|Dark Aura
|move|p1a: Calyrex|Substitute|p1a: Calyrex
|-start|p1a: Calyrex|Substitute
|-damage|p1a: Calyrex|76/100
|
|upkeep
|turn|14
|
|t:|1661347974
|move|p1a: Calyrex|Nasty Plot|p1a: Calyrex
|-boost|p1a: Calyrex|spa|2
|move|p2a: Yveltal|U-turn|p1a: Calyrex
|-end|p1a: Calyrex|Substitute
|
|t:|1661347977
|switch|p2a: Marshadow|Marshadow|100/100|[from]move: U-turn
|
|upkeep
|turn|15
|
|t:|1661347984
|move|p2a: Marshadow|Shadow Sneak|p1a: Calyrex
|-supereffective|p1a: Calyrex
|-damage|p1a: Calyrex|0 fnt
|faint|p1a: Calyrex
|
|upkeep
|
|t:|1661347986
|switch|p1a: Yveltal|Yveltal|100/100
|-ability|p1a: Yveltal|Dark Aura
|turn|16
|
|t:|1661347995
|switch|p2a: Buzzwole|Buzzwole|76/100
|move|p1a: Yveltal|Hone Claws|p1a: Yveltal
|-boost|p1a: Yveltal|atk|1
|-boost|p1a: Yveltal|accuracy|1
|
|upkeep
|turn|17
|
|t:|1661348010
|move|p1a: Yveltal|Acrobatics|p2a: Buzzwole
|-supereffective|p2a: Buzzwole
|-damage|p2a: Buzzwole|0 fnt
|-damage|p1a: Yveltal|84/100|[from] item: Rocky Helmet|[of] p2a: Buzzwole
|faint|p2a: Buzzwole
|-damage|p1a: Yveltal|74/100|[from] item: Life Orb
|
|upkeep
|
|t:|1661348028
|switch|p2a: Eternatus|Eternatus|100/100
|-ability|p2a: Eternatus|Pressure
|turn|18
|
|t:|1661348045
|move|p2a: Eternatus|Dynamax Cannon|p1a: Yveltal
|-damage|p1a: Yveltal|37/100
|move|p1a: Yveltal|Knock Off|p2a: Eternatus
|-damage|p2a: Eternatus|0 fnt
|-enditem|p2a: Eternatus|Haban Berry|[from] move: Knock Off|[of] p1a: Yveltal
|faint|p2a: Eternatus
|-damage|p1a: Yveltal|27/100|[from] item: Life Orb
|
|upkeep
|
|t:|1661348053
|switch|p2a: Marshadow|Marshadow|100/100
|turn|19
|
|t:|1661348058
|move|p2a: Marshadow|Shadow Sneak|p1a: Yveltal
|-resisted|p1a: Yveltal
|-damage|p1a: Yveltal|4/100
|move|p1a: Yveltal|Sucker Punch||[still]
|-fail|p1a: Yveltal
|
|upkeep
|turn|20
|
|t:|1661348063
|move|p2a: Marshadow|Shadow Sneak|p1a: Yveltal
|-resisted|p1a: Yveltal
|-damage|p1a: Yveltal|0 fnt
|faint|p1a: Yveltal
|
|upkeep
|
|t:|1661348069
|switch|p1a: Landorus|Landorus, M|62/100
|turn|21
|
|t:|1661348075
|switch|p2a: Yveltal|Yveltal|100/100
|-ability|p2a: Yveltal|Dark Aura
|move|p1a: Landorus|Earth Power|p2a: Yveltal
|-immune|p2a: Yveltal
|
|upkeep
|turn|22
|
|t:|1661348120
|move|p2a: Yveltal|Sucker Punch||[still]
|-fail|p2a: Yveltal
|move|p1a: Landorus|Rock Polish|p1a: Landorus
|-boost|p1a: Landorus|spe|2
|
|upkeep
|turn|23
|
|t:|1661348128
|move|p2a: Yveltal|Sucker Punch|p1a: Landorus
|-damage|p1a: Landorus|0 fnt
|faint|p1a: Landorus
|
|upkeep
|
|t:|1661348131
|switch|p1a: Eternatus|Eternatus|100/100
|-ability|p1a: Eternatus|Pressure
|turn|24
|
|t:|1661348133
|move|p2a: Yveltal|Sucker Punch|p1a: Eternatus
|-damage|p1a: Eternatus|27/100
|move|p1a: Eternatus|Meteor Beam||[still]
|-prepare|p1a: Eternatus|Meteor Beam
|-boost|p1a: Eternatus|spa|1
|
|upkeep
|turn|25
|
|t:|1661348161
|move|p2a: Yveltal|Sucker Punch|p1a: Eternatus
|-damage|p1a: Eternatus|0 fnt
|faint|p1a: Eternatus
|
|win|TogeBirlHQ
|raw|polpotplotplot's rating: 1372 &rarr; <strong>1362</strong><br />(-10 for losing)
|raw|TogeBirlHQ's rating: 1552 &rarr; <strong>1562</strong><br />(+10 for winning)
|l|☆polpotplotplot
