|j|☆AspecificDoge
|j|☆Chunkomucho
|t:|1606228308
|player|p1|AspecificDoge|224|1429
|player|p2|Chunkomucho|erika|1416
|teamsize|p1|6
|teamsize|p2|6
|gametype|singles
|gen|8
|tier|[Gen 8] Ubers
|rated|
|clearpoke
|poke|p1|Calyrex-Shadow|
|poke|p1|Marshadow|
|poke|p1|Zygarde|
|poke|p1|Yveltal|
|poke|p1|Tapu Lele|
|poke|p1|Ditto|
|poke|p2|Calyrex-Shadow|
|poke|p2|Pelipper, M|
|poke|p2|Barraskewda, F|
|poke|p2|Quagsire, M|
|poke|p2|Chansey, F|
|poke|p2|Yveltal|
|rule|Sleep Clause Mod: Limit one foe put to sleep
|rule|Species Clause: Limit one of each Pokémon
|rule|OHKO Clause: OHKO moves are banned
|rule|Evasion Moves Clause: Evasion moves are banned
|rule|Endless Battle Clause: Forcing endless battles is banned
|rule|HP Percentage Mod: HP is shown in percentages
|rule|Dynamax Clause: You cannot dynamax
|teampreview
|
|t:|1606228317
|start
|switch|p1a: Marshadow|Marshadow|100/100
|switch|p2a: Chansey|Chansey, F|100/100
|turn|1
|
|t:|1606228320
|switch|p2a: Quagsire|Quagsire, M|100/100
|move|p1a: Marshadow|Close Combat|p2a: Quagsire
|-damage|p2a: Quagsire|58/100
|-unboost|p1a: Marshadow|def|1
|-unboost|p1a: Marshadow|spd|1
|
|-heal|p2a: Quagsire|64/100|[from] item: Leftovers
|upkeep
|turn|2
|
|t:|1606228335
|switch|p1a: Calyrex|Calyrex-Shadow|100/100
|-ability|p1a: Calyrex|As One
|-ability|p1a: Calyrex|Unnerve|p2: Chunkomucho
|move|p2a: Quagsire|Toxic|p1a: Calyrex
|-status|p1a: Calyrex|tox
|
|-heal|p2a: Quagsire|70/100|[from] item: Leftovers
|-damage|p1a: Calyrex|94/100 tox|[from] psn
|upkeep
|turn|3
|
|t:|1606228342
|switch|p2a: Yveltal|Yveltal|100/100
|-ability|p2a: Yveltal|Dark Aura
|move|p1a: Calyrex|Giga Drain|p2a: Yveltal
|-resisted|p2a: Yveltal
|-damage|p2a: Yveltal|87/100
|-heal|p1a: Calyrex|100/100 tox|[from] drain|[of] p2a: Yveltal
|
|-damage|p1a: Calyrex|88/100 tox|[from] psn
|upkeep
|turn|4
|
|t:|1606228349
|switch|p1a: Yveltal|Yveltal|100/100
|-ability|p1a: Yveltal|Dark Aura
|move|p2a: Yveltal|U-turn|p1a: Yveltal
|-damage|p1a: Yveltal|86/100
|inactive|Battle timer is ON: inactive players will automatically lose when time's up. (requested by AspecificDoge)
|
|t:|1606228385
|switch|p2a: Pelipper|Pelipper, M, shiny|100/100|[from]move: U-turn
|-weather|RainDance|[from] ability: Drizzle|[of] p2a: Pelipper
|
|-weather|RainDance|[upkeep]
|upkeep
|turn|5
|
|t:|1606228391
|move|p1a: Yveltal|Oblivion Wing|p2a: Pelipper
|-damage|p2a: Pelipper|49/100
|-heal|p1a: Yveltal|100/100|[from] drain|[of] p2a: Pelipper
|move|p2a: Pelipper|U-turn|p1a: Yveltal
|-damage|p1a: Yveltal|93/100
|
|t:|1606228396
|switch|p2a: Yveltal|Yveltal|87/100|[from]move: U-turn
|-ability|p2a: Yveltal|Dark Aura
|
|-weather|RainDance|[upkeep]
|upkeep
|turn|6
|
|t:|1606228403
|move|p2a: Yveltal|Knock Off|p1a: Yveltal
|-resisted|p1a: Yveltal
|-damage|p1a: Yveltal|72/100
|-enditem|p1a: Yveltal|Heavy-Duty Boots|[from] move: Knock Off|[of] p2a: Yveltal
|move|p1a: Yveltal|Toxic|p2a: Yveltal
|-status|p2a: Yveltal|tox
|
|-weather|RainDance|[upkeep]
|-damage|p2a: Yveltal|81/100 tox|[from] psn
|upkeep
|turn|7
|
|t:|1606228409
|move|p2a: Yveltal|U-turn|p1a: Yveltal
|-damage|p1a: Yveltal|57/100
|
|t:|1606228415
|switch|p2a: Chansey|Chansey, F|100/100|[from]move: U-turn
|move|p1a: Yveltal|Oblivion Wing|p2a: Chansey
|-damage|p2a: Chansey|91/100
|-heal|p1a: Yveltal|67/100|[from] drain|[of] p2a: Chansey
|
|-weather|RainDance|[upkeep]
|upkeep
|turn|8
|
|t:|1606228421
|switch|p1a: Calyrex|Calyrex-Shadow|88/100 tox
|-ability|p1a: Calyrex|As One
|-ability|p1a: Calyrex|Unnerve|p2: Chunkomucho
|move|p2a: Chansey|Stealth Rock|p1a: Calyrex
|-sidestart|p1: AspecificDoge|move: Stealth Rock
|
|-weather|RainDance|[upkeep]
|-damage|p1a: Calyrex|82/100 tox|[from] psn
|upkeep
|turn|9
|
|t:|1606228426
|switch|p1a: Yveltal|Yveltal|67/100
|-damage|p1a: Yveltal|42/100|[from] Stealth Rock
|-ability|p1a: Yveltal|Dark Aura
|switch|p2a: Yveltal|Yveltal|81/100 tox
|-ability|p2a: Yveltal|Dark Aura
|
|-weather|RainDance|[upkeep]
|-damage|p2a: Yveltal|75/100 tox|[from] psn
|upkeep
|turn|10
|
|t:|1606228434
|move|p2a: Yveltal|U-turn|p1a: Yveltal
|-damage|p1a: Yveltal|25/100
|
|t:|1606228437
|switch|p2a: Chansey|Chansey, F|91/100|[from]move: U-turn
|move|p1a: Yveltal|Roost|p1a: Yveltal
|-heal|p1a: Yveltal|75/100
|-singleturn|p1a: Yveltal|move: Roost
|
|-weather|RainDance|[upkeep]
|upkeep
|turn|11
|
|t:|1606228442
|move|p1a: Yveltal|Defog|p2a: Chansey
|-unboost|p2a: Chansey|evasion|1
|-sideend|p1: AspecificDoge|Stealth Rock|[from] move: Defog|[of] p1a: Yveltal
|move|p2a: Chansey|Toxic|p1a: Yveltal
|-status|p1a: Yveltal|tox
|
|-weather|none
|-damage|p1a: Yveltal|69/100 tox|[from] psn
|upkeep
|turn|12
|
|t:|1606228447
|switch|p1a: Marshadow|Marshadow|100/100
|move|p2a: Chansey|Stealth Rock|p1a: Marshadow
|-sidestart|p1: AspecificDoge|move: Stealth Rock
|
|upkeep
|turn|13
|
|t:|1606228454
|switch|p2a: Quagsire|Quagsire, M|70/100
|move|p1a: Marshadow|Spectral Thief|p2a: Quagsire
|-damage|p2a: Quagsire|40/100
|
|-heal|p2a: Quagsire|46/100|[from] item: Leftovers
|upkeep
|turn|14
|
|t:|1606228461
|move|p1a: Marshadow|Close Combat|p2a: Quagsire
|-damage|p2a: Quagsire|6/100
|-unboost|p1a: Marshadow|def|1
|-unboost|p1a: Marshadow|spd|1
|move|p2a: Quagsire|Recover|p2a: Quagsire
|-heal|p2a: Quagsire|56/100
|
|-heal|p2a: Quagsire|62/100|[from] item: Leftovers
|upkeep
|turn|15
|
|t:|1606228475
|switch|p1a: Tapu Lele|Tapu Lele|100/100
|-damage|p1a: Tapu Lele|88/100|[from] Stealth Rock
|-fieldstart|move: Psychic Terrain|[from] ability: Psychic Surge|[of] p1a: Tapu Lele
|move|p2a: Quagsire|Recover|p2a: Quagsire
|-heal|p2a: Quagsire|100/100
|
|upkeep
|turn|16
|
|t:|1606228483
|switch|p2a: Calyrex|Calyrex-Shadow|100/100
|-ability|p2a: Calyrex|As One
|-ability|p2a: Calyrex|Unnerve|p1: AspecificDoge
|move|p1a: Tapu Lele|Psychic|p2a: Calyrex
|-resisted|p2a: Calyrex
|-crit|p2a: Calyrex
|-damage|p2a: Calyrex|51/100
|
|upkeep
|turn|17
|
|t:|1606228489
|move|p2a: Calyrex|Trick|p1a: Tapu Lele
|-activate|p2a: Calyrex|move: Trick|[of] p1a: Tapu Lele
|-item|p1a: Tapu Lele|Choice Scarf|[from] move: Trick
|-item|p2a: Calyrex|Terrain Extender|[from] move: Trick
|move|p1a: Tapu Lele|Moonblast|p2a: Calyrex
|-damage|p2a: Calyrex|3/100
|
|upkeep
|turn|18
|
|t:|1606228501
|switch|p2a: Chansey|Chansey, F|91/100
|move|p1a: Tapu Lele|Moonblast|p2a: Chansey
|-damage|p2a: Chansey|78/100
|
|upkeep
|turn|19
|
|t:|1606228508
|switch|p1a: Marshadow|Marshadow|100/100
|-damage|p1a: Marshadow|94/100|[from] Stealth Rock
|move|p2a: Chansey|Toxic|p1a: Marshadow
|-status|p1a: Marshadow|tox
|
|-damage|p1a: Marshadow|88/100 tox|[from] psn
|upkeep
|turn|20
|
|t:|1606228515
|switch|p2a: Quagsire|Quagsire, M|100/100
|move|p1a: Marshadow|Spectral Thief|p2a: Quagsire
|-damage|p2a: Quagsire|66/100
|
|-heal|p2a: Quagsire|72/100|[from] item: Leftovers
|-damage|p1a: Marshadow|76/100 tox|[from] psn
|upkeep
|turn|21
|-message|AspecificDoge forfeited.
|
|win|Chunkomucho
|l|☆AspecificDoge
|j| Holy rng loser
||Ladder (probably) updated, but score could not be retrieved (Request timeout).
