|j|☆zain-ul-hassan
|j|‽liquid heroin
|t:|1656333116
|gametype|singles
|player|p1|zain-ul-hassan|aromalady|
|player|p2|liquid heroin|gambler-gen1|
|teamsize|p1|6
|teamsize|p2|6
|gen|8
|tier|[Gen 8] Ubers
|rated|Tournament battle
|rule|Sleep Clause Mod: Limit one foe put to sleep
|rule|Species Clause: Limit one of each Pokémon
|rule|OHKO Clause: OHKO moves are banned
|rule|Evasion Moves Clause: Evasion moves are banned
|rule|Endless Battle Clause: Forcing endless battles is banned
|rule|HP Percentage Mod: HP is shown in percentages
|rule|Dynamax Clause: You cannot dynamax
|clearpoke
|poke|p1|Azumarill, F|
|poke|p1|Zekrom|
|poke|p1|Yveltal|
|poke|p1|Zygarde|
|poke|p1|Klefki, F|
|poke|p1|Necrozma-Dusk-Mane|
|poke|p2|Yveltal|
|poke|p2|Groudon|
|poke|p2|Skarmory, M|
|poke|p2|Calyrex-Shadow|
|poke|p2|Eternatus|
|poke|p2|Clefable, M|
|teampreview
|c|☆zain-ul-hassan|hf
|inactive|Battle timer is ON: inactive players will automatically lose when time's up. (requested by liquid heroin)
|
|t:|1656333180
|start
|switch|p1a: Zekrom|Zekrom|100/100
|switch|p2a: Skarmory|Skarmory, M|100/100
|-ability|p1a: Zekrom|Teravolt
|turn|1
|
|t:|1656333190
|switch|p2a: Groudon|Groudon|100/100
|-weather|SunnyDay|[from] ability: Drought|[of] p2a: Groudon
|move|p1a: Zekrom|Draco Meteor|p2a: Groudon
|-damage|p2a: Groudon|48/100
|-unboost|p1a: Zekrom|spa|2
|-damage|p1a: Zekrom|91/100|[from] item: Life Orb
|
|-weather|SunnyDay|[upkeep]
|-heal|p2a: Groudon|54/100|[from] item: Leftovers
|upkeep
|turn|2
|c|☆zain-ul-hassan|wtf
|
|t:|1656333211
|switch|p1a: Klefki|Klefki, F|100/100
|move|p2a: Groudon|Stealth Rock|p1a: Klefki
|-sidestart|p1: zain-ul-hassan|move: Stealth Rock
|
|-weather|SunnyDay|[upkeep]
|-heal|p2a: Groudon|60/100|[from] item: Leftovers
|upkeep
|turn|3
|
|t:|1656333224
|move|p1a: Klefki|Reflect|p1a: Klefki
|-sidestart|p1: zain-ul-hassan|Reflect
|move|p2a: Groudon|Precipice Blades|p1a: Klefki
|-supereffective|p1a: Klefki
|-damage|p1a: Klefki|30/100
|
|-weather|SunnyDay|[upkeep]
|-heal|p2a: Groudon|66/100|[from] item: Leftovers
|upkeep
|turn|4
|
|t:|1656333228
|move|p1a: Klefki|Spikes|p2a: Groudon
|-sidestart|p2: liquid heroin|Spikes
|move|p2a: Groudon|Precipice Blades|p1a: Klefki|[miss]
|-miss|p2a: Groudon|p1a: Klefki
|
|-weather|SunnyDay|[upkeep]
|-heal|p2a: Groudon|72/100|[from] item: Leftovers
|upkeep
|turn|5
|
|t:|1656333232
|move|p1a: Klefki|Spikes|p2a: Groudon
|-sidestart|p2: liquid heroin|Spikes
|move|p2a: Groudon|Precipice Blades|p1a: Klefki
|-supereffective|p1a: Klefki
|-damage|p1a: Klefki|0 fnt
|faint|p1a: Klefki
|
|-weather|none
|-heal|p2a: Groudon|78/100|[from] item: Leftovers
|upkeep
|
|t:|1656333239
|switch|p1a: Zygarde|Zygarde|100/100
|-damage|p1a: Zygarde|94/100|[from] Stealth Rock
|turn|6
|
|t:|1656333244
|move|p1a: Zygarde|Dragon Dance|p1a: Zygarde
|-boost|p1a: Zygarde|atk|1
|-boost|p1a: Zygarde|spe|1
|move|p2a: Groudon|Toxic|p1a: Zygarde
|-status|p1a: Zygarde|tox
|
|-heal|p2a: Groudon|85/100|[from] item: Leftovers
|-damage|p1a: Zygarde|88/100 tox|[from] psn
|upkeep
|turn|7
|
|t:|1656333249
|switch|p2a: Clefable|Clefable, M|100/100
|move|p1a: Zygarde|Dragon Dance|p1a: Zygarde
|-boost|p1a: Zygarde|atk|1
|-boost|p1a: Zygarde|spe|1
|
|-damage|p1a: Zygarde|76/100 tox|[from] psn
|upkeep
|turn|8
|
|t:|1656333255
|move|p1a: Zygarde|Iron Tail|p2a: Clefable
|-supereffective|p2a: Clefable
|-damage|p2a: Clefable|47/100
|-damage|p1a: Zygarde|66/100 tox|[from] item: Life Orb
|move|p2a: Clefable|Moonblast|p1a: Zygarde
|-supereffective|p1a: Zygarde
|-damage|p1a: Zygarde|0 fnt
|faint|p1a: Zygarde
|
|upkeep
|
|t:|1656333267
|switch|p1a: Yveltal|Yveltal|100/100
|-damage|p1a: Yveltal|76/100|[from] Stealth Rock
|-ability|p1a: Yveltal|Dark Aura
|turn|9
|
|t:|1656333286
|move|p1a: Yveltal|Oblivion Wing|p2a: Clefable
|-damage|p2a: Clefable|0 fnt
|-heal|p1a: Yveltal|100/100|[from] drain|[of] p2a: Clefable
|faint|p2a: Clefable
|-damage|p1a: Yveltal|91/100|[from] item: Life Orb
|
|upkeep
|
|t:|1656333295
|switch|p2a: Eternatus|Eternatus|100/100
|-ability|p2a: Eternatus|Pressure
|turn|10
|
|t:|1656333301
|switch|p1a: Necrozma|Necrozma-Dusk-Mane|100/100
|-damage|p1a: Necrozma|95/100|[from] Stealth Rock
|move|p2a: Eternatus|Toxic|p1a: Necrozma
|-immune|p1a: Necrozma
|
|-sideend|p1: zain-ul-hassan|Reflect
|upkeep
|turn|11
|
|t:|1656333306
|switch|p2a: Skarmory|Skarmory, M|100/100
|switch|p1a: Zekrom|Zekrom|91/100
|-damage|p1a: Zekrom|78/100|[from] Stealth Rock
|-ability|p1a: Zekrom|Teravolt
|
|upkeep
|turn|12
|
|t:|1656333321
|switch|p2a: Groudon|Groudon|85/100
|-damage|p2a: Groudon|68/100|[from] Spikes
|-weather|SunnyDay|[from] ability: Drought|[of] p2a: Groudon
|move|p1a: Zekrom|Draco Meteor|p2a: Groudon
|-damage|p2a: Groudon|15/100
|-unboost|p1a: Zekrom|spa|2
|-damage|p1a: Zekrom|68/100|[from] item: Life Orb
|
|-weather|SunnyDay|[upkeep]
|-heal|p2a: Groudon|21/100|[from] item: Leftovers
|upkeep
|turn|13
|
|t:|1656333331
|move|p1a: Zekrom|Dragon Claw|p2a: Groudon
|-damage|p2a: Groudon|0 fnt
|faint|p2a: Groudon
|-damage|p1a: Zekrom|58/100|[from] item: Life Orb
|
|-weather|SunnyDay|[upkeep]
|upkeep
|
|t:|1656333337
|switch|p2a: Calyrex|Calyrex-Shadow|100/100
|-ability|p2a: Calyrex|As One
|-ability|p2a: Calyrex|Unnerve
|-damage|p2a: Calyrex|84/100|[from] Spikes
|turn|14
|
|t:|1656333343
|switch|p1a: Azumarill|Azumarill, F|100/100
|-damage|p1a: Azumarill|88/100|[from] Stealth Rock
|move|p2a: Calyrex|Astral Barrage|p1a: Azumarill
|-damage|p1a: Azumarill|2/100
|
|-weather|SunnyDay|[upkeep]
|upkeep
|turn|15
|
|t:|1656333346
|move|p1a: Azumarill|Aqua Jet|p2a: Calyrex
|-damage|p2a: Calyrex|70/100
|move|p2a: Calyrex|Astral Barrage|p1a: Azumarill
|-damage|p1a: Azumarill|0 fnt
|faint|p1a: Azumarill
|-ability|p2a: Calyrex|Grim Neigh|boost
|-boost|p2a: Calyrex|spa|1
|
|-weather|SunnyDay|[upkeep]
|upkeep
|
|t:|1656333349
|switch|p1a: Yveltal|Yveltal|91/100
|-damage|p1a: Yveltal|66/100|[from] Stealth Rock
|-ability|p1a: Yveltal|Dark Aura
|turn|16
|
|t:|1656333356
|switch|p2a: Eternatus|Eternatus|100/100
|-ability|p2a: Eternatus|Pressure
|move|p1a: Yveltal|Oblivion Wing|p2a: Eternatus
|-damage|p2a: Eternatus|70/100
|-heal|p1a: Yveltal|92/100|[from] drain|[of] p2a: Eternatus
|-damage|p1a: Yveltal|82/100|[from] item: Life Orb
|
|-weather|none
|upkeep
|turn|17
|
|t:|1656333363
|switch|p1a: Necrozma|Necrozma-Dusk-Mane|95/100
|-damage|p1a: Necrozma|89/100|[from] Stealth Rock
|move|p2a: Eternatus|Dynamax Cannon|p1a: Necrozma
|-resisted|p1a: Necrozma
|-damage|p1a: Necrozma|66/100
|
|upkeep
|turn|18
|
|t:|1656333376
|switch|p2a: Skarmory|Skarmory, M|100/100
|move|p1a: Necrozma|Knock Off|p2a: Skarmory
|-damage|p2a: Skarmory|76/100
|-damage|p1a: Necrozma|50/100|[from] item: Rocky Helmet|[of] p2a: Skarmory
|-enditem|p2a: Skarmory|Rocky Helmet|[from] move: Knock Off|[of] p1a: Necrozma
|
|upkeep
|turn|19
|
|t:|1656333382
|switch|p1a: Yveltal|Yveltal|82/100
|-damage|p1a: Yveltal|57/100|[from] Stealth Rock
|-ability|p1a: Yveltal|Dark Aura
|move|p2a: Skarmory|Spikes|p1a: Yveltal
|-sidestart|p1: zain-ul-hassan|Spikes
|
|upkeep
|turn|20
|
|t:|1656333389
|move|p1a: Yveltal|Oblivion Wing|p2a: Skarmory
|-resisted|p2a: Skarmory
|-damage|p2a: Skarmory|42/100
|-heal|p1a: Yveltal|79/100|[from] drain|[of] p2a: Skarmory
|-damage|p1a: Yveltal|69/100|[from] item: Life Orb
|move|p2a: Skarmory|Toxic|p1a: Yveltal
|-status|p1a: Yveltal|tox
|
|-damage|p1a: Yveltal|63/100 tox|[from] psn
|upkeep
|turn|21
|
|t:|1656333392
|switch|p2a: Eternatus|Eternatus|70/100
|-ability|p2a: Eternatus|Pressure
|move|p1a: Yveltal|Dark Pulse|p2a: Eternatus
|-damage|p2a: Eternatus|30/100
|-damage|p1a: Yveltal|53/100 tox|[from] item: Life Orb
|
|-damage|p1a: Yveltal|41/100 tox|[from] psn
|upkeep
|turn|22
|
|t:|1656333397
|switch|p1a: Necrozma|Necrozma-Dusk-Mane|50/100
|-damage|p1a: Necrozma|44/100|[from] Stealth Rock
|-damage|p1a: Necrozma|32/100|[from] Spikes
|move|p2a: Eternatus|Recover|p2a: Eternatus
|-heal|p2a: Eternatus|80/100
|
|upkeep
|turn|23
|
|t:|1656333403
|move|p2a: Eternatus|Flamethrower|p1a: Necrozma
|-supereffective|p1a: Necrozma
|-damage|p1a: Necrozma|0 fnt
|faint|p1a: Necrozma
|
|upkeep
|c|☆zain-ul-hassan|gg
|-message|zain-ul-hassan forfeited.
|
|win|liquid heroin
|n|☆zain-ul-hassan|zainulhassan
|n|‽liquid heroin|liquidheroin
