|j|☆Magikarp4000
|j|☆EzraWeeden
|t:|1617405703
|gametype|singles
|player|p1|Magikarp4000|steven|1598
|player|p2|EzraWeeden|guitarist-gen4|1561
|teamsize|p1|6
|teamsize|p2|6
|gen|8
|tier|[Gen 8] Ubers
|rated|
|clearpoke
|poke|p1|Yveltal|
|poke|p1|Eternatus|
|poke|p1|Necrozma-Dusk-Mane|
|poke|p1|Ho-Oh|
|poke|p1|Zacian|
|poke|p1|Calyrex-Shadow|
|poke|p2|Calyrex-Shadow|
|poke|p2|Yveltal|
|poke|p2|Lugia|
|poke|p2|Groudon|
|poke|p2|Necrozma-Dusk-Mane|
|poke|p2|Xerneas|
|rule|Sleep Clause Mod: Limit one foe put to sleep
|rule|Species Clause: Limit one of each Pokémon
|rule|OHKO Clause: OHKO moves are banned
|rule|Evasion Moves Clause: Evasion moves are banned
|rule|Endless Battle Clause: Forcing endless battles is banned
|rule|HP Percentage Mod: HP is shown in percentages
|rule|Dynamax Clause: You cannot dynamax
|teampreview
|inactive|Battle timer is ON: inactive players will automatically lose when time's up. (requested by EzraWeeden)
|c|☆Magikarp4000|glhf
|
|t:|1617405722
|start
|switch|p1a: Yveltal|Yveltal|100/100
|switch|p2a: Groudon|Groudon|100/100
|-ability|p1a: Yveltal|Dark Aura
|-weather|SunnyDay|[from] ability: Drought|[of] p2a: Groudon
|turn|1
|c|☆EzraWeeden|Thx u2
|
|t:|1617405731
|move|p1a: Yveltal|Knock Off|p2a: Groudon
|-damage|p2a: Groudon|66/100
|-enditem|p2a: Groudon|Leftovers|[from] move: Knock Off|[of] p1a: Yveltal
|move|p2a: Groudon|Stealth Rock|p1a: Yveltal
|-sidestart|p1: Magikarp4000|move: Stealth Rock
|
|-weather|SunnyDay|[upkeep]
|upkeep
|turn|2
|
|t:|1617405746
|move|p1a: Yveltal|Sucker Punch||[still]
|-fail|p1a: Yveltal
|move|p2a: Groudon|Toxic|p1a: Yveltal
|-status|p1a: Yveltal|tox
|
|-weather|SunnyDay|[upkeep]
|-damage|p1a: Yveltal|94/100 tox|[from] psn
|upkeep
|turn|3
|
|t:|1617405753
|move|p1a: Yveltal|Knock Off|p2a: Groudon
|-damage|p2a: Groudon|44/100
|move|p2a: Groudon|Rock Slide|p1a: Yveltal
|-supereffective|p1a: Yveltal
|-damage|p1a: Yveltal|40/100 tox
|
|-weather|SunnyDay|[upkeep]
|-damage|p1a: Yveltal|28/100 tox|[from] psn
|upkeep
|turn|4
|
|t:|1617405763
|switch|p1a: Necrozma|Necrozma-Dusk-Mane|100/100
|-damage|p1a: Necrozma|94/100|[from] Stealth Rock
|move|p2a: Groudon|Precipice Blades|p1a: Necrozma
|-supereffective|p1a: Necrozma
|-damage|p1a: Necrozma|31/100
|
|-weather|SunnyDay|[upkeep]
|upkeep
|turn|5
|
|t:|1617405771
|move|p2a: Groudon|Precipice Blades|p1a: Necrozma
|-supereffective|p1a: Necrozma
|-damage|p1a: Necrozma|0 fnt
|faint|p1a: Necrozma
|
|-weather|none
|upkeep
|
|t:|1617405775
|switch|p1a: Calyrex|Calyrex-Shadow|100/100
|-ability|p1a: Calyrex|As One
|-ability|p1a: Calyrex|Unnerve
|-damage|p1a: Calyrex|88/100|[from] Stealth Rock
|turn|6
|
|t:|1617405785
|move|p1a: Calyrex|Astral Barrage|p2a: Groudon
|-damage|p2a: Groudon|0 fnt
|faint|p2a: Groudon
|-ability|p1a: Calyrex|Grim Neigh|boost
|-boost|p1a: Calyrex|spa|1
|
|upkeep
|
|t:|1617405791
|switch|p2a: Yveltal|Yveltal|100/100
|-ability|p2a: Yveltal|Dark Aura
|turn|7
|
|t:|1617405794
|switch|p1a: Zacian|Zacian|100/100
|-damage|p1a: Zacian|88/100|[from] Stealth Rock
|-ability|p1a: Zacian|Intrepid Sword|boost
|-boost|p1a: Zacian|atk|1
|move|p2a: Yveltal|Sucker Punch||[still]
|-fail|p2a: Yveltal
|
|upkeep
|turn|8
|
|t:|1617405807
|switch|p2a: Lugia|Lugia|100/100
|move|p1a: Zacian|Crunch|p2a: Lugia
|-supereffective|p2a: Lugia
|-damage|p2a: Lugia|71/100
|
|upkeep
|turn|9
|
|t:|1617405813
|move|p1a: Zacian|Crunch|p2a: Lugia
|-supereffective|p2a: Lugia
|-damage|p2a: Lugia|18/100
|move|p2a: Lugia|Toxic|p1a: Zacian
|-status|p1a: Zacian|tox
|
|-damage|p1a: Zacian|82/100 tox|[from] psn
|upkeep
|turn|10
|
|t:|1617405825
|switch|p1a: Ho-Oh|Ho-Oh|100/100
|move|p2a: Lugia|Roost|p2a: Lugia
|-heal|p2a: Lugia|68/100
|-singleturn|p2a: Lugia|move: Roost
|
|upkeep
|turn|11
|
|t:|1617405831
|move|p2a: Lugia|Toxic|p1a: Ho-Oh
|-status|p1a: Ho-Oh|tox
|move|p1a: Ho-Oh|Thunder Wave|p2a: Lugia|[miss]
|-miss|p1a: Ho-Oh|p2a: Lugia
|
|-damage|p1a: Ho-Oh|94/100 tox|[from] psn
|upkeep
|turn|12
|c|☆Magikarp4000|smh
|
|t:|1617405842
|move|p2a: Lugia|Roost|p2a: Lugia
|-heal|p2a: Lugia|100/100
|-singleturn|p2a: Lugia|move: Roost
|move|p1a: Ho-Oh|Thunder Wave|p2a: Lugia|[miss]
|-miss|p1a: Ho-Oh|p2a: Lugia
|
|-damage|p1a: Ho-Oh|82/100 tox|[from] psn
|upkeep
|turn|13
|c|☆EzraWeeden|Sorry
|
|t:|1617405857
|move|p2a: Lugia|Ice Beam|p1a: Ho-Oh
|-damage|p1a: Ho-Oh|74/100 tox
|move|p1a: Ho-Oh|Thunder Wave|p2a: Lugia
|-status|p2a: Lugia|par
|
|-damage|p1a: Ho-Oh|55/100 tox|[from] psn
|upkeep
|turn|14
|c|☆Magikarp4000|:(
|inactive|Magikarp4000 has 120 seconds left.
|
|t:|1617405915
|switch|p1a: Calyrex|Calyrex-Shadow|88/100
|-ability|p1a: Calyrex|As One
|-ability|p1a: Calyrex|Unnerve
|-damage|p1a: Calyrex|76/100|[from] Stealth Rock
|switch|p2a: Yveltal|Yveltal|100/100
|-ability|p2a: Yveltal|Dark Aura
|
|upkeep
|turn|15
|
|t:|1617405924
|switch|p1a: Eternatus|Eternatus|100/100
|-damage|p1a: Eternatus|88/100|[from] Stealth Rock
|-ability|p1a: Eternatus|Pressure
|move|p2a: Yveltal|Oblivion Wing|p1a: Eternatus
|-damage|p1a: Eternatus|67/100
|
|upkeep
|turn|16
|
|t:|1617405933
|switch|p1a: Calyrex|Calyrex-Shadow|76/100
|-ability|p1a: Calyrex|As One
|-ability|p1a: Calyrex|Unnerve
|-damage|p1a: Calyrex|64/100|[from] Stealth Rock
|move|p2a: Yveltal|Dark Pulse|p1a: Calyrex
|-supereffective|p1a: Calyrex
|-damage|p1a: Calyrex|0 fnt
|faint|p1a: Calyrex
|
|upkeep
|
|t:|1617405937
|switch|p1a: Eternatus|Eternatus|67/100
|-damage|p1a: Eternatus|54/100|[from] Stealth Rock
|-ability|p1a: Eternatus|Pressure
|turn|17
|
|t:|1617405940
|switch|p2a: Necrozma|Necrozma-Dusk-Mane|100/100
|move|p1a: Eternatus|Meteor Beam||[still]
|-prepare|p1a: Eternatus|Meteor Beam
|-boost|p1a: Eternatus|spa|1
|-enditem|p1a: Eternatus|Power Herb
|-anim|p1a: Eternatus|Meteor Beam|p2a: Necrozma
|-resisted|p2a: Necrozma
|-damage|p2a: Necrozma|71/100
|
|upkeep
|turn|18
|
|t:|1617405945
|move|p1a: Eternatus|Mystical Fire|p2a: Necrozma
|-supereffective|p2a: Necrozma
|-damage|p2a: Necrozma|10/100
|-unboost|p2a: Necrozma|spa|1
|move|p2a: Necrozma|Sunsteel Strike|p1a: Eternatus
|-damage|p1a: Eternatus|0 fnt
|-damage|p2a: Necrozma|0 fnt|[from] item: Life Orb
|faint|p1a: Eternatus
|faint|p2a: Necrozma
|
|upkeep
|
|t:|1617405957
|switch|p1a: Zacian|Zacian|82/100 tox
|switch|p2a: Calyrex|Calyrex-Shadow|100/100
|-ability|p2a: Calyrex|As One
|-ability|p2a: Calyrex|Unnerve
|-damage|p1a: Zacian|70/100 tox|[from] Stealth Rock
|-ability|p1a: Zacian|Intrepid Sword|boost
|-boost|p1a: Zacian|atk|1
|turn|19
|
|t:|1617405964
|move|p2a: Calyrex|Astral Barrage|p1a: Zacian
|-damage|p1a: Zacian|0 fnt
|faint|p1a: Zacian
|-ability|p2a: Calyrex|Grim Neigh|boost
|-boost|p2a: Calyrex|spa|1
|
|upkeep
|
|t:|1617405969
|switch|p1a: Yveltal|Yveltal|28/100 tox
|-ability|p1a: Yveltal|Dark Aura
|turn|20
|
|t:|1617405975
|switch|p2a: Lugia|Lugia|100/100 par
|move|p1a: Yveltal|Sucker Punch||[still]
|-fail|p1a: Yveltal
|
|-damage|p1a: Yveltal|22/100 tox|[from] psn
|upkeep
|turn|21
|
|t:|1617405980
|move|p1a: Yveltal|Roost|p1a: Yveltal
|-heal|p1a: Yveltal|72/100 tox
|-singleturn|p1a: Yveltal|move: Roost
|move|p2a: Lugia|Ice Beam|p1a: Yveltal
|-damage|p1a: Yveltal|57/100 tox
|
|-damage|p1a: Yveltal|44/100 tox|[from] psn
|upkeep
|turn|22
|
|t:|1617405990
|move|p1a: Yveltal|Knock Off|p2a: Lugia
|-supereffective|p2a: Lugia
|-damage|p2a: Lugia|63/100 par
|-enditem|p2a: Lugia|Heavy-Duty Boots|[from] move: Knock Off|[of] p1a: Yveltal
|move|p2a: Lugia|Ice Beam|p1a: Yveltal
|-supereffective|p1a: Yveltal
|-damage|p1a: Yveltal|17/100 tox
|
|-damage|p1a: Yveltal|0 fnt|[from] psn
|faint|p1a: Yveltal
|upkeep
|
|t:|1617405996
|switch|p1a: Ho-Oh|Ho-Oh|89/100 tox
|turn|23
|
|t:|1617406001
|move|p1a: Ho-Oh|Sacred Fire|p2a: Lugia
|-damage|p2a: Lugia|34/100 par
|cant|p2a: Lugia|par
|
|-damage|p1a: Ho-Oh|83/100 tox|[from] psn
|upkeep
|turn|24
|
|t:|1617406006
|move|p1a: Ho-Oh|Sacred Fire|p2a: Lugia
|-damage|p2a: Lugia|5/100 par
|cant|p2a: Lugia|par
|
|-damage|p1a: Ho-Oh|71/100 tox|[from] psn
|upkeep
|turn|25
|
|t:|1617406019
|move|p1a: Ho-Oh|Sacred Fire|p2a: Lugia
|-damage|p2a: Lugia|0 fnt
|faint|p2a: Lugia
|
|-damage|p1a: Ho-Oh|53/100 tox|[from] psn
|upkeep
|
|t:|1617406030
|switch|p2a: Yveltal|Yveltal|100/100
|-ability|p2a: Yveltal|Dark Aura
|turn|26
|
|t:|1617406033
|move|p2a: Yveltal|Dark Pulse|p1a: Ho-Oh
|-damage|p1a: Ho-Oh|28/100 tox
|cant|p1a: Ho-Oh|flinch
|
|-damage|p1a: Ho-Oh|4/100 tox|[from] psn
|upkeep
|turn|27
|-message|Magikarp4000 forfeited.
|
|win|EzraWeeden
|raw|Magikarp4000's rating: 1598 &rarr; <strong>1576</strong><br />(-22 for losing)
|raw|EzraWeeden's rating: 1561 &rarr; <strong>1583</strong><br />(+22 for winning)
|l|☆Magikarp4000
