|j|☆Age Hacker
|j|☆Holy gang
|t:|1661970284
|gametype|singles
|player|p1|Age Hacker|grimsley|
|player|p2|Holy gang|buck|
|teamsize|p1|6
|teamsize|p2|6
|gen|8
|tier|[Gen 8] Ubers
|rated|Tournament battle
|rule|Sleep Clause Mod: Limit one foe put to sleep
|rule|Species Clause: Limit one of each Pokémon
|rule|OHKO Clause: OHKO moves are banned
|rule|Evasion Items Clause: Evasion items are banned
|rule|Evasion Moves Clause: Evasion moves are banned
|rule|Endless Battle Clause: Forcing endless battles is banned
|rule|HP Percentage Mod: HP is shown in percentages
|rule|Dynamax Clause: You cannot dynamax
|clearpoke
|poke|p1|Xerneas-*|
|poke|p1|Darmanitan-Galar, F|
|poke|p1|Magnezone|
|poke|p1|Necrozma-Dusk-Mane|
|poke|p1|Eternatus|
|poke|p1|Yveltal|
|poke|p2|Bewear, F|
|poke|p2|Necrozma-Dusk-Mane|
|poke|p2|Yveltal|
|poke|p2|Eternatus|
|poke|p2|Groudon|
|poke|p2|Ho-Oh|
|teampreview
|inactive|Battle timer is ON: inactive players will automatically lose when time's up. (requested by Age Hacker)
|c|☆Holy gang|Hf
|
|t:|1661970322
|start
|switch|p1a: Darmanitan|Darmanitan-Galar, F|100/100
|switch|p2a: Bewear|Bewear, F|100/100
|turn|1
|
|t:|1661970340
|move|p1a: Darmanitan|U-turn|p2a: Bewear
|-resisted|p2a: Bewear
|-damage|p2a: Bewear|92/100
|
|t:|1661970346
|switch|p1a: Yveltal|Yveltal|100/100|[from]move: U-turn
|-ability|p1a: Yveltal|Dark Aura
|move|p2a: Bewear|Body Slam|p1a: Yveltal
|-damage|p1a: Yveltal|38/100
|
|upkeep
|turn|2
|
|t:|1661970355
|move|p1a: Yveltal|Foul Play|p2a: Bewear
|-resisted|p2a: Bewear
|-damage|p2a: Bewear|77/100
|move|p2a: Bewear|Body Slam|p1a: Yveltal
|-damage|p1a: Yveltal|0 fnt
|faint|p1a: Yveltal
|
|upkeep
|
|t:|1661970357
|switch|p1a: Xerneas|Xerneas|100/100
|-ability|p1a: Xerneas|Fairy Aura
|turn|3
|
|t:|1661970370
|switch|p1a: Magnezone|Magnezone|100/100
|-item|p1a: Magnezone|Air Balloon
|switch|p2a: Ho-Oh|Ho-Oh|100/100
|
|upkeep
|turn|4
|
|t:|1661970376
|switch|p1a: Eternatus|Eternatus|100/100
|-ability|p1a: Eternatus|Pressure
|move|p2a: Ho-Oh|Thunder Wave|p1a: Eternatus
|-status|p1a: Eternatus|par
|
|upkeep
|turn|5
|
|t:|1661970388
|switch|p2a: Groudon|Groudon|100/100
|-weather|SunnyDay|[from] ability: Drought|[of] p2a: Groudon
|move|p1a: Eternatus|Toxic|p2a: Groudon
|-status|p2a: Groudon|tox
|
|-weather|SunnyDay|[upkeep]
|-damage|p2a: Groudon|94/100 tox|[from] psn
|upkeep
|turn|6
|
|t:|1661970395
|switch|p1a: Magnezone|Magnezone|100/100
|-item|p1a: Magnezone|Air Balloon
|move|p2a: Groudon|Stealth Rock|p1a: Magnezone
|-sidestart|p1: Age Hacker|move: Stealth Rock
|
|-weather|SunnyDay|[upkeep]
|-heal|p2a: Groudon|100/100 tox|[from] item: Leftovers
|-damage|p2a: Groudon|88/100 tox|[from] psn
|upkeep
|turn|7
|
|t:|1661970402
|switch|p2a: Ho-Oh|Ho-Oh|100/100
|move|p1a: Magnezone|Magnet Rise|p1a: Magnezone
|-start|p1a: Magnezone|Magnet Rise
|
|-weather|SunnyDay|[upkeep]
|upkeep
|turn|8
|
|t:|1661970414
|switch|p1a: Eternatus|Eternatus|100/100 par
|-ability|p1a: Eternatus|Pressure
|move|p2a: Ho-Oh|Sacred Fire|p1a: Eternatus
|-resisted|p1a: Eternatus
|-damage|p1a: Eternatus|77/100 par
|
|-weather|SunnyDay|[upkeep]
|upkeep
|turn|9
|
|t:|1661970421
|switch|p2a: Eternatus|Eternatus|100/100
|-ability|p2a: Eternatus|Pressure
|move|p1a: Eternatus|Dynamax Cannon|p2a: Eternatus
|-supereffective|p2a: Eternatus
|-damage|p2a: Eternatus|36/100
|
|-weather|none
|upkeep
|turn|10
|
|t:|1661970427
|move|p2a: Eternatus|Recover|p2a: Eternatus
|-heal|p2a: Eternatus|86/100
|cant|p1a: Eternatus|par
|
|upkeep
|turn|11
|
|t:|1661970441
|move|p2a: Eternatus|Draco Meteor|p1a: Eternatus
|-supereffective|p1a: Eternatus
|-damage|p1a: Eternatus|5/100 par
|-unboost|p2a: Eternatus|spa|2
|move|p1a: Eternatus|Dynamax Cannon|p2a: Eternatus
|-supereffective|p2a: Eternatus
|-damage|p2a: Eternatus|19/100
|
|upkeep
|turn|12
|
|t:|1661970452
|switch|p2a: Yveltal|Yveltal|100/100
|-ability|p2a: Yveltal|Dark Aura
|move|p1a: Eternatus|Dynamax Cannon|p2a: Yveltal
|-damage|p2a: Yveltal|61/100
|
|upkeep
|turn|13
|
|t:|1661970465
|move|p2a: Yveltal|Knock Off|p1a: Eternatus
|-damage|p1a: Eternatus|0 fnt
|-enditem|p1a: Eternatus|Heavy-Duty Boots|[from] move: Knock Off|[of] p2a: Yveltal
|faint|p1a: Eternatus
|
|upkeep
|
|t:|1661970471
|switch|p1a: Darmanitan|Darmanitan-Galar, F|100/100
|-damage|p1a: Darmanitan|76/100|[from] Stealth Rock
|turn|14
|
|t:|1661970489
|move|p2a: Yveltal|Sucker Punch|p1a: Darmanitan
|-damage|p1a: Darmanitan|0 fnt
|faint|p1a: Darmanitan
|
|upkeep
|
|t:|1661970493
|switch|p1a: Xerneas|Xerneas|100/100
|-damage|p1a: Xerneas|88/100|[from] Stealth Rock
|-ability|p1a: Xerneas|Fairy Aura
|turn|15
|
|t:|1661970503
|switch|p2a: Ho-Oh|Ho-Oh|100/100
|move|p1a: Xerneas|Geomancy||[still]
|-prepare|p1a: Xerneas|Geomancy
|-enditem|p1a: Xerneas|Power Herb
|-anim|p1a: Xerneas|Geomancy|p1a: Xerneas
|-boost|p1a: Xerneas|spa|2
|-boost|p1a: Xerneas|spd|2
|-boost|p1a: Xerneas|spe|2
|
|upkeep
|turn|16
|
|t:|1661970505
|move|p1a: Xerneas|Thunder|p2a: Ho-Oh|[miss]
|-miss|p1a: Xerneas|p2a: Ho-Oh
|move|p2a: Ho-Oh|Whirlwind|p1a: Xerneas
|drag|p1a: Necrozma|Necrozma-Dusk-Mane|100/100
|-damage|p1a: Necrozma|94/100|[from] Stealth Rock
|
|-heal|p1a: Necrozma|100/100|[from] item: Leftovers
|upkeep
|turn|17
|
|t:|1661970512
|move|p2a: Ho-Oh|Sacred Fire|p1a: Necrozma
|-supereffective|p1a: Necrozma
|-damage|p1a: Necrozma|53/100
|move|p1a: Necrozma|Stealth Rock|p2a: Ho-Oh
|-sidestart|p2: Holy gang|move: Stealth Rock
|
|-heal|p1a: Necrozma|59/100|[from] item: Leftovers
|upkeep
|turn|18
|
|t:|1661970518
|switch|p1a: Xerneas|Xerneas|88/100
|-damage|p1a: Xerneas|76/100|[from] Stealth Rock
|-ability|p1a: Xerneas|Fairy Aura
|move|p2a: Ho-Oh|Sacred Fire|p1a: Xerneas
|-damage|p1a: Xerneas|44/100
|-status|p1a: Xerneas|brn
|
|-damage|p1a: Xerneas|38/100 brn|[from] brn
|upkeep
|turn|19
|
|t:|1661970523
|move|p1a: Xerneas|Thunder|p2a: Ho-Oh
|-supereffective|p2a: Ho-Oh
|-damage|p2a: Ho-Oh|52/100
|move|p2a: Ho-Oh|Sacred Fire|p1a: Xerneas
|-damage|p1a: Xerneas|6/100 brn
|
|-damage|p1a: Xerneas|0 fnt|[from] brn
|faint|p1a: Xerneas
|upkeep
|
|t:|1661970528
|switch|p1a: Magnezone|Magnezone|100/100
|-damage|p1a: Magnezone|94/100|[from] Stealth Rock
|-item|p1a: Magnezone|Air Balloon
|turn|20
|
|t:|1661970532
|move|p1a: Magnezone|Thunder Wave|p2a: Ho-Oh
|-status|p2a: Ho-Oh|par
|move|p2a: Ho-Oh|Sacred Fire|p1a: Magnezone
|-supereffective|p1a: Magnezone
|-damage|p1a: Magnezone|24/100
|-status|p1a: Magnezone|brn
|-enditem|p1a: Magnezone|Air Balloon
|
|-damage|p1a: Magnezone|18/100 brn|[from] brn
|upkeep
|turn|21
|-message|Age Hacker forfeited.
|
|win|Holy gang
|n|☆Age Hacker|agehacker
|n|☆Holy gang|holygang
