|j|‽moonlit waves
|j|☆ULT9NS★Shionツ
|t:|1653434490
|gametype|singles
|player|p1|moonlit waves|irida|1560
|player|p2|ULT9NS★Shionツ|veteran|1589
|teamsize|p1|6
|teamsize|p2|6
|gen|8
|tier|[Gen 8] Ubers
|rated|
|rule|Sleep Clause Mod: Limit one foe put to sleep
|rule|Species Clause: Limit one of each Pokémon
|rule|OHKO Clause: OHKO moves are banned
|rule|Evasion Moves Clause: Evasion moves are banned
|rule|Endless Battle Clause: Forcing endless battles is banned
|rule|HP Percentage Mod: HP is shown in percentages
|rule|Dynamax Clause: You cannot dynamax
|clearpoke
|poke|p1|Xerneas-*|
|poke|p1|Calyrex-Shadow|
|poke|p1|Eternatus|
|poke|p1|Yveltal|
|poke|p1|Necrozma-Dusk-Mane|
|poke|p1|Groudon|
|poke|p2|Shuckle, F|
|poke|p2|Zekrom|
|poke|p2|Calyrex-Shadow|
|poke|p2|Necrozma-Dusk-Mane|
|poke|p2|Groudon|
|poke|p2|Yveltal|
|teampreview
|inactive|Battle timer is ON: inactive players will automatically lose when time's up. (requested by moonlit waves)
|
|t:|1653434495
|start
|switch|p1a: Yveltal|Yveltal|100/100
|switch|p2a: Shuckle|Shuckle, F|100/100
|-ability|p1a: Yveltal|Dark Aura
|turn|1
|
|t:|1653434498
|move|p1a: Yveltal|Taunt|p2a: Shuckle
|-start|p2a: Shuckle|move: Taunt
|-enditem|p2a: Shuckle|Mental Herb
|-end|p2a: Shuckle|move: Taunt
|move|p2a: Shuckle|Sticky Web|p1a: Yveltal
|-sidestart|p1: moonlit waves|move: Sticky Web
|
|upkeep
|turn|2
|
|t:|1653434503
|switch|p2a: Zekrom|Zekrom|100/100
|-ability|p2a: Zekrom|Teravolt
|move|p1a: Yveltal|Taunt|p2a: Zekrom
|-start|p2a: Zekrom|move: Taunt
|
|upkeep
|turn|3
|
|t:|1653434505
|switch|p1a: Groudon|Groudon|100/100
|-activate|p1a: Groudon|move: Sticky Web
|-unboost|p1a: Groudon|spe|1
|-weather|SunnyDay|[from] ability: Drought|[of] p1a: Groudon
|move|p2a: Zekrom|Bolt Strike|p1a: Groudon
|-immune|p1a: Groudon
|
|-weather|SunnyDay|[upkeep]
|upkeep
|turn|4
|
|t:|1653434507
|switch|p2a: Shuckle|Shuckle, F|100/100
|move|p1a: Groudon|Stealth Rock|p2a: Shuckle
|-sidestart|p2: ULT9NS★Shionツ|move: Stealth Rock
|
|-weather|SunnyDay|[upkeep]
|upkeep
|turn|5
|
|t:|1653434511
|move|p1a: Groudon|Precipice Blades|p2a: Shuckle
|-damage|p2a: Shuckle|64/100
|move|p2a: Shuckle|Stealth Rock|p1a: Groudon
|-sidestart|p1: moonlit waves|move: Stealth Rock
|
|-weather|SunnyDay|[upkeep]
|upkeep
|turn|6
|
|t:|1653434517
|move|p1a: Groudon|Stone Edge|p2a: Shuckle
|-supereffective|p2a: Shuckle
|-damage|p2a: Shuckle|25/100
|move|p2a: Shuckle|Final Gambit|p1a: Groudon
|-damage|p1a: Groudon|86/100
|faint|p2a: Shuckle
|
|-weather|SunnyDay|[upkeep]
|-heal|p1a: Groudon|92/100|[from] item: Leftovers
|upkeep
|
|t:|1653434527
|switch|p2a: Groudon|Groudon|100/100
|-damage|p2a: Groudon|94/100|[from] Stealth Rock
|turn|7
|
|t:|1653434538
|move|p2a: Groudon|Swords Dance|p2a: Groudon
|-boost|p2a: Groudon|atk|2
|move|p1a: Groudon|Swords Dance|p1a: Groudon
|-boost|p1a: Groudon|atk|2
|
|-weather|none
|-heal|p1a: Groudon|98/100|[from] item: Leftovers
|upkeep
|turn|8
|j| ULT9NS Hater
|
|t:|1653434542
|move|p2a: Groudon|Precipice Blades|p1a: Groudon
|-damage|p1a: Groudon|13/100
|move|p1a: Groudon|Precipice Blades|p2a: Groudon|[miss]
|-miss|p1a: Groudon|p2a: Groudon
|
|-heal|p1a: Groudon|19/100|[from] item: Leftovers
|upkeep
|turn|9
|
|t:|1653434549
|move|p2a: Groudon|Precipice Blades|p1a: Groudon
|-damage|p1a: Groudon|0 fnt
|faint|p1a: Groudon
|
|upkeep
|
|t:|1653434551
|switch|p1a: Yveltal|Yveltal|100/100
|-ability|p1a: Yveltal|Dark Aura
|turn|10
|
|t:|1653434557
|move|p1a: Yveltal|Foul Play|p2a: Groudon
|-damage|p2a: Groudon|0 fnt
|faint|p2a: Groudon
|
|upkeep
|
|t:|1653434559
|switch|p2a: Zekrom|Zekrom|100/100
|-damage|p2a: Zekrom|88/100|[from] Stealth Rock
|-ability|p2a: Zekrom|Teravolt
|turn|11
|
|t:|1653434564
|move|p1a: Yveltal|Foul Play|p2a: Zekrom
|-damage|p2a: Zekrom|21/100
|move|p2a: Zekrom|Bolt Strike|p1a: Yveltal
|-supereffective|p1a: Yveltal
|-damage|p1a: Yveltal|0 fnt
|faint|p1a: Yveltal
|
|upkeep
|j| 64 squares
|
|t:|1653434569
|switch|p1a: Calyrex|Calyrex-Shadow|100/100
|-ability|p1a: Calyrex|As One
|-ability|p1a: Calyrex|Unnerve
|-activate|p1a: Calyrex|move: Sticky Web
|-unboost|p1a: Calyrex|spe|1
|-damage|p1a: Calyrex|88/100|[from] Stealth Rock
|turn|12
|
|t:|1653434575
|move|p1a: Calyrex|Astral Barrage|p2a: Zekrom
|-damage|p2a: Zekrom|0 fnt
|faint|p2a: Zekrom
|-ability|p1a: Calyrex|Grim Neigh|boost
|-boost|p1a: Calyrex|spa|1
|
|upkeep
|
|t:|1653434577
|switch|p2a: Yveltal|Yveltal|100/100
|-damage|p2a: Yveltal|76/100|[from] Stealth Rock
|-ability|p2a: Yveltal|Dark Aura
|turn|13
|
|t:|1653434581
|switch|p1a: Xerneas|Xerneas|100/100
|-activate|p1a: Xerneas|move: Sticky Web
|-unboost|p1a: Xerneas|spe|1
|-damage|p1a: Xerneas|88/100|[from] Stealth Rock
|-ability|p1a: Xerneas|Fairy Aura
|move|p2a: Yveltal|Dark Pulse|p1a: Xerneas
|-resisted|p1a: Xerneas
|-damage|p1a: Xerneas|53/100
|-damage|p2a: Yveltal|66/100|[from] item: Life Orb
|
|upkeep
|turn|14
|j| ult9ns xkh
|
|t:|1653434594
|move|p2a: Yveltal|Oblivion Wing|p1a: Xerneas
|-damage|p1a: Xerneas|3/100
|-heal|p2a: Yveltal|100/100|[from] drain|[of] p1a: Xerneas
|-damage|p2a: Yveltal|91/100|[from] item: Life Orb
|move|p1a: Xerneas|Moonblast|p2a: Yveltal
|-supereffective|p2a: Yveltal
|-damage|p2a: Yveltal|0 fnt
|faint|p2a: Yveltal
|
|upkeep
|
|t:|1653434598
|switch|p2a: Calyrex|Calyrex-Shadow|100/100
|-ability|p2a: Calyrex|As One
|-ability|p2a: Calyrex|Unnerve
|-damage|p2a: Calyrex|88/100|[from] Stealth Rock
|turn|15
|
|t:|1653434604
|move|p2a: Calyrex|Astral Barrage|p1a: Xerneas
|-damage|p1a: Xerneas|0 fnt
|faint|p1a: Xerneas
|-ability|p2a: Calyrex|Grim Neigh|boost
|-boost|p2a: Calyrex|spa|1
|
|upkeep
|
|t:|1653434606
|switch|p1a: Calyrex|Calyrex-Shadow|88/100
|-ability|p1a: Calyrex|As One
|-ability|p1a: Calyrex|Unnerve
|-activate|p1a: Calyrex|move: Sticky Web
|-unboost|p1a: Calyrex|spe|1
|-damage|p1a: Calyrex|76/100|[from] Stealth Rock
|turn|16
|j| omicorio
|
|t:|1653434617
|move|p1a: Calyrex|Astral Barrage|p2a: Calyrex
|-supereffective|p2a: Calyrex
|-damage|p2a: Calyrex|0 fnt
|faint|p2a: Calyrex
|-ability|p1a: Calyrex|Grim Neigh|boost
|-boost|p1a: Calyrex|spa|1
|
|upkeep
|-message|ULT9NS★Shionツ forfeited.
|
|win|moonlit waves
|raw|moonlit waves's rating: 1560 &rarr; <strong>1582</strong><br />(+22 for winning)
|raw|ULT9NS★Shionツ's rating: 1589 &rarr; <strong>1567</strong><br />(-22 for losing)
|l|☆ULT9NS★Shionツ
|l| ULT9NS Hater
|l|‽moonlit waves
|l| omicorio
||Ladder isn't responding, score probably updated but might not have (Request timeout).
|l| 64 squares
|j|%Seldanna
