|j|☆Swordsman505
|j|☆Na-K-ATPase
|player|p1|Swordsman505|150|1435
|player|p2|Na-K-ATPase|1|1408
|teamsize|p1|6
|teamsize|p2|6
|gametype|singles
|gen|8
|tier|[Gen 8] Ubers
|rated|
|clearpoke
|poke|p1|Tyranitar, F|
|poke|p1|Excadrill, F|
|poke|p1|Reshiram|
|poke|p1|Lunala|
|poke|p1|Corviknight, M|
|poke|p1|Zacian-Crowned|
|poke|p2|Dugtrio, F|
|poke|p2|Kommo-o, F|
|poke|p2|Melmetal|
|poke|p2|Lunala|
|poke|p2|Necrozma-Dusk-Mane|
|poke|p2|Silvally-*|
|rule|Sleep Clause Mod: Limit one foe put to sleep
|rule|Species Clause: Limit one of each Pokémon
|rule|OHKO Clause: OHKO moves are banned
|rule|Evasion Moves Clause: Evasion moves are banned
|rule|Endless Battle Clause: Forcing endless battles is banned
|rule|HP Percentage Mod: HP is shown in percentages
|html|Ubers Dynamax Clause: Pokémon on the <a href="https://www.smogon.com/dex/ss/formats/uber/">Ubers Dynamax Banlist</a> cannot Dynamax.
|teampreview
|
|start
|switch|p1a: Corviknight|Corviknight, M|100/100
|switch|p2a: Dugtrio|Dugtrio, F|100/100
|-ability|p1a: Corviknight|Pressure
|turn|1
|
|move|p2a: Dugtrio|Stealth Rock|p1a: Corviknight
|-sidestart|p1: Swordsman505|move: Stealth Rock
|move|p1a: Corviknight|Iron Defense|p1a: Corviknight
|-boost|p1a: Corviknight|def|2
|
|upkeep
|turn|2
|
|switch|p2a: Lunala|Lunala|100/100
|move|p1a: Corviknight|Iron Defense|p1a: Corviknight
|-boost|p1a: Corviknight|def|2
|
|upkeep
|turn|3
|j| HeavenStar
|
|move|p2a: Lunala|Will-O-Wisp|p1a: Corviknight
|-status|p1a: Corviknight|brn
|move|p1a: Corviknight|Brave Bird|p2a: Lunala
|-damage|p2a: Lunala|93/100
|-damage|p1a: Corviknight|98/100 brn|[from] Recoil
|
|-damage|p1a: Corviknight|92/100 brn|[from] brn
|upkeep
|turn|4
|
|switch|p1a: Lunala|Lunala|100/100
|-damage|p1a: Lunala|88/100|[from] Stealth Rock
|move|p2a: Lunala|Moongeist Beam|p1a: Lunala
|-supereffective|p1a: Lunala
|-damage|p1a: Lunala|0 fnt
|faint|p1a: Lunala
|
|upkeep
|
|switch|p1a: Tyranitar|Tyranitar, F|100/100
|-damage|p1a: Tyranitar|88/100|[from] Stealth Rock
|-weather|Sandstorm|[from] ability: Sand Stream|[of] p1a: Tyranitar
|turn|5
|
|move|p2a: Lunala|Will-O-Wisp|p1a: Tyranitar|[miss]
|-miss|p2a: Lunala|p1a: Tyranitar
|move|p1a: Tyranitar|Stealth Rock|p2a: Lunala
|-sidestart|p2: Na-K-ATPase|move: Stealth Rock
|
|-weather|Sandstorm|[upkeep]
|-damage|p2a: Lunala|87/100|[from] Sandstorm
|upkeep
|turn|6
|
|switch|p1a: Reshiram|Reshiram|100/100
|-damage|p1a: Reshiram|76/100|[from] Stealth Rock
|-ability|p1a: Reshiram|Turboblaze
|move|p2a: Lunala|Will-O-Wisp|p1a: Reshiram
|-immune|p1a: Reshiram
|
|-weather|Sandstorm|[upkeep]
|-damage|p1a: Reshiram|69/100|[from] Sandstorm
|-damage|p2a: Lunala|81/100|[from] Sandstorm
|upkeep
|turn|7
|
|move|p1a: Reshiram|Draco Meteor|p2a: Lunala
|-damage|p2a: Lunala|4/100
|-unboost|p1a: Reshiram|spa|2
|-damage|p1a: Reshiram|59/100|[from] item: Life Orb
|move|p2a: Lunala|Trick Room|p2a: Lunala
|-fieldstart|move: Trick Room|[of] p2a: Lunala
|
|-weather|Sandstorm|[upkeep]
|-damage|p2a: Lunala|0 fnt|[from] Sandstorm
|-damage|p1a: Reshiram|53/100|[from] Sandstorm
|faint|p2a: Lunala
|upkeep
|
|switch|p2a: Kommo-o|Kommo-o, F|100/100
|-damage|p2a: Kommo-o|94/100|[from] Stealth Rock
|turn|8
|inactive|Battle timer is ON: inactive players will automatically lose when time's up. (requested by Na-K-ATPase)
|
|switch|p1a: Corviknight|Corviknight, M|92/100 brn
|-damage|p1a: Corviknight|79/100 brn|[from] Stealth Rock
|-ability|p1a: Corviknight|Pressure
|move|p2a: Kommo-o|Clangorous Soul|p2a: Kommo-o
|-boost|p2a: Kommo-o|atk|1
|-boost|p2a: Kommo-o|def|1
|-boost|p2a: Kommo-o|spa|1
|-boost|p2a: Kommo-o|spd|1
|-boost|p2a: Kommo-o|spe|1
|-damage|p2a: Kommo-o|61/100
|-enditem|p2a: Kommo-o|Throat Spray
|-boost|p2a: Kommo-o|spa|1|[from] item: Throat Spray
|
|-weather|Sandstorm|[upkeep]
|-damage|p2a: Kommo-o|55/100|[from] Sandstorm
|-damage|p1a: Corviknight|73/100 brn|[from] brn
|upkeep
|turn|9
|
|move|p1a: Corviknight|Iron Defense|p1a: Corviknight
|-boost|p1a: Corviknight|def|2
|move|p2a: Kommo-o|Flamethrower|p1a: Corviknight
|-supereffective|p1a: Corviknight
|-crit|p1a: Corviknight
|-damage|p1a: Corviknight|0 fnt
|faint|p1a: Corviknight
|
|-weather|Sandstorm|[upkeep]
|-damage|p2a: Kommo-o|49/100|[from] Sandstorm
|upkeep
|
|switch|p1a: Reshiram|Reshiram|53/100
|-damage|p1a: Reshiram|28/100|[from] Stealth Rock
|-ability|p1a: Reshiram|Turboblaze
|turn|10
|
|switch|p2a: Melmetal|Melmetal|100/100
|-damage|p2a: Melmetal|94/100|[from] Stealth Rock
|move|p1a: Reshiram|Draco Meteor|p2a: Melmetal
|-resisted|p2a: Melmetal
|-damage|p2a: Melmetal|40/100
|-unboost|p1a: Reshiram|spa|2
|-damage|p1a: Reshiram|18/100|[from] item: Life Orb
|
|-weather|Sandstorm|[upkeep]
|-damage|p1a: Reshiram|12/100|[from] Sandstorm
|upkeep
|turn|11
|inactive|Swordsman505 has 120 seconds left.
|
|switch|p1a: Tyranitar|Tyranitar, F|88/100
|-damage|p1a: Tyranitar|76/100|[from] Stealth Rock
|move|p2a: Melmetal|Self-Destruct|p1a: Tyranitar
|-resisted|p1a: Tyranitar
|-crit|p1a: Tyranitar
|-damage|p1a: Tyranitar|26/100
|faint|p2a: Melmetal
|
|-weather|Sandstorm|[upkeep]
|-fieldend|move: Trick Room
|upkeep
|
|switch|p2a: Dugtrio|Dugtrio, F|100/100
|-damage|p2a: Dugtrio|94/100|[from] Stealth Rock
|turn|12
|
|move|p2a: Dugtrio|Memento|p1a: Tyranitar
|-unboost|p1a: Tyranitar|atk|2
|-unboost|p1a: Tyranitar|spa|2
|faint|p2a: Dugtrio
|move|p1a: Tyranitar|Thunder Wave|p2: Dugtrio|[notarget]
|-fail|p1a: Tyranitar
|
|-weather|none
|upkeep
|
|switch|p2a: Silvally|Silvally-Ground|100/100
|-damage|p2a: Silvally|94/100|[from] Stealth Rock
|turn|13
|
|move|p2a: Silvally|Swords Dance|p2a: Silvally
|-boost|p2a: Silvally|atk|2
|move|p1a: Tyranitar|Taunt|p2a: Silvally
|-start|p2a: Silvally|move: Taunt
|
|upkeep
|turn|14
|
|move|p2a: Silvally|Flame Charge|p1a: Tyranitar
|-resisted|p1a: Tyranitar
|-damage|p1a: Tyranitar|15/100
|-boost|p2a: Silvally|spe|1
|move|p1a: Tyranitar|Snarl|p2a: Silvally
|-damage|p2a: Silvally|85/100
|-unboost|p2a: Silvally|spa|1
|
|upkeep
|turn|15
|
|switch|p1a: Reshiram|Reshiram|12/100
|-damage|p1a: Reshiram|0 fnt|[from] Stealth Rock
|faint|p1a: Reshiram
|move|p2a: Silvally|Flame Charge|p1: Reshiram|[notarget]
|-fail|p2a: Silvally
|
|upkeep
|
|switch|p1a: Tyranitar|Tyranitar, F|15/100
|-damage|p1a: Tyranitar|3/100|[from] Stealth Rock
|-weather|Sandstorm|[from] ability: Sand Stream|[of] p1a: Tyranitar
|turn|16
|
|move|p2a: Silvally|Flame Charge|p1a: Tyranitar
|-resisted|p1a: Tyranitar
|-damage|p1a: Tyranitar|0 fnt
|-boost|p2a: Silvally|spe|1
|faint|p1a: Tyranitar
|
|-weather|Sandstorm|[upkeep]
|-end|p2a: Silvally|move: Taunt
|upkeep
|
|switch|p1a: Excadrill|Excadrill, F|100/100
|-damage|p1a: Excadrill|97/100|[from] Stealth Rock
|turn|17
|
|-start|p2a: Silvally|Dynamax
|-heal|p2a: Silvally|85/100|[silent]
|-start|p1a: Excadrill|Dynamax
|-heal|p1a: Excadrill|97/100|[silent]
|move|p2a: Silvally|Max Flare|p1a: Excadrill
|-supereffective|p1a: Excadrill
|-damage|p1a: Excadrill|11/100
|-weather|SunnyDay
|move|p1a: Excadrill|Max Quake|p2a: Silvally
|-damage|p2a: Silvally|35/100
|-boost|p1a: Excadrill|spd|1
|-damage|p1a: Excadrill|6/100|[from] item: Life Orb
|
|-weather|SunnyDay|[upkeep]
|upkeep
|turn|18
|
|move|p2a: Silvally|Max Quake|p1a: Excadrill
|-supereffective|p1a: Excadrill
|-damage|p1a: Excadrill|0 fnt
|-boost|p2a: Silvally|spd|1
|faint|p1a: Excadrill
|
|-weather|SunnyDay|[upkeep]
|upkeep
|-message|Swordsman505 forfeited.
|
|win|Na-K-ATPase
|l|☆Swordsman505
|l|☆Na-K-ATPase
