|j|☆Bipin Khanal
|j|☆Steel016
|t:|1665900325
|gametype|singles
|player|p1|Bipin Khanal|266|
|player|p2|Steel016|n|
|teamsize|p1|6
|teamsize|p2|6
|gen|8
|tier|[Gen 8] Ubers
|rule|Sleep Clause Mod: Limit one foe put to sleep
|rule|Species Clause: Limit one of each Pokémon
|rule|OHKO Clause: OHKO moves are banned
|rule|Evasion Items Clause: Evasion items are banned
|rule|Evasion Moves Clause: Evasion moves are banned
|rule|Endless Battle Clause: Forcing endless battles is banned
|rule|HP Percentage Mod: HP is shown in percentages
|rule|Dynamax Clause: You cannot dynamax
|clearpoke
|poke|p1|Calyrex-Shadow|
|poke|p1|Zeraora|
|poke|p1|Eternatus|
|poke|p1|Zygarde|
|poke|p1|Xerneas-*|
|poke|p1|Dragonite, M|
|poke|p2|Eternatus|
|poke|p2|Zekrom|
|poke|p2|Ho-Oh|
|poke|p2|Marshadow|
|poke|p2|Ferrothorn, F|
|poke|p2|Landorus-Therian, M|
|teampreview
|inactive|Battle timer is ON: inactive players will automatically lose when time's up. (requested by Steel016)
|inactive|Bipin Khanal has 270 seconds left.
|inactive|Bipin Khanal has 240 seconds left.
|inactive|Bipin Khanal has 210 seconds left.
|inactive|Bipin Khanal has 180 seconds left.
|c|☆Steel016|hello?
|inactive|Bipin Khanal has 150 seconds left.
|inactive|Bipin Khanal has 120 seconds left.
|inactive|Bipin Khanal has 90 seconds left.
|
|t:|1665900564
|start
|switch|p1a: Dragonite|Dragonite, M|100/100
|switch|p2a: Ferrothorn|Ferrothorn, F|100/100
|turn|1
|
|t:|1665900575
|move|p1a: Dragonite|Dragon Dance|p1a: Dragonite
|-boost|p1a: Dragonite|atk|1
|-boost|p1a: Dragonite|spe|1
|move|p2a: Ferrothorn|Thunder Wave|p1a: Dragonite
|-status|p1a: Dragonite|par
|
|upkeep
|turn|2
|
|t:|1665900583
|cant|p1a: Dragonite|par
|move|p2a: Ferrothorn|Leech Seed|p1a: Dragonite
|-start|p1a: Dragonite|move: Leech Seed
|
|-damage|p1a: Dragonite|88/100 par|[from] Leech Seed|[of] p2a: Ferrothorn
|upkeep
|turn|3
|
|t:|1665900589
|move|p1a: Dragonite|Scale Shot|p2a: Ferrothorn
|-resisted|p2a: Ferrothorn
|-damage|p2a: Ferrothorn|95/100
|-resisted|p2a: Ferrothorn
|-damage|p2a: Ferrothorn|89/100
|-resisted|p2a: Ferrothorn
|-damage|p2a: Ferrothorn|82/100
|-hitcount|p2a: Ferrothorn|3
|-unboost|p1a: Dragonite|def|1
|-boost|p1a: Dragonite|spe|1
|move|p2a: Ferrothorn|Knock Off|p1a: Dragonite
|-damage|p1a: Dragonite|48/100 par
|-enditem|p1a: Dragonite|Weakness Policy|[from] move: Knock Off|[of] p2a: Ferrothorn
|
|-damage|p1a: Dragonite|35/100 par|[from] Leech Seed|[of] p2a: Ferrothorn
|-heal|p2a: Ferrothorn|93/100|[silent]
|upkeep
|turn|4
|
|t:|1665900605
|cant|p1a: Dragonite|par
|move|p2a: Ferrothorn|Knock Off|p1a: Dragonite
|-damage|p1a: Dragonite|10/100 par
|
|-damage|p1a: Dragonite|0 fnt|[from] Leech Seed|[of] p2a: Ferrothorn
|-heal|p2a: Ferrothorn|100/100|[silent]
|faint|p1a: Dragonite
|upkeep
|
|t:|1665900616
|switch|p1a: Eternatus|Eternatus|100/100
|-ability|p1a: Eternatus|Pressure
|turn|5
|
|t:|1665900624
|switch|p2a: Ho-Oh|Ho-Oh|100/100
|move|p1a: Eternatus|Flamethrower|p2a: Ho-Oh
|-resisted|p2a: Ho-Oh
|-damage|p2a: Ho-Oh|92/100
|
|upkeep
|turn|6
|
|t:|1665900632
|move|p1a: Eternatus|Dynamax Cannon|p2a: Ho-Oh
|-damage|p2a: Ho-Oh|59/100
|move|p2a: Ho-Oh|Thunder Wave|p1a: Eternatus
|-status|p1a: Eternatus|par
|
|upkeep
|turn|7
|inactive|Bipin Khanal has 150 seconds left.
|
|t:|1665900639
|move|p2a: Ho-Oh|Brave Bird|p1a: Eternatus
|-damage|p1a: Eternatus|50/100 par
|-damage|p2a: Ho-Oh|42/100|[from] Recoil
|cant|p1a: Eternatus|par
|
|upkeep
|turn|8
|
|t:|1665900649
|move|p2a: Ho-Oh|Brave Bird|p1a: Eternatus
|-damage|p1a: Eternatus|2/100 par
|-damage|p2a: Ho-Oh|26/100|[from] Recoil
|move|p1a: Eternatus|Eternabeam|p2a: Ho-Oh
|-damage|p2a: Ho-Oh|0 fnt
|-mustrecharge|p1a: Eternatus
|faint|p2a: Ho-Oh
|
|upkeep
|
|t:|1665900658
|switch|p2a: Marshadow|Marshadow|100/100
|turn|9
|
|t:|1665900662
|move|p2a: Marshadow|Bulk Up|p2a: Marshadow
|-boost|p2a: Marshadow|atk|1
|-boost|p2a: Marshadow|def|1
|cant|p1a: Eternatus|recharge
|
|upkeep
|turn|10
|
|t:|1665900670
|move|p2a: Marshadow|Shadow Sneak|p1a: Eternatus
|-damage|p1a: Eternatus|0 fnt
|faint|p1a: Eternatus
|
|upkeep
|
|t:|1665900674
|switch|p1a: Zygarde|Zygarde|100/100
|turn|11
|inactive|Bipin Khanal has 180 seconds left.
|l|☆Bipin Khanal
|inactive|Bipin Khanal disconnected and has 300 seconds to reconnect!
|player|p1|
|j|☆Bipin Khanal
|inactive|Bipin Khanal reconnected and has 175 seconds left.
|player|p1|Bipin Khanal|266
|
|t:|1665900721
|switch|p2a: Landorus|Landorus-Therian, M|100/100
|-ability|p2a: Landorus|Intimidate|boost
|-unboost|p1a: Zygarde|atk|1
|move|p1a: Zygarde|Thousand Arrows|p2a: Landorus
|-damage|p2a: Landorus|73/100
|-start|p2a: Landorus|Smack Down
|
|-heal|p2a: Landorus|79/100|[from] item: Leftovers
|upkeep
|turn|12
|
|t:|1665900733
|move|p1a: Zygarde|Core Enforcer|p2a: Landorus
|-damage|p2a: Landorus|40/100
|move|p2a: Landorus|Knock Off|p1a: Zygarde
|-damage|p1a: Zygarde|69/100
|-enditem|p1a: Zygarde|Quick Claw|[from] move: Knock Off|[of] p2a: Landorus
|
|-heal|p2a: Landorus|46/100|[from] item: Leftovers
|upkeep
|turn|13
|
|t:|1665900743
|move|p1a: Zygarde|Coil|p1a: Zygarde
|-boost|p1a: Zygarde|atk|1
|-boost|p1a: Zygarde|def|1
|-boost|p1a: Zygarde|accuracy|1
|move|p2a: Landorus|Stealth Rock|p1a: Zygarde
|-sidestart|p1: Bipin Khanal|move: Stealth Rock
|
|-heal|p2a: Landorus|52/100|[from] item: Leftovers
|upkeep
|turn|14
|
|t:|1665900750
|move|p1a: Zygarde|Coil|p1a: Zygarde
|-boost|p1a: Zygarde|atk|1
|-boost|p1a: Zygarde|def|1
|-boost|p1a: Zygarde|accuracy|1
|move|p2a: Landorus|Earthquake|p1a: Zygarde
|-damage|p1a: Zygarde|46/100
|
|-heal|p2a: Landorus|58/100|[from] item: Leftovers
|-activate|p1a: Zygarde|ability: Power Construct
|detailschange|p1a: Zygarde|Zygarde-Complete
|-heal|p1a: Zygarde|66/100|[silent]
|upkeep
|turn|15
|
|t:|1665900761
|move|p1a: Zygarde|Thousand Arrows|p2a: Landorus
|-damage|p2a: Landorus|0 fnt
|faint|p2a: Landorus
|
|upkeep
|
|t:|1665900767
|switch|p2a: Marshadow|Marshadow|100/100
|turn|16
|
|t:|1665900771
|move|p2a: Marshadow|Spectral Thief||[still]
|-clearpositiveboost|p1a: Zygarde|p2a: Marshadow|move: Spectral Thief
|-boost|p2a: Marshadow|atk|1
|-boost|p2a: Marshadow|def|2
|-boost|p2a: Marshadow|accuracy|2
|-anim|p2a: Marshadow|Spectral Thief|p1a: Zygarde
|-damage|p1a: Zygarde|18/100
|move|p1a: Zygarde|Thousand Arrows|p2a: Marshadow
|-damage|p2a: Marshadow|74/100
|
|upkeep
|turn|17
|inactive|Bipin Khanal has 210 seconds left.
|
|t:|1665900786
|move|p2a: Marshadow|Spectral Thief|p1a: Zygarde
|-damage|p1a: Zygarde|0 fnt
|faint|p1a: Zygarde
|
|upkeep
|
|t:|1665900792
|switch|p1a: Xerneas|Xerneas|100/100
|-damage|p1a: Xerneas|88/100|[from] Stealth Rock
|-ability|p1a: Xerneas|Fairy Aura
|turn|18
|
|t:|1665900802
|switch|p2a: Ferrothorn|Ferrothorn, F|100/100
|move|p1a: Xerneas|Moonblast|p2a: Ferrothorn
|-resisted|p2a: Ferrothorn
|-damage|p2a: Ferrothorn|72/100
|
|upkeep
|turn|19
|
|t:|1665900809
|move|p1a: Xerneas|Moonblast|p2a: Ferrothorn
|-resisted|p2a: Ferrothorn
|-damage|p2a: Ferrothorn|45/100
|move|p2a: Ferrothorn|Leech Seed|p1a: Xerneas|[miss]
|-miss|p2a: Ferrothorn|p1a: Xerneas
|
|upkeep
|turn|20
|
|t:|1665900818
|move|p1a: Xerneas|Moonblast|p2a: Ferrothorn
|-resisted|p2a: Ferrothorn
|-damage|p2a: Ferrothorn|15/100
|-unboost|p2a: Ferrothorn|spa|1
|move|p2a: Ferrothorn|Thunder Wave|p1a: Xerneas|[miss]
|-miss|p2a: Ferrothorn|p1a: Xerneas
|
|upkeep
|turn|21
|
|t:|1665900831
|move|p1a: Xerneas|Moonblast|p2a: Ferrothorn
|-resisted|p2a: Ferrothorn
|-damage|p2a: Ferrothorn|0 fnt
|faint|p2a: Ferrothorn
|
|upkeep
|
|t:|1665900837
|switch|p2a: Eternatus|Eternatus|100/100
|-ability|p2a: Eternatus|Pressure
|turn|22
|
|t:|1665900842
|move|p2a: Eternatus|Sludge Bomb|p1a: Xerneas
|-supereffective|p1a: Xerneas
|-damage|p1a: Xerneas|0 fnt
|faint|p1a: Xerneas
|
|upkeep
|
|t:|1665900853
|switch|p1a: Zeraora|Zeraora, shiny|100/100
|-damage|p1a: Zeraora|88/100|[from] Stealth Rock
|turn|23
|
|t:|1665900859
|move|p1a: Zeraora|Play Rough|p2a: Eternatus
|-damage|p2a: Eternatus|76/100
|move|p2a: Eternatus|Dynamax Cannon|p1a: Zeraora
|-damage|p1a: Zeraora|0 fnt
|faint|p1a: Zeraora
|
|upkeep
|
|t:|1665900867
|switch|p1a: Calyrex|Calyrex-Shadow|100/100
|-ability|p1a: Calyrex|As One
|-ability|p1a: Calyrex|Unnerve
|-damage|p1a: Calyrex|88/100|[from] Stealth Rock
|turn|24
|
|t:|1665900876
|move|p1a: Calyrex|Astral Barrage|p2a: Eternatus
|-damage|p2a: Eternatus|12/100
|move|p2a: Eternatus|Dynamax Cannon|p1a: Calyrex
|-damage|p1a: Calyrex|18/100
|
|upkeep
|turn|25
|inactive|Bipin Khanal has 270 seconds left.
|c|☆Bipin Khanal|You fucking bitch
|c|☆Steel016|lol
|inactive|Bipin Khanal has 240 seconds left.
|inactive|Bipin Khanal has 210 seconds left.
|inactive|Bipin Khanal has 180 seconds left.
|c|☆Steel016|keeping calyrex till end means free ko for me thanks to marshadow, you are just stupid
|inactive|Bipin Khanal has 150 seconds left.
|inactive|Bipin Khanal has 120 seconds left.
|inactive|Bipin Khanal has 90 seconds left.
|inactive|Bipin Khanal has 60 seconds left.
|inactive|Bipin Khanal has 30 seconds left.
|inactive|Bipin Khanal has 20 seconds left.
|inactive|Bipin Khanal has 15 seconds left.
|inactive|Bipin Khanal has 10 seconds left.
|inactive|Bipin Khanal has 5 seconds left.
|-message|Bipin Khanal lost due to inactivity.
|
|win|Steel016
|l|☆Steel016
|j|☆Steel016
|player|p2|Steel016|n
