|raw|<div class="broadcast-blue"><strong>This battle is required to be public due to a player having a name starting with 'ULT8RQ'.</div>
|j|☆ULT8RQ RoyalCheese
|j|‽ult8rq qian
|t:|1621099995
|gametype|singles
|player|p1|ULT8RQ RoyalCheese|1|1592
|player|p2|ult8rq qian|1|1708
|teamsize|p1|6
|teamsize|p2|6
|gen|8
|tier|[Gen 8] Ubers
|rated|
|rule|Sleep Clause Mod: Limit one foe put to sleep
|rule|Species Clause: Limit one of each Pokémon
|rule|OHKO Clause: OHKO moves are banned
|rule|Evasion Moves Clause: Evasion moves are banned
|rule|Endless Battle Clause: Forcing endless battles is banned
|rule|HP Percentage Mod: HP is shown in percentages
|rule|Dynamax Clause: You cannot dynamax
|clearpoke
|poke|p1|Shuckle, F|
|poke|p1|Regieleki|
|poke|p1|Kyogre|
|poke|p1|Yveltal|
|poke|p1|Necrozma-Dusk-Mane|
|poke|p1|Calyrex-Shadow|
|poke|p2|Necrozma-Dusk-Mane|
|poke|p2|Zygarde|
|poke|p2|Zacian-*|
|poke|p2|Ho-Oh|
|poke|p2|Yveltal|
|poke|p2|Eternatus|
|teampreview
|inactive|Battle timer is ON: inactive players will automatically lose when time's up. (requested by ULT8RQ RoyalCheese)
|
|t:|1621100007
|start
|switch|p1a: Shuckle|Shuckle, F|100/100
|switch|p2a: Ho-Oh|Ho-Oh|100/100
|turn|1
|
|t:|1621100014
|move|p2a: Ho-Oh|Sacred Fire|p1a: Shuckle
|-damage|p1a: Shuckle|73/100
|move|p1a: Shuckle|Encore|p2a: Ho-Oh
|-start|p2a: Ho-Oh|Encore
|
|upkeep
|turn|2
|j| ULT8RQ Fog
|
|t:|1621100018
|move|p2a: Ho-Oh|Sacred Fire|p1a: Shuckle
|-damage|p1a: Shuckle|46/100
|-status|p1a: Shuckle|brn
|move|p1a: Shuckle|Sticky Web|p2a: Ho-Oh
|-sidestart|p2: ult8rq qian|move: Sticky Web
|
|-damage|p1a: Shuckle|40/100 brn|[from] brn
|upkeep
|turn|3
|j| ULT8RQ Curse
|
|t:|1621100026
|switch|p2a: Yveltal|Yveltal|100/100
|-ability|p2a: Yveltal|Dark Aura
|move|p1a: Shuckle|Stealth Rock|p2a: Yveltal
|-sidestart|p2: ult8rq qian|move: Stealth Rock
|
|-damage|p1a: Shuckle|33/100 brn|[from] brn
|upkeep
|turn|4
|
|t:|1621100029
|move|p2a: Yveltal|Defog|p1a: Shuckle
|-unboost|p1a: Shuckle|evasion|1
|-sideend|p2: ult8rq qian|Stealth Rock|[from] move: Defog|[of] p2a: Yveltal
|-sideend|p2: ult8rq qian|Sticky Web|[from] move: Defog|[of] p2a: Yveltal
|move|p1a: Shuckle|Encore|p2a: Yveltal
|-start|p2a: Yveltal|Encore
|
|-damage|p1a: Shuckle|27/100 brn|[from] brn
|upkeep
|turn|5
|
|t:|1621100035
|switch|p2a: Ho-Oh|Ho-Oh|100/100
|move|p1a: Shuckle|Stealth Rock|p2a: Ho-Oh
|-sidestart|p2: ult8rq qian|move: Stealth Rock
|
|-damage|p1a: Shuckle|21/100 brn|[from] brn
|upkeep
|turn|6
|
|t:|1621100039
|switch|p1a: Kyogre|Kyogre|100/100
|-weather|RainDance|[from] ability: Drizzle|[of] p1a: Kyogre
|move|p2a: Ho-Oh|Defog|p1a: Kyogre
|-unboost|p1a: Kyogre|evasion|1
|-sideend|p2: ult8rq qian|Stealth Rock|[from] move: Defog|[of] p2a: Ho-Oh
|
|-weather|RainDance|[upkeep]
|upkeep
|turn|7
|
|t:|1621100042
|switch|p2a: Eternatus|Eternatus|100/100
|-ability|p2a: Eternatus|Pressure
|move|p1a: Kyogre|Ice Beam|p2a: Eternatus
|-supereffective|p2a: Eternatus
|-damage|p2a: Eternatus|41/100
|
|-weather|RainDance|[upkeep]
|-heal|p2a: Eternatus|47/100|[from] item: Black Sludge
|upkeep
|turn|8
|
|t:|1621100054
|switch|p1a: Calyrex|Calyrex-Shadow|100/100
|-ability|p1a: Calyrex|As One
|-ability|p1a: Calyrex|Unnerve
|move|p2a: Eternatus|Recover|p2a: Eternatus
|-heal|p2a: Eternatus|97/100
|
|-weather|RainDance|[upkeep]
|-heal|p2a: Eternatus|100/100|[from] item: Black Sludge
|upkeep
|turn|9
|j| fardin
|
|t:|1621100061
|switch|p2a: Yveltal|Yveltal|100/100
|-ability|p2a: Yveltal|Dark Aura
|move|p1a: Calyrex|Nasty Plot|p1a: Calyrex
|-boost|p1a: Calyrex|spa|2
|
|-weather|RainDance|[upkeep]
|upkeep
|turn|10
|
|t:|1621100065
|move|p1a: Calyrex|Draining Kiss|p2a: Yveltal
|-supereffective|p2a: Yveltal
|-damage|p2a: Yveltal|39/100
|move|p2a: Yveltal|Foul Play|p1a: Calyrex
|-supereffective|p1a: Calyrex
|-enditem|p1a: Calyrex|Focus Sash
|-damage|p1a: Calyrex|1/100
|
|-weather|none
|upkeep
|turn|11
|
|t:|1621100070
|switch|p2a: Ho-Oh|Ho-Oh|100/100
|move|p1a: Calyrex|Draining Kiss|p2a: Ho-Oh
|-resisted|p2a: Ho-Oh
|-damage|p2a: Ho-Oh|89/100
|-heal|p1a: Calyrex|11/100|[from] drain|[of] p2a: Ho-Oh
|
|upkeep
|turn|12
|
|t:|1621100077
|move|p1a: Calyrex|Astral Barrage|p2a: Ho-Oh
|-damage|p2a: Ho-Oh|15/100
|move|p2a: Ho-Oh|Sacred Fire|p1a: Calyrex
|-damage|p1a: Calyrex|0 fnt
|faint|p1a: Calyrex
|
|upkeep
|
|t:|1621100084
|switch|p1a: Yveltal|Yveltal|100/100
|-ability|p1a: Yveltal|Dark Aura
|turn|13
|
|t:|1621100087
|switch|p2a: Zacian|Zacian|100/100
|-ability|p2a: Zacian|Intrepid Sword|boost
|-boost|p2a: Zacian|atk|1
|move|p1a: Yveltal|Oblivion Wing|p2a: Zacian
|-damage|p2a: Zacian|54/100
|-damage|p1a: Yveltal|91/100|[from] item: Life Orb
|
|upkeep
|turn|14
|
|t:|1621100095
|switch|p1a: Shuckle|Shuckle, F|21/100 brn
|move|p2a: Zacian|Close Combat|p1a: Shuckle
|-damage|p1a: Shuckle|0 fnt
|-unboost|p2a: Zacian|def|1
|-unboost|p2a: Zacian|spd|1
|faint|p1a: Shuckle
|
|upkeep
|
|t:|1621100106
|switch|p1a: Regieleki|Regieleki|100/100
|turn|15
|
|t:|1621100115
|switch|p1a: Kyogre|Kyogre|100/100
|-weather|RainDance|[from] ability: Drizzle|[of] p1a: Kyogre
|switch|p2a: Necrozma|Necrozma-Dusk-Mane|100/100
|
|-weather|RainDance|[upkeep]
|upkeep
|turn|16
|
|t:|1621100120
|switch|p2a: Eternatus|Eternatus|100/100
|-ability|p2a: Eternatus|Pressure
|move|p1a: Kyogre|Water Spout|p2a: Eternatus
|-resisted|p2a: Eternatus
|-damage|p2a: Eternatus|49/100
|
|-weather|RainDance|[upkeep]
|-heal|p2a: Eternatus|55/100|[from] item: Black Sludge
|upkeep
|turn|17
|
|t:|1621100127
|switch|p1a: Necrozma|Necrozma-Dusk-Mane|100/100
|move|p2a: Eternatus|Toxic Spikes|p1a: Necrozma
|-sidestart|p1: ULT8RQ RoyalCheese|move: Toxic Spikes
|
|-weather|RainDance|[upkeep]
|-heal|p2a: Eternatus|61/100|[from] item: Black Sludge
|upkeep
|turn|18
|j| Luna's Bann3d N0w
|j| mattlugia
|
|t:|1621100141
|switch|p2a: Zygarde|Zygarde|100/100
|move|p1a: Necrozma|Dragon Dance|p1a: Necrozma
|-boost|p1a: Necrozma|atk|1
|-boost|p1a: Necrozma|spe|1
|
|-weather|RainDance|[upkeep]
|upkeep
|turn|19
|
|t:|1621100151
|move|p1a: Necrozma|Dragon Dance|p1a: Necrozma
|-boost|p1a: Necrozma|atk|1
|-boost|p1a: Necrozma|spe|1
|move|p2a: Zygarde|Glare|p1a: Necrozma
|-status|p1a: Necrozma|par
|
|-weather|none
|upkeep
|turn|20
|
|t:|1621100157
|move|p2a: Zygarde|Coil|p2a: Zygarde
|-boost|p2a: Zygarde|atk|1
|-boost|p2a: Zygarde|def|1
|-boost|p2a: Zygarde|accuracy|1
|move|p1a: Necrozma|Dragon Dance|p1a: Necrozma
|-boost|p1a: Necrozma|atk|1
|-boost|p1a: Necrozma|spe|1
|
|upkeep
|turn|21
|l| mattlugia
|
|t:|1621100161
|move|p1a: Necrozma|Sunsteel Strike|p2a: Zygarde
|-damage|p2a: Zygarde|30/100
|-damage|p1a: Necrozma|91/100 par|[from] item: Life Orb
|move|p2a: Zygarde|Coil|p2a: Zygarde
|-boost|p2a: Zygarde|atk|1
|-boost|p2a: Zygarde|def|1
|-boost|p2a: Zygarde|accuracy|1
|
|-heal|p2a: Zygarde|37/100|[from] item: Leftovers
|-activate|p2a: Zygarde|ability: Power Construct
|detailschange|p2a: Zygarde|Zygarde-Complete
|-heal|p2a: Zygarde|59/100|[silent]
|upkeep
|turn|22
|
|t:|1621100172
|cant|p1a: Necrozma|par
|move|p2a: Zygarde|Thousand Arrows|p1a: Necrozma
|-supereffective|p1a: Necrozma
|-damage|p1a: Necrozma|21/100 par
|
|-heal|p2a: Zygarde|65/100|[from] item: Leftovers
|upkeep
|turn|23
|
|t:|1621100176
|move|p1a: Necrozma|Sunsteel Strike|p2a: Zygarde
|-damage|p2a: Zygarde|29/100
|-damage|p1a: Necrozma|11/100 par|[from] item: Life Orb
|move|p2a: Zygarde|Thousand Arrows|p1a: Necrozma
|-supereffective|p1a: Necrozma
|-damage|p1a: Necrozma|0 fnt
|faint|p1a: Necrozma
|
|-heal|p2a: Zygarde|35/100|[from] item: Leftovers
|upkeep
|
|t:|1621100204
|switch|p1a: Yveltal|Yveltal|91/100
|-ability|p1a: Yveltal|Dark Aura
|turn|24
|
|t:|1621100209
|switch|p2a: Yveltal|Yveltal|39/100
|-ability|p2a: Yveltal|Dark Aura
|move|p1a: Yveltal|Dark Pulse|p2a: Yveltal
|-resisted|p2a: Yveltal
|-crit|p2a: Yveltal
|-damage|p2a: Yveltal|0 fnt
|faint|p2a: Yveltal
|-damage|p1a: Yveltal|81/100|[from] item: Life Orb
|
|upkeep
|
|t:|1621100211
|switch|p2a: Zacian|Zacian|54/100
|-ability|p2a: Zacian|Intrepid Sword|boost
|-boost|p2a: Zacian|atk|1
|turn|25
|inactive|ULT8RQ RoyalCheese has 120 seconds left.
|
|t:|1621100255
|switch|p1a: Kyogre|Kyogre|100/100
|-status|p1a: Kyogre|psn
|-weather|RainDance|[from] ability: Drizzle|[of] p1a: Kyogre
|move|p2a: Zacian|Wild Charge|p1a: Kyogre
|-supereffective|p1a: Kyogre
|-damage|p1a: Kyogre|0 fnt
|faint|p1a: Kyogre
|-damage|p2a: Zacian|28/100|[from] Recoil
|
|-weather|RainDance|[upkeep]
|upkeep
|
|t:|1621100257
|switch|p1a: Regieleki|Regieleki|100/100
|-status|p1a: Regieleki|psn
|turn|26
|
|t:|1621100260
|switch|p2a: Zygarde|Zygarde-Complete|35/100
|move|p1a: Regieleki|Assurance|p2a: Zygarde
|-damage|p2a: Zygarde|27/100
|-damage|p1a: Regieleki|91/100 psn|[from] item: Life Orb
|
|-weather|RainDance|[upkeep]
|-heal|p2a: Zygarde|33/100|[from] item: Leftovers
|-damage|p1a: Regieleki|78/100 psn|[from] psn
|upkeep
|turn|27
|j| ULT8RQ muk
|-message|ULT8RQ RoyalCheese forfeited.
|
|win|ult8rq qian
|raw|ULT8RQ RoyalCheese's rating: 1592 &rarr; <strong>1578</strong><br />(-14 for losing)
|raw|ult8rq qian's rating: 1708 &rarr; <strong>1722</strong><br />(+14 for winning)
|l|☆ULT8RQ RoyalCheese
|l|‽ult8rq qian
|l| fardin
|l| ULT8RQ Fog
|j| BasedWhat?
||Ladder isn't responding, score probably updated but might not have (Request timeout).
|l| BasedWhat?
|j| ULT8RQ HowToUbers
|l| Luna's Bann3d N0w
