|j|☆Black Shadow 666
|j|☆killer whale squa
|t:|1607621731
|player|p1|Black Shadow 666|unknown|1710
|player|p2|killer whale squa|dawn-gen4pt|1550
|teamsize|p1|6
|teamsize|p2|6
|gametype|singles
|gen|8
|tier|[Gen 8] Ubers
|rated|
|clearpoke
|poke|p1|Calyrex-Shadow|
|poke|p1|Ho-Oh|
|poke|p1|Zacian-Crowned|
|poke|p1|Zygarde|
|poke|p1|Kyogre|
|poke|p1|Yveltal|
|poke|p2|Yveltal|
|poke|p2|Giratina-Origin|
|poke|p2|Necrozma-Dusk-Mane|
|poke|p2|Eternatus|
|poke|p2|Zacian-Crowned|
|poke|p2|Xerneas|
|rule|Sleep Clause Mod: Limit one foe put to sleep
|rule|Species Clause: Limit one of each Pokémon
|rule|OHKO Clause: OHKO moves are banned
|rule|Evasion Moves Clause: Evasion moves are banned
|rule|Endless Battle Clause: Forcing endless battles is banned
|rule|HP Percentage Mod: HP is shown in percentages
|rule|Dynamax Clause: You cannot dynamax
|teampreview
|inactive|Battle timer is ON: inactive players will automatically lose when time's up. (requested by Black Shadow 666)
|
|t:|1607621750
|start
|switch|p1a: Yveltal|Yveltal|100/100
|switch|p2a: Yveltal|Yveltal|100/100
|-ability|p2a: Yveltal|Dark Aura
|-ability|p1a: Yveltal|Dark Aura
|turn|1
|
|t:|1607621766
|switch|p2a: Zacian|Zacian-Crowned|100/100
|-ability|p2a: Zacian|Intrepid Sword|boost
|-boost|p2a: Zacian|atk|1
|switch|p1a: Zacian|Zacian-Crowned|100/100
|-ability|p1a: Zacian|Intrepid Sword|boost
|-boost|p1a: Zacian|atk|1
|
|upkeep
|turn|2
|inactive|killer whale squa has 120 seconds left.
|
|t:|1607621810
|switch|p1a: Ho-Oh|Ho-Oh, shiny|100/100
|move|p2a: Zacian|Behemoth Blade|p1a: Ho-Oh
|-resisted|p1a: Ho-Oh
|-damage|p1a: Ho-Oh|70/100
|
|upkeep
|turn|3
|
|t:|1607621818
|switch|p1a: Zygarde|Zygarde, shiny|100/100
|move|p2a: Zacian|Wild Charge|p1a: Zygarde
|-immune|p1a: Zygarde
|
|upkeep
|turn|4
|inactive|killer whale squa has 120 seconds left.
|inactive|killer whale squa has 90 seconds left.
|inactive|killer whale squa has 60 seconds left.
|
|t:|1607621902
|move|p2a: Zacian|Play Rough|p1a: Zygarde
|-supereffective|p1a: Zygarde
|-damage|p1a: Zygarde|7/100
|-unboost|p1a: Zygarde|atk|1
|move|p1a: Zygarde|Glare|p2a: Zacian
|-status|p2a: Zacian|par
|
|-heal|p1a: Zygarde|13/100|[from] item: Leftovers
|-activate|p1a: Zygarde|ability: Power Construct
|detailschange|p1a: Zygarde|Zygarde-Complete, shiny
|-heal|p1a: Zygarde|43/100|[silent]
|upkeep
|turn|5
|j| Blackhole_vision
|inactive|Black Shadow 666 has 120 seconds left.
|
|t:|1607621939
|move|p1a: Zygarde|Thousand Arrows|p2a: Zacian
|-supereffective|p2a: Zacian
|-damage|p2a: Zacian|66/100 par
|move|p2a: Zacian|Play Rough|p1a: Zygarde
|-supereffective|p1a: Zygarde
|-damage|p1a: Zygarde|0 fnt
|faint|p1a: Zygarde
|
|upkeep
|
|t:|1607621949
|switch|p1a: Calyrex|Calyrex-Shadow|100/100
|-ability|p1a: Calyrex|As One
|-ability|p1a: Calyrex|Unnerve|p2: killer whale squa
|turn|6
|
|t:|1607621954
|switch|p2a: Yveltal|Yveltal|100/100
|-ability|p2a: Yveltal|Dark Aura
|move|p1a: Calyrex|Nasty Plot|p1a: Calyrex
|-boost|p1a: Calyrex|spa|2
|
|upkeep
|turn|7
|inactive|Black Shadow 666 has 120 seconds left.
|inactive|killer whale squa has 60 seconds left.
|
|t:|1607621991
|move|p1a: Calyrex|Draining Kiss|p2a: Yveltal
|-supereffective|p2a: Yveltal
|-crit|p2a: Yveltal
|-damage|p2a: Yveltal|28/100
|move|p2a: Yveltal|Foul Play|p1a: Calyrex
|-supereffective|p1a: Calyrex
|-enditem|p1a: Calyrex|Focus Sash
|-damage|p1a: Calyrex|1/100
|
|upkeep
|turn|8
|inactive|killer whale squa has 60 seconds left.
|
|t:|1607622001
|move|p2a: Yveltal|Sucker Punch|p1a: Calyrex
|-supereffective|p1a: Calyrex
|-damage|p1a: Calyrex|0 fnt
|faint|p1a: Calyrex
|
|upkeep
|inactive|Black Shadow 666 has 90 seconds left.
|
|t:|1607622022
|switch|p1a: Zacian|Zacian-Crowned|100/100
|-ability|p1a: Zacian|Intrepid Sword|boost
|-boost|p1a: Zacian|atk|1
|turn|9
|inactive|Black Shadow 666 has 90 seconds left.
|inactive|killer whale squa has 60 seconds left.
|
|t:|1607622053
|move|p1a: Zacian|Close Combat|p2a: Yveltal
|-crit|p2a: Yveltal
|-damage|p2a: Yveltal|0 fnt
|-unboost|p1a: Zacian|def|1
|-unboost|p1a: Zacian|spd|1
|faint|p2a: Yveltal
|
|upkeep
|
|t:|1607622060
|switch|p2a: Necrozma|Necrozma-Dusk-Mane|100/100
|turn|10
|inactive|Black Shadow 666 has 90 seconds left.
|
|t:|1607622077
|switch|p1a: Ho-Oh|Ho-Oh, shiny|100/100
|move|p2a: Necrozma|Thunder Wave|p1a: Ho-Oh
|-status|p1a: Ho-Oh|par
|
|upkeep
|turn|11
|inactive|killer whale squa has 30 seconds left.
|
|t:|1607622111
|move|p2a: Necrozma|Stealth Rock|p1a: Ho-Oh
|-sidestart|p1: Black Shadow 666|move: Stealth Rock
|move|p1a: Ho-Oh|Sacred Fire|p2a: Necrozma
|-supereffective|p2a: Necrozma
|-damage|p2a: Necrozma|67/100
|-status|p2a: Necrozma|brn
|
|-heal|p2a: Necrozma|73/100 brn|[from] item: Leftovers
|-damage|p2a: Necrozma|67/100 brn|[from] brn
|upkeep
|turn|12
|inactive|Black Shadow 666 has 90 seconds left.
|
|t:|1607622155
|move|p2a: Necrozma|Morning Sun|p2a: Necrozma
|-heal|p2a: Necrozma|100/100 brn
|move|p1a: Ho-Oh|Defog|p2a: Necrozma
|-unboost|p2a: Necrozma|evasion|1
|-sideend|p1: Black Shadow 666|Stealth Rock|[from] move: Defog|[of] p1a: Ho-Oh
|
|-damage|p2a: Necrozma|94/100 brn|[from] brn
|upkeep
|turn|13
|inactive|killer whale squa has 30 seconds left.
|j| skylink42
|
|t:|1607622178
|switch|p2a: Eternatus|Eternatus|100/100
|-ability|p2a: Eternatus|Pressure
|switch|p1a: Kyogre|Kyogre|100/100
|-weather|RainDance|[from] ability: Drizzle|[of] p1a: Kyogre
|
|-weather|RainDance|[upkeep]
|upkeep
|turn|14
|inactive|killer whale squa has 30 seconds left.
|inactive|killer whale squa has 20 seconds left.
|inactive|Black Shadow 666 has 60 seconds left.
|inactive|killer whale squa has 15 seconds left.
|inactive|killer whale squa has 10 seconds left.
|inactive|Black Shadow 666 has 30 seconds left.
|
|t:|1607622235
|switch|p1a: Ho-Oh|Ho-Oh, shiny|100/100 par
|move|p2a: Eternatus|Dynamax Cannon|p1a: Ho-Oh
|-damage|p1a: Ho-Oh|73/100 par
|
|-weather|RainDance|[upkeep]
|upkeep
|turn|15
|inactive|killer whale squa has 20 seconds left this turn.
|inactive|killer whale squa has 15 seconds left.
|l| skylink42
|
|t:|1607622244
|switch|p2a: Necrozma|Necrozma-Dusk-Mane|94/100 brn
|move|p1a: Ho-Oh|Sacred Fire|p2a: Necrozma
|-supereffective|p2a: Necrozma
|-damage|p2a: Necrozma|76/100 brn
|
|-weather|RainDance|[upkeep]
|-heal|p2a: Necrozma|82/100 brn|[from] item: Leftovers
|-damage|p2a: Necrozma|76/100 brn|[from] brn
|upkeep
|turn|16
|inactive|killer whale squa has 25 seconds left this turn.
|inactive|killer whale squa has 20 seconds left.
|inactive|killer whale squa has 15 seconds left.
|inactive|Black Shadow 666 has 30 seconds left.
|inactive|killer whale squa has 10 seconds left.
|
|t:|1607622265
|switch|p2a: Eternatus|Eternatus|100/100
|-ability|p2a: Eternatus|Pressure
|switch|p1a: Yveltal|Yveltal|100/100
|-ability|p1a: Yveltal|Dark Aura
|
|-weather|RainDance|[upkeep]
|upkeep
|turn|17
|inactive|killer whale squa has 20 seconds left this turn.
|inactive|killer whale squa has 15 seconds left.
|
|t:|1607622274
|move|p2a: Eternatus|Toxic|p1a: Yveltal
|-status|p1a: Yveltal|tox
|move|p1a: Yveltal|Knock Off|p2a: Eternatus
|-damage|p2a: Eternatus|47/100
|-enditem|p2a: Eternatus|Black Sludge|[from] move: Knock Off|[of] p1a: Yveltal
|-damage|p1a: Yveltal|91/100 tox|[from] item: Life Orb
|
|-weather|none
|-damage|p1a: Yveltal|84/100 tox|[from] psn
|upkeep
|turn|18
|inactive|killer whale squa has 25 seconds left this turn.
|inactive|killer whale squa has 20 seconds left.
|
|t:|1607622286
|switch|p1a: Zacian|Zacian-Crowned|100/100
|-ability|p1a: Zacian|Intrepid Sword|boost
|-boost|p1a: Zacian|atk|1
|move|p2a: Eternatus|Recover|p2a: Eternatus
|-heal|p2a: Eternatus|97/100
|
|upkeep
|turn|19
|inactive|killer whale squa has 30 seconds left this turn.
|
|t:|1607622301
|switch|p1a: Yveltal|Yveltal|84/100 tox
|-ability|p1a: Yveltal|Dark Aura
|switch|p2a: Necrozma|Necrozma-Dusk-Mane|76/100 brn
|
|-heal|p2a: Necrozma|82/100 brn|[from] item: Leftovers
|-damage|p1a: Yveltal|78/100 tox|[from] psn
|-damage|p2a: Necrozma|76/100 brn|[from] brn
|upkeep
|turn|20
|inactive|killer whale squa has 30 seconds left.
|inactive|killer whale squa has 20 seconds left.
|
|t:|1607622317
|switch|p2a: Zacian|Zacian-Crowned|66/100 par
|-ability|p2a: Zacian|Intrepid Sword|boost
|-boost|p2a: Zacian|atk|1
|move|p1a: Yveltal|Dark Pulse|p2a: Zacian
|-resisted|p2a: Zacian
|-damage|p2a: Zacian|35/100 par
|-damage|p1a: Yveltal|68/100 tox|[from] item: Life Orb
|
|-damage|p1a: Yveltal|56/100 tox|[from] psn
|upkeep
|turn|21
|inactive|killer whale squa has 30 seconds left this turn.
|inactive|killer whale squa has 20 seconds left.
|inactive|killer whale squa has 15 seconds left.
|
|t:|1607622333
|switch|p1a: Ho-Oh|Ho-Oh, shiny|100/100 par
|move|p2a: Zacian|Wild Charge|p1a: Ho-Oh
|-supereffective|p1a: Ho-Oh
|-damage|p1a: Ho-Oh|15/100 par
|-damage|p2a: Zacian|10/100 par|[from] Recoil
|
|upkeep
|turn|22
|inactive|killer whale squa has 25 seconds left this turn.
|inactive|killer whale squa has 20 seconds left.
|inactive|killer whale squa has 15 seconds left.
|inactive|killer whale squa has 10 seconds left.
|
|t:|1607622349
|switch|p1a: Yveltal|Yveltal|56/100 tox
|-ability|p1a: Yveltal|Dark Aura
|move|p2a: Zacian|Behemoth Blade|p1a: Yveltal
|-damage|p1a: Yveltal|0 fnt
|faint|p1a: Yveltal
|
|upkeep
|inactive|killer whale squa has 15 seconds left this turn.
|
|t:|1607622362
|switch|p1a: Kyogre|Kyogre|100/100
|-weather|RainDance|[from] ability: Drizzle|[of] p1a: Kyogre
|turn|23
|inactive|killer whale squa has 25 seconds left this turn.
|inactive|killer whale squa has 20 seconds left.
|
|t:|1607622370
|move|p1a: Kyogre|Water Spout|p2a: Zacian
|-damage|p2a: Zacian|0 fnt
|faint|p2a: Zacian
|
|-weather|RainDance|[upkeep]
|upkeep
|inactive|killer whale squa has 25 seconds left this turn.
|
|t:|1607622375
|switch|p2a: Eternatus|Eternatus|97/100
|-ability|p2a: Eternatus|Pressure
|turn|24
|inactive|killer whale squa has 30 seconds left.
|inactive|killer whale squa has 20 seconds left.
|inactive|killer whale squa has 15 seconds left.
|inactive|killer whale squa has 10 seconds left.
|
|t:|1607622400
|switch|p1a: Ho-Oh|Ho-Oh, shiny|48/100 par
|move|p2a: Eternatus|Recover|p2a: Eternatus
|-heal|p2a: Eternatus|100/100
|
|-weather|RainDance|[upkeep]
|upkeep
|turn|25
|inactive|killer whale squa has 20 seconds left this turn.
|inactive|killer whale squa has 15 seconds left.
|
|t:|1607622410
|switch|p2a: Necrozma|Necrozma-Dusk-Mane|76/100 brn
|move|p1a: Ho-Oh|Roost|p1a: Ho-Oh
|-heal|p1a: Ho-Oh|98/100 par
|-singleturn|p1a: Ho-Oh|move: Roost
|
|-weather|RainDance|[upkeep]
|-heal|p2a: Necrozma|82/100 brn|[from] item: Leftovers
|-damage|p2a: Necrozma|76/100 brn|[from] brn
|upkeep
|turn|26
|inactive|killer whale squa has 25 seconds left this turn.
|j| sakilo
|inactive|killer whale squa has 20 seconds left.
|
|t:|1607622424
|move|p2a: Necrozma|Stealth Rock|p1a: Ho-Oh
|-sidestart|p1: Black Shadow 666|move: Stealth Rock
|cant|p1a: Ho-Oh|par
|
|-weather|RainDance|[upkeep]
|-heal|p2a: Necrozma|82/100 brn|[from] item: Leftovers
|-damage|p2a: Necrozma|76/100 brn|[from] brn
|upkeep
|turn|27
|inactive|killer whale squa has 30 seconds left this turn.
|inactive|killer whale squa has 20 seconds left.
|inactive|killer whale squa has 15 seconds left.
|
|t:|1607622442
|move|p2a: Necrozma|Morning Sun|p2a: Necrozma
|-heal|p2a: Necrozma|100/100 brn
|move|p1a: Ho-Oh|Defog|p2a: Necrozma
|-unboost|p2a: Necrozma|evasion|1
|-sideend|p1: Black Shadow 666|Stealth Rock|[from] move: Defog|[of] p1a: Ho-Oh
|
|-weather|none
|-damage|p2a: Necrozma|94/100 brn|[from] brn
|upkeep
|turn|28
|inactive|killer whale squa has 25 seconds left this turn.
|
|t:|1607622446
|move|p2a: Necrozma|Stealth Rock|p1a: Ho-Oh
|-sidestart|p1: Black Shadow 666|move: Stealth Rock
|move|p1a: Ho-Oh|Sacred Fire|p2a: Necrozma
|-supereffective|p2a: Necrozma
|-damage|p2a: Necrozma|62/100 brn
|
|-heal|p2a: Necrozma|68/100 brn|[from] item: Leftovers
|-damage|p2a: Necrozma|62/100 brn|[from] brn
|upkeep
|turn|29
|inactive|killer whale squa has 30 seconds left.
|
|t:|1607622456
|move|p2a: Necrozma|Thunder Wave|p1a: Ho-Oh
|-fail|p1a: Ho-Oh|par
|move|p1a: Ho-Oh|Defog|p2a: Necrozma
|-unboost|p2a: Necrozma|evasion|1
|-sideend|p1: Black Shadow 666|Stealth Rock|[from] move: Defog|[of] p1a: Ho-Oh
|
|-heal|p2a: Necrozma|68/100 brn|[from] item: Leftovers
|-damage|p2a: Necrozma|62/100 brn|[from] brn
|upkeep
|turn|30
|inactive|killer whale squa has 30 seconds left.
|
|t:|1607622463
|switch|p1a: Kyogre|Kyogre|100/100
|-weather|RainDance|[from] ability: Drizzle|[of] p1a: Kyogre
|move|p2a: Necrozma|Thunder Wave|p1a: Kyogre|[miss]
|-miss|p2a: Necrozma|p1a: Kyogre
|
|-weather|RainDance|[upkeep]
|-heal|p2a: Necrozma|68/100 brn|[from] item: Leftovers
|-damage|p2a: Necrozma|62/100 brn|[from] brn
|upkeep
|turn|31
|inactive|killer whale squa has 30 seconds left.
|inactive|killer whale squa has 20 seconds left.
|inactive|Black Shadow 666 has 90 seconds left.
|
|t:|1607622492
|move|p1a: Kyogre|Ice Beam|p2a: Necrozma
|-resisted|p2a: Necrozma
|-damage|p2a: Necrozma|46/100 brn
|move|p2a: Necrozma|Thunder Wave|p1a: Kyogre
|-status|p1a: Kyogre|par
|
|-weather|RainDance|[upkeep]
|-heal|p2a: Necrozma|52/100 brn|[from] item: Leftovers
|-damage|p2a: Necrozma|46/100 brn|[from] brn
|upkeep
|turn|32
|inactive|killer whale squa has 30 seconds left this turn.
|inactive|killer whale squa has 20 seconds left.
|l| sakilo
|inactive|killer whale squa has 15 seconds left.
|inactive|killer whale squa has 10 seconds left.
|
|t:|1607622513
|switch|p1a: Ho-Oh|Ho-Oh, shiny|100/100 par
|move|p2a: Necrozma|Stealth Rock|p1a: Ho-Oh
|-sidestart|p1: Black Shadow 666|move: Stealth Rock
|
|-weather|RainDance|[upkeep]
|-heal|p2a: Necrozma|52/100 brn|[from] item: Leftovers
|-damage|p2a: Necrozma|46/100 brn|[from] brn
|upkeep
|turn|33
|inactive|killer whale squa has 20 seconds left this turn.
|inactive|killer whale squa has 15 seconds left.
|
|t:|1607622519
|move|p2a: Necrozma|Morning Sun|p2a: Necrozma
|-heal|p2a: Necrozma|71/100 brn
|cant|p1a: Ho-Oh|par
|
|-weather|RainDance|[upkeep]
|-heal|p2a: Necrozma|77/100 brn|[from] item: Leftovers
|-damage|p2a: Necrozma|71/100 brn|[from] brn
|upkeep
|turn|34
|inactive|killer whale squa has 25 seconds left this turn.
|inactive|killer whale squa has 20 seconds left.
|j| A3720
|
|t:|1607622528
|move|p2a: Necrozma|Morning Sun|p2a: Necrozma
|-heal|p2a: Necrozma|95/100 brn
|cant|p1a: Ho-Oh|par
|
|-weather|none
|-heal|p2a: Necrozma|100/100 brn|[from] item: Leftovers
|-damage|p2a: Necrozma|94/100 brn|[from] brn
|upkeep
|turn|35
|inactive|killer whale squa has 30 seconds left this turn.
|inactive|killer whale squa has 20 seconds left.
|inactive|killer whale squa has 15 seconds left.
|inactive|killer whale squa has 10 seconds left.
|inactive|killer whale squa has 5 seconds left.
|
|t:|1607622554
|switch|p2a: Eternatus|Eternatus|100/100
|-ability|p2a: Eternatus|Pressure
|cant|p1a: Ho-Oh|par
|
|upkeep
|turn|36
|inactive|killer whale squa has 15 seconds left this turn.
|inactive|killer whale squa has 10 seconds left.
|
|t:|1607622560
|move|p2a: Eternatus|Dynamax Cannon|p1a: Ho-Oh
|-damage|p1a: Ho-Oh|72/100 par
|cant|p1a: Ho-Oh|par
|
|upkeep
|turn|37
|inactive|killer whale squa has 20 seconds left this turn.
|inactive|killer whale squa has 15 seconds left.
|inactive|killer whale squa has 10 seconds left.
|
|t:|1607622573
|switch|p2a: Xerneas|Xerneas|100/100
|-ability|p2a: Xerneas|Fairy Aura
|move|p1a: Ho-Oh|Roost|p1a: Ho-Oh
|-heal|p1a: Ho-Oh|100/100 par
|-singleturn|p1a: Ho-Oh|move: Roost
|
|upkeep
|turn|38
|inactive|killer whale squa has 20 seconds left this turn.
|inactive|killer whale squa has 15 seconds left.
|
|t:|1607622582
|move|p2a: Xerneas|Substitute|p2a: Xerneas
|-start|p2a: Xerneas|Substitute
|-damage|p2a: Xerneas|76/100
|move|p1a: Ho-Oh|Sacred Fire|p2a: Xerneas
|-end|p2a: Xerneas|Substitute
|
|upkeep
|turn|39
|inactive|killer whale squa has 25 seconds left this turn.
|inactive|killer whale squa has 20 seconds left.
|
|t:|1607622590
|switch|p1a: Zacian|Zacian-Crowned|100/100
|-damage|p1a: Zacian|94/100|[from] Stealth Rock
|-ability|p1a: Zacian|Intrepid Sword|boost
|-boost|p1a: Zacian|atk|1
|move|p2a: Xerneas|Substitute|p2a: Xerneas
|-start|p2a: Xerneas|Substitute
|-damage|p2a: Xerneas|51/100
|
|upkeep
|turn|40
|inactive|killer whale squa has 30 seconds left this turn.
|inactive|killer whale squa has 20 seconds left.
|
|t:|1607622603
|move|p1a: Zacian|Behemoth Blade|p2a: Xerneas
|-supereffective|p2a: Xerneas
|-end|p2a: Xerneas|Substitute
|move|p2a: Xerneas|Geomancy||[still]
|-prepare|p2a: Xerneas|Geomancy
|-enditem|p2a: Xerneas|Power Herb
|-anim|p2a: Xerneas|Geomancy|p2a: Xerneas
|-boost|p2a: Xerneas|spa|2
|-boost|p2a: Xerneas|spd|2
|-boost|p2a: Xerneas|spe|2
|
|upkeep
|turn|41
|inactive|killer whale squa has 30 seconds left this turn.
|inactive|killer whale squa has 20 seconds left.
|inactive|killer whale squa has 15 seconds left.
|inactive|killer whale squa has 10 seconds left.
|
|t:|1607622624
|move|p2a: Xerneas|Thunder|p1a: Zacian
|-damage|p1a: Zacian|16/100
|move|p1a: Zacian|Behemoth Blade|p2a: Xerneas
|-supereffective|p2a: Xerneas
|-damage|p2a: Xerneas|0 fnt
|faint|p2a: Xerneas
|
|upkeep
|inactive|killer whale squa has 15 seconds left this turn.
|inactive|killer whale squa has 10 seconds left.
|
|t:|1607622630
|switch|p2a: Giratina|Giratina-Origin|100/100
|turn|42
|inactive|killer whale squa has 20 seconds left this turn.
|
|t:|1607622634
|switch|p1a: Ho-Oh|Ho-Oh, shiny|100/100 par
|move|p2a: Giratina|Shadow Sneak|p1a: Ho-Oh
|-damage|p1a: Ho-Oh|85/100 par
|
|upkeep
|turn|43
|inactive|killer whale squa has 30 seconds left this turn.
|
|t:|1607622644
|switch|p2a: Eternatus|Eternatus|100/100
|-ability|p2a: Eternatus|Pressure
|cant|p1a: Ho-Oh|par
|
|upkeep
|turn|44
|inactive|killer whale squa has 30 seconds left.
|
|t:|1607622650
|move|p2a: Eternatus|Flamethrower|p1a: Ho-Oh
|-resisted|p1a: Ho-Oh
|-damage|p1a: Ho-Oh|78/100 par
|move|p1a: Ho-Oh|Defog|p2a: Eternatus
|-unboost|p2a: Eternatus|evasion|1
|-sideend|p1: Black Shadow 666|Stealth Rock|[from] move: Defog|[of] p1a: Ho-Oh
|
|upkeep
|turn|45
|inactive|killer whale squa has 30 seconds left.
|
|t:|1607622669
|move|p2a: Eternatus|Toxic||[still]
|-fail|p2a: Eternatus
|move|p1a: Ho-Oh|Sacred Fire|p2a: Eternatus
|-resisted|p2a: Eternatus
|-damage|p2a: Eternatus|87/100
|-status|p2a: Eternatus|brn
|
|-damage|p2a: Eternatus|81/100 brn|[from] brn
|upkeep
|turn|46
|inactive|killer whale squa has 30 seconds left.
|inactive|killer whale squa has 20 seconds left.
|
|t:|1607622685
|switch|p2a: Giratina|Giratina-Origin|100/100
|move|p1a: Ho-Oh|Defog|p2a: Giratina
|-unboost|p2a: Giratina|evasion|1
|
|upkeep
|turn|47
|inactive|killer whale squa has 30 seconds left this turn.
|
|t:|1607622692
|move|p2a: Giratina|Poltergeist|p1a: Ho-Oh
|-activate|p1a: Ho-Oh|move: Poltergeist|Heavy-Duty Boots
|-damage|p1a: Ho-Oh|34/100 par
|move|p1a: Ho-Oh|Toxic|p2a: Giratina
|-status|p2a: Giratina|tox
|
|-damage|p2a: Giratina|94/100 tox|[from] psn
|upkeep
|turn|48
|inactive|killer whale squa has 30 seconds left.
|inactive|Black Shadow 666 has 120 seconds left.
|
|t:|1607622734
|switch|p1a: Zacian|Zacian-Crowned|16/100
|-ability|p1a: Zacian|Intrepid Sword|boost
|-boost|p1a: Zacian|atk|1
|move|p2a: Giratina|Poltergeist|p1a: Zacian
|-activate|p1a: Zacian|move: Poltergeist|Rusted Sword
|-damage|p1a: Zacian|0 fnt
|faint|p1a: Zacian
|
|-damage|p2a: Giratina|82/100 tox|[from] psn
|upkeep
|
|t:|1607622736
|switch|p1a: Ho-Oh|Ho-Oh, shiny|67/100 par
|turn|49
|inactive|Black Shadow 666 has 120 seconds left.
|inactive|killer whale squa has 30 seconds left.
|
|t:|1607622757
|move|p2a: Giratina|Draco Meteor|p1a: Ho-Oh
|-damage|p1a: Ho-Oh|28/100 par
|-unboost|p2a: Giratina|spa|2
|cant|p1a: Ho-Oh|par
|
|-damage|p2a: Giratina|64/100 tox|[from] psn
|upkeep
|turn|50
|inactive|killer whale squa has 30 seconds left.
|
|t:|1607622764
|switch|p1a: Kyogre|Kyogre|100/100 par
|-weather|RainDance|[from] ability: Drizzle|[of] p1a: Kyogre
|move|p2a: Giratina|Poltergeist|p1a: Kyogre
|-activate|p1a: Kyogre|move: Poltergeist|Choice Scarf
|-damage|p1a: Kyogre|24/100 par
|
|-weather|RainDance|[upkeep]
|-damage|p2a: Giratina|39/100 tox|[from] psn
|upkeep
|turn|51
|inactive|killer whale squa has 30 seconds left.
|
|t:|1607622779
|switch|p1a: Ho-Oh|Ho-Oh, shiny|61/100 par
|move|p2a: Giratina|Shadow Sneak|p1a: Ho-Oh
|-damage|p1a: Ho-Oh|45/100 par
|
|-weather|RainDance|[upkeep]
|-damage|p2a: Giratina|9/100 tox|[from] psn
|upkeep
|turn|52
|l| A3720
|
|t:|1607622794
|move|p2a: Giratina|Poltergeist|p1a: Ho-Oh
|-activate|p1a: Ho-Oh|move: Poltergeist|Heavy-Duty Boots
|-damage|p1a: Ho-Oh|0 fnt
|faint|p1a: Ho-Oh
|
|-weather|RainDance|[upkeep]
|-damage|p2a: Giratina|0 fnt|[from] psn
|faint|p2a: Giratina
|upkeep
|-message|Black Shadow 666 forfeited.
|
|win|killer whale squa
|l|☆Black Shadow 666
|l| Blackhole_vision
|c|☆killer whale squa|gg
|l|☆killer whale squa
||Ladder (probably) updated, but score could not be retrieved (Request timeout).
|j|☆killer whale squa
|player|p2|killer whale squa|dawn-gen4pt
