|j|☆Rell27
|j|☆Olvaster
|t:|1604035819
|player|p1|Rell27|2|1572
|player|p2|Olvaster|101|1521
|teamsize|p1|6
|teamsize|p2|6
|gametype|singles
|gen|8
|tier|[Gen 8] Ubers
|rated|
|clearpoke
|poke|p1|Zacian-Crowned|
|poke|p1|Eternatus|
|poke|p1|Necrozma-Dusk-Mane|
|poke|p1|Calyrex-Shadow|
|poke|p1|Yveltal|
|poke|p1|Zygarde|
|poke|p2|Calyrex-Shadow|
|poke|p2|Yveltal|
|poke|p2|Palkia|
|poke|p2|Zacian-Crowned|
|poke|p2|Zygarde|
|poke|p2|Necrozma-Dusk-Mane|
|rule|Sleep Clause Mod: Limit one foe put to sleep
|rule|Species Clause: Limit one of each Pokémon
|rule|OHKO Clause: OHKO moves are banned
|rule|Evasion Moves Clause: Evasion moves are banned
|rule|Endless Battle Clause: Forcing endless battles is banned
|rule|HP Percentage Mod: HP is shown in percentages
|teampreview
|inactive|Battle timer is ON: inactive players will automatically lose when time's up. (requested by Olvaster)
|
|t:|1604035831
|start
|switch|p1a: Necrozma|Necrozma-Dusk-Mane|100/100
|switch|p2a: Zygarde|Zygarde|100/100
|turn|1
|
|t:|1604035841
|move|p2a: Zygarde|Substitute|p2a: Zygarde
|-start|p2a: Zygarde|Substitute
|-damage|p2a: Zygarde|76/100
|move|p1a: Necrozma|Stealth Rock|p2a: Zygarde
|-sidestart|p2: Olvaster|move: Stealth Rock
|
|-heal|p2a: Zygarde|82/100|[from] item: Leftovers
|upkeep
|turn|2
|
|t:|1604035852
|switch|p1a: Yveltal|Yveltal|100/100
|-ability|p1a: Yveltal|Dark Aura
|move|p2a: Zygarde|Glare|p1a: Yveltal
|-status|p1a: Yveltal|par
|
|-heal|p2a: Zygarde|88/100|[from] item: Leftovers
|upkeep
|turn|3
|
|t:|1604035857
|move|p2a: Zygarde|Thousand Arrows|p1a: Yveltal
|-damage|p1a: Yveltal|56/100 par
|-start|p1a: Yveltal|Smack Down
|move|p1a: Yveltal|Dark Pulse|p2a: Zygarde
|-end|p2a: Zygarde|Substitute
|-damage|p1a: Yveltal|46/100 par|[from] item: Life Orb
|
|-heal|p2a: Zygarde|94/100|[from] item: Leftovers
|upkeep
|turn|4
|
|t:|1604035865
|move|p2a: Zygarde|Thousand Arrows|p1a: Yveltal
|-damage|p1a: Yveltal|0 fnt
|faint|p1a: Yveltal
|
|-heal|p2a: Zygarde|99/100|[from] item: Leftovers
|upkeep
|
|t:|1604035877
|switch|p1a: Calyrex|Calyrex-Shadow|100/100
|-ability|p1a: Calyrex|As One
|-ability|p1a: Calyrex|Unnerve|p2: Olvaster
|turn|5
|
|t:|1604035880
|switch|p2a: Yveltal|Yveltal, shiny|100/100
|-ability|p2a: Yveltal|Dark Aura
|-start|p1a: Calyrex|Dynamax
|-heal|p1a: Calyrex|100/100|[silent]
|move|p1a: Calyrex|Max Starfall|p2a: Yveltal
|-supereffective|p2a: Yveltal
|-damage|p2a: Yveltal|39/100
|-fieldstart|move: Misty Terrain
|-damage|p1a: Calyrex|96/100|[from] item: Life Orb
|
|upkeep
|turn|6
|
|t:|1604035899
|switch|p2a: Necrozma|Necrozma-Dusk-Mane|100/100
|-damage|p2a: Necrozma|94/100|[from] Stealth Rock
|move|p1a: Calyrex|Max Phantasm|p2a: Necrozma
|-supereffective|p2a: Necrozma
|-damage|p2a: Necrozma|0 fnt
|-damage|p1a: Calyrex|91/100|[from] item: Life Orb
|faint|p2a: Necrozma
|-boost|p1a: Calyrex|spa|1
|
|upkeep
|
|t:|1604035915
|switch|p2a: Yveltal|Yveltal, shiny|39/100
|-ability|p2a: Yveltal|Dark Aura
|turn|7
|
|t:|1604035925
|move|p1a: Calyrex|Max Phantasm|p2a: Yveltal
|-resisted|p2a: Yveltal
|-damage|p2a: Yveltal|0 fnt
|-damage|p1a: Calyrex|86/100|[from] item: Life Orb
|faint|p2a: Yveltal
|-boost|p1a: Calyrex|spa|1
|
|-end|p1a: Calyrex|Dynamax
|-heal|p1a: Calyrex|86/100|[silent]
|upkeep
|
|t:|1604035927
|switch|p2a: Calyrex|Calyrex-Shadow|100/100
|-ability|p2a: Calyrex|As One
|-ability|p2a: Calyrex|Unnerve|p1: Rell27
|-damage|p2a: Calyrex|88/100|[from] Stealth Rock
|turn|8
|
|t:|1604035930
|move|p2a: Calyrex|Astral Barrage|p1a: Calyrex
|-supereffective|p1a: Calyrex
|-damage|p1a: Calyrex|0 fnt
|faint|p1a: Calyrex
|-boost|p2a: Calyrex|spa|1
|
|upkeep
|
|t:|1604035941
|switch|p1a: Zacian|Zacian-Crowned|100/100
|-ability|p1a: Zacian|Intrepid Sword|boost
|-boost|p1a: Zacian|atk|1
|turn|9
|
|t:|1604035944
|move|p2a: Calyrex|Astral Barrage|p1a: Zacian
|-damage|p1a: Zacian|0 fnt
|faint|p1a: Zacian
|-boost|p2a: Calyrex|spa|1
|
|-fieldend|Misty Terrain
|upkeep
|
|t:|1604035948
|switch|p1a: Zygarde|Zygarde|100/100
|turn|10
|j| josephgomes619
|
|t:|1604035954
|move|p2a: Calyrex|Astral Barrage|p1a: Zygarde
|-damage|p1a: Zygarde|0 fnt
|faint|p1a: Zygarde
|-boost|p2a: Calyrex|spa|1
|
|upkeep
|-message|Rell27 forfeited.
|
|win|Olvaster
|l|☆Rell27
|l|☆Olvaster
|raw|Rell27's rating: 1572 &rarr; <strong>1549</strong><br />(-23 for losing)
|raw|Olvaster's rating: 1521 &rarr; <strong>1544</strong><br />(+23 for winning)
