|j|☆yoalper
|j|☆Katakuri17
|inactive|Battle timer is ON: inactive players will automatically lose when time's up.
|t:|1634075542
|gametype|singles
|player|p1|yoalper|tate|
|player|p2|Katakuri17|riley|
|teamsize|p1|6
|teamsize|p2|6
|gen|8
|tier|[Gen 8] Ubers
|rated|Tournament battle
|rule|Sleep Clause Mod: Limit one foe put to sleep
|rule|Species Clause: Limit one of each Pokémon
|rule|OHKO Clause: OHKO moves are banned
|rule|Evasion Moves Clause: Evasion moves are banned
|rule|Endless Battle Clause: Forcing endless battles is banned
|rule|HP Percentage Mod: HP is shown in percentages
|rule|Dynamax Clause: You cannot dynamax
|clearpoke
|poke|p1|Mamoswine, M|
|poke|p1|Ho-Oh|
|poke|p1|Necrozma-Dusk-Mane|
|poke|p1|Kyogre|
|poke|p1|Eternatus|
|poke|p1|Yveltal|
|poke|p2|Kyogre|
|poke|p2|Mewtwo|
|poke|p2|Scizor, F|
|poke|p2|Rayquaza|
|poke|p2|Giratina|
|poke|p2|Xerneas-*|
|teampreview
|j|*Lady Monita ☽
|
|t:|1634075565
|start
|switch|p1a: Yveltal|Yveltal|100/100
|switch|p2a: Giratina|Giratina, shiny|100/100
|-ability|p1a: Yveltal|Dark Aura
|-ability|p2a: Giratina|Pressure
|turn|1
|
|t:|1634075570
|move|p1a: Yveltal|Dark Pulse|p2a: Giratina
|-supereffective|p2a: Giratina
|-damage|p2a: Giratina|28/100
|-damage|p1a: Yveltal|91/100|[from] item: Life Orb
|move|p2a: Giratina|Toxic|p1a: Yveltal
|-status|p1a: Yveltal|tox
|
|-heal|p2a: Giratina|34/100|[from] item: Leftovers
|-damage|p1a: Yveltal|84/100 tox|[from] psn
|upkeep
|turn|2
|
|t:|1634075578
|switch|p2a: Xerneas|Xerneas, shiny|100/100
|-ability|p2a: Xerneas|Fairy Aura
|move|p1a: Yveltal|U-turn|p2a: Xerneas
|-resisted|p2a: Xerneas
|-damage|p2a: Xerneas|90/100
|-damage|p1a: Yveltal|75/100 tox|[from] item: Life Orb
|
|t:|1634075582
|switch|p1a: Necrozma|Necrozma-Dusk-Mane|100/100|[from]move: U-turn
|
|upkeep
|turn|3
|j| AshKetchumReturnz
|l| AshKetchumReturnz
|
|t:|1634075594
|switch|p2a: Mewtwo|Mewtwo|100/100
|-ability|p2a: Mewtwo|Pressure
|move|p1a: Necrozma|Sunsteel Strike|p2a: Mewtwo
|-damage|p2a: Mewtwo|46/100
|
|upkeep
|turn|4
|
|t:|1634075605
|switch|p1a: Ho-Oh|Ho-Oh|100/100
|move|p2a: Mewtwo|Trick|p1a: Ho-Oh
|-activate|p2a: Mewtwo|move: Trick|[of] p1a: Ho-Oh
|-item|p1a: Ho-Oh|Choice Scarf|[from] move: Trick
|-item|p2a: Mewtwo|Heavy-Duty Boots|[from] move: Trick
|
|upkeep
|turn|5
|
|t:|1634075612
|move|p2a: Mewtwo|Future Sight|p1a: Ho-Oh
|-start|p2a: Mewtwo|move: Future Sight
|move|p1a: Ho-Oh|Sacred Fire|p2a: Mewtwo
|-damage|p2a: Mewtwo|1/100
|-status|p2a: Mewtwo|brn
|
|-damage|p2a: Mewtwo|0 fnt|[from] brn
|faint|p2a: Mewtwo
|upkeep
|
|t:|1634075621
|switch|p2a: Kyogre|Kyogre|100/100
|-weather|RainDance|[from] ability: Drizzle|[of] p2a: Kyogre
|turn|6
|
|t:|1634075627
|switch|p1a: Eternatus|Eternatus|100/100
|-ability|p1a: Eternatus|Pressure
|move|p2a: Kyogre|Water Spout|p1a: Eternatus
|-resisted|p1a: Eternatus
|-damage|p1a: Eternatus|52/100
|
|-weather|RainDance|[upkeep]
|-heal|p1a: Eternatus|58/100|[from] item: Black Sludge
|upkeep
|turn|7
|
|t:|1634075650
|switch|p2a: Xerneas|Xerneas, shiny|90/100
|-ability|p2a: Xerneas|Fairy Aura
|switch|p1a: Mamoswine|Mamoswine, M|100/100
|
|-weather|RainDance|[upkeep]
|-end|p1a: Mamoswine|move: Future Sight
|-damage|p1a: Mamoswine|0 fnt
|faint|p1a: Mamoswine
|upkeep
|
|t:|1634075657
|switch|p1a: Necrozma|Necrozma-Dusk-Mane|100/100
|turn|8
|
|t:|1634075666
|switch|p2a: Scizor|Scizor, F, shiny|100/100
|move|p1a: Necrozma|Stealth Rock|p2a: Scizor
|-sidestart|p2: Katakuri17|move: Stealth Rock
|
|-weather|RainDance|[upkeep]
|upkeep
|turn|9
|
|t:|1634075672
|switch|p1a: Ho-Oh|Ho-Oh|100/100
|move|p2a: Scizor|Swords Dance|p2a: Scizor
|-boost|p2a: Scizor|atk|2
|
|-weather|RainDance|[upkeep]
|upkeep
|turn|10
|
|t:|1634075677
|switch|p2a: Giratina|Giratina, shiny|34/100
|-damage|p2a: Giratina|21/100|[from] Stealth Rock
|-ability|p2a: Giratina|Pressure
|move|p1a: Ho-Oh|Sacred Fire|p2a: Giratina
|-resisted|p2a: Giratina
|-damage|p2a: Giratina|17/100
|
|-weather|none
|-heal|p2a: Giratina|23/100|[from] item: Leftovers
|upkeep
|turn|11
|
|t:|1634075682
|switch|p1a: Yveltal|Yveltal|75/100 tox
|-ability|p1a: Yveltal|Dark Aura
|move|p2a: Giratina|Rest|p2a: Giratina
|-status|p2a: Giratina|slp|[from] move: Rest
|-heal|p2a: Giratina|100/100 slp|[silent]
|
|-damage|p1a: Yveltal|68/100 tox|[from] psn
|upkeep
|turn|12
|
|t:|1634075687
|switch|p2a: Xerneas|Xerneas, shiny|90/100
|-damage|p2a: Xerneas|78/100|[from] Stealth Rock
|-ability|p2a: Xerneas|Fairy Aura
|move|p1a: Yveltal|Dark Pulse|p2a: Xerneas
|-resisted|p2a: Xerneas
|-damage|p2a: Xerneas|46/100
|-damage|p1a: Yveltal|59/100 tox|[from] item: Life Orb
|
|-damage|p1a: Yveltal|46/100 tox|[from] psn
|upkeep
|turn|13
|
|t:|1634075692
|move|p1a: Yveltal|Oblivion Wing|p2a: Xerneas
|-damage|p2a: Xerneas|0 fnt
|-heal|p1a: Yveltal|84/100 tox|[from] drain|[of] p2a: Xerneas
|faint|p2a: Xerneas
|-damage|p1a: Yveltal|74/100 tox|[from] item: Life Orb
|
|-damage|p1a: Yveltal|56/100 tox|[from] psn
|upkeep
|
|t:|1634075700
|switch|p2a: Rayquaza|Rayquaza, shiny|100/100
|-ability|p2a: Rayquaza|Air Lock
|turn|14
|
|t:|1634075703
|move|p1a: Yveltal|Dark Pulse|p2a: Rayquaza
|-damage|p2a: Rayquaza|13/100
|-damage|p1a: Yveltal|46/100 tox|[from] item: Life Orb
|move|p2a: Rayquaza|Dragon Ascent|p1a: Yveltal
|-damage|p1a: Yveltal|0 fnt
|-unboost|p2a: Rayquaza|def|1
|-unboost|p2a: Rayquaza|spd|1
|faint|p1a: Yveltal
|
|upkeep
|
|t:|1634075718
|switch|p1a: Eternatus|Eternatus|58/100
|-ability|p1a: Eternatus|Pressure
|turn|15
|
|t:|1634075728
|move|p2a: Rayquaza|Extreme Speed|p1a: Eternatus
|-damage|p1a: Eternatus|36/100
|move|p1a: Eternatus|Mystical Fire|p2a: Rayquaza
|-resisted|p2a: Rayquaza
|-damage|p2a: Rayquaza|0 fnt
|faint|p2a: Rayquaza
|
|-heal|p1a: Eternatus|42/100|[from] item: Black Sludge
|upkeep
|inactive|Katakuri17 has 120 seconds left.
|
|t:|1634075759
|switch|p2a: Scizor|Scizor, F, shiny|100/100
|-damage|p2a: Scizor|88/100|[from] Stealth Rock
|turn|16
|
|t:|1634075762
|move|p2a: Scizor|Bullet Punch|p1a: Eternatus
|-damage|p1a: Eternatus|16/100
|move|p1a: Eternatus|Recover|p1a: Eternatus
|-heal|p1a: Eternatus|66/100
|
|-heal|p1a: Eternatus|72/100|[from] item: Black Sludge
|-heal|p2a: Scizor|94/100|[from] item: Leftovers
|upkeep
|turn|17
|
|t:|1634075767
|switch|p2a: Giratina|Giratina, shiny|100/100 slp
|-damage|p2a: Giratina|88/100 slp|[from] Stealth Rock
|-ability|p2a: Giratina|Pressure
|move|p1a: Eternatus|Recover|p1a: Eternatus
|-heal|p1a: Eternatus|100/100
|
|-heal|p2a: Giratina|94/100 slp|[from] item: Leftovers
|upkeep
|turn|18
|
|t:|1634075772
|move|p1a: Eternatus|Dynamax Cannon|p2a: Giratina
|-supereffective|p2a: Giratina
|-crit|p2a: Giratina
|-damage|p2a: Giratina|24/100 slp
|cant|p2a: Giratina|slp
|
|-heal|p2a: Giratina|30/100 slp|[from] item: Leftovers
|upkeep
|turn|19
|c|☆Katakuri17|gg
|
|t:|1634075776
|move|p1a: Eternatus|Dynamax Cannon|p2a: Giratina
|-supereffective|p2a: Giratina
|-damage|p2a: Giratina|0 fnt
|faint|p2a: Giratina
|
|upkeep
|c|☆yoalper|gg
|
|t:|1634075782
|switch|p2a: Kyogre|Kyogre|100/100
|-damage|p2a: Kyogre|88/100|[from] Stealth Rock
|-weather|RainDance|[from] ability: Drizzle|[of] p2a: Kyogre
|turn|20
|
|t:|1634075784
|move|p2a: Kyogre|Ice Beam|p1a: Eternatus
|-supereffective|p1a: Eternatus
|-damage|p1a: Eternatus|50/100
|move|p1a: Eternatus|Dynamax Cannon|p2a: Kyogre
|-damage|p2a: Kyogre|51/100
|
|-weather|RainDance|[upkeep]
|-heal|p1a: Eternatus|56/100|[from] item: Black Sludge
|upkeep
|turn|21
|
|t:|1634075792
|switch|p1a: Kyogre|Kyogre|100/100
|move|p2a: Kyogre|Ice Beam|p1a: Kyogre
|-resisted|p1a: Kyogre
|-damage|p1a: Kyogre|86/100
|
|-weather|RainDance|[upkeep]
|upkeep
|turn|22
|
|t:|1634075804
|move|p1a: Kyogre|Thunder|p2a: Kyogre
|-supereffective|p2a: Kyogre
|-damage|p2a: Kyogre|0 fnt
|faint|p2a: Kyogre
|
|-weather|RainDance|[upkeep]
|upkeep
|
|t:|1634075806
|switch|p2a: Scizor|Scizor, F, shiny|94/100
|-damage|p2a: Scizor|82/100|[from] Stealth Rock
|turn|23
|
|t:|1634075809
|switch|p1a: Ho-Oh|Ho-Oh|100/100
|move|p2a: Scizor|Bug Bite|p1a: Ho-Oh
|-resisted|p1a: Ho-Oh
|-damage|p1a: Ho-Oh|92/100
|
|-weather|RainDance|[upkeep]
|-heal|p2a: Scizor|88/100|[from] item: Leftovers
|upkeep
|turn|24
|
|t:|1634075812
|move|p2a: Scizor|Bullet Punch|p1a: Ho-Oh
|-resisted|p1a: Ho-Oh
|-damage|p1a: Ho-Oh|81/100
|move|p1a: Ho-Oh|Sacred Fire|p2a: Scizor
|-supereffective|p2a: Scizor
|-damage|p2a: Scizor|0 fnt
|faint|p2a: Scizor
|
|win|yoalper
|n|☆yoalper|yoalper
|n|☆Katakuri17|katakuri17
|n|*Lady Monita ☽|ladymonita
|l|*Lady Monita ☽
|l|☆yoalper
|c|☆Katakuri17|gl:)
|l|☆Katakuri17
