|j|☆Icarus's Fall
|j|☆CHARGEBLADE
|t:|1614749910
|player|p1|Icarus's Fall|nanu|1510
|player|p2|CHARGEBLADE|2|1241
|teamsize|p1|6
|teamsize|p2|6
|gametype|singles
|gen|8
|tier|[Gen 8] Ubers
|rated|
|clearpoke
|poke|p1|Shuckle, F|
|poke|p1|Yveltal|
|poke|p1|Necrozma-Dusk-Mane|
|poke|p1|Eternatus|
|poke|p1|Marshadow|
|poke|p1|Zacian|
|poke|p2|Dracovish|
|poke|p2|Darmanitan-Galar, F|
|poke|p2|Lugia|
|poke|p2|Xerneas|
|poke|p2|Zygarde|
|poke|p2|Marshadow|
|rule|Sleep Clause Mod: Limit one foe put to sleep
|rule|Species Clause: Limit one of each Pokémon
|rule|OHKO Clause: OHKO moves are banned
|rule|Evasion Moves Clause: Evasion moves are banned
|rule|Endless Battle Clause: Forcing endless battles is banned
|rule|HP Percentage Mod: HP is shown in percentages
|rule|Dynamax Clause: You cannot dynamax
|teampreview
|inactive|Battle timer is ON: inactive players will automatically lose when time's up. (requested by Icarus's Fall)
|
|t:|1614749921
|start
|switch|p1a: Shuckle|Shuckle, F|100/100
|switch|p2a: Dracovish|Dracovish|100/100
|turn|1
|
|t:|1614749927
|move|p2a: Dracovish|Fishious Rend|p1a: Shuckle
|-supereffective|p1a: Shuckle
|-ability|p1a: Shuckle|Sturdy
|-damage|p1a: Shuckle|1/100
|-enditem|p1a: Shuckle|Red Card|[of] p2a: Dracovish
|drag|p2a: Zygarde|Zygarde, shiny|100/100
|move|p1a: Shuckle|Sticky Web|p2a: Zygarde
|-sidestart|p2: CHARGEBLADE|move: Sticky Web
|
|upkeep
|turn|2
|
|t:|1614749944
|move|p2a: Zygarde|Thousand Arrows|p1a: Shuckle
|-damage|p1a: Shuckle|0 fnt
|faint|p1a: Shuckle
|
|upkeep
|
|t:|1614749948
|switch|p1a: Eternatus|Eternatus|100/100
|-ability|p1a: Eternatus|Pressure
|turn|3
|
|t:|1614749959
|move|p2a: Zygarde|Thousand Arrows|p1a: Eternatus
|-supereffective|p1a: Eternatus
|-damage|p1a: Eternatus|36/100
|move|p1a: Eternatus|Dynamax Cannon|p2a: Zygarde
|-supereffective|p2a: Zygarde
|-damage|p2a: Zygarde|0 fnt
|faint|p2a: Zygarde
|
|upkeep
|
|t:|1614749969
|switch|p2a: Lugia|Lugia|100/100
|turn|4
|
|t:|1614749976
|move|p1a: Eternatus|Meteor Beam||[still]
|-prepare|p1a: Eternatus|Meteor Beam
|-boost|p1a: Eternatus|spa|1
|-enditem|p1a: Eternatus|Power Herb
|-anim|p1a: Eternatus|Meteor Beam|p2a: Lugia|[miss]
|-miss|p1a: Eternatus|p2a: Lugia
|move|p2a: Lugia|Defog|p1a: Eternatus
|-unboost|p1a: Eternatus|evasion|1
|-sideend|p2: CHARGEBLADE|Sticky Web|[from] move: Defog|[of] p2a: Lugia
|
|upkeep
|turn|5
|
|t:|1614749990
|move|p1a: Eternatus|Dynamax Cannon|p2a: Lugia
|-damage|p2a: Lugia|77/100
|move|p2a: Lugia|Aeroblast|p1a: Eternatus
|-damage|p1a: Eternatus|12/100
|
|-heal|p2a: Lugia|83/100|[from] item: Leftovers
|upkeep
|turn|6
|
|t:|1614750009
|move|p1a: Eternatus|Dynamax Cannon|p2a: Lugia
|-damage|p2a: Lugia|43/100
|move|p2a: Lugia|Aeroblast|p1a: Eternatus
|-crit|p1a: Eternatus
|-damage|p1a: Eternatus|0 fnt
|faint|p1a: Eternatus
|
|-heal|p2a: Lugia|49/100|[from] item: Leftovers
|upkeep
|
|t:|1614750023
|switch|p1a: Yveltal|Yveltal|100/100
|-ability|p1a: Yveltal|Dark Aura
|turn|7
|
|t:|1614750029
|switch|p2a: Xerneas|Xerneas, shiny|100/100
|-ability|p2a: Xerneas|Fairy Aura
|move|p1a: Yveltal|Dark Pulse|p2a: Xerneas
|-resisted|p2a: Xerneas
|-damage|p2a: Xerneas|69/100
|-damage|p1a: Yveltal|91/100|[from] item: Life Orb
|
|upkeep
|turn|8
|
|t:|1614750047
|move|p1a: Yveltal|Taunt|p2a: Xerneas
|-start|p2a: Xerneas|move: Taunt
|cant|p2a: Xerneas|move: Taunt|Geomancy
|
|upkeep
|turn|9
|
|t:|1614750050
|switch|p1a: Necrozma|Necrozma-Dusk-Mane|100/100
|move|p2a: Xerneas|Moonblast|p1a: Necrozma
|-resisted|p1a: Necrozma
|-damage|p1a: Necrozma|65/100
|
|upkeep
|turn|10
|
|t:|1614750060
|switch|p2a: Marshadow|Marshadow|100/100
|move|p1a: Necrozma|Sunsteel Strike|p2a: Marshadow
|-damage|p2a: Marshadow|0 fnt
|-damage|p1a: Necrozma|55/100|[from] item: Life Orb
|faint|p2a: Marshadow
|
|upkeep
|
|t:|1614750069
|switch|p2a: Darmanitan|Darmanitan-Galar, F|100/100
|turn|11
|
|t:|1614750072
|switch|p1a: Yveltal|Yveltal|91/100
|-ability|p1a: Yveltal|Dark Aura
|move|p2a: Darmanitan|Fire Punch|p1a: Yveltal
|-damage|p1a: Yveltal|65/100
|
|upkeep
|turn|12
|
|t:|1614750081
|move|p2a: Darmanitan|Icicle Crash|p1a: Yveltal
|-supereffective|p1a: Yveltal
|-damage|p1a: Yveltal|0 fnt
|faint|p1a: Yveltal
|
|upkeep
|
|t:|1614750088
|switch|p1a: Marshadow|Marshadow|100/100
|turn|13
|
|t:|1614750102
|switch|p2a: Lugia|Lugia|49/100
|move|p1a: Marshadow|Bulk Up|p1a: Marshadow
|-boost|p1a: Marshadow|atk|1
|-boost|p1a: Marshadow|def|1
|
|-heal|p2a: Lugia|55/100|[from] item: Leftovers
|upkeep
|turn|14
|
|t:|1614750108
|move|p1a: Marshadow|Poltergeist|p2a: Lugia
|-activate|p2a: Lugia|move: Poltergeist|Leftovers
|-supereffective|p2a: Lugia
|-damage|p2a: Lugia|0 fnt
|-damage|p1a: Marshadow|91/100|[from] item: Life Orb
|faint|p2a: Lugia
|
|upkeep
|
|t:|1614750113
|switch|p2a: Dracovish|Dracovish|100/100
|turn|15
|
|t:|1614750117
|move|p1a: Marshadow|Shadow Sneak|p2a: Dracovish
|-damage|p2a: Dracovish|33/100
|-damage|p1a: Marshadow|81/100|[from] item: Life Orb
|move|p2a: Dracovish|Fishious Rend|p1a: Marshadow
|-damage|p1a: Marshadow|38/100
|
|upkeep
|turn|16
|
|t:|1614750121
|move|p1a: Marshadow|Shadow Sneak|p2a: Dracovish
|-damage|p2a: Dracovish|0 fnt
|-damage|p1a: Marshadow|28/100|[from] item: Life Orb
|faint|p2a: Dracovish
|
|upkeep
|
|t:|1614750122
|switch|p2a: Xerneas|Xerneas, shiny|69/100
|-ability|p2a: Xerneas|Fairy Aura
|turn|17
|
|t:|1614750127
|move|p1a: Marshadow|Poltergeist|p2a: Xerneas
|-activate|p2a: Xerneas|move: Poltergeist|Power Herb
|-damage|p2a: Xerneas|0 fnt
|-damage|p1a: Marshadow|18/100|[from] item: Life Orb
|faint|p2a: Xerneas
|
|upkeep
|
|t:|1614750131
|switch|p2a: Darmanitan|Darmanitan-Galar, F|100/100
|turn|18
|
|t:|1614750134
|move|p1a: Marshadow|Close Combat|p2a: Darmanitan
|-supereffective|p2a: Darmanitan
|-enditem|p2a: Darmanitan|Focus Sash
|-damage|p2a: Darmanitan|1/100
|-unboost|p1a: Marshadow|def|1
|-unboost|p1a: Marshadow|spd|1
|-damage|p1a: Marshadow|8/100|[from] item: Life Orb
|move|p2a: Darmanitan|Icicle Crash|p1a: Marshadow
|-damage|p1a: Marshadow|0 fnt
|faint|p1a: Marshadow
|
|-formechange|p2a: Darmanitan|Darmanitan-Galar-Zen|
|upkeep
|
|t:|1614750140
|switch|p1a: Zacian|Zacian|100/100
|-ability|p1a: Zacian|Intrepid Sword|boost
|-boost|p1a: Zacian|atk|1
|turn|19
|
|t:|1614750145
|move|p2a: Darmanitan|Icicle Crash|p1a: Zacian
|-damage|p1a: Zacian|60/100
|cant|p1a: Zacian|flinch
|
|upkeep
|turn|20
|
|t:|1614750149
|move|p2a: Darmanitan|Icicle Crash|p1a: Zacian
|-damage|p1a: Zacian|18/100
|cant|p1a: Zacian|flinch
|
|upkeep
|turn|21
|
|t:|1614750155
|move|p2a: Darmanitan|Icicle Crash|p1a: Zacian
|-damage|p1a: Zacian|0 fnt
|faint|p1a: Zacian
|
|upkeep
|
|t:|1614750156
|switch|p1a: Necrozma|Necrozma-Dusk-Mane|55/100
|turn|22
|
|t:|1614750158
|move|p2a: Darmanitan|Fire Punch|p1a: Necrozma
|-supereffective|p1a: Necrozma
|-damage|p1a: Necrozma|0 fnt
|faint|p1a: Necrozma
|
|win|CHARGEBLADE
|raw|Icarus&apos;s Fall's rating: 1511 &rarr; <strong>1478</strong><br />(-33 for losing)
|raw|CHARGEBLADE's rating: 1241 &rarr; <strong>1282</strong><br />(+41 for winning)
|c|☆Icarus's Fall|nice lucj
|c|☆Icarus's Fall|luck*
|c|☆CHARGEBLADE|I didn’t make the game sorry
|c|☆Icarus's Fall|yeah but still
|c|☆Icarus's Fall|really annoying i lost 33 for 2 flinches
|c|☆CHARGEBLADE|sorry you lost geez
|l|☆CHARGEBLADE
|c|☆Icarus's Fall|after i missed meteor beam on the lugia
