|j|☆AStupidAsian
|j|☆4125al41
|t:|1652515564
|gametype|singles
|player|p1|AStupidAsian|sordward|1307
|player|p2|4125al41|steven|1559
|teamsize|p1|6
|teamsize|p2|6
|gen|8
|tier|[Gen 8] Ubers
|rated|
|rule|Sleep Clause Mod: Limit one foe put to sleep
|rule|Species Clause: Limit one of each Pokémon
|rule|OHKO Clause: OHKO moves are banned
|rule|Evasion Moves Clause: Evasion moves are banned
|rule|Endless Battle Clause: Forcing endless battles is banned
|rule|HP Percentage Mod: HP is shown in percentages
|rule|Dynamax Clause: You cannot dynamax
|clearpoke
|poke|p1|Heatran, M|
|poke|p1|Shedinja|
|poke|p1|Xerneas-*|
|poke|p1|Groudon|
|poke|p1|Yveltal|
|poke|p1|Calyrex-Shadow|
|poke|p2|Marshadow|
|poke|p2|Eternatus|
|poke|p2|Calyrex-Shadow|
|poke|p2|Ho-Oh|
|poke|p2|Groudon|
|poke|p2|Xerneas-*|
|teampreview
|
|t:|1652515573
|start
|switch|p1a: ur mother irl|Groudon|100/100
|switch|p2a: Calyrex|Calyrex-Shadow|100/100
|-ability|p2a: Calyrex|As One
|-ability|p2a: Calyrex|Unnerve
|-weather|SunnyDay|[from] ability: Drought|[of] p1a: ur mother irl
|turn|1
|
|t:|1652515587
|switch|p1a: wat the dog doin|Heatran, M|100/100
|move|p2a: Calyrex|Astral Barrage|p1a: wat the dog doin
|-damage|p1a: wat the dog doin|2/100
|
|-weather|SunnyDay|[upkeep]
|-heal|p1a: wat the dog doin|8/100|[from] item: Leftovers
|upkeep
|turn|2
|
|t:|1652515595
|move|p2a: Calyrex|Astral Barrage|p1a: wat the dog doin
|-damage|p1a: wat the dog doin|0 fnt
|faint|p1a: wat the dog doin
|-ability|p2a: Calyrex|Grim Neigh|boost
|-boost|p2a: Calyrex|spa|1
|
|-weather|SunnyDay|[upkeep]
|upkeep
|
|t:|1652515597
|switch|p1a: ridib deez nuts|Calyrex-Shadow|100/100
|-ability|p1a: ridib deez nuts|As One
|-ability|p1a: ridib deez nuts|Unnerve
|turn|3
|
|t:|1652515601
|switch|p2a: Ho-Oh|Ho-Oh|100/100
|move|p1a: ridib deez nuts|Astral Barrage|p2a: Ho-Oh
|-damage|p2a: Ho-Oh|43/100
|
|-weather|SunnyDay|[upkeep]
|upkeep
|turn|4
|
|t:|1652515605
|switch|p2a: Xerneas|Xerneas|100/100
|-ability|p2a: Xerneas|Fairy Aura
|move|p1a: ridib deez nuts|Astral Barrage|p2a: Xerneas
|-damage|p2a: Xerneas|13/100
|
|-weather|SunnyDay|[upkeep]
|upkeep
|turn|5
|
|t:|1652515608
|move|p1a: ridib deez nuts|Astral Barrage|p2a: Xerneas
|-damage|p2a: Xerneas|0 fnt
|faint|p2a: Xerneas
|-ability|p1a: ridib deez nuts|Grim Neigh|boost
|-boost|p1a: ridib deez nuts|spa|1
|
|-weather|none
|upkeep
|
|t:|1652515640
|switch|p2a: tensa-zangetsu|Marshadow|100/100
|turn|6
|
|t:|1652515644
|switch|p1a: ur mother irl|Groudon|100/100
|-weather|SunnyDay|[from] ability: Drought|[of] p1a: ur mother irl
|move|p2a: tensa-zangetsu|Shadow Sneak|p1a: ur mother irl
|-damage|p1a: ur mother irl|87/100
|
|-weather|SunnyDay|[upkeep]
|-heal|p1a: ur mother irl|93/100|[from] item: Leftovers
|upkeep
|turn|7
|
|t:|1652515652
|switch|p2a: Calyrex|Calyrex-Shadow|100/100
|-ability|p2a: Calyrex|As One
|-ability|p2a: Calyrex|Unnerve
|move|p1a: ur mother irl|Stealth Rock|p2a: Calyrex
|-sidestart|p2: 4125al41|move: Stealth Rock
|
|-weather|SunnyDay|[upkeep]
|-heal|p1a: ur mother irl|99/100|[from] item: Leftovers
|upkeep
|turn|8
|
|t:|1652515655
|move|p2a: Calyrex|Astral Barrage|p1a: ur mother irl
|-damage|p1a: ur mother irl|0 fnt
|faint|p1a: ur mother irl
|-ability|p2a: Calyrex|Grim Neigh|boost
|-boost|p2a: Calyrex|spa|1
|
|-weather|SunnyDay|[upkeep]
|upkeep
|
|t:|1652515660
|switch|p1a: ridib deez nuts|Calyrex-Shadow|100/100
|-ability|p1a: ridib deez nuts|As One
|-ability|p1a: ridib deez nuts|Unnerve
|turn|9
|
|t:|1652515676
|move|p1a: ridib deez nuts|Astral Barrage|p2a: Calyrex
|-supereffective|p2a: Calyrex
|-damage|p2a: Calyrex|0 fnt
|faint|p2a: Calyrex
|-ability|p1a: ridib deez nuts|Grim Neigh|boost
|-boost|p1a: ridib deez nuts|spa|1
|
|-weather|SunnyDay|[upkeep]
|upkeep
|
|t:|1652515680
|switch|p2a: tensa-zangetsu|Marshadow|100/100
|-damage|p2a: tensa-zangetsu|94/100|[from] Stealth Rock
|turn|10
|
|t:|1652515684
|switch|p1a: edgy mcgee|Yveltal|100/100
|-ability|p1a: edgy mcgee|Dark Aura
|move|p2a: tensa-zangetsu|Shadow Sneak|p1a: edgy mcgee
|-resisted|p1a: edgy mcgee
|-damage|p1a: edgy mcgee|88/100
|
|-weather|none
|upkeep
|turn|11
|
|t:|1652515689
|switch|p2a: Groudon|Groudon|100/100
|-damage|p2a: Groudon|94/100|[from] Stealth Rock
|-weather|SunnyDay|[from] ability: Drought|[of] p2a: Groudon
|move|p1a: edgy mcgee|U-turn|p2a: Groudon
|-damage|p2a: Groudon|82/100
|
|t:|1652515692
|switch|p1a: ridib deez nuts|Calyrex-Shadow|100/100|[from]move: U-turn
|-ability|p1a: ridib deez nuts|As One
|-ability|p1a: ridib deez nuts|Unnerve
|
|-weather|SunnyDay|[upkeep]
|-heal|p2a: Groudon|88/100|[from] item: Leftovers
|upkeep
|turn|12
|
|t:|1652515694
|switch|p2a: Ho-Oh|Ho-Oh|77/100
|move|p1a: ridib deez nuts|Astral Barrage|p2a: Ho-Oh
|-damage|p2a: Ho-Oh|25/100
|
|-weather|SunnyDay|[upkeep]
|upkeep
|turn|13
|
|t:|1652515697
|switch|p2a: Eternatus|Eternatus|100/100
|-damage|p2a: Eternatus|88/100|[from] Stealth Rock
|-ability|p2a: Eternatus|Pressure
|move|p1a: ridib deez nuts|Astral Barrage|p2a: Eternatus
|-damage|p2a: Eternatus|0 fnt
|faint|p2a: Eternatus
|-ability|p1a: ridib deez nuts|Grim Neigh|boost
|-boost|p1a: ridib deez nuts|spa|1
|
|-weather|SunnyDay|[upkeep]
|upkeep
|
|t:|1652515700
|switch|p2a: tensa-zangetsu|Marshadow|94/100
|-damage|p2a: tensa-zangetsu|88/100|[from] Stealth Rock
|turn|14
|
|t:|1652515705
|switch|p1a: edgy mcgee|Yveltal|88/100
|-ability|p1a: edgy mcgee|Dark Aura
|move|p2a: tensa-zangetsu|Shadow Sneak|p1a: edgy mcgee
|-resisted|p1a: edgy mcgee
|-damage|p1a: edgy mcgee|78/100
|
|-weather|SunnyDay|[upkeep]
|upkeep
|turn|15
|
|t:|1652515709
|switch|p2a: Groudon|Groudon|88/100
|-damage|p2a: Groudon|82/100|[from] Stealth Rock
|move|p1a: edgy mcgee|U-turn|p2a: Groudon
|-damage|p2a: Groudon|70/100
|
|t:|1652515713
|switch|p1a: ridib deez nuts|Calyrex-Shadow|100/100|[from]move: U-turn
|-ability|p1a: ridib deez nuts|As One
|-ability|p1a: ridib deez nuts|Unnerve
|
|-weather|none
|-heal|p2a: Groudon|76/100|[from] item: Leftovers
|upkeep
|turn|16
|c|☆AStupidAsian|you tilting?
|
|t:|1652515730
|switch|p2a: Ho-Oh|Ho-Oh|58/100
|move|p1a: ridib deez nuts|Astral Barrage|p2a: Ho-Oh
|-damage|p2a: Ho-Oh|0 fnt
|faint|p2a: Ho-Oh
|-ability|p1a: ridib deez nuts|Grim Neigh|boost
|-boost|p1a: ridib deez nuts|spa|1
|
|upkeep
|-message|4125al41 forfeited.
|
|win|AStupidAsian
|raw|AStupidAsian's rating: 1307 &rarr; <strong>1339</strong><br />(+32 for winning)
|raw|4125al41's rating: 1559 &rarr; <strong>1527</strong><br />(-32 for losing)
|l|☆4125al41
