|j|☆notaiz
|j|☆ox04
|t:|1664739396
|gametype|singles
|player|p1|notaiz|cilan|1431
|player|p2|ox04|red-gen7|1710
|teamsize|p1|6
|teamsize|p2|6
|gen|8
|tier|[Gen 8] Ubers
|rated|
|rule|Sleep Clause Mod: Limit one foe put to sleep
|rule|Species Clause: Limit one of each Pokémon
|rule|OHKO Clause: OHKO moves are banned
|rule|Evasion Items Clause: Evasion items are banned
|rule|Evasion Moves Clause: Evasion moves are banned
|rule|Endless Battle Clause: Forcing endless battles is banned
|rule|HP Percentage Mod: HP is shown in percentages
|rule|Dynamax Clause: You cannot dynamax
|clearpoke
|poke|p1|Yveltal|
|poke|p1|Ho-Oh|
|poke|p1|Xerneas-*|
|poke|p1|Marshadow|
|poke|p1|Kyogre|
|poke|p1|Eternatus|
|poke|p2|Yveltal|
|poke|p2|Kyogre|
|poke|p2|Ferrothorn, M|
|poke|p2|Cinderace, M|
|poke|p2|Zekrom|
|poke|p2|Genesect|
|teampreview
|inactive|Battle timer is ON: inactive players will automatically lose when time's up. (requested by ox04)
|inactive|notaiz has 120 seconds left.
|
|t:|1664739431
|start
|switch|p1a: Beastie|Eternatus|100/100
|switch|p2a: Genesect|Genesect, shiny|100/100
|-ability|p2a: Genesect|Download|boost
|-boost|p2a: Genesect|atk|1
|-ability|p1a: Beastie|Pressure
|turn|1
|
|t:|1664739434
|move|p2a: Genesect|U-turn|p1a: Beastie
|-resisted|p1a: Beastie
|-damage|p1a: Beastie|79/100
|
|t:|1664739435
|switch|p2a: Kyogre|Kyogre|100/100|[from]move: U-turn
|-weather|RainDance|[from] ability: Drizzle|[of] p2a: Kyogre
|move|p1a: Beastie|Flamethrower|p2a: Kyogre
|-resisted|p2a: Kyogre
|-damage|p2a: Kyogre|95/100
|-status|p2a: Kyogre|brn
|
|-weather|RainDance|[upkeep]
|-heal|p2a: Kyogre|100/100 brn|[from] item: Leftovers
|-damage|p2a: Kyogre|94/100 brn|[from] brn
|upkeep
|turn|2
|
|t:|1664739444
|move|p1a: Beastie|Dynamax Cannon|p2a: Kyogre
|-damage|p2a: Kyogre|57/100 brn
|move|p2a: Kyogre|Thunder Wave|p1a: Beastie|[miss]
|-miss|p2a: Kyogre|p1a: Beastie
|
|-weather|RainDance|[upkeep]
|-heal|p2a: Kyogre|63/100 brn|[from] item: Leftovers
|-damage|p2a: Kyogre|57/100 brn|[from] brn
|upkeep
|turn|3
|
|t:|1664739450
|move|p1a: Beastie|Dynamax Cannon|p2a: Kyogre
|-damage|p2a: Kyogre|23/100 brn
|move|p2a: Kyogre|Thunder Wave|p1a: Beastie
|-status|p1a: Beastie|par
|
|-weather|RainDance|[upkeep]
|-heal|p2a: Kyogre|29/100 brn|[from] item: Leftovers
|-damage|p2a: Kyogre|23/100 brn|[from] brn
|upkeep
|turn|4
|
|t:|1664739456
|move|p2a: Kyogre|Rest|p2a: Kyogre
|-status|p2a: Kyogre|slp|[from] move: Rest
|-heal|p2a: Kyogre|100/100 slp|[silent]
|move|p1a: Beastie|Dynamax Cannon|p2a: Kyogre
|-damage|p2a: Kyogre|63/100 slp
|
|-weather|RainDance|[upkeep]
|-heal|p2a: Kyogre|69/100 slp|[from] item: Leftovers
|upkeep
|turn|5
|
|t:|1664739462
|switch|p2a: Ferrothorn|Ferrothorn, M|100/100
|switch|p1a: Zernie Sanders|Xerneas|100/100
|-ability|p1a: Zernie Sanders|Fairy Aura
|
|-weather|none
|upkeep
|turn|6
|
|t:|1664739468
|switch|p1a: Bloodbath|Yveltal, shiny|100/100
|-ability|p1a: Bloodbath|Dark Aura
|move|p2a: Ferrothorn|Gyro Ball|p1a: Bloodbath
|-damage|p1a: Bloodbath|52/100
|
|upkeep
|turn|7
|
|t:|1664739473
|switch|p2a: Yveltal|Yveltal|100/100
|-ability|p2a: Yveltal|Dark Aura
|move|p1a: Bloodbath|Knock Off|p2a: Yveltal
|-resisted|p2a: Yveltal
|-damage|p2a: Yveltal|54/100
|-enditem|p2a: Yveltal|Heavy-Duty Boots|[from] move: Knock Off|[of] p1a: Bloodbath
|
|upkeep
|turn|8
|
|t:|1664739479
|switch|p1a: Beastie|Eternatus|79/100 par
|-ability|p1a: Beastie|Pressure
|move|p2a: Yveltal|Oblivion Wing|p1a: Beastie
|-damage|p1a: Beastie|46/100 par
|-heal|p2a: Yveltal|76/100|[from] drain|[of] p1a: Beastie
|
|upkeep
|turn|9
|
|t:|1664739492
|move|p2a: Yveltal|U-turn|p1a: Beastie
|-resisted|p1a: Beastie
|-damage|p1a: Beastie|37/100 par
|
|t:|1664739497
|switch|p2a: Ferrothorn|Ferrothorn, M|100/100|[from]move: U-turn
|move|p1a: Beastie|Flamethrower|p2a: Ferrothorn
|-supereffective|p2a: Ferrothorn
|-damage|p2a: Ferrothorn|13/100
|
|-heal|p2a: Ferrothorn|19/100|[from] item: Leftovers
|upkeep
|turn|10
|
|t:|1664739512
|move|p1a: Beastie|Dynamax Cannon|p2a: Ferrothorn
|-resisted|p2a: Ferrothorn
|-damage|p2a: Ferrothorn|2/100
|move|p2a: Ferrothorn|Leech Seed|p1a: Beastie|[miss]
|-miss|p2a: Ferrothorn|p1a: Beastie
|
|-heal|p2a: Ferrothorn|8/100|[from] item: Leftovers
|upkeep
|turn|11
|
|t:|1664739516
|move|p1a: Beastie|Dynamax Cannon|p2a: Ferrothorn
|-resisted|p2a: Ferrothorn
|-damage|p2a: Ferrothorn|0 fnt
|faint|p2a: Ferrothorn
|
|upkeep
|
|t:|1664739523
|switch|p2a: Zekrom|Zekrom|100/100
|-ability|p2a: Zekrom|Teravolt
|turn|12
|
|t:|1664739527
|move|p2a: Zekrom|Draco Meteor|p1a: Beastie
|-supereffective|p1a: Beastie
|-damage|p1a: Beastie|0 fnt
|-unboost|p2a: Zekrom|spa|2
|faint|p1a: Beastie
|-damage|p2a: Zekrom|91/100|[from] item: Life Orb
|
|upkeep
|
|t:|1664739544
|switch|p1a: Oh-No|Ho-Oh|100/100
|turn|13
|
|t:|1664739547
|move|p2a: Zekrom|Bolt Strike|p1a: Oh-No
|-supereffective|p1a: Oh-No
|-damage|p1a: Oh-No|0 fnt
|faint|p1a: Oh-No
|-damage|p2a: Zekrom|81/100|[from] item: Life Orb
|
|upkeep
|
|t:|1664739567
|switch|p1a: Zernie Sanders|Xerneas|100/100
|-ability|p1a: Zernie Sanders|Fairy Aura
|turn|14
|
|t:|1664739576
|move|p2a: Zekrom|Bolt Strike|p1a: Zernie Sanders
|-damage|p1a: Zernie Sanders|38/100
|-damage|p2a: Zekrom|71/100|[from] item: Life Orb
|move|p1a: Zernie Sanders|Geomancy||[still]
|-prepare|p1a: Zernie Sanders|Geomancy
|-enditem|p1a: Zernie Sanders|Power Herb
|-anim|p1a: Zernie Sanders|Geomancy|p1a: Zernie Sanders
|-boost|p1a: Zernie Sanders|spa|2
|-boost|p1a: Zernie Sanders|spd|2
|-boost|p1a: Zernie Sanders|spe|2
|
|upkeep
|turn|15
|
|t:|1664739588
|switch|p2a: Cinderace|Cinderace, M|100/100
|move|p1a: Zernie Sanders|Moonblast|p2a: Cinderace
|-resisted|p2a: Cinderace
|-damage|p2a: Cinderace|0 fnt
|faint|p2a: Cinderace
|
|upkeep
|
|t:|1664739590
|switch|p2a: Genesect|Genesect, shiny|100/100
|-ability|p2a: Genesect|Download|boost
|-boost|p2a: Genesect|atk|1
|turn|16
|
|t:|1664739593
|move|p2a: Genesect|Extreme Speed|p1a: Zernie Sanders
|-damage|p1a: Zernie Sanders|4/100
|move|p1a: Zernie Sanders|Thunderbolt|p2a: Genesect
|-damage|p2a: Genesect|11/100
|
|upkeep
|turn|17
|
|t:|1664739601
|move|p2a: Genesect|Extreme Speed|p1a: Zernie Sanders
|-damage|p1a: Zernie Sanders|0 fnt
|faint|p1a: Zernie Sanders
|
|upkeep
|
|t:|1664739614
|switch|p1a: Marshmallow|Marshadow|100/100
|turn|18
|
|t:|1664739617
|switch|p2a: Yveltal|Yveltal|76/100
|-ability|p2a: Yveltal|Dark Aura
|move|p1a: Marshmallow|Rock Tomb|p2a: Yveltal
|-supereffective|p2a: Yveltal
|-damage|p2a: Yveltal|25/100
|-unboost|p2a: Yveltal|spe|1
|
|upkeep
|turn|19
|
|t:|1664739623
|switch|p2a: Kyogre|Kyogre|69/100 slp
|-weather|RainDance|[from] ability: Drizzle|[of] p2a: Kyogre
|move|p1a: Marshmallow|Close Combat|p2a: Kyogre
|-damage|p2a: Kyogre|28/100 slp
|-unboost|p1a: Marshmallow|def|1
|-unboost|p1a: Marshmallow|spd|1
|
|-weather|RainDance|[upkeep]
|-heal|p2a: Kyogre|35/100 slp|[from] item: Leftovers
|upkeep
|turn|20
|
|t:|1664739627
|move|p1a: Marshmallow|Spectral Thief|p2a: Kyogre
|-damage|p2a: Kyogre|3/100 slp
|cant|p2a: Kyogre|slp
|move|p2a: Kyogre|Sleep Talk|p2a: Kyogre
|move|p2a: Kyogre|Rest||[from]move: Sleep Talk|[still]
|-fail|p2a: Kyogre
|
|-weather|RainDance|[upkeep]
|-heal|p2a: Kyogre|10/100 slp|[from] item: Leftovers
|upkeep
|turn|21
|
|t:|1664739632
|move|p1a: Marshmallow|Spectral Thief|p2a: Kyogre
|-damage|p2a: Kyogre|0 fnt
|faint|p2a: Kyogre
|
|-weather|RainDance|[upkeep]
|upkeep
|
|t:|1664739635
|switch|p2a: Zekrom|Zekrom|71/100
|-ability|p2a: Zekrom|Teravolt
|turn|22
|
|t:|1664739650
|move|p1a: Marshmallow|Close Combat|p2a: Zekrom
|-damage|p2a: Zekrom|8/100
|-unboost|p1a: Marshmallow|def|1
|-unboost|p1a: Marshmallow|spd|1
|move|p2a: Zekrom|Volt Switch|p1a: Marshmallow
|-enditem|p1a: Marshmallow|Focus Sash
|-damage|p1a: Marshmallow|1/100
|-damage|p2a: Zekrom|0 fnt|[from] item: Life Orb
|faint|p2a: Zekrom
|
|-weather|RainDance|[upkeep]
|upkeep
|c|☆ox04|gg
|
|t:|1664739662
|switch|p2a: Genesect|Genesect, shiny|11/100
|-ability|p2a: Genesect|Download|boost
|-boost|p2a: Genesect|atk|1
|turn|23
|
|t:|1664739665
|move|p1a: Marshmallow|Shadow Sneak|p2a: Genesect
|-damage|p2a: Genesect|0 fnt
|faint|p2a: Genesect
|
|-weather|none
|upkeep
|
|t:|1664739667
|switch|p2a: Yveltal|Yveltal|25/100
|-ability|p2a: Yveltal|Dark Aura
|turn|24
|c|☆notaiz|gg
|
|t:|1664739670
|move|p1a: Marshmallow|Rock Tomb|p2a: Yveltal
|-supereffective|p2a: Yveltal
|-damage|p2a: Yveltal|0 fnt
|faint|p2a: Yveltal
|
|win|notaiz
|raw|notaiz's rating: 1431 &rarr; <strong>1464</strong><br />(+33 for winning)
|raw|ox04's rating: 1710 &rarr; <strong>1677</strong><br />(-33 for losing)
|l|☆ox04
||Ladder isn't responding, score probably updated but might not have (Request timeout).
