|j|☆yoalper
|j|☆Pkmn3443
|t:|1634677711
|gametype|singles
|player|p1|yoalper|tate|1532
|player|p2|Pkmn3443|266|1628
|teamsize|p1|6
|teamsize|p2|6
|gen|8
|tier|[Gen 8] Ubers
|rated|
|rule|Sleep Clause Mod: Limit one foe put to sleep
|rule|Species Clause: Limit one of each Pokémon
|rule|OHKO Clause: OHKO moves are banned
|rule|Evasion Moves Clause: Evasion moves are banned
|rule|Endless Battle Clause: Forcing endless battles is banned
|rule|HP Percentage Mod: HP is shown in percentages
|rule|Dynamax Clause: You cannot dynamax
|clearpoke
|poke|p1|Slurpuff, L97, M|
|poke|p1|Cloyster, F|
|poke|p1|Yveltal|
|poke|p1|Necrozma-Dusk-Mane|
|poke|p1|Eternatus|
|poke|p1|Groudon|
|poke|p2|Blissey, F|
|poke|p2|Necrozma-Dusk-Mane|
|poke|p2|Ho-Oh|
|poke|p2|Eternatus|
|poke|p2|Ditto|
|poke|p2|Yveltal|
|teampreview
|j| pikeylad123
|
|t:|1634677721
|start
|switch|p1a: Slurpuff|Slurpuff, L97, M|100/100
|switch|p2a: Necrozma|Necrozma-Dusk-Mane|100/100
|turn|1
|
|t:|1634677726
|move|p1a: Slurpuff|Sticky Web|p2a: Necrozma
|-sidestart|p2: Pkmn3443|move: Sticky Web
|move|p2a: Necrozma|Knock Off|p1a: Slurpuff
|-resisted|p1a: Slurpuff
|-damage|p1a: Slurpuff|73/100
|-enditem|p1a: Slurpuff|Focus Sash|[from] move: Knock Off|[of] p2a: Necrozma
|
|upkeep
|turn|2
|
|t:|1634677732
|move|p1a: Slurpuff|Magic Coat|p1a: Slurpuff
|-singleturn|p1a: Slurpuff|move: Magic Coat
|move|p2a: Necrozma|Sunsteel Strike|p1a: Slurpuff
|-supereffective|p1a: Slurpuff
|-damage|p1a: Slurpuff|0 fnt
|faint|p1a: Slurpuff
|
|upkeep
|
|t:|1634677736
|switch|p1a: Yveltal|Yveltal|100/100
|-ability|p1a: Yveltal|Dark Aura
|turn|3
|
|t:|1634677740
|switch|p2a: Yveltal|Yveltal|100/100
|-ability|p2a: Yveltal|Dark Aura
|move|p1a: Yveltal|Dark Pulse|p2a: Yveltal
|-resisted|p2a: Yveltal
|-damage|p2a: Yveltal|68/100
|-damage|p1a: Yveltal|91/100|[from] item: Life Orb
|
|upkeep
|turn|4
|
|t:|1634677746
|move|p1a: Yveltal|Oblivion Wing|p2a: Yveltal
|-damage|p2a: Yveltal|19/100
|-heal|p1a: Yveltal|100/100|[from] drain|[of] p2a: Yveltal
|-damage|p1a: Yveltal|91/100|[from] item: Life Orb
|move|p2a: Yveltal|Knock Off|p1a: Yveltal
|-resisted|p1a: Yveltal
|-crit|p1a: Yveltal
|-damage|p1a: Yveltal|50/100
|-enditem|p1a: Yveltal|Life Orb|[from] move: Knock Off|[of] p2a: Yveltal
|
|upkeep
|turn|5
|
|t:|1634677754
|switch|p2a: Eternatus|Eternatus|100/100
|-activate|p2a: Eternatus|move: Sticky Web
|-unboost|p2a: Eternatus|spe|1
|-ability|p2a: Eternatus|Pressure
|move|p1a: Yveltal|Dark Pulse|p2a: Eternatus
|-damage|p2a: Eternatus|71/100
|
|-heal|p2a: Eternatus|78/100|[from] item: Black Sludge
|upkeep
|turn|6
|
|t:|1634677758
|switch|p1a: Necrozma|Necrozma-Dusk-Mane|100/100
|move|p2a: Eternatus|Toxic|p1a: Necrozma
|-immune|p1a: Necrozma
|
|-heal|p2a: Eternatus|84/100|[from] item: Black Sludge
|upkeep
|turn|7
|
|t:|1634677762
|switch|p2a: Necrozma|Necrozma-Dusk-Mane|100/100
|-activate|p2a: Necrozma|move: Sticky Web
|-unboost|p2a: Necrozma|spe|1
|move|p1a: Necrozma|Photon Geyser|p2a: Necrozma
|-resisted|p2a: Necrozma
|-damage|p2a: Necrozma|91/100
|
|upkeep
|turn|8
|
|t:|1634677767
|switch|p1a: Yveltal|Yveltal|50/100
|-ability|p1a: Yveltal|Dark Aura
|move|p2a: Necrozma|Stealth Rock|p1a: Yveltal
|-sidestart|p1: yoalper|move: Stealth Rock
|
|upkeep
|turn|9
|
|t:|1634677772
|switch|p2a: Ho-Oh|Ho-Oh|100/100
|move|p1a: Yveltal|Dark Pulse|p2a: Ho-Oh
|-damage|p2a: Ho-Oh|72/100
|
|upkeep
|turn|10
|
|t:|1634677783
|move|p1a: Yveltal|Oblivion Wing|p2a: Ho-Oh
|-damage|p2a: Ho-Oh|50/100
|-heal|p1a: Yveltal|68/100|[from] drain|[of] p2a: Ho-Oh
|move|p2a: Ho-Oh|Sacred Fire|p1a: Yveltal
|-damage|p1a: Yveltal|30/100
|
|upkeep
|turn|11
|
|t:|1634677787
|move|p1a: Yveltal|Sucker Punch|p2a: Ho-Oh
|-damage|p2a: Ho-Oh|24/100
|move|p2a: Ho-Oh|Sacred Fire|p1a: Yveltal
|-damage|p1a: Yveltal|0 fnt
|faint|p1a: Yveltal
|
|upkeep
|
|t:|1634677796
|switch|p1a: Eternatus|Eternatus|100/100
|-damage|p1a: Eternatus|88/100|[from] Stealth Rock
|-ability|p1a: Eternatus|Pressure
|turn|12
|
|t:|1634677800
|switch|p2a: Blissey|Blissey, F|100/100
|-activate|p2a: Blissey|move: Sticky Web
|-unboost|p2a: Blissey|spe|1
|move|p1a: Eternatus|Dynamax Cannon|p2a: Blissey
|-damage|p2a: Blissey|84/100
|
|upkeep
|turn|13
|
|t:|1634677804
|switch|p1a: Necrozma|Necrozma-Dusk-Mane|100/100
|-damage|p1a: Necrozma|94/100|[from] Stealth Rock
|move|p2a: Blissey|Seismic Toss|p1a: Necrozma
|-damage|p1a: Necrozma|67/100
|
|upkeep
|turn|14
|
|t:|1634677810
|switch|p2a: Necrozma|Necrozma-Dusk-Mane|91/100
|-activate|p2a: Necrozma|move: Sticky Web
|-unboost|p2a: Necrozma|spe|1
|move|p1a: Necrozma|Earthquake|p2a: Necrozma
|-supereffective|p2a: Necrozma
|-damage|p2a: Necrozma|58/100
|
|upkeep
|turn|15
|
|t:|1634677813
|move|p1a: Necrozma|Earthquake|p2a: Necrozma
|-supereffective|p2a: Necrozma
|-damage|p2a: Necrozma|26/100
|move|p2a: Necrozma|Morning Sun|p2a: Necrozma
|-heal|p2a: Necrozma|76/100
|
|upkeep
|turn|16
|
|t:|1634677818
|switch|p1a: Groudon|Groudon|100/100
|-damage|p1a: Groudon|94/100|[from] Stealth Rock
|-weather|SunnyDay|[from] ability: Drought|[of] p1a: Groudon
|move|p2a: Necrozma|Morning Sun|p2a: Necrozma
|-heal|p2a: Necrozma|100/100
|
|-weather|SunnyDay|[upkeep]
|-heal|p1a: Groudon|100/100|[from] item: Leftovers
|upkeep
|turn|17
|
|t:|1634677822
|move|p1a: Groudon|Stone Edge|p2a: Necrozma
|-resisted|p2a: Necrozma
|-damage|p2a: Necrozma|90/100
|move|p2a: Necrozma|Knock Off|p1a: Groudon
|-damage|p1a: Groudon|79/100
|-enditem|p1a: Groudon|Leftovers|[from] move: Knock Off|[of] p2a: Necrozma
|
|-weather|SunnyDay|[upkeep]
|upkeep
|turn|18
|
|t:|1634677825
|move|p1a: Groudon|Precipice Blades|p2a: Necrozma
|-supereffective|p2a: Necrozma
|-damage|p2a: Necrozma|33/100
|move|p2a: Necrozma|Sunsteel Strike|p1a: Groudon
|-damage|p1a: Groudon|45/100
|
|-weather|SunnyDay|[upkeep]
|upkeep
|turn|19
|
|t:|1634677828
|move|p1a: Groudon|Stone Edge|p2a: Necrozma
|-resisted|p2a: Necrozma
|-damage|p2a: Necrozma|21/100
|move|p2a: Necrozma|Sunsteel Strike|p1a: Groudon
|-damage|p1a: Groudon|10/100
|
|-weather|SunnyDay|[upkeep]
|upkeep
|turn|20
|
|t:|1634677829
|move|p1a: Groudon|Precipice Blades|p2a: Necrozma
|-supereffective|p2a: Necrozma
|-damage|p2a: Necrozma|0 fnt
|faint|p2a: Necrozma
|
|-weather|none
|upkeep
|
|t:|1634677831
|switch|p2a: Yveltal|Yveltal|19/100
|-ability|p2a: Yveltal|Dark Aura
|turn|21
|
|t:|1634677834
|move|p2a: Yveltal|Oblivion Wing|p1a: Groudon
|-damage|p1a: Groudon|0 fnt
|-heal|p2a: Yveltal|27/100|[from] drain|[of] p1a: Groudon
|faint|p1a: Groudon
|
|upkeep
|
|t:|1634677840
|switch|p1a: Cloyster|Cloyster, F|100/100
|-damage|p1a: Cloyster|76/100|[from] Stealth Rock
|turn|22
|
|t:|1634677843
|move|p1a: Cloyster|Ice Shard|p2a: Yveltal
|-supereffective|p2a: Yveltal
|-damage|p2a: Yveltal|0 fnt
|faint|p2a: Yveltal
|
|upkeep
|
|t:|1634677849
|switch|p2a: Ho-Oh|Ho-Oh|57/100
|turn|23
|
|t:|1634677853
|move|p1a: Cloyster|Rock Blast|p2a: Ho-Oh
|-supereffective|p2a: Ho-Oh
|-damage|p2a: Ho-Oh|38/100
|-supereffective|p2a: Ho-Oh
|-damage|p2a: Ho-Oh|18/100
|-supereffective|p2a: Ho-Oh
|-damage|p2a: Ho-Oh|0 fnt
|faint|p2a: Ho-Oh
|-hitcount|p2: Ho-Oh|3
|
|upkeep
|
|t:|1634677855
|switch|p2a: Ditto|Ditto|100/100
|-activate|p2a: Ditto|move: Sticky Web
|-unboost|p2a: Ditto|spe|1
|-transform|p2a: Ditto|p1a: Cloyster|[from] ability: Imposter
|turn|24
|
|t:|1634677859
|switch|p1a: Necrozma|Necrozma-Dusk-Mane|67/100
|-damage|p1a: Necrozma|61/100|[from] Stealth Rock
|move|p2a: Ditto|Rock Blast|p1a: Necrozma
|-resisted|p1a: Necrozma
|-damage|p1a: Necrozma|58/100
|-resisted|p1a: Necrozma
|-damage|p1a: Necrozma|56/100
|-resisted|p1a: Necrozma
|-crit|p1a: Necrozma
|-damage|p1a: Necrozma|51/100
|-resisted|p1a: Necrozma
|-damage|p1a: Necrozma|48/100
|-resisted|p1a: Necrozma
|-damage|p1a: Necrozma|45/100
|-hitcount|p1a: Necrozma|5
|
|upkeep
|turn|25
|
|t:|1634677867
|switch|p2a: Eternatus|Eternatus|84/100
|-activate|p2a: Eternatus|move: Sticky Web
|-unboost|p2a: Eternatus|spe|1
|-ability|p2a: Eternatus|Pressure
|move|p1a: Necrozma|Sunsteel Strike|p2a: Eternatus
|-damage|p2a: Eternatus|33/100
|
|-heal|p2a: Eternatus|40/100|[from] item: Black Sludge
|upkeep
|turn|26
|
|t:|1634677874
|move|p1a: Necrozma|Earthquake|p2a: Eternatus
|-supereffective|p2a: Eternatus
|-damage|p2a: Eternatus|0 fnt
|faint|p2a: Eternatus
|
|upkeep
|
|t:|1634677876
|switch|p2a: Ditto|Ditto|100/100
|-activate|p2a: Ditto|move: Sticky Web
|-unboost|p2a: Ditto|spe|1
|-transform|p2a: Ditto|p1a: Necrozma|[from] ability: Imposter
|turn|27
|
|t:|1634677880
|move|p2a: Ditto|Earthquake|p1a: Necrozma
|-supereffective|p1a: Necrozma
|-damage|p1a: Necrozma|0 fnt
|faint|p1a: Necrozma
|
|upkeep
|
|t:|1634677892
|switch|p1a: Eternatus|Eternatus|88/100
|-damage|p1a: Eternatus|76/100|[from] Stealth Rock
|-ability|p1a: Eternatus|Pressure
|turn|28
|
|t:|1634677897
|switch|p2a: Blissey|Blissey, F|84/100
|-activate|p2a: Blissey|move: Sticky Web
|-unboost|p2a: Blissey|spe|1
|move|p1a: Eternatus|Flamethrower|p2a: Blissey
|-damage|p2a: Blissey|75/100
|
|upkeep
|turn|29
|
|t:|1634677901
|switch|p1a: Cloyster|Cloyster, F|76/100
|-damage|p1a: Cloyster|51/100|[from] Stealth Rock
|move|p2a: Blissey|Seismic Toss|p1a: Cloyster
|-damage|p1a: Cloyster|9/100
|
|upkeep
|turn|30
|
|t:|1634677904
|move|p1a: Cloyster|Icicle Spear|p2a: Blissey
|-damage|p2a: Blissey|53/100
|-damage|p2a: Blissey|31/100
|-damage|p2a: Blissey|7/100
|-damage|p2a: Blissey|0 fnt
|faint|p2a: Blissey
|-hitcount|p2: Blissey|4
|
|upkeep
|
|t:|1634677906
|switch|p2a: Ditto|Ditto|100/100
|-activate|p2a: Ditto|move: Sticky Web
|-unboost|p2a: Ditto|spe|1
|-transform|p2a: Ditto|p1a: Cloyster|[from] ability: Imposter
|turn|31
|
|t:|1634677910
|move|p2a: Ditto|Icicle Spear|p1a: Cloyster
|-resisted|p1a: Cloyster
|-damage|p1a: Cloyster|7/100
|-resisted|p1a: Cloyster
|-damage|p1a: Cloyster|4/100
|-resisted|p1a: Cloyster
|-damage|p1a: Cloyster|2/100
|-resisted|p1a: Cloyster
|-damage|p1a: Cloyster|0 fnt
|faint|p1a: Cloyster
|-hitcount|p1: Cloyster|4
|
|upkeep
|
|t:|1634677911
|switch|p1a: Eternatus|Eternatus|76/100
|-damage|p1a: Eternatus|63/100|[from] Stealth Rock
|-ability|p1a: Eternatus|Pressure
|turn|32
|
|t:|1634677913
|move|p1a: Eternatus|Meteor Beam||[still]
|-prepare|p1a: Eternatus|Meteor Beam
|-boost|p1a: Eternatus|spa|1
|-enditem|p1a: Eternatus|Power Herb
|-anim|p1a: Eternatus|Meteor Beam|p2a: Ditto
|-supereffective|p2a: Ditto
|-damage|p2a: Ditto|0 fnt
|faint|p2a: Ditto
|
|win|yoalper
|raw|yoalper's rating: 1532 &rarr; <strong>1557</strong><br />(+25 for winning)
|raw|Pkmn3443's rating: 1628 &rarr; <strong>1603</strong><br />(-25 for losing)
