|html|<div class="broadcast-blue"><strong>[Gen 8] Ubers is currently suspecting Zacian! For information on how to participate check out the <a href="https://www.smogon.com/forums/threads/np-ss-ubers-stage-7-heroes-zacian-hero-suspect-test.3685323/">suspect thread</a>.</strong></div>
|j|☆Pengoid
|j|☆Rell27
|t:|1623126085
|gametype|singles
|player|p1|Pengoid|waiter-gen4|1442
|player|p2|Rell27|1|1576
|teamsize|p1|6
|teamsize|p2|6
|gen|8
|tier|[Gen 8] Ubers
|rated|
|rule|Sleep Clause Mod: Limit one foe put to sleep
|rule|Species Clause: Limit one of each Pokémon
|rule|OHKO Clause: OHKO moves are banned
|rule|Evasion Moves Clause: Evasion moves are banned
|rule|Endless Battle Clause: Forcing endless battles is banned
|rule|HP Percentage Mod: HP is shown in percentages
|rule|Dynamax Clause: You cannot dynamax
|clearpoke
|poke|p1|Tangrowth, F|
|poke|p1|Blissey, F|
|poke|p1|Yveltal|
|poke|p1|Solgaleo|
|poke|p1|Kyogre|
|poke|p1|Calyrex-Ice|
|poke|p2|Necrozma-Dusk-Mane|
|poke|p2|Eternatus|
|poke|p2|Yveltal|
|poke|p2|Calyrex-Shadow|
|poke|p2|Xerneas-*|
|poke|p2|Zacian-*|
|teampreview
|
|t:|1623126098
|start
|switch|p1a: Kyogre|Kyogre|100/100
|switch|p2a: Yveltal|Yveltal|100/100
|-weather|RainDance|[from] ability: Drizzle|[of] p1a: Kyogre
|-ability|p2a: Yveltal|Dark Aura
|turn|1
|
|t:|1623126105
|move|p2a: Yveltal|Sucker Punch|p1a: Kyogre
|-damage|p1a: Kyogre|52/100
|-damage|p2a: Yveltal|91/100|[from] item: Life Orb
|move|p1a: Kyogre|Origin Pulse|p2a: Yveltal
|-damage|p2a: Yveltal|11/100
|
|-weather|RainDance|[upkeep]
|upkeep
|turn|2
|
|t:|1623126112
|switch|p1a: Yveltal|Yveltal|100/100
|-ability|p1a: Yveltal|Dark Aura
|switch|p2a: Eternatus|Eternatus|100/100
|-ability|p2a: Eternatus|Pressure
|
|-weather|RainDance|[upkeep]
|upkeep
|turn|3
|
|t:|1623126123
|switch|p2a: Xerneas|Xerneas|100/100
|-ability|p2a: Xerneas|Fairy Aura
|switch|p1a: Solgaleo|Solgaleo|100/100
|
|-weather|RainDance|[upkeep]
|upkeep
|turn|4
|
|t:|1623126128
|switch|p2a: Necrozma|Necrozma-Dusk-Mane|100/100
|move|p1a: Solgaleo|Future Sight|p2a: Necrozma
|-start|p1a: Solgaleo|move: Future Sight
|
|-weather|RainDance|[upkeep]
|upkeep
|turn|5
|
|t:|1623126131
|move|p2a: Necrozma|Thunder Wave|p1a: Solgaleo
|-status|p1a: Solgaleo|par
|cant|p1a: Solgaleo|par
|
|-weather|none
|upkeep
|turn|6
|
|t:|1623126135
|move|p2a: Necrozma|Stealth Rock|p1a: Solgaleo
|-sidestart|p1: Pengoid|move: Stealth Rock
|move|p1a: Solgaleo|Teleport|p1a: Solgaleo
|
|t:|1623126138
|switch|p1a: Kyogre|Kyogre|52/100|[from]move: Teleport
|-damage|p1a: Kyogre|40/100|[from] Stealth Rock
|-weather|RainDance|[from] ability: Drizzle|[of] p1a: Kyogre
|
|-weather|RainDance|[upkeep]
|-end|p2a: Necrozma|move: Future Sight
|-resisted|p2a: Necrozma
|-damage|p2a: Necrozma|92/100
|upkeep
|turn|7
|
|t:|1623126152
|switch|p2a: Eternatus|Eternatus|100/100
|-ability|p2a: Eternatus|Pressure
|move|p1a: Kyogre|Origin Pulse|p2a: Eternatus
|-resisted|p2a: Eternatus
|-damage|p2a: Eternatus|66/100
|
|-weather|RainDance|[upkeep]
|upkeep
|turn|8
|
|t:|1623126160
|switch|p1a: Blissey|Blissey, F|100/100
|-damage|p1a: Blissey|88/100|[from] Stealth Rock
|move|p2a: Eternatus|Recover|p2a: Eternatus
|-heal|p2a: Eternatus|100/100
|
|-weather|RainDance|[upkeep]
|upkeep
|turn|9
|
|t:|1623126169
|switch|p2a: Zacian|Zacian|100/100
|-ability|p2a: Zacian|Intrepid Sword|boost
|-boost|p2a: Zacian|atk|1
|move|p1a: Blissey|Aromatherapy|p1a: Blissey
|-activate|p1a: Blissey|move: Aromatherapy
|-curestatus|p1: Solgaleo|par|[msg]
|
|-weather|RainDance|[upkeep]
|upkeep
|turn|10
|
|t:|1623126175
|switch|p1a: Tangrowth|Tangrowth, F|100/100
|-damage|p1a: Tangrowth|88/100|[from] Stealth Rock
|move|p2a: Zacian|Swords Dance|p2a: Zacian
|-boost|p2a: Zacian|atk|2
|
|-weather|none
|upkeep
|turn|11
|
|t:|1623126179
|move|p2a: Zacian|Play Rough|p1a: Tangrowth
|-damage|p1a: Tangrowth|36/100
|-damage|p2a: Zacian|84/100|[from] item: Rocky Helmet|[of] p1a: Tangrowth
|move|p1a: Tangrowth|Sleep Powder|p2a: Zacian
|-status|p2a: Zacian|slp|[from] move: Sleep Powder
|
|upkeep
|turn|12
|
|t:|1623126184
|switch|p2a: Xerneas|Xerneas|100/100
|-ability|p2a: Xerneas|Fairy Aura
|switch|p1a: Solgaleo|Solgaleo|100/100
|-damage|p1a: Solgaleo|94/100|[from] Stealth Rock
|
|-heal|p1a: Solgaleo|100/100|[from] item: Leftovers
|upkeep
|turn|13
|
|t:|1623126191
|switch|p2a: Necrozma|Necrozma-Dusk-Mane|92/100
|move|p1a: Solgaleo|Future Sight|p2a: Necrozma
|-start|p1a: Solgaleo|move: Future Sight
|
|upkeep
|turn|14
|
|t:|1623126205
|move|p2a: Necrozma|Thunder Wave|p1a: Solgaleo
|-status|p1a: Solgaleo|par
|cant|p1a: Solgaleo|par
|
|upkeep
|turn|15
|
|t:|1623126213
|switch|p2a: Xerneas|Xerneas|100/100
|-ability|p2a: Xerneas|Fairy Aura
|switch|p1a: Tangrowth|Tangrowth, F|69/100
|-damage|p1a: Tangrowth|57/100|[from] Stealth Rock
|
|-end|p2a: Xerneas|move: Future Sight
|-damage|p2a: Xerneas|64/100
|-heal|p2a: Xerneas|70/100|[from] item: Leftovers
|upkeep
|turn|16
|
|t:|1623126219
|switch|p1a: Blissey|Blissey, F|88/100
|-damage|p1a: Blissey|76/100|[from] Stealth Rock
|move|p2a: Xerneas|Aromatherapy|p2a: Xerneas
|-activate|p2a: Xerneas|move: Aromatherapy
|-curestatus|p2: Zacian|slp|[msg]
|
|-heal|p2a: Xerneas|76/100|[from] item: Leftovers
|upkeep
|turn|17
|
|t:|1623126222
|switch|p2a: Zacian|Zacian|84/100
|-ability|p2a: Zacian|Intrepid Sword|boost
|-boost|p2a: Zacian|atk|1
|move|p1a: Blissey|Confide|p2a: Zacian
|-unboost|p2a: Zacian|spa|1
|
|upkeep
|turn|18
|c|☆Pengoid|oof misclick
|
|t:|1623126229
|switch|p1a: Tangrowth|Tangrowth, F|90/100
|-damage|p1a: Tangrowth|77/100|[from] Stealth Rock
|move|p2a: Zacian|Swords Dance|p2a: Zacian
|-boost|p2a: Zacian|atk|2
|
|upkeep
|turn|19
|
|t:|1623126234
|move|p2a: Zacian|Play Rough|p1a: Tangrowth|[miss]
|-miss|p2a: Zacian|p1a: Tangrowth
|move|p1a: Tangrowth|Sleep Powder|p2a: Zacian
|-status|p2a: Zacian|slp|[from] move: Sleep Powder
|
|upkeep
|turn|20
|
|t:|1623126238
|cant|p2a: Zacian|slp
|move|p1a: Tangrowth|Knock Off|p2a: Zacian
|-resisted|p2a: Zacian
|-damage|p2a: Zacian|75/100 slp
|-enditem|p2a: Zacian|Babiri Berry|[from] move: Knock Off|[of] p1a: Tangrowth
|
|upkeep
|turn|21
|
|t:|1623126241
|switch|p1a: Solgaleo|Solgaleo|100/100 par
|-damage|p1a: Solgaleo|94/100 par|[from] Stealth Rock
|-curestatus|p2a: Zacian|slp|[msg]
|move|p2a: Zacian|Play Rough|p1a: Solgaleo
|-resisted|p1a: Solgaleo
|-damage|p1a: Solgaleo|67/100 par
|
|-heal|p1a: Solgaleo|73/100 par|[from] item: Leftovers
|upkeep
|turn|22
|
|t:|1623126244
|move|p2a: Zacian|Crunch|p1a: Solgaleo
|-supereffective|p1a: Solgaleo
|-damage|p1a: Solgaleo|9/100 par
|cant|p1a: Solgaleo|par
|
|-heal|p1a: Solgaleo|15/100 par|[from] item: Leftovers
|upkeep
|turn|23
|
|t:|1623126250
|move|p2a: Zacian|Crunch|p1a: Solgaleo
|-supereffective|p1a: Solgaleo
|-damage|p1a: Solgaleo|0 fnt
|faint|p1a: Solgaleo
|
|upkeep
|
|t:|1623126251
|switch|p1a: Kyogre|Kyogre|40/100
|-damage|p1a: Kyogre|27/100|[from] Stealth Rock
|-weather|RainDance|[from] ability: Drizzle|[of] p1a: Kyogre
|turn|24
|
|t:|1623126258
|switch|p2a: Eternatus|Eternatus|100/100
|-ability|p2a: Eternatus|Pressure
|move|p1a: Kyogre|Origin Pulse|p2a: Eternatus|[miss]
|-miss|p1a: Kyogre|p2a: Eternatus
|
|-weather|RainDance|[upkeep]
|upkeep
|turn|25
|
|t:|1623126263
|switch|p1a: The G's|Calyrex-Ice|100/100
|-ability|p1a: The G's|As One
|-ability|p1a: The G's|Unnerve
|-damage|p1a: The G's|76/100|[from] Stealth Rock
|switch|p2a: Zacian|Zacian|75/100
|-ability|p2a: Zacian|Intrepid Sword|boost
|-boost|p2a: Zacian|atk|1
|
|-weather|RainDance|[upkeep]
|-heal|p1a: The G's|82/100|[from] item: Leftovers
|upkeep
|turn|26
|
|t:|1623126269
|move|p2a: Zacian|Crunch|p1a: The G's
|-supereffective|p1a: The G's
|-damage|p1a: The G's|25/100
|-unboost|p1a: The G's|def|1
|move|p1a: The G's|Glacial Lance|p2a: Zacian
|-damage|p2a: Zacian|5/100
|
|-weather|RainDance|[upkeep]
|-heal|p1a: The G's|32/100|[from] item: Leftovers
|upkeep
|turn|27
|
|t:|1623126276
|switch|p1a: Tangrowth|Tangrowth, F|100/100
|-damage|p1a: Tangrowth|88/100|[from] Stealth Rock
|move|p2a: Zacian|Crunch|p1a: Tangrowth
|-damage|p1a: Tangrowth|68/100
|-damage|p2a: Zacian|0 fnt|[from] item: Rocky Helmet|[of] p1a: Tangrowth
|faint|p2a: Zacian
|
|-weather|RainDance|[upkeep]
|upkeep
|
|t:|1623126280
|switch|p2a: Yveltal|Yveltal|11/100
|-ability|p2a: Yveltal|Dark Aura
|turn|28
|
|t:|1623126283
|switch|p1a: Yveltal|Yveltal|100/100
|-ability|p1a: Yveltal|Dark Aura
|move|p2a: Yveltal|Oblivion Wing|p1a: Yveltal
|-damage|p1a: Yveltal|67/100
|-heal|p2a: Yveltal|38/100|[from] drain|[of] p1a: Yveltal
|-damage|p2a: Yveltal|28/100|[from] item: Life Orb
|
|-weather|none
|upkeep
|turn|29
|
|t:|1623126291
|switch|p2a: Xerneas|Xerneas|76/100
|-ability|p2a: Xerneas|Fairy Aura
|move|p1a: Yveltal|Defog|p2a: Xerneas
|-unboost|p2a: Xerneas|evasion|1
|-sideend|p1: Pengoid|Stealth Rock|[from] move: Defog|[of] p1a: Yveltal
|
|-heal|p2a: Xerneas|82/100|[from] item: Leftovers
|upkeep
|turn|30
|
|t:|1623126300
|switch|p2a: Necrozma|Necrozma-Dusk-Mane|92/100
|switch|p1a: Blissey|Blissey, F|76/100
|
|upkeep
|turn|31
|
|t:|1623126309
|switch|p1a: Tangrowth|Tangrowth, F|100/100
|move|p2a: Necrozma|Stealth Rock|p1a: Tangrowth
|-sidestart|p1: Pengoid|move: Stealth Rock
|
|upkeep
|turn|32
|
|t:|1623126315
|switch|p2a: Yveltal|Yveltal|28/100
|-ability|p2a: Yveltal|Dark Aura
|move|p1a: Tangrowth|Sleep Powder|p2a: Yveltal
|-status|p2a: Yveltal|slp|[from] move: Sleep Powder
|
|upkeep
|turn|33
|
|t:|1623126319
|switch|p2a: Xerneas|Xerneas|82/100
|-ability|p2a: Xerneas|Fairy Aura
|move|p1a: Tangrowth|Knock Off|p2a: Xerneas
|-resisted|p2a: Xerneas
|-damage|p2a: Xerneas|74/100
|-enditem|p2a: Xerneas|Leftovers|[from] move: Knock Off|[of] p1a: Tangrowth
|
|upkeep
|turn|34
|j| XYZ
|
|t:|1623126328
|switch|p1a: Blissey|Blissey, F|76/100
|-damage|p1a: Blissey|63/100|[from] Stealth Rock
|move|p2a: Xerneas|Aromatherapy|p2a: Xerneas
|-activate|p2a: Xerneas|move: Aromatherapy
|-curestatus|p2: Yveltal|slp|[msg]
|
|upkeep
|turn|35
|
|t:|1623126332
|switch|p2a: Calyrex|Calyrex-Shadow|100/100
|-ability|p2a: Calyrex|As One
|-ability|p2a: Calyrex|Unnerve
|move|p1a: Blissey|Seismic Toss|p2a: Calyrex
|-immune|p2a: Calyrex
|
|upkeep
|turn|36
|
|t:|1623126341
|move|p2a: Calyrex|Substitute|p2a: Calyrex
|-start|p2a: Calyrex|Substitute
|-damage|p2a: Calyrex|76/100
|move|p1a: Blissey|Confide|p2a: Calyrex
|-unboost|p2a: Calyrex|spa|1
|
|upkeep
|turn|37
|
|t:|1623126345
|switch|p1a: Yveltal|Yveltal|67/100
|-ability|p1a: Yveltal|Dark Aura
|move|p2a: Calyrex|Disable||[still]
|-fail|p2a: Calyrex
|
|upkeep
|turn|38
|
|t:|1623126351
|move|p2a: Calyrex|Leech Seed|p1a: Yveltal
|-start|p1a: Yveltal|move: Leech Seed
|move|p1a: Yveltal|Defog|p2a: Calyrex
|-sideend|p1: Pengoid|Stealth Rock|[from] move: Defog|[of] p1a: Yveltal
|
|-damage|p1a: Yveltal|55/100|[from] Leech Seed|[of] p2a: Calyrex
|-heal|p2a: Calyrex|91/100|[silent]
|upkeep
|turn|39
|
|t:|1623126359
|move|p2a: Calyrex|Astral Barrage|p1a: Yveltal
|-resisted|p1a: Yveltal
|-damage|p1a: Yveltal|43/100
|move|p1a: Yveltal|Roost|p1a: Yveltal
|-heal|p1a: Yveltal|93/100
|-singleturn|p1a: Yveltal|move: Roost
|
|-damage|p1a: Yveltal|80/100|[from] Leech Seed|[of] p2a: Calyrex
|-heal|p2a: Calyrex|100/100|[silent]
|upkeep
|turn|40
|
|t:|1623126368
|move|p2a: Calyrex|Disable|p1a: Yveltal
|-start|p1a: Yveltal|Disable|Roost
|move|p1a: Yveltal|U-turn|p2a: Calyrex
|-activate|p2a: Calyrex|move: Substitute|[damage]
|
|t:|1623126372
|switch|p1a: Blissey|Blissey, F|63/100|[from]move: U-turn
|
|upkeep
|turn|41
|
|t:|1623126377
|move|p2a: Calyrex|Leech Seed|p1a: Blissey
|-start|p1a: Blissey|move: Leech Seed
|move|p1a: Blissey|Soft-Boiled|p1a: Blissey
|-heal|p1a: Blissey|100/100
|
|-damage|p1a: Blissey|88/100|[from] Leech Seed|[of] p2a: Calyrex
|upkeep
|turn|42
|
|t:|1623126385
|switch|p2a: Yveltal|Yveltal|28/100
|-ability|p2a: Yveltal|Dark Aura
|move|p1a: Blissey|Confide|p2a: Yveltal
|-unboost|p2a: Yveltal|spa|1
|
|-damage|p1a: Blissey|76/100|[from] Leech Seed|[of] p2a: Yveltal
|-heal|p2a: Yveltal|47/100|[silent]
|upkeep
|turn|43
|
|t:|1623126392
|switch|p1a: Yveltal|Yveltal|80/100
|-ability|p1a: Yveltal|Dark Aura
|move|p2a: Yveltal|Oblivion Wing|p1a: Yveltal
|-damage|p1a: Yveltal|58/100
|-heal|p2a: Yveltal|65/100|[from] drain|[of] p1a: Yveltal
|-damage|p2a: Yveltal|55/100|[from] item: Life Orb
|
|upkeep
|turn|44
|
|t:|1623126400
|switch|p2a: Xerneas|Xerneas|74/100
|-ability|p2a: Xerneas|Fairy Aura
|move|p1a: Yveltal|Knock Off|p2a: Xerneas
|-resisted|p2a: Xerneas
|-damage|p2a: Xerneas|61/100
|
|upkeep
|turn|45
|
|t:|1623126406
|switch|p1a: Blissey|Blissey, F|76/100
|move|p2a: Xerneas|Moonblast|p1a: Blissey
|-damage|p1a: Blissey|55/100
|
|upkeep
|turn|46
|
|t:|1623126410
|switch|p2a: Necrozma|Necrozma-Dusk-Mane|92/100
|move|p1a: Blissey|Soft-Boiled|p1a: Blissey
|-heal|p1a: Blissey|100/100
|
|upkeep
|turn|47
|
|t:|1623126415
|switch|p1a: Kyogre|Kyogre|27/100
|-weather|RainDance|[from] ability: Drizzle|[of] p1a: Kyogre
|move|p2a: Necrozma|Thunder Wave|p1a: Kyogre
|-status|p1a: Kyogre|par
|
|-weather|RainDance|[upkeep]
|upkeep
|turn|48
|
|t:|1623126421
|switch|p2a: Eternatus|Eternatus|100/100
|-ability|p2a: Eternatus|Pressure
|move|p1a: Kyogre|Origin Pulse|p2a: Eternatus
|-resisted|p2a: Eternatus
|-crit|p2a: Eternatus
|-damage|p2a: Eternatus|44/100
|
|-weather|RainDance|[upkeep]
|upkeep
|turn|49
|
|t:|1623126430
|switch|p1a: The G's|Calyrex-Ice|32/100
|-ability|p1a: The G's|As One
|-ability|p1a: The G's|Unnerve
|move|p2a: Eternatus|Dynamax Cannon|p1a: The G's
|-damage|p1a: The G's|0 fnt
|faint|p1a: The G's
|-damage|p2a: Eternatus|34/100|[from] item: Life Orb
|
|-weather|RainDance|[upkeep]
|upkeep
|
|t:|1623126439
|switch|p1a: Yveltal|Yveltal|58/100
|-ability|p1a: Yveltal|Dark Aura
|turn|50
|
|t:|1623126445
|switch|p2a: Xerneas|Xerneas|61/100
|-ability|p2a: Xerneas|Fairy Aura
|move|p1a: Yveltal|Knock Off|p2a: Xerneas
|-resisted|p2a: Xerneas
|-damage|p2a: Xerneas|49/100
|
|-weather|RainDance|[upkeep]
|upkeep
|turn|51
|
|t:|1623126452
|switch|p1a: Blissey|Blissey, F|100/100
|move|p2a: Xerneas|Rest|p2a: Xerneas
|-status|p2a: Xerneas|slp|[from] move: Rest
|-heal|p2a: Xerneas|100/100 slp|[silent]
|
|-weather|none
|upkeep
|turn|52
|
|t:|1623126455
|switch|p2a: Eternatus|Eternatus|34/100
|-ability|p2a: Eternatus|Pressure
|move|p1a: Blissey|Aromatherapy|p1a: Blissey
|-activate|p1a: Blissey|move: Aromatherapy
|-curestatus|p1: Kyogre|par|[msg]
|
|upkeep
|turn|53
|
|t:|1623126457
|move|p2a: Eternatus|Recover|p2a: Eternatus
|-heal|p2a: Eternatus|84/100
|move|p1a: Blissey|Seismic Toss|p2a: Eternatus
|-damage|p2a: Eternatus|62/100
|
|upkeep
|turn|54
|
|t:|1623126461
|switch|p2a: Calyrex|Calyrex-Shadow|100/100
|-ability|p2a: Calyrex|As One
|-ability|p2a: Calyrex|Unnerve
|move|p1a: Blissey|Confide|p2a: Calyrex
|-unboost|p2a: Calyrex|spa|1
|
|upkeep
|turn|55
|
|t:|1623126466
|move|p2a: Calyrex|Leech Seed|p1a: Blissey|[miss]
|-miss|p2a: Calyrex|p1a: Blissey
|move|p1a: Blissey|Confide|p2a: Calyrex
|-unboost|p2a: Calyrex|spa|1
|
|upkeep
|turn|56
|
|t:|1623126469
|move|p2a: Calyrex|Leech Seed|p1a: Blissey
|-start|p1a: Blissey|move: Leech Seed
|move|p1a: Blissey|Confide|p2a: Calyrex
|-unboost|p2a: Calyrex|spa|1
|
|-damage|p1a: Blissey|88/100|[from] Leech Seed|[of] p2a: Calyrex
|upkeep
|turn|57
|
|t:|1623126479
|switch|p2a: Necrozma|Necrozma-Dusk-Mane|92/100
|switch|p1a: Tangrowth|Tangrowth, F|100/100
|
|upkeep
|turn|58
|
|t:|1623126490
|move|p2a: Necrozma|Thunder Wave|p1a: Tangrowth
|-status|p1a: Tangrowth|par
|move|p1a: Tangrowth|Sleep Powder|p2a: Necrozma|[miss]
|-miss|p1a: Tangrowth|p2a: Necrozma
|
|upkeep
|turn|59
|
|t:|1623126495
|switch|p2a: Xerneas|Xerneas|100/100 slp
|-ability|p2a: Xerneas|Fairy Aura
|move|p1a: Tangrowth|Sleep Powder|p2a: Xerneas
|-fail|p2a: Xerneas|slp
|
|upkeep
|turn|60
|
|t:|1623126502
|switch|p1a: Kyogre|Kyogre|27/100
|-weather|RainDance|[from] ability: Drizzle|[of] p1a: Kyogre
|cant|p2a: Xerneas|slp
|
|-weather|RainDance|[upkeep]
|upkeep
|turn|61
|
|t:|1623126521
|switch|p2a: Yveltal|Yveltal|55/100
|-ability|p2a: Yveltal|Dark Aura
|move|p1a: Kyogre|Ice Beam|p2a: Yveltal
|-supereffective|p2a: Yveltal
|-damage|p2a: Yveltal|0 fnt
|faint|p2a: Yveltal
|
|-weather|RainDance|[upkeep]
|upkeep
|
|t:|1623126535
|switch|p2a: Calyrex|Calyrex-Shadow|100/100
|-ability|p2a: Calyrex|As One
|-ability|p2a: Calyrex|Unnerve
|turn|62
|
|t:|1623126540
|switch|p1a: Blissey|Blissey, F|88/100
|move|p2a: Calyrex|Disable||[still]
|-fail|p2a: Calyrex
|
|-weather|RainDance|[upkeep]
|upkeep
|turn|63
|
|t:|1623126544
|move|p2a: Calyrex|Leech Seed|p1a: Blissey
|-start|p1a: Blissey|move: Leech Seed
|move|p1a: Blissey|Confide|p2a: Calyrex
|-unboost|p2a: Calyrex|spa|1
|
|-weather|RainDance|[upkeep]
|-damage|p1a: Blissey|76/100|[from] Leech Seed|[of] p2a: Calyrex
|upkeep
|turn|64
|
|t:|1623126546
|move|p2a: Calyrex|Disable|p1a: Blissey
|-start|p1a: Blissey|Disable|Confide
|move|p1a: Blissey|Soft-Boiled|p1a: Blissey
|-heal|p1a: Blissey|100/100
|
|-weather|none
|-damage|p1a: Blissey|88/100|[from] Leech Seed|[of] p2a: Calyrex
|upkeep
|turn|65
|
|t:|1623126553
|switch|p1a: Yveltal|Yveltal|58/100
|-ability|p1a: Yveltal|Dark Aura
|move|p2a: Calyrex|Leech Seed|p1a: Yveltal
|-start|p1a: Yveltal|move: Leech Seed
|
|-damage|p1a: Yveltal|45/100|[from] Leech Seed|[of] p2a: Calyrex
|upkeep
|turn|66
|
|t:|1623126560
|switch|p2a: Xerneas|Xerneas|100/100 slp
|-ability|p2a: Xerneas|Fairy Aura
|move|p1a: Yveltal|Roost|p1a: Yveltal
|-heal|p1a: Yveltal|95/100
|-singleturn|p1a: Yveltal|move: Roost
|
|-damage|p1a: Yveltal|83/100|[from] Leech Seed|[of] p2a: Xerneas
|upkeep
|turn|67
|
|t:|1623126564
|switch|p2a: Eternatus|Eternatus|62/100
|-ability|p2a: Eternatus|Pressure
|move|p1a: Yveltal|U-turn|p2a: Eternatus
|-resisted|p2a: Eternatus
|-damage|p2a: Eternatus|56/100
|
|t:|1623126566
|switch|p1a: Blissey|Blissey, F|88/100|[from]move: U-turn
|
|upkeep
|turn|68
|
|t:|1623126571
|move|p2a: Eternatus|Recover|p2a: Eternatus
|-heal|p2a: Eternatus|100/100
|move|p1a: Blissey|Aromatherapy|p1a: Blissey
|-activate|p1a: Blissey|move: Aromatherapy
|-curestatus|p1: Tangrowth|par|[msg]
|
|upkeep
|turn|69
|
|t:|1623126576
|switch|p2a: Necrozma|Necrozma-Dusk-Mane|92/100
|move|p1a: Blissey|Confide|p2a: Necrozma
|-unboost|p2a: Necrozma|spa|1
|
|upkeep
|turn|70
|
|t:|1623126579
|switch|p1a: Tangrowth|Tangrowth, F|100/100
|move|p2a: Necrozma|Thunder Wave|p1a: Tangrowth
|-status|p1a: Tangrowth|par
|
|upkeep
|turn|71
|
|t:|1623126583
|move|p2a: Necrozma|Stealth Rock|p1a: Tangrowth
|-sidestart|p1: Pengoid|move: Stealth Rock
|move|p1a: Tangrowth|Sleep Powder|p2a: Necrozma
|-status|p2a: Necrozma|slp|[from] move: Sleep Powder
|
|upkeep
|turn|72
|
|t:|1623126596
|switch|p2a: Calyrex|Calyrex-Shadow|100/100
|-ability|p2a: Calyrex|As One
|-ability|p2a: Calyrex|Unnerve
|cant|p1a: Tangrowth|par
|
|upkeep
|turn|73
|
|t:|1623126598
|switch|p1a: Yveltal|Yveltal|83/100
|-ability|p1a: Yveltal|Dark Aura
|move|p2a: Calyrex|Astral Barrage|p1a: Yveltal
|-resisted|p1a: Yveltal
|-damage|p1a: Yveltal|63/100
|
|upkeep
|turn|74
|
|t:|1623126608
|switch|p2a: Xerneas|Xerneas|100/100 slp
|-ability|p2a: Xerneas|Fairy Aura
|move|p1a: Yveltal|Defog|p2a: Xerneas
|-unboost|p2a: Xerneas|evasion|1
|-sideend|p1: Pengoid|Stealth Rock|[from] move: Defog|[of] p1a: Yveltal
|
|upkeep
|turn|75
|
|t:|1623126614
|move|p1a: Yveltal|Roost|p1a: Yveltal
|-heal|p1a: Yveltal|100/100
|-singleturn|p1a: Yveltal|move: Roost
|cant|p2a: Xerneas|slp
|
|upkeep
|turn|76
|
|t:|1623126618
|switch|p2a: Calyrex|Calyrex-Shadow|100/100
|-ability|p2a: Calyrex|As One
|-ability|p2a: Calyrex|Unnerve
|switch|p1a: Blissey|Blissey, F|88/100
|
|upkeep
|turn|77
|
|t:|1623126621
|move|p2a: Calyrex|Leech Seed|p1a: Blissey
|-start|p1a: Blissey|move: Leech Seed
|move|p1a: Blissey|Confide|p2a: Calyrex
|-unboost|p2a: Calyrex|spa|1
|
|-damage|p1a: Blissey|76/100|[from] Leech Seed|[of] p2a: Calyrex
|upkeep
|turn|78
|
|t:|1623126627
|move|p2a: Calyrex|Leech Seed||[still]
|-fail|p2a: Calyrex
|move|p1a: Blissey|Soft-Boiled|p1a: Blissey
|-heal|p1a: Blissey|100/100
|
|-damage|p1a: Blissey|88/100|[from] Leech Seed|[of] p2a: Calyrex
|upkeep
|turn|79
|
|t:|1623126629
|move|p2a: Calyrex|Disable|p1a: Blissey
|-start|p1a: Blissey|Disable|Soft-Boiled
|move|p1a: Blissey|Confide|p2a: Calyrex
|-unboost|p2a: Calyrex|spa|1
|
|-damage|p1a: Blissey|76/100|[from] Leech Seed|[of] p2a: Calyrex
|upkeep
|turn|80
|
|t:|1623126633
|switch|p1a: Tangrowth|Tangrowth, F|100/100 par
|move|p2a: Calyrex|Leech Seed|p1a: Tangrowth
|-immune|p1a: Tangrowth
|
|upkeep
|turn|81
|
|t:|1623126642
|switch|p2a: Xerneas|Xerneas|100/100 slp
|-ability|p2a: Xerneas|Fairy Aura
|cant|p1a: Tangrowth|par
|
|upkeep
|turn|82
|
|t:|1623126648
|switch|p1a: Blissey|Blissey, F|76/100
|-curestatus|p2a: Xerneas|slp|[msg]
|move|p2a: Xerneas|Aromatherapy|p2a: Xerneas
|-activate|p2a: Xerneas|move: Aromatherapy
|-curestatus|p2: Necrozma|slp|[msg]
|
|upkeep
|turn|83
|
|t:|1623126653
|switch|p2a: Necrozma|Necrozma-Dusk-Mane|92/100
|move|p1a: Blissey|Aromatherapy|p1a: Blissey
|-activate|p1a: Blissey|move: Aromatherapy
|-curestatus|p1: Tangrowth|par|[msg]
|
|upkeep
|turn|84
|
|t:|1623126659
|switch|p1a: Kyogre|Kyogre|27/100
|-weather|RainDance|[from] ability: Drizzle|[of] p1a: Kyogre
|move|p2a: Necrozma|Thunder Wave|p1a: Kyogre|[miss]
|-miss|p2a: Necrozma|p1a: Kyogre
|
|-weather|RainDance|[upkeep]
|upkeep
|turn|85
|
|t:|1623126661
|switch|p2a: Eternatus|Eternatus|100/100
|-ability|p2a: Eternatus|Pressure
|move|p1a: Kyogre|Origin Pulse|p2a: Eternatus
|-resisted|p2a: Eternatus
|-damage|p2a: Eternatus|63/100
|
|-weather|RainDance|[upkeep]
|upkeep
|turn|86
|
|t:|1623126668
|switch|p1a: Yveltal|Yveltal|100/100
|-ability|p1a: Yveltal|Dark Aura
|move|p2a: Eternatus|Sludge Bomb|p1a: Yveltal
|-damage|p1a: Yveltal|63/100
|-status|p1a: Yveltal|psn
|-damage|p2a: Eternatus|53/100|[from] item: Life Orb
|
|-weather|RainDance|[upkeep]
|-damage|p1a: Yveltal|50/100 psn|[from] psn
|upkeep
|turn|87
|
|t:|1623126673
|move|p2a: Eternatus|Dynamax Cannon|p1a: Yveltal
|-damage|p1a: Yveltal|12/100 psn
|-damage|p2a: Eternatus|44/100|[from] item: Life Orb
|move|p1a: Yveltal|Knock Off|p2a: Eternatus
|-damage|p2a: Eternatus|5/100
|-enditem|p2a: Eternatus|Life Orb|[from] move: Knock Off|[of] p1a: Yveltal
|
|-weather|RainDance|[upkeep]
|-damage|p1a: Yveltal|0 fnt|[from] psn
|faint|p1a: Yveltal
|upkeep
|
|t:|1623126681
|switch|p1a: Kyogre|Kyogre|27/100
|turn|88
|
|t:|1623126686
|switch|p2a: Necrozma|Necrozma-Dusk-Mane|92/100
|move|p1a: Kyogre|Origin Pulse|p2a: Necrozma
|-damage|p2a: Necrozma|13/100
|
|-weather|none
|upkeep
|turn|89
|
|t:|1623126693
|switch|p2a: Xerneas|Xerneas|100/100
|-ability|p2a: Xerneas|Fairy Aura
|move|p1a: Kyogre|Origin Pulse|p2a: Xerneas
|-damage|p2a: Xerneas|47/100
|
|upkeep
|turn|90
|
|t:|1623126696
|move|p1a: Kyogre|Origin Pulse|p2a: Xerneas
|-damage|p2a: Xerneas|0 fnt
|faint|p2a: Xerneas
|
|upkeep
|
|t:|1623126699
|switch|p2a: Calyrex|Calyrex-Shadow|100/100
|-ability|p2a: Calyrex|As One
|-ability|p2a: Calyrex|Unnerve
|turn|91
|
|t:|1623126703
|move|p1a: Kyogre|Origin Pulse|p2a: Calyrex
|-damage|p2a: Calyrex|41/100
|move|p2a: Calyrex|Astral Barrage|p1a: Kyogre
|-damage|p1a: Kyogre|0 fnt
|faint|p1a: Kyogre
|-ability|p2a: Calyrex|Grim Neigh|boost
|-boost|p2a: Calyrex|spa|1
|
|upkeep
|
|t:|1623126706
|switch|p1a: Blissey|Blissey, F|76/100
|turn|92
|
|t:|1623126711
|move|p2a: Calyrex|Leech Seed|p1a: Blissey
|-start|p1a: Blissey|move: Leech Seed
|move|p1a: Blissey|Confide|p2a: Calyrex
|-unboost|p2a: Calyrex|spa|1
|
|-damage|p1a: Blissey|63/100|[from] Leech Seed|[of] p2a: Calyrex
|-heal|p2a: Calyrex|63/100|[silent]
|upkeep
|turn|93
|
|t:|1623126717
|move|p2a: Calyrex|Disable|p1a: Blissey
|-start|p1a: Blissey|Disable|Confide
|move|p1a: Blissey|Soft-Boiled|p1a: Blissey
|-heal|p1a: Blissey|100/100
|
|-damage|p1a: Blissey|88/100|[from] Leech Seed|[of] p2a: Calyrex
|-heal|p2a: Calyrex|85/100|[silent]
|upkeep
|turn|94
|
|t:|1623126728
|move|p2a: Calyrex|Substitute|p2a: Calyrex
|-start|p2a: Calyrex|Substitute
|-damage|p2a: Calyrex|60/100
|move|p1a: Blissey|Soft-Boiled|p1a: Blissey
|-heal|p1a: Blissey|100/100
|
|-damage|p1a: Blissey|88/100|[from] Leech Seed|[of] p2a: Calyrex
|-heal|p2a: Calyrex|82/100|[silent]
|upkeep
|turn|95
|
|t:|1623126734
|switch|p1a: Tangrowth|Tangrowth, F|100/100
|move|p2a: Calyrex|Leech Seed|p1a: Tangrowth
|-immune|p1a: Tangrowth
|
|upkeep
|turn|96
|
|t:|1623126741
|switch|p1a: Blissey|Blissey, F|88/100
|move|p2a: Calyrex|Astral Barrage|p1a: Blissey
|-immune|p1a: Blissey
|
|upkeep
|turn|97
|
|t:|1623126745
|move|p2a: Calyrex|Leech Seed|p1a: Blissey
|-start|p1a: Blissey|move: Leech Seed
|move|p1a: Blissey|Confide|p2a: Calyrex
|-unboost|p2a: Calyrex|spa|1
|
|-damage|p1a: Blissey|76/100|[from] Leech Seed|[of] p2a: Calyrex
|-heal|p2a: Calyrex|100/100|[silent]
|upkeep
|turn|98
|
|t:|1623126753
|move|p2a: Calyrex|Substitute|p2a: Calyrex
|-fail|p2a: Calyrex|move: Substitute
|move|p1a: Blissey|Confide|p2a: Calyrex
|-unboost|p2a: Calyrex|spa|1
|
|-damage|p1a: Blissey|63/100|[from] Leech Seed|[of] p2a: Calyrex
|upkeep
|turn|99
|
|t:|1623126759
|move|p2a: Calyrex|Disable|p1a: Blissey
|-start|p1a: Blissey|Disable|Confide
|move|p1a: Blissey|Soft-Boiled|p1a: Blissey
|-heal|p1a: Blissey|100/100
|
|-damage|p1a: Blissey|88/100|[from] Leech Seed|[of] p2a: Calyrex
|upkeep
|turn|100
|
|t:|1623126767
|switch|p1a: Tangrowth|Tangrowth, F|100/100
|move|p2a: Calyrex|Leech Seed|p1a: Tangrowth
|-immune|p1a: Tangrowth
|
|upkeep
|turn|101
|
|t:|1623126778
|switch|p2a: Necrozma|Necrozma-Dusk-Mane|13/100
|move|p1a: Tangrowth|Earthquake|p2a: Necrozma
|-supereffective|p2a: Necrozma
|-damage|p2a: Necrozma|0 fnt
|faint|p2a: Necrozma
|
|upkeep
|
|t:|1623126783
|switch|p2a: Eternatus|Eternatus|5/100
|-ability|p2a: Eternatus|Pressure
|turn|102
|
|t:|1623126785
|move|p2a: Eternatus|Recover|p2a: Eternatus
|-heal|p2a: Eternatus|55/100
|move|p1a: Tangrowth|Earthquake|p2a: Eternatus
|-supereffective|p2a: Eternatus
|-damage|p2a: Eternatus|19/100
|
|upkeep
|turn|103
|
|t:|1623126791
|move|p2a: Eternatus|Sludge Bomb|p1a: Tangrowth
|-supereffective|p1a: Tangrowth
|-damage|p1a: Tangrowth|0 fnt
|faint|p1a: Tangrowth
|
|upkeep
|
|t:|1623126793
|switch|p1a: Blissey|Blissey, F|88/100
|turn|104
|
|t:|1623126798
|move|p2a: Eternatus|Recover|p2a: Eternatus
|-heal|p2a: Eternatus|69/100
|move|p1a: Blissey|Seismic Toss|p2a: Eternatus
|-damage|p2a: Eternatus|48/100
|
|upkeep
|turn|105
|
|t:|1623126803
|move|p2a: Eternatus|Sludge Bomb|p1a: Blissey
|-damage|p1a: Blissey|72/100
|move|p1a: Blissey|Confide|p2a: Eternatus
|-unboost|p2a: Eternatus|spa|1
|
|upkeep
|turn|106
|inactive|Battle timer is ON: inactive players will automatically lose when time's up. (requested by Pengoid)
|
|t:|1623126811
|move|p2a: Eternatus|Recover|p2a: Eternatus
|-heal|p2a: Eternatus|98/100
|move|p1a: Blissey|Confide|p2a: Eternatus
|-unboost|p2a: Eternatus|spa|1
|
|upkeep
|turn|107
|
|t:|1623126815
|move|p2a: Eternatus|Sludge Bomb|p1a: Blissey
|-damage|p1a: Blissey|64/100
|move|p1a: Blissey|Seismic Toss|p2a: Eternatus
|-damage|p2a: Eternatus|76/100
|
|upkeep
|turn|108
|
|t:|1623126818
|switch|p2a: Calyrex|Calyrex-Shadow|100/100
|-ability|p2a: Calyrex|As One
|-ability|p2a: Calyrex|Unnerve
|move|p1a: Blissey|Soft-Boiled|p1a: Blissey
|-heal|p1a: Blissey|100/100
|
|upkeep
|turn|109
|
|t:|1623126822
|move|p2a: Calyrex|Leech Seed|p1a: Blissey
|-start|p1a: Blissey|move: Leech Seed
|move|p1a: Blissey|Seismic Toss|p2a: Calyrex
|-immune|p2a: Calyrex
|
|-damage|p1a: Blissey|88/100|[from] Leech Seed|[of] p2a: Calyrex
|upkeep
|turn|110
|
|t:|1623126829
|move|p2a: Calyrex|Astral Barrage|p1a: Blissey
|-immune|p1a: Blissey
|move|p1a: Blissey|Seismic Toss|p2a: Calyrex
|-immune|p2a: Calyrex
|
|-damage|p1a: Blissey|76/100|[from] Leech Seed|[of] p2a: Calyrex
|upkeep
|turn|111
|
|t:|1623126836
|move|p2a: Calyrex|Astral Barrage|p1a: Blissey
|-immune|p1a: Blissey
|move|p1a: Blissey|Seismic Toss|p2a: Calyrex
|-immune|p2a: Calyrex
|
|-damage|p1a: Blissey|63/100|[from] Leech Seed|[of] p2a: Calyrex
|upkeep
|turn|112
|
|t:|1623126842
|move|p2a: Calyrex|Substitute|p2a: Calyrex
|-start|p2a: Calyrex|Substitute
|-damage|p2a: Calyrex|76/100
|move|p1a: Blissey|Confide|p2a: Calyrex
|-unboost|p2a: Calyrex|spa|1
|
|-damage|p1a: Blissey|51/100|[from] Leech Seed|[of] p2a: Calyrex
|-heal|p2a: Calyrex|98/100|[silent]
|upkeep
|turn|113
|
|t:|1623126850
|move|p2a: Calyrex|Substitute|p2a: Calyrex
|-fail|p2a: Calyrex|move: Substitute
|move|p1a: Blissey|Soft-Boiled|p1a: Blissey
|-heal|p1a: Blissey|100/100
|
|-damage|p1a: Blissey|88/100|[from] Leech Seed|[of] p2a: Calyrex
|-heal|p2a: Calyrex|100/100|[silent]
|upkeep
|turn|114
|
|t:|1623126856
|move|p2a: Calyrex|Disable|p1a: Blissey
|-start|p1a: Blissey|Disable|Soft-Boiled
|move|p1a: Blissey|Confide|p2a: Calyrex
|-unboost|p2a: Calyrex|spa|1
|
|-damage|p1a: Blissey|76/100|[from] Leech Seed|[of] p2a: Calyrex
|upkeep
|turn|115
|c|☆Pengoid|gg
|-message|Pengoid forfeited.
|
|win|Rell27
|raw|Pengoid's rating: 1442 &rarr; <strong>1429</strong><br />(-13 for losing)
|raw|Rell27's rating: 1576 &rarr; <strong>1589</strong><br />(+13 for winning)
|l|☆Rell27
