|j|☆Team ashrgg
|j|☆yesman.90
|t:|1639783333
|gametype|singles
|player|p1|Team ashrgg|nate|1153
|player|p2|yesman.90|blue|1293
|teamsize|p1|6
|teamsize|p2|6
|gen|8
|tier|[Gen 8] Ubers
|rated|
|rule|Sleep Clause Mod: Limit one foe put to sleep
|rule|Species Clause: Limit one of each Pokémon
|rule|OHKO Clause: OHKO moves are banned
|rule|Evasion Moves Clause: Evasion moves are banned
|rule|Endless Battle Clause: Forcing endless battles is banned
|rule|HP Percentage Mod: HP is shown in percentages
|rule|Dynamax Clause: You cannot dynamax
|clearpoke
|poke|p1|Slurpuff, M|
|poke|p1|Landorus, M|
|poke|p1|Calyrex-Shadow|
|poke|p1|Eternatus|
|poke|p1|Necrozma-Dusk-Mane|
|poke|p1|Yveltal|
|poke|p2|Excadrill, M|
|poke|p2|Dracozolt|
|poke|p2|Whimsicott, M|
|poke|p2|Dracovish|
|poke|p2|Alakazam, M|
|poke|p2|Tyranitar, F|
|teampreview
|inactive|Battle timer is ON: inactive players will automatically lose when time's up. (requested by Team ashrgg)
|inactive|yesman.90 has 120 seconds left.
|
|t:|1639783368
|start
|switch|p1a: Slurpuff|Slurpuff, M|100/100
|switch|p2a: Whimsicott|Whimsicott, M|100/100
|turn|1
|
|t:|1639783376
|move|p2a: Whimsicott|Moonblast|p1a: Slurpuff
|-damage|p1a: Slurpuff|42/100
|-unboost|p1a: Slurpuff|spa|1
|move|p1a: Slurpuff|Sticky Web|p2a: Whimsicott
|-sidestart|p2: yesman.90|move: Sticky Web
|
|upkeep
|turn|2
|
|t:|1639783382
|move|p2a: Whimsicott|Encore|p1a: Slurpuff
|-start|p1a: Slurpuff|Encore
|move|p1a: Slurpuff|Sticky Web||[still]
|-fail|p1a: Slurpuff
|
|upkeep
|turn|3
|
|t:|1639783393
|switch|p1a: Necrozma|Necrozma-Dusk-Mane|100/100
|move|p2a: Whimsicott|Defog|p1a: Necrozma
|-unboost|p1a: Necrozma|evasion|1
|-sideend|p2: yesman.90|Sticky Web|[from] move: Defog|[of] p2a: Whimsicott
|
|upkeep
|turn|4
|
|t:|1639783400
|switch|p2a: Dracovish|Dracovish|100/100
|move|p1a: Necrozma|Sunsteel Strike|p2a: Dracovish
|-resisted|p2a: Dracovish
|-damage|p2a: Dracovish|58/100
|-damage|p1a: Necrozma|91/100|[from] item: Life Orb
|
|upkeep
|turn|5
|
|t:|1639783409
|move|p2a: Dracovish|Fishious Rend|p1a: Necrozma
|-damage|p1a: Necrozma|0 fnt
|faint|p1a: Necrozma
|
|upkeep
|
|t:|1639783418
|switch|p1a: Calyrex|Calyrex-Shadow|100/100
|-ability|p1a: Calyrex|As One
|-ability|p1a: Calyrex|Unnerve
|turn|6
|
|t:|1639783425
|switch|p2a: Tyranitar|Tyranitar, F|100/100
|-weather|Sandstorm|[from] ability: Sand Stream|[of] p2a: Tyranitar
|move|p1a: Calyrex|Astral Barrage|p2a: Tyranitar
|-resisted|p2a: Tyranitar
|-damage|p2a: Tyranitar|79/100
|
|-weather|Sandstorm|[upkeep]
|-damage|p1a: Calyrex|94/100|[from] Sandstorm
|upkeep
|turn|7
|
|t:|1639783437
|switch|p1a: Slurpuff|Slurpuff, M|42/100
|move|p2a: Tyranitar|Crunch|p1a: Slurpuff
|-resisted|p1a: Slurpuff
|-damage|p1a: Slurpuff|8/100
|
|-weather|Sandstorm|[upkeep]
|-damage|p1a: Slurpuff|2/100|[from] Sandstorm
|upkeep
|turn|8
|
|t:|1639783451
|switch|p2a: Whimsicott|Whimsicott, M|100/100
|move|p1a: Slurpuff|Sticky Web|p2a: Whimsicott
|-sidestart|p2: yesman.90|move: Sticky Web
|
|-weather|Sandstorm|[upkeep]
|-damage|p2a: Whimsicott|94/100|[from] Sandstorm
|-damage|p1a: Slurpuff|0 fnt|[from] Sandstorm
|faint|p1a: Slurpuff
|upkeep
|
|t:|1639783465
|switch|p1a: Eternatus|Eternatus|100/100
|-ability|p1a: Eternatus|Pressure
|turn|9
|
|t:|1639783474
|move|p2a: Whimsicott|Defog|p1a: Eternatus
|-unboost|p1a: Eternatus|evasion|1
|-sideend|p2: yesman.90|Sticky Web|[from] move: Defog|[of] p2a: Whimsicott
|move|p1a: Eternatus|Sludge Bomb|p2a: Whimsicott
|-supereffective|p2a: Whimsicott
|-damage|p2a: Whimsicott|0 fnt
|faint|p2a: Whimsicott
|
|-weather|Sandstorm|[upkeep]
|-damage|p1a: Eternatus|94/100|[from] Sandstorm
|upkeep
|
|t:|1639783490
|switch|p2a: Alakazam|Alakazam, M|100/100
|turn|10
|
|t:|1639783502
|switch|p1a: Yveltal|Yveltal|100/100
|-ability|p1a: Yveltal|Dark Aura
|move|p2a: Alakazam|Psychic Terrain|p2a: Alakazam
|-fieldstart|move: Psychic Terrain
|
|-weather|Sandstorm|[upkeep]
|-damage|p1a: Yveltal|94/100|[from] Sandstorm
|upkeep
|turn|11
|
|t:|1639783516
|switch|p2a: Tyranitar|Tyranitar, F|79/100
|move|p1a: Yveltal|Knock Off|p2a: Tyranitar
|-resisted|p2a: Tyranitar
|-damage|p2a: Tyranitar|39/100
|-enditem|p2a: Tyranitar|Smooth Rock|[from] move: Knock Off|[of] p1a: Yveltal
|
|-weather|Sandstorm|[upkeep]
|-damage|p1a: Yveltal|88/100|[from] Sandstorm
|upkeep
|turn|12
|
|t:|1639783526
|switch|p1a: Eternatus|Eternatus|94/100
|-ability|p1a: Eternatus|Pressure
|move|p2a: Tyranitar|Ice Beam|p1a: Eternatus
|-supereffective|p1a: Eternatus
|-damage|p1a: Eternatus|58/100
|
|-weather|Sandstorm|[upkeep]
|-damage|p1a: Eternatus|52/100|[from] Sandstorm
|upkeep
|turn|13
|
|t:|1639783556
|move|p1a: Eternatus|Meteor Beam||[still]
|-prepare|p1a: Eternatus|Meteor Beam
|-boost|p1a: Eternatus|spa|1
|-enditem|p1a: Eternatus|Power Herb
|-anim|p1a: Eternatus|Meteor Beam|p2a: Tyranitar
|-damage|p2a: Tyranitar|5/100
|move|p2a: Tyranitar|Earthquake|p1a: Eternatus
|-supereffective|p1a: Eternatus
|-damage|p1a: Eternatus|0 fnt
|faint|p1a: Eternatus
|
|-weather|none
|upkeep
|
|t:|1639783575
|switch|p1a: Calyrex|Calyrex-Shadow|94/100
|-ability|p1a: Calyrex|As One
|-ability|p1a: Calyrex|Unnerve
|turn|14
|inactive|yesman.90 has 120 seconds left.
|
|t:|1639783599
|switch|p2a: Dracovish|Dracovish|58/100
|move|p1a: Calyrex|Astral Barrage|p2a: Dracovish
|-damage|p2a: Dracovish|0 fnt
|faint|p2a: Dracovish
|-ability|p1a: Calyrex|Grim Neigh|boost
|-boost|p1a: Calyrex|spa|1
|
|-fieldend|move: Psychic Terrain
|upkeep
|inactive|yesman.90 has 120 seconds left.
|
|t:|1639783613
|switch|p2a: Tyranitar|Tyranitar, F|5/100
|-weather|Sandstorm|[from] ability: Sand Stream|[of] p2a: Tyranitar
|turn|15
|inactive|yesman.90 has 120 seconds left.
|
|t:|1639783619
|move|p1a: Calyrex|Astral Barrage|p2a: Tyranitar
|-resisted|p2a: Tyranitar
|-damage|p2a: Tyranitar|0 fnt
|faint|p2a: Tyranitar
|-ability|p1a: Calyrex|Grim Neigh|boost
|-boost|p1a: Calyrex|spa|1
|
|-weather|Sandstorm|[upkeep]
|-damage|p1a: Calyrex|88/100|[from] Sandstorm
|upkeep
|inactive|yesman.90 has 120 seconds left.
|
|t:|1639783634
|switch|p2a: Alakazam|Alakazam, M|100/100
|turn|16
|
|t:|1639783646
|move|p1a: Calyrex|Astral Barrage|p2a: Alakazam
|-supereffective|p2a: Alakazam
|-enditem|p2a: Alakazam|Focus Sash
|-damage|p2a: Alakazam|1/100
|move|p2a: Alakazam|Psychic|p1a: Calyrex
|-resisted|p1a: Calyrex
|-damage|p1a: Calyrex|61/100
|
|-weather|Sandstorm|[upkeep]
|-damage|p1a: Calyrex|55/100|[from] Sandstorm
|upkeep
|turn|17
|
|t:|1639783657
|move|p1a: Calyrex|Astral Barrage|p2a: Alakazam
|-supereffective|p2a: Alakazam
|-damage|p2a: Alakazam|0 fnt
|faint|p2a: Alakazam
|-ability|p1a: Calyrex|Grim Neigh|boost
|-boost|p1a: Calyrex|spa|1
|
|-weather|Sandstorm|[upkeep]
|-damage|p1a: Calyrex|49/100|[from] Sandstorm
|upkeep
|
|t:|1639783667
|switch|p2a: Excadrill|Excadrill, M|100/100
|turn|18
|
|t:|1639783672
|move|p2a: Excadrill|Earthquake|p1a: Calyrex
|-damage|p1a: Calyrex|0 fnt
|faint|p1a: Calyrex
|
|-weather|Sandstorm|[upkeep]
|upkeep
|
|t:|1639783681
|switch|p1a: Yveltal|Yveltal|88/100
|-ability|p1a: Yveltal|Dark Aura
|turn|19
|
|t:|1639783690
|move|p2a: Excadrill|Iron Head|p1a: Yveltal
|-damage|p1a: Yveltal|47/100
|move|p1a: Yveltal|Knock Off|p2a: Excadrill
|-enditem|p2a: Excadrill|Focus Sash
|-damage|p2a: Excadrill|1/100
|
|-weather|none
|upkeep
|turn|20
|
|t:|1639783705
|move|p1a: Yveltal|Sucker Punch|p2a: Excadrill
|-damage|p2a: Excadrill|0 fnt
|faint|p2a: Excadrill
|
|upkeep
|
|t:|1639783709
|switch|p2a: Dracozolt|Dracozolt|100/100
|turn|21
|
|t:|1639783713
|move|p1a: Yveltal|Sucker Punch|p2a: Dracozolt
|-damage|p2a: Dracozolt|35/100
|move|p2a: Dracozolt|Bolt Beak|p1a: Yveltal
|-supereffective|p1a: Yveltal
|-damage|p1a: Yveltal|0 fnt
|faint|p1a: Yveltal
|-damage|p2a: Dracozolt|25/100|[from] item: Life Orb
|
|upkeep
|
|t:|1639783716
|switch|p1a: Landorus|Landorus, M|100/100
|turn|22
|
|t:|1639783724
|move|p1a: Landorus|Earth Power|p2a: Dracozolt
|-supereffective|p2a: Dracozolt
|-damage|p2a: Dracozolt|0 fnt
|faint|p2a: Dracozolt
|
|win|Team ashrgg
|raw|Team ashrgg's rating: 1153 &rarr; <strong>1188</strong><br />(+35 for winning)
|raw|yesman.90's rating: 1293 &rarr; <strong>1258</strong><br />(-35 for losing)
|l|☆yesman.90
