|j|☆caionamax
|j|☆thepikassfhu
|t:|1647949075
|gametype|singles
|player|p1|caionamax|sordward|1517
|player|p2|thepikassfhu|sonia-professor|1436
|teamsize|p1|6
|teamsize|p2|6
|gen|8
|tier|[Gen 8] Ubers
|rated|
|rule|Sleep Clause Mod: Limit one foe put to sleep
|rule|Species Clause: Limit one of each Pokémon
|rule|OHKO Clause: OHKO moves are banned
|rule|Evasion Moves Clause: Evasion moves are banned
|rule|Endless Battle Clause: Forcing endless battles is banned
|rule|HP Percentage Mod: HP is shown in percentages
|rule|Dynamax Clause: You cannot dynamax
|clearpoke
|poke|p1|Dwebble, F|
|poke|p1|Xerneas-*|
|poke|p1|Yveltal|
|poke|p1|Regieleki|
|poke|p1|Calyrex-Shadow|
|poke|p1|Necrozma-Dusk-Mane|
|poke|p2|Calyrex-Shadow|
|poke|p2|Marshadow|
|poke|p2|Yveltal|
|poke|p2|Necrozma-Dusk-Mane|
|poke|p2|Lugia|
|poke|p2|Xerneas-*|
|teampreview
|inactive|Battle timer is ON: inactive players will automatically lose when time's up. (requested by caionamax)
|inactive|thepikassfhu has 120 seconds left.
|inactive|thepikassfhu has 90 seconds left.
|
|t:|1647949144
|start
|switch|p1a: Dwebble|Dwebble, F|100/100
|switch|p2a: Calyrex|Calyrex-Shadow|100/100
|-ability|p2a: Calyrex|As One
|-ability|p2a: Calyrex|Unnerve
|turn|1
|j| pok3m0n_123
|
|t:|1647949156
|switch|p2a: Yveltal|Yveltal|100/100
|-ability|p2a: Yveltal|Dark Aura
|move|p1a: Dwebble|Knock Off|p2a: Yveltal
|-resisted|p2a: Yveltal
|-damage|p2a: Yveltal|84/100
|-enditem|p2a: Yveltal|Choice Scarf|[from] move: Knock Off|[of] p1a: Dwebble
|
|upkeep
|turn|2
|
|t:|1647949170
|move|p2a: Yveltal|Oblivion Wing|p1a: Dwebble
|-enditem|p1a: Dwebble|Focus Sash
|-damage|p1a: Dwebble|1/100
|-heal|p2a: Yveltal|100/100|[from] drain|[of] p1a: Dwebble
|move|p1a: Dwebble|Stealth Rock|p2a: Yveltal
|-sidestart|p2: thepikassfhu|move: Stealth Rock
|
|upkeep
|turn|3
|
|t:|1647949179
|move|p2a: Yveltal|Oblivion Wing|p1a: Dwebble
|-damage|p1a: Dwebble|0 fnt
|faint|p1a: Dwebble
|
|upkeep
|
|t:|1647949181
|switch|p1a: Xerneas|Xerneas|100/100
|-ability|p1a: Xerneas|Fairy Aura
|turn|4
|
|t:|1647949189
|move|p2a: Yveltal|Defog|p1a: Xerneas
|-unboost|p1a: Xerneas|evasion|1
|-sideend|p2: thepikassfhu|Stealth Rock|[from] move: Defog|[of] p2a: Yveltal
|move|p1a: Xerneas|Geomancy||[still]
|-prepare|p1a: Xerneas|Geomancy
|-enditem|p1a: Xerneas|Power Herb
|-anim|p1a: Xerneas|Geomancy|p1a: Xerneas
|-boost|p1a: Xerneas|spa|2
|-boost|p1a: Xerneas|spd|2
|-boost|p1a: Xerneas|spe|2
|
|upkeep
|turn|5
|
|t:|1647949197
|move|p1a: Xerneas|Moonblast|p2a: Yveltal
|-supereffective|p2a: Yveltal
|-damage|p2a: Yveltal|0 fnt
|faint|p2a: Yveltal
|
|upkeep
|
|t:|1647949202
|switch|p2a: Necrozma|Necrozma-Dusk-Mane|100/100
|turn|6
|
|t:|1647949206
|move|p1a: Xerneas|Focus Blast|p2a: Necrozma|[miss]
|-miss|p1a: Xerneas|p2a: Necrozma
|move|p2a: Necrozma|Sunsteel Strike|p1a: Xerneas
|-supereffective|p1a: Xerneas
|-damage|p1a: Xerneas|24/100
|
|upkeep
|turn|7
|
|t:|1647949213
|move|p1a: Xerneas|Focus Blast|p2a: Necrozma
|-damage|p2a: Necrozma|23/100
|move|p2a: Necrozma|Sunsteel Strike|p1a: Xerneas
|-supereffective|p1a: Xerneas
|-damage|p1a: Xerneas|0 fnt
|faint|p1a: Xerneas
|
|-heal|p2a: Necrozma|29/100|[from] item: Leftovers
|upkeep
|
|t:|1647949218
|switch|p1a: Calyrex|Calyrex-Shadow|100/100
|-ability|p1a: Calyrex|As One
|-ability|p1a: Calyrex|Unnerve
|turn|8
|
|t:|1647949231
|move|p1a: Calyrex|Astral Barrage|p2a: Necrozma
|-supereffective|p2a: Necrozma
|-damage|p2a: Necrozma|0 fnt
|faint|p2a: Necrozma
|-ability|p1a: Calyrex|Grim Neigh|boost
|-boost|p1a: Calyrex|spa|1
|
|upkeep
|
|t:|1647949241
|switch|p2a: Marshadow|Marshadow|100/100
|turn|9
|
|t:|1647949245
|move|p1a: Calyrex|Astral Barrage|p2a: Marshadow
|-supereffective|p2a: Marshadow
|-enditem|p2a: Marshadow|Focus Sash
|-damage|p2a: Marshadow|1/100
|move|p2a: Marshadow|Spectral Thief||[still]
|-clearpositiveboost|p1a: Calyrex|p2a: Marshadow|move: Spectral Thief
|-boost|p2a: Marshadow|spa|1
|-anim|p2a: Marshadow|Spectral Thief|p1a: Calyrex
|-supereffective|p1a: Calyrex
|-enditem|p1a: Calyrex|Focus Sash
|-damage|p1a: Calyrex|1/100
|
|upkeep
|turn|10
|
|t:|1647949260
|move|p2a: Marshadow|Shadow Sneak|p1a: Calyrex
|-supereffective|p1a: Calyrex
|-damage|p1a: Calyrex|0 fnt
|faint|p1a: Calyrex
|
|upkeep
|
|t:|1647949262
|switch|p1a: Yveltal|Yveltal|100/100
|-ability|p1a: Yveltal|Dark Aura
|turn|11
|
|t:|1647949266
|move|p1a: Yveltal|Sucker Punch|p2a: Marshadow
|-damage|p2a: Marshadow|0 fnt
|faint|p2a: Marshadow
|-damage|p1a: Yveltal|91/100|[from] item: Life Orb
|
|upkeep
|
|t:|1647949277
|switch|p2a: Xerneas|Xerneas|100/100
|-ability|p2a: Xerneas|Fairy Aura
|turn|12
|
|t:|1647949281
|move|p1a: Yveltal|Taunt|p2a: Xerneas
|-start|p2a: Xerneas|move: Taunt
|cant|p2a: Xerneas|move: Taunt|Geomancy
|
|upkeep
|turn|13
|
|t:|1647949286
|switch|p1a: Necrozma|Necrozma-Dusk-Mane|100/100
|move|p2a: Xerneas|Moonblast|p1a: Necrozma
|-resisted|p1a: Necrozma
|-damage|p1a: Necrozma|67/100
|-unboost|p1a: Necrozma|spa|1
|
|upkeep
|turn|14
|
|t:|1647949293
|switch|p2a: Lugia|Lugia|100/100
|move|p1a: Necrozma|Sunsteel Strike|p2a: Lugia
|-damage|p2a: Lugia|66/100
|
|upkeep
|turn|15
|
|t:|1647949302
|move|p2a: Lugia|Roost|p2a: Lugia
|-heal|p2a: Lugia|100/100
|-singleturn|p2a: Lugia|move: Roost
|move|p1a: Necrozma|Stone Edge|p2a: Lugia
|-damage|p2a: Lugia|90/100
|
|upkeep
|turn|16
|
|t:|1647949311
|switch|p1a: Yveltal|Yveltal|91/100
|-ability|p1a: Yveltal|Dark Aura
|move|p2a: Lugia|Roost|p2a: Lugia
|-heal|p2a: Lugia|100/100
|-singleturn|p2a: Lugia|move: Roost
|
|upkeep
|turn|17
|
|t:|1647949321
|move|p1a: Yveltal|Taunt|p2a: Lugia
|-start|p2a: Lugia|move: Taunt
|move|p2a: Lugia|Ice Beam|p1a: Yveltal
|-supereffective|p1a: Yveltal
|-damage|p1a: Yveltal|58/100
|
|upkeep
|turn|18
|
|t:|1647949327
|move|p1a: Yveltal|Dark Pulse|p2a: Lugia
|-supereffective|p2a: Lugia
|-damage|p2a: Lugia|56/100
|-damage|p1a: Yveltal|48/100|[from] item: Life Orb
|move|p2a: Lugia|Ice Beam|p1a: Yveltal
|-supereffective|p1a: Yveltal
|-damage|p1a: Yveltal|13/100
|
|upkeep
|turn|19
|
|t:|1647949336
|switch|p2a: Xerneas|Xerneas|100/100
|-ability|p2a: Xerneas|Fairy Aura
|move|p1a: Yveltal|Dark Pulse|p2a: Xerneas
|-resisted|p2a: Xerneas
|-damage|p2a: Xerneas|71/100
|-damage|p1a: Yveltal|4/100|[from] item: Life Orb
|
|upkeep
|turn|20
|
|t:|1647949349
|move|p1a: Yveltal|Taunt|p2a: Xerneas
|-start|p2a: Xerneas|move: Taunt
|cant|p2a: Xerneas|move: Taunt|Geomancy
|
|upkeep
|turn|21
|
|t:|1647949356
|switch|p2a: Lugia|Lugia|56/100
|move|p1a: Yveltal|Oblivion Wing|p2a: Lugia
|-damage|p2a: Lugia|27/100
|-heal|p1a: Yveltal|27/100|[from] drain|[of] p2a: Lugia
|-damage|p1a: Yveltal|17/100|[from] item: Life Orb
|
|upkeep
|turn|22
|
|t:|1647949365
|move|p1a: Yveltal|Oblivion Wing|p2a: Lugia
|-damage|p2a: Lugia|0 fnt
|-heal|p1a: Yveltal|38/100|[from] drain|[of] p2a: Lugia
|faint|p2a: Lugia
|-damage|p1a: Yveltal|28/100|[from] item: Life Orb
|
|upkeep
|
|t:|1647949373
|switch|p2a: Calyrex|Calyrex-Shadow|100/100
|-ability|p2a: Calyrex|As One
|-ability|p2a: Calyrex|Unnerve
|turn|23
|
|t:|1647949379
|move|p1a: Yveltal|Sucker Punch||[still]
|-fail|p1a: Yveltal
|move|p2a: Calyrex|Substitute|p2a: Calyrex
|-start|p2a: Calyrex|Substitute
|-damage|p2a: Calyrex|76/100
|
|upkeep
|turn|24
|
|t:|1647949385
|move|p2a: Calyrex|Astral Barrage|p1a: Yveltal
|-resisted|p1a: Yveltal
|-damage|p1a: Yveltal|0 fnt
|faint|p1a: Yveltal
|-ability|p2a: Calyrex|Grim Neigh|boost
|-boost|p2a: Calyrex|spa|1
|
|upkeep
|
|t:|1647949388
|switch|p1a: Regieleki|Regieleki|100/100
|turn|25
|
|t:|1647949396
|move|p1a: Regieleki|Assurance|p2a: Calyrex
|-supereffective|p2a: Calyrex
|-end|p2a: Calyrex|Substitute
|-damage|p1a: Regieleki|91/100|[from] item: Life Orb
|move|p2a: Calyrex|Astral Barrage|p1a: Regieleki
|-damage|p1a: Regieleki|0 fnt
|faint|p1a: Regieleki
|-ability|p2a: Calyrex|Grim Neigh|boost
|-boost|p2a: Calyrex|spa|1
|
|upkeep
|
|t:|1647949398
|switch|p1a: Necrozma|Necrozma-Dusk-Mane|67/100
|turn|26
|c|☆thepikassfhu|gg
|
|t:|1647949408
|move|p2a: Calyrex|Astral Barrage|p1a: Necrozma
|-supereffective|p1a: Necrozma
|-damage|p1a: Necrozma|0 fnt
|faint|p1a: Necrozma
|
|win|thepikassfhu
|raw|caionamax's rating: 1535 &rarr; <strong>1509</strong><br />(-26 for losing)
|raw|thepikassfhu's rating: 1436 &rarr; <strong>1462</strong><br />(+26 for winning)
|l|☆caionamax
|l|☆thepikassfhu
|j|☆thepikassfhu
|player|p2|thepikassfhu|sonia-professor
|l| pok3m0n_123
||Ladder isn't responding, score probably updated but might not have (Request timeout).
