|j|☆PokeDuels Blue
|j|☆Pkmn3443
|t:|1634332196
|gametype|singles
|player|p1|PokeDuels Blue|2|1559
|player|p2|Pkmn3443|265|1722
|teamsize|p1|6
|teamsize|p2|6
|gen|8
|tier|[Gen 8] Ubers
|rated|
|rule|Sleep Clause Mod: Limit one foe put to sleep
|rule|Species Clause: Limit one of each Pokémon
|rule|OHKO Clause: OHKO moves are banned
|rule|Evasion Moves Clause: Evasion moves are banned
|rule|Endless Battle Clause: Forcing endless battles is banned
|rule|HP Percentage Mod: HP is shown in percentages
|rule|Dynamax Clause: You cannot dynamax
|clearpoke
|poke|p1|Giratina|
|poke|p1|Necrozma-Dusk-Mane|
|poke|p1|Audino, L99, F|
|poke|p1|Ditto|
|poke|p1|Tapu Bulu|
|poke|p1|Eternatus|
|poke|p2|Blissey, F|
|poke|p2|Necrozma-Dusk-Mane|
|poke|p2|Ho-Oh|
|poke|p2|Eternatus|
|poke|p2|Ditto|
|poke|p2|Yveltal|
|teampreview
|
|t:|1634332221
|start
|switch|p1a: Audino|Audino, L99, F|100/100
|switch|p2a: Ditto|Ditto|100/100
|-transform|p2a: Ditto|p1a: Audino|[from] ability: Imposter
|turn|1
|
|t:|1634332228
|switch|p1a: Ditto|Ditto|100/100
|move|p2a: Ditto|Thunder Wave|p1a: Ditto
|-immune|p1a: Ditto|[from] ability: Limber
|
|upkeep
|turn|2
|
|t:|1634332241
|move|p1a: Ditto|Transform||[still]
|-fail|p1a: Ditto
|move|p2a: Ditto|Thunder Wave|p1a: Ditto
|-immune|p1a: Ditto|[from] ability: Limber
|
|upkeep
|turn|3
|
|t:|1634332246
|move|p1a: Ditto|Transform||[still]
|-fail|p1a: Ditto
|move|p2a: Ditto|Thunder Wave|p1a: Ditto
|-immune|p1a: Ditto|[from] ability: Limber
|
|upkeep
|turn|4
|
|t:|1634332250
|move|p1a: Ditto|Transform||[still]
|-fail|p1a: Ditto
|move|p2a: Ditto|Thunder Wave|p1a: Ditto
|-immune|p1a: Ditto|[from] ability: Limber
|
|upkeep
|turn|5
|
|t:|1634332251
|move|p1a: Ditto|Transform||[still]
|-fail|p1a: Ditto
|move|p2a: Ditto|Thunder Wave|p1a: Ditto|[miss]
|-miss|p2a: Ditto|p1a: Ditto
|
|upkeep
|turn|6
|
|t:|1634332257
|switch|p2a: Blissey|Blissey, F|100/100
|move|p1a: Ditto|Transform|p2a: Blissey
|-transform|p1a: Ditto|p2a: Blissey
|
|upkeep
|turn|7
|
|t:|1634332263
|switch|p2a: Ho-Oh|Ho-Oh|100/100
|move|p1a: Ditto|Seismic Toss|p2a: Ho-Oh
|-damage|p2a: Ho-Oh|76/100
|
|upkeep
|turn|8
|
|t:|1634332276
|switch|p1a: Giratina|Giratina|100/100
|-ability|p1a: Giratina|Pressure
|switch|p2a: Eternatus|Eternatus|100/100
|-ability|p2a: Eternatus|Pressure
|
|upkeep
|turn|9
|
|t:|1634332281
|switch|p2a: Ho-Oh|Ho-Oh|100/100
|move|p1a: Giratina|Will-O-Wisp|p2a: Ho-Oh
|-immune|p2a: Ho-Oh
|
|upkeep
|turn|10
|
|t:|1634332290
|switch|p1a: Ditto|Ditto|100/100
|move|p2a: Ho-Oh|Toxic|p1a: Ditto
|-status|p1a: Ditto|tox
|
|-damage|p1a: Ditto|94/100 tox|[from] psn
|upkeep
|turn|11
|-message|PokeDuels Blue forfeited.
|
|win|Pkmn3443
|raw|PokeDuels Blue's rating: 1559 &rarr; <strong>1548</strong><br />(-11 for losing)
|raw|Pkmn3443's rating: 1722 &rarr; <strong>1733</strong><br />(+11 for winning)
|l|☆PokeDuels Blue
