|j|☆light alchemist
|j|☆Bulldoger
|player|p1|light alchemist|101|1431
|player|p2|Bulldoger|hoopster|1382
|teamsize|p1|6
|teamsize|p2|6
|gametype|singles
|gen|8
|tier|[Gen 8] Ubers
|rated|
|clearpoke
|poke|p1|Lunala|
|poke|p1|Zamazenta-Crowned|
|poke|p1|Corviknight, M|
|poke|p1|Indeedee, M|
|poke|p1|Eternatus|
|poke|p1|Tyranitar, M|
|poke|p2|Lunala|
|poke|p2|Melmetal|
|poke|p2|Marshadow|
|poke|p2|Mew|
|poke|p2|Zacian-Crowned|
|poke|p2|Dracovish|
|rule|Sleep Clause Mod: Limit one foe put to sleep
|rule|Species Clause: Limit one of each Pokémon
|rule|OHKO Clause: OHKO moves are banned
|rule|Evasion Moves Clause: Evasion moves are banned
|rule|Endless Battle Clause: Forcing endless battles is banned
|rule|HP Percentage Mod: HP is shown in percentages
|html|Ubers Dynamax Clause: Pokémon on the <a href="https://www.smogon.com/dex/ss/formats/uber/">Ubers Dynamax Banlist</a> cannot Dynamax.
|teampreview
|inactive|Battle timer is ON: inactive players will automatically lose when time's up. (requested by Bulldoger)
|
|start
|switch|p1a: Eternatus|Eternatus|100/100
|switch|p2a: Mew|Mew|100/100
|-ability|p1a: Eternatus|Pressure
|turn|1
|
|move|p1a: Eternatus|Toxic|p2a: Mew
|-status|p2a: Mew|tox
|-activate|p2a: Mew|ability: Synchronize
|-immune|p1a: Eternatus
|move|p2a: Mew|Stealth Rock|p1a: Eternatus
|-sidestart|p1: light alchemist|move: Stealth Rock
|
|-damage|p2a: Mew|94/100 tox|[from] psn
|upkeep
|turn|2
|
|switch|p1a: Corviknight|Corviknight, M|100/100
|-damage|p1a: Corviknight|88/100|[from] Stealth Rock
|-ability|p1a: Corviknight|Pressure
|move|p2a: Mew|Dragon Dance|p2a: Mew
|-boost|p2a: Mew|atk|1
|-boost|p2a: Mew|spe|1
|
|-damage|p2a: Mew|82/100 tox|[from] psn
|upkeep
|turn|3
|
|move|p2a: Mew|Dragon Dance|p2a: Mew
|-boost|p2a: Mew|atk|1
|-boost|p2a: Mew|spe|1
|move|p1a: Corviknight|Defog|p2a: Mew
|-unboost|p2a: Mew|evasion|1
|-sideend|p1: light alchemist|Stealth Rock|[from] move: Defog|[of] p1a: Corviknight
|
|-damage|p2a: Mew|64/100 tox|[from] psn
|upkeep
|turn|4
|
|move|p2a: Mew|Stealth Rock|p1a: Corviknight
|-sidestart|p1: light alchemist|move: Stealth Rock
|move|p1a: Corviknight|Iron Defense|p1a: Corviknight
|-boost|p1a: Corviknight|def|2
|
|-damage|p2a: Mew|39/100 tox|[from] psn
|upkeep
|turn|5
|
|move|p2a: Mew|Baton Pass|p2a: Mew
|
|switch|p2a: Marshadow|Marshadow|100/100|[from]move: Baton Pass
|move|p1a: Corviknight|Defog|p2a: Marshadow
|-unboost|p2a: Marshadow|evasion|1
|-sideend|p1: light alchemist|Stealth Rock|[from] move: Defog|[of] p1a: Corviknight
|
|upkeep
|turn|6
|
|switch|p1a: Tyranitar|Tyranitar, M|100/100
|-weather|Sandstorm|[from] ability: Sand Stream|[of] p1a: Tyranitar
|move|p2a: Marshadow|Spectral Thief|p1a: Tyranitar
|-resisted|p1a: Tyranitar
|-damage|p1a: Tyranitar|68/100
|
|-weather|Sandstorm|[upkeep]
|-damage|p2a: Marshadow|94/100|[from] Sandstorm
|-heal|p1a: Tyranitar|74/100|[from] item: Leftovers
|upkeep
|turn|7
|
|switch|p1a: Zamazenta|Zamazenta-Crowned|100/100
|-ability|p1a: Zamazenta|Dauntless Shield|boost
|-boost|p1a: Zamazenta|def|1
|move|p2a: Marshadow|Drain Punch|p1a: Zamazenta
|-supereffective|p1a: Zamazenta
|-damage|p1a: Zamazenta|28/100
|-heal|p2a: Marshadow|100/100|[from] drain|[of] p1a: Zamazenta
|
|-weather|Sandstorm|[upkeep]
|-damage|p2a: Marshadow|94/100|[from] Sandstorm
|upkeep
|turn|8
|
|switch|p1a: Tyranitar|Tyranitar, M|74/100
|move|p2a: Marshadow|Spectral Thief|p1a: Tyranitar
|-resisted|p1a: Tyranitar
|-damage|p1a: Tyranitar|42/100
|
|-weather|Sandstorm|[upkeep]
|-damage|p2a: Marshadow|88/100|[from] Sandstorm
|-heal|p1a: Tyranitar|48/100|[from] item: Leftovers
|upkeep
|turn|9
|
|switch|p1a: Zamazenta|Zamazenta-Crowned|28/100
|-ability|p1a: Zamazenta|Dauntless Shield|boost
|-boost|p1a: Zamazenta|def|1
|move|p2a: Marshadow|Drain Punch|p1a: Zamazenta
|-supereffective|p1a: Zamazenta
|-damage|p1a: Zamazenta|0 fnt
|-heal|p2a: Marshadow|100/100|[from] drain|[of] p1a: Zamazenta
|faint|p1a: Zamazenta
|
|-weather|Sandstorm|[upkeep]
|-damage|p2a: Marshadow|94/100|[from] Sandstorm
|upkeep
|
|switch|p1a: Indeedee|Indeedee, M|100/100
|-fieldstart|move: Psychic Terrain|[from] ability: Psychic Surge|[of] p1a: Indeedee
|turn|10
|
|move|p2a: Marshadow|Spectral Thief|p1a: Indeedee
|-immune|p1a: Indeedee
|move|p1a: Indeedee|Expanding Force|p2a: Marshadow
|-supereffective|p2a: Marshadow
|-damage|p2a: Marshadow|0 fnt
|faint|p2a: Marshadow
|
|-weather|none
|upkeep
|
|switch|p2a: Mew|Mew|39/100 tox
|turn|11
|
|move|p1a: Indeedee|Expanding Force|p2a: Mew
|-resisted|p2a: Mew
|-damage|p2a: Mew|8/100 tox
|move|p2a: Mew|Dragon Dance|p2a: Mew
|-boost|p2a: Mew|atk|1
|-boost|p2a: Mew|spe|1
|
|-damage|p2a: Mew|1/100 tox|[from] psn
|upkeep
|turn|12
|
|move|p1a: Indeedee|Expanding Force|p2a: Mew
|-resisted|p2a: Mew
|-damage|p2a: Mew|0 fnt
|faint|p2a: Mew
|
|upkeep
|inactive|Bulldoger has 120 seconds left.
|
|switch|p2a: Dracovish|Dracovish|100/100
|turn|13
|
|switch|p1a: Eternatus|Eternatus|100/100
|-ability|p1a: Eternatus|Pressure
|move|p2a: Dracovish|Fishious Rend|p1a: Eternatus
|-resisted|p1a: Eternatus
|-damage|p1a: Eternatus|76/100
|
|-heal|p1a: Eternatus|82/100|[from] item: Black Sludge
|upkeep
|turn|14
|
|move|p1a: Eternatus|Flamethrower|p2a: Dracovish
|-resisted|p2a: Dracovish
|-damage|p2a: Dracovish|93/100
|move|p2a: Dracovish|Psychic Fangs|p1a: Eternatus
|-supereffective|p1a: Eternatus
|-damage|p1a: Eternatus|34/100
|
|-heal|p1a: Eternatus|40/100|[from] item: Black Sludge
|-fieldend|move: Psychic Terrain
|upkeep
|turn|15
|
|move|p1a: Eternatus|Recover|p1a: Eternatus
|-heal|p1a: Eternatus|90/100
|move|p2a: Dracovish|Psychic Fangs|p1a: Eternatus
|-supereffective|p1a: Eternatus
|-damage|p1a: Eternatus|55/100
|
|-heal|p1a: Eternatus|61/100|[from] item: Black Sludge
|upkeep
|turn|16
|
|move|p1a: Eternatus|Dynamax Cannon|p2a: Dracovish
|-supereffective|p2a: Dracovish
|-damage|p2a: Dracovish|0 fnt
|faint|p2a: Dracovish
|
|-heal|p1a: Eternatus|67/100|[from] item: Black Sludge
|upkeep
|
|switch|p2a: Zacian|Zacian-Crowned|100/100
|-ability|p2a: Zacian|Intrepid Sword|boost
|-boost|p2a: Zacian|atk|1
|turn|17
|
|switch|p1a: Corviknight|Corviknight, M|88/100
|-ability|p1a: Corviknight|Pressure
|move|p2a: Zacian|Behemoth Blade|p1a: Corviknight
|-resisted|p1a: Corviknight
|-damage|p1a: Corviknight|57/100
|-damage|p2a: Zacian|84/100|[from] item: Rocky Helmet|[of] p1a: Corviknight
|
|upkeep
|turn|18
|
|move|p2a: Zacian|Wild Charge|p1a: Corviknight
|-supereffective|p1a: Corviknight
|-damage|p1a: Corviknight|0 fnt
|-damage|p2a: Zacian|67/100|[from] item: Rocky Helmet|[of] p1a: Corviknight
|-damage|p2a: Zacian|50/100|[from] Recoil
|faint|p1a: Corviknight
|
|upkeep
|
|switch|p1a: Lunala|Lunala|100/100
|turn|19
|inactive|Bulldoger has 120 seconds left.
|inactive|Bulldoger has 90 seconds left.
|
|move|p2a: Zacian|Behemoth Blade|p1a: Lunala
|-damage|p1a: Lunala|59/100
|move|p1a: Lunala|Moongeist Beam|p2a: Zacian
|-damage|p2a: Zacian|0 fnt
|faint|p2a: Zacian
|
|upkeep
|
|switch|p2a: Lunala|Lunala|100/100
|turn|20
|
|switch|p1a: Eternatus|Eternatus|67/100
|-ability|p1a: Eternatus|Pressure
|move|p2a: Lunala|Agility|p2a: Lunala
|-boost|p2a: Lunala|spe|2
|
|-heal|p1a: Eternatus|74/100|[from] item: Black Sludge
|upkeep
|turn|21
|
|move|p2a: Lunala|Moongeist Beam|p1a: Eternatus
|-damage|p1a: Eternatus|35/100
|move|p1a: Eternatus|Toxic|p2a: Lunala
|-status|p2a: Lunala|tox
|
|-heal|p1a: Eternatus|41/100|[from] item: Black Sludge
|-damage|p2a: Lunala|94/100 tox|[from] psn
|upkeep
|turn|22
|
|switch|p1a: Tyranitar|Tyranitar, M|48/100
|-weather|Sandstorm|[from] ability: Sand Stream|[of] p1a: Tyranitar
|move|p2a: Lunala|Moongeist Beam|p1a: Tyranitar
|-resisted|p1a: Tyranitar
|-damage|p1a: Tyranitar|36/100
|
|-weather|Sandstorm|[upkeep]
|-damage|p2a: Lunala|88/100 tox|[from] Sandstorm
|-heal|p1a: Tyranitar|43/100|[from] item: Leftovers
|-damage|p2a: Lunala|76/100 tox|[from] psn
|upkeep
|turn|23
|
|move|p2a: Lunala|Heat Wave|p1a: Tyranitar
|-resisted|p1a: Tyranitar
|-damage|p1a: Tyranitar|36/100
|move|p1a: Tyranitar|Rest|p1a: Tyranitar
|-status|p1a: Tyranitar|slp|[from] move: Rest
|-heal|p1a: Tyranitar|100/100 slp|[silent]
|
|-weather|Sandstorm|[upkeep]
|-damage|p2a: Lunala|70/100 tox|[from] Sandstorm
|-damage|p2a: Lunala|52/100 tox|[from] psn
|upkeep
|turn|24
|
|switch|p2a: Melmetal|Melmetal|100/100
|cant|p1a: Tyranitar|slp
|
|-weather|Sandstorm|[upkeep]
|upkeep
|turn|25
|
|switch|p1a: Indeedee|Indeedee, M|100/100
|-fieldstart|move: Psychic Terrain|[from] ability: Psychic Surge|[of] p1a: Indeedee
|-start|p2a: Melmetal|Dynamax
|-heal|p2a: Melmetal|100/100|[silent]
|move|p2a: Melmetal|Max Knuckle|p1a: Indeedee
|-damage|p1a: Indeedee|32/100
|-boost|p2a: Melmetal|atk|1
|
|-weather|Sandstorm|[upkeep]
|-damage|p1a: Indeedee|25/100|[from] Sandstorm
|upkeep
|turn|26
|inactive|Bulldoger has 120 seconds left.
|
|move|p1a: Indeedee|Trick|p2a: Melmetal
|-activate|p1a: Indeedee|move: Trick|[of] p2a: Melmetal
|-item|p2a: Melmetal|Choice Scarf|[from] move: Trick
|-item|p1a: Indeedee|Weakness Policy|[from] move: Trick
|move|p2a: Melmetal|Max Quake|p1a: Indeedee
|-damage|p1a: Indeedee|0 fnt
|-boost|p2a: Melmetal|spd|1
|faint|p1a: Indeedee
|
|-weather|none
|upkeep
|
|switch|p1a: Eternatus|Eternatus|41/100
|-ability|p1a: Eternatus|Pressure
|turn|27
|
|move|p1a: Eternatus|Recover|p1a: Eternatus
|-heal|p1a: Eternatus|91/100
|move|p2a: Melmetal|Max Quake|p1a: Eternatus
|-supereffective|p1a: Eternatus
|-damage|p1a: Eternatus|0 fnt
|-boost|p2a: Melmetal|spd|1
|faint|p1a: Eternatus
|
|-end|p2a: Melmetal|Dynamax
|-heal|p2a: Melmetal|100/100|[silent]
|upkeep
|
|switch|p1a: Lunala|Lunala|59/100
|turn|28
|
|move|p1a: Lunala|Focus Blast|p2a: Melmetal
|-supereffective|p2a: Melmetal
|-damage|p2a: Melmetal|42/100
|move|p2a: Melmetal|Double Iron Bash|p1a: Lunala
|-damage|p1a: Lunala|8/100
|-damage|p1a: Lunala|0 fnt
|-hitcount|p1a: Lunala|2
|faint|p1a: Lunala
|
|upkeep
|-message|light alchemist forfeited.
|
|win|Bulldoger
|l|☆light alchemist
