|html|<div class="broadcast-blue"><strong>[Gen 8] Ubers is currently suspecting Zacian-Crowned! For information on how to participate check out the <a href="https://www.smogon.com/forums/threads/np-ss-ubers-stage-5-hound-dog.3675589/">suspect thread</a>.</strong></div>
|j|☆UZ4 Dragonicos
|j|☆Chunkomucho
|t:|1609766706
|player|p1|UZ4 Dragonicos|n|1389
|player|p2|Chunkomucho|erika|1453
|teamsize|p1|6
|teamsize|p2|6
|gametype|singles
|gen|8
|tier|[Gen 8] Ubers
|rated|
|clearpoke
|poke|p1|Yveltal|
|poke|p1|Zacian-Crowned|
|poke|p1|Necrozma-Dusk-Mane|
|poke|p1|Calyrex-Shadow|
|poke|p1|Kyogre|
|poke|p1|Eternatus|
|poke|p2|Gothitelle, F|
|poke|p2|Zacian-Crowned|
|poke|p2|Necrozma-Dusk-Mane|
|poke|p2|Yveltal|
|poke|p2|Zygarde|
|poke|p2|Blissey, F|
|rule|Sleep Clause Mod: Limit one foe put to sleep
|rule|Species Clause: Limit one of each Pokémon
|rule|OHKO Clause: OHKO moves are banned
|rule|Evasion Moves Clause: Evasion moves are banned
|rule|Endless Battle Clause: Forcing endless battles is banned
|rule|HP Percentage Mod: HP is shown in percentages
|rule|Dynamax Clause: You cannot dynamax
|teampreview
|
|t:|1609766716
|start
|switch|p1a: Kyogre|Kyogre|100/100
|switch|p2a: Zacian|Zacian-Crowned|100/100
|-ability|p2a: Zacian|Intrepid Sword|boost
|-boost|p2a: Zacian|atk|1
|-weather|RainDance|[from] ability: Drizzle|[of] p1a: Kyogre
|turn|1
|
|t:|1609766720
|switch|p2a: Blissey|Blissey, F|100/100
|switch|p1a: Necrozma|Necrozma-Dusk-Mane|100/100
|
|-weather|RainDance|[upkeep]
|upkeep
|turn|2
|
|t:|1609766723
|switch|p2a: Celestia|Gothitelle, F, shiny|100/100
|move|p1a: Necrozma|Stealth Rock|p2a: Celestia
|-sidestart|p2: Chunkomucho|move: Stealth Rock
|
|-weather|RainDance|[upkeep]
|upkeep
|turn|3
|
|t:|1609766729
|move|p2a: Celestia|Charm|p1a: Necrozma
|-unboost|p1a: Necrozma|atk|2
|move|p1a: Necrozma|Sunsteel Strike|p2a: Celestia
|-damage|p2a: Celestia|79/100
|
|-weather|RainDance|[upkeep]
|-heal|p2a: Celestia|85/100|[from] item: Leftovers
|upkeep
|turn|4
|
|t:|1609766735
|move|p2a: Celestia|Taunt|p1a: Necrozma
|-start|p1a: Necrozma|move: Taunt
|cant|p1a: Necrozma|move: Taunt|Thunder Wave
|
|-weather|RainDance|[upkeep]
|-heal|p2a: Celestia|91/100|[from] item: Leftovers
|upkeep
|turn|5
|
|t:|1609766737
|move|p2a: Celestia|Cosmic Power|p2a: Celestia
|-boost|p2a: Celestia|def|1
|-boost|p2a: Celestia|spd|1
|move|p1a: Necrozma|Sunsteel Strike|p2a: Celestia
|-damage|p2a: Celestia|77/100
|
|-weather|none
|-heal|p2a: Celestia|83/100|[from] item: Leftovers
|upkeep
|turn|6
|
|t:|1609766741
|move|p2a: Celestia|Cosmic Power|p2a: Celestia
|-boost|p2a: Celestia|def|1
|-boost|p2a: Celestia|spd|1
|move|p1a: Necrozma|Sunsteel Strike|p2a: Celestia
|-damage|p2a: Celestia|71/100
|
|-heal|p2a: Celestia|77/100|[from] item: Leftovers
|-end|p1a: Necrozma|move: Taunt
|upkeep
|turn|7
|inactive|Battle timer is ON: inactive players will automatically lose when time's up. (requested by Chunkomucho)
|
|t:|1609766745
|move|p2a: Celestia|Taunt|p1a: Necrozma
|-start|p1a: Necrozma|move: Taunt
|move|p1a: Necrozma|Sunsteel Strike|p2a: Celestia
|-damage|p2a: Celestia|67/100
|
|-heal|p2a: Celestia|73/100|[from] item: Leftovers
|upkeep
|turn|8
|
|t:|1609766747
|move|p2a: Celestia|Cosmic Power|p2a: Celestia
|-boost|p2a: Celestia|def|1
|-boost|p2a: Celestia|spd|1
|move|p1a: Necrozma|Sunsteel Strike|p2a: Celestia
|-crit|p2a: Celestia
|-damage|p2a: Celestia|7/100
|
|-heal|p2a: Celestia|13/100|[from] item: Leftovers
|upkeep
|turn|9
|
|t:|1609766753
|move|p2a: Celestia|Rest|p2a: Celestia
|-status|p2a: Celestia|slp|[from] move: Rest
|-heal|p2a: Celestia|100/100 slp|[silent]
|move|p1a: Necrozma|Sunsteel Strike|p2a: Celestia
|-damage|p2a: Celestia|92/100 slp
|
|-heal|p2a: Celestia|98/100 slp|[from] item: Leftovers
|-end|p1a: Necrozma|move: Taunt
|upkeep
|turn|10
|
|t:|1609766759
|cant|p2a: Celestia|slp
|move|p1a: Necrozma|Sunsteel Strike|p2a: Celestia
|-damage|p2a: Celestia|89/100 slp
|
|-heal|p2a: Celestia|95/100 slp|[from] item: Leftovers
|upkeep
|turn|11
|
|t:|1609766765
|cant|p2a: Celestia|slp
|move|p1a: Necrozma|Thunder Wave|p2a: Celestia|[miss]
|-miss|p1a: Necrozma|p2a: Celestia
|
|-heal|p2a: Celestia|100/100 slp|[from] item: Leftovers
|upkeep
|turn|12
|
|t:|1609766767
|-curestatus|p2a: Celestia|slp|[msg]
|move|p2a: Celestia|Taunt|p1a: Necrozma
|-start|p1a: Necrozma|move: Taunt
|cant|p1a: Necrozma|move: Taunt|Thunder Wave
|
|upkeep
|turn|13
|
|t:|1609766771
|move|p2a: Celestia|Cosmic Power|p2a: Celestia
|-boost|p2a: Celestia|def|1
|-boost|p2a: Celestia|spd|1
|move|p1a: Necrozma|Sunsteel Strike|p2a: Celestia
|-damage|p2a: Celestia|93/100
|
|-heal|p2a: Celestia|99/100|[from] item: Leftovers
|upkeep
|turn|14
|
|t:|1609766774
|move|p2a: Celestia|Cosmic Power|p2a: Celestia
|-boost|p2a: Celestia|def|1
|-boost|p2a: Celestia|spd|1
|-activate|p1a: Necrozma|move: Struggle
|move|p1a: Necrozma|Struggle|p2a: Celestia
|-damage|p2a: Celestia|97/100
|-damage|p1a: Necrozma|75/100|[from] recoil
|
|-heal|p2a: Celestia|100/100|[from] item: Leftovers
|-end|p1a: Necrozma|move: Taunt
|upkeep
|turn|15
|
|t:|1609766777
|move|p2a: Celestia|Taunt|p1a: Necrozma
|-start|p1a: Necrozma|move: Taunt
|cant|p1a: Necrozma|move: Taunt|Moonlight
|
|upkeep
|turn|16
|
|t:|1609766783
|move|p2a: Celestia|Charm|p1a: Necrozma
|-unboost|p1a: Necrozma|atk|2
|-activate|p1a: Necrozma|move: Struggle
|move|p1a: Necrozma|Struggle|p2a: Celestia
|-damage|p2a: Celestia|99/100
|-damage|p1a: Necrozma|50/100|[from] recoil
|
|-heal|p2a: Celestia|100/100|[from] item: Leftovers
|upkeep
|turn|17
|
|t:|1609766790
|move|p2a: Celestia|Cosmic Power|p2a: Celestia
|-boost|p2a: Celestia|def|1
|-boost|p2a: Celestia|spd|1
|-activate|p1a: Necrozma|move: Struggle
|move|p1a: Necrozma|Struggle|p2a: Celestia
|-damage|p2a: Celestia|99/100
|-damage|p1a: Necrozma|25/100|[from] recoil
|
|-heal|p2a: Celestia|100/100|[from] item: Leftovers
|-end|p1a: Necrozma|move: Taunt
|upkeep
|turn|18
|
|t:|1609766793
|move|p2a: Celestia|Taunt|p1a: Necrozma
|-start|p1a: Necrozma|move: Taunt
|cant|p1a: Necrozma|move: Taunt|Thunder Wave
|
|upkeep
|turn|19
|
|t:|1609766797
|move|p2a: Celestia|Charm|p1a: Necrozma
|-unboost|p1a: Necrozma|atk|2
|-activate|p1a: Necrozma|move: Struggle
|move|p1a: Necrozma|Struggle|p2a: Celestia
|-damage|p2a: Celestia|99/100
|-damage|p1a: Necrozma|0 fnt|[from] recoil
|faint|p1a: Necrozma
|
|-heal|p2a: Celestia|100/100|[from] item: Leftovers
|upkeep
|
|t:|1609766811
|switch|p1a: Calyrex|Calyrex-Shadow|100/100
|-ability|p1a: Calyrex|As One
|-ability|p1a: Calyrex|Unnerve|p2: Chunkomucho
|turn|20
|
|t:|1609766823
|move|p1a: Calyrex|Trick|p2a: Celestia
|-activate|p1a: Calyrex|move: Trick|[of] p2a: Celestia
|-item|p2a: Celestia|Choice Specs|[from] move: Trick
|-item|p1a: Calyrex|Leftovers|[from] move: Trick
|move|p2a: Celestia|Taunt|p1a: Calyrex
|-start|p1a: Calyrex|move: Taunt
|
|upkeep
|turn|21
|
|t:|1609766831
|move|p1a: Calyrex|Astral Barrage|p2a: Celestia
|-supereffective|p2a: Celestia
|-damage|p2a: Celestia|64/100
|move|p2a: Celestia|Taunt||[still]
|-fail|p2a: Celestia
|
|upkeep
|turn|22
|
|t:|1609766835
|move|p1a: Calyrex|Astral Barrage|p2a: Celestia
|-supereffective|p2a: Celestia
|-damage|p2a: Celestia|27/100
|move|p2a: Celestia|Taunt||[still]
|-fail|p2a: Celestia
|
|upkeep
|turn|23
|
|t:|1609766839
|move|p1a: Calyrex|Astral Barrage|p2a: Celestia
|-supereffective|p2a: Celestia
|-damage|p2a: Celestia|0 fnt
|faint|p2a: Celestia
|-ability|p1a: Calyrex|Grim Neigh|boost
|-boost|p1a: Calyrex|spa|1
|
|-end|p1a: Calyrex|move: Taunt
|upkeep
|
|t:|1609766843
|switch|p2a: Yveltal|Yveltal|100/100
|-ability|p2a: Yveltal|Dark Aura
|turn|24
|
|t:|1609766849
|switch|p1a: Eternatus|Eternatus|100/100
|-ability|p1a: Eternatus|Pressure
|move|p2a: Yveltal|Defog|p1a: Eternatus
|-unboost|p1a: Eternatus|evasion|1
|-sideend|p2: Chunkomucho|Stealth Rock|[from] move: Defog|[of] p2a: Yveltal
|
|upkeep
|turn|25
|
|t:|1609766867
|move|p1a: Eternatus|Toxic Spikes|p2a: Yveltal
|-sidestart|p2: Chunkomucho|move: Toxic Spikes
|move|p2a: Yveltal|Foul Play|p1a: Eternatus
|-damage|p1a: Eternatus|79/100
|
|-heal|p1a: Eternatus|85/100|[from] item: Black Sludge
|upkeep
|turn|26
|
|t:|1609766874
|move|p1a: Eternatus|Flamethrower|p2a: Yveltal
|-damage|p2a: Yveltal|85/100
|move|p2a: Yveltal|Defog|p1a: Eternatus
|-unboost|p1a: Eternatus|evasion|1
|-sideend|p2: Chunkomucho|Toxic Spikes|[from] move: Defog|[of] p2a: Yveltal
|
|-heal|p1a: Eternatus|92/100|[from] item: Black Sludge
|upkeep
|turn|27
|
|t:|1609766882
|move|p1a: Eternatus|Toxic Spikes|p2a: Yveltal
|-sidestart|p2: Chunkomucho|move: Toxic Spikes
|move|p2a: Yveltal|Defog|p1a: Eternatus
|-unboost|p1a: Eternatus|evasion|1
|-sideend|p2: Chunkomucho|Toxic Spikes|[from] move: Defog|[of] p2a: Yveltal
|
|-heal|p1a: Eternatus|98/100|[from] item: Black Sludge
|upkeep
|turn|28
|inactive|Chunkomucho has 120 seconds left.
|
|t:|1609766936
|move|p1a: Eternatus|Flamethrower|p2a: Yveltal
|-damage|p2a: Yveltal|68/100
|move|p2a: Yveltal|Foul Play|p1a: Eternatus
|-damage|p1a: Eternatus|75/100
|
|-heal|p1a: Eternatus|81/100|[from] item: Black Sludge
|upkeep
|turn|29
|
|t:|1609766942
|move|p1a: Eternatus|Toxic Spikes|p2a: Yveltal
|-sidestart|p2: Chunkomucho|move: Toxic Spikes
|move|p2a: Yveltal|Roost|p2a: Yveltal
|-heal|p2a: Yveltal|100/100
|-singleturn|p2a: Yveltal|move: Roost
|
|-heal|p1a: Eternatus|88/100|[from] item: Black Sludge
|upkeep
|turn|30
|
|t:|1609766946
|move|p1a: Eternatus|Flamethrower|p2a: Yveltal
|-damage|p2a: Yveltal|84/100
|move|p2a: Yveltal|Defog|p1a: Eternatus
|-unboost|p1a: Eternatus|evasion|1
|-sideend|p2: Chunkomucho|Toxic Spikes|[from] move: Defog|[of] p2a: Yveltal
|
|-heal|p1a: Eternatus|94/100|[from] item: Black Sludge
|upkeep
|turn|31
|
|t:|1609766952
|move|p1a: Eternatus|Toxic Spikes|p2a: Yveltal
|-sidestart|p2: Chunkomucho|move: Toxic Spikes
|move|p2a: Yveltal|Defog|p1a: Eternatus
|-unboost|p1a: Eternatus|evasion|1
|-sideend|p2: Chunkomucho|Toxic Spikes|[from] move: Defog|[of] p2a: Yveltal
|
|-heal|p1a: Eternatus|99/100|[from] item: Black Sludge
|upkeep
|turn|32
|
|t:|1609766965
|move|p1a: Eternatus|Flamethrower|p2a: Yveltal
|-damage|p2a: Yveltal|68/100
|-status|p2a: Yveltal|brn
|move|p2a: Yveltal|Defog|p1a: Eternatus
|-unboost|p1a: Eternatus|evasion|1
|
|-heal|p1a: Eternatus|100/100|[from] item: Black Sludge
|-damage|p2a: Yveltal|62/100 brn|[from] brn
|upkeep
|turn|33
|
|t:|1609766974
|move|p1a: Eternatus|Toxic Spikes|p2a: Yveltal
|-sidestart|p2: Chunkomucho|move: Toxic Spikes
|move|p2a: Yveltal|Roost|p2a: Yveltal
|-heal|p2a: Yveltal|100/100 brn
|-singleturn|p2a: Yveltal|move: Roost
|
|-damage|p2a: Yveltal|94/100 brn|[from] brn
|upkeep
|turn|34
|
|t:|1609766978
|move|p1a: Eternatus|Flamethrower|p2a: Yveltal
|-damage|p2a: Yveltal|77/100 brn
|move|p2a: Yveltal|Defog|p1a: Eternatus
|-unboost|p1a: Eternatus|evasion|0
|-sideend|p2: Chunkomucho|Toxic Spikes|[from] move: Defog|[of] p2a: Yveltal
|
|-damage|p2a: Yveltal|71/100 brn|[from] brn
|upkeep
|turn|35
|
|t:|1609766984
|move|p1a: Eternatus|Toxic Spikes|p2a: Yveltal
|-sidestart|p2: Chunkomucho|move: Toxic Spikes
|move|p2a: Yveltal|Roost|p2a: Yveltal
|-heal|p2a: Yveltal|100/100 brn
|-singleturn|p2a: Yveltal|move: Roost
|
|-damage|p2a: Yveltal|94/100 brn|[from] brn
|upkeep
|turn|36
|
|t:|1609766987
|move|p1a: Eternatus|Flamethrower|p2a: Yveltal
|-damage|p2a: Yveltal|79/100 brn
|move|p2a: Yveltal|Defog|p1a: Eternatus
|-unboost|p1a: Eternatus|evasion|0
|-sideend|p2: Chunkomucho|Toxic Spikes|[from] move: Defog|[of] p2a: Yveltal
|
|-damage|p2a: Yveltal|73/100 brn|[from] brn
|upkeep
|turn|37
|
|t:|1609766992
|switch|p2a: Zacian|Zacian-Crowned|100/100
|-ability|p2a: Zacian|Intrepid Sword|boost
|-boost|p2a: Zacian|atk|1
|move|p1a: Eternatus|Toxic Spikes|p2a: Zacian
|-sidestart|p2: Chunkomucho|move: Toxic Spikes
|
|upkeep
|turn|38
|
|t:|1609766995
|move|p2a: Zacian|Play Rough|p1a: Eternatus
|-damage|p1a: Eternatus|35/100
|-unboost|p1a: Eternatus|atk|1
|move|p1a: Eternatus|Flamethrower|p2a: Zacian
|-supereffective|p2a: Zacian
|-crit|p2a: Zacian
|-damage|p2a: Zacian|22/100
|
|-heal|p1a: Eternatus|41/100|[from] item: Black Sludge
|upkeep
|turn|39
|
|t:|1609767007
|switch|p1a: Zacian|Zacian-Crowned|100/100
|-ability|p1a: Zacian|Intrepid Sword|boost
|-boost|p1a: Zacian|atk|1
|move|p2a: Zacian|Play Rough|p1a: Zacian
|-resisted|p1a: Zacian
|-damage|p1a: Zacian|55/100
|-unboost|p1a: Zacian|atk|1
|
|upkeep
|turn|40
|
|t:|1609767010
|switch|p2a: Necrozma|Necrozma-Dusk-Mane|100/100
|move|p1a: Zacian|Close Combat|p2a: Necrozma
|-damage|p2a: Necrozma|73/100
|-unboost|p1a: Zacian|def|1
|-unboost|p1a: Zacian|spd|1
|
|-heal|p2a: Necrozma|79/100|[from] item: Leftovers
|upkeep
|turn|41
|
|t:|1609767022
|switch|p1a: Yveltal|Yveltal|100/100
|-ability|p1a: Yveltal|Dark Aura
|move|p2a: Necrozma|Stealth Rock|p1a: Yveltal
|-sidestart|p1: UZ4 Dragonicos|move: Stealth Rock
|
|-heal|p2a: Necrozma|85/100|[from] item: Leftovers
|upkeep
|turn|42
|
|t:|1609767030
|switch|p2a: Yveltal|Yveltal|73/100 brn
|-ability|p2a: Yveltal|Dark Aura
|move|p1a: Yveltal|Defog|p2a: Yveltal
|-unboost|p2a: Yveltal|evasion|1
|-sideend|p2: Chunkomucho|Toxic Spikes|[from] move: Defog|[of] p1a: Yveltal
|-sideend|p1: UZ4 Dragonicos|Stealth Rock|[from] move: Defog|[of] p1a: Yveltal
|
|-damage|p2a: Yveltal|66/100 brn|[from] brn
|upkeep
|turn|43
|
|t:|1609767038
|switch|p1a: Eternatus|Eternatus|41/100
|-ability|p1a: Eternatus|Pressure
|switch|p2a: Zacian|Zacian-Crowned|22/100
|-ability|p2a: Zacian|Intrepid Sword|boost
|-boost|p2a: Zacian|atk|1
|
|-heal|p1a: Eternatus|47/100|[from] item: Black Sludge
|upkeep
|turn|44
|
|t:|1609767062
|move|p2a: Zacian|Play Rough|p1a: Eternatus
|-damage|p1a: Eternatus|0 fnt
|faint|p1a: Eternatus
|
|upkeep
|
|t:|1609767070
|switch|p1a: Zacian|Zacian-Crowned|55/100
|-ability|p1a: Zacian|Intrepid Sword|boost
|-boost|p1a: Zacian|atk|1
|turn|45
|
|t:|1609767074
|switch|p2a: Necrozma|Necrozma-Dusk-Mane|85/100
|switch|p1a: Calyrex|Calyrex-Shadow|100/100
|-ability|p1a: Calyrex|As One
|-ability|p1a: Calyrex|Unnerve|p2: Chunkomucho
|
|-heal|p2a: Necrozma|91/100|[from] item: Leftovers
|upkeep
|turn|46
|
|t:|1609767078
|switch|p2a: Yveltal|Yveltal|66/100 brn
|-ability|p2a: Yveltal|Dark Aura
|move|p1a: Calyrex|Astral Barrage|p2a: Yveltal
|-resisted|p2a: Yveltal
|-damage|p2a: Yveltal|45/100 brn
|
|-damage|p2a: Yveltal|39/100 brn|[from] brn
|upkeep
|turn|47
|
|t:|1609767088
|switch|p1a: Zacian|Zacian-Crowned|55/100
|-ability|p1a: Zacian|Intrepid Sword|boost
|-boost|p1a: Zacian|atk|1
|move|p2a: Yveltal|Roost|p2a: Yveltal
|-heal|p2a: Yveltal|89/100 brn
|-singleturn|p2a: Yveltal|move: Roost
|
|-damage|p2a: Yveltal|83/100 brn|[from] brn
|upkeep
|turn|48
|
|t:|1609767093
|switch|p1a: Yveltal|Yveltal|100/100
|-ability|p1a: Yveltal|Dark Aura
|switch|p2a: Necrozma|Necrozma-Dusk-Mane|91/100
|
|-heal|p2a: Necrozma|97/100|[from] item: Leftovers
|upkeep
|turn|49
|
|t:|1609767099
|switch|p2a: Yveltal|Yveltal|83/100 brn
|-ability|p2a: Yveltal|Dark Aura
|move|p1a: Yveltal|Foul Play|p2a: Yveltal
|-resisted|p2a: Yveltal
|-damage|p2a: Yveltal|63/100 brn
|
|-damage|p2a: Yveltal|57/100 brn|[from] brn
|upkeep
|turn|50
|
|t:|1609767107
|switch|p1a: Kyogre|Kyogre|100/100
|-weather|RainDance|[from] ability: Drizzle|[of] p1a: Kyogre
|move|p2a: Yveltal|Roost|p2a: Yveltal
|-heal|p2a: Yveltal|100/100 brn
|-singleturn|p2a: Yveltal|move: Roost
|
|-weather|RainDance|[upkeep]
|-damage|p2a: Yveltal|94/100 brn|[from] brn
|upkeep
|turn|51
|
|t:|1609767110
|switch|p2a: Blissey|Blissey, F|100/100
|move|p1a: Kyogre|Calm Mind|p1a: Kyogre
|-boost|p1a: Kyogre|spa|1
|-boost|p1a: Kyogre|spd|1
|
|-weather|RainDance|[upkeep]
|upkeep
|turn|52
|
|t:|1609767119
|move|p1a: Kyogre|Calm Mind|p1a: Kyogre
|-boost|p1a: Kyogre|spa|1
|-boost|p1a: Kyogre|spd|1
|move|p2a: Blissey|Confide|p1a: Kyogre
|-unboost|p1a: Kyogre|spa|1
|
|-weather|RainDance|[upkeep]
|upkeep
|turn|53
|
|t:|1609767123
|switch|p1a: Zacian|Zacian-Crowned|55/100
|-ability|p1a: Zacian|Intrepid Sword|boost
|-boost|p1a: Zacian|atk|1
|move|p2a: Blissey|Confide|p1a: Zacian
|-unboost|p1a: Zacian|spa|1
|
|-weather|RainDance|[upkeep]
|upkeep
|turn|54
|
|t:|1609767129
|switch|p2a: Necrozma|Necrozma-Dusk-Mane|97/100
|move|p1a: Zacian|Close Combat|p2a: Necrozma
|-damage|p2a: Necrozma|49/100
|-unboost|p1a: Zacian|def|1
|-unboost|p1a: Zacian|spd|1
|
|-weather|none
|-heal|p2a: Necrozma|55/100|[from] item: Leftovers
|upkeep
|turn|55
|
|t:|1609767133
|switch|p1a: Yveltal|Yveltal|100/100
|-ability|p1a: Yveltal|Dark Aura
|move|p2a: Necrozma|Moonlight|p2a: Necrozma
|-heal|p2a: Necrozma|100/100
|
|upkeep
|turn|56
|
|t:|1609767139
|switch|p2a: Yveltal|Yveltal|94/100 brn
|-ability|p2a: Yveltal|Dark Aura
|move|p1a: Yveltal|Foul Play|p2a: Yveltal
|-resisted|p2a: Yveltal
|-damage|p2a: Yveltal|75/100 brn
|
|-damage|p2a: Yveltal|69/100 brn|[from] brn
|upkeep
|turn|57
|
|t:|1609767147
|move|p1a: Yveltal|Foul Play|p2a: Yveltal
|-resisted|p2a: Yveltal
|-damage|p2a: Yveltal|49/100 brn
|move|p2a: Yveltal|Foul Play|p1a: Yveltal
|-resisted|p1a: Yveltal
|-damage|p1a: Yveltal|90/100
|
|-damage|p2a: Yveltal|43/100 brn|[from] brn
|upkeep
|turn|58
|
|t:|1609767157
|switch|p1a: Zacian|Zacian-Crowned|55/100
|-ability|p1a: Zacian|Intrepid Sword|boost
|-boost|p1a: Zacian|atk|1
|move|p2a: Yveltal|Roost|p2a: Yveltal
|-heal|p2a: Yveltal|93/100 brn
|-singleturn|p2a: Yveltal|move: Roost
|
|-damage|p2a: Yveltal|87/100 brn|[from] brn
|upkeep
|turn|59
|
|t:|1609767163
|switch|p2a: Necrozma|Necrozma-Dusk-Mane|100/100
|move|p1a: Zacian|Close Combat|p2a: Necrozma
|-damage|p2a: Necrozma|55/100
|-unboost|p1a: Zacian|def|1
|-unboost|p1a: Zacian|spd|1
|
|-heal|p2a: Necrozma|61/100|[from] item: Leftovers
|upkeep
|turn|60
|
|t:|1609767170
|switch|p1a: Yveltal|Yveltal|90/100
|-ability|p1a: Yveltal|Dark Aura
|move|p2a: Necrozma|Stealth Rock|p1a: Yveltal
|-sidestart|p1: UZ4 Dragonicos|move: Stealth Rock
|
|-heal|p2a: Necrozma|67/100|[from] item: Leftovers
|upkeep
|turn|61
|
|t:|1609767177
|switch|p2a: Blissey|Blissey, F|100/100
|move|p1a: Yveltal|Defog|p2a: Blissey
|-unboost|p2a: Blissey|evasion|1
|-sideend|p1: UZ4 Dragonicos|Stealth Rock|[from] move: Defog|[of] p1a: Yveltal
|
|upkeep
|turn|62
|
|t:|1609767182
|switch|p1a: Zacian|Zacian-Crowned|55/100
|-ability|p1a: Zacian|Intrepid Sword|boost
|-boost|p1a: Zacian|atk|1
|move|p2a: Blissey|Seismic Toss|p1a: Zacian
|-damage|p1a: Zacian|24/100
|
|upkeep
|turn|63
|
|t:|1609767186
|switch|p2a: Necrozma|Necrozma-Dusk-Mane|67/100
|move|p1a: Zacian|Close Combat|p2a: Necrozma
|-damage|p2a: Necrozma|25/100
|-unboost|p1a: Zacian|def|1
|-unboost|p1a: Zacian|spd|1
|
|-heal|p2a: Necrozma|31/100|[from] item: Leftovers
|upkeep
|turn|64
|
|t:|1609767210
|switch|p2a: Zygarde|Zygarde, shiny|100/100
|move|p1a: Zacian|Close Combat|p2a: Zygarde
|-damage|p2a: Zygarde|56/100
|-unboost|p1a: Zacian|def|1
|-unboost|p1a: Zacian|spd|1
|
|-heal|p2a: Zygarde|62/100|[from] item: Leftovers
|upkeep
|turn|65
|
|t:|1609767217
|move|p1a: Zacian|Play Rough|p2a: Zygarde|[miss]
|-miss|p1a: Zacian|p2a: Zygarde
|move|p2a: Zygarde|Glare|p1a: Zacian
|-status|p1a: Zacian|par
|
|-heal|p2a: Zygarde|68/100|[from] item: Leftovers
|upkeep
|turn|66
|c|☆Chunkomucho|sorry
|
|t:|1609767227
|switch|p1a: Kyogre|Kyogre|100/100
|-weather|RainDance|[from] ability: Drizzle|[of] p1a: Kyogre
|move|p2a: Zygarde|Thousand Arrows|p1a: Kyogre
|-damage|p1a: Kyogre|81/100
|
|-weather|RainDance|[upkeep]
|-heal|p2a: Zygarde|74/100|[from] item: Leftovers
|-heal|p1a: Kyogre|87/100|[from] item: Leftovers
|upkeep
|turn|67
|
|t:|1609767231
|switch|p2a: Blissey|Blissey, F|100/100
|move|p1a: Kyogre|Ice Beam|p2a: Blissey
|-damage|p2a: Blissey|92/100
|
|-weather|RainDance|[upkeep]
|-heal|p1a: Kyogre|93/100|[from] item: Leftovers
|upkeep
|turn|68
|
|t:|1609767239
|move|p1a: Kyogre|Ice Beam|p2a: Blissey
|-damage|p2a: Blissey|84/100
|move|p2a: Blissey|Seismic Toss|p1a: Kyogre
|-damage|p1a: Kyogre|69/100
|
|-weather|RainDance|[upkeep]
|-heal|p1a: Kyogre|75/100|[from] item: Leftovers
|upkeep
|turn|69
|
|t:|1609767246
|switch|p1a: Zacian|Zacian-Crowned|24/100 par
|-ability|p1a: Zacian|Intrepid Sword|boost
|-boost|p1a: Zacian|atk|1
|move|p2a: Blissey|Seismic Toss|p1a: Zacian
|-damage|p1a: Zacian|0 fnt
|faint|p1a: Zacian
|
|-weather|RainDance|[upkeep]
|upkeep
|c|☆UZ4 Dragonicos|gg
|-message|UZ4 Dragonicos forfeited.
|c|☆Chunkomucho|gg
|
|win|Chunkomucho
|l|☆UZ4 Dragonicos
|raw|UZ4 Dragonicos's rating: 1389 &rarr; <strong>1373</strong><br />(-16 for losing)
|raw|Chunkomucho's rating: 1454 &rarr; <strong>1470</strong><br />(+16 for winning)
