|raw|<div class="broadcast-blue"><strong>This battle is required to be public due to a player having a name starting with 'ult4pdr'.</div>
|j|☆crotteglace
|j|☆ULT4PDR Luna
|t:|1654358012
|gametype|singles
|player|p1|crotteglace|lucas|1491
|player|p2|ULT4PDR Luna|#ndpl2crying|1600
|teamsize|p1|6
|teamsize|p2|6
|gen|8
|tier|[Gen 8] Ubers
|rated|
|rule|Sleep Clause Mod: Limit one foe put to sleep
|rule|Species Clause: Limit one of each Pokémon
|rule|OHKO Clause: OHKO moves are banned
|rule|Evasion Moves Clause: Evasion moves are banned
|rule|Endless Battle Clause: Forcing endless battles is banned
|rule|HP Percentage Mod: HP is shown in percentages
|rule|Dynamax Clause: You cannot dynamax
|clearpoke
|poke|p1|Froslass, F|
|poke|p1|Kyurem-Black|
|poke|p1|Glalie, F|
|poke|p1|Cloyster, F|
|poke|p1|Weavile, F|
|poke|p1|Darmanitan-Galar, F|
|poke|p2|Yveltal|
|poke|p2|Kyogre|
|poke|p2|Ferrothorn, F|
|poke|p2|Necrozma-Dusk-Mane|
|poke|p2|Marshadow|
|poke|p2|Eternatus|
|teampreview
|inactive|Battle timer is ON: inactive players will automatically lose when time's up. (requested by crotteglace)
|
|t:|1654358036
|start
|switch|p1a: Froslass|Froslass, F|100/100
|switch|p2a: Marshadow|Marshadow|100/100
|turn|1
|
|t:|1654358039
|move|p2a: Marshadow|Spectral Thief|p1a: Froslass
|-supereffective|p1a: Froslass
|-enditem|p1a: Froslass|Focus Sash
|-damage|p1a: Froslass|1/100
|-start|p2a: Marshadow|Disable|Spectral Thief|[from] ability: Cursed Body|[of] p1a: Froslass
|-damage|p2a: Marshadow|91/100|[from] item: Life Orb
|move|p1a: Froslass|Spikes|p2a: Marshadow
|-sidestart|p2: ULT4PDR Luna|Spikes
|
|upkeep
|turn|2
|
|t:|1654358044
|move|p2a: Marshadow|Shadow Sneak|p1a: Froslass
|-supereffective|p1a: Froslass
|-damage|p1a: Froslass|0 fnt
|faint|p1a: Froslass
|-damage|p2a: Marshadow|81/100|[from] item: Life Orb
|
|upkeep
|
|t:|1654358047
|switch|p1a: Darmanitan|Darmanitan-Galar, F|100/100
|turn|3
|
|t:|1654358051
|switch|p2a: Kyogre|Kyogre|100/100
|-damage|p2a: Kyogre|88/100|[from] Spikes
|-weather|RainDance|[from] ability: Drizzle|[of] p2a: Kyogre
|move|p1a: Darmanitan|U-turn|p2a: Kyogre
|-damage|p2a: Kyogre|63/100
|
|t:|1654358054
|switch|p1a: Kyurem|Kyurem-Black|100/100|[from]move: U-turn
|-ability|p1a: Kyurem|Teravolt
|
|-weather|RainDance|[upkeep]
|-heal|p2a: Kyogre|69/100|[from] item: Leftovers
|upkeep
|turn|4
|
|t:|1654358056
|switch|p2a: Necrozma|Necrozma-Dusk-Mane|100/100
|-damage|p2a: Necrozma|88/100|[from] Spikes
|move|p1a: Kyurem|Dragon Dance|p1a: Kyurem
|-boost|p1a: Kyurem|atk|1
|-boost|p1a: Kyurem|spe|1
|
|-weather|RainDance|[upkeep]
|-heal|p2a: Necrozma|94/100|[from] item: Leftovers
|upkeep
|turn|5
|
|t:|1654358058
|move|p1a: Kyurem|Fling|p2a: Necrozma
|-supereffective|p2a: Necrozma
|-damage|p2a: Necrozma|0 fnt
|-enditem|p1a: Kyurem|TR43|[from] move: Fling
|faint|p2a: Necrozma
|
|-weather|RainDance|[upkeep]
|upkeep
|
|t:|1654358063
|switch|p2a: Ferrothorn|Ferrothorn, F|100/100
|-damage|p2a: Ferrothorn|88/100|[from] Spikes
|turn|6
|
|t:|1654358065
|move|p1a: Kyurem|Icicle Spear|p2a: Ferrothorn
|-damage|p2a: Ferrothorn|70/100
|-damage|p2a: Ferrothorn|54/100
|-damage|p2a: Ferrothorn|38/100
|-hitcount|p2a: Ferrothorn|3
|move|p2a: Ferrothorn|Leech Seed|p1a: Kyurem
|-start|p1a: Kyurem|move: Leech Seed
|
|-weather|RainDance|[upkeep]
|-heal|p2a: Ferrothorn|44/100|[from] item: Leftovers
|-damage|p1a: Kyurem|88/100|[from] Leech Seed|[of] p2a: Ferrothorn
|-heal|p2a: Ferrothorn|58/100|[silent]
|upkeep
|turn|7
|
|t:|1654358068
|move|p1a: Kyurem|Icicle Spear|p2a: Ferrothorn
|-damage|p2a: Ferrothorn|42/100
|-damage|p2a: Ferrothorn|24/100
|-damage|p2a: Ferrothorn|8/100
|-hitcount|p2a: Ferrothorn|3
|move|p2a: Ferrothorn|Curse|p2a: Ferrothorn
|-unboost|p2a: Ferrothorn|spe|1
|-boost|p2a: Ferrothorn|atk|1
|-boost|p2a: Ferrothorn|def|1
|
|-weather|none
|-heal|p2a: Ferrothorn|14/100|[from] item: Leftovers
|-damage|p1a: Kyurem|76/100|[from] Leech Seed|[of] p2a: Ferrothorn
|-heal|p2a: Ferrothorn|28/100|[silent]
|upkeep
|turn|8
|
|t:|1654358073
|move|p1a: Kyurem|Icicle Spear|p2a: Ferrothorn
|-crit|p2a: Ferrothorn
|-damage|p2a: Ferrothorn|3/100
|-damage|p2a: Ferrothorn|0 fnt
|faint|p2a: Ferrothorn
|-hitcount|p2: Ferrothorn|2
|
|upkeep
|-message|ULT4PDR Luna forfeited.
|
|win|crotteglace
|raw|crotteglace's rating: 1491 &rarr; <strong>1517</strong><br />(+26 for winning)
|raw|ULT4PDR Luna's rating: 1600 &rarr; <strong>1574</strong><br />(-26 for losing)
|l|☆ULT4PDR Luna
|j| ULT4PDR Icvrrr
|l| ULT4PDR Icvrrr
||Ladder isn't responding, score probably updated but might not have (Request timeout).
