|j|☆Teomondo Scrofalo
|j|☆PokeDuels
|t:|1634063157
|gametype|singles
|player|p1|Teomondo Scrofalo|102|1621
|player|p2|PokeDuels|265|1652
|teamsize|p1|6
|teamsize|p2|6
|gen|8
|tier|[Gen 8] Ubers
|rated|
|rule|Sleep Clause Mod: Limit one foe put to sleep
|rule|Species Clause: Limit one of each Pokémon
|rule|OHKO Clause: OHKO moves are banned
|rule|Evasion Moves Clause: Evasion moves are banned
|rule|Endless Battle Clause: Forcing endless battles is banned
|rule|HP Percentage Mod: HP is shown in percentages
|rule|Dynamax Clause: You cannot dynamax
|clearpoke
|poke|p1|Marshadow|
|poke|p1|Yveltal|
|poke|p1|Groudon|
|poke|p1|Necrozma-Dusk-Mane|
|poke|p1|Eternatus|
|poke|p1|Calyrex-Shadow|
|poke|p2|Tyranitar, M|
|poke|p2|Eternatus|
|poke|p2|Zygarde|
|poke|p2|Ho-Oh|
|poke|p2|Necrozma-Dusk-Mane|
|poke|p2|Tapu Bulu|
|teampreview
|inactive|Battle timer is ON: inactive players will automatically lose when time's up. (requested by Teomondo Scrofalo)
|
|t:|1634063176
|start
|switch|p1a: Calyrex|Calyrex-Shadow|100/100
|switch|p2a: Eternatus|Eternatus|100/100
|-ability|p1a: Calyrex|As One
|-ability|p1a: Calyrex|Unnerve
|-ability|p2a: Eternatus|Pressure
|-item|p2a: Eternatus|Air Balloon
|turn|1
|
|t:|1634063190
|switch|p2a: Tyranitar|Tyranitar, M|100/100
|-weather|Sandstorm|[from] ability: Sand Stream|[of] p2a: Tyranitar
|move|p1a: Calyrex|Trick|p2a: Tyranitar
|-activate|p1a: Calyrex|move: Trick|[of] p2a: Tyranitar
|-item|p2a: Tyranitar|Choice Scarf|[from] move: Trick
|-item|p1a: Calyrex|Leftovers|[from] move: Trick
|
|-weather|Sandstorm|[upkeep]
|-damage|p1a: Calyrex|94/100|[from] Sandstorm
|-heal|p1a: Calyrex|100/100|[from] item: Leftovers
|upkeep
|turn|2
|
|t:|1634063194
|switch|p1a: Groudon|Groudon|100/100
|-weather|SunnyDay|[from] ability: Drought|[of] p1a: Groudon
|move|p2a: Tyranitar|Stealth Rock|p1a: Groudon
|-sidestart|p1: Teomondo Scrofalo|move: Stealth Rock
|
|-weather|SunnyDay|[upkeep]
|upkeep
|turn|3
|
|t:|1634063212
|switch|p2a: Zygarde|Zygarde|100/100
|move|p1a: Groudon|Stealth Rock|p2a: Zygarde
|-sidestart|p2: PokeDuels|move: Stealth Rock
|
|-weather|SunnyDay|[upkeep]
|upkeep
|turn|4
|
|t:|1634063218
|move|p2a: Zygarde|Glare|p1a: Groudon
|-status|p1a: Groudon|par
|move|p1a: Groudon|Precipice Blades|p2a: Zygarde
|-damage|p2a: Zygarde|62/100
|
|-weather|SunnyDay|[upkeep]
|-heal|p2a: Zygarde|68/100|[from] item: Leftovers
|upkeep
|turn|5
|
|t:|1634063236
|move|p2a: Zygarde|Glare|p1a: Groudon
|-fail|p1a: Groudon|par
|move|p1a: Groudon|Precipice Blades|p2a: Zygarde
|-damage|p2a: Zygarde|26/100
|
|-weather|SunnyDay|[upkeep]
|-heal|p2a: Zygarde|32/100|[from] item: Leftovers
|-activate|p2a: Zygarde|ability: Power Construct
|detailschange|p2a: Zygarde|Zygarde-Complete
|-heal|p2a: Zygarde|58/100|[silent]
|upkeep
|turn|6
|
|t:|1634063244
|move|p2a: Zygarde|Glare|p1a: Groudon
|-fail|p1a: Groudon|par
|move|p1a: Groudon|Precipice Blades|p2a: Zygarde
|-damage|p2a: Zygarde|33/100
|
|-weather|none
|-heal|p2a: Zygarde|39/100|[from] item: Leftovers
|upkeep
|turn|7
|
|t:|1634063249
|move|p2a: Zygarde|Rest|p2a: Zygarde
|-status|p2a: Zygarde|slp|[from] move: Rest
|-heal|p2a: Zygarde|100/100 slp|[silent]
|move|p1a: Groudon|Precipice Blades|p2a: Zygarde
|-damage|p2a: Zygarde|78/100 slp
|
|-heal|p2a: Zygarde|84/100 slp|[from] item: Leftovers
|upkeep
|turn|8
|
|t:|1634063255
|switch|p1a: Calyrex|Calyrex-Shadow|100/100
|-ability|p1a: Calyrex|As One
|-ability|p1a: Calyrex|Unnerve
|-damage|p1a: Calyrex|88/100|[from] Stealth Rock
|cant|p2a: Zygarde|slp
|
|-heal|p1a: Calyrex|94/100|[from] item: Leftovers
|-heal|p2a: Zygarde|90/100 slp|[from] item: Leftovers
|upkeep
|turn|9
|
|t:|1634063261
|switch|p2a: Ho-Oh|Ho-Oh|100/100
|move|p1a: Calyrex|Astral Barrage|p2a: Ho-Oh
|-damage|p2a: Ho-Oh|59/100
|
|-heal|p1a: Calyrex|100/100|[from] item: Leftovers
|upkeep
|turn|10
|inactive|Teomondo Scrofalo has 120 seconds left.
|
|t:|1634063294
|move|p1a: Calyrex|Psyshock|p2a: Ho-Oh
|-crit|p2a: Ho-Oh
|-damage|p2a: Ho-Oh|0 fnt
|faint|p2a: Ho-Oh
|-ability|p1a: Calyrex|Grim Neigh|boost
|-boost|p1a: Calyrex|spa|1
|
|upkeep
|
|t:|1634063302
|switch|p2a: Tyranitar|Tyranitar, M|100/100
|-damage|p2a: Tyranitar|88/100|[from] Stealth Rock
|-weather|Sandstorm|[from] ability: Sand Stream|[of] p2a: Tyranitar
|turn|11
|inactive|Teomondo Scrofalo has 120 seconds left.
|
|t:|1634063336
|switch|p1a: Groudon|Groudon|100/100 par
|-damage|p1a: Groudon|94/100 par|[from] Stealth Rock
|-weather|SunnyDay|[from] ability: Drought|[of] p1a: Groudon
|move|p2a: Tyranitar|Foul Play|p1a: Groudon
|-damage|p1a: Groudon|70/100 par
|
|-weather|SunnyDay|[upkeep]
|-heal|p1a: Groudon|76/100 par|[from] item: Leftovers
|upkeep
|turn|12
|
|t:|1634063344
|switch|p2a: Zygarde|Zygarde-Complete|90/100 slp
|-damage|p2a: Zygarde|84/100 slp|[from] Stealth Rock
|cant|p1a: Groudon|par
|
|-weather|SunnyDay|[upkeep]
|-heal|p2a: Zygarde|90/100 slp|[from] item: Leftovers
|-heal|p1a: Groudon|82/100 par|[from] item: Leftovers
|upkeep
|turn|13
|
|t:|1634063347
|cant|p2a: Zygarde|slp
|move|p1a: Groudon|Precipice Blades|p2a: Zygarde
|-damage|p2a: Zygarde|68/100 slp
|
|-weather|SunnyDay|[upkeep]
|-heal|p2a: Zygarde|74/100 slp|[from] item: Leftovers
|-heal|p1a: Groudon|88/100 par|[from] item: Leftovers
|upkeep
|turn|14
|
|t:|1634063350
|switch|p2a: Tapu Bulu|Tapu Bulu|100/100
|-damage|p2a: Tapu Bulu|88/100|[from] Stealth Rock
|-fieldstart|move: Grassy Terrain|[from] ability: Grassy Surge|[of] p2a: Tapu Bulu
|switch|p1a: Yveltal|Yveltal|100/100
|-ability|p1a: Yveltal|Dark Aura
|
|-weather|SunnyDay|[upkeep]
|-heal|p2a: Tapu Bulu|94/100|[from] Grassy Terrain
|-heal|p2a: Tapu Bulu|100/100|[from] item: Leftovers
|upkeep
|turn|15
|
|t:|1634063360
|switch|p2a: Eternatus|Eternatus|100/100
|-damage|p2a: Eternatus|88/100|[from] Stealth Rock
|-ability|p2a: Eternatus|Pressure
|-item|p2a: Eternatus|Air Balloon
|move|p1a: Yveltal|Knock Off|p2a: Eternatus
|-damage|p2a: Eternatus|48/100
|-enditem|p2a: Eternatus|Air Balloon
|
|-weather|none
|-heal|p2a: Eternatus|54/100|[from] Grassy Terrain
|upkeep
|turn|16
|
|t:|1634063371
|switch|p1a: Necrozma|Necrozma-Dusk-Mane|100/100
|-damage|p1a: Necrozma|94/100|[from] Stealth Rock
|move|p2a: Eternatus|Recover|p2a: Eternatus
|-heal|p2a: Eternatus|100/100
|
|-heal|p1a: Necrozma|100/100|[from] Grassy Terrain
|upkeep
|turn|17
|
|t:|1634063379
|switch|p2a: Necrozma|Necrozma-Dusk-Mane|100/100
|-damage|p2a: Necrozma|94/100|[from] Stealth Rock
|move|p1a: Necrozma|Earthquake|p2a: Necrozma
|-supereffective|p2a: Necrozma
|-damage|p2a: Necrozma|75/100
|
|-heal|p2a: Necrozma|81/100|[from] Grassy Terrain
|-heal|p2a: Necrozma|87/100|[from] item: Leftovers
|upkeep
|turn|18
|
|t:|1634063389
|switch|p1a: Yveltal|Yveltal|100/100
|-ability|p1a: Yveltal|Dark Aura
|move|p2a: Necrozma|Thunder Wave|p1a: Yveltal
|-status|p1a: Yveltal|par
|
|-heal|p2a: Necrozma|93/100|[from] Grassy Terrain
|-heal|p2a: Necrozma|99/100|[from] item: Leftovers
|-fieldend|move: Grassy Terrain
|upkeep
|turn|19
|
|t:|1634063395
|switch|p2a: Eternatus|Eternatus|100/100
|-damage|p2a: Eternatus|88/100|[from] Stealth Rock
|-ability|p2a: Eternatus|Pressure
|cant|p1a: Yveltal|par
|
|upkeep
|turn|20
|
|t:|1634063399
|switch|p1a: Necrozma|Necrozma-Dusk-Mane|100/100
|-damage|p1a: Necrozma|94/100|[from] Stealth Rock
|move|p2a: Eternatus|Toxic Spikes|p1a: Necrozma
|-sidestart|p1: Teomondo Scrofalo|move: Toxic Spikes
|
|-heal|p1a: Necrozma|100/100|[from] item: Leftovers
|upkeep
|turn|21
|
|t:|1634063419
|switch|p2a: Necrozma|Necrozma-Dusk-Mane|99/100
|-damage|p2a: Necrozma|93/100|[from] Stealth Rock
|move|p1a: Necrozma|Earthquake|p2a: Necrozma
|-supereffective|p2a: Necrozma
|-damage|p2a: Necrozma|59/100
|
|-heal|p2a: Necrozma|65/100|[from] item: Leftovers
|upkeep
|turn|22
|
|t:|1634063425
|move|p2a: Necrozma|Thunder Wave|p1a: Necrozma
|-status|p1a: Necrozma|par
|move|p1a: Necrozma|Earthquake|p2a: Necrozma
|-supereffective|p2a: Necrozma
|-damage|p2a: Necrozma|29/100
|
|-heal|p2a: Necrozma|35/100|[from] item: Leftovers
|upkeep
|turn|23
|
|t:|1634063438
|move|p2a: Necrozma|Moonlight|p2a: Necrozma
|-heal|p2a: Necrozma|85/100
|move|p1a: Necrozma|Earthquake|p2a: Necrozma
|-supereffective|p2a: Necrozma
|-damage|p2a: Necrozma|49/100
|
|-heal|p2a: Necrozma|55/100|[from] item: Leftovers
|upkeep
|turn|24
|
|t:|1634063450
|switch|p1a: Yveltal|Yveltal|100/100 par
|-ability|p1a: Yveltal|Dark Aura
|move|p2a: Necrozma|Moonlight|p2a: Necrozma
|-heal|p2a: Necrozma|100/100
|
|upkeep
|turn|25
|
|t:|1634063456
|move|p2a: Necrozma|Sunsteel Strike|p1a: Yveltal
|-damage|p1a: Yveltal|58/100 par
|move|p1a: Yveltal|Knock Off|p2a: Necrozma
|-supereffective|p2a: Necrozma
|-damage|p2a: Necrozma|41/100
|-enditem|p2a: Necrozma|Leftovers|[from] move: Knock Off|[of] p1a: Yveltal
|
|upkeep
|turn|26
|
|t:|1634063462
|move|p2a: Necrozma|Sunsteel Strike|p1a: Yveltal
|-damage|p1a: Yveltal|17/100 par
|move|p1a: Yveltal|Roost|p1a: Yveltal
|-heal|p1a: Yveltal|67/100 par
|-singleturn|p1a: Yveltal|move: Roost
|
|upkeep
|turn|27
|
|t:|1634063469
|move|p2a: Necrozma|Sunsteel Strike|p1a: Yveltal
|-damage|p1a: Yveltal|31/100 par
|cant|p1a: Yveltal|par
|
|upkeep
|turn|28
|
|t:|1634063474
|switch|p1a: Eternatus|Eternatus|100/100
|-sideend|p1: Teomondo Scrofalo|move: Toxic Spikes|[of] p1a: Eternatus
|-ability|p1a: Eternatus|Pressure
|move|p2a: Necrozma|Moonlight|p2a: Necrozma
|-heal|p2a: Necrozma|91/100
|
|upkeep
|turn|29
|
|t:|1634063486
|switch|p2a: Tapu Bulu|Tapu Bulu|100/100
|-damage|p2a: Tapu Bulu|88/100|[from] Stealth Rock
|-fieldstart|move: Grassy Terrain|[from] ability: Grassy Surge|[of] p2a: Tapu Bulu
|move|p1a: Eternatus|Flamethrower|p2a: Tapu Bulu
|-supereffective|p2a: Tapu Bulu
|-damage|p2a: Tapu Bulu|24/100
|
|-heal|p2a: Tapu Bulu|30/100|[from] Grassy Terrain
|-heal|p2a: Tapu Bulu|36/100|[from] item: Leftovers
|upkeep
|turn|30
|
|t:|1634063498
|switch|p2a: Tyranitar|Tyranitar, M|88/100
|-damage|p2a: Tyranitar|76/100|[from] Stealth Rock
|-weather|Sandstorm|[from] ability: Sand Stream|[of] p2a: Tyranitar
|move|p1a: Eternatus|Flamethrower|p2a: Tyranitar
|-resisted|p2a: Tyranitar
|-damage|p2a: Tyranitar|68/100
|
|-weather|Sandstorm|[upkeep]
|-damage|p1a: Eternatus|94/100|[from] Sandstorm
|-heal|p1a: Eternatus|100/100|[from] Grassy Terrain
|-heal|p2a: Tyranitar|75/100|[from] Grassy Terrain
|upkeep
|turn|31
|
|t:|1634063504
|switch|p2a: Necrozma|Necrozma-Dusk-Mane|91/100
|-damage|p2a: Necrozma|85/100|[from] Stealth Rock
|move|p1a: Eternatus|Toxic|p2a: Necrozma
|-immune|p2a: Necrozma
|
|-weather|Sandstorm|[upkeep]
|-damage|p1a: Eternatus|94/100|[from] Sandstorm
|-heal|p1a: Eternatus|100/100|[from] Grassy Terrain
|-heal|p2a: Necrozma|91/100|[from] Grassy Terrain
|upkeep
|turn|32
|
|t:|1634063509
|switch|p1a: Groudon|Groudon|88/100 par
|-damage|p1a: Groudon|82/100 par|[from] Stealth Rock
|-weather|SunnyDay|[from] ability: Drought|[of] p1a: Groudon
|move|p2a: Necrozma|Thunder Wave|p1a: Groudon
|-immune|p1a: Groudon
|
|-weather|SunnyDay|[upkeep]
|-heal|p2a: Necrozma|97/100|[from] Grassy Terrain
|-heal|p1a: Groudon|88/100 par|[from] Grassy Terrain
|-heal|p1a: Groudon|95/100 par|[from] item: Leftovers
|upkeep
|turn|33
|
|t:|1634063514
|switch|p2a: Tapu Bulu|Tapu Bulu|36/100
|-damage|p2a: Tapu Bulu|24/100|[from] Stealth Rock
|cant|p1a: Groudon|par
|
|-weather|SunnyDay|[upkeep]
|-heal|p2a: Tapu Bulu|30/100|[from] Grassy Terrain
|-heal|p2a: Tapu Bulu|36/100|[from] item: Leftovers
|-heal|p1a: Groudon|100/100 par|[from] Grassy Terrain
|-fieldend|move: Grassy Terrain
|upkeep
|turn|34
|
|t:|1634063517
|switch|p1a: Eternatus|Eternatus|100/100
|-ability|p1a: Eternatus|Pressure
|move|p2a: Tapu Bulu|Leech Seed|p1a: Eternatus
|-start|p1a: Eternatus|move: Leech Seed
|
|-weather|SunnyDay|[upkeep]
|-heal|p2a: Tapu Bulu|42/100|[from] item: Leftovers
|-damage|p1a: Eternatus|88/100|[from] Leech Seed|[of] p2a: Tapu Bulu
|-heal|p2a: Tapu Bulu|59/100|[silent]
|upkeep
|turn|35
|
|t:|1634063523
|switch|p2a: Tyranitar|Tyranitar, M|75/100
|-damage|p2a: Tyranitar|62/100|[from] Stealth Rock
|-weather|Sandstorm|[from] ability: Sand Stream|[of] p2a: Tyranitar
|move|p1a: Eternatus|Dynamax Cannon|p2a: Tyranitar
|-damage|p2a: Tyranitar|35/100
|
|-weather|Sandstorm|[upkeep]
|-damage|p1a: Eternatus|82/100|[from] Sandstorm
|-damage|p1a: Eternatus|70/100|[from] Leech Seed|[of] p2a: Tyranitar
|-heal|p2a: Tyranitar|50/100|[silent]
|upkeep
|turn|36
|
|t:|1634063529
|switch|p1a: Groudon|Groudon|100/100 par
|-damage|p1a: Groudon|94/100 par|[from] Stealth Rock
|-weather|SunnyDay|[from] ability: Drought|[of] p1a: Groudon
|move|p2a: Tyranitar|Foul Play|p1a: Groudon
|-damage|p1a: Groudon|71/100 par
|
|-weather|SunnyDay|[upkeep]
|-heal|p1a: Groudon|77/100 par|[from] item: Leftovers
|upkeep
|turn|37
|
|t:|1634063538
|switch|p2a: Tapu Bulu|Tapu Bulu|59/100
|-damage|p2a: Tapu Bulu|47/100|[from] Stealth Rock
|-fieldstart|move: Grassy Terrain|[from] ability: Grassy Surge|[of] p2a: Tapu Bulu
|move|p1a: Groudon|Precipice Blades|p2a: Tapu Bulu
|-resisted|p2a: Tapu Bulu
|-damage|p2a: Tapu Bulu|29/100
|
|-weather|SunnyDay|[upkeep]
|-heal|p2a: Tapu Bulu|35/100|[from] Grassy Terrain
|-heal|p2a: Tapu Bulu|41/100|[from] item: Leftovers
|-heal|p1a: Groudon|83/100 par|[from] Grassy Terrain
|-heal|p1a: Groudon|89/100 par|[from] item: Leftovers
|upkeep
|turn|38
|
|t:|1634063543
|switch|p1a: Necrozma|Necrozma-Dusk-Mane|100/100 par
|-damage|p1a: Necrozma|94/100 par|[from] Stealth Rock
|move|p2a: Tapu Bulu|Synthesis|p2a: Tapu Bulu
|-heal|p2a: Tapu Bulu|100/100
|
|-weather|SunnyDay|[upkeep]
|-heal|p1a: Necrozma|100/100 par|[from] Grassy Terrain
|upkeep
|turn|39
|
|t:|1634063549
|switch|p2a: Zygarde|Zygarde-Complete|74/100 slp
|-damage|p2a: Zygarde|68/100 slp|[from] Stealth Rock
|move|p1a: Necrozma|Earthquake|p2a: Zygarde
|-crit|p2a: Zygarde
|-damage|p2a: Zygarde|57/100 slp
|
|-weather|SunnyDay|[upkeep]
|-heal|p2a: Zygarde|63/100 slp|[from] Grassy Terrain
|-heal|p2a: Zygarde|69/100 slp|[from] item: Leftovers
|upkeep
|turn|40
|
|t:|1634063555
|switch|p1a: Eternatus|Eternatus|70/100
|-ability|p1a: Eternatus|Pressure
|-curestatus|p2a: Zygarde|slp|[msg]
|move|p2a: Zygarde|Glare|p1a: Eternatus
|-status|p1a: Eternatus|par
|
|-weather|none
|-heal|p2a: Zygarde|76/100|[from] Grassy Terrain
|-heal|p2a: Zygarde|82/100|[from] item: Leftovers
|-heal|p1a: Eternatus|76/100 par|[from] Grassy Terrain
|upkeep
|turn|41
|
|t:|1634063562
|switch|p2a: Tyranitar|Tyranitar, M|50/100
|-damage|p2a: Tyranitar|38/100|[from] Stealth Rock
|-weather|Sandstorm|[from] ability: Sand Stream|[of] p2a: Tyranitar
|move|p1a: Eternatus|Dynamax Cannon|p2a: Tyranitar
|-damage|p2a: Tyranitar|11/100
|
|-weather|Sandstorm|[upkeep]
|-damage|p1a: Eternatus|70/100 par|[from] Sandstorm
|-heal|p2a: Tyranitar|17/100|[from] Grassy Terrain
|-heal|p1a: Eternatus|76/100 par|[from] Grassy Terrain
|-fieldend|move: Grassy Terrain
|upkeep
|turn|42
|
|t:|1634063566
|switch|p1a: Groudon|Groudon|89/100 par
|-damage|p1a: Groudon|83/100 par|[from] Stealth Rock
|-weather|SunnyDay|[from] ability: Drought|[of] p1a: Groudon
|move|p2a: Tyranitar|Rest|p2a: Tyranitar
|-status|p2a: Tyranitar|slp|[from] move: Rest
|-heal|p2a: Tyranitar|100/100 slp|[silent]
|
|-weather|SunnyDay|[upkeep]
|-heal|p1a: Groudon|89/100 par|[from] item: Leftovers
|upkeep
|turn|43
|
|t:|1634063571
|switch|p2a: Zygarde|Zygarde-Complete|82/100
|-damage|p2a: Zygarde|76/100|[from] Stealth Rock
|switch|p1a: Marshadow|Marshadow|100/100
|-damage|p1a: Marshadow|94/100|[from] Stealth Rock
|
|-weather|SunnyDay|[upkeep]
|-heal|p2a: Zygarde|82/100|[from] item: Leftovers
|upkeep
|turn|44
|
|t:|1634063580
|switch|p1a: Groudon|Groudon|89/100 par
|-damage|p1a: Groudon|83/100 par|[from] Stealth Rock
|switch|p2a: Tapu Bulu|Tapu Bulu|100/100
|-damage|p2a: Tapu Bulu|88/100|[from] Stealth Rock
|-fieldstart|move: Grassy Terrain|[from] ability: Grassy Surge|[of] p2a: Tapu Bulu
|
|-weather|SunnyDay|[upkeep]
|-heal|p2a: Tapu Bulu|94/100|[from] Grassy Terrain
|-heal|p2a: Tapu Bulu|100/100|[from] item: Leftovers
|-heal|p1a: Groudon|89/100 par|[from] Grassy Terrain
|-heal|p1a: Groudon|95/100 par|[from] item: Leftovers
|upkeep
|turn|45
|
|t:|1634063587
|switch|p1a: Eternatus|Eternatus|76/100 par
|-ability|p1a: Eternatus|Pressure
|move|p2a: Tapu Bulu|Leech Seed|p1a: Eternatus
|-start|p1a: Eternatus|move: Leech Seed
|
|-weather|SunnyDay|[upkeep]
|-heal|p1a: Eternatus|82/100 par|[from] Grassy Terrain
|-damage|p1a: Eternatus|70/100 par|[from] Leech Seed|[of] p2a: Tapu Bulu
|upkeep
|turn|46
|
|t:|1634063597
|switch|p2a: Tyranitar|Tyranitar, M|100/100 slp
|-damage|p2a: Tyranitar|88/100 slp|[from] Stealth Rock
|-weather|Sandstorm|[from] ability: Sand Stream|[of] p2a: Tyranitar
|cant|p1a: Eternatus|par
|
|-weather|Sandstorm|[upkeep]
|-damage|p1a: Eternatus|63/100 par|[from] Sandstorm
|-heal|p2a: Tyranitar|94/100 slp|[from] Grassy Terrain
|-heal|p1a: Eternatus|70/100 par|[from] Grassy Terrain
|-damage|p1a: Eternatus|57/100 par|[from] Leech Seed|[of] p2a: Tyranitar
|-heal|p2a: Tyranitar|100/100 slp|[silent]
|upkeep
|turn|47
|
|t:|1634063602
|cant|p2a: Tyranitar|slp
|cant|p1a: Eternatus|par
|
|-weather|Sandstorm|[upkeep]
|-damage|p1a: Eternatus|51/100 par|[from] Sandstorm
|-heal|p1a: Eternatus|57/100 par|[from] Grassy Terrain
|-damage|p1a: Eternatus|45/100 par|[from] Leech Seed|[of] p2a: Tyranitar
|upkeep
|turn|48
|
|t:|1634063610
|cant|p2a: Tyranitar|slp
|move|p1a: Eternatus|Recover|p1a: Eternatus
|-heal|p1a: Eternatus|95/100 par
|
|-weather|Sandstorm|[upkeep]
|-damage|p1a: Eternatus|89/100 par|[from] Sandstorm
|-heal|p1a: Eternatus|95/100 par|[from] Grassy Terrain
|-damage|p1a: Eternatus|82/100 par|[from] Leech Seed|[of] p2a: Tyranitar
|-fieldend|move: Grassy Terrain
|upkeep
|turn|49
|
|t:|1634063620
|switch|p1a: Groudon|Groudon|95/100 par
|-damage|p1a: Groudon|89/100 par|[from] Stealth Rock
|-weather|SunnyDay|[from] ability: Drought|[of] p1a: Groudon
|-curestatus|p2a: Tyranitar|slp|[msg]
|move|p2a: Tyranitar|Foul Play|p1a: Groudon
|-damage|p1a: Groudon|68/100 par
|
|-weather|SunnyDay|[upkeep]
|-heal|p1a: Groudon|74/100 par|[from] item: Leftovers
|upkeep
|turn|50
|
|t:|1634063650
|switch|p2a: Tapu Bulu|Tapu Bulu|100/100
|-damage|p2a: Tapu Bulu|88/100|[from] Stealth Rock
|-fieldstart|move: Grassy Terrain|[from] ability: Grassy Surge|[of] p2a: Tapu Bulu
|move|p1a: Groudon|Precipice Blades|p2a: Tapu Bulu
|-resisted|p2a: Tapu Bulu
|-damage|p2a: Tapu Bulu|70/100
|
|-weather|SunnyDay|[upkeep]
|-heal|p2a: Tapu Bulu|76/100|[from] Grassy Terrain
|-heal|p2a: Tapu Bulu|82/100|[from] item: Leftovers
|-heal|p1a: Groudon|80/100 par|[from] Grassy Terrain
|-heal|p1a: Groudon|87/100 par|[from] item: Leftovers
|upkeep
|turn|51
|
|t:|1634063655
|switch|p1a: Eternatus|Eternatus|82/100 par
|-ability|p1a: Eternatus|Pressure
|move|p2a: Tapu Bulu|Whirlwind|p1a: Eternatus
|drag|p1a: Yveltal|Yveltal|31/100 par
|-ability|p1a: Yveltal|Dark Aura
|
|-weather|SunnyDay|[upkeep]
|-heal|p2a: Tapu Bulu|88/100|[from] Grassy Terrain
|-heal|p2a: Tapu Bulu|94/100|[from] item: Leftovers
|upkeep
|turn|52
|
|t:|1634063666
|switch|p2a: Tyranitar|Tyranitar, M|100/100
|-damage|p2a: Tyranitar|88/100|[from] Stealth Rock
|-weather|Sandstorm|[from] ability: Sand Stream|[of] p2a: Tyranitar
|move|p1a: Yveltal|Roost|p1a: Yveltal
|-heal|p1a: Yveltal|81/100 par
|-singleturn|p1a: Yveltal|move: Roost
|
|-weather|Sandstorm|[upkeep]
|-damage|p1a: Yveltal|74/100 par|[from] Sandstorm
|-heal|p2a: Tyranitar|94/100|[from] Grassy Terrain
|-heal|p1a: Yveltal|81/100 par|[from] Grassy Terrain
|upkeep
|turn|53
|
|t:|1634063672
|switch|p1a: Groudon|Groudon|87/100 par
|-damage|p1a: Groudon|80/100 par|[from] Stealth Rock
|-weather|SunnyDay|[from] ability: Drought|[of] p1a: Groudon
|move|p2a: Tyranitar|Foul Play|p1a: Groudon
|-damage|p1a: Groudon|58/100 par
|
|-weather|SunnyDay|[upkeep]
|-heal|p2a: Tyranitar|100/100|[from] Grassy Terrain
|-heal|p1a: Groudon|64/100 par|[from] Grassy Terrain
|-heal|p1a: Groudon|71/100 par|[from] item: Leftovers
|upkeep
|turn|54
|
|t:|1634063682
|switch|p2a: Tapu Bulu|Tapu Bulu|94/100
|-damage|p2a: Tapu Bulu|82/100|[from] Stealth Rock
|move|p1a: Groudon|Thunder Wave|p2a: Tapu Bulu
|-status|p2a: Tapu Bulu|par
|
|-weather|SunnyDay|[upkeep]
|-heal|p1a: Groudon|77/100 par|[from] Grassy Terrain
|-heal|p1a: Groudon|83/100 par|[from] item: Leftovers
|-heal|p2a: Tapu Bulu|88/100 par|[from] Grassy Terrain
|-heal|p2a: Tapu Bulu|94/100 par|[from] item: Leftovers
|-fieldend|move: Grassy Terrain
|upkeep
|turn|55
|
|t:|1634063700
|switch|p1a: Eternatus|Eternatus|82/100 par
|-ability|p1a: Eternatus|Pressure
|move|p2a: Tapu Bulu|Whirlwind|p1a: Eternatus
|drag|p1a: Calyrex|Calyrex-Shadow|100/100
|-ability|p1a: Calyrex|As One
|-ability|p1a: Calyrex|Unnerve
|-damage|p1a: Calyrex|88/100|[from] Stealth Rock
|
|-weather|SunnyDay|[upkeep]
|-heal|p1a: Calyrex|94/100|[from] item: Leftovers
|-heal|p2a: Tapu Bulu|99/100 par|[from] item: Leftovers
|upkeep
|turn|56
|
|t:|1634063723
|switch|p2a: Tyranitar|Tyranitar, M|100/100
|-damage|p2a: Tyranitar|88/100|[from] Stealth Rock
|-weather|Sandstorm|[from] ability: Sand Stream|[of] p2a: Tyranitar
|move|p1a: Calyrex|Astral Barrage|p2a: Tyranitar
|-resisted|p2a: Tyranitar
|-damage|p2a: Tyranitar|70/100
|
|-weather|Sandstorm|[upkeep]
|-damage|p1a: Calyrex|88/100|[from] Sandstorm
|-heal|p1a: Calyrex|94/100|[from] item: Leftovers
|upkeep
|turn|57
|
|t:|1634063729
|switch|p1a: Groudon|Groudon|83/100 par
|-damage|p1a: Groudon|77/100 par|[from] Stealth Rock
|-weather|SunnyDay|[from] ability: Drought|[of] p1a: Groudon
|move|p2a: Tyranitar|Foul Play|p1a: Groudon
|-damage|p1a: Groudon|54/100 par
|
|-weather|SunnyDay|[upkeep]
|-heal|p1a: Groudon|61/100 par|[from] item: Leftovers
|upkeep
|turn|58
|c|☆Teomondo Scrofalo|can you stop being a fucking jerk?
|
|t:|1634063737
|switch|p2a: Tapu Bulu|Tapu Bulu|99/100 par
|-damage|p2a: Tapu Bulu|88/100 par|[from] Stealth Rock
|-fieldstart|move: Grassy Terrain|[from] ability: Grassy Surge|[of] p2a: Tapu Bulu
|switch|p1a: Yveltal|Yveltal|81/100 par
|-ability|p1a: Yveltal|Dark Aura
|
|-weather|SunnyDay|[upkeep]
|-heal|p2a: Tapu Bulu|94/100 par|[from] Grassy Terrain
|-heal|p2a: Tapu Bulu|99/100 par|[from] item: Leftovers
|upkeep
|turn|59
|
|t:|1634063744
|switch|p2a: Tyranitar|Tyranitar, M|70/100
|-damage|p2a: Tyranitar|58/100|[from] Stealth Rock
|-weather|Sandstorm|[from] ability: Sand Stream|[of] p2a: Tyranitar
|move|p1a: Yveltal|U-turn|p2a: Tyranitar
|-supereffective|p2a: Tyranitar
|-damage|p2a: Tyranitar|32/100
|
|t:|1634063749
|switch|p1a: Marshadow|Marshadow|94/100|[from]move: U-turn
|-damage|p1a: Marshadow|88/100|[from] Stealth Rock
|
|-weather|Sandstorm|[upkeep]
|-damage|p1a: Marshadow|82/100|[from] Sandstorm
|-heal|p1a: Marshadow|88/100|[from] Grassy Terrain
|-heal|p2a: Tyranitar|38/100|[from] Grassy Terrain
|upkeep
|turn|60
|
|t:|1634063755
|switch|p2a: Tapu Bulu|Tapu Bulu|99/100 par
|-damage|p2a: Tapu Bulu|88/100 par|[from] Stealth Rock
|move|p1a: Marshadow|Spectral Thief|p2a: Tapu Bulu
|-damage|p2a: Tapu Bulu|45/100 par
|
|-weather|Sandstorm|[upkeep]
|-damage|p1a: Marshadow|82/100|[from] Sandstorm
|-damage|p2a: Tapu Bulu|39/100 par|[from] Sandstorm
|-heal|p1a: Marshadow|88/100|[from] Grassy Terrain
|-heal|p2a: Tapu Bulu|45/100 par|[from] Grassy Terrain
|-heal|p2a: Tapu Bulu|51/100 par|[from] item: Leftovers
|upkeep
|turn|61
|-message|PokeDuels forfeited.
|
|win|Teomondo Scrofalo
|raw|Teomondo Scrofalo's rating: 1621 &rarr; <strong>1643</strong><br />(+22 for winning)
|raw|PokeDuels's rating: 1652 &rarr; <strong>1630</strong><br />(-22 for losing)
|l|☆PokeDuels
