|j|☆L0uis1X
|j|☆Alpha1013
|t:|1654848676
|gametype|singles
|player|p1|L0uis1X|1|
|player|p2|Alpha1013|clair|
|teamsize|p1|6
|teamsize|p2|6
|gen|8
|tier|[Gen 8] Ubers
|rated|Tournament battle
|rule|Sleep Clause Mod: Limit one foe put to sleep
|rule|Species Clause: Limit one of each Pokémon
|rule|OHKO Clause: OHKO moves are banned
|rule|Evasion Moves Clause: Evasion moves are banned
|rule|Endless Battle Clause: Forcing endless battles is banned
|rule|HP Percentage Mod: HP is shown in percentages
|rule|Dynamax Clause: You cannot dynamax
|clearpoke
|poke|p1|Ferrothorn, M|
|poke|p1|Blissey, F|
|poke|p1|Giratina-Origin|
|poke|p1|Ho-Oh|
|poke|p1|Tyranitar, M|
|poke|p1|Garchomp, M|
|poke|p2|Weavile, M|
|poke|p2|Xerneas-*|
|poke|p2|Eternatus|
|poke|p2|Necrozma-Dusk-Mane|
|poke|p2|Yveltal|
|poke|p2|Kyogre|
|teampreview
|inactive|Battle timer is ON: inactive players will automatically lose when time's up. (requested by L0uis1X)
|
|t:|1654848709
|start
|switch|p1a: Ho-Oh|Ho-Oh|100/100
|switch|p2a: Weavile|Weavile, M|100/100
|-ability|p2a: Weavile|Pressure
|turn|1
|
|t:|1654848717
|switch|p2a: Kyogre|Kyogre|100/100
|-weather|RainDance|[from] ability: Drizzle|[of] p2a: Kyogre
|move|p1a: Ho-Oh|Thunder Wave|p2a: Kyogre
|-status|p2a: Kyogre|par
|
|-weather|RainDance|[upkeep]
|upkeep
|turn|2
|
|t:|1654848727
|switch|p1a: Blissey|Blissey, F|100/100
|move|p2a: Kyogre|Calm Mind|p2a: Kyogre
|-boost|p2a: Kyogre|spa|1
|-boost|p2a: Kyogre|spd|1
|
|-weather|RainDance|[upkeep]
|upkeep
|turn|3
|
|t:|1654848735
|move|p1a: Blissey|Confide|p2a: Kyogre
|-unboost|p2a: Kyogre|spa|1
|move|p2a: Kyogre|Calm Mind|p2a: Kyogre
|-boost|p2a: Kyogre|spa|1
|-boost|p2a: Kyogre|spd|1
|
|-weather|RainDance|[upkeep]
|upkeep
|turn|4
|
|t:|1654848743
|move|p1a: Blissey|Confide|p2a: Kyogre
|-unboost|p2a: Kyogre|spa|1
|move|p2a: Kyogre|Roar|p1a: Blissey
|drag|p1a: Ferrothorn|Ferrothorn, M|100/100
|
|-weather|RainDance|[upkeep]
|upkeep
|turn|5
|
|t:|1654848752
|cant|p2a: Kyogre|par
|move|p1a: Ferrothorn|Spikes|p2a: Kyogre
|-sidestart|p2: Alpha1013|Spikes
|
|-weather|none
|upkeep
|turn|6
|
|t:|1654848759
|cant|p2a: Kyogre|par
|move|p1a: Ferrothorn|Spikes|p2a: Kyogre
|-sidestart|p2: Alpha1013|Spikes
|
|upkeep
|turn|7
|
|t:|1654848765
|move|p2a: Kyogre|Rest|p2a: Kyogre
|-fail|p2a: Kyogre|heal
|move|p1a: Ferrothorn|Iron Defense|p1a: Ferrothorn
|-boost|p1a: Ferrothorn|def|2
|
|upkeep
|turn|8
|
|t:|1654848771
|move|p2a: Kyogre|Scald|p1a: Ferrothorn
|-resisted|p1a: Ferrothorn
|-damage|p1a: Ferrothorn|83/100
|move|p1a: Ferrothorn|Body Press|p2a: Kyogre
|-damage|p2a: Kyogre|48/100 par
|
|-heal|p2a: Kyogre|54/100 par|[from] item: Leftovers
|-heal|p1a: Ferrothorn|89/100|[from] item: Leftovers
|upkeep
|turn|9
|
|t:|1654848782
|move|p2a: Kyogre|Rest|p2a: Kyogre
|-status|p2a: Kyogre|slp|[from] move: Rest
|-heal|p2a: Kyogre|100/100 slp|[silent]
|move|p1a: Ferrothorn|Body Press|p2a: Kyogre
|-damage|p2a: Kyogre|48/100 slp
|
|-heal|p2a: Kyogre|54/100 slp|[from] item: Leftovers
|-heal|p1a: Ferrothorn|95/100|[from] item: Leftovers
|upkeep
|turn|10
|
|t:|1654848799
|switch|p2a: Yveltal|Yveltal|100/100
|-ability|p2a: Yveltal|Dark Aura
|move|p1a: Ferrothorn|Body Press|p2a: Yveltal
|-damage|p2a: Yveltal|50/100
|
|-heal|p1a: Ferrothorn|100/100|[from] item: Leftovers
|upkeep
|turn|11
|
|t:|1654848809
|move|p2a: Yveltal|Knock Off|p1a: Ferrothorn
|-damage|p1a: Ferrothorn|81/100
|-damage|p2a: Yveltal|38/100|[from] ability: Iron Barbs|[of] p1a: Ferrothorn
|-enditem|p1a: Ferrothorn|Leftovers|[from] move: Knock Off|[of] p2a: Yveltal
|move|p1a: Ferrothorn|Body Press|p2a: Yveltal
|-damage|p2a: Yveltal|0 fnt
|faint|p2a: Yveltal
|
|upkeep
|
|t:|1654848821
|switch|p2a: Eternatus|Eternatus|100/100
|-damage|p2a: Eternatus|84/100|[from] Spikes
|-ability|p2a: Eternatus|Pressure
|turn|12
|
|t:|1654848830
|switch|p1a: Tyranitar|Tyranitar, M|100/100
|-weather|Sandstorm|[from] ability: Sand Stream|[of] p1a: Tyranitar
|move|p2a: Eternatus|Flamethrower|p1a: Tyranitar
|-resisted|p1a: Tyranitar
|-damage|p1a: Tyranitar|93/100
|
|-weather|Sandstorm|[upkeep]
|-damage|p2a: Eternatus|78/100|[from] Sandstorm
|upkeep
|turn|13
|
|t:|1654848841
|move|p2a: Eternatus|Sludge Bomb|p1a: Tyranitar
|-resisted|p1a: Tyranitar
|-damage|p1a: Tyranitar|83/100
|move|p1a: Tyranitar|Thunder Wave|p2a: Eternatus|[miss]
|-miss|p1a: Tyranitar|p2a: Eternatus
|
|-weather|Sandstorm|[upkeep]
|-damage|p2a: Eternatus|71/100|[from] Sandstorm
|upkeep
|turn|14
|
|t:|1654848850
|switch|p2a: Kyogre|Kyogre|54/100 slp
|-damage|p2a: Kyogre|38/100 slp|[from] Spikes
|-weather|RainDance|[from] ability: Drizzle|[of] p2a: Kyogre
|move|p1a: Tyranitar|Stealth Rock|p2a: Kyogre
|-sidestart|p2: Alpha1013|move: Stealth Rock
|
|-weather|RainDance|[upkeep]
|-heal|p2a: Kyogre|44/100 slp|[from] item: Leftovers
|upkeep
|turn|15
|
|t:|1654848868
|switch|p2a: Necrozma|Necrozma-Dusk-Mane|100/100
|-damage|p2a: Necrozma|84/100|[from] Spikes
|-damage|p2a: Necrozma|78/100|[from] Stealth Rock
|switch|p1a: Ferrothorn|Ferrothorn, M|81/100
|
|-weather|RainDance|[upkeep]
|upkeep
|turn|16
|
|t:|1654848879
|move|p2a: Necrozma|Dragon Dance|p2a: Necrozma
|-boost|p2a: Necrozma|atk|1
|-boost|p2a: Necrozma|spe|1
|move|p1a: Ferrothorn|Leech Seed|p2a: Necrozma
|-start|p2a: Necrozma|move: Leech Seed
|
|-weather|RainDance|[upkeep]
|-damage|p2a: Necrozma|66/100|[from] Leech Seed|[of] p1a: Ferrothorn
|-heal|p1a: Ferrothorn|95/100|[silent]
|upkeep
|turn|17
|
|t:|1654848887
|move|p2a: Necrozma|Dragon Dance|p2a: Necrozma
|-boost|p2a: Necrozma|atk|1
|-boost|p2a: Necrozma|spe|1
|move|p1a: Ferrothorn|Iron Defense|p1a: Ferrothorn
|-boost|p1a: Ferrothorn|def|2
|
|-weather|RainDance|[upkeep]
|-damage|p2a: Necrozma|53/100|[from] Leech Seed|[of] p1a: Ferrothorn
|-heal|p1a: Ferrothorn|100/100|[silent]
|upkeep
|turn|18
|
|t:|1654848896
|move|p2a: Necrozma|Knock Off|p1a: Ferrothorn
|-damage|p1a: Ferrothorn|87/100
|-damage|p2a: Necrozma|41/100|[from] ability: Iron Barbs|[of] p1a: Ferrothorn
|move|p1a: Ferrothorn|Spikes|p2a: Necrozma
|-sidestart|p2: Alpha1013|Spikes
|
|-weather|none
|-damage|p2a: Necrozma|29/100|[from] Leech Seed|[of] p1a: Ferrothorn
|-heal|p1a: Ferrothorn|100/100|[silent]
|upkeep
|turn|19
|-message|Alpha1013 forfeited.
|
|win|L0uis1X
|n|☆L0uis1X|l0uis1x
|n|☆Alpha1013|alpha1013
