|j|☆XDgaming999
|j|☆I Crit My Panties
|t:|1659701241
|gametype|singles
|player|p1|XDgaming999|biker-gen4|1469
|player|p2|I Crit My Panties|169|1605
|teamsize|p1|6
|teamsize|p2|6
|gen|8
|tier|[Gen 8] Ubers
|rated|
|rule|Sleep Clause Mod: Limit one foe put to sleep
|rule|Species Clause: Limit one of each Pokémon
|rule|OHKO Clause: OHKO moves are banned
|rule|Evasion Items Clause: Evasion items are banned
|rule|Evasion Moves Clause: Evasion moves are banned
|rule|Endless Battle Clause: Forcing endless battles is banned
|rule|HP Percentage Mod: HP is shown in percentages
|rule|Dynamax Clause: You cannot dynamax
|clearpoke
|poke|p1|Shedinja|
|poke|p1|Xerneas-*|
|poke|p1|Necrozma-Dusk-Mane|
|poke|p1|Ferrothorn, M|
|poke|p1|Umbreon, F|
|poke|p1|Zygarde|
|poke|p2|Hatterene, F|
|poke|p2|Porygon2|
|poke|p2|Magearna|
|poke|p2|Dracovish|
|poke|p2|Calyrex-Ice|
|poke|p2|Necrozma-Dusk-Mane|
|teampreview
|
|t:|1659701263
|start
|switch|p1a: Necrozma|Necrozma-Dusk-Mane|100/100
|switch|p2a: Hatterene|Hatterene, F|100/100
|turn|1
|
|t:|1659701266
|switch|p2a: Necrozma|Necrozma-Dusk-Mane|100/100
|move|p1a: Necrozma|Iron Head|p2a: Necrozma
|-resisted|p2a: Necrozma
|-damage|p2a: Necrozma|87/100
|
|upkeep
|turn|2
|
|t:|1659701273
|switch|p1a: Ferrothorn|Ferrothorn, M|100/100
|switch|p2a: Hatterene|Hatterene, F|100/100
|
|upkeep
|turn|3
|
|t:|1659701287
|switch|p1a: Necrozma|Necrozma-Dusk-Mane|100/100
|move|p2a: Hatterene|Mystical Fire|p1a: Necrozma
|-supereffective|p1a: Necrozma
|-damage|p1a: Necrozma|73/100
|-unboost|p1a: Necrozma|spa|1
|
|-heal|p1a: Necrozma|79/100|[from] item: Leftovers
|upkeep
|turn|4
|
|t:|1659701295
|switch|p2a: Necrozma|Necrozma-Dusk-Mane|87/100
|move|p1a: Necrozma|Iron Head|p2a: Necrozma
|-resisted|p2a: Necrozma
|-damage|p2a: Necrozma|73/100
|
|-heal|p1a: Necrozma|85/100|[from] item: Leftovers
|upkeep
|turn|5
|
|t:|1659701305
|move|p1a: Necrozma|Thunder Wave|p2a: Necrozma
|-status|p2a: Necrozma|par
|cant|p2a: Necrozma|par
|
|-heal|p1a: Necrozma|91/100|[from] item: Leftovers
|upkeep
|turn|6
|
|t:|1659701313
|move|p1a: Necrozma|Iron Head|p2a: Necrozma
|-resisted|p2a: Necrozma
|-damage|p2a: Necrozma|59/100 par
|move|p2a: Necrozma|Swords Dance|p2a: Necrozma
|-boost|p2a: Necrozma|atk|2
|
|-heal|p1a: Necrozma|97/100|[from] item: Leftovers
|upkeep
|turn|7
|
|t:|1659701327
|switch|p1a: Shedinja|Shedinja|100/100
|cant|p2a: Necrozma|par
|
|upkeep
|turn|8
|
|t:|1659701330
|move|p1a: Shedinja|Poltergeist|p2a: Necrozma
|-activate|p2a: Necrozma|move: Poltergeist|Weakness Policy
|-supereffective|p2a: Necrozma
|-damage|p2a: Necrozma|10/100 par
|-enditem|p2a: Necrozma|Weakness Policy
|-boost|p2a: Necrozma|atk|2|[from] item: Weakness Policy
|-boost|p2a: Necrozma|spa|2|[from] item: Weakness Policy
|move|p2a: Necrozma|Sunsteel Strike|p1a: Shedinja
|-damage|p1a: Shedinja|0 fnt
|faint|p1a: Shedinja
|
|upkeep
|
|t:|1659701345
|switch|p1a: Necrozma|Necrozma-Dusk-Mane|97/100
|turn|9
|
|t:|1659701352
|switch|p2a: Porygon2|Porygon2|100/100
|-ability|p2a: Porygon2|Prism Armor|[from] ability: Trace|[of] p1a: Necrozma
|move|p1a: Necrozma|Iron Head|p2a: Porygon2
|-damage|p2a: Porygon2|81/100
|
|-heal|p1a: Necrozma|100/100|[from] item: Leftovers
|upkeep
|turn|10
|
|t:|1659701359
|switch|p1a: Ferrothorn|Ferrothorn, M|100/100
|switch|p2a: Hatterene|Hatterene, F|100/100
|
|upkeep
|turn|11
|
|t:|1659701367
|switch|p1a: Umbreon|Umbreon, F|100/100
|move|p2a: Hatterene|Trick Room|p2a: Hatterene
|-fieldstart|move: Trick Room|[of] p2a: Hatterene
|
|upkeep
|turn|12
|
|t:|1659701372
|switch|p2a: Magearna|Magearna|100/100
|move|p1a: Umbreon|Wish|p1a: Umbreon
|
|upkeep
|turn|13
|
|t:|1659701379
|switch|p1a: Ferrothorn|Ferrothorn, M|100/100
|move|p2a: Magearna|Volt Switch|p1a: Ferrothorn
|-resisted|p1a: Ferrothorn
|-damage|p1a: Ferrothorn|92/100
|
|t:|1659701382
|switch|p2a: Hatterene|Hatterene, F|100/100|[from]move: Volt Switch
|
|-heal|p1a: Ferrothorn|100/100|[from] move: Wish|[wisher] Umbreon
|upkeep
|turn|14
|
|t:|1659701386
|switch|p2a: Dracovish|Dracovish|100/100
|switch|p1a: Necrozma|Necrozma-Dusk-Mane|100/100
|
|upkeep
|turn|15
|
|t:|1659701400
|move|p2a: Dracovish|Fishious Rend|p1a: Necrozma
|-damage|p1a: Necrozma|0 fnt
|faint|p1a: Necrozma
|
|-fieldend|move: Trick Room
|upkeep
|
|t:|1659701402
|switch|p1a: Ferrothorn|Ferrothorn, M|100/100
|turn|16
|
|t:|1659701414
|switch|p2a: Hatterene|Hatterene, F|100/100
|switch|p1a: Xerneas|Xerneas|100/100
|-ability|p1a: Xerneas|Fairy Aura
|
|upkeep
|turn|17
|
|t:|1659701425
|move|p1a: Xerneas|Moonblast|p2a: Hatterene
|-damage|p2a: Hatterene|48/100
|move|p2a: Hatterene|Trick Room|p2a: Hatterene
|-fieldstart|move: Trick Room|[of] p2a: Hatterene
|
|upkeep
|turn|18
|
|t:|1659701434
|move|p2a: Hatterene|Misty Explosion|p1a: Xerneas
|-damage|p1a: Xerneas|38/100
|faint|p2a: Hatterene
|move|p1a: Xerneas|Moonblast|p2: Hatterene|[notarget]
|-fail|p1a: Xerneas
|
|-heal|p1a: Xerneas|45/100|[from] item: Leftovers
|upkeep
|
|t:|1659701439
|switch|p2a: Calyrex|Calyrex-Ice|100/100
|-ability|p2a: Calyrex|As One
|-ability|p2a: Calyrex|Unnerve
|turn|19
|
|t:|1659701445
|move|p2a: Calyrex|Glacial Lance|p1a: Xerneas
|-damage|p1a: Xerneas|0 fnt
|faint|p1a: Xerneas
|-ability|p2a: Calyrex|Chilling Neigh|boost
|-boost|p2a: Calyrex|atk|1
|
|upkeep
|
|t:|1659701458
|switch|p1a: Ferrothorn|Ferrothorn, M|100/100
|turn|20
|
|t:|1659701461
|move|p1a: Ferrothorn|Iron Defense|p1a: Ferrothorn
|-boost|p1a: Ferrothorn|def|2
|move|p2a: Calyrex|Glacial Lance|p1a: Ferrothorn
|-damage|p1a: Ferrothorn|61/100
|
|-heal|p1a: Ferrothorn|68/100|[from] item: Leftovers
|upkeep
|turn|21
|
|t:|1659701471
|move|p1a: Ferrothorn|Iron Defense|p1a: Ferrothorn
|-boost|p1a: Ferrothorn|def|2
|move|p2a: Calyrex|Glacial Lance|p1a: Ferrothorn
|-damage|p1a: Ferrothorn|43/100
|
|-heal|p1a: Ferrothorn|50/100|[from] item: Leftovers
|-fieldend|move: Trick Room
|upkeep
|turn|22
|
|t:|1659701479
|switch|p2a: Necrozma|Necrozma-Dusk-Mane|10/100 par
|move|p1a: Ferrothorn|Leech Seed|p2a: Necrozma
|-start|p2a: Necrozma|move: Leech Seed
|
|-heal|p1a: Ferrothorn|56/100|[from] item: Leftovers
|-damage|p2a: Necrozma|0 fnt|[from] Leech Seed|[of] p1a: Ferrothorn
|-heal|p1a: Ferrothorn|67/100|[silent]
|faint|p2a: Necrozma
|upkeep
|
|t:|1659701484
|switch|p2a: Porygon2|Porygon2|81/100
|-ability|p2a: Porygon2|Iron Barbs|[from] ability: Trace|[of] p1a: Ferrothorn
|turn|23
|
|t:|1659701491
|move|p2a: Porygon2|Ice Beam|p1a: Ferrothorn
|-damage|p1a: Ferrothorn|49/100
|-status|p1a: Ferrothorn|frz
|-curestatus|p1a: Ferrothorn|frz|[msg]
|move|p1a: Ferrothorn|Body Press|p2a: Porygon2
|-supereffective|p2a: Porygon2
|-damage|p2a: Porygon2|0 fnt
|-damage|p1a: Ferrothorn|37/100|[from] ability: Iron Barbs|[of] p2a: Porygon2
|faint|p2a: Porygon2
|
|-heal|p1a: Ferrothorn|43/100|[from] item: Leftovers
|upkeep
|
|t:|1659701495
|switch|p2a: Calyrex|Calyrex-Ice|100/100
|-ability|p2a: Calyrex|As One
|-ability|p2a: Calyrex|Unnerve
|turn|24
|
|t:|1659701506
|move|p2a: Calyrex|Glacial Lance|p1a: Ferrothorn
|-damage|p1a: Ferrothorn|24/100
|move|p1a: Ferrothorn|Leech Seed|p2a: Calyrex
|-start|p2a: Calyrex|move: Leech Seed
|
|-heal|p1a: Ferrothorn|30/100|[from] item: Leftovers
|-damage|p2a: Calyrex|88/100|[from] Leech Seed|[of] p1a: Ferrothorn
|-heal|p1a: Ferrothorn|45/100|[silent]
|upkeep
|turn|25
|
|t:|1659701514
|switch|p2a: Magearna|Magearna|100/100
|move|p1a: Ferrothorn|Iron Defense|p1a: Ferrothorn
|-boost|p1a: Ferrothorn|def|2
|
|-heal|p1a: Ferrothorn|51/100|[from] item: Leftovers
|upkeep
|turn|26
|
|t:|1659701522
|move|p2a: Magearna|Fleur Cannon|p1a: Ferrothorn
|-resisted|p1a: Ferrothorn
|-damage|p1a: Ferrothorn|25/100
|-unboost|p2a: Magearna|spa|2
|move|p1a: Ferrothorn|Leech Seed|p2a: Magearna
|-start|p2a: Magearna|move: Leech Seed
|
|-heal|p1a: Ferrothorn|32/100|[from] item: Leftovers
|-damage|p2a: Magearna|88/100|[from] Leech Seed|[of] p1a: Ferrothorn
|-heal|p1a: Ferrothorn|45/100|[silent]
|upkeep
|turn|27
|
|t:|1659701527
|move|p2a: Magearna|Volt Switch|p1a: Ferrothorn
|-resisted|p1a: Ferrothorn
|-damage|p1a: Ferrothorn|40/100
|
|t:|1659701530
|switch|p2a: Dracovish|Dracovish|100/100|[from]move: Volt Switch
|move|p1a: Ferrothorn|Body Press|p2a: Dracovish
|-damage|p2a: Dracovish|0 fnt
|faint|p2a: Dracovish
|
|-heal|p1a: Ferrothorn|46/100|[from] item: Leftovers
|upkeep
|
|t:|1659701532
|switch|p2a: Calyrex|Calyrex-Ice|88/100
|-ability|p2a: Calyrex|As One
|-ability|p2a: Calyrex|Unnerve
|turn|28
|l|☆I Crit My Panties
|player|p2|
|
|t:|1659701542
|move|p2a: Calyrex|Glacial Lance|p1a: Ferrothorn
|-damage|p1a: Ferrothorn|33/100
|move|p1a: Ferrothorn|Leech Seed|p2a: Calyrex|[miss]
|-miss|p1a: Ferrothorn|p2a: Calyrex
|
|-heal|p1a: Ferrothorn|39/100|[from] item: Leftovers
|upkeep
|turn|29
|inactive|Battle timer is ON: inactive players will automatically lose when time's up. (requested by XDgaming999)
|inactive|I Crit My Panties has 30 seconds to reconnect!
|inactive|I Crit My Panties has 20 seconds to reconnect!
|inactive|I Crit My Panties has 15 seconds to reconnect!
|inactive|I Crit My Panties has 10 seconds to reconnect!
|inactive|I Crit My Panties has 5 seconds to reconnect!
|-message|I Crit My Panties lost due to inactivity.
|
|win|XDgaming999
|raw|XDgaming999's rating: 1469 &rarr; <strong>1496</strong><br />(+27 for winning)
|raw|I Crit My Panties's rating: 1605 &rarr; <strong>1578</strong><br />(-27 for losing)
|c|☆XDgaming999|gggg
||Ladder isn't responding, score probably updated but might not have (Request timeout).
