|raw|<div class="broadcast-blue"><strong>This battle is required to be public due to a player having a name starting with 'ult4pdr'.</div>
|j|☆ULT4PDR skimmy
|j|☆bald ben
|t:|1654160936
|gametype|singles
|player|p1|ULT4PDR skimmy|dawn|1725
|player|p2|bald ben|102|1692
|teamsize|p1|6
|teamsize|p2|6
|gen|8
|tier|[Gen 8] Ubers
|rated|
|rule|Sleep Clause Mod: Limit one foe put to sleep
|rule|Species Clause: Limit one of each Pokémon
|rule|OHKO Clause: OHKO moves are banned
|rule|Evasion Moves Clause: Evasion moves are banned
|rule|Endless Battle Clause: Forcing endless battles is banned
|rule|HP Percentage Mod: HP is shown in percentages
|rule|Dynamax Clause: You cannot dynamax
|clearpoke
|poke|p1|Xerneas-*|
|poke|p1|Necrozma-Dusk-Mane|
|poke|p1|Yveltal|
|poke|p1|Eternatus|
|poke|p1|Groudon|
|poke|p1|Calyrex-Shadow|
|poke|p2|Shuckle, F|
|poke|p2|Yveltal|
|poke|p2|Marshadow|
|poke|p2|Necrozma-Dusk-Mane|
|poke|p2|Calyrex-Shadow|
|poke|p2|Zekrom|
|teampreview
|inactive|Battle timer is ON: inactive players will automatically lose when time's up. (requested by ULT4PDR skimmy)
|inactive|bald ben also wants the timer to be on.
|
|t:|1654160956
|start
|switch|p1a: Necrozma|Necrozma-Dusk-Mane|100/100
|switch|p2a: Shuckle|Shuckle, F|100/100
|turn|1
|
|t:|1654160967
|move|p1a: Necrozma|Thunder Wave|p2a: Shuckle
|-status|p2a: Shuckle|par
|move|p2a: Shuckle|Sticky Web|p1a: Necrozma
|-sidestart|p1: ULT4PDR skimmy|move: Sticky Web
|
|upkeep
|turn|2
|
|t:|1654160975
|switch|p1a: Yveltal|Yveltal|100/100
|-ability|p1a: Yveltal|Dark Aura
|move|p2a: Shuckle|Stealth Rock|p1a: Yveltal
|-sidestart|p1: ULT4PDR skimmy|move: Stealth Rock
|
|upkeep
|turn|3
|
|t:|1654160979
|move|p1a: Yveltal|Defog|p2a: Shuckle
|-unboost|p2a: Shuckle|evasion|1
|-sideend|p1: ULT4PDR skimmy|Stealth Rock|[from] move: Defog|[of] p1a: Yveltal
|-sideend|p1: ULT4PDR skimmy|Sticky Web|[from] move: Defog|[of] p1a: Yveltal
|move|p2a: Shuckle|Encore|p1a: Yveltal
|-start|p1a: Yveltal|Encore
|
|upkeep
|turn|4
|
|t:|1654160983
|switch|p1a: Necrozma|Necrozma-Dusk-Mane|100/100
|switch|p2a: Calyrex|Calyrex-Shadow|100/100
|-ability|p2a: Calyrex|As One
|-ability|p2a: Calyrex|Unnerve
|
|upkeep
|turn|5
|
|t:|1654160988
|switch|p1a: Yveltal|Yveltal|100/100
|-ability|p1a: Yveltal|Dark Aura
|move|p2a: Calyrex|Substitute|p2a: Calyrex
|-start|p2a: Calyrex|Substitute
|-damage|p2a: Calyrex|76/100
|
|upkeep
|turn|6
|
|t:|1654160991
|move|p2a: Calyrex|Leech Seed|p1a: Yveltal
|-start|p1a: Yveltal|move: Leech Seed
|move|p1a: Yveltal|Foul Play|p2a: Calyrex
|-supereffective|p2a: Calyrex
|-end|p2a: Calyrex|Substitute
|
|-damage|p1a: Yveltal|88/100|[from] Leech Seed|[of] p2a: Calyrex
|-heal|p2a: Calyrex|92/100|[silent]
|upkeep
|turn|7
|
|t:|1654160996
|move|p2a: Calyrex|Substitute|p2a: Calyrex
|-start|p2a: Calyrex|Substitute
|-damage|p2a: Calyrex|67/100
|move|p1a: Yveltal|U-turn|p2a: Calyrex|[miss]
|-miss|p1a: Yveltal|p2a: Calyrex
|
|-damage|p1a: Yveltal|76/100|[from] Leech Seed|[of] p2a: Calyrex
|-heal|p2a: Calyrex|83/100|[silent]
|upkeep
|turn|8
|
|t:|1654161001
|move|p2a: Calyrex|Nasty Plot|p2a: Calyrex
|-boost|p2a: Calyrex|spa|2
|move|p1a: Yveltal|U-turn|p2a: Calyrex
|-activate|p2a: Calyrex|move: Substitute|[damage]
|
|t:|1654161017
|switch|p1a: Eternatus|Eternatus|100/100|[from]move: U-turn
|-ability|p1a: Eternatus|Pressure
|
|upkeep
|turn|9
|
|t:|1654161020
|move|p2a: Calyrex|Nasty Plot|p2a: Calyrex
|-boost|p2a: Calyrex|spa|2
|move|p1a: Eternatus|Dynamax Cannon|p2a: Calyrex
|-end|p2a: Calyrex|Substitute
|
|upkeep
|turn|10
|
|t:|1654161027
|move|p2a: Calyrex|Leech Seed|p1a: Eternatus
|-start|p1a: Eternatus|move: Leech Seed
|move|p1a: Eternatus|Dynamax Cannon|p2a: Calyrex
|-damage|p2a: Calyrex|35/100
|
|-damage|p1a: Eternatus|88/100|[from] Leech Seed|[of] p2a: Calyrex
|-heal|p2a: Calyrex|53/100|[silent]
|upkeep
|turn|11
|
|t:|1654161031
|switch|p1a: Yveltal|Yveltal|76/100
|-ability|p1a: Yveltal|Dark Aura
|move|p2a: Calyrex|Substitute|p2a: Calyrex
|-start|p2a: Calyrex|Substitute
|-damage|p2a: Calyrex|28/100
|
|upkeep
|turn|12
|
|t:|1654161037
|move|p2a: Calyrex|Leech Seed|p1a: Yveltal
|-start|p1a: Yveltal|move: Leech Seed
|move|p1a: Yveltal|Foul Play|p2a: Calyrex
|-supereffective|p2a: Calyrex
|-end|p2a: Calyrex|Substitute
|
|-damage|p1a: Yveltal|64/100|[from] Leech Seed|[of] p2a: Calyrex
|-heal|p2a: Calyrex|44/100|[silent]
|upkeep
|turn|13
|
|t:|1654161040
|move|p2a: Calyrex|Substitute|p2a: Calyrex
|-start|p2a: Calyrex|Substitute
|-damage|p2a: Calyrex|19/100
|move|p1a: Yveltal|Foul Play|p2a: Calyrex
|-supereffective|p2a: Calyrex
|-end|p2a: Calyrex|Substitute
|
|-damage|p1a: Yveltal|51/100|[from] Leech Seed|[of] p2a: Calyrex
|-heal|p2a: Calyrex|36/100|[silent]
|upkeep
|turn|14
|
|t:|1654161043
|move|p2a: Calyrex|Substitute|p2a: Calyrex
|-start|p2a: Calyrex|Substitute
|-damage|p2a: Calyrex|11/100
|move|p1a: Yveltal|Foul Play|p2a: Calyrex
|-supereffective|p2a: Calyrex
|-end|p2a: Calyrex|Substitute
|
|-damage|p1a: Yveltal|39/100|[from] Leech Seed|[of] p2a: Calyrex
|-heal|p2a: Calyrex|27/100|[silent]
|upkeep
|turn|15
|
|t:|1654161046
|move|p2a: Calyrex|Substitute|p2a: Calyrex
|-start|p2a: Calyrex|Substitute
|-damage|p2a: Calyrex|2/100
|move|p1a: Yveltal|Foul Play|p2a: Calyrex
|-supereffective|p2a: Calyrex
|-end|p2a: Calyrex|Substitute
|
|-damage|p1a: Yveltal|27/100|[from] Leech Seed|[of] p2a: Calyrex
|-heal|p2a: Calyrex|19/100|[silent]
|upkeep
|turn|16
|
|t:|1654161050
|move|p2a: Calyrex|Astral Barrage|p1a: Yveltal
|-resisted|p1a: Yveltal
|-damage|p1a: Yveltal|0 fnt
|faint|p1a: Yveltal
|-ability|p2a: Calyrex|Grim Neigh|boost
|-boost|p2a: Calyrex|spa|1
|
|upkeep
|
|t:|1654161051
|switch|p1a: Calyrex|Calyrex-Shadow|100/100
|-ability|p1a: Calyrex|As One
|-ability|p1a: Calyrex|Unnerve
|turn|17
|
|t:|1654161053
|switch|p2a: Yveltal|Yveltal|100/100
|-ability|p2a: Yveltal|Dark Aura
|move|p1a: Calyrex|Astral Barrage|p2a: Yveltal
|-resisted|p2a: Yveltal
|-damage|p2a: Yveltal|70/100
|
|upkeep
|turn|18
|
|t:|1654161057
|switch|p1a: Eternatus|Eternatus|88/100
|-ability|p1a: Eternatus|Pressure
|switch|p2a: Shuckle|Shuckle, F|100/100 par
|
|upkeep
|turn|19
|
|t:|1654161060
|switch|p1a: Necrozma|Necrozma-Dusk-Mane|100/100
|cant|p2a: Shuckle|par
|
|upkeep
|turn|20
|
|t:|1654161062
|move|p1a: Necrozma|Sunsteel Strike|p2a: Shuckle
|-supereffective|p2a: Shuckle
|-damage|p2a: Shuckle|48/100 par
|move|p2a: Shuckle|Sticky Web|p1a: Necrozma
|-sidestart|p1: ULT4PDR skimmy|move: Sticky Web
|
|upkeep
|turn|21
|
|t:|1654161065
|move|p1a: Necrozma|Stealth Rock|p2a: Shuckle
|-sidestart|p2: bald ben|move: Stealth Rock
|cant|p2a: Shuckle|par
|
|upkeep
|turn|22
|
|t:|1654161069
|move|p1a: Necrozma|Sunsteel Strike|p2a: Shuckle
|-supereffective|p2a: Shuckle
|-damage|p2a: Shuckle|0 fnt
|faint|p2a: Shuckle
|
|upkeep
|
|t:|1654161077
|switch|p2a: Zekrom|Zekrom|100/100
|-damage|p2a: Zekrom|88/100|[from] Stealth Rock
|-ability|p2a: Zekrom|Teravolt
|turn|23
|j| Lasen
|
|t:|1654161082
|switch|p1a: Groudon|Groudon|100/100
|-activate|p1a: Groudon|move: Sticky Web
|-unboost|p1a: Groudon|spe|1
|-weather|SunnyDay|[from] ability: Drought|[of] p1a: Groudon
|move|p2a: Zekrom|Hone Claws|p2a: Zekrom
|-boost|p2a: Zekrom|atk|1
|-boost|p2a: Zekrom|accuracy|1
|
|-weather|SunnyDay|[upkeep]
|upkeep
|turn|24
|
|t:|1654161085
|move|p2a: Zekrom|Scale Shot|p1a: Groudon
|-damage|p1a: Groudon|83/100
|-damage|p1a: Groudon|66/100
|-hitcount|p1a: Groudon|2
|-unboost|p2a: Zekrom|def|1
|-boost|p2a: Zekrom|spe|1
|-damage|p2a: Zekrom|78/100|[from] item: Life Orb
|move|p1a: Groudon|Precipice Blades|p2a: Zekrom
|-supereffective|p2a: Zekrom
|-damage|p2a: Zekrom|0 fnt
|faint|p2a: Zekrom
|
|-weather|SunnyDay|[upkeep]
|-heal|p1a: Groudon|73/100|[from] item: Leftovers
|upkeep
|
|t:|1654161095
|switch|p2a: Yveltal|Yveltal|70/100
|-damage|p2a: Yveltal|45/100|[from] Stealth Rock
|-ability|p2a: Yveltal|Dark Aura
|turn|25
|
|t:|1654161100
|switch|p1a: Xerneas|Xerneas|100/100
|-ability|p1a: Xerneas|Fairy Aura
|-item|p1a: Xerneas|Air Balloon
|move|p2a: Yveltal|Knock Off|p1a: Xerneas
|-resisted|p1a: Xerneas
|-damage|p1a: Xerneas|77/100
|-enditem|p1a: Xerneas|Air Balloon
|-damage|p2a: Yveltal|35/100|[from] item: Life Orb
|
|-weather|SunnyDay|[upkeep]
|upkeep
|turn|26
|
|t:|1654161103
|switch|p2a: Necrozma|Necrozma-Dusk-Mane|100/100
|-damage|p2a: Necrozma|94/100|[from] Stealth Rock
|move|p1a: Xerneas|Moonblast|p2a: Necrozma
|-resisted|p2a: Necrozma
|-crit|p2a: Necrozma
|-damage|p2a: Necrozma|63/100
|-unboost|p2a: Necrozma|spa|1
|
|-weather|SunnyDay|[upkeep]
|upkeep
|turn|27
|
|t:|1654161112
|switch|p1a: Groudon|Groudon|73/100
|-activate|p1a: Groudon|move: Sticky Web
|-unboost|p1a: Groudon|spe|1
|move|p2a: Necrozma|Knock Off|p1a: Groudon
|-damage|p1a: Groudon|50/100
|-enditem|p1a: Groudon|Leftovers|[from] move: Knock Off|[of] p2a: Necrozma
|
|-weather|none
|upkeep
|turn|28
|
|t:|1654161121
|move|p2a: Necrozma|Dragon Dance|p2a: Necrozma
|-boost|p2a: Necrozma|atk|1
|-boost|p2a: Necrozma|spe|1
|move|p1a: Groudon|Precipice Blades|p2a: Necrozma
|-supereffective|p2a: Necrozma
|-damage|p2a: Necrozma|0 fnt
|faint|p2a: Necrozma
|
|upkeep
|
|t:|1654161123
|switch|p2a: Calyrex|Calyrex-Shadow|19/100
|-ability|p2a: Calyrex|As One
|-ability|p2a: Calyrex|Unnerve
|-damage|p2a: Calyrex|6/100|[from] Stealth Rock
|turn|29
|
|t:|1654161126
|move|p2a: Calyrex|Astral Barrage|p1a: Groudon
|-damage|p1a: Groudon|0 fnt
|faint|p1a: Groudon
|-ability|p2a: Calyrex|Grim Neigh|boost
|-boost|p2a: Calyrex|spa|1
|
|upkeep
|
|t:|1654161127
|switch|p1a: Eternatus|Eternatus|88/100
|-ability|p1a: Eternatus|Pressure
|turn|30
|
|t:|1654161132
|move|p2a: Calyrex|Astral Barrage|p1a: Eternatus
|-damage|p1a: Eternatus|22/100
|move|p1a: Eternatus|Dynamax Cannon|p2a: Calyrex
|-damage|p2a: Calyrex|0 fnt
|faint|p2a: Calyrex
|
|upkeep
|
|t:|1654161136
|switch|p2a: Marshadow|Marshadow|100/100
|-damage|p2a: Marshadow|94/100|[from] Stealth Rock
|turn|31
|
|t:|1654161141
|move|p2a: Marshadow|Bulk Up|p2a: Marshadow
|-boost|p2a: Marshadow|atk|1
|-boost|p2a: Marshadow|def|1
|move|p1a: Eternatus|Dynamax Cannon|p2a: Marshadow
|-damage|p2a: Marshadow|41/100
|
|upkeep
|turn|32
|
|t:|1654161146
|switch|p1a: Necrozma|Necrozma-Dusk-Mane|100/100
|-activate|p1a: Necrozma|move: Sticky Web
|-unboost|p1a: Necrozma|spe|1
|move|p2a: Marshadow|Shadow Sneak|p1a: Necrozma
|-supereffective|p1a: Necrozma
|-damage|p1a: Necrozma|43/100
|-damage|p2a: Marshadow|31/100|[from] item: Life Orb
|
|-heal|p1a: Necrozma|49/100|[from] item: Leftovers
|upkeep
|turn|33
|
|t:|1654161155
|move|p2a: Marshadow|Shadow Sneak|p1a: Necrozma
|-supereffective|p1a: Necrozma
|-damage|p1a: Necrozma|0 fnt
|faint|p1a: Necrozma
|-damage|p2a: Marshadow|21/100|[from] item: Life Orb
|
|upkeep
|
|t:|1654161157
|switch|p1a: Xerneas|Xerneas|77/100
|-activate|p1a: Xerneas|move: Sticky Web
|-unboost|p1a: Xerneas|spe|1
|-ability|p1a: Xerneas|Fairy Aura
|turn|34
|
|t:|1654161159
|move|p2a: Marshadow|Spectral Thief|p1a: Xerneas
|-damage|p1a: Xerneas|30/100
|-damage|p2a: Marshadow|11/100|[from] item: Life Orb
|move|p1a: Xerneas|Moonblast|p2a: Marshadow
|-supereffective|p2a: Marshadow
|-damage|p2a: Marshadow|0 fnt
|faint|p2a: Marshadow
|
|upkeep
|
|t:|1654161162
|switch|p2a: Yveltal|Yveltal|35/100
|-damage|p2a: Yveltal|10/100|[from] Stealth Rock
|-ability|p2a: Yveltal|Dark Aura
|turn|35
|
|t:|1654161164
|move|p2a: Yveltal|Dual Wingbeat|p1a: Xerneas
|-damage|p1a: Xerneas|13/100
|-damage|p1a: Xerneas|0 fnt
|faint|p1a: Xerneas
|-hitcount|p1: Xerneas|2
|-damage|p2a: Yveltal|0 fnt|[from] item: Life Orb
|faint|p2a: Yveltal
|
|win|ULT4PDR skimmy
|raw|ULT4PDR skimmy's rating: 1725 &rarr; <strong>1743</strong><br />(+18 for winning)
|raw|bald ben's rating: 1692 &rarr; <strong>1674</strong><br />(-18 for losing)
|l|☆bald ben
|l| Lasen
|l|☆ULT4PDR skimmy
|j|☆ULT4PDR skimmy
|player|p1|ULT4PDR skimmy|dawn
