|raw|<div class="broadcast-blue"><strong>This battle is required to be public due to a player having a name starting with 'ult9ns'.</div>
|j|☆Bald ben
|j|☆ULT9NS Aniki
|t:|1653743510
|gametype|singles
|player|p1|Bald ben|101|1645
|player|p2|ULT9NS Aniki|cowgirl|1645
|teamsize|p1|6
|teamsize|p2|6
|gen|8
|tier|[Gen 8] Ubers
|rated|
|rule|Sleep Clause Mod: Limit one foe put to sleep
|rule|Species Clause: Limit one of each Pokémon
|rule|OHKO Clause: OHKO moves are banned
|rule|Evasion Moves Clause: Evasion moves are banned
|rule|Endless Battle Clause: Forcing endless battles is banned
|rule|HP Percentage Mod: HP is shown in percentages
|rule|Dynamax Clause: You cannot dynamax
|clearpoke
|poke|p1|Kyogre|
|poke|p1|Zygarde|
|poke|p1|Tyranitar, F|
|poke|p1|Giratina|
|poke|p1|Xerneas-*|
|poke|p1|Necrozma-Dusk-Mane|
|poke|p2|Yveltal|
|poke|p2|Kyogre|
|poke|p2|Ferrothorn, F|
|poke|p2|Necrozma-Dusk-Mane|
|poke|p2|Marshadow|
|poke|p2|Eternatus|
|teampreview
|inactive|Battle timer is ON: inactive players will automatically lose when time's up. (requested by Bald ben)
|
|t:|1653743515
|start
|switch|p1a: Miss orge|Kyogre|100/100
|switch|p2a: Kyogre|Kyogre|100/100
|-weather|RainDance|[from] ability: Drizzle|[of] p1a: Miss orge
|turn|1
|
|t:|1653743520
|switch|p1a: Paradise|Giratina|100/100
|-ability|p1a: Paradise|Pressure
|switch|p2a: Ferrothorn|Ferrothorn, F|100/100
|
|-weather|RainDance|[upkeep]
|upkeep
|turn|2
|
|t:|1653743522
|move|p1a: Paradise|Thunder Wave|p2a: Ferrothorn
|-status|p2a: Ferrothorn|par
|move|p2a: Ferrothorn|Knock Off|p1a: Paradise
|-supereffective|p1a: Paradise
|-damage|p1a: Paradise|77/100
|-enditem|p1a: Paradise|Leftovers|[from] move: Knock Off|[of] p2a: Ferrothorn
|
|-weather|RainDance|[upkeep]
|upkeep
|turn|3
|
|t:|1653743527
|switch|p1a: Paralyse seeker|Zygarde|100/100
|cant|p2a: Ferrothorn|par
|
|-weather|RainDance|[upkeep]
|upkeep
|turn|4
|
|t:|1653743529
|switch|p2a: Kyogre|Kyogre|100/100
|move|p1a: Paralyse seeker|Substitute|p1a: Paralyse seeker
|-start|p1a: Paralyse seeker|Substitute
|-damage|p1a: Paralyse seeker|76/100
|
|-weather|RainDance|[upkeep]
|-heal|p1a: Paralyse seeker|82/100|[from] item: Leftovers
|upkeep
|turn|5
|
|t:|1653743531
|move|p1a: Paralyse seeker|Glare|p2a: Kyogre
|-status|p2a: Kyogre|par
|move|p2a: Kyogre|Roar|p1a: Paralyse seeker
|drag|p1a: wave|Necrozma-Dusk-Mane|100/100
|
|-weather|none
|upkeep
|turn|6
|
|t:|1653743535
|switch|p2a: Ferrothorn|Ferrothorn, F|100/100 par
|move|p1a: wave|Knock Off|p2a: Ferrothorn
|-damage|p2a: Ferrothorn|75/100 par
|-damage|p1a: wave|88/100|[from] ability: Iron Barbs|[of] p2a: Ferrothorn
|-enditem|p2a: Ferrothorn|Leftovers|[from] move: Knock Off|[of] p1a: wave
|
|-heal|p1a: wave|94/100|[from] item: Leftovers
|upkeep
|turn|7
|
|t:|1653743542
|switch|p1a: Paralyse seeker|Zygarde|82/100
|cant|p2a: Ferrothorn|par
|
|-heal|p1a: Paralyse seeker|88/100|[from] item: Leftovers
|upkeep
|turn|8
|
|t:|1653743546
|move|p1a: Paralyse seeker|Thousand Arrows|p2a: Ferrothorn
|-damage|p2a: Ferrothorn|43/100 par
|move|p2a: Ferrothorn|Spikes|p1a: Paralyse seeker
|-sidestart|p1: Bald ben|Spikes
|
|-heal|p1a: Paralyse seeker|94/100|[from] item: Leftovers
|upkeep
|turn|9
|
|t:|1653743551
|switch|p2a: Kyogre|Kyogre|100/100 par
|-weather|RainDance|[from] ability: Drizzle|[of] p2a: Kyogre
|move|p1a: Paralyse seeker|Substitute|p1a: Paralyse seeker
|-start|p1a: Paralyse seeker|Substitute
|-damage|p1a: Paralyse seeker|69/100
|
|-weather|RainDance|[upkeep]
|-heal|p1a: Paralyse seeker|75/100|[from] item: Leftovers
|upkeep
|turn|10
|
|t:|1653743553
|move|p1a: Paralyse seeker|Thousand Arrows|p2a: Kyogre
|-damage|p2a: Kyogre|71/100 par
|move|p2a: Kyogre|Roar|p1a: Paralyse seeker
|drag|p1a: Thunder|Xerneas|100/100
|-damage|p1a: Thunder|88/100|[from] Spikes
|-ability|p1a: Thunder|Fairy Aura
|
|-weather|RainDance|[upkeep]
|-heal|p1a: Thunder|94/100|[from] item: Leftovers
|-heal|p2a: Kyogre|77/100 par|[from] item: Leftovers
|upkeep
|turn|11
|
|t:|1653743559
|switch|p2a: Necrozma|Necrozma-Dusk-Mane|100/100
|move|p1a: Thunder|Thunder Wave|p2a: Necrozma
|-status|p2a: Necrozma|par
|
|-weather|RainDance|[upkeep]
|-heal|p1a: Thunder|100/100|[from] item: Leftovers
|upkeep
|turn|12
|
|t:|1653743562
|switch|p1a: Miss orge|Kyogre|100/100
|-damage|p1a: Miss orge|88/100|[from] Spikes
|move|p2a: Necrozma|Stealth Rock|p1a: Miss orge
|-sidestart|p1: Bald ben|move: Stealth Rock
|
|-weather|RainDance|[upkeep]
|-heal|p1a: Miss orge|94/100|[from] item: Leftovers
|upkeep
|turn|13
|
|t:|1653743567
|switch|p2a: Eternatus|Eternatus|100/100
|-ability|p2a: Eternatus|Pressure
|move|p1a: Miss orge|Substitute|p1a: Miss orge
|-start|p1a: Miss orge|Substitute
|-damage|p1a: Miss orge|69/100
|
|-weather|none
|-heal|p1a: Miss orge|76/100|[from] item: Leftovers
|upkeep
|turn|14
|
|t:|1653743569
|move|p2a: Eternatus|Dynamax Cannon|p1a: Miss orge
|-end|p1a: Miss orge|Substitute
|move|p1a: Miss orge|Thunder Wave|p2a: Eternatus
|-status|p2a: Eternatus|par
|
|-heal|p1a: Miss orge|82/100|[from] item: Leftovers
|upkeep
|turn|15
|
|t:|1653743573
|switch|p1a: wave|Necrozma-Dusk-Mane|94/100
|-damage|p1a: wave|82/100|[from] Spikes
|-damage|p1a: wave|76/100|[from] Stealth Rock
|switch|p2a: Kyogre|Kyogre|77/100 par
|-weather|RainDance|[from] ability: Drizzle|[of] p2a: Kyogre
|
|-weather|RainDance|[upkeep]
|-heal|p1a: wave|82/100|[from] item: Leftovers
|-heal|p2a: Kyogre|83/100 par|[from] item: Leftovers
|upkeep
|turn|16
|
|t:|1653743576
|switch|p1a: Paradise|Giratina|77/100
|-damage|p1a: Paradise|65/100|[from] Spikes
|-damage|p1a: Paradise|52/100|[from] Stealth Rock
|-ability|p1a: Paradise|Pressure
|switch|p2a: Ferrothorn|Ferrothorn, F|43/100 par
|
|-weather|RainDance|[upkeep]
|upkeep
|turn|17
|
|t:|1653743580
|move|p1a: Paradise|Defog|p2a: Ferrothorn
|-unboost|p2a: Ferrothorn|evasion|1
|-sideend|p1: Bald ben|Spikes|[from] move: Defog|[of] p1a: Paradise
|-sideend|p1: Bald ben|Stealth Rock|[from] move: Defog|[of] p1a: Paradise
|move|p2a: Ferrothorn|Leech Seed|p1a: Paradise|[miss]
|-miss|p2a: Ferrothorn|p1a: Paradise
|
|-weather|RainDance|[upkeep]
|upkeep
|turn|18
|
|t:|1653743587
|move|p1a: Paradise|Rest|p1a: Paradise
|-status|p1a: Paradise|slp|[from] move: Rest
|-heal|p1a: Paradise|100/100 slp|[silent]
|move|p2a: Ferrothorn|Spikes|p1a: Paradise
|-sidestart|p1: Bald ben|Spikes
|
|-weather|RainDance|[upkeep]
|upkeep
|turn|19
|
|t:|1653743589
|switch|p1a: Paralyse seeker|Zygarde|75/100
|-damage|p1a: Paralyse seeker|63/100|[from] Spikes
|move|p2a: Ferrothorn|Leech Seed|p1a: Paralyse seeker
|-start|p1a: Paralyse seeker|move: Leech Seed
|
|-weather|none
|-heal|p1a: Paralyse seeker|69/100|[from] item: Leftovers
|-damage|p1a: Paralyse seeker|57/100|[from] Leech Seed|[of] p2a: Ferrothorn
|-heal|p2a: Ferrothorn|56/100 par|[silent]
|upkeep
|turn|20
|
|t:|1653743594
|move|p1a: Paralyse seeker|Thousand Arrows|p2a: Ferrothorn
|-damage|p2a: Ferrothorn|22/100 par
|cant|p2a: Ferrothorn|par
|
|-heal|p1a: Paralyse seeker|63/100|[from] item: Leftovers
|-damage|p1a: Paralyse seeker|51/100|[from] Leech Seed|[of] p2a: Ferrothorn
|-heal|p2a: Ferrothorn|34/100 par|[silent]
|upkeep
|turn|21
|
|t:|1653743599
|switch|p1a: Thunder|Xerneas|100/100
|-damage|p1a: Thunder|88/100|[from] Spikes
|-ability|p1a: Thunder|Fairy Aura
|switch|p2a: Kyogre|Kyogre|83/100 par
|-weather|RainDance|[from] ability: Drizzle|[of] p2a: Kyogre
|
|-weather|RainDance|[upkeep]
|-heal|p1a: Thunder|94/100|[from] item: Leftovers
|-heal|p2a: Kyogre|89/100 par|[from] item: Leftovers
|upkeep
|turn|22
|
|t:|1653743604
|switch|p2a: Necrozma|Necrozma-Dusk-Mane|100/100 par
|move|p1a: Thunder|Aromatherapy|p1a: Thunder
|-activate|p1a: Thunder|move: Aromatherapy
|-curestatus|p1: Paradise|slp|[msg]
|
|-weather|RainDance|[upkeep]
|-heal|p1a: Thunder|100/100|[from] item: Leftovers
|upkeep
|turn|23
|
|t:|1653743609
|switch|p1a: Paralyse seeker|Zygarde|51/100
|-damage|p1a: Paralyse seeker|38/100|[from] Spikes
|switch|p2a: Eternatus|Eternatus|100/100 par
|-ability|p2a: Eternatus|Pressure
|
|-weather|RainDance|[upkeep]
|-heal|p1a: Paralyse seeker|44/100|[from] item: Leftovers
|-activate|p1a: Paralyse seeker|ability: Power Construct
|detailschange|p1a: Paralyse seeker|Zygarde-Complete
|-heal|p1a: Paralyse seeker|66/100|[silent]
|upkeep
|turn|24
|
|t:|1653743614
|switch|p1a: wave|Necrozma-Dusk-Mane|82/100
|-damage|p1a: wave|70/100|[from] Spikes
|move|p2a: Eternatus|Dynamax Cannon|p1a: wave
|-resisted|p1a: wave
|-damage|p1a: wave|56/100
|
|-weather|RainDance|[upkeep]
|-heal|p1a: wave|62/100|[from] item: Leftovers
|upkeep
|turn|25
|
|t:|1653743618
|switch|p2a: Necrozma|Necrozma-Dusk-Mane|100/100 par
|move|p1a: wave|Knock Off|p2a: Necrozma
|-supereffective|p2a: Necrozma
|-damage|p2a: Necrozma|67/100 par
|-enditem|p2a: Necrozma|Leftovers|[from] move: Knock Off|[of] p1a: wave
|
|-weather|none
|-heal|p1a: wave|68/100|[from] item: Leftovers
|upkeep
|turn|26
|
|t:|1653743621
|switch|p1a: Miss orge|Kyogre|82/100
|-damage|p1a: Miss orge|69/100|[from] Spikes
|-weather|RainDance|[from] ability: Drizzle|[of] p1a: Miss orge
|cant|p2a: Necrozma|par
|
|-weather|RainDance|[upkeep]
|-heal|p1a: Miss orge|76/100|[from] item: Leftovers
|upkeep
|turn|27
|
|t:|1653743626
|switch|p2a: Kyogre|Kyogre|89/100 par
|move|p1a: Miss orge|Substitute|p1a: Miss orge
|-start|p1a: Miss orge|Substitute
|-damage|p1a: Miss orge|51/100
|
|-weather|RainDance|[upkeep]
|-heal|p1a: Miss orge|57/100|[from] item: Leftovers
|-heal|p2a: Kyogre|96/100 par|[from] item: Leftovers
|upkeep
|turn|28
|
|t:|1653743628
|move|p1a: Miss orge|Origin Pulse|p2a: Kyogre
|-resisted|p2a: Kyogre
|-damage|p2a: Kyogre|63/100 par
|cant|p2a: Kyogre|par
|
|-weather|RainDance|[upkeep]
|-heal|p1a: Miss orge|63/100|[from] item: Leftovers
|-heal|p2a: Kyogre|69/100 par|[from] item: Leftovers
|upkeep
|turn|29
|
|t:|1653743631
|move|p1a: Miss orge|Origin Pulse|p2a: Kyogre
|-resisted|p2a: Kyogre
|-damage|p2a: Kyogre|38/100 par
|move|p2a: Kyogre|Roar|p1a: Miss orge
|drag|p1a: Paralyse seeker|Zygarde-Complete|66/100
|-damage|p1a: Paralyse seeker|53/100|[from] Spikes
|
|-weather|RainDance|[upkeep]
|-heal|p1a: Paralyse seeker|59/100|[from] item: Leftovers
|-heal|p2a: Kyogre|44/100 par|[from] item: Leftovers
|upkeep
|turn|30
|
|t:|1653743637
|switch|p1a: Paradise|Giratina|100/100
|-damage|p1a: Paradise|88/100|[from] Spikes
|-ability|p1a: Paradise|Pressure
|cant|p2a: Kyogre|par
|
|-weather|none
|-heal|p2a: Kyogre|50/100 par|[from] item: Leftovers
|upkeep
|turn|31
|
|t:|1653743640
|move|p1a: Paradise|Defog|p2a: Kyogre
|-unboost|p2a: Kyogre|evasion|1
|-sideend|p1: Bald ben|Spikes|[from] move: Defog|[of] p1a: Paradise
|move|p2a: Kyogre|Scald|p1a: Paradise
|-resisted|p1a: Paradise
|-damage|p1a: Paradise|79/100
|
|-heal|p2a: Kyogre|57/100 par|[from] item: Leftovers
|upkeep
|turn|32
|
|t:|1653743648
|cant|p2a: Kyogre|par
|move|p1a: Paradise|Roar|p2a: Kyogre
|drag|p2a: Eternatus|Eternatus|100/100 par
|-ability|p2a: Eternatus|Pressure
|
|upkeep
|turn|33
|
|t:|1653743653
|switch|p1a: wave|Necrozma-Dusk-Mane|68/100
|switch|p2a: Necrozma|Necrozma-Dusk-Mane|67/100 par
|
|-heal|p1a: wave|74/100|[from] item: Leftovers
|upkeep
|turn|34
|
|t:|1653743657
|switch|p1a: Miss orge|Kyogre|63/100
|-weather|RainDance|[from] ability: Drizzle|[of] p1a: Miss orge
|move|p2a: Necrozma|Stealth Rock|p1a: Miss orge
|-sidestart|p1: Bald ben|move: Stealth Rock
|
|-weather|RainDance|[upkeep]
|-heal|p1a: Miss orge|69/100|[from] item: Leftovers
|upkeep
|turn|35
|
|t:|1653743663
|switch|p2a: Kyogre|Kyogre|57/100 par
|move|p1a: Miss orge|Calm Mind|p1a: Miss orge
|-boost|p1a: Miss orge|spa|1
|-boost|p1a: Miss orge|spd|1
|
|-weather|RainDance|[upkeep]
|-heal|p1a: Miss orge|76/100|[from] item: Leftovers
|-heal|p2a: Kyogre|63/100 par|[from] item: Leftovers
|upkeep
|turn|36
|
|t:|1653743666
|move|p1a: Miss orge|Origin Pulse|p2a: Kyogre
|-resisted|p2a: Kyogre
|-damage|p2a: Kyogre|18/100 par
|move|p2a: Kyogre|Roar|p1a: Miss orge
|drag|p1a: Paralyse seeker|Zygarde-Complete|59/100
|-damage|p1a: Paralyse seeker|53/100|[from] Stealth Rock
|
|-weather|RainDance|[upkeep]
|-heal|p1a: Paralyse seeker|59/100|[from] item: Leftovers
|-heal|p2a: Kyogre|25/100 par|[from] item: Leftovers
|upkeep
|turn|37
|
|t:|1653743669
|move|p1a: Paralyse seeker|Thousand Arrows|p2a: Kyogre
|-damage|p2a: Kyogre|0 fnt
|faint|p2a: Kyogre
|
|-weather|RainDance|[upkeep]
|-heal|p1a: Paralyse seeker|65/100|[from] item: Leftovers
|upkeep
|
|t:|1653743673
|switch|p2a: Eternatus|Eternatus|100/100 par
|-ability|p2a: Eternatus|Pressure
|turn|38
|
|t:|1653743679
|switch|p1a: wave|Necrozma-Dusk-Mane|74/100
|-damage|p1a: wave|68/100|[from] Stealth Rock
|switch|p2a: Yveltal|Yveltal|100/100
|-ability|p2a: Yveltal|Dark Aura
|
|-weather|none
|-heal|p1a: wave|74/100|[from] item: Leftovers
|upkeep
|turn|39
|
|t:|1653743682
|switch|p1a: Thunder|Xerneas|100/100
|-damage|p1a: Thunder|88/100|[from] Stealth Rock
|-ability|p1a: Thunder|Fairy Aura
|move|p2a: Yveltal|Knock Off|p1a: Thunder
|-resisted|p1a: Thunder
|-damage|p1a: Thunder|69/100
|-enditem|p1a: Thunder|Leftovers|[from] move: Knock Off|[of] p2a: Yveltal
|
|upkeep
|turn|40
|
|t:|1653743688
|switch|p2a: Ferrothorn|Ferrothorn, F|34/100 par
|move|p1a: Thunder|Thunder Wave|p2a: Ferrothorn
|-fail|p2a: Ferrothorn|par
|
|upkeep
|turn|41
|
|t:|1653743693
|switch|p1a: Paradise|Giratina|79/100
|-damage|p1a: Paradise|67/100|[from] Stealth Rock
|-ability|p1a: Paradise|Pressure
|cant|p2a: Ferrothorn|par
|
|upkeep
|turn|42
|
|t:|1653743695
|move|p1a: Paradise|Defog|p2a: Ferrothorn
|-unboost|p2a: Ferrothorn|evasion|1
|-sideend|p1: Bald ben|Stealth Rock|[from] move: Defog|[of] p1a: Paradise
|cant|p2a: Ferrothorn|par
|
|upkeep
|turn|43
|c|☆ULT9NS Aniki|this is
|c|☆ULT9NS Aniki|so lame
|c|☆ULT9NS Aniki|man
|j| Raiden Mei
|
|t:|1653743710
|switch|p1a: Paralyse seeker|Zygarde-Complete|65/100
|cant|p2a: Ferrothorn|par
|
|-heal|p1a: Paralyse seeker|72/100|[from] item: Leftovers
|upkeep
|turn|44
|
|t:|1653743715
|move|p1a: Paralyse seeker|Substitute|p1a: Paralyse seeker
|-start|p1a: Paralyse seeker|Substitute
|-damage|p1a: Paralyse seeker|47/100
|move|p2a: Ferrothorn|Spikes|p1a: Paralyse seeker
|-sidestart|p1: Bald ben|Spikes
|
|-heal|p1a: Paralyse seeker|53/100|[from] item: Leftovers
|upkeep
|turn|45
|
|t:|1653743720
|switch|p2a: Eternatus|Eternatus|100/100 par
|-ability|p2a: Eternatus|Pressure
|move|p1a: Paralyse seeker|Thousand Arrows|p2a: Eternatus
|-supereffective|p2a: Eternatus
|-damage|p2a: Eternatus|45/100 par
|
|-heal|p1a: Paralyse seeker|59/100|[from] item: Leftovers
|upkeep
|turn|46
|
|t:|1653743728
|move|p1a: Paralyse seeker|Thousand Arrows|p2a: Eternatus
|-supereffective|p2a: Eternatus
|-damage|p2a: Eternatus|0 fnt
|faint|p2a: Eternatus
|
|-heal|p1a: Paralyse seeker|65/100|[from] item: Leftovers
|upkeep
|
|t:|1653743729
|switch|p2a: Marshadow|Marshadow|100/100
|turn|47
|
|t:|1653743741
|move|p2a: Marshadow|Bulk Up|p2a: Marshadow
|-boost|p2a: Marshadow|atk|1
|-boost|p2a: Marshadow|def|1
|move|p1a: Paralyse seeker|Glare|p2a: Marshadow
|-status|p2a: Marshadow|par
|
|-heal|p1a: Paralyse seeker|71/100|[from] item: Leftovers
|upkeep
|turn|48
|
|t:|1653743747
|move|p1a: Paralyse seeker|Thousand Arrows|p2a: Marshadow
|-damage|p2a: Marshadow|67/100 par
|move|p2a: Marshadow|Bulk Up|p2a: Marshadow
|-boost|p2a: Marshadow|atk|1
|-boost|p2a: Marshadow|def|1
|
|-heal|p1a: Paralyse seeker|77/100|[from] item: Leftovers
|upkeep
|turn|49
|
|t:|1653743750
|move|p1a: Paralyse seeker|Thousand Arrows|p2a: Marshadow
|-damage|p2a: Marshadow|39/100 par
|move|p2a: Marshadow|Spectral Thief|p1a: Paralyse seeker
|-damage|p1a: Paralyse seeker|18/100
|-damage|p2a: Marshadow|29/100 par|[from] item: Life Orb
|
|-heal|p1a: Paralyse seeker|24/100|[from] item: Leftovers
|upkeep
|turn|50
|
|t:|1653743753
|move|p1a: Paralyse seeker|Thousand Arrows|p2a: Marshadow
|-damage|p2a: Marshadow|3/100 par
|move|p2a: Marshadow|Spectral Thief|p1a: Paralyse seeker
|-damage|p1a: Paralyse seeker|0 fnt
|faint|p1a: Paralyse seeker
|-damage|p2a: Marshadow|0 fnt|[from] item: Life Orb
|faint|p2a: Marshadow
|
|upkeep
|
|t:|1653743761
|switch|p2a: Yveltal|Yveltal|100/100
|switch|p1a: thunderwave|Tyranitar, F|100/100
|-ability|p2a: Yveltal|Dark Aura
|-damage|p1a: thunderwave|88/100|[from] Spikes
|-weather|Sandstorm|[from] ability: Sand Stream|[of] p1a: thunderwave
|turn|51
|
|t:|1653743764
|switch|p2a: Ferrothorn|Ferrothorn, F|34/100 par
|move|p1a: thunderwave|Thunder Wave|p2a: Ferrothorn
|-fail|p2a: Ferrothorn|par
|
|-weather|Sandstorm|[upkeep]
|-heal|p1a: thunderwave|94/100|[from] item: Leftovers
|upkeep
|turn|52
|
|t:|1653743767
|switch|p1a: Miss orge|Kyogre|76/100
|-damage|p1a: Miss orge|63/100|[from] Spikes
|-weather|RainDance|[from] ability: Drizzle|[of] p1a: Miss orge
|move|p2a: Ferrothorn|Leech Seed|p1a: Miss orge|[miss]
|-miss|p2a: Ferrothorn|p1a: Miss orge
|
|-weather|RainDance|[upkeep]
|-heal|p1a: Miss orge|69/100|[from] item: Leftovers
|upkeep
|turn|53
|c|☆ULT9NS Aniki|dude
|c|☆ULT9NS Aniki|ok
|c|☆ULT9NS Aniki|whatever
|
|t:|1653743775
|switch|p2a: Yveltal|Yveltal|100/100
|-ability|p2a: Yveltal|Dark Aura
|move|p1a: Miss orge|Origin Pulse|p2a: Yveltal
|-damage|p2a: Yveltal|9/100
|
|-weather|RainDance|[upkeep]
|-heal|p1a: Miss orge|76/100|[from] item: Leftovers
|upkeep
|turn|54
|
|t:|1653743779
|move|p2a: Yveltal|Knock Off|p1a: Miss orge
|-damage|p1a: Miss orge|7/100
|-enditem|p1a: Miss orge|Leftovers|[from] move: Knock Off|[of] p2a: Yveltal
|move|p1a: Miss orge|Origin Pulse|p2a: Yveltal
|-damage|p2a: Yveltal|0 fnt
|faint|p2a: Yveltal
|
|-weather|RainDance|[upkeep]
|upkeep
|c|☆ULT9NS Aniki|hit all of them
|c|☆ULT9NS Aniki|congats
|-message|ULT9NS Aniki forfeited.
|
|win|Bald ben
|raw|Bald ben's rating: 1645 &rarr; <strong>1665</strong><br />(+20 for winning)
|raw|ULT9NS Aniki's rating: 1645 &rarr; <strong>1625</strong><br />(-20 for losing)
|l|☆ULT9NS Aniki
|l| Raiden Mei
