|j|☆8142e
|j|☆Cinchilla
|t:|1625918957
|gametype|singles
|player|p1|8142e|aromalady|
|player|p2|Cinchilla|dragontamer|
|teamsize|p1|6
|teamsize|p2|6
|gen|8
|tier|[Gen 8] Ubers
|rated|Tournament battle
|rule|Sleep Clause Mod: Limit one foe put to sleep
|rule|Species Clause: Limit one of each Pokémon
|rule|OHKO Clause: OHKO moves are banned
|rule|Evasion Moves Clause: Evasion moves are banned
|rule|Endless Battle Clause: Forcing endless battles is banned
|rule|HP Percentage Mod: HP is shown in percentages
|rule|Dynamax Clause: You cannot dynamax
|clearpoke
|poke|p1|Calyrex-Shadow|
|poke|p1|Yveltal|
|poke|p1|Excadrill, M|
|poke|p1|Necrozma-Dusk-Mane|
|poke|p1|Eternatus|
|poke|p1|Marshadow|
|poke|p2|Kyogre|
|poke|p2|Eternatus|
|poke|p2|Yveltal|
|poke|p2|Marshadow|
|poke|p2|Zygarde|
|poke|p2|Necrozma-Dusk-Mane|
|teampreview
|j| Hrishioo7
|inactive|Battle timer is ON: inactive players will automatically lose when time's up. (requested by 8142e)
|c|☆Cinchilla|hf
|j|^Rhmsitb
|c|☆8142e|u2
|c|☆8142e|:)
|c|^Rhmsitb|go 814
|
|t:|1625918979
|start
|switch|p1a: Excadrill|Excadrill, M|100/100
|switch|p2a: Yveltal|Yveltal|100/100
|-ability|p2a: Yveltal|Dark Aura
|-ability|p1a: Excadrill|Mold Breaker
|turn|1
|c|^Rhmsitb|lose this one
|c| Hrishioo7|I am gonna use a super meme in final
|c|☆8142e|fuck rhm
|
|t:|1625918992
|move|p2a: Yveltal|Foul Play|p1a: Excadrill
|-damage|p1a: Excadrill|28/100
|move|p1a: Excadrill|Stealth Rock|p2a: Yveltal
|-sidestart|p2: Cinchilla|move: Stealth Rock
|
|upkeep
|turn|2
|
|t:|1625918999
|switch|p1a: Yveltal|Yveltal|100/100
|-ability|p1a: Yveltal|Dark Aura
|move|p2a: Yveltal|Foul Play|p1a: Yveltal
|-resisted|p1a: Yveltal
|-crit|p1a: Yveltal
|-damage|p1a: Yveltal|70/100
|
|upkeep
|turn|3
|
|t:|1625919007
|move|p2a: Yveltal|Defog|p1a: Yveltal
|-unboost|p1a: Yveltal|evasion|1
|-sideend|p2: Cinchilla|Stealth Rock|[from] move: Defog|[of] p2a: Yveltal
|move|p1a: Yveltal|Oblivion Wing|p2a: Yveltal
|-damage|p2a: Yveltal|63/100
|-heal|p1a: Yveltal|98/100|[from] drain|[of] p2a: Yveltal
|-damage|p1a: Yveltal|89/100|[from] item: Life Orb
|
|upkeep
|turn|4
|c|☆8142e|nani
|
|t:|1625919016
|move|p2a: Yveltal|Roost|p2a: Yveltal
|-heal|p2a: Yveltal|100/100
|-singleturn|p2a: Yveltal|move: Roost
|move|p1a: Yveltal|Taunt|p2a: Yveltal
|-start|p2a: Yveltal|move: Taunt
|
|upkeep
|turn|5
|
|t:|1625919019
|move|p2a: Yveltal|U-turn|p1a: Yveltal
|-damage|p1a: Yveltal|71/100
|
|t:|1625919022
|switch|p2a: Eternatus|Eternatus|100/100|[from]move: U-turn
|-ability|p2a: Eternatus|Pressure
|move|p1a: Yveltal|Oblivion Wing|p2a: Eternatus
|-damage|p2a: Eternatus|67/100
|-heal|p1a: Yveltal|100/100|[from] drain|[of] p2a: Eternatus
|-damage|p1a: Yveltal|91/100|[from] item: Life Orb
|
|-heal|p2a: Eternatus|73/100|[from] item: Black Sludge
|upkeep
|turn|6
|c| Hrishioo7|Real players using 252+ ygod
|
|t:|1625919041
|switch|p1a: Necrozma|Necrozma-Dusk-Mane|100/100
|move|p2a: Eternatus|Dragon Pulse|p1a: Necrozma
|-resisted|p1a: Necrozma
|-damage|p1a: Necrozma|82/100
|
|-heal|p2a: Eternatus|80/100|[from] item: Black Sludge
|upkeep
|turn|7
|c|☆8142e|ewww
|
|t:|1625919056
|switch|p2a: Zygarde|Zygarde|100/100
|switch|p1a: Excadrill|Excadrill, M|28/100
|-ability|p1a: Excadrill|Mold Breaker
|
|upkeep
|turn|8
|
|t:|1625919064
|move|p1a: Excadrill|Stealth Rock|p2a: Zygarde
|-sidestart|p2: Cinchilla|move: Stealth Rock
|move|p2a: Zygarde|Glare|p1a: Excadrill
|-status|p1a: Excadrill|par
|
|upkeep
|turn|9
|
|t:|1625919072
|move|p2a: Zygarde|Thousand Arrows|p1a: Excadrill
|-supereffective|p1a: Excadrill
|-damage|p1a: Excadrill|0 fnt
|faint|p1a: Excadrill
|
|upkeep
|j| Hoennseptile
|
|t:|1625919081
|switch|p1a: Eternatus|Eternatus|100/100
|-ability|p1a: Eternatus|Pressure
|turn|10
|
|t:|1625919088
|switch|p1a: Marshadow|Marshadow|100/100
|switch|p2a: Necrozma|Necrozma-Dusk-Mane|100/100
|-damage|p2a: Necrozma|94/100|[from] Stealth Rock
|
|upkeep
|turn|11
|
|t:|1625919095
|switch|p2a: Zygarde|Zygarde|100/100
|-damage|p2a: Zygarde|94/100|[from] Stealth Rock
|move|p1a: Marshadow|Poltergeist|p2a: Zygarde
|-activate|p2a: Zygarde|move: Poltergeist|Leftovers
|-damage|p2a: Zygarde|54/100
|-damage|p1a: Marshadow|91/100|[from] item: Life Orb
|
|-heal|p2a: Zygarde|60/100|[from] item: Leftovers
|upkeep
|turn|12
|c|^Rhmsitb|imagine losing to a zygarde
|
|t:|1625919102
|move|p1a: Marshadow|Ice Punch|p2a: Zygarde
|-supereffective|p2a: Zygarde
|-damage|p2a: Zygarde|0 fnt
|faint|p2a: Zygarde
|-damage|p1a: Marshadow|81/100|[from] item: Life Orb
|
|upkeep
|c|☆8142e|indeed
|c|^Rhmsitb|rip
|
|t:|1625919112
|switch|p2a: Kyogre|Kyogre|100/100
|-damage|p2a: Kyogre|88/100|[from] Stealth Rock
|-weather|RainDance|[from] ability: Drizzle|[of] p2a: Kyogre
|turn|13
|c|☆8142e|imagine running scarf
|c| Hrishioo7|I can't imagine losing to marsh
|c| Hrishioo7|Cus I always do
|c| Hrishioo7|X)
|inactive|8142e has 120 seconds left.
|c|☆8142e|wait this do be scarf
|c|☆8142e|im fucked
|c|^Rhmsitb|imagine 814 winning smh
|c| Hrishioo7|Lol
|c|☆8142e|i gotta go washroom
|inactive|8142e has 90 seconds left.
|inactiveoff|Battle timer is now OFF.
|c|^Rhmsitb|so you'll save etern for finals?
|c|^Rhmsitb|okay
|c| Hrishioo7|He is shit
|c| Hrishioo7|In behaviour
|c| Hrishioo7|XD
|c|^Rhmsitb|he's bad yeah
|c|^Rhmsitb|Cinchilla start timer
|c|^Rhmsitb|and win
|c|^Rhmsitb|easy
|c| Hrishioo7|Lmao
|c|☆Cinchilla|but I want to lose
|c| Hrishioo7|Easy peesy
|c|☆Cinchilla|lose fairly tho
|c| Hrishioo7|Why
|c| Hrishioo7|Oh
|c|^Rhmsitb|nah win this one
|inactive|Battle timer is ON: inactive players will automatically lose when time's up. (requested by 8142e)
|c|^Rhmsitb|he's a big nerd
|c|☆8142e|back
|c|^Rhmsitb|...
|inactive|8142e has 90 seconds left.
|c| Hrishioo7|Lol
|c|☆Cinchilla|wow you come back and immediately put on timer
|c|☆8142e|ok in the washromm
|inactiveoff|Battle timer is now OFF.
|c| Hoennseptile|lol
|c|^Rhmsitb|lmao
|c|☆Cinchilla|lol
|c| Hrishioo7|8truc...
|c|☆8142e|i think i know how to win
|c| Hrishioo7|He won't play
|c|^Rhmsitb|he's worse than tdr tga and swas
|
|t:|1625919313
|move|p1a: Marshadow|Shadow Sneak|p2a: Kyogre
|-damage|p2a: Kyogre|42/100
|-damage|p1a: Marshadow|71/100|[from] item: Life Orb
|move|p2a: Kyogre|Water Spout|p1a: Marshadow
|-damage|p1a: Marshadow|4/100
|
|-weather|RainDance|[upkeep]
|upkeep
|turn|14
|c| Hrishioo7|Lol
|c| Hoennseptile|lol
|
|t:|1625919327
|switch|p2a: Yveltal|Yveltal|100/100
|-ability|p2a: Yveltal|Dark Aura
|move|p1a: Marshadow|Poltergeist|p2a: Yveltal
|-activate|p2a: Yveltal|move: Poltergeist|Heavy-Duty Boots
|-resisted|p2a: Yveltal
|-damage|p2a: Yveltal|63/100
|-damage|p1a: Marshadow|0 fnt|[from] item: Life Orb
|faint|p1a: Marshadow
|
|-weather|RainDance|[upkeep]
|upkeep
|
|t:|1625919332
|switch|p1a: Eternatus|Eternatus|100/100
|-ability|p1a: Eternatus|Pressure
|turn|15
|c|^Rhmsitb|he'll save etern for finals okay
|c| Hrishioo7|Yes
|
|t:|1625919346
|switch|p1a: Calyrex|Calyrex-Shadow|100/100
|-ability|p1a: Calyrex|As One
|-ability|p1a: Calyrex|Unnerve
|switch|p2a: Necrozma|Necrozma-Dusk-Mane|94/100
|-damage|p2a: Necrozma|88/100|[from] Stealth Rock
|
|-weather|RainDance|[upkeep]
|upkeep
|turn|16
|inactive|Battle timer is ON: inactive players will automatically lose when time's up. (requested by 8142e)
|c|^Rhmsitb|and he's overpredicting everything
|
|t:|1625919373
|switch|p2a: Yveltal|Yveltal|63/100
|-ability|p2a: Yveltal|Dark Aura
|move|p1a: Calyrex|Nasty Plot|p1a: Calyrex
|-boost|p1a: Calyrex|spa|2
|
|-weather|RainDance|[upkeep]
|upkeep
|turn|17
|c| Hrishioo7|Yes yes
|j|%shrang
|
|t:|1625919381
|move|p1a: Calyrex|Draining Kiss|p2a: Yveltal
|-supereffective|p2a: Yveltal
|-damage|p2a: Yveltal|3/100
|move|p2a: Yveltal|U-turn|p1a: Calyrex
|-damage|p1a: Calyrex|77/100
|
|t:|1625919385
|switch|p2a: Marshadow|Marshadow|100/100|[from]move: U-turn
|-damage|p2a: Marshadow|94/100|[from] Stealth Rock
|
|-weather|none
|upkeep
|turn|18
|c|☆8142e|fuck
|c|☆8142e|this game
|c|^Rhmsitb|ez
|c| Hrishioo7|Ez
|inactive|8142e has 90 seconds left.
|c| Hrishioo7|Smh
|
|t:|1625919413
|switch|p1a: Eternatus|Eternatus|100/100
|-ability|p1a: Eternatus|Pressure
|move|p2a: Marshadow|Shadow Sneak|p1a: Eternatus
|-damage|p1a: Eternatus|67/100
|
|upkeep
|turn|19
|inactive|8142e has 90 seconds left.
|c| Hrishioo7|I am gonna shout
|c| Hrishioo7|I rlly wanna
|c| Hrishioo7|SASH MARSH USER
|inactive|Cinchilla has 120 seconds left.
|
|t:|1625919449
|switch|p2a: Necrozma|Necrozma-Dusk-Mane|88/100
|-damage|p2a: Necrozma|82/100|[from] Stealth Rock
|move|p1a: Eternatus|Meteor Beam||[still]
|-prepare|p1a: Eternatus|Meteor Beam
|-boost|p1a: Eternatus|spa|1
|-enditem|p1a: Eternatus|Power Herb
|-anim|p1a: Eternatus|Meteor Beam|p2a: Necrozma|[miss]
|-miss|p1a: Eternatus|p2a: Necrozma
|
|upkeep
|turn|20
|inactive|Cinchilla has 120 seconds left.
|c|^Rhmsitb|haha
|c| Hrishioo7|Ez
|
|t:|1625919462
|move|p1a: Eternatus|Flamethrower|p2a: Necrozma
|-supereffective|p2a: Necrozma
|-damage|p2a: Necrozma|39/100
|-status|p2a: Necrozma|brn
|move|p2a: Necrozma|Earthquake|p1a: Eternatus
|-supereffective|p1a: Eternatus
|-damage|p1a: Eternatus|40/100
|
|-damage|p2a: Necrozma|32/100 brn|[from] brn
|upkeep
|turn|21
|inactive|Cinchilla has 120 seconds left.
|c|☆8142e|lolz
|c|^Rhmsitb|lm laughing hard lmao
|c|☆8142e|mb
|
|t:|1625919474
|move|p1a: Eternatus|Recover|p1a: Eternatus
|-heal|p1a: Eternatus|90/100
|move|p2a: Necrozma|Moonlight|p2a: Necrozma
|-heal|p2a: Necrozma|82/100 brn
|
|-damage|p2a: Necrozma|76/100 brn|[from] brn
|upkeep
|turn|22
|inactive|Cinchilla has 120 seconds left.
|
|t:|1625919481
|move|p1a: Eternatus|Flamethrower|p2a: Necrozma
|-supereffective|p2a: Necrozma
|-damage|p2a: Necrozma|31/100 brn
|move|p2a: Necrozma|Stealth Rock|p1a: Eternatus
|-sidestart|p1: 8142e|move: Stealth Rock
|
|-damage|p2a: Necrozma|25/100 brn|[from] brn
|upkeep
|turn|23
|
|t:|1625919485
|move|p1a: Eternatus|Flamethrower|p2a: Necrozma
|-supereffective|p2a: Necrozma
|-damage|p2a: Necrozma|0 fnt
|faint|p2a: Necrozma
|
|upkeep
|l|%shrang
|c|☆8142e|dont freeze
|
|t:|1625919496
|switch|p2a: Kyogre|Kyogre|42/100
|-damage|p2a: Kyogre|30/100|[from] Stealth Rock
|-weather|RainDance|[from] ability: Drizzle|[of] p2a: Kyogre
|turn|24
|c|☆8142e|plz
|
|t:|1625919501
|move|p2a: Kyogre|Ice Beam|p1a: Eternatus
|-supereffective|p1a: Eternatus
|-damage|p1a: Eternatus|27/100
|move|p1a: Eternatus|Dynamax Cannon|p2a: Kyogre
|-damage|p2a: Kyogre|0 fnt
|faint|p2a: Kyogre
|
|-weather|RainDance|[upkeep]
|upkeep
|
|t:|1625919506
|switch|p2a: Marshadow|Marshadow|94/100
|-damage|p2a: Marshadow|88/100|[from] Stealth Rock
|turn|25
|
|t:|1625919511
|move|p2a: Marshadow|Shadow Sneak|p1a: Eternatus
|-damage|p1a: Eternatus|0 fnt
|faint|p1a: Eternatus
|
|-weather|RainDance|[upkeep]
|upkeep
|
|t:|1625919513
|switch|p1a: Yveltal|Yveltal|91/100
|-damage|p1a: Yveltal|66/100|[from] Stealth Rock
|-ability|p1a: Yveltal|Dark Aura
|turn|26
|c|☆8142e|did i lose
|c|^Rhmsitb|rip
|c|☆8142e|??
|c|^Rhmsitb|u lose 824
|c|^Rhmsitb|814
|c| Hrishioo7|Lolz
|inactive|Cinchilla has 120 seconds left.
|j| Raph369
|c| Hrishioo7|He don't lose
|c|☆8142e|goo sash marsh
|inactive|8142e has 120 seconds left.
|c| Hrishioo7|Sash marsh does shit damage
|
|t:|1625919568
|switch|p2a: Yveltal|Yveltal|3/100
|-ability|p2a: Yveltal|Dark Aura
|move|p1a: Yveltal|Oblivion Wing|p2a: Yveltal
|-damage|p2a: Yveltal|0 fnt
|-heal|p1a: Yveltal|67/100|[from] drain|[of] p2a: Yveltal
|faint|p2a: Yveltal
|-damage|p1a: Yveltal|57/100|[from] item: Life Orb
|
|-weather|RainDance|[upkeep]
|upkeep
|
|t:|1625919570
|switch|p2a: Eternatus|Eternatus|80/100
|-damage|p2a: Eternatus|67/100|[from] Stealth Rock
|-ability|p2a: Eternatus|Pressure
|turn|27
|c|^Rhmsitb|....
|inactive|8142e has 120 seconds left.
|
|t:|1625919587
|switch|p1a: Necrozma|Necrozma-Dusk-Mane|82/100
|-damage|p1a: Necrozma|76/100|[from] Stealth Rock
|move|p2a: Eternatus|Cosmic Power|p2a: Eternatus
|-boost|p2a: Eternatus|def|1
|-boost|p2a: Eternatus|spd|1
|
|-weather|RainDance|[upkeep]
|-heal|p2a: Eternatus|73/100|[from] item: Black Sludge
|upkeep
|turn|28
|c|^Rhmsitb|lmao
|c|☆8142e|fuck this set
|c| Hrishioo7|Lmfao
|
|t:|1625919599
|move|p2a: Eternatus|Dragon Pulse|p1a: Necrozma
|-resisted|p1a: Necrozma
|-damage|p1a: Necrozma|57/100
|move|p1a: Necrozma|Dragon Dance|p1a: Necrozma
|-boost|p1a: Necrozma|atk|1
|-boost|p1a: Necrozma|spe|1
|
|-weather|none
|-heal|p2a: Eternatus|80/100|[from] item: Black Sludge
|upkeep
|turn|29
|
|t:|1625919605
|move|p1a: Necrozma|Earthquake|p2a: Eternatus
|-supereffective|p2a: Eternatus
|-damage|p2a: Eternatus|27/100
|move|p2a: Eternatus|Dragon Pulse|p1a: Necrozma
|-resisted|p1a: Necrozma
|-damage|p1a: Necrozma|37/100
|
|-heal|p2a: Eternatus|33/100|[from] item: Black Sludge
|upkeep
|turn|30
|
|t:|1625919611
|move|p1a: Necrozma|Earthquake|p2a: Eternatus
|-supereffective|p2a: Eternatus
|-damage|p2a: Eternatus|0 fnt
|faint|p2a: Eternatus
|
|upkeep
|
|t:|1625919613
|switch|p2a: Marshadow|Marshadow|88/100
|-damage|p2a: Marshadow|82/100|[from] Stealth Rock
|turn|31
|
|t:|1625919616
|move|p2a: Marshadow|Shadow Sneak|p1a: Necrozma
|-supereffective|p1a: Necrozma
|-damage|p1a: Necrozma|0 fnt
|faint|p1a: Necrozma
|
|upkeep
|
|t:|1625919618
|switch|p1a: Yveltal|Yveltal|57/100
|-damage|p1a: Yveltal|32/100|[from] Stealth Rock
|-ability|p1a: Yveltal|Dark Aura
|turn|32
|
|t:|1625919625
|move|p1a: Yveltal|Sucker Punch|p2a: Marshadow
|-damage|p2a: Marshadow|17/100
|-damage|p1a: Yveltal|22/100|[from] item: Life Orb
|move|p2a: Marshadow|Close Combat|p1a: Yveltal
|-damage|p1a: Yveltal|0 fnt
|-unboost|p2a: Marshadow|def|1
|-unboost|p2a: Marshadow|spd|1
|faint|p1a: Yveltal
|
|upkeep
|
|t:|1625919628
|switch|p1a: Calyrex|Calyrex-Shadow|77/100
|-ability|p1a: Calyrex|As One
|-ability|p1a: Calyrex|Unnerve
|-damage|p1a: Calyrex|65/100|[from] Stealth Rock
|turn|33
|c|☆8142e|gg
|c|☆8142e|;-;
|c|☆Cinchilla|gg
|
|t:|1625919634
|move|p2a: Marshadow|Shadow Sneak|p1a: Calyrex
|-supereffective|p1a: Calyrex
|-damage|p1a: Calyrex|0 fnt
|faint|p1a: Calyrex
|
|win|Cinchilla
|n|☆8142e|8142e
|n|☆Cinchilla|cinchilla
|n| Hrishioo7|hrishioo7
|n| Rhmsitb|rhmsitb
|n| Hoennseptile|hoennseptile
|n| Raph369|raph369
|c| Rhmsitb|haha
|c| Rhmsitb|gg
|c| Hrishioo7|He lost
|c| Hoennseptile|lol
|c| Hrishioo7|He lost
