|j|☆Terra the creator
|j|☆nico2097
|t:|1663761598
|gametype|singles
|player|p1|Terra the creator|170|1507
|player|p2|nico2097|hiker-gen4|1462
|teamsize|p1|6
|teamsize|p2|6
|gen|8
|tier|[Gen 8] Ubers
|rated|
|rule|Sleep Clause Mod: Limit one foe put to sleep
|rule|Species Clause: Limit one of each Pokémon
|rule|OHKO Clause: OHKO moves are banned
|rule|Evasion Items Clause: Evasion items are banned
|rule|Evasion Moves Clause: Evasion moves are banned
|rule|Endless Battle Clause: Forcing endless battles is banned
|rule|HP Percentage Mod: HP is shown in percentages
|rule|Dynamax Clause: You cannot dynamax
|clearpoke
|poke|p1|Keldeo|
|poke|p1|Chansey, F|
|poke|p1|Skarmory, M|
|poke|p1|Heatran, F|
|poke|p1|Venusaur, F|
|poke|p1|Bisharp, F|
|poke|p2|Hatterene, F|
|poke|p2|Porygon2|
|poke|p2|Calyrex-Ice|
|poke|p2|Melmetal|
|poke|p2|Dracovish|
|poke|p2|Kyogre|
|teampreview
|inactive|Battle timer is ON: inactive players will automatically lose when time's up. (requested by nico2097)
|
|t:|1663761615
|start
|switch|p1a: Bisharp|Bisharp, F|100/100
|switch|p2a: Hatterene|Hatterene, F|100/100
|turn|1
|
|t:|1663761620
|move|p1a: Bisharp|Knock Off|p2a: Hatterene
|-damage|p2a: Hatterene|44/100
|-enditem|p2a: Hatterene|Focus Sash|[from] move: Knock Off|[of] p1a: Bisharp
|move|p2a: Hatterene|Trick Room|p2a: Hatterene
|-fieldstart|move: Trick Room|[of] p2a: Hatterene
|
|upkeep
|turn|2
|
|t:|1663761626
|move|p1a: Bisharp|Sucker Punch||[still]
|-fail|p1a: Bisharp
|move|p2a: Hatterene|Healing Wish|p2a: Hatterene
|faint|p2a: Hatterene
|
|upkeep
|
|t:|1663761629
|switch|p2a: Kyogre|Kyogre|100/100
|-weather|RainDance|[from] ability: Drizzle|[of] p2a: Kyogre
|turn|3
|
|t:|1663761632
|move|p1a: Bisharp|Sucker Punch|p2a: Kyogre
|-damage|p2a: Kyogre|71/100
|move|p2a: Kyogre|Water Spout|p1a: Bisharp
|-damage|p1a: Bisharp|0 fnt
|faint|p1a: Bisharp
|
|-weather|RainDance|[upkeep]
|upkeep
|
|t:|1663761641
|switch|p1a: Chansey|Chansey, F|100/100
|turn|4
|
|t:|1663761648
|switch|p2a: Dracovish|Dracovish|100/100
|move|p1a: Chansey|Wish|p1a: Chansey
|
|-weather|RainDance|[upkeep]
|upkeep
|turn|5
|
|t:|1663761665
|switch|p1a: Skarmory|Skarmory, M|100/100
|switch|p2a: Calyrex|Calyrex-Ice|100/100
|-ability|p2a: Calyrex|As One
|-ability|p2a: Calyrex|Unnerve
|
|-weather|RainDance|[upkeep]
|-fieldend|move: Trick Room
|upkeep
|turn|6
|
|t:|1663761671
|move|p1a: Skarmory|Spikes|p2a: Calyrex
|-sidestart|p2: nico2097|Spikes
|move|p2a: Calyrex|Trick Room|p2a: Calyrex
|-fieldstart|move: Trick Room|[of] p2a: Calyrex
|
|-weather|RainDance|[upkeep]
|upkeep
|turn|7
|
|t:|1663761675
|move|p2a: Calyrex|Swords Dance|p2a: Calyrex
|-boost|p2a: Calyrex|atk|2
|move|p1a: Skarmory|Toxic|p2a: Calyrex
|-status|p2a: Calyrex|tox
|
|-weather|none
|-damage|p2a: Calyrex|94/100 tox|[from] psn
|upkeep
|turn|8
|
|t:|1663761693
|switch|p1a: Keldeo|Keldeo|100/100
|move|p2a: Calyrex|Glacial Lance|p1a: Keldeo
|-resisted|p1a: Keldeo
|-damage|p1a: Keldeo|26/100
|
|-heal|p1a: Keldeo|33/100|[from] item: Leftovers
|-damage|p2a: Calyrex|82/100 tox|[from] psn
|upkeep
|turn|9
|j| DX170
|
|t:|1663761705
|move|p1a: Keldeo|Protect|p1a: Keldeo
|-singleturn|p1a: Keldeo|Protect
|move|p2a: Calyrex|Glacial Lance|p1a: Keldeo
|-activate|p1a: Keldeo|move: Protect
|
|-heal|p1a: Keldeo|39/100|[from] item: Leftovers
|-damage|p2a: Calyrex|63/100 tox|[from] psn
|upkeep
|turn|10
|
|t:|1663761718
|switch|p1a: Heatran|Heatran, F|100/100
|-item|p1a: Heatran|Air Balloon
|move|p2a: Calyrex|Glacial Lance|p1a: Heatran
|-resisted|p1a: Heatran
|-damage|p1a: Heatran|66/100
|-enditem|p1a: Heatran|Air Balloon
|
|-damage|p2a: Calyrex|39/100 tox|[from] psn
|-fieldend|move: Trick Room
|upkeep
|turn|11
|
|t:|1663761725
|switch|p2a: Porygon2|Porygon2|100/100
|-damage|p2a: Porygon2|88/100|[from] Spikes
|move|p1a: Heatran|Magma Storm|p2a: Porygon2
|-damage|p2a: Porygon2|61/100
|-activate|p2a: Porygon2|move: Magma Storm|[of] p1a: Heatran
|
|-damage|p2a: Porygon2|48/100|[from] move: Magma Storm|[partiallytrapped]
|upkeep
|turn|12
|
|t:|1663761729
|move|p1a: Heatran|Stealth Rock|p2a: Porygon2
|-sidestart|p2: nico2097|move: Stealth Rock
|move|p2a: Porygon2|Trick Room|p2a: Porygon2
|-fieldstart|move: Trick Room|[of] p2a: Porygon2
|
|-damage|p2a: Porygon2|36/100|[from] move: Magma Storm|[partiallytrapped]
|upkeep
|turn|13
|
|t:|1663761736
|move|p1a: Heatran|Magma Storm|p2a: Porygon2|[miss]
|-miss|p1a: Heatran|p2a: Porygon2
|move|p2a: Porygon2|Teleport|p2a: Porygon2
|
|t:|1663761743
|switch|p2a: Calyrex|Calyrex-Ice|39/100 tox|[from]move: Teleport
|-ability|p2a: Calyrex|As One
|-ability|p2a: Calyrex|Unnerve
|-heal|p2a: Calyrex|100/100|[from] move: Healing Wish
|
|upkeep
|turn|14
|c| DX170|Terra
|inactive|Terra the creator has 120 seconds left.
|c| DX170|Terra what have you created
|
|t:|1663761792
|switch|p1a: Skarmory|Skarmory, M|100/100
|move|p2a: Calyrex|High Horsepower|p1a: Skarmory
|-immune|p1a: Skarmory
|
|upkeep
|turn|15
|
|t:|1663761816
|switch|p2a: Porygon2|Porygon2|36/100
|-damage|p2a: Porygon2|24/100|[from] Spikes
|-damage|p2a: Porygon2|11/100|[from] Stealth Rock
|move|p1a: Skarmory|Toxic|p2a: Porygon2
|-status|p2a: Porygon2|tox
|
|-damage|p2a: Porygon2|5/100 tox|[from] psn
|upkeep
|turn|16
|c|☆Terra the creator|Its el
|
|t:|1663761821
|move|p2a: Porygon2|Recover|p2a: Porygon2
|-heal|p2a: Porygon2|55/100 tox
|move|p1a: Skarmory|Spikes|p2a: Porygon2
|-sidestart|p2: nico2097|Spikes
|
|-damage|p2a: Porygon2|43/100 tox|[from] psn
|-fieldend|move: Trick Room
|upkeep
|turn|17
|c| DX170|What
|
|t:|1663761827
|move|p1a: Skarmory|Body Press|p2a: Porygon2
|-supereffective|p2a: Porygon2
|-damage|p2a: Porygon2|12/100 tox
|move|p2a: Porygon2|Recover|p2a: Porygon2
|-heal|p2a: Porygon2|62/100 tox
|
|-damage|p2a: Porygon2|44/100 tox|[from] psn
|upkeep
|turn|18
|
|t:|1663761836
|switch|p2a: Dracovish|Dracovish|100/100
|-damage|p2a: Dracovish|84/100|[from] Spikes
|-damage|p2a: Dracovish|72/100|[from] Stealth Rock
|move|p1a: Skarmory|Spikes|p2a: Dracovish
|-sidestart|p2: nico2097|Spikes
|
|upkeep
|turn|19
|c|☆Terra the creator|Wk
|c| DX170|sorry my first languag is not englesh
|
|t:|1663761848
|move|p1a: Skarmory|Body Press|p2a: Dracovish
|-damage|p2a: Dracovish|44/100
|move|p2a: Dracovish|Fishious Rend|p1a: Skarmory
|-damage|p1a: Skarmory|47/100
|-damage|p2a: Dracovish|27/100|[from] item: Rocky Helmet|[of] p1a: Skarmory
|
|upkeep
|turn|20
|c|☆Terra the creator|Wish killer
|
|t:|1663761867
|move|p1a: Skarmory|Roost|p1a: Skarmory
|-heal|p1a: Skarmory|97/100
|-singleturn|p1a: Skarmory|move: Roost
|move|p2a: Dracovish|Fishious Rend|p1a: Skarmory
|-damage|p1a: Skarmory|46/100
|-damage|p2a: Dracovish|11/100|[from] item: Rocky Helmet|[of] p1a: Skarmory
|
|upkeep
|turn|21
|c|☆Terra the creator|An old usm team
|
|t:|1663761875
|switch|p2a: Calyrex|Calyrex-Ice|100/100
|-ability|p2a: Calyrex|As One
|-ability|p2a: Calyrex|Unnerve
|move|p1a: Skarmory|Roost|p1a: Skarmory
|-heal|p1a: Skarmory|96/100
|-singleturn|p1a: Skarmory|move: Roost
|
|upkeep
|turn|22
|c| DX170|what is a usm
|
|t:|1663761891
|move|p1a: Skarmory|Toxic|p2a: Calyrex
|-status|p2a: Calyrex|tox
|move|p2a: Calyrex|Trick Room|p2a: Calyrex
|-fieldstart|move: Trick Room|[of] p2a: Calyrex
|
|-damage|p2a: Calyrex|94/100 tox|[from] psn
|upkeep
|turn|23
|
|t:|1663761894
|move|p2a: Calyrex|Swords Dance|p2a: Calyrex
|-boost|p2a: Calyrex|atk|2
|move|p1a: Skarmory|Body Press|p2a: Calyrex
|-damage|p2a: Calyrex|74/100 tox
|
|-damage|p2a: Calyrex|61/100 tox|[from] psn
|upkeep
|turn|24
|
|t:|1663761916
|switch|p1a: Heatran|Heatran, F|66/100
|move|p2a: Calyrex|Glacial Lance|p1a: Heatran
|-resisted|p1a: Heatran
|-damage|p1a: Heatran|26/100
|
|-damage|p2a: Calyrex|43/100 tox|[from] psn
|upkeep
|turn|25
|
|t:|1663761925
|move|p2a: Calyrex|Glacial Lance|p1a: Heatran
|-resisted|p1a: Heatran
|-damage|p1a: Heatran|0 fnt
|faint|p1a: Heatran
|-ability|p2a: Calyrex|Chilling Neigh|boost
|-boost|p2a: Calyrex|atk|1
|
|-damage|p2a: Calyrex|18/100 tox|[from] psn
|upkeep
|
|t:|1663761928
|switch|p1a: Keldeo|Keldeo|39/100
|turn|26
|
|t:|1663761932
|move|p1a: Keldeo|Protect|p1a: Keldeo
|-singleturn|p1a: Keldeo|Protect
|move|p2a: Calyrex|Glacial Lance|p1a: Keldeo
|-activate|p1a: Keldeo|move: Protect
|
|-heal|p1a: Keldeo|45/100|[from] item: Leftovers
|-damage|p2a: Calyrex|0 fnt|[from] psn
|faint|p2a: Calyrex
|-fieldend|move: Trick Room
|upkeep
|
|t:|1663761939
|switch|p2a: Kyogre|Kyogre|71/100
|-damage|p2a: Kyogre|46/100|[from] Spikes
|-damage|p2a: Kyogre|34/100|[from] Stealth Rock
|-weather|RainDance|[from] ability: Drizzle|[of] p2a: Kyogre
|turn|27
|c| DX170|I learned in this class that Tera is 10 to the twelve power
|
|t:|1663761944
|move|p1a: Keldeo|Protect||[still]
|-fail|p1a: Keldeo
|move|p2a: Kyogre|Thunder|p1a: Keldeo
|-supereffective|p1a: Keldeo
|-damage|p1a: Keldeo|0 fnt
|faint|p1a: Keldeo
|
|-weather|RainDance|[upkeep]
|upkeep
|
|t:|1663761948
|switch|p1a: Venusaur|Venusaur, F|100/100
|turn|28
|c| DX170|That a long zero number
|
|t:|1663761958
|switch|p2a: Melmetal|Melmetal|100/100
|-damage|p2a: Melmetal|76/100|[from] Spikes
|-damage|p2a: Melmetal|70/100|[from] Stealth Rock
|move|p1a: Venusaur|Leech Seed|p2a: Melmetal
|-start|p2a: Melmetal|move: Leech Seed
|
|-weather|RainDance|[upkeep]
|-damage|p2a: Melmetal|57/100|[from] Leech Seed|[of] p1a: Venusaur
|upkeep
|turn|29
|
|t:|1663761971
|move|p1a: Venusaur|Sleep Powder|p2a: Melmetal
|-status|p2a: Melmetal|slp|[from] move: Sleep Powder
|cant|p2a: Melmetal|slp
|
|-weather|RainDance|[upkeep]
|-damage|p2a: Melmetal|45/100 slp|[from] Leech Seed|[of] p1a: Venusaur
|upkeep
|turn|30
|
|t:|1663761980
|switch|p2a: Porygon2|Porygon2|44/100 tox
|-damage|p2a: Porygon2|19/100 tox|[from] Spikes
|-damage|p2a: Porygon2|6/100 tox|[from] Stealth Rock
|move|p1a: Venusaur|Earth Power|p2a: Porygon2
|-damage|p2a: Porygon2|0 fnt
|faint|p2a: Porygon2
|
|-weather|RainDance|[upkeep]
|upkeep
|
|t:|1663761990
|switch|p2a: Kyogre|Kyogre|34/100
|-damage|p2a: Kyogre|9/100|[from] Spikes
|-damage|p2a: Kyogre|0 fnt|[from] Stealth Rock
|faint|p2a: Kyogre
|
|t:|1663761998
|switch|p2a: Dracovish|Dracovish|11/100
|-damage|p2a: Dracovish|0 fnt|[from] Spikes
|faint|p2a: Dracovish
|
|t:|1663761999
|switch|p2a: Melmetal|Melmetal|45/100 slp
|-damage|p2a: Melmetal|20/100 slp|[from] Spikes
|-damage|p2a: Melmetal|14/100 slp|[from] Stealth Rock
|turn|31
|
|t:|1663762004
|move|p1a: Venusaur|Earth Power|p2a: Melmetal
|-supereffective|p2a: Melmetal
|-damage|p2a: Melmetal|0 fnt
|faint|p2a: Melmetal
|
|win|Terra the creator
|raw|Terra the creator's rating: 1507 &rarr; <strong>1524</strong><br />(+17 for winning)
|raw|nico2097's rating: 1462 &rarr; <strong>1445</strong><br />(-17 for losing)
|c|☆nico2097|Gg
|c| DX170|Epic play
|l|☆nico2097
|c|☆Terra the creator|Gg
|l|☆Terra the creator
|c| DX170|Yeahs
|j|☆Terra the creator
|player|p1|Terra the creator|170
