|j|☆Alakazam95
|j|☆GEDO RINNE TENSEI
|player|p1|Alakazam95|teamrocket|1407
|player|p2|GEDO RINNE TENSEI|265|1364
|teamsize|p1|6
|teamsize|p2|6
|gametype|singles
|gen|8
|tier|[Gen 8] Ubers
|rated|
|rule|Sleep Clause Mod: Limit one foe put to sleep
|rule|Species Clause: Limit one of each Pokémon
|rule|OHKO Clause: OHKO moves are banned
|rule|Evasion Moves Clause: Evasion moves are banned
|rule|Endless Battle Clause: Forcing endless battles is banned
|rule|HP Percentage Mod: HP is shown in percentages
|clearpoke
|poke|p1|Zacian-Crowned|
|poke|p1|Eternatus|
|poke|p1|Zamazenta|
|poke|p1|Excadrill, M|
|poke|p1|Gothitelle, M|
|poke|p1|Ditto|
|poke|p2|Quagsire, M|
|poke|p2|Lucario, M|
|poke|p2|Zacian-Crowned|
|poke|p2|Barraskewda, M|
|poke|p2|Corviknight, M|
|poke|p2|Ditto|
|teampreview
|
|start
|switch|p1a: AGENCY|Gothitelle, M, shiny|100/100
|switch|p2a: Quagsire|Quagsire, M|100/100
|turn|1
|
|switch|p1a: Excadrill|Excadrill, M, shiny|100/100
|-ability|p1a: Excadrill|Mold Breaker
|move|p2a: Quagsire|Scald|p1a: Excadrill
|-supereffective|p1a: Excadrill
|-damage|p1a: Excadrill|52/100
|
|upkeep
|turn|2
|
|move|p1a: Excadrill|Stealth Rock|p2a: Quagsire
|-sidestart|p2: GEDO RINNE TENSEI|move: Stealth Rock
|move|p2a: Quagsire|Scald|p1a: Excadrill
|-supereffective|p1a: Excadrill
|-damage|p1a: Excadrill|0 fnt
|faint|p1a: Excadrill
|
|upkeep
|
|switch|p1a: Eternatus|Eternatus|100/100
|-ability|p1a: Eternatus|Pressure
|turn|3
|
|move|p1a: Eternatus|Dynamax Cannon|p2a: Quagsire
|-damage|p2a: Quagsire|27/100
|-damage|p1a: Eternatus|91/100|[from] item: Life Orb
|move|p2a: Quagsire|Earth Power|p1a: Eternatus
|-supereffective|p1a: Eternatus
|-damage|p1a: Eternatus|54/100
|
|-heal|p2a: Quagsire|33/100|[from] item: Leftovers
|upkeep
|turn|4
|
|move|p1a: Eternatus|Dynamax Cannon|p2a: Quagsire
|-damage|p2a: Quagsire|0 fnt
|-damage|p1a: Eternatus|44/100|[from] item: Life Orb
|faint|p2a: Quagsire
|
|upkeep
|
|switch|p2a: Zacian|Zacian-Crowned|100/100
|-damage|p2a: Zacian|94/100|[from] Stealth Rock
|-ability|p2a: Zacian|Intrepid Sword|boost
|-boost|p2a: Zacian|atk|1
|turn|5
|
|switch|p1a: Zamazenta|Zamazenta, shiny|100/100
|-ability|p1a: Zamazenta|Dauntless Shield|boost
|-boost|p1a: Zamazenta|def|1
|move|p2a: Zacian|Behemoth Blade|p1a: Zamazenta
|-damage|p1a: Zamazenta|37/100
|
|upkeep
|turn|6
|
|move|p1a: Zamazenta|Close Combat|p2a: Zacian
|-damage|p2a: Zacian|31/100
|-unboost|p1a: Zamazenta|def|1
|-unboost|p1a: Zamazenta|spd|1
|move|p2a: Zacian|Behemoth Blade|p1a: Zamazenta
|-damage|p1a: Zamazenta|0 fnt
|faint|p1a: Zamazenta
|
|upkeep
|
|switch|p1a: Zacian|Zacian-Crowned|100/100
|-ability|p1a: Zacian|Intrepid Sword|boost
|-boost|p1a: Zacian|atk|1
|turn|7
|
|move|p1a: Zacian|Sacred Sword|p2a: Zacian
|-damage|p2a: Zacian|0 fnt
|faint|p2a: Zacian
|
|upkeep
|
|switch|p2a: Ditto|Ditto|100/100
|-damage|p2a: Ditto|88/100|[from] Stealth Rock
|-transform|p2a: Ditto|p1a: Zacian|[from] ability: Imposter
|-ability|p2a: Ditto|Intrepid Sword|boost
|-boost|p2a: Ditto|atk|1
|turn|8
|
|move|p2a: Ditto|Behemoth Blade|p1a: Zacian
|-damage|p1a: Zacian|0 fnt
|faint|p1a: Zacian
|
|upkeep
|
|switch|p1a: AGENCY|Gothitelle, M, shiny|100/100
|turn|9
|
|move|p2a: Ditto|Behemoth Blade|p1a: AGENCY
|-damage|p1a: AGENCY|3/100
|move|p1a: AGENCY|Thunder Wave|p2a: Ditto
|-status|p2a: Ditto|par
|
|-heal|p1a: AGENCY|9/100|[from] item: Leftovers
|upkeep
|turn|10
|
|move|p2a: Ditto|Behemoth Blade|p1a: AGENCY
|-damage|p1a: AGENCY|0 fnt
|faint|p1a: AGENCY
|
|upkeep
|
|switch|p1a: Eternatus|Eternatus|44/100
|-ability|p1a: Eternatus|Pressure
|turn|11
|
|move|p1a: Eternatus|Substitute|p1a: Eternatus
|-start|p1a: Eternatus|Substitute
|-damage|p1a: Eternatus|20/100
|move|p2a: Ditto|Behemoth Blade|p1a: Eternatus
|-end|p1a: Eternatus|Substitute
|
|upkeep
|turn|12
|
|move|p1a: Eternatus|Recover|p1a: Eternatus
|-heal|p1a: Eternatus|70/100
|-activate|p2a: Ditto|move: Struggle
|move|p2a: Ditto|Struggle|p1a: Eternatus
|-damage|p1a: Eternatus|31/100
|-damage|p2a: Ditto|63/100 par|[from] recoil
|
|upkeep
|turn|13
|
|move|p1a: Eternatus|Recover|p1a: Eternatus
|-heal|p1a: Eternatus|81/100
|-activate|p2a: Ditto|move: Struggle
|move|p2a: Ditto|Struggle|p1a: Eternatus
|-damage|p1a: Eternatus|48/100
|-damage|p2a: Ditto|38/100 par|[from] recoil
|
|upkeep
|turn|14
|
|switch|p2a: Barraskewda|Barraskewda, M, shiny|100/100
|-damage|p2a: Barraskewda|88/100|[from] Stealth Rock
|move|p1a: Eternatus|Flamethrower|p2a: Barraskewda
|-resisted|p2a: Barraskewda
|-damage|p2a: Barraskewda|40/100
|-damage|p1a: Eternatus|38/100|[from] item: Life Orb
|
|upkeep
|turn|15
|
|-start|p2a: Barraskewda|Dynamax
|-heal|p2a: Barraskewda|40/100|[silent]
|move|p1a: Eternatus|Dynamax Cannon|p2a: Barraskewda
|-damage|p2a: Barraskewda|0 fnt
|-damage|p1a: Eternatus|28/100|[from] item: Life Orb
|faint|p2a: Barraskewda
|
|upkeep
|j| Blasterko
|
|switch|p2a: Corviknight|Corviknight, M|100/100
|-damage|p2a: Corviknight|88/100|[from] Stealth Rock
|turn|16
|
|move|p1a: Eternatus|Substitute|p1a: Eternatus
|-start|p1a: Eternatus|Substitute
|-damage|p1a: Eternatus|3/100
|move|p2a: Corviknight|Brave Bird|p1a: Eternatus
|-end|p1a: Eternatus|Substitute
|-damage|p2a: Corviknight|79/100|[from] Recoil|[of] p1a: Eternatus
|
|-heal|p2a: Corviknight|85/100|[from] item: Leftovers
|upkeep
|turn|17
|
|move|p1a: Eternatus|Recover|p1a: Eternatus
|-heal|p1a: Eternatus|53/100
|move|p2a: Corviknight|Brave Bird|p1a: Eternatus
|-crit|p1a: Eternatus
|-damage|p1a: Eternatus|9/100
|-damage|p2a: Corviknight|70/100|[from] Recoil
|
|-heal|p2a: Corviknight|76/100|[from] item: Leftovers
|upkeep
|turn|18
|l| Blasterko
|
|move|p1a: Eternatus|Recover|p1a: Eternatus
|-heal|p1a: Eternatus|59/100
|move|p2a: Corviknight|Brave Bird|p1a: Eternatus
|-damage|p1a: Eternatus|30/100
|-damage|p2a: Corviknight|66/100|[from] Recoil
|
|-heal|p2a: Corviknight|72/100|[from] item: Leftovers
|upkeep
|turn|19
|
|move|p1a: Eternatus|Flamethrower|p2a: Corviknight
|-supereffective|p2a: Corviknight
|-damage|p2a: Corviknight|9/100
|-damage|p1a: Eternatus|20/100|[from] item: Life Orb
|move|p2a: Corviknight|Bulk Up|p2a: Corviknight
|-boost|p2a: Corviknight|atk|1
|-boost|p2a: Corviknight|def|1
|
|-heal|p2a: Corviknight|16/100|[from] item: Leftovers
|upkeep
|turn|20
|
|move|p1a: Eternatus|Recover|p1a: Eternatus
|-heal|p1a: Eternatus|70/100
|move|p2a: Corviknight|Brave Bird|p1a: Eternatus
|-damage|p1a: Eternatus|24/100
|-damage|p2a: Corviknight|0 fnt|[from] Recoil
|faint|p2a: Corviknight
|
|upkeep
|
|switch|p2a: Ditto|Ditto|38/100 par
|-damage|p2a: Ditto|26/100 par|[from] Stealth Rock
|-transform|p2a: Ditto|p1a: Eternatus|[from] ability: Imposter
|-ability|p2a: Ditto|Pressure
|turn|21
|
|move|p1a: Eternatus|Dynamax Cannon|p2a: Ditto
|-supereffective|p2a: Ditto
|-damage|p2a: Ditto|0 fnt
|-damage|p1a: Eternatus|14/100|[from] item: Life Orb
|faint|p2a: Ditto
|
|upkeep
|
|switch|p2a: Lucario|Lucario, M|100/100
|-damage|p2a: Lucario|98/100|[from] Stealth Rock
|turn|22
|
|move|p2a: Lucario|Bullet Punch|p1a: Eternatus
|-damage|p1a: Eternatus|0 fnt
|faint|p1a: Eternatus
|
|upkeep
|
|switch|p1a: Ditto|Ditto, shiny|100/100
|-transform|p1a: Ditto|p2a: Lucario|[from] ability: Imposter
|turn|23
|
|-start|p1a: Ditto|Dynamax
|-heal|p1a: Ditto|100/100|[silent]
|move|p1a: Ditto|Max Knuckle|p2a: Lucario
|-supereffective|p2a: Lucario
|-damage|p2a: Lucario|0 fnt
|-boost|p1a: Ditto|atk|1
|faint|p2a: Lucario
|
|win|Alakazam95
|raw|Alakazam95's rating: 1407 &rarr; <strong>1425</strong><br />(+18 for winning)
|raw|GEDO RINNE TENSEI's rating: 1365 &rarr; <strong>1347</strong><br />(-18 for losing)
|l|☆GEDO RINNE TENSEI
