|j|☆Camalarcos
|j|☆Ryriss
|t:|1654764232
|gametype|singles
|player|p1|Camalarcos|dawn|1311
|player|p2|Ryriss|hilbert|1400
|teamsize|p1|6
|teamsize|p2|6
|gen|8
|tier|[Gen 8] Ubers
|rated|
|rule|Sleep Clause Mod: Limit one foe put to sleep
|rule|Species Clause: Limit one of each Pokémon
|rule|OHKO Clause: OHKO moves are banned
|rule|Evasion Moves Clause: Evasion moves are banned
|rule|Endless Battle Clause: Forcing endless battles is banned
|rule|HP Percentage Mod: HP is shown in percentages
|rule|Dynamax Clause: You cannot dynamax
|clearpoke
|poke|p1|Zekrom|
|poke|p1|Yveltal|
|poke|p1|Xerneas-*|
|poke|p1|Ho-Oh|
|poke|p1|Groudon|
|poke|p1|Marshadow|
|poke|p2|Giratina-Origin|
|poke|p2|Zekrom|
|poke|p2|Necrozma-Dusk-Mane|
|poke|p2|Kyurem-Black|
|poke|p2|Kyogre|
|poke|p2|Yveltal|
|teampreview
|inactive|Battle timer is ON: inactive players will automatically lose when time's up. (requested by Ryriss)
|
|t:|1654764250
|start
|switch|p1a: Marshadow|Marshadow|100/100
|switch|p2a: Kyogre|Kyogre|100/100
|-weather|RainDance|[from] ability: Drizzle|[of] p2a: Kyogre
|turn|1
|
|t:|1654764261
|move|p1a: Marshadow|Spectral Thief|p2a: Kyogre
|-damage|p2a: Kyogre|37/100
|-damage|p1a: Marshadow|91/100|[from] item: Life Orb
|move|p2a: Kyogre|Origin Pulse|p1a: Marshadow
|-damage|p1a: Marshadow|0 fnt
|faint|p1a: Marshadow
|
|-weather|RainDance|[upkeep]
|-heal|p2a: Kyogre|44/100|[from] item: Leftovers
|upkeep
|
|t:|1654764270
|switch|p1a: Xerneas|Xerneas|100/100
|-ability|p1a: Xerneas|Fairy Aura
|turn|2
|
|t:|1654764277
|switch|p2a: Necrozma|Necrozma-Dusk-Mane|100/100
|move|p1a: Xerneas|Thunder|p2a: Necrozma
|-damage|p2a: Necrozma|74/100
|
|-weather|RainDance|[upkeep]
|upkeep
|turn|3
|
|t:|1654764285
|switch|p1a: Groudon|Groudon|100/100
|-weather|SunnyDay|[from] ability: Drought|[of] p1a: Groudon
|move|p2a: Necrozma|Morning Sun|p2a: Necrozma
|-heal|p2a: Necrozma|100/100
|
|-weather|SunnyDay|[upkeep]
|upkeep
|turn|4
|inactive|Camalarcos has 120 seconds left.
|l|☆Ryriss
|inactive|Ryriss disconnected and has a minute to reconnect!
|player|p2|
|inactive|Camalarcos has 90 seconds left.
|
|t:|1654764346
|switch|p2a: Giratina|Giratina-Origin|100/100
|move|p1a: Groudon|Stealth Rock|p2a: Giratina
|-sidestart|p2: Ryriss|move: Stealth Rock
|
|-weather|SunnyDay|[upkeep]
|upkeep
|turn|5
|j|☆Ryriss
|inactive|Ryriss reconnected and has 150 seconds left.
|player|p2|Ryriss|hilbert
|
|t:|1654764353
|move|p1a: Groudon|Toxic|p2a: Giratina
|-status|p2a: Giratina|tox
|move|p2a: Giratina|Will-O-Wisp|p1a: Groudon
|-status|p1a: Groudon|brn
|
|-weather|SunnyDay|[upkeep]
|-damage|p2a: Giratina|94/100 tox|[from] psn
|-damage|p1a: Groudon|94/100 brn|[from] brn
|upkeep
|turn|6
|
|t:|1654764366
|switch|p1a: Ho-Oh|Ho-Oh|100/100
|move|p2a: Giratina|Poltergeist|p1a: Ho-Oh
|-activate|p1a: Ho-Oh|move: Poltergeist|Heavy-Duty Boots
|-damage|p1a: Ho-Oh|61/100
|
|-weather|SunnyDay|[upkeep]
|-damage|p2a: Giratina|82/100 tox|[from] psn
|upkeep
|turn|7
|inactive|Camalarcos has 90 seconds left.
|l|☆Ryriss
|inactive|Ryriss disconnected and has a minute to reconnect!
|player|p2|
|inactive|Camalarcos has 60 seconds left.
|j|☆Ryriss
|inactive|Ryriss reconnected.
|player|p2|Ryriss|hilbert
|
|t:|1654764425
|switch|p1a: Yveltal|Yveltal|100/100
|-ability|p1a: Yveltal|Dark Aura
|switch|p2a: Kyogre|Kyogre|44/100
|-damage|p2a: Kyogre|31/100|[from] Stealth Rock
|-weather|RainDance|[from] ability: Drizzle|[of] p2a: Kyogre
|
|-weather|RainDance|[upkeep]
|-heal|p2a: Kyogre|37/100|[from] item: Leftovers
|upkeep
|turn|8
|
|t:|1654764437
|move|p1a: Yveltal|Knock Off|p2a: Kyogre
|-damage|p2a: Kyogre|0 fnt
|-enditem|p2a: Kyogre|Leftovers|[from] move: Knock Off|[of] p1a: Yveltal
|faint|p2a: Kyogre
|
|-weather|RainDance|[upkeep]
|upkeep
|
|t:|1654764455
|switch|p2a: Giratina|Giratina-Origin|82/100 tox
|-damage|p2a: Giratina|70/100 tox|[from] Stealth Rock
|turn|9
|
|t:|1654764459
|move|p1a: Yveltal|U-turn|p2a: Giratina
|-resisted|p2a: Giratina
|-damage|p2a: Giratina|63/100 tox
|
|t:|1654764462
|switch|p1a: Ho-Oh|Ho-Oh|94/100|[from]move: U-turn
|move|p2a: Giratina|Will-O-Wisp|p1a: Ho-Oh
|-immune|p1a: Ho-Oh
|
|-weather|RainDance|[upkeep]
|-damage|p2a: Giratina|57/100 tox|[from] psn
|upkeep
|turn|10
|
|t:|1654764472
|move|p1a: Ho-Oh|Sacred Fire|p2a: Giratina
|-resisted|p2a: Giratina
|-damage|p2a: Giratina|50/100 tox
|move|p2a: Giratina|Poltergeist|p1a: Ho-Oh
|-activate|p1a: Ho-Oh|move: Poltergeist|Heavy-Duty Boots
|-damage|p1a: Ho-Oh|56/100
|
|-weather|RainDance|[upkeep]
|-damage|p2a: Giratina|37/100 tox|[from] psn
|upkeep
|turn|11
|
|t:|1654764482
|switch|p1a: Groudon|Groudon|94/100 brn
|-weather|SunnyDay|[from] ability: Drought|[of] p1a: Groudon
|move|p2a: Giratina|Poltergeist|p1a: Groudon
|-activate|p1a: Groudon|move: Poltergeist|Rocky Helmet
|-damage|p1a: Groudon|65/100 brn
|
|-weather|SunnyDay|[upkeep]
|-damage|p2a: Giratina|19/100 tox|[from] psn
|-damage|p1a: Groudon|59/100 brn|[from] brn
|upkeep
|turn|12
|
|t:|1654764494
|move|p1a: Groudon|Precipice Blades|p2a: Giratina
|-immune|p2a: Giratina|[from] ability: Levitate
|move|p2a: Giratina|Poltergeist|p1a: Groudon
|-activate|p1a: Groudon|move: Poltergeist|Rocky Helmet
|-damage|p1a: Groudon|29/100 brn
|
|-weather|SunnyDay|[upkeep]
|-damage|p2a: Giratina|0 fnt|[from] psn
|faint|p2a: Giratina
|-damage|p1a: Groudon|23/100 brn|[from] brn
|upkeep
|
|t:|1654764506
|switch|p2a: Kyurem|Kyurem-Black|100/100
|-ability|p2a: Kyurem|Teravolt
|turn|13
|inactive|Camalarcos has 120 seconds left.
|
|t:|1654764534
|move|p2a: Kyurem|Dragon Dance|p2a: Kyurem
|-boost|p2a: Kyurem|atk|1
|-boost|p2a: Kyurem|spe|1
|move|p1a: Groudon|Toxic|p2a: Kyurem
|-status|p2a: Kyurem|tox
|
|-weather|SunnyDay|[upkeep]
|-damage|p2a: Kyurem|94/100 tox|[from] psn
|-damage|p1a: Groudon|17/100 brn|[from] brn
|upkeep
|turn|14
|
|t:|1654764544
|move|p2a: Kyurem|Dragon Dance|p2a: Kyurem
|-boost|p2a: Kyurem|atk|1
|-boost|p2a: Kyurem|spe|1
|move|p1a: Groudon|Stone Edge|p2a: Kyurem
|-supereffective|p2a: Kyurem
|-damage|p2a: Kyurem|68/100 tox
|
|-weather|SunnyDay|[upkeep]
|-damage|p2a: Kyurem|56/100 tox|[from] psn
|-damage|p1a: Groudon|11/100 brn|[from] brn
|upkeep
|turn|15
|
|t:|1654764555
|move|p2a: Kyurem|Icicle Spear|p1a: Groudon
|-supereffective|p1a: Groudon
|-damage|p1a: Groudon|0 fnt
|faint|p1a: Groudon
|-hitcount|p1: Groudon|1
|
|-weather|none
|-damage|p2a: Kyurem|38/100 tox|[from] psn
|upkeep
|
|t:|1654764560
|switch|p1a: Ho-Oh|Ho-Oh|89/100
|turn|16
|inactive|Camalarcos has 120 seconds left.
|
|t:|1654764573
|move|p2a: Kyurem|Fusion Bolt|p1a: Ho-Oh
|-supereffective|p1a: Ho-Oh
|-damage|p1a: Ho-Oh|0 fnt
|faint|p1a: Ho-Oh
|
|-damage|p2a: Kyurem|13/100 tox|[from] psn
|upkeep
|
|t:|1654764581
|switch|p1a: Yveltal|Yveltal|100/100
|-ability|p1a: Yveltal|Dark Aura
|turn|17
|
|t:|1654764585
|switch|p1a: Zekrom|Zekrom|100/100
|-ability|p1a: Zekrom|Teravolt
|move|p2a: Kyurem|Icicle Spear|p1a: Zekrom
|-supereffective|p1a: Zekrom
|-damage|p1a: Zekrom|45/100
|-supereffective|p1a: Zekrom
|-damage|p1a: Zekrom|0 fnt
|faint|p1a: Zekrom
|-hitcount|p1: Zekrom|2
|
|-damage|p2a: Kyurem|0 fnt|[from] psn
|faint|p2a: Kyurem
|upkeep
|
|t:|1654764601
|switch|p2a: Yveltal|Yveltal|100/100
|switch|p1a: Xerneas|Xerneas|100/100
|-damage|p2a: Yveltal|76/100|[from] Stealth Rock
|-ability|p2a: Yveltal|Dark Aura
|-ability|p1a: Xerneas|Fairy Aura
|turn|18
|
|t:|1654764610
|switch|p2a: Necrozma|Necrozma-Dusk-Mane|100/100
|move|p1a: Xerneas|Moonblast|p2a: Necrozma
|-resisted|p2a: Necrozma
|-damage|p2a: Necrozma|80/100
|
|upkeep
|turn|19
|
|t:|1654764618
|switch|p1a: Yveltal|Yveltal|100/100
|-ability|p1a: Yveltal|Dark Aura
|switch|p2a: Yveltal|Yveltal|76/100
|-damage|p2a: Yveltal|51/100|[from] Stealth Rock
|-ability|p2a: Yveltal|Dark Aura
|
|upkeep
|turn|20
|
|t:|1654764629
|move|p2a: Yveltal|Snarl|p1a: Yveltal
|-resisted|p1a: Yveltal
|-damage|p1a: Yveltal|90/100
|-unboost|p1a: Yveltal|spa|1
|-enditem|p2a: Yveltal|Throat Spray
|-boost|p2a: Yveltal|spa|1|[from] item: Throat Spray
|move|p1a: Yveltal|Knock Off|p2a: Yveltal
|-resisted|p2a: Yveltal
|-damage|p2a: Yveltal|32/100
|
|upkeep
|turn|21
|
|t:|1654764639
|move|p2a: Yveltal|Oblivion Wing|p1a: Yveltal
|-damage|p1a: Yveltal|52/100
|-heal|p2a: Yveltal|66/100|[from] drain|[of] p1a: Yveltal
|move|p1a: Yveltal|U-turn|p2a: Yveltal
|-damage|p2a: Yveltal|48/100
|
|t:|1654764643
|switch|p1a: Xerneas|Xerneas|100/100|[from]move: U-turn
|-ability|p1a: Xerneas|Fairy Aura
|
|upkeep
|turn|22
|
|t:|1654764657
|move|p2a: Yveltal|Oblivion Wing|p1a: Xerneas
|-damage|p1a: Xerneas|49/100
|-heal|p2a: Yveltal|87/100|[from] drain|[of] p1a: Xerneas
|move|p1a: Xerneas|Moonblast|p2a: Yveltal
|-supereffective|p2a: Yveltal
|-damage|p2a: Yveltal|0 fnt
|faint|p2a: Yveltal
|
|upkeep
|
|t:|1654764670
|switch|p2a: Necrozma|Necrozma-Dusk-Mane|80/100
|turn|23
|
|t:|1654764676
|switch|p2a: Zekrom|Zekrom|100/100
|-ability|p2a: Zekrom|Teravolt
|move|p1a: Xerneas|Geomancy||[still]
|-prepare|p1a: Xerneas|Geomancy
|-enditem|p1a: Xerneas|Power Herb
|-anim|p1a: Xerneas|Geomancy|p1a: Xerneas
|-boost|p1a: Xerneas|spa|2
|-boost|p1a: Xerneas|spd|2
|-boost|p1a: Xerneas|spe|2
|
|upkeep
|turn|24
|c|☆Camalarcos|yeah
|
|t:|1654764687
|switch|p2a: Necrozma|Necrozma-Dusk-Mane|80/100
|move|p1a: Xerneas|Moonblast|p2a: Necrozma
|-resisted|p2a: Necrozma
|-damage|p2a: Necrozma|38/100
|
|upkeep
|turn|25
|c|☆Camalarcos|gg
|
|t:|1654764694
|move|p1a: Xerneas|Moonblast|p2a: Necrozma
|-resisted|p2a: Necrozma
|-damage|p2a: Necrozma|0 fnt
|faint|p2a: Necrozma
|
|upkeep
|-message|Ryriss forfeited.
|
|win|Camalarcos
|raw|Camalarcos's rating: 1311 &rarr; <strong>1336</strong><br />(+25 for winning)
|raw|Ryriss's rating: 1400 &rarr; <strong>1375</strong><br />(-25 for losing)
|l|☆Ryriss
|l|☆Camalarcos
|j|☆Camalarcos
|player|p1|Camalarcos|dawn
