|j|☆ULTN7U Michy
|j|☆ballerz69
|player|p1|ULTN7U Michy|266|1710
|player|p2|ballerz69|265|1628
|teamsize|p1|6
|teamsize|p2|6
|gametype|singles
|gen|8
|tier|[Gen 8] Ubers
|rated|
|clearpoke
|poke|p1|Ninjask, F|
|poke|p1|Dubwool, F|
|poke|p1|Clefable, F|
|poke|p1|Vaporeon, F|
|poke|p1|Indeedee-F, F|
|poke|p1|Hatterene, F|
|poke|p2|Ninjask, M|
|poke|p2|Bellossom, F|
|poke|p2|Umbreon, M|
|poke|p2|Indeedee-F, F|
|poke|p2|Jirachi|
|poke|p2|Dubwool, M|
|rule|Sleep Clause Mod: Limit one foe put to sleep
|rule|Species Clause: Limit one of each Pokémon
|rule|OHKO Clause: OHKO moves are banned
|rule|Evasion Moves Clause: Evasion moves are banned
|rule|Endless Battle Clause: Forcing endless battles is banned
|rule|HP Percentage Mod: HP is shown in percentages
|html|Ubers Dynamax Clause: Pokémon on the <a href="https://www.smogon.com/dex/ss/formats/uber/">Ubers Dynamax Banlist</a> cannot Dynamax.
|teampreview
|
|start
|switch|p1a: la ninja|Ninjask, F|100/100
|switch|p2a: Ninjask|Ninjask, M|100/100
|turn|1
|
|move|p1a: la ninja|Substitute|p1a: la ninja
|-start|p1a: la ninja|Substitute
|-damage|p1a: la ninja|76/100
|move|p2a: Ninjask|Substitute|p2a: Ninjask
|-start|p2a: Ninjask|Substitute
|-damage|p2a: Ninjask|76/100
|
|-ability|p1a: la ninja|Speed Boost|boost
|-boost|p1a: la ninja|spe|1
|-ability|p2a: Ninjask|Speed Boost|boost
|-boost|p2a: Ninjask|spe|1
|upkeep
|turn|2
|inactive|Battle timer is ON: inactive players will automatically lose when time's up. (requested by ULTN7U Michy)
|
|move|p1a: la ninja|Protect|p1a: la ninja
|-singleturn|p1a: la ninja|Protect
|move|p2a: Ninjask|Baton Pass|p2a: Ninjask
|
|switch|p2a: Bellossom|Bellossom, F|100/100|[from]move: Baton Pass
|
|-ability|p1a: la ninja|Speed Boost|boost
|-boost|p1a: la ninja|spe|1
|upkeep
|turn|3
|
|move|p1a: la ninja|Protect|p1a: la ninja
|-singleturn|p1a: la ninja|Protect
|move|p2a: Bellossom|Quiver Dance|p2a: Bellossom
|-boost|p2a: Bellossom|spa|1
|-boost|p2a: Bellossom|spd|1
|-boost|p2a: Bellossom|spe|1
|
|-ability|p1a: la ninja|Speed Boost|boost
|-boost|p1a: la ninja|spe|1
|upkeep
|turn|4
|
|move|p1a: la ninja|Protect|p1a: la ninja
|-singleturn|p1a: la ninja|Protect
|move|p2a: Bellossom|Quiver Dance|p2a: Bellossom
|-boost|p2a: Bellossom|spa|1
|-boost|p2a: Bellossom|spd|1
|-boost|p2a: Bellossom|spe|1
|
|-ability|p1a: la ninja|Speed Boost|boost
|-boost|p1a: la ninja|spe|1
|upkeep
|turn|5
|
|move|p1a: la ninja|Protect||[still]
|-fail|p1a: la ninja
|move|p2a: Bellossom|Quiver Dance|p2a: Bellossom
|-boost|p2a: Bellossom|spa|1
|-boost|p2a: Bellossom|spd|1
|-boost|p2a: Bellossom|spe|1
|
|-ability|p1a: la ninja|Speed Boost|boost
|-boost|p1a: la ninja|spe|1
|upkeep
|turn|6
|
|move|p1a: la ninja|Baton Pass|p1a: la ninja
|
|switch|p1a: le sirène|Vaporeon, F|100/100|[from]move: Baton Pass
|move|p2a: Bellossom|Baton Pass|p2a: Bellossom
|
|switch|p2a: Umbreon|Umbreon, M|100/100|[from]move: Baton Pass
|
|upkeep
|turn|7
|
|move|p2a: Umbreon|Taunt|p1a: le sirène
|-start|p1a: le sirène|move: Taunt
|cant|p1a: le sirène|move: Taunt|Roar
|
|upkeep
|turn|8
|
|switch|p1a: la ninja|Ninjask, F|76/100
|move|p2a: Umbreon|Baton Pass|p2a: Umbreon
|
|switch|p2a: Bellossom|Bellossom, F|100/100|[from]move: Baton Pass
|
|upkeep
|turn|9
|
|move|p1a: la ninja|Protect|p1a: la ninja
|-singleturn|p1a: la ninja|Protect
|move|p2a: Bellossom|Ingrain|p2a: Bellossom
|-start|p2a: Bellossom|move: Ingrain
|
|-ability|p1a: la ninja|Speed Boost|boost
|-boost|p1a: la ninja|spe|1
|upkeep
|turn|10
|
|move|p1a: la ninja|Substitute|p1a: la ninja
|-start|p1a: la ninja|Substitute
|-damage|p1a: la ninja|51/100
|move|p2a: Bellossom|Quiver Dance|p2a: Bellossom
|-boost|p2a: Bellossom|spa|1
|-boost|p2a: Bellossom|spd|1
|-boost|p2a: Bellossom|spe|1
|
|-ability|p1a: la ninja|Speed Boost|boost
|-boost|p1a: la ninja|spe|1
|upkeep
|turn|11
|
|move|p1a: la ninja|Baton Pass|p1a: la ninja
|
|switch|p1a: lalalala je chante|Hatterene, F|100/100|[from]move: Baton Pass
|move|p2a: Bellossom|Quiver Dance|p2a: Bellossom
|-boost|p2a: Bellossom|spa|1
|-boost|p2a: Bellossom|spd|1
|-boost|p2a: Bellossom|spe|1
|
|upkeep
|turn|12
|
|move|p2a: Bellossom|Baton Pass|p2a: Bellossom
|
|switch|p2a: Indeedee|Indeedee-F, F|100/100|[from]move: Baton Pass
|-fieldstart|move: Psychic Terrain|[from] ability: Psychic Surge|[of] p2a: Indeedee
|move|p1a: lalalala je chante|Baton Pass|p1a: lalalala je chante
|
|switch|p1a: le fée|Clefable, F|100/100|[from]move: Baton Pass
|
|upkeep
|turn|13
|c|☆ballerz69|I wonder who's is better.....?
|
|move|p2a: Indeedee|Imprison|p2a: Indeedee
|-start|p2a: Indeedee|move: Imprison
|cant|p1a: le fée|move: Imprison|Baton Pass
|
|upkeep
|turn|14
|-message|ULTN7U Michy forfeited.
|
|win|ballerz69
|l|☆ULTN7U Michy
||Ladder (probably) updated, but score could not be retrieved (Response not received).
