|j|☆TogeBirlHQ
|j|☆scartimhan
|t:|1659023904
|gametype|singles
|player|p1|TogeBirlHQ|jogger|1491
|player|p2|scartimhan|worker|1341
|teamsize|p1|6
|teamsize|p2|6
|gen|8
|tier|[Gen 8] Ubers
|rated|
|rule|Sleep Clause Mod: Limit one foe put to sleep
|rule|Species Clause: Limit one of each Pokémon
|rule|OHKO Clause: OHKO moves are banned
|rule|Evasion Moves Clause: Evasion moves are banned
|rule|Endless Battle Clause: Forcing endless battles is banned
|rule|HP Percentage Mod: HP is shown in percentages
|rule|Dynamax Clause: You cannot dynamax
|clearpoke
|poke|p1|Urshifu-*, M|
|poke|p1|Calyrex-Shadow|
|poke|p1|Eternatus|
|poke|p1|Necrozma-Dusk-Mane|
|poke|p1|Yveltal|
|poke|p1|Ho-Oh|
|poke|p2|Slurpuff, M|
|poke|p2|Calyrex-Shadow|
|poke|p2|Pheromosa|
|poke|p2|Marshadow|
|poke|p2|Groudon|
|poke|p2|Giratina-Origin|
|teampreview
|
|t:|1659023920
|start
|switch|p1a: Calyrex|Calyrex-Shadow|100/100
|switch|p2a: Slurpuff|Slurpuff, M|100/100
|-ability|p1a: Calyrex|As One
|-ability|p1a: Calyrex|Unnerve
|turn|1
|
|t:|1659023933
|move|p1a: Calyrex|Trick|p2a: Slurpuff
|-activate|p1a: Calyrex|move: Trick|[of] p2a: Slurpuff
|-item|p2a: Slurpuff|Choice Specs|[from] move: Trick
|-item|p1a: Calyrex|Focus Sash|[from] move: Trick
|move|p2a: Slurpuff|Yawn|p1a: Calyrex
|-start|p1a: Calyrex|move: Yawn|[of] p2a: Slurpuff
|
|upkeep
|turn|2
|
|t:|1659023943
|switch|p1a: Eternatus|Eternatus|100/100
|-ability|p1a: Eternatus|Pressure
|move|p2a: Slurpuff|Yawn|p1a: Eternatus
|-start|p1a: Eternatus|move: Yawn|[of] p2a: Slurpuff
|
|upkeep
|turn|3
|
|t:|1659023958
|switch|p1a: Calyrex|Calyrex-Shadow|100/100
|-ability|p1a: Calyrex|As One
|-ability|p1a: Calyrex|Unnerve
|switch|p2a: Groudon|Groudon|100/100
|-weather|SunnyDay|[from] ability: Drought|[of] p2a: Groudon
|
|-weather|SunnyDay|[upkeep]
|upkeep
|turn|4
|
|t:|1659023970
|move|p1a: Calyrex|Astral Barrage|p2a: Groudon
|-damage|p2a: Groudon|24/100
|move|p2a: Groudon|Stone Edge|p1a: Calyrex
|-damage|p1a: Calyrex|35/100
|-damage|p2a: Groudon|14/100|[from] item: Life Orb
|
|-weather|SunnyDay|[upkeep]
|upkeep
|turn|5
|
|t:|1659023981
|move|p1a: Calyrex|Psyshock|p2a: Groudon
|-damage|p2a: Groudon|0 fnt
|faint|p2a: Groudon
|-ability|p1a: Calyrex|Grim Neigh|boost
|-boost|p1a: Calyrex|spa|1
|
|-weather|SunnyDay|[upkeep]
|upkeep
|
|t:|1659023984
|switch|p2a: Marshadow|Marshadow|100/100
|turn|6
|
|t:|1659023991
|switch|p1a: Eternatus|Eternatus|100/100
|-ability|p1a: Eternatus|Pressure
|move|p2a: Marshadow|Shadow Sneak|p1a: Eternatus
|-damage|p1a: Eternatus|78/100
|
|-weather|SunnyDay|[upkeep]
|upkeep
|turn|7
|
|t:|1659024003
|move|p2a: Marshadow|Spectral Thief|p1a: Eternatus
|-damage|p1a: Eternatus|45/100
|move|p1a: Eternatus|Recover|p1a: Eternatus
|-heal|p1a: Eternatus|95/100
|
|-weather|none
|upkeep
|turn|8
|
|t:|1659024011
|switch|p2a: Slurpuff|Slurpuff, M|100/100
|move|p1a: Eternatus|Dynamax Cannon|p2a: Slurpuff
|-immune|p2a: Slurpuff
|
|upkeep
|turn|9
|
|t:|1659024019
|move|p1a: Eternatus|Toxic|p2a: Slurpuff
|-status|p2a: Slurpuff|tox
|move|p2a: Slurpuff|Sticky Web|p1a: Eternatus
|-sidestart|p1: TogeBirlHQ|move: Sticky Web
|
|-damage|p2a: Slurpuff|95/100 tox|[from] psn
|upkeep
|turn|10
|
|t:|1659024026
|switch|p1a: Ho-Oh|Ho-Oh|100/100
|switch|p2a: Calyrex|Calyrex-Shadow|100/100
|-ability|p2a: Calyrex|As One
|-ability|p2a: Calyrex|Unnerve
|
|upkeep
|turn|11
|
|t:|1659024033
|move|p2a: Calyrex|Substitute|p2a: Calyrex
|-start|p2a: Calyrex|Substitute
|-damage|p2a: Calyrex|76/100
|move|p1a: Ho-Oh|Whirlwind|p2a: Calyrex
|drag|p2a: Giratina|Giratina-Origin|100/100
|
|upkeep
|turn|12
|
|t:|1659024055
|switch|p1a: Calyrex|Calyrex-Shadow|35/100
|-ability|p1a: Calyrex|As One
|-ability|p1a: Calyrex|Unnerve
|-activate|p1a: Calyrex|move: Sticky Web
|-unboost|p1a: Calyrex|spe|1
|move|p2a: Giratina|Stone Edge|p1a: Calyrex
|-damage|p1a: Calyrex|0 fnt
|faint|p1a: Calyrex
|
|upkeep
|
|t:|1659024069
|switch|p1a: Urshifu|Urshifu, M|100/100
|-activate|p1a: Urshifu|move: Sticky Web
|-unboost|p1a: Urshifu|spe|1
|turn|13
|
|t:|1659024078
|switch|p1a: Ho-Oh|Ho-Oh|100/100
|move|p2a: Giratina|Poltergeist|p1a: Ho-Oh
|-activate|p1a: Ho-Oh|move: Poltergeist|Heavy-Duty Boots
|-damage|p1a: Ho-Oh|56/100
|
|upkeep
|turn|14
|
|t:|1659024085
|switch|p1a: Urshifu|Urshifu, M|100/100
|-activate|p1a: Urshifu|move: Sticky Web
|-unboost|p1a: Urshifu|spe|1
|move|p2a: Giratina|Stone Edge|p1a: Urshifu
|-resisted|p1a: Urshifu
|-damage|p1a: Urshifu|84/100
|
|upkeep
|turn|15
|
|t:|1659024096
|move|p2a: Giratina|Shadow Sneak|p1a: Urshifu
|-resisted|p1a: Urshifu
|-damage|p1a: Urshifu|70/100
|move|p1a: Urshifu|Wicked Blow|p2a: Giratina
|-supereffective|p2a: Giratina
|-crit|p2a: Giratina
|-damage|p2a: Giratina|0 fnt
|faint|p2a: Giratina
|
|upkeep
|
|t:|1659024110
|switch|p2a: Slurpuff|Slurpuff, M|95/100 tox
|turn|16
|
|t:|1659024114
|switch|p1a: Ho-Oh|Ho-Oh|89/100
|move|p2a: Slurpuff|Yawn|p1a: Ho-Oh
|-start|p1a: Ho-Oh|move: Yawn|[of] p2a: Slurpuff
|
|-damage|p2a: Slurpuff|89/100 tox|[from] psn
|upkeep
|turn|17
|
|t:|1659024124
|switch|p2a: Calyrex|Calyrex-Shadow|76/100
|-ability|p2a: Calyrex|As One
|-ability|p2a: Calyrex|Unnerve
|switch|p1a: Eternatus|Eternatus|95/100
|-activate|p1a: Eternatus|move: Sticky Web
|-unboost|p1a: Eternatus|spe|1
|-ability|p1a: Eternatus|Pressure
|
|-heal|p2a: Calyrex|82/100|[from] item: Leftovers
|upkeep
|turn|18
|
|t:|1659024133
|switch|p1a: Yveltal|Yveltal|100/100
|-ability|p1a: Yveltal|Dark Aura
|move|p2a: Calyrex|Substitute|p2a: Calyrex
|-start|p2a: Calyrex|Substitute
|-damage|p2a: Calyrex|57/100
|
|-heal|p2a: Calyrex|63/100|[from] item: Leftovers
|upkeep
|turn|19
|
|t:|1659024139
|move|p1a: Yveltal|Foul Play|p2a: Calyrex
|-supereffective|p2a: Calyrex
|-end|p2a: Calyrex|Substitute
|move|p2a: Calyrex|Leech Seed|p1a: Yveltal
|-start|p1a: Yveltal|move: Leech Seed
|
|-heal|p2a: Calyrex|69/100|[from] item: Leftovers
|-damage|p1a: Yveltal|88/100|[from] Leech Seed|[of] p2a: Calyrex
|-heal|p2a: Calyrex|84/100|[silent]
|upkeep
|turn|20
|
|t:|1659024151
|switch|p2a: Slurpuff|Slurpuff, M|89/100 tox
|move|p1a: Yveltal|Foul Play|p2a: Slurpuff
|-resisted|p2a: Slurpuff
|-damage|p2a: Slurpuff|75/100 tox
|
|-damage|p1a: Yveltal|76/100|[from] Leech Seed|[of] p2a: Slurpuff
|-heal|p2a: Slurpuff|88/100 tox|[silent]
|-damage|p2a: Slurpuff|82/100 tox|[from] psn
|upkeep
|turn|21
|
|t:|1659024156
|switch|p1a: Eternatus|Eternatus|95/100
|-activate|p1a: Eternatus|move: Sticky Web
|-unboost|p1a: Eternatus|spe|1
|-ability|p1a: Eternatus|Pressure
|move|p2a: Slurpuff|Yawn|p1a: Eternatus
|-start|p1a: Eternatus|move: Yawn|[of] p2a: Slurpuff
|
|-damage|p2a: Slurpuff|70/100 tox|[from] psn
|upkeep
|turn|22
|
|t:|1659024166
|switch|p1a: Ho-Oh|Ho-Oh|100/100
|move|p2a: Slurpuff|Yawn|p1a: Ho-Oh
|-start|p1a: Ho-Oh|move: Yawn|[of] p2a: Slurpuff
|
|-damage|p2a: Slurpuff|52/100 tox|[from] psn
|upkeep
|turn|23
|
|t:|1659024177
|switch|p1a: Eternatus|Eternatus|95/100
|-activate|p1a: Eternatus|move: Sticky Web
|-unboost|p1a: Eternatus|spe|1
|-ability|p1a: Eternatus|Pressure
|move|p2a: Slurpuff|Yawn|p1a: Eternatus
|-start|p1a: Eternatus|move: Yawn|[of] p2a: Slurpuff
|
|-damage|p2a: Slurpuff|28/100 tox|[from] psn
|upkeep
|turn|24
|
|t:|1659024185
|switch|p1a: Ho-Oh|Ho-Oh|100/100
|move|p2a: Slurpuff|Yawn|p1a: Ho-Oh
|-start|p1a: Ho-Oh|move: Yawn|[of] p2a: Slurpuff
|
|-damage|p2a: Slurpuff|0 fnt|[from] psn
|faint|p2a: Slurpuff
|upkeep
|
|t:|1659024189
|switch|p2a: Marshadow|Marshadow|100/100
|turn|25
|
|t:|1659024197
|switch|p1a: Necrozma|Necrozma-Dusk-Mane|100/100
|-activate|p1a: Necrozma|move: Sticky Web
|-unboost|p1a: Necrozma|spe|1
|move|p2a: Marshadow|Rock Tomb|p1a: Necrozma
|-resisted|p1a: Necrozma
|-damage|p1a: Necrozma|91/100
|-unboost|p1a: Necrozma|spe|1
|
|-heal|p1a: Necrozma|97/100|[from] item: Leftovers
|upkeep
|turn|26
|
|t:|1659024206
|move|p2a: Marshadow|Spectral Thief|p1a: Necrozma
|-supereffective|p1a: Necrozma
|-damage|p1a: Necrozma|45/100
|move|p1a: Necrozma|Thunder Wave|p2a: Marshadow
|-status|p2a: Marshadow|par
|
|-heal|p1a: Necrozma|52/100|[from] item: Leftovers
|upkeep
|turn|27
|
|t:|1659024215
|move|p2a: Marshadow|Spectral Thief|p1a: Necrozma
|-supereffective|p1a: Necrozma
|-damage|p1a: Necrozma|3/100
|move|p1a: Necrozma|Moonlight|p1a: Necrozma
|-heal|p1a: Necrozma|53/100
|
|-heal|p1a: Necrozma|59/100|[from] item: Leftovers
|upkeep
|turn|28
|
|t:|1659024225
|move|p2a: Marshadow|Low Kick|p1a: Necrozma
|-damage|p1a: Necrozma|13/100
|move|p1a: Necrozma|Stealth Rock|p2a: Marshadow
|-sidestart|p2: scartimhan|move: Stealth Rock
|
|-heal|p1a: Necrozma|19/100|[from] item: Leftovers
|upkeep
|turn|29
|
|t:|1659024230
|move|p2a: Marshadow|Shadow Sneak|p1a: Necrozma
|-supereffective|p1a: Necrozma
|-damage|p1a: Necrozma|0 fnt
|faint|p1a: Necrozma
|
|upkeep
|
|t:|1659024241
|switch|p1a: Eternatus|Eternatus|95/100
|-activate|p1a: Eternatus|move: Sticky Web
|-unboost|p1a: Eternatus|spe|1
|-ability|p1a: Eternatus|Pressure
|turn|30
|
|t:|1659024256
|move|p1a: Eternatus|Dynamax Cannon|p2a: Marshadow
|-damage|p2a: Marshadow|44/100 par
|move|p2a: Marshadow|Rock Tomb|p1a: Eternatus
|-damage|p1a: Eternatus|70/100
|-unboost|p1a: Eternatus|spe|1
|
|upkeep
|turn|31
|
|t:|1659024266
|move|p2a: Marshadow|Spectral Thief|p1a: Eternatus
|-damage|p1a: Eternatus|34/100
|move|p1a: Eternatus|Recover|p1a: Eternatus
|-heal|p1a: Eternatus|84/100
|
|upkeep
|turn|32
|
|t:|1659024277
|switch|p1a: Urshifu|Urshifu, M|70/100
|-activate|p1a: Urshifu|move: Sticky Web
|-unboost|p1a: Urshifu|spe|1
|cant|p2a: Marshadow|par
|
|upkeep
|turn|33
|
|t:|1659024287
|move|p1a: Urshifu|Wicked Blow|p2a: Marshadow
|-crit|p2a: Marshadow
|-damage|p2a: Marshadow|0 fnt
|faint|p2a: Marshadow
|
|upkeep
|
|t:|1659024291
|switch|p2a: Pheromosa|Pheromosa|100/100
|-damage|p2a: Pheromosa|88/100|[from] Stealth Rock
|turn|34
|
|t:|1659024296
|move|p2a: Pheromosa|U-turn|p1a: Urshifu
|-damage|p1a: Urshifu|14/100
|
|t:|1659024312
|switch|p2a: Calyrex|Calyrex-Shadow|84/100|[from]move: U-turn
|-ability|p2a: Calyrex|As One
|-ability|p2a: Calyrex|Unnerve
|-damage|p2a: Calyrex|71/100|[from] Stealth Rock
|move|p1a: Urshifu|Wicked Blow|p2a: Calyrex
|-supereffective|p2a: Calyrex
|-crit|p2a: Calyrex
|-damage|p2a: Calyrex|0 fnt
|faint|p2a: Calyrex
|
|upkeep
|
|t:|1659024314
|switch|p2a: Pheromosa|Pheromosa|88/100
|-damage|p2a: Pheromosa|76/100|[from] Stealth Rock
|turn|35
|
|t:|1659024322
|switch|p1a: Ho-Oh|Ho-Oh|100/100
|move|p2a: Pheromosa|Triple Axel|p1a: Ho-Oh
|-damage|p1a: Ho-Oh|93/100
|-hitcount|p1a: Ho-Oh|1
|
|upkeep
|turn|36
|
|t:|1659024329
|move|p2a: Pheromosa|Triple Axel|p1a: Ho-Oh|[miss]
|-miss|p2a: Pheromosa|p1a: Ho-Oh
|move|p1a: Ho-Oh|Sacred Fire|p2a: Pheromosa
|-supereffective|p2a: Pheromosa
|-damage|p2a: Pheromosa|0 fnt
|faint|p2a: Pheromosa
|
|win|TogeBirlHQ
|raw|TogeBirlHQ's rating: 1491 &rarr; <strong>1503</strong><br />(+12 for winning)
|raw|scartimhan's rating: 1341 &rarr; <strong>1329</strong><br />(-12 for losing)
|c|☆scartimhan|gg
