|j|☆Dun 26
|j|☆00x00x00
|t:|1652350833
|gametype|singles
|player|p1|Dun 26|skyla|
|player|p2|00x00x00|gambler-gen1|
|teamsize|p1|6
|teamsize|p2|6
|gen|8
|tier|[Gen 8] Ubers
|rated|Tournament battle
|rule|Sleep Clause Mod: Limit one foe put to sleep
|rule|Species Clause: Limit one of each Pokémon
|rule|OHKO Clause: OHKO moves are banned
|rule|Evasion Moves Clause: Evasion moves are banned
|rule|Endless Battle Clause: Forcing endless battles is banned
|rule|HP Percentage Mod: HP is shown in percentages
|rule|Dynamax Clause: You cannot dynamax
|clearpoke
|poke|p1|Regieleki|
|poke|p1|Tapu Koko|
|poke|p1|Landorus-Therian, M|
|poke|p1|Calyrex-Ice|
|poke|p1|Klefki, F|
|poke|p1|Yveltal|
|poke|p2|Eternatus|
|poke|p2|Yveltal|
|poke|p2|Landorus-Therian, M|
|poke|p2|Necrozma-Dusk-Mane|
|poke|p2|Blissey, F|
|poke|p2|Calyrex-Shadow|
|teampreview
|j| iswearidontknow3
|c|☆00x00x00|hf
|j| Malaki09
|c|☆Dun 26|Gl
|
|t:|1652350859
|start
|switch|p1a: PARAHAXXxx|Klefki, F|100/100
|switch|p2a: Yveltal|Yveltal|100/100
|-ability|p2a: Yveltal|Dark Aura
|turn|1
|c| iswearidontknow3|possible leads are necrozma dusk mane and lando maybe
|
|t:|1652350862
|switch|p1a: Swag mais nul|Tapu Koko|100/100
|-fieldstart|move: Electric Terrain|[from] ability: Electric Surge|[of] p1a: Swag mais nul
|move|p2a: Yveltal|Knock Off|p1a: Swag mais nul
|-resisted|p1a: Swag mais nul
|-damage|p1a: Swag mais nul|40/100
|-enditem|p1a: Swag mais nul|Terrain Extender|[from] move: Knock Off|[of] p2a: Yveltal
|
|upkeep
|turn|2
|c| iswearidontknow3|nvm
|
|t:|1652350874
|move|p1a: Swag mais nul|Roost|p1a: Swag mais nul
|-heal|p1a: Swag mais nul|90/100
|-singleturn|p1a: Swag mais nul|move: Roost
|move|p2a: Yveltal|Knock Off|p1a: Swag mais nul
|-resisted|p1a: Swag mais nul
|-damage|p1a: Swag mais nul|49/100
|
|upkeep
|turn|3
|j| ashfqwer
|l| iswearidontknow3
|
|t:|1652350878
|switch|p2a: Landorus|Landorus-Therian, M|100/100
|-ability|p2a: Landorus|Intimidate|boost
|-unboost|p1a: Swag mais nul|atk|1
|move|p1a: Swag mais nul|Roost|p1a: Swag mais nul
|-heal|p1a: Swag mais nul|99/100
|-singleturn|p1a: Swag mais nul|move: Roost
|
|upkeep
|turn|4
|
|t:|1652350883
|move|p1a: Swag mais nul|U-turn|p2a: Landorus
|-resisted|p2a: Landorus
|-crit|p2a: Landorus
|-damage|p2a: Landorus|91/100
|
|t:|1652350887
|switch|p1a: Leuleu|Landorus-Therian, M|100/100|[from]move: U-turn
|-ability|p1a: Leuleu|Intimidate|boost
|-unboost|p2a: Landorus|atk|1
|move|p2a: Landorus|Toxic|p1a: Leuleu
|-status|p1a: Leuleu|tox
|
|-heal|p2a: Landorus|97/100|[from] item: Leftovers
|-damage|p1a: Leuleu|94/100 tox|[from] psn
|upkeep
|turn|5
|
|t:|1652350892
|switch|p2a: Yveltal|Yveltal|100/100
|-ability|p2a: Yveltal|Dark Aura
|move|p1a: Leuleu|Stealth Rock|p2a: Yveltal
|-sidestart|p2: 00x00x00|move: Stealth Rock
|
|-damage|p1a: Leuleu|82/100 tox|[from] psn
|upkeep
|turn|6
|
|t:|1652350895
|switch|p1a: Swag mais nul|Tapu Koko|99/100
|move|p2a: Yveltal|Knock Off|p1a: Swag mais nul
|-resisted|p1a: Swag mais nul
|-damage|p1a: Swag mais nul|58/100
|
|upkeep
|turn|7
|j| iswearidontknow3
|
|t:|1652350900
|switch|p2a: Landorus|Landorus-Therian, M|97/100
|-damage|p2a: Landorus|85/100|[from] Stealth Rock
|-ability|p2a: Landorus|Intimidate|boost
|-unboost|p1a: Swag mais nul|atk|1
|move|p1a: Swag mais nul|Thunder Punch|p2a: Landorus
|-immune|p2a: Landorus
|
|-heal|p2a: Landorus|91/100|[from] item: Leftovers
|upkeep
|turn|8
|
|t:|1652350904
|move|p1a: Swag mais nul|U-turn|p2a: Landorus
|-resisted|p2a: Landorus
|-damage|p2a: Landorus|87/100
|c| iswearidontknow3|im gonna watch
|
|t:|1652350908
|switch|p1a: PARAHAXXxx|Klefki, F|100/100|[from]move: U-turn
|move|p2a: Landorus|Defog|p1a: PARAHAXXxx
|-unboost|p1a: PARAHAXXxx|evasion|1
|-sideend|p2: 00x00x00|Stealth Rock|[from] move: Defog|[of] p2a: Landorus
|-fieldend|move: Electric Terrain
|
|-heal|p2a: Landorus|93/100|[from] item: Leftovers
|upkeep
|turn|9
|
|t:|1652350911
|move|p1a: PARAHAXXxx|Switcheroo|p2a: Landorus
|-activate|p1a: PARAHAXXxx|move: Trick|[of] p2a: Landorus
|-item|p2a: Landorus|Ring Target|[from] move: Switcheroo
|-item|p1a: PARAHAXXxx|Leftovers|[from] move: Switcheroo
|move|p2a: Landorus|Earthquake|p1a: PARAHAXXxx
|-supereffective|p1a: PARAHAXXxx
|-crit|p1a: PARAHAXXxx
|-damage|p1a: PARAHAXXxx|0 fnt
|faint|p1a: PARAHAXXxx
|
|upkeep
|c| ashfqwer|Don't ghost though
|
|t:|1652350915
|switch|p1a: Eleking|Regieleki|100/100
|turn|10
|c|☆00x00x00|oh shit
|
|t:|1652350921
|switch|p2a: Eternatus|Eternatus|100/100
|-ability|p2a: Eternatus|Pressure
|move|p1a: Eleking|Volt Switch|p2a: Eternatus
|-resisted|p2a: Eternatus
|-damage|p2a: Eternatus|70/100
|
|t:|1652350926
|switch|p1a: Petit poney|Calyrex-Ice|100/100|[from]move: Volt Switch
|-ability|p1a: Petit poney|As One
|-ability|p1a: Petit poney|Unnerve
|
|-heal|p2a: Eternatus|76/100|[from] item: Black Sludge
|upkeep
|turn|11
|c| iswearidontknow3|im not ghosting
|
|t:|1652350934
|switch|p2a: Necrozma|Necrozma-Dusk-Mane|100/100
|move|p1a: Petit poney|Glacial Lance|p2a: Necrozma
|-resisted|p2a: Necrozma
|-damage|p2a: Necrozma|55/100
|
|-heal|p2a: Necrozma|61/100|[from] item: Leftovers
|upkeep
|turn|12
|j| Hoennseptile
|
|t:|1652350939
|switch|p1a: Swag mais nul|Tapu Koko|58/100
|-fieldstart|move: Electric Terrain|[from] ability: Electric Surge|[of] p1a: Swag mais nul
|move|p2a: Necrozma|Stealth Rock|p1a: Swag mais nul
|-sidestart|p1: Dun 26|move: Stealth Rock
|
|-heal|p2a: Necrozma|67/100|[from] item: Leftovers
|upkeep
|turn|13
|
|t:|1652350944
|switch|p2a: Landorus|Landorus-Therian, M|93/100
|-ability|p2a: Landorus|Intimidate|boost
|-unboost|p1a: Swag mais nul|atk|1
|move|p1a: Swag mais nul|U-turn|p2a: Landorus
|-resisted|p2a: Landorus
|-damage|p2a: Landorus|89/100
|c| iswearidontknow3|im litterly gone i cant play so
|
|t:|1652350947
|switch|p1a: Eleking|Regieleki|100/100|[from]move: U-turn
|-damage|p1a: Eleking|88/100|[from] Stealth Rock
|
|upkeep
|turn|14
|
|t:|1652350949
|move|p1a: Eleking|Rising Voltage|p2a: Landorus
|-supereffective|p2a: Landorus
|-damage|p2a: Landorus|0 fnt
|faint|p2a: Landorus
|
|upkeep
|
|t:|1652350953
|switch|p2a: Calyrex|Calyrex-Shadow|100/100
|-ability|p2a: Calyrex|As One
|-ability|p2a: Calyrex|Unnerve
|turn|15
|
|t:|1652350959
|switch|p1a: #relou|Yveltal|100/100
|-ability|p1a: #relou|Dark Aura
|move|p2a: Calyrex|Astral Barrage|p1a: #relou
|-resisted|p1a: #relou
|-damage|p1a: #relou|81/100
|
|upkeep
|turn|16
|
|t:|1652350962
|switch|p2a: Yveltal|Yveltal|100/100
|-ability|p2a: Yveltal|Dark Aura
|move|p1a: #relou|U-turn|p2a: Yveltal
|-damage|p2a: Yveltal|82/100
|
|t:|1652350966
|switch|p1a: Swag mais nul|Tapu Koko|58/100|[from]move: U-turn
|-damage|p1a: Swag mais nul|46/100|[from] Stealth Rock
|
|-fieldend|move: Electric Terrain
|upkeep
|turn|17
|
|t:|1652350969
|move|p1a: Swag mais nul|Roost|p1a: Swag mais nul
|-heal|p1a: Swag mais nul|96/100
|-singleturn|p1a: Swag mais nul|move: Roost
|move|p2a: Yveltal|U-turn|p1a: Swag mais nul
|-resisted|p1a: Swag mais nul
|-damage|p1a: Swag mais nul|74/100
|
|t:|1652350972
|switch|p2a: Calyrex|Calyrex-Shadow|100/100|[from]move: U-turn
|-ability|p2a: Calyrex|As One
|-ability|p2a: Calyrex|Unnerve
|
|upkeep
|turn|18
|
|t:|1652350979
|switch|p2a: Yveltal|Yveltal|82/100
|-ability|p2a: Yveltal|Dark Aura
|switch|p1a: #relou|Yveltal|81/100
|-ability|p1a: #relou|Dark Aura
|
|upkeep
|turn|19
|l| iswearidontknow3
|
|t:|1652350984
|switch|p1a: Swag mais nul|Tapu Koko|74/100
|-damage|p1a: Swag mais nul|61/100|[from] Stealth Rock
|-fieldstart|move: Electric Terrain|[from] ability: Electric Surge|[of] p1a: Swag mais nul
|move|p2a: Yveltal|Dual Wingbeat|p1a: Swag mais nul
|-resisted|p1a: Swag mais nul
|-damage|p1a: Swag mais nul|42/100
|-resisted|p1a: Swag mais nul
|-damage|p1a: Swag mais nul|21/100
|-hitcount|p1a: Swag mais nul|2
|
|upkeep
|turn|20
|
|t:|1652350990
|switch|p2a: Eternatus|Eternatus|76/100
|-ability|p2a: Eternatus|Pressure
|move|p1a: Swag mais nul|Roost|p1a: Swag mais nul
|-heal|p1a: Swag mais nul|71/100
|-singleturn|p1a: Swag mais nul|move: Roost
|
|-heal|p2a: Eternatus|82/100|[from] item: Black Sludge
|upkeep
|turn|21
|
|t:|1652350997
|move|p1a: Swag mais nul|U-turn|p2a: Eternatus
|-resisted|p2a: Eternatus
|-damage|p2a: Eternatus|77/100
|
|t:|1652351000
|switch|p1a: Leuleu|Landorus-Therian, M|82/100 tox|[from]move: U-turn
|-damage|p1a: Leuleu|70/100 tox|[from] Stealth Rock
|-ability|p1a: Leuleu|Intimidate|boost
|-unboost|p2a: Eternatus|atk|1
|move|p2a: Eternatus|Dynamax Cannon|p1a: Leuleu
|-damage|p1a: Leuleu|23/100 tox
|
|-heal|p2a: Eternatus|83/100|[from] item: Black Sludge
|-damage|p1a: Leuleu|17/100 tox|[from] psn
|upkeep
|turn|22
|
|t:|1652351002
|move|p2a: Eternatus|Dynamax Cannon|p1a: Leuleu
|-damage|p1a: Leuleu|0 fnt
|faint|p1a: Leuleu
|
|-heal|p2a: Eternatus|89/100|[from] item: Black Sludge
|upkeep
|
|t:|1652351005
|switch|p1a: Petit poney|Calyrex-Ice|100/100
|-ability|p1a: Petit poney|As One
|-ability|p1a: Petit poney|Unnerve
|-damage|p1a: Petit poney|76/100|[from] Stealth Rock
|turn|23
|
|t:|1652351010
|switch|p2a: Necrozma|Necrozma-Dusk-Mane|67/100
|move|p1a: Petit poney|High Horsepower|p2a: Necrozma
|-supereffective|p2a: Necrozma
|-damage|p2a: Necrozma|5/100
|
|-heal|p2a: Necrozma|11/100|[from] item: Leftovers
|-fieldend|move: Electric Terrain
|upkeep
|turn|24
|
|t:|1652351013
|move|p2a: Necrozma|Iron Head|p1a: Petit poney
|-supereffective|p1a: Petit poney
|-damage|p1a: Petit poney|15/100
|cant|p1a: Petit poney|flinch
|
|-heal|p2a: Necrozma|17/100|[from] item: Leftovers
|upkeep
|turn|25
|
|t:|1652351017
|switch|p1a: Swag mais nul|Tapu Koko|71/100
|-damage|p1a: Swag mais nul|59/100|[from] Stealth Rock
|-fieldstart|move: Electric Terrain|[from] ability: Electric Surge|[of] p1a: Swag mais nul
|move|p2a: Necrozma|Iron Head|p1a: Swag mais nul
|-damage|p1a: Swag mais nul|12/100
|
|-heal|p2a: Necrozma|23/100|[from] item: Leftovers
|upkeep
|turn|26
|
|t:|1652351020
|move|p1a: Swag mais nul|Thunder Punch|p2a: Necrozma
|-damage|p2a: Necrozma|0 fnt
|faint|p2a: Necrozma
|
|upkeep
|
|t:|1652351024
|switch|p2a: Calyrex|Calyrex-Shadow|100/100
|-ability|p2a: Calyrex|As One
|-ability|p2a: Calyrex|Unnerve
|turn|27
|
|t:|1652351027
|switch|p1a: #relou|Yveltal|81/100
|-ability|p1a: #relou|Dark Aura
|move|p2a: Calyrex|Astral Barrage|p1a: #relou
|-resisted|p1a: #relou
|-damage|p1a: #relou|59/100
|
|upkeep
|turn|28
|
|t:|1652351030
|switch|p2a: Yveltal|Yveltal|82/100
|-ability|p2a: Yveltal|Dark Aura
|move|p1a: #relou|U-turn|p2a: Yveltal
|-damage|p2a: Yveltal|63/100
|
|t:|1652351037
|switch|p1a: Eleking|Regieleki|88/100|[from]move: U-turn
|-damage|p1a: Eleking|76/100|[from] Stealth Rock
|
|upkeep
|turn|29
|c|☆Dun 26|Hope ur set is wrong haha
|c|☆Dun 26|Gg otherwise
|
|t:|1652351061
|switch|p2a: Blissey|Blissey, F|100/100
|move|p1a: Eleking|Rising Voltage|p2a: Blissey
|-hint|Rising Voltage's BP doubled on grounded target.
|-damage|p2a: Blissey|42/100
|
|-fieldend|move: Electric Terrain
|upkeep
|turn|30
|
|t:|1652351072
|move|p1a: Eleking|Rising Voltage|p2a: Blissey
|-damage|p2a: Blissey|18/100
|move|p2a: Blissey|Soft-Boiled|p2a: Blissey
|-heal|p2a: Blissey|68/100
|
|upkeep
|turn|31
|
|t:|1652351078
|switch|p1a: Petit poney|Calyrex-Ice|15/100
|-ability|p1a: Petit poney|As One
|-ability|p1a: Petit poney|Unnerve
|-damage|p1a: Petit poney|0 fnt|[from] Stealth Rock
|faint|p1a: Petit poney
|move|p2a: Blissey|Teleport|p2a: Blissey
|
|t:|1652351082
|switch|p2a: Eternatus|Eternatus|89/100|[from]move: Teleport
|-ability|p2a: Eternatus|Pressure
|
|-heal|p2a: Eternatus|95/100|[from] item: Black Sludge
|upkeep
|
|t:|1652351089
|switch|p1a: #relou|Yveltal|59/100
|-ability|p1a: #relou|Dark Aura
|turn|32
|
|t:|1652351093
|move|p2a: Eternatus|Toxic|p1a: #relou
|-status|p1a: #relou|tox
|move|p1a: #relou|Foul Play|p2a: Eternatus
|-damage|p2a: Eternatus|77/100
|
|-heal|p2a: Eternatus|83/100|[from] item: Black Sludge
|-damage|p1a: #relou|53/100 tox|[from] psn
|upkeep
|turn|33
|c|☆Dun 26|Gg
|c|☆00x00x00|gg
|
|t:|1652351099
|switch|p2a: Yveltal|Yveltal|63/100
|-ability|p2a: Yveltal|Dark Aura
|move|p1a: #relou|U-turn|p2a: Yveltal
|-damage|p2a: Yveltal|44/100
|
|t:|1652351104
|switch|p1a: Eleking|Regieleki|76/100|[from]move: U-turn
|-damage|p1a: Eleking|64/100|[from] Stealth Rock
|
|upkeep
|turn|34
|
|t:|1652351108
|move|p1a: Eleking|Thunderbolt|p2a: Yveltal
|-supereffective|p2a: Yveltal
|-damage|p2a: Yveltal|0 fnt
|faint|p2a: Yveltal
|
|upkeep
|
|t:|1652351110
|switch|p2a: Eternatus|Eternatus|83/100
|-ability|p2a: Eternatus|Pressure
|turn|35
|
|t:|1652351114
|move|p1a: Eleking|Thunderbolt|p2a: Eternatus
|-resisted|p2a: Eternatus
|-damage|p2a: Eternatus|44/100
|move|p2a: Eternatus|Dynamax Cannon|p1a: Eleking
|-damage|p1a: Eleking|0 fnt
|faint|p1a: Eleking
|
|-heal|p2a: Eternatus|50/100|[from] item: Black Sludge
|upkeep
|c|☆Dun 26|No spunch on a physical yvel ?
|l| ashfqwer
|
|t:|1652351131
|switch|p1a: #relou|Yveltal|53/100 tox
|-ability|p1a: #relou|Dark Aura
|turn|36
|c|☆00x00x00|!showset yveltal
|c| 00x00x00|/raw <div class="infobox">Yveltal @ Choice Band  <br />Ability: Dark Aura  <br />EVs: 252 Atk &#x2f; 4 SpD &#x2f; 252 Spe  <br />Adamant Nature  <br />- Knock Off  <br />- Dual Wingbeat  <br />- U-turn  <br />- Roost  <br /><br /></div>
|c|☆00x00x00|I need roost in case blissey gets tricked
|
|t:|1652351148
|move|p2a: Eternatus|Recover|p2a: Eternatus
|-heal|p2a: Eternatus|99/100
|move|p1a: #relou|Foul Play|p2a: Eternatus
|-damage|p2a: Eternatus|83/100
|
|-heal|p2a: Eternatus|89/100|[from] item: Black Sludge
|-damage|p1a: #relou|47/100 tox|[from] psn
|upkeep
|turn|37
|c|☆Dun 26|Yeah I see
|
|t:|1652351157
|move|p2a: Eternatus|Dynamax Cannon|p1a: #relou
|-damage|p1a: #relou|20/100 tox
|move|p1a: #relou|U-turn|p2a: Eternatus
|-resisted|p2a: Eternatus
|-damage|p2a: Eternatus|83/100
|
|t:|1652351159
|switch|p1a: Swag mais nul|Tapu Koko|12/100|[from]move: U-turn
|-damage|p1a: Swag mais nul|0 fnt|[from] Stealth Rock
|faint|p1a: Swag mais nul
|
|-heal|p2a: Eternatus|89/100|[from] item: Black Sludge
|upkeep
|
|t:|1652351160
|switch|p1a: #relou|Yveltal|20/100 tox
|-ability|p1a: #relou|Dark Aura
|turn|38
|
|t:|1652351162
|move|p1a: #relou|Sucker Punch|p2a: Eternatus
|-damage|p2a: Eternatus|63/100
|move|p2a: Eternatus|Dynamax Cannon|p1a: #relou
|-damage|p1a: #relou|0 fnt
|faint|p1a: #relou
|
|win|00x00x00
|n|☆Dun 26|dun26
|n|☆00x00x00|00x00x00
|n| Malaki09|malaki09
|n| Hoennseptile|hoennseptile
