|j|☆Be With Me RNGesus
|j|☆Na-K-ATPase
|t:|1602762884
|player|p1|Be With Me RNGesus|fisherman-gen4|
|player|p2|Na-K-ATPase|101|
|teamsize|p1|6
|teamsize|p2|6
|gametype|singles
|gen|8
|tier|[Gen 8] Ubers
|rated|Tournament battle
|clearpoke
|poke|p1|Necrozma-Dusk-Mane|
|poke|p1|Melmetal|
|poke|p1|Grimmsnarl, M|
|poke|p1|Lunala|
|poke|p1|Zacian-Crowned|
|poke|p1|Mewtwo|
|poke|p2|Krookodile, M|
|poke|p2|Lunala|
|poke|p2|Quagsire, M|
|poke|p2|Necrozma-Dusk-Mane|
|poke|p2|Mandibuzz, F|
|poke|p2|Gothitelle, F|
|rule|Sleep Clause Mod: Limit one foe put to sleep
|rule|Species Clause: Limit one of each Pokémon
|rule|OHKO Clause: OHKO moves are banned
|rule|Evasion Moves Clause: Evasion moves are banned
|rule|Endless Battle Clause: Forcing endless battles is banned
|rule|HP Percentage Mod: HP is shown in percentages
|html|Ubers Dynamax Clause: Pokémon on the <a href="https://www.smogon.com/dex/ss/formats/uber/">Ubers Dynamax Banlist</a> cannot Dynamax.
|teampreview
|j| holy hjuyttdd
|j| Mohammedirfan2371
|
|t:|1602762894
|start
|switch|p1a: WhatIfItWasPURPLE?|Mewtwo|100/100
|switch|p2a: Necrozma|Necrozma-Dusk-Mane|100/100
|-ability|p1a: WhatIfItWasPURPLE?|Unnerve|p2: Na-K-ATPase
|turn|1
|
|t:|1602762899
|move|p1a: WhatIfItWasPURPLE?|Trick|p2a: Necrozma
|-activate|p1a: WhatIfItWasPURPLE?|move: Trick|[of] p2a: Necrozma
|-item|p2a: Necrozma|Choice Specs|[from] move: Trick
|-item|p1a: WhatIfItWasPURPLE?|Rocky Helmet|[from] move: Trick
|move|p2a: Necrozma|Thunder Wave|p1a: WhatIfItWasPURPLE?
|-status|p1a: WhatIfItWasPURPLE?|par
|
|upkeep
|turn|2
|j| Doctor Scranton
|
|t:|1602762906
|switch|p2a: Mandibuzz|Mandibuzz, F|100/100
|move|p1a: WhatIfItWasPURPLE?|Shadow Ball|p2a: Mandibuzz
|-resisted|p2a: Mandibuzz
|-damage|p2a: Mandibuzz|88/100
|
|upkeep
|turn|3
|j| Magic Mushie???
|
|t:|1602762911
|switch|p1a: FWING!!!|Zacian-Crowned|100/100
|-ability|p1a: FWING!!!|Intrepid Sword|boost
|-boost|p1a: FWING!!!|atk|1
|move|p2a: Mandibuzz|U-turn|p1a: FWING!!!
|-resisted|p1a: FWING!!!
|-damage|p1a: FWING!!!|98/100
|c| Doctor Scranton|May I say oof?
|
|t:|1602762914
|switch|p2a: Necrozma|Necrozma-Dusk-Mane|100/100|[from]move: U-turn
|
|upkeep
|turn|4
|
|t:|1602762920
|switch|p1a: WhatIfItWasPURPLE?|Mewtwo|100/100 par
|-ability|p1a: WhatIfItWasPURPLE?|Unnerve|p2: Na-K-ATPase
|move|p2a: Necrozma|Stealth Rock|p1a: WhatIfItWasPURPLE?
|-sidestart|p1: Be With Me RNGesus|move: Stealth Rock
|
|upkeep
|turn|5
|
|t:|1602762927
|switch|p2a: Mandibuzz|Mandibuzz, F|88/100
|move|p1a: WhatIfItWasPURPLE?|Flamethrower|p2a: Mandibuzz
|-damage|p2a: Mandibuzz|59/100
|
|upkeep
|turn|6
|
|t:|1602762932
|switch|p1a: FWING!!!|Zacian-Crowned|98/100
|-damage|p1a: FWING!!!|92/100|[from] Stealth Rock
|-ability|p1a: FWING!!!|Intrepid Sword|boost
|-boost|p1a: FWING!!!|atk|1
|move|p2a: Mandibuzz|Roost|p2a: Mandibuzz
|-heal|p2a: Mandibuzz|100/100
|-singleturn|p2a: Mandibuzz|move: Roost
|
|upkeep
|turn|7
|l| Doctor Scranton
|
|t:|1602762937
|switch|p2a: Quagsire|Quagsire, M|100/100
|move|p1a: FWING!!!|Close Combat|p2a: Quagsire
|-damage|p2a: Quagsire|67/100
|-unboost|p1a: FWING!!!|def|1
|-unboost|p1a: FWING!!!|spd|1
|
|upkeep
|turn|8
|
|t:|1602762941
|switch|p1a: Sokka's GF|Lunala|100/100
|-damage|p1a: Sokka's GF|88/100|[from] Stealth Rock
|move|p2a: Quagsire|Recover|p2a: Quagsire
|-heal|p2a: Quagsire|100/100
|
|upkeep
|turn|9
|
|t:|1602762946
|switch|p2a: Mandibuzz|Mandibuzz, F|100/100
|move|p1a: Sokka's GF|Trick|p2a: Mandibuzz
|-activate|p1a: Sokka's GF|move: Trick|[of] p2a: Mandibuzz
|-item|p2a: Mandibuzz|Choice Scarf|[from] move: Trick
|-item|p1a: Sokka's GF|Rocky Helmet|[from] move: Trick
|
|upkeep
|turn|10
|
|t:|1602762954
|switch|p1a: Grim Carl|Grimmsnarl, M|100/100
|-damage|p1a: Grim Carl|88/100|[from] Stealth Rock
|move|p2a: Mandibuzz|U-turn|p1a: Grim Carl
|-damage|p1a: Grim Carl|78/100
|
|t:|1602762962
|switch|p2a: Necrozma|Necrozma-Dusk-Mane|100/100|[from]move: U-turn
|
|upkeep
|turn|11
|
|t:|1602762966
|move|p1a: Grim Carl|Reflect|p1a: Grim Carl
|-sidestart|p1: Be With Me RNGesus|Reflect
|move|p2a: Necrozma|Sunsteel Strike|p1a: Grim Carl
|-supereffective|p1a: Grim Carl
|-damage|p1a: Grim Carl|39/100
|
|upkeep
|turn|12
|
|t:|1602762969
|switch|p1a: Liberty Prime|Melmetal|100/100
|-damage|p1a: Liberty Prime|94/100|[from] Stealth Rock
|move|p2a: Necrozma|Sunsteel Strike|p1a: Liberty Prime
|-resisted|p1a: Liberty Prime
|-damage|p1a: Liberty Prime|87/100
|
|upkeep
|turn|13
|
|t:|1602762976
|move|p2a: Necrozma|Sunsteel Strike|p1a: Liberty Prime
|-resisted|p1a: Liberty Prime
|-damage|p1a: Liberty Prime|81/100
|move|p1a: Liberty Prime|Double Iron Bash|p2a: Necrozma
|-resisted|p2a: Necrozma
|-damage|p2a: Necrozma|76/100
|-resisted|p2a: Necrozma
|-damage|p2a: Necrozma|55/100
|-hitcount|p2a: Necrozma|2
|
|upkeep
|turn|14
|j| Reduyan
|
|t:|1602762984
|switch|p2a: Quagsire|Quagsire, M|100/100
|move|p1a: Liberty Prime|Double Iron Bash|p2a: Quagsire
|-resisted|p2a: Quagsire
|-crit|p2a: Quagsire
|-damage|p2a: Quagsire|69/100
|-resisted|p2a: Quagsire
|-damage|p2a: Quagsire|45/100
|-hitcount|p2a: Quagsire|2
|
|upkeep
|turn|15
|
|t:|1602762988
|-start|p1a: Liberty Prime|Dynamax
|-formechange|p1a: Liberty Prime|Melmetal-Gmax
|-heal|p1a: Liberty Prime|81/100|[silent]
|move|p2a: Quagsire|Recover|p2a: Quagsire
|-heal|p2a: Quagsire|95/100
|move|p1a: Liberty Prime|G-Max Meltdown|p2a: Quagsire
|-resisted|p2a: Quagsire
|-damage|p2a: Quagsire|66/100
|-start|p2a: Quagsire|Torment
|
|upkeep
|turn|16
|
|t:|1602762993
|switch|p2a: Necrozma|Necrozma-Dusk-Mane|55/100
|move|p1a: Liberty Prime|Max Hailstorm|p2a: Necrozma
|-resisted|p2a: Necrozma
|-damage|p2a: Necrozma|35/100
|-weather|Hail
|
|-weather|Hail|[upkeep]
|-damage|p2a: Necrozma|29/100|[from] Hail
|-damage|p1a: Liberty Prime|78/100|[from] Hail
|upkeep
|turn|17
|
|t:|1602763000
|move|p2a: Necrozma|Thunder Wave|p1a: Liberty Prime
|-status|p1a: Liberty Prime|par
|cant|p1a: Liberty Prime|par
|
|-weather|Hail|[upkeep]
|-damage|p2a: Necrozma|23/100|[from] Hail
|-damage|p1a: Liberty Prime|75/100 par|[from] Hail
|-end|p1a: Liberty Prime|Dynamax
|-formechange|p1a: Liberty Prime|Melmetal
|-heal|p1a: Liberty Prime|75/100 par|[silent]
|upkeep
|turn|18
|
|t:|1602763005
|move|p2a: Necrozma|Thunder Wave|p1a: Liberty Prime
|-fail|p1a: Liberty Prime|par
|cant|p1a: Liberty Prime|par
|
|-weather|Hail|[upkeep]
|-damage|p2a: Necrozma|17/100|[from] Hail
|-damage|p1a: Liberty Prime|69/100 par|[from] Hail
|-sideend|p1: Be With Me RNGesus|Reflect
|upkeep
|turn|19
|
|t:|1602763014
|move|p2a: Necrozma|Thunder Wave|p1a: Liberty Prime
|-fail|p1a: Liberty Prime|par
|move|p1a: Liberty Prime|Double Iron Bash|p2a: Necrozma
|-resisted|p2a: Necrozma
|-damage|p2a: Necrozma|0 fnt
|-hitcount|p2a: Necrozma|1
|faint|p2a: Necrozma
|
|-weather|Hail|[upkeep]
|-damage|p1a: Liberty Prime|63/100 par|[from] Hail
|upkeep
|
|t:|1602763021
|switch|p2a: Quagsire|Quagsire, M|66/100
|turn|20
|
|t:|1602763031
|move|p2a: Quagsire|Recover|p2a: Quagsire
|-heal|p2a: Quagsire|100/100
|cant|p1a: Liberty Prime|par
|
|-weather|none
|upkeep
|turn|21
|
|t:|1602763035
|move|p2a: Quagsire|Scald|p1a: Liberty Prime
|-damage|p1a: Liberty Prime|41/100 par
|cant|p1a: Liberty Prime|par
|
|upkeep
|turn|22
|
|t:|1602763042
|move|p2a: Quagsire|Scald|p1a: Liberty Prime
|-damage|p1a: Liberty Prime|22/100 par
|move|p1a: Liberty Prime|Double Iron Bash|p2a: Quagsire
|-resisted|p2a: Quagsire
|-damage|p2a: Quagsire|79/100
|-resisted|p2a: Quagsire
|-damage|p2a: Quagsire|56/100
|-hitcount|p2a: Quagsire|2
|
|upkeep
|turn|23
|
|t:|1602763045
|move|p2a: Quagsire|Recover|p2a: Quagsire
|-heal|p2a: Quagsire|100/100
|cant|p1a: Liberty Prime|par
|
|upkeep
|turn|24
|
|t:|1602763054
|move|p2a: Quagsire|Scald|p1a: Liberty Prime
|-damage|p1a: Liberty Prime|2/100 par
|move|p1a: Liberty Prime|Double Iron Bash|p2a: Quagsire
|-resisted|p2a: Quagsire
|-damage|p2a: Quagsire|78/100
|-resisted|p2a: Quagsire
|-damage|p2a: Quagsire|56/100
|-hitcount|p2a: Quagsire|2
|
|upkeep
|turn|25
|
|t:|1602763060
|move|p2a: Quagsire|Recover|p2a: Quagsire
|-heal|p2a: Quagsire|100/100
|move|p1a: Liberty Prime|Double Iron Bash|p2a: Quagsire
|-resisted|p2a: Quagsire
|-damage|p2a: Quagsire|76/100
|-resisted|p2a: Quagsire
|-damage|p2a: Quagsire|55/100
|-hitcount|p2a: Quagsire|2
|
|upkeep
|turn|26
|
|t:|1602763064
|switch|p1a: Sokka's GF|Lunala|88/100
|-damage|p1a: Sokka's GF|76/100|[from] Stealth Rock
|move|p2a: Quagsire|Recover|p2a: Quagsire
|-heal|p2a: Quagsire|100/100
|
|upkeep
|turn|27
|j| Uber Domination XD
|
|t:|1602763068
|switch|p2a: Mandibuzz|Mandibuzz, F|100/100
|move|p1a: Sokka's GF|Defog|p2a: Mandibuzz
|-unboost|p2a: Mandibuzz|evasion|1
|-sideend|p1: Be With Me RNGesus|Stealth Rock|[from] move: Defog|[of] p1a: Sokka's GF
|
|upkeep
|turn|28
|
|t:|1602763075
|switch|p1a: Liberty Prime|Melmetal|2/100 par
|move|p2a: Mandibuzz|U-turn|p1a: Liberty Prime
|-resisted|p1a: Liberty Prime
|-crit|p1a: Liberty Prime
|-damage|p1a: Liberty Prime|0 fnt
|faint|p1a: Liberty Prime
|
|t:|1602763082
|switch|p2a: Lunala|Lunala|100/100|[from]move: U-turn
|
|upkeep
|
|t:|1602763087
|switch|p1a: Grim Carl|Grimmsnarl, M|39/100
|turn|29
|
|t:|1602763092
|move|p1a: Grim Carl|Light Screen|p1a: Grim Carl
|-sidestart|p1: Be With Me RNGesus|move: Light Screen
|move|p2a: Lunala|Moonblast|p1a: Grim Carl
|-supereffective|p1a: Grim Carl
|-damage|p1a: Grim Carl|0 fnt
|faint|p1a: Grim Carl
|
|upkeep
|
|t:|1602763100
|switch|p1a: FWING!!!|Zacian-Crowned|92/100
|-ability|p1a: FWING!!!|Intrepid Sword|boost
|-boost|p1a: FWING!!!|atk|1
|turn|30
|j| weili
|
|t:|1602763103
|move|p1a: FWING!!!|Behemoth Blade|p2a: Lunala
|-damage|p2a: Lunala|65/100
|move|p2a: Lunala|Thunder Wave|p1a: FWING!!!
|-status|p1a: FWING!!!|par
|
|upkeep
|turn|31
|c| Uber Domination XD|Fwiing
|
|t:|1602763110
|move|p2a: Lunala|Roost|p2a: Lunala
|-heal|p2a: Lunala|100/100
|-singleturn|p2a: Lunala|move: Roost
|move|p1a: FWING!!!|Play Rough|p2a: Lunala|[miss]
|-miss|p1a: FWING!!!|p2a: Lunala
|
|upkeep
|turn|32
|
|t:|1602763116
|switch|p2a: Quagsire|Quagsire, M|100/100
|cant|p1a: FWING!!!|par
|
|upkeep
|turn|33
|j| Lightning Supreme
|inactive|Battle timer is ON: inactive players will automatically lose when time's up. (requested by Na-K-ATPase)
|c|☆Be With Me RNGesus|Not that it matters, but the sheer amount of hax you are getting this game is annoying
|
|t:|1602763142
|cant|p1a: FWING!!!|par
|move|p2a: Quagsire|Scald|p1a: FWING!!!
|-damage|p1a: FWING!!!|83/100 par
|
|upkeep
|turn|34
|c| Uber Domination XD|XD
|c|☆Be With Me RNGesus|Because it's pretty much constant
|
|t:|1602763158
|move|p1a: FWING!!!|Play Rough|p2a: Quagsire
|-crit|p2a: Quagsire
|-damage|p2a: Quagsire|44/100
|move|p2a: Quagsire|Earth Power|p1a: FWING!!!
|-supereffective|p1a: FWING!!!
|-damage|p1a: FWING!!!|63/100 par
|
|upkeep
|turn|35
|c|☆Na-K-ATPase|Lul
|
|t:|1602763172
|move|p1a: FWING!!!|Play Rough|p2a: Quagsire
|-damage|p2a: Quagsire|7/100
|move|p2a: Quagsire|Recover|p2a: Quagsire
|-heal|p2a: Quagsire|57/100
|
|upkeep
|turn|36
|
|t:|1602763178
|move|p1a: FWING!!!|Play Rough|p2a: Quagsire
|-damage|p2a: Quagsire|13/100
|move|p2a: Quagsire|Recover|p2a: Quagsire
|-heal|p2a: Quagsire|63/100
|
|-sideend|p1: Be With Me RNGesus|move: Light Screen
|upkeep
|turn|37
|
|t:|1602763181
|move|p1a: FWING!!!|Play Rough|p2a: Quagsire
|-damage|p2a: Quagsire|21/100
|-unboost|p2a: Quagsire|atk|1
|move|p2a: Quagsire|Recover|p2a: Quagsire
|-heal|p2a: Quagsire|71/100
|
|upkeep
|turn|38
|
|t:|1602763184
|move|p1a: FWING!!!|Play Rough|p2a: Quagsire
|-damage|p2a: Quagsire|31/100
|-unboost|p2a: Quagsire|atk|1
|move|p2a: Quagsire|Recover|p2a: Quagsire
|-heal|p2a: Quagsire|81/100
|
|upkeep
|turn|39
|
|t:|1602763187
|move|p1a: FWING!!!|Play Rough|p2a: Quagsire
|-crit|p2a: Quagsire
|-damage|p2a: Quagsire|19/100
|move|p2a: Quagsire|Recover|p2a: Quagsire
|-heal|p2a: Quagsire|69/100
|
|upkeep
|turn|40
|l| holy hjuyttdd
|
|t:|1602763190
|move|p1a: FWING!!!|Play Rough|p2a: Quagsire
|-damage|p2a: Quagsire|27/100
|move|p2a: Quagsire|Recover|p2a: Quagsire
|-heal|p2a: Quagsire|77/100
|
|upkeep
|turn|41
|
|t:|1602763194
|move|p1a: FWING!!!|Play Rough|p2a: Quagsire
|-damage|p2a: Quagsire|36/100
|move|p2a: Quagsire|Recover|p2a: Quagsire
|-heal|p2a: Quagsire|86/100
|
|upkeep
|turn|42
|
|t:|1602763202
|move|p1a: FWING!!!|Play Rough|p2a: Quagsire
|-crit|p2a: Quagsire
|-damage|p2a: Quagsire|23/100
|move|p2a: Quagsire|Recover|p2a: Quagsire
|-heal|p2a: Quagsire|73/100
|
|upkeep
|turn|43
|
|t:|1602763206
|cant|p1a: FWING!!!|par
|move|p2a: Quagsire|Recover|p2a: Quagsire
|-heal|p2a: Quagsire|100/100
|
|upkeep
|turn|44
|
|t:|1602763212
|cant|p1a: FWING!!!|par
|move|p2a: Quagsire|Earth Power|p1a: FWING!!!
|-supereffective|p1a: FWING!!!
|-damage|p1a: FWING!!!|24/100 par
|-unboost|p1a: FWING!!!|spd|1
|
|upkeep
|turn|45
|
|t:|1602763222
|move|p1a: FWING!!!|Play Rough|p2a: Quagsire
|-damage|p2a: Quagsire|63/100
|move|p2a: Quagsire|Earth Power|p1a: FWING!!!
|-supereffective|p1a: FWING!!!
|-damage|p1a: FWING!!!|0 fnt
|faint|p1a: FWING!!!
|
|upkeep
|
|t:|1602763225
|switch|p1a: Sokka's GF|Lunala|76/100
|turn|46
|
|t:|1602763229
|switch|p2a: Mandibuzz|Mandibuzz, F|100/100
|move|p1a: Sokka's GF|Moonblast|p2a: Mandibuzz
|-supereffective|p2a: Mandibuzz
|-damage|p2a: Mandibuzz|42/100
|
|upkeep
|turn|47
|
|t:|1602763236
|move|p2a: Mandibuzz|U-turn|p1a: Sokka's GF
|-damage|p1a: Sokka's GF|65/100
|-damage|p2a: Mandibuzz|25/100|[from] item: Rocky Helmet|[of] p1a: Sokka's GF
|
|t:|1602763248
|switch|p2a: Gothitelle|Gothitelle, F|100/100|[from]move: U-turn
|move|p1a: Sokka's GF|Moonblast|p2a: Gothitelle
|-damage|p2a: Gothitelle|69/100
|
|-heal|p2a: Gothitelle|75/100|[from] item: Leftovers
|upkeep
|turn|48
|
|t:|1602763251
|switch|p2a: Mandibuzz|Mandibuzz, F|25/100
|move|p1a: Sokka's GF|Moongeist Beam|p2a: Mandibuzz
|-resisted|p2a: Mandibuzz
|-damage|p2a: Mandibuzz|0 fnt
|faint|p2a: Mandibuzz
|
|upkeep
|
|t:|1602763253
|switch|p2a: Krookodile|Krookodile, M|100/100
|-ability|p2a: Krookodile|Intimidate|boost
|-unboost|p1a: Sokka's GF|atk|1
|turn|49
|
|t:|1602763258
|-start|p2a: Krookodile|Dynamax
|-heal|p2a: Krookodile|100/100|[silent]
|move|p2a: Krookodile|Max Airstream|p1a: Sokka's GF
|-damage|p1a: Sokka's GF|41/100
|-boost|p2a: Krookodile|spe|1
|move|p1a: Sokka's GF|Moonblast|p2a: Krookodile
|-supereffective|p2a: Krookodile
|-damage|p2a: Krookodile|58/100
|-enditem|p2a: Krookodile|Weakness Policy
|-boost|p2a: Krookodile|atk|2|[from] item: Weakness Policy
|-boost|p2a: Krookodile|spa|2|[from] item: Weakness Policy
|
|upkeep
|turn|50
|
|t:|1602763269
|move|p2a: Krookodile|Max Darkness|p1a: Sokka's GF
|-supereffective|p1a: Sokka's GF
|-damage|p1a: Sokka's GF|0 fnt
|faint|p1a: Sokka's GF
|
|upkeep
|
|t:|1602763274
|switch|p1a: Rawr XD|Necrozma-Dusk-Mane|100/100
|turn|51
|
|t:|1602763279
|move|p2a: Krookodile|Max Darkness|p1a: Rawr XD
|-supereffective|p1a: Rawr XD
|-damage|p1a: Rawr XD|0 fnt
|faint|p1a: Rawr XD
|
|-end|p2a: Krookodile|Dynamax
|-heal|p2a: Krookodile|58/100|[silent]
|upkeep
|
|t:|1602763281
|switch|p1a: WhatIfItWasPURPLE?|Mewtwo|100/100 par
|-ability|p1a: WhatIfItWasPURPLE?|Unnerve|p2: Na-K-ATPase
|turn|52
|-message|Be With Me RNGesus forfeited.
|
|win|Na-K-ATPase
