|j|☆ray712
|j|☆roi pigon
|player|p1|ray712|ethan|1400
|player|p2|roi pigon|acetrainersnow|1129
|teamsize|p1|6
|teamsize|p2|6
|gametype|singles
|gen|8
|tier|[Gen 8] Ubers
|rated|
|rule|Sleep Clause Mod: Limit one foe put to sleep
|rule|Species Clause: Limit one of each Pokémon
|rule|OHKO Clause: OHKO moves are banned
|rule|Evasion Moves Clause: Evasion moves are banned
|rule|Endless Battle Clause: Forcing endless battles is banned
|rule|HP Percentage Mod: HP is shown in percentages
|clearpoke
|poke|p1|Hawlucha, M|
|poke|p1|Polteageist|
|poke|p1|Mew|
|poke|p1|Zacian-Crowned|
|poke|p1|Eternatus|
|poke|p1|Ditto|
|poke|p2|Eternatus|
|poke|p2|Zacian-Crowned|
|poke|p2|Ditto|
|poke|p2|Dugtrio, M|
|poke|p2|Corviknight, M|
|poke|p2|Corsola-Galar, F|
|teampreview
|inactive|Battle timer is ON: inactive players will automatically lose when time's up. (requested by roi pigon)
|
|start
|switch|p1a: Mew|Mew|100/100
|switch|p2a: creusetrou|Dugtrio, M|100/100
|turn|1
|
|move|p2a: creusetrou|Earthquake|p1a: Mew
|-damage|p1a: Mew|52/100
|move|p1a: Mew|Stealth Rock|p2a: creusetrou
|-sidestart|p2: roi pigon|move: Stealth Rock
|
|upkeep
|turn|2
|
|move|p2a: creusetrou|Earthquake|p1a: Mew
|-damage|p1a: Mew|7/100
|move|p1a: Mew|Bulldoze|p2a: creusetrou
|-damage|p2a: creusetrou|64/100
|-unboost|p2a: creusetrou|spe|1
|
|upkeep
|turn|3
|
|move|p2a: creusetrou|Earthquake|p1a: Mew
|-damage|p1a: Mew|0 fnt
|faint|p1a: Mew
|
|upkeep
|
|switch|p1a: Polteageist|Polteageist|100/100
|turn|4
|
|move|p2a: creusetrou|Earthquake|p1a: Polteageist
|-damage|p1a: Polteageist|14/100
|-ability|p1a: Polteageist|Weak Armor|boost
|-unboost|p1a: Polteageist|def|1
|-boost|p1a: Polteageist|spe|2
|move|p1a: Polteageist|Shell Smash|p1a: Polteageist
|-unboost|p1a: Polteageist|def|1
|-unboost|p1a: Polteageist|spd|1
|-boost|p1a: Polteageist|atk|2
|-boost|p1a: Polteageist|spa|2
|-boost|p1a: Polteageist|spe|2
|
|upkeep
|turn|5
|
|move|p1a: Polteageist|Baton Pass|p1a: Polteageist
|
|switch|p1a: Hawlucha|Hawlucha, M|100/100|[from]move: Baton Pass
|-enditem|p1a: Hawlucha|White Herb
|-clearnegativeboost|p1a: Hawlucha|[silent]
|move|p2a: creusetrou|Earthquake|p1a: Hawlucha
|-immune|p1a: Hawlucha
|
|upkeep
|turn|6
|
|-start|p1a: Hawlucha|Dynamax
|-heal|p1a: Hawlucha|100/100|[silent]
|-start|p2a: creusetrou|Dynamax
|-heal|p2a: creusetrou|64/100|[silent]
|move|p1a: Hawlucha|Max Knuckle|p2a: creusetrou
|-damage|p2a: creusetrou|0 fnt
|-boost|p1a: Hawlucha|atk|1
|faint|p2a: creusetrou
|
|upkeep
|
|switch|p2a: Ditto|Ditto|100/100
|-damage|p2a: Ditto|88/100|[from] Stealth Rock
|-transform|p2a: Ditto|p1a: Hawlucha|[from] ability: Imposter
|turn|7
|
|move|p1a: Hawlucha|Max Airstream|p2a: Ditto
|-supereffective|p2a: Ditto
|-damage|p2a: Ditto|0 fnt
|-boost|p1a: Hawlucha|spe|1
|faint|p2a: Ditto
|
|upkeep
|
|switch|p2a: rourou|Corviknight, M|100/100
|-damage|p2a: rourou|88/100|[from] Stealth Rock
|-ability|p2a: rourou|Pressure
|turn|8
|
|move|p1a: Hawlucha|Max Knuckle|p2a: rourou
|-damage|p2a: rourou|29/100
|-boost|p1a: Hawlucha|atk|1
|move|p2a: rourou|Roost|p2a: rourou
|-heal|p2a: rourou|79/100
|-singleturn|p2a: rourou|move: Roost
|
|-heal|p2a: rourou|85/100|[from] item: Leftovers
|-end|p1a: Hawlucha|Dynamax
|-heal|p1a: Hawlucha|100/100|[silent]
|upkeep
|turn|9
|
|move|p1a: Hawlucha|Close Combat|p2a: rourou
|-damage|p2a: rourou|0 fnt
|-unboost|p1a: Hawlucha|def|1
|-unboost|p1a: Hawlucha|spd|1
|faint|p2a: rourou
|
|upkeep
|
|switch|p2a: corsalh|Corsola-Galar, F|100/100
|-damage|p2a: corsalh|88/100|[from] Stealth Rock
|turn|10
|
|move|p1a: Hawlucha|Acrobatics|p2a: corsalh
|-damage|p2a: corsalh|0 fnt
|faint|p2a: corsalh
|
|upkeep
|
|switch|p2a: defonse|Eternatus|100/100
|-damage|p2a: defonse|88/100|[from] Stealth Rock
|-ability|p2a: defonse|Pressure
|turn|11
|
|move|p1a: Hawlucha|Acrobatics|p2a: defonse
|-damage|p2a: defonse|0 fnt
|faint|p2a: defonse
|
|upkeep
|
|switch|p2a: mega-rayquaza|Zacian-Crowned|100/100
|-damage|p2a: mega-rayquaza|94/100|[from] Stealth Rock
|-ability|p2a: mega-rayquaza|Intrepid Sword|boost
|-boost|p2a: mega-rayquaza|atk|1
|turn|12
|
|move|p1a: Hawlucha|Close Combat|p2a: mega-rayquaza
|-damage|p2a: mega-rayquaza|0 fnt
|-unboost|p1a: Hawlucha|def|1
|-unboost|p1a: Hawlucha|spd|1
|faint|p2a: mega-rayquaza
|
|win|ray712
|l|☆roi pigon
|raw|ray712's rating: 1400 &rarr; <strong>1407</strong><br />(+7 for winning)
|raw|roi pigon's rating: 1129 &rarr; <strong>1120</strong><br />(-9 for losing)
