|j|☆Carl Murray
|j|☆Year1990
|player|p1|Carl Murray|211|1404
|player|p2|Year1990|burglar|1519
|teamsize|p1|6
|teamsize|p2|6
|gametype|singles
|gen|8
|tier|[Gen 8] Ubers
|rated|
|clearpoke
|poke|p1|Copperajah, F|
|poke|p1|Dugtrio, F|
|poke|p1|Gothitelle, M|
|poke|p1|Ditto|
|poke|p1|Zacian-Crowned|
|poke|p1|Corviknight, F|
|poke|p2|Excadrill, F|
|poke|p2|Hippowdon, F|
|poke|p2|Rotom-Wash|
|poke|p2|Dragapult, M|
|poke|p2|Zacian-Crowned|
|poke|p2|Zamazenta-Crowned|
|rule|Sleep Clause Mod: Limit one foe put to sleep
|rule|Species Clause: Limit one of each Pokémon
|rule|OHKO Clause: OHKO moves are banned
|rule|Evasion Moves Clause: Evasion moves are banned
|rule|Endless Battle Clause: Forcing endless battles is banned
|rule|HP Percentage Mod: HP is shown in percentages
|teampreview
|inactive|Battle timer is ON: inactive players will automatically lose when time's up. (requested by Carl Murray)
|
|start
|switch|p1a: Ditto|Ditto|100/100
|switch|p2a: Rotom|Rotom-Wash|100/100
|-transform|p1a: Ditto|p2a: Rotom|[from] ability: Imposter
|turn|1
|
|move|p2a: Rotom|Volt Switch|p1a: Ditto
|-damage|p1a: Ditto|66/100
|
|switch|p2a: Hippowdon|Hippowdon, F|100/100|[from]move: Volt Switch
|-weather|Sandstorm|[from] ability: Sand Stream|[of] p2a: Hippowdon
|move|p1a: Ditto|Volt Switch|p2a: Hippowdon
|-immune|p2a: Hippowdon
|
|-weather|Sandstorm|[upkeep]
|-damage|p1a: Ditto|60/100|[from] Sandstorm
|upkeep
|turn|2
|
|switch|p1a: Corviknight|Corviknight, F|100/100
|-ability|p1a: Corviknight|Pressure
|switch|p2a: Rotom|Rotom-Wash|100/100
|
|-weather|Sandstorm|[upkeep]
|-damage|p2a: Rotom|94/100|[from] Sandstorm
|upkeep
|turn|3
|
|switch|p1a: Ditto|Ditto|60/100
|-transform|p1a: Ditto|p2a: Rotom|[from] ability: Imposter
|move|p2a: Rotom|Volt Switch|p1a: Ditto
|-damage|p1a: Ditto|24/100
|
|switch|p2a: Excadrill|Excadrill, F, shiny|100/100|[from]move: Volt Switch
|-item|p2a: Excadrill|Air Balloon
|
|-weather|Sandstorm|[upkeep]
|-damage|p1a: Ditto|18/100|[from] Sandstorm
|upkeep
|turn|4
|
|switch|p1a: Corviknight|Corviknight, F|100/100
|-ability|p1a: Corviknight|Pressure
|move|p2a: Excadrill|Brick Break|p1a: Corviknight
|-damage|p1a: Corviknight|83/100
|-damage|p2a: Excadrill|84/100|[from] item: Rocky Helmet|[of] p1a: Corviknight
|
|-weather|Sandstorm|[upkeep]
|upkeep
|turn|5
|
|switch|p2a: Rotom|Rotom-Wash|94/100
|switch|p1a: Copperajah|Copperajah, F|100/100
|
|-weather|Sandstorm|[upkeep]
|-damage|p2a: Rotom|88/100|[from] Sandstorm
|upkeep
|turn|6
|
|-start|p1a: Copperajah|Dynamax
|-formechange|p1a: Copperajah|Copperajah-Gmax
|-heal|p1a: Copperajah|100/100|[silent]
|move|p2a: Rotom|Trick|p1a: Copperajah
|-activate|p2a: Rotom|move: Trick|[of] p1a: Copperajah
|-item|p1a: Copperajah|Choice Scarf|[from] move: Trick
|-item|p2a: Rotom|Focus Sash|[from] move: Trick
|move|p1a: Copperajah|G-Max Steelsurge|p2a: Rotom
|-resisted|p2a: Rotom
|-damage|p2a: Rotom|64/100
|-sidestart|p2: Year1990|move: G-Max Steelsurge
|
|-weather|Sandstorm|[upkeep]
|-damage|p2a: Rotom|58/100|[from] Sandstorm
|upkeep
|turn|7
|
|move|p2a: Rotom|Thunder Wave|p1a: Copperajah|[miss]
|-miss|p2a: Rotom|p1a: Copperajah
|move|p1a: Copperajah|Max Overgrowth|p2a: Rotom
|-supereffective|p2a: Rotom
|-damage|p2a: Rotom|0 fnt
|-fieldstart|move: Grassy Terrain
|faint|p2a: Rotom
|
|-weather|Sandstorm|[upkeep]
|upkeep
|
|switch|p2a: Zamazenta|Zamazenta-Crowned|100/100
|-damage|p2a: Zamazenta|94/100|[from] G-Max Steelsurge
|-ability|p2a: Zamazenta|Dauntless Shield|boost
|-boost|p2a: Zamazenta|def|1
|turn|8
|
|move|p2a: Zamazenta|Close Combat|p1a: Copperajah
|-supereffective|p1a: Copperajah
|-damage|p1a: Copperajah|36/100
|-unboost|p2a: Zamazenta|def|1
|-unboost|p2a: Zamazenta|spd|1
|move|p1a: Copperajah|Max Flare|p2a: Zamazenta
|-supereffective|p2a: Zamazenta
|-damage|p2a: Zamazenta|24/100
|-weather|SunnyDay
|
|-weather|SunnyDay|[upkeep]
|-heal|p2a: Zamazenta|30/100|[from] Grassy Terrain
|-heal|p1a: Copperajah|39/100|[from] Grassy Terrain
|-end|p1a: Copperajah|Dynamax
|-formechange|p1a: Copperajah|Copperajah
|-heal|p1a: Copperajah|39/100|[silent]
|upkeep
|turn|9
|
|switch|p1a: Corviknight|Corviknight, F|83/100
|-ability|p1a: Corviknight|Pressure
|move|p2a: Zamazenta|Close Combat|p1a: Corviknight
|-damage|p1a: Corviknight|45/100
|-damage|p2a: Zamazenta|14/100|[from] item: Rocky Helmet|[of] p1a: Corviknight
|-unboost|p2a: Zamazenta|def|1
|-unboost|p2a: Zamazenta|spd|1
|
|-weather|SunnyDay|[upkeep]
|-heal|p2a: Zamazenta|20/100|[from] Grassy Terrain
|upkeep
|turn|10
|
|switch|p2a: Hippowdon|Hippowdon, F|100/100
|-damage|p2a: Hippowdon|88/100|[from] G-Max Steelsurge
|-weather|Sandstorm|[from] ability: Sand Stream|[of] p2a: Hippowdon
|move|p1a: Corviknight|Roost|p1a: Corviknight
|-heal|p1a: Corviknight|95/100
|-singleturn|p1a: Corviknight|move: Roost
|
|-weather|Sandstorm|[upkeep]
|-heal|p1a: Corviknight|100/100|[from] Grassy Terrain
|-heal|p2a: Hippowdon|94/100|[from] Grassy Terrain
|upkeep
|turn|11
|
|switch|p1a: Ditto|Ditto|18/100
|-transform|p1a: Ditto|p2a: Hippowdon|[from] ability: Imposter
|move|p2a: Hippowdon|Stealth Rock|p1a: Ditto
|-sidestart|p1: Carl Murray|move: Stealth Rock
|
|-weather|Sandstorm|[upkeep]
|-heal|p1a: Ditto|24/100|[from] Grassy Terrain
|-heal|p2a: Hippowdon|100/100|[from] Grassy Terrain
|-fieldend|move: Grassy Terrain
|upkeep
|turn|12
|
|switch|p2a: Excadrill|Excadrill, F, shiny|84/100
|-damage|p2a: Excadrill|78/100|[from] G-Max Steelsurge
|-item|p2a: Excadrill|Air Balloon
|move|p1a: Ditto|Slack Off|p1a: Ditto
|-heal|p1a: Ditto|74/100
|
|-weather|Sandstorm|[upkeep]
|upkeep
|turn|13
|
|switch|p1a: Corviknight|Corviknight, F|100/100
|-damage|p1a: Corviknight|88/100|[from] Stealth Rock
|-ability|p1a: Corviknight|Pressure
|-start|p2a: Excadrill|Dynamax
|-heal|p2a: Excadrill|78/100|[silent]
|move|p2a: Excadrill|Max Knuckle|p1a: Corviknight
|-damage|p1a: Corviknight|67/100
|-boost|p2a: Excadrill|atk|1
|
|-weather|Sandstorm|[upkeep]
|upkeep
|turn|14
|
|move|p2a: Excadrill|Max Knuckle|p1a: Corviknight
|-damage|p1a: Corviknight|34/100
|-boost|p2a: Excadrill|atk|1
|move|p1a: Corviknight|Iron Defense|p1a: Corviknight
|-boost|p1a: Corviknight|def|2
|
|-weather|Sandstorm|[upkeep]
|upkeep
|turn|15
|j| Zaettsu
|
|move|p2a: Excadrill|Max Rockfall|p1a: Corviknight
|-damage|p1a: Corviknight|0 fnt
|faint|p1a: Corviknight
|
|-weather|Sandstorm|[upkeep]
|-end|p2a: Excadrill|Dynamax
|-heal|p2a: Excadrill|78/100|[silent]
|upkeep
|
|switch|p1a: Ditto|Ditto|74/100
|-damage|p1a: Ditto|62/100|[from] Stealth Rock
|-transform|p1a: Ditto|p2a: Excadrill|[from] ability: Imposter
|turn|16
|
|switch|p2a: Dragapult|Dragapult, M|100/100
|-damage|p2a: Dragapult|88/100|[from] G-Max Steelsurge
|move|p1a: Ditto|Brick Break|p2a: Dragapult
|-immune|p2a: Dragapult
|
|-weather|Sandstorm|[upkeep]
|-damage|p2a: Dragapult|82/100|[from] Sandstorm
|upkeep
|turn|17
|
|switch|p1a: Copperajah|Copperajah, F|39/100
|-damage|p1a: Copperajah|32/100|[from] Stealth Rock
|move|p2a: Dragapult|Shadow Ball|p1a: Copperajah
|-damage|p1a: Copperajah|0 fnt
|-damage|p2a: Dragapult|72/100|[from] item: Life Orb
|faint|p1a: Copperajah
|
|-weather|none
|upkeep
|
|switch|p1a: Ditto|Ditto|62/100
|-damage|p1a: Ditto|49/100|[from] Stealth Rock
|-transform|p1a: Ditto|p2a: Dragapult|[from] ability: Imposter
|turn|18
|
|switch|p2a: Zamazenta|Zamazenta-Crowned|20/100
|-damage|p2a: Zamazenta|14/100|[from] G-Max Steelsurge
|-ability|p2a: Zamazenta|Dauntless Shield|boost
|-boost|p2a: Zamazenta|def|1
|move|p1a: Ditto|Shadow Ball|p2a: Zamazenta
|-damage|p2a: Zamazenta|0 fnt
|faint|p2a: Zamazenta
|
|upkeep
|
|switch|p2a: Hippowdon|Hippowdon, F|100/100
|-damage|p2a: Hippowdon|88/100|[from] G-Max Steelsurge
|-weather|Sandstorm|[from] ability: Sand Stream|[of] p2a: Hippowdon
|turn|19
|
|move|p1a: Ditto|Shadow Ball|p2a: Hippowdon
|-damage|p2a: Hippowdon|53/100
|move|p2a: Hippowdon|Earthquake|p1a: Ditto
|-damage|p1a: Ditto|0 fnt
|faint|p1a: Ditto
|
|-weather|Sandstorm|[upkeep]
|upkeep
|
|switch|p1a: Dugtrio|Dugtrio, F|100/100
|-damage|p1a: Dugtrio|94/100|[from] Stealth Rock
|turn|20
|
|move|p1a: Dugtrio|Earthquake|p2a: Hippowdon
|-damage|p2a: Hippowdon|24/100
|move|p2a: Hippowdon|Earthquake|p1a: Dugtrio
|-damage|p1a: Dugtrio|0 fnt
|faint|p1a: Dugtrio
|
|-weather|Sandstorm|[upkeep]
|upkeep
|
|switch|p1a: Zacian|Zacian-Crowned|100/100
|-damage|p1a: Zacian|94/100|[from] Stealth Rock
|-ability|p1a: Zacian|Intrepid Sword|boost
|-boost|p1a: Zacian|atk|1
|turn|21
|
|move|p1a: Zacian|Swords Dance|p1a: Zacian
|-boost|p1a: Zacian|atk|2
|move|p2a: Hippowdon|Earthquake|p1a: Zacian
|-supereffective|p1a: Zacian
|-damage|p1a: Zacian|1/100
|
|-weather|Sandstorm|[upkeep]
|upkeep
|turn|22
|
|move|p1a: Zacian|Swords Dance|p1a: Zacian
|-boost|p1a: Zacian|atk|2
|move|p2a: Hippowdon|Earthquake|p1a: Zacian
|-supereffective|p1a: Zacian
|-damage|p1a: Zacian|0 fnt
|faint|p1a: Zacian
|
|-weather|Sandstorm|[upkeep]
|upkeep
|
|switch|p1a: Gothitelle|Gothitelle, M|100/100
|-damage|p1a: Gothitelle|88/100|[from] Stealth Rock
|turn|23
|
|move|p1a: Gothitelle|Cosmic Power|p1a: Gothitelle
|-boost|p1a: Gothitelle|def|1
|-boost|p1a: Gothitelle|spd|1
|move|p2a: Hippowdon|Earthquake|p1a: Gothitelle
|-damage|p1a: Gothitelle|52/100
|
|-weather|Sandstorm|[upkeep]
|-damage|p1a: Gothitelle|46/100|[from] Sandstorm
|-heal|p1a: Gothitelle|52/100|[from] item: Leftovers
|upkeep
|turn|24
|
|move|p1a: Gothitelle|Cosmic Power|p1a: Gothitelle
|-boost|p1a: Gothitelle|def|1
|-boost|p1a: Gothitelle|spd|1
|move|p2a: Hippowdon|Earthquake|p1a: Gothitelle
|-damage|p1a: Gothitelle|24/100
|
|-weather|Sandstorm|[upkeep]
|-damage|p1a: Gothitelle|18/100|[from] Sandstorm
|-heal|p1a: Gothitelle|24/100|[from] item: Leftovers
|upkeep
|turn|25
|
|move|p1a: Gothitelle|Rest|p1a: Gothitelle
|-status|p1a: Gothitelle|slp|[from] move: Rest
|-heal|p1a: Gothitelle|100/100 slp|[silent]
|move|p2a: Hippowdon|Earthquake|p1a: Gothitelle
|-damage|p1a: Gothitelle|75/100 slp
|
|-weather|Sandstorm|[upkeep]
|-damage|p1a: Gothitelle|69/100 slp|[from] Sandstorm
|-heal|p1a: Gothitelle|75/100 slp|[from] item: Leftovers
|upkeep
|turn|26
|
|cant|p1a: Gothitelle|slp
|move|p2a: Hippowdon|Earthquake|p1a: Gothitelle
|-damage|p1a: Gothitelle|49/100 slp
|
|-weather|none
|-heal|p1a: Gothitelle|55/100 slp|[from] item: Leftovers
|upkeep
|turn|27
|
|cant|p1a: Gothitelle|slp
|move|p2a: Hippowdon|Earthquake|p1a: Gothitelle
|-damage|p1a: Gothitelle|28/100 slp
|
|-heal|p1a: Gothitelle|34/100 slp|[from] item: Leftovers
|upkeep
|turn|28
|
|-curestatus|p1a: Gothitelle|slp|[msg]
|move|p1a: Gothitelle|Rest|p1a: Gothitelle
|-status|p1a: Gothitelle|slp|[from] move: Rest
|-heal|p1a: Gothitelle|100/100 slp|[silent]
|move|p2a: Hippowdon|Earthquake|p1a: Gothitelle
|-damage|p1a: Gothitelle|74/100 slp
|
|-heal|p1a: Gothitelle|80/100 slp|[from] item: Leftovers
|upkeep
|turn|29
|
|cant|p1a: Gothitelle|slp
|move|p2a: Hippowdon|Earthquake|p1a: Gothitelle
|-damage|p1a: Gothitelle|53/100 slp
|
|-heal|p1a: Gothitelle|59/100 slp|[from] item: Leftovers
|upkeep
|turn|30
|
|cant|p1a: Gothitelle|slp
|move|p2a: Hippowdon|Earthquake|p1a: Gothitelle
|-damage|p1a: Gothitelle|32/100 slp
|
|-heal|p1a: Gothitelle|38/100 slp|[from] item: Leftovers
|upkeep
|turn|31
|
|-curestatus|p1a: Gothitelle|slp|[msg]
|move|p1a: Gothitelle|Protect|p1a: Gothitelle
|-singleturn|p1a: Gothitelle|Protect
|move|p2a: Hippowdon|Earthquake|p1a: Gothitelle
|-activate|p1a: Gothitelle|move: Protect
|
|-heal|p1a: Gothitelle|44/100|[from] item: Leftovers
|upkeep
|turn|32
|l| Zaettsu
|
|move|p1a: Gothitelle|Rest|p1a: Gothitelle
|-status|p1a: Gothitelle|slp|[from] move: Rest
|-heal|p1a: Gothitelle|100/100 slp|[silent]
|move|p2a: Hippowdon|Earthquake|p1a: Gothitelle
|-damage|p1a: Gothitelle|76/100 slp
|
|-heal|p1a: Gothitelle|82/100 slp|[from] item: Leftovers
|upkeep
|turn|33
|
|cant|p1a: Gothitelle|slp
|move|p2a: Hippowdon|Earthquake|p1a: Gothitelle
|-damage|p1a: Gothitelle|54/100 slp
|
|-heal|p1a: Gothitelle|60/100 slp|[from] item: Leftovers
|upkeep
|turn|34
|
|cant|p1a: Gothitelle|slp
|move|p2a: Hippowdon|Earthquake|p1a: Gothitelle
|-damage|p1a: Gothitelle|35/100 slp
|
|-heal|p1a: Gothitelle|41/100 slp|[from] item: Leftovers
|upkeep
|turn|35
|
|-curestatus|p1a: Gothitelle|slp|[msg]
|move|p1a: Gothitelle|Cosmic Power|p1a: Gothitelle
|-boost|p1a: Gothitelle|def|1
|-boost|p1a: Gothitelle|spd|1
|move|p2a: Hippowdon|Stealth Rock||[still]
|-fail|p2a: Hippowdon
|
|-heal|p1a: Gothitelle|47/100|[from] item: Leftovers
|upkeep
|turn|36
|
|move|p1a: Gothitelle|Cosmic Power|p1a: Gothitelle
|-boost|p1a: Gothitelle|def|1
|-boost|p1a: Gothitelle|spd|1
|move|p2a: Hippowdon|Slack Off|p2a: Hippowdon
|-heal|p2a: Hippowdon|74/100
|
|-heal|p1a: Gothitelle|53/100|[from] item: Leftovers
|upkeep
|turn|37
|
|move|p1a: Gothitelle|Cosmic Power|p1a: Gothitelle
|-boost|p1a: Gothitelle|def|1
|-boost|p1a: Gothitelle|spd|1
|move|p2a: Hippowdon|Slack Off|p2a: Hippowdon
|-heal|p2a: Hippowdon|100/100
|
|-heal|p1a: Gothitelle|59/100|[from] item: Leftovers
|upkeep
|turn|38
|
|move|p1a: Gothitelle|Cosmic Power|p1a: Gothitelle
|-boost|p1a: Gothitelle|def|1
|-boost|p1a: Gothitelle|spd|1
|move|p2a: Hippowdon|Roar||[still]
|-fail|p2a: Hippowdon
|
|-heal|p1a: Gothitelle|65/100|[from] item: Leftovers
|upkeep
|turn|39
|
|move|p1a: Gothitelle|Cosmic Power|p1a: Gothitelle
|-boost|p1a: Gothitelle|def|0
|-boost|p1a: Gothitelle|spd|0
|move|p2a: Hippowdon|Roar||[still]
|-fail|p2a: Hippowdon
|
|-heal|p1a: Gothitelle|71/100|[from] item: Leftovers
|upkeep
|turn|40
|
|move|p1a: Gothitelle|Rest|p1a: Gothitelle
|-status|p1a: Gothitelle|slp|[from] move: Rest
|-heal|p1a: Gothitelle|100/100 slp|[silent]
|move|p2a: Hippowdon|Stealth Rock||[still]
|-fail|p2a: Hippowdon
|
|upkeep
|turn|41
|
|cant|p1a: Gothitelle|slp
|move|p2a: Hippowdon|Roar||[still]
|-fail|p2a: Hippowdon
|
|upkeep
|turn|42
|
|cant|p1a: Gothitelle|slp
|move|p2a: Hippowdon|Roar||[still]
|-fail|p2a: Hippowdon
|
|upkeep
|turn|43
|
|-curestatus|p1a: Gothitelle|slp|[msg]
|move|p1a: Gothitelle|Stored Power|p2a: Hippowdon
|-damage|p2a: Hippowdon|2/100
|move|p2a: Hippowdon|Roar||[still]
|-fail|p2a: Hippowdon
|
|upkeep
|turn|44
|
|move|p1a: Gothitelle|Stored Power|p2a: Hippowdon
|-damage|p2a: Hippowdon|0 fnt
|faint|p2a: Hippowdon
|
|upkeep
|
|switch|p2a: Zacian|Zacian-Crowned|100/100
|-damage|p2a: Zacian|88/100|[from] G-Max Steelsurge
|-ability|p2a: Zacian|Intrepid Sword|boost
|-boost|p2a: Zacian|atk|1
|turn|45
|
|move|p2a: Zacian|Swords Dance|p2a: Zacian
|-boost|p2a: Zacian|atk|2
|move|p1a: Gothitelle|Stored Power|p2a: Zacian
|-resisted|p2a: Zacian
|-damage|p2a: Zacian|48/100
|
|upkeep
|turn|46
|
|move|p2a: Zacian|Swords Dance|p2a: Zacian
|-boost|p2a: Zacian|atk|2
|move|p1a: Gothitelle|Stored Power|p2a: Zacian
|-resisted|p2a: Zacian
|-damage|p2a: Zacian|12/100
|
|upkeep
|turn|47
|
|move|p2a: Zacian|Behemoth Blade|p1a: Gothitelle
|-damage|p1a: Gothitelle|43/100
|move|p1a: Gothitelle|Stored Power|p2a: Zacian
|-resisted|p2a: Zacian
|-damage|p2a: Zacian|0 fnt
|faint|p2a: Zacian
|
|-heal|p1a: Gothitelle|49/100|[from] item: Leftovers
|upkeep
|
|switch|p2a: Excadrill|Excadrill, F, shiny|78/100
|-damage|p2a: Excadrill|72/100|[from] G-Max Steelsurge
|-item|p2a: Excadrill|Air Balloon
|turn|48
|
|move|p1a: Gothitelle|Protect|p1a: Gothitelle
|-singleturn|p1a: Gothitelle|Protect
|move|p2a: Excadrill|Iron Head|p1a: Gothitelle
|-activate|p1a: Gothitelle|move: Protect
|
|-heal|p1a: Gothitelle|55/100|[from] item: Leftovers
|upkeep
|turn|49
|
|move|p2a: Excadrill|Iron Head|p1a: Gothitelle
|-damage|p1a: Gothitelle|42/100
|cant|p1a: Gothitelle|flinch
|
|-heal|p1a: Gothitelle|48/100|[from] item: Leftovers
|upkeep
|turn|50
|
|move|p1a: Gothitelle|Protect|p1a: Gothitelle
|-singleturn|p1a: Gothitelle|Protect
|move|p2a: Excadrill|Iron Head|p1a: Gothitelle
|-activate|p1a: Gothitelle|move: Protect
|
|-heal|p1a: Gothitelle|54/100|[from] item: Leftovers
|upkeep
|turn|51
|
|move|p2a: Excadrill|Iron Head|p1a: Gothitelle
|-damage|p1a: Gothitelle|42/100
|move|p1a: Gothitelle|Rest|p1a: Gothitelle
|-status|p1a: Gothitelle|slp|[from] move: Rest
|-heal|p1a: Gothitelle|100/100 slp|[silent]
|
|upkeep
|turn|52
|
|move|p2a: Excadrill|Iron Head|p1a: Gothitelle
|-damage|p1a: Gothitelle|88/100 slp
|cant|p1a: Gothitelle|slp
|
|-heal|p1a: Gothitelle|94/100 slp|[from] item: Leftovers
|upkeep
|turn|53
|
|move|p2a: Excadrill|Earthquake|p1a: Gothitelle
|-damage|p1a: Gothitelle|78/100 slp
|cant|p1a: Gothitelle|slp
|
|-heal|p1a: Gothitelle|85/100 slp|[from] item: Leftovers
|upkeep
|turn|54
|
|move|p2a: Excadrill|Earthquake|p1a: Gothitelle
|-damage|p1a: Gothitelle|69/100 slp
|-curestatus|p1a: Gothitelle|slp|[msg]
|move|p1a: Gothitelle|Stored Power|p2a: Excadrill
|-resisted|p2a: Excadrill
|-damage|p2a: Excadrill|14/100
|-enditem|p2a: Excadrill|Air Balloon
|
|-heal|p1a: Gothitelle|75/100|[from] item: Leftovers
|upkeep
|turn|55
|
|move|p1a: Gothitelle|Protect|p1a: Gothitelle
|-singleturn|p1a: Gothitelle|Protect
|move|p2a: Excadrill|Iron Head|p1a: Gothitelle
|-activate|p1a: Gothitelle|move: Protect
|
|-heal|p1a: Gothitelle|81/100|[from] item: Leftovers
|upkeep
|turn|56
|
|move|p2a: Excadrill|Iron Head|p1a: Gothitelle
|-damage|p1a: Gothitelle|69/100
|move|p1a: Gothitelle|Stored Power|p2a: Excadrill
|-resisted|p2a: Excadrill
|-damage|p2a: Excadrill|0 fnt
|faint|p2a: Excadrill
|
|-heal|p1a: Gothitelle|75/100|[from] item: Leftovers
|upkeep
|
|switch|p2a: Dragapult|Dragapult, M|72/100
|-damage|p2a: Dragapult|60/100|[from] G-Max Steelsurge
|turn|57
|
|move|p1a: Gothitelle|Protect|p1a: Gothitelle
|-singleturn|p1a: Gothitelle|Protect
|move|p2a: Dragapult|Shadow Ball|p1a: Gothitelle
|-activate|p1a: Gothitelle|move: Protect
|
|-heal|p1a: Gothitelle|81/100|[from] item: Leftovers
|upkeep
|turn|58
|
|move|p2a: Dragapult|Shadow Ball|p1a: Gothitelle
|-supereffective|p1a: Gothitelle
|-damage|p1a: Gothitelle|63/100
|-damage|p2a: Dragapult|50/100|[from] item: Life Orb
|move|p1a: Gothitelle|Stored Power|p2a: Dragapult
|-damage|p2a: Dragapult|0 fnt
|faint|p2a: Dragapult
|
|win|Carl Murray
|c|☆Carl Murray|gg
|l|☆Year1990
