|j|☆Ilovescaldburns
|j|☆Eledyr
|t:|1621167948
|gametype|singles
|player|p1|Ilovescaldburns|pokemonranger-gen3rs|
|player|p2|Eledyr|colress-gen7|
|teamsize|p1|6
|teamsize|p2|6
|gen|8
|tier|[Gen 8] Ubers
|rule|Sleep Clause Mod: Limit one foe put to sleep
|rule|Species Clause: Limit one of each Pokémon
|rule|OHKO Clause: OHKO moves are banned
|rule|Evasion Moves Clause: Evasion moves are banned
|rule|Endless Battle Clause: Forcing endless battles is banned
|rule|HP Percentage Mod: HP is shown in percentages
|rule|Dynamax Clause: You cannot dynamax
|clearpoke
|poke|p1|Darmanitan-Galar, F|
|poke|p1|Eternatus|
|poke|p1|Yveltal|
|poke|p1|Necrozma-Dusk-Mane|
|poke|p1|Xerneas-*|
|poke|p1|Groudon|
|poke|p2|Eternatus|
|poke|p2|Ho-Oh|
|poke|p2|Necrozma-Dusk-Mane|
|poke|p2|Zygarde|
|poke|p2|Ferrothorn, F|
|poke|p2|Yveltal|
|teampreview
|c|☆Ilovescaldburns|gl
|c|☆Eledyr|hf
|c|☆Eledyr|can you /publicroom
|c|☆Eledyr|?
|c|☆Ilovescaldburns|yh sorry
|c|☆Ilovescaldburns|/log Ilovescaldburns made this room public.
|c|☆Ilovescaldburns|done
|c|☆Eledyr|np
|j| Quarante8
|
|t:|1621168097
|start
|switch|p1a: Eternatus|Eternatus|100/100
|switch|p2a: Metallic Lion|Necrozma-Dusk-Mane|100/100
|-ability|p1a: Eternatus|Pressure
|turn|1
|
|t:|1621168106
|switch|p1a: Yveltal|Yveltal|100/100
|-ability|p1a: Yveltal|Dark Aura
|move|p2a: Metallic Lion|Stealth Rock|p1a: Yveltal
|-sidestart|p1: Ilovescaldburns|move: Stealth Rock
|
|upkeep
|turn|2
|
|t:|1621168113
|switch|p2a: Flying Frenchman|Yveltal|100/100
|-ability|p2a: Flying Frenchman|Dark Aura
|move|p1a: Yveltal|Knock Off|p2a: Flying Frenchman
|-resisted|p2a: Flying Frenchman
|-damage|p2a: Flying Frenchman|61/100
|-enditem|p2a: Flying Frenchman|Heavy-Duty Boots|[from] move: Knock Off|[of] p1a: Yveltal
|
|upkeep
|turn|3
|
|t:|1621168122
|move|p2a: Flying Frenchman|Toxic|p1a: Yveltal
|-status|p1a: Yveltal|tox
|move|p1a: Yveltal|Taunt|p2a: Flying Frenchman
|-start|p2a: Flying Frenchman|move: Taunt
|
|-damage|p1a: Yveltal|94/100 tox|[from] psn
|upkeep
|turn|4
|
|t:|1621168134
|switch|p2a: Good wall|Eternatus|100/100
|-ability|p2a: Good wall|Pressure
|switch|p1a: Eternatus|Eternatus|100/100
|-damage|p1a: Eternatus|88/100|[from] Stealth Rock
|-ability|p1a: Eternatus|Pressure
|
|upkeep
|turn|5
|
|t:|1621168146
|switch|p2a: Metallic Lion|Necrozma-Dusk-Mane|100/100
|move|p1a: Eternatus|Dynamax Cannon|p2a: Metallic Lion
|-resisted|p2a: Metallic Lion
|-damage|p2a: Metallic Lion|74/100
|
|upkeep
|turn|6
|
|t:|1621168178
|move|p1a: Eternatus|Flamethrower|p2a: Metallic Lion
|-supereffective|p2a: Metallic Lion
|-damage|p2a: Metallic Lion|30/100
|move|p2a: Metallic Lion|Morning Sun|p2a: Metallic Lion
|-heal|p2a: Metallic Lion|80/100
|
|upkeep
|turn|7
|
|t:|1621168191
|move|p1a: Eternatus|Flamethrower|p2a: Metallic Lion
|-supereffective|p2a: Metallic Lion
|-damage|p2a: Metallic Lion|35/100
|move|p2a: Metallic Lion|Thunder Wave|p1a: Eternatus|[miss]
|-miss|p2a: Metallic Lion|p1a: Eternatus
|
|upkeep
|turn|8
|c|☆Ilovescaldburns|srry
|
|t:|1621168228
|switch|p2a: Bird Jesus|Ho-Oh|100/100
|move|p1a: Eternatus|Flamethrower|p2a: Bird Jesus
|-resisted|p2a: Bird Jesus
|-crit|p2a: Bird Jesus
|-damage|p2a: Bird Jesus|86/100
|
|upkeep
|turn|9
|
|t:|1621168240
|switch|p2a: Good wall|Eternatus|100/100
|-ability|p2a: Good wall|Pressure
|move|p1a: Eternatus|Meteor Beam||[still]
|-prepare|p1a: Eternatus|Meteor Beam
|-boost|p1a: Eternatus|spa|1
|-enditem|p1a: Eternatus|Power Herb
|-anim|p1a: Eternatus|Meteor Beam|p2a: Good wall
|-crit|p2a: Good wall
|-damage|p2a: Good wall|34/100
|
|-heal|p2a: Good wall|41/100|[from] item: Black Sludge
|upkeep
|turn|10
|
|t:|1621168246
|switch|p2a: Bird Jesus|Ho-Oh|100/100
|move|p1a: Eternatus|Dynamax Cannon|p2a: Bird Jesus
|-crit|p2a: Bird Jesus
|-damage|p2a: Bird Jesus|19/100
|
|upkeep
|turn|11
|c|☆Eledyr|...
|c|☆Ilovescaldburns|srry :/
|c|☆Ilovescaldburns|test
|c|☆Eledyr|well
|c|☆Eledyr|I can't win anymore at this point of the game
|c|☆Eledyr|miss into 3 crits
|c|☆Eledyr|nice game i suppose
|c|☆Ilovescaldburns|really sorry dude
|-message|Eledyr forfeited.
|
|win|Ilovescaldburns
|c|☆Ilovescaldburns|gg
