|j|☆I like Lovely
|j|☆thevengefulvadam
|player|p1|I like Lovely|pokekid|1619
|player|p2|thevengefulvadam|steven|1523
|teamsize|p1|6
|teamsize|p2|6
|gametype|singles
|gen|8
|tier|[Gen 8] Ubers
|rated|
|clearpoke
|poke|p1|Marshadow|
|poke|p1|Ferrothorn, F|
|poke|p1|Necrozma-Dusk-Mane|
|poke|p1|Zekrom|
|poke|p1|Lunala|
|poke|p1|Mandibuzz, F|
|poke|p2|Reshiram|
|poke|p2|Necrozma-Dusk-Mane|
|poke|p2|Ferrothorn, F|
|poke|p2|Weezing-Galar, M|
|poke|p2|Ditto|
|poke|p2|Mandibuzz, F|
|rule|Sleep Clause Mod: Limit one foe put to sleep
|rule|Species Clause: Limit one of each Pokémon
|rule|OHKO Clause: OHKO moves are banned
|rule|Evasion Moves Clause: Evasion moves are banned
|rule|Endless Battle Clause: Forcing endless battles is banned
|rule|HP Percentage Mod: HP is shown in percentages
|teampreview
|j| ferromolybdenum
|inactive|Battle timer is ON: inactive players will automatically lose when time's up. (requested by thevengefulvadam)
|
|start
|switch|p1a: Lunala|Lunala|100/100
|switch|p2a: Weezing|Weezing-Galar, M|100/100
|-ability|p2a: Weezing|Neutralizing Gas
|turn|1
|
|switch|p2a: Mandibuzz|Mandibuzz, F|100/100
|move|p1a: Lunala|Thunder Wave|p2a: Mandibuzz
|-status|p2a: Mandibuzz|par
|
|upkeep
|turn|2
|
|switch|p1a: Zekrom|Zekrom|100/100
|-ability|p1a: Zekrom|Teravolt
|move|p2a: Mandibuzz|U-turn|p1a: Zekrom
|-damage|p1a: Zekrom|95/100
|
|switch|p2a: Weezing|Weezing-Galar, M|100/100|[from]move: U-turn
|-ability|p2a: Weezing|Neutralizing Gas
|
|-heal|p1a: Zekrom|100/100|[from] item: Leftovers
|upkeep
|turn|3
|
|move|p1a: Zekrom|Thunder Wave|p2a: Weezing
|-status|p2a: Weezing|par
|cant|p2a: Weezing|par
|
|upkeep
|turn|4
|
|move|p1a: Zekrom|Bolt Strike|p2a: Weezing
|-damage|p2a: Weezing|60/100 par
|move|p2a: Weezing|Aromatherapy|p2a: Weezing
|-activate|p2a: Weezing|move: Aromatherapy
|-curestatus|p2a: Weezing|par|[msg]
|-curestatus|p2: Mandibuzz|par|[msg]
|
|-heal|p2a: Weezing|66/100|[from] item: Black Sludge
|upkeep
|turn|5
|l| ferromolybdenum
|
|move|p1a: Zekrom|Thunder Wave|p2a: Weezing|[miss]
|-miss|p1a: Zekrom|p2a: Weezing
|move|p2a: Weezing|Will-O-Wisp|p1a: Zekrom
|-status|p1a: Zekrom|brn
|
|-heal|p2a: Weezing|72/100|[from] item: Black Sludge
|-damage|p1a: Zekrom|94/100 brn|[from] brn
|upkeep
|turn|6
|
|-ability|p1a: Zekrom|Teravolt
|switch|p2a: Ditto|Ditto|100/100
|-transform|p2a: Ditto|p1a: Zekrom|[from] ability: Imposter
|-ability|p2a: Ditto|Teravolt
|move|p1a: Zekrom|Thunder Wave|p2a: Ditto
|-immune|p2a: Ditto
|
|-heal|p1a: Zekrom|100/100 brn|[from] item: Leftovers
|-damage|p1a: Zekrom|94/100 brn|[from] brn
|upkeep
|turn|7
|
|switch|p2a: Weezing|Weezing-Galar, M|72/100
|-ability|p2a: Weezing|Neutralizing Gas
|move|p1a: Zekrom|Thunder Wave|p2a: Weezing
|-status|p2a: Weezing|par
|
|-heal|p1a: Zekrom|100/100 brn|[from] item: Leftovers
|-heal|p2a: Weezing|78/100 par|[from] item: Black Sludge
|-damage|p1a: Zekrom|94/100 brn|[from] brn
|upkeep
|turn|8
|
|switch|p1a: Marshadow|Marshadow|100/100
|cant|p2a: Weezing|par
|
|-heal|p2a: Weezing|84/100 par|[from] item: Black Sludge
|upkeep
|turn|9
|
|move|p1a: Marshadow|Substitute|p1a: Marshadow
|-start|p1a: Marshadow|Substitute
|-damage|p1a: Marshadow|75/100
|move|p2a: Weezing|Strange Steam|p1a: Marshadow
|-supereffective|p1a: Marshadow
|-end|p1a: Marshadow|Substitute
|
|-heal|p1a: Marshadow|82/100|[from] item: Leftovers
|-heal|p2a: Weezing|90/100 par|[from] item: Black Sludge
|upkeep
|turn|10
|
|switch|p1a: Lunala|Lunala|100/100
|move|p2a: Weezing|Aromatherapy|p2a: Weezing
|-activate|p2a: Weezing|move: Aromatherapy
|-curestatus|p2a: Weezing|par|[msg]
|
|-heal|p2a: Weezing|96/100|[from] item: Black Sludge
|upkeep
|turn|11
|
|switch|p2a: Mandibuzz|Mandibuzz, F|100/100
|move|p1a: Lunala|Hex|p2a: Mandibuzz
|-resisted|p2a: Mandibuzz
|-crit|p2a: Mandibuzz
|-damage|p2a: Mandibuzz|88/100
|
|upkeep
|turn|12
|
|switch|p1a: Zekrom|Zekrom|94/100 brn
|-ability|p1a: Zekrom|Teravolt
|move|p2a: Mandibuzz|Foul Play|p1a: Zekrom
|-damage|p1a: Zekrom|68/100 brn
|
|-heal|p1a: Zekrom|74/100 brn|[from] item: Leftovers
|-damage|p1a: Zekrom|68/100 brn|[from] brn
|upkeep
|turn|13
|
|move|p1a: Zekrom|Thunder Wave|p2a: Mandibuzz
|-status|p2a: Mandibuzz|par
|cant|p2a: Mandibuzz|par
|
|-heal|p1a: Zekrom|74/100 brn|[from] item: Leftovers
|-damage|p1a: Zekrom|68/100 brn|[from] brn
|upkeep
|turn|14
|
|switch|p2a: Weezing|Weezing-Galar, M|96/100
|-ability|p2a: Weezing|Neutralizing Gas
|move|p1a: Zekrom|Bolt Strike|p2a: Weezing
|-damage|p2a: Weezing|73/100
|
|-heal|p1a: Zekrom|74/100 brn|[from] item: Leftovers
|-heal|p2a: Weezing|79/100|[from] item: Black Sludge
|-damage|p1a: Zekrom|68/100 brn|[from] brn
|upkeep
|turn|15
|
|move|p1a: Zekrom|Thunder Wave|p2a: Weezing
|-status|p2a: Weezing|par
|move|p2a: Weezing|Aromatherapy|p2a: Weezing
|-activate|p2a: Weezing|move: Aromatherapy
|-curestatus|p2a: Weezing|par|[msg]
|-curestatus|p2: Mandibuzz|par|[msg]
|
|-heal|p1a: Zekrom|74/100 brn|[from] item: Leftovers
|-heal|p2a: Weezing|85/100|[from] item: Black Sludge
|-damage|p1a: Zekrom|68/100 brn|[from] brn
|upkeep
|turn|16
|
|move|p1a: Zekrom|Thunder Wave|p2a: Weezing
|-status|p2a: Weezing|par
|move|p2a: Weezing|Strange Steam|p1a: Zekrom
|-supereffective|p1a: Zekrom
|-damage|p1a: Zekrom|22/100 brn
|
|-heal|p1a: Zekrom|28/100 brn|[from] item: Leftovers
|-heal|p2a: Weezing|91/100 par|[from] item: Black Sludge
|-damage|p1a: Zekrom|22/100 brn|[from] brn
|upkeep
|turn|17
|
|move|p1a: Zekrom|Roost|p1a: Zekrom
|-heal|p1a: Zekrom|72/100 brn
|-singleturn|p1a: Zekrom|move: Roost
|move|p2a: Weezing|Strange Steam|p1a: Zekrom
|-supereffective|p1a: Zekrom
|-damage|p1a: Zekrom|28/100 brn
|-start|p1a: Zekrom|confusion
|
|-heal|p1a: Zekrom|34/100 brn|[from] item: Leftovers
|-heal|p2a: Weezing|97/100 par|[from] item: Black Sludge
|-damage|p1a: Zekrom|28/100 brn|[from] brn
|upkeep
|turn|18
|
|switch|p1a: Ferrothorn|Ferrothorn, F|100/100
|move|p2a: Weezing|Aromatherapy|p2a: Weezing
|-activate|p2a: Weezing|move: Aromatherapy
|-curestatus|p2a: Weezing|par|[msg]
|
|-heal|p2a: Weezing|100/100|[from] item: Black Sludge
|upkeep
|turn|19
|
|switch|p1a: Lunala|Lunala|100/100
|move|p2a: Weezing|Will-O-Wisp|p1a: Lunala
|-status|p1a: Lunala|brn
|
|-damage|p1a: Lunala|94/100 brn|[from] brn
|upkeep
|turn|20
|
|switch|p2a: Mandibuzz|Mandibuzz, F|88/100
|move|p1a: Lunala|Thunder Wave|p2a: Mandibuzz
|-status|p2a: Mandibuzz|par
|
|-damage|p1a: Lunala|88/100 brn|[from] brn
|upkeep
|turn|21
|
|switch|p1a: Mandibuzz|Mandibuzz, F|100/100
|move|p2a: Mandibuzz|Foul Play|p1a: Mandibuzz
|-resisted|p1a: Mandibuzz
|-damage|p1a: Mandibuzz|91/100
|
|upkeep
|turn|22
|
|move|p1a: Mandibuzz|U-turn|p2a: Mandibuzz
|-damage|p2a: Mandibuzz|80/100 par
|
|switch|p1a: Zekrom|Zekrom|28/100 brn|[from]move: U-turn
|-ability|p1a: Zekrom|Teravolt
|move|p2a: Mandibuzz|U-turn|p1a: Zekrom
|-damage|p1a: Zekrom|22/100 brn
|
|switch|p2a: Reshiram|Reshiram|100/100|[from]move: U-turn
|-ability|p2a: Reshiram|Turboblaze
|
|-heal|p1a: Zekrom|28/100 brn|[from] item: Leftovers
|-damage|p1a: Zekrom|22/100 brn|[from] brn
|upkeep
|turn|23
|
|switch|p1a: Lunala|Lunala|88/100 brn
|move|p2a: Reshiram|Blue Flare|p1a: Lunala
|-damage|p1a: Lunala|56/100 brn
|
|-damage|p1a: Lunala|49/100 brn|[from] brn
|upkeep
|turn|24
|
|switch|p2a: Mandibuzz|Mandibuzz, F|80/100 par
|move|p1a: Lunala|Roost|p1a: Lunala
|-heal|p1a: Lunala|99/100 brn
|-singleturn|p1a: Lunala|move: Roost
|
|-damage|p1a: Lunala|93/100 brn|[from] brn
|upkeep
|turn|25
|
|switch|p1a: Ferrothorn|Ferrothorn, F|100/100
|move|p2a: Mandibuzz|Foul Play|p1a: Ferrothorn
|-damage|p1a: Ferrothorn|83/100
|-damage|p2a: Mandibuzz|67/100 par|[from] ability: Iron Barbs|[of] p1a: Ferrothorn
|
|-heal|p1a: Ferrothorn|90/100|[from] item: Leftovers
|upkeep
|turn|26
|
|cant|p2a: Mandibuzz|par
|move|p1a: Ferrothorn|Leech Seed|p2a: Mandibuzz
|-start|p2a: Mandibuzz|move: Leech Seed
|
|-heal|p1a: Ferrothorn|96/100|[from] item: Leftovers
|-damage|p2a: Mandibuzz|55/100 par|[from] Leech Seed|[of] p1a: Ferrothorn
|-heal|p1a: Ferrothorn|100/100|[silent]
|upkeep
|turn|27
|
|switch|p2a: Ferrothorn|Ferrothorn, F|100/100
|move|p1a: Ferrothorn|Knock Off|p2a: Ferrothorn
|-damage|p2a: Ferrothorn|88/100
|-damage|p1a: Ferrothorn|88/100|[from] ability: Iron Barbs|[of] p2a: Ferrothorn
|-enditem|p2a: Ferrothorn|Shed Shell|[from] move: Knock Off|[of] p1a: Ferrothorn
|
|-heal|p1a: Ferrothorn|94/100|[from] item: Leftovers
|upkeep
|turn|28
|
|move|p1a: Ferrothorn|Spikes|p2a: Ferrothorn
|-sidestart|p2: thevengefulvadam|Spikes
|move|p2a: Ferrothorn|Stealth Rock|p1a: Ferrothorn
|-sidestart|p1: I like Lovely|move: Stealth Rock
|
|-heal|p1a: Ferrothorn|100/100|[from] item: Leftovers
|upkeep
|turn|29
|
|switch|p2a: Reshiram|Reshiram|100/100
|-ability|p2a: Reshiram|Turboblaze
|move|p1a: Ferrothorn|Spikes|p2a: Reshiram
|-sidestart|p2: thevengefulvadam|Spikes
|
|upkeep
|turn|30
|
|switch|p1a: Mandibuzz|Mandibuzz, F|91/100
|move|p2a: Reshiram|Blue Flare|p1a: Mandibuzz|[miss]
|-miss|p2a: Reshiram|p1a: Mandibuzz
|
|upkeep
|turn|31
|
|move|p2a: Reshiram|Toxic|p1a: Mandibuzz
|-status|p1a: Mandibuzz|tox
|move|p1a: Mandibuzz|Knock Off|p2a: Reshiram
|-damage|p2a: Reshiram|80/100
|-enditem|p2a: Reshiram|Heavy-Duty Boots|[from] move: Knock Off|[of] p1a: Mandibuzz
|
|-damage|p1a: Mandibuzz|85/100 tox|[from] psn
|upkeep
|turn|32
|
|move|p2a: Reshiram|Blue Flare|p1a: Mandibuzz
|-damage|p1a: Mandibuzz|44/100 tox
|move|p1a: Mandibuzz|U-turn|p2a: Reshiram
|-resisted|p2a: Reshiram
|-damage|p2a: Reshiram|75/100
|
|switch|p1a: Marshadow|Marshadow|82/100|[from]move: U-turn
|-damage|p1a: Marshadow|75/100|[from] Stealth Rock
|
|-heal|p1a: Marshadow|82/100|[from] item: Leftovers
|upkeep
|turn|33
|
|move|p1a: Marshadow|Substitute|p1a: Marshadow
|-start|p1a: Marshadow|Substitute
|-damage|p1a: Marshadow|57/100
|move|p2a: Reshiram|Mystical Fire|p1a: Marshadow
|-end|p1a: Marshadow|Substitute
|
|-heal|p1a: Marshadow|63/100|[from] item: Leftovers
|upkeep
|turn|34
|
|switch|p1a: Lunala|Lunala|93/100 brn
|move|p2a: Reshiram|Blue Flare|p1a: Lunala|[miss]
|-miss|p2a: Reshiram|p1a: Lunala
|
|-damage|p1a: Lunala|87/100 brn|[from] brn
|upkeep
|turn|35
|
|move|p2a: Reshiram|Mystical Fire|p1a: Lunala
|-damage|p1a: Lunala|70/100 brn
|-unboost|p1a: Lunala|spa|1
|move|p1a: Lunala|Thunder Wave|p2a: Reshiram
|-status|p2a: Reshiram|par
|
|-damage|p1a: Lunala|63/100 brn|[from] brn
|upkeep
|turn|36
|
|move|p1a: Lunala|Roost|p1a: Lunala
|-heal|p1a: Lunala|100/100 brn
|-singleturn|p1a: Lunala|move: Roost
|cant|p2a: Reshiram|par
|
|-damage|p1a: Lunala|94/100 brn|[from] brn
|upkeep
|turn|37
|
|switch|p1a: Zekrom|Zekrom|22/100 brn
|-damage|p1a: Zekrom|9/100 brn|[from] Stealth Rock
|-ability|p1a: Zekrom|Teravolt
|move|p2a: Reshiram|Roost|p2a: Reshiram
|-heal|p2a: Reshiram|100/100 par
|-singleturn|p2a: Reshiram|move: Roost
|
|-heal|p1a: Zekrom|16/100 brn|[from] item: Leftovers
|-damage|p1a: Zekrom|9/100 brn|[from] brn
|upkeep
|turn|38
|
|switch|p2a: Weezing|Weezing-Galar, M|100/100
|-ability|p2a: Weezing|Neutralizing Gas
|-damage|p2a: Weezing|84/100|[from] Spikes
|move|p1a: Zekrom|Roost|p1a: Zekrom
|-heal|p1a: Zekrom|60/100 brn
|-singleturn|p1a: Zekrom|move: Roost
|
|-heal|p1a: Zekrom|66/100 brn|[from] item: Leftovers
|-heal|p2a: Weezing|90/100|[from] item: Black Sludge
|-damage|p1a: Zekrom|60/100 brn|[from] brn
|upkeep
|turn|39
|
|switch|p1a: Lunala|Lunala|94/100 brn
|move|p2a: Weezing|Strange Steam|p1a: Lunala
|-damage|p1a: Lunala|81/100 brn
|
|-heal|p2a: Weezing|96/100|[from] item: Black Sludge
|-damage|p1a: Lunala|75/100 brn|[from] brn
|upkeep
|turn|40
|
|move|p1a: Lunala|Thunder Wave|p2a: Weezing
|-status|p2a: Weezing|par
|cant|p2a: Weezing|par
|
|-heal|p2a: Weezing|100/100 par|[from] item: Black Sludge
|-damage|p1a: Lunala|69/100 brn|[from] brn
|upkeep
|turn|41
|
|switch|p2a: Mandibuzz|Mandibuzz, F|55/100 par
|move|p1a: Lunala|Hex|p2a: Mandibuzz
|-resisted|p2a: Mandibuzz
|-damage|p2a: Mandibuzz|36/100 par
|
|-damage|p1a: Lunala|63/100 brn|[from] brn
|upkeep
|turn|42
|
|switch|p1a: Ferrothorn|Ferrothorn, F|100/100
|-damage|p1a: Ferrothorn|94/100|[from] Stealth Rock
|move|p2a: Mandibuzz|Roost|p2a: Mandibuzz
|-heal|p2a: Mandibuzz|86/100 par
|-singleturn|p2a: Mandibuzz|move: Roost
|
|-heal|p1a: Ferrothorn|100/100|[from] item: Leftovers
|upkeep
|turn|43
|
|switch|p2a: Weezing|Weezing-Galar, M|100/100 par
|-ability|p2a: Weezing|Neutralizing Gas
|-damage|p2a: Weezing|84/100 par|[from] Spikes
|move|p1a: Ferrothorn|Spikes|p2a: Weezing
|-sidestart|p2: thevengefulvadam|Spikes
|
|-heal|p2a: Weezing|90/100 par|[from] item: Black Sludge
|upkeep
|turn|44
|
|move|p2a: Weezing|Aromatherapy|p2a: Weezing
|-activate|p2a: Weezing|move: Aromatherapy
|-curestatus|p2a: Weezing|par|[msg]
|-curestatus|p2: Mandibuzz|par|[msg]
|-curestatus|p2: Reshiram|par|[msg]
|move|p1a: Ferrothorn|Knock Off|p2a: Weezing
|-resisted|p2a: Weezing
|-damage|p2a: Weezing|83/100
|-enditem|p2a: Weezing|Black Sludge|[from] move: Knock Off|[of] p1a: Ferrothorn
|
|upkeep
|turn|45
|
|move|p2a: Weezing|Strange Steam|p1a: Ferrothorn
|-resisted|p1a: Ferrothorn
|-damage|p1a: Ferrothorn|88/100
|move|p1a: Ferrothorn|Thunder Wave|p2a: Weezing
|-status|p2a: Weezing|par
|
|-heal|p1a: Ferrothorn|94/100|[from] item: Leftovers
|upkeep
|turn|46
|
|move|p2a: Weezing|Will-O-Wisp|p1a: Ferrothorn
|-status|p1a: Ferrothorn|brn
|move|p1a: Ferrothorn|Leech Seed|p2a: Weezing
|-start|p2a: Weezing|move: Leech Seed
|
|-heal|p1a: Ferrothorn|100/100 brn|[from] item: Leftovers
|-damage|p2a: Weezing|71/100 par|[from] Leech Seed|[of] p1a: Ferrothorn
|-damage|p1a: Ferrothorn|94/100 brn|[from] brn
|upkeep
|turn|47
|
|switch|p2a: Mandibuzz|Mandibuzz, F|86/100
|move|p1a: Ferrothorn|Knock Off|p2a: Mandibuzz
|-resisted|p2a: Mandibuzz
|-damage|p2a: Mandibuzz|82/100
|-enditem|p2a: Mandibuzz|Heavy-Duty Boots|[from] move: Knock Off|[of] p1a: Ferrothorn
|
|-heal|p1a: Ferrothorn|100/100 brn|[from] item: Leftovers
|-damage|p1a: Ferrothorn|94/100 brn|[from] brn
|upkeep
|turn|48
|
|move|p2a: Mandibuzz|Defog|p1a: Ferrothorn
|-unboost|p1a: Ferrothorn|evasion|1
|-sideend|p1: I like Lovely|Stealth Rock|[from] move: Defog|[of] p2a: Mandibuzz
|-sideend|p2: thevengefulvadam|Spikes|[from] move: Defog|[of] p2a: Mandibuzz
|move|p1a: Ferrothorn|Thunder Wave|p2a: Mandibuzz
|-status|p2a: Mandibuzz|par
|
|-heal|p1a: Ferrothorn|100/100 brn|[from] item: Leftovers
|-damage|p1a: Ferrothorn|94/100 brn|[from] brn
|upkeep
|turn|49
|
|move|p2a: Mandibuzz|U-turn|p1a: Ferrothorn
|-damage|p1a: Ferrothorn|89/100 brn
|-damage|p2a: Mandibuzz|70/100 par|[from] ability: Iron Barbs|[of] p1a: Ferrothorn
|
|switch|p2a: Reshiram|Reshiram|100/100|[from]move: U-turn
|-ability|p2a: Reshiram|Turboblaze
|move|p1a: Ferrothorn|Spikes|p2a: Reshiram
|-sidestart|p2: thevengefulvadam|Spikes
|
|-heal|p1a: Ferrothorn|95/100 brn|[from] item: Leftovers
|-damage|p1a: Ferrothorn|89/100 brn|[from] brn
|upkeep
|turn|50
|
|switch|p1a: Zekrom|Zekrom|60/100 brn
|-ability|p1a: Zekrom|Teravolt
|move|p2a: Reshiram|Mystical Fire|p1a: Zekrom
|-resisted|p1a: Zekrom
|-damage|p1a: Zekrom|45/100 brn
|-unboost|p1a: Zekrom|spa|1
|
|-heal|p1a: Zekrom|51/100 brn|[from] item: Leftovers
|-damage|p1a: Zekrom|45/100 brn|[from] brn
|upkeep
|turn|51
|
|switch|p2a: Weezing|Weezing-Galar, M|71/100 par
|-ability|p2a: Weezing|Neutralizing Gas
|-damage|p2a: Weezing|58/100 par|[from] Spikes
|move|p1a: Zekrom|Roost|p1a: Zekrom
|-heal|p1a: Zekrom|95/100 brn
|-singleturn|p1a: Zekrom|move: Roost
|
|-heal|p1a: Zekrom|100/100 brn|[from] item: Leftovers
|-damage|p1a: Zekrom|94/100 brn|[from] brn
|upkeep
|turn|52
|
|switch|p1a: Ferrothorn|Ferrothorn, F|89/100 brn
|switch|p2a: Necrozma|Necrozma-Dusk-Mane|100/100
|-damage|p2a: Necrozma|88/100|[from] Spikes
|
|-heal|p2a: Necrozma|94/100|[from] item: Leftovers
|-heal|p1a: Ferrothorn|95/100 brn|[from] item: Leftovers
|-damage|p1a: Ferrothorn|89/100 brn|[from] brn
|upkeep
|turn|53
|inactive|thevengefulvadam has 120 seconds left.
|
|switch|p2a: Ferrothorn|Ferrothorn, F|88/100
|-damage|p2a: Ferrothorn|75/100|[from] Spikes
|move|p1a: Ferrothorn|Thunder Wave|p2a: Ferrothorn|[miss]
|-miss|p1a: Ferrothorn|p2a: Ferrothorn
|
|-heal|p1a: Ferrothorn|95/100 brn|[from] item: Leftovers
|-damage|p1a: Ferrothorn|89/100 brn|[from] brn
|upkeep
|turn|54
|
|move|p1a: Ferrothorn|Spikes|p2a: Ferrothorn
|-sidestart|p2: thevengefulvadam|Spikes
|move|p2a: Ferrothorn|Knock Off|p1a: Ferrothorn
|-damage|p1a: Ferrothorn|76/100 brn
|-damage|p2a: Ferrothorn|63/100|[from] ability: Iron Barbs|[of] p1a: Ferrothorn
|-enditem|p1a: Ferrothorn|Leftovers|[from] move: Knock Off|[of] p2a: Ferrothorn
|
|-damage|p1a: Ferrothorn|70/100 brn|[from] brn
|upkeep
|turn|55
|
|move|p1a: Ferrothorn|Spikes|p2a: Ferrothorn
|-sidestart|p2: thevengefulvadam|Spikes
|move|p2a: Ferrothorn|Stealth Rock|p1a: Ferrothorn
|-sidestart|p1: I like Lovely|move: Stealth Rock
|
|-damage|p1a: Ferrothorn|63/100 brn|[from] brn
|upkeep
|turn|56
|
|move|p1a: Ferrothorn|Thunder Wave|p2a: Ferrothorn|[miss]
|-miss|p1a: Ferrothorn|p2a: Ferrothorn
|move|p2a: Ferrothorn|Knock Off|p1a: Ferrothorn
|-damage|p1a: Ferrothorn|55/100 brn
|-damage|p2a: Ferrothorn|50/100|[from] ability: Iron Barbs|[of] p1a: Ferrothorn
|
|-damage|p1a: Ferrothorn|49/100 brn|[from] brn
|upkeep
|turn|57
|
|move|p1a: Ferrothorn|Thunder Wave|p2a: Ferrothorn
|-status|p2a: Ferrothorn|par
|move|p2a: Ferrothorn|Knock Off|p1a: Ferrothorn
|-crit|p1a: Ferrothorn
|-damage|p1a: Ferrothorn|35/100 brn
|-damage|p2a: Ferrothorn|38/100 par|[from] ability: Iron Barbs|[of] p1a: Ferrothorn
|
|-damage|p1a: Ferrothorn|29/100 brn|[from] brn
|upkeep
|turn|58
|inactive|I like Lovely has 120 seconds left.
|
|switch|p1a: Zekrom|Zekrom|94/100 brn
|-damage|p1a: Zekrom|82/100 brn|[from] Stealth Rock
|-ability|p1a: Zekrom|Teravolt
|move|p2a: Ferrothorn|Leech Seed|p1a: Zekrom
|-start|p1a: Zekrom|move: Leech Seed
|
|-heal|p1a: Zekrom|88/100 brn|[from] item: Leftovers
|-damage|p1a: Zekrom|76/100 brn|[from] Leech Seed|[of] p2a: Ferrothorn
|-heal|p2a: Ferrothorn|52/100 par|[silent]
|-damage|p1a: Zekrom|69/100 brn|[from] brn
|upkeep
|turn|59
|inactive|I like Lovely has 120 seconds left.
|
|switch|p1a: Ferrothorn|Ferrothorn, F|29/100 brn
|-damage|p1a: Ferrothorn|23/100 brn|[from] Stealth Rock
|cant|p2a: Ferrothorn|par
|
|-damage|p1a: Ferrothorn|17/100 brn|[from] brn
|upkeep
|turn|60
|
|move|p1a: Ferrothorn|Knock Off|p2a: Ferrothorn
|-damage|p2a: Ferrothorn|49/100 par
|-damage|p1a: Ferrothorn|4/100 brn|[from] ability: Iron Barbs|[of] p2a: Ferrothorn
|move|p2a: Ferrothorn|Knock Off|p1a: Ferrothorn
|-damage|p1a: Ferrothorn|0 fnt
|-damage|p2a: Ferrothorn|36/100 par|[from] ability: Iron Barbs|[of] p1a: Ferrothorn
|faint|p1a: Ferrothorn
|
|upkeep
|
|switch|p1a: Marshadow|Marshadow|63/100
|-damage|p1a: Marshadow|57/100|[from] Stealth Rock
|turn|61
|
|switch|p2a: Weezing|Weezing-Galar, M|58/100 par
|-ability|p2a: Weezing|Neutralizing Gas
|-damage|p2a: Weezing|33/100 par|[from] Spikes
|move|p1a: Marshadow|Substitute|p1a: Marshadow
|-start|p1a: Marshadow|Substitute
|-damage|p1a: Marshadow|32/100
|
|-heal|p1a: Marshadow|38/100|[from] item: Leftovers
|upkeep
|turn|62
|
|move|p1a: Marshadow|Spectral Thief|p2a: Weezing
|-damage|p2a: Weezing|8/100 par
|move|p2a: Weezing|Strange Steam|p1a: Marshadow
|-supereffective|p1a: Marshadow
|-end|p1a: Marshadow|Substitute
|
|-heal|p1a: Marshadow|44/100|[from] item: Leftovers
|upkeep
|turn|63
|
|move|p1a: Marshadow|Spectral Thief|p2a: Weezing
|-crit|p2a: Weezing
|-damage|p2a: Weezing|0 fnt
|faint|p2a: Weezing
|
|-heal|p1a: Marshadow|50/100|[from] item: Leftovers
|upkeep
|
|switch|p2a: Ditto|Ditto|100/100
|-damage|p2a: Ditto|75/100|[from] Spikes
|-transform|p2a: Ditto|p1a: Marshadow|[from] ability: Imposter
|turn|64
|inactive|I like Lovely has 120 seconds left.
|inactive|thevengefulvadam has 120 seconds left.
|
|switch|p1a: Mandibuzz|Mandibuzz, F|44/100 tox
|-start|p2a: Ditto|Dynamax
|-heal|p2a: Ditto|75/100|[silent]
|move|p2a: Ditto|Max Knuckle|p1a: Mandibuzz
|-damage|p1a: Mandibuzz|18/100 tox
|-boost|p2a: Ditto|atk|1
|
|-damage|p1a: Mandibuzz|12/100 tox|[from] psn
|upkeep
|turn|65
|inactive|thevengefulvadam has 120 seconds left.
|j| BigBabblingBaboon
|
|move|p2a: Ditto|Max Phantasm|p1a: Mandibuzz
|-resisted|p1a: Mandibuzz
|-damage|p1a: Mandibuzz|0 fnt
|faint|p1a: Mandibuzz
|
|upkeep
|
|switch|p1a: Necrozma|Necrozma-Dusk-Mane|100/100
|-damage|p1a: Necrozma|94/100|[from] Stealth Rock
|turn|66
|
|move|p2a: Ditto|Max Phantasm|p1a: Necrozma
|-supereffective|p1a: Necrozma
|-damage|p1a: Necrozma|26/100
|-unboost|p1a: Necrozma|def|1
|move|p1a: Necrozma|Thunder Wave|p2a: Ditto
|-status|p2a: Ditto|par
|
|-heal|p1a: Necrozma|32/100|[from] item: Leftovers
|-end|p2a: Ditto|Dynamax
|-heal|p2a: Ditto|75/100 par|[silent]
|upkeep
|turn|67
|inactive|I like Lovely has 90 seconds left.
|
|move|p2a: Ditto|Spectral Thief|p1a: Necrozma
|-supereffective|p1a: Necrozma
|-damage|p1a: Necrozma|0 fnt
|faint|p1a: Necrozma
|
|upkeep
|inactive|I like Lovely has 90 seconds left.
|
|switch|p1a: Zekrom|Zekrom|69/100 brn
|-damage|p1a: Zekrom|57/100 brn|[from] Stealth Rock
|-ability|p1a: Zekrom|Teravolt
|turn|68
|inactive|I like Lovely has 90 seconds left.
|
|move|p2a: Ditto|Spectral Thief|p1a: Zekrom
|-damage|p1a: Zekrom|24/100 brn
|move|p1a: Zekrom|Roost|p1a: Zekrom
|-heal|p1a: Zekrom|74/100 brn
|-singleturn|p1a: Zekrom|move: Roost
|
|-heal|p1a: Zekrom|81/100 brn|[from] item: Leftovers
|-damage|p1a: Zekrom|74/100 brn|[from] brn
|upkeep
|turn|69
|inactive|I like Lovely has 90 seconds left.
|
|switch|p2a: Mandibuzz|Mandibuzz, F|70/100 par
|move|p1a: Zekrom|Roost|p1a: Zekrom
|-heal|p1a: Zekrom|100/100 brn
|-singleturn|p1a: Zekrom|move: Roost
|
|-damage|p1a: Zekrom|94/100 brn|[from] brn
|upkeep
|turn|70
|
|move|p1a: Zekrom|Bolt Strike|p2a: Mandibuzz
|-supereffective|p2a: Mandibuzz
|-damage|p2a: Mandibuzz|20/100 par
|move|p2a: Mandibuzz|Defog|p1a: Zekrom
|-unboost|p1a: Zekrom|evasion|1
|-sideend|p1: I like Lovely|Stealth Rock|[from] move: Defog|[of] p2a: Mandibuzz
|-sideend|p2: thevengefulvadam|Spikes|[from] move: Defog|[of] p2a: Mandibuzz
|
|-heal|p1a: Zekrom|100/100 brn|[from] item: Leftovers
|-damage|p1a: Zekrom|94/100 brn|[from] brn
|upkeep
|turn|71
|
|switch|p2a: Ferrothorn|Ferrothorn, F|36/100 par
|move|p1a: Zekrom|Bolt Strike|p2a: Ferrothorn
|-resisted|p2a: Ferrothorn
|-damage|p2a: Ferrothorn|27/100 par
|-damage|p1a: Zekrom|82/100 brn|[from] ability: Iron Barbs|[of] p2a: Ferrothorn
|
|-heal|p1a: Zekrom|88/100 brn|[from] item: Leftovers
|-damage|p1a: Zekrom|82/100 brn|[from] brn
|upkeep
|turn|72
|inactive|I like Lovely has 90 seconds left.
|
|switch|p1a: Lunala|Lunala|63/100 brn
|cant|p2a: Ferrothorn|par
|
|-damage|p1a: Lunala|57/100 brn|[from] brn
|upkeep
|turn|73
|inactive|I like Lovely has 90 seconds left.
|
|switch|p2a: Ditto|Ditto|75/100 par
|-transform|p2a: Ditto|p1a: Lunala|[from] ability: Imposter
|move|p1a: Lunala|Hex|p2a: Ditto
|-supereffective|p2a: Ditto
|-damage|p2a: Ditto|0 fnt
|faint|p2a: Ditto
|
|-damage|p1a: Lunala|51/100 brn|[from] brn
|upkeep
|
|switch|p2a: Mandibuzz|Mandibuzz, F|20/100 par
|turn|74
|inactive|I like Lovely has 90 seconds left.
|
|move|p1a: Lunala|Hex|p2a: Mandibuzz
|-resisted|p2a: Mandibuzz
|-damage|p2a: Mandibuzz|2/100 par
|move|p2a: Mandibuzz|Roost|p2a: Mandibuzz
|-heal|p2a: Mandibuzz|52/100 par
|-singleturn|p2a: Mandibuzz|move: Roost
|
|-damage|p1a: Lunala|45/100 brn|[from] brn
|upkeep
|turn|75
|
|switch|p1a: Zekrom|Zekrom|82/100 brn
|-ability|p1a: Zekrom|Teravolt
|cant|p2a: Mandibuzz|par
|
|-heal|p1a: Zekrom|88/100 brn|[from] item: Leftovers
|-damage|p1a: Zekrom|82/100 brn|[from] brn
|upkeep
|turn|76
|
|switch|p2a: Ferrothorn|Ferrothorn, F|27/100 par
|move|p1a: Zekrom|Bolt Strike|p2a: Ferrothorn
|-resisted|p2a: Ferrothorn
|-damage|p2a: Ferrothorn|17/100 par
|-damage|p1a: Zekrom|69/100 brn|[from] ability: Iron Barbs|[of] p2a: Ferrothorn
|
|-heal|p1a: Zekrom|76/100 brn|[from] item: Leftovers
|-damage|p1a: Zekrom|69/100 brn|[from] brn
|upkeep
|turn|77
|
|move|p1a: Zekrom|Bolt Strike|p2a: Ferrothorn
|-resisted|p2a: Ferrothorn
|-damage|p2a: Ferrothorn|8/100 par
|-damage|p1a: Zekrom|57/100 brn|[from] ability: Iron Barbs|[of] p2a: Ferrothorn
|move|p2a: Ferrothorn|Leech Seed|p1a: Zekrom|[miss]
|-miss|p2a: Ferrothorn|p1a: Zekrom
|
|-heal|p1a: Zekrom|63/100 brn|[from] item: Leftovers
|-damage|p1a: Zekrom|57/100 brn|[from] brn
|upkeep
|turn|78
|
|move|p1a: Zekrom|Bolt Strike|p2a: Ferrothorn|[miss]
|-miss|p1a: Zekrom|p2a: Ferrothorn
|move|p2a: Ferrothorn|Leech Seed|p1a: Zekrom
|-start|p1a: Zekrom|move: Leech Seed
|
|-heal|p1a: Zekrom|63/100 brn|[from] item: Leftovers
|-damage|p1a: Zekrom|51/100 brn|[from] Leech Seed|[of] p2a: Ferrothorn
|-heal|p2a: Ferrothorn|23/100 par|[silent]
|-damage|p1a: Zekrom|45/100 brn|[from] brn
|upkeep
|turn|79
|
|move|p1a: Zekrom|Roost|p1a: Zekrom
|-heal|p1a: Zekrom|95/100 brn
|-singleturn|p1a: Zekrom|move: Roost
|cant|p2a: Ferrothorn|par
|
|-heal|p1a: Zekrom|100/100 brn|[from] item: Leftovers
|-damage|p1a: Zekrom|88/100 brn|[from] Leech Seed|[of] p2a: Ferrothorn
|-heal|p2a: Ferrothorn|37/100 par|[silent]
|-damage|p1a: Zekrom|82/100 brn|[from] brn
|upkeep
|turn|80
|inactive|I like Lovely has 90 seconds left.
|
|switch|p1a: Lunala|Lunala|45/100 brn
|cant|p2a: Ferrothorn|par
|
|-damage|p1a: Lunala|39/100 brn|[from] brn
|upkeep
|turn|81
|
|switch|p2a: Mandibuzz|Mandibuzz, F|52/100 par
|move|p1a: Lunala|Roost|p1a: Lunala
|-heal|p1a: Lunala|89/100 brn
|-singleturn|p1a: Lunala|move: Roost
|
|-damage|p1a: Lunala|83/100 brn|[from] brn
|upkeep
|turn|82
|
|switch|p1a: Zekrom|Zekrom|82/100 brn
|-ability|p1a: Zekrom|Teravolt
|cant|p2a: Mandibuzz|par
|
|-heal|p1a: Zekrom|88/100 brn|[from] item: Leftovers
|-damage|p1a: Zekrom|82/100 brn|[from] brn
|upkeep
|turn|83
|
|switch|p1a: Marshadow|Marshadow|50/100
|switch|p2a: Ferrothorn|Ferrothorn, F|37/100 par
|
|-heal|p1a: Marshadow|57/100|[from] item: Leftovers
|upkeep
|turn|84
|
|switch|p2a: Reshiram|Reshiram|100/100
|-ability|p2a: Reshiram|Turboblaze
|move|p1a: Marshadow|Substitute|p1a: Marshadow
|-start|p1a: Marshadow|Substitute
|-damage|p1a: Marshadow|32/100
|
|-heal|p1a: Marshadow|38/100|[from] item: Leftovers
|upkeep
|turn|85
|inactive|I like Lovely has 120 seconds left.
|
|move|p1a: Marshadow|Force Palm|p2a: Reshiram
|-damage|p2a: Reshiram|69/100
|move|p2a: Reshiram|Mystical Fire|p1a: Marshadow
|-end|p1a: Marshadow|Substitute
|
|-heal|p1a: Marshadow|44/100|[from] item: Leftovers
|upkeep
|turn|86
|inactive|I like Lovely has 120 seconds left.
|
|switch|p1a: Lunala|Lunala|83/100 brn
|move|p2a: Reshiram|Mystical Fire|p1a: Lunala
|-damage|p1a: Lunala|66/100 brn
|-unboost|p1a: Lunala|spa|1
|
|-damage|p1a: Lunala|60/100 brn|[from] brn
|upkeep
|turn|87
|
|move|p2a: Reshiram|Blue Flare|p1a: Lunala
|-damage|p1a: Lunala|31/100 brn
|move|p1a: Lunala|Roost|p1a: Lunala
|-heal|p1a: Lunala|81/100 brn
|-singleturn|p1a: Lunala|move: Roost
|
|-damage|p1a: Lunala|75/100 brn|[from] brn
|upkeep
|turn|88
|
|switch|p2a: Mandibuzz|Mandibuzz, F|52/100 par
|move|p1a: Lunala|Thunder Wave|p2a: Mandibuzz
|-fail|p2a: Mandibuzz|par
|
|-damage|p1a: Lunala|69/100 brn|[from] brn
|upkeep
|turn|89
|
|switch|p1a: Zekrom|Zekrom|82/100 brn
|-ability|p1a: Zekrom|Teravolt
|move|p2a: Mandibuzz|U-turn|p1a: Zekrom
|-damage|p1a: Zekrom|76/100 brn
|
|switch|p2a: Ferrothorn|Ferrothorn, F|37/100 par|[from]move: U-turn
|
|-heal|p1a: Zekrom|82/100 brn|[from] item: Leftovers
|-damage|p1a: Zekrom|76/100 brn|[from] brn
|upkeep
|turn|90
|
|switch|p1a: Marshadow|Marshadow|44/100
|cant|p2a: Ferrothorn|par
|
|-heal|p1a: Marshadow|50/100|[from] item: Leftovers
|upkeep
|turn|91
|
|move|p1a: Marshadow|Force Palm|p2a: Ferrothorn
|-supereffective|p2a: Ferrothorn
|-damage|p2a: Ferrothorn|0 fnt
|-damage|p1a: Marshadow|38/100|[from] ability: Iron Barbs|[of] p2a: Ferrothorn
|faint|p2a: Ferrothorn
|
|-heal|p1a: Marshadow|44/100|[from] item: Leftovers
|upkeep
|
|switch|p2a: Necrozma|Necrozma-Dusk-Mane|94/100
|turn|92
|
|switch|p1a: Lunala|Lunala|69/100 brn
|move|p2a: Necrozma|Sunsteel Strike|p1a: Lunala
|-damage|p1a: Lunala|30/100 brn
|
|-heal|p2a: Necrozma|99/100|[from] item: Leftovers
|-damage|p1a: Lunala|24/100 brn|[from] brn
|upkeep
|turn|93
|
|move|p1a: Lunala|Roost|p1a: Lunala
|-heal|p1a: Lunala|74/100 brn
|-singleturn|p1a: Lunala|move: Roost
|move|p2a: Necrozma|Swords Dance|p2a: Necrozma
|-boost|p2a: Necrozma|atk|2
|
|-heal|p2a: Necrozma|100/100|[from] item: Leftovers
|-damage|p1a: Lunala|68/100 brn|[from] brn
|upkeep
|turn|94
|
|move|p1a: Lunala|Thunder Wave|p2a: Necrozma
|-status|p2a: Necrozma|par
|move|p2a: Necrozma|Sunsteel Strike|p1a: Lunala
|-damage|p1a: Lunala|0 fnt
|faint|p1a: Lunala
|
|upkeep
|
|switch|p1a: Marshadow|Marshadow|44/100
|turn|95
|
|switch|p2a: Reshiram|Reshiram|69/100
|-ability|p2a: Reshiram|Turboblaze
|move|p1a: Marshadow|Substitute|p1a: Marshadow
|-start|p1a: Marshadow|Substitute
|-damage|p1a: Marshadow|19/100
|
|-heal|p1a: Marshadow|25/100|[from] item: Leftovers
|upkeep
|turn|96
|
|move|p1a: Marshadow|Force Palm|p2a: Reshiram
|-damage|p2a: Reshiram|40/100
|move|p2a: Reshiram|Mystical Fire|p1a: Marshadow
|-end|p1a: Marshadow|Substitute
|
|-heal|p1a: Marshadow|32/100|[from] item: Leftovers
|upkeep
|turn|97
|
|-start|p1a: Marshadow|Dynamax
|-heal|p1a: Marshadow|32/100|[silent]
|move|p1a: Marshadow|Max Phantasm|p2a: Reshiram
|-damage|p2a: Reshiram|0 fnt
|faint|p2a: Reshiram
|
|-heal|p1a: Marshadow|35/100|[from] item: Leftovers
|upkeep
|
|switch|p2a: Mandibuzz|Mandibuzz, F|52/100 par
|turn|98
|
|move|p1a: Marshadow|Max Knuckle|p2a: Mandibuzz
|-damage|p2a: Mandibuzz|29/100 par
|-boost|p1a: Marshadow|atk|1
|move|p2a: Mandibuzz|Roost|p2a: Mandibuzz
|-heal|p2a: Mandibuzz|79/100 par
|-singleturn|p2a: Mandibuzz|move: Roost
|
|-heal|p1a: Marshadow|38/100|[from] item: Leftovers
|upkeep
|turn|99
|
|move|p1a: Marshadow|Max Knuckle|p2a: Mandibuzz
|-damage|p2a: Mandibuzz|44/100 par
|-boost|p1a: Marshadow|atk|1
|move|p2a: Mandibuzz|Foul Play|p1a: Marshadow
|-crit|p1a: Marshadow
|-damage|p1a: Marshadow|0 fnt
|faint|p1a: Marshadow
|
|upkeep
|
|switch|p1a: Zekrom|Zekrom|76/100 brn
|-ability|p1a: Zekrom|Teravolt
|turn|100
|
|move|p1a: Zekrom|Bolt Strike|p2a: Mandibuzz
|-supereffective|p2a: Mandibuzz
|-damage|p2a: Mandibuzz|0 fnt
|faint|p2a: Mandibuzz
|
|-heal|p1a: Zekrom|82/100 brn|[from] item: Leftovers
|-damage|p1a: Zekrom|76/100 brn|[from] brn
|upkeep
|
|switch|p2a: Necrozma|Necrozma-Dusk-Mane|100/100 par
|turn|101
|-message|I like Lovely forfeited.
|
|win|thevengefulvadam
|l|☆I like Lovely
||Ladder (probably) updated, but score could not be retrieved (Response not received).
