|raw|<div class="broadcast-blue"><strong>This battle is required to be public due to a player having a name starting with 'ult4pdr'.</div>
|j|☆sjfjfkksjazc
|j|☆ULT4PDR Fc
|t:|1654214594
|gametype|singles
|player|p1|sjfjfkksjazc|170|1432
|player|p2|ULT4PDR Fc|#wcop2022canada|1581
|teamsize|p1|6
|teamsize|p2|6
|gen|8
|tier|[Gen 8] Ubers
|rated|
|rule|Sleep Clause Mod: Limit one foe put to sleep
|rule|Species Clause: Limit one of each Pokémon
|rule|OHKO Clause: OHKO moves are banned
|rule|Evasion Moves Clause: Evasion moves are banned
|rule|Endless Battle Clause: Forcing endless battles is banned
|rule|HP Percentage Mod: HP is shown in percentages
|rule|Dynamax Clause: You cannot dynamax
|clearpoke
|poke|p1|Calyrex-Shadow|
|poke|p1|Yveltal|
|poke|p1|Necrozma-Dusk-Mane|
|poke|p1|Groudon|
|poke|p1|Marshadow|
|poke|p1|Ferrothorn, M|
|poke|p2|Genesect|
|poke|p2|Darmanitan-Galar, M|
|poke|p2|Yveltal|
|poke|p2|Blissey, F|
|poke|p2|Kyogre|
|poke|p2|Zamazenta-*|
|teampreview
|inactive|Battle timer is ON: inactive players will automatically lose when time's up. (requested by sjfjfkksjazc)
|
|t:|1654214605
|start
|switch|p1a: Groudon|Groudon|100/100
|switch|p2a: Genesect|Genesect, shiny|100/100
|-ability|p2a: Genesect|Download|boost
|-boost|p2a: Genesect|spa|1
|-weather|SunnyDay|[from] ability: Drought|[of] p1a: Groudon
|turn|1
|j| Jojoliflor ✿
|
|t:|1654214617
|move|p2a: Genesect|U-turn|p1a: Groudon
|-damage|p1a: Groudon|73/100
|j| Steely Reso1ve
|
|t:|1654214634
|switch|p2a: Kyogre|Kyogre|100/100|[from]move: U-turn
|-weather|RainDance|[from] ability: Drizzle|[of] p2a: Kyogre
|move|p1a: Groudon|Stone Edge|p2a: Kyogre
|-damage|p2a: Kyogre|75/100
|
|-weather|RainDance|[upkeep]
|-heal|p2a: Kyogre|81/100|[from] item: Leftovers
|-heal|p1a: Groudon|79/100|[from] item: Leftovers
|upkeep
|turn|2
|
|t:|1654214651
|switch|p1a: Ferrothorn|Ferrothorn, M|100/100
|move|p2a: Kyogre|Scald|p1a: Ferrothorn
|-resisted|p1a: Ferrothorn
|-damage|p1a: Ferrothorn|83/100
|
|-weather|RainDance|[upkeep]
|-heal|p2a: Kyogre|87/100|[from] item: Leftovers
|-heal|p1a: Ferrothorn|90/100|[from] item: Leftovers
|upkeep
|turn|3
|
|t:|1654214662
|move|p2a: Kyogre|Scald|p1a: Ferrothorn
|-resisted|p1a: Ferrothorn
|-damage|p1a: Ferrothorn|72/100
|move|p1a: Ferrothorn|Leech Seed|p2a: Kyogre
|-start|p2a: Kyogre|move: Leech Seed
|
|-weather|RainDance|[upkeep]
|-heal|p2a: Kyogre|94/100|[from] item: Leftovers
|-heal|p1a: Ferrothorn|78/100|[from] item: Leftovers
|-damage|p2a: Kyogre|81/100|[from] Leech Seed|[of] p1a: Ferrothorn
|-heal|p1a: Ferrothorn|92/100|[silent]
|upkeep
|turn|4
|
|t:|1654214675
|switch|p2a: Zamazenta|Zamazenta-Crowned|100/100
|-ability|p2a: Zamazenta|Dauntless Shield|boost
|-boost|p2a: Zamazenta|def|1
|move|p1a: Ferrothorn|Knock Off|p2a: Zamazenta
|-resisted|p2a: Zamazenta
|-damage|p2a: Zamazenta|97/100
|
|-weather|RainDance|[upkeep]
|-heal|p1a: Ferrothorn|98/100|[from] item: Leftovers
|upkeep
|turn|5
|
|t:|1654214686
|move|p2a: Zamazenta|Close Combat|p1a: Ferrothorn
|-supereffective|p1a: Ferrothorn
|-damage|p1a: Ferrothorn|23/100
|-unboost|p2a: Zamazenta|def|1
|-unboost|p2a: Zamazenta|spd|1
|-damage|p2a: Zamazenta|85/100|[from] ability: Iron Barbs|[of] p1a: Ferrothorn
|move|p1a: Ferrothorn|Leech Seed|p2a: Zamazenta
|-start|p2a: Zamazenta|move: Leech Seed
|
|-weather|none
|-heal|p1a: Ferrothorn|29/100|[from] item: Leftovers
|-damage|p2a: Zamazenta|73/100|[from] Leech Seed|[of] p1a: Ferrothorn
|-heal|p1a: Ferrothorn|43/100|[silent]
|upkeep
|turn|6
|
|t:|1654214698
|switch|p2a: Genesect|Genesect, shiny|100/100
|-ability|p2a: Genesect|Download|boost
|-boost|p2a: Genesect|atk|1
|move|p1a: Ferrothorn|Protect||[still]
|-fail|p1a: Ferrothorn
|
|-heal|p1a: Ferrothorn|49/100|[from] item: Leftovers
|upkeep
|turn|7
|j| Aiyaru
|
|t:|1654214713
|switch|p1a: Groudon|Groudon|79/100
|-weather|SunnyDay|[from] ability: Drought|[of] p1a: Groudon
|move|p2a: Genesect|U-turn|p1a: Groudon
|-damage|p1a: Groudon|44/100
|
|t:|1654214718
|switch|p2a: Darmanitan|Darmanitan-Galar, M|100/100|[from]move: U-turn
|
|-weather|SunnyDay|[upkeep]
|-heal|p1a: Groudon|50/100|[from] item: Leftovers
|upkeep
|turn|8
|
|t:|1654214724
|move|p2a: Darmanitan|Flare Blitz|p1a: Groudon
|-damage|p1a: Groudon|0 fnt
|faint|p1a: Groudon
|-damage|p2a: Darmanitan|82/100|[from] Recoil
|
|-weather|SunnyDay|[upkeep]
|upkeep
|l| Aiyaru
|
|t:|1654214736
|switch|p1a: Marshadow|Marshadow|100/100
|turn|9
|
|t:|1654214741
|move|p2a: Darmanitan|Flare Blitz|p1a: Marshadow
|-damage|p1a: Marshadow|0 fnt
|faint|p1a: Marshadow
|-damage|p2a: Darmanitan|51/100|[from] Recoil
|
|-weather|SunnyDay|[upkeep]
|upkeep
|
|t:|1654214748
|switch|p1a: Yveltal|Yveltal|100/100
|-ability|p1a: Yveltal|Dark Aura
|turn|10
|
|t:|1654214767
|move|p2a: Darmanitan|Flare Blitz|p1a: Yveltal
|-damage|p1a: Yveltal|30/100
|-status|p1a: Yveltal|brn
|-damage|p2a: Darmanitan|21/100|[from] Recoil
|move|p1a: Yveltal|Knock Off|p2a: Darmanitan
|-crit|p2a: Darmanitan
|-damage|p2a: Darmanitan|0 fnt
|-enditem|p2a: Darmanitan|Choice Scarf|[from] move: Knock Off|[of] p1a: Yveltal
|faint|p2a: Darmanitan
|
|-weather|SunnyDay|[upkeep]
|-damage|p1a: Yveltal|24/100 brn|[from] brn
|upkeep
|
|t:|1654214769
|switch|p2a: Genesect|Genesect, shiny|100/100
|-ability|p2a: Genesect|Download|boost
|-boost|p2a: Genesect|atk|1
|turn|11
|
|t:|1654214771
|move|p2a: Genesect|U-turn|p1a: Yveltal
|-crit|p1a: Yveltal
|-damage|p1a: Yveltal|0 fnt
|faint|p1a: Yveltal
|
|t:|1654214777
|switch|p2a: Yveltal|Yveltal|100/100|[from]move: U-turn
|-ability|p2a: Yveltal|Dark Aura
|
|-weather|none
|upkeep
|
|t:|1654214781
|switch|p1a: Ferrothorn|Ferrothorn, M|49/100
|turn|12
|
|t:|1654214783
|switch|p2a: Zamazenta|Zamazenta-Crowned|73/100
|-ability|p2a: Zamazenta|Dauntless Shield|boost
|-boost|p2a: Zamazenta|def|1
|move|p1a: Ferrothorn|Protect||[still]
|-fail|p1a: Ferrothorn
|
|-heal|p1a: Ferrothorn|55/100|[from] item: Leftovers
|upkeep
|turn|13
|
|t:|1654214787
|move|p2a: Zamazenta|Close Combat|p1a: Ferrothorn
|-supereffective|p1a: Ferrothorn
|-damage|p1a: Ferrothorn|0 fnt
|-unboost|p2a: Zamazenta|def|1
|-unboost|p2a: Zamazenta|spd|1
|-damage|p2a: Zamazenta|60/100|[from] ability: Iron Barbs|[of] p1a: Ferrothorn
|faint|p1a: Ferrothorn
|
|upkeep
|
|t:|1654214794
|switch|p1a: Necrozma|Necrozma-Dusk-Mane|100/100
|turn|14
|
|t:|1654214798
|switch|p2a: Yveltal|Yveltal|100/100
|-ability|p2a: Yveltal|Dark Aura
|move|p1a: Necrozma|Dragon Dance|p1a: Necrozma
|-boost|p1a: Necrozma|atk|1
|-boost|p1a: Necrozma|spe|1
|
|upkeep
|turn|15
|
|t:|1654214801
|switch|p2a: Genesect|Genesect, shiny|100/100
|-ability|p2a: Genesect|Download|boost
|-boost|p2a: Genesect|spa|1
|move|p1a: Necrozma|Dragon Dance|p1a: Necrozma
|-boost|p1a: Necrozma|atk|1
|-boost|p1a: Necrozma|spe|1
|
|upkeep
|turn|16
|
|t:|1654214805
|move|p1a: Necrozma|Stone Edge|p2a: Genesect
|-damage|p2a: Genesect|0 fnt
|faint|p2a: Genesect
|
|upkeep
|
|t:|1654214807
|switch|p2a: Kyogre|Kyogre|81/100
|-weather|RainDance|[from] ability: Drizzle|[of] p2a: Kyogre
|turn|17
|
|t:|1654214813
|move|p1a: Necrozma|Earthquake|p2a: Kyogre
|-damage|p2a: Kyogre|9/100
|move|p2a: Kyogre|Roar|p1a: Necrozma
|drag|p1a: Calyrex|Calyrex-Shadow|100/100
|-ability|p1a: Calyrex|As One
|-ability|p1a: Calyrex|Unnerve
|
|-weather|RainDance|[upkeep]
|-heal|p2a: Kyogre|15/100|[from] item: Leftovers
|upkeep
|turn|18
|
|t:|1654214820
|switch|p2a: Yveltal|Yveltal|100/100
|-ability|p2a: Yveltal|Dark Aura
|move|p1a: Calyrex|Nasty Plot|p1a: Calyrex
|-boost|p1a: Calyrex|spa|2
|
|-weather|RainDance|[upkeep]
|upkeep
|turn|19
|
|t:|1654214849
|move|p1a: Calyrex|Draining Kiss|p2a: Yveltal
|-supereffective|p2a: Yveltal
|-damage|p2a: Yveltal|51/100
|move|p2a: Yveltal|Knock Off|p1a: Calyrex
|-supereffective|p1a: Calyrex
|-crit|p1a: Calyrex
|-enditem|p1a: Calyrex|Focus Sash
|-damage|p1a: Calyrex|1/100
|
|-weather|RainDance|[upkeep]
|upkeep
|turn|20
|
|t:|1654214855
|move|p1a: Calyrex|Draining Kiss|p2a: Yveltal
|-supereffective|p2a: Yveltal
|-damage|p2a: Yveltal|2/100
|-heal|p1a: Calyrex|45/100|[from] drain|[of] p2a: Yveltal
|move|p2a: Yveltal|Knock Off|p1a: Calyrex
|-supereffective|p1a: Calyrex
|-damage|p1a: Calyrex|0 fnt
|faint|p1a: Calyrex
|
|-weather|RainDance|[upkeep]
|upkeep
|
|t:|1654214859
|switch|p1a: Necrozma|Necrozma-Dusk-Mane|100/100
|turn|21
|
|t:|1654214864
|move|p2a: Yveltal|Knock Off|p1a: Necrozma
|-supereffective|p1a: Necrozma
|-damage|p1a: Necrozma|32/100
|-enditem|p1a: Necrozma|Weakness Policy
|-boost|p1a: Necrozma|atk|2|[from] item: Weakness Policy
|-boost|p1a: Necrozma|spa|2|[from] item: Weakness Policy
|move|p1a: Necrozma|Dragon Dance|p1a: Necrozma
|-boost|p1a: Necrozma|atk|1
|-boost|p1a: Necrozma|spe|1
|
|-weather|none
|upkeep
|turn|22
|
|t:|1654214867
|move|p1a: Necrozma|Sunsteel Strike|p2a: Yveltal
|-damage|p2a: Yveltal|0 fnt
|faint|p2a: Yveltal
|
|upkeep
|
|t:|1654214868
|switch|p2a: Zamazenta|Zamazenta-Crowned|60/100
|-ability|p2a: Zamazenta|Dauntless Shield|boost
|-boost|p2a: Zamazenta|def|1
|turn|23
|
|t:|1654214871
|move|p1a: Necrozma|Earthquake|p2a: Zamazenta
|-supereffective|p2a: Zamazenta
|-damage|p2a: Zamazenta|0 fnt
|faint|p2a: Zamazenta
|
|upkeep
|
|t:|1654214872
|switch|p2a: Blissey|Blissey, F|100/100
|turn|24
|
|t:|1654214874
|move|p1a: Necrozma|Sunsteel Strike|p2a: Blissey
|-damage|p2a: Blissey|0 fnt
|faint|p2a: Blissey
|
|upkeep
|-message|ULT4PDR Fc forfeited.
|
|win|sjfjfkksjazc
|raw|sjfjfkksjazc's rating: 1432 &rarr; <strong>1461</strong><br />(+29 for winning)
|raw|ULT4PDR Fc's rating: 1598 &rarr; <strong>1569</strong><br />(-29 for losing)
|l|☆ULT4PDR Fc
