|j|☆Luna's Banned now
|j|☆Ropalme1914
|player|p1|Luna's Banned now|youngcouple-gen4dp|1744
|player|p2|Ropalme1914|blackbelt|1724
|teamsize|p1|6
|teamsize|p2|6
|gametype|singles
|gen|8
|tier|[Gen 8] Ubers
|rated|
|clearpoke
|poke|p1|Mandibuzz, F|
|poke|p1|Kyurem-White|
|poke|p1|Lunala|
|poke|p1|Zacian-Crowned|
|poke|p1|Necrozma-Dusk-Mane|
|poke|p1|Eternatus|
|poke|p2|Torkoal, M|
|poke|p2|Charizard, M|
|poke|p2|Reshiram|
|poke|p2|Eternatus|
|poke|p2|Zacian-Crowned|
|poke|p2|Centiskorch, M|
|rule|Sleep Clause Mod: Limit one foe put to sleep
|rule|Species Clause: Limit one of each Pokémon
|rule|OHKO Clause: OHKO moves are banned
|rule|Evasion Moves Clause: Evasion moves are banned
|rule|Endless Battle Clause: Forcing endless battles is banned
|rule|HP Percentage Mod: HP is shown in percentages
|html|Ubers Dynamax Clause: Pokémon on the <a href="https://www.smogon.com/dex/ss/formats/uber/">Ubers Dynamax Banlist</a> cannot Dynamax.
|teampreview
|inactive|Battle timer is ON: inactive players will automatically lose when time's up. (requested by Ropalme1914)
|
|start
|switch|p1a: Eternatus|Eternatus|100/100
|switch|p2a: Torkoal|Torkoal, M|100/100
|-ability|p1a: Eternatus|Pressure
|-weather|SunnyDay|[from] ability: Drought|[of] p2a: Torkoal
|turn|1
|
|move|p1a: Eternatus|Toxic|p2a: Torkoal
|-status|p2a: Torkoal|tox
|move|p2a: Torkoal|Stealth Rock|p1a: Eternatus
|-sidestart|p1: Luna's Banned now|move: Stealth Rock
|
|-weather|SunnyDay|[upkeep]
|-damage|p2a: Torkoal|94/100 tox|[from] psn
|upkeep
|turn|2
|
|move|p1a: Eternatus|Toxic|p2a: Torkoal
|-fail|p2a: Torkoal|tox
|move|p2a: Torkoal|Explosion|p1a: Eternatus
|-damage|p1a: Eternatus|75/100
|faint|p2a: Torkoal
|
|-weather|SunnyDay|[upkeep]
|-heal|p1a: Eternatus|81/100|[from] item: Black Sludge
|upkeep
|
|switch|p2a: Charizard|Charizard, M|100/100
|turn|3
|
|-start|p2a: Charizard|Dynamax
|-formechange|p2a: Charizard|Charizard-Gmax
|-heal|p2a: Charizard|100/100|[silent]
|move|p1a: Eternatus|Toxic|p2a: Charizard
|-status|p2a: Charizard|tox
|move|p2a: Charizard|Max Airstream|p1a: Eternatus
|-damage|p1a: Eternatus|0 fnt
|-boost|p2a: Charizard|spe|1
|-damage|p2a: Charizard|96/100 tox|[from] item: Life Orb
|faint|p1a: Eternatus
|
|-weather|SunnyDay|[upkeep]
|-damage|p2a: Charizard|89/100 tox|[from] ability: Solar Power|[of] p2a: Charizard
|-damage|p2a: Charizard|86/100 tox|[from] psn
|upkeep
|
|switch|p1a: Kyurem|Kyurem-White|100/100
|-ability|p1a: Kyurem|Turboblaze
|turn|4
|
|move|p2a: Charizard|G-Max Wildfire|p1a: Kyurem
|-damage|p1a: Kyurem|0 fnt
|-sidestart|p1: Luna's Banned now|G-Max Wildfire
|-damage|p2a: Charizard|81/100 tox|[from] item: Life Orb
|faint|p1a: Kyurem
|
|-weather|SunnyDay|[upkeep]
|-damage|p2a: Charizard|75/100 tox|[from] ability: Solar Power|[of] p2a: Charizard
|-damage|p2a: Charizard|69/100 tox|[from] psn
|upkeep
|
|switch|p1a: Mandibuzz|Mandibuzz, F|100/100
|turn|5
|
|move|p2a: Charizard|G-Max Wildfire|p1a: Mandibuzz
|-damage|p1a: Mandibuzz|0 fnt
|-damage|p2a: Charizard|64/100 tox|[from] item: Life Orb
|faint|p1a: Mandibuzz
|
|-weather|SunnyDay|[upkeep]
|-damage|p2a: Charizard|58/100 tox|[from] ability: Solar Power|[of] p2a: Charizard
|-damage|p2a: Charizard|49/100 tox|[from] psn
|-end|p2a: Charizard|Dynamax
|-formechange|p2a: Charizard|Charizard
|-heal|p2a: Charizard|49/100 tox|[silent]
|upkeep
|
|switch|p1a: Lunala|Lunala|100/100
|-damage|p1a: Lunala|88/100|[from] Stealth Rock
|turn|6
|
|move|p2a: Charizard|Fire Blast|p1a: Lunala
|-damage|p1a: Lunala|0 fnt
|-damage|p2a: Charizard|39/100 tox|[from] item: Life Orb
|faint|p1a: Lunala
|
|-weather|SunnyDay|[upkeep]
|-damage|p2a: Charizard|27/100 tox|[from] ability: Solar Power|[of] p2a: Charizard
|-damage|p2a: Charizard|3/100 tox|[from] psn
|upkeep
|-message|Luna's Banned now forfeited.
|
|win|Ropalme1914
|l|☆Luna's Banned now
|raw|Luna&apos;s Banned now's rating: 1721 &rarr; <strong>1701</strong><br />(-20 for losing)
|raw|Ropalme1914's rating: 1724 &rarr; <strong>1744</strong><br />(+20 for winning)
