|j|☆Maki7メ
|j|☆Ryriss
|t:|1653600887
|gametype|singles
|player|p1|Maki7メ|pokemonbreeder-gen8|1406
|player|p2|Ryriss|hilbert|1313
|teamsize|p1|6
|teamsize|p2|6
|gen|8
|tier|[Gen 8] Ubers
|rated|
|rule|Sleep Clause Mod: Limit one foe put to sleep
|rule|Species Clause: Limit one of each Pokémon
|rule|OHKO Clause: OHKO moves are banned
|rule|Evasion Moves Clause: Evasion moves are banned
|rule|Endless Battle Clause: Forcing endless battles is banned
|rule|HP Percentage Mod: HP is shown in percentages
|rule|Dynamax Clause: You cannot dynamax
|clearpoke
|poke|p1|Groudon|
|poke|p1|Yveltal|
|poke|p1|Necrozma-Dusk-Mane|
|poke|p1|Xerneas-*|
|poke|p1|Marshadow|
|poke|p1|Calyrex-Shadow|
|poke|p2|Giratina-Origin|
|poke|p2|Groudon|
|poke|p2|Genesect|
|poke|p2|Kyurem-Black|
|poke|p2|Lugia|
|poke|p2|Yveltal|
|teampreview
|inactive|Battle timer is ON: inactive players will automatically lose when time's up. (requested by Ryriss)
|inactive|Maki7メ also wants the timer to be on.
|
|t:|1653600901
|start
|switch|p1a: Necrozma|Necrozma-Dusk-Mane|100/100
|switch|p2a: Lugia|Lugia|100/100
|-ability|p2a: Lugia|Pressure
|turn|1
|
|t:|1653600910
|move|p2a: Lugia|Safeguard|p2a: Lugia
|-sidestart|p2: Ryriss|Safeguard
|move|p1a: Necrozma|Knock Off|p2a: Lugia
|-supereffective|p2a: Lugia
|-damage|p2a: Lugia|48/100
|-enditem|p2a: Lugia|Light Clay|[from] move: Knock Off|[of] p1a: Necrozma
|
|upkeep
|turn|2
|
|t:|1653600921
|move|p2a: Lugia|Reflect|p2a: Lugia
|-sidestart|p2: Ryriss|Reflect
|move|p1a: Necrozma|Dragon Dance|p1a: Necrozma
|-boost|p1a: Necrozma|atk|1
|-boost|p1a: Necrozma|spe|1
|
|upkeep
|turn|3
|
|t:|1653600928
|switch|p2a: Yveltal|Yveltal|100/100
|-ability|p2a: Yveltal|Dark Aura
|move|p1a: Necrozma|Dragon Dance|p1a: Necrozma
|-boost|p1a: Necrozma|atk|1
|-boost|p1a: Necrozma|spe|1
|
|upkeep
|turn|4
|
|t:|1653600936
|move|p1a: Necrozma|Sunsteel Strike|p2a: Yveltal
|-damage|p2a: Yveltal|40/100
|move|p2a: Yveltal|Dark Pulse|p1a: Necrozma
|-supereffective|p1a: Necrozma
|-enditem|p1a: Necrozma|Colbur Berry|[eat]
|-enditem|p1a: Necrozma|Colbur Berry|[weaken]
|-damage|p1a: Necrozma|65/100
|
|upkeep
|turn|5
|
|t:|1653600945
|switch|p2a: Giratina|Giratina-Origin|100/100
|move|p1a: Necrozma|Sunsteel Strike|p2a: Giratina
|-damage|p2a: Giratina|54/100
|
|-sideend|p2: Ryriss|Safeguard
|upkeep
|turn|6
|
|t:|1653600954
|move|p1a: Necrozma|Sunsteel Strike|p2a: Giratina
|-damage|p2a: Giratina|8/100
|move|p2a: Giratina|Will-O-Wisp|p1a: Necrozma
|-status|p1a: Necrozma|brn
|
|-damage|p1a: Necrozma|59/100 brn|[from] brn
|-sideend|p2: Ryriss|Reflect
|upkeep
|turn|7
|
|t:|1653600966
|switch|p2a: Groudon|Groudon|100/100
|-weather|SunnyDay|[from] ability: Drought|[of] p2a: Groudon
|move|p1a: Necrozma|Knock Off|p2a: Groudon
|-damage|p2a: Groudon|75/100
|-enditem|p2a: Groudon|Heavy-Duty Boots|[from] move: Knock Off|[of] p1a: Necrozma
|
|-weather|SunnyDay|[upkeep]
|-damage|p1a: Necrozma|52/100 brn|[from] brn
|upkeep
|turn|8
|
|t:|1653600977
|move|p1a: Necrozma|Sunsteel Strike|p2a: Groudon
|-damage|p2a: Groudon|33/100
|move|p2a: Groudon|Earthquake|p1a: Necrozma
|-supereffective|p1a: Necrozma
|-damage|p1a: Necrozma|0 fnt
|faint|p1a: Necrozma
|
|-weather|SunnyDay|[upkeep]
|upkeep
|
|t:|1653600985
|switch|p1a: Yveltal|Yveltal|100/100
|-ability|p1a: Yveltal|Dark Aura
|turn|9
|
|t:|1653600991
|switch|p2a: Lugia|Lugia|48/100
|-ability|p2a: Lugia|Pressure
|move|p1a: Yveltal|Dark Pulse|p2a: Lugia
|-supereffective|p2a: Lugia
|-damage|p2a: Lugia|0 fnt
|faint|p2a: Lugia
|-damage|p1a: Yveltal|91/100|[from] item: Life Orb
|
|-weather|SunnyDay|[upkeep]
|upkeep
|
|t:|1653601003
|switch|p2a: Yveltal|Yveltal|40/100
|-ability|p2a: Yveltal|Dark Aura
|turn|10
|
|t:|1653601008
|move|p1a: Yveltal|Oblivion Wing|p2a: Yveltal
|-damage|p2a: Yveltal|0 fnt
|-heal|p1a: Yveltal|100/100|[from] drain|[of] p2a: Yveltal
|faint|p2a: Yveltal
|-damage|p1a: Yveltal|91/100|[from] item: Life Orb
|
|-weather|SunnyDay|[upkeep]
|upkeep
|
|t:|1653601018
|switch|p2a: Genesect|Genesect, shiny|100/100
|-ability|p2a: Genesect|Download|boost
|-boost|p2a: Genesect|atk|1
|turn|11
|
|t:|1653601023
|move|p1a: Yveltal|Heat Wave|p2a: Genesect
|-supereffective|p2a: Genesect
|-damage|p2a: Genesect|0 fnt
|faint|p2a: Genesect
|-damage|p1a: Yveltal|81/100|[from] item: Life Orb
|
|-weather|none
|upkeep
|
|t:|1653601031
|switch|p2a: Kyurem|Kyurem-Black|100/100
|-ability|p2a: Kyurem|Teravolt
|turn|12
|
|t:|1653601036
|move|p1a: Yveltal|Dark Pulse|p2a: Kyurem
|-damage|p2a: Kyurem|31/100
|-damage|p1a: Yveltal|71/100|[from] item: Life Orb
|move|p2a: Kyurem|Icicle Spear|p1a: Yveltal
|-supereffective|p1a: Yveltal
|-damage|p1a: Yveltal|39/100
|-supereffective|p1a: Yveltal
|-damage|p1a: Yveltal|5/100
|-supereffective|p1a: Yveltal
|-damage|p1a: Yveltal|0 fnt
|faint|p1a: Yveltal
|-hitcount|p1: Yveltal|3
|
|upkeep
|inactive|Maki7メ has 120 seconds left.
|inactive|Maki7メ has 90 seconds left.
|
|t:|1653601098
|switch|p1a: Calyrex|Calyrex-Shadow|100/100
|-ability|p1a: Calyrex|As One
|-ability|p1a: Calyrex|Unnerve
|turn|13
|l|☆Ryriss
|inactive|Ryriss disconnected and has a minute to reconnect!
|player|p2|
|inactive|Ryriss has 30 seconds to reconnect!
|inactive|Ryriss has 20 seconds to reconnect!
|j|☆Ryriss
|inactive|Ryriss reconnected and has 85 seconds left.
|player|p2|Ryriss|hilbert
|
|t:|1653601164
|move|p1a: Calyrex|Astral Barrage|p2a: Kyurem
|-damage|p2a: Kyurem|0 fnt
|faint|p2a: Kyurem
|-ability|p1a: Calyrex|Grim Neigh|boost
|-boost|p1a: Calyrex|spa|1
|
|upkeep
|
|t:|1653601172
|switch|p2a: Giratina|Giratina-Origin|8/100
|turn|14
|
|t:|1653601181
|switch|p1a: Marshadow|Marshadow|100/100
|move|p2a: Giratina|Shadow Sneak|p1a: Marshadow
|-supereffective|p1a: Marshadow
|-damage|p1a: Marshadow|40/100
|
|upkeep
|turn|15
|
|t:|1653601187
|switch|p2a: Groudon|Groudon|33/100
|-weather|SunnyDay|[from] ability: Drought|[of] p2a: Groudon
|move|p1a: Marshadow|Shadow Sneak|p2a: Groudon
|-damage|p2a: Groudon|14/100
|
|-weather|SunnyDay|[upkeep]
|upkeep
|turn|16
|-message|Ryriss forfeited.
|
|win|Maki7メ
|raw|Maki7メ's rating: 1406 &rarr; <strong>1421</strong><br />(+15 for winning)
|raw|Ryriss's rating: 1313 &rarr; <strong>1298</strong><br />(-15 for losing)
|l|☆Ryriss
||Ladder isn't responding, score probably updated but might not have (Request timeout).
