|j|☆Hoennseptile
|j|☆bald ben
|t:|1652260100
|gametype|singles
|player|p1|Hoennseptile|lance-gen2|
|player|p2|bald ben|lucas|
|teamsize|p1|6
|teamsize|p2|6
|gen|8
|tier|[Gen 8] Ubers
|rated|Tournament battle
|rule|Sleep Clause Mod: Limit one foe put to sleep
|rule|Species Clause: Limit one of each Pokémon
|rule|OHKO Clause: OHKO moves are banned
|rule|Evasion Moves Clause: Evasion moves are banned
|rule|Endless Battle Clause: Forcing endless battles is banned
|rule|HP Percentage Mod: HP is shown in percentages
|rule|Dynamax Clause: You cannot dynamax
|clearpoke
|poke|p1|Groudon|
|poke|p1|Ho-Oh|
|poke|p1|Yveltal|
|poke|p1|Eternatus|
|poke|p1|Necrozma-Dusk-Mane|
|poke|p1|Landorus-Therian, M|
|poke|p2|Zamazenta-*|
|poke|p2|Kyogre|
|poke|p2|Yveltal|
|poke|p2|Eternatus|
|poke|p2|Necrozma-Dusk-Mane|
|poke|p2|Shuckle, F|
|teampreview
|inactive|Battle timer is ON: inactive players will automatically lose when time's up. (requested by bald ben)
|c|☆bald ben|lol
|c|☆Hoennseptile|Hf capt
|c|☆bald ben|hfhf
|
|t:|1652260114
|start
|switch|p1a: Groudon|Groudon|100/100
|switch|p2a: Kyogre|Kyogre|100/100
|-weather|RainDance|[from] ability: Drizzle|[of] p2a: Kyogre
|-weather|SunnyDay|[from] ability: Drought|[of] p1a: Groudon
|turn|1
|
|t:|1652260121
|switch|p1a: Eternatus|Eternatus|100/100
|-ability|p1a: Eternatus|Pressure
|move|p2a: Kyogre|Ice Beam|p1a: Eternatus
|-supereffective|p1a: Eternatus
|-damage|p1a: Eternatus|31/100
|
|-weather|SunnyDay|[upkeep]
|upkeep
|turn|2
|
|t:|1652260129
|switch|p1a: Ho-Oh|Ho-Oh|100/100
|switch|p2a: Shuckle|Shuckle, F|100/100
|
|-weather|SunnyDay|[upkeep]
|upkeep
|turn|3
|
|t:|1652260134
|move|p1a: Ho-Oh|Sacred Fire|p2a: Shuckle
|-damage|p2a: Shuckle|60/100
|move|p2a: Shuckle|Toxic|p1a: Ho-Oh
|-status|p1a: Ho-Oh|tox
|
|-weather|SunnyDay|[upkeep]
|-damage|p1a: Ho-Oh|94/100 tox|[from] psn
|upkeep
|turn|4
|
|t:|1652260142
|switch|p1a: Necrozma|Necrozma-Dusk-Mane|100/100
|move|p2a: Shuckle|Sticky Web|p1a: Necrozma
|-sidestart|p1: Hoennseptile|move: Sticky Web
|
|-weather|SunnyDay|[upkeep]
|upkeep
|turn|5
|
|t:|1652260147
|switch|p2a: Kyogre|Kyogre|100/100
|-weather|RainDance|[from] ability: Drizzle|[of] p2a: Kyogre
|move|p1a: Necrozma|Dragon Dance|p1a: Necrozma
|-boost|p1a: Necrozma|atk|1
|-boost|p1a: Necrozma|spe|1
|
|-weather|RainDance|[upkeep]
|upkeep
|turn|6
|
|t:|1652260153
|move|p1a: Necrozma|Earthquake|p2a: Kyogre
|-damage|p2a: Kyogre|41/100
|move|p2a: Kyogre|Surf|p1a: Necrozma
|-damage|p1a: Necrozma|17/100
|
|-weather|RainDance|[upkeep]
|-heal|p1a: Necrozma|23/100|[from] item: Leftovers
|upkeep
|turn|7
|
|t:|1652260178
|move|p1a: Necrozma|Moonlight|p1a: Necrozma
|-heal|p1a: Necrozma|47/100
|move|p2a: Kyogre|Surf|p1a: Necrozma
|-damage|p1a: Necrozma|0 fnt
|faint|p1a: Necrozma
|
|-weather|RainDance|[upkeep]
|upkeep
|
|t:|1652260185
|switch|p1a: Eternatus|Eternatus|31/100
|-ability|p1a: Eternatus|Pressure
|turn|8
|
|t:|1652260193
|switch|p2a: Necrozma|Necrozma-Dusk-Mane|100/100
|move|p1a: Eternatus|Recover|p1a: Eternatus
|-heal|p1a: Eternatus|81/100
|
|-weather|RainDance|[upkeep]
|upkeep
|turn|9
|
|t:|1652260196
|switch|p1a: Landorus|Landorus-Therian, M|100/100
|-ability|p1a: Landorus|Intimidate|boost
|-unboost|p2a: Necrozma|atk|1
|move|p2a: Necrozma|Knock Off|p1a: Landorus
|-damage|p1a: Landorus|86/100
|-enditem|p1a: Landorus|Leftovers|[from] move: Knock Off|[of] p2a: Necrozma
|
|-weather|none
|upkeep
|turn|10
|j|#Pohjis
|
|t:|1652260205
|switch|p2a: Shuckle|Shuckle, F|60/100
|move|p1a: Landorus|Stealth Rock|p2a: Shuckle
|-sidestart|p2: bald ben|move: Stealth Rock
|
|upkeep
|turn|11
|
|t:|1652260209
|move|p1a: Landorus|U-turn|p2a: Shuckle
|-damage|p2a: Shuckle|47/100
|
|t:|1652260215
|switch|p1a: Eternatus|Eternatus|81/100|[from]move: U-turn
|-ability|p1a: Eternatus|Pressure
|move|p2a: Shuckle|Stealth Rock|p1a: Eternatus
|-sidestart|p1: Hoennseptile|move: Stealth Rock
|
|upkeep
|turn|12
|
|t:|1652260218
|move|p1a: Eternatus|Dynamax Cannon|p2a: Shuckle
|-damage|p2a: Shuckle|16/100
|move|p2a: Shuckle|Encore||[still]
|-fail|p2a: Shuckle
|
|upkeep
|turn|13
|c|☆bald ben|what
|c|☆Hoennseptile|?
|c|☆bald ben|why
|c|☆Hoennseptile|What happened
|c|☆Hoennseptile|Yeah i know
|c|☆Hoennseptile|What
|c|☆bald ben|idk
|c|☆Hoennseptile|How did it fail
|c|☆bald ben|umm
|inactive|Hoennseptile has 120 seconds left.
|inactive|bald ben has 120 seconds left.
|c|☆bald ben|save the rep i guess
|c|☆bald ben|anyway
|
|t:|1652260263
|move|p1a: Eternatus|Flamethrower|p2a: Shuckle
|-damage|p2a: Shuckle|0 fnt
|faint|p2a: Shuckle
|
|upkeep
|c|☆Hoennseptile|alright
|
|t:|1652260267
|switch|p2a: Necrozma|Necrozma-Dusk-Mane|100/100
|-damage|p2a: Necrozma|94/100|[from] Stealth Rock
|turn|14
|
|t:|1652260278
|switch|p1a: Landorus|Landorus-Therian, M|86/100
|-damage|p1a: Landorus|74/100|[from] Stealth Rock
|-ability|p1a: Landorus|Intimidate|boost
|-unboost|p2a: Necrozma|atk|1
|switch|p2a: Kyogre|Kyogre|41/100
|-damage|p2a: Kyogre|29/100|[from] Stealth Rock
|-weather|RainDance|[from] ability: Drizzle|[of] p2a: Kyogre
|
|-weather|RainDance|[upkeep]
|upkeep
|turn|15
|
|t:|1652260287
|switch|p1a: Eternatus|Eternatus|81/100
|-ability|p1a: Eternatus|Pressure
|move|p2a: Kyogre|Ice Beam|p1a: Eternatus
|-supereffective|p1a: Eternatus
|-damage|p1a: Eternatus|16/100
|
|-weather|RainDance|[upkeep]
|upkeep
|turn|16
|
|t:|1652260292
|move|p1a: Eternatus|Dynamax Cannon|p2a: Kyogre
|-damage|p2a: Kyogre|0 fnt
|faint|p2a: Kyogre
|
|-weather|RainDance|[upkeep]
|upkeep
|
|t:|1652260295
|switch|p2a: Zamazenta|Zamazenta-Crowned|100/100
|-damage|p2a: Zamazenta|97/100|[from] Stealth Rock
|-ability|p2a: Zamazenta|Dauntless Shield|boost
|-boost|p2a: Zamazenta|def|1
|turn|17
|
|t:|1652260299
|switch|p1a: Ho-Oh|Ho-Oh|100/100 tox
|move|p2a: Zamazenta|Behemoth Bash|p1a: Ho-Oh
|-resisted|p1a: Ho-Oh
|-damage|p1a: Ho-Oh|75/100 tox
|
|-weather|RainDance|[upkeep]
|-damage|p1a: Ho-Oh|69/100 tox|[from] psn
|upkeep
|turn|18
|
|t:|1652260304
|move|p2a: Zamazenta|Howl|p2a: Zamazenta
|-boost|p2a: Zamazenta|atk|1
|move|p1a: Ho-Oh|Thunder Wave|p2a: Zamazenta|[miss]
|-miss|p1a: Ho-Oh|p2a: Zamazenta
|
|-weather|none
|-damage|p1a: Ho-Oh|56/100 tox|[from] psn
|upkeep
|turn|19
|
|t:|1652260309
|move|p2a: Zamazenta|Howl|p2a: Zamazenta
|-boost|p2a: Zamazenta|atk|1
|move|p1a: Ho-Oh|Thunder Wave|p2a: Zamazenta|[miss]
|-miss|p1a: Ho-Oh|p2a: Zamazenta
|
|-damage|p1a: Ho-Oh|38/100 tox|[from] psn
|upkeep
|turn|20
|
|t:|1652260314
|switch|p1a: Landorus|Landorus-Therian, M|74/100
|-damage|p1a: Landorus|61/100|[from] Stealth Rock
|-ability|p1a: Landorus|Intimidate|boost
|-unboost|p2a: Zamazenta|atk|1
|move|p2a: Zamazenta|Close Combat|p1a: Landorus
|-resisted|p1a: Landorus
|-crit|p1a: Landorus
|-damage|p1a: Landorus|7/100
|-unboost|p2a: Zamazenta|def|1
|-unboost|p2a: Zamazenta|spd|1
|
|upkeep
|turn|21
|
|t:|1652260320
|move|p2a: Zamazenta|Behemoth Bash|p1a: Landorus
|-damage|p1a: Landorus|0 fnt
|faint|p1a: Landorus
|
|upkeep
|
|t:|1652260322
|switch|p1a: Ho-Oh|Ho-Oh|71/100 tox
|turn|22
|
|t:|1652260325
|switch|p2a: Eternatus|Eternatus|100/100
|-damage|p2a: Eternatus|88/100|[from] Stealth Rock
|-ability|p2a: Eternatus|Pressure
|move|p1a: Ho-Oh|Sacred Fire|p2a: Eternatus
|-resisted|p2a: Eternatus
|-damage|p2a: Eternatus|69/100
|-status|p2a: Eternatus|brn
|
|-damage|p1a: Ho-Oh|64/100 tox|[from] psn
|-damage|p2a: Eternatus|63/100 brn|[from] brn
|upkeep
|turn|23
|
|t:|1652260336
|switch|p1a: Yveltal|Yveltal|100/100
|-ability|p1a: Yveltal|Dark Aura
|move|p2a: Eternatus|Cosmic Power|p2a: Eternatus
|-boost|p2a: Eternatus|def|1
|-boost|p2a: Eternatus|spd|1
|
|-damage|p2a: Eternatus|57/100 brn|[from] brn
|upkeep
|turn|24
|
|t:|1652260340
|move|p2a: Eternatus|Meteor Beam||[still]
|-prepare|p2a: Eternatus|Meteor Beam
|-boost|p2a: Eternatus|spa|1
|-enditem|p2a: Eternatus|Power Herb
|-anim|p2a: Eternatus|Meteor Beam|p1a: Yveltal
|-supereffective|p1a: Yveltal
|-damage|p1a: Yveltal|42/100
|move|p1a: Yveltal|Defog|p2a: Eternatus
|-unboost|p2a: Eternatus|evasion|1
|-sideend|p2: bald ben|Stealth Rock|[from] move: Defog|[of] p1a: Yveltal
|-sideend|p1: Hoennseptile|Stealth Rock|[from] move: Defog|[of] p1a: Yveltal
|-sideend|p1: Hoennseptile|Sticky Web|[from] move: Defog|[of] p1a: Yveltal
|
|-damage|p2a: Eternatus|51/100 brn|[from] brn
|upkeep
|turn|25
|
|t:|1652260345
|move|p2a: Eternatus|Recover|p2a: Eternatus
|-heal|p2a: Eternatus|100/100 brn
|move|p1a: Yveltal|Roost|p1a: Yveltal
|-heal|p1a: Yveltal|92/100
|-singleturn|p1a: Yveltal|move: Roost
|
|-damage|p2a: Eternatus|94/100 brn|[from] brn
|upkeep
|turn|26
|
|t:|1652260349
|switch|p1a: Groudon|Groudon|100/100
|-weather|SunnyDay|[from] ability: Drought|[of] p1a: Groudon
|move|p2a: Eternatus|Cosmic Power|p2a: Eternatus
|-boost|p2a: Eternatus|def|1
|-boost|p2a: Eternatus|spd|1
|
|-weather|SunnyDay|[upkeep]
|-damage|p2a: Eternatus|88/100 brn|[from] brn
|upkeep
|turn|27
|
|t:|1652260354
|move|p2a: Eternatus|Dragon Pulse|p1a: Groudon
|-damage|p1a: Groudon|47/100
|move|p1a: Groudon|Swords Dance|p1a: Groudon
|-boost|p1a: Groudon|atk|2
|
|-weather|SunnyDay|[upkeep]
|-heal|p1a: Groudon|53/100|[from] item: Leftovers
|-damage|p2a: Eternatus|82/100 brn|[from] brn
|upkeep
|turn|28
|
|t:|1652260359
|move|p2a: Eternatus|Dragon Pulse|p1a: Groudon
|-damage|p1a: Groudon|1/100
|move|p1a: Groudon|Precipice Blades|p2a: Eternatus
|-supereffective|p2a: Eternatus
|-damage|p2a: Eternatus|0 fnt
|faint|p2a: Eternatus
|
|-weather|SunnyDay|[upkeep]
|-heal|p1a: Groudon|7/100|[from] item: Leftovers
|upkeep
|
|t:|1652260362
|switch|p2a: Zamazenta|Zamazenta-Crowned|97/100
|-ability|p2a: Zamazenta|Dauntless Shield|boost
|-boost|p2a: Zamazenta|def|1
|turn|29
|
|t:|1652260366
|move|p2a: Zamazenta|Behemoth Bash|p1a: Groudon
|-damage|p1a: Groudon|0 fnt
|faint|p1a: Groudon
|
|-weather|SunnyDay|[upkeep]
|upkeep
|
|t:|1652260368
|switch|p1a: Ho-Oh|Ho-Oh|98/100 tox
|turn|30
|
|t:|1652260376
|switch|p2a: Yveltal|Yveltal|100/100
|-ability|p2a: Yveltal|Dark Aura
|move|p1a: Ho-Oh|Sacred Fire|p2a: Yveltal
|-crit|p2a: Yveltal
|-damage|p2a: Yveltal|0 fnt
|faint|p2a: Yveltal
|
|-weather|none
|-damage|p1a: Ho-Oh|91/100 tox|[from] psn
|upkeep
|
|t:|1652260383
|switch|p2a: Necrozma|Necrozma-Dusk-Mane|94/100
|turn|31
|
|t:|1652260388
|move|p1a: Ho-Oh|Sacred Fire|p2a: Necrozma
|-supereffective|p2a: Necrozma
|-damage|p2a: Necrozma|48/100
|move|p2a: Necrozma|Dragon Dance|p2a: Necrozma
|-boost|p2a: Necrozma|atk|1
|-boost|p2a: Necrozma|spe|1
|
|-heal|p2a: Necrozma|54/100|[from] item: Leftovers
|-damage|p1a: Ho-Oh|79/100 tox|[from] psn
|upkeep
|turn|32
|
|t:|1652260394
|move|p2a: Necrozma|Morning Sun|p2a: Necrozma
|-heal|p2a: Necrozma|100/100
|move|p1a: Ho-Oh|Sacred Fire|p2a: Necrozma
|-supereffective|p2a: Necrozma
|-crit|p2a: Necrozma
|-damage|p2a: Necrozma|21/100
|-status|p2a: Necrozma|brn
|
|-heal|p2a: Necrozma|27/100 brn|[from] item: Leftovers
|-damage|p1a: Ho-Oh|60/100 tox|[from] psn
|-damage|p2a: Necrozma|21/100 brn|[from] brn
|upkeep
|turn|33
|
|t:|1652260402
|switch|p1a: Yveltal|Yveltal|92/100
|-ability|p1a: Yveltal|Dark Aura
|move|p2a: Necrozma|Morning Sun|p2a: Necrozma
|-heal|p2a: Necrozma|71/100 brn
|
|-heal|p2a: Necrozma|77/100 brn|[from] item: Leftovers
|-damage|p2a: Necrozma|71/100 brn|[from] brn
|upkeep
|turn|34
|j| KingNtothePart1
|
|t:|1652260411
|switch|p2a: Zamazenta|Zamazenta-Crowned|97/100
|-ability|p2a: Zamazenta|Dauntless Shield|boost
|-boost|p2a: Zamazenta|def|1
|move|p1a: Yveltal|Knock Off|p2a: Zamazenta
|-resisted|p2a: Zamazenta
|-damage|p2a: Zamazenta|87/100
|
|upkeep
|turn|35
|
|t:|1652260416
|switch|p1a: Ho-Oh|Ho-Oh|93/100 tox
|move|p2a: Zamazenta|Howl|p2a: Zamazenta
|-boost|p2a: Zamazenta|atk|1
|
|-damage|p1a: Ho-Oh|87/100 tox|[from] psn
|upkeep
|turn|36
|
|t:|1652260421
|switch|p2a: Necrozma|Necrozma-Dusk-Mane|71/100 brn
|move|p1a: Ho-Oh|Sacred Fire|p2a: Necrozma|[miss]
|-miss|p1a: Ho-Oh|p2a: Necrozma
|
|-heal|p2a: Necrozma|77/100 brn|[from] item: Leftovers
|-damage|p1a: Ho-Oh|75/100 tox|[from] psn
|-damage|p2a: Necrozma|71/100 brn|[from] brn
|upkeep
|turn|37
|
|t:|1652260426
|switch|p1a: Eternatus|Eternatus|16/100
|-ability|p1a: Eternatus|Pressure
|switch|p2a: Zamazenta|Zamazenta-Crowned|87/100
|-ability|p2a: Zamazenta|Dauntless Shield|boost
|-boost|p2a: Zamazenta|def|1
|
|upkeep
|turn|38
|
|t:|1652260430
|switch|p1a: Ho-Oh|Ho-Oh|100/100 tox
|move|p2a: Zamazenta|Behemoth Bash|p1a: Ho-Oh
|-resisted|p1a: Ho-Oh
|-damage|p1a: Ho-Oh|77/100 tox
|
|-damage|p1a: Ho-Oh|70/100 tox|[from] psn
|upkeep
|turn|39
|l| KingNtothePart1
|
|t:|1652260434
|move|p2a: Zamazenta|Howl|p2a: Zamazenta
|-boost|p2a: Zamazenta|atk|1
|move|p1a: Ho-Oh|Brave Bird|p2a: Zamazenta
|-crit|p2a: Zamazenta
|-damage|p2a: Zamazenta|23/100
|-damage|p1a: Ho-Oh|54/100 tox|[from] Recoil
|
|-damage|p1a: Ho-Oh|41/100 tox|[from] psn
|upkeep
|turn|40
|c|☆bald ben|:(
|c|☆Hoennseptile|ah
|c|☆Hoennseptile|Sorry
|c|☆bald ben|crit on zama is much hurt
|inactive|bald ben has 120 seconds left.
|c|☆bald ben|like 2 x damage
|c|☆Hoennseptile|Your def boost
|c|☆Hoennseptile|Was ignored
|c|☆bald ben|yes thats why it is like 2x
|c|☆bald ben|instead of 1.5
|inactive|bald ben has 90 seconds left.
|
|t:|1652260496
|switch|p1a: Eternatus|Eternatus|16/100
|-ability|p1a: Eternatus|Pressure
|move|p2a: Zamazenta|Close Combat|p1a: Eternatus
|-resisted|p1a: Eternatus
|-damage|p1a: Eternatus|0 fnt
|-unboost|p2a: Zamazenta|def|1
|-unboost|p2a: Zamazenta|spd|1
|faint|p1a: Eternatus
|
|upkeep
|
|t:|1652260498
|switch|p1a: Ho-Oh|Ho-Oh|75/100 tox
|turn|41
|
|t:|1652260505
|switch|p2a: Necrozma|Necrozma-Dusk-Mane|71/100 brn
|move|p1a: Ho-Oh|Brave Bird|p2a: Necrozma
|-resisted|p2a: Necrozma
|-damage|p2a: Necrozma|52/100 brn
|-damage|p1a: Ho-Oh|69/100 tox|[from] Recoil
|
|-heal|p2a: Necrozma|58/100 brn|[from] item: Leftovers
|-damage|p1a: Ho-Oh|62/100 tox|[from] psn
|-damage|p2a: Necrozma|52/100 brn|[from] brn
|upkeep
|turn|42
|
|t:|1652260511
|switch|p1a: Yveltal|Yveltal|92/100
|-ability|p1a: Yveltal|Dark Aura
|move|p2a: Necrozma|Morning Sun|p2a: Necrozma
|-heal|p2a: Necrozma|100/100 brn
|
|-damage|p2a: Necrozma|94/100 brn|[from] brn
|upkeep
|turn|43
|
|t:|1652260516
|switch|p2a: Zamazenta|Zamazenta-Crowned|23/100
|-ability|p2a: Zamazenta|Dauntless Shield|boost
|-boost|p2a: Zamazenta|def|1
|move|p1a: Yveltal|Knock Off|p2a: Zamazenta
|-resisted|p2a: Zamazenta
|-crit|p2a: Zamazenta
|-damage|p2a: Zamazenta|3/100
|
|upkeep
|turn|44
|c|☆Hoennseptile|lol
|c|☆Hoennseptile|Sorry
|c|☆bald ben|nw
|
|t:|1652260530
|switch|p1a: Ho-Oh|Ho-Oh|95/100 tox
|move|p2a: Zamazenta|Close Combat|p1a: Ho-Oh
|-resisted|p1a: Ho-Oh
|-crit|p1a: Ho-Oh
|-damage|p1a: Ho-Oh|49/100 tox
|-unboost|p2a: Zamazenta|def|1
|-unboost|p2a: Zamazenta|spd|1
|
|-damage|p1a: Ho-Oh|42/100 tox|[from] psn
|upkeep
|turn|45
|
|t:|1652260534
|move|p2a: Zamazenta|Close Combat|p1a: Ho-Oh
|-resisted|p1a: Ho-Oh
|-damage|p1a: Ho-Oh|13/100 tox
|-unboost|p2a: Zamazenta|def|1
|-unboost|p2a: Zamazenta|spd|1
|move|p1a: Ho-Oh|Brave Bird|p2a: Zamazenta
|-damage|p2a: Zamazenta|0 fnt
|faint|p2a: Zamazenta
|-damage|p1a: Ho-Oh|13/100 tox|[from] Recoil
|
|-damage|p1a: Ho-Oh|0 fnt|[from] psn
|faint|p1a: Ho-Oh
|upkeep
|
|t:|1652260540
|switch|p2a: Necrozma|Necrozma-Dusk-Mane|94/100 brn
|switch|p1a: Yveltal|Yveltal|92/100
|-ability|p1a: Yveltal|Dark Aura
|turn|46
|
|t:|1652260543
|move|p1a: Yveltal|Knock Off|p2a: Necrozma
|-supereffective|p2a: Necrozma
|-damage|p2a: Necrozma|33/100 brn
|-enditem|p2a: Necrozma|Leftovers|[from] move: Knock Off|[of] p1a: Yveltal
|move|p2a: Necrozma|Dragon Dance|p2a: Necrozma
|-boost|p2a: Necrozma|atk|1
|-boost|p2a: Necrozma|spe|1
|
|-damage|p2a: Necrozma|26/100 brn|[from] brn
|upkeep
|turn|47
|
|t:|1652260549
|move|p2a: Necrozma|Sunsteel Strike|p1a: Yveltal
|-damage|p1a: Yveltal|60/100
|move|p1a: Yveltal|Knock Off|p2a: Necrozma
|-supereffective|p2a: Necrozma
|-damage|p2a: Necrozma|0 fnt
|faint|p2a: Necrozma
|
|win|Hoennseptile
|n|☆Hoennseptile|hoennseptile
|n|☆bald ben|baldben
|n|+Pohjis|pohjis
|c|☆Hoennseptile|gg sry for crit
|c|☆bald ben|why was that encore fail anyway
|c|☆bald ben|i am really bad luck , roll on the don and those crit
|l|☆Hoennseptile
