|j|☆Vukalo
|j|☆G-Luke
|player|p1|Vukalo|clair|1256
|player|p2|G-Luke|battlegirl-gen4|1226
|teamsize|p1|6
|teamsize|p2|6
|gametype|singles
|gen|8
|tier|[Gen 8] Ubers
|rated|
|rule|Sleep Clause Mod: Limit one foe put to sleep
|rule|Species Clause: Limit one of each Pokémon
|rule|OHKO Clause: OHKO moves are banned
|rule|Moody Clause: Moody is banned
|rule|Evasion Moves Clause: Evasion moves are banned
|rule|Endless Battle Clause: Forcing endless battles is banned
|rule|HP Percentage Mod: HP is shown in percentages
|clearpoke
|poke|p1|Zacian-Crowned|item
|poke|p1|Eternatus|item
|poke|p1|Excadrill, M|item
|poke|p1|Sableye, F|item
|poke|p1|Centiskorch, F|item
|poke|p1|Zamazenta-Crowned|item
|poke|p2|Zacian-Crowned|item
|poke|p2|Eternatus|item
|poke|p2|Corviknight, F|item
|poke|p2|Runerigus, M|item
|poke|p2|Gyarados, F|item
|poke|p2|Ditto|item
|teampreview
|
|start
|switch|p1a: Sableye|Sableye, F|100/100
|switch|p2a: Eternatus|Eternatus|100/100
|-ability|p2a: Eternatus|Pressure
|turn|1
|
|switch|p1a: Zacian|Zacian-Crowned|100/100
|-ability|p1a: Zacian|Intrepid Sword|boost
|-boost|p1a: Zacian|atk|1
|move|p2a: Eternatus|Flamethrower|p1a: Zacian
|-supereffective|p1a: Zacian
|-damage|p1a: Zacian|43/100
|
|upkeep
|turn|2
|
|switch|p2a: Runerigus|Runerigus, M|100/100
|move|p1a: Zacian|Play Rough|p2a: Runerigus
|-damage|p2a: Runerigus|46/100
|-activate|p1a: Zacian|ability: Wandering Spirit|Wandering Spirit|Intrepid Sword|[of] p2a: Runerigus
|
|-heal|p2a: Runerigus|52/100|[from] item: Leftovers
|upkeep
|turn|3
|
|move|p1a: Zacian|Play Rough|p2a: Runerigus
|-damage|p2a: Runerigus|0 fnt
|faint|p2a: Runerigus
|
|upkeep
|
|switch|p2a: Ditto|Ditto|100/100
|-transform|p2a: Ditto|p1a: Zacian|[from] ability: Imposter
|turn|4
|
|switch|p1a: Centiskorch|Centiskorch, F|100/100
|move|p2a: Ditto|Close Combat|p1a: Centiskorch
|-resisted|p1a: Centiskorch
|-damage|p1a: Centiskorch|66/100
|-status|p2a: Ditto|brn|[from] ability: Flame Body|[of] p1a: Centiskorch
|-unboost|p2a: Ditto|def|1
|-unboost|p2a: Ditto|spd|1
|
|-damage|p2a: Ditto|94/100 brn|[from] brn
|upkeep
|turn|5
|
|switch|p2a: Eternatus|Eternatus|100/100
|-ability|p2a: Eternatus|Pressure
|move|p1a: Centiskorch|Knock Off|p2a: Eternatus
|-damage|p2a: Eternatus|82/100
|-enditem|p2a: Eternatus|Black Sludge|[from] move: Knock Off|[of] p1a: Centiskorch
|
|upkeep
|turn|6
|
|switch|p1a: Zamazenta|Zamazenta-Crowned|100/100
|-ability|p1a: Zamazenta|Dauntless Shield|boost
|-boost|p1a: Zamazenta|def|1
|move|p2a: Eternatus|Flamethrower|p1a: Zamazenta
|-supereffective|p1a: Zamazenta
|-damage|p1a: Zamazenta|62/100
|
|upkeep
|turn|7
|
|switch|p2a: Corviknight|Corviknight, F|100/100
|move|p1a: Zamazenta|Light Screen|p1a: Zamazenta
|-sidestart|p1: Vukalo|move: Light Screen
|
|upkeep
|turn|8
|
|switch|p1a: Sableye|Sableye, F|100/100
|move|p2a: Corviknight|Defog|p1a: Sableye
|-unboost|p1a: Sableye|evasion|1
|-sideend|p1: Vukalo|move: Light Screen
|
|upkeep
|turn|9
|
|switch|p2a: Eternatus|Eternatus|82/100
|-ability|p2a: Eternatus|Pressure
|move|p1a: Sableye|Will-O-Wisp|p2a: Eternatus|[miss]
|-miss|p1a: Sableye|p2a: Eternatus
|
|upkeep
|turn|10
|
|switch|p1a: Eternatus|Eternatus|100/100
|-ability|p1a: Eternatus|Pressure
|move|p2a: Eternatus|Dynamax Cannon|p1a: Eternatus
|-supereffective|p1a: Eternatus
|-damage|p1a: Eternatus|17/100
|
|upkeep
|turn|11
|
|move|p2a: Eternatus|Dynamax Cannon|p1a: Eternatus
|-supereffective|p1a: Eternatus
|-damage|p1a: Eternatus|0 fnt
|faint|p1a: Eternatus
|
|upkeep
|
|switch|p1a: Zacian|Zacian-Crowned|43/100
|-ability|p1a: Zacian|Intrepid Sword|boost
|-boost|p1a: Zacian|atk|1
|turn|12
|
|move|p1a: Zacian|Play Rough|p2a: Eternatus
|-damage|p2a: Eternatus|17/100
|move|p2a: Eternatus|Flamethrower|p1a: Zacian
|-supereffective|p1a: Zacian
|-damage|p1a: Zacian|0 fnt
|faint|p1a: Zacian
|
|upkeep
|
|switch|p1a: Zamazenta|Zamazenta-Crowned|62/100
|-ability|p1a: Zamazenta|Dauntless Shield|boost
|-boost|p1a: Zamazenta|def|1
|turn|13
|
|move|p2a: Eternatus|Recover|p2a: Eternatus
|-heal|p2a: Eternatus|67/100
|move|p1a: Zamazenta|Behemoth Bash|p2a: Eternatus
|-damage|p2a: Eternatus|35/100
|
|upkeep
|turn|14
|
|move|p2a: Eternatus|Recover|p2a: Eternatus
|-heal|p2a: Eternatus|85/100
|move|p1a: Zamazenta|Light Screen|p1a: Zamazenta
|-sidestart|p1: Vukalo|move: Light Screen
|
|upkeep
|turn|15
|
|move|p2a: Eternatus|Flamethrower|p1a: Zamazenta
|-supereffective|p1a: Zamazenta
|-damage|p1a: Zamazenta|43/100
|move|p1a: Zamazenta|Behemoth Bash|p2a: Eternatus
|-damage|p2a: Eternatus|53/100
|
|upkeep
|turn|16
|
|move|p2a: Eternatus|Recover|p2a: Eternatus
|-heal|p2a: Eternatus|100/100
|move|p1a: Zamazenta|Reflect|p1a: Zamazenta
|-sidestart|p1: Vukalo|Reflect
|
|upkeep
|turn|17
|
|move|p2a: Eternatus|Flamethrower|p1a: Zamazenta
|-supereffective|p1a: Zamazenta
|-damage|p1a: Zamazenta|26/100
|move|p1a: Zamazenta|Behemoth Bash|p2a: Eternatus
|-damage|p2a: Eternatus|68/100
|
|upkeep
|turn|18
|
|move|p2a: Eternatus|Recover|p2a: Eternatus
|-heal|p2a: Eternatus|100/100
|move|p1a: Zamazenta|Behemoth Bash|p2a: Eternatus
|-damage|p2a: Eternatus|67/100
|
|-sideend|p1: Vukalo|move: Light Screen
|upkeep
|turn|19
|
|switch|p2a: Corviknight|Corviknight, F|100/100
|move|p1a: Zamazenta|Close Combat|p2a: Corviknight
|-damage|p2a: Corviknight|69/100
|-unboost|p1a: Zamazenta|def|1
|-unboost|p1a: Zamazenta|spd|1
|
|-heal|p2a: Corviknight|75/100|[from] item: Leftovers
|upkeep
|turn|20
|inactive|Battle timer is ON: inactive players will automatically lose when time's up. (requested by Vukalo)
|
|switch|p1a: Sableye|Sableye, F|100/100
|move|p2a: Corviknight|Roost|p2a: Corviknight
|-heal|p2a: Corviknight|100/100
|-singleturn|p2a: Corviknight|move: Roost
|
|-sideend|p1: Vukalo|Reflect
|upkeep
|turn|21
|
|move|p1a: Sableye|Will-O-Wisp|p2a: Corviknight
|-status|p2a: Corviknight|brn
|move|p2a: Corviknight|U-turn|p1a: Sableye
|-damage|p1a: Sableye|93/100
|
|switch|p2a: Eternatus|Eternatus|67/100|[from]move: U-turn
|-ability|p2a: Eternatus|Pressure
|
|-heal|p1a: Sableye|99/100|[from] item: Leftovers
|upkeep
|turn|22
|
|switch|p1a: Zamazenta|Zamazenta-Crowned|26/100
|-ability|p1a: Zamazenta|Dauntless Shield|boost
|-boost|p1a: Zamazenta|def|1
|move|p2a: Eternatus|Recover|p2a: Eternatus
|-heal|p2a: Eternatus|100/100
|
|upkeep
|turn|23
|
|move|p2a: Eternatus|Flamethrower|p1a: Zamazenta
|-supereffective|p1a: Zamazenta
|-damage|p1a: Zamazenta|0 fnt
|faint|p1a: Zamazenta
|
|upkeep
|
|switch|p1a: Excadrill|Excadrill, M|100/100
|-ability|p1a: Excadrill|Mold Breaker
|turn|24
|
|switch|p2a: Corviknight|Corviknight, F|100/100 brn
|move|p1a: Excadrill|Earthquake|p2a: Corviknight
|-immune|p2a: Corviknight
|
|-damage|p2a: Corviknight|94/100 brn|[from] brn
|upkeep
|turn|25
|
|switch|p1a: Centiskorch|Centiskorch, F|66/100
|move|p2a: Corviknight|Body Press|p1a: Centiskorch
|-resisted|p1a: Centiskorch
|-damage|p1a: Centiskorch|60/100
|
|-heal|p2a: Corviknight|100/100 brn|[from] item: Leftovers
|-damage|p2a: Corviknight|94/100 brn|[from] brn
|upkeep
|turn|26
|
|switch|p2a: Ditto|Ditto|94/100 brn
|-transform|p2a: Ditto|p1a: Centiskorch|[from] ability: Imposter
|move|p1a: Centiskorch|Coil|p1a: Centiskorch
|-boost|p1a: Centiskorch|atk|1
|-boost|p1a: Centiskorch|def|1
|-boost|p1a: Centiskorch|accuracy|1
|
|-damage|p2a: Ditto|88/100 brn|[from] brn
|upkeep
|turn|27
|
|switch|p2a: Eternatus|Eternatus|100/100
|-ability|p2a: Eternatus|Pressure
|move|p1a: Centiskorch|Coil|p1a: Centiskorch
|-boost|p1a: Centiskorch|atk|1
|-boost|p1a: Centiskorch|def|1
|-boost|p1a: Centiskorch|accuracy|1
|
|upkeep
|turn|28
|
|move|p2a: Eternatus|Cosmic Power|p2a: Eternatus
|-boost|p2a: Eternatus|def|1
|-boost|p2a: Eternatus|spd|1
|move|p1a: Centiskorch|Leech Life|p2a: Eternatus
|-resisted|p2a: Eternatus
|-damage|p2a: Eternatus|86/100
|-heal|p1a: Centiskorch|69/100|[from] drain|[of] p2a: Eternatus
|
|upkeep
|turn|29
|
|move|p2a: Eternatus|Cosmic Power|p2a: Eternatus
|-boost|p2a: Eternatus|def|1
|-boost|p2a: Eternatus|spd|1
|move|p1a: Centiskorch|Fire Lash|p2a: Eternatus
|-resisted|p2a: Eternatus
|-damage|p2a: Eternatus|74/100
|-unboost|p2a: Eternatus|def|1
|
|upkeep
|turn|30
|
|move|p2a: Eternatus|Cosmic Power|p2a: Eternatus
|-boost|p2a: Eternatus|def|1
|-boost|p2a: Eternatus|spd|1
|move|p1a: Centiskorch|Leech Life|p2a: Eternatus
|-resisted|p2a: Eternatus
|-damage|p2a: Eternatus|63/100
|-heal|p1a: Centiskorch|76/100|[from] drain|[of] p2a: Eternatus
|
|upkeep
|turn|31
|
|move|p2a: Eternatus|Cosmic Power|p2a: Eternatus
|-boost|p2a: Eternatus|def|1
|-boost|p2a: Eternatus|spd|1
|move|p1a: Centiskorch|Fire Lash|p2a: Eternatus
|-resisted|p2a: Eternatus
|-damage|p2a: Eternatus|54/100
|-unboost|p2a: Eternatus|def|1
|
|upkeep
|turn|32
|
|move|p2a: Eternatus|Cosmic Power|p2a: Eternatus
|-boost|p2a: Eternatus|def|1
|-boost|p2a: Eternatus|spd|1
|move|p1a: Centiskorch|Leech Life|p2a: Eternatus
|-resisted|p2a: Eternatus
|-damage|p2a: Eternatus|45/100
|-heal|p1a: Centiskorch|81/100|[from] drain|[of] p2a: Eternatus
|
|upkeep
|turn|33
|
|move|p2a: Eternatus|Recover|p2a: Eternatus
|-heal|p2a: Eternatus|95/100
|move|p1a: Centiskorch|Fire Lash|p2a: Eternatus
|-resisted|p2a: Eternatus
|-damage|p2a: Eternatus|86/100
|-unboost|p2a: Eternatus|def|1
|
|upkeep
|turn|34
|
|move|p2a: Eternatus|Cosmic Power|p2a: Eternatus
|-boost|p2a: Eternatus|def|1
|-boost|p2a: Eternatus|spd|1
|move|p1a: Centiskorch|Leech Life|p2a: Eternatus
|-resisted|p2a: Eternatus
|-damage|p2a: Eternatus|76/100
|-heal|p1a: Centiskorch|88/100|[from] drain|[of] p2a: Eternatus
|
|upkeep
|turn|35
|
|move|p2a: Eternatus|Cosmic Power|p2a: Eternatus
|-boost|p2a: Eternatus|def|1
|-boost|p2a: Eternatus|spd|0
|move|p1a: Centiskorch|Fire Lash|p2a: Eternatus
|-resisted|p2a: Eternatus
|-damage|p2a: Eternatus|68/100
|-unboost|p2a: Eternatus|def|1
|
|upkeep
|turn|36
|
|move|p2a: Eternatus|Cosmic Power|p2a: Eternatus
|-boost|p2a: Eternatus|def|1
|-boost|p2a: Eternatus|spd|0
|move|p1a: Centiskorch|Leech Life|p2a: Eternatus
|-resisted|p2a: Eternatus
|-damage|p2a: Eternatus|60/100
|-heal|p1a: Centiskorch|93/100|[from] drain|[of] p2a: Eternatus
|
|upkeep
|turn|37
|
|move|p2a: Eternatus|Cosmic Power|p2a: Eternatus
|-boost|p2a: Eternatus|def|1
|-boost|p2a: Eternatus|spd|0
|move|p1a: Centiskorch|Coil|p1a: Centiskorch
|-boost|p1a: Centiskorch|atk|1
|-boost|p1a: Centiskorch|def|1
|-boost|p1a: Centiskorch|accuracy|1
|
|upkeep
|turn|38
|
|move|p2a: Eternatus|Flamethrower|p1a: Centiskorch
|-damage|p1a: Centiskorch|68/100
|move|p1a: Centiskorch|Fire Lash|p2a: Eternatus
|-resisted|p2a: Eternatus
|-damage|p2a: Eternatus|51/100
|-unboost|p2a: Eternatus|def|1
|
|upkeep
|turn|39
|
|move|p2a: Eternatus|Recover|p2a: Eternatus
|-heal|p2a: Eternatus|100/100
|move|p1a: Centiskorch|Fire Lash|p2a: Eternatus
|-resisted|p2a: Eternatus
|-damage|p2a: Eternatus|91/100
|-unboost|p2a: Eternatus|def|1
|
|upkeep
|turn|40
|
|move|p2a: Eternatus|Flamethrower|p1a: Centiskorch
|-damage|p1a: Centiskorch|43/100
|move|p1a: Centiskorch|Fire Lash|p2a: Eternatus
|-resisted|p2a: Eternatus
|-damage|p2a: Eternatus|79/100
|-unboost|p2a: Eternatus|def|1
|
|upkeep
|turn|41
|
|move|p2a: Eternatus|Cosmic Power|p2a: Eternatus
|-boost|p2a: Eternatus|def|1
|-boost|p2a: Eternatus|spd|0
|move|p1a: Centiskorch|Leech Life|p2a: Eternatus
|-resisted|p2a: Eternatus
|-damage|p2a: Eternatus|68/100
|-heal|p1a: Centiskorch|50/100|[from] drain|[of] p2a: Eternatus
|
|upkeep
|turn|42
|
|-start|p1a: Centiskorch|Dynamax
|-heal|p1a: Centiskorch|50/100|[silent]
|move|p2a: Eternatus|Cosmic Power|p2a: Eternatus
|-boost|p2a: Eternatus|def|1
|-boost|p2a: Eternatus|spd|0
|move|p1a: Centiskorch|Max Flare|p2a: Eternatus
|-resisted|p2a: Eternatus
|-damage|p2a: Eternatus|52/100
|-weather|SunnyDay
|
|-weather|SunnyDay|[upkeep]
|upkeep
|turn|43
|
|move|p2a: Eternatus|Dynamax Cannon|p1a: Centiskorch
|-damage|p1a: Centiskorch|5/100
|move|p1a: Centiskorch|Max Darkness|p2a: Eternatus
|-damage|p2a: Eternatus|34/100
|-unboost|p2a: Eternatus|spd|1
|
|-weather|SunnyDay|[upkeep]
|upkeep
|turn|44
|
|move|p2a: Eternatus|Recover|p2a: Eternatus
|-heal|p2a: Eternatus|84/100
|move|p1a: Centiskorch|Max Flare|p2a: Eternatus
|-resisted|p2a: Eternatus
|-damage|p2a: Eternatus|61/100
|
|-weather|SunnyDay|[upkeep]
|-end|p1a: Centiskorch|Dynamax
|-heal|p1a: Centiskorch|5/100|[silent]
|upkeep
|turn|45
|
|move|p2a: Eternatus|Flamethrower|p1a: Centiskorch
|-damage|p1a: Centiskorch|0 fnt
|faint|p1a: Centiskorch
|
|-weather|SunnyDay|[upkeep]
|upkeep
|
|switch|p1a: Sableye|Sableye, F|99/100
|turn|46
|
|move|p1a: Sableye|Encore|p2a: Eternatus
|-start|p2a: Eternatus|Encore
|move|p2a: Eternatus|Flamethrower|p1a: Sableye
|-damage|p1a: Sableye|33/100
|
|-weather|none
|-heal|p1a: Sableye|39/100|[from] item: Leftovers
|upkeep
|turn|47
|
|move|p1a: Sableye|Recover|p1a: Sableye
|-heal|p1a: Sableye|89/100
|move|p2a: Eternatus|Flamethrower|p1a: Sableye
|-damage|p1a: Sableye|43/100
|
|-heal|p1a: Sableye|49/100|[from] item: Leftovers
|upkeep
|turn|48
|
|move|p1a: Sableye|Recover|p1a: Sableye
|-heal|p1a: Sableye|99/100
|move|p2a: Eternatus|Flamethrower|p1a: Sableye
|-damage|p1a: Sableye|60/100
|
|-heal|p1a: Sableye|66/100|[from] item: Leftovers
|-end|p2a: Eternatus|Encore
|upkeep
|turn|49
|
|move|p1a: Sableye|Will-O-Wisp|p2a: Eternatus
|-status|p2a: Eternatus|brn
|move|p2a: Eternatus|Dynamax Cannon|p1a: Sableye
|-damage|p1a: Sableye|0 fnt
|faint|p1a: Sableye
|
|-damage|p2a: Eternatus|55/100 brn|[from] brn
|upkeep
|
|switch|p1a: Excadrill|Excadrill, M|100/100
|-ability|p1a: Excadrill|Mold Breaker
|turn|50
|c|☆G-Luke|gg
|
|move|p2a: Eternatus|Flamethrower|p1a: Excadrill
|-supereffective|p1a: Excadrill
|-damage|p1a: Excadrill|24/100
|move|p1a: Excadrill|Rapid Spin|p2a: Eternatus
|-damage|p2a: Eternatus|49/100 brn
|-boost|p1a: Excadrill|spe|1
|
|-damage|p2a: Eternatus|43/100 brn|[from] brn
|upkeep
|turn|51
|
|move|p1a: Excadrill|Earthquake|p2a: Eternatus
|-supereffective|p2a: Eternatus
|-damage|p2a: Eternatus|12/100 brn
|move|p2a: Eternatus|Flamethrower|p1a: Excadrill
|-supereffective|p1a: Excadrill
|-damage|p1a: Excadrill|0 fnt
|faint|p1a: Excadrill
|
|win|G-Luke
|l|☆Vukalo
