|html|<div class="broadcast-blue"><strong>[Gen 8] Ubers is currently suspecting Calyrex-Shadow! For information on how to participate check out the <a href="https://www.smogon.com/forums/threads/np-ss-ubers-stage-8-ridin-dirty-calyrex-shadow-suspect-test.3704200/">suspect thread</a>.</strong></div>
|j|☆TogeBirlHQ
|j|☆lazyhrpseal
|t:|1657460581
|gametype|singles
|player|p1|TogeBirlHQ|red-gen7|1421
|player|p2|lazyhrpseal|pokekid|1408
|teamsize|p1|6
|teamsize|p2|6
|gen|8
|tier|[Gen 8] Ubers
|rated|
|rule|Sleep Clause Mod: Limit one foe put to sleep
|rule|Species Clause: Limit one of each Pokémon
|rule|OHKO Clause: OHKO moves are banned
|rule|Evasion Moves Clause: Evasion moves are banned
|rule|Endless Battle Clause: Forcing endless battles is banned
|rule|HP Percentage Mod: HP is shown in percentages
|rule|Dynamax Clause: You cannot dynamax
|clearpoke
|poke|p1|Yveltal|
|poke|p1|Necrozma-Dusk-Mane|
|poke|p1|Eternatus|
|poke|p1|Tangrowth, F|
|poke|p1|Kyogre|
|poke|p1|Calyrex-Shadow|
|poke|p2|Calyrex-Shadow|
|poke|p2|Eternatus|
|poke|p2|Yveltal|
|poke|p2|Necrozma-Dusk-Mane|
|poke|p2|Blissey, F|
|poke|p2|Groudon|
|teampreview
|
|t:|1657460597
|start
|switch|p1a: Yveltal|Yveltal|100/100
|switch|p2a: Eternatus|Eternatus|100/100
|-ability|p2a: Eternatus|Pressure
|-ability|p1a: Yveltal|Dark Aura
|turn|1
|
|t:|1657460605
|switch|p1a: Necrozma|Necrozma-Dusk-Mane|100/100
|move|p2a: Eternatus|Meteor Beam||[still]
|-prepare|p2a: Eternatus|Meteor Beam
|-boost|p2a: Eternatus|spa|1
|-enditem|p2a: Eternatus|Power Herb
|-anim|p2a: Eternatus|Meteor Beam|p1a: Necrozma
|-resisted|p1a: Necrozma
|-damage|p1a: Necrozma|79/100
|
|-heal|p1a: Necrozma|85/100|[from] item: Leftovers
|upkeep
|turn|2
|
|t:|1657460635
|move|p2a: Eternatus|Flamethrower|p1a: Necrozma
|-supereffective|p1a: Necrozma
|-damage|p1a: Necrozma|33/100
|move|p1a: Necrozma|Thunder Wave|p2a: Eternatus
|-status|p2a: Eternatus|par
|
|-heal|p1a: Necrozma|39/100|[from] item: Leftovers
|upkeep
|turn|3
|
|t:|1657460644
|move|p1a: Necrozma|Morning Sun|p1a: Necrozma
|-heal|p1a: Necrozma|89/100
|move|p2a: Eternatus|Flamethrower|p1a: Necrozma
|-supereffective|p1a: Necrozma
|-damage|p1a: Necrozma|43/100
|
|-heal|p1a: Necrozma|49/100|[from] item: Leftovers
|upkeep
|turn|4
|
|t:|1657460651
|switch|p2a: Groudon|Groudon|100/100
|-weather|SunnyDay|[from] ability: Drought|[of] p2a: Groudon
|move|p1a: Necrozma|Iron Head|p2a: Groudon
|-damage|p2a: Groudon|71/100
|
|-weather|SunnyDay|[upkeep]
|-heal|p1a: Necrozma|55/100|[from] item: Leftovers
|upkeep
|turn|5
|
|t:|1657460657
|switch|p1a: Yveltal|Yveltal|100/100
|-ability|p1a: Yveltal|Dark Aura
|move|p2a: Groudon|Precipice Blades|p1a: Yveltal
|-immune|p1a: Yveltal
|
|-weather|SunnyDay|[upkeep]
|upkeep
|turn|6
|
|t:|1657460670
|switch|p2a: Eternatus|Eternatus|100/100 par
|-ability|p2a: Eternatus|Pressure
|move|p1a: Yveltal|U-turn|p2a: Eternatus
|-resisted|p2a: Eternatus
|-damage|p2a: Eternatus|92/100 par
|
|t:|1657460701
|switch|p1a: Eternatus|Eternatus|100/100|[from]move: U-turn
|-ability|p1a: Eternatus|Pressure
|
|-weather|SunnyDay|[upkeep]
|upkeep
|turn|7
|
|t:|1657460715
|move|p1a: Eternatus|Mystical Fire|p2a: Eternatus
|-resisted|p2a: Eternatus
|-damage|p2a: Eternatus|76/100 par
|-unboost|p2a: Eternatus|spa|1
|move|p2a: Eternatus|Dynamax Cannon|p1a: Eternatus
|-supereffective|p1a: Eternatus
|-damage|p1a: Eternatus|56/100
|
|-weather|SunnyDay|[upkeep]
|-heal|p1a: Eternatus|62/100|[from] item: Black Sludge
|upkeep
|turn|8
|
|t:|1657460721
|switch|p2a: Blissey|Blissey, F|100/100
|move|p1a: Eternatus|Recover|p1a: Eternatus
|-heal|p1a: Eternatus|100/100
|
|-weather|none
|upkeep
|turn|9
|
|t:|1657460749
|switch|p1a: Yveltal|Yveltal|100/100
|-ability|p1a: Yveltal|Dark Aura
|switch|p2a: Groudon|Groudon|71/100
|-weather|SunnyDay|[from] ability: Drought|[of] p2a: Groudon
|
|-weather|SunnyDay|[upkeep]
|upkeep
|turn|10
|
|t:|1657460756
|switch|p1a: Tangrowth|Tangrowth, F|100/100
|move|p2a: Groudon|Heat Crash|p1a: Tangrowth
|-supereffective|p1a: Tangrowth
|-damage|p1a: Tangrowth|0 fnt
|-damage|p2a: Groudon|55/100|[from] item: Rocky Helmet|[of] p1a: Tangrowth
|faint|p1a: Tangrowth
|
|-weather|SunnyDay|[upkeep]
|upkeep
|
|t:|1657460763
|switch|p1a: Calyrex|Calyrex-Shadow|100/100
|-ability|p1a: Calyrex|As One
|-ability|p1a: Calyrex|Unnerve
|turn|11
|
|t:|1657460787
|switch|p2a: Blissey|Blissey, F|100/100
|move|p1a: Calyrex|Trick|p2a: Blissey
|-activate|p1a: Calyrex|move: Trick|[of] p2a: Blissey
|-item|p2a: Blissey|Choice Specs|[from] move: Trick
|-item|p1a: Calyrex|Utility Umbrella|[from] move: Trick
|
|-weather|SunnyDay|[upkeep]
|upkeep
|turn|12
|
|t:|1657460803
|move|p1a: Calyrex|Substitute|p1a: Calyrex
|-start|p1a: Calyrex|Substitute
|-damage|p1a: Calyrex|76/100
|move|p2a: Blissey|Toxic||[still]
|-fail|p2a: Blissey
|
|-weather|SunnyDay|[upkeep]
|upkeep
|turn|13
|
|t:|1657460813
|switch|p2a: Yveltal|Yveltal|100/100
|-ability|p2a: Yveltal|Dark Aura
|move|p1a: Calyrex|Astral Barrage|p2a: Yveltal
|-resisted|p2a: Yveltal
|-damage|p2a: Yveltal|70/100
|
|-weather|none
|upkeep
|turn|14
|
|t:|1657460821
|move|p1a: Calyrex|Trick|p2a: Yveltal
|-activate|p1a: Calyrex|move: Trick|[of] p2a: Yveltal
|-item|p2a: Yveltal|Utility Umbrella|[from] move: Trick
|-item|p1a: Calyrex|Life Orb|[from] move: Trick
|move|p2a: Yveltal|Knock Off|p1a: Calyrex
|-supereffective|p1a: Calyrex
|-end|p1a: Calyrex|Substitute
|
|upkeep
|turn|15
|
|t:|1657460833
|move|p1a: Calyrex|Disable|p2a: Yveltal
|-start|p2a: Yveltal|Disable|Knock Off
|cant|p2a: Yveltal|Disable|Knock Off
|
|upkeep
|turn|16
|
|t:|1657460838
|move|p1a: Calyrex|Substitute|p1a: Calyrex
|-start|p1a: Calyrex|Substitute
|-damage|p1a: Calyrex|51/100
|move|p2a: Yveltal|Taunt|p1a: Calyrex
|-start|p1a: Calyrex|move: Taunt
|
|upkeep
|turn|17
|
|t:|1657460850
|switch|p2a: Blissey|Blissey, F|100/100
|move|p1a: Calyrex|Astral Barrage|p2a: Blissey
|-immune|p2a: Blissey
|
|upkeep
|turn|18
|
|t:|1657460860
|switch|p1a: Eternatus|Eternatus|100/100
|-ability|p1a: Eternatus|Pressure
|move|p2a: Blissey|Seismic Toss|p1a: Eternatus
|-damage|p1a: Eternatus|79/100
|
|-heal|p1a: Eternatus|85/100|[from] item: Black Sludge
|upkeep
|turn|19
|
|t:|1657460889
|switch|p1a: Calyrex|Calyrex-Shadow|51/100
|-ability|p1a: Calyrex|As One
|-ability|p1a: Calyrex|Unnerve
|switch|p2a: Necrozma|Necrozma-Dusk-Mane|100/100
|
|upkeep
|turn|20
|
|t:|1657460903
|switch|p1a: Kyogre|Kyogre|100/100
|-weather|RainDance|[from] ability: Drizzle|[of] p1a: Kyogre
|switch|p2a: Blissey|Blissey, F|100/100
|
|-weather|RainDance|[upkeep]
|upkeep
|turn|21
|
|t:|1657460913
|switch|p1a: Eternatus|Eternatus|85/100
|-ability|p1a: Eternatus|Pressure
|move|p2a: Blissey|Toxic|p1a: Eternatus
|-immune|p1a: Eternatus
|
|-weather|RainDance|[upkeep]
|-heal|p1a: Eternatus|91/100|[from] item: Black Sludge
|upkeep
|turn|22
|
|t:|1657460923
|switch|p1a: Kyogre|Kyogre|100/100
|switch|p2a: Groudon|Groudon|55/100
|-weather|SunnyDay|[from] ability: Drought|[of] p2a: Groudon
|
|-weather|SunnyDay|[upkeep]
|upkeep
|turn|23
|
|t:|1657460936
|switch|p1a: Yveltal|Yveltal|100/100
|-ability|p1a: Yveltal|Dark Aura
|move|p2a: Groudon|Thunder Wave|p1a: Yveltal
|-status|p1a: Yveltal|par
|
|-weather|SunnyDay|[upkeep]
|upkeep
|turn|24
|
|t:|1657460942
|switch|p2a: Blissey|Blissey, F|100/100
|move|p1a: Yveltal|U-turn|p2a: Blissey
|-damage|p2a: Blissey|83/100
|
|t:|1657460950
|switch|p1a: Eternatus|Eternatus|91/100|[from]move: U-turn
|-ability|p1a: Eternatus|Pressure
|
|-weather|SunnyDay|[upkeep]
|-heal|p1a: Eternatus|97/100|[from] item: Black Sludge
|upkeep
|turn|25
|
|t:|1657460964
|move|p1a: Eternatus|Dynamax Cannon|p2a: Blissey
|-damage|p2a: Blissey|66/100
|move|p2a: Blissey|Seismic Toss|p1a: Eternatus
|-damage|p1a: Eternatus|75/100
|
|-weather|SunnyDay|[upkeep]
|-heal|p1a: Eternatus|81/100|[from] item: Black Sludge
|upkeep
|turn|26
|
|t:|1657460976
|switch|p2a: Groudon|Groudon|55/100
|move|p1a: Eternatus|Mystical Fire|p2a: Groudon
|-damage|p2a: Groudon|18/100
|-unboost|p2a: Groudon|spa|1
|
|-weather|none
|-heal|p1a: Eternatus|88/100|[from] item: Black Sludge
|upkeep
|turn|27
|
|t:|1657460987
|move|p1a: Eternatus|Mystical Fire|p2a: Groudon
|-damage|p2a: Groudon|0 fnt
|faint|p2a: Groudon
|
|-heal|p1a: Eternatus|94/100|[from] item: Black Sludge
|upkeep
|
|t:|1657460992
|switch|p2a: Necrozma|Necrozma-Dusk-Mane|100/100
|turn|28
|
|t:|1657460998
|switch|p1a: Necrozma|Necrozma-Dusk-Mane|55/100
|move|p2a: Necrozma|Thunder Wave|p1a: Necrozma
|-status|p1a: Necrozma|par
|
|-heal|p1a: Necrozma|61/100 par|[from] item: Leftovers
|upkeep
|turn|29
|
|t:|1657461008
|move|p2a: Necrozma|Stealth Rock|p1a: Necrozma
|-sidestart|p1: TogeBirlHQ|move: Stealth Rock
|move|p1a: Necrozma|Morning Sun|p1a: Necrozma
|-heal|p1a: Necrozma|100/100 par
|
|upkeep
|turn|30
|
|t:|1657461013
|switch|p2a: Yveltal|Yveltal|70/100
|-ability|p2a: Yveltal|Dark Aura
|switch|p1a: Yveltal|Yveltal|100/100 par
|-ability|p1a: Yveltal|Dark Aura
|
|upkeep
|turn|31
|
|t:|1657461019
|move|p2a: Yveltal|Hone Claws|p2a: Yveltal
|-boost|p2a: Yveltal|atk|1
|-boost|p2a: Yveltal|accuracy|1
|move|p1a: Yveltal|U-turn|p2a: Yveltal
|-damage|p2a: Yveltal|53/100
|
|t:|1657461050
|switch|p1a: Calyrex|Calyrex-Shadow|51/100|[from]move: U-turn
|-ability|p1a: Calyrex|As One
|-ability|p1a: Calyrex|Unnerve
|-damage|p1a: Calyrex|38/100|[from] Stealth Rock
|
|upkeep
|turn|32
|
|t:|1657461092
|move|p2a: Yveltal|Sucker Punch||[still]
|-fail|p2a: Yveltal
|move|p1a: Calyrex|Disable|p2a: Yveltal
|-start|p2a: Yveltal|Disable|Sucker Punch
|
|upkeep
|turn|33
|
|t:|1657461097
|move|p1a: Calyrex|Astral Barrage|p2a: Yveltal
|-resisted|p2a: Yveltal
|-damage|p2a: Yveltal|7/100
|-damage|p1a: Calyrex|28/100|[from] item: Life Orb
|move|p2a: Yveltal|Knock Off|p1a: Calyrex
|-supereffective|p1a: Calyrex
|-damage|p1a: Calyrex|0 fnt
|-enditem|p1a: Calyrex|Life Orb|[from] move: Knock Off|[of] p2a: Yveltal
|faint|p1a: Calyrex
|
|upkeep
|
|t:|1657461105
|switch|p1a: Eternatus|Eternatus|94/100
|-damage|p1a: Eternatus|81/100|[from] Stealth Rock
|-ability|p1a: Eternatus|Pressure
|turn|34
|
|t:|1657461110
|move|p1a: Eternatus|Mystical Fire|p2a: Yveltal
|-damage|p2a: Yveltal|0 fnt
|faint|p2a: Yveltal
|
|-heal|p1a: Eternatus|87/100|[from] item: Black Sludge
|upkeep
|
|t:|1657461117
|switch|p2a: Necrozma|Necrozma-Dusk-Mane|100/100
|turn|35
|
|t:|1657461126
|switch|p1a: Necrozma|Necrozma-Dusk-Mane|100/100 par
|-damage|p1a: Necrozma|94/100 par|[from] Stealth Rock
|move|p2a: Necrozma|Thunder Wave|p1a: Necrozma
|-fail|p1a: Necrozma|par
|
|-heal|p1a: Necrozma|100/100 par|[from] item: Leftovers
|upkeep
|turn|36
|
|t:|1657461134
|switch|p2a: Eternatus|Eternatus|76/100 par
|-ability|p2a: Eternatus|Pressure
|switch|p1a: Yveltal|Yveltal|100/100 par
|-ability|p1a: Yveltal|Dark Aura
|
|upkeep
|turn|37
|
|t:|1657461140
|cant|p2a: Eternatus|par
|move|p1a: Yveltal|Defog|p2a: Eternatus
|-unboost|p2a: Eternatus|evasion|1
|-sideend|p1: TogeBirlHQ|Stealth Rock|[from] move: Defog|[of] p1a: Yveltal
|
|upkeep
|turn|38
|
|t:|1657461144
|switch|p1a: Necrozma|Necrozma-Dusk-Mane|100/100 par
|cant|p2a: Eternatus|par
|
|upkeep
|turn|39
|
|t:|1657461151
|move|p2a: Eternatus|Flamethrower|p1a: Necrozma
|-supereffective|p1a: Necrozma
|-damage|p1a: Necrozma|67/100 par
|move|p1a: Necrozma|Iron Head|p2a: Eternatus
|-damage|p2a: Eternatus|42/100 par
|
|-heal|p1a: Necrozma|73/100 par|[from] item: Leftovers
|upkeep
|turn|40
|
|t:|1657461162
|switch|p1a: Kyogre|Kyogre|100/100
|-weather|RainDance|[from] ability: Drizzle|[of] p1a: Kyogre
|move|p2a: Eternatus|Flamethrower|p1a: Kyogre
|-resisted|p1a: Kyogre
|-damage|p1a: Kyogre|94/100
|
|-weather|RainDance|[upkeep]
|upkeep
|turn|41
|
|t:|1657461171
|switch|p2a: Blissey|Blissey, F|66/100
|move|p1a: Kyogre|Water Spout|p2a: Blissey
|-damage|p2a: Blissey|0 fnt
|faint|p2a: Blissey
|
|-weather|RainDance|[upkeep]
|upkeep
|
|t:|1657461174
|switch|p2a: Necrozma|Necrozma-Dusk-Mane|100/100
|turn|42
|
|t:|1657461183
|move|p1a: Kyogre|Water Spout|p2a: Necrozma
|-damage|p2a: Necrozma|0 fnt
|faint|p2a: Necrozma
|
|-weather|RainDance|[upkeep]
|upkeep
|
|t:|1657461204
|switch|p2a: Calyrex|Calyrex-Shadow|100/100
|-ability|p2a: Calyrex|As One
|-ability|p2a: Calyrex|Unnerve
|turn|43
|
|t:|1657461217
|switch|p1a: Yveltal|Yveltal|100/100 par
|-ability|p1a: Yveltal|Dark Aura
|move|p2a: Calyrex|Astral Barrage|p1a: Yveltal
|-resisted|p1a: Yveltal
|-damage|p1a: Yveltal|76/100 par
|
|-weather|RainDance|[upkeep]
|upkeep
|turn|44
|
|t:|1657461231
|switch|p2a: Eternatus|Eternatus|42/100 par
|-ability|p2a: Eternatus|Pressure
|move|p1a: Yveltal|Knock Off|p2a: Eternatus
|-damage|p2a: Eternatus|9/100 par
|
|-weather|none
|upkeep
|turn|45
|
|t:|1657461256
|switch|p1a: Necrozma|Necrozma-Dusk-Mane|73/100 par
|cant|p2a: Eternatus|par
|
|-heal|p1a: Necrozma|79/100 par|[from] item: Leftovers
|upkeep
|turn|46
|
|t:|1657461260
|move|p2a: Eternatus|Flamethrower|p1a: Necrozma
|-supereffective|p1a: Necrozma
|-damage|p1a: Necrozma|49/100 par
|move|p1a: Necrozma|Iron Head|p2a: Eternatus
|-damage|p2a: Eternatus|0 fnt
|faint|p2a: Eternatus
|
|-heal|p1a: Necrozma|55/100 par|[from] item: Leftovers
|upkeep
|
|t:|1657461269
|switch|p2a: Calyrex|Calyrex-Shadow|100/100
|-ability|p2a: Calyrex|As One
|-ability|p2a: Calyrex|Unnerve
|turn|47
|
|t:|1657461274
|switch|p1a: Eternatus|Eternatus|87/100
|-ability|p1a: Eternatus|Pressure
|move|p2a: Calyrex|Astral Barrage|p1a: Eternatus
|-damage|p1a: Eternatus|42/100
|
|-heal|p1a: Eternatus|48/100|[from] item: Black Sludge
|upkeep
|turn|48
|
|t:|1657461286
|switch|p1a: Yveltal|Yveltal|76/100 par
|-ability|p1a: Yveltal|Dark Aura
|move|p2a: Calyrex|Astral Barrage|p1a: Yveltal
|-resisted|p1a: Yveltal
|-damage|p1a: Yveltal|52/100 par
|
|upkeep
|turn|49
|
|t:|1657461295
|switch|p1a: Eternatus|Eternatus|48/100
|-ability|p1a: Eternatus|Pressure
|move|p2a: Calyrex|Astral Barrage|p1a: Eternatus
|-damage|p1a: Eternatus|2/100
|
|-heal|p1a: Eternatus|8/100|[from] item: Black Sludge
|upkeep
|turn|50
|
|t:|1657461303
|move|p2a: Calyrex|Astral Barrage|p1a: Eternatus
|-damage|p1a: Eternatus|0 fnt
|faint|p1a: Eternatus
|-ability|p2a: Calyrex|Grim Neigh|boost
|-boost|p2a: Calyrex|spa|1
|
|upkeep
|
|t:|1657461308
|switch|p1a: Necrozma|Necrozma-Dusk-Mane|55/100 par
|turn|51
|
|t:|1657461320
|-activate|p2a: Calyrex|move: Struggle
|move|p2a: Calyrex|Struggle|p1a: Necrozma
|-damage|p1a: Necrozma|50/100 par
|-damage|p2a: Calyrex|75/100|[from] recoil
|cant|p1a: Necrozma|par
|
|-heal|p1a: Necrozma|56/100 par|[from] item: Leftovers
|upkeep
|turn|52
|-message|lazyhrpseal forfeited.
|
|win|TogeBirlHQ
|raw|TogeBirlHQ's rating: 1421 &rarr; <strong>1439</strong><br />(+18 for winning)
|raw|lazyhrpseal's rating: 1390 &rarr; <strong>1372</strong><br />(-18 for losing)
|l|☆lazyhrpseal
