|j|☆Kage UwU
|j|☆StoopedDaDum
|t:|1652216276
|gametype|singles
|player|p1|Kage UwU|266|1429
|player|p2|StoopedDaDum|unknown|1413
|teamsize|p1|6
|teamsize|p2|6
|gen|8
|tier|[Gen 8] Ubers
|rated|
|rule|Sleep Clause Mod: Limit one foe put to sleep
|rule|Species Clause: Limit one of each Pokémon
|rule|OHKO Clause: OHKO moves are banned
|rule|Evasion Moves Clause: Evasion moves are banned
|rule|Endless Battle Clause: Forcing endless battles is banned
|rule|HP Percentage Mod: HP is shown in percentages
|rule|Dynamax Clause: You cannot dynamax
|clearpoke
|poke|p1|Yveltal|
|poke|p1|Dracovish|
|poke|p1|Blissey, F|
|poke|p1|Darmanitan-Galar, M|
|poke|p1|Ho-Oh|
|poke|p1|Landorus-Therian, M|
|poke|p2|Slurpuff, L97, M|
|poke|p2|Cloyster, M|
|poke|p2|Yveltal|
|poke|p2|Necrozma-Dusk-Mane|
|poke|p2|Eternatus|
|poke|p2|Groudon|
|teampreview
|inactive|Battle timer is ON: inactive players will automatically lose when time's up. (requested by StoopedDaDum)
|inactive|Kage UwU also wants the timer to be on.
|
|t:|1652216297
|start
|switch|p1a: (･∀･)|Landorus-Therian, M|100/100
|switch|p2a: Slurpuff|Slurpuff, L97, M|100/100
|-ability|p1a: (･∀･)|Intimidate|boost
|-unboost|p2a: Slurpuff|atk|1
|turn|1
|
|t:|1652216303
|move|p2a: Slurpuff|Magic Coat|p2a: Slurpuff
|-singleturn|p2a: Slurpuff|move: Magic Coat
|move|p1a: (･∀･)|U-turn|p2a: Slurpuff
|-resisted|p2a: Slurpuff
|-damage|p2a: Slurpuff|83/100
|
|t:|1652216307
|switch|p1a: (￣▽￣;)|Dracovish|100/100|[from]move: U-turn
|
|upkeep
|turn|2
|
|t:|1652216323
|switch|p2a: Cloyster|Cloyster, M|100/100
|move|p1a: (￣▽￣;)|Fishious Rend|p2a: Cloyster
|-resisted|p2a: Cloyster
|-damage|p2a: Cloyster|59/100
|
|upkeep
|turn|3
|
|t:|1652216332
|switch|p1a: (っ´ω`ｃ)|Ho-Oh|100/100
|move|p2a: Cloyster|Shell Smash|p2a: Cloyster
|-unboost|p2a: Cloyster|def|1
|-unboost|p2a: Cloyster|spd|1
|-boost|p2a: Cloyster|atk|2
|-boost|p2a: Cloyster|spa|2
|-boost|p2a: Cloyster|spe|2
|
|upkeep
|turn|4
|inactive|Kage UwU has 120 seconds left.
|j| TheMaskedMarauder
|
|t:|1652216368
|switch|p1a: (･∀･)|Landorus-Therian, M|100/100
|-ability|p1a: (･∀･)|Intimidate|boost
|-unboost|p2a: Cloyster|atk|1
|move|p2a: Cloyster|Rock Blast|p1a: (･∀･)
|-damage|p1a: (･∀･)|87/100
|-damage|p1a: (･∀･)|73/100
|-damage|p1a: (･∀･)|58/100
|-damage|p1a: (･∀･)|45/100
|-damage|p1a: (･∀･)|32/100
|-hitcount|p1a: (･∀･)|5
|
|-heal|p1a: (･∀･)|38/100|[from] item: Leftovers
|upkeep
|turn|5
|inactive|Kage UwU has 120 seconds left.
|
|t:|1652216392
|switch|p1a: (っ´ω`ｃ)|Ho-Oh|100/100
|move|p2a: Cloyster|Rock Blast|p1a: (っ´ω`ｃ)
|-supereffective|p1a: (っ´ω`ｃ)
|-damage|p1a: (っ´ω`ｃ)|69/100
|-supereffective|p1a: (っ´ω`ｃ)
|-damage|p1a: (っ´ω`ｃ)|39/100
|-supereffective|p1a: (っ´ω`ｃ)
|-damage|p1a: (っ´ω`ｃ)|10/100
|-supereffective|p1a: (っ´ω`ｃ)
|-damage|p1a: (っ´ω`ｃ)|0 fnt
|faint|p1a: (っ´ω`ｃ)
|-hitcount|p1: (っ´ω`ｃ)|4
|
|upkeep
|
|t:|1652216403
|switch|p1a: し( '∀' )J|Yveltal|100/100
|-ability|p1a: し( '∀' )J|Dark Aura
|turn|6
|
|t:|1652216407
|move|p2a: Cloyster|Ice Shard|p1a: し( '∀' )J
|-supereffective|p1a: し( '∀' )J
|-damage|p1a: し( '∀' )J|58/100
|move|p1a: し( '∀' )J|Sucker Punch||[still]
|-fail|p1a: し( '∀' )J
|
|upkeep
|turn|7
|
|t:|1652216414
|move|p1a: し( '∀' )J|Sucker Punch|p2a: Cloyster
|-damage|p2a: Cloyster|11/100
|move|p2a: Cloyster|Icicle Spear|p1a: し( '∀' )J
|-supereffective|p1a: し( '∀' )J
|-damage|p1a: し( '∀' )J|31/100
|-supereffective|p1a: し( '∀' )J
|-crit|p1a: し( '∀' )J
|-damage|p1a: し( '∀' )J|0 fnt
|faint|p1a: し( '∀' )J
|-hitcount|p1: し( '∀' )J|2
|
|upkeep
|
|t:|1652216428
|switch|p1a: (･∀･)|Landorus-Therian, M|38/100
|-ability|p1a: (･∀･)|Intimidate|boost
|-unboost|p2a: Cloyster|atk|1
|turn|8
|
|t:|1652216437
|move|p2a: Cloyster|Icicle Spear|p1a: (･∀･)
|-supereffective|p1a: (･∀･)
|-damage|p1a: (･∀･)|0 fnt
|faint|p1a: (･∀･)
|-hitcount|p1: (･∀･)|1
|
|upkeep
|
|t:|1652216442
|switch|p1a: (￣▽￣;)|Dracovish|100/100
|turn|9
|
|t:|1652216445
|move|p2a: Cloyster|Icicle Spear|p1a: (￣▽￣;)
|-damage|p1a: (￣▽￣;)|87/100
|-damage|p1a: (￣▽￣;)|75/100
|-damage|p1a: (￣▽￣;)|64/100
|-damage|p1a: (￣▽￣;)|51/100
|-damage|p1a: (￣▽￣;)|38/100
|-hitcount|p1a: (￣▽￣;)|5
|cant|p1a: (￣▽￣;)|flinch
|
|upkeep
|turn|10
|-message|Kage UwU forfeited.
|
|win|StoopedDaDum
|raw|Kage UwU's rating: 1429 &rarr; <strong>1409</strong><br />(-20 for losing)
|raw|StoopedDaDum's rating: 1424 &rarr; <strong>1444</strong><br />(+20 for winning)
|l|☆Kage UwU
|l| TheMaskedMarauder
