|html|<div class="broadcast-blue"><strong>[Gen 8] Ubers is currently suspecting Zacian-Crowned! For information on how to participate check out the <a href="https://www.smogon.com/forums/threads/np-ss-ubers-stage-5-hound-dog.3675589/">suspect thread</a>.</strong></div>
|j|☆Uz4 Rick Rude
|j|☆Rell27
|t:|1610340954
|player|p1|Uz4 Rick Rude|dragontamer|1539
|player|p2|Rell27|170|1404
|teamsize|p1|6
|teamsize|p2|6
|gametype|singles
|gen|8
|tier|[Gen 8] Ubers
|rated|
|clearpoke
|poke|p1|Necrozma-Dusk-Mane|
|poke|p1|Yveltal|
|poke|p1|Eternatus|
|poke|p1|Zacian-Crowned|
|poke|p1|Gothitelle, M|
|poke|p1|Palkia|
|poke|p2|Kyogre|
|poke|p2|Yveltal|
|poke|p2|Eternatus|
|poke|p2|Necrozma-Dusk-Mane|
|poke|p2|Calyrex-Shadow|
|poke|p2|Zacian-Crowned|
|rule|Sleep Clause Mod: Limit one foe put to sleep
|rule|Species Clause: Limit one of each Pokémon
|rule|OHKO Clause: OHKO moves are banned
|rule|Evasion Moves Clause: Evasion moves are banned
|rule|Endless Battle Clause: Forcing endless battles is banned
|rule|HP Percentage Mod: HP is shown in percentages
|rule|Dynamax Clause: You cannot dynamax
|teampreview
|
|t:|1610340966
|start
|switch|p1a: Zacian|Zacian-Crowned|100/100
|switch|p2a: Kyogre|Kyogre|100/100
|-ability|p1a: Zacian|Intrepid Sword|boost
|-boost|p1a: Zacian|atk|1
|-weather|RainDance|[from] ability: Drizzle|[of] p2a: Kyogre
|turn|1
|inactive|Battle timer is ON: inactive players will automatically lose when time's up. (requested by Uz4 Rick Rude)
|
|t:|1610340978
|switch|p1a: Palkia|Palkia|100/100
|-ability|p1a: Palkia|Pressure
|switch|p2a: Necrozma|Necrozma-Dusk-Mane|100/100
|
|-weather|RainDance|[upkeep]
|upkeep
|turn|2
|
|t:|1610340986
|switch|p1a: Gothitelle|Gothitelle, M|100/100
|switch|p2a: Eternatus|Eternatus|100/100
|-ability|p2a: Eternatus|Pressure
|
|-weather|RainDance|[upkeep]
|upkeep
|turn|3
|
|t:|1610340992
|move|p2a: Eternatus|Dynamax Cannon|p1a: Gothitelle
|-damage|p1a: Gothitelle|39/100
|-damage|p2a: Eternatus|91/100|[from] item: Life Orb
|move|p1a: Gothitelle|Cosmic Power|p1a: Gothitelle
|-boost|p1a: Gothitelle|def|1
|-boost|p1a: Gothitelle|spd|1
|
|-weather|RainDance|[upkeep]
|-heal|p1a: Gothitelle|45/100|[from] item: Leftovers
|upkeep
|turn|4
|
|t:|1610341001
|move|p2a: Eternatus|Sludge Bomb|p1a: Gothitelle
|-damage|p1a: Gothitelle|6/100
|-status|p1a: Gothitelle|psn
|-damage|p2a: Eternatus|81/100|[from] item: Life Orb
|move|p1a: Gothitelle|Rest|p1a: Gothitelle
|-status|p1a: Gothitelle|slp|[from] move: Rest
|-heal|p1a: Gothitelle|100/100 slp|[silent]
|
|-weather|RainDance|[upkeep]
|upkeep
|turn|5
|
|t:|1610341010
|switch|p1a: Zacian|Zacian-Crowned|100/100
|-ability|p1a: Zacian|Intrepid Sword|boost
|-boost|p1a: Zacian|atk|1
|move|p2a: Eternatus|Dynamax Cannon|p1a: Zacian
|-immune|p1a: Zacian
|
|-weather|none
|upkeep
|turn|6
|
|t:|1610341021
|switch|p1a: Gothitelle|Gothitelle, M|100/100 slp
|switch|p2a: Necrozma|Necrozma-Dusk-Mane|100/100
|
|upkeep
|turn|7
|
|t:|1610341027
|cant|p1a: Gothitelle|slp
|move|p2a: Necrozma|Sunsteel Strike|p1a: Gothitelle
|-damage|p1a: Gothitelle|50/100 slp
|
|-heal|p1a: Gothitelle|57/100 slp|[from] item: Leftovers
|upkeep
|turn|8
|
|t:|1610341033
|cant|p1a: Gothitelle|slp
|move|p2a: Necrozma|Trick Room|p2a: Necrozma
|-fieldstart|move: Trick Room|[of] p2a: Necrozma
|
|-heal|p1a: Gothitelle|63/100 slp|[from] item: Leftovers
|upkeep
|turn|9
|
|t:|1610341040
|move|p2a: Necrozma|Sunsteel Strike|p1a: Gothitelle
|-damage|p1a: Gothitelle|16/100 slp
|-curestatus|p1a: Gothitelle|slp|[msg]
|move|p1a: Gothitelle|Charm|p2a: Necrozma
|-unboost|p2a: Necrozma|atk|2
|
|-heal|p1a: Gothitelle|23/100|[from] item: Leftovers
|upkeep
|turn|10
|
|t:|1610341053
|move|p2a: Necrozma|Sunsteel Strike|p1a: Gothitelle
|-damage|p1a: Gothitelle|0 fnt
|faint|p1a: Gothitelle
|
|upkeep
|
|t:|1610341062
|switch|p1a: Yveltal|Yveltal|100/100
|-ability|p1a: Yveltal|Dark Aura
|turn|11
|
|t:|1610341070
|switch|p2a: Zacian|Zacian-Crowned|100/100
|-ability|p2a: Zacian|Intrepid Sword|boost
|-boost|p2a: Zacian|atk|1
|move|p1a: Yveltal|U-turn|p2a: Zacian
|-resisted|p2a: Zacian
|-damage|p2a: Zacian|96/100
|
|t:|1610341076
|switch|p1a: Necrozma|Necrozma-Dusk-Mane|100/100|[from]move: U-turn
|
|upkeep
|turn|12
|
|t:|1610341083
|switch|p2a: Kyogre|Kyogre|100/100
|-weather|RainDance|[from] ability: Drizzle|[of] p2a: Kyogre
|move|p1a: Necrozma|Thunder Wave|p2a: Kyogre
|-status|p2a: Kyogre|par
|
|-weather|RainDance|[upkeep]
|-fieldend|move: Trick Room
|upkeep
|turn|13
|
|t:|1610341089
|switch|p1a: Palkia|Palkia|100/100
|-ability|p1a: Palkia|Pressure
|move|p2a: Kyogre|Thunder|p1a: Palkia
|-crit|p1a: Palkia
|-damage|p1a: Palkia|9/100
|
|-weather|RainDance|[upkeep]
|upkeep
|turn|14
|
|t:|1610341097
|switch|p2a: Eternatus|Eternatus|81/100
|-ability|p2a: Eternatus|Pressure
|move|p1a: Palkia|Thunder|p2a: Eternatus
|-resisted|p2a: Eternatus
|-damage|p2a: Eternatus|65/100
|
|-weather|RainDance|[upkeep]
|upkeep
|turn|15
|
|t:|1610341104
|move|p2a: Eternatus|Sludge Bomb|p1a: Palkia
|-damage|p1a: Palkia|0 fnt
|-damage|p2a: Eternatus|55/100|[from] item: Life Orb
|faint|p1a: Palkia
|
|-weather|RainDance|[upkeep]
|upkeep
|
|t:|1610341106
|switch|p1a: Zacian|Zacian-Crowned|100/100
|-ability|p1a: Zacian|Intrepid Sword|boost
|-boost|p1a: Zacian|atk|1
|turn|16
|
|t:|1610341109
|switch|p2a: Necrozma|Necrozma-Dusk-Mane|100/100
|move|p1a: Zacian|Behemoth Blade|p2a: Necrozma
|-resisted|p2a: Necrozma
|-damage|p2a: Necrozma|71/100
|
|-weather|none
|upkeep
|turn|17
|
|t:|1610341115
|move|p1a: Zacian|Behemoth Blade|p2a: Necrozma
|-resisted|p2a: Necrozma
|-damage|p2a: Necrozma|41/100
|move|p2a: Necrozma|Sunsteel Strike|p1a: Zacian
|-crit|p1a: Zacian
|-damage|p1a: Zacian|16/100
|
|upkeep
|turn|18
|c|☆Uz4 Rick Rude|Lmfao
|c|☆Uz4 Rick Rude|nice
|
|t:|1610341128
|move|p1a: Zacian|Close Combat|p2a: Necrozma
|-damage|p2a: Necrozma|0 fnt
|-unboost|p1a: Zacian|def|1
|-unboost|p1a: Zacian|spd|1
|faint|p2a: Necrozma
|
|upkeep
|
|t:|1610341141
|switch|p2a: Calyrex|Calyrex-Shadow|100/100
|-ability|p2a: Calyrex|As One
|-ability|p2a: Calyrex|Unnerve|p1: Uz4 Rick Rude
|turn|19
|
|t:|1610341150
|move|p2a: Calyrex|Trick||[still]
|-fail|p2a: Calyrex
|move|p1a: Zacian|Behemoth Blade|p2a: Calyrex
|-damage|p2a: Calyrex|0 fnt
|faint|p2a: Calyrex
|
|upkeep
|
|t:|1610341152
|switch|p2a: Zacian|Zacian-Crowned|96/100
|-ability|p2a: Zacian|Intrepid Sword|boost
|-boost|p2a: Zacian|atk|1
|turn|20
|
|t:|1610341157
|switch|p1a: Necrozma|Necrozma-Dusk-Mane|100/100
|move|p2a: Zacian|Behemoth Blade|p1a: Necrozma
|-resisted|p1a: Necrozma
|-damage|p1a: Necrozma|78/100
|-damage|p2a: Zacian|80/100|[from] item: Rocky Helmet|[of] p1a: Necrozma
|
|upkeep
|turn|21
|
|t:|1610341163
|switch|p2a: Kyogre|Kyogre|100/100 par
|-weather|RainDance|[from] ability: Drizzle|[of] p2a: Kyogre
|move|p1a: Necrozma|Earthquake|p2a: Kyogre
|-damage|p2a: Kyogre|65/100 par
|
|-weather|RainDance|[upkeep]
|upkeep
|turn|22
|
|t:|1610341170
|switch|p1a: Eternatus|Eternatus|100/100
|-ability|p1a: Eternatus|Pressure
|move|p2a: Kyogre|Origin Pulse|p1a: Eternatus
|-resisted|p1a: Eternatus
|-damage|p1a: Eternatus|53/100
|
|-weather|RainDance|[upkeep]
|-heal|p1a: Eternatus|60/100|[from] item: Black Sludge
|upkeep
|turn|23
|
|t:|1610341175
|switch|p2a: Zacian|Zacian-Crowned|80/100
|-ability|p2a: Zacian|Intrepid Sword|boost
|-boost|p2a: Zacian|atk|1
|move|p1a: Eternatus|Recover|p1a: Eternatus
|-heal|p1a: Eternatus|100/100
|
|-weather|RainDance|[upkeep]
|upkeep
|turn|24
|j| ChadMcChadston
|
|t:|1610341183
|switch|p1a: Necrozma|Necrozma-Dusk-Mane|78/100
|move|p2a: Zacian|Close Combat|p1a: Necrozma
|-damage|p1a: Necrozma|36/100
|-unboost|p2a: Zacian|def|1
|-unboost|p2a: Zacian|spd|1
|-damage|p2a: Zacian|63/100|[from] item: Rocky Helmet|[of] p1a: Necrozma
|
|-weather|RainDance|[upkeep]
|upkeep
|turn|25
|
|t:|1610341198
|move|p2a: Zacian|Close Combat|p1a: Necrozma
|-damage|p1a: Necrozma|0 fnt
|-unboost|p2a: Zacian|def|1
|-unboost|p2a: Zacian|spd|1
|-damage|p2a: Zacian|46/100|[from] item: Rocky Helmet|[of] p1a: Necrozma
|faint|p1a: Necrozma
|
|-weather|none
|upkeep
|
|t:|1610341200
|switch|p1a: Zacian|Zacian-Crowned|16/100
|-ability|p1a: Zacian|Intrepid Sword|boost
|-boost|p1a: Zacian|atk|1
|turn|26
|inactive|Rell27 has 120 seconds left.
|
|t:|1610341232
|switch|p2a: Kyogre|Kyogre|65/100 par
|-weather|RainDance|[from] ability: Drizzle|[of] p2a: Kyogre
|move|p1a: Zacian|Behemoth Blade|p2a: Kyogre
|-resisted|p2a: Kyogre
|-damage|p2a: Kyogre|16/100 par
|
|-weather|RainDance|[upkeep]
|upkeep
|turn|27
|
|t:|1610341239
|move|p1a: Zacian|Behemoth Blade|p2a: Kyogre
|-resisted|p2a: Kyogre
|-damage|p2a: Kyogre|0 fnt
|faint|p2a: Kyogre
|
|-weather|RainDance|[upkeep]
|upkeep
|
|t:|1610341241
|switch|p2a: Yveltal|Yveltal|100/100
|-ability|p2a: Yveltal|Dark Aura
|turn|28
|
|t:|1610341244
|switch|p1a: Eternatus|Eternatus|100/100
|-ability|p1a: Eternatus|Pressure
|move|p2a: Yveltal|Sucker Punch||[still]
|-fail|p2a: Yveltal
|
|-weather|RainDance|[upkeep]
|upkeep
|turn|29
|
|t:|1610341253
|move|p1a: Eternatus|Mystical Fire|p2a: Yveltal
|-damage|p2a: Yveltal|93/100
|-unboost|p2a: Yveltal|spa|1
|move|p2a: Yveltal|Knock Off|p1a: Eternatus
|-damage|p1a: Eternatus|25/100
|-enditem|p1a: Eternatus|Black Sludge|[from] move: Knock Off|[of] p2a: Yveltal
|-damage|p2a: Yveltal|83/100|[from] item: Life Orb
|
|-weather|RainDance|[upkeep]
|upkeep
|turn|30
|
|t:|1610341257
|switch|p2a: Zacian|Zacian-Crowned|46/100
|-ability|p2a: Zacian|Intrepid Sword|boost
|-boost|p2a: Zacian|atk|1
|move|p1a: Eternatus|Recover|p1a: Eternatus
|-heal|p1a: Eternatus|75/100
|
|-weather|none
|upkeep
|turn|31
|
|t:|1610341267
|move|p2a: Zacian|Behemoth Blade|p1a: Eternatus
|-damage|p1a: Eternatus|6/100
|move|p1a: Eternatus|Mystical Fire|p2a: Zacian
|-supereffective|p2a: Zacian
|-damage|p2a: Zacian|1/100
|-unboost|p2a: Zacian|spa|1
|
|upkeep
|turn|32
|
|t:|1610341275
|move|p2a: Zacian|Behemoth Blade|p1a: Eternatus
|-damage|p1a: Eternatus|0 fnt
|faint|p1a: Eternatus
|
|upkeep
|
|t:|1610341277
|switch|p1a: Zacian|Zacian-Crowned|16/100
|-ability|p1a: Zacian|Intrepid Sword|boost
|-boost|p1a: Zacian|atk|1
|turn|33
|
|t:|1610341279
|move|p1a: Zacian|Behemoth Blade|p2a: Zacian
|-damage|p2a: Zacian|0 fnt
|faint|p2a: Zacian
|
|upkeep
|
|t:|1610341281
|switch|p2a: Yveltal|Yveltal|83/100
|-ability|p2a: Yveltal|Dark Aura
|turn|34
|
|t:|1610341288
|switch|p1a: Yveltal|Yveltal|100/100
|-ability|p1a: Yveltal|Dark Aura
|move|p2a: Yveltal|Sucker Punch||[still]
|-fail|p2a: Yveltal
|
|upkeep
|turn|35
|
|t:|1610341297
|switch|p2a: Eternatus|Eternatus|55/100
|-ability|p2a: Eternatus|Pressure
|move|p1a: Yveltal|Snarl|p2a: Eternatus
|-damage|p2a: Eternatus|31/100
|-unboost|p2a: Eternatus|spa|1
|
|upkeep
|turn|36
|
|t:|1610341304
|move|p2a: Eternatus|Recover|p2a: Eternatus
|-heal|p2a: Eternatus|81/100
|move|p1a: Yveltal|Snarl|p2a: Eternatus
|-damage|p2a: Eternatus|59/100
|-unboost|p2a: Eternatus|spa|1
|
|upkeep
|turn|37
|
|t:|1610341309
|move|p2a: Eternatus|Flamethrower|p1a: Yveltal
|-damage|p1a: Yveltal|89/100
|-damage|p2a: Eternatus|49/100|[from] item: Life Orb
|move|p1a: Yveltal|Snarl|p2a: Eternatus
|-damage|p2a: Eternatus|25/100
|-unboost|p2a: Eternatus|spa|1
|
|upkeep
|turn|38
|
|t:|1610341316
|move|p2a: Eternatus|Recover|p2a: Eternatus
|-heal|p2a: Eternatus|75/100
|move|p1a: Yveltal|U-turn|p2a: Eternatus
|-resisted|p2a: Eternatus
|-damage|p2a: Eternatus|68/100
|
|t:|1610341318
|switch|p1a: Zacian|Zacian-Crowned|16/100|[from]move: U-turn
|-ability|p1a: Zacian|Intrepid Sword|boost
|-boost|p1a: Zacian|atk|1
|
|upkeep
|turn|39
|
|t:|1610341327
|switch|p2a: Yveltal|Yveltal|83/100
|-ability|p2a: Yveltal|Dark Aura
|move|p1a: Zacian|Behemoth Blade|p2a: Yveltal
|-damage|p2a: Yveltal|0 fnt
|faint|p2a: Yveltal
|
|upkeep
|
|t:|1610341329
|switch|p2a: Eternatus|Eternatus|68/100
|-ability|p2a: Eternatus|Pressure
|turn|40
|
|t:|1610341334
|move|p1a: Zacian|Behemoth Blade|p2a: Eternatus
|-damage|p2a: Eternatus|0 fnt
|faint|p2a: Eternatus
|
|win|Uz4 Rick Rude
|l|☆Rell27
|raw|Uz4 Rick Rude's rating: 1539 &rarr; <strong>1552</strong><br />(+13 for winning)
|raw|Rell27's rating: 1404 &rarr; <strong>1391</strong><br />(-13 for losing)
|c|☆Uz4 Rick Rude|All those crite
|l| ChadMcChadston
|c|☆Uz4 Rick Rude|crits*
