|j|☆IMPAQT
|j|☆Chunkomucho
|player|p1|IMPAQT|iris-gen5bw2|1558
|player|p2|Chunkomucho|erika|1497
|teamsize|p1|6
|teamsize|p2|6
|gametype|singles
|gen|8
|tier|[Gen 8] Ubers
|rated|
|clearpoke
|poke|p1|Galvantula, M|
|poke|p1|Sandaconda, F|
|poke|p1|Excadrill, M|
|poke|p1|Rotom-Fan|
|poke|p1|Bisharp, M|
|poke|p1|Hydreigon, M|
|poke|p2|Hatterene, F|
|poke|p2|Dracovish|
|poke|p2|Eternatus|
|poke|p2|Corviknight, M|
|poke|p2|Mandibuzz, F|
|poke|p2|Toxapex, M|
|rule|Sleep Clause Mod: Limit one foe put to sleep
|rule|Species Clause: Limit one of each Pokémon
|rule|OHKO Clause: OHKO moves are banned
|rule|Evasion Moves Clause: Evasion moves are banned
|rule|Endless Battle Clause: Forcing endless battles is banned
|rule|HP Percentage Mod: HP is shown in percentages
|html|Ubers Dynamax Clause: Pokémon on the <a href="https://www.smogon.com/dex/ss/formats/uber/">Ubers Dynamax Banlist</a> cannot Dynamax.
|teampreview
|j| Cyyru
|inactive|Battle timer is ON: inactive players will automatically lose when time's up. (requested by Chunkomucho)
|
|start
|switch|p1a: Galvantula|Galvantula, M|100/100
|switch|p2a: Himiko|Hatterene, F, shiny|100/100
|turn|1
|c| Cyyru|mono hatterine
|c|☆IMPAQT|ikr
|c|☆IMPAQT|wtf
|
|move|p1a: Galvantula|Thunder|p2a: Himiko
|-damage|p2a: Himiko|53/100
|move|p2a: Himiko|Trick Room|p2a: Himiko
|-fieldstart|move: Trick Room|[of] p2a: Himiko
|
|upkeep
|turn|2
|
|-start|p2a: Himiko|Dynamax
|-formechange|p2a: Himiko|Hatterene-Gmax
|-heal|p2a: Himiko|53/100|[silent]
|move|p2a: Himiko|Max Mindstorm|p1a: Galvantula
|-enditem|p1a: Galvantula|Focus Sash
|-damage|p1a: Galvantula|1/100
|-fieldstart|move: Psychic Terrain
|-damage|p2a: Himiko|48/100|[from] item: Life Orb
|move|p1a: Galvantula|Thunder|p2a: Himiko
|-damage|p2a: Himiko|22/100
|-status|p2a: Himiko|par
|
|upkeep
|turn|3
|
|move|p2a: Himiko|G-Max Smite|p1a: Galvantula
|-damage|p1a: Galvantula|0 fnt
|-damage|p2a: Himiko|17/100 par|[from] item: Life Orb
|faint|p1a: Galvantula
|
|upkeep
|
|switch|p1a: Sandaconda|Sandaconda, F|100/100
|turn|4
|
|move|p2a: Himiko|G-Max Smite|p1a: Sandaconda
|-enditem|p1a: Sandaconda|Focus Sash
|-damage|p1a: Sandaconda|1/100
|-start|p1a: Sandaconda|confusion
|-weather|Sandstorm|[from] ability: Sand Spit|[of] p1a: Sandaconda
|-damage|p2a: Himiko|12/100 par|[from] item: Life Orb
|-activate|p1a: Sandaconda|confusion
|move|p1a: Sandaconda|Earthquake|p2a: Himiko
|-damage|p2a: Himiko|0 fnt
|faint|p2a: Himiko
|
|-weather|Sandstorm|[upkeep]
|upkeep
|inactive|Chunkomucho has 120 seconds left.
|
|switch|p2a: Mandibuzz|Mandibuzz, F|100/100
|turn|5
|
|move|p2a: Mandibuzz|U-turn|p1a: Sandaconda
|-damage|p1a: Sandaconda|0 fnt
|faint|p1a: Sandaconda
|
|switch|p2a: Corviknight|Corviknight, M|100/100|[from]move: U-turn
|-ability|p2a: Corviknight|Pressure
|
|-weather|Sandstorm|[upkeep]
|-fieldend|move: Trick Room
|upkeep
|
|switch|p1a: Rotom|Rotom-Fan|100/100
|turn|6
|
|switch|p2a: Eternatus|Eternatus|100/100
|-ability|p2a: Eternatus|Pressure
|move|p1a: Rotom|Nasty Plot|p1a: Rotom
|-boost|p1a: Rotom|spa|2
|
|-weather|Sandstorm|[upkeep]
|-damage|p2a: Eternatus|94/100|[from] Sandstorm
|-damage|p1a: Rotom|94/100|[from] Sandstorm
|-fieldend|move: Psychic Terrain
|upkeep
|turn|7
|
|switch|p1a: Excadrill|Excadrill, M|100/100
|move|p2a: Eternatus|Dynamax Cannon|p1a: Excadrill
|-resisted|p1a: Excadrill
|-damage|p1a: Excadrill|46/100
|-damage|p2a: Eternatus|85/100|[from] item: Life Orb
|
|-weather|Sandstorm|[upkeep]
|-damage|p2a: Eternatus|78/100|[from] Sandstorm
|upkeep
|turn|8
|
|switch|p2a: Corviknight|Corviknight, M|100/100
|-ability|p2a: Corviknight|Pressure
|move|p1a: Excadrill|Swords Dance|p1a: Excadrill
|-boost|p1a: Excadrill|atk|2
|
|-weather|none
|upkeep
|turn|9
|
|-start|p1a: Excadrill|Dynamax
|-heal|p1a: Excadrill|46/100|[silent]
|move|p1a: Excadrill|Max Rockfall|p2a: Corviknight
|-damage|p2a: Corviknight|28/100
|-weather|Sandstorm
|-damage|p1a: Excadrill|41/100|[from] item: Life Orb
|move|p2a: Corviknight|Body Press|p1a: Excadrill
|-supereffective|p1a: Excadrill
|-damage|p1a: Excadrill|5/100
|
|-weather|Sandstorm|[upkeep]
|upkeep
|turn|10
|
|switch|p2a: Toxapex|Toxapex, M|100/100
|move|p1a: Excadrill|Max Quake|p2a: Toxapex
|-supereffective|p2a: Toxapex
|-damage|p2a: Toxapex|0 fnt
|-boost|p1a: Excadrill|spd|1
|-damage|p1a: Excadrill|0 fnt|[from] item: Life Orb
|faint|p2a: Toxapex
|faint|p1a: Excadrill
|
|-weather|Sandstorm|[upkeep]
|upkeep
|
|switch|p1a: Bisharp|Bisharp, M|100/100
|switch|p2a: Eternatus|Eternatus|78/100
|-ability|p2a: Eternatus|Pressure
|turn|11
|
|move|p1a: Bisharp|Sucker Punch|p2a: Eternatus
|-damage|p2a: Eternatus|39/100
|-damage|p1a: Bisharp|91/100|[from] item: Life Orb
|move|p2a: Eternatus|Flamethrower|p1a: Bisharp
|-supereffective|p1a: Bisharp
|-damage|p1a: Bisharp|0 fnt
|-damage|p2a: Eternatus|29/100|[from] item: Life Orb
|faint|p1a: Bisharp
|
|-weather|Sandstorm|[upkeep]
|-damage|p2a: Eternatus|23/100|[from] Sandstorm
|upkeep
|
|switch|p1a: Rotom|Rotom-Fan|94/100
|turn|12
|
|switch|p2a: Corviknight|Corviknight, M|28/100
|-ability|p2a: Corviknight|Pressure
|move|p1a: Rotom|Air Slash|p2a: Corviknight
|-resisted|p2a: Corviknight
|-damage|p2a: Corviknight|6/100
|-damage|p1a: Rotom|84/100|[from] item: Life Orb
|
|-weather|Sandstorm|[upkeep]
|-damage|p1a: Rotom|78/100|[from] Sandstorm
|upkeep
|turn|13
|
|move|p1a: Rotom|Thunderbolt|p2a: Corviknight
|-supereffective|p2a: Corviknight
|-damage|p2a: Corviknight|0 fnt
|-damage|p1a: Rotom|68/100|[from] item: Life Orb
|faint|p2a: Corviknight
|
|-weather|none
|upkeep
|
|switch|p2a: Dracovish|Dracovish|100/100
|turn|14
|
|move|p1a: Rotom|Thunderbolt|p2a: Dracovish
|-damage|p2a: Dracovish|37/100
|-damage|p1a: Rotom|58/100|[from] item: Life Orb
|move|p2a: Dracovish|Fishious Rend|p1a: Rotom
|-damage|p1a: Rotom|0 fnt
|faint|p1a: Rotom
|
|upkeep
|
|switch|p1a: Hydreigon|Hydreigon, M|100/100
|turn|15
|
|move|p1a: Hydreigon|Dark Pulse|p2a: Dracovish
|-damage|p2a: Dracovish|0 fnt
|-damage|p1a: Hydreigon|91/100|[from] item: Life Orb
|faint|p2a: Dracovish
|
|upkeep
|
|switch|p2a: Mandibuzz|Mandibuzz, F|100/100
|turn|16
|c|☆Chunkomucho|Gg
|-message|IMPAQT forfeited.
|
|win|Chunkomucho
|l|☆IMPAQT
|l| Cyyru
|raw|IMPAQT's rating: 1574 &rarr; <strong>1549</strong><br />(-25 for losing)
|raw|Chunkomucho's rating: 1497 &rarr; <strong>1521</strong><br />(+24 for winning)
