|j|☆MONSTER-K-WHITE
|j|☆Carl Murray
|player|p1|MONSTER-K-WHITE|unknownf|
|player|p2|Carl Murray|roxie|
|teamsize|p1|6
|teamsize|p2|6
|gametype|singles
|gen|8
|tier|[Gen 8] Ubers
|rated|Tournament battle
|clearpoke
|poke|p1|Ferrothorn, F|
|poke|p1|Togekiss, F|
|poke|p1|Zekrom|
|poke|p1|Mandibuzz, F|
|poke|p1|Necrozma-Dusk-Mane|
|poke|p1|Lunala|
|poke|p2|Melmetal|
|poke|p2|Zacian|
|poke|p2|Necrozma-Dusk-Mane|
|poke|p2|Corviknight, F|
|poke|p2|Ditto|
|poke|p2|Tyranitar, F|
|rule|Sleep Clause Mod: Limit one foe put to sleep
|rule|Species Clause: Limit one of each Pokémon
|rule|OHKO Clause: OHKO moves are banned
|rule|Evasion Moves Clause: Evasion moves are banned
|rule|Endless Battle Clause: Forcing endless battles is banned
|rule|HP Percentage Mod: HP is shown in percentages
|html|Ubers Dynamax Clause: Pokémon on the <a href="https://www.smogon.com/dex/ss/formats/uber/">Ubers Dynamax Banlist</a> cannot Dynamax.
|teampreview
|j|+TrueNora
|j|%shrang
|j| bananossauro
|c|☆MONSTER-K-WHITE|Glhf
|c|☆Carl Murray|u2
|c|+TrueNora|Yo..
|j| SiTuM.
|c|+TrueNora|Goat heart team
|c|☆Carl Murray|you should have this
|c|+TrueNora|nice
|
|start
|switch|p1a: Lunala|Lunala|100/100
|switch|p2a: Corviknight|Corviknight, F|100/100
|-ability|p2a: Corviknight|Pressure
|turn|1
|
|move|p1a: Lunala|Thunder Wave|p2a: Corviknight
|-status|p2a: Corviknight|par
|cant|p2a: Corviknight|par
|
|upkeep
|turn|2
|
|switch|p2a: Tyranitar|Tyranitar, F|100/100
|-weather|Sandstorm|[from] ability: Sand Stream|[of] p2a: Tyranitar
|move|p1a: Lunala|Hex|p2a: Tyranitar
|-resisted|p2a: Tyranitar
|-damage|p2a: Tyranitar|95/100
|
|-weather|Sandstorm|[upkeep]
|-damage|p1a: Lunala|94/100|[from] Sandstorm
|-heal|p2a: Tyranitar|100/100|[from] item: Leftovers
|upkeep
|turn|3
|
|switch|p1a: Ferrothorn|Ferrothorn, F|100/100
|move|p2a: Tyranitar|Toxic|p1a: Ferrothorn
|-immune|p1a: Ferrothorn
|
|-weather|Sandstorm|[upkeep]
|upkeep
|turn|4
|
|switch|p2a: Corviknight|Corviknight, F|100/100 par
|-ability|p2a: Corviknight|Pressure
|move|p1a: Ferrothorn|Spikes|p2a: Corviknight
|-sidestart|p2: Carl Murray|Spikes
|
|-weather|Sandstorm|[upkeep]
|upkeep
|turn|5
|j| Flyingtypemaster3
|
|move|p2a: Corviknight|Body Press|p1a: Ferrothorn
|-supereffective|p1a: Ferrothorn
|-damage|p1a: Ferrothorn|72/100
|-damage|p2a: Corviknight|88/100 par|[from] ability: Iron Barbs|[of] p1a: Ferrothorn
|move|p1a: Ferrothorn|Knock Off|p2a: Corviknight
|-damage|p2a: Corviknight|76/100 par
|-damage|p1a: Ferrothorn|55/100|[from] item: Rocky Helmet|[of] p2a: Corviknight
|-enditem|p2a: Corviknight|Rocky Helmet|[from] move: Knock Off|[of] p1a: Ferrothorn
|
|-weather|Sandstorm|[upkeep]
|-heal|p1a: Ferrothorn|61/100|[from] item: Leftovers
|upkeep
|turn|6
|
|switch|p1a: Lunala|Lunala|94/100
|move|p2a: Corviknight|Defog|p1a: Lunala
|-unboost|p1a: Lunala|evasion|1
|-sideend|p2: Carl Murray|Spikes|[from] move: Defog|[of] p2a: Corviknight
|
|-weather|none
|upkeep
|turn|7
|
|switch|p2a: Tyranitar|Tyranitar, F|100/100
|-weather|Sandstorm|[from] ability: Sand Stream|[of] p2a: Tyranitar
|move|p1a: Lunala|Thunder Wave|p2a: Tyranitar
|-status|p2a: Tyranitar|par
|
|-weather|Sandstorm|[upkeep]
|-damage|p1a: Lunala|88/100|[from] Sandstorm
|upkeep
|turn|8
|
|switch|p1a: Ferrothorn|Ferrothorn, F|61/100
|move|p2a: Tyranitar|Stealth Rock|p1a: Ferrothorn
|-sidestart|p1: MONSTER-K-WHITE|move: Stealth Rock
|
|-weather|Sandstorm|[upkeep]
|-heal|p1a: Ferrothorn|68/100|[from] item: Leftovers
|upkeep
|turn|9
|
|switch|p2a: Necrozma|Necrozma-Dusk-Mane|100/100
|move|p1a: Ferrothorn|Spikes|p2a: Necrozma
|-sidestart|p2: Carl Murray|Spikes
|
|-weather|Sandstorm|[upkeep]
|-heal|p1a: Ferrothorn|74/100|[from] item: Leftovers
|upkeep
|turn|10
|j| CallMeLogical
|c|☆MONSTER-K-WHITE|Scary
|c|☆Carl Murray|does sub sd destroy you
|
|move|p2a: Necrozma|Swords Dance|p2a: Necrozma
|-boost|p2a: Necrozma|atk|2
|move|p1a: Ferrothorn|Thunder Wave|p2a: Necrozma
|-status|p2a: Necrozma|par
|
|-weather|Sandstorm|[upkeep]
|-heal|p1a: Ferrothorn|80/100|[from] item: Leftovers
|upkeep
|turn|11
|c|☆Carl Murray|not cool
|
|move|p2a: Necrozma|Sunsteel Strike|p1a: Ferrothorn
|-resisted|p1a: Ferrothorn
|-damage|p1a: Ferrothorn|51/100
|-damage|p2a: Necrozma|88/100 par|[from] ability: Iron Barbs|[of] p1a: Ferrothorn
|move|p1a: Ferrothorn|Curse|p1a: Ferrothorn
|-unboost|p1a: Ferrothorn|spe|1
|-boost|p1a: Ferrothorn|atk|1
|-boost|p1a: Ferrothorn|def|1
|
|-weather|none
|-heal|p2a: Necrozma|94/100 par|[from] item: Leftovers
|-heal|p1a: Ferrothorn|57/100|[from] item: Leftovers
|upkeep
|turn|12
|c|☆Carl Murray|that's new
|
|move|p2a: Necrozma|Earthquake|p1a: Ferrothorn
|-damage|p1a: Ferrothorn|31/100
|move|p1a: Ferrothorn|Curse|p1a: Ferrothorn
|-unboost|p1a: Ferrothorn|spe|1
|-boost|p1a: Ferrothorn|atk|1
|-boost|p1a: Ferrothorn|def|1
|
|-heal|p2a: Necrozma|99/100 par|[from] item: Leftovers
|-heal|p1a: Ferrothorn|37/100|[from] item: Leftovers
|upkeep
|turn|13
|
|move|p2a: Necrozma|Earthquake|p1a: Ferrothorn
|-damage|p1a: Ferrothorn|17/100
|move|p1a: Ferrothorn|Knock Off|p2a: Necrozma
|-supereffective|p2a: Necrozma
|-damage|p2a: Necrozma|54/100 par
|-enditem|p2a: Necrozma|Leftovers|[from] move: Knock Off|[of] p1a: Ferrothorn
|
|-heal|p1a: Ferrothorn|23/100|[from] item: Leftovers
|upkeep
|turn|14
|
|move|p2a: Necrozma|Earthquake|p1a: Ferrothorn
|-damage|p1a: Ferrothorn|2/100
|move|p1a: Ferrothorn|Spikes|p2a: Necrozma
|-sidestart|p2: Carl Murray|Spikes
|
|-heal|p1a: Ferrothorn|8/100|[from] item: Leftovers
|upkeep
|turn|15
|
|move|p2a: Necrozma|Earthquake|p1a: Ferrothorn
|-damage|p1a: Ferrothorn|0 fnt
|faint|p1a: Ferrothorn
|
|upkeep
|
|switch|p1a: Lunala|Lunala|88/100
|turn|16
|
|switch|p2a: Tyranitar|Tyranitar, F|100/100 par
|-damage|p2a: Tyranitar|84/100 par|[from] Spikes
|-weather|Sandstorm|[from] ability: Sand Stream|[of] p2a: Tyranitar
|move|p1a: Lunala|Hex|p2a: Tyranitar
|-resisted|p2a: Tyranitar
|-damage|p2a: Tyranitar|71/100 par
|
|-weather|Sandstorm|[upkeep]
|-damage|p1a: Lunala|82/100|[from] Sandstorm
|-heal|p2a: Tyranitar|77/100 par|[from] item: Leftovers
|upkeep
|turn|17
|
|switch|p1a: Necrozma|Necrozma-Dusk-Mane|100/100
|-damage|p1a: Necrozma|94/100|[from] Stealth Rock
|move|p2a: Tyranitar|Dark Pulse|p1a: Necrozma
|-supereffective|p1a: Necrozma
|-damage|p1a: Necrozma|63/100
|
|-weather|Sandstorm|[upkeep]
|-heal|p1a: Necrozma|69/100|[from] item: Leftovers
|-heal|p2a: Tyranitar|83/100 par|[from] item: Leftovers
|upkeep
|turn|18
|
|switch|p1a: Zekrom|Zekrom|100/100
|-damage|p1a: Zekrom|88/100|[from] Stealth Rock
|-ability|p1a: Zekrom|Teravolt
|switch|p2a: Corviknight|Corviknight, F|76/100 par
|-ability|p2a: Corviknight|Pressure
|
|-weather|Sandstorm|[upkeep]
|-damage|p1a: Zekrom|82/100|[from] Sandstorm
|-heal|p1a: Zekrom|88/100|[from] item: Leftovers
|upkeep
|turn|19
|
|switch|p2a: Melmetal|Melmetal|100/100
|-damage|p2a: Melmetal|84/100|[from] Spikes
|move|p1a: Zekrom|Bolt Strike|p2a: Melmetal
|-damage|p2a: Melmetal|53/100
|
|-weather|Sandstorm|[upkeep]
|-damage|p1a: Zekrom|82/100|[from] Sandstorm
|-heal|p1a: Zekrom|88/100|[from] item: Leftovers
|-heal|p2a: Melmetal|59/100|[from] item: Leftovers
|upkeep
|turn|20
|
|move|p1a: Zekrom|Thunder Wave|p2a: Melmetal
|-status|p2a: Melmetal|par
|move|p2a: Melmetal|Rest|p2a: Melmetal
|-status|p2a: Melmetal|slp|[from] move: Rest
|-heal|p2a: Melmetal|100/100 slp|[silent]
|
|-weather|none
|-heal|p1a: Zekrom|94/100|[from] item: Leftovers
|upkeep
|turn|21
|
|cant|p2a: Melmetal|slp
|move|p2a: Melmetal|Sleep Talk|p2a: Melmetal
|move|p2a: Melmetal|Rest|p2a: Melmetal|[from]Sleep Talk
|-fail|p2a: Melmetal|heal
|move|p1a: Zekrom|Dragon Tail|p2a: Melmetal|[miss]
|-miss|p1a: Zekrom|p2a: Melmetal
|
|-heal|p1a: Zekrom|100/100|[from] item: Leftovers
|upkeep
|turn|22
|
|switch|p1a: Necrozma|Necrozma-Dusk-Mane|69/100
|-damage|p1a: Necrozma|63/100|[from] Stealth Rock
|cant|p2a: Melmetal|slp
|move|p2a: Melmetal|Sleep Talk|p2a: Melmetal
|move|p2a: Melmetal|Acid Armor|p2a: Melmetal|[from]Sleep Talk
|-boost|p2a: Melmetal|def|2
|
|-heal|p1a: Necrozma|69/100|[from] item: Leftovers
|upkeep
|turn|23
|
|move|p1a: Necrozma|Swords Dance|p1a: Necrozma
|-boost|p1a: Necrozma|atk|2
|-curestatus|p2a: Melmetal|slp|[msg]
|move|p2a: Melmetal|Acid Armor|p2a: Melmetal
|-boost|p2a: Melmetal|def|2
|
|-heal|p1a: Necrozma|75/100|[from] item: Leftovers
|upkeep
|turn|24
|l| bananossauro
|
|move|p1a: Necrozma|Thunder Wave|p2a: Melmetal
|-status|p2a: Melmetal|par
|move|p2a: Melmetal|Body Press|p1a: Necrozma
|-damage|p1a: Necrozma|37/100
|
|-heal|p1a: Necrozma|43/100|[from] item: Leftovers
|upkeep
|turn|25
|
|move|p1a: Necrozma|Morning Sun|p1a: Necrozma
|-heal|p1a: Necrozma|93/100
|move|p2a: Melmetal|Acid Armor|p2a: Melmetal
|-boost|p2a: Melmetal|def|2
|
|-heal|p1a: Necrozma|99/100|[from] item: Leftovers
|upkeep
|turn|26
|c|☆Carl Murray|is this mono twave
|
|switch|p1a: Lunala|Lunala|82/100
|move|p2a: Melmetal|Body Press|p1a: Lunala
|-immune|p1a: Lunala
|
|upkeep
|turn|27
|
|cant|p2a: Melmetal|par
|move|p1a: Lunala|Roar|p2a: Melmetal
|drag|p2a: Corviknight|Corviknight, F|76/100 par
|-ability|p2a: Corviknight|Pressure
|
|upkeep
|turn|28
|
|switch|p2a: Tyranitar|Tyranitar, F|83/100 par
|-damage|p2a: Tyranitar|67/100 par|[from] Spikes
|-weather|Sandstorm|[from] ability: Sand Stream|[of] p2a: Tyranitar
|move|p1a: Lunala|Roar|p2a: Tyranitar
|drag|p2a: Ditto|Ditto|100/100
|-damage|p2a: Ditto|84/100|[from] Spikes
|-transform|p2a: Ditto|p1a: Lunala|[from] ability: Imposter
|
|-weather|Sandstorm|[upkeep]
|-damage|p2a: Ditto|78/100|[from] Sandstorm
|-damage|p1a: Lunala|76/100|[from] Sandstorm
|upkeep
|turn|29
|
|switch|p1a: Zekrom|Zekrom|100/100
|-damage|p1a: Zekrom|88/100|[from] Stealth Rock
|-ability|p1a: Zekrom|Teravolt
|move|p2a: Ditto|Thunder Wave|p1a: Zekrom
|-immune|p1a: Zekrom
|
|-weather|Sandstorm|[upkeep]
|-damage|p2a: Ditto|72/100|[from] Sandstorm
|-damage|p1a: Zekrom|82/100|[from] Sandstorm
|-heal|p1a: Zekrom|88/100|[from] item: Leftovers
|upkeep
|turn|30
|
|switch|p2a: Melmetal|Melmetal|100/100 par
|-damage|p2a: Melmetal|84/100 par|[from] Spikes
|move|p1a: Zekrom|Dragon Tail|p2a: Melmetal
|-resisted|p2a: Melmetal
|-damage|p2a: Melmetal|76/100 par
|drag|p2a: Tyranitar|Tyranitar, F|67/100 par
|-damage|p2a: Tyranitar|50/100 par|[from] Spikes
|
|-weather|Sandstorm|[upkeep]
|-damage|p1a: Zekrom|82/100|[from] Sandstorm
|-heal|p1a: Zekrom|88/100|[from] item: Leftovers
|-heal|p2a: Tyranitar|56/100 par|[from] item: Leftovers
|upkeep
|turn|31
|
|switch|p2a: Melmetal|Melmetal|76/100 par
|-damage|p2a: Melmetal|59/100 par|[from] Spikes
|move|p1a: Zekrom|Bolt Strike|p2a: Melmetal
|-damage|p2a: Melmetal|27/100 par
|
|-weather|Sandstorm|[upkeep]
|-damage|p1a: Zekrom|82/100|[from] Sandstorm
|-heal|p1a: Zekrom|88/100|[from] item: Leftovers
|-heal|p2a: Melmetal|33/100 par|[from] item: Leftovers
|upkeep
|turn|32
|
|move|p2a: Melmetal|Rest|p2a: Melmetal
|-status|p2a: Melmetal|slp|[from] move: Rest
|-heal|p2a: Melmetal|100/100 slp|[silent]
|move|p1a: Zekrom|Dragon Tail|p2a: Melmetal
|-resisted|p2a: Melmetal
|-damage|p2a: Melmetal|92/100 slp
|drag|p2a: Tyranitar|Tyranitar, F|56/100 par
|-damage|p2a: Tyranitar|40/100 par|[from] Spikes
|
|-weather|none
|-heal|p1a: Zekrom|94/100|[from] item: Leftovers
|-heal|p2a: Tyranitar|46/100 par|[from] item: Leftovers
|upkeep
|turn|33
|
|move|p1a: Zekrom|Bolt Strike|p2a: Tyranitar
|-damage|p2a: Tyranitar|0 fnt
|faint|p2a: Tyranitar
|
|-heal|p1a: Zekrom|100/100|[from] item: Leftovers
|upkeep
|
|switch|p2a: Zacian|Zacian|100/100
|-damage|p2a: Zacian|84/100|[from] Spikes
|-ability|p2a: Zacian|Intrepid Sword|boost
|-boost|p2a: Zacian|atk|1
|turn|34
|
|switch|p1a: Necrozma|Necrozma-Dusk-Mane|99/100
|-damage|p1a: Necrozma|93/100|[from] Stealth Rock
|move|p2a: Zacian|Swords Dance|p2a: Zacian
|-boost|p2a: Zacian|atk|2
|
|-heal|p1a: Necrozma|99/100|[from] item: Leftovers
|upkeep
|turn|35
|
|move|p2a: Zacian|Crunch|p1a: Necrozma
|-supereffective|p1a: Necrozma
|-damage|p1a: Necrozma|41/100
|move|p1a: Necrozma|Thunder Wave|p2a: Zacian
|-status|p2a: Zacian|par
|
|-heal|p1a: Necrozma|47/100|[from] item: Leftovers
|upkeep
|turn|36
|
|move|p2a: Zacian|Crunch|p1a: Necrozma
|-supereffective|p1a: Necrozma
|-damage|p1a: Necrozma|0 fnt
|faint|p1a: Necrozma
|
|upkeep
|
|switch|p1a: Togekiss|Togekiss, F|100/100
|-damage|p1a: Togekiss|76/100|[from] Stealth Rock
|turn|37
|
|switch|p2a: Ditto|Ditto|72/100
|-damage|p2a: Ditto|56/100|[from] Spikes
|-transform|p2a: Ditto|p1a: Togekiss|[from] ability: Imposter
|move|p1a: Togekiss|Substitute|p1a: Togekiss
|-start|p1a: Togekiss|Substitute
|-damage|p1a: Togekiss|51/100
|
|-heal|p1a: Togekiss|57/100|[from] item: Leftovers
|upkeep
|turn|38
|
|move|p2a: Ditto|Air Slash|p1a: Togekiss
|-end|p1a: Togekiss|Substitute
|move|p1a: Togekiss|Roost|p1a: Togekiss
|-heal|p1a: Togekiss|100/100
|-singleturn|p1a: Togekiss|move: Roost
|
|upkeep
|turn|39
|
|switch|p1a: Zekrom|Zekrom|100/100
|-damage|p1a: Zekrom|88/100|[from] Stealth Rock
|-ability|p1a: Zekrom|Teravolt
|move|p2a: Ditto|Air Slash|p1a: Zekrom
|-resisted|p1a: Zekrom
|-damage|p1a: Zekrom|70/100
|
|-heal|p1a: Zekrom|76/100|[from] item: Leftovers
|upkeep
|turn|40
|
|move|p2a: Ditto|Air Slash|p1a: Zekrom
|-resisted|p1a: Zekrom
|-crit|p1a: Zekrom
|-damage|p1a: Zekrom|49/100
|cant|p1a: Zekrom|flinch
|
|-heal|p1a: Zekrom|55/100|[from] item: Leftovers
|upkeep
|turn|41
|
|move|p2a: Ditto|Air Slash|p1a: Zekrom
|-resisted|p1a: Zekrom
|-damage|p1a: Zekrom|37/100
|cant|p1a: Zekrom|flinch
|
|-heal|p1a: Zekrom|44/100|[from] item: Leftovers
|upkeep
|turn|42
|
|switch|p2a: Zacian|Zacian|84/100 par
|-damage|p2a: Zacian|67/100 par|[from] Spikes
|-ability|p2a: Zacian|Intrepid Sword|boost
|-boost|p2a: Zacian|atk|1
|move|p1a: Zekrom|Roost|p1a: Zekrom
|-heal|p1a: Zekrom|94/100
|-singleturn|p1a: Zekrom|move: Roost
|
|-heal|p1a: Zekrom|99/100|[from] item: Leftovers
|upkeep
|turn|43
|
|move|p1a: Zekrom|Bolt Strike|p2a: Zacian
|-damage|p2a: Zacian|10/100 par
|move|p2a: Zacian|Play Rough|p1a: Zekrom
|-supereffective|p1a: Zekrom
|-damage|p1a: Zekrom|22/100
|
|-heal|p1a: Zekrom|28/100|[from] item: Leftovers
|upkeep
|turn|44
|
|move|p1a: Zekrom|Bolt Strike|p2a: Zacian
|-damage|p2a: Zacian|0 fnt
|faint|p2a: Zacian
|
|-heal|p1a: Zekrom|34/100|[from] item: Leftovers
|upkeep
|
|switch|p2a: Ditto|Ditto|56/100
|-damage|p2a: Ditto|39/100|[from] Spikes
|-transform|p2a: Ditto|p1a: Zekrom|[from] ability: Imposter
|-ability|p2a: Ditto|Teravolt
|turn|45
|c|%shrang|weak
|
|move|p1a: Zekrom|Roost|p1a: Zekrom
|-heal|p1a: Zekrom|84/100
|-singleturn|p1a: Zekrom|move: Roost
|move|p2a: Ditto|Dragon Tail|p1a: Zekrom
|-supereffective|p1a: Zekrom
|-damage|p1a: Zekrom|55/100
|drag|p1a: Mandibuzz|Mandibuzz, F|100/100
|
|upkeep
|turn|46
|
|switch|p2a: Corviknight|Corviknight, F|76/100 par
|-ability|p2a: Corviknight|Pressure
|move|p1a: Mandibuzz|U-turn|p2a: Corviknight
|-resisted|p2a: Corviknight
|-damage|p2a: Corviknight|74/100 par
|
|switch|p1a: Lunala|Lunala|76/100|[from]move: U-turn
|
|upkeep
|turn|47
|
|move|p1a: Lunala|Roost|p1a: Lunala
|-heal|p1a: Lunala|100/100
|-singleturn|p1a: Lunala|move: Roost
|cant|p2a: Corviknight|par
|
|upkeep
|turn|48
|
|move|p1a: Lunala|Hex|p2a: Corviknight
|-damage|p2a: Corviknight|16/100 par
|move|p2a: Corviknight|Defog|p1a: Lunala
|-unboost|p1a: Lunala|evasion|1
|-sideend|p1: MONSTER-K-WHITE|Stealth Rock|[from] move: Defog|[of] p2a: Corviknight
|-sideend|p2: Carl Murray|Spikes|[from] move: Defog|[of] p2a: Corviknight
|
|upkeep
|turn|49
|
|switch|p2a: Melmetal|Melmetal|92/100 slp
|move|p1a: Lunala|Hex|p2a: Melmetal
|-damage|p2a: Melmetal|56/100 slp
|
|-heal|p2a: Melmetal|62/100 slp|[from] item: Leftovers
|upkeep
|turn|50
|
|move|p1a: Lunala|Hex|p2a: Melmetal
|-damage|p2a: Melmetal|21/100 slp
|cant|p2a: Melmetal|slp
|
|-heal|p2a: Melmetal|27/100 slp|[from] item: Leftovers
|upkeep
|turn|51
|c|☆Carl Murray|yeah my team is bad and i knew it
|
|switch|p2a: Corviknight|Corviknight, F|16/100 par
|-ability|p2a: Corviknight|Pressure
|move|p1a: Lunala|Hex|p2a: Corviknight
|-damage|p2a: Corviknight|0 fnt
|faint|p2a: Corviknight
|
|upkeep
|
|switch|p2a: Ditto|Ditto|39/100
|-transform|p2a: Ditto|p1a: Lunala|[from] ability: Imposter
|turn|52
|c|☆MONSTER-K-WHITE|It may be an old team but not bad
|c|☆Carl Murray|i made it like
|
|switch|p1a: Zekrom|Zekrom|55/100
|-ability|p1a: Zekrom|Teravolt
|move|p2a: Ditto|Thunder Wave|p1a: Zekrom
|-immune|p1a: Zekrom
|
|-heal|p1a: Zekrom|61/100|[from] item: Leftovers
|upkeep
|turn|53
|c|☆Carl Murray|a month ago
|
|switch|p2a: Melmetal|Melmetal|27/100 slp
|switch|p1a: Lunala|Lunala|100/100
|
|-heal|p2a: Melmetal|33/100 slp|[from] item: Leftovers
|upkeep
|turn|54
|
|move|p1a: Lunala|Hex|p2a: Melmetal
|-damage|p2a: Melmetal|0 fnt
|faint|p2a: Melmetal
|
|upkeep
|c| Flyingtypemaster3|ur telling me
|
|switch|p2a: Ditto|Ditto|39/100
|-transform|p2a: Ditto|p1a: Lunala|[from] ability: Imposter
|turn|55
|c| Flyingtypemaster3|bro my team was made monthes ago
|l|%shrang
|
|switch|p1a: Mandibuzz|Mandibuzz, F|100/100
|move|p2a: Ditto|Thunder Wave|p1a: Mandibuzz
|-status|p1a: Mandibuzz|par
|
|upkeep
|turn|56
|
|move|p2a: Ditto|Thunder Wave|p1a: Mandibuzz
|-fail|p1a: Mandibuzz|par
|move|p1a: Mandibuzz|U-turn|p2a: Ditto
|-damage|p2a: Ditto|24/100
|
|switch|p1a: Lunala|Lunala|100/100|[from]move: U-turn
|
|upkeep
|turn|57
|
|switch|p1a: Mandibuzz|Mandibuzz, F|100/100 par
|move|p2a: Ditto|Thunder Wave|p1a: Mandibuzz
|-fail|p1a: Mandibuzz|par
|
|upkeep
|turn|58
|
|move|p2a: Ditto|Thunder Wave|p1a: Mandibuzz
|-fail|p1a: Mandibuzz|par
|cant|p1a: Mandibuzz|par
|
|upkeep
|turn|59
|c|☆Carl Murray|but it's not your team
|c|☆Carl Murray|lol
|
|switch|p2a: Necrozma|Necrozma-Dusk-Mane|54/100 par
|move|p1a: Mandibuzz|U-turn|p2a: Necrozma
|-damage|p2a: Necrozma|45/100 par
|
|switch|p1a: Lunala|Lunala|100/100|[from]move: U-turn
|
|upkeep
|turn|60
|c|☆MONSTER-K-WHITE|Gg
|c|☆Carl Murray|gg
|
|move|p1a: Lunala|Hex|p2a: Necrozma
|-supereffective|p2a: Necrozma
|-damage|p2a: Necrozma|0 fnt
|faint|p2a: Necrozma
|
|upkeep
|
|switch|p2a: Ditto|Ditto|24/100
|-transform|p2a: Ditto|p1a: Lunala|[from] ability: Imposter
|turn|61
|
|move|p2a: Ditto|Hex|p1a: Lunala
|-supereffective|p1a: Lunala
|-damage|p1a: Lunala|57/100
|move|p1a: Lunala|Hex|p2a: Ditto
|-supereffective|p2a: Ditto
|-damage|p2a: Ditto|0 fnt
|faint|p2a: Ditto
|
|win|MONSTER-K-WHITE
