|j|☆TaKuTo-SeNpAi
|j|☆Frostburnnn
|player|p1|TaKuTo-SeNpAi|anabel|1509
|player|p2|Frostburnnn|elesa|1260
|teamsize|p1|6
|teamsize|p2|6
|gametype|singles
|gen|8
|tier|[Gen 8] Ubers
|rated|
|clearpoke
|poke|p1|Reshiram|
|poke|p1|Lunala|
|poke|p1|Quagsire, M|
|poke|p1|Tyranitar, M|
|poke|p1|Corviknight, M|
|poke|p1|Excadrill, M|
|poke|p2|Cloyster, M|
|poke|p2|Flygon, M|
|poke|p2|Tsareena, F|
|poke|p2|Rotom-Wash|
|poke|p2|Charizard, M|
|poke|p2|Zacian-Crowned|
|rule|Sleep Clause Mod: Limit one foe put to sleep
|rule|Species Clause: Limit one of each Pokémon
|rule|OHKO Clause: OHKO moves are banned
|rule|Evasion Moves Clause: Evasion moves are banned
|rule|Endless Battle Clause: Forcing endless battles is banned
|rule|HP Percentage Mod: HP is shown in percentages
|teampreview
|
|start
|switch|p1a: Lunala|Lunala, shiny|100/100
|switch|p2a: Flygon|Flygon, M|100/100
|turn|1
|
|move|p1a: Lunala|Will-O-Wisp|p2a: Flygon
|-status|p2a: Flygon|brn
|move|p2a: Flygon|Earthquake|p1a: Lunala
|-damage|p1a: Lunala|89/100
|-damage|p2a: Flygon|91/100 brn|[from] item: Life Orb
|
|-damage|p2a: Flygon|85/100 brn|[from] brn
|upkeep
|turn|2
|inactive|Battle timer is ON: inactive players will automatically lose when time's up. (requested by TaKuTo-SeNpAi)
|
|move|p1a: Lunala|Roost|p1a: Lunala
|-heal|p1a: Lunala|100/100
|-singleturn|p1a: Lunala|move: Roost
|move|p2a: Flygon|Dragon Dance|p2a: Flygon
|-boost|p2a: Flygon|atk|1
|-boost|p2a: Flygon|spe|1
|
|-damage|p2a: Flygon|79/100 brn|[from] brn
|upkeep
|turn|3
|
|move|p2a: Flygon|Earthquake|p1a: Lunala
|-damage|p1a: Lunala|83/100
|-damage|p2a: Flygon|69/100 brn|[from] item: Life Orb
|move|p1a: Lunala|Hex|p2a: Flygon
|-damage|p2a: Flygon|0 fnt
|faint|p2a: Flygon
|
|upkeep
|
|switch|p2a: Rotom|Rotom-Wash|100/100
|turn|4
|
|move|p1a: Lunala|Roost|p1a: Lunala
|-heal|p1a: Lunala|100/100
|-singleturn|p1a: Lunala|move: Roost
|move|p2a: Rotom|Shadow Ball|p1a: Lunala
|-supereffective|p1a: Lunala
|-damage|p1a: Lunala|54/100
|
|upkeep
|turn|5
|
|switch|p1a: Tyranitar|Tyranitar, M, shiny|100/100
|-weather|Sandstorm|[from] ability: Sand Stream|[of] p1a: Tyranitar
|move|p2a: Rotom|Shadow Ball|p1a: Tyranitar
|-resisted|p1a: Tyranitar
|-damage|p1a: Tyranitar|93/100
|-unboost|p1a: Tyranitar|spd|1
|
|-weather|Sandstorm|[upkeep]
|-damage|p2a: Rotom|94/100|[from] Sandstorm
|-heal|p1a: Tyranitar|99/100|[from] item: Leftovers
|upkeep
|turn|6
|
|switch|p2a: Tsareena|Tsareena, F|100/100
|move|p1a: Tyranitar|Stealth Rock|p2a: Tsareena
|-sidestart|p2: Frostburnnn|move: Stealth Rock
|
|-weather|Sandstorm|[upkeep]
|-damage|p2a: Tsareena|95/100|[from] Sandstorm
|-heal|p1a: Tyranitar|100/100|[from] item: Leftovers
|upkeep
|turn|7
|
|switch|p1a: Corviknight|Corviknight, M, shiny|100/100
|-ability|p1a: Corviknight|Pressure
|move|p2a: Tsareena|Rapid Spin|p1a: Corviknight
|-resisted|p1a: Corviknight
|-damage|p1a: Corviknight|95/100
|-boost|p2a: Tsareena|spe|1
|-sideend|p2: Frostburnnn|Stealth Rock|[from] move: Rapid Spin|[of] p2a: Tsareena
|
|-weather|Sandstorm|[upkeep]
|-damage|p2a: Tsareena|89/100|[from] Sandstorm
|-heal|p1a: Corviknight|100/100|[from] item: Leftovers
|upkeep
|turn|8
|
|switch|p2a: Rotom|Rotom-Wash|94/100
|move|p1a: Corviknight|Taunt|p2a: Rotom
|-start|p2a: Rotom|move: Taunt
|
|-weather|Sandstorm|[upkeep]
|-damage|p2a: Rotom|88/100|[from] Sandstorm
|upkeep
|turn|9
|
|switch|p1a: Tyranitar|Tyranitar, M, shiny|100/100
|move|p2a: Rotom|Volt Switch|p1a: Tyranitar
|-damage|p1a: Tyranitar|82/100
|
|switch|p2a: Cloyster|Cloyster, M|100/100|[from]move: Volt Switch
|
|-weather|none
|-heal|p1a: Tyranitar|88/100|[from] item: Leftovers
|upkeep
|turn|10
|
|move|p2a: Cloyster|Shell Smash|p2a: Cloyster
|-unboost|p2a: Cloyster|def|1
|-unboost|p2a: Cloyster|spd|1
|-boost|p2a: Cloyster|atk|2
|-boost|p2a: Cloyster|spa|2
|-boost|p2a: Cloyster|spe|2
|move|p1a: Tyranitar|Thunder Wave|p2a: Cloyster
|-status|p2a: Cloyster|par
|
|-heal|p1a: Tyranitar|94/100|[from] item: Leftovers
|upkeep
|turn|11
|
|switch|p1a: Corviknight|Corviknight, M, shiny|100/100
|-ability|p1a: Corviknight|Pressure
|cant|p2a: Cloyster|par
|
|upkeep
|turn|12
|
|move|p2a: Cloyster|Shell Smash|p2a: Cloyster
|-unboost|p2a: Cloyster|def|1
|-unboost|p2a: Cloyster|spd|1
|-boost|p2a: Cloyster|atk|2
|-boost|p2a: Cloyster|spa|2
|-boost|p2a: Cloyster|spe|2
|move|p1a: Corviknight|Body Press|p2a: Cloyster
|-supereffective|p2a: Cloyster
|-damage|p2a: Cloyster|13/100 par
|
|upkeep
|turn|13
|
|switch|p1a: Quagsire|Quagsire, M, shiny|100/100
|move|p2a: Cloyster|Liquidation|p1a: Quagsire
|-damage|p1a: Quagsire|73/100
|
|-heal|p1a: Quagsire|79/100|[from] item: Leftovers
|upkeep
|turn|14
|
|cant|p2a: Cloyster|par
|move|p1a: Quagsire|Liquidation|p2a: Cloyster
|-resisted|p2a: Cloyster
|-damage|p2a: Cloyster|2/100 par
|
|-heal|p1a: Quagsire|85/100|[from] item: Leftovers
|upkeep
|turn|15
|
|move|p2a: Cloyster|Liquidation|p1a: Quagsire
|-damage|p1a: Quagsire|55/100
|move|p1a: Quagsire|Recover|p1a: Quagsire
|-heal|p1a: Quagsire|100/100
|
|upkeep
|turn|16
|
|move|p2a: Cloyster|Icicle Spear|p1a: Quagsire
|-damage|p1a: Quagsire|92/100
|-damage|p1a: Quagsire|82/100
|-damage|p1a: Quagsire|73/100
|-damage|p1a: Quagsire|63/100
|-damage|p1a: Quagsire|55/100
|-hitcount|p1a: Quagsire|5
|move|p1a: Quagsire|Earthquake|p2a: Cloyster
|-damage|p2a: Cloyster|0 fnt
|faint|p2a: Cloyster
|
|-heal|p1a: Quagsire|61/100|[from] item: Leftovers
|upkeep
|inactive|Frostburnnn has 120 seconds left.
|
|switch|p2a: Tsareena|Tsareena, F|89/100
|turn|17
|
|switch|p1a: Corviknight|Corviknight, M, shiny|100/100
|-ability|p1a: Corviknight|Pressure
|move|p2a: Tsareena|Seed Bomb|p1a: Corviknight
|-resisted|p1a: Corviknight
|-damage|p1a: Corviknight|95/100
|
|-heal|p1a: Corviknight|100/100|[from] item: Leftovers
|upkeep
|turn|18
|
|move|p2a: Tsareena|U-turn|p1a: Corviknight
|-resisted|p1a: Corviknight
|-damage|p1a: Corviknight|97/100
|
|switch|p2a: Rotom|Rotom-Wash|88/100|[from]move: U-turn
|move|p1a: Corviknight|Taunt|p2a: Rotom
|-start|p2a: Rotom|move: Taunt
|
|-heal|p1a: Corviknight|100/100|[from] item: Leftovers
|upkeep
|turn|19
|
|switch|p1a: Tyranitar|Tyranitar, M, shiny|94/100
|-weather|Sandstorm|[from] ability: Sand Stream|[of] p1a: Tyranitar
|move|p2a: Rotom|Volt Switch|p1a: Tyranitar
|-damage|p1a: Tyranitar|76/100
|
|switch|p2a: Zacian|Zacian-Crowned|100/100|[from]move: Volt Switch
|-ability|p2a: Zacian|Intrepid Sword|boost
|-boost|p2a: Zacian|atk|1
|
|-weather|Sandstorm|[upkeep]
|-heal|p1a: Tyranitar|82/100|[from] item: Leftovers
|upkeep
|turn|20
|
|switch|p1a: Quagsire|Quagsire, M, shiny|61/100
|move|p2a: Zacian|Sacred Sword|p1a: Quagsire
|-damage|p1a: Quagsire|36/100
|
|-weather|Sandstorm|[upkeep]
|-heal|p1a: Quagsire|42/100|[from] item: Leftovers
|upkeep
|turn|21
|
|move|p2a: Zacian|Sacred Sword|p1a: Quagsire
|-damage|p1a: Quagsire|13/100
|move|p1a: Quagsire|Recover|p1a: Quagsire
|-heal|p1a: Quagsire|63/100
|
|-weather|Sandstorm|[upkeep]
|-heal|p1a: Quagsire|69/100|[from] item: Leftovers
|upkeep
|turn|22
|
|move|p2a: Zacian|Swords Dance|p2a: Zacian
|-boost|p2a: Zacian|atk|2
|move|p1a: Quagsire|Recover|p1a: Quagsire
|-heal|p1a: Quagsire|100/100
|
|-weather|Sandstorm|[upkeep]
|upkeep
|turn|23
|
|move|p2a: Zacian|Sacred Sword|p1a: Quagsire
|-damage|p1a: Quagsire|75/100
|move|p1a: Quagsire|Earthquake|p2a: Zacian
|-supereffective|p2a: Zacian
|-damage|p2a: Zacian|45/100
|
|-weather|none
|-heal|p1a: Quagsire|81/100|[from] item: Leftovers
|upkeep
|turn|24
|
|switch|p2a: Tsareena|Tsareena, F|89/100
|move|p1a: Quagsire|Liquidation|p2a: Tsareena
|-resisted|p2a: Tsareena
|-damage|p2a: Tsareena|73/100
|-unboost|p2a: Tsareena|def|1
|
|-heal|p1a: Quagsire|87/100|[from] item: Leftovers
|upkeep
|turn|25
|
|switch|p1a: Corviknight|Corviknight, M, shiny|100/100
|-ability|p1a: Corviknight|Pressure
|move|p2a: Tsareena|U-turn|p1a: Corviknight
|-resisted|p1a: Corviknight
|-damage|p1a: Corviknight|97/100
|
|switch|p2a: Rotom|Rotom-Wash|88/100|[from]move: U-turn
|
|-heal|p1a: Corviknight|100/100|[from] item: Leftovers
|upkeep
|turn|26
|
|switch|p1a: Excadrill|Excadrill, M, shiny|100/100
|move|p2a: Rotom|Trick|p1a: Excadrill
|-activate|p2a: Rotom|move: Trick|[of] p1a: Excadrill
|-item|p1a: Excadrill|Choice Specs|[from] move: Trick
|-item|p2a: Rotom|Life Orb|[from] move: Trick
|
|upkeep
|turn|27
|
|switch|p1a: Tyranitar|Tyranitar, M, shiny|82/100
|-weather|Sandstorm|[from] ability: Sand Stream|[of] p1a: Tyranitar
|move|p2a: Rotom|Hydro Pump|p1a: Tyranitar
|-supereffective|p1a: Tyranitar
|-damage|p1a: Tyranitar|32/100
|-damage|p2a: Rotom|78/100|[from] item: Life Orb
|
|-weather|Sandstorm|[upkeep]
|-damage|p2a: Rotom|72/100|[from] Sandstorm
|-heal|p1a: Tyranitar|38/100|[from] item: Leftovers
|upkeep
|turn|28
|
|move|p2a: Rotom|Hydro Pump|p1a: Tyranitar
|-supereffective|p1a: Tyranitar
|-damage|p1a: Tyranitar|0 fnt
|-damage|p2a: Rotom|62/100|[from] item: Life Orb
|faint|p1a: Tyranitar
|
|-weather|Sandstorm|[upkeep]
|-damage|p2a: Rotom|56/100|[from] Sandstorm
|upkeep
|
|switch|p1a: Reshiram|Reshiram, shiny|100/100
|-ability|p1a: Reshiram|Turboblaze
|turn|29
|
|move|p1a: Reshiram|Draco Meteor|p2a: Rotom
|-damage|p2a: Rotom|0 fnt
|-unboost|p1a: Reshiram|spa|2
|faint|p2a: Rotom
|
|-weather|Sandstorm|[upkeep]
|-damage|p1a: Reshiram|94/100|[from] Sandstorm
|upkeep
|inactive|Frostburnnn has 120 seconds left.
|
|switch|p2a: Charizard|Charizard, M, shiny|100/100
|turn|30
|
|switch|p1a: Excadrill|Excadrill, M, shiny|100/100
|-start|p2a: Charizard|Dynamax
|-formechange|p2a: Charizard|Charizard-Gmax
|-heal|p2a: Charizard|100/100|[silent]
|move|p2a: Charizard|Max Airstream|p1a: Excadrill
|-resisted|p1a: Excadrill
|-damage|p1a: Excadrill|59/100
|-boost|p2a: Charizard|spe|1
|
|-weather|Sandstorm|[upkeep]
|-damage|p2a: Charizard|97/100|[from] Sandstorm
|upkeep
|turn|31
|
|-start|p1a: Excadrill|Dynamax
|-heal|p1a: Excadrill|59/100|[silent]
|move|p1a: Excadrill|Max Rockfall|p2a: Charizard
|-supereffective|p2a: Charizard
|-crit|p2a: Charizard
|-damage|p2a: Charizard|0 fnt
|faint|p2a: Charizard
|
|-weather|none
|upkeep
|
|switch|p2a: Zacian|Zacian-Crowned|45/100
|-ability|p2a: Zacian|Intrepid Sword|boost
|-boost|p2a: Zacian|atk|1
|turn|32
|
|move|p2a: Zacian|Behemoth Blade|p1a: Excadrill
|-resisted|p1a: Excadrill
|-damage|p1a: Excadrill|0 fnt
|faint|p1a: Excadrill
|
|upkeep
|
|switch|p1a: Reshiram|Reshiram, shiny|94/100
|-ability|p1a: Reshiram|Turboblaze
|turn|33
|inactive|Frostburnnn has 120 seconds left.
|
|move|p1a: Reshiram|Blue Flare|p2a: Zacian|[miss]
|-miss|p1a: Reshiram|p2a: Zacian
|move|p2a: Zacian|Sacred Sword|p1a: Reshiram
|-damage|p1a: Reshiram|33/100
|
|upkeep
|turn|34
|
|move|p1a: Reshiram|Blue Flare|p2a: Zacian
|-supereffective|p2a: Zacian
|-damage|p2a: Zacian|0 fnt
|faint|p2a: Zacian
|
|upkeep
|
|switch|p2a: Tsareena|Tsareena, F|73/100
|turn|35
|
|move|p1a: Reshiram|Blue Flare|p2a: Tsareena
|-supereffective|p2a: Tsareena
|-damage|p2a: Tsareena|0 fnt
|faint|p2a: Tsareena
|
|win|TaKuTo-SeNpAi
|l|☆Frostburnnn
|raw|TaKuTo-SeNpAi's rating: 1509 &rarr; <strong>1516</strong><br />(+7 for winning)
|raw|Frostburnnn's rating: 1238 &rarr; <strong>1229</strong><br />(-9 for losing)
