|j|☆Dark★Shionツ
|j|☆killer whale squa
|t:|1638661552
|gametype|singles
|player|p1|Dark★Shionツ|hilbert|1550
|player|p2|killer whale squa|1|1440
|teamsize|p1|6
|teamsize|p2|6
|gen|8
|tier|[Gen 8] Ubers
|rated|
|rule|Sleep Clause Mod: Limit one foe put to sleep
|rule|Species Clause: Limit one of each Pokémon
|rule|OHKO Clause: OHKO moves are banned
|rule|Evasion Moves Clause: Evasion moves are banned
|rule|Endless Battle Clause: Forcing endless battles is banned
|rule|HP Percentage Mod: HP is shown in percentages
|rule|Dynamax Clause: You cannot dynamax
|clearpoke
|poke|p1|Calyrex-Shadow|
|poke|p1|Zekrom|
|poke|p1|Yveltal|
|poke|p1|Necrozma-Dusk-Mane|
|poke|p1|Eternatus|
|poke|p1|Xerneas-*|
|poke|p2|Groudon|
|poke|p2|Calyrex-Shadow|
|poke|p2|Yveltal|
|poke|p2|Necrozma-Dusk-Mane|
|poke|p2|Zekrom|
|poke|p2|Ho-Oh|
|teampreview
|c|☆Dark★Shionツ|Hey :)
|c|☆Dark★Shionツ|Gl hf
|c|☆killer whale squa|hey:)
|c|☆killer whale squa|gl hf
|
|t:|1638661585
|start
|switch|p1a: Yveltal|Yveltal|100/100
|switch|p2a: Calyrex|Calyrex-Shadow|100/100
|-ability|p2a: Calyrex|As One
|-ability|p2a: Calyrex|Unnerve
|-ability|p1a: Yveltal|Dark Aura
|turn|1
|
|t:|1638661600
|switch|p2a: Yveltal|Yveltal|100/100
|-ability|p2a: Yveltal|Dark Aura
|move|p1a: Yveltal|Foul Play|p2a: Yveltal
|-resisted|p2a: Yveltal
|-damage|p2a: Yveltal|80/100
|
|upkeep
|turn|2
|
|t:|1638661604
|switch|p1a: Eternatus|Eternatus|100/100
|-ability|p1a: Eternatus|Pressure
|move|p2a: Yveltal|Toxic|p1a: Eternatus
|-immune|p1a: Eternatus
|
|upkeep
|turn|3
|
|t:|1638661610
|switch|p2a: Calyrex|Calyrex-Shadow|100/100
|-ability|p2a: Calyrex|As One
|-ability|p2a: Calyrex|Unnerve
|move|p1a: Eternatus|Toxic Spikes|p2a: Calyrex
|-sidestart|p2: killer whale squa|move: Toxic Spikes
|
|upkeep
|turn|4
|
|t:|1638661618
|switch|p1a: Yveltal|Yveltal|100/100
|-ability|p1a: Yveltal|Dark Aura
|move|p2a: Calyrex|Astral Barrage|p1a: Yveltal
|-resisted|p1a: Yveltal
|-damage|p1a: Yveltal|64/100
|
|upkeep
|turn|5
|
|t:|1638661625
|switch|p2a: Yveltal|Yveltal|80/100
|-ability|p2a: Yveltal|Dark Aura
|move|p1a: Yveltal|Roost|p1a: Yveltal
|-heal|p1a: Yveltal|100/100
|-singleturn|p1a: Yveltal|move: Roost
|
|upkeep
|turn|6
|
|t:|1638661634
|switch|p1a: Eternatus|Eternatus|100/100
|-ability|p1a: Eternatus|Pressure
|move|p2a: Yveltal|Toxic|p1a: Eternatus
|-immune|p1a: Eternatus
|
|upkeep
|turn|7
|
|t:|1638661643
|switch|p2a: Calyrex|Calyrex-Shadow|100/100
|-ability|p2a: Calyrex|As One
|-ability|p2a: Calyrex|Unnerve
|-status|p2a: Calyrex|psn
|move|p1a: Eternatus|Flamethrower|p2a: Calyrex
|-damage|p2a: Calyrex|72/100 psn
|
|-damage|p2a: Calyrex|60/100 psn|[from] psn
|upkeep
|turn|8
|
|t:|1638661654
|switch|p1a: Yveltal|Yveltal|100/100
|-ability|p1a: Yveltal|Dark Aura
|move|p2a: Calyrex|Astral Barrage|p1a: Yveltal
|-resisted|p1a: Yveltal
|-damage|p1a: Yveltal|62/100
|
|-damage|p2a: Calyrex|48/100 psn|[from] psn
|upkeep
|turn|9
|
|t:|1638661659
|switch|p2a: Zekrom|Zekrom|100/100
|-status|p2a: Zekrom|psn
|-ability|p2a: Zekrom|Teravolt
|move|p1a: Yveltal|Roost|p1a: Yveltal
|-heal|p1a: Yveltal|100/100
|-singleturn|p1a: Yveltal|move: Roost
|
|-damage|p2a: Zekrom|88/100 psn|[from] psn
|upkeep
|turn|10
|
|t:|1638661672
|switch|p1a: Eternatus|Eternatus|100/100
|-ability|p1a: Eternatus|Pressure
|move|p2a: Zekrom|Bolt Strike|p1a: Eternatus
|-resisted|p1a: Eternatus
|-damage|p1a: Eternatus|71/100
|
|-heal|p1a: Eternatus|78/100|[from] item: Black Sludge
|-damage|p2a: Zekrom|76/100 psn|[from] psn
|upkeep
|turn|11
|
|t:|1638661685
|switch|p2a: Yveltal|Yveltal|80/100
|-ability|p2a: Yveltal|Dark Aura
|move|p1a: Eternatus|Dynamax Cannon|p2a: Yveltal
|-damage|p2a: Yveltal|51/100
|
|-heal|p1a: Eternatus|84/100|[from] item: Black Sludge
|upkeep
|turn|12
|
|t:|1638661695
|move|p1a: Eternatus|Toxic Spikes|p2a: Yveltal
|-sidestart|p2: killer whale squa|move: Toxic Spikes
|move|p2a: Yveltal|Roost|p2a: Yveltal
|-heal|p2a: Yveltal|100/100
|-singleturn|p2a: Yveltal|move: Roost
|
|-heal|p1a: Eternatus|90/100|[from] item: Black Sludge
|upkeep
|turn|13
|
|t:|1638661698
|move|p1a: Eternatus|Flamethrower|p2a: Yveltal
|-damage|p2a: Yveltal|83/100
|move|p2a: Yveltal|Defog|p1a: Eternatus
|-unboost|p1a: Eternatus|evasion|1
|-sideend|p2: killer whale squa|Toxic Spikes|[from] move: Defog|[of] p2a: Yveltal
|
|-heal|p1a: Eternatus|96/100|[from] item: Black Sludge
|upkeep
|turn|14
|
|t:|1638661704
|move|p1a: Eternatus|Toxic Spikes|p2a: Yveltal
|-sidestart|p2: killer whale squa|move: Toxic Spikes
|move|p2a: Yveltal|Knock Off|p1a: Eternatus
|-damage|p1a: Eternatus|57/100
|-enditem|p1a: Eternatus|Black Sludge|[from] move: Knock Off|[of] p2a: Yveltal
|
|upkeep
|turn|15
|
|t:|1638661710
|move|p1a: Eternatus|Recover|p1a: Eternatus
|-heal|p1a: Eternatus|100/100
|move|p2a: Yveltal|Defog|p1a: Eternatus
|-unboost|p1a: Eternatus|evasion|1
|-sideend|p2: killer whale squa|Toxic Spikes|[from] move: Defog|[of] p2a: Yveltal
|
|upkeep
|turn|16
|
|t:|1638661720
|switch|p2a: Ho-Oh|Ho-Oh|100/100
|move|p1a: Eternatus|Toxic Spikes|p2a: Ho-Oh
|-sidestart|p2: killer whale squa|move: Toxic Spikes
|
|upkeep
|turn|17
|
|t:|1638661728
|switch|p1a: Yveltal|Yveltal|100/100
|-ability|p1a: Yveltal|Dark Aura
|move|p2a: Ho-Oh|Thunder Wave|p1a: Yveltal
|-status|p1a: Yveltal|par
|
|upkeep
|turn|18
|
|t:|1638661738
|switch|p1a: Xerneas|Xerneas|100/100
|-ability|p1a: Xerneas|Fairy Aura
|move|p2a: Ho-Oh|Brave Bird|p1a: Xerneas
|-damage|p1a: Xerneas|56/100
|-damage|p2a: Ho-Oh|87/100|[from] Recoil
|
|upkeep
|turn|19
|
|t:|1638661745
|switch|p1a: Yveltal|Yveltal|100/100 par
|-ability|p1a: Yveltal|Dark Aura
|move|p2a: Ho-Oh|Whirlwind|p1a: Yveltal
|drag|p1a: Zekrom|Zekrom|100/100
|-ability|p1a: Zekrom|Teravolt
|
|upkeep
|turn|20
|
|t:|1638661753
|switch|p2a: Necrozma|Necrozma-Dusk-Mane|100/100
|move|p1a: Zekrom|Substitute|p1a: Zekrom
|-start|p1a: Zekrom|Substitute
|-damage|p1a: Zekrom|76/100
|
|-heal|p1a: Zekrom|82/100|[from] item: Leftovers
|upkeep
|turn|21
|
|t:|1638661757
|move|p1a: Zekrom|Dragon Dance|p1a: Zekrom
|-boost|p1a: Zekrom|atk|1
|-boost|p1a: Zekrom|spe|1
|move|p2a: Necrozma|Earthquake|p1a: Zekrom
|-supereffective|p1a: Zekrom
|-end|p1a: Zekrom|Substitute
|
|-heal|p1a: Zekrom|88/100|[from] item: Leftovers
|upkeep
|turn|22
|
|t:|1638661763
|switch|p1a: Yveltal|Yveltal|100/100 par
|-ability|p1a: Yveltal|Dark Aura
|move|p2a: Necrozma|Earthquake|p1a: Yveltal
|-immune|p1a: Yveltal
|
|upkeep
|turn|23
|
|t:|1638661772
|switch|p2a: Groudon|Groudon|100/100
|-status|p2a: Groudon|psn
|-weather|SunnyDay|[from] ability: Drought|[of] p2a: Groudon
|switch|p1a: Xerneas|Xerneas|56/100
|-ability|p1a: Xerneas|Fairy Aura
|
|-weather|SunnyDay|[upkeep]
|-damage|p2a: Groudon|88/100 psn|[from] psn
|upkeep
|turn|24
|
|t:|1638661781
|switch|p1a: Yveltal|Yveltal|100/100 par
|-ability|p1a: Yveltal|Dark Aura
|move|p2a: Groudon|Precipice Blades|p1a: Yveltal
|-immune|p1a: Yveltal
|
|-weather|SunnyDay|[upkeep]
|-heal|p2a: Groudon|94/100 psn|[from] item: Leftovers
|-damage|p2a: Groudon|82/100 psn|[from] psn
|upkeep
|turn|25
|
|t:|1638661792
|move|p2a: Groudon|Precipice Blades|p1a: Yveltal
|-immune|p1a: Yveltal
|cant|p1a: Yveltal|par
|
|-weather|SunnyDay|[upkeep]
|-heal|p2a: Groudon|88/100 psn|[from] item: Leftovers
|-damage|p2a: Groudon|76/100 psn|[from] psn
|upkeep
|turn|26
|
|t:|1638661800
|move|p2a: Groudon|Stone Edge|p1a: Yveltal
|-supereffective|p1a: Yveltal
|-damage|p1a: Yveltal|23/100 par
|move|p1a: Yveltal|Foul Play|p2a: Groudon
|-damage|p2a: Groudon|22/100 psn
|
|-weather|SunnyDay|[upkeep]
|-heal|p2a: Groudon|29/100 psn|[from] item: Leftovers
|-damage|p2a: Groudon|16/100 psn|[from] psn
|upkeep
|turn|27
|
|t:|1638661809
|switch|p2a: Yveltal|Yveltal|83/100
|-ability|p2a: Yveltal|Dark Aura
|cant|p1a: Yveltal|par
|
|-weather|none
|upkeep
|turn|28
|
|t:|1638661813
|move|p2a: Yveltal|Knock Off|p1a: Yveltal
|-resisted|p1a: Yveltal
|-damage|p1a: Yveltal|0 fnt
|-enditem|p1a: Yveltal|Heavy-Duty Boots|[from] move: Knock Off|[of] p2a: Yveltal
|faint|p1a: Yveltal
|
|upkeep
|
|t:|1638661826
|switch|p1a: Zekrom|Zekrom|88/100
|-ability|p1a: Zekrom|Teravolt
|turn|29
|
|t:|1638661831
|switch|p2a: Necrozma|Necrozma-Dusk-Mane|100/100
|move|p1a: Zekrom|Substitute|p1a: Zekrom
|-start|p1a: Zekrom|Substitute
|-damage|p1a: Zekrom|63/100
|
|-heal|p1a: Zekrom|69/100|[from] item: Leftovers
|upkeep
|turn|30
|
|t:|1638661842
|move|p1a: Zekrom|Bolt Strike|p2a: Necrozma
|-damage|p2a: Necrozma|54/100
|-damage|p1a: Zekrom|53/100|[from] item: Rocky Helmet|[of] p2a: Necrozma
|move|p2a: Necrozma|Stealth Rock|p1a: Zekrom
|-sidestart|p1: Dark★Shionツ|move: Stealth Rock
|
|-heal|p1a: Zekrom|59/100|[from] item: Leftovers
|upkeep
|turn|31
|
|t:|1638661858
|move|p1a: Zekrom|Dragon Dance|p1a: Zekrom
|-boost|p1a: Zekrom|atk|1
|-boost|p1a: Zekrom|spe|1
|move|p2a: Necrozma|Moonlight|p2a: Necrozma
|-heal|p2a: Necrozma|100/100
|
|-heal|p1a: Zekrom|65/100|[from] item: Leftovers
|upkeep
|turn|32
|l|☆Dark★Shionツ
|player|p1|
|j|☆Dark★Shionツ
|player|p1|Dark★Shionツ|hilbert
|
|t:|1638661920
|move|p1a: Zekrom|Bolt Strike|p2a: Necrozma
|-damage|p2a: Necrozma|39/100
|-status|p2a: Necrozma|par
|-damage|p1a: Zekrom|49/100|[from] item: Rocky Helmet|[of] p2a: Necrozma
|move|p2a: Necrozma|Earthquake|p1a: Zekrom
|-supereffective|p1a: Zekrom
|-end|p1a: Zekrom|Substitute
|
|-heal|p1a: Zekrom|55/100|[from] item: Leftovers
|upkeep
|turn|33
|
|t:|1638661940
|move|p1a: Zekrom|Substitute|p1a: Zekrom
|-start|p1a: Zekrom|Substitute
|-damage|p1a: Zekrom|30/100
|move|p2a: Necrozma|Earthquake|p1a: Zekrom
|-supereffective|p1a: Zekrom
|-end|p1a: Zekrom|Substitute
|
|-heal|p1a: Zekrom|36/100|[from] item: Leftovers
|upkeep
|turn|34
|
|t:|1638661951
|move|p1a: Zekrom|Bolt Strike|p2a: Necrozma
|-damage|p2a: Necrozma|0 fnt
|-damage|p1a: Zekrom|20/100|[from] item: Rocky Helmet|[of] p2a: Necrozma
|faint|p2a: Necrozma
|
|-heal|p1a: Zekrom|26/100|[from] item: Leftovers
|upkeep
|
|t:|1638661961
|switch|p2a: Calyrex|Calyrex-Shadow|48/100 psn
|-ability|p2a: Calyrex|As One
|-ability|p2a: Calyrex|Unnerve
|turn|35
|
|t:|1638661968
|move|p1a: Zekrom|Dragon Claw|p2a: Calyrex
|-damage|p2a: Calyrex|0 fnt
|faint|p2a: Calyrex
|
|-heal|p1a: Zekrom|32/100|[from] item: Leftovers
|upkeep
|
|t:|1638661971
|switch|p2a: Yveltal|Yveltal|83/100
|-ability|p2a: Yveltal|Dark Aura
|turn|36
|
|t:|1638661983
|move|p1a: Zekrom|Bolt Strike|p2a: Yveltal
|-supereffective|p2a: Yveltal
|-damage|p2a: Yveltal|0 fnt
|faint|p2a: Yveltal
|
|-heal|p1a: Zekrom|38/100|[from] item: Leftovers
|upkeep
|
|t:|1638661986
|switch|p2a: Groudon|Groudon|16/100 psn
|-weather|SunnyDay|[from] ability: Drought|[of] p2a: Groudon
|turn|37
|
|t:|1638661989
|move|p1a: Zekrom|Dragon Claw|p2a: Groudon
|-damage|p2a: Groudon|0 fnt
|faint|p2a: Groudon
|
|-weather|SunnyDay|[upkeep]
|-heal|p1a: Zekrom|44/100|[from] item: Leftovers
|upkeep
|
|t:|1638661993
|switch|p2a: Zekrom|Zekrom|76/100 psn
|-ability|p2a: Zekrom|Teravolt
|turn|38
|
|t:|1638662000
|move|p1a: Zekrom|Dragon Claw|p2a: Zekrom
|-supereffective|p2a: Zekrom
|-enditem|p2a: Zekrom|Haban Berry|[eat]
|-enditem|p2a: Zekrom|Haban Berry|[weaken]
|-damage|p2a: Zekrom|21/100 psn
|move|p2a: Zekrom|Dragon Dance|p2a: Zekrom
|-boost|p2a: Zekrom|atk|1
|-boost|p2a: Zekrom|spe|1
|
|-weather|SunnyDay|[upkeep]
|-heal|p1a: Zekrom|50/100|[from] item: Leftovers
|-damage|p2a: Zekrom|9/100 psn|[from] psn
|upkeep
|turn|39
|
|t:|1638662014
|move|p2a: Zekrom|Dragon Claw|p1a: Zekrom
|-supereffective|p1a: Zekrom
|-damage|p1a: Zekrom|0 fnt
|faint|p1a: Zekrom
|
|-weather|SunnyDay|[upkeep]
|-damage|p2a: Zekrom|0 fnt|[from] psn
|faint|p2a: Zekrom
|upkeep
|
|t:|1638662026
|switch|p2a: Ho-Oh|Ho-Oh|100/100
|switch|p1a: Calyrex|Calyrex-Shadow|100/100
|-ability|p1a: Calyrex|As One
|-ability|p1a: Calyrex|Unnerve
|-damage|p1a: Calyrex|88/100|[from] Stealth Rock
|turn|40
|c|☆killer whale squa|gg
|
|t:|1638662036
|move|p1a: Calyrex|Trick|p2a: Ho-Oh
|-activate|p1a: Calyrex|move: Trick|[of] p2a: Ho-Oh
|-item|p2a: Ho-Oh|Choice Scarf|[from] move: Trick
|-item|p1a: Calyrex|Heavy-Duty Boots|[from] move: Trick
|move|p2a: Ho-Oh|Sacred Fire|p1a: Calyrex
|-damage|p1a: Calyrex|7/100
|
|-weather|SunnyDay|[upkeep]
|upkeep
|turn|41
|c|☆Dark★Shionツ|gg
|
|t:|1638662053
|move|p1a: Calyrex|Astral Barrage|p2a: Ho-Oh
|-damage|p2a: Ho-Oh|59/100
|move|p2a: Ho-Oh|Sacred Fire|p1a: Calyrex
|-damage|p1a: Calyrex|0 fnt
|faint|p1a: Calyrex
|
|-weather|none
|upkeep
|
|t:|1638662059
|switch|p1a: Eternatus|Eternatus|100/100
|-damage|p1a: Eternatus|88/100|[from] Stealth Rock
|-ability|p1a: Eternatus|Pressure
|turn|42
|
|t:|1638662065
|move|p1a: Eternatus|Recover|p1a: Eternatus
|-heal|p1a: Eternatus|100/100
|move|p2a: Ho-Oh|Sacred Fire|p1a: Eternatus
|-resisted|p1a: Eternatus
|-damage|p1a: Eternatus|84/100
|-status|p1a: Eternatus|brn
|
|-damage|p1a: Eternatus|78/100 brn|[from] brn
|upkeep
|turn|43
|-message|killer whale squa forfeited.
|
|win|Dark★Shionツ
|raw|Dark★Shionツ's rating: 1550 &rarr; <strong>1564</strong><br />(+14 for winning)
|raw|killer whale squa's rating: 1440 &rarr; <strong>1426</strong><br />(-14 for losing)
