|j|☆Mrdarkcyber
|j|☆Pkmn3443
|t:|1634757097
|gametype|singles
|player|p1|Mrdarkcyber|2|1441
|player|p2|Pkmn3443|170|1645
|teamsize|p1|6
|teamsize|p2|6
|gen|8
|tier|[Gen 8] Ubers
|rated|
|rule|Sleep Clause Mod: Limit one foe put to sleep
|rule|Species Clause: Limit one of each Pokémon
|rule|OHKO Clause: OHKO moves are banned
|rule|Evasion Moves Clause: Evasion moves are banned
|rule|Endless Battle Clause: Forcing endless battles is banned
|rule|HP Percentage Mod: HP is shown in percentages
|rule|Dynamax Clause: You cannot dynamax
|clearpoke
|poke|p1|Shuckle, M|
|poke|p1|Darmanitan-Galar, M|
|poke|p1|Dracovish|
|poke|p1|Calyrex-Shadow|
|poke|p1|Kyogre|
|poke|p1|Yveltal|
|poke|p2|Blissey, F|
|poke|p2|Necrozma-Dusk-Mane|
|poke|p2|Ho-Oh|
|poke|p2|Eternatus|
|poke|p2|Ditto|
|poke|p2|Yveltal|
|teampreview
|inactive|Battle timer is ON: inactive players will automatically lose when time's up. (requested by Mrdarkcyber)
|
|t:|1634757121
|start
|switch|p1a: Darmanitan|Darmanitan-Galar, M|100/100
|switch|p2a: Ditto|Ditto|100/100
|-transform|p2a: Ditto|p1a: Darmanitan|[from] ability: Imposter
|turn|1
|
|t:|1634757143
|switch|p1a: Shuckle|Shuckle, M|100/100
|move|p2a: Ditto|U-turn|p1a: Shuckle
|-damage|p1a: Shuckle|76/100
|-enditem|p1a: Shuckle|Red Card|[of] p2a: Ditto
|drag|p2a: Ho-Oh|Ho-Oh|100/100
|
|upkeep
|turn|2
|
|t:|1634757153
|switch|p2a: Ditto|Ditto|100/100
|-transform|p2a: Ditto|p1a: Shuckle|[from] ability: Imposter
|move|p1a: Shuckle|Sticky Web|p2a: Ditto
|-sidestart|p2: Pkmn3443|move: Sticky Web
|
|upkeep
|turn|3
|
|t:|1634757163
|move|p2a: Ditto|Sticky Web|p1a: Shuckle
|-sidestart|p1: Mrdarkcyber|move: Sticky Web
|move|p1a: Shuckle|Toxic|p2a: Ditto
|-status|p2a: Ditto|tox
|
|-damage|p2a: Ditto|94/100 tox|[from] psn
|upkeep
|turn|4
|
|t:|1634757169
|switch|p2a: Necrozma|Necrozma-Dusk-Mane|100/100
|-activate|p2a: Necrozma|move: Sticky Web
|-unboost|p2a: Necrozma|spe|1
|move|p1a: Shuckle|Stealth Rock|p2a: Necrozma
|-sidestart|p2: Pkmn3443|move: Stealth Rock
|
|upkeep
|turn|5
|
|t:|1634757174
|move|p2a: Necrozma|Stealth Rock|p1a: Shuckle
|-sidestart|p1: Mrdarkcyber|move: Stealth Rock
|move|p1a: Shuckle|Knock Off|p2a: Necrozma
|-supereffective|p2a: Necrozma
|-damage|p2a: Necrozma|96/100
|-damage|p1a: Shuckle|60/100|[from] item: Rocky Helmet|[of] p2a: Necrozma
|-enditem|p2a: Necrozma|Rocky Helmet|[from] move: Knock Off|[of] p1a: Shuckle
|
|upkeep
|turn|6
|
|t:|1634757196
|switch|p1a: Dracovish|Dracovish|100/100
|-damage|p1a: Dracovish|88/100|[from] Stealth Rock
|-activate|p1a: Dracovish|move: Sticky Web
|-unboost|p1a: Dracovish|spe|1
|move|p2a: Necrozma|Knock Off|p1a: Dracovish
|-damage|p1a: Dracovish|53/100
|-enditem|p1a: Dracovish|Choice Band|[from] move: Knock Off|[of] p2a: Necrozma
|
|upkeep
|turn|7
|
|t:|1634757208
|switch|p2a: Eternatus|Eternatus|100/100
|-damage|p2a: Eternatus|88/100|[from] Stealth Rock
|-activate|p2a: Eternatus|move: Sticky Web
|-unboost|p2a: Eternatus|spe|1
|-ability|p2a: Eternatus|Pressure
|move|p1a: Dracovish|Fishious Rend|p2a: Eternatus
|-resisted|p2a: Eternatus
|-damage|p2a: Eternatus|43/100
|
|-heal|p2a: Eternatus|49/100|[from] item: Black Sludge
|upkeep
|turn|8
|
|t:|1634757222
|move|p2a: Eternatus|Draco Meteor|p1a: Dracovish
|-supereffective|p1a: Dracovish
|-damage|p1a: Dracovish|0 fnt
|-unboost|p2a: Eternatus|spa|2
|faint|p1a: Dracovish
|
|-heal|p2a: Eternatus|55/100|[from] item: Black Sludge
|upkeep
|
|t:|1634757245
|switch|p1a: Calyrex|Calyrex-Shadow|100/100
|-ability|p1a: Calyrex|As One
|-ability|p1a: Calyrex|Unnerve
|-damage|p1a: Calyrex|88/100|[from] Stealth Rock
|-activate|p1a: Calyrex|move: Sticky Web
|-unboost|p1a: Calyrex|spe|1
|turn|9
|
|t:|1634757251
|switch|p2a: Yveltal|Yveltal|100/100
|-ability|p2a: Yveltal|Dark Aura
|move|p1a: Calyrex|Astral Barrage|p2a: Yveltal
|-resisted|p2a: Yveltal
|-damage|p2a: Yveltal|47/100
|
|upkeep
|turn|10
|
|t:|1634757260
|move|p2a: Yveltal|Knock Off|p1a: Calyrex
|-supereffective|p1a: Calyrex
|-damage|p1a: Calyrex|0 fnt
|-enditem|p1a: Calyrex|Choice Specs|[from] move: Knock Off|[of] p2a: Yveltal
|faint|p1a: Calyrex
|
|upkeep
|
|t:|1634757279
|switch|p1a: Kyogre|Kyogre|100/100
|-damage|p1a: Kyogre|88/100|[from] Stealth Rock
|-activate|p1a: Kyogre|move: Sticky Web
|-unboost|p1a: Kyogre|spe|1
|-weather|RainDance|[from] ability: Drizzle|[of] p1a: Kyogre
|turn|11
|
|t:|1634757290
|switch|p2a: Blissey|Blissey, F|100/100
|-activate|p2a: Blissey|move: Sticky Web
|-unboost|p2a: Blissey|spe|1
|-damage|p2a: Blissey|88/100|[from] Stealth Rock
|move|p1a: Kyogre|Thunder|p2a: Blissey
|-damage|p2a: Blissey|72/100
|
|-weather|RainDance|[upkeep]
|upkeep
|turn|12
|
|t:|1634757296
|switch|p1a: Darmanitan|Darmanitan-Galar, M|100/100
|-damage|p1a: Darmanitan|76/100|[from] Stealth Rock
|-activate|p1a: Darmanitan|move: Sticky Web
|-unboost|p1a: Darmanitan|spe|1
|move|p2a: Blissey|Aromatherapy|p2a: Blissey
|-activate|p2a: Blissey|move: Aromatherapy
|-curestatus|p2: Ditto|tox|[msg]
|
|-weather|RainDance|[upkeep]
|upkeep
|turn|13
|
|t:|1634757316
|switch|p2a: Necrozma|Necrozma-Dusk-Mane|96/100
|-activate|p2a: Necrozma|move: Sticky Web
|-unboost|p2a: Necrozma|spe|1
|-damage|p2a: Necrozma|90/100|[from] Stealth Rock
|move|p1a: Darmanitan|Icicle Crash|p2a: Necrozma
|-resisted|p2a: Necrozma
|-damage|p2a: Necrozma|62/100
|
|-weather|RainDance|[upkeep]
|upkeep
|turn|14
|inactive|Mrdarkcyber has 120 seconds left.
|
|t:|1634757340
|move|p1a: Darmanitan|Icicle Crash|p2a: Necrozma
|-resisted|p2a: Necrozma
|-crit|p2a: Necrozma
|-damage|p2a: Necrozma|18/100
|cant|p2a: Necrozma|flinch
|
|-weather|RainDance|[upkeep]
|upkeep
|turn|15
|inactive|Mrdarkcyber has 120 seconds left.
|
|t:|1634757349
|move|p1a: Darmanitan|Icicle Crash|p2a: Necrozma|[miss]
|-miss|p1a: Darmanitan|p2a: Necrozma
|move|p2a: Necrozma|Morning Sun|p2a: Necrozma
|-heal|p2a: Necrozma|43/100
|
|-weather|none
|upkeep
|turn|16
|
|t:|1634757354
|move|p1a: Darmanitan|Icicle Crash|p2a: Necrozma
|-resisted|p2a: Necrozma
|-damage|p2a: Necrozma|14/100
|cant|p2a: Necrozma|flinch
|
|upkeep
|turn|17
|
|t:|1634757359
|switch|p2a: Ho-Oh|Ho-Oh|100/100
|move|p1a: Darmanitan|Icicle Crash|p2a: Ho-Oh
|-damage|p2a: Ho-Oh|33/100
|
|upkeep
|turn|18
|
|t:|1634757369
|switch|p2a: Necrozma|Necrozma-Dusk-Mane|14/100
|-damage|p2a: Necrozma|8/100|[from] Stealth Rock
|-activate|p2a: Necrozma|move: Sticky Web
|-unboost|p2a: Necrozma|spe|1
|switch|p1a: Kyogre|Kyogre|88/100
|-damage|p1a: Kyogre|76/100|[from] Stealth Rock
|-activate|p1a: Kyogre|move: Sticky Web
|-unboost|p1a: Kyogre|spe|1
|-weather|RainDance|[from] ability: Drizzle|[of] p1a: Kyogre
|
|-weather|RainDance|[upkeep]
|upkeep
|turn|19
|
|t:|1634757380
|move|p1a: Kyogre|Origin Pulse|p2a: Necrozma
|-damage|p2a: Necrozma|0 fnt
|faint|p2a: Necrozma
|
|-weather|RainDance|[upkeep]
|upkeep
|
|t:|1634757382
|switch|p2a: Eternatus|Eternatus|55/100
|-damage|p2a: Eternatus|43/100|[from] Stealth Rock
|-activate|p2a: Eternatus|move: Sticky Web
|-unboost|p2a: Eternatus|spe|1
|-ability|p2a: Eternatus|Pressure
|turn|20
|
|t:|1634757384
|move|p1a: Kyogre|Origin Pulse|p2a: Eternatus
|-resisted|p2a: Eternatus
|-damage|p2a: Eternatus|1/100
|move|p2a: Eternatus|Recover|p2a: Eternatus
|-heal|p2a: Eternatus|51/100
|
|-weather|RainDance|[upkeep]
|-heal|p2a: Eternatus|57/100|[from] item: Black Sludge
|upkeep
|turn|21
|
|t:|1634757394
|switch|p1a: Yveltal|Yveltal|100/100
|-damage|p1a: Yveltal|76/100|[from] Stealth Rock
|-ability|p1a: Yveltal|Dark Aura
|move|p2a: Eternatus|Recover|p2a: Eternatus
|-heal|p2a: Eternatus|100/100
|
|-weather|RainDance|[upkeep]
|upkeep
|turn|22
|
|t:|1634757409
|move|p1a: Yveltal|Knock Off|p2a: Eternatus
|-damage|p2a: Eternatus|39/100
|-enditem|p2a: Eternatus|Black Sludge|[from] move: Knock Off|[of] p1a: Yveltal
|move|p2a: Eternatus|Toxic|p1a: Yveltal
|-status|p1a: Yveltal|tox
|
|-weather|none
|-damage|p1a: Yveltal|69/100 tox|[from] psn
|upkeep
|turn|23
|
|t:|1634757419
|move|p1a: Yveltal|Knock Off|p2a: Eternatus
|-damage|p2a: Eternatus|0 fnt
|faint|p2a: Eternatus
|
|-damage|p1a: Yveltal|57/100 tox|[from] psn
|upkeep
|
|t:|1634757421
|switch|p2a: Yveltal|Yveltal|47/100
|-ability|p2a: Yveltal|Dark Aura
|turn|24
|
|t:|1634757428
|move|p2a: Yveltal|Roost|p2a: Yveltal
|-heal|p2a: Yveltal|97/100
|-singleturn|p2a: Yveltal|move: Roost
|move|p1a: Yveltal|Knock Off|p2a: Yveltal
|-resisted|p2a: Yveltal
|-damage|p2a: Yveltal|57/100
|-enditem|p2a: Yveltal|Heavy-Duty Boots|[from] move: Knock Off|[of] p1a: Yveltal
|
|-damage|p1a: Yveltal|39/100 tox|[from] psn
|upkeep
|turn|25
|
|t:|1634757431
|move|p2a: Yveltal|Roost|p2a: Yveltal
|-heal|p2a: Yveltal|100/100
|-singleturn|p2a: Yveltal|move: Roost
|move|p1a: Yveltal|Roost|p1a: Yveltal
|-heal|p1a: Yveltal|89/100 tox
|-singleturn|p1a: Yveltal|move: Roost
|
|-damage|p1a: Yveltal|65/100 tox|[from] psn
|upkeep
|turn|26
|
|t:|1634757436
|switch|p1a: Shuckle|Shuckle, M|60/100
|-damage|p1a: Shuckle|35/100|[from] Stealth Rock
|-activate|p1a: Shuckle|move: Sticky Web
|-unboost|p1a: Shuckle|spe|1
|move|p2a: Yveltal|Knock Off|p1a: Shuckle
|-damage|p1a: Shuckle|13/100
|
|upkeep
|turn|27
|
|t:|1634757440
|move|p2a: Yveltal|Oblivion Wing|p1a: Shuckle
|-damage|p1a: Shuckle|0 fnt
|faint|p1a: Shuckle
|
|upkeep
|
|t:|1634757443
|switch|p1a: Kyogre|Kyogre|76/100
|-activate|p1a: Kyogre|move: Sticky Web
|-unboost|p1a: Kyogre|spe|1
|-damage|p1a: Kyogre|64/100|[from] Stealth Rock
|-weather|RainDance|[from] ability: Drizzle|[of] p1a: Kyogre
|turn|28
|
|t:|1634757450
|switch|p2a: Blissey|Blissey, F|72/100
|-activate|p2a: Blissey|move: Sticky Web
|-unboost|p2a: Blissey|spe|1
|-damage|p2a: Blissey|59/100|[from] Stealth Rock
|move|p1a: Kyogre|Origin Pulse|p2a: Blissey
|-damage|p2a: Blissey|33/100
|
|-weather|RainDance|[upkeep]
|upkeep
|turn|29
|
|t:|1634757454
|move|p1a: Kyogre|Origin Pulse|p2a: Blissey
|-damage|p2a: Blissey|8/100
|move|p2a: Blissey|Soft-Boiled|p2a: Blissey
|-heal|p2a: Blissey|58/100
|
|-weather|RainDance|[upkeep]
|upkeep
|turn|30
|
|t:|1634757457
|move|p1a: Kyogre|Origin Pulse|p2a: Blissey
|-crit|p2a: Blissey
|-damage|p2a: Blissey|17/100
|move|p2a: Blissey|Seismic Toss|p1a: Kyogre
|-damage|p1a: Kyogre|34/100
|
|-weather|RainDance|[upkeep]
|upkeep
|turn|31
|
|t:|1634757463
|move|p1a: Kyogre|Origin Pulse|p2a: Blissey
|-damage|p2a: Blissey|0 fnt
|faint|p2a: Blissey
|
|-weather|RainDance|[upkeep]
|upkeep
|
|t:|1634757465
|switch|p2a: Ditto|Ditto|94/100
|-activate|p2a: Ditto|move: Sticky Web
|-unboost|p2a: Ditto|spe|1
|-damage|p2a: Ditto|82/100|[from] Stealth Rock
|-transform|p2a: Ditto|p1a: Kyogre|[from] ability: Imposter
|turn|32
|
|t:|1634757472
|move|p2a: Ditto|Thunder|p1a: Kyogre
|-supereffective|p1a: Kyogre
|-damage|p1a: Kyogre|0 fnt
|faint|p1a: Kyogre
|
|-weather|none
|upkeep
|
|t:|1634757475
|switch|p1a: Yveltal|Yveltal|65/100 tox
|-damage|p1a: Yveltal|40/100 tox|[from] Stealth Rock
|-ability|p1a: Yveltal|Dark Aura
|turn|33
|
|t:|1634757478
|move|p1a: Yveltal|Knock Off|p2a: Ditto
|-damage|p2a: Ditto|0 fnt
|-enditem|p2a: Ditto|Choice Scarf|[from] move: Knock Off|[of] p1a: Yveltal
|faint|p2a: Ditto
|
|-damage|p1a: Yveltal|34/100 tox|[from] psn
|upkeep
|
|t:|1634757481
|switch|p2a: Yveltal|Yveltal|100/100
|-damage|p2a: Yveltal|76/100|[from] Stealth Rock
|-ability|p2a: Yveltal|Dark Aura
|turn|34
|
|t:|1634757489
|move|p2a: Yveltal|Oblivion Wing|p1a: Yveltal
|-damage|p1a: Yveltal|0 fnt
|-heal|p2a: Yveltal|100/100|[from] drain|[of] p1a: Yveltal
|faint|p1a: Yveltal
|
|upkeep
|
|t:|1634757491
|switch|p1a: Darmanitan|Darmanitan-Galar, M|76/100
|-activate|p1a: Darmanitan|move: Sticky Web
|-unboost|p1a: Darmanitan|spe|1
|-damage|p1a: Darmanitan|51/100|[from] Stealth Rock
|turn|35
|
|t:|1634757496
|move|p2a: Yveltal|Knock Off|p1a: Darmanitan
|-damage|p1a: Darmanitan|0 fnt
|-enditem|p1a: Darmanitan|Choice Band|[from] move: Knock Off|[of] p2a: Yveltal
|faint|p1a: Darmanitan
|
|win|Pkmn3443
|raw|Mrdarkcyber's rating: 1441 &rarr; <strong>1432</strong><br />(-9 for losing)
|raw|Pkmn3443's rating: 1645 &rarr; <strong>1654</strong><br />(+9 for winning)
|l|☆Mrdarkcyber
