|j|☆mrdarkcyber
|j|☆PotatoConqueror
|t:|1643457482
|gametype|singles
|player|p1|mrdarkcyber|101|1550
|player|p2|PotatoConqueror|medium|1364
|teamsize|p1|6
|teamsize|p2|6
|gen|8
|tier|[Gen 8] Ubers
|rated|
|rule|Sleep Clause Mod: Limit one foe put to sleep
|rule|Species Clause: Limit one of each Pokémon
|rule|OHKO Clause: OHKO moves are banned
|rule|Evasion Moves Clause: Evasion moves are banned
|rule|Endless Battle Clause: Forcing endless battles is banned
|rule|HP Percentage Mod: HP is shown in percentages
|rule|Dynamax Clause: You cannot dynamax
|clearpoke
|poke|p1|Kyogre|
|poke|p1|Groudon|
|poke|p1|Zarude-Dada|
|poke|p1|Necrozma-Dusk-Mane|
|poke|p1|Yveltal|
|poke|p1|Calyrex-Shadow|
|poke|p2|Slurpuff, F|
|poke|p2|Mewtwo|
|poke|p2|Necrozma-Dusk-Mane|
|poke|p2|Yveltal|
|poke|p2|Kyogre|
|poke|p2|Eternatus|
|teampreview
|j| wokenwa
|
|t:|1643457498
|start
|switch|p1a: Kyogre|Kyogre|100/100
|switch|p2a: Mewtwo|Mewtwo|100/100
|-ability|p2a: Mewtwo|Pressure
|-weather|RainDance|[from] ability: Drizzle|[of] p1a: Kyogre
|turn|1
|
|t:|1643457506
|switch|p1a: Necrozma|Necrozma-Dusk-Mane|100/100
|move|p2a: Mewtwo|Psystrike|p1a: Necrozma
|-resisted|p1a: Necrozma
|-damage|p1a: Necrozma|88/100
|-damage|p2a: Mewtwo|91/100|[from] item: Life Orb
|
|-weather|RainDance|[upkeep]
|-heal|p1a: Necrozma|94/100|[from] item: Leftovers
|upkeep
|turn|2
|
|t:|1643457515
|switch|p2a: Yveltal|Yveltal|100/100
|-ability|p2a: Yveltal|Dark Aura
|move|p1a: Necrozma|Thunder Wave|p2a: Yveltal|[miss]
|-miss|p1a: Necrozma|p2a: Yveltal
|
|-weather|RainDance|[upkeep]
|-heal|p1a: Necrozma|100/100|[from] item: Leftovers
|upkeep
|turn|3
|
|t:|1643457522
|move|p2a: Yveltal|Knock Off|p1a: Necrozma
|-supereffective|p1a: Necrozma
|-crit|p1a: Necrozma
|-damage|p1a: Necrozma|0 fnt
|-enditem|p1a: Necrozma|Leftovers|[from] move: Knock Off|[of] p2a: Yveltal
|faint|p1a: Necrozma
|
|-weather|RainDance|[upkeep]
|upkeep
|l| wokenwa
|
|t:|1643457538
|switch|p1a: Groudon|Groudon|100/100
|-weather|SunnyDay|[from] ability: Drought|[of] p1a: Groudon
|turn|4
|
|t:|1643457543
|move|p2a: Yveltal|Knock Off|p1a: Groudon
|-crit|p1a: Groudon
|-damage|p1a: Groudon|35/100
|-enditem|p1a: Groudon|Leftovers|[from] move: Knock Off|[of] p2a: Yveltal
|move|p1a: Groudon|Bulk Up|p1a: Groudon
|-boost|p1a: Groudon|atk|1
|-boost|p1a: Groudon|def|1
|
|-weather|SunnyDay|[upkeep]
|upkeep
|turn|5
|
|t:|1643457556
|switch|p2a: Mewtwo|Mewtwo|91/100
|-ability|p2a: Mewtwo|Pressure
|move|p1a: Groudon|Heat Crash|p2a: Mewtwo
|-damage|p2a: Mewtwo|0 fnt
|faint|p2a: Mewtwo
|
|-weather|SunnyDay|[upkeep]
|upkeep
|
|t:|1643457566
|switch|p2a: Slurpuff|Slurpuff, F|100/100
|turn|6
|
|t:|1643457571
|move|p2a: Slurpuff|Sticky Web|p1a: Groudon
|-sidestart|p1: mrdarkcyber|move: Sticky Web
|move|p1a: Groudon|Heat Crash|p2a: Slurpuff
|-enditem|p2a: Slurpuff|Focus Sash
|-damage|p2a: Slurpuff|1/100
|
|-weather|SunnyDay|[upkeep]
|upkeep
|turn|7
|
|t:|1643457576
|move|p2a: Slurpuff|Yawn|p1a: Groudon
|-start|p1a: Groudon|move: Yawn|[of] p2a: Slurpuff
|move|p1a: Groudon|Heat Crash|p2a: Slurpuff
|-damage|p2a: Slurpuff|0 fnt
|faint|p2a: Slurpuff
|
|-weather|SunnyDay|[upkeep]
|upkeep
|
|t:|1643457589
|switch|p2a: Eternatus|Eternatus|100/100
|-ability|p2a: Eternatus|Pressure
|turn|8
|
|t:|1643457596
|move|p2a: Eternatus|Meteor Beam||[still]
|-prepare|p2a: Eternatus|Meteor Beam
|-boost|p2a: Eternatus|spa|1
|-enditem|p2a: Eternatus|Power Herb
|-anim|p2a: Eternatus|Meteor Beam|p1a: Groudon
|-resisted|p1a: Groudon
|-damage|p1a: Groudon|1/100
|move|p1a: Groudon|Precipice Blades|p2a: Eternatus
|-supereffective|p2a: Eternatus
|-damage|p2a: Eternatus|0 fnt
|faint|p2a: Eternatus
|
|-weather|none
|-end|p1a: Groudon|move: Yawn|[silent]
|-status|p1a: Groudon|slp
|upkeep
|
|t:|1643457611
|switch|p2a: Necrozma|Necrozma-Dusk-Mane|100/100
|turn|9
|
|t:|1643457615
|switch|p1a: Kyogre|Kyogre|100/100
|-activate|p1a: Kyogre|move: Sticky Web
|-unboost|p1a: Kyogre|spe|1
|-weather|RainDance|[from] ability: Drizzle|[of] p1a: Kyogre
|move|p2a: Necrozma|Autotomize|p2a: Necrozma
|-boost|p2a: Necrozma|spe|2
|-start|p2a: Necrozma|Autotomize
|
|-weather|RainDance|[upkeep]
|upkeep
|turn|10
|
|t:|1643457625
|move|p2a: Necrozma|Knock Off|p1a: Kyogre
|-damage|p1a: Kyogre|66/100
|-enditem|p1a: Kyogre|Leftovers|[from] move: Knock Off|[of] p2a: Necrozma
|move|p1a: Kyogre|Surf|p2a: Necrozma
|-damage|p2a: Necrozma|37/100
|
|-weather|RainDance|[upkeep]
|upkeep
|turn|11
|
|t:|1643457634
|move|p2a: Necrozma|Moonlight|p2a: Necrozma
|-heal|p2a: Necrozma|62/100
|move|p1a: Kyogre|Surf|p2a: Necrozma
|-damage|p2a: Necrozma|1/100
|
|-weather|RainDance|[upkeep]
|upkeep
|turn|12
|
|t:|1643457643
|move|p2a: Necrozma|Sunsteel Strike|p1a: Kyogre
|-resisted|p1a: Kyogre
|-damage|p1a: Kyogre|36/100
|move|p1a: Kyogre|Substitute|p1a: Kyogre
|-start|p1a: Kyogre|Substitute
|-damage|p1a: Kyogre|11/100
|
|-weather|RainDance|[upkeep]
|upkeep
|turn|13
|
|t:|1643457651
|move|p2a: Necrozma|Knock Off|p1a: Kyogre
|-activate|p1a: Kyogre|move: Substitute|[damage]
|move|p1a: Kyogre|Surf|p2a: Necrozma
|-damage|p2a: Necrozma|0 fnt
|faint|p2a: Necrozma
|
|-weather|none
|upkeep
|
|t:|1643457659
|switch|p2a: Yveltal|Yveltal|100/100
|-ability|p2a: Yveltal|Dark Aura
|turn|14
|
|t:|1643457661
|move|p2a: Yveltal|Knock Off|p1a: Kyogre
|-crit|p1a: Kyogre
|-end|p1a: Kyogre|Substitute
|move|p1a: Kyogre|Thunder Wave|p2a: Yveltal
|-status|p2a: Yveltal|par
|
|upkeep
|turn|15
|j| eeveeleon154
|
|t:|1643457666
|move|p1a: Kyogre|Surf|p2a: Yveltal
|-damage|p2a: Yveltal|61/100 par
|move|p2a: Yveltal|Knock Off|p1a: Kyogre
|-damage|p1a: Kyogre|0 fnt
|faint|p1a: Kyogre
|
|upkeep
|
|t:|1643457671
|switch|p1a: Yveltal|Yveltal|100/100
|-ability|p1a: Yveltal|Dark Aura
|turn|16
|
|t:|1643457675
|switch|p2a: Kyogre|Kyogre|100/100
|-weather|RainDance|[from] ability: Drizzle|[of] p2a: Kyogre
|move|p1a: Yveltal|Defog|p2a: Kyogre
|-unboost|p2a: Kyogre|evasion|1
|-sideend|p1: mrdarkcyber|Sticky Web|[from] move: Defog|[of] p1a: Yveltal
|
|-weather|RainDance|[upkeep]
|upkeep
|turn|17
|
|t:|1643457680
|switch|p1a: Groudon|Groudon|1/100 slp
|-weather|SunnyDay|[from] ability: Drought|[of] p1a: Groudon
|move|p2a: Kyogre|Water Spout|p1a: Groudon
|-supereffective|p1a: Groudon
|-damage|p1a: Groudon|0 fnt
|faint|p1a: Groudon
|
|-weather|SunnyDay|[upkeep]
|upkeep
|
|t:|1643457690
|switch|p1a: Calyrex|Calyrex-Shadow|100/100
|-ability|p1a: Calyrex|As One
|-ability|p1a: Calyrex|Unnerve
|turn|18
|
|t:|1643457695
|switch|p2a: Yveltal|Yveltal|61/100 par
|-ability|p2a: Yveltal|Dark Aura
|move|p1a: Calyrex|Substitute|p1a: Calyrex
|-start|p1a: Calyrex|Substitute
|-damage|p1a: Calyrex|76/100
|
|-weather|SunnyDay|[upkeep]
|-heal|p1a: Calyrex|82/100|[from] item: Leftovers
|upkeep
|turn|19
|
|t:|1643457699
|move|p1a: Calyrex|Leech Seed|p2a: Yveltal
|-start|p2a: Yveltal|move: Leech Seed
|move|p2a: Yveltal|Knock Off|p1a: Calyrex
|-supereffective|p1a: Calyrex
|-end|p1a: Calyrex|Substitute
|
|-weather|SunnyDay|[upkeep]
|-heal|p1a: Calyrex|88/100|[from] item: Leftovers
|-damage|p2a: Yveltal|49/100 par|[from] Leech Seed|[of] p1a: Calyrex
|-heal|p1a: Calyrex|100/100|[silent]
|upkeep
|turn|20
|
|t:|1643457705
|move|p1a: Calyrex|Substitute|p1a: Calyrex
|-start|p1a: Calyrex|Substitute
|-damage|p1a: Calyrex|76/100
|move|p2a: Yveltal|Knock Off|p1a: Calyrex
|-supereffective|p1a: Calyrex
|-end|p1a: Calyrex|Substitute
|
|-weather|SunnyDay|[upkeep]
|-heal|p1a: Calyrex|82/100|[from] item: Leftovers
|-damage|p2a: Yveltal|37/100 par|[from] Leech Seed|[of] p1a: Calyrex
|-heal|p1a: Calyrex|97/100|[silent]
|upkeep
|turn|21
|
|t:|1643457709
|move|p1a: Calyrex|Substitute|p1a: Calyrex
|-start|p1a: Calyrex|Substitute
|-damage|p1a: Calyrex|72/100
|move|p2a: Yveltal|Knock Off|p1a: Calyrex
|-supereffective|p1a: Calyrex
|-end|p1a: Calyrex|Substitute
|
|-weather|none
|-heal|p1a: Calyrex|79/100|[from] item: Leftovers
|-damage|p2a: Yveltal|24/100 par|[from] Leech Seed|[of] p1a: Calyrex
|-heal|p1a: Calyrex|94/100|[silent]
|upkeep
|turn|22
|
|t:|1643457713
|move|p1a: Calyrex|Substitute|p1a: Calyrex
|-start|p1a: Calyrex|Substitute
|-damage|p1a: Calyrex|69/100
|move|p2a: Yveltal|Roost|p2a: Yveltal
|-heal|p2a: Yveltal|74/100 par
|-singleturn|p2a: Yveltal|move: Roost
|
|-heal|p1a: Calyrex|75/100|[from] item: Leftovers
|-damage|p2a: Yveltal|62/100 par|[from] Leech Seed|[of] p1a: Calyrex
|-heal|p1a: Calyrex|91/100|[silent]
|upkeep
|turn|23
|inactive|Battle timer is ON: inactive players will automatically lose when time's up. (requested by mrdarkcyber)
|
|t:|1643457719
|move|p1a: Calyrex|Astral Barrage|p2a: Yveltal
|-resisted|p2a: Yveltal
|-damage|p2a: Yveltal|38/100 par
|move|p2a: Yveltal|Knock Off|p1a: Calyrex
|-supereffective|p1a: Calyrex
|-end|p1a: Calyrex|Substitute
|
|-heal|p1a: Calyrex|97/100|[from] item: Leftovers
|-damage|p2a: Yveltal|25/100 par|[from] Leech Seed|[of] p1a: Calyrex
|-heal|p1a: Calyrex|100/100|[silent]
|upkeep
|turn|24
|
|t:|1643457723
|move|p1a: Calyrex|Substitute|p1a: Calyrex
|-start|p1a: Calyrex|Substitute
|-damage|p1a: Calyrex|76/100
|move|p2a: Yveltal|Roost|p2a: Yveltal
|-heal|p2a: Yveltal|76/100 par
|-singleturn|p2a: Yveltal|move: Roost
|
|-heal|p1a: Calyrex|82/100|[from] item: Leftovers
|-damage|p2a: Yveltal|63/100 par|[from] Leech Seed|[of] p1a: Calyrex
|-heal|p1a: Calyrex|97/100|[silent]
|upkeep
|turn|25
|
|t:|1643457729
|move|p1a: Calyrex|Astral Barrage|p2a: Yveltal
|-resisted|p2a: Yveltal
|-damage|p2a: Yveltal|39/100 par
|move|p2a: Yveltal|Roost|p2a: Yveltal
|-heal|p2a: Yveltal|89/100 par
|-singleturn|p2a: Yveltal|move: Roost
|
|-heal|p1a: Calyrex|100/100|[from] item: Leftovers
|-damage|p2a: Yveltal|76/100 par|[from] Leech Seed|[of] p1a: Calyrex
|upkeep
|turn|26
|
|t:|1643457733
|move|p1a: Calyrex|Astral Barrage|p2a: Yveltal
|-resisted|p2a: Yveltal
|-damage|p2a: Yveltal|53/100 par
|cant|p2a: Yveltal|par
|
|-damage|p2a: Yveltal|41/100 par|[from] Leech Seed|[of] p1a: Calyrex
|upkeep
|turn|27
|
|t:|1643457738
|move|p1a: Calyrex|Astral Barrage|p2a: Yveltal
|-resisted|p2a: Yveltal
|-damage|p2a: Yveltal|14/100 par
|move|p2a: Yveltal|Roost|p2a: Yveltal
|-heal|p2a: Yveltal|64/100 par
|-singleturn|p2a: Yveltal|move: Roost
|
|-damage|p2a: Yveltal|52/100 par|[from] Leech Seed|[of] p1a: Calyrex
|upkeep
|turn|28
|
|t:|1643457745
|move|p1a: Calyrex|Astral Barrage|p2a: Yveltal
|-resisted|p2a: Yveltal
|-damage|p2a: Yveltal|24/100 par
|move|p2a: Yveltal|Roost|p2a: Yveltal
|-heal|p2a: Yveltal|74/100 par
|-singleturn|p2a: Yveltal|move: Roost
|
|-damage|p2a: Yveltal|62/100 par|[from] Leech Seed|[of] p1a: Calyrex
|upkeep
|turn|29
|
|t:|1643457749
|move|p1a: Calyrex|Astral Barrage|p2a: Yveltal
|-resisted|p2a: Yveltal
|-damage|p2a: Yveltal|38/100 par
|move|p2a: Yveltal|Roost|p2a: Yveltal
|-heal|p2a: Yveltal|88/100 par
|-singleturn|p2a: Yveltal|move: Roost
|
|-damage|p2a: Yveltal|75/100 par|[from] Leech Seed|[of] p1a: Calyrex
|upkeep
|turn|30
|
|t:|1643457761
|move|p1a: Calyrex|Astral Barrage|p2a: Yveltal
|-resisted|p2a: Yveltal
|-damage|p2a: Yveltal|50/100 par
|move|p2a: Yveltal|Knock Off|p1a: Calyrex
|-supereffective|p1a: Calyrex
|-end|p1a: Calyrex|Substitute
|
|-damage|p2a: Yveltal|38/100 par|[from] Leech Seed|[of] p1a: Calyrex
|upkeep
|turn|31
|
|t:|1643457765
|move|p1a: Calyrex|Astral Barrage|p2a: Yveltal
|-resisted|p2a: Yveltal
|-damage|p2a: Yveltal|11/100 par
|cant|p2a: Yveltal|par
|
|-damage|p2a: Yveltal|0 fnt|[from] Leech Seed|[of] p1a: Calyrex
|faint|p2a: Yveltal
|upkeep
|
|t:|1643457769
|switch|p2a: Kyogre|Kyogre|100/100
|-weather|RainDance|[from] ability: Drizzle|[of] p2a: Kyogre
|turn|32
|
|t:|1643457774
|move|p1a: Calyrex|Leech Seed|p2a: Kyogre
|-start|p2a: Kyogre|move: Leech Seed
|move|p2a: Kyogre|Water Spout|p1a: Calyrex
|-damage|p1a: Calyrex|0 fnt
|faint|p1a: Calyrex
|
|-weather|RainDance|[upkeep]
|upkeep
|
|t:|1643457777
|switch|p1a: Zarude|Zarude-Dada|100/100
|turn|33
|
|t:|1643457784
|move|p2a: Kyogre|Water Spout|p1a: Zarude
|-resisted|p1a: Zarude
|-damage|p1a: Zarude|45/100
|move|p1a: Zarude|Synthesis|p1a: Zarude
|-heal|p1a: Zarude|70/100
|
|-weather|RainDance|[upkeep]
|-heal|p1a: Zarude|76/100|[from] item: Leftovers
|-damage|p2a: Kyogre|88/100|[from] Leech Seed|[of] p1a: Zarude
|-heal|p1a: Zarude|86/100|[silent]
|upkeep
|turn|34
|
|t:|1643457788
|move|p2a: Kyogre|Water Spout|p1a: Zarude
|-resisted|p1a: Zarude
|-damage|p1a: Zarude|36/100
|move|p1a: Zarude|Synthesis|p1a: Zarude
|-heal|p1a: Zarude|60/100
|
|-weather|RainDance|[upkeep]
|-heal|p1a: Zarude|66/100|[from] item: Leftovers
|-damage|p2a: Kyogre|76/100|[from] Leech Seed|[of] p1a: Zarude
|-heal|p1a: Zarude|77/100|[silent]
|upkeep
|turn|35
|
|t:|1643457793
|move|p2a: Kyogre|Water Spout|p1a: Zarude
|-resisted|p1a: Zarude
|-damage|p1a: Zarude|34/100
|move|p1a: Zarude|Synthesis|p1a: Zarude
|-heal|p1a: Zarude|58/100
|
|-weather|RainDance|[upkeep]
|-heal|p1a: Zarude|65/100|[from] item: Leftovers
|-damage|p2a: Kyogre|64/100|[from] Leech Seed|[of] p1a: Zarude
|-heal|p1a: Zarude|75/100|[silent]
|upkeep
|turn|36
|
|t:|1643457797
|move|p2a: Kyogre|Water Spout|p1a: Zarude
|-resisted|p1a: Zarude
|-damage|p1a: Zarude|38/100
|move|p1a: Zarude|Synthesis|p1a: Zarude
|-heal|p1a: Zarude|63/100
|
|-weather|none
|-heal|p1a: Zarude|69/100|[from] item: Leftovers
|-damage|p2a: Kyogre|51/100|[from] Leech Seed|[of] p1a: Zarude
|-heal|p1a: Zarude|79/100|[silent]
|upkeep
|turn|37
|
|t:|1643457805
|move|p2a: Kyogre|Water Spout|p1a: Zarude
|-resisted|p1a: Zarude
|-damage|p1a: Zarude|61/100
|move|p1a: Zarude|Bulk Up|p1a: Zarude
|-boost|p1a: Zarude|atk|1
|-boost|p1a: Zarude|def|1
|
|-heal|p1a: Zarude|67/100|[from] item: Leftovers
|-damage|p2a: Kyogre|39/100|[from] Leech Seed|[of] p1a: Zarude
|-heal|p1a: Zarude|77/100|[silent]
|upkeep
|turn|38
|-message|PotatoConqueror forfeited.
|
|win|mrdarkcyber
|raw|mrdarkcyber's rating: 1550 &rarr; <strong>1560</strong><br />(+10 for winning)
|raw|PotatoConqueror's rating: 1364 &rarr; <strong>1354</strong><br />(-10 for losing)
|l|☆PotatoConqueror
|l|☆mrdarkcyber
