|j|☆Na-K-ATPase
|j|☆heyroar4
|player|p1|Na-K-ATPase|1|1399
|player|p2|heyroar4|2|1546
|teamsize|p1|6
|teamsize|p2|6
|gametype|singles
|gen|8
|tier|[Gen 8] Ubers
|rated|
|clearpoke
|poke|p1|Dugtrio, F|
|poke|p1|Kommo-o, F|
|poke|p1|Melmetal|
|poke|p1|Lunala|
|poke|p1|Indeedee, M|
|poke|p1|Salazzle, F|
|poke|p2|Zacian|
|poke|p2|Vikavolt, F|
|poke|p2|Excadrill, M|
|poke|p2|Gengar, F|
|poke|p2|Eternatus|
|poke|p2|Ditto|
|rule|Sleep Clause Mod: Limit one foe put to sleep
|rule|Species Clause: Limit one of each Pokémon
|rule|OHKO Clause: OHKO moves are banned
|rule|Evasion Moves Clause: Evasion moves are banned
|rule|Endless Battle Clause: Forcing endless battles is banned
|rule|HP Percentage Mod: HP is shown in percentages
|html|Ubers Dynamax Clause: Pokémon on the <a href="https://www.smogon.com/dex/ss/formats/uber/">Ubers Dynamax Banlist</a> cannot Dynamax.
|teampreview
|
|start
|switch|p1a: Salazzle|Salazzle, F|100/100
|switch|p2a: Excadrill|Excadrill, M|100/100
|-ability|p2a: Excadrill|Mold Breaker
|turn|1
|
|move|p1a: Salazzle|Toxic|p2a: Excadrill
|-status|p2a: Excadrill|tox
|move|p2a: Excadrill|Rapid Spin|p1a: Salazzle
|-damage|p1a: Salazzle|67/100
|-boost|p2a: Excadrill|spe|1
|
|-damage|p2a: Excadrill|94/100 tox|[from] psn
|upkeep
|turn|2
|
|move|p2a: Excadrill|Stealth Rock|p1a: Salazzle
|-sidestart|p1: Na-K-ATPase|move: Stealth Rock
|move|p1a: Salazzle|Flamethrower|p2a: Excadrill
|-supereffective|p2a: Excadrill
|-crit|p2a: Excadrill
|-damage|p2a: Excadrill|0 fnt
|faint|p2a: Excadrill
|
|upkeep
|
|switch|p2a: Eternatus|Eternatus|100/100
|-ability|p2a: Eternatus|Pressure
|turn|3
|
|move|p2a: Eternatus|Dynamax Cannon|p1a: Salazzle
|-damage|p1a: Salazzle|0 fnt
|faint|p1a: Salazzle
|
|upkeep
|
|switch|p1a: Lunala|Lunala|100/100
|turn|4
|
|move|p2a: Eternatus|Dynamax Cannon|p1a: Lunala
|-crit|p1a: Lunala
|-damage|p1a: Lunala|73/100
|move|p1a: Lunala|Trick Room|p1a: Lunala
|-fieldstart|move: Trick Room|[of] p1a: Lunala
|
|upkeep
|turn|5
|
|move|p1a: Lunala|Psychic|p2a: Eternatus
|-supereffective|p2a: Eternatus
|-damage|p2a: Eternatus|12/100
|-enditem|p2a: Eternatus|Weakness Policy
|-boost|p2a: Eternatus|atk|2|[from] item: Weakness Policy
|-boost|p2a: Eternatus|spa|2|[from] item: Weakness Policy
|move|p2a: Eternatus|Dynamax Cannon|p1a: Lunala
|-damage|p1a: Lunala|0 fnt
|faint|p1a: Lunala
|
|upkeep
|
|switch|p1a: Dugtrio|Dugtrio, F|100/100
|-damage|p1a: Dugtrio|94/100|[from] Stealth Rock
|turn|6
|
|move|p1a: Dugtrio|Stealth Rock|p2a: Eternatus
|-sidestart|p2: heyroar4|move: Stealth Rock
|move|p2a: Eternatus|Dynamax Cannon|p1a: Dugtrio
|-damage|p1a: Dugtrio|0 fnt
|faint|p1a: Dugtrio
|
|upkeep
|
|switch|p1a: Melmetal|Melmetal|100/100
|-damage|p1a: Melmetal|94/100|[from] Stealth Rock
|turn|7
|
|move|p1a: Melmetal|Double Iron Bash|p2a: Eternatus
|-damage|p2a: Eternatus|0 fnt
|-hitcount|p2a: Eternatus|1
|faint|p2a: Eternatus
|
|upkeep
|
|switch|p2a: Vikavolt|Vikavolt, F|100/100
|-damage|p2a: Vikavolt|76/100|[from] Stealth Rock
|turn|8
|
|switch|p1a: Indeedee|Indeedee, M|100/100
|-damage|p1a: Indeedee|88/100|[from] Stealth Rock
|-fieldstart|move: Psychic Terrain|[from] ability: Psychic Surge|[of] p1a: Indeedee
|move|p2a: Vikavolt|Volt Switch|p1a: Indeedee
|-damage|p1a: Indeedee|48/100
|
|switch|p2a: Gengar|Gengar, F|100/100|[from]move: Volt Switch
|-damage|p2a: Gengar|88/100|[from] Stealth Rock
|
|-fieldend|move: Trick Room
|upkeep
|turn|9
|
|-start|p2a: Gengar|Dynamax
|-formechange|p2a: Gengar|Gengar-Gmax
|-heal|p2a: Gengar|88/100|[silent]
|move|p2a: Gengar|Max Ooze|p1a: Indeedee
|-damage|p1a: Indeedee|0 fnt
|-boost|p2a: Gengar|spa|1
|-damage|p2a: Gengar|83/100|[from] item: Life Orb
|faint|p1a: Indeedee
|
|upkeep
|
|switch|p1a: Melmetal|Melmetal|94/100
|-damage|p1a: Melmetal|88/100|[from] Stealth Rock
|turn|10
|
|-start|p1a: Melmetal|Dynamax
|-heal|p1a: Melmetal|88/100|[silent]
|move|p2a: Gengar|Max Knuckle|p1a: Melmetal
|-supereffective|p1a: Melmetal
|-damage|p1a: Melmetal|52/100
|-boost|p2a: Gengar|atk|1
|-damage|p2a: Gengar|78/100|[from] item: Life Orb
|move|p1a: Melmetal|Max Quake|p2a: Gengar
|-supereffective|p2a: Gengar
|-damage|p2a: Gengar|0 fnt
|-boost|p1a: Melmetal|spd|1
|faint|p2a: Gengar
|
|upkeep
|
|switch|p2a: Vikavolt|Vikavolt, F|76/100
|-damage|p2a: Vikavolt|51/100|[from] Stealth Rock
|turn|11
|
|move|p2a: Vikavolt|Electroweb|p1a: Melmetal
|-damage|p1a: Melmetal|46/100
|-unboost|p1a: Melmetal|spe|1
|move|p1a: Melmetal|Max Steelspike|p2a: Vikavolt
|-resisted|p2a: Vikavolt
|-damage|p2a: Vikavolt|7/100
|-boost|p1a: Melmetal|def|1
|-enditem|p2a: Vikavolt|Sitrus Berry|[eat]
|-heal|p2a: Vikavolt|32/100|[from] item: Sitrus Berry
|
|upkeep
|turn|12
|
|move|p2a: Vikavolt|Electroweb|p1a: Melmetal
|-damage|p1a: Melmetal|41/100
|-unboost|p1a: Melmetal|spe|1
|move|p1a: Melmetal|Max Steelspike|p2a: Vikavolt
|-resisted|p2a: Vikavolt
|-damage|p2a: Vikavolt|0 fnt
|-boost|p1a: Melmetal|def|1
|faint|p2a: Vikavolt
|
|-fieldend|move: Psychic Terrain
|-end|p1a: Melmetal|Dynamax
|-heal|p1a: Melmetal|41/100|[silent]
|upkeep
|
|switch|p2a: Zacian|Zacian|100/100
|-damage|p2a: Zacian|88/100|[from] Stealth Rock
|-ability|p2a: Zacian|Intrepid Sword|boost
|-boost|p2a: Zacian|atk|1
|turn|13
|
|move|p2a: Zacian|Sacred Sword|p1a: Melmetal
|-supereffective|p1a: Melmetal
|-damage|p1a: Melmetal|0 fnt
|faint|p1a: Melmetal
|
|upkeep
|
|switch|p1a: Kommo-o|Kommo-o, F|100/100
|-damage|p1a: Kommo-o|94/100|[from] Stealth Rock
|turn|14
|
|move|p2a: Zacian|Play Rough|p1a: Kommo-o
|-supereffective|p1a: Kommo-o
|-damage|p1a: Kommo-o|0 fnt
|faint|p1a: Kommo-o
|
|win|heyroar4
|l|☆Na-K-ATPase
||Ladder (probably) updated, but score could not be retrieved (Response not received).
