|j|☆BugGoBrrrrrr
|j|☆YoManWTFIsThisShit
|t:|1662051590
|gametype|singles
|player|p1|BugGoBrrrrrr|bugsy|1507
|player|p2|YoManWTFIsThisShit|clown|1478
|teamsize|p1|6
|teamsize|p2|6
|gen|8
|tier|[Gen 8] Ubers
|rated|
|rule|Sleep Clause Mod: Limit one foe put to sleep
|rule|Species Clause: Limit one of each Pokémon
|rule|OHKO Clause: OHKO moves are banned
|rule|Evasion Items Clause: Evasion items are banned
|rule|Evasion Moves Clause: Evasion moves are banned
|rule|Endless Battle Clause: Forcing endless battles is banned
|rule|HP Percentage Mod: HP is shown in percentages
|rule|Dynamax Clause: You cannot dynamax
|clearpoke
|poke|p1|Yveltal|
|poke|p1|Tyranitar, M|
|poke|p1|Necrozma-Dusk-Mane|
|poke|p1|Lunala|
|poke|p1|Calyrex-Shadow|
|poke|p1|Eternatus|
|poke|p2|Yveltal|
|poke|p2|Zamazenta-*|
|poke|p2|Urshifu-*, F|
|poke|p2|Calyrex-Ice|
|poke|p2|Xerneas-*|
|poke|p2|Slowbro, M|
|teampreview
|inactive|Battle timer is ON: inactive players will automatically lose when time's up. (requested by BugGoBrrrrrr)
|c|☆BugGoBrrrrrr|Glhf
|
|t:|1662051603
|start
|switch|p1a: Yveltal|Yveltal|100/100
|switch|p2a: Urshifu|Urshifu, F|100/100
|-ability|p1a: Yveltal|Dark Aura
|turn|1
|
|t:|1662051618
|move|p2a: Urshifu|U-turn|p1a: Yveltal
|-damage|p1a: Yveltal|77/100
|
|t:|1662051621
|switch|p2a: Xerneas|Xerneas|100/100|[from]move: U-turn
|-ability|p2a: Xerneas|Fairy Aura
|move|p1a: Yveltal|Dual Wingbeat|p2a: Xerneas|[miss]
|-miss|p1a: Yveltal|p2a: Xerneas
|
|upkeep
|turn|2
|c|☆BugGoBrrrrrr|Aw
|
|t:|1662051637
|switch|p1a: Necrozma|Necrozma-Dusk-Mane|100/100
|move|p2a: Xerneas|Thunderbolt|p1a: Necrozma
|-damage|p1a: Necrozma|74/100
|
|upkeep
|turn|3
|
|t:|1662051647
|switch|p2a: Yveltal|Yveltal|100/100
|-ability|p2a: Yveltal|Dark Aura
|move|p1a: Necrozma|Dragon Dance|p1a: Necrozma
|-boost|p1a: Necrozma|atk|1
|-boost|p1a: Necrozma|spe|1
|
|upkeep
|turn|4
|
|t:|1662051650
|move|p1a: Necrozma|Moonlight|p1a: Necrozma
|-heal|p1a: Necrozma|100/100
|move|p2a: Yveltal|Dark Pulse|p1a: Necrozma
|-supereffective|p1a: Necrozma
|-damage|p1a: Necrozma|28/100
|-enditem|p1a: Necrozma|Weakness Policy
|-boost|p1a: Necrozma|atk|2|[from] item: Weakness Policy
|-boost|p1a: Necrozma|spa|2|[from] item: Weakness Policy
|
|upkeep
|turn|5
|
|t:|1662051655
|move|p2a: Yveltal|Sucker Punch||[still]
|-fail|p2a: Yveltal
|move|p1a: Necrozma|Moonlight|p1a: Necrozma
|-heal|p1a: Necrozma|78/100
|
|upkeep
|turn|6
|
|t:|1662051658
|move|p1a: Necrozma|Sunsteel Strike|p2a: Yveltal
|-damage|p2a: Yveltal|0 fnt
|faint|p2a: Yveltal
|
|upkeep
|
|t:|1662051662
|switch|p2a: Slowbro|Slowbro, M|100/100
|turn|7
|
|t:|1662051664
|move|p1a: Necrozma|Knock Off|p2a: Slowbro
|-supereffective|p2a: Slowbro
|-damage|p2a: Slowbro|0 fnt
|-enditem|p2a: Slowbro|Leftovers|[from] move: Knock Off|[of] p1a: Necrozma
|faint|p2a: Slowbro
|
|upkeep
|
|t:|1662051670
|switch|p2a: Zamazenta|Zamazenta-Crowned|100/100
|-ability|p2a: Zamazenta|Dauntless Shield|boost
|-boost|p2a: Zamazenta|def|1
|turn|8
|
|t:|1662051672
|move|p1a: Necrozma|Dragon Dance|p1a: Necrozma
|-boost|p1a: Necrozma|atk|1
|-boost|p1a: Necrozma|spe|1
|move|p2a: Zamazenta|Payback|p1a: Necrozma
|-supereffective|p1a: Necrozma
|-damage|p1a: Necrozma|39/100
|
|upkeep
|turn|9
|
|t:|1662051677
|move|p1a: Necrozma|Moonlight|p1a: Necrozma
|-heal|p1a: Necrozma|89/100
|move|p2a: Zamazenta|Payback|p1a: Necrozma
|-supereffective|p1a: Necrozma
|-damage|p1a: Necrozma|55/100
|
|upkeep
|turn|10
|
|t:|1662051682
|move|p1a: Necrozma|Moonlight|p1a: Necrozma
|-heal|p1a: Necrozma|100/100
|move|p2a: Zamazenta|Revenge|p1a: Necrozma
|-damage|p1a: Necrozma|78/100
|
|upkeep
|turn|11
|
|t:|1662051684
|move|p1a: Necrozma|Sunsteel Strike|p2a: Zamazenta
|-resisted|p2a: Zamazenta
|-damage|p2a: Zamazenta|61/100
|move|p2a: Zamazenta|Payback|p1a: Necrozma
|-supereffective|p1a: Necrozma
|-damage|p1a: Necrozma|43/100
|
|upkeep
|turn|12
|
|t:|1662051696
|move|p1a: Necrozma|Moonlight|p1a: Necrozma
|-heal|p1a: Necrozma|93/100
|move|p2a: Zamazenta|Payback|p1a: Necrozma
|-supereffective|p1a: Necrozma
|-damage|p1a: Necrozma|55/100
|
|upkeep
|turn|13
|
|t:|1662051708
|move|p1a: Necrozma|Moonlight|p1a: Necrozma
|-heal|p1a: Necrozma|100/100
|move|p2a: Zamazenta|Payback|p1a: Necrozma
|-supereffective|p1a: Necrozma
|-damage|p1a: Necrozma|66/100
|
|upkeep
|turn|14
|
|t:|1662051714
|move|p1a: Necrozma|Dragon Dance|p1a: Necrozma
|-boost|p1a: Necrozma|atk|1
|-boost|p1a: Necrozma|spe|1
|move|p2a: Zamazenta|Revenge|p1a: Necrozma
|-damage|p1a: Necrozma|46/100
|
|upkeep
|turn|15
|
|t:|1662051716
|move|p1a: Necrozma|Moonlight|p1a: Necrozma
|-heal|p1a: Necrozma|96/100
|move|p2a: Zamazenta|Payback|p1a: Necrozma
|-supereffective|p1a: Necrozma
|-damage|p1a: Necrozma|61/100
|
|upkeep
|turn|16
|
|t:|1662051722
|move|p1a: Necrozma|Sunsteel Strike|p2a: Zamazenta
|-resisted|p2a: Zamazenta
|-damage|p2a: Zamazenta|17/100
|move|p2a: Zamazenta|Payback|p1a: Necrozma
|-supereffective|p1a: Necrozma
|-damage|p1a: Necrozma|28/100
|
|upkeep
|turn|17
|
|t:|1662051728
|move|p1a: Necrozma|Sunsteel Strike|p2a: Zamazenta
|-resisted|p2a: Zamazenta
|-damage|p2a: Zamazenta|0 fnt
|faint|p2a: Zamazenta
|
|upkeep
|
|t:|1662051731
|switch|p2a: Urshifu|Urshifu, F|100/100
|turn|18
|
|t:|1662051734
|move|p1a: Necrozma|Sunsteel Strike|p2a: Urshifu
|-damage|p2a: Urshifu|0 fnt
|faint|p2a: Urshifu
|
|upkeep
|-message|YoManWTFIsThisShit forfeited.
|
|win|BugGoBrrrrrr
|raw|BugGoBrrrrrr's rating: 1507 &rarr; <strong>1525</strong><br />(+18 for winning)
|raw|YoManWTFIsThisShit's rating: 1478 &rarr; <strong>1460</strong><br />(-18 for losing)
|l|☆YoManWTFIsThisShit
|c|☆BugGoBrrrrrr|Gg
|c|☆BugGoBrrrrrr|wp
