|j|☆Dun 26
|j|☆mrdarkcyber
|t:|1667143602
|gametype|singles
|player|p1|Dun 26|skyla|1569
|player|p2|mrdarkcyber|1|1629
|teamsize|p1|6
|teamsize|p2|6
|gen|8
|tier|[Gen 8] Ubers
|rated|
|rule|Sleep Clause Mod: Limit one foe put to sleep
|rule|Species Clause: Limit one of each Pokémon
|rule|OHKO Clause: OHKO moves are banned
|rule|Evasion Items Clause: Evasion items are banned
|rule|Evasion Moves Clause: Evasion moves are banned
|rule|Endless Battle Clause: Forcing endless battles is banned
|rule|HP Percentage Mod: HP is shown in percentages
|rule|Dynamax Clause: You cannot dynamax
|clearpoke
|poke|p1|Kyogre|
|poke|p1|Necrozma-Dusk-Mane|
|poke|p1|Ho-Oh|
|poke|p1|Yveltal|
|poke|p1|Calyrex-Shadow|
|poke|p1|Eternatus|
|poke|p2|Tyranitar, M|
|poke|p2|Excadrill, M|
|poke|p2|Ho-Oh|
|poke|p2|Tangrowth, F|
|poke|p2|Necrozma-Dusk-Mane|
|poke|p2|Blissey, F|
|teampreview
|
|t:|1667143615
|start
|switch|p1a: Yvelchiant|Yveltal|100/100
|switch|p2a: Tangrowth|Tangrowth, F|100/100
|-ability|p1a: Yvelchiant|Dark Aura
|turn|1
|
|t:|1667143622
|switch|p2a: Tyranitar|Tyranitar, M|100/100
|-weather|Sandstorm|[from] ability: Sand Stream|[of] p2a: Tyranitar
|move|p1a: Yvelchiant|Knock Off|p2a: Tyranitar
|-resisted|p2a: Tyranitar
|-damage|p2a: Tyranitar|77/100
|-enditem|p2a: Tyranitar|Heavy-Duty Boots|[from] move: Knock Off|[of] p1a: Yvelchiant
|
|-weather|Sandstorm|[upkeep]
|-damage|p1a: Yvelchiant|94/100|[from] Sandstorm
|upkeep
|turn|2
|
|t:|1667143629
|move|p1a: Yvelchiant|U-turn|p2a: Tyranitar
|-supereffective|p2a: Tyranitar
|-damage|p2a: Tyranitar|44/100
|inactive|Battle timer is ON: inactive players will automatically lose when time's up. (requested by mrdarkcyber)
|
|t:|1667143635
|switch|p1a: Big blue|Kyogre|100/100|[from]move: U-turn
|-weather|RainDance|[from] ability: Drizzle|[of] p1a: Big blue
|move|p2a: Tyranitar|Stealth Rock|p1a: Big blue
|-sidestart|p1: Dun 26|move: Stealth Rock
|
|-weather|RainDance|[upkeep]
|upkeep
|turn|3
|
|t:|1667143638
|switch|p1a: Yvelchiant|Yveltal|94/100
|-ability|p1a: Yvelchiant|Dark Aura
|switch|p2a: Blissey|Blissey, F|100/100
|
|-weather|RainDance|[upkeep]
|upkeep
|turn|4
|
|t:|1667143644
|switch|p2a: Tangrowth|Tangrowth, F|100/100
|move|p1a: Yvelchiant|Knock Off|p2a: Tangrowth
|-crit|p2a: Tangrowth
|-damage|p2a: Tangrowth|60/100
|-damage|p1a: Yvelchiant|78/100|[from] item: Rocky Helmet|[of] p2a: Tangrowth
|-enditem|p2a: Tangrowth|Rocky Helmet|[from] move: Knock Off|[of] p1a: Yvelchiant
|
|-weather|RainDance|[upkeep]
|upkeep
|turn|5
|
|t:|1667143648
|move|p1a: Yvelchiant|Defog|p2a: Tangrowth
|-unboost|p2a: Tangrowth|evasion|1
|-sideend|p1: Dun 26|Stealth Rock|[from] move: Defog|[of] p1a: Yvelchiant
|move|p2a: Tangrowth|Sleep Powder|p1a: Yvelchiant
|-status|p1a: Yvelchiant|slp|[from] move: Sleep Powder
|
|-weather|RainDance|[upkeep]
|upkeep
|turn|6
|
|t:|1667143654
|cant|p1a: Yvelchiant|slp
|move|p2a: Tangrowth|Leech Seed|p1a: Yvelchiant
|-start|p1a: Yvelchiant|move: Leech Seed
|
|-weather|none
|-damage|p1a: Yvelchiant|65/100 slp|[from] Leech Seed|[of] p2a: Tangrowth
|-heal|p2a: Tangrowth|74/100|[silent]
|upkeep
|turn|7
|
|t:|1667143658
|switch|p2a: Tyranitar|Tyranitar, M|44/100
|-weather|Sandstorm|[from] ability: Sand Stream|[of] p2a: Tyranitar
|cant|p1a: Yvelchiant|slp
|
|-weather|Sandstorm|[upkeep]
|-damage|p1a: Yvelchiant|59/100 slp|[from] Sandstorm
|-damage|p1a: Yvelchiant|47/100 slp|[from] Leech Seed|[of] p2a: Tyranitar
|-heal|p2a: Tyranitar|58/100|[silent]
|upkeep
|turn|8
|
|t:|1667143667
|cant|p1a: Yvelchiant|slp
|move|p2a: Tyranitar|Rest|p2a: Tyranitar
|-status|p2a: Tyranitar|slp|[from] move: Rest
|-heal|p2a: Tyranitar|100/100 slp|[silent]
|
|-weather|Sandstorm|[upkeep]
|-damage|p1a: Yvelchiant|40/100 slp|[from] Sandstorm
|-damage|p1a: Yvelchiant|28/100 slp|[from] Leech Seed|[of] p2a: Tyranitar
|upkeep
|turn|9
|
|t:|1667143674
|-curestatus|p1a: Yvelchiant|slp|[msg]
|move|p1a: Yvelchiant|Roost|p1a: Yvelchiant
|-heal|p1a: Yvelchiant|78/100
|-singleturn|p1a: Yvelchiant|move: Roost
|cant|p2a: Tyranitar|slp
|
|-weather|Sandstorm|[upkeep]
|-damage|p1a: Yvelchiant|72/100|[from] Sandstorm
|-damage|p1a: Yvelchiant|59/100|[from] Leech Seed|[of] p2a: Tyranitar
|upkeep
|turn|10
|
|t:|1667143678
|move|p1a: Yvelchiant|U-turn|p2a: Tyranitar
|-supereffective|p2a: Tyranitar
|-damage|p2a: Tyranitar|70/100 slp
|
|t:|1667143681
|switch|p1a: BOOUM :)|Ho-Oh|100/100|[from]move: U-turn
|cant|p2a: Tyranitar|slp
|
|-weather|Sandstorm|[upkeep]
|-damage|p1a: BOOUM :)|94/100|[from] Sandstorm
|upkeep
|turn|11
|
|t:|1667143685
|switch|p2a: Ho-Oh|Ho-Oh|100/100
|move|p1a: BOOUM :)|Earthquake|p2a: Ho-Oh
|-immune|p2a: Ho-Oh
|
|-weather|none
|upkeep
|turn|12
|
|t:|1667143693
|switch|p1a: Sexy and knows it|Eternatus|100/100
|-ability|p1a: Sexy and knows it|Pressure
|move|p2a: Ho-Oh|Toxic|p1a: Sexy and knows it
|-immune|p1a: Sexy and knows it
|
|upkeep
|turn|13
|
|t:|1667143702
|switch|p1a: Big blue|Kyogre|100/100
|-weather|RainDance|[from] ability: Drizzle|[of] p1a: Big blue
|switch|p2a: Blissey|Blissey, F|100/100
|
|-weather|RainDance|[upkeep]
|upkeep
|turn|14
|
|t:|1667143708
|move|p1a: Big blue|Scald|p2a: Blissey
|-damage|p2a: Blissey|87/100
|-status|p2a: Blissey|brn
|move|p2a: Blissey|Aromatherapy|p2a: Blissey
|-activate|p2a: Blissey|move: Aromatherapy
|-curestatus|p2a: Blissey|brn|[msg]
|-curestatus|p2: Tyranitar|slp|[msg]
|
|-weather|RainDance|[upkeep]
|upkeep
|turn|15
|
|t:|1667143711
|move|p1a: Big blue|Scald|p2a: Blissey
|-damage|p2a: Blissey|76/100
|move|p2a: Blissey|Wish|p2a: Blissey
|
|-weather|RainDance|[upkeep]
|upkeep
|turn|16
|
|t:|1667143716
|switch|p1a: BOOUM :)|Ho-Oh|100/100
|move|p2a: Blissey|Confide|p1a: BOOUM :)
|-unboost|p1a: BOOUM :)|spa|1
|
|-weather|RainDance|[upkeep]
|-heal|p2a: Blissey|100/100|[from] move: Wish|[wisher] Blissey
|upkeep
|turn|17
|
|t:|1667143719
|switch|p2a: Ho-Oh|Ho-Oh|100/100
|move|p1a: BOOUM :)|Brave Bird|p2a: Ho-Oh
|-damage|p2a: Ho-Oh|37/100
|-damage|p1a: BOOUM :)|76/100|[from] Recoil
|
|-weather|none
|upkeep
|turn|18
|
|t:|1667143730
|switch|p1a: Yvelchiant|Yveltal|59/100
|-ability|p1a: Yvelchiant|Dark Aura
|switch|p2a: Necrozma|Necrozma-Dusk-Mane|100/100
|
|upkeep
|turn|19
|
|t:|1667143747
|move|p1a: Yvelchiant|U-turn|p2a: Necrozma
|-damage|p2a: Necrozma|86/100
|
|t:|1667143749
|switch|p1a: Big blue|Kyogre|100/100|[from]move: U-turn
|-weather|RainDance|[from] ability: Drizzle|[of] p1a: Big blue
|move|p2a: Necrozma|Dragon Dance|p2a: Necrozma
|-boost|p2a: Necrozma|atk|1
|-boost|p2a: Necrozma|spe|1
|
|-weather|RainDance|[upkeep]
|-heal|p2a: Necrozma|92/100|[from] item: Leftovers
|upkeep
|turn|20
|
|t:|1667143756
|switch|p2a: Blissey|Blissey, F|100/100
|move|p1a: Big blue|Scald|p2a: Blissey
|-damage|p2a: Blissey|87/100
|
|-weather|RainDance|[upkeep]
|upkeep
|turn|21
|
|t:|1667143760
|switch|p1a: BOOUM :)|Ho-Oh|100/100
|move|p2a: Blissey|Wish|p2a: Blissey
|
|-weather|RainDance|[upkeep]
|upkeep
|turn|22
|
|t:|1667143766
|switch|p2a: Ho-Oh|Ho-Oh|70/100
|move|p1a: BOOUM :)|Brave Bird|p2a: Ho-Oh
|-damage|p2a: Ho-Oh|6/100
|-damage|p1a: BOOUM :)|76/100|[from] Recoil
|
|-weather|RainDance|[upkeep]
|-heal|p2a: Ho-Oh|84/100|[from] move: Wish|[wisher] Blissey
|upkeep
|turn|23
|
|t:|1667143780
|switch|p1a: Sexy and knows it|Eternatus|100/100
|-ability|p1a: Sexy and knows it|Pressure
|move|p2a: Ho-Oh|Toxic|p1a: Sexy and knows it
|-immune|p1a: Sexy and knows it
|
|-weather|none
|upkeep
|turn|24
|
|t:|1667143787
|switch|p2a: Tyranitar|Tyranitar, M|70/100
|-weather|Sandstorm|[from] ability: Sand Stream|[of] p2a: Tyranitar
|move|p1a: Sexy and knows it|Dragon Tail|p2a: Tyranitar
|-damage|p2a: Tyranitar|57/100
|drag|p2a: Blissey|Blissey, F|87/100
|
|-weather|Sandstorm|[upkeep]
|-damage|p1a: Sexy and knows it|94/100|[from] Sandstorm
|-damage|p2a: Blissey|81/100|[from] Sandstorm
|upkeep
|turn|25
|
|t:|1667143791
|move|p2a: Blissey|Wish|p2a: Blissey
|move|p1a: Sexy and knows it|Dragon Tail|p2a: Blissey
|-damage|p2a: Blissey|64/100
|drag|p2a: Excadrill|Excadrill, M|100/100
|
|-weather|Sandstorm|[upkeep]
|-damage|p1a: Sexy and knows it|88/100|[from] Sandstorm
|upkeep
|turn|26
|
|t:|1667143798
|switch|p2a: Tyranitar|Tyranitar, M|57/100
|switch|p1a: Big blue|Kyogre|100/100
|-weather|RainDance|[from] ability: Drizzle|[of] p1a: Big blue
|
|-weather|RainDance|[upkeep]
|-heal|p2a: Tyranitar|100/100|[from] move: Wish|[wisher] Blissey
|upkeep
|turn|27
|
|t:|1667143804
|switch|p1a: Lionceau|Necrozma-Dusk-Mane|100/100
|switch|p2a: Blissey|Blissey, F|64/100
|
|-weather|RainDance|[upkeep]
|upkeep
|turn|28
|
|t:|1667143810
|switch|p2a: Tangrowth|Tangrowth, F|100/100
|move|p1a: Lionceau|Stealth Rock|p2a: Tangrowth
|-sidestart|p2: mrdarkcyber|move: Stealth Rock
|
|-weather|RainDance|[upkeep]
|upkeep
|turn|29
|
|t:|1667143816
|switch|p1a: Big blue|Kyogre|100/100
|move|p2a: Tangrowth|Sleep Powder|p1a: Big blue|[miss]
|-miss|p2a: Tangrowth|p1a: Big blue
|
|-weather|RainDance|[upkeep]
|upkeep
|turn|30
|
|t:|1667143821
|switch|p1a: BOOUM :)|Ho-Oh|100/100
|switch|p2a: Blissey|Blissey, F|64/100
|-damage|p2a: Blissey|51/100|[from] Stealth Rock
|
|-weather|none
|upkeep
|turn|31
|
|t:|1667143827
|switch|p2a: Ho-Oh|Ho-Oh|100/100
|move|p1a: BOOUM :)|Brave Bird|p2a: Ho-Oh
|-damage|p2a: Ho-Oh|38/100
|-damage|p1a: BOOUM :)|76/100|[from] Recoil
|
|upkeep
|turn|32
|
|t:|1667143830
|switch|p2a: Necrozma|Necrozma-Dusk-Mane|92/100
|-damage|p2a: Necrozma|86/100|[from] Stealth Rock
|move|p1a: BOOUM :)|Brave Bird|p2a: Necrozma
|-resisted|p2a: Necrozma
|-damage|p2a: Necrozma|44/100
|-damage|p1a: BOOUM :)|62/100|[from] Recoil
|
|-heal|p2a: Necrozma|50/100|[from] item: Leftovers
|upkeep
|turn|33
|
|t:|1667143835
|switch|p1a: Big blue|Kyogre|100/100
|-weather|RainDance|[from] ability: Drizzle|[of] p1a: Big blue
|move|p2a: Necrozma|Morning Sun|p2a: Necrozma
|-heal|p2a: Necrozma|75/100
|
|-weather|RainDance|[upkeep]
|-heal|p2a: Necrozma|81/100|[from] item: Leftovers
|upkeep
|turn|34
|
|t:|1667143839
|switch|p2a: Blissey|Blissey, F|51/100
|-damage|p2a: Blissey|39/100|[from] Stealth Rock
|switch|p1a: BOOUM :)|Ho-Oh|95/100
|
|-weather|RainDance|[upkeep]
|upkeep
|turn|35
|
|t:|1667143847
|switch|p2a: Tyranitar|Tyranitar, M|100/100
|-damage|p2a: Tyranitar|88/100|[from] Stealth Rock
|-weather|Sandstorm|[from] ability: Sand Stream|[of] p2a: Tyranitar
|move|p1a: BOOUM :)|Brave Bird|p2a: Tyranitar
|-resisted|p2a: Tyranitar
|-damage|p2a: Tyranitar|47/100
|-damage|p1a: BOOUM :)|80/100|[from] Recoil
|
|-weather|Sandstorm|[upkeep]
|-damage|p1a: BOOUM :)|74/100|[from] Sandstorm
|upkeep
|turn|36
|
|t:|1667143854
|switch|p1a: Big blue|Kyogre|100/100
|-weather|RainDance|[from] ability: Drizzle|[of] p1a: Big blue
|move|p2a: Tyranitar|Rest|p2a: Tyranitar
|-status|p2a: Tyranitar|slp|[from] move: Rest
|-heal|p2a: Tyranitar|100/100 slp|[silent]
|
|-weather|RainDance|[upkeep]
|upkeep
|turn|37
|
|t:|1667143860
|switch|p1a: BOOUM :)|Ho-Oh|100/100
|switch|p2a: Tangrowth|Tangrowth, F|100/100
|-damage|p2a: Tangrowth|88/100|[from] Stealth Rock
|
|-weather|RainDance|[upkeep]
|upkeep
|turn|38
|
|t:|1667143870
|switch|p2a: Necrozma|Necrozma-Dusk-Mane|81/100
|-damage|p2a: Necrozma|75/100|[from] Stealth Rock
|move|p1a: BOOUM :)|Brave Bird|p2a: Necrozma
|-resisted|p2a: Necrozma
|-damage|p2a: Necrozma|38/100
|-damage|p1a: BOOUM :)|88/100|[from] Recoil
|
|-weather|RainDance|[upkeep]
|-heal|p2a: Necrozma|44/100|[from] item: Leftovers
|upkeep
|turn|39
|
|t:|1667143878
|switch|p1a: Yvelchiant|Yveltal|59/100
|-ability|p1a: Yvelchiant|Dark Aura
|move|p2a: Necrozma|Knock Off|p1a: Yvelchiant
|-resisted|p1a: Yvelchiant
|-damage|p1a: Yvelchiant|37/100
|-enditem|p1a: Yvelchiant|Heavy-Duty Boots|[from] move: Knock Off|[of] p2a: Necrozma
|
|-weather|RainDance|[upkeep]
|-heal|p2a: Necrozma|51/100|[from] item: Leftovers
|upkeep
|turn|40
|
|t:|1667143889
|switch|p2a: Tangrowth|Tangrowth, F|100/100
|-damage|p2a: Tangrowth|88/100|[from] Stealth Rock
|move|p1a: Yvelchiant|Knock Off|p2a: Tangrowth
|-damage|p2a: Tangrowth|70/100
|
|-weather|none
|upkeep
|turn|41
|
|t:|1667143895
|move|p1a: Yvelchiant|Roost|p1a: Yvelchiant
|-heal|p1a: Yvelchiant|87/100
|-singleturn|p1a: Yvelchiant|move: Roost
|move|p2a: Tangrowth|Sleep Powder|p1a: Yvelchiant
|-status|p1a: Yvelchiant|slp|[from] move: Sleep Powder
|
|upkeep
|turn|42
|
|t:|1667143900
|cant|p1a: Yvelchiant|slp
|move|p2a: Tangrowth|Leech Seed|p1a: Yvelchiant
|-start|p1a: Yvelchiant|move: Leech Seed
|
|-damage|p1a: Yvelchiant|75/100 slp|[from] Leech Seed|[of] p2a: Tangrowth
|-heal|p2a: Tangrowth|84/100|[silent]
|upkeep
|turn|43
|
|t:|1667143902
|switch|p1a: BOOUM :)|Ho-Oh|100/100
|switch|p2a: Blissey|Blissey, F|39/100
|-damage|p2a: Blissey|27/100|[from] Stealth Rock
|
|upkeep
|turn|44
|
|t:|1667143909
|switch|p2a: Ho-Oh|Ho-Oh|72/100
|move|p1a: BOOUM :)|Sacred Fire|p2a: Ho-Oh
|-resisted|p2a: Ho-Oh
|-damage|p2a: Ho-Oh|47/100
|
|upkeep
|turn|45
|
|t:|1667143913
|switch|p1a: Big blue|Kyogre|100/100
|-weather|RainDance|[from] ability: Drizzle|[of] p1a: Big blue
|move|p2a: Ho-Oh|Defog|p1a: Big blue
|-unboost|p1a: Big blue|evasion|1
|-sideend|p2: mrdarkcyber|Stealth Rock|[from] move: Defog|[of] p2a: Ho-Oh
|
|-weather|RainDance|[upkeep]
|upkeep
|turn|46
|
|t:|1667143920
|switch|p2a: Tangrowth|Tangrowth, F|100/100
|move|p1a: Big blue|Scald|p2a: Tangrowth
|-resisted|p2a: Tangrowth
|-damage|p2a: Tangrowth|56/100
|
|-weather|RainDance|[upkeep]
|upkeep
|turn|47
|
|t:|1667143927
|switch|p1a: BOOUM :)|Ho-Oh|100/100
|switch|p2a: Tyranitar|Tyranitar, M|100/100 slp
|-weather|Sandstorm|[from] ability: Sand Stream|[of] p2a: Tyranitar
|
|-weather|Sandstorm|[upkeep]
|-damage|p1a: BOOUM :)|94/100|[from] Sandstorm
|upkeep
|turn|48
|
|t:|1667143933
|switch|p2a: Ho-Oh|Ho-Oh|80/100
|move|p1a: BOOUM :)|Brave Bird|p2a: Ho-Oh
|-damage|p2a: Ho-Oh|18/100
|-damage|p1a: BOOUM :)|70/100|[from] Recoil
|
|-weather|Sandstorm|[upkeep]
|-damage|p1a: BOOUM :)|64/100|[from] Sandstorm
|-damage|p2a: Ho-Oh|12/100|[from] Sandstorm
|upkeep
|turn|49
|inactive|mrdarkcyber has 120 seconds left.
|inactive|mrdarkcyber has 90 seconds left.
|
|t:|1667144001
|switch|p2a: Excadrill|Excadrill, M|100/100
|move|p1a: BOOUM :)|Brave Bird|p2a: Excadrill
|-resisted|p2a: Excadrill
|-crit|p2a: Excadrill
|-damage|p2a: Excadrill|0 fnt
|faint|p2a: Excadrill
|-damage|p1a: BOOUM :)|30/100|[from] Recoil
|
|-weather|Sandstorm|[upkeep]
|-damage|p1a: BOOUM :)|24/100|[from] Sandstorm
|upkeep
|
|t:|1667144006
|switch|p2a: Necrozma|Necrozma-Dusk-Mane|51/100
|turn|50
|inactive|mrdarkcyber has 90 seconds left.
|
|t:|1667144019
|switch|p1a: Lionceau|Necrozma-Dusk-Mane|100/100
|switch|p2a: Blissey|Blissey, F|27/100
|
|-weather|Sandstorm|[upkeep]
|-damage|p2a: Blissey|20/100|[from] Sandstorm
|upkeep
|turn|51
|
|t:|1667144024
|switch|p2a: Ho-Oh|Ho-Oh|45/100
|move|p1a: Lionceau|Sunsteel Strike|p2a: Ho-Oh
|-resisted|p2a: Ho-Oh
|-damage|p2a: Ho-Oh|22/100
|
|-weather|none
|upkeep
|turn|52
|
|t:|1667144034
|switch|p2a: Necrozma|Necrozma-Dusk-Mane|51/100
|move|p1a: Lionceau|Stealth Rock|p2a: Necrozma
|-sidestart|p2: mrdarkcyber|move: Stealth Rock
|
|-heal|p2a: Necrozma|57/100|[from] item: Leftovers
|upkeep
|turn|53
|
|t:|1667144042
|switch|p1a: Big blue|Kyogre|100/100
|-weather|RainDance|[from] ability: Drizzle|[of] p1a: Big blue
|move|p2a: Necrozma|Dragon Dance|p2a: Necrozma
|-boost|p2a: Necrozma|atk|1
|-boost|p2a: Necrozma|spe|1
|
|-weather|RainDance|[upkeep]
|-heal|p2a: Necrozma|63/100|[from] item: Leftovers
|upkeep
|turn|54
|
|t:|1667144047
|move|p2a: Necrozma|Knock Off|p1a: Big blue
|-damage|p1a: Big blue|58/100
|-enditem|p1a: Big blue|Leftovers|[from] move: Knock Off|[of] p2a: Necrozma
|move|p1a: Big blue|Scald|p2a: Necrozma
|-damage|p2a: Necrozma|11/100
|
|-weather|RainDance|[upkeep]
|-heal|p2a: Necrozma|17/100|[from] item: Leftovers
|upkeep
|turn|55
|inactive|mrdarkcyber has 120 seconds left.
|-message|mrdarkcyber forfeited.
|
|win|Dun 26
|raw|Dun 26's rating: 1569 &rarr; <strong>1592</strong><br />(+23 for winning)
|raw|mrdarkcyber's rating: 1629 &rarr; <strong>1606</strong><br />(-23 for losing)
|l|☆mrdarkcyber
