|j|☆TogeBirlHQ
|j|☆thepoopidoopi
|t:|1660570831
|gametype|singles
|player|p1|TogeBirlHQ|nate|1629
|player|p2|thepoopidoopi|marnie-masters|1481
|teamsize|p1|6
|teamsize|p2|6
|gen|8
|tier|[Gen 8] Ubers
|rated|
|rule|Sleep Clause Mod: Limit one foe put to sleep
|rule|Species Clause: Limit one of each Pokémon
|rule|OHKO Clause: OHKO moves are banned
|rule|Evasion Items Clause: Evasion items are banned
|rule|Evasion Moves Clause: Evasion moves are banned
|rule|Endless Battle Clause: Forcing endless battles is banned
|rule|HP Percentage Mod: HP is shown in percentages
|rule|Dynamax Clause: You cannot dynamax
|clearpoke
|poke|p1|Groudon|
|poke|p1|Zarude|
|poke|p1|Necrozma-Dusk-Mane|
|poke|p1|Eternatus|
|poke|p1|Ho-Oh|
|poke|p1|Xerneas-*|
|poke|p2|Urshifu-*, F|
|poke|p2|Solgaleo|
|poke|p2|Tyranitar, M|
|poke|p2|Ho-Oh|
|poke|p2|Xerneas-*|
|poke|p2|Gastrodon, F|
|teampreview
|
|t:|1660570851
|start
|switch|p1a: Groudon|Groudon|100/100
|switch|p2a: Urshifu|Urshifu, F|100/100
|-weather|SunnyDay|[from] ability: Drought|[of] p1a: Groudon
|turn|1
|
|t:|1660570876
|move|p2a: Urshifu|U-turn|p1a: Groudon
|-damage|p1a: Groudon|82/100
|
|t:|1660570882
|switch|p2a: Xerneas|Xerneas|100/100|[from]move: U-turn
|-ability|p2a: Xerneas|Fairy Aura
|move|p1a: Groudon|Precipice Blades|p2a: Xerneas
|-crit|p2a: Xerneas
|-damage|p2a: Xerneas|22/100
|
|-weather|SunnyDay|[upkeep]
|-heal|p1a: Groudon|88/100|[from] item: Leftovers
|upkeep
|turn|2
|
|t:|1660570895
|switch|p1a: Ho-Oh|Ho-Oh|100/100
|move|p2a: Xerneas|Moonblast|p1a: Ho-Oh
|-resisted|p1a: Ho-Oh
|-damage|p1a: Ho-Oh|83/100
|-unboost|p1a: Ho-Oh|spa|1
|
|-weather|SunnyDay|[upkeep]
|upkeep
|turn|3
|
|t:|1660570902
|switch|p2a: Tyranitar|Tyranitar, M, shiny|100/100
|-weather|Sandstorm|[from] ability: Sand Stream|[of] p2a: Tyranitar
|move|p1a: Ho-Oh|Earthquake|p2a: Tyranitar
|-supereffective|p2a: Tyranitar
|-damage|p2a: Tyranitar|15/100
|
|-weather|Sandstorm|[upkeep]
|-damage|p1a: Ho-Oh|77/100|[from] Sandstorm
|-heal|p2a: Tyranitar|21/100|[from] item: Leftovers
|upkeep
|turn|4
|
|t:|1660570908
|switch|p2a: Ho-Oh|Ho-Oh|100/100
|move|p1a: Ho-Oh|Earthquake|p2a: Ho-Oh
|-immune|p2a: Ho-Oh
|
|-weather|Sandstorm|[upkeep]
|-damage|p1a: Ho-Oh|71/100|[from] Sandstorm
|-damage|p2a: Ho-Oh|94/100|[from] Sandstorm
|upkeep
|turn|5
|
|t:|1660570918
|switch|p1a: Eternatus|Eternatus|100/100
|-ability|p1a: Eternatus|Pressure
|switch|p2a: Urshifu|Urshifu, F|100/100
|
|-weather|Sandstorm|[upkeep]
|-damage|p1a: Eternatus|94/100|[from] Sandstorm
|-damage|p2a: Urshifu|94/100|[from] Sandstorm
|upkeep
|turn|6
|
|t:|1660570928
|switch|p2a: Solgaleo|Solgaleo|100/100
|move|p1a: Eternatus|Dynamax Cannon|p2a: Solgaleo
|-resisted|p2a: Solgaleo
|-damage|p2a: Solgaleo|87/100
|
|-weather|Sandstorm|[upkeep]
|-damage|p1a: Eternatus|88/100|[from] Sandstorm
|-heal|p2a: Solgaleo|93/100|[from] item: Leftovers
|upkeep
|turn|7
|
|t:|1660570936
|switch|p1a: Groudon|Groudon|88/100
|-weather|SunnyDay|[from] ability: Drought|[of] p1a: Groudon
|move|p2a: Solgaleo|Future Sight|p1a: Groudon
|-start|p2a: Solgaleo|move: Future Sight
|
|-weather|SunnyDay|[upkeep]
|-heal|p1a: Groudon|95/100|[from] item: Leftovers
|-heal|p2a: Solgaleo|99/100|[from] item: Leftovers
|upkeep
|turn|8
|
|t:|1660570950
|move|p1a: Groudon|Stealth Rock|p2a: Solgaleo
|-sidestart|p2: thepoopidoopi|move: Stealth Rock
|move|p2a: Solgaleo|Morning Sun|p2a: Solgaleo
|-heal|p2a: Solgaleo|100/100
|
|-weather|SunnyDay|[upkeep]
|-heal|p1a: Groudon|100/100|[from] item: Leftovers
|upkeep
|turn|9
|
|t:|1660570957
|switch|p1a: Zarude|Zarude|100/100
|switch|p2a: Ho-Oh|Ho-Oh|100/100
|
|-weather|SunnyDay|[upkeep]
|-end|p1a: Zarude|move: Future Sight
|-immune|p1a: Zarude
|upkeep
|turn|10
|
|t:|1660570975
|switch|p1a: Ho-Oh|Ho-Oh|100/100
|move|p2a: Ho-Oh|Defog|p1a: Ho-Oh
|-unboost|p1a: Ho-Oh|evasion|1
|-sideend|p2: thepoopidoopi|Stealth Rock|[from] move: Defog|[of] p2a: Ho-Oh
|
|-weather|SunnyDay|[upkeep]
|upkeep
|turn|11
|
|t:|1660570982
|move|p1a: Ho-Oh|Brave Bird|p2a: Ho-Oh
|-damage|p2a: Ho-Oh|30/100
|-damage|p1a: Ho-Oh|77/100|[from] Recoil
|move|p2a: Ho-Oh|Sacred Fire|p1a: Ho-Oh
|-resisted|p1a: Ho-Oh
|-damage|p1a: Ho-Oh|48/100
|
|-weather|none
|upkeep
|turn|12
|
|t:|1660570990
|switch|p2a: Solgaleo|Solgaleo|100/100
|move|p1a: Ho-Oh|Brave Bird|p2a: Solgaleo
|-resisted|p2a: Solgaleo
|-damage|p2a: Solgaleo|65/100
|-damage|p1a: Ho-Oh|35/100|[from] Recoil
|
|-heal|p2a: Solgaleo|71/100|[from] item: Leftovers
|upkeep
|turn|13
|
|t:|1660571000
|switch|p1a: Groudon|Groudon|100/100
|-weather|SunnyDay|[from] ability: Drought|[of] p1a: Groudon
|move|p2a: Solgaleo|Teleport|p2a: Solgaleo
|
|t:|1660571007
|switch|p2a: Urshifu|Urshifu, F|94/100|[from]move: Teleport
|
|-weather|SunnyDay|[upkeep]
|upkeep
|turn|14
|
|t:|1660571017
|move|p2a: Urshifu|Wicked Blow|p1a: Groudon
|-crit|p1a: Groudon
|-damage|p1a: Groudon|56/100
|move|p1a: Groudon|Precipice Blades|p2a: Urshifu|[miss]
|-miss|p1a: Groudon|p2a: Urshifu
|
|-weather|SunnyDay|[upkeep]
|-heal|p1a: Groudon|62/100|[from] item: Leftovers
|upkeep
|turn|15
|
|t:|1660571030
|switch|p1a: Xerneas|Xerneas|100/100
|-ability|p1a: Xerneas|Fairy Aura
|move|p2a: Urshifu|Wicked Blow|p1a: Xerneas
|-resisted|p1a: Xerneas
|-crit|p1a: Xerneas
|-damage|p1a: Xerneas|60/100
|
|-weather|SunnyDay|[upkeep]
|upkeep
|turn|16
|
|t:|1660571053
|switch|p1a: Ho-Oh|Ho-Oh|68/100
|switch|p2a: Solgaleo|Solgaleo|71/100
|
|-weather|SunnyDay|[upkeep]
|-heal|p2a: Solgaleo|77/100|[from] item: Leftovers
|upkeep
|turn|17
|
|t:|1660571059
|switch|p2a: Tyranitar|Tyranitar, M, shiny|21/100
|-weather|Sandstorm|[from] ability: Sand Stream|[of] p2a: Tyranitar
|move|p1a: Ho-Oh|Brave Bird|p2a: Tyranitar
|-resisted|p2a: Tyranitar
|-damage|p2a: Tyranitar|0 fnt
|faint|p2a: Tyranitar
|-damage|p1a: Ho-Oh|61/100|[from] Recoil
|
|-weather|Sandstorm|[upkeep]
|-damage|p1a: Ho-Oh|55/100|[from] Sandstorm
|upkeep
|
|t:|1660571075
|switch|p2a: Urshifu|Urshifu, F|94/100
|turn|18
|
|t:|1660571090
|switch|p1a: Xerneas|Xerneas|60/100
|-ability|p1a: Xerneas|Fairy Aura
|move|p2a: Urshifu|Wicked Blow|p1a: Xerneas
|-resisted|p1a: Xerneas
|-crit|p1a: Xerneas
|-damage|p1a: Xerneas|19/100
|
|-weather|Sandstorm|[upkeep]
|-damage|p1a: Xerneas|12/100|[from] Sandstorm
|-damage|p2a: Urshifu|88/100|[from] Sandstorm
|upkeep
|turn|19
|
|t:|1660571097
|switch|p2a: Solgaleo|Solgaleo|77/100
|move|p1a: Xerneas|Moonblast|p2a: Solgaleo
|-resisted|p2a: Solgaleo
|-damage|p2a: Solgaleo|59/100
|
|-weather|Sandstorm|[upkeep]
|-damage|p1a: Xerneas|6/100|[from] Sandstorm
|-heal|p2a: Solgaleo|65/100|[from] item: Leftovers
|upkeep
|turn|20
|
|t:|1660571150
|move|p1a: Xerneas|Moonblast|p2a: Solgaleo
|-resisted|p2a: Solgaleo
|-damage|p2a: Solgaleo|48/100
|move|p2a: Solgaleo|Sunsteel Strike|p1a: Xerneas
|-supereffective|p1a: Xerneas
|-damage|p1a: Xerneas|0 fnt
|faint|p1a: Xerneas
|
|-weather|Sandstorm|[upkeep]
|-heal|p2a: Solgaleo|54/100|[from] item: Leftovers
|upkeep
|
|t:|1660571163
|switch|p1a: Ho-Oh|Ho-Oh|89/100
|turn|21
|
|t:|1660571176
|move|p1a: Ho-Oh|Sacred Fire|p2a: Solgaleo
|-supereffective|p2a: Solgaleo
|-damage|p2a: Solgaleo|0 fnt
|faint|p2a: Solgaleo
|
|-weather|none
|upkeep
|
|t:|1660571179
|switch|p2a: Urshifu|Urshifu, F|88/100
|turn|22
|
|t:|1660571190
|move|p2a: Urshifu|Wicked Blow|p1a: Ho-Oh
|-crit|p1a: Ho-Oh
|-damage|p1a: Ho-Oh|4/100
|move|p1a: Ho-Oh|Sacred Fire|p2a: Urshifu
|-damage|p2a: Urshifu|2/100
|-status|p2a: Urshifu|brn
|
|-damage|p2a: Urshifu|0 fnt|[from] brn
|faint|p2a: Urshifu
|upkeep
|
|t:|1660571249
|switch|p2a: Xerneas|Xerneas|22/100
|-ability|p2a: Xerneas|Fairy Aura
|turn|23
|
|t:|1660571255
|switch|p1a: Necrozma|Necrozma-Dusk-Mane|100/100
|move|p2a: Xerneas|Thunder|p1a: Necrozma
|-damage|p1a: Necrozma|77/100
|-status|p1a: Necrozma|par
|
|-heal|p1a: Necrozma|83/100 par|[from] item: Leftovers
|upkeep
|turn|24
|
|t:|1660571278
|switch|p2a: Ho-Oh|Ho-Oh|63/100
|move|p1a: Necrozma|Knock Off|p2a: Ho-Oh
|-damage|p2a: Ho-Oh|41/100
|-enditem|p2a: Ho-Oh|Heavy-Duty Boots|[from] move: Knock Off|[of] p1a: Necrozma
|
|-heal|p1a: Necrozma|89/100 par|[from] item: Leftovers
|upkeep
|turn|25
|
|t:|1660571289
|switch|p1a: Eternatus|Eternatus|88/100
|-ability|p1a: Eternatus|Pressure
|move|p2a: Ho-Oh|Sacred Fire|p1a: Eternatus
|-resisted|p1a: Eternatus
|-damage|p1a: Eternatus|73/100
|-status|p1a: Eternatus|brn
|
|-damage|p1a: Eternatus|67/100 brn|[from] brn
|upkeep
|turn|26
|
|t:|1660571313
|switch|p2a: Xerneas|Xerneas|22/100
|-ability|p2a: Xerneas|Fairy Aura
|move|p1a: Eternatus|Recover|p1a: Eternatus
|-heal|p1a: Eternatus|100/100 brn
|
|-damage|p1a: Eternatus|94/100 brn|[from] brn
|upkeep
|turn|27
|
|t:|1660571319
|switch|p2a: Gastrodon|Gastrodon, F|100/100
|move|p1a: Eternatus|Mystical Fire|p2a: Gastrodon
|-resisted|p2a: Gastrodon
|-damage|p2a: Gastrodon|93/100
|-unboost|p2a: Gastrodon|spa|1
|
|-heal|p2a: Gastrodon|99/100|[from] item: Leftovers
|-damage|p1a: Eternatus|88/100 brn|[from] brn
|upkeep
|turn|28
|
|t:|1660571323
|switch|p1a: Groudon|Groudon|62/100
|-weather|SunnyDay|[from] ability: Drought|[of] p1a: Groudon
|move|p2a: Gastrodon|Earthquake|p1a: Groudon
|-damage|p1a: Groudon|48/100
|
|-weather|SunnyDay|[upkeep]
|-heal|p1a: Groudon|54/100|[from] item: Leftovers
|-heal|p2a: Gastrodon|100/100|[from] item: Leftovers
|upkeep
|turn|29
|
|t:|1660571336
|move|p1a: Groudon|Stealth Rock|p2a: Gastrodon
|-sidestart|p2: thepoopidoopi|move: Stealth Rock
|move|p2a: Gastrodon|Scald|p1a: Groudon
|-supereffective|p1a: Groudon
|-damage|p1a: Groudon|37/100
|
|-weather|SunnyDay|[upkeep]
|-heal|p1a: Groudon|44/100|[from] item: Leftovers
|upkeep
|turn|30
|
|t:|1660571341
|move|p1a: Groudon|Toxic|p2a: Gastrodon
|-status|p2a: Gastrodon|tox
|move|p2a: Gastrodon|Scald|p1a: Groudon
|-supereffective|p1a: Groudon
|-damage|p1a: Groudon|28/100
|
|-weather|SunnyDay|[upkeep]
|-heal|p1a: Groudon|34/100|[from] item: Leftovers
|-damage|p2a: Gastrodon|94/100 tox|[from] psn
|upkeep
|turn|31
|
|t:|1660571367
|move|p1a: Groudon|Precipice Blades|p2a: Gastrodon
|-damage|p2a: Gastrodon|32/100 tox
|move|p2a: Gastrodon|Scald|p1a: Groudon
|-supereffective|p1a: Groudon
|-damage|p1a: Groudon|20/100
|
|-weather|SunnyDay|[upkeep]
|-heal|p1a: Groudon|26/100|[from] item: Leftovers
|-heal|p2a: Gastrodon|38/100 tox|[from] item: Leftovers
|-damage|p2a: Gastrodon|26/100 tox|[from] psn
|upkeep
|turn|32
|-message|thepoopidoopi forfeited.
|
|win|TogeBirlHQ
|raw|TogeBirlHQ's rating: 1629 &rarr; <strong>1641</strong><br />(+12 for winning)
|raw|thepoopidoopi's rating: 1491 &rarr; <strong>1479</strong><br />(-12 for losing)
|l|☆thepoopidoopi
