|j|☆Vukalo
|j|☆repecc
|player|p1|Vukalo|clair|1500
|player|p2|repecc|102|1487
|teamsize|p1|6
|teamsize|p2|6
|gametype|singles
|gen|8
|tier|[Gen 8] Ubers
|rated|
|clearpoke
|poke|p1|Zacian-*|
|poke|p1|Eternatus|
|poke|p1|Sableye, F|
|poke|p1|Centiskorch, F|
|poke|p1|Excadrill, F|
|poke|p1|Corsola-Galar, F|
|poke|p2|Quagsire, M|
|poke|p2|Eternatus|
|poke|p2|Ferrothorn, F|
|poke|p2|Tyranitar, M|
|poke|p2|Gyarados, M|
|poke|p2|Avalugg, M|
|rule|Sleep Clause Mod: Limit one foe put to sleep
|rule|Species Clause: Limit one of each Pokémon
|rule|OHKO Clause: OHKO moves are banned
|rule|Evasion Moves Clause: Evasion moves are banned
|rule|Endless Battle Clause: Forcing endless battles is banned
|rule|HP Percentage Mod: HP is shown in percentages
|teampreview
|inactive|Battle timer is ON: inactive players will automatically lose when time's up. (requested by repecc)
|
|start
|switch|p1a: Zacian|Zacian-Crowned|100/100
|switch|p2a: Eternatus|Eternatus|100/100
|-ability|p1a: Zacian|Intrepid Sword|boost
|-boost|p1a: Zacian|atk|1
|-ability|p2a: Eternatus|Pressure
|turn|1
|
|switch|p2a: Quagsire|Quagsire, M|100/100
|move|p1a: Zacian|Behemoth Blade|p2a: Quagsire
|-resisted|p2a: Quagsire
|-damage|p2a: Quagsire|75/100
|
|upkeep
|turn|2
|
|move|p1a: Zacian|Play Rough|p2a: Quagsire
|-damage|p2a: Quagsire|30/100
|move|p2a: Quagsire|Recover|p2a: Quagsire
|-heal|p2a: Quagsire|80/100
|
|upkeep
|turn|3
|
|move|p1a: Zacian|Play Rough|p2a: Quagsire|[miss]
|-miss|p1a: Zacian|p2a: Quagsire
|move|p2a: Quagsire|Recover|p2a: Quagsire
|-heal|p2a: Quagsire|100/100
|
|upkeep
|turn|4
|
|switch|p1a: Corsola|Corsola-Galar, F|100/100
|move|p2a: Quagsire|Earthquake|p1a: Corsola
|-damage|p1a: Corsola|87/100
|-start|p2a: Quagsire|Disable|Earthquake|[from] ability: Cursed Body|[of] p1a: Corsola
|
|upkeep
|turn|5
|
|switch|p2a: Eternatus|Eternatus|100/100
|-ability|p2a: Eternatus|Pressure
|move|p1a: Corsola|Will-O-Wisp|p2a: Eternatus|[miss]
|-miss|p1a: Corsola|p2a: Eternatus
|
|upkeep
|turn|6
|
|switch|p1a: Sableye|Sableye, F|100/100
|move|p2a: Eternatus|Toxic Spikes|p1a: Sableye
|-sidestart|p1: Vukalo|move: Toxic Spikes
|
|upkeep
|turn|7
|
|move|p1a: Sableye|Will-O-Wisp|p2a: Eternatus
|-status|p2a: Eternatus|brn
|move|p2a: Eternatus|Flamethrower|p1a: Sableye
|-damage|p1a: Sableye|61/100
|
|-heal|p1a: Sableye|67/100|[from] item: Leftovers
|-damage|p2a: Eternatus|94/100 brn|[from] brn
|upkeep
|turn|8
|
|move|p1a: Sableye|Recover|p1a: Sableye
|-heal|p1a: Sableye|100/100
|move|p2a: Eternatus|Toxic Spikes|p1a: Sableye
|-sidestart|p1: Vukalo|move: Toxic Spikes
|
|-heal|p2a: Eternatus|100/100 brn|[from] item: Black Sludge
|-damage|p2a: Eternatus|94/100 brn|[from] brn
|upkeep
|turn|9
|
|switch|p1a: Eternatus|Eternatus|100/100
|-sideend|p1: Vukalo|move: Toxic Spikes|[of] p1a: Eternatus
|-ability|p1a: Eternatus|Pressure
|move|p2a: Eternatus|Dragon Tail|p1a: Eternatus
|-supereffective|p1a: Eternatus
|-damage|p1a: Eternatus|89/100
|drag|p1a: Centiskorch|Centiskorch, F|100/100
|
|-heal|p2a: Eternatus|100/100 brn|[from] item: Black Sludge
|-damage|p2a: Eternatus|94/100 brn|[from] brn
|upkeep
|turn|10
|
|switch|p1a: Eternatus|Eternatus|89/100
|-ability|p1a: Eternatus|Pressure
|move|p2a: Eternatus|Toxic Spikes|p1a: Eternatus
|-sidestart|p1: Vukalo|move: Toxic Spikes
|
|-heal|p1a: Eternatus|96/100|[from] item: Black Sludge
|-heal|p2a: Eternatus|100/100 brn|[from] item: Black Sludge
|-damage|p2a: Eternatus|94/100 brn|[from] brn
|upkeep
|turn|11
|
|switch|p2a: Tyranitar|Tyranitar, M|100/100
|-weather|Sandstorm|[from] ability: Sand Stream|[of] p2a: Tyranitar
|move|p1a: Eternatus|Dynamax Cannon|p2a: Tyranitar
|-damage|p2a: Tyranitar|80/100
|
|-weather|Sandstorm|[upkeep]
|-damage|p1a: Eternatus|89/100|[from] Sandstorm
|-heal|p1a: Eternatus|96/100|[from] item: Black Sludge
|upkeep
|turn|12
|
|switch|p1a: Zacian|Zacian-Crowned|100/100
|-ability|p1a: Zacian|Intrepid Sword|boost
|-boost|p1a: Zacian|atk|1
|move|p2a: Tyranitar|Stealth Rock|p1a: Zacian
|-sidestart|p1: Vukalo|move: Stealth Rock
|
|-weather|Sandstorm|[upkeep]
|upkeep
|turn|13
|
|switch|p2a: Quagsire|Quagsire, M|100/100
|move|p1a: Zacian|Behemoth Blade|p2a: Quagsire
|-resisted|p2a: Quagsire
|-damage|p2a: Quagsire|76/100
|
|-weather|Sandstorm|[upkeep]
|upkeep
|turn|14
|
|move|p1a: Zacian|Play Rough|p2a: Quagsire
|-damage|p2a: Quagsire|34/100
|move|p2a: Quagsire|Recover|p2a: Quagsire
|-heal|p2a: Quagsire|84/100
|
|-weather|Sandstorm|[upkeep]
|upkeep
|turn|15
|
|move|p1a: Zacian|Play Rough|p2a: Quagsire
|-damage|p2a: Quagsire|41/100
|move|p2a: Quagsire|Earthquake|p1a: Zacian
|-supereffective|p1a: Zacian
|-damage|p1a: Zacian|52/100
|
|-weather|none
|upkeep
|turn|16
|
|switch|p2a: Avalugg|Avalugg, M|100/100
|move|p1a: Zacian|Play Rough|p2a: Avalugg
|-damage|p2a: Avalugg|61/100
|-damage|p1a: Zacian|35/100|[from] item: Rocky Helmet|[of] p2a: Avalugg
|
|upkeep
|turn|17
|
|move|p1a: Zacian|Behemoth Blade|p2a: Avalugg
|-supereffective|p2a: Avalugg
|-damage|p2a: Avalugg|0 fnt
|-damage|p1a: Zacian|19/100|[from] item: Rocky Helmet|[of] p2a: Avalugg
|faint|p2a: Avalugg
|
|upkeep
|
|switch|p2a: Eternatus|Eternatus|94/100 brn
|-ability|p2a: Eternatus|Pressure
|turn|18
|
|move|p1a: Zacian|Behemoth Blade|p2a: Eternatus
|-damage|p2a: Eternatus|38/100 brn
|move|p2a: Eternatus|Flamethrower|p1a: Zacian
|-supereffective|p1a: Zacian
|-damage|p1a: Zacian|0 fnt
|faint|p1a: Zacian
|
|-heal|p2a: Eternatus|44/100 brn|[from] item: Black Sludge
|-damage|p2a: Eternatus|38/100 brn|[from] brn
|upkeep
|
|switch|p1a: Eternatus|Eternatus|96/100
|-damage|p1a: Eternatus|83/100|[from] Stealth Rock
|-sideend|p1: Vukalo|move: Toxic Spikes|[of] p1a: Eternatus
|-ability|p1a: Eternatus|Pressure
|turn|19
|
|switch|p2a: Tyranitar|Tyranitar, M|80/100
|-weather|Sandstorm|[from] ability: Sand Stream|[of] p2a: Tyranitar
|move|p1a: Eternatus|Dynamax Cannon|p2a: Tyranitar
|-damage|p2a: Tyranitar|61/100
|
|-weather|Sandstorm|[upkeep]
|-damage|p1a: Eternatus|77/100|[from] Sandstorm
|-heal|p1a: Eternatus|83/100|[from] item: Black Sludge
|upkeep
|turn|20
|
|move|p1a: Eternatus|Cosmic Power|p1a: Eternatus
|-boost|p1a: Eternatus|def|1
|-boost|p1a: Eternatus|spd|1
|move|p2a: Tyranitar|Snarl|p1a: Eternatus
|-damage|p1a: Eternatus|75/100
|-unboost|p1a: Eternatus|spa|1
|
|-weather|Sandstorm|[upkeep]
|-damage|p1a: Eternatus|69/100|[from] Sandstorm
|-heal|p1a: Eternatus|75/100|[from] item: Black Sludge
|upkeep
|turn|21
|
|switch|p1a: Excadrill|Excadrill, F|100/100
|-damage|p1a: Excadrill|97/100|[from] Stealth Rock
|move|p2a: Tyranitar|Taunt|p1a: Excadrill
|-start|p1a: Excadrill|move: Taunt
|
|-weather|Sandstorm|[upkeep]
|upkeep
|turn|22
|
|switch|p2a: Quagsire|Quagsire, M|41/100
|move|p1a: Excadrill|Rapid Spin|p2a: Quagsire
|-damage|p2a: Quagsire|27/100
|-sideend|p1: Vukalo|Stealth Rock|[from] move: Rapid Spin|[of] p1a: Excadrill
|-boost|p1a: Excadrill|spe|1
|
|-weather|Sandstorm|[upkeep]
|upkeep
|turn|23
|
|move|p1a: Excadrill|Earthquake|p2a: Quagsire
|-damage|p2a: Quagsire|0 fnt
|faint|p2a: Quagsire
|
|-weather|none
|-end|p1a: Excadrill|move: Taunt
|upkeep
|
|switch|p2a: Gyarados|Gyarados, M|100/100
|-ability|p2a: Gyarados|Intimidate|boost
|-unboost|p1a: Excadrill|atk|1
|turn|24
|
|-start|p1a: Excadrill|Dynamax
|-heal|p1a: Excadrill|97/100|[silent]
|move|p1a: Excadrill|Max Rockfall|p2a: Gyarados
|-supereffective|p2a: Gyarados
|-damage|p2a: Gyarados|8/100
|-weather|Sandstorm
|move|p2a: Gyarados|Waterfall|p1a: Excadrill
|-supereffective|p1a: Excadrill
|-damage|p1a: Excadrill|34/100
|
|-weather|Sandstorm|[upkeep]
|-damage|p2a: Gyarados|2/100|[from] Sandstorm
|upkeep
|turn|25
|
|switch|p2a: Ferrothorn|Ferrothorn, F|100/100
|move|p1a: Excadrill|Max Steelspike|p2a: Ferrothorn
|-resisted|p2a: Ferrothorn
|-damage|p2a: Ferrothorn|83/100
|-boost|p1a: Excadrill|def|1
|
|-weather|Sandstorm|[upkeep]
|-heal|p2a: Ferrothorn|89/100|[from] item: Leftovers
|upkeep
|turn|26
|
|move|p1a: Excadrill|Max Quake|p2a: Ferrothorn
|-damage|p2a: Ferrothorn|59/100
|-boost|p1a: Excadrill|spd|1
|move|p2a: Ferrothorn|Leech Seed|p1a: Excadrill
|-start|p1a: Excadrill|move: Leech Seed
|
|-weather|Sandstorm|[upkeep]
|-heal|p2a: Ferrothorn|65/100|[from] item: Leftovers
|-damage|p1a: Excadrill|28/100|[from] Leech Seed|[of] p2a: Ferrothorn
|-heal|p2a: Ferrothorn|78/100|[silent]
|-end|p1a: Excadrill|Dynamax
|-heal|p1a: Excadrill|28/100|[silent]
|upkeep
|turn|27
|
|move|p1a: Excadrill|Rapid Spin|p2a: Ferrothorn
|-resisted|p2a: Ferrothorn
|-damage|p2a: Ferrothorn|74/100
|-damage|p1a: Excadrill|16/100|[from] ability: Iron Barbs|[of] p2a: Ferrothorn
|-end|p1a: Excadrill|Leech Seed|[from] move: Rapid Spin|[of] p1a: Excadrill
|-boost|p1a: Excadrill|spe|1
|move|p2a: Ferrothorn|Power Whip|p1a: Excadrill
|-damage|p1a: Excadrill|0 fnt
|faint|p1a: Excadrill
|
|-weather|Sandstorm|[upkeep]
|-heal|p2a: Ferrothorn|80/100|[from] item: Leftovers
|upkeep
|
|switch|p1a: Centiskorch|Centiskorch, F|100/100
|turn|28
|
|switch|p2a: Gyarados|Gyarados, M|2/100
|-ability|p2a: Gyarados|Intimidate|boost
|-unboost|p1a: Centiskorch|atk|1
|move|p1a: Centiskorch|Coil|p1a: Centiskorch
|-boost|p1a: Centiskorch|atk|1
|-boost|p1a: Centiskorch|def|1
|-boost|p1a: Centiskorch|accuracy|1
|
|-weather|none
|upkeep
|turn|29
|
|-start|p2a: Gyarados|Dynamax
|-heal|p2a: Gyarados|2/100|[silent]
|move|p2a: Gyarados|Max Geyser|p1a: Centiskorch
|-supereffective|p1a: Centiskorch
|-crit|p1a: Centiskorch
|-damage|p1a: Centiskorch|0 fnt
|-weather|RainDance
|faint|p1a: Centiskorch
|
|-weather|RainDance|[upkeep]
|upkeep
|
|switch|p1a: Eternatus|Eternatus|75/100
|-ability|p1a: Eternatus|Pressure
|turn|30
|
|move|p1a: Eternatus|Dynamax Cannon|p2a: Gyarados
|-damage|p2a: Gyarados|0 fnt
|faint|p2a: Gyarados
|
|-weather|RainDance|[upkeep]
|-heal|p1a: Eternatus|81/100|[from] item: Black Sludge
|upkeep
|
|switch|p2a: Tyranitar|Tyranitar, M|61/100
|-weather|Sandstorm|[from] ability: Sand Stream|[of] p2a: Tyranitar
|turn|31
|
|switch|p1a: Corsola|Corsola-Galar, F|87/100
|move|p2a: Tyranitar|Stealth Rock|p1a: Corsola
|-sidestart|p1: Vukalo|move: Stealth Rock
|
|-weather|Sandstorm|[upkeep]
|-damage|p1a: Corsola|80/100|[from] Sandstorm
|upkeep
|turn|32
|
|move|p2a: Tyranitar|Taunt|p1a: Corsola
|-start|p1a: Corsola|move: Taunt
|cant|p1a: Corsola|move: Taunt|Will-O-Wisp
|
|-weather|Sandstorm|[upkeep]
|-damage|p1a: Corsola|74/100|[from] Sandstorm
|upkeep
|turn|33
|
|switch|p2a: Eternatus|Eternatus|38/100 brn
|-ability|p2a: Eternatus|Pressure
|move|p1a: Corsola|Night Shade|p2a: Eternatus
|-damage|p2a: Eternatus|17/100 brn
|
|-weather|Sandstorm|[upkeep]
|-damage|p2a: Eternatus|11/100 brn|[from] Sandstorm
|-damage|p1a: Corsola|68/100|[from] Sandstorm
|-heal|p2a: Eternatus|17/100 brn|[from] item: Black Sludge
|-damage|p2a: Eternatus|11/100 brn|[from] brn
|upkeep
|turn|34
|
|switch|p1a: Eternatus|Eternatus|81/100
|-damage|p1a: Eternatus|69/100|[from] Stealth Rock
|-ability|p1a: Eternatus|Pressure
|move|p2a: Eternatus|Recover|p2a: Eternatus
|-heal|p2a: Eternatus|61/100 brn
|
|-weather|Sandstorm|[upkeep]
|-damage|p1a: Eternatus|62/100|[from] Sandstorm
|-damage|p2a: Eternatus|55/100 brn|[from] Sandstorm
|-heal|p1a: Eternatus|69/100|[from] item: Black Sludge
|-heal|p2a: Eternatus|61/100 brn|[from] item: Black Sludge
|-damage|p2a: Eternatus|55/100 brn|[from] brn
|upkeep
|turn|35
|
|switch|p2a: Tyranitar|Tyranitar, M|61/100
|move|p1a: Eternatus|Dynamax Cannon|p2a: Tyranitar
|-crit|p2a: Tyranitar
|-damage|p2a: Tyranitar|34/100
|
|-weather|none
|-heal|p1a: Eternatus|75/100|[from] item: Black Sludge
|upkeep
|turn|36
|
|switch|p2a: Ferrothorn|Ferrothorn, F|80/100
|move|p1a: Eternatus|Dynamax Cannon|p2a: Ferrothorn
|-resisted|p2a: Ferrothorn
|-damage|p2a: Ferrothorn|62/100
|
|-heal|p1a: Eternatus|81/100|[from] item: Black Sludge
|-heal|p2a: Ferrothorn|68/100|[from] item: Leftovers
|upkeep
|turn|37
|
|switch|p2a: Tyranitar|Tyranitar, M|34/100
|-weather|Sandstorm|[from] ability: Sand Stream|[of] p2a: Tyranitar
|move|p1a: Eternatus|Flamethrower|p2a: Tyranitar
|-resisted|p2a: Tyranitar
|-damage|p2a: Tyranitar|28/100
|
|-weather|Sandstorm|[upkeep]
|-damage|p1a: Eternatus|75/100|[from] Sandstorm
|-heal|p1a: Eternatus|81/100|[from] item: Black Sludge
|upkeep
|turn|38
|
|move|p1a: Eternatus|Flamethrower|p2a: Tyranitar
|-resisted|p2a: Tyranitar
|-damage|p2a: Tyranitar|22/100
|move|p2a: Tyranitar|Rest|p2a: Tyranitar
|-status|p2a: Tyranitar|slp|[from] move: Rest
|-heal|p2a: Tyranitar|100/100 slp|[silent]
|
|-weather|Sandstorm|[upkeep]
|-damage|p1a: Eternatus|75/100|[from] Sandstorm
|-heal|p1a: Eternatus|81/100|[from] item: Black Sludge
|upkeep
|turn|39
|
|switch|p1a: Corsola|Corsola-Galar, F|68/100
|-damage|p1a: Corsola|56/100|[from] Stealth Rock
|cant|p2a: Tyranitar|slp
|
|-weather|Sandstorm|[upkeep]
|-damage|p1a: Corsola|50/100|[from] Sandstorm
|upkeep
|turn|40
|
|switch|p2a: Eternatus|Eternatus|55/100 brn
|-ability|p2a: Eternatus|Pressure
|move|p1a: Corsola|Strength Sap|p2a: Eternatus
|-unboost|p2a: Eternatus|atk|1
|-heal|p1a: Corsola|100/100
|
|-weather|Sandstorm|[upkeep]
|-damage|p2a: Eternatus|48/100 brn|[from] Sandstorm
|-damage|p1a: Corsola|94/100|[from] Sandstorm
|-heal|p2a: Eternatus|55/100 brn|[from] item: Black Sludge
|-damage|p2a: Eternatus|48/100 brn|[from] brn
|upkeep
|turn|41
|
|move|p2a: Eternatus|Recover|p2a: Eternatus
|-heal|p2a: Eternatus|98/100 brn
|move|p1a: Corsola|Stealth Rock|p2a: Eternatus
|-sidestart|p2: repecc|move: Stealth Rock
|
|-weather|none
|-heal|p2a: Eternatus|100/100 brn|[from] item: Black Sludge
|-damage|p2a: Eternatus|94/100 brn|[from] brn
|upkeep
|turn|42
|
|move|p1a: Corsola|Night Shade|p2a: Eternatus
|-damage|p2a: Eternatus|74/100 brn
|move|p2a: Eternatus|Dragon Tail|p1a: Corsola
|-damage|p1a: Corsola|91/100
|drag|p1a: Eternatus|Eternatus|81/100
|-damage|p1a: Eternatus|69/100|[from] Stealth Rock
|-ability|p1a: Eternatus|Pressure
|
|-heal|p1a: Eternatus|75/100|[from] item: Black Sludge
|-heal|p2a: Eternatus|80/100 brn|[from] item: Black Sludge
|-damage|p2a: Eternatus|74/100 brn|[from] brn
|upkeep
|turn|43
|
|switch|p1a: Corsola|Corsola-Galar, F|91/100
|-damage|p1a: Corsola|79/100|[from] Stealth Rock
|switch|p2a: Tyranitar|Tyranitar, M|100/100 slp
|-damage|p2a: Tyranitar|88/100 slp|[from] Stealth Rock
|-weather|Sandstorm|[from] ability: Sand Stream|[of] p2a: Tyranitar
|
|-weather|Sandstorm|[upkeep]
|-damage|p1a: Corsola|73/100|[from] Sandstorm
|upkeep
|turn|44
|
|cant|p2a: Tyranitar|slp
|move|p1a: Corsola|Night Shade|p2a: Tyranitar
|-damage|p2a: Tyranitar|63/100 slp
|
|-weather|Sandstorm|[upkeep]
|-damage|p1a: Corsola|67/100|[from] Sandstorm
|upkeep
|turn|45
|
|-curestatus|p2a: Tyranitar|slp|[msg]
|move|p2a: Tyranitar|Snarl|p1a: Corsola
|-supereffective|p1a: Corsola
|-damage|p1a: Corsola|42/100
|-start|p2a: Tyranitar|Disable|Snarl|[from] ability: Cursed Body|[of] p1a: Corsola
|-unboost|p1a: Corsola|spa|1
|move|p1a: Corsola|Night Shade|p2a: Tyranitar
|-damage|p2a: Tyranitar|39/100
|
|-weather|Sandstorm|[upkeep]
|-damage|p1a: Corsola|36/100|[from] Sandstorm
|upkeep
|turn|46
|
|move|p2a: Tyranitar|Rest|p2a: Tyranitar
|-status|p2a: Tyranitar|slp|[from] move: Rest
|-heal|p2a: Tyranitar|100/100 slp|[silent]
|move|p1a: Corsola|Will-O-Wisp||[still]
|-fail|p1a: Corsola
|
|-weather|Sandstorm|[upkeep]
|-damage|p1a: Corsola|30/100|[from] Sandstorm
|upkeep
|turn|47
|
|switch|p2a: Ferrothorn|Ferrothorn, F|68/100
|-damage|p2a: Ferrothorn|62/100|[from] Stealth Rock
|move|p1a: Corsola|Strength Sap|p2a: Ferrothorn
|-unboost|p2a: Ferrothorn|atk|1
|-heal|p1a: Corsola|99/100
|
|-weather|none
|-heal|p2a: Ferrothorn|68/100|[from] item: Leftovers
|upkeep
|turn|48
|
|move|p1a: Corsola|Will-O-Wisp|p2a: Ferrothorn
|-status|p2a: Ferrothorn|brn
|move|p2a: Ferrothorn|Spikes|p1a: Corsola
|-sidestart|p1: Vukalo|Spikes
|
|-heal|p2a: Ferrothorn|74/100 brn|[from] item: Leftovers
|-damage|p2a: Ferrothorn|68/100 brn|[from] brn
|upkeep
|turn|49
|
|move|p1a: Corsola|Night Shade|p2a: Ferrothorn
|-damage|p2a: Ferrothorn|39/100 brn
|move|p2a: Ferrothorn|Leech Seed|p1a: Corsola
|-start|p1a: Corsola|move: Leech Seed
|
|-heal|p2a: Ferrothorn|45/100 brn|[from] item: Leftovers
|-damage|p1a: Corsola|87/100|[from] Leech Seed|[of] p2a: Ferrothorn
|-heal|p2a: Ferrothorn|57/100 brn|[silent]
|-damage|p2a: Ferrothorn|51/100 brn|[from] brn
|upkeep
|turn|50
|
|switch|p1a: Sableye|Sableye, F|100/100
|-damage|p1a: Sableye|88/100|[from] Spikes
|-damage|p1a: Sableye|75/100|[from] Stealth Rock
|move|p2a: Ferrothorn|Spikes|p1a: Sableye
|-sidestart|p1: Vukalo|Spikes
|
|-heal|p1a: Sableye|82/100|[from] item: Leftovers
|-heal|p2a: Ferrothorn|57/100 brn|[from] item: Leftovers
|-damage|p2a: Ferrothorn|51/100 brn|[from] brn
|upkeep
|turn|51
|
|move|p1a: Sableye|Encore|p2a: Ferrothorn
|-start|p2a: Ferrothorn|Encore
|move|p2a: Ferrothorn|Spikes|p1a: Sableye
|-sidestart|p1: Vukalo|Spikes
|
|-heal|p1a: Sableye|88/100|[from] item: Leftovers
|-heal|p2a: Ferrothorn|57/100 brn|[from] item: Leftovers
|-damage|p2a: Ferrothorn|51/100 brn|[from] brn
|upkeep
|turn|52
|
|switch|p2a: Eternatus|Eternatus|74/100 brn
|-damage|p2a: Eternatus|61/100 brn|[from] Stealth Rock
|-ability|p2a: Eternatus|Pressure
|move|p1a: Sableye|Foul Play|p2a: Eternatus
|-damage|p2a: Eternatus|48/100 brn
|
|-heal|p2a: Eternatus|54/100 brn|[from] item: Black Sludge
|-heal|p1a: Sableye|94/100|[from] item: Leftovers
|-damage|p2a: Eternatus|48/100 brn|[from] brn
|upkeep
|turn|53
|
|move|p2a: Eternatus|Recover|p2a: Eternatus
|-heal|p2a: Eternatus|98/100 brn
|move|p1a: Sableye|Foul Play|p2a: Eternatus
|-damage|p2a: Eternatus|84/100 brn
|
|-heal|p2a: Eternatus|91/100 brn|[from] item: Black Sludge
|-heal|p1a: Sableye|100/100|[from] item: Leftovers
|-damage|p2a: Eternatus|84/100 brn|[from] brn
|upkeep
|turn|54
|
|move|p1a: Sableye|Encore|p2a: Eternatus
|-start|p2a: Eternatus|Encore
|move|p2a: Eternatus|Recover|p2a: Eternatus
|-heal|p2a: Eternatus|100/100 brn
|
|-damage|p2a: Eternatus|94/100 brn|[from] brn
|upkeep
|turn|55
|
|switch|p2a: Tyranitar|Tyranitar, M|100/100 slp
|-damage|p2a: Tyranitar|88/100 slp|[from] Stealth Rock
|-weather|Sandstorm|[from] ability: Sand Stream|[of] p2a: Tyranitar
|move|p1a: Sableye|Foul Play|p2a: Tyranitar
|-resisted|p2a: Tyranitar
|-damage|p2a: Tyranitar|74/100 slp
|
|-weather|Sandstorm|[upkeep]
|-damage|p1a: Sableye|94/100|[from] Sandstorm
|-heal|p1a: Sableye|100/100|[from] item: Leftovers
|upkeep
|turn|56
|
|cant|p2a: Tyranitar|slp
|move|p1a: Sableye|Foul Play|p2a: Tyranitar
|-resisted|p2a: Tyranitar
|-damage|p2a: Tyranitar|58/100 slp
|
|-weather|Sandstorm|[upkeep]
|-damage|p1a: Sableye|94/100|[from] Sandstorm
|-heal|p1a: Sableye|100/100|[from] item: Leftovers
|upkeep
|turn|57
|
|cant|p2a: Tyranitar|slp
|move|p1a: Sableye|Foul Play|p2a: Tyranitar
|-resisted|p2a: Tyranitar
|-damage|p2a: Tyranitar|43/100 slp
|
|-weather|Sandstorm|[upkeep]
|-damage|p1a: Sableye|94/100|[from] Sandstorm
|-heal|p1a: Sableye|100/100|[from] item: Leftovers
|upkeep
|turn|58
|
|-curestatus|p2a: Tyranitar|slp|[msg]
|move|p2a: Tyranitar|Taunt|p1a: Sableye
|-start|p1a: Sableye|move: Taunt
|move|p1a: Sableye|Foul Play|p2a: Tyranitar
|-resisted|p2a: Tyranitar
|-damage|p2a: Tyranitar|27/100
|
|-weather|Sandstorm|[upkeep]
|-damage|p1a: Sableye|94/100|[from] Sandstorm
|-heal|p1a: Sableye|100/100|[from] item: Leftovers
|upkeep
|turn|59
|
|move|p2a: Tyranitar|Rest|p2a: Tyranitar
|-status|p2a: Tyranitar|slp|[from] move: Rest
|-heal|p2a: Tyranitar|100/100 slp|[silent]
|move|p1a: Sableye|Foul Play|p2a: Tyranitar
|-resisted|p2a: Tyranitar
|-damage|p2a: Tyranitar|86/100 slp
|
|-weather|none
|upkeep
|turn|60
|
|switch|p2a: Eternatus|Eternatus|94/100 brn
|-damage|p2a: Eternatus|82/100 brn|[from] Stealth Rock
|-ability|p2a: Eternatus|Pressure
|move|p1a: Sableye|Foul Play|p2a: Eternatus
|-damage|p2a: Eternatus|68/100 brn
|
|-heal|p2a: Eternatus|74/100 brn|[from] item: Black Sludge
|-damage|p2a: Eternatus|68/100 brn|[from] brn
|-end|p1a: Sableye|move: Taunt
|upkeep
|turn|61
|
|move|p2a: Eternatus|Flamethrower|p1a: Sableye
|-damage|p1a: Sableye|58/100
|move|p1a: Sableye|Foul Play|p2a: Eternatus
|-damage|p2a: Eternatus|55/100 brn
|
|-heal|p2a: Eternatus|61/100 brn|[from] item: Black Sludge
|-heal|p1a: Sableye|65/100|[from] item: Leftovers
|-damage|p2a: Eternatus|55/100 brn|[from] brn
|upkeep
|turn|62
|
|move|p1a: Sableye|Encore|p2a: Eternatus
|-start|p2a: Eternatus|Encore
|move|p2a: Eternatus|Flamethrower|p1a: Sableye
|-damage|p1a: Sableye|22/100
|
|-heal|p2a: Eternatus|61/100 brn|[from] item: Black Sludge
|-heal|p1a: Sableye|28/100|[from] item: Leftovers
|-damage|p2a: Eternatus|55/100 brn|[from] brn
|upkeep
|turn|63
|
|move|p1a: Sableye|Recover|p1a: Sableye
|-heal|p1a: Sableye|78/100
|move|p2a: Eternatus|Flamethrower|p1a: Sableye
|-damage|p1a: Sableye|35/100
|
|-heal|p2a: Eternatus|61/100 brn|[from] item: Black Sludge
|-heal|p1a: Sableye|41/100|[from] item: Leftovers
|-damage|p2a: Eternatus|55/100 brn|[from] brn
|upkeep
|turn|64
|
|move|p2a: Eternatus|Flamethrower|p1a: Sableye
|-damage|p1a: Sableye|2/100
|move|p1a: Sableye|Foul Play|p2a: Eternatus
|-damage|p2a: Eternatus|43/100 brn
|
|-heal|p2a: Eternatus|49/100 brn|[from] item: Black Sludge
|-heal|p1a: Sableye|9/100|[from] item: Leftovers
|-damage|p2a: Eternatus|43/100 brn|[from] brn
|-end|p2a: Eternatus|Encore
|upkeep
|turn|65
|
|move|p1a: Sableye|Encore|p2a: Eternatus
|-start|p2a: Eternatus|Encore
|move|p2a: Eternatus|Flamethrower|p1a: Sableye
|-damage|p1a: Sableye|0 fnt
|faint|p1a: Sableye
|
|-heal|p2a: Eternatus|49/100 brn|[from] item: Black Sludge
|-damage|p2a: Eternatus|43/100 brn|[from] brn
|upkeep
|
|switch|p1a: Eternatus|Eternatus|75/100
|-damage|p1a: Eternatus|62/100|[from] Stealth Rock
|-damage|p1a: Eternatus|37/100|[from] Spikes
|-ability|p1a: Eternatus|Pressure
|turn|66
|
|switch|p2a: Tyranitar|Tyranitar, M|86/100 slp
|-damage|p2a: Tyranitar|74/100 slp|[from] Stealth Rock
|-weather|Sandstorm|[from] ability: Sand Stream|[of] p2a: Tyranitar
|move|p1a: Eternatus|Dynamax Cannon|p2a: Tyranitar
|-damage|p2a: Tyranitar|54/100 slp
|
|-weather|Sandstorm|[upkeep]
|-damage|p1a: Eternatus|31/100|[from] Sandstorm
|-heal|p1a: Eternatus|37/100|[from] item: Black Sludge
|upkeep
|turn|67
|
|move|p1a: Eternatus|Recover|p1a: Eternatus
|-heal|p1a: Eternatus|87/100
|cant|p2a: Tyranitar|slp
|
|-weather|Sandstorm|[upkeep]
|-damage|p1a: Eternatus|81/100|[from] Sandstorm
|-heal|p1a: Eternatus|87/100|[from] item: Black Sludge
|upkeep
|turn|68
|
|move|p1a: Eternatus|Cosmic Power|p1a: Eternatus
|-boost|p1a: Eternatus|def|1
|-boost|p1a: Eternatus|spd|1
|cant|p2a: Tyranitar|slp
|
|-weather|Sandstorm|[upkeep]
|-damage|p1a: Eternatus|81/100|[from] Sandstorm
|-heal|p1a: Eternatus|87/100|[from] item: Black Sludge
|upkeep
|turn|69
|
|move|p1a: Eternatus|Cosmic Power|p1a: Eternatus
|-boost|p1a: Eternatus|def|1
|-boost|p1a: Eternatus|spd|1
|-curestatus|p2a: Tyranitar|slp|[msg]
|move|p2a: Tyranitar|Snarl|p1a: Eternatus
|-damage|p1a: Eternatus|80/100
|-unboost|p1a: Eternatus|spa|1
|
|-weather|Sandstorm|[upkeep]
|-damage|p1a: Eternatus|74/100|[from] Sandstorm
|-heal|p1a: Eternatus|80/100|[from] item: Black Sludge
|upkeep
|turn|70
|
|move|p1a: Eternatus|Flamethrower|p2a: Tyranitar
|-resisted|p2a: Tyranitar
|-damage|p2a: Tyranitar|50/100
|-status|p2a: Tyranitar|brn
|move|p2a: Tyranitar|Snarl|p1a: Eternatus
|-damage|p1a: Eternatus|73/100
|-unboost|p1a: Eternatus|spa|1
|
|-weather|none
|-heal|p1a: Eternatus|80/100|[from] item: Black Sludge
|-damage|p2a: Tyranitar|43/100 brn|[from] brn
|upkeep
|turn|71
|
|move|p1a: Eternatus|Cosmic Power|p1a: Eternatus
|-boost|p1a: Eternatus|def|1
|-boost|p1a: Eternatus|spd|1
|move|p2a: Tyranitar|Snarl|p1a: Eternatus
|-crit|p1a: Eternatus
|-damage|p1a: Eternatus|60/100
|-unboost|p1a: Eternatus|spa|1
|
|-heal|p1a: Eternatus|66/100|[from] item: Black Sludge
|-damage|p2a: Tyranitar|37/100 brn|[from] brn
|upkeep
|turn|72
|
|move|p1a: Eternatus|Cosmic Power|p1a: Eternatus
|-boost|p1a: Eternatus|def|1
|-boost|p1a: Eternatus|spd|1
|move|p2a: Tyranitar|Taunt|p1a: Eternatus
|-start|p1a: Eternatus|move: Taunt
|
|-heal|p1a: Eternatus|72/100|[from] item: Black Sludge
|-damage|p2a: Tyranitar|31/100 brn|[from] brn
|upkeep
|turn|73
|
|move|p1a: Eternatus|Dynamax Cannon|p2a: Tyranitar
|-damage|p2a: Tyranitar|20/100 brn
|move|p2a: Tyranitar|Snarl|p1a: Eternatus
|-damage|p1a: Eternatus|67/100
|-unboost|p1a: Eternatus|spa|1
|
|-heal|p1a: Eternatus|73/100|[from] item: Black Sludge
|-damage|p2a: Tyranitar|13/100 brn|[from] brn
|upkeep
|turn|74
|
|move|p1a: Eternatus|Flamethrower|p2a: Tyranitar
|-resisted|p2a: Tyranitar
|-damage|p2a: Tyranitar|10/100 brn
|move|p2a: Tyranitar|Rest|p2a: Tyranitar
|-status|p2a: Tyranitar|slp|[from] move: Rest
|-heal|p2a: Tyranitar|100/100 slp|[silent]
|
|-heal|p1a: Eternatus|79/100|[from] item: Black Sludge
|upkeep
|turn|75
|
|switch|p1a: Corsola|Corsola-Galar, F|87/100
|-damage|p1a: Corsola|62/100|[from] Spikes
|-damage|p1a: Corsola|50/100|[from] Stealth Rock
|switch|p2a: Eternatus|Eternatus|43/100 brn
|-damage|p2a: Eternatus|30/100 brn|[from] Stealth Rock
|-ability|p2a: Eternatus|Pressure
|
|-heal|p2a: Eternatus|36/100 brn|[from] item: Black Sludge
|-damage|p2a: Eternatus|30/100 brn|[from] brn
|upkeep
|turn|76
|
|move|p2a: Eternatus|Recover|p2a: Eternatus
|-heal|p2a: Eternatus|80/100 brn
|move|p1a: Corsola|Night Shade|p2a: Eternatus
|-damage|p2a: Eternatus|60/100 brn
|
|-heal|p2a: Eternatus|66/100 brn|[from] item: Black Sludge
|-damage|p2a: Eternatus|60/100 brn|[from] brn
|upkeep
|turn|77
|
|move|p2a: Eternatus|Recover|p2a: Eternatus
|-heal|p2a: Eternatus|100/100 brn
|move|p1a: Corsola|Strength Sap|p2a: Eternatus
|-unboost|p2a: Eternatus|atk|1
|-heal|p1a: Corsola|100/100
|
|-damage|p2a: Eternatus|94/100 brn|[from] brn
|upkeep
|turn|78
|
|switch|p2a: Ferrothorn|Ferrothorn, F|51/100 brn
|-damage|p2a: Ferrothorn|45/100 brn|[from] Stealth Rock
|move|p1a: Corsola|Night Shade|p2a: Ferrothorn
|-damage|p2a: Ferrothorn|16/100 brn
|
|-heal|p2a: Ferrothorn|22/100 brn|[from] item: Leftovers
|-damage|p2a: Ferrothorn|16/100 brn|[from] brn
|upkeep
|turn|79
|
|move|p1a: Corsola|Night Shade|p2a: Ferrothorn
|-damage|p2a: Ferrothorn|0 fnt
|faint|p2a: Ferrothorn
|
|upkeep
|
|switch|p2a: Eternatus|Eternatus|94/100 brn
|-damage|p2a: Eternatus|82/100 brn|[from] Stealth Rock
|-ability|p2a: Eternatus|Pressure
|turn|80
|
|move|p2a: Eternatus|Toxic Spikes|p1a: Corsola
|-sidestart|p1: Vukalo|move: Toxic Spikes
|move|p1a: Corsola|Night Shade|p2a: Eternatus
|-damage|p2a: Eternatus|61/100 brn
|
|-heal|p2a: Eternatus|67/100 brn|[from] item: Black Sludge
|-damage|p2a: Eternatus|61/100 brn|[from] brn
|upkeep
|turn|81
|
|move|p2a: Eternatus|Recover|p2a: Eternatus
|-heal|p2a: Eternatus|100/100 brn
|move|p1a: Corsola|Strength Sap|p2a: Eternatus
|-unboost|p2a: Eternatus|atk|1
|
|-damage|p2a: Eternatus|94/100 brn|[from] brn
|upkeep
|turn|82
|
|move|p1a: Corsola|Night Shade|p2a: Eternatus
|-damage|p2a: Eternatus|74/100 brn
|move|p2a: Eternatus|Dragon Tail|p1a: Corsola
|-damage|p1a: Corsola|97/100
|-start|p2a: Eternatus|Disable|Dragon Tail|[from] ability: Cursed Body|[of] p1a: Corsola
|drag|p1a: Eternatus|Eternatus|79/100
|-sideend|p1: Vukalo|move: Toxic Spikes|[of] p1a: Eternatus
|-damage|p1a: Eternatus|54/100|[from] Spikes
|-damage|p1a: Eternatus|42/100|[from] Stealth Rock
|-ability|p1a: Eternatus|Pressure
|
|-heal|p1a: Eternatus|48/100|[from] item: Black Sludge
|-heal|p2a: Eternatus|80/100 brn|[from] item: Black Sludge
|-damage|p2a: Eternatus|74/100 brn|[from] brn
|upkeep
|turn|83
|
|move|p1a: Eternatus|Recover|p1a: Eternatus
|-heal|p1a: Eternatus|98/100
|move|p2a: Eternatus|Recover|p2a: Eternatus
|-heal|p2a: Eternatus|100/100 brn
|
|-heal|p1a: Eternatus|100/100|[from] item: Black Sludge
|-damage|p2a: Eternatus|94/100 brn|[from] brn
|upkeep
|turn|84
|
|move|p1a: Eternatus|Cosmic Power|p1a: Eternatus
|-boost|p1a: Eternatus|def|1
|-boost|p1a: Eternatus|spd|1
|move|p2a: Eternatus|Toxic Spikes|p1a: Eternatus
|-sidestart|p1: Vukalo|move: Toxic Spikes
|
|-heal|p2a: Eternatus|100/100 brn|[from] item: Black Sludge
|-damage|p2a: Eternatus|94/100 brn|[from] brn
|upkeep
|turn|85
|
|move|p1a: Eternatus|Cosmic Power|p1a: Eternatus
|-boost|p1a: Eternatus|def|1
|-boost|p1a: Eternatus|spd|1
|move|p2a: Eternatus|Toxic Spikes|p1a: Eternatus
|-sidestart|p1: Vukalo|move: Toxic Spikes
|
|-heal|p2a: Eternatus|100/100 brn|[from] item: Black Sludge
|-damage|p2a: Eternatus|94/100 brn|[from] brn
|-end|p2a: Eternatus|Disable
|upkeep
|turn|86
|
|move|p1a: Eternatus|Flamethrower|p2a: Eternatus
|-resisted|p2a: Eternatus
|-damage|p2a: Eternatus|84/100 brn
|move|p2a: Eternatus|Dragon Tail|p1a: Eternatus
|-supereffective|p1a: Eternatus
|-crit|p1a: Eternatus
|-damage|p1a: Eternatus|81/100
|drag|p1a: Corsola|Corsola-Galar, F|97/100
|-damage|p1a: Corsola|72/100|[from] Spikes
|-damage|p1a: Corsola|60/100|[from] Stealth Rock
|-status|p1a: Corsola|tox
|
|-heal|p2a: Eternatus|90/100 brn|[from] item: Black Sludge
|-damage|p2a: Eternatus|84/100 brn|[from] brn
|-damage|p1a: Corsola|54/100 tox|[from] psn
|upkeep
|turn|87
|
|move|p2a: Eternatus|Recover|p2a: Eternatus
|-heal|p2a: Eternatus|100/100 brn
|move|p1a: Corsola|Strength Sap|p2a: Eternatus
|-unboost|p2a: Eternatus|atk|1
|-heal|p1a: Corsola|92/100 tox
|
|-damage|p2a: Eternatus|94/100 brn|[from] brn
|-damage|p1a: Corsola|80/100 tox|[from] psn
|upkeep
|turn|88
|
|move|p2a: Eternatus|Flamethrower|p1a: Corsola
|-damage|p1a: Corsola|60/100 tox
|move|p1a: Corsola|Night Shade|p2a: Eternatus
|-damage|p2a: Eternatus|74/100 brn
|
|-heal|p2a: Eternatus|80/100 brn|[from] item: Black Sludge
|-damage|p2a: Eternatus|74/100 brn|[from] brn
|-damage|p1a: Corsola|42/100 tox|[from] psn
|upkeep
|turn|89
|
|move|p2a: Eternatus|Flamethrower|p1a: Corsola
|-damage|p1a: Corsola|21/100 tox
|-start|p2a: Eternatus|Disable|Flamethrower|[from] ability: Cursed Body|[of] p1a: Corsola
|move|p1a: Corsola|Strength Sap|p2a: Eternatus
|-unboost|p2a: Eternatus|atk|1
|-heal|p1a: Corsola|49/100 tox
|
|-heal|p2a: Eternatus|80/100 brn|[from] item: Black Sludge
|-damage|p2a: Eternatus|74/100 brn|[from] brn
|-damage|p1a: Corsola|25/100 tox|[from] psn
|upkeep
|turn|90
|
|move|p2a: Eternatus|Recover|p2a: Eternatus
|-heal|p2a: Eternatus|100/100 brn
|move|p1a: Corsola|Night Shade|p2a: Eternatus
|-damage|p2a: Eternatus|80/100 brn
|
|-heal|p2a: Eternatus|86/100 brn|[from] item: Black Sludge
|-damage|p2a: Eternatus|80/100 brn|[from] brn
|-damage|p1a: Corsola|0 fnt|[from] psn
|faint|p1a: Corsola
|upkeep
|
|switch|p1a: Eternatus|Eternatus|81/100
|-sideend|p1: Vukalo|move: Toxic Spikes|[of] p1a: Eternatus
|-damage|p1a: Eternatus|69/100|[from] Stealth Rock
|-damage|p1a: Eternatus|44/100|[from] Spikes
|-ability|p1a: Eternatus|Pressure
|turn|91
|
|move|p1a: Eternatus|Recover|p1a: Eternatus
|-heal|p1a: Eternatus|94/100
|move|p2a: Eternatus|Dragon Tail|p1a: Eternatus
|-supereffective|p1a: Eternatus
|-damage|p1a: Eternatus|89/100
|
|-heal|p1a: Eternatus|95/100|[from] item: Black Sludge
|-heal|p2a: Eternatus|86/100 brn|[from] item: Black Sludge
|-damage|p2a: Eternatus|80/100 brn|[from] brn
|upkeep
|turn|92
|
|switch|p2a: Tyranitar|Tyranitar, M|100/100 slp
|-damage|p2a: Tyranitar|88/100 slp|[from] Stealth Rock
|-weather|Sandstorm|[from] ability: Sand Stream|[of] p2a: Tyranitar
|move|p1a: Eternatus|Cosmic Power|p1a: Eternatus
|-boost|p1a: Eternatus|def|1
|-boost|p1a: Eternatus|spd|1
|
|-weather|Sandstorm|[upkeep]
|-damage|p1a: Eternatus|89/100|[from] Sandstorm
|-heal|p1a: Eternatus|95/100|[from] item: Black Sludge
|upkeep
|turn|93
|
|move|p1a: Eternatus|Flamethrower|p2a: Tyranitar
|-resisted|p2a: Tyranitar
|-damage|p2a: Tyranitar|82/100 slp
|cant|p2a: Tyranitar|slp
|
|-weather|Sandstorm|[upkeep]
|-damage|p1a: Eternatus|89/100|[from] Sandstorm
|-heal|p1a: Eternatus|95/100|[from] item: Black Sludge
|upkeep
|turn|94
|
|move|p1a: Eternatus|Cosmic Power|p1a: Eternatus
|-boost|p1a: Eternatus|def|1
|-boost|p1a: Eternatus|spd|1
|cant|p2a: Tyranitar|slp
|
|-weather|Sandstorm|[upkeep]
|-damage|p1a: Eternatus|89/100|[from] Sandstorm
|-heal|p1a: Eternatus|95/100|[from] item: Black Sludge
|upkeep
|turn|95
|
|move|p1a: Eternatus|Cosmic Power|p1a: Eternatus
|-boost|p1a: Eternatus|def|1
|-boost|p1a: Eternatus|spd|1
|-curestatus|p2a: Tyranitar|slp|[msg]
|move|p2a: Tyranitar|Snarl|p1a: Eternatus
|-damage|p1a: Eternatus|90/100
|-unboost|p1a: Eternatus|spa|1
|
|-weather|Sandstorm|[upkeep]
|-damage|p1a: Eternatus|84/100|[from] Sandstorm
|-heal|p1a: Eternatus|90/100|[from] item: Black Sludge
|upkeep
|turn|96
|
|move|p1a: Eternatus|Flamethrower|p2a: Tyranitar
|-resisted|p2a: Tyranitar
|-crit|p2a: Tyranitar
|-damage|p2a: Tyranitar|72/100
|move|p2a: Tyranitar|Snarl|p1a: Eternatus
|-damage|p1a: Eternatus|84/100
|-unboost|p1a: Eternatus|spa|1
|
|-weather|none
|-heal|p1a: Eternatus|90/100|[from] item: Black Sludge
|upkeep
|turn|97
|
|move|p1a: Eternatus|Cosmic Power|p1a: Eternatus
|-boost|p1a: Eternatus|def|1
|-boost|p1a: Eternatus|spd|1
|move|p2a: Tyranitar|Snarl|p1a: Eternatus
|-damage|p1a: Eternatus|86/100
|-unboost|p1a: Eternatus|spa|1
|
|-heal|p1a: Eternatus|92/100|[from] item: Black Sludge
|upkeep
|turn|98
|
|move|p1a: Eternatus|Cosmic Power|p1a: Eternatus
|-boost|p1a: Eternatus|def|1
|-boost|p1a: Eternatus|spd|1
|move|p2a: Tyranitar|Snarl|p1a: Eternatus
|-damage|p1a: Eternatus|88/100
|-unboost|p1a: Eternatus|spa|1
|
|-heal|p1a: Eternatus|94/100|[from] item: Black Sludge
|upkeep
|turn|99
|
|move|p1a: Eternatus|Flamethrower|p2a: Tyranitar
|-resisted|p2a: Tyranitar
|-damage|p2a: Tyranitar|69/100
|move|p2a: Tyranitar|Taunt|p1a: Eternatus
|-start|p1a: Eternatus|move: Taunt
|
|-heal|p1a: Eternatus|100/100|[from] item: Black Sludge
|upkeep
|turn|100
|
|switch|p2a: Eternatus|Eternatus|80/100 brn
|-damage|p2a: Eternatus|67/100 brn|[from] Stealth Rock
|-ability|p2a: Eternatus|Pressure
|move|p1a: Eternatus|Flamethrower|p2a: Eternatus
|-resisted|p2a: Eternatus
|-damage|p2a: Eternatus|64/100 brn
|
|-heal|p2a: Eternatus|70/100 brn|[from] item: Black Sludge
|-damage|p2a: Eternatus|64/100 brn|[from] brn
|upkeep
|turn|101
|
|move|p1a: Eternatus|Flamethrower|p2a: Eternatus
|-resisted|p2a: Eternatus
|-damage|p2a: Eternatus|60/100 brn
|move|p2a: Eternatus|Recover|p2a: Eternatus
|-heal|p2a: Eternatus|100/100 brn
|
|-damage|p2a: Eternatus|94/100 brn|[from] brn
|upkeep
|turn|102
|
|move|p1a: Eternatus|Flamethrower|p2a: Eternatus
|-resisted|p2a: Eternatus
|-damage|p2a: Eternatus|91/100 brn
|move|p2a: Eternatus|Dragon Tail|p1a: Eternatus
|-supereffective|p1a: Eternatus
|-damage|p1a: Eternatus|97/100
|
|-heal|p1a: Eternatus|100/100|[from] item: Black Sludge
|-heal|p2a: Eternatus|97/100 brn|[from] item: Black Sludge
|-damage|p2a: Eternatus|91/100 brn|[from] brn
|-end|p1a: Eternatus|move: Taunt
|upkeep
|turn|103
|
|move|p1a: Eternatus|Flamethrower|p2a: Eternatus
|-resisted|p2a: Eternatus
|-damage|p2a: Eternatus|87/100 brn
|move|p2a: Eternatus|Toxic Spikes|p1a: Eternatus
|-sidestart|p1: Vukalo|move: Toxic Spikes
|
|-heal|p2a: Eternatus|93/100 brn|[from] item: Black Sludge
|-damage|p2a: Eternatus|87/100 brn|[from] brn
|upkeep
|turn|104
|
|move|p1a: Eternatus|Cosmic Power|p1a: Eternatus
|-boost|p1a: Eternatus|def|1
|-boost|p1a: Eternatus|spd|1
|move|p2a: Eternatus|Toxic Spikes|p1a: Eternatus
|-sidestart|p1: Vukalo|move: Toxic Spikes
|
|-heal|p2a: Eternatus|93/100 brn|[from] item: Black Sludge
|-damage|p2a: Eternatus|87/100 brn|[from] brn
|upkeep
|turn|105
|
|move|p1a: Eternatus|Cosmic Power|p1a: Eternatus
|-boost|p1a: Eternatus|def|0
|-boost|p1a: Eternatus|spd|0
|move|p2a: Eternatus|Flamethrower|p1a: Eternatus
|-resisted|p1a: Eternatus
|-damage|p1a: Eternatus|98/100
|-status|p1a: Eternatus|brn
|
|-heal|p1a: Eternatus|100/100 brn|[from] item: Black Sludge
|-heal|p2a: Eternatus|93/100 brn|[from] item: Black Sludge
|-damage|p1a: Eternatus|94/100 brn|[from] brn
|-damage|p2a: Eternatus|87/100 brn|[from] brn
|upkeep
|turn|106
|
|switch|p2a: Tyranitar|Tyranitar, M|69/100
|-damage|p2a: Tyranitar|57/100|[from] Stealth Rock
|-weather|Sandstorm|[from] ability: Sand Stream|[of] p2a: Tyranitar
|move|p1a: Eternatus|Cosmic Power|p1a: Eternatus
|-boost|p1a: Eternatus|def|0
|-boost|p1a: Eternatus|spd|0
|
|-weather|Sandstorm|[upkeep]
|-damage|p1a: Eternatus|88/100 brn|[from] Sandstorm
|-heal|p1a: Eternatus|94/100 brn|[from] item: Black Sludge
|-damage|p1a: Eternatus|88/100 brn|[from] brn
|upkeep
|turn|107
|
|move|p1a: Eternatus|Dynamax Cannon|p2a: Tyranitar
|-damage|p2a: Tyranitar|50/100
|move|p2a: Tyranitar|Taunt|p1a: Eternatus
|-start|p1a: Eternatus|move: Taunt
|
|-weather|Sandstorm|[upkeep]
|-damage|p1a: Eternatus|82/100 brn|[from] Sandstorm
|-heal|p1a: Eternatus|88/100 brn|[from] item: Black Sludge
|-damage|p1a: Eternatus|82/100 brn|[from] brn
|upkeep
|turn|108
|
|move|p1a: Eternatus|Flamethrower|p2a: Tyranitar
|-resisted|p2a: Tyranitar
|-damage|p2a: Tyranitar|49/100
|move|p2a: Tyranitar|Rest|p2a: Tyranitar
|-status|p2a: Tyranitar|slp|[from] move: Rest
|-heal|p2a: Tyranitar|100/100 slp|[silent]
|
|-weather|Sandstorm|[upkeep]
|-damage|p1a: Eternatus|76/100 brn|[from] Sandstorm
|-heal|p1a: Eternatus|82/100 brn|[from] item: Black Sludge
|-damage|p1a: Eternatus|76/100 brn|[from] brn
|upkeep
|turn|109
|
|switch|p2a: Eternatus|Eternatus|87/100 brn
|-damage|p2a: Eternatus|75/100 brn|[from] Stealth Rock
|-ability|p2a: Eternatus|Pressure
|move|p1a: Eternatus|Flamethrower|p2a: Eternatus
|-resisted|p2a: Eternatus
|-damage|p2a: Eternatus|71/100 brn
|
|-weather|Sandstorm|[upkeep]
|-damage|p1a: Eternatus|70/100 brn|[from] Sandstorm
|-damage|p2a: Eternatus|65/100 brn|[from] Sandstorm
|-heal|p1a: Eternatus|76/100 brn|[from] item: Black Sludge
|-heal|p2a: Eternatus|71/100 brn|[from] item: Black Sludge
|-damage|p1a: Eternatus|70/100 brn|[from] brn
|-damage|p2a: Eternatus|65/100 brn|[from] brn
|upkeep
|turn|110
|-message|Vukalo forfeited.
|
|win|repecc
|l|☆Vukalo
