|j|☆Mimikyu Stardust
|j|☆8142e
|t:|1616664461
|player|p1|Mimikyu Stardust|lillie-z|
|player|p2|8142e|hugh|
|teamsize|p1|6
|teamsize|p2|6
|gametype|singles
|gen|8
|tier|[Gen 8] Ubers
|rated|Tournament battle
|clearpoke
|poke|p1|Tapu Koko|
|poke|p1|Yveltal|
|poke|p1|Groudon|
|poke|p1|Marshadow|
|poke|p1|Genesect|
|poke|p1|Zekrom|
|poke|p2|Magnezone|
|poke|p2|Zacian|
|poke|p2|Calyrex-Ice|
|poke|p2|Yveltal|
|poke|p2|Eternatus|
|poke|p2|Necrozma-Dusk-Mane|
|rule|Sleep Clause Mod: Limit one foe put to sleep
|rule|Species Clause: Limit one of each Pokémon
|rule|OHKO Clause: OHKO moves are banned
|rule|Evasion Moves Clause: Evasion moves are banned
|rule|Endless Battle Clause: Forcing endless battles is banned
|rule|HP Percentage Mod: HP is shown in percentages
|rule|Dynamax Clause: You cannot dynamax
|teampreview
|inactive|Battle timer is ON: inactive players will automatically lose when time's up. (requested by 8142e)
|j| Isoptera
|j| SimonBoi99
|c| SimonBoi99|gl yall
|
|t:|1616664486
|start
|switch|p1a: Genesect|Genesect, shiny|100/100
|switch|p2a: Zacian|Zacian|100/100
|-ability|p2a: Zacian|Intrepid Sword|boost
|-boost|p2a: Zacian|atk|1
|-ability|p1a: Genesect|Download|boost
|-boost|p1a: Genesect|atk|1
|turn|1
|j| willcow
|
|t:|1616664492
|switch|p2a: Magnezone|Magnezone|100/100
|-item|p2a: Magnezone|Air Balloon
|move|p1a: Genesect|Iron Head|p2a: Magnezone
|-resisted|p2a: Magnezone
|-damage|p2a: Magnezone|84/100
|-enditem|p2a: Magnezone|Air Balloon
|
|upkeep
|turn|2
|
|t:|1616664498
|move|p1a: Genesect|Iron Head|p2a: Magnezone
|-resisted|p2a: Magnezone
|-damage|p2a: Magnezone|69/100
|move|p2a: Magnezone|Iron Defense|p2a: Magnezone
|-boost|p2a: Magnezone|def|2
|
|upkeep
|turn|3
|c| SimonBoi99|groudon broken
|c|☆Mimikyu Stardust|time to hax
|
|t:|1616664504
|move|p1a: Genesect|Iron Head|p2a: Magnezone
|-resisted|p2a: Magnezone
|-damage|p2a: Magnezone|60/100
|move|p2a: Magnezone|Iron Defense|p2a: Magnezone
|-boost|p2a: Magnezone|def|2
|
|upkeep
|turn|4
|c|☆8142e|nooo
|
|t:|1616664508
|move|p1a: Genesect|Iron Head|p2a: Magnezone
|-resisted|p2a: Magnezone
|-crit|p2a: Magnezone
|-damage|p2a: Magnezone|35/100
|cant|p2a: Magnezone|flinch
|
|upkeep
|turn|5
|
|t:|1616664516
|move|p1a: Genesect|Iron Head|p2a: Magnezone
|-resisted|p2a: Magnezone
|-damage|p2a: Magnezone|30/100
|move|p2a: Magnezone|Body Press|p1a: Genesect
|-damage|p1a: Genesect|0 fnt
|faint|p1a: Genesect
|
|upkeep
|c|☆8142e|ded
|
|t:|1616664521
|switch|p1a: Marshadow|Marshadow|100/100
|turn|6
|
|t:|1616664529
|switch|p2a: Yveltal|Yveltal|100/100
|-ability|p2a: Yveltal|Dark Aura
|move|p1a: Marshadow|Spectral Thief|p2a: Yveltal
|-resisted|p2a: Yveltal
|-damage|p2a: Yveltal|80/100
|
|upkeep
|turn|7
|c| SimonBoi99|u know the rules
|
|t:|1616664534
|switch|p1a: Tapu Koko|Tapu Koko|100/100
|-fieldstart|move: Electric Terrain|[from] ability: Electric Surge|[of] p1a: Tapu Koko
|switch|p2a: Magnezone|Magnezone|30/100
|
|upkeep
|turn|8
|j| Romatox
|j| 1729is56time
|
|t:|1616664541
|move|p1a: Tapu Koko|Wild Charge|p2a: Magnezone
|-resisted|p2a: Magnezone
|-damage|p2a: Magnezone|14/100
|-damage|p1a: Tapu Koko|97/100|[from] Recoil
|move|p2a: Magnezone|Body Press|p1a: Tapu Koko
|-resisted|p1a: Tapu Koko
|-damage|p1a: Tapu Koko|82/100
|
|upkeep
|turn|9
|
|t:|1616664546
|move|p1a: Tapu Koko|Wild Charge|p2a: Magnezone
|-resisted|p2a: Magnezone
|-damage|p2a: Magnezone|0 fnt
|-damage|p1a: Tapu Koko|79/100|[from] Recoil
|faint|p2a: Magnezone
|
|upkeep
|l| Romatox
|
|t:|1616664554
|switch|p2a: Necrozma|Necrozma-Dusk-Mane|100/100
|turn|10
|
|t:|1616664556
|move|p1a: Tapu Koko|Reflect|p1a: Tapu Koko
|-sidestart|p1: Mimikyu Stardust|Reflect
|move|p2a: Necrozma|Stealth Rock|p1a: Tapu Koko
|-sidestart|p1: Mimikyu Stardust|move: Stealth Rock
|
|upkeep
|turn|11
|
|t:|1616664563
|switch|p2a: Calyrex|Calyrex-Ice|100/100
|-ability|p2a: Calyrex|As One
|-ability|p2a: Calyrex|Unnerve|p1: Mimikyu Stardust
|move|p1a: Tapu Koko|Light Screen|p1a: Tapu Koko
|-sidestart|p1: Mimikyu Stardust|move: Light Screen
|
|-fieldend|move: Electric Terrain
|upkeep
|turn|12
|
|t:|1616664572
|move|p1a: Tapu Koko|Wild Charge|p2a: Calyrex
|-damage|p2a: Calyrex|80/100
|-damage|p1a: Tapu Koko|73/100|[from] Recoil
|move|p2a: Calyrex|Swords Dance|p2a: Calyrex
|-boost|p2a: Calyrex|atk|2
|
|upkeep
|turn|13
|
|t:|1616664577
|move|p1a: Tapu Koko|U-turn|p2a: Calyrex
|-supereffective|p2a: Calyrex
|-damage|p2a: Calyrex|59/100
|
|t:|1616664581
|switch|p1a: Zekrom|Zekrom|100/100|[from]move: U-turn
|-damage|p1a: Zekrom|88/100|[from] Stealth Rock
|-ability|p1a: Zekrom|Teravolt
|move|p2a: Calyrex|Trick Room|p2a: Calyrex
|-fieldstart|move: Trick Room|[of] p2a: Calyrex
|
|-heal|p1a: Zekrom|94/100|[from] item: Leftovers
|upkeep
|turn|14
|
|t:|1616664584
|move|p2a: Calyrex|Glacial Lance|p1a: Zekrom
|-supereffective|p1a: Zekrom
|-damage|p1a: Zekrom|0 fnt
|faint|p1a: Zekrom
|-ability|p2a: Calyrex|Chilling Neigh|boost
|-boost|p2a: Calyrex|atk|1
|
|upkeep
|
|t:|1616664592
|switch|p1a: Groudon|Groudon|100/100
|-damage|p1a: Groudon|94/100|[from] Stealth Rock
|-weather|SunnyDay|[from] ability: Drought|[of] p1a: Groudon
|turn|15
|
|t:|1616664597
|move|p2a: Calyrex|Glacial Lance|p1a: Groudon
|-supereffective|p1a: Groudon
|-damage|p1a: Groudon|0 fnt
|faint|p1a: Groudon
|-ability|p2a: Calyrex|Chilling Neigh|boost
|-boost|p2a: Calyrex|atk|1
|
|-weather|SunnyDay|[upkeep]
|upkeep
|
|t:|1616664600
|switch|p1a: Marshadow|Marshadow|100/100
|-damage|p1a: Marshadow|94/100|[from] Stealth Rock
|turn|16
|
|t:|1616664603
|move|p1a: Marshadow|Shadow Sneak|p2a: Calyrex
|-supereffective|p2a: Calyrex
|-damage|p2a: Calyrex|20/100
|move|p2a: Calyrex|Glacial Lance|p1a: Marshadow
|-crit|p1a: Marshadow
|-damage|p1a: Marshadow|0 fnt
|faint|p1a: Marshadow
|-ability|p2a: Calyrex|Chilling Neigh|boost
|-boost|p2a: Calyrex|atk|1
|
|-weather|SunnyDay|[upkeep]
|upkeep
|
|t:|1616664609
|switch|p1a: Tapu Koko|Tapu Koko|73/100
|-damage|p1a: Tapu Koko|60/100|[from] Stealth Rock
|-fieldstart|move: Electric Terrain|[from] ability: Electric Surge|[of] p1a: Tapu Koko
|turn|17
|j| Hrishioo7
|
|t:|1616664620
|move|p2a: Calyrex|Glacial Lance|p1a: Tapu Koko
|-damage|p1a: Tapu Koko|0 fnt
|faint|p1a: Tapu Koko
|-ability|p2a: Calyrex|Chilling Neigh|boost
|-boost|p2a: Calyrex|atk|1
|
|-weather|SunnyDay|[upkeep]
|-sideend|p1: Mimikyu Stardust|Reflect
|-fieldend|move: Trick Room
|upkeep
|
|t:|1616664622
|switch|p1a: Yveltal|Yveltal|100/100
|-ability|p1a: Yveltal|Dark Aura
|turn|18
|
|t:|1616664624
|switch|p2a: Eternatus|Eternatus|100/100
|-ability|p2a: Eternatus|Pressure
|move|p1a: Yveltal|Knock Off|p2a: Eternatus
|-damage|p2a: Eternatus|57/100
|-enditem|p2a: Eternatus|Black Sludge|[from] move: Knock Off|[of] p1a: Yveltal
|
|-weather|SunnyDay|[upkeep]
|-sideend|p1: Mimikyu Stardust|move: Light Screen
|upkeep
|turn|19
|
|t:|1616664626
|move|p2a: Eternatus|Toxic|p1a: Yveltal
|-status|p1a: Yveltal|tox
|move|p1a: Yveltal|Snarl|p2a: Eternatus
|-crit|p2a: Eternatus
|-damage|p2a: Eternatus|33/100
|-unboost|p2a: Eternatus|spa|1
|
|-weather|none
|-damage|p1a: Yveltal|94/100 tox|[from] psn
|upkeep
|turn|20
|
|t:|1616664629
|move|p2a: Eternatus|Recover|p2a: Eternatus
|-heal|p2a: Eternatus|83/100
|move|p1a: Yveltal|Snarl|p2a: Eternatus
|-crit|p2a: Eternatus
|-damage|p2a: Eternatus|58/100
|-unboost|p2a: Eternatus|spa|1
|
|-damage|p1a: Yveltal|82/100 tox|[from] psn
|upkeep
|turn|21
|c|☆Mimikyu Stardust|gg
|-message|Mimikyu Stardust forfeited.
|
|win|8142e
|n|☆Mimikyu Stardust|mimikyustardust
|n|☆8142e|8142e
|n| Isoptera|isoptera
|n| SimonBoi99|simonboi99
|n| willcow|willcow
|n| 1729is56time|1729is56time
|n| Hrishioo7|hrishioo7
