|j|☆Mekontchou111
|j|☆Habibiman
|t:|1664705200
|gametype|singles
|player|p1|Mekontchou111|169|1190
|player|p2|Habibiman|n|1124
|teamsize|p1|6
|teamsize|p2|6
|gen|8
|tier|[Gen 8] Ubers
|rated|
|rule|Sleep Clause Mod: Limit one foe put to sleep
|rule|Species Clause: Limit one of each Pokémon
|rule|OHKO Clause: OHKO moves are banned
|rule|Evasion Items Clause: Evasion items are banned
|rule|Evasion Moves Clause: Evasion moves are banned
|rule|Endless Battle Clause: Forcing endless battles is banned
|rule|HP Percentage Mod: HP is shown in percentages
|rule|Dynamax Clause: You cannot dynamax
|clearpoke
|poke|p1|Hatterene, F|
|poke|p1|Dracovish|
|poke|p1|Melmetal|
|poke|p1|Porygon2|
|poke|p1|Calyrex-Ice|
|poke|p1|Magearna|
|poke|p2|Garchomp, F|
|poke|p2|Calyrex-Shadow|
|poke|p2|Cinderace, M|
|poke|p2|Necrozma-Dusk-Mane|
|poke|p2|Urshifu-*, F|
|poke|p2|Regieleki|
|teampreview
|inactive|Battle timer is ON: inactive players will automatically lose when time's up. (requested by Habibiman)
|
|t:|1664705205
|start
|switch|p1a: Hatterene|Hatterene, F|100/100
|switch|p2a: Habibi Volt|Regieleki|100/100
|turn|1
|
|t:|1664705211
|move|p2a: Habibi Volt|Thunder Cage|p1a: Hatterene
|-damage|p1a: Hatterene|55/100
|-activate|p1a: Hatterene|move: Thunder Cage|[of] p2a: Habibi Volt
|move|p1a: Hatterene|Trick Room|p1a: Hatterene
|-fieldstart|move: Trick Room|[of] p1a: Hatterene
|
|-damage|p1a: Hatterene|43/100|[from] move: Thunder Cage|[partiallytrapped]
|upkeep
|turn|2
|
|t:|1664705221
|move|p1a: Hatterene|Misty Explosion|p2a: Habibi Volt
|-damage|p2a: Habibi Volt|3/100
|faint|p1a: Hatterene
|move|p2a: Habibi Volt|Light Screen|p2a: Habibi Volt
|-sidestart|p2: Habibiman|move: Light Screen
|
|upkeep
|
|t:|1664705238
|switch|p1a: Dracovish|Dracovish|100/100
|turn|3
|
|t:|1664705265
|switch|p2a: Habibi Lion|Necrozma-Dusk-Mane|100/100
|move|p1a: Dracovish|Fishious Rend|p2a: Habibi Lion
|-damage|p2a: Habibi Lion|0 fnt
|faint|p2a: Habibi Lion
|
|upkeep
|inactive|Habibiman has 120 seconds left.
|
|t:|1664705276
|switch|p2a: Habibi Bunny|Cinderace, M|100/100
|turn|4
|
|t:|1664705280
|move|p2a: Habibi Bunny|Sucker Punch|p1a: Dracovish
|-start|p2a: Habibi Bunny|typechange|Dark|[from] ability: Libero
|-damage|p1a: Dracovish|71/100
|move|p1a: Dracovish|Fishious Rend|p2a: Habibi Bunny
|-damage|p2a: Habibi Bunny|0 fnt
|faint|p2a: Habibi Bunny
|
|upkeep
|
|t:|1664705288
|switch|p2a: Habibi Chomp|Garchomp, F|100/100
|turn|5
|
|t:|1664705293
|move|p1a: Dracovish|Fishious Rend|p2a: Habibi Chomp
|-damage|p2a: Habibi Chomp|0 fnt
|-damage|p1a: Dracovish|59/100|[from] ability: Rough Skin|[of] p2a: Habibi Chomp
|faint|p2a: Habibi Chomp
|
|-fieldend|move: Trick Room
|upkeep
|-message|Habibiman forfeited.
|
|win|Mekontchou111
|raw|Mekontchou111's rating: 1190 &rarr; <strong>1210</strong><br />(+20 for winning)
|raw|Habibiman's rating: 1124 &rarr; <strong>1104</strong><br />(-20 for losing)
|l|☆Habibiman
