|raw|<div class="broadcast-blue"><strong>This battle is required to be public due to a player having a name starting with 'ult9ns'.</div>
|j|☆Ryriss
|j|☆ULT9NS Sombra
|t:|1653515015
|gametype|singles
|player|p1|Ryriss|hilbert|1444
|player|p2|ULT9NS Sombra|102|1529
|teamsize|p1|6
|teamsize|p2|6
|gen|8
|tier|[Gen 8] Ubers
|rated|
|rule|Sleep Clause Mod: Limit one foe put to sleep
|rule|Species Clause: Limit one of each Pokémon
|rule|OHKO Clause: OHKO moves are banned
|rule|Evasion Moves Clause: Evasion moves are banned
|rule|Endless Battle Clause: Forcing endless battles is banned
|rule|HP Percentage Mod: HP is shown in percentages
|rule|Dynamax Clause: You cannot dynamax
|clearpoke
|poke|p1|Giratina-Origin|
|poke|p1|Zekrom|
|poke|p1|Necrozma-Dusk-Mane|
|poke|p1|Kyurem-Black|
|poke|p1|Kyogre|
|poke|p1|Yveltal|
|poke|p2|Eternatus|
|poke|p2|Yveltal|
|poke|p2|Zygarde|
|poke|p2|Necrozma-Dusk-Mane|
|poke|p2|Calyrex-Shadow|
|poke|p2|Marshadow|
|teampreview
|inactive|Battle timer is ON: inactive players will automatically lose when time's up. (requested by Ryriss)
|
|t:|1653515033
|start
|switch|p1a: Kyogre|Kyogre|100/100
|switch|p2a: Necrozma|Necrozma-Dusk-Mane|100/100
|-weather|RainDance|[from] ability: Drizzle|[of] p1a: Kyogre
|turn|1
|
|t:|1653515041
|switch|p2a: Eternatus|Eternatus|100/100
|-ability|p2a: Eternatus|Pressure
|move|p1a: Kyogre|Calm Mind|p1a: Kyogre
|-boost|p1a: Kyogre|spa|1
|-boost|p1a: Kyogre|spd|1
|
|-weather|RainDance|[upkeep]
|upkeep
|turn|2
|
|t:|1653515055
|move|p2a: Eternatus|Light Screen|p2a: Eternatus
|-sidestart|p2: ULT9NS Sombra|move: Light Screen
|move|p1a: Kyogre|Calm Mind|p1a: Kyogre
|-boost|p1a: Kyogre|spa|1
|-boost|p1a: Kyogre|spd|1
|
|-weather|RainDance|[upkeep]
|upkeep
|turn|3
|
|t:|1653515062
|move|p2a: Eternatus|Toxic|p1a: Kyogre
|-status|p1a: Kyogre|tox
|move|p1a: Kyogre|Calm Mind|p1a: Kyogre
|-boost|p1a: Kyogre|spa|1
|-boost|p1a: Kyogre|spd|1
|
|-weather|RainDance|[upkeep]
|-damage|p1a: Kyogre|94/100 tox|[from] psn
|upkeep
|turn|4
|
|t:|1653515071
|move|p2a: Eternatus|Mystical Fire|p1a: Kyogre
|-resisted|p1a: Kyogre
|-damage|p1a: Kyogre|93/100 tox
|-unboost|p1a: Kyogre|spa|1
|move|p1a: Kyogre|Ice Beam|p2a: Eternatus
|-supereffective|p2a: Eternatus
|-damage|p2a: Eternatus|55/100
|
|-weather|RainDance|[upkeep]
|-heal|p1a: Kyogre|99/100 tox|[from] item: Leftovers
|-damage|p1a: Kyogre|87/100 tox|[from] psn
|upkeep
|turn|5
|
|t:|1653515083
|move|p2a: Eternatus|Recover|p2a: Eternatus
|-heal|p2a: Eternatus|100/100
|move|p1a: Kyogre|Ice Beam|p2a: Eternatus
|-supereffective|p2a: Eternatus
|-damage|p2a: Eternatus|54/100
|
|-weather|none
|-heal|p1a: Kyogre|93/100 tox|[from] item: Leftovers
|-damage|p1a: Kyogre|74/100 tox|[from] psn
|upkeep
|turn|6
|
|t:|1653515094
|move|p2a: Eternatus|Recover|p2a: Eternatus
|-heal|p2a: Eternatus|100/100
|move|p1a: Kyogre|Calm Mind|p1a: Kyogre
|-boost|p1a: Kyogre|spa|1
|-boost|p1a: Kyogre|spd|1
|
|-heal|p1a: Kyogre|80/100 tox|[from] item: Leftovers
|-damage|p1a: Kyogre|56/100 tox|[from] psn
|-sideend|p2: ULT9NS Sombra|move: Light Screen
|upkeep
|turn|7
|
|t:|1653515119
|move|p2a: Eternatus|Light Screen|p2a: Eternatus
|-sidestart|p2: ULT9NS Sombra|move: Light Screen
|move|p1a: Kyogre|Ice Beam|p2a: Eternatus
|-supereffective|p2a: Eternatus
|-damage|p2a: Eternatus|43/100
|
|-heal|p1a: Kyogre|62/100 tox|[from] item: Leftovers
|-damage|p1a: Kyogre|31/100 tox|[from] psn
|upkeep
|turn|8
|
|t:|1653515128
|move|p2a: Eternatus|Recover|p2a: Eternatus
|-heal|p2a: Eternatus|93/100
|move|p1a: Kyogre|Ice Beam|p2a: Eternatus
|-supereffective|p2a: Eternatus
|-damage|p2a: Eternatus|37/100
|
|-heal|p1a: Kyogre|37/100 tox|[from] item: Leftovers
|-damage|p1a: Kyogre|0 fnt|[from] psn
|faint|p1a: Kyogre
|upkeep
|
|t:|1653515138
|switch|p1a: Yveltal|Yveltal|100/100
|-ability|p1a: Yveltal|Dark Aura
|turn|9
|
|t:|1653515147
|switch|p1a: Necrozma|Necrozma-Dusk-Mane|100/100
|move|p2a: Eternatus|Recover|p2a: Eternatus
|-heal|p2a: Eternatus|87/100
|
|upkeep
|turn|10
|
|t:|1653515155
|switch|p2a: Zygarde|Zygarde|100/100
|move|p1a: Necrozma|Swords Dance|p1a: Necrozma
|-boost|p1a: Necrozma|atk|2
|
|upkeep
|turn|11
|
|t:|1653515167
|switch|p1a: Giratina|Giratina-Origin|100/100
|move|p2a: Zygarde|Glare|p1a: Giratina
|-status|p1a: Giratina|par
|
|-sideend|p2: ULT9NS Sombra|move: Light Screen
|upkeep
|turn|12
|
|t:|1653515178
|switch|p2a: Yveltal|Yveltal|100/100
|-ability|p2a: Yveltal|Dark Aura
|move|p1a: Giratina|Draco Meteor|p2a: Yveltal
|-damage|p2a: Yveltal|53/100
|-unboost|p1a: Giratina|spa|2
|
|upkeep
|turn|13
|
|t:|1653515188
|move|p2a: Yveltal|Roost|p2a: Yveltal
|-heal|p2a: Yveltal|100/100
|-singleturn|p2a: Yveltal|move: Roost
|move|p1a: Giratina|Will-O-Wisp|p2a: Yveltal
|-status|p2a: Yveltal|brn
|
|-damage|p2a: Yveltal|94/100 brn|[from] brn
|upkeep
|turn|14
|
|t:|1653515199
|switch|p1a: Zekrom|Zekrom|100/100
|-ability|p1a: Zekrom|Teravolt
|move|p2a: Yveltal|Knock Off|p1a: Zekrom
|-damage|p1a: Zekrom|80/100
|-enditem|p1a: Zekrom|Heavy-Duty Boots|[from] move: Knock Off|[of] p2a: Yveltal
|
|-damage|p2a: Yveltal|88/100 brn|[from] brn
|upkeep
|turn|15
|
|t:|1653515210
|switch|p2a: Zygarde|Zygarde|100/100
|move|p1a: Zekrom|Dragon Dance|p1a: Zekrom
|-boost|p1a: Zekrom|atk|1
|-boost|p1a: Zekrom|spe|1
|
|upkeep
|turn|16
|
|t:|1653515216
|move|p1a: Zekrom|Dragon Dance|p1a: Zekrom
|-boost|p1a: Zekrom|atk|1
|-boost|p1a: Zekrom|spe|1
|move|p2a: Zygarde|Thousand Arrows|p1a: Zekrom
|-supereffective|p1a: Zekrom
|-damage|p1a: Zekrom|38/100
|
|upkeep
|turn|17
|
|t:|1653515224
|switch|p2a: Yveltal|Yveltal|88/100 brn
|-ability|p2a: Yveltal|Dark Aura
|move|p1a: Zekrom|Roost|p1a: Zekrom
|-heal|p1a: Zekrom|88/100
|-singleturn|p1a: Zekrom|move: Roost
|
|-damage|p2a: Yveltal|82/100 brn|[from] brn
|upkeep
|turn|18
|c|☆ULT9NS Sombra|ah sad
|
|t:|1653515233
|move|p1a: Zekrom|Fusion Bolt|p2a: Yveltal
|-supereffective|p2a: Yveltal
|-damage|p2a: Yveltal|0 fnt
|faint|p2a: Yveltal
|
|upkeep
|
|t:|1653515238
|switch|p2a: Calyrex|Calyrex-Shadow|100/100
|-ability|p2a: Calyrex|As One
|-ability|p2a: Calyrex|Unnerve
|turn|19
|
|t:|1653515244
|move|p2a: Calyrex|Trick|p1a: Zekrom
|-activate|p2a: Calyrex|move: Trick|[of] p1a: Zekrom
|-item|p1a: Zekrom|Choice Scarf|[from] move: Trick
|-enditem|p2a: Calyrex|Choice Scarf|[silent]|[from] move: Trick
|move|p1a: Zekrom|Fusion Bolt|p2a: Calyrex
|-damage|p2a: Calyrex|0 fnt
|faint|p2a: Calyrex
|
|upkeep
|
|t:|1653515249
|switch|p2a: Zygarde|Zygarde|100/100
|turn|20
|
|t:|1653515256
|switch|p1a: Giratina|Giratina-Origin|100/100 par
|move|p2a: Zygarde|Coil|p2a: Zygarde
|-boost|p2a: Zygarde|atk|1
|-boost|p2a: Zygarde|def|1
|-boost|p2a: Zygarde|accuracy|1
|
|upkeep
|turn|21
|
|t:|1653515263
|switch|p2a: Necrozma|Necrozma-Dusk-Mane|100/100
|move|p1a: Giratina|Draco Meteor|p2a: Necrozma
|-resisted|p2a: Necrozma
|-damage|p2a: Necrozma|81/100
|-unboost|p1a: Giratina|spa|2
|
|-heal|p2a: Necrozma|87/100|[from] item: Leftovers
|upkeep
|turn|22
|
|t:|1653515273
|move|p2a: Necrozma|Stealth Rock|p1a: Giratina
|-sidestart|p1: Ryriss|move: Stealth Rock
|move|p1a: Giratina|Will-O-Wisp|p2a: Necrozma
|-status|p2a: Necrozma|brn
|
|-heal|p2a: Necrozma|93/100 brn|[from] item: Leftovers
|-damage|p2a: Necrozma|87/100 brn|[from] brn
|upkeep
|turn|23
|
|t:|1653515282
|move|p2a: Necrozma|Knock Off|p1a: Giratina
|-supereffective|p1a: Giratina
|-damage|p1a: Giratina|87/100 par
|move|p1a: Giratina|Poltergeist|p2a: Necrozma
|-activate|p2a: Necrozma|move: Poltergeist|Leftovers
|-supereffective|p2a: Necrozma
|-damage|p2a: Necrozma|25/100 brn
|
|-heal|p2a: Necrozma|31/100 brn|[from] item: Leftovers
|-damage|p2a: Necrozma|25/100 brn|[from] brn
|upkeep
|turn|24
|
|t:|1653515293
|move|p1a: Giratina|Shadow Sneak|p2a: Necrozma
|-supereffective|p2a: Necrozma
|-damage|p2a: Necrozma|2/100 brn
|move|p2a: Necrozma|Sunsteel Strike|p1a: Giratina
|-damage|p1a: Giratina|70/100 par
|
|-heal|p2a: Necrozma|8/100 brn|[from] item: Leftovers
|-damage|p2a: Necrozma|2/100 brn|[from] brn
|upkeep
|turn|25
|
|t:|1653515304
|move|p1a: Giratina|Shadow Sneak|p2a: Necrozma
|-supereffective|p2a: Necrozma
|-damage|p2a: Necrozma|0 fnt
|faint|p2a: Necrozma
|
|upkeep
|
|t:|1653515309
|switch|p2a: Eternatus|Eternatus|87/100
|-ability|p2a: Eternatus|Pressure
|turn|26
|
|t:|1653515319
|move|p2a: Eternatus|Light Screen|p2a: Eternatus
|-sidestart|p2: ULT9NS Sombra|move: Light Screen
|move|p1a: Giratina|Will-O-Wisp|p2a: Eternatus
|-status|p2a: Eternatus|brn
|
|-damage|p2a: Eternatus|80/100 brn|[from] brn
|upkeep
|turn|27
|
|t:|1653515337
|switch|p2a: Marshadow|Marshadow|100/100
|move|p1a: Giratina|Draco Meteor|p2a: Marshadow
|-damage|p2a: Marshadow|83/100
|-unboost|p1a: Giratina|spa|2
|
|upkeep
|turn|28
|
|t:|1653515345
|cant|p1a: Giratina|par
|move|p2a: Marshadow|Spectral Thief|p1a: Giratina
|-supereffective|p1a: Giratina
|-damage|p1a: Giratina|0 fnt
|faint|p1a: Giratina
|
|upkeep
|
|t:|1653515354
|switch|p1a: Yveltal|Yveltal|100/100
|-damage|p1a: Yveltal|76/100|[from] Stealth Rock
|-ability|p1a: Yveltal|Dark Aura
|turn|29
|
|t:|1653515359
|switch|p2a: Eternatus|Eternatus|80/100 brn
|-ability|p2a: Eternatus|Pressure
|move|p1a: Yveltal|Oblivion Wing|p2a: Eternatus
|-damage|p2a: Eternatus|69/100 brn
|-heal|p1a: Yveltal|87/100|[from] drain|[of] p2a: Eternatus
|
|-damage|p2a: Eternatus|62/100 brn|[from] brn
|upkeep
|turn|30
|
|t:|1653515380
|switch|p1a: Zekrom|Zekrom|88/100
|-damage|p1a: Zekrom|76/100|[from] Stealth Rock
|-ability|p1a: Zekrom|Teravolt
|move|p2a: Eternatus|Recover|p2a: Eternatus
|-heal|p2a: Eternatus|100/100 brn
|
|-damage|p2a: Eternatus|94/100 brn|[from] brn
|-sideend|p2: ULT9NS Sombra|move: Light Screen
|upkeep
|turn|31
|
|t:|1653515390
|switch|p2a: Zygarde|Zygarde|100/100
|move|p1a: Zekrom|Dragon Dance|p1a: Zekrom
|-boost|p1a: Zekrom|atk|1
|-boost|p1a: Zekrom|spe|1
|
|upkeep
|turn|32
|
|t:|1653515402
|switch|p1a: Yveltal|Yveltal|87/100
|-damage|p1a: Yveltal|62/100|[from] Stealth Rock
|-ability|p1a: Yveltal|Dark Aura
|move|p2a: Zygarde|Coil|p2a: Zygarde
|-boost|p2a: Zygarde|atk|1
|-boost|p2a: Zygarde|def|1
|-boost|p2a: Zygarde|accuracy|1
|
|upkeep
|turn|33
|
|t:|1653515412
|switch|p2a: Eternatus|Eternatus|94/100 brn
|-ability|p2a: Eternatus|Pressure
|move|p1a: Yveltal|Snarl|p2a: Eternatus
|-damage|p2a: Eternatus|69/100 brn
|-unboost|p2a: Eternatus|spa|1
|-enditem|p1a: Yveltal|Throat Spray
|-boost|p1a: Yveltal|spa|1|[from] item: Throat Spray
|
|-damage|p2a: Eternatus|63/100 brn|[from] brn
|upkeep
|turn|34
|
|t:|1653515423
|move|p2a: Eternatus|Light Screen|p2a: Eternatus
|-sidestart|p2: ULT9NS Sombra|move: Light Screen
|move|p1a: Yveltal|Dark Pulse|p2a: Eternatus
|-damage|p2a: Eternatus|37/100 brn
|
|-damage|p2a: Eternatus|31/100 brn|[from] brn
|upkeep
|turn|35
|
|t:|1653515442
|move|p2a: Eternatus|Recover|p2a: Eternatus
|-heal|p2a: Eternatus|81/100 brn
|move|p1a: Yveltal|Dark Pulse|p2a: Eternatus
|-damage|p2a: Eternatus|55/100 brn
|
|-damage|p2a: Eternatus|49/100 brn|[from] brn
|upkeep
|turn|36
|j| Pokemh
|
|t:|1653515451
|move|p2a: Eternatus|Toxic|p1a: Yveltal
|-status|p1a: Yveltal|tox
|move|p1a: Yveltal|Dark Pulse|p2a: Eternatus
|-damage|p2a: Eternatus|24/100 brn
|
|-damage|p1a: Yveltal|56/100 tox|[from] psn
|-damage|p2a: Eternatus|17/100 brn|[from] brn
|upkeep
|turn|37
|
|t:|1653515460
|move|p2a: Eternatus|Recover|p2a: Eternatus
|-heal|p2a: Eternatus|68/100 brn
|move|p1a: Yveltal|Dark Pulse|p2a: Eternatus
|-damage|p2a: Eternatus|44/100 brn
|
|-damage|p1a: Yveltal|43/100 tox|[from] psn
|-damage|p2a: Eternatus|38/100 brn|[from] brn
|upkeep
|turn|38
|
|t:|1653515473
|move|p2a: Eternatus|Recover|p2a: Eternatus
|-heal|p2a: Eternatus|88/100 brn
|move|p1a: Yveltal|Dark Pulse|p2a: Eternatus
|-damage|p2a: Eternatus|60/100 brn
|
|-damage|p1a: Yveltal|25/100 tox|[from] psn
|-damage|p2a: Eternatus|54/100 brn|[from] brn
|-sideend|p2: ULT9NS Sombra|move: Light Screen
|upkeep
|turn|39
|
|t:|1653515485
|move|p2a: Eternatus|Light Screen|p2a: Eternatus
|-sidestart|p2: ULT9NS Sombra|move: Light Screen
|move|p1a: Yveltal|Dark Pulse|p2a: Eternatus
|-damage|p2a: Eternatus|31/100 brn
|
|-damage|p1a: Yveltal|1/100 tox|[from] psn
|-damage|p2a: Eternatus|24/100 brn|[from] brn
|upkeep
|turn|40
|
|t:|1653515494
|move|p2a: Eternatus|Recover|p2a: Eternatus
|-heal|p2a: Eternatus|74/100 brn
|move|p1a: Yveltal|Dark Pulse|p2a: Eternatus
|-damage|p2a: Eternatus|46/100 brn
|
|-damage|p1a: Yveltal|0 fnt|[from] psn
|faint|p1a: Yveltal
|-damage|p2a: Eternatus|40/100 brn|[from] brn
|upkeep
|
|t:|1653515505
|switch|p1a: Kyurem|Kyurem-Black|100/100
|-ability|p1a: Kyurem|Teravolt
|turn|41
|
|t:|1653515509
|move|p2a: Eternatus|Toxic|p1a: Kyurem
|-status|p1a: Kyurem|tox
|move|p1a: Kyurem|Dragon Dance|p1a: Kyurem
|-boost|p1a: Kyurem|atk|1
|-boost|p1a: Kyurem|spe|1
|
|-damage|p1a: Kyurem|94/100 tox|[from] psn
|-damage|p2a: Eternatus|34/100 brn|[from] brn
|upkeep
|turn|42
|
|t:|1653515520
|move|p1a: Kyurem|Icicle Spear|p2a: Eternatus
|-supereffective|p2a: Eternatus
|-damage|p2a: Eternatus|1/100 brn
|-supereffective|p2a: Eternatus
|-damage|p2a: Eternatus|0 fnt
|faint|p2a: Eternatus
|-hitcount|p2: Eternatus|2
|
|-damage|p1a: Kyurem|82/100 tox|[from] psn
|upkeep
|
|t:|1653515528
|switch|p2a: Marshadow|Marshadow|83/100
|turn|43
|
|t:|1653515531
|move|p2a: Marshadow|Shadow Sneak|p1a: Kyurem
|-damage|p1a: Kyurem|39/100 tox
|move|p1a: Kyurem|Icicle Spear|p2a: Marshadow
|-damage|p2a: Marshadow|52/100
|-damage|p2a: Marshadow|19/100
|-hitcount|p2a: Marshadow|2
|
|-damage|p1a: Kyurem|20/100 tox|[from] psn
|-sideend|p2: ULT9NS Sombra|move: Light Screen
|upkeep
|turn|44
|
|t:|1653515541
|move|p2a: Marshadow|Shadow Sneak|p1a: Kyurem
|-damage|p1a: Kyurem|0 fnt
|faint|p1a: Kyurem
|
|upkeep
|
|t:|1653515546
|switch|p1a: Zekrom|Zekrom|76/100
|-damage|p1a: Zekrom|64/100|[from] Stealth Rock
|-ability|p1a: Zekrom|Teravolt
|turn|45
|
|t:|1653515551
|move|p2a: Marshadow|Shadow Sneak|p1a: Zekrom
|-crit|p1a: Zekrom
|-damage|p1a: Zekrom|11/100
|move|p1a: Zekrom|Dragon Claw|p2a: Marshadow
|-damage|p2a: Marshadow|0 fnt
|faint|p2a: Marshadow
|
|upkeep
|
|t:|1653515555
|switch|p2a: Zygarde|Zygarde|100/100
|turn|46
|
|t:|1653515561
|move|p1a: Zekrom|Dragon Claw|p2a: Zygarde
|-supereffective|p2a: Zygarde
|-damage|p2a: Zygarde|49/100
|move|p2a: Zygarde|Coil|p2a: Zygarde
|-boost|p2a: Zygarde|atk|1
|-boost|p2a: Zygarde|def|1
|-boost|p2a: Zygarde|accuracy|1
|
|-heal|p2a: Zygarde|55/100|[from] item: Leftovers
|upkeep
|turn|47
|
|t:|1653515572
|move|p1a: Zekrom|Dragon Claw|p2a: Zygarde
|-supereffective|p2a: Zygarde
|-damage|p2a: Zygarde|23/100
|move|p2a: Zygarde|Coil|p2a: Zygarde
|-boost|p2a: Zygarde|atk|1
|-boost|p2a: Zygarde|def|1
|-boost|p2a: Zygarde|accuracy|1
|
|-heal|p2a: Zygarde|29/100|[from] item: Leftovers
|-activate|p2a: Zygarde|ability: Power Construct
|detailschange|p2a: Zygarde|Zygarde-Complete
|-heal|p2a: Zygarde|53/100|[silent]
|upkeep
|turn|48
|
|t:|1653515584
|move|p1a: Zekrom|Dragon Claw|p2a: Zygarde
|-supereffective|p2a: Zygarde
|-damage|p2a: Zygarde|36/100
|move|p2a: Zygarde|Coil|p2a: Zygarde
|-boost|p2a: Zygarde|atk|1
|-boost|p2a: Zygarde|def|1
|-boost|p2a: Zygarde|accuracy|1
|
|-heal|p2a: Zygarde|42/100|[from] item: Leftovers
|upkeep
|turn|49
|
|t:|1653515594
|move|p1a: Zekrom|Dragon Claw|p2a: Zygarde
|-supereffective|p2a: Zygarde
|-damage|p2a: Zygarde|28/100
|move|p2a: Zygarde|Rest|p2a: Zygarde
|-status|p2a: Zygarde|slp|[from] move: Rest
|-heal|p2a: Zygarde|100/100 slp|[silent]
|
|upkeep
|turn|50
|
|t:|1653515603
|move|p1a: Zekrom|Dragon Claw|p2a: Zygarde
|-supereffective|p2a: Zygarde
|-damage|p2a: Zygarde|88/100 slp
|cant|p2a: Zygarde|slp
|
|-heal|p2a: Zygarde|94/100 slp|[from] item: Leftovers
|upkeep
|turn|51
|
|t:|1653515611
|move|p1a: Zekrom|Dragon Claw|p2a: Zygarde
|-supereffective|p2a: Zygarde
|-damage|p2a: Zygarde|81/100 slp
|cant|p2a: Zygarde|slp
|
|-heal|p2a: Zygarde|88/100 slp|[from] item: Leftovers
|upkeep
|turn|52
|
|t:|1653515619
|move|p1a: Zekrom|Dragon Claw|p2a: Zygarde
|-supereffective|p2a: Zygarde
|-damage|p2a: Zygarde|75/100 slp
|-curestatus|p2a: Zygarde|slp|[msg]
|move|p2a: Zygarde|Thousand Arrows|p1a: Zekrom
|-supereffective|p1a: Zekrom
|-damage|p1a: Zekrom|0 fnt
|faint|p1a: Zekrom
|
|-heal|p2a: Zygarde|81/100|[from] item: Leftovers
|upkeep
|-message|Ryriss forfeited.
|
|win|ULT9NS Sombra
|raw|Ryriss's rating: 1444 &rarr; <strong>1429</strong><br />(-15 for losing)
|raw|ULT9NS Sombra's rating: 1529 &rarr; <strong>1544</strong><br />(+15 for winning)
|l|☆Ryriss
