|j|☆ox04
|j|☆Ryrissu
|t:|1662213566
|gametype|singles
|player|p1|ox04|red-gen7|1635
|player|p2|Ryrissu|hilbert|1521
|teamsize|p1|6
|teamsize|p2|6
|gen|8
|tier|[Gen 8] Ubers
|rated|
|rule|Sleep Clause Mod: Limit one foe put to sleep
|rule|Species Clause: Limit one of each Pokémon
|rule|OHKO Clause: OHKO moves are banned
|rule|Evasion Items Clause: Evasion items are banned
|rule|Evasion Moves Clause: Evasion moves are banned
|rule|Endless Battle Clause: Forcing endless battles is banned
|rule|HP Percentage Mod: HP is shown in percentages
|rule|Dynamax Clause: You cannot dynamax
|clearpoke
|poke|p1|Marshadow|
|poke|p1|Yveltal|
|poke|p1|Palkia|
|poke|p1|Landorus-Therian, M|
|poke|p1|Necrozma-Dusk-Mane|
|poke|p1|Emolga, M|
|poke|p2|Giratina-Origin|
|poke|p2|Groudon|
|poke|p2|Genesect|
|poke|p2|Kyurem-Black|
|poke|p2|Lugia|
|poke|p2|Yveltal|
|teampreview
|inactive|Battle timer is ON: inactive players will automatically lose when time's up. (requested by Ryrissu)
|
|t:|1662213574
|start
|switch|p1a: Landorus|Landorus-Therian, M|100/100
|switch|p2a: Lugia|Lugia|100/100
|-ability|p2a: Lugia|Pressure
|-ability|p1a: Landorus|Intimidate|boost
|-unboost|p2a: Lugia|atk|1
|turn|1
|
|t:|1662213583
|move|p2a: Lugia|Reflect|p2a: Lugia
|-sidestart|p2: Ryrissu|Reflect
|move|p1a: Landorus|Toxic|p2a: Lugia|[miss]
|-miss|p1a: Landorus|p2a: Lugia
|
|upkeep
|turn|2
|
|t:|1662213591
|move|p2a: Lugia|Safeguard|p2a: Lugia
|-sidestart|p2: Ryrissu|Safeguard
|move|p1a: Landorus|U-turn|p2a: Lugia
|-damage|p2a: Lugia|93/100
|
|t:|1662213593
|switch|p1a: Emolga|Emolga, M|100/100|[from]move: U-turn
|
|upkeep
|turn|3
|
|t:|1662213599
|move|p1a: Emolga|Volt Switch|p2a: Lugia
|-supereffective|p2a: Lugia
|-damage|p2a: Lugia|66/100
|
|t:|1662213601
|switch|p1a: Landorus|Landorus-Therian, M|100/100|[from]move: Volt Switch
|-ability|p1a: Landorus|Intimidate|boost
|-unboost|p2a: Lugia|atk|1
|move|p2a: Lugia|Light Screen|p2a: Lugia
|-sidestart|p2: Ryrissu|move: Light Screen
|
|upkeep
|turn|4
|
|t:|1662213611
|switch|p2a: Genesect|Genesect, shiny|100/100
|-ability|p2a: Genesect|Download|boost
|-boost|p2a: Genesect|spa|1
|move|p1a: Landorus|Defog|p2a: Genesect
|-unboost|p2a: Genesect|evasion|1
|-sideend|p2: Ryrissu|Reflect
|-sideend|p2: Ryrissu|move: Light Screen
|-sideend|p2: Ryrissu|Safeguard
|
|upkeep
|turn|5
|
|t:|1662213623
|switch|p1a: Yveltal|Yveltal, shiny|100/100
|-ability|p1a: Yveltal|Dark Aura
|move|p2a: Genesect|Shift Gear|p2a: Genesect
|-boost|p2a: Genesect|spe|2
|-boost|p2a: Genesect|atk|1
|
|upkeep
|turn|6
|
|t:|1662213634
|switch|p2a: Yveltal|Yveltal|100/100
|-ability|p2a: Yveltal|Dark Aura
|move|p1a: Yveltal|Oblivion Wing|p2a: Yveltal
|-damage|p2a: Yveltal|54/100
|-damage|p1a: Yveltal|91/100|[from] item: Life Orb
|
|upkeep
|turn|7
|
|t:|1662213647
|switch|p2a: Lugia|Lugia|66/100
|-ability|p2a: Lugia|Pressure
|move|p1a: Yveltal|Oblivion Wing|p2a: Lugia
|-damage|p2a: Lugia|36/100
|-heal|p1a: Yveltal|100/100|[from] drain|[of] p2a: Lugia
|-damage|p1a: Yveltal|91/100|[from] item: Life Orb
|
|upkeep
|turn|8
|
|t:|1662213657
|switch|p1a: Emolga|Emolga, M|100/100
|move|p2a: Lugia|Light Screen|p2a: Lugia
|-sidestart|p2: Ryrissu|move: Light Screen
|
|upkeep
|turn|9
|
|t:|1662213666
|move|p1a: Emolga|Toxic|p2a: Lugia
|-status|p2a: Lugia|tox
|move|p2a: Lugia|Reflect|p2a: Lugia
|-sidestart|p2: Ryrissu|Reflect
|
|-damage|p2a: Lugia|29/100 tox|[from] psn
|upkeep
|turn|10
|
|t:|1662213680
|switch|p1a: Landorus|Landorus-Therian, M|100/100
|-ability|p1a: Landorus|Intimidate|boost
|-unboost|p2a: Lugia|atk|1
|switch|p2a: Genesect|Genesect, shiny|100/100
|-ability|p2a: Genesect|Download|boost
|-boost|p2a: Genesect|spa|1
|
|upkeep
|turn|11
|
|t:|1662213688
|move|p2a: Genesect|Shift Gear|p2a: Genesect
|-boost|p2a: Genesect|spe|2
|-boost|p2a: Genesect|atk|1
|move|p1a: Landorus|Defog|p2a: Genesect
|-unboost|p2a: Genesect|evasion|1
|-sideend|p2: Ryrissu|Reflect
|-sideend|p2: Ryrissu|move: Light Screen
|
|upkeep
|turn|12
|
|t:|1662213696
|move|p2a: Genesect|Shift Gear|p2a: Genesect
|-boost|p2a: Genesect|spe|2
|-boost|p2a: Genesect|atk|1
|move|p1a: Landorus|Earthquake|p2a: Genesect
|-damage|p2a: Genesect|48/100
|
|upkeep
|turn|13
|
|t:|1662213703
|move|p2a: Genesect|Iron Head|p1a: Landorus
|-damage|p1a: Landorus|50/100
|move|p1a: Landorus|Earthquake|p2a: Genesect
|-damage|p2a: Genesect|0 fnt
|faint|p2a: Genesect
|
|-heal|p1a: Landorus|56/100|[from] item: Leftovers
|upkeep
|
|t:|1662213714
|switch|p2a: Lugia|Lugia|29/100 tox
|-ability|p2a: Lugia|Pressure
|turn|14
|
|t:|1662213718
|move|p2a: Lugia|Safeguard|p2a: Lugia
|-sidestart|p2: Ryrissu|Safeguard
|move|p1a: Landorus|Defog|p2a: Lugia
|-unboost|p2a: Lugia|evasion|1
|-sideend|p2: Ryrissu|Safeguard
|
|-heal|p1a: Landorus|62/100|[from] item: Leftovers
|-damage|p2a: Lugia|23/100 tox|[from] psn
|upkeep
|turn|15
|
|t:|1662213728
|switch|p2a: Giratina|Giratina-Origin|100/100
|move|p1a: Landorus|U-turn|p2a: Giratina
|-resisted|p2a: Giratina
|-damage|p2a: Giratina|93/100
|
|t:|1662213730
|switch|p1a: Yveltal|Yveltal, shiny|91/100|[from]move: U-turn
|-ability|p1a: Yveltal|Dark Aura
|
|upkeep
|turn|16
|c|☆ox04|oops
|
|t:|1662213738
|switch|p2a: Lugia|Lugia|23/100 tox
|-ability|p2a: Lugia|Pressure
|move|p1a: Yveltal|Dark Pulse|p2a: Lugia
|-supereffective|p2a: Lugia
|-crit|p2a: Lugia
|-damage|p2a: Lugia|0 fnt
|faint|p2a: Lugia
|-damage|p1a: Yveltal|81/100|[from] item: Life Orb
|
|upkeep
|
|t:|1662213754
|switch|p2a: Kyurem|Kyurem-Black|100/100
|-ability|p2a: Kyurem|Teravolt
|turn|17
|
|t:|1662213760
|switch|p1a: Necrozma|Necrozma-Dusk-Mane|100/100
|move|p2a: Kyurem|Icicle Spear|p1a: Necrozma
|-resisted|p1a: Necrozma
|-damage|p1a: Necrozma|95/100
|-resisted|p1a: Necrozma
|-damage|p1a: Necrozma|89/100
|-resisted|p1a: Necrozma
|-damage|p1a: Necrozma|83/100
|-hitcount|p1a: Necrozma|3
|
|-heal|p1a: Necrozma|89/100|[from] item: Leftovers
|upkeep
|turn|18
|
|t:|1662213773
|switch|p2a: Giratina|Giratina-Origin|93/100
|move|p1a: Necrozma|Sunsteel Strike|p2a: Giratina
|-damage|p2a: Giratina|51/100
|
|-heal|p1a: Necrozma|95/100|[from] item: Leftovers
|upkeep
|turn|19
|
|t:|1662213782
|switch|p1a: Yveltal|Yveltal, shiny|81/100
|-ability|p1a: Yveltal|Dark Aura
|move|p2a: Giratina|Will-O-Wisp|p1a: Yveltal
|-status|p1a: Yveltal|brn
|
|-damage|p1a: Yveltal|75/100 brn|[from] brn
|upkeep
|turn|20
|
|t:|1662213792
|move|p1a: Yveltal|Dark Pulse|p2a: Giratina
|-supereffective|p2a: Giratina
|-damage|p2a: Giratina|0 fnt
|faint|p2a: Giratina
|-damage|p1a: Yveltal|65/100 brn|[from] item: Life Orb
|
|-damage|p1a: Yveltal|59/100 brn|[from] brn
|upkeep
|
|t:|1662213800
|switch|p2a: Kyurem|Kyurem-Black|100/100
|-ability|p2a: Kyurem|Teravolt
|turn|21
|
|t:|1662213805
|switch|p1a: Necrozma|Necrozma-Dusk-Mane|95/100
|switch|p2a: Yveltal|Yveltal|54/100
|-ability|p2a: Yveltal|Dark Aura
|
|-heal|p1a: Necrozma|100/100|[from] item: Leftovers
|upkeep
|turn|22
|
|t:|1662213814
|switch|p1a: Emolga|Emolga, M|100/100
|move|p2a: Yveltal|Oblivion Wing|p1a: Emolga
|-resisted|p1a: Emolga
|-damage|p1a: Emolga|58/100
|-heal|p2a: Yveltal|74/100|[from] drain|[of] p1a: Emolga
|
|upkeep
|turn|23
|
|t:|1662213825
|move|p2a: Yveltal|Sucker Punch||[still]
|-fail|p2a: Yveltal
|move|p1a: Emolga|Encore|p2a: Yveltal
|-start|p2a: Yveltal|Encore
|
|upkeep
|turn|24
|
|t:|1662213834
|switch|p1a: Landorus|Landorus-Therian, M|62/100
|-ability|p1a: Landorus|Intimidate|boost
|-unboost|p2a: Yveltal|atk|1
|switch|p2a: Groudon|Groudon|100/100
|-weather|SunnyDay|[from] ability: Drought|[of] p2a: Groudon
|
|-weather|SunnyDay|[upkeep]
|-heal|p1a: Landorus|68/100|[from] item: Leftovers
|upkeep
|turn|25
|
|t:|1662213845
|move|p2a: Groudon|Swords Dance|p2a: Groudon
|-boost|p2a: Groudon|atk|2
|move|p1a: Landorus|Toxic|p2a: Groudon
|-status|p2a: Groudon|tox
|-enditem|p2a: Groudon|Lum Berry|[eat]
|-curestatus|p2a: Groudon|tox|[msg]
|
|-weather|SunnyDay|[upkeep]
|-heal|p1a: Landorus|74/100|[from] item: Leftovers
|upkeep
|turn|26
|
|t:|1662213859
|move|p2a: Groudon|Stone Edge|p1a: Landorus
|-damage|p1a: Landorus|10/100
|move|p1a: Landorus|Toxic|p2a: Groudon
|-status|p2a: Groudon|tox
|
|-weather|SunnyDay|[upkeep]
|-heal|p1a: Landorus|16/100|[from] item: Leftovers
|-damage|p2a: Groudon|94/100 tox|[from] psn
|upkeep
|turn|27
|c|☆ox04|wp
|
|t:|1662213877
|switch|p1a: Necrozma|Necrozma-Dusk-Mane|100/100
|move|p2a: Groudon|Rock Polish|p2a: Groudon
|-boost|p2a: Groudon|spe|2
|
|-weather|SunnyDay|[upkeep]
|-damage|p2a: Groudon|82/100 tox|[from] psn
|upkeep
|turn|28
|
|t:|1662213886
|switch|p1a: Landorus|Landorus-Therian, M|16/100
|-ability|p1a: Landorus|Intimidate|boost
|-unboost|p2a: Groudon|atk|1
|move|p2a: Groudon|Stone Edge|p1a: Landorus
|-damage|p1a: Landorus|0 fnt
|faint|p1a: Landorus
|
|-weather|none
|-damage|p2a: Groudon|64/100 tox|[from] psn
|upkeep
|
|t:|1662213906
|switch|p1a: Yveltal|Yveltal, shiny|59/100 brn
|-ability|p1a: Yveltal|Dark Aura
|turn|29
|
|t:|1662213914
|switch|p1a: Necrozma|Necrozma-Dusk-Mane|100/100
|move|p2a: Groudon|Stone Edge|p1a: Necrozma
|-resisted|p1a: Necrozma
|-damage|p1a: Necrozma|78/100
|
|-heal|p1a: Necrozma|84/100|[from] item: Leftovers
|-damage|p2a: Groudon|39/100 tox|[from] psn
|upkeep
|turn|30
|
|t:|1662213924
|switch|p1a: Yveltal|Yveltal, shiny|59/100 brn
|-ability|p1a: Yveltal|Dark Aura
|move|p2a: Groudon|Precipice Blades|p1a: Yveltal
|-immune|p1a: Yveltal
|
|-damage|p2a: Groudon|8/100 tox|[from] psn
|-damage|p1a: Yveltal|52/100 brn|[from] brn
|upkeep
|turn|31
|
|t:|1662213934
|move|p1a: Yveltal|Sucker Punch|p2a: Groudon
|-damage|p2a: Groudon|0 fnt
|faint|p2a: Groudon
|-damage|p1a: Yveltal|42/100 brn|[from] item: Life Orb
|
|-damage|p1a: Yveltal|36/100 brn|[from] brn
|upkeep
|
|t:|1662213942
|switch|p2a: Kyurem|Kyurem-Black|100/100
|-ability|p2a: Kyurem|Teravolt
|turn|32
|
|t:|1662213949
|switch|p1a: Necrozma|Necrozma-Dusk-Mane|84/100
|move|p2a: Kyurem|Fusion Bolt|p1a: Necrozma
|-damage|p1a: Necrozma|52/100
|
|-heal|p1a: Necrozma|58/100|[from] item: Leftovers
|upkeep
|turn|33
|
|t:|1662213958
|switch|p2a: Yveltal|Yveltal|74/100
|-ability|p2a: Yveltal|Dark Aura
|move|p1a: Necrozma|Sunsteel Strike|p2a: Yveltal
|-damage|p2a: Yveltal|12/100
|
|-heal|p1a: Necrozma|64/100|[from] item: Leftovers
|upkeep
|turn|34
|
|t:|1662213969
|switch|p1a: Yveltal|Yveltal, shiny|36/100 brn
|-ability|p1a: Yveltal|Dark Aura
|move|p2a: Yveltal|Dark Pulse|p1a: Yveltal
|-resisted|p1a: Yveltal
|-crit|p1a: Yveltal
|-damage|p1a: Yveltal|0 fnt
|faint|p1a: Yveltal
|
|upkeep
|
|t:|1662213976
|switch|p1a: Marshadow|Marshadow|100/100
|turn|35
|-message|Ryrissu forfeited.
|
|win|ox04
|raw|ox04's rating: 1635 &rarr; <strong>1649</strong><br />(+14 for winning)
|raw|Ryrissu's rating: 1521 &rarr; <strong>1507</strong><br />(-14 for losing)
|l|☆Ryrissu
|c|☆ox04|gg
|l|☆ox04
|j|☆ox04
|player|p1|ox04|red-gen7
