|j|☆Chunkomucho
|j|☆allensantoso24
|player|p1|Chunkomucho|erika|1483
|player|p2|allensantoso24|clair|1393
|teamsize|p1|6
|teamsize|p2|6
|gametype|singles
|gen|8
|tier|[Gen 8] Ubers
|rated|
|clearpoke
|poke|p1|Eternatus|
|poke|p1|Hatterene, F|
|poke|p1|Toxapex, M|
|poke|p1|Corviknight, M|
|poke|p1|Quagsire, M|
|poke|p1|Tyranitar, M|
|poke|p2|Zacian-Crowned|
|poke|p2|Coalossal, M|
|poke|p2|Grimmsnarl, M|
|poke|p2|Ferrothorn, M|
|poke|p2|Galvantula, F|
|poke|p2|Quagsire, M|
|rule|Sleep Clause Mod: Limit one foe put to sleep
|rule|Species Clause: Limit one of each Pokémon
|rule|OHKO Clause: OHKO moves are banned
|rule|Evasion Moves Clause: Evasion moves are banned
|rule|Endless Battle Clause: Forcing endless battles is banned
|rule|HP Percentage Mod: HP is shown in percentages
|html|Ubers Dynamax Clause: Pokémon on the <a href="https://www.smogon.com/dex/ss/formats/uber/">Ubers Dynamax Banlist</a> cannot Dynamax.
|teampreview
|inactive|Battle timer is ON: inactive players will automatically lose when time's up. (requested by Chunkomucho)
|inactive|allensantoso24 also wants the timer to be on.
|
|start
|switch|p1a: Tyranitar|Tyranitar, M|100/100
|switch|p2a: Spooderman|Galvantula, F|100/100
|-weather|Sandstorm|[from] ability: Sand Stream|[of] p1a: Tyranitar
|turn|1
|
|move|p2a: Spooderman|Thunder Wave|p1a: Tyranitar
|-status|p1a: Tyranitar|par
|move|p1a: Tyranitar|Stealth Rock|p2a: Spooderman
|-sidestart|p2: allensantoso24|move: Stealth Rock
|
|-weather|Sandstorm|[upkeep]
|-damage|p2a: Spooderman|94/100|[from] Sandstorm
|upkeep
|turn|2
|
|switch|p1a: Himiko|Hatterene, F, shiny|100/100
|move|p2a: Spooderman|Sticky Web|p1a: Himiko
|move|p1a: Himiko|Sticky Web|p2a: Spooderman|[from]Magic Bounce
|-sidestart|p2: allensantoso24|move: Sticky Web
|
|-weather|Sandstorm|[upkeep]
|-damage|p2a: Spooderman|88/100|[from] Sandstorm
|-damage|p1a: Himiko|95/100|[from] Sandstorm
|upkeep
|turn|3
|
|move|p2a: Spooderman|Thunder|p1a: Himiko
|-damage|p1a: Himiko|46/100
|move|p1a: Himiko|Trick Room|p1a: Himiko
|-fieldstart|move: Trick Room|[of] p1a: Himiko
|
|-weather|Sandstorm|[upkeep]
|-damage|p1a: Himiko|40/100|[from] Sandstorm
|-damage|p2a: Spooderman|82/100|[from] Sandstorm
|upkeep
|turn|4
|
|-start|p1a: Himiko|Dynamax
|-formechange|p1a: Himiko|Hatterene-Gmax
|-heal|p1a: Himiko|40/100|[silent]
|move|p1a: Himiko|Max Mindstorm|p2a: Spooderman
|-damage|p2a: Spooderman|0 fnt
|-fieldstart|move: Psychic Terrain
|-damage|p1a: Himiko|35/100|[from] item: Life Orb
|faint|p2a: Spooderman
|
|-weather|Sandstorm|[upkeep]
|-damage|p1a: Himiko|32/100|[from] Sandstorm
|upkeep
|
|switch|p2a: Minecraft|Coalossal, M|100/100
|-activate|p2a: Minecraft|move: Sticky Web
|-unboost|p2a: Minecraft|spe|1
|-damage|p2a: Minecraft|76/100|[from] Stealth Rock
|turn|5
|
|-start|p2a: Minecraft|Dynamax
|-formechange|p2a: Minecraft|Coalossal-Gmax
|-heal|p2a: Minecraft|76/100|[silent]
|move|p1a: Himiko|Max Mindstorm|p2a: Minecraft
|-damage|p2a: Minecraft|36/100
|-damage|p1a: Himiko|27/100|[from] item: Life Orb
|move|p2a: Minecraft|G-Max Volcalith|p1a: Himiko
|-damage|p1a: Himiko|3/100
|-sidestart|p1: Chunkomucho|G-Max Volcalith
|
|-weather|none
|-damage|p1a: Himiko|0 fnt|[from] G-Max Volcalith
|faint|p1a: Himiko
|upkeep
|
|switch|p1a: Eternatus|Eternatus|100/100
|-ability|p1a: Eternatus|Pressure
|turn|6
|
|move|p2a: Minecraft|Max Quake|p1a: Eternatus
|-supereffective|p1a: Eternatus
|-damage|p1a: Eternatus|37/100
|-boost|p2a: Minecraft|spd|1
|move|p1a: Eternatus|Dynamax Cannon|p2a: Minecraft
|-damage|p2a: Minecraft|0 fnt
|-damage|p1a: Eternatus|27/100|[from] item: Life Orb
|faint|p2a: Minecraft
|
|-damage|p1a: Eternatus|11/100|[from] G-Max Volcalith
|upkeep
|
|switch|p2a: Derp|Quagsire, M|100/100
|-damage|p2a: Derp|94/100|[from] Stealth Rock
|-activate|p2a: Derp|move: Sticky Web
|-unboost|p2a: Derp|spe|1
|turn|7
|
|switch|p1a: Corviknight|Corviknight, M|100/100
|-ability|p1a: Corviknight|Pressure
|move|p2a: Derp|Earthquake|p1a: Corviknight
|-immune|p1a: Corviknight
|
|-heal|p2a: Derp|100/100|[from] item: Leftovers
|-damage|p1a: Corviknight|84/100|[from] G-Max Volcalith
|-fieldend|move: Trick Room
|upkeep
|turn|8
|
|move|p1a: Corviknight|U-turn|p2a: Derp
|-damage|p2a: Derp|91/100
|
|switch|p1a: Toxapex|Toxapex, M|100/100|[from]move: U-turn
|move|p2a: Derp|Scald|p1a: Toxapex
|-resisted|p1a: Toxapex
|-damage|p1a: Toxapex|93/100
|
|-heal|p2a: Derp|97/100|[from] item: Leftovers
|-damage|p1a: Toxapex|76/100|[from] G-Max Volcalith
|-sideend|p1: Chunkomucho|G-Max Volcalith
|-fieldend|move: Psychic Terrain
|upkeep
|turn|9
|
|move|p1a: Toxapex|Knock Off|p2a: Derp
|-damage|p2a: Derp|87/100
|-enditem|p2a: Derp|Leftovers|[from] move: Knock Off|[of] p1a: Toxapex
|move|p2a: Derp|Earthquake|p1a: Toxapex
|-supereffective|p1a: Toxapex
|-damage|p1a: Toxapex|39/100
|
|upkeep
|turn|10
|
|switch|p1a: Corviknight|Corviknight, M|84/100
|-ability|p1a: Corviknight|Pressure
|move|p2a: Derp|Earthquake|p1a: Corviknight
|-immune|p1a: Corviknight
|
|upkeep
|turn|11
|
|move|p1a: Corviknight|Body Press|p2a: Derp
|-damage|p2a: Derp|69/100
|move|p2a: Derp|Scald|p1a: Corviknight
|-damage|p1a: Corviknight|66/100
|
|upkeep
|turn|12
|
|move|p1a: Corviknight|Body Press|p2a: Derp
|-damage|p2a: Derp|51/100
|move|p2a: Derp|Scald|p1a: Corviknight
|-damage|p1a: Corviknight|47/100
|
|upkeep
|turn|13
|
|move|p1a: Corviknight|Roost|p1a: Corviknight
|-heal|p1a: Corviknight|97/100
|-singleturn|p1a: Corviknight|move: Roost
|move|p2a: Derp|Scald|p1a: Corviknight
|-damage|p1a: Corviknight|79/100
|-status|p1a: Corviknight|brn
|
|-damage|p1a: Corviknight|73/100 brn|[from] brn
|upkeep
|turn|14
|
|move|p1a: Corviknight|Roost|p1a: Corviknight
|-heal|p1a: Corviknight|100/100 brn
|-singleturn|p1a: Corviknight|move: Roost
|move|p2a: Derp|Earthquake|p1a: Corviknight
|-supereffective|p1a: Corviknight
|-damage|p1a: Corviknight|61/100 brn
|
|-damage|p1a: Corviknight|55/100 brn|[from] brn
|upkeep
|turn|15
|
|move|p1a: Corviknight|Roost|p1a: Corviknight
|-heal|p1a: Corviknight|100/100 brn
|-singleturn|p1a: Corviknight|move: Roost
|move|p2a: Derp|Scald|p1a: Corviknight
|-damage|p1a: Corviknight|82/100 brn
|
|-damage|p1a: Corviknight|75/100 brn|[from] brn
|upkeep
|turn|16
|
|move|p1a: Corviknight|U-turn|p2a: Derp
|-damage|p2a: Derp|46/100
|
|switch|p1a: Quagsire|Quagsire, M|100/100|[from]move: U-turn
|move|p2a: Derp|Earthquake|p1a: Quagsire
|-damage|p1a: Quagsire|80/100
|
|upkeep
|turn|17
|
|switch|p2a: Spike|Ferrothorn, M|100/100
|-damage|p2a: Spike|94/100|[from] Stealth Rock
|-activate|p2a: Spike|move: Sticky Web
|-unboost|p2a: Spike|spe|1
|move|p1a: Quagsire|Toxic|p2a: Spike
|-immune|p2a: Spike
|
|-heal|p2a: Spike|100/100|[from] item: Leftovers
|upkeep
|turn|18
|
|switch|p1a: Toxapex|Toxapex, M|72/100
|move|p2a: Spike|Spikes|p1a: Toxapex
|-sidestart|p1: Chunkomucho|Spikes
|
|upkeep
|turn|19
|
|switch|p1a: Eternatus|Eternatus|11/100
|-damage|p1a: Eternatus|0 fnt|[from] Spikes
|faint|p1a: Eternatus
|move|p2a: Spike|Leech Seed|p1: Eternatus|[notarget]
|-fail|p2a: Spike
|
|upkeep
|j| cxkjntm
|
|switch|p1a: Toxapex|Toxapex, M|100/100
|-damage|p1a: Toxapex|88/100|[from] Spikes
|turn|20
|
|move|p1a: Toxapex|Knock Off|p2a: Spike
|-damage|p2a: Spike|92/100
|-damage|p1a: Toxapex|75/100|[from] ability: Iron Barbs|[of] p2a: Spike
|-enditem|p2a: Spike|Leftovers|[from] move: Knock Off|[of] p1a: Toxapex
|move|p2a: Spike|Leech Seed|p1a: Toxapex
|-start|p1a: Toxapex|move: Leech Seed
|
|-damage|p1a: Toxapex|63/100|[from] Leech Seed|[of] p2a: Spike
|-heal|p2a: Spike|100/100|[silent]
|upkeep
|turn|21
|
|move|p1a: Toxapex|Scald|p2a: Spike
|-resisted|p2a: Spike
|-damage|p2a: Spike|94/100
|move|p2a: Spike|Spikes|p1a: Toxapex
|-sidestart|p1: Chunkomucho|Spikes
|
|-damage|p1a: Toxapex|50/100|[from] Leech Seed|[of] p2a: Spike
|-heal|p2a: Spike|100/100|[silent]
|upkeep
|turn|22
|
|switch|p1a: Corviknight|Corviknight, M|75/100 brn
|-ability|p1a: Corviknight|Pressure
|move|p2a: Spike|Spikes|p1a: Corviknight
|-sidestart|p1: Chunkomucho|Spikes
|
|-damage|p1a: Corviknight|69/100 brn|[from] brn
|upkeep
|turn|23
|
|move|p1a: Corviknight|Body Press|p2a: Spike
|-supereffective|p2a: Spike
|-damage|p2a: Spike|84/100
|-damage|p1a: Corviknight|57/100 brn|[from] ability: Iron Barbs|[of] p2a: Spike
|move|p2a: Spike|Leech Seed|p1a: Corviknight
|-start|p1a: Corviknight|move: Leech Seed
|
|-damage|p1a: Corviknight|44/100 brn|[from] Leech Seed|[of] p2a: Spike
|-heal|p2a: Spike|98/100|[silent]
|-damage|p1a: Corviknight|38/100 brn|[from] brn
|upkeep
|turn|24
|
|switch|p1a: Toxapex|Toxapex, M|84/100
|-damage|p1a: Toxapex|59/100|[from] Spikes
|move|p2a: Spike|Stealth Rock|p1a: Toxapex
|-sidestart|p1: Chunkomucho|move: Stealth Rock
|
|upkeep
|turn|25
|
|switch|p1a: Corviknight|Corviknight, M|38/100 brn
|-damage|p1a: Corviknight|25/100 brn|[from] Stealth Rock
|-ability|p1a: Corviknight|Pressure
|move|p2a: Spike|Leech Seed|p1a: Corviknight
|-start|p1a: Corviknight|move: Leech Seed
|
|-damage|p1a: Corviknight|13/100 brn|[from] Leech Seed|[of] p2a: Spike
|-heal|p2a: Spike|100/100|[silent]
|-damage|p1a: Corviknight|7/100 brn|[from] brn
|upkeep
|turn|26
|
|move|p1a: Corviknight|Roost|p1a: Corviknight
|-heal|p1a: Corviknight|57/100 brn
|-singleturn|p1a: Corviknight|move: Roost
|move|p2a: Spike|Power Whip|p1a: Corviknight
|-resisted|p1a: Corviknight
|-damage|p1a: Corviknight|44/100 brn
|-damage|p2a: Spike|84/100|[from] item: Rocky Helmet|[of] p1a: Corviknight
|
|-damage|p1a: Corviknight|31/100 brn|[from] Leech Seed|[of] p2a: Spike
|-heal|p2a: Spike|98/100|[silent]
|-damage|p1a: Corviknight|25/100 brn|[from] brn
|upkeep
|turn|27
|
|move|p1a: Corviknight|Roost|p1a: Corviknight
|-heal|p1a: Corviknight|75/100 brn
|-singleturn|p1a: Corviknight|move: Roost
|move|p2a: Spike|Power Whip|p1a: Corviknight
|-resisted|p1a: Corviknight
|-damage|p1a: Corviknight|63/100 brn
|-damage|p2a: Spike|82/100|[from] item: Rocky Helmet|[of] p1a: Corviknight
|
|-damage|p1a: Corviknight|51/100 brn|[from] Leech Seed|[of] p2a: Spike
|-heal|p2a: Spike|96/100|[silent]
|-damage|p1a: Corviknight|44/100 brn|[from] brn
|upkeep
|turn|28
|
|move|p1a: Corviknight|Roost|p1a: Corviknight
|-heal|p1a: Corviknight|94/100 brn
|-singleturn|p1a: Corviknight|move: Roost
|move|p2a: Spike|Power Whip|p1a: Corviknight
|-resisted|p1a: Corviknight
|-damage|p1a: Corviknight|82/100 brn
|-damage|p2a: Spike|79/100|[from] item: Rocky Helmet|[of] p1a: Corviknight
|
|-damage|p1a: Corviknight|70/100 brn|[from] Leech Seed|[of] p2a: Spike
|-heal|p2a: Spike|94/100|[silent]
|-damage|p1a: Corviknight|64/100 brn|[from] brn
|upkeep
|turn|29
|
|switch|p2a: Derp|Quagsire, M|46/100
|-damage|p2a: Derp|40/100|[from] Stealth Rock
|-activate|p2a: Derp|move: Sticky Web
|-unboost|p2a: Derp|spe|1
|move|p1a: Corviknight|Defog|p2a: Derp
|-unboost|p2a: Derp|evasion|1
|-sideend|p2: allensantoso24|Stealth Rock|[from] move: Defog|[of] p1a: Corviknight
|-sideend|p2: allensantoso24|Sticky Web|[from] move: Defog|[of] p1a: Corviknight
|-sideend|p1: Chunkomucho|Spikes|[from] move: Defog|[of] p1a: Corviknight
|-sideend|p1: Chunkomucho|Stealth Rock|[from] move: Defog|[of] p1a: Corviknight
|
|-damage|p1a: Corviknight|51/100 brn|[from] Leech Seed|[of] p2a: Derp
|-heal|p2a: Derp|53/100|[silent]
|-damage|p1a: Corviknight|45/100 brn|[from] brn
|upkeep
|turn|30
|
|switch|p1a: Toxapex|Toxapex, M|92/100
|move|p2a: Derp|Scald|p1a: Toxapex
|-resisted|p1a: Toxapex
|-damage|p1a: Toxapex|84/100
|-status|p1a: Toxapex|brn
|
|-damage|p1a: Toxapex|78/100 brn|[from] brn
|upkeep
|turn|31
|
|move|p1a: Toxapex|Scald|p2a: Derp
|-damage|p2a: Derp|31/100
|move|p2a: Derp|Earthquake|p1a: Toxapex
|-supereffective|p1a: Toxapex
|-damage|p1a: Toxapex|44/100 brn
|
|-damage|p1a: Toxapex|37/100 brn|[from] brn
|upkeep
|turn|32
|
|switch|p1a: Corviknight|Corviknight, M|45/100 brn
|-ability|p1a: Corviknight|Pressure
|move|p2a: Derp|Earthquake|p1a: Corviknight
|-immune|p1a: Corviknight
|
|-damage|p1a: Corviknight|39/100 brn|[from] brn
|upkeep
|turn|33
|
|move|p1a: Corviknight|Roost|p1a: Corviknight
|-heal|p1a: Corviknight|89/100 brn
|-singleturn|p1a: Corviknight|move: Roost
|move|p2a: Derp|Earthquake|p1a: Corviknight
|-supereffective|p1a: Corviknight
|-crit|p1a: Corviknight
|-damage|p1a: Corviknight|34/100 brn
|
|-damage|p1a: Corviknight|28/100 brn|[from] brn
|upkeep
|turn|34
|
|move|p1a: Corviknight|Roost|p1a: Corviknight
|-heal|p1a: Corviknight|78/100 brn
|-singleturn|p1a: Corviknight|move: Roost
|move|p2a: Derp|Scald|p1a: Corviknight
|-damage|p1a: Corviknight|62/100 brn
|
|-damage|p1a: Corviknight|56/100 brn|[from] brn
|upkeep
|turn|35
|
|move|p1a: Corviknight|Roost|p1a: Corviknight
|-heal|p1a: Corviknight|100/100 brn
|-singleturn|p1a: Corviknight|move: Roost
|move|p2a: Derp|Earthquake|p1a: Corviknight
|-supereffective|p1a: Corviknight
|-damage|p1a: Corviknight|62/100 brn
|
|-damage|p1a: Corviknight|56/100 brn|[from] brn
|upkeep
|turn|36
|
|switch|p2a: Spike|Ferrothorn, M|94/100
|move|p1a: Corviknight|Body Press|p2a: Spike
|-supereffective|p2a: Spike
|-damage|p2a: Spike|79/100
|-damage|p1a: Corviknight|44/100 brn|[from] ability: Iron Barbs|[of] p2a: Spike
|
|-damage|p1a: Corviknight|37/100 brn|[from] brn
|upkeep
|turn|37
|
|move|p1a: Corviknight|Roost|p1a: Corviknight
|-heal|p1a: Corviknight|87/100 brn
|-singleturn|p1a: Corviknight|move: Roost
|move|p2a: Spike|Leech Seed|p1a: Corviknight
|-start|p1a: Corviknight|move: Leech Seed
|
|-damage|p1a: Corviknight|75/100 brn|[from] Leech Seed|[of] p2a: Spike
|-heal|p2a: Spike|94/100|[silent]
|-damage|p1a: Corviknight|69/100 brn|[from] brn
|upkeep
|turn|38
|
|switch|p1a: Toxapex|Toxapex, M|71/100 brn
|move|p2a: Spike|Spikes|p1a: Toxapex
|-sidestart|p1: Chunkomucho|Spikes
|
|-damage|p1a: Toxapex|64/100 brn|[from] brn
|upkeep
|turn|39
|
|move|p1a: Toxapex|Scald|p2a: Spike
|-resisted|p2a: Spike
|-damage|p2a: Spike|87/100
|move|p2a: Spike|Spikes|p1a: Toxapex
|-sidestart|p1: Chunkomucho|Spikes
|
|-damage|p1a: Toxapex|58/100 brn|[from] brn
|upkeep
|turn|40
|
|move|p1a: Toxapex|Scald|p2a: Spike
|-resisted|p2a: Spike
|-damage|p2a: Spike|79/100
|-status|p2a: Spike|brn
|move|p2a: Spike|Leech Seed|p1a: Toxapex
|-start|p1a: Toxapex|move: Leech Seed
|
|-damage|p1a: Toxapex|46/100 brn|[from] Leech Seed|[of] p2a: Spike
|-heal|p2a: Spike|90/100 brn|[silent]
|-damage|p1a: Toxapex|39/100 brn|[from] brn
|-damage|p2a: Spike|84/100 brn|[from] brn
|upkeep
|turn|41
|
|switch|p1a: Corviknight|Corviknight, M|69/100 brn
|-ability|p1a: Corviknight|Pressure
|move|p2a: Spike|Stealth Rock|p1a: Corviknight
|-sidestart|p1: Chunkomucho|move: Stealth Rock
|
|-damage|p1a: Corviknight|62/100 brn|[from] brn
|-damage|p2a: Spike|78/100 brn|[from] brn
|upkeep
|turn|42
|
|switch|p2a: Doggo|Zacian-Crowned|100/100
|-ability|p2a: Doggo|Intrepid Sword|boost
|-boost|p2a: Doggo|atk|1
|move|p1a: Corviknight|Defog|p2a: Doggo
|-unboost|p2a: Doggo|evasion|1
|-sideend|p1: Chunkomucho|Spikes|[from] move: Defog|[of] p1a: Corviknight
|-sideend|p1: Chunkomucho|Stealth Rock|[from] move: Defog|[of] p1a: Corviknight
|
|-damage|p1a: Corviknight|56/100 brn|[from] brn
|upkeep
|turn|43
|
|switch|p1a: Quagsire|Quagsire, M|80/100
|move|p2a: Doggo|Swords Dance|p2a: Doggo
|-boost|p2a: Doggo|atk|2
|
|upkeep
|turn|44
|
|move|p2a: Doggo|Play Rough|p1a: Quagsire
|-damage|p1a: Quagsire|42/100
|move|p1a: Quagsire|Recover|p1a: Quagsire
|-heal|p1a: Quagsire|92/100
|
|upkeep
|turn|45
|
|move|p2a: Doggo|Play Rough|p1a: Quagsire
|-damage|p1a: Quagsire|55/100
|move|p1a: Quagsire|Earthquake|p2a: Doggo
|-supereffective|p2a: Doggo
|-damage|p2a: Doggo|49/100
|
|upkeep
|turn|46
|
|move|p2a: Doggo|Play Rough|p1a: Quagsire
|-damage|p1a: Quagsire|17/100
|move|p1a: Quagsire|Recover|p1a: Quagsire
|-heal|p1a: Quagsire|67/100
|
|upkeep
|turn|47
|
|move|p2a: Doggo|Play Rough|p1a: Quagsire
|-damage|p1a: Quagsire|28/100
|move|p1a: Quagsire|Recover|p1a: Quagsire
|-heal|p1a: Quagsire|78/100
|
|upkeep
|turn|48
|
|switch|p2a: Spike|Ferrothorn, M|78/100 brn
|move|p1a: Quagsire|Earthquake|p2a: Spike
|-damage|p2a: Spike|62/100 brn
|
|-damage|p2a: Spike|55/100 brn|[from] brn
|upkeep
|turn|49
|
|switch|p1a: Corviknight|Corviknight, M|56/100 brn
|-ability|p1a: Corviknight|Pressure
|move|p2a: Spike|Leech Seed|p1a: Corviknight
|-start|p1a: Corviknight|move: Leech Seed
|
|-damage|p1a: Corviknight|44/100 brn|[from] Leech Seed|[of] p2a: Spike
|-heal|p2a: Spike|70/100 brn|[silent]
|-damage|p1a: Corviknight|37/100 brn|[from] brn
|-damage|p2a: Spike|63/100 brn|[from] brn
|upkeep
|turn|50
|
|move|p1a: Corviknight|Roost|p1a: Corviknight
|-heal|p1a: Corviknight|87/100 brn
|-singleturn|p1a: Corviknight|move: Roost
|move|p2a: Spike|Spikes|p1a: Corviknight
|-sidestart|p1: Chunkomucho|Spikes
|
|-damage|p1a: Corviknight|75/100 brn|[from] Leech Seed|[of] p2a: Spike
|-heal|p2a: Spike|77/100 brn|[silent]
|-damage|p1a: Corviknight|69/100 brn|[from] brn
|-damage|p2a: Spike|71/100 brn|[from] brn
|upkeep
|turn|51
|
|switch|p1a: Toxapex|Toxapex, M|73/100 brn
|-damage|p1a: Toxapex|60/100 brn|[from] Spikes
|move|p2a: Spike|Stealth Rock|p1a: Toxapex
|-sidestart|p1: Chunkomucho|move: Stealth Rock
|
|-damage|p1a: Toxapex|54/100 brn|[from] brn
|-damage|p2a: Spike|65/100 brn|[from] brn
|upkeep
|turn|52
|
|switch|p1a: Corviknight|Corviknight, M|69/100 brn
|-damage|p1a: Corviknight|56/100 brn|[from] Stealth Rock
|-ability|p1a: Corviknight|Pressure
|move|p2a: Spike|Leech Seed|p1a: Corviknight
|-start|p1a: Corviknight|move: Leech Seed
|
|-damage|p1a: Corviknight|44/100 brn|[from] Leech Seed|[of] p2a: Spike
|-heal|p2a: Spike|79/100 brn|[silent]
|-damage|p1a: Corviknight|37/100 brn|[from] brn
|-damage|p2a: Spike|73/100 brn|[from] brn
|upkeep
|turn|53
|
|move|p1a: Corviknight|Roost|p1a: Corviknight
|-heal|p1a: Corviknight|87/100 brn
|-singleturn|p1a: Corviknight|move: Roost
|move|p2a: Spike|Spikes|p1a: Corviknight
|-sidestart|p1: Chunkomucho|Spikes
|
|-damage|p1a: Corviknight|75/100 brn|[from] Leech Seed|[of] p2a: Spike
|-heal|p2a: Spike|87/100 brn|[silent]
|-damage|p1a: Corviknight|69/100 brn|[from] brn
|-damage|p2a: Spike|81/100 brn|[from] brn
|upkeep
|turn|54
|
|move|p1a: Corviknight|Defog|p2a: Spike
|-unboost|p2a: Spike|evasion|1
|-sideend|p1: Chunkomucho|Spikes|[from] move: Defog|[of] p1a: Corviknight
|-sideend|p1: Chunkomucho|Stealth Rock|[from] move: Defog|[of] p1a: Corviknight
|move|p2a: Spike|Spikes|p1a: Corviknight
|-sidestart|p1: Chunkomucho|Spikes
|
|-damage|p1a: Corviknight|56/100 brn|[from] Leech Seed|[of] p2a: Spike
|-heal|p2a: Spike|95/100 brn|[silent]
|-damage|p1a: Corviknight|50/100 brn|[from] brn
|-damage|p2a: Spike|89/100 brn|[from] brn
|upkeep
|turn|55
|
|move|p1a: Corviknight|Roost|p1a: Corviknight
|-heal|p1a: Corviknight|99/100 brn
|-singleturn|p1a: Corviknight|move: Roost
|move|p2a: Spike|Stealth Rock|p1a: Corviknight
|-sidestart|p1: Chunkomucho|move: Stealth Rock
|
|-damage|p1a: Corviknight|87/100 brn|[from] Leech Seed|[of] p2a: Spike
|-heal|p2a: Spike|100/100 brn|[silent]
|-damage|p1a: Corviknight|81/100 brn|[from] brn
|-damage|p2a: Spike|94/100 brn|[from] brn
|upkeep
|turn|56
|
|move|p1a: Corviknight|Defog|p2a: Spike
|-unboost|p2a: Spike|evasion|1
|-sideend|p1: Chunkomucho|Spikes|[from] move: Defog|[of] p1a: Corviknight
|-sideend|p1: Chunkomucho|Stealth Rock|[from] move: Defog|[of] p1a: Corviknight
|move|p2a: Spike|Power Whip|p1a: Corviknight
|-resisted|p1a: Corviknight
|-damage|p1a: Corviknight|78/100 brn
|-damage|p2a: Spike|78/100 brn|[from] item: Rocky Helmet|[of] p1a: Corviknight
|
|-damage|p1a: Corviknight|66/100 brn|[from] Leech Seed|[of] p2a: Spike
|-heal|p2a: Spike|92/100 brn|[silent]
|-damage|p1a: Corviknight|60/100 brn|[from] brn
|-damage|p2a: Spike|86/100 brn|[from] brn
|upkeep
|turn|57
|
|switch|p1a: Toxapex|Toxapex, M|87/100 brn
|move|p2a: Spike|Stealth Rock|p1a: Toxapex
|-sidestart|p1: Chunkomucho|move: Stealth Rock
|
|-damage|p1a: Toxapex|81/100 brn|[from] brn
|-damage|p2a: Spike|79/100 brn|[from] brn
|upkeep
|turn|58
|
|switch|p1a: Corviknight|Corviknight, M|60/100 brn
|-damage|p1a: Corviknight|47/100 brn|[from] Stealth Rock
|-ability|p1a: Corviknight|Pressure
|move|p2a: Spike|Leech Seed|p1a: Corviknight
|-start|p1a: Corviknight|move: Leech Seed
|
|-damage|p1a: Corviknight|35/100 brn|[from] Leech Seed|[of] p2a: Spike
|-heal|p2a: Spike|94/100 brn|[silent]
|-damage|p1a: Corviknight|29/100 brn|[from] brn
|-damage|p2a: Spike|87/100 brn|[from] brn
|upkeep
|turn|59
|
|move|p1a: Corviknight|Roost|p1a: Corviknight
|-heal|p1a: Corviknight|78/100 brn
|-singleturn|p1a: Corviknight|move: Roost
|move|p2a: Spike|Power Whip|p1a: Corviknight|[miss]
|-miss|p2a: Spike|p1a: Corviknight
|
|-damage|p1a: Corviknight|66/100 brn|[from] Leech Seed|[of] p2a: Spike
|-heal|p2a: Spike|100/100 brn|[silent]
|-damage|p1a: Corviknight|60/100 brn|[from] brn
|-damage|p2a: Spike|94/100 brn|[from] brn
|upkeep
|turn|60
|
|move|p1a: Corviknight|Defog|p2a: Spike
|-unboost|p2a: Spike|evasion|1
|-sideend|p1: Chunkomucho|Stealth Rock|[from] move: Defog|[of] p1a: Corviknight
|move|p2a: Spike|Power Whip|p1a: Corviknight
|-resisted|p1a: Corviknight
|-damage|p1a: Corviknight|57/100 brn
|-damage|p2a: Spike|78/100 brn|[from] item: Rocky Helmet|[of] p1a: Corviknight
|
|-damage|p1a: Corviknight|44/100 brn|[from] Leech Seed|[of] p2a: Spike
|-heal|p2a: Spike|92/100 brn|[silent]
|-damage|p1a: Corviknight|38/100 brn|[from] brn
|-damage|p2a: Spike|86/100 brn|[from] brn
|upkeep
|turn|61
|
|move|p1a: Corviknight|Roost|p1a: Corviknight
|-heal|p1a: Corviknight|88/100 brn
|-singleturn|p1a: Corviknight|move: Roost
|move|p2a: Spike|Power Whip|p1a: Corviknight
|-resisted|p1a: Corviknight
|-damage|p1a: Corviknight|83/100 brn
|-damage|p2a: Spike|69/100 brn|[from] item: Rocky Helmet|[of] p1a: Corviknight
|
|-damage|p1a: Corviknight|70/100 brn|[from] Leech Seed|[of] p2a: Spike
|-heal|p2a: Spike|83/100 brn|[silent]
|-damage|p1a: Corviknight|64/100 brn|[from] brn
|-damage|p2a: Spike|77/100 brn|[from] brn
|upkeep
|turn|62
|
|move|p1a: Corviknight|Roost|p1a: Corviknight
|-heal|p1a: Corviknight|100/100 brn
|-singleturn|p1a: Corviknight|move: Roost
|move|p2a: Spike|Power Whip|p1a: Corviknight
|-resisted|p1a: Corviknight
|-damage|p1a: Corviknight|94/100 brn
|-damage|p2a: Spike|61/100 brn|[from] item: Rocky Helmet|[of] p1a: Corviknight
|
|-damage|p1a: Corviknight|82/100 brn|[from] Leech Seed|[of] p2a: Spike
|-heal|p2a: Spike|75/100 brn|[silent]
|-damage|p1a: Corviknight|75/100 brn|[from] brn
|-damage|p2a: Spike|69/100 brn|[from] brn
|upkeep
|turn|63
|
|switch|p1a: Tyranitar|Tyranitar, M|100/100 par
|-weather|Sandstorm|[from] ability: Sand Stream|[of] p1a: Tyranitar
|switch|p2a: Derp|Quagsire, M|31/100
|
|-weather|Sandstorm|[upkeep]
|upkeep
|turn|64
|
|move|p2a: Derp|Scald|p1a: Tyranitar
|-supereffective|p1a: Tyranitar
|-damage|p1a: Tyranitar|87/100 par
|cant|p1a: Tyranitar|par
|
|-weather|Sandstorm|[upkeep]
|upkeep
|turn|65
|
|move|p2a: Derp|Scald|p1a: Tyranitar
|-supereffective|p1a: Tyranitar
|-damage|p1a: Tyranitar|71/100 par
|move|p1a: Tyranitar|Stealth Rock|p2a: Derp
|-sidestart|p2: allensantoso24|move: Stealth Rock
|
|-weather|Sandstorm|[upkeep]
|upkeep
|turn|66
|
|switch|p1a: Corviknight|Corviknight, M|75/100 brn
|-ability|p1a: Corviknight|Pressure
|move|p2a: Derp|Scald|p1a: Corviknight
|-damage|p1a: Corviknight|59/100 brn
|
|-weather|Sandstorm|[upkeep]
|-damage|p1a: Corviknight|52/100 brn|[from] brn
|upkeep
|turn|67
|
|move|p1a: Corviknight|Body Press|p2a: Derp
|-damage|p2a: Derp|22/100
|move|p2a: Derp|Earthquake|p1a: Corviknight
|-immune|p1a: Corviknight
|
|-weather|none
|-damage|p1a: Corviknight|46/100 brn|[from] brn
|upkeep
|turn|68
|
|move|p1a: Corviknight|U-turn|p2a: Derp
|-damage|p2a: Derp|17/100
|
|switch|p1a: Quagsire|Quagsire, M|78/100|[from]move: U-turn
|move|p2a: Derp|Scald|p1a: Quagsire
|-damage|p1a: Quagsire|55/100
|
|upkeep
|turn|69
|
|move|p1a: Quagsire|Toxic|p2a: Derp
|-status|p2a: Derp|tox
|move|p2a: Derp|Toxic|p1a: Quagsire
|-status|p1a: Quagsire|tox
|
|-damage|p1a: Quagsire|49/100 tox|[from] psn
|-damage|p2a: Derp|11/100 tox|[from] psn
|upkeep
|turn|70
|
|switch|p2a: Spike|Ferrothorn, M|69/100 brn
|-damage|p2a: Spike|62/100 brn|[from] Stealth Rock
|move|p1a: Quagsire|Recover|p1a: Quagsire
|-heal|p1a: Quagsire|99/100 tox
|
|-damage|p1a: Quagsire|87/100 tox|[from] psn
|-damage|p2a: Spike|56/100 brn|[from] brn
|upkeep
|turn|71
|
|switch|p1a: Toxapex|Toxapex, M|100/100 brn
|move|p2a: Spike|Stealth Rock|p1a: Toxapex
|-sidestart|p1: Chunkomucho|move: Stealth Rock
|
|-damage|p1a: Toxapex|94/100 brn|[from] brn
|-damage|p2a: Spike|50/100 brn|[from] brn
|upkeep
|turn|72
|
|move|p1a: Toxapex|Knock Off|p2a: Spike
|-damage|p2a: Spike|47/100 brn
|-damage|p1a: Toxapex|82/100 brn|[from] ability: Iron Barbs|[of] p2a: Spike
|move|p2a: Spike|Leech Seed|p1a: Toxapex
|-start|p1a: Toxapex|move: Leech Seed
|
|-damage|p1a: Toxapex|69/100 brn|[from] Leech Seed|[of] p2a: Spike
|-heal|p2a: Spike|58/100 brn|[silent]
|-damage|p1a: Toxapex|63/100 brn|[from] brn
|-damage|p2a: Spike|52/100 brn|[from] brn
|upkeep
|turn|73
|
|switch|p1a: Corviknight|Corviknight, M|46/100 brn
|-damage|p1a: Corviknight|34/100 brn|[from] Stealth Rock
|-ability|p1a: Corviknight|Pressure
|move|p2a: Spike|Spikes|p1a: Corviknight
|-sidestart|p1: Chunkomucho|Spikes
|
|-damage|p1a: Corviknight|27/100 brn|[from] brn
|-damage|p2a: Spike|45/100 brn|[from] brn
|upkeep
|turn|74
|
|move|p1a: Corviknight|Defog|p2a: Spike
|-unboost|p2a: Spike|evasion|1
|-sideend|p2: allensantoso24|Stealth Rock|[from] move: Defog|[of] p1a: Corviknight
|-sideend|p1: Chunkomucho|Spikes|[from] move: Defog|[of] p1a: Corviknight
|-sideend|p1: Chunkomucho|Stealth Rock|[from] move: Defog|[of] p1a: Corviknight
|move|p2a: Spike|Spikes|p1a: Corviknight
|-sidestart|p1: Chunkomucho|Spikes
|
|-damage|p1a: Corviknight|21/100 brn|[from] brn
|-damage|p2a: Spike|39/100 brn|[from] brn
|upkeep
|turn|75
|
|move|p1a: Corviknight|Body Press|p2a: Spike
|-supereffective|p2a: Spike
|-damage|p2a: Spike|24/100 brn
|-damage|p1a: Corviknight|9/100 brn|[from] ability: Iron Barbs|[of] p2a: Spike
|move|p2a: Spike|Stealth Rock|p1a: Corviknight
|-sidestart|p1: Chunkomucho|move: Stealth Rock
|
|-damage|p1a: Corviknight|2/100 brn|[from] brn
|-damage|p2a: Spike|18/100 brn|[from] brn
|upkeep
|turn|76
|
|move|p1a: Corviknight|Defog|p2a: Spike
|-unboost|p2a: Spike|evasion|1
|-sideend|p1: Chunkomucho|Spikes|[from] move: Defog|[of] p1a: Corviknight
|-sideend|p1: Chunkomucho|Stealth Rock|[from] move: Defog|[of] p1a: Corviknight
|move|p2a: Spike|Spikes|p1a: Corviknight
|-sidestart|p1: Chunkomucho|Spikes
|
|-damage|p1a: Corviknight|0 fnt|[from] brn
|faint|p1a: Corviknight
|-damage|p2a: Spike|12/100 brn|[from] brn
|upkeep
|
|switch|p1a: Tyranitar|Tyranitar, M|71/100 par
|-damage|p1a: Tyranitar|59/100 par|[from] Spikes
|-weather|Sandstorm|[from] ability: Sand Stream|[of] p1a: Tyranitar
|turn|77
|
|move|p2a: Spike|Spikes|p1a: Tyranitar
|-sidestart|p1: Chunkomucho|Spikes
|cant|p1a: Tyranitar|par
|
|-weather|Sandstorm|[upkeep]
|-damage|p2a: Spike|6/100 brn|[from] brn
|upkeep
|turn|78
|
|move|p2a: Spike|Spikes|p1a: Tyranitar
|-sidestart|p1: Chunkomucho|Spikes
|move|p1a: Tyranitar|Earthquake|p2a: Spike
|-damage|p2a: Spike|0 fnt
|faint|p2a: Spike
|
|-weather|Sandstorm|[upkeep]
|upkeep
|
|switch|p2a: Final form dobby|Grimmsnarl, M, shiny|100/100
|turn|79
|
|move|p2a: Final form dobby|Reflect|p2a: Final form dobby
|-sidestart|p2: allensantoso24|Reflect
|cant|p1a: Tyranitar|par
|
|-weather|Sandstorm|[upkeep]
|-damage|p2a: Final form dobby|94/100|[from] Sandstorm
|-heal|p2a: Final form dobby|100/100|[from] item: Leftovers
|upkeep
|turn|80
|
|move|p2a: Final form dobby|Light Screen|p2a: Final form dobby
|-sidestart|p2: allensantoso24|move: Light Screen
|move|p1a: Tyranitar|Rest|p1a: Tyranitar
|-status|p1a: Tyranitar|slp|[from] move: Rest
|-heal|p1a: Tyranitar|100/100 slp|[silent]
|
|-weather|Sandstorm|[upkeep]
|-damage|p2a: Final form dobby|94/100|[from] Sandstorm
|-heal|p2a: Final form dobby|100/100|[from] item: Leftovers
|upkeep
|turn|81
|
|switch|p1a: Toxapex|Toxapex, M|96/100 brn
|-damage|p1a: Toxapex|71/100 brn|[from] Spikes
|move|p2a: Final form dobby|Foul Play|p1a: Toxapex
|-damage|p1a: Toxapex|58/100 brn
|
|-weather|none
|-damage|p1a: Toxapex|52/100 brn|[from] brn
|upkeep
|turn|82
|
|move|p2a: Final form dobby|Foul Play|p1a: Toxapex
|-damage|p1a: Toxapex|39/100 brn
|move|p1a: Toxapex|Recover|p1a: Toxapex
|-heal|p1a: Toxapex|89/100 brn
|
|-damage|p1a: Toxapex|83/100 brn|[from] brn
|upkeep
|turn|83
|
|move|p2a: Final form dobby|Taunt|p1a: Toxapex
|-start|p1a: Toxapex|move: Taunt
|cant|p1a: Toxapex|move: Taunt|Recover
|
|-damage|p1a: Toxapex|77/100 brn|[from] brn
|-sideend|p2: allensantoso24|Reflect
|upkeep
|turn|84
|
|switch|p1a: Tyranitar|Tyranitar, M|100/100 slp
|-damage|p1a: Tyranitar|75/100 slp|[from] Spikes
|-weather|Sandstorm|[from] ability: Sand Stream|[of] p1a: Tyranitar
|move|p2a: Final form dobby|Foul Play|p1a: Tyranitar
|-resisted|p1a: Tyranitar
|-damage|p1a: Tyranitar|59/100 slp
|
|-weather|Sandstorm|[upkeep]
|-damage|p2a: Final form dobby|94/100|[from] Sandstorm
|-heal|p2a: Final form dobby|100/100|[from] item: Leftovers
|-sideend|p2: allensantoso24|move: Light Screen
|upkeep
|turn|85
|
|move|p2a: Final form dobby|Reflect|p2a: Final form dobby
|-sidestart|p2: allensantoso24|Reflect
|cant|p1a: Tyranitar|slp
|
|-weather|Sandstorm|[upkeep]
|-damage|p2a: Final form dobby|94/100|[from] Sandstorm
|-heal|p2a: Final form dobby|100/100|[from] item: Leftovers
|upkeep
|turn|86
|
|switch|p2a: Doggo|Zacian-Crowned|49/100
|-ability|p2a: Doggo|Intrepid Sword|boost
|-boost|p2a: Doggo|atk|1
|cant|p1a: Tyranitar|slp
|
|-weather|Sandstorm|[upkeep]
|upkeep
|turn|87
|
|switch|p1a: Quagsire|Quagsire, M|87/100 tox
|-damage|p1a: Quagsire|62/100 tox|[from] Spikes
|move|p2a: Doggo|Behemoth Blade|p1a: Quagsire
|-resisted|p1a: Quagsire
|-damage|p1a: Quagsire|39/100 tox
|
|-weather|Sandstorm|[upkeep]
|-damage|p1a: Quagsire|33/100 tox|[from] psn
|upkeep
|turn|88
|
|move|p2a: Doggo|Play Rough|p1a: Quagsire
|-damage|p1a: Quagsire|0 fnt
|faint|p1a: Quagsire
|
|-weather|none
|upkeep
|
|switch|p1a: Toxapex|Toxapex, M|100/100 brn
|-damage|p1a: Toxapex|75/100 brn|[from] Spikes
|turn|89
|
|move|p2a: Doggo|Behemoth Blade|p1a: Toxapex
|-resisted|p1a: Toxapex
|-damage|p1a: Toxapex|49/100 brn
|move|p1a: Toxapex|Haze|p1a: Toxapex
|-clearallboost
|
|-damage|p1a: Toxapex|43/100 brn|[from] brn
|-sideend|p2: allensantoso24|Reflect
|upkeep
|turn|90
|
|move|p2a: Doggo|Swords Dance|p2a: Doggo
|-boost|p2a: Doggo|atk|2
|move|p1a: Toxapex|Recover|p1a: Toxapex
|-heal|p1a: Toxapex|93/100 brn
|
|-damage|p1a: Toxapex|86/100 brn|[from] brn
|upkeep
|turn|91
|
|move|p2a: Doggo|Crunch|p1a: Toxapex
|-damage|p1a: Toxapex|45/100 brn
|-unboost|p1a: Toxapex|def|1
|move|p1a: Toxapex|Haze|p1a: Toxapex
|-clearallboost
|
|-damage|p1a: Toxapex|39/100 brn|[from] brn
|upkeep
|turn|92
|
|move|p2a: Doggo|Crunch|p1a: Toxapex
|-crit|p1a: Toxapex
|-damage|p1a: Toxapex|8/100 brn
|move|p1a: Toxapex|Recover|p1a: Toxapex
|-heal|p1a: Toxapex|58/100 brn
|
|-damage|p1a: Toxapex|51/100 brn|[from] brn
|upkeep
|turn|93
|
|move|p2a: Doggo|Crunch|p1a: Toxapex
|-damage|p1a: Toxapex|31/100 brn
|move|p1a: Toxapex|Recover|p1a: Toxapex
|-heal|p1a: Toxapex|81/100 brn
|
|-damage|p1a: Toxapex|75/100 brn|[from] brn
|upkeep
|turn|94
|
|switch|p2a: Final form dobby|Grimmsnarl, M, shiny|100/100
|move|p1a: Toxapex|Recover|p1a: Toxapex
|-heal|p1a: Toxapex|100/100 brn
|
|-damage|p1a: Toxapex|94/100 brn|[from] brn
|upkeep
|turn|95
|
|move|p2a: Final form dobby|Taunt|p1a: Toxapex
|-start|p1a: Toxapex|move: Taunt
|move|p1a: Toxapex|Scald|p2a: Final form dobby
|-damage|p2a: Final form dobby|89/100
|
|-heal|p2a: Final form dobby|95/100|[from] item: Leftovers
|-damage|p1a: Toxapex|88/100 brn|[from] brn
|upkeep
|turn|96
|
|move|p2a: Final form dobby|Light Screen|p2a: Final form dobby
|-sidestart|p2: allensantoso24|move: Light Screen
|move|p1a: Toxapex|Scald|p2a: Final form dobby
|-damage|p2a: Final form dobby|89/100
|
|-heal|p2a: Final form dobby|95/100|[from] item: Leftovers
|-damage|p1a: Toxapex|82/100 brn|[from] brn
|upkeep
|turn|97
|
|switch|p2a: Doggo|Zacian-Crowned|49/100
|-ability|p2a: Doggo|Intrepid Sword|boost
|-boost|p2a: Doggo|atk|1
|move|p1a: Toxapex|Scald|p2a: Doggo
|-damage|p2a: Doggo|41/100
|
|-damage|p1a: Toxapex|75/100 brn|[from] brn
|-end|p1a: Toxapex|move: Taunt
|upkeep
|turn|98
|
|move|p2a: Doggo|Crunch|p1a: Toxapex
|-damage|p1a: Toxapex|44/100 brn
|move|p1a: Toxapex|Scald|p2a: Doggo
|-damage|p2a: Doggo|33/100
|-status|p2a: Doggo|brn
|
|-damage|p2a: Doggo|27/100 brn|[from] brn
|-damage|p1a: Toxapex|38/100 brn|[from] brn
|upkeep
|turn|99
|
|move|p2a: Doggo|Crunch|p1a: Toxapex
|-damage|p1a: Toxapex|22/100 brn
|move|p1a: Toxapex|Recover|p1a: Toxapex
|-heal|p1a: Toxapex|72/100 brn
|
|-damage|p2a: Doggo|21/100 brn|[from] brn
|-damage|p1a: Toxapex|65/100 brn|[from] brn
|upkeep
|turn|100
|
|move|p2a: Doggo|Crunch|p1a: Toxapex
|-damage|p1a: Toxapex|50/100 brn
|move|p1a: Toxapex|Recover|p1a: Toxapex
|-heal|p1a: Toxapex|99/100 brn
|
|-damage|p2a: Doggo|15/100 brn|[from] brn
|-damage|p1a: Toxapex|94/100 brn|[from] brn
|-sideend|p2: allensantoso24|move: Light Screen
|upkeep
|turn|101
|
|switch|p1a: Tyranitar|Tyranitar, M|59/100 slp
|-damage|p1a: Tyranitar|34/100 slp|[from] Spikes
|-weather|Sandstorm|[from] ability: Sand Stream|[of] p1a: Tyranitar
|move|p2a: Doggo|Crunch|p1a: Tyranitar
|-resisted|p1a: Tyranitar
|-damage|p1a: Tyranitar|24/100 slp
|
|-weather|Sandstorm|[upkeep]
|-damage|p2a: Doggo|9/100 brn|[from] brn
|upkeep
|turn|102
|
|switch|p1a: Toxapex|Toxapex, M|100/100 brn
|-damage|p1a: Toxapex|75/100 brn|[from] Spikes
|move|p2a: Doggo|Behemoth Blade|p1a: Toxapex
|-resisted|p1a: Toxapex
|-damage|p1a: Toxapex|61/100 brn
|
|-weather|Sandstorm|[upkeep]
|-damage|p1a: Toxapex|55/100 brn|[from] Sandstorm
|-damage|p2a: Doggo|3/100 brn|[from] brn
|-damage|p1a: Toxapex|49/100 brn|[from] brn
|upkeep
|turn|103
|
|move|p2a: Doggo|Behemoth Blade|p1a: Toxapex
|-resisted|p1a: Toxapex
|-damage|p1a: Toxapex|33/100 brn
|move|p1a: Toxapex|Recover|p1a: Toxapex
|-heal|p1a: Toxapex|83/100 brn
|
|-weather|Sandstorm|[upkeep]
|-damage|p1a: Toxapex|77/100 brn|[from] Sandstorm
|-damage|p2a: Doggo|0 fnt|[from] brn
|faint|p2a: Doggo
|-damage|p1a: Toxapex|71/100 brn|[from] brn
|upkeep
|
|switch|p2a: Final form dobby|Grimmsnarl, M, shiny|95/100
|turn|104
|
|switch|p1a: Tyranitar|Tyranitar, M|24/100 slp
|-damage|p1a: Tyranitar|0 fnt|[from] Spikes
|faint|p1a: Tyranitar
|move|p2a: Final form dobby|Taunt|p1: Tyranitar|[notarget]
|-fail|p2a: Final form dobby
|
|-weather|Sandstorm|[upkeep]
|-damage|p2a: Final form dobby|89/100|[from] Sandstorm
|-heal|p2a: Final form dobby|95/100|[from] item: Leftovers
|upkeep
|
|switch|p1a: Toxapex|Toxapex, M|100/100 brn
|-damage|p1a: Toxapex|75/100 brn|[from] Spikes
|turn|105
|
|move|p2a: Final form dobby|Taunt|p1a: Toxapex
|-start|p1a: Toxapex|move: Taunt
|move|p1a: Toxapex|Scald|p2a: Final form dobby
|-damage|p2a: Final form dobby|82/100
|-status|p2a: Final form dobby|brn
|
|-weather|none
|-heal|p2a: Final form dobby|89/100 brn|[from] item: Leftovers
|-damage|p2a: Final form dobby|82/100 brn|[from] brn
|-damage|p1a: Toxapex|69/100 brn|[from] brn
|upkeep
|turn|106
|
|move|p2a: Final form dobby|Light Screen|p2a: Final form dobby
|-sidestart|p2: allensantoso24|move: Light Screen
|move|p1a: Toxapex|Scald|p2a: Final form dobby
|-damage|p2a: Final form dobby|76/100 brn
|
|-heal|p2a: Final form dobby|82/100 brn|[from] item: Leftovers
|-damage|p2a: Final form dobby|76/100 brn|[from] brn
|-damage|p1a: Toxapex|63/100 brn|[from] brn
|upkeep
|turn|107
|
|move|p2a: Final form dobby|Foul Play|p1a: Toxapex
|-damage|p1a: Toxapex|56/100 brn
|move|p1a: Toxapex|Scald|p2a: Final form dobby
|-damage|p2a: Final form dobby|70/100 brn
|
|-heal|p2a: Final form dobby|76/100 brn|[from] item: Leftovers
|-damage|p2a: Final form dobby|70/100 brn|[from] brn
|-damage|p1a: Toxapex|50/100 brn|[from] brn
|-end|p1a: Toxapex|move: Taunt
|upkeep
|turn|108
|n| youccc|cxkjntm
|
|move|p2a: Final form dobby|Foul Play|p1a: Toxapex
|-damage|p1a: Toxapex|44/100 brn
|move|p1a: Toxapex|Recover|p1a: Toxapex
|-heal|p1a: Toxapex|94/100 brn
|
|-heal|p2a: Final form dobby|76/100 brn|[from] item: Leftovers
|-damage|p2a: Final form dobby|70/100 brn|[from] brn
|-damage|p1a: Toxapex|88/100 brn|[from] brn
|upkeep
|turn|109
|
|move|p2a: Final form dobby|Taunt|p1a: Toxapex
|-start|p1a: Toxapex|move: Taunt
|cant|p1a: Toxapex|move: Taunt|Recover
|
|-heal|p2a: Final form dobby|76/100 brn|[from] item: Leftovers
|-damage|p2a: Final form dobby|70/100 brn|[from] brn
|-damage|p1a: Toxapex|82/100 brn|[from] brn
|upkeep
|turn|110
|
|move|p2a: Final form dobby|Foul Play|p1a: Toxapex
|-damage|p1a: Toxapex|76/100 brn
|move|p1a: Toxapex|Scald|p2a: Final form dobby
|-damage|p2a: Final form dobby|65/100 brn
|
|-heal|p2a: Final form dobby|71/100 brn|[from] item: Leftovers
|-damage|p2a: Final form dobby|65/100 brn|[from] brn
|-damage|p1a: Toxapex|70/100 brn|[from] brn
|-sideend|p2: allensantoso24|move: Light Screen
|upkeep
|turn|111
|
|move|p2a: Final form dobby|Foul Play|p1a: Toxapex
|-damage|p1a: Toxapex|64/100 brn
|move|p1a: Toxapex|Knock Off|p2a: Final form dobby
|-resisted|p2a: Final form dobby
|-damage|p2a: Final form dobby|63/100 brn
|-enditem|p2a: Final form dobby|Leftovers|[from] move: Knock Off|[of] p1a: Toxapex
|
|-damage|p2a: Final form dobby|57/100 brn|[from] brn
|-damage|p1a: Toxapex|57/100 brn|[from] brn
|-end|p1a: Toxapex|move: Taunt
|upkeep
|turn|112
|
|move|p2a: Final form dobby|Taunt|p1a: Toxapex
|-start|p1a: Toxapex|move: Taunt
|cant|p1a: Toxapex|move: Taunt|Recover
|
|-damage|p2a: Final form dobby|50/100 brn|[from] brn
|-damage|p1a: Toxapex|51/100 brn|[from] brn
|upkeep
|turn|113
|
|move|p2a: Final form dobby|Foul Play|p1a: Toxapex
|-damage|p1a: Toxapex|45/100 brn
|move|p1a: Toxapex|Knock Off|p2a: Final form dobby
|-resisted|p2a: Final form dobby
|-damage|p2a: Final form dobby|49/100 brn
|
|-damage|p2a: Final form dobby|43/100 brn|[from] brn
|-damage|p1a: Toxapex|39/100 brn|[from] brn
|upkeep
|turn|114
|
|move|p2a: Final form dobby|Foul Play|p1a: Toxapex
|-damage|p1a: Toxapex|32/100 brn
|move|p1a: Toxapex|Scald|p2a: Final form dobby
|-damage|p2a: Final form dobby|31/100 brn
|
|-damage|p2a: Final form dobby|25/100 brn|[from] brn
|-damage|p1a: Toxapex|26/100 brn|[from] brn
|-end|p1a: Toxapex|move: Taunt
|upkeep
|turn|115
|
|move|p2a: Final form dobby|Taunt|p1a: Toxapex
|-start|p1a: Toxapex|move: Taunt
|move|p1a: Toxapex|Scald|p2a: Final form dobby
|-crit|p2a: Final form dobby
|-damage|p2a: Final form dobby|8/100 brn
|
|-damage|p2a: Final form dobby|2/100 brn|[from] brn
|-damage|p1a: Toxapex|20/100 brn|[from] brn
|upkeep
|turn|116
|l| youccc
|
|move|p2a: Final form dobby|Foul Play|p1a: Toxapex
|-damage|p1a: Toxapex|13/100 brn
|move|p1a: Toxapex|Knock Off|p2a: Final form dobby
|-resisted|p2a: Final form dobby
|-damage|p2a: Final form dobby|0 fnt
|faint|p2a: Final form dobby
|
|-damage|p1a: Toxapex|6/100 brn|[from] brn
|upkeep
|
|switch|p2a: Derp|Quagsire, M|11/100 tox
|turn|117
|
|move|p1a: Toxapex|Scald|p2a: Derp
|-crit|p2a: Derp
|-damage|p2a: Derp|0 fnt
|faint|p2a: Derp
|
|win|Chunkomucho
|raw|Chunkomucho's rating: 1483 &rarr; <strong>1498</strong><br />(+15 for winning)
|raw|allensantoso24's rating: 1393 &rarr; <strong>1378</strong><br />(-15 for losing)
|c|☆Chunkomucho|gg
|c|☆allensantoso24|Damn
|c|☆allensantoso24|Gg
|c|☆Chunkomucho|Yeah
|c|☆allensantoso24|Crazy battle
|c|☆Chunkomucho|Indeed
|c|☆allensantoso24|Wp
|l|☆allensantoso24
