|j|☆Repecc
|j|☆FearNeverDies
|player|p1|Repecc|265|1499
|player|p2|FearNeverDies|dawn|1454
|teamsize|p1|6
|teamsize|p2|6
|gametype|singles
|gen|8
|tier|[Gen 8] Ubers
|rated|
|clearpoke
|poke|p1|Lunala|
|poke|p1|Necrozma-Dusk-Mane|
|poke|p1|Excadrill, F|
|poke|p1|Quagsire, M|
|poke|p1|Marshadow|
|poke|p1|Zacian-Crowned|
|poke|p2|Tyranitar, F|
|poke|p2|Hippowdon, M|
|poke|p2|Reshiram|
|poke|p2|Lunala|
|poke|p2|Marshadow|
|poke|p2|Zacian-Crowned|
|rule|Sleep Clause Mod: Limit one foe put to sleep
|rule|Species Clause: Limit one of each Pokémon
|rule|OHKO Clause: OHKO moves are banned
|rule|Evasion Moves Clause: Evasion moves are banned
|rule|Endless Battle Clause: Forcing endless battles is banned
|rule|HP Percentage Mod: HP is shown in percentages
|html|Ubers Dynamax Clause: Pokémon on the <a href="https://www.smogon.com/dex/ss/formats/uber/">Ubers Dynamax Banlist</a> cannot Dynamax.
|teampreview
|inactive|Battle timer is ON: inactive players will automatically lose when time's up. (requested by Repecc)
|
|start
|switch|p1a: Excadrill|Excadrill, F|100/100
|switch|p2a: Reshiram|Reshiram|100/100
|-ability|p2a: Reshiram|Turboblaze
|-ability|p1a: Excadrill|Mold Breaker
|turn|1
|
|switch|p2a: Hippowdon|Hippowdon, M|100/100
|-weather|Sandstorm|[from] ability: Sand Stream|[of] p2a: Hippowdon
|move|p1a: Excadrill|Rapid Spin|p2a: Hippowdon
|-damage|p2a: Hippowdon|92/100
|-boost|p1a: Excadrill|spe|1
|
|-weather|Sandstorm|[upkeep]
|-heal|p2a: Hippowdon|98/100|[from] item: Leftovers
|upkeep
|turn|2
|
|switch|p1a: Quagsire|Quagsire, M|100/100
|move|p2a: Hippowdon|Whirlwind|p1a: Quagsire
|drag|p1a: Lunala|Lunala|100/100
|
|-weather|Sandstorm|[upkeep]
|-damage|p1a: Lunala|94/100|[from] Sandstorm
|-heal|p2a: Hippowdon|100/100|[from] item: Leftovers
|upkeep
|turn|3
|
|switch|p1a: Quagsire|Quagsire, M|100/100
|switch|p2a: Tyranitar|Tyranitar, F|100/100
|
|-weather|Sandstorm|[upkeep]
|upkeep
|turn|4
|
|move|p2a: Tyranitar|Taunt|p1a: Quagsire
|-start|p1a: Quagsire|move: Taunt
|cant|p1a: Quagsire|move: Taunt|Toxic
|
|-weather|Sandstorm|[upkeep]
|upkeep
|turn|5
|inactive|FearNeverDies has 120 seconds left.
|
|switch|p2a: Reshiram|Reshiram|100/100
|-ability|p2a: Reshiram|Turboblaze
|move|p1a: Quagsire|Scald|p2a: Reshiram
|-damage|p2a: Reshiram|83/100
|
|-weather|none
|upkeep
|turn|6
|
|switch|p1a: Lunala|Lunala|94/100
|move|p2a: Reshiram|Focus Blast|p1a: Lunala
|-immune|p1a: Lunala
|
|upkeep
|turn|7
|
|switch|p2a: Tyranitar|Tyranitar, F|100/100
|-weather|Sandstorm|[from] ability: Sand Stream|[of] p2a: Tyranitar
|move|p1a: Lunala|Roost|p1a: Lunala
|-heal|p1a: Lunala|100/100
|-singleturn|p1a: Lunala|move: Roost
|
|-weather|Sandstorm|[upkeep]
|-damage|p1a: Lunala|94/100|[from] Sandstorm
|upkeep
|turn|8
|
|switch|p1a: Quagsire|Quagsire, M|100/100
|move|p2a: Tyranitar|Thunder Wave|p1a: Quagsire
|-immune|p1a: Quagsire
|
|-weather|Sandstorm|[upkeep]
|upkeep
|turn|9
|
|move|p2a: Tyranitar|Taunt|p1a: Quagsire
|-start|p1a: Quagsire|move: Taunt
|move|p1a: Quagsire|Scald|p2a: Tyranitar
|-supereffective|p2a: Tyranitar
|-damage|p2a: Tyranitar|86/100
|
|-weather|Sandstorm|[upkeep]
|-heal|p2a: Tyranitar|92/100|[from] item: Leftovers
|upkeep
|turn|10
|
|switch|p2a: Reshiram|Reshiram|83/100
|-ability|p2a: Reshiram|Turboblaze
|move|p1a: Quagsire|Scald|p2a: Reshiram
|-damage|p2a: Reshiram|68/100
|
|-weather|Sandstorm|[upkeep]
|-damage|p2a: Reshiram|61/100|[from] Sandstorm
|upkeep
|turn|11
|
|switch|p2a: Marshadow|Marshadow|100/100
|switch|p1a: Lunala|Lunala|94/100
|
|-weather|none
|upkeep
|turn|12
|
|move|p2a: Marshadow|Spectral Thief|p1a: Lunala
|-supereffective|p1a: Lunala
|-damage|p1a: Lunala|0 fnt
|faint|p1a: Lunala
|
|upkeep
|
|switch|p1a: Quagsire|Quagsire, M|100/100
|turn|13
|
|switch|p2a: Tyranitar|Tyranitar, F|92/100
|-weather|Sandstorm|[from] ability: Sand Stream|[of] p2a: Tyranitar
|move|p1a: Quagsire|Toxic|p2a: Tyranitar
|-status|p2a: Tyranitar|tox
|
|-weather|Sandstorm|[upkeep]
|-heal|p2a: Tyranitar|98/100 tox|[from] item: Leftovers
|-damage|p2a: Tyranitar|92/100 tox|[from] psn
|upkeep
|turn|14
|
|move|p2a: Tyranitar|Taunt|p1a: Quagsire
|-start|p1a: Quagsire|move: Taunt
|move|p1a: Quagsire|Scald|p2a: Tyranitar
|-supereffective|p2a: Tyranitar
|-damage|p2a: Tyranitar|75/100 tox
|
|-weather|Sandstorm|[upkeep]
|-heal|p2a: Tyranitar|81/100 tox|[from] item: Leftovers
|-damage|p2a: Tyranitar|69/100 tox|[from] psn
|upkeep
|turn|15
|
|switch|p2a: Reshiram|Reshiram|61/100
|-ability|p2a: Reshiram|Turboblaze
|move|p1a: Quagsire|Scald|p2a: Reshiram
|-damage|p2a: Reshiram|46/100
|
|-weather|Sandstorm|[upkeep]
|-damage|p2a: Reshiram|40/100|[from] Sandstorm
|upkeep
|turn|16
|
|move|p2a: Reshiram|Roost|p2a: Reshiram
|-heal|p2a: Reshiram|90/100
|-singleturn|p2a: Reshiram|move: Roost
|move|p1a: Quagsire|Scald|p2a: Reshiram
|-damage|p2a: Reshiram|72/100
|
|-weather|Sandstorm|[upkeep]
|-damage|p2a: Reshiram|66/100|[from] Sandstorm
|-end|p1a: Quagsire|move: Taunt
|upkeep
|turn|17
|
|move|p2a: Reshiram|Focus Blast|p1a: Quagsire
|-damage|p1a: Quagsire|26/100
|-damage|p2a: Reshiram|56/100|[from] item: Life Orb
|move|p1a: Quagsire|Toxic|p2a: Reshiram
|-status|p2a: Reshiram|tox
|
|-weather|none
|-heal|p1a: Quagsire|32/100|[from] item: Leftovers
|-damage|p2a: Reshiram|50/100 tox|[from] psn
|upkeep
|turn|18
|
|move|p2a: Reshiram|Draco Meteor|p1a: Quagsire
|-damage|p1a: Quagsire|0 fnt
|-unboost|p2a: Reshiram|spa|2
|-damage|p2a: Reshiram|40/100 tox|[from] item: Life Orb
|faint|p1a: Quagsire
|
|-damage|p2a: Reshiram|27/100 tox|[from] psn
|upkeep
|
|switch|p1a: Excadrill|Excadrill, F|100/100
|-ability|p1a: Excadrill|Mold Breaker
|turn|19
|
|switch|p2a: Hippowdon|Hippowdon, M|100/100
|-weather|Sandstorm|[from] ability: Sand Stream|[of] p2a: Hippowdon
|move|p1a: Excadrill|Stealth Rock|p2a: Hippowdon
|-sidestart|p2: FearNeverDies|move: Stealth Rock
|
|-weather|Sandstorm|[upkeep]
|upkeep
|turn|20
|
|move|p1a: Excadrill|Earthquake|p2a: Hippowdon
|-damage|p2a: Hippowdon|72/100
|move|p2a: Hippowdon|Stealth Rock|p1a: Excadrill
|-sidestart|p1: Repecc|move: Stealth Rock
|
|-weather|Sandstorm|[upkeep]
|-heal|p2a: Hippowdon|78/100|[from] item: Leftovers
|upkeep
|turn|21
|
|move|p1a: Excadrill|Earthquake|p2a: Hippowdon
|-damage|p2a: Hippowdon|51/100
|move|p2a: Hippowdon|Earthquake|p1a: Excadrill
|-supereffective|p1a: Excadrill
|-enditem|p1a: Excadrill|Focus Sash
|-damage|p1a: Excadrill|1/100
|
|-weather|Sandstorm|[upkeep]
|-heal|p2a: Hippowdon|58/100|[from] item: Leftovers
|upkeep
|turn|22
|
|move|p1a: Excadrill|Rapid Spin|p2a: Hippowdon
|-damage|p2a: Hippowdon|49/100
|-boost|p1a: Excadrill|spe|1
|-sideend|p1: Repecc|Stealth Rock|[from] move: Rapid Spin|[of] p1a: Excadrill
|move|p2a: Hippowdon|Slack Off|p2a: Hippowdon
|-heal|p2a: Hippowdon|99/100
|
|-weather|Sandstorm|[upkeep]
|-heal|p2a: Hippowdon|100/100|[from] item: Leftovers
|upkeep
|turn|23
|
|move|p1a: Excadrill|Earthquake|p2a: Hippowdon
|-damage|p2a: Hippowdon|73/100
|move|p2a: Hippowdon|Stealth Rock|p1a: Excadrill
|-sidestart|p1: Repecc|move: Stealth Rock
|
|-weather|none
|-heal|p2a: Hippowdon|79/100|[from] item: Leftovers
|upkeep
|turn|24
|
|move|p1a: Excadrill|Rapid Spin|p2a: Hippowdon
|-damage|p2a: Hippowdon|69/100
|-boost|p1a: Excadrill|spe|1
|-sideend|p1: Repecc|Stealth Rock|[from] move: Rapid Spin|[of] p1a: Excadrill
|move|p2a: Hippowdon|Whirlwind|p1a: Excadrill
|drag|p1a: Marshadow|Marshadow|100/100
|
|-heal|p2a: Hippowdon|75/100|[from] item: Leftovers
|upkeep
|turn|25
|
|switch|p1a: Excadrill|Excadrill, F|1/100
|-ability|p1a: Excadrill|Mold Breaker
|move|p2a: Hippowdon|Stealth Rock|p1a: Excadrill
|-sidestart|p1: Repecc|move: Stealth Rock
|
|-heal|p2a: Hippowdon|82/100|[from] item: Leftovers
|upkeep
|turn|26
|
|move|p1a: Excadrill|Rapid Spin|p2a: Hippowdon
|-damage|p2a: Hippowdon|71/100
|-boost|p1a: Excadrill|spe|1
|-sideend|p1: Repecc|Stealth Rock|[from] move: Rapid Spin|[of] p1a: Excadrill
|move|p2a: Hippowdon|Earthquake|p1a: Excadrill
|-supereffective|p1a: Excadrill
|-damage|p1a: Excadrill|0 fnt
|faint|p1a: Excadrill
|
|-heal|p2a: Hippowdon|78/100|[from] item: Leftovers
|upkeep
|
|switch|p1a: Necrozma|Necrozma-Dusk-Mane|100/100
|turn|27
|
|move|p1a: Necrozma|Autotomize|p1a: Necrozma
|-boost|p1a: Necrozma|spe|2
|-start|p1a: Necrozma|Autotomize
|move|p2a: Hippowdon|Slack Off|p2a: Hippowdon
|-heal|p2a: Hippowdon|100/100
|
|upkeep
|turn|28
|
|move|p1a: Necrozma|Sunsteel Strike|p2a: Hippowdon
|-damage|p2a: Hippowdon|68/100
|move|p2a: Hippowdon|Stealth Rock|p1a: Necrozma
|-sidestart|p1: Repecc|move: Stealth Rock
|
|-heal|p2a: Hippowdon|74/100|[from] item: Leftovers
|upkeep
|turn|29
|
|move|p1a: Necrozma|Earthquake|p2a: Hippowdon
|-damage|p2a: Hippowdon|51/100
|move|p2a: Hippowdon|Slack Off|p2a: Hippowdon
|-heal|p2a: Hippowdon|100/100
|
|upkeep
|turn|30
|
|move|p1a: Necrozma|Photon Geyser|p2a: Hippowdon
|-damage|p2a: Hippowdon|63/100
|move|p2a: Hippowdon|Earthquake|p1a: Necrozma
|-supereffective|p1a: Necrozma
|-damage|p1a: Necrozma|58/100
|-enditem|p1a: Necrozma|Weakness Policy
|-boost|p1a: Necrozma|atk|2|[from] item: Weakness Policy
|-boost|p1a: Necrozma|spa|2|[from] item: Weakness Policy
|
|-heal|p2a: Hippowdon|69/100|[from] item: Leftovers
|upkeep
|turn|31
|
|move|p1a: Necrozma|Photon Geyser|p2a: Hippowdon
|-damage|p2a: Hippowdon|6/100
|move|p2a: Hippowdon|Whirlwind|p1a: Necrozma
|drag|p1a: Zacian|Zacian-Crowned|100/100
|-damage|p1a: Zacian|94/100|[from] Stealth Rock
|-ability|p1a: Zacian|Intrepid Sword|boost
|-boost|p1a: Zacian|atk|1
|
|-heal|p2a: Hippowdon|12/100|[from] item: Leftovers
|upkeep
|turn|32
|
|move|p1a: Zacian|Behemoth Blade|p2a: Hippowdon
|-damage|p2a: Hippowdon|0 fnt
|faint|p2a: Hippowdon
|
|upkeep
|
|switch|p2a: Lunala|Lunala|100/100
|turn|33
|
|switch|p1a: Necrozma|Necrozma-Dusk-Mane|58/100
|-damage|p1a: Necrozma|51/100|[from] Stealth Rock
|move|p2a: Lunala|Will-O-Wisp|p1a: Necrozma
|-status|p1a: Necrozma|brn
|
|-damage|p1a: Necrozma|45/100 brn|[from] brn
|upkeep
|turn|34
|
|move|p2a: Lunala|Hex|p1a: Necrozma
|-supereffective|p1a: Necrozma
|-damage|p1a: Necrozma|0 fnt
|faint|p1a: Necrozma
|
|upkeep
|
|switch|p1a: Marshadow|Marshadow|100/100
|-damage|p1a: Marshadow|94/100|[from] Stealth Rock
|turn|35
|
|move|p1a: Marshadow|Spectral Thief|p2a: Lunala
|-supereffective|p2a: Lunala
|-damage|p2a: Lunala|28/100
|move|p2a: Lunala|Will-O-Wisp|p1a: Marshadow
|-status|p1a: Marshadow|brn
|
|-damage|p1a: Marshadow|88/100 brn|[from] brn
|upkeep
|turn|36
|
|switch|p2a: Reshiram|Reshiram|27/100 tox
|-damage|p2a: Reshiram|3/100 tox|[from] Stealth Rock
|-ability|p2a: Reshiram|Turboblaze
|move|p1a: Marshadow|Spectral Thief|p2a: Reshiram
|-damage|p2a: Reshiram|0 fnt
|faint|p2a: Reshiram
|
|-damage|p1a: Marshadow|82/100 brn|[from] brn
|upkeep
|
|switch|p2a: Marshadow|Marshadow|100/100
|-damage|p2a: Marshadow|94/100|[from] Stealth Rock
|turn|37
|
|move|p1a: Marshadow|Shadow Sneak|p2a: Marshadow
|-supereffective|p2a: Marshadow
|-damage|p2a: Marshadow|56/100
|move|p2a: Marshadow|Spectral Thief|p1a: Marshadow
|-supereffective|p1a: Marshadow
|-damage|p1a: Marshadow|0 fnt
|faint|p1a: Marshadow
|
|upkeep
|
|switch|p1a: Zacian|Zacian-Crowned|94/100
|-damage|p1a: Zacian|88/100|[from] Stealth Rock
|-ability|p1a: Zacian|Intrepid Sword|boost
|-boost|p1a: Zacian|atk|1
|turn|38
|
|move|p1a: Zacian|Play Rough|p2a: Marshadow
|-supereffective|p2a: Marshadow
|-damage|p2a: Marshadow|0 fnt
|faint|p2a: Marshadow
|
|upkeep
|
|switch|p2a: Lunala|Lunala|28/100
|turn|39
|
|move|p1a: Zacian|Behemoth Blade|p2a: Lunala
|-damage|p2a: Lunala|0 fnt
|faint|p2a: Lunala
|
|upkeep
|
|switch|p2a: Tyranitar|Tyranitar, F|69/100 tox
|-damage|p2a: Tyranitar|56/100 tox|[from] Stealth Rock
|-weather|Sandstorm|[from] ability: Sand Stream|[of] p2a: Tyranitar
|turn|40
|
|-start|p2a: Tyranitar|Dynamax
|-heal|p2a: Tyranitar|56/100 tox|[silent]
|move|p1a: Zacian|Behemoth Blade|p2a: Tyranitar
|-supereffective|p2a: Tyranitar
|-damage|p2a: Tyranitar|0 fnt
|faint|p2a: Tyranitar
|
|-weather|Sandstorm|[upkeep]
|upkeep
|
|switch|p2a: Zacian|Zacian-Crowned|100/100
|-damage|p2a: Zacian|94/100|[from] Stealth Rock
|-ability|p2a: Zacian|Intrepid Sword|boost
|-boost|p2a: Zacian|atk|1
|turn|41
|
|move|p2a: Zacian|Close Combat|p1a: Zacian
|-damage|p1a: Zacian|11/100
|-unboost|p2a: Zacian|def|1
|-unboost|p2a: Zacian|spd|1
|move|p1a: Zacian|Behemoth Blade|p2a: Zacian
|-damage|p2a: Zacian|0 fnt
|faint|p2a: Zacian
|
|win|Repecc
|l|☆FearNeverDies
