|j|☆L0uis1X
|j|☆Therealgrimdog
|t:|1626534073
|gametype|singles
|player|p1|L0uis1X|cyrus|1344
|player|p2|Therealgrimdog|skyla|1204
|teamsize|p1|6
|teamsize|p2|6
|gen|8
|tier|[Gen 8] Ubers
|rated|
|rule|Sleep Clause Mod: Limit one foe put to sleep
|rule|Species Clause: Limit one of each Pokémon
|rule|OHKO Clause: OHKO moves are banned
|rule|Evasion Moves Clause: Evasion moves are banned
|rule|Endless Battle Clause: Forcing endless battles is banned
|rule|HP Percentage Mod: HP is shown in percentages
|rule|Dynamax Clause: You cannot dynamax
|clearpoke
|poke|p1|Yveltal|
|poke|p1|Calyrex-Shadow|
|poke|p1|Ho-Oh|
|poke|p1|Eternatus|
|poke|p1|Xerneas-*|
|poke|p1|Ferrothorn, M|
|poke|p2|Marshadow|
|poke|p2|Eternatus|
|poke|p2|Xerneas-*|
|poke|p2|Genesect-Chill|
|poke|p2|Landorus-Therian, M|
|poke|p2|Kyogre|
|teampreview
|
|t:|1626534079
|start
|switch|p1a: Calyrex|Calyrex-Shadow|100/100
|switch|p2a: Landorus|Landorus-Therian, M|100/100
|-ability|p1a: Calyrex|As One
|-ability|p1a: Calyrex|Unnerve
|-ability|p2a: Landorus|Intimidate|boost
|-unboost|p1a: Calyrex|atk|1
|turn|1
|
|t:|1626534088
|move|p2a: Landorus|Knock Off|p1a: Calyrex
|-supereffective|p1a: Calyrex
|-enditem|p1a: Calyrex|Focus Sash
|-damage|p1a: Calyrex|1/100
|move|p1a: Calyrex|Astral Barrage|p2a: Landorus
|-damage|p2a: Landorus|7/100
|
|upkeep
|turn|2
|
|t:|1626534116
|switch|p1a: Xerneas|Xerneas|100/100
|-ability|p1a: Xerneas|Fairy Aura
|move|p2a: Landorus|Knock Off|p1a: Xerneas
|-resisted|p1a: Xerneas
|-damage|p1a: Xerneas|91/100
|-enditem|p1a: Xerneas|Leftovers|[from] move: Knock Off|[of] p2a: Landorus
|
|upkeep
|turn|3
|
|t:|1626534134
|switch|p2a: Eternatus|Eternatus|100/100
|-ability|p2a: Eternatus|Pressure
|move|p1a: Xerneas|Block|p2a: Eternatus
|-activate|p2a: Eternatus|trapped
|
|upkeep
|turn|4
|
|t:|1626534154
|switch|p1a: Ferrothorn|Ferrothorn, M|100/100
|move|p2a: Eternatus|Sludge Wave|p1a: Ferrothorn
|-immune|p1a: Ferrothorn
|
|upkeep
|turn|5
|
|t:|1626534162
|move|p1a: Ferrothorn|Protect|p1a: Ferrothorn
|-singleturn|p1a: Ferrothorn|Protect
|move|p2a: Eternatus|Toxic Spikes|p1a: Ferrothorn
|-sidestart|p1: L0uis1X|move: Toxic Spikes
|
|upkeep
|turn|6
|
|t:|1626534166
|move|p2a: Eternatus|Toxic Spikes|p1a: Ferrothorn
|-sidestart|p1: L0uis1X|move: Toxic Spikes
|move|p1a: Ferrothorn|Stealth Rock|p2a: Eternatus
|-sidestart|p2: Therealgrimdog|move: Stealth Rock
|
|upkeep
|turn|7
|
|t:|1626534172
|move|p1a: Ferrothorn|Protect|p1a: Ferrothorn
|-singleturn|p1a: Ferrothorn|Protect
|move|p2a: Eternatus|Dynamax Cannon|p1a: Ferrothorn
|-activate|p1a: Ferrothorn|move: Protect
|
|upkeep
|turn|8
|
|t:|1626534195
|switch|p1a: Ho-Oh|Ho-Oh|100/100
|move|p2a: Eternatus|Dynamax Cannon|p1a: Ho-Oh
|-damage|p1a: Ho-Oh|73/100
|
|-heal|p1a: Ho-Oh|79/100|[from] item: Leftovers
|upkeep
|turn|9
|
|t:|1626534204
|move|p2a: Eternatus|Sludge Wave|p1a: Ho-Oh
|-damage|p1a: Ho-Oh|52/100
|move|p1a: Ho-Oh|Substitute|p1a: Ho-Oh
|-start|p1a: Ho-Oh|Substitute
|-damage|p1a: Ho-Oh|27/100
|
|-heal|p1a: Ho-Oh|34/100|[from] item: Leftovers
|upkeep
|turn|10
|
|t:|1626534211
|move|p2a: Eternatus|Sludge Wave|p1a: Ho-Oh
|-end|p1a: Ho-Oh|Substitute
|move|p1a: Ho-Oh|Roost|p1a: Ho-Oh
|-heal|p1a: Ho-Oh|84/100
|-singleturn|p1a: Ho-Oh|move: Roost
|
|-heal|p1a: Ho-Oh|90/100|[from] item: Leftovers
|upkeep
|turn|11
|
|t:|1626534223
|switch|p2a: Kyogre|Kyogre|100/100
|-damage|p2a: Kyogre|88/100|[from] Stealth Rock
|-weather|RainDance|[from] ability: Drizzle|[of] p2a: Kyogre
|move|p1a: Ho-Oh|Substitute|p1a: Ho-Oh
|-start|p1a: Ho-Oh|Substitute
|-damage|p1a: Ho-Oh|65/100
|
|-weather|RainDance|[upkeep]
|-heal|p1a: Ho-Oh|71/100|[from] item: Leftovers
|upkeep
|turn|12
|
|t:|1626534232
|move|p2a: Kyogre|Thunder|p1a: Ho-Oh
|-supereffective|p1a: Ho-Oh
|-end|p1a: Ho-Oh|Substitute
|move|p1a: Ho-Oh|Brave Bird|p2a: Kyogre
|-damage|p2a: Kyogre|34/100
|-damage|p1a: Ho-Oh|56/100|[from] Recoil
|
|-weather|RainDance|[upkeep]
|-heal|p1a: Ho-Oh|62/100|[from] item: Leftovers
|upkeep
|turn|13
|
|t:|1626534242
|switch|p1a: Ferrothorn|Ferrothorn, M|100/100
|move|p2a: Kyogre|Thunder|p1a: Ferrothorn
|-resisted|p1a: Ferrothorn
|-damage|p1a: Ferrothorn|82/100
|-status|p1a: Ferrothorn|par
|
|-weather|RainDance|[upkeep]
|-heal|p1a: Ferrothorn|88/100 par|[from] item: Leftovers
|upkeep
|turn|14
|
|t:|1626534255
|switch|p2a: Marshadow|Marshadow|100/100
|-damage|p2a: Marshadow|94/100|[from] Stealth Rock
|move|p1a: Ferrothorn|Leech Seed|p2a: Marshadow
|-start|p2a: Marshadow|move: Leech Seed
|
|-weather|RainDance|[upkeep]
|-heal|p1a: Ferrothorn|94/100 par|[from] item: Leftovers
|-damage|p2a: Marshadow|82/100|[from] Leech Seed|[of] p1a: Ferrothorn
|-heal|p1a: Ferrothorn|100/100 par|[silent]
|upkeep
|turn|15
|
|t:|1626534266
|switch|p1a: Ho-Oh|Ho-Oh|96/100
|move|p2a: Marshadow|Close Combat|p1a: Ho-Oh
|-resisted|p1a: Ho-Oh
|-damage|p1a: Ho-Oh|72/100
|-unboost|p2a: Marshadow|def|1
|-unboost|p2a: Marshadow|spd|1
|-damage|p2a: Marshadow|72/100|[from] item: Life Orb
|
|-weather|none
|-heal|p1a: Ho-Oh|78/100|[from] item: Leftovers
|-damage|p2a: Marshadow|59/100|[from] Leech Seed|[of] p1a: Ho-Oh
|-heal|p1a: Ho-Oh|88/100|[silent]
|upkeep
|turn|16
|
|t:|1626534277
|move|p2a: Marshadow|Stone Edge|p1a: Ho-Oh
|-supereffective|p1a: Ho-Oh
|-damage|p1a: Ho-Oh|0 fnt
|faint|p1a: Ho-Oh
|-damage|p2a: Marshadow|49/100|[from] item: Life Orb
|
|upkeep
|
|t:|1626534284
|switch|p1a: Yveltal|Yveltal|100/100
|-ability|p1a: Yveltal|Dark Aura
|turn|17
|
|t:|1626534294
|move|p2a: Marshadow|Stone Edge|p1a: Yveltal
|-supereffective|p1a: Yveltal
|-damage|p1a: Yveltal|33/100
|-damage|p2a: Marshadow|39/100|[from] item: Life Orb
|move|p1a: Yveltal|Defog|p2a: Marshadow
|-unboost|p2a: Marshadow|evasion|1
|-sideend|p2: Therealgrimdog|Stealth Rock|[from] move: Defog|[of] p1a: Yveltal
|-sideend|p1: L0uis1X|Toxic Spikes|[from] move: Defog|[of] p1a: Yveltal
|
|-damage|p2a: Marshadow|27/100|[from] Leech Seed|[of] p1a: Yveltal
|-heal|p1a: Yveltal|42/100|[silent]
|upkeep
|turn|18
|
|t:|1626534312
|move|p2a: Marshadow|Stone Edge|p1a: Yveltal|[miss]
|-miss|p2a: Marshadow|p1a: Yveltal
|move|p1a: Yveltal|Roost|p1a: Yveltal
|-heal|p1a: Yveltal|92/100
|-singleturn|p1a: Yveltal|move: Roost
|
|-damage|p2a: Marshadow|15/100|[from] Leech Seed|[of] p1a: Yveltal
|-heal|p1a: Yveltal|100/100|[silent]
|upkeep
|turn|19
|
|t:|1626534320
|switch|p2a: Xerneas|Xerneas, shiny|100/100
|-ability|p2a: Xerneas|Fairy Aura
|switch|p1a: Eternatus|Eternatus|100/100
|-ability|p1a: Eternatus|Pressure
|
|upkeep
|turn|20
|
|t:|1626534349
|switch|p2a: Marshadow|Marshadow|15/100
|move|p1a: Eternatus|Sludge Wave|p2a: Marshadow
|-resisted|p2a: Marshadow
|-damage|p2a: Marshadow|0 fnt
|faint|p2a: Marshadow
|
|upkeep
|
|t:|1626534362
|switch|p2a: Genesect|Genesect-Chill, shiny|100/100
|-ability|p2a: Genesect|Download|boost
|-boost|p2a: Genesect|spa|1
|turn|21
|
|t:|1626534367
|move|p1a: Eternatus|Reflect|p1a: Eternatus
|-sidestart|p1: L0uis1X|Reflect
|move|p2a: Genesect|Techno Blast|p1a: Eternatus
|-supereffective|p1a: Eternatus
|-damage|p1a: Eternatus|0 fnt
|faint|p1a: Eternatus
|
|upkeep
|
|t:|1626534389
|switch|p1a: Xerneas|Xerneas|91/100
|-ability|p1a: Xerneas|Fairy Aura
|turn|22
|
|t:|1626534436
|move|p2a: Genesect|Techno Blast|p1a: Xerneas
|-damage|p1a: Xerneas|45/100
|move|p1a: Xerneas|Geomancy||[still]
|-prepare|p1a: Xerneas|Geomancy
|
|upkeep
|turn|23
|
|t:|1626534442
|move|p2a: Genesect|Techno Blast|p1a: Xerneas
|-damage|p1a: Xerneas|0 fnt
|faint|p1a: Xerneas
|
|upkeep
|
|t:|1626534460
|switch|p1a: Ferrothorn|Ferrothorn, M|100/100 par
|turn|24
|
|t:|1626534465
|move|p2a: Genesect|Flamethrower|p1a: Ferrothorn
|-supereffective|p1a: Ferrothorn
|-damage|p1a: Ferrothorn|0 fnt
|faint|p1a: Ferrothorn
|
|upkeep
|
|t:|1626534471
|switch|p1a: Calyrex|Calyrex-Shadow|1/100
|-ability|p1a: Calyrex|As One
|-ability|p1a: Calyrex|Unnerve
|turn|25
|
|t:|1626534476
|move|p1a: Calyrex|Astral Barrage|p2a: Genesect
|-damage|p2a: Genesect|14/100
|move|p2a: Genesect|Techno Blast|p1a: Calyrex
|-damage|p1a: Calyrex|0 fnt
|faint|p1a: Calyrex
|
|-sideend|p1: L0uis1X|Reflect
|upkeep
|-message|L0uis1X forfeited.
|l|☆L0uis1X
|player|p1|
|
|win|Therealgrimdog
|raw|L0uis1X's rating: 1343 &rarr; <strong>1315</strong><br />(-28 for losing)
|raw|Therealgrimdog's rating: 1204 &rarr; <strong>1239</strong><br />(+35 for winning)
