|j|☆I Crit My Panties
|j|☆emiyo
|t:|1651203489
|gametype|singles
|player|p1|I Crit My Panties|1|1427
|player|p2|emiyo|170|1444
|teamsize|p1|6
|teamsize|p2|6
|gen|8
|tier|[Gen 8] Ubers
|rated|
|rule|Sleep Clause Mod: Limit one foe put to sleep
|rule|Species Clause: Limit one of each Pokémon
|rule|OHKO Clause: OHKO moves are banned
|rule|Evasion Moves Clause: Evasion moves are banned
|rule|Endless Battle Clause: Forcing endless battles is banned
|rule|HP Percentage Mod: HP is shown in percentages
|rule|Dynamax Clause: You cannot dynamax
|clearpoke
|poke|p1|Hatterene, F|
|poke|p1|Porygon2|
|poke|p1|Magearna|
|poke|p1|Dracovish|
|poke|p1|Calyrex-Ice|
|poke|p1|Necrozma-Dusk-Mane|
|poke|p2|Xerneas-*|
|poke|p2|Klefki, F|
|poke|p2|Groudon|
|poke|p2|Calyrex-Shadow|
|poke|p2|Necrozma-Dusk-Mane|
|poke|p2|Yveltal|
|teampreview
|inactive|Battle timer is ON: inactive players will automatically lose when time's up. (requested by emiyo)
|
|t:|1651203517
|start
|switch|p1a: Dracovish|Dracovish|100/100
|switch|p2a: Necrozma|Necrozma-Dusk-Mane|100/100
|turn|1
|
|t:|1651203533
|switch|p2a: Groudon|Groudon|100/100
|-weather|SunnyDay|[from] ability: Drought|[of] p2a: Groudon
|move|p1a: Dracovish|Fishious Rend|p2a: Groudon
|-supereffective|p2a: Groudon
|-damage|p2a: Groudon|0 fnt
|faint|p2a: Groudon
|
|-weather|SunnyDay|[upkeep]
|upkeep
|
|t:|1651203548
|switch|p2a: Yveltal|Yveltal|100/100
|-ability|p2a: Yveltal|Dark Aura
|turn|2
|inactive|emiyo has 120 seconds left.
|
|t:|1651203565
|switch|p1a: Magearna|Magearna|100/100
|move|p2a: Yveltal|Knock Off|p1a: Magearna
|-resisted|p1a: Magearna
|-damage|p1a: Magearna|72/100
|-enditem|p1a: Magearna|Leftovers|[from] move: Knock Off|[of] p2a: Yveltal
|
|-weather|SunnyDay|[upkeep]
|upkeep
|turn|3
|
|t:|1651203574
|move|p2a: Yveltal|Taunt|p1a: Magearna
|-start|p1a: Magearna|move: Taunt
|move|p1a: Magearna|Volt Switch|p2a: Yveltal
|-supereffective|p2a: Yveltal
|-damage|p2a: Yveltal|70/100
|
|t:|1651203579
|switch|p1a: Hatterene|Hatterene, F|100/100|[from]move: Volt Switch
|
|-weather|SunnyDay|[upkeep]
|upkeep
|turn|4
|
|t:|1651203587
|switch|p1a: Magearna|Magearna|72/100
|move|p2a: Yveltal|Knock Off|p1a: Magearna
|-resisted|p1a: Magearna
|-damage|p1a: Magearna|49/100
|
|-weather|SunnyDay|[upkeep]
|upkeep
|turn|5
|
|t:|1651203600
|move|p2a: Yveltal|Roost|p2a: Yveltal
|-heal|p2a: Yveltal|100/100
|-singleturn|p2a: Yveltal|move: Roost
|move|p1a: Magearna|Volt Switch|p2a: Yveltal
|-damage|p2a: Yveltal|85/100
|
|t:|1651203604
|switch|p1a: Hatterene|Hatterene, F|100/100|[from]move: Volt Switch
|
|-weather|none
|upkeep
|turn|6
|
|t:|1651203613
|switch|p2a: Necrozma|Necrozma-Dusk-Mane|100/100
|switch|p1a: Magearna|Magearna|49/100
|
|upkeep
|turn|7
|
|t:|1651203632
|switch|p1a: Necrozma|Necrozma-Dusk-Mane|100/100
|move|p2a: Necrozma|Dragon Dance|p2a: Necrozma
|-boost|p2a: Necrozma|atk|1
|-boost|p2a: Necrozma|spe|1
|
|upkeep
|turn|8
|
|t:|1651203638
|move|p2a: Necrozma|Knock Off|p1a: Necrozma
|-supereffective|p1a: Necrozma
|-damage|p1a: Necrozma|29/100
|-enditem|p1a: Necrozma|Weakness Policy
|-boost|p1a: Necrozma|atk|2|[from] item: Weakness Policy
|-boost|p1a: Necrozma|spa|2|[from] item: Weakness Policy
|move|p1a: Necrozma|Trick Room|p1a: Necrozma
|-fieldstart|move: Trick Room|[of] p1a: Necrozma
|
|upkeep
|turn|9
|
|t:|1651203654
|switch|p2a: Yveltal|Yveltal|85/100
|-ability|p2a: Yveltal|Dark Aura
|move|p1a: Necrozma|Sunsteel Strike|p2a: Yveltal
|-damage|p2a: Yveltal|0 fnt
|faint|p2a: Yveltal
|
|upkeep
|
|t:|1651203663
|switch|p2a: Klefki|Klefki, F|100/100
|turn|10
|
|t:|1651203667
|move|p2a: Klefki|Reflect|p2a: Klefki
|-sidestart|p2: emiyo|Reflect
|move|p1a: Necrozma|Sunsteel Strike|p2a: Klefki
|-damage|p2a: Klefki|50/100
|
|upkeep
|turn|11
|
|t:|1651203676
|switch|p1a: Hatterene|Hatterene, F|100/100
|move|p2a: Klefki|Foul Play|p1a: Hatterene
|-damage|p1a: Hatterene|79/100
|
|upkeep
|turn|12
|
|t:|1651203694
|switch|p2a: Necrozma|Necrozma-Dusk-Mane|100/100
|move|p1a: Hatterene|Trick Room|p1a: Hatterene
|-fieldend|move: Trick Room
|
|upkeep
|turn|13
|
|t:|1651203700
|move|p2a: Necrozma|Iron Head|p1a: Hatterene
|-supereffective|p1a: Hatterene
|-damage|p1a: Hatterene|0 fnt
|faint|p1a: Hatterene
|
|upkeep
|
|t:|1651203708
|switch|p1a: Necrozma|Necrozma-Dusk-Mane|29/100
|turn|14
|
|t:|1651203712
|move|p2a: Necrozma|Knock Off|p1a: Necrozma
|-supereffective|p1a: Necrozma
|-damage|p1a: Necrozma|0 fnt
|faint|p1a: Necrozma
|
|upkeep
|
|t:|1651203715
|switch|p1a: Porygon2|Porygon2|100/100
|-ability|p1a: Porygon2|Prism Armor|[from] ability: Trace|[of] p2a: Necrozma
|turn|15
|inactive|emiyo has 120 seconds left.
|
|t:|1651203751
|move|p2a: Necrozma|Iron Head|p1a: Porygon2
|-damage|p1a: Porygon2|75/100
|move|p1a: Porygon2|Trick Room|p1a: Porygon2
|-fieldstart|move: Trick Room|[of] p1a: Porygon2
|
|upkeep
|turn|16
|inactive|emiyo has 120 seconds left.
|
|t:|1651203758
|switch|p1a: Magearna|Magearna|49/100
|move|p2a: Necrozma|Knock Off|p1a: Magearna
|-resisted|p1a: Magearna
|-damage|p1a: Magearna|37/100
|
|upkeep
|turn|17
|
|t:|1651203764
|move|p1a: Magearna|Volt Switch|p2a: Necrozma
|-damage|p2a: Necrozma|83/100
|
|t:|1651203765
|switch|p1a: Dracovish|Dracovish|100/100|[from]move: Volt Switch
|move|p2a: Necrozma|Iron Head|p1a: Dracovish
|-resisted|p1a: Dracovish
|-damage|p1a: Dracovish|77/100
|
|-sideend|p2: emiyo|Reflect
|upkeep
|turn|18
|inactive|emiyo has 120 seconds left.
|inactive|emiyo has 90 seconds left.
|
|t:|1651203818
|move|p1a: Dracovish|Fishious Rend|p2a: Necrozma
|-damage|p2a: Necrozma|0 fnt
|faint|p2a: Necrozma
|
|upkeep
|
|t:|1651203822
|switch|p2a: Klefki|Klefki, F|50/100
|turn|19
|
|t:|1651203825
|move|p2a: Klefki|Reflect|p2a: Klefki
|-sidestart|p2: emiyo|Reflect
|move|p1a: Dracovish|Fishious Rend|p2a: Klefki
|-damage|p2a: Klefki|13/100
|
|-fieldend|move: Trick Room
|upkeep
|turn|20
|
|t:|1651203833
|switch|p1a: Magearna|Magearna|37/100
|move|p2a: Klefki|Foul Play|p1a: Magearna
|-resisted|p1a: Magearna
|-damage|p1a: Magearna|29/100
|
|upkeep
|turn|21
|
|t:|1651203844
|move|p2a: Klefki|Thunder Wave|p1a: Magearna
|-status|p1a: Magearna|par
|cant|p1a: Magearna|par
|
|upkeep
|turn|22
|
|t:|1651203863
|switch|p2a: Calyrex|Calyrex-Shadow|100/100
|-ability|p2a: Calyrex|As One
|-ability|p2a: Calyrex|Unnerve
|move|p1a: Magearna|Trick Room|p1a: Magearna
|-fieldstart|move: Trick Room|[of] p1a: Magearna
|
|upkeep
|turn|23
|
|t:|1651203873
|move|p1a: Magearna|Fleur Cannon|p2a: Calyrex|[miss]
|-miss|p1a: Magearna|p2a: Calyrex
|move|p2a: Calyrex|Substitute|p2a: Calyrex
|-start|p2a: Calyrex|Substitute
|-damage|p2a: Calyrex|76/100
|
|-heal|p2a: Calyrex|82/100|[from] item: Leftovers
|upkeep
|turn|24
|
|t:|1651203899
|move|p1a: Magearna|Volt Switch|p2a: Calyrex
|-activate|p2a: Calyrex|move: Substitute|[damage]
|
|t:|1651203901
|switch|p1a: Calyrex|Calyrex-Ice|100/100|[from]move: Volt Switch
|-ability|p1a: Calyrex|As One
|-ability|p1a: Calyrex|Unnerve
|move|p2a: Calyrex|Leech Seed|p1a: Calyrex
|-start|p1a: Calyrex|move: Leech Seed
|
|-heal|p2a: Calyrex|88/100|[from] item: Leftovers
|-damage|p1a: Calyrex|88/100|[from] Leech Seed|[of] p2a: Calyrex
|-heal|p2a: Calyrex|100/100|[silent]
|upkeep
|turn|25
|
|t:|1651203912
|move|p1a: Calyrex|Icicle Spear|p2a: Calyrex
|-end|p2a: Calyrex|Substitute
|-damage|p2a: Calyrex|90/100
|-damage|p2a: Calyrex|80/100
|-hitcount|p2a: Calyrex|3
|move|p2a: Calyrex|Substitute|p2a: Calyrex
|-start|p2a: Calyrex|Substitute
|-damage|p2a: Calyrex|55/100
|
|-heal|p2a: Calyrex|61/100|[from] item: Leftovers
|-damage|p1a: Calyrex|76/100|[from] Leech Seed|[of] p2a: Calyrex
|-heal|p2a: Calyrex|76/100|[silent]
|upkeep
|turn|26
|
|t:|1651203928
|switch|p1a: Porygon2|Porygon2|75/100
|move|p2a: Calyrex|Substitute|p2a: Calyrex
|-fail|p2a: Calyrex|move: Substitute
|
|-heal|p2a: Calyrex|82/100|[from] item: Leftovers
|-sideend|p2: emiyo|Reflect
|-fieldend|move: Trick Room
|upkeep
|turn|27
|
|t:|1651203937
|move|p2a: Calyrex|Leech Seed|p1a: Porygon2
|-start|p1a: Porygon2|move: Leech Seed
|move|p1a: Porygon2|Shadow Ball|p2a: Calyrex
|-supereffective|p2a: Calyrex
|-end|p2a: Calyrex|Substitute
|
|-heal|p2a: Calyrex|88/100|[from] item: Leftovers
|-damage|p1a: Porygon2|63/100|[from] Leech Seed|[of] p2a: Calyrex
|-heal|p2a: Calyrex|100/100|[silent]
|upkeep
|turn|28
|inactive|emiyo has 90 seconds left.
|
|t:|1651203957
|move|p2a: Calyrex|Substitute|p2a: Calyrex
|-start|p2a: Calyrex|Substitute
|-damage|p2a: Calyrex|76/100
|move|p1a: Porygon2|Trick Room|p1a: Porygon2
|-fieldstart|move: Trick Room|[of] p1a: Porygon2
|
|-heal|p2a: Calyrex|82/100|[from] item: Leftovers
|-damage|p1a: Porygon2|51/100|[from] Leech Seed|[of] p2a: Calyrex
|-heal|p2a: Calyrex|95/100|[silent]
|upkeep
|turn|29
|inactive|emiyo has 90 seconds left.
|inactive|emiyo has 60 seconds left.
|
|t:|1651204027
|switch|p1a: Calyrex|Calyrex-Ice|76/100
|-ability|p1a: Calyrex|As One
|-ability|p1a: Calyrex|Unnerve
|move|p2a: Calyrex|Substitute|p2a: Calyrex
|-fail|p2a: Calyrex|move: Substitute
|
|-heal|p2a: Calyrex|100/100|[from] item: Leftovers
|upkeep
|turn|30
|inactive|emiyo has 30 seconds left.
|inactive|emiyo has 20 seconds left.
|
|t:|1651204054
|move|p1a: Calyrex|Icicle Spear|p2a: Calyrex
|-activate|p2a: Calyrex|move: Substitute|[damage]
|-crit|p2a: Calyrex
|-end|p2a: Calyrex|Substitute
|-hitcount|p2a: Calyrex|2
|move|p2a: Calyrex|Astral Barrage|p1a: Calyrex
|-supereffective|p1a: Calyrex
|-damage|p1a: Calyrex|0 fnt
|faint|p1a: Calyrex
|-ability|p2a: Calyrex|Grim Neigh|boost
|-boost|p2a: Calyrex|spa|1
|
|upkeep
|inactive|emiyo has 25 seconds left this turn.
|
|t:|1651204059
|switch|p1a: Dracovish|Dracovish|77/100
|turn|31
|inactive|emiyo has 30 seconds left.
|
|t:|1651204072
|move|p1a: Dracovish|Fishious Rend|p2a: Calyrex
|-crit|p2a: Calyrex
|-damage|p2a: Calyrex|0 fnt
|faint|p2a: Calyrex
|
|upkeep
|inactive|emiyo has 30 seconds left this turn.
|
|t:|1651204077
|switch|p2a: Klefki|Klefki, F|13/100
|turn|32
|
|t:|1651204080
|switch|p1a: Porygon2|Porygon2|51/100
|-ability|p1a: Porygon2|Prankster|[from] ability: Trace|[of] p2a: Klefki
|move|p2a: Klefki|Reflect|p2a: Klefki
|-sidestart|p2: emiyo|Reflect
|
|-fieldend|move: Trick Room
|upkeep
|turn|33
|
|t:|1651204088
|move|p2a: Klefki|Thunder Wave|p1a: Porygon2
|-status|p1a: Porygon2|par
|move|p1a: Porygon2|Trick Room|p1a: Porygon2
|-fieldstart|move: Trick Room|[of] p1a: Porygon2
|
|upkeep
|turn|34
|
|t:|1651204095
|move|p2a: Klefki|Foul Play|p1a: Porygon2
|-damage|p1a: Porygon2|44/100 par
|move|p1a: Porygon2|Teleport|p1a: Porygon2
|
|t:|1651204097
|switch|p1a: Magearna|Magearna|29/100 par|[from]move: Teleport
|
|upkeep
|turn|35
|inactive|emiyo has 60 seconds left.
|
|t:|1651204109
|move|p2a: Klefki|Light Screen|p2a: Klefki
|-sidestart|p2: emiyo|move: Light Screen
|move|p1a: Magearna|Calm Mind|p1a: Magearna
|-boost|p1a: Magearna|spa|1
|-boost|p1a: Magearna|spd|1
|
|upkeep
|turn|36
|inactive|emiyo has 60 seconds left.
|
|t:|1651204121
|move|p1a: Magearna|Calm Mind|p1a: Magearna
|-boost|p1a: Magearna|spa|1
|-boost|p1a: Magearna|spd|1
|move|p2a: Klefki|Foul Play|p1a: Magearna
|-resisted|p1a: Magearna
|-damage|p1a: Magearna|21/100 par
|
|upkeep
|turn|37
|inactive|emiyo has 60 seconds left.
|
|t:|1651204131
|switch|p2a: Xerneas|Xerneas|100/100
|-ability|p2a: Xerneas|Fairy Aura
|move|p1a: Magearna|Fleur Cannon|p2a: Xerneas
|-damage|p2a: Xerneas|32/100
|-unboost|p1a: Magearna|spa|2
|
|-fieldend|move: Trick Room
|upkeep
|turn|38
|inactive|emiyo has 60 seconds left.
|
|t:|1651204148
|move|p2a: Xerneas|Moonblast|p1a: Magearna
|-resisted|p1a: Magearna
|-damage|p1a: Magearna|11/100 par
|cant|p1a: Magearna|par
|
|upkeep
|turn|39
|inactive|emiyo has 60 seconds left.
|inactive|emiyo has 30 seconds left.
|
|t:|1651204185
|move|p2a: Xerneas|Geomancy||[still]
|-prepare|p2a: Xerneas|Geomancy
|-enditem|p2a: Xerneas|Power Herb
|-anim|p2a: Xerneas|Geomancy|p2a: Xerneas
|-boost|p2a: Xerneas|spa|2
|-boost|p2a: Xerneas|spd|2
|-boost|p2a: Xerneas|spe|2
|cant|p1a: Magearna|par
|
|-sideend|p2: emiyo|Reflect
|upkeep
|turn|40
|l|☆I Crit My Panties
|inactive|I Crit My Panties disconnected and has a minute to reconnect!
|player|p1|
|inactive|emiyo has 30 seconds left.
|inactive|I Crit My Panties has 30 seconds to reconnect!
|inactive|I Crit My Panties has 20 seconds to reconnect!
|inactive|I Crit My Panties has 15 seconds to reconnect!
|inactive|I Crit My Panties has 10 seconds to reconnect!
|inactive|I Crit My Panties has 5 seconds to reconnect!
|-message|I Crit My Panties lost due to inactivity.
|
|win|emiyo
|inactive|emiyo has 30 seconds left this turn.
|raw|I Crit My Panties's rating: 1427 &rarr; <strong>1408</strong><br />(-19 for losing)
|raw|emiyo's rating: 1444 &rarr; <strong>1463</strong><br />(+19 for winning)
