|raw|<div class="broadcast-blue"><strong>This battle is required to be public due to a player having a name starting with 'ult9ns'.</div>
|j|☆ULT9NS Cursed
|j|☆Enraged Ares
|t:|1653414611
|gametype|singles
|player|p1|ULT9NS Cursed|lucas|1489
|player|p2|Enraged Ares|riley|1558
|teamsize|p1|6
|teamsize|p2|6
|gen|8
|tier|[Gen 8] Ubers
|rated|
|rule|Sleep Clause Mod: Limit one foe put to sleep
|rule|Species Clause: Limit one of each Pokémon
|rule|OHKO Clause: OHKO moves are banned
|rule|Evasion Moves Clause: Evasion moves are banned
|rule|Endless Battle Clause: Forcing endless battles is banned
|rule|HP Percentage Mod: HP is shown in percentages
|rule|Dynamax Clause: You cannot dynamax
|clearpoke
|poke|p1|Darmanitan-Galar, F|
|poke|p1|Landorus-Therian, M|
|poke|p1|Yveltal|
|poke|p1|Necrozma-Dusk-Mane|
|poke|p1|Eternatus|
|poke|p1|Kyogre|
|poke|p2|Indeedee, M|
|poke|p2|Dracovish|
|poke|p2|Palkia|
|poke|p2|Calyrex-Ice|
|poke|p2|Dialga|
|poke|p2|Magearna|
|teampreview
|inactive|Battle timer is ON: inactive players will automatically lose when time's up. (requested by ULT9NS Cursed)
|inactive|Enraged Ares also wants the timer to be on.
|inactive|ULT9NS Cursed has 120 seconds left.
|
|t:|1653414649
|start
|switch|p1a: Darmanitan|Darmanitan-Galar, F|100/100
|switch|p2a: Dialga|Dialga, shiny|100/100
|-ability|p2a: Dialga|Pressure
|-item|p2a: Dialga|Air Balloon
|turn|1
|
|t:|1653414654
|move|p1a: Darmanitan|U-turn|p2a: Dialga
|-resisted|p2a: Dialga
|-damage|p2a: Dialga|87/100
|-enditem|p2a: Dialga|Air Balloon
|
|t:|1653414661
|switch|p1a: Necrozma|Necrozma-Dusk-Mane|100/100|[from]move: U-turn
|move|p2a: Dialga|Trick Room|p2a: Dialga
|-fieldstart|move: Trick Room|[of] p2a: Dialga
|
|upkeep
|turn|2
|
|t:|1653414665
|move|p2a: Dialga|Stealth Rock|p1a: Necrozma
|-sidestart|p1: ULT9NS Cursed|move: Stealth Rock
|move|p1a: Necrozma|Stealth Rock|p2a: Dialga
|-sidestart|p2: Enraged Ares|move: Stealth Rock
|
|upkeep
|turn|3
|
|t:|1653414675
|move|p2a: Dialga|Draco Meteor|p1a: Necrozma|[miss]
|-miss|p2a: Dialga|p1a: Necrozma
|move|p1a: Necrozma|Thunder Wave|p2a: Dialga
|-status|p2a: Dialga|par
|
|upkeep
|turn|4
|
|t:|1653414683
|switch|p2a: Dracovish|Dracovish, shiny|100/100
|-damage|p2a: Dracovish|88/100|[from] Stealth Rock
|move|p1a: Necrozma|Iron Head|p2a: Dracovish
|-resisted|p2a: Dracovish
|-damage|p2a: Dracovish|71/100
|
|upkeep
|turn|5
|
|t:|1653414688
|switch|p1a: Eternatus|Eternatus|100/100
|-damage|p1a: Eternatus|88/100|[from] Stealth Rock
|-ability|p1a: Eternatus|Pressure
|move|p2a: Dracovish|Fishious Rend|p1a: Eternatus
|-resisted|p1a: Eternatus
|-damage|p1a: Eternatus|20/100
|
|-fieldend|move: Trick Room
|upkeep
|turn|6
|
|t:|1653414693
|switch|p2a: Magearna|Magearna|100/100
|-damage|p2a: Magearna|94/100|[from] Stealth Rock
|move|p1a: Eternatus|Recover|p1a: Eternatus
|-heal|p1a: Eternatus|70/100
|
|upkeep
|turn|7
|
|t:|1653414696
|move|p1a: Eternatus|Recover|p1a: Eternatus
|-heal|p1a: Eternatus|100/100
|move|p2a: Magearna|Trick Room|p2a: Magearna
|-fieldstart|move: Trick Room|[of] p2a: Magearna
|
|upkeep
|turn|8
|
|t:|1653414701
|move|p2a: Magearna|Volt Switch|p1a: Eternatus
|-resisted|p1a: Eternatus
|-crit|p1a: Eternatus
|-damage|p1a: Eternatus|84/100
|-damage|p2a: Magearna|85/100|[from] item: Life Orb
|
|t:|1653414706
|switch|p2a: Dialga|Dialga, shiny|87/100 par|[from]move: Volt Switch
|-damage|p2a: Dialga|81/100 par|[from] Stealth Rock
|-ability|p2a: Dialga|Pressure
|move|p1a: Eternatus|Cosmic Power|p1a: Eternatus
|-boost|p1a: Eternatus|def|1
|-boost|p1a: Eternatus|spd|1
|
|upkeep
|turn|9
|
|t:|1653414712
|switch|p1a: Kyogre|Kyogre|100/100
|-damage|p1a: Kyogre|88/100|[from] Stealth Rock
|-weather|RainDance|[from] ability: Drizzle|[of] p1a: Kyogre
|move|p2a: Dialga|Draco Meteor|p1a: Kyogre|[miss]
|-miss|p2a: Dialga|p1a: Kyogre
|
|-weather|RainDance|[upkeep]
|-heal|p1a: Kyogre|94/100|[from] item: Leftovers
|upkeep
|turn|10
|
|t:|1653414716
|switch|p2a: Palkia|Palkia, shiny|100/100
|-damage|p2a: Palkia|88/100|[from] Stealth Rock
|-ability|p2a: Palkia|Pressure
|move|p1a: Kyogre|Substitute|p1a: Kyogre
|-start|p1a: Kyogre|Substitute
|-damage|p1a: Kyogre|69/100
|
|-weather|RainDance|[upkeep]
|-heal|p1a: Kyogre|75/100|[from] item: Leftovers
|upkeep
|turn|11
|
|t:|1653414723
|move|p2a: Palkia|Thunder|p1a: Kyogre
|-supereffective|p1a: Kyogre
|-end|p1a: Kyogre|Substitute
|move|p1a: Kyogre|Thunder Wave|p2a: Palkia|[miss]
|-miss|p1a: Kyogre|p2a: Palkia
|
|-weather|RainDance|[upkeep]
|-heal|p1a: Kyogre|82/100|[from] item: Leftovers
|-fieldend|move: Trick Room
|upkeep
|turn|12
|
|t:|1653414731
|switch|p1a: Landorus|Landorus-Therian, M|100/100
|-damage|p1a: Landorus|88/100|[from] Stealth Rock
|-ability|p1a: Landorus|Intimidate|boost
|-unboost|p2a: Palkia|atk|1
|move|p2a: Palkia|Hydro Pump|p1a: Landorus
|-supereffective|p1a: Landorus
|-damage|p1a: Landorus|0 fnt
|faint|p1a: Landorus
|
|-weather|RainDance|[upkeep]
|upkeep
|
|t:|1653414738
|switch|p1a: Yveltal|Yveltal|100/100
|-ability|p1a: Yveltal|Dark Aura
|turn|13
|
|t:|1653414743
|move|p1a: Yveltal|Knock Off|p2a: Palkia
|-damage|p2a: Palkia|40/100
|-enditem|p2a: Palkia|Lustrous Orb|[from] move: Knock Off|[of] p1a: Yveltal
|move|p2a: Palkia|Thunder|p1a: Yveltal
|-supereffective|p1a: Yveltal
|-damage|p1a: Yveltal|35/100
|
|-weather|none
|upkeep
|turn|14
|
|t:|1653414765
|move|p1a: Yveltal|Defog|p2a: Palkia
|-unboost|p2a: Palkia|evasion|1
|-sideend|p2: Enraged Ares|Stealth Rock|[from] move: Defog|[of] p1a: Yveltal
|-sideend|p1: ULT9NS Cursed|Stealth Rock|[from] move: Defog|[of] p1a: Yveltal
|move|p2a: Palkia|Spacial Rend|p1a: Yveltal
|-damage|p1a: Yveltal|0 fnt
|faint|p1a: Yveltal
|
|upkeep
|
|t:|1653414793
|switch|p1a: Darmanitan|Darmanitan-Galar, F|100/100
|turn|15
|
|t:|1653414797
|move|p1a: Darmanitan|Icicle Crash|p2a: Palkia
|-damage|p2a: Palkia|0 fnt
|faint|p2a: Palkia
|
|upkeep
|
|t:|1653414801
|switch|p2a: Calyrex|Calyrex-Ice|100/100
|-ability|p2a: Calyrex|As One
|-ability|p2a: Calyrex|Unnerve
|turn|16
|
|t:|1653414813
|switch|p1a: Kyogre|Kyogre|82/100
|-weather|RainDance|[from] ability: Drizzle|[of] p1a: Kyogre
|move|p2a: Calyrex|Trick Room|p2a: Calyrex
|-fieldstart|move: Trick Room|[of] p2a: Calyrex
|
|-weather|RainDance|[upkeep]
|-heal|p1a: Kyogre|88/100|[from] item: Leftovers
|upkeep
|turn|17
|
|t:|1653414828
|switch|p2a: Indeedee|Indeedee, M, shiny|100/100
|-fieldstart|move: Psychic Terrain|[from] ability: Psychic Surge|[of] p2a: Indeedee
|move|p1a: Kyogre|Surf|p2a: Indeedee
|-damage|p2a: Indeedee|24/100
|
|-weather|RainDance|[upkeep]
|-heal|p1a: Kyogre|94/100|[from] item: Leftovers
|upkeep
|turn|18
|
|t:|1653414839
|switch|p1a: Necrozma|Necrozma-Dusk-Mane|100/100
|move|p2a: Indeedee|Expanding Force|p1a: Necrozma
|-resisted|p1a: Necrozma
|-damage|p1a: Necrozma|90/100
|
|-weather|RainDance|[upkeep]
|-heal|p1a: Necrozma|96/100|[from] item: Leftovers
|upkeep
|turn|19
|
|t:|1653414846
|switch|p2a: Dracovish|Dracovish, shiny|71/100
|move|p1a: Necrozma|Stealth Rock|p2a: Dracovish
|-sidestart|p2: Enraged Ares|move: Stealth Rock
|
|-weather|RainDance|[upkeep]
|-heal|p1a: Necrozma|100/100|[from] item: Leftovers
|upkeep
|turn|20
|
|t:|1653414858
|switch|p1a: Eternatus|Eternatus|84/100
|-ability|p1a: Eternatus|Pressure
|move|p2a: Dracovish|Fishious Rend|p1a: Eternatus
|-resisted|p1a: Eternatus
|-damage|p1a: Eternatus|0 fnt
|faint|p1a: Eternatus
|
|-weather|none
|-fieldend|move: Trick Room
|upkeep
|
|t:|1653414861
|switch|p1a: Darmanitan|Darmanitan-Galar, F|100/100
|turn|21
|
|t:|1653414864
|switch|p2a: Indeedee|Indeedee, M, shiny|24/100
|-damage|p2a: Indeedee|12/100|[from] Stealth Rock
|move|p1a: Darmanitan|Icicle Crash|p2a: Indeedee
|-damage|p2a: Indeedee|0 fnt
|faint|p2a: Indeedee
|
|upkeep
|
|t:|1653414869
|switch|p2a: Magearna|Magearna|85/100
|-damage|p2a: Magearna|79/100|[from] Stealth Rock
|turn|22
|
|t:|1653414871
|move|p1a: Darmanitan|Icicle Crash|p2a: Magearna
|-resisted|p2a: Magearna
|-damage|p2a: Magearna|50/100
|move|p2a: Magearna|Trick Room|p2a: Magearna
|-fieldstart|move: Trick Room|[of] p2a: Magearna
|
|upkeep
|turn|23
|
|t:|1653414878
|move|p2a: Magearna|Misty Explosion|p1a: Darmanitan
|-damage|p1a: Darmanitan|0 fnt
|faint|p2a: Magearna
|faint|p1a: Darmanitan
|
|upkeep
|-message|ULT9NS Cursed forfeited.
|
|win|Enraged Ares
|raw|ULT9NS Cursed's rating: 1514 &rarr; <strong>1497</strong><br />(-17 for losing)
|raw|Enraged Ares's rating: 1558 &rarr; <strong>1575</strong><br />(+17 for winning)
|l|☆ULT9NS Cursed
||Ladder isn't responding, score probably updated but might not have (Request timeout).
