|j|☆ttv-error-yt
|j|☆QuebecLibre
|t:|1640211330
|gametype|singles
|player|p1|ttv-error-yt|giovanni-gen1|1422
|player|p2|QuebecLibre|gambler|1408
|teamsize|p1|6
|teamsize|p2|6
|gen|8
|tier|[Gen 8] Ubers
|rated|
|rule|Sleep Clause Mod: Limit one foe put to sleep
|rule|Species Clause: Limit one of each Pokémon
|rule|OHKO Clause: OHKO moves are banned
|rule|Evasion Moves Clause: Evasion moves are banned
|rule|Endless Battle Clause: Forcing endless battles is banned
|rule|HP Percentage Mod: HP is shown in percentages
|rule|Dynamax Clause: You cannot dynamax
|clearpoke
|poke|p1|Quagsire, M|
|poke|p1|Chansey, F|
|poke|p1|Tyranitar, F|
|poke|p1|Zygarde|
|poke|p1|Ho-Oh|
|poke|p1|Ditto|
|poke|p2|Yveltal|
|poke|p2|Necrozma-Dusk-Mane|
|poke|p2|Eternatus|
|poke|p2|Calyrex-Shadow|
|poke|p2|Ho-Oh|
|poke|p2|Zygarde|
|teampreview
|inactive|Battle timer is ON: inactive players will automatically lose when time's up. (requested by ttv-error-yt)
|inactive|QuebecLibre also wants the timer to be on.
|
|t:|1640211355
|start
|switch|p1a: Tyranitar|Tyranitar, F|100/100
|switch|p2a: Necrozma|Necrozma-Dusk-Mane|100/100
|-weather|Sandstorm|[from] ability: Sand Stream|[of] p1a: Tyranitar
|turn|1
|
|t:|1640211362
|switch|p1a: Quagsire|Quagsire, M|100/100
|move|p2a: Necrozma|Sunsteel Strike|p1a: Quagsire
|-resisted|p1a: Quagsire
|-damage|p1a: Quagsire|82/100
|
|-weather|Sandstorm|[upkeep]
|-heal|p1a: Quagsire|89/100|[from] item: Leftovers
|upkeep
|turn|2
|
|t:|1640211367
|move|p2a: Necrozma|Knock Off|p1a: Quagsire
|-damage|p1a: Quagsire|67/100
|-enditem|p1a: Quagsire|Leftovers|[from] move: Knock Off|[of] p2a: Necrozma
|move|p1a: Quagsire|Scald|p2a: Necrozma
|-damage|p2a: Necrozma|85/100
|
|-weather|Sandstorm|[upkeep]
|upkeep
|turn|3
|
|t:|1640211371
|move|p2a: Necrozma|Stealth Rock|p1a: Quagsire
|-sidestart|p1: ttv-error-yt|move: Stealth Rock
|move|p1a: Quagsire|Scald|p2a: Necrozma
|-damage|p2a: Necrozma|70/100
|-status|p2a: Necrozma|brn
|
|-weather|Sandstorm|[upkeep]
|-damage|p2a: Necrozma|63/100 brn|[from] brn
|upkeep
|turn|4
|
|t:|1640211382
|switch|p2a: Zygarde|Zygarde|100/100
|move|p1a: Quagsire|Recover|p1a: Quagsire
|-heal|p1a: Quagsire|100/100
|
|-weather|Sandstorm|[upkeep]
|upkeep
|turn|5
|
|t:|1640211387
|move|p2a: Zygarde|Glare|p1a: Quagsire
|-status|p1a: Quagsire|par
|cant|p1a: Quagsire|par
|
|-weather|none
|upkeep
|turn|6
|
|t:|1640211395
|switch|p2a: Necrozma|Necrozma-Dusk-Mane|63/100 brn
|move|p1a: Quagsire|Toxic||[still]
|-fail|p1a: Quagsire
|
|-damage|p2a: Necrozma|57/100 brn|[from] brn
|upkeep
|turn|7
|
|t:|1640211402
|move|p2a: Necrozma|Moonlight|p2a: Necrozma
|-heal|p2a: Necrozma|100/100 brn
|move|p1a: Quagsire|Scald|p2a: Necrozma
|-damage|p2a: Necrozma|85/100 brn
|
|-damage|p2a: Necrozma|79/100 brn|[from] brn
|upkeep
|turn|8
|
|t:|1640211407
|switch|p2a: Éthernatos|Eternatus|100/100
|-ability|p2a: Éthernatos|Pressure
|move|p1a: Quagsire|Scald|p2a: Éthernatos
|-resisted|p2a: Éthernatos
|-damage|p2a: Éthernatos|95/100
|
|-heal|p2a: Éthernatos|100/100|[from] item: Black Sludge
|upkeep
|turn|9
|
|t:|1640211411
|switch|p1a: Chansey|Chansey, F|100/100
|-damage|p1a: Chansey|88/100|[from] Stealth Rock
|move|p2a: Éthernatos|Toxic Spikes|p1a: Chansey
|-sidestart|p1: ttv-error-yt|move: Toxic Spikes
|
|upkeep
|turn|10
|
|t:|1640211418
|switch|p1a: Ho-Oh|Ho-Oh|100/100
|move|p2a: Éthernatos|Toxic Spikes|p1a: Ho-Oh
|-sidestart|p1: ttv-error-yt|move: Toxic Spikes
|
|upkeep
|turn|11
|
|t:|1640211428
|move|p2a: Éthernatos|Dynamax Cannon|p1a: Ho-Oh
|-damage|p1a: Ho-Oh|79/100
|move|p1a: Ho-Oh|Defog|p2a: Éthernatos
|-unboost|p2a: Éthernatos|evasion|1
|-sideend|p1: ttv-error-yt|Toxic Spikes|[from] move: Defog|[of] p1a: Ho-Oh
|-sideend|p1: ttv-error-yt|Stealth Rock|[from] move: Defog|[of] p1a: Ho-Oh
|
|upkeep
|turn|12
|
|t:|1640211433
|move|p2a: Éthernatos|Toxic Spikes|p1a: Ho-Oh
|-sidestart|p1: ttv-error-yt|move: Toxic Spikes
|move|p1a: Ho-Oh|Thunder Wave|p2a: Éthernatos
|-status|p2a: Éthernatos|par
|
|upkeep
|turn|13
|inactive|ttv-error-yt has 120 seconds left.
|inactive|ttv-error-yt has 90 seconds left.
|
|t:|1640211495
|switch|p1a: Chansey|Chansey, F|88/100
|-status|p1a: Chansey|psn
|switch|p2a: Yveltal|Yveltal|100/100
|-ability|p2a: Yveltal|Dark Aura
|
|-damage|p1a: Chansey|76/100 psn|[from] psn
|upkeep
|turn|14
|inactive|ttv-error-yt has 90 seconds left.
|
|t:|1640211511
|move|p2a: Yveltal|Dark Pulse|p1a: Chansey
|-damage|p1a: Chansey|52/100 psn
|-damage|p2a: Yveltal|91/100|[from] item: Life Orb
|move|p1a: Chansey|Soft-Boiled|p1a: Chansey
|-heal|p1a: Chansey|100/100 psn
|
|-damage|p1a: Chansey|88/100 psn|[from] psn
|upkeep
|turn|15
|
|t:|1640211523
|-curestatus|p1a: Chansey|psn|[from] ability: Natural Cure
|switch|p1a: Tyranitar|Tyranitar, F|100/100
|-status|p1a: Tyranitar|psn
|-weather|Sandstorm|[from] ability: Sand Stream|[of] p1a: Tyranitar
|move|p2a: Yveltal|Oblivion Wing|p1a: Tyranitar
|-resisted|p1a: Tyranitar
|-damage|p1a: Tyranitar|88/100 psn
|-heal|p2a: Yveltal|99/100|[from] drain|[of] p1a: Tyranitar
|-damage|p2a: Yveltal|90/100|[from] item: Life Orb
|
|-weather|Sandstorm|[upkeep]
|-damage|p2a: Yveltal|84/100|[from] Sandstorm
|-heal|p1a: Tyranitar|94/100 psn|[from] item: Leftovers
|-damage|p1a: Tyranitar|82/100 psn|[from] psn
|upkeep
|turn|16
|
|t:|1640211531
|switch|p2a: Zygarde|Zygarde|100/100
|move|p1a: Tyranitar|Stone Edge|p2a: Zygarde
|-resisted|p2a: Zygarde
|-damage|p2a: Zygarde|88/100
|
|-weather|Sandstorm|[upkeep]
|-heal|p2a: Zygarde|94/100|[from] item: Leftovers
|-heal|p1a: Tyranitar|88/100 psn|[from] item: Leftovers
|-damage|p1a: Tyranitar|75/100 psn|[from] psn
|upkeep
|turn|17
|
|t:|1640211536
|switch|p1a: Quagsire|Quagsire, M|100/100 par
|move|p2a: Zygarde|Thousand Arrows|p1a: Quagsire
|-damage|p1a: Quagsire|79/100 par
|
|-weather|Sandstorm|[upkeep]
|-heal|p2a: Zygarde|99/100|[from] item: Leftovers
|upkeep
|turn|18
|
|t:|1640211551
|switch|p2a: Éthernatos|Eternatus|100/100 par
|-ability|p2a: Éthernatos|Pressure
|move|p1a: Quagsire|Scald|p2a: Éthernatos
|-resisted|p2a: Éthernatos
|-damage|p2a: Éthernatos|95/100 par
|
|-weather|Sandstorm|[upkeep]
|-damage|p2a: Éthernatos|89/100 par|[from] Sandstorm
|-heal|p2a: Éthernatos|95/100 par|[from] item: Black Sludge
|upkeep
|turn|19
|
|t:|1640211558
|switch|p2a: Sylveroy|Calyrex-Shadow|100/100
|-ability|p2a: Sylveroy|As One
|-ability|p2a: Sylveroy|Unnerve
|switch|p1a: Tyranitar|Tyranitar, F|75/100 psn
|
|-weather|none
|-heal|p1a: Tyranitar|82/100 psn|[from] item: Leftovers
|-damage|p1a: Tyranitar|69/100 psn|[from] psn
|upkeep
|turn|20
|
|t:|1640211570
|switch|p2a: Zygarde|Zygarde|99/100
|move|p1a: Tyranitar|Foul Play|p2a: Zygarde
|-damage|p2a: Zygarde|83/100
|
|-heal|p2a: Zygarde|89/100|[from] item: Leftovers
|-heal|p1a: Tyranitar|75/100 psn|[from] item: Leftovers
|-damage|p1a: Tyranitar|63/100 psn|[from] psn
|upkeep
|turn|21
|
|t:|1640211575
|switch|p1a: Quagsire|Quagsire, M|79/100 par
|move|p2a: Zygarde|Thousand Arrows|p1a: Quagsire
|-damage|p1a: Quagsire|58/100 par
|
|-heal|p2a: Zygarde|95/100|[from] item: Leftovers
|upkeep
|turn|22
|
|t:|1640211578
|switch|p2a: Sylveroy|Calyrex-Shadow|100/100
|-ability|p2a: Sylveroy|As One
|-ability|p2a: Sylveroy|Unnerve
|cant|p1a: Quagsire|par
|
|upkeep
|turn|23
|
|t:|1640211582
|switch|p1a: Tyranitar|Tyranitar, F|63/100 psn
|-weather|Sandstorm|[from] ability: Sand Stream|[of] p1a: Tyranitar
|move|p2a: Sylveroy|Aromatherapy|p2a: Sylveroy
|-activate|p2a: Sylveroy|move: Aromatherapy
|-curestatus|p2: Necrozma|brn|[msg]
|-curestatus|p2: Éthernatos|par|[msg]
|
|-weather|Sandstorm|[upkeep]
|-damage|p2a: Sylveroy|94/100|[from] Sandstorm
|-heal|p1a: Tyranitar|69/100 psn|[from] item: Leftovers
|-damage|p1a: Tyranitar|57/100 psn|[from] psn
|upkeep
|turn|24
|
|t:|1640211587
|switch|p2a: Zygarde|Zygarde|95/100
|move|p1a: Tyranitar|Rest|p1a: Tyranitar
|-status|p1a: Tyranitar|slp|[from] move: Rest
|-heal|p1a: Tyranitar|100/100 slp|[silent]
|
|-weather|Sandstorm|[upkeep]
|-heal|p2a: Zygarde|100/100|[from] item: Leftovers
|upkeep
|turn|25
|
|t:|1640211595
|switch|p1a: Quagsire|Quagsire, M|58/100 par
|move|p2a: Zygarde|Thousand Arrows|p1a: Quagsire
|-damage|p1a: Quagsire|36/100 par
|
|-weather|Sandstorm|[upkeep]
|upkeep
|turn|26
|
|t:|1640211599
|move|p2a: Zygarde|Thousand Arrows|p1a: Quagsire
|-damage|p1a: Quagsire|15/100 par
|move|p1a: Quagsire|Recover|p1a: Quagsire
|-heal|p1a: Quagsire|65/100 par
|
|-weather|Sandstorm|[upkeep]
|upkeep
|turn|27
|
|t:|1640211616
|move|p2a: Zygarde|Thousand Arrows|p1a: Quagsire
|-damage|p1a: Quagsire|43/100 par
|move|p1a: Quagsire|Recover|p1a: Quagsire
|-heal|p1a: Quagsire|93/100 par
|
|-weather|none
|upkeep
|turn|28
|
|t:|1640211621
|switch|p2a: Éthernatos|Eternatus|95/100
|-ability|p2a: Éthernatos|Pressure
|switch|p1a: Zygarde|Zygarde|100/100
|-status|p1a: Zygarde|psn
|
|-heal|p2a: Éthernatos|100/100|[from] item: Black Sludge
|-damage|p1a: Zygarde|88/100 psn|[from] psn
|upkeep
|turn|29
|
|t:|1640211631
|switch|p1a: Chansey|Chansey, F|88/100
|-status|p1a: Chansey|psn
|move|p2a: Éthernatos|Dynamax Cannon|p1a: Chansey
|-damage|p1a: Chansey|75/100 psn
|
|-damage|p1a: Chansey|62/100 psn|[from] psn
|upkeep
|turn|30
|inactive|ttv-error-yt has 120 seconds left.
|inactive|ttv-error-yt has 90 seconds left.
|
|t:|1640211693
|switch|p2a: Necrozma|Necrozma-Dusk-Mane|79/100
|move|p1a: Chansey|Soft-Boiled|p1a: Chansey
|-heal|p1a: Chansey|100/100 psn
|
|-damage|p1a: Chansey|88/100 psn|[from] psn
|upkeep
|turn|31
|
|t:|1640211700
|-curestatus|p1a: Chansey|psn|[from] ability: Natural Cure
|switch|p1a: Quagsire|Quagsire, M|93/100 par
|move|p2a: Necrozma|Stealth Rock|p1a: Quagsire
|-sidestart|p1: ttv-error-yt|move: Stealth Rock
|
|upkeep
|turn|32
|
|t:|1640211707
|switch|p2a: Yveltal|Yveltal|84/100
|-ability|p2a: Yveltal|Dark Aura
|move|p1a: Quagsire|Scald|p2a: Yveltal
|-damage|p2a: Yveltal|66/100
|
|upkeep
|turn|33
|
|t:|1640211713
|switch|p1a: Ho-Oh|Ho-Oh|100/100
|move|p2a: Yveltal|Oblivion Wing|p1a: Ho-Oh
|-damage|p1a: Ho-Oh|76/100
|-heal|p2a: Yveltal|85/100|[from] drain|[of] p1a: Ho-Oh
|-damage|p2a: Yveltal|75/100|[from] item: Life Orb
|
|upkeep
|turn|34
|
|t:|1640211720
|move|p2a: Yveltal|Dark Pulse|p1a: Ho-Oh
|-damage|p1a: Ho-Oh|38/100
|-damage|p2a: Yveltal|65/100|[from] item: Life Orb
|cant|p1a: Ho-Oh|flinch
|
|upkeep
|turn|35
|
|t:|1640211734
|switch|p2a: Zygarde|Zygarde|100/100
|switch|p1a: Chansey|Chansey, F|88/100
|-status|p1a: Chansey|psn
|-damage|p1a: Chansey|76/100 psn|[from] Stealth Rock
|
|-damage|p1a: Chansey|63/100 psn|[from] psn
|upkeep
|turn|36
|
|t:|1640211743
|switch|p2a: Sylveroy|Calyrex-Shadow|94/100
|-ability|p2a: Sylveroy|As One
|-ability|p2a: Sylveroy|Unnerve
|move|p1a: Chansey|Soft-Boiled|p1a: Chansey
|-heal|p1a: Chansey|100/100 psn
|
|-damage|p1a: Chansey|88/100 psn|[from] psn
|upkeep
|turn|37
|
|t:|1640211750
|move|p2a: Sylveroy|Trick|p1a: Chansey
|-activate|p2a: Sylveroy|move: Trick|[of] p1a: Chansey
|-item|p1a: Chansey|Choice Specs|[from] move: Trick
|-item|p2a: Sylveroy|Eviolite|[from] move: Trick
|move|p1a: Chansey|Toxic|p2a: Sylveroy
|-status|p2a: Sylveroy|tox
|
|-damage|p2a: Sylveroy|88/100 tox|[from] psn
|-damage|p1a: Chansey|76/100 psn|[from] psn
|upkeep
|turn|38
|
|t:|1640211759
|-curestatus|p1a: Chansey|psn|[from] ability: Natural Cure
|switch|p1a: Ho-Oh|Ho-Oh|71/100
|move|p2a: Sylveroy|Aromatherapy|p2a: Sylveroy
|-activate|p2a: Sylveroy|move: Aromatherapy
|-curestatus|p2a: Sylveroy|tox|[msg]
|
|upkeep
|turn|39
|
|t:|1640211764
|move|p2a: Sylveroy|Trick|p1a: Ho-Oh
|-activate|p2a: Sylveroy|move: Trick|[of] p1a: Ho-Oh
|-item|p1a: Ho-Oh|Eviolite|[from] move: Trick
|-item|p2a: Sylveroy|Heavy-Duty Boots|[from] move: Trick
|move|p1a: Ho-Oh|Defog|p2a: Sylveroy
|-unboost|p2a: Sylveroy|evasion|1
|-sideend|p1: ttv-error-yt|Toxic Spikes|[from] move: Defog|[of] p1a: Ho-Oh
|-sideend|p1: ttv-error-yt|Stealth Rock|[from] move: Defog|[of] p1a: Ho-Oh
|
|upkeep
|turn|40
|
|t:|1640211774
|switch|p2a: Zygarde|Zygarde|100/100
|move|p1a: Ho-Oh|Thunder Wave|p2a: Zygarde
|-immune|p2a: Zygarde
|
|upkeep
|turn|41
|
|t:|1640211780
|move|p2a: Zygarde|Thousand Arrows|p1a: Ho-Oh
|-damage|p1a: Ho-Oh|42/100
|-start|p1a: Ho-Oh|Smack Down
|move|p1a: Ho-Oh|Sacred Fire|p2a: Zygarde
|-resisted|p2a: Zygarde
|-damage|p2a: Zygarde|89/100
|-status|p2a: Zygarde|brn
|
|-heal|p2a: Zygarde|95/100 brn|[from] item: Leftovers
|-damage|p2a: Zygarde|89/100 brn|[from] brn
|upkeep
|turn|42
|
|t:|1640211785
|switch|p1a: Tyranitar|Tyranitar, F|100/100 slp
|-weather|Sandstorm|[from] ability: Sand Stream|[of] p1a: Tyranitar
|move|p2a: Zygarde|Thousand Arrows|p1a: Tyranitar
|-supereffective|p1a: Tyranitar
|-damage|p1a: Tyranitar|77/100 slp
|
|-weather|Sandstorm|[upkeep]
|-heal|p2a: Zygarde|95/100 brn|[from] item: Leftovers
|-heal|p1a: Tyranitar|83/100 slp|[from] item: Leftovers
|-damage|p2a: Zygarde|89/100 brn|[from] brn
|upkeep
|turn|43
|
|t:|1640211789
|move|p2a: Zygarde|Rest|p2a: Zygarde
|-status|p2a: Zygarde|slp|[from] move: Rest
|-heal|p2a: Zygarde|100/100 slp|[silent]
|cant|p1a: Tyranitar|slp
|
|-weather|Sandstorm|[upkeep]
|-heal|p1a: Tyranitar|90/100 slp|[from] item: Leftovers
|upkeep
|turn|44
|
|t:|1640211793
|cant|p2a: Zygarde|slp
|cant|p1a: Tyranitar|slp
|
|-weather|Sandstorm|[upkeep]
|-heal|p1a: Tyranitar|96/100 slp|[from] item: Leftovers
|upkeep
|turn|45
|
|t:|1640211796
|cant|p2a: Zygarde|slp
|-curestatus|p1a: Tyranitar|slp|[msg]
|move|p1a: Tyranitar|Stealth Rock|p2a: Zygarde
|-sidestart|p2: QuebecLibre|move: Stealth Rock
|
|-weather|Sandstorm|[upkeep]
|-heal|p1a: Tyranitar|100/100|[from] item: Leftovers
|upkeep
|turn|46
|
|t:|1640211804
|switch|p1a: Zygarde|Zygarde|88/100 psn
|-curestatus|p2a: Zygarde|slp|[msg]
|move|p2a: Zygarde|Thousand Arrows|p1a: Zygarde
|-damage|p1a: Zygarde|66/100 psn
|
|-weather|none
|-heal|p1a: Zygarde|72/100 psn|[from] item: Leftovers
|-damage|p1a: Zygarde|60/100 psn|[from] psn
|upkeep
|turn|47
|
|t:|1640211808
|switch|p2a: Ho-Oh|Ho-Oh|100/100
|move|p1a: Zygarde|Coil|p1a: Zygarde
|-boost|p1a: Zygarde|atk|1
|-boost|p1a: Zygarde|def|1
|-boost|p1a: Zygarde|accuracy|1
|
|-heal|p1a: Zygarde|66/100 psn|[from] item: Leftovers
|-damage|p1a: Zygarde|54/100 psn|[from] psn
|upkeep
|turn|48
|
|t:|1640211834
|move|p1a: Zygarde|Glare|p2a: Ho-Oh
|-status|p2a: Ho-Oh|par
|move|p2a: Ho-Oh|Whirlwind|p1a: Zygarde
|drag|p1a: Quagsire|Quagsire, M|93/100 par
|
|upkeep
|turn|49
|
|t:|1640211840
|switch|p1a: Zygarde|Zygarde|54/100 psn
|move|p2a: Ho-Oh|Defog|p1a: Zygarde
|-unboost|p1a: Zygarde|evasion|1
|-sideend|p2: QuebecLibre|Stealth Rock|[from] move: Defog|[of] p2a: Ho-Oh
|
|-heal|p1a: Zygarde|60/100 psn|[from] item: Leftovers
|-damage|p1a: Zygarde|47/100 psn|[from] psn
|-activate|p1a: Zygarde|ability: Power Construct
|detailschange|p1a: Zygarde|Zygarde-Complete
|-heal|p1a: Zygarde|65/100 psn|[silent]
|upkeep
|turn|50
|
|t:|1640211850
|switch|p2a: Zygarde|Zygarde|100/100
|move|p1a: Zygarde|Rest|p1a: Zygarde
|-status|p1a: Zygarde|slp|[from] move: Rest
|-heal|p1a: Zygarde|100/100 slp|[silent]
|
|upkeep
|turn|51
|
|t:|1640211859
|move|p2a: Zygarde|Thousand Arrows|p1a: Zygarde
|-damage|p1a: Zygarde|85/100 slp
|cant|p1a: Zygarde|slp
|
|-heal|p1a: Zygarde|92/100 slp|[from] item: Leftovers
|upkeep
|turn|52
|
|t:|1640211867
|switch|p2a: Éthernatos|Eternatus|100/100
|-ability|p2a: Éthernatos|Pressure
|cant|p1a: Zygarde|slp
|
|-heal|p1a: Zygarde|98/100 slp|[from] item: Leftovers
|upkeep
|turn|53
|
|t:|1640211873
|switch|p1a: Chansey|Chansey, F|76/100
|move|p2a: Éthernatos|Dynamax Cannon|p1a: Chansey
|-crit|p1a: Chansey
|-damage|p1a: Chansey|40/100
|
|upkeep
|turn|54
|
|t:|1640211878
|move|p2a: Éthernatos|Toxic Spikes|p1a: Chansey
|-sidestart|p1: ttv-error-yt|move: Toxic Spikes
|move|p1a: Chansey|Soft-Boiled|p1a: Chansey
|-heal|p1a: Chansey|90/100
|
|upkeep
|turn|55
|
|t:|1640211892
|switch|p1a: Ho-Oh|Ho-Oh|75/100
|move|p2a: Éthernatos|Dynamax Cannon|p1a: Ho-Oh
|-damage|p1a: Ho-Oh|54/100
|
|upkeep
|turn|56
|
|t:|1640211901
|switch|p2a: Ho-Oh|Ho-Oh|100/100 par
|move|p1a: Ho-Oh|Thunder Wave|p2a: Ho-Oh
|-fail|p2a: Ho-Oh|par
|
|upkeep
|turn|57
|
|t:|1640211905
|switch|p1a: Zygarde|Zygarde-Complete|98/100 slp
|move|p2a: Ho-Oh|Toxic||[still]
|-fail|p2a: Ho-Oh
|
|-heal|p1a: Zygarde|100/100 slp|[from] item: Leftovers
|upkeep
|turn|58
|
|t:|1640211913
|-curestatus|p1a: Zygarde|slp|[msg]
|move|p1a: Zygarde|Thousand Arrows|p2a: Ho-Oh
|-damage|p2a: Ho-Oh|68/100 par
|-start|p2a: Ho-Oh|Smack Down
|cant|p2a: Ho-Oh|par
|
|upkeep
|turn|59
|
|t:|1640211926
|switch|p2a: Zygarde|Zygarde|100/100
|move|p1a: Zygarde|Thousand Arrows|p2a: Zygarde
|-damage|p2a: Zygarde|78/100
|
|-heal|p2a: Zygarde|84/100|[from] item: Leftovers
|upkeep
|turn|60
|
|t:|1640211930
|move|p2a: Zygarde|Glare|p1a: Zygarde
|-status|p1a: Zygarde|par
|move|p1a: Zygarde|Coil|p1a: Zygarde
|-boost|p1a: Zygarde|atk|1
|-boost|p1a: Zygarde|def|1
|-boost|p1a: Zygarde|accuracy|1
|
|-heal|p2a: Zygarde|90/100|[from] item: Leftovers
|upkeep
|turn|61
|
|t:|1640211933
|move|p2a: Zygarde|Haze|p2a: Zygarde
|-clearallboost
|cant|p1a: Zygarde|par
|
|-heal|p2a: Zygarde|96/100|[from] item: Leftovers
|upkeep
|turn|62
|
|t:|1640211940
|move|p2a: Zygarde|Glare|p1a: Zygarde
|-fail|p1a: Zygarde|par
|cant|p1a: Zygarde|par
|
|-heal|p2a: Zygarde|100/100|[from] item: Leftovers
|upkeep
|turn|63
|
|t:|1640211947
|switch|p2a: Éthernatos|Eternatus|100/100
|-ability|p2a: Éthernatos|Pressure
|move|p1a: Zygarde|Glare|p2a: Éthernatos
|-status|p2a: Éthernatos|par
|
|upkeep
|turn|64
|
|t:|1640211955
|switch|p1a: Chansey|Chansey, F|90/100
|-status|p1a: Chansey|psn
|cant|p2a: Éthernatos|par
|
|-damage|p1a: Chansey|78/100 psn|[from] psn
|upkeep
|turn|65
|
|t:|1640211980
|switch|p2a: Necrozma|Necrozma-Dusk-Mane|79/100
|-curestatus|p1a: Chansey|psn|[from] ability: Natural Cure
|switch|p1a: Ho-Oh|Ho-Oh|87/100
|
|upkeep
|turn|66
|
|t:|1640211988
|move|p2a: Necrozma|Stealth Rock|p1a: Ho-Oh
|-sidestart|p1: ttv-error-yt|move: Stealth Rock
|move|p1a: Ho-Oh|Whirlwind|p2a: Necrozma
|drag|p2a: Zygarde|Zygarde|100/100
|
|upkeep
|turn|67
|
|t:|1640211996
|move|p2a: Zygarde|Glare|p1a: Ho-Oh
|-status|p1a: Ho-Oh|par
|cant|p1a: Ho-Oh|par
|
|upkeep
|turn|68
|
|t:|1640212000
|move|p2a: Zygarde|Thousand Arrows|p1a: Ho-Oh
|-damage|p1a: Ho-Oh|58/100 par
|-start|p1a: Ho-Oh|Smack Down
|cant|p1a: Ho-Oh|par
|
|upkeep
|turn|69
|
|t:|1640212016
|switch|p2a: Necrozma|Necrozma-Dusk-Mane|79/100
|cant|p1a: Ho-Oh|par
|
|upkeep
|turn|70
|
|t:|1640212023
|move|p2a: Necrozma|Knock Off|p1a: Ho-Oh
|-damage|p1a: Ho-Oh|31/100 par
|-enditem|p1a: Ho-Oh|Eviolite|[from] move: Knock Off|[of] p2a: Necrozma
|cant|p1a: Ho-Oh|par
|
|upkeep
|turn|71
|
|t:|1640212028
|move|p2a: Necrozma|Sunsteel Strike|p1a: Ho-Oh
|-resisted|p1a: Ho-Oh
|-damage|p1a: Ho-Oh|7/100 par
|cant|p1a: Ho-Oh|par
|
|upkeep
|turn|72
|
|t:|1640212036
|move|p2a: Necrozma|Knock Off|p1a: Ho-Oh
|-damage|p1a: Ho-Oh|0 fnt
|faint|p1a: Ho-Oh
|
|upkeep
|
|t:|1640212044
|switch|p1a: Chansey|Chansey, F|78/100
|-damage|p1a: Chansey|66/100|[from] Stealth Rock
|-status|p1a: Chansey|psn
|turn|73
|
|t:|1640212050
|switch|p2a: Éthernatos|Eternatus|100/100 par
|-ability|p2a: Éthernatos|Pressure
|move|p1a: Chansey|Aromatherapy|p1a: Chansey
|-activate|p1a: Chansey|move: Aromatherapy
|-curestatus|p1a: Chansey|psn|[msg]
|-curestatus|p1: Zygarde|par|[msg]
|-curestatus|p1: Quagsire|par|[msg]
|
|upkeep
|turn|74
|
|t:|1640212057
|switch|p1a: Tyranitar|Tyranitar, F|100/100
|-status|p1a: Tyranitar|psn
|-damage|p1a: Tyranitar|88/100 psn|[from] Stealth Rock
|-weather|Sandstorm|[from] ability: Sand Stream|[of] p1a: Tyranitar
|move|p2a: Éthernatos|Toxic Spikes|p1a: Tyranitar
|-sidestart|p1: ttv-error-yt|move: Toxic Spikes
|
|-weather|Sandstorm|[upkeep]
|-damage|p2a: Éthernatos|94/100 par|[from] Sandstorm
|-heal|p2a: Éthernatos|100/100 par|[from] item: Black Sludge
|-heal|p1a: Tyranitar|94/100 psn|[from] item: Leftovers
|-damage|p1a: Tyranitar|82/100 psn|[from] psn
|upkeep
|turn|75
|
|t:|1640212070
|switch|p2a: Zygarde|Zygarde|100/100
|switch|p1a: Chansey|Chansey, F|66/100
|-damage|p1a: Chansey|53/100|[from] Stealth Rock
|-status|p1a: Chansey|tox
|
|-weather|Sandstorm|[upkeep]
|-damage|p1a: Chansey|47/100 tox|[from] Sandstorm
|-damage|p1a: Chansey|41/100 tox|[from] psn
|upkeep
|turn|76
|
|t:|1640212095
|switch|p2a: Sylveroy|Calyrex-Shadow|88/100
|-ability|p2a: Sylveroy|As One
|-ability|p2a: Sylveroy|Unnerve
|move|p1a: Chansey|Soft-Boiled|p1a: Chansey
|-heal|p1a: Chansey|91/100 tox
|
|-weather|Sandstorm|[upkeep]
|-damage|p2a: Sylveroy|82/100|[from] Sandstorm
|-damage|p1a: Chansey|85/100 tox|[from] Sandstorm
|-damage|p1a: Chansey|73/100 tox|[from] psn
|upkeep
|turn|77
|
|t:|1640212102
|-curestatus|p1a: Chansey|tox|[from] ability: Natural Cure
|switch|p1a: Ditto|Ditto|100/100
|-status|p1a: Ditto|tox
|-damage|p1a: Ditto|88/100 tox|[from] Stealth Rock
|-transform|p1a: Ditto|p2a: Sylveroy|[from] ability: Imposter
|move|p2a: Sylveroy|Aromatherapy|p2a: Sylveroy
|-activate|p2a: Sylveroy|move: Aromatherapy
|-curestatus|p2: Ho-Oh|par|[msg]
|-curestatus|p2: Éthernatos|par|[msg]
|
|-weather|Sandstorm|[upkeep]
|-damage|p1a: Ditto|82/100 tox|[from] Sandstorm
|-damage|p2a: Sylveroy|76/100|[from] Sandstorm
|-damage|p1a: Ditto|76/100 tox|[from] psn
|upkeep
|turn|78
|
|t:|1640212109
|switch|p2a: Yveltal|Yveltal|65/100
|-ability|p2a: Yveltal|Dark Aura
|move|p1a: Ditto|Astral Barrage|p2a: Yveltal
|-resisted|p2a: Yveltal
|-damage|p2a: Yveltal|31/100
|
|-weather|none
|-damage|p1a: Ditto|64/100 tox|[from] psn
|upkeep
|turn|79
|
|t:|1640212121
|move|p1a: Ditto|Astral Barrage|p2a: Yveltal
|-resisted|p2a: Yveltal
|-damage|p2a: Yveltal|0 fnt
|faint|p2a: Yveltal
|-ability|p1a: Ditto|Grim Neigh|boost
|-boost|p1a: Ditto|spa|1
|
|-damage|p1a: Ditto|46/100 tox|[from] psn
|upkeep
|c|☆QuebecLibre|wtf
|c|☆QuebecLibre|u know i have sucker punch?
|inactive|QuebecLibre has 120 seconds left.
|
|t:|1640212149
|switch|p2a: Éthernatos|Eternatus|100/100
|-ability|p2a: Éthernatos|Pressure
|turn|80
|
|t:|1640212154
|move|p1a: Ditto|Astral Barrage|p2a: Éthernatos
|-crit|p2a: Éthernatos
|-damage|p2a: Éthernatos|3/100
|move|p2a: Éthernatos|Dynamax Cannon|p1a: Ditto
|-damage|p1a: Ditto|0 fnt
|faint|p1a: Ditto
|
|-heal|p2a: Éthernatos|9/100|[from] item: Black Sludge
|upkeep
|
|t:|1640212165
|switch|p1a: Zygarde|Zygarde-Complete|100/100
|-damage|p1a: Zygarde|94/100|[from] Stealth Rock
|-status|p1a: Zygarde|tox
|turn|81
|
|t:|1640212174
|switch|p2a: Zygarde|Zygarde|100/100
|move|p1a: Zygarde|Thousand Arrows|p2a: Zygarde
|-crit|p2a: Zygarde
|-damage|p2a: Zygarde|70/100
|
|-heal|p2a: Zygarde|76/100|[from] item: Leftovers
|-heal|p1a: Zygarde|100/100 tox|[from] item: Leftovers
|-damage|p1a: Zygarde|94/100 tox|[from] psn
|upkeep
|turn|82
|inactive|ttv-error-yt has 120 seconds left.
|-message|ttv-error-yt forfeited.
|
|win|QuebecLibre
|raw|ttv-error-yt's rating: 1422 &rarr; <strong>1401</strong><br />(-21 for losing)
|raw|QuebecLibre's rating: 1408 &rarr; <strong>1429</strong><br />(+21 for winning)
|l|☆ttv-error-yt
||Ladder isn't responding, score probably updated but might not have (Request timeout).
|l|☆QuebecLibre
|j|☆QuebecLibre
|player|p2|QuebecLibre|gambler
|inactive|Battle timer is ON: inactive players will automatically lose when time's up. (requested by QuebecLibre)
