|j|☆Jimbo5k
|j|☆nutbustas
|t:|1664082718
|gametype|singles
|player|p1|Jimbo5k|lance|1465
|player|p2|nutbustas|may-masters|1508
|teamsize|p1|6
|teamsize|p2|6
|gen|8
|tier|[Gen 8] Ubers
|rated|
|rule|Sleep Clause Mod: Limit one foe put to sleep
|rule|Species Clause: Limit one of each Pokémon
|rule|OHKO Clause: OHKO moves are banned
|rule|Evasion Items Clause: Evasion items are banned
|rule|Evasion Moves Clause: Evasion moves are banned
|rule|Endless Battle Clause: Forcing endless battles is banned
|rule|HP Percentage Mod: HP is shown in percentages
|rule|Dynamax Clause: You cannot dynamax
|clearpoke
|poke|p1|Ferrothorn, F|
|poke|p1|Kyogre|
|poke|p1|Yveltal|
|poke|p1|Chansey, F|
|poke|p1|Eternatus|
|poke|p1|Ho-Oh|
|poke|p2|Weavile, M|
|poke|p2|Groudon|
|poke|p2|Yveltal|
|poke|p2|Xerneas-*|
|poke|p2|Necrozma-Dusk-Mane|
|poke|p2|Eternatus|
|teampreview
|inactive|Battle timer is ON: inactive players will automatically lose when time's up. (requested by Jimbo5k)
|
|t:|1664082734
|start
|switch|p1a: Ferrothorn|Ferrothorn, F|100/100
|switch|p2a: Eternatus|Eternatus|100/100
|-ability|p2a: Eternatus|Pressure
|turn|1
|
|t:|1664082741
|move|p2a: Eternatus|Flamethrower|p1a: Ferrothorn
|-supereffective|p1a: Ferrothorn
|-damage|p1a: Ferrothorn|21/100
|move|p1a: Ferrothorn|Leech Seed|p2a: Eternatus
|-start|p2a: Eternatus|move: Leech Seed
|
|-heal|p1a: Ferrothorn|27/100|[from] item: Leftovers
|-damage|p2a: Eternatus|88/100|[from] Leech Seed|[of] p1a: Ferrothorn
|-heal|p1a: Ferrothorn|44/100|[silent]
|upkeep
|turn|2
|
|t:|1664082751
|switch|p2a: Necrozma|Necrozma-Dusk-Mane, shiny|100/100
|switch|p1a: Kyogre|Kyogre|100/100
|-weather|RainDance|[from] ability: Drizzle|[of] p1a: Kyogre
|
|-weather|RainDance|[upkeep]
|upkeep
|turn|3
|
|t:|1664082760
|switch|p2a: Eternatus|Eternatus|88/100
|-ability|p2a: Eternatus|Pressure
|move|p1a: Kyogre|Substitute|p1a: Kyogre
|-start|p1a: Kyogre|Substitute
|-damage|p1a: Kyogre|76/100
|
|-weather|RainDance|[upkeep]
|-heal|p1a: Kyogre|82/100|[from] item: Leftovers
|upkeep
|turn|4
|
|t:|1664082770
|move|p2a: Eternatus|Dynamax Cannon|p1a: Kyogre
|-end|p1a: Kyogre|Substitute
|move|p1a: Kyogre|Ice Beam|p2a: Eternatus
|-supereffective|p2a: Eternatus
|-damage|p2a: Eternatus|45/100
|-status|p2a: Eternatus|frz
|
|-weather|RainDance|[upkeep]
|-heal|p1a: Kyogre|88/100|[from] item: Leftovers
|upkeep
|turn|5
|c|☆nutbustas|ok
|
|t:|1664082783
|switch|p2a: Weavile|Weavile, M|100/100
|-ability|p2a: Weavile|Pressure
|move|p1a: Kyogre|Substitute|p1a: Kyogre
|-start|p1a: Kyogre|Substitute
|-damage|p1a: Kyogre|63/100
|
|-weather|RainDance|[upkeep]
|-heal|p1a: Kyogre|69/100|[from] item: Leftovers
|upkeep
|turn|6
|
|t:|1664082793
|move|p2a: Weavile|Beat Up|p1a: Kyogre
|-activate|p1a: Kyogre|move: Substitute|[damage]
|-end|p1a: Kyogre|Substitute
|-damage|p1a: Kyogre|57/100
|-damage|p1a: Kyogre|46/100
|-damage|p1a: Kyogre|32/100
|-hitcount|p1a: Kyogre|5
|move|p1a: Kyogre|Scald|p2a: Weavile
|-damage|p2a: Weavile|0 fnt
|faint|p2a: Weavile
|
|-weather|none
|-heal|p1a: Kyogre|38/100|[from] item: Leftovers
|upkeep
|
|t:|1664082804
|switch|p2a: Yveltal|Yveltal, shiny|100/100
|-ability|p2a: Yveltal|Dark Aura
|turn|7
|
|t:|1664082821
|switch|p1a: Ferrothorn|Ferrothorn, F|44/100
|move|p2a: Yveltal|Foul Play|p1a: Ferrothorn
|-damage|p1a: Ferrothorn|17/100
|-damage|p2a: Yveltal|88/100|[from] ability: Iron Barbs|[of] p1a: Ferrothorn
|
|-heal|p1a: Ferrothorn|23/100|[from] item: Leftovers
|upkeep
|turn|8
|
|t:|1664082831
|move|p2a: Yveltal|Foul Play|p1a: Ferrothorn
|-damage|p1a: Ferrothorn|0 fnt
|-damage|p2a: Yveltal|76/100|[from] ability: Iron Barbs|[of] p1a: Ferrothorn
|faint|p1a: Ferrothorn
|
|upkeep
|
|t:|1664082840
|switch|p1a: Ho-Oh|Ho-Oh|100/100
|turn|9
|
|t:|1664082846
|switch|p2a: Eternatus|Eternatus|45/100 frz
|-ability|p2a: Eternatus|Pressure
|move|p1a: Ho-Oh|Sacred Fire|p2a: Eternatus
|-resisted|p2a: Eternatus
|-damage|p2a: Eternatus|23/100 frz
|-curestatus|p2a: Eternatus|frz|[msg]
|
|upkeep
|turn|10
|
|t:|1664082856
|move|p2a: Eternatus|Recover|p2a: Eternatus
|-heal|p2a: Eternatus|73/100
|move|p1a: Ho-Oh|Thunder Wave|p2a: Eternatus
|-status|p2a: Eternatus|par
|
|upkeep
|turn|11
|
|t:|1664082867
|move|p1a: Ho-Oh|Brave Bird|p2a: Eternatus
|-damage|p2a: Eternatus|22/100 par
|-damage|p1a: Ho-Oh|81/100|[from] Recoil
|move|p2a: Eternatus|Dynamax Cannon|p1a: Ho-Oh
|-damage|p1a: Ho-Oh|56/100
|
|upkeep
|turn|12
|
|t:|1664082878
|switch|p2a: Groudon|Groudon|100/100
|-weather|SunnyDay|[from] ability: Drought|[of] p2a: Groudon
|move|p1a: Ho-Oh|Brave Bird|p2a: Groudon
|-damage|p2a: Groudon|66/100
|-damage|p1a: Ho-Oh|45/100|[from] Recoil
|
|-weather|SunnyDay|[upkeep]
|-heal|p2a: Groudon|72/100|[from] item: Leftovers
|upkeep
|turn|13
|
|t:|1664082894
|switch|p2a: Eternatus|Eternatus|22/100 par
|-ability|p2a: Eternatus|Pressure
|move|p1a: Ho-Oh|Sacred Fire|p2a: Eternatus
|-resisted|p2a: Eternatus
|-damage|p2a: Eternatus|0 fnt
|faint|p2a: Eternatus
|
|-weather|SunnyDay|[upkeep]
|upkeep
|
|t:|1664082898
|switch|p2a: Yveltal|Yveltal, shiny|76/100
|-ability|p2a: Yveltal|Dark Aura
|turn|14
|
|t:|1664082909
|move|p2a: Yveltal|Foul Play|p1a: Ho-Oh
|-damage|p1a: Ho-Oh|0 fnt
|faint|p1a: Ho-Oh
|
|-weather|SunnyDay|[upkeep]
|upkeep
|
|t:|1664082916
|switch|p1a: Eternatus|Eternatus|100/100
|-ability|p1a: Eternatus|Pressure
|turn|15
|
|t:|1664082924
|switch|p2a: Necrozma|Necrozma-Dusk-Mane, shiny|100/100
|move|p1a: Eternatus|Meteor Beam||[still]
|-prepare|p1a: Eternatus|Meteor Beam
|-boost|p1a: Eternatus|spa|1
|-enditem|p1a: Eternatus|Power Herb
|-anim|p1a: Eternatus|Meteor Beam|p2a: Necrozma
|-resisted|p2a: Necrozma
|-damage|p2a: Necrozma|80/100
|
|-weather|SunnyDay|[upkeep]
|-heal|p2a: Necrozma|86/100|[from] item: Leftovers
|upkeep
|turn|16
|
|t:|1664082936
|move|p1a: Eternatus|Flamethrower|p2a: Necrozma
|-supereffective|p2a: Necrozma
|-damage|p2a: Necrozma|13/100
|-status|p2a: Necrozma|brn
|move|p2a: Necrozma|Thunder Wave|p1a: Eternatus
|-status|p1a: Eternatus|par
|
|-weather|none
|-heal|p2a: Necrozma|19/100 brn|[from] item: Leftovers
|-damage|p2a: Necrozma|13/100 brn|[from] brn
|upkeep
|turn|17
|
|t:|1664082950
|move|p1a: Eternatus|Flamethrower|p2a: Necrozma
|-supereffective|p2a: Necrozma
|-damage|p2a: Necrozma|0 fnt
|faint|p2a: Necrozma
|
|upkeep
|
|t:|1664082957
|switch|p2a: Xerneas|Xerneas|100/100
|-ability|p2a: Xerneas|Fairy Aura
|-item|p2a: Xerneas|Air Balloon
|turn|18
|
|t:|1664082979
|switch|p1a: Chansey|Chansey, F|100/100
|move|p2a: Xerneas|Moonblast|p1a: Chansey
|-damage|p1a: Chansey|87/100
|
|upkeep
|turn|19
|
|t:|1664082988
|switch|p2a: Groudon|Groudon|72/100
|-weather|SunnyDay|[from] ability: Drought|[of] p2a: Groudon
|move|p1a: Chansey|Heal Bell|p1a: Chansey
|-activate|p1a: Chansey|move: Heal Bell
|-curestatus|p1: Eternatus|par|[msg]
|
|-weather|SunnyDay|[upkeep]
|-heal|p2a: Groudon|78/100|[from] item: Leftovers
|upkeep
|turn|20
|
|t:|1664083007
|switch|p1a: Kyogre|Kyogre|38/100
|-weather|RainDance|[from] ability: Drizzle|[of] p1a: Kyogre
|move|p2a: Groudon|Swords Dance|p2a: Groudon
|-boost|p2a: Groudon|atk|2
|
|-weather|RainDance|[upkeep]
|-heal|p2a: Groudon|85/100|[from] item: Leftovers
|-heal|p1a: Kyogre|44/100|[from] item: Leftovers
|upkeep
|turn|21
|
|t:|1664083018
|switch|p2a: Xerneas|Xerneas|100/100
|-ability|p2a: Xerneas|Fairy Aura
|-item|p2a: Xerneas|Air Balloon
|move|p1a: Kyogre|Scald|p2a: Xerneas
|-damage|p2a: Xerneas|40/100
|-enditem|p2a: Xerneas|Air Balloon
|
|-weather|RainDance|[upkeep]
|-heal|p1a: Kyogre|51/100|[from] item: Leftovers
|upkeep
|turn|22
|
|t:|1664083030
|move|p2a: Xerneas|Moonblast|p1a: Kyogre
|-damage|p1a: Kyogre|13/100
|move|p1a: Kyogre|Scald|p2a: Xerneas
|-damage|p2a: Xerneas|0 fnt
|faint|p2a: Xerneas
|
|-weather|RainDance|[upkeep]
|-heal|p1a: Kyogre|19/100|[from] item: Leftovers
|upkeep
|
|t:|1664083035
|switch|p2a: Yveltal|Yveltal, shiny|76/100
|-ability|p2a: Yveltal|Dark Aura
|turn|23
|
|t:|1664083051
|switch|p1a: Yveltal|Yveltal|100/100
|-ability|p1a: Yveltal|Dark Aura
|move|p2a: Yveltal|Foul Play|p1a: Yveltal
|-resisted|p1a: Yveltal
|-damage|p1a: Yveltal|66/100
|
|-weather|RainDance|[upkeep]
|upkeep
|turn|24
|
|t:|1664083060
|move|p2a: Yveltal|Foul Play|p1a: Yveltal
|-resisted|p1a: Yveltal
|-damage|p1a: Yveltal|30/100
|move|p1a: Yveltal|Knock Off|p2a: Yveltal
|-resisted|p2a: Yveltal
|-damage|p2a: Yveltal|33/100
|-enditem|p2a: Yveltal|Heavy-Duty Boots|[from] move: Knock Off|[of] p1a: Yveltal
|
|-weather|none
|upkeep
|turn|25
|
|t:|1664083071
|switch|p1a: Eternatus|Eternatus|100/100
|-ability|p1a: Eternatus|Pressure
|move|p2a: Yveltal|Foul Play|p1a: Eternatus
|-damage|p1a: Eternatus|76/100
|
|upkeep
|turn|26
|
|t:|1664083080
|move|p1a: Eternatus|Dynamax Cannon|p2a: Yveltal
|-damage|p2a: Yveltal|0 fnt
|faint|p2a: Yveltal
|
|upkeep
|
|t:|1664083084
|switch|p2a: Groudon|Groudon|85/100
|-weather|SunnyDay|[from] ability: Drought|[of] p2a: Groudon
|turn|27
|
|t:|1664083088
|move|p1a: Eternatus|Flamethrower|p2a: Groudon
|-damage|p2a: Groudon|38/100
|move|p2a: Groudon|Precipice Blades|p1a: Eternatus
|-supereffective|p1a: Eternatus
|-damage|p1a: Eternatus|0 fnt
|faint|p1a: Eternatus
|
|-weather|SunnyDay|[upkeep]
|-heal|p2a: Groudon|44/100|[from] item: Leftovers
|upkeep
|
|t:|1664083099
|switch|p1a: Chansey|Chansey, F|87/100
|turn|28
|
|t:|1664083105
|switch|p1a: Kyogre|Kyogre|19/100
|-weather|RainDance|[from] ability: Drizzle|[of] p1a: Kyogre
|move|p2a: Groudon|Precipice Blades|p1a: Kyogre
|-damage|p1a: Kyogre|0 fnt
|faint|p1a: Kyogre
|
|-weather|RainDance|[upkeep]
|-heal|p2a: Groudon|51/100|[from] item: Leftovers
|upkeep
|
|t:|1664083117
|switch|p1a: Chansey|Chansey, F|87/100
|turn|29
|
|t:|1664083121
|move|p2a: Groudon|Precipice Blades|p1a: Chansey
|-damage|p1a: Chansey|34/100
|move|p1a: Chansey|Toxic|p2a: Groudon
|-status|p2a: Groudon|tox
|
|-weather|RainDance|[upkeep]
|-heal|p2a: Groudon|57/100 tox|[from] item: Leftovers
|-damage|p2a: Groudon|51/100 tox|[from] psn
|upkeep
|turn|30
|
|t:|1664083132
|switch|p1a: Yveltal|Yveltal|30/100
|-ability|p1a: Yveltal|Dark Aura
|move|p2a: Groudon|Stone Edge|p1a: Yveltal
|-supereffective|p1a: Yveltal
|-damage|p1a: Yveltal|0 fnt
|faint|p1a: Yveltal
|
|-weather|RainDance|[upkeep]
|-heal|p2a: Groudon|57/100 tox|[from] item: Leftovers
|-damage|p2a: Groudon|44/100 tox|[from] psn
|upkeep
|
|t:|1664083144
|switch|p1a: Chansey|Chansey, F|34/100
|turn|31
|
|t:|1664083148
|move|p2a: Groudon|Precipice Blades|p1a: Chansey
|-damage|p1a: Chansey|0 fnt
|faint|p1a: Chansey
|
|win|nutbustas
|raw|Jimbo5k's rating: 1465 &rarr; <strong>1447</strong><br />(-18 for losing)
|raw|nutbustas's rating: 1508 &rarr; <strong>1526</strong><br />(+18 for winning)
|l|☆Jimbo5k
|c|☆nutbustas|choke
