|j|☆ray713testteam
|j|☆TearyToTheEquation
|player|p1|ray713testteam|ethan|1496
|player|p2|TearyToTheEquation|clown|1589
|teamsize|p1|6
|teamsize|p2|6
|gametype|singles
|gen|8
|tier|[Gen 8] Ubers
|rated|
|clearpoke
|poke|p1|Hawlucha, F|
|poke|p1|Polteageist|
|poke|p1|Mew|
|poke|p1|Grimmsnarl, M|
|poke|p1|Zacian-Crowned|
|poke|p1|Ditto|
|poke|p2|Weezing-Galar, M|
|poke|p2|Polteageist|
|poke|p2|Kommo-o, M|
|poke|p2|Excadrill, M|
|poke|p2|Ditto|
|poke|p2|Zacian|
|rule|Sleep Clause Mod: Limit one foe put to sleep
|rule|Species Clause: Limit one of each Pokémon
|rule|OHKO Clause: OHKO moves are banned
|rule|Evasion Moves Clause: Evasion moves are banned
|rule|Endless Battle Clause: Forcing endless battles is banned
|rule|HP Percentage Mod: HP is shown in percentages
|teampreview
|
|start
|switch|p1a: Mew|Mew|100/100
|switch|p2a: Excadrill|Excadrill, M|100/100
|-ability|p2a: Excadrill|Mold Breaker
|turn|1
|
|move|p1a: Mew|Taunt|p2a: Excadrill
|-start|p2a: Excadrill|move: Taunt
|move|p2a: Excadrill|Rapid Spin|p1a: Mew
|-damage|p1a: Mew|81/100
|-boost|p2a: Excadrill|spe|1
|
|upkeep
|turn|2
|j| Libel
|
|move|p2a: Excadrill|Earthquake|p1a: Mew
|-damage|p1a: Mew|27/100
|move|p1a: Mew|Bulldoze|p2a: Excadrill
|-supereffective|p2a: Excadrill
|-crit|p2a: Excadrill
|-damage|p2a: Excadrill|30/100
|-unboost|p2a: Excadrill|spe|1
|
|upkeep
|turn|3
|
|move|p1a: Mew|Bulldoze|p2a: Excadrill
|-supereffective|p2a: Excadrill
|-damage|p2a: Excadrill|0 fnt
|faint|p2a: Excadrill
|
|upkeep
|
|switch|p2a: Zacian|Zacian|100/100
|-ability|p2a: Zacian|Intrepid Sword|boost
|-boost|p2a: Zacian|atk|1
|turn|4
|
|move|p2a: Zacian|Play Rough|p1a: Mew
|-damage|p1a: Mew|0 fnt
|faint|p1a: Mew
|
|upkeep
|
|switch|p1a: Grimmsnarl|Grimmsnarl, M|100/100
|turn|5
|
|move|p1a: Grimmsnarl|Reflect|p1a: Grimmsnarl
|-sidestart|p1: ray713testteam|Reflect
|move|p2a: Zacian|Play Rough|p1a: Grimmsnarl
|-supereffective|p1a: Grimmsnarl
|-crit|p1a: Grimmsnarl
|-damage|p1a: Grimmsnarl|0 fnt
|faint|p1a: Grimmsnarl
|
|upkeep
|
|switch|p1a: Polteageist|Polteageist|100/100
|turn|6
|
|move|p2a: Zacian|Play Rough|p1a: Polteageist
|-enditem|p1a: Polteageist|Focus Sash
|-damage|p1a: Polteageist|1/100
|-ability|p1a: Polteageist|Weak Armor|boost
|-unboost|p1a: Polteageist|def|1
|-boost|p1a: Polteageist|spe|2
|-unboost|p1a: Polteageist|atk|1
|move|p1a: Polteageist|Shell Smash|p1a: Polteageist
|-unboost|p1a: Polteageist|def|1
|-unboost|p1a: Polteageist|spd|1
|-boost|p1a: Polteageist|atk|2
|-boost|p1a: Polteageist|spa|2
|-boost|p1a: Polteageist|spe|2
|
|upkeep
|turn|7
|inactive|Battle timer is ON: inactive players will automatically lose when time's up. (requested by TearyToTheEquation)
|-message|ray713testteam forfeited.
|
|win|TearyToTheEquation
|l|☆ray713testteam
|raw|ray713testteam's rating: 1496 &rarr; <strong>1481</strong><br />(-15 for losing)
|raw|TearyToTheEquation's rating: 1589 &rarr; <strong>1604</strong><br />(+15 for winning)
