|j|☆Meracx
|j|☆Remi25
|t:|1665848468
|gametype|singles
|player|p1|Meracx|thorton|
|player|p2|Remi25|blue|
|teamsize|p1|6
|teamsize|p2|6
|gen|8
|tier|[Gen 8] Ubers
|rule|Sleep Clause Mod: Limit one foe put to sleep
|rule|Species Clause: Limit one of each Pokémon
|rule|OHKO Clause: OHKO moves are banned
|rule|Evasion Items Clause: Evasion items are banned
|rule|Evasion Moves Clause: Evasion moves are banned
|rule|Endless Battle Clause: Forcing endless battles is banned
|rule|HP Percentage Mod: HP is shown in percentages
|rule|Dynamax Clause: You cannot dynamax
|clearpoke
|poke|p1|Calyrex-Shadow|
|poke|p1|Xerneas-*|
|poke|p1|Zygarde|
|poke|p1|Eternatus|
|poke|p1|Necrozma-Dusk-Mane|
|poke|p1|Yveltal|
|poke|p2|Yveltal|
|poke|p2|Xerneas-*|
|poke|p2|Necrozma-Dusk-Mane|
|poke|p2|Zygarde|
|poke|p2|Marshadow|
|poke|p2|Eternatus|
|teampreview
|c|☆Meracx|hf
|c|☆Remi25|u2
|c|☆Remi25|/log Remi25 made this room public.
|
|t:|1665848546
|start
|switch|p1a: Yveltal|Yveltal|100/100
|switch|p2a: Yveltal|Yveltal|100/100
|-ability|p1a: Yveltal|Dark Aura
|-ability|p2a: Yveltal|Dark Aura
|turn|1
|
|t:|1665848561
|move|p1a: Yveltal|Knock Off|p2a: Yveltal
|-resisted|p2a: Yveltal
|-damage|p2a: Yveltal|80/100
|-enditem|p2a: Yveltal|Heavy-Duty Boots|[from] move: Knock Off|[of] p1a: Yveltal
|move|p2a: Yveltal|Knock Off|p1a: Yveltal
|-resisted|p1a: Yveltal
|-damage|p1a: Yveltal|74/100
|-enditem|p1a: Yveltal|Heavy-Duty Boots|[from] move: Knock Off|[of] p2a: Yveltal
|
|upkeep
|turn|2
|
|t:|1665848571
|move|p1a: Yveltal|Knock Off|p2a: Yveltal
|-resisted|p2a: Yveltal
|-damage|p2a: Yveltal|65/100
|move|p2a: Yveltal|U-turn|p1a: Yveltal
|-damage|p1a: Yveltal|55/100
|j| Scavet
|
|t:|1665848594
|switch|p2a: Marshadow|Marshadow|100/100|[from]move: U-turn
|
|upkeep
|turn|3
|
|t:|1665848610
|switch|p2a: Necrozma|Necrozma-Dusk-Mane|100/100
|switch|p1a: Zygarde|Zygarde|100/100
|
|upkeep
|turn|4
|
|t:|1665848617
|switch|p2a: Xerneas|Xerneas|100/100
|-ability|p2a: Xerneas|Fairy Aura
|move|p1a: Zygarde|Glare|p2a: Xerneas
|-status|p2a: Xerneas|par
|
|upkeep
|turn|5
|
|t:|1665848629
|switch|p1a: Necrozma|Necrozma-Dusk-Mane|100/100
|move|p2a: Xerneas|Aromatherapy|p2a: Xerneas
|-activate|p2a: Xerneas|move: Aromatherapy
|-curestatus|p2a: Xerneas|par|[msg]
|
|upkeep
|turn|6
|j| outd hikozaru
|
|t:|1665848640
|switch|p2a: Zygarde|Zygarde|100/100
|move|p1a: Necrozma|Stealth Rock|p2a: Zygarde
|-sidestart|p2: Remi25|move: Stealth Rock
|
|upkeep
|turn|7
|
|t:|1665848651
|switch|p1a: Zygarde|Zygarde|100/100
|move|p2a: Zygarde|Substitute|p2a: Zygarde
|-start|p2a: Zygarde|Substitute
|-damage|p2a: Zygarde|76/100
|
|-heal|p2a: Zygarde|82/100|[from] item: Leftovers
|upkeep
|turn|8
|
|t:|1665848660
|move|p2a: Zygarde|Glare|p1a: Zygarde
|-status|p1a: Zygarde|par
|move|p1a: Zygarde|Coil|p1a: Zygarde
|-boost|p1a: Zygarde|atk|1
|-boost|p1a: Zygarde|def|1
|-boost|p1a: Zygarde|accuracy|1
|
|-heal|p2a: Zygarde|88/100|[from] item: Leftovers
|upkeep
|turn|9
|j| Banal enfer ★彡
|
|t:|1665848676
|switch|p2a: Xerneas|Xerneas|100/100
|-damage|p2a: Xerneas|88/100|[from] Stealth Rock
|-ability|p2a: Xerneas|Fairy Aura
|move|p1a: Zygarde|Coil|p1a: Zygarde
|-boost|p1a: Zygarde|atk|1
|-boost|p1a: Zygarde|def|1
|-boost|p1a: Zygarde|accuracy|1
|
|-heal|p2a: Xerneas|94/100|[from] item: Leftovers
|upkeep
|turn|10
|
|t:|1665848682
|switch|p1a: Necrozma|Necrozma-Dusk-Mane|100/100
|move|p2a: Xerneas|Moonblast|p1a: Necrozma
|-resisted|p1a: Necrozma
|-damage|p1a: Necrozma|83/100
|-unboost|p1a: Necrozma|spa|1
|
|-heal|p2a: Xerneas|99/100|[from] item: Leftovers
|-heal|p1a: Necrozma|89/100|[from] item: Leftovers
|upkeep
|turn|11
|
|t:|1665848695
|switch|p2a: Zygarde|Zygarde|88/100
|-damage|p2a: Zygarde|82/100|[from] Stealth Rock
|switch|p1a: Calyrex|Calyrex-Shadow|100/100
|-ability|p1a: Calyrex|As One
|-ability|p1a: Calyrex|Unnerve
|
|-heal|p2a: Zygarde|88/100|[from] item: Leftovers
|upkeep
|turn|12
|j| OUTD testable
|
|t:|1665848709
|move|p1a: Calyrex|Substitute|p1a: Calyrex
|-start|p1a: Calyrex|Substitute
|-damage|p1a: Calyrex|76/100
|move|p2a: Zygarde|Glare||[still]
|-fail|p2a: Zygarde
|
|-heal|p1a: Calyrex|82/100|[from] item: Leftovers
|-heal|p2a: Zygarde|94/100|[from] item: Leftovers
|upkeep
|turn|13
|
|t:|1665848717
|move|p1a: Calyrex|Leech Seed|p2a: Zygarde|[miss]
|-miss|p1a: Calyrex|p2a: Zygarde
|move|p2a: Zygarde|Thousand Arrows|p1a: Calyrex
|-end|p1a: Calyrex|Substitute
|
|-heal|p1a: Calyrex|88/100|[from] item: Leftovers
|-heal|p2a: Zygarde|99/100|[from] item: Leftovers
|upkeep
|turn|14
|
|t:|1665848732
|move|p1a: Calyrex|Astral Barrage|p2a: Zygarde
|-damage|p2a: Zygarde|27/100
|move|p2a: Zygarde|Dragon Dance|p2a: Zygarde
|-boost|p2a: Zygarde|atk|1
|-boost|p2a: Zygarde|spe|1
|
|-heal|p1a: Calyrex|94/100|[from] item: Leftovers
|-heal|p2a: Zygarde|33/100|[from] item: Leftovers
|-activate|p2a: Zygarde|ability: Power Construct
|detailschange|p2a: Zygarde|Zygarde-Complete
|-heal|p2a: Zygarde|58/100|[silent]
|upkeep
|turn|15
|
|t:|1665848771
|switch|p1a: Xerneas|Xerneas|100/100
|-ability|p1a: Xerneas|Fairy Aura
|move|p2a: Zygarde|Glare|p1a: Xerneas
|-status|p1a: Xerneas|par
|
|-heal|p2a: Zygarde|64/100|[from] item: Leftovers
|upkeep
|turn|16
|
|t:|1665848783
|move|p2a: Zygarde|Substitute|p2a: Zygarde
|-start|p2a: Zygarde|Substitute
|-damage|p2a: Zygarde|39/100
|move|p1a: Xerneas|Moonblast|p2a: Zygarde
|-supereffective|p2a: Zygarde
|-end|p2a: Zygarde|Substitute
|
|-heal|p2a: Zygarde|46/100|[from] item: Leftovers
|upkeep
|turn|17
|
|t:|1665848793
|switch|p2a: Necrozma|Necrozma-Dusk-Mane|100/100
|-damage|p2a: Necrozma|94/100|[from] Stealth Rock
|move|p1a: Xerneas|Moonblast|p2a: Necrozma
|-resisted|p2a: Necrozma
|-damage|p2a: Necrozma|74/100
|
|-heal|p2a: Necrozma|80/100|[from] item: Leftovers
|upkeep
|turn|18
|
|t:|1665848802
|switch|p1a: Yveltal|Yveltal|55/100
|-ability|p1a: Yveltal|Dark Aura
|move|p2a: Necrozma|Stealth Rock|p1a: Yveltal
|-sidestart|p1: Meracx|move: Stealth Rock
|
|-heal|p2a: Necrozma|86/100|[from] item: Leftovers
|upkeep
|turn|19
|
|t:|1665848811
|move|p1a: Yveltal|Knock Off|p2a: Necrozma
|-supereffective|p2a: Necrozma
|-damage|p2a: Necrozma|25/100
|-enditem|p2a: Necrozma|Leftovers|[from] move: Knock Off|[of] p1a: Yveltal
|move|p2a: Necrozma|Thunder Wave|p1a: Yveltal
|-status|p1a: Yveltal|par
|
|upkeep
|turn|20
|
|t:|1665848820
|switch|p1a: Calyrex|Calyrex-Shadow|94/100
|-ability|p1a: Calyrex|As One
|-ability|p1a: Calyrex|Unnerve
|-damage|p1a: Calyrex|82/100|[from] Stealth Rock
|move|p2a: Necrozma|Moonlight|p2a: Necrozma
|-heal|p2a: Necrozma|75/100
|
|-heal|p1a: Calyrex|88/100|[from] item: Leftovers
|upkeep
|turn|21
|
|t:|1665848838
|switch|p2a: Yveltal|Yveltal|65/100
|-damage|p2a: Yveltal|40/100|[from] Stealth Rock
|-ability|p2a: Yveltal|Dark Aura
|move|p1a: Calyrex|Astral Barrage|p2a: Yveltal
|-resisted|p2a: Yveltal
|-damage|p2a: Yveltal|19/100
|
|-heal|p1a: Calyrex|94/100|[from] item: Leftovers
|upkeep
|turn|22
|
|t:|1665848856
|move|p1a: Calyrex|Substitute|p1a: Calyrex
|-start|p1a: Calyrex|Substitute
|-damage|p1a: Calyrex|69/100
|move|p2a: Yveltal|Roost|p2a: Yveltal
|-heal|p2a: Yveltal|70/100
|-singleturn|p2a: Yveltal|move: Roost
|
|-heal|p1a: Calyrex|75/100|[from] item: Leftovers
|upkeep
|turn|23
|
|t:|1665848871
|move|p1a: Calyrex|Leech Seed|p2a: Yveltal
|-start|p2a: Yveltal|move: Leech Seed
|move|p2a: Yveltal|Knock Off|p1a: Calyrex
|-supereffective|p1a: Calyrex
|-end|p1a: Calyrex|Substitute
|
|-heal|p1a: Calyrex|81/100|[from] item: Leftovers
|-damage|p2a: Yveltal|57/100|[from] Leech Seed|[of] p1a: Calyrex
|-heal|p1a: Calyrex|98/100|[silent]
|upkeep
|turn|24
|l| Banal enfer ★彡
|
|t:|1665848878
|move|p1a: Calyrex|Substitute|p1a: Calyrex
|-start|p1a: Calyrex|Substitute
|-damage|p1a: Calyrex|73/100
|move|p2a: Yveltal|Roost|p2a: Yveltal
|-heal|p2a: Yveltal|100/100
|-singleturn|p2a: Yveltal|move: Roost
|
|-heal|p1a: Calyrex|79/100|[from] item: Leftovers
|-damage|p2a: Yveltal|88/100|[from] Leech Seed|[of] p1a: Calyrex
|-heal|p1a: Calyrex|96/100|[silent]
|upkeep
|turn|25
|
|t:|1665848883
|move|p1a: Calyrex|Nasty Plot|p1a: Calyrex
|-boost|p1a: Calyrex|spa|2
|move|p2a: Yveltal|Knock Off|p1a: Calyrex
|-supereffective|p1a: Calyrex
|-end|p1a: Calyrex|Substitute
|
|-heal|p1a: Calyrex|100/100|[from] item: Leftovers
|-damage|p2a: Yveltal|76/100|[from] Leech Seed|[of] p1a: Calyrex
|upkeep
|turn|26
|j| mimilimi ☯️♫
|
|t:|1665848890
|move|p1a: Calyrex|Substitute|p1a: Calyrex
|-start|p1a: Calyrex|Substitute
|-damage|p1a: Calyrex|76/100
|move|p2a: Yveltal|Knock Off|p1a: Calyrex
|-supereffective|p1a: Calyrex
|-end|p1a: Calyrex|Substitute
|
|-heal|p1a: Calyrex|82/100|[from] item: Leftovers
|-damage|p2a: Yveltal|64/100|[from] Leech Seed|[of] p1a: Calyrex
|-heal|p1a: Calyrex|98/100|[silent]
|upkeep
|turn|27
|
|t:|1665848894
|move|p1a: Calyrex|Substitute|p1a: Calyrex
|-start|p1a: Calyrex|Substitute
|-damage|p1a: Calyrex|73/100
|move|p2a: Yveltal|Knock Off|p1a: Calyrex
|-supereffective|p1a: Calyrex
|-end|p1a: Calyrex|Substitute
|
|-heal|p1a: Calyrex|79/100|[from] item: Leftovers
|-damage|p2a: Yveltal|51/100|[from] Leech Seed|[of] p1a: Calyrex
|-heal|p1a: Calyrex|96/100|[silent]
|upkeep
|turn|28
|
|t:|1665848911
|move|p1a: Calyrex|Substitute|p1a: Calyrex
|-start|p1a: Calyrex|Substitute
|-damage|p1a: Calyrex|71/100
|move|p2a: Yveltal|Knock Off|p1a: Calyrex
|-supereffective|p1a: Calyrex
|-end|p1a: Calyrex|Substitute
|
|-heal|p1a: Calyrex|77/100|[from] item: Leftovers
|-damage|p2a: Yveltal|39/100|[from] Leech Seed|[of] p1a: Calyrex
|-heal|p1a: Calyrex|93/100|[silent]
|upkeep
|turn|29
|
|t:|1665848915
|move|p1a: Calyrex|Substitute|p1a: Calyrex
|-start|p1a: Calyrex|Substitute
|-damage|p1a: Calyrex|69/100
|move|p2a: Yveltal|Knock Off|p1a: Calyrex
|-supereffective|p1a: Calyrex
|-end|p1a: Calyrex|Substitute
|
|-heal|p1a: Calyrex|75/100|[from] item: Leftovers
|-damage|p2a: Yveltal|27/100|[from] Leech Seed|[of] p1a: Calyrex
|-heal|p1a: Calyrex|91/100|[silent]
|upkeep
|turn|30
|
|t:|1665848921
|move|p1a: Calyrex|Substitute|p1a: Calyrex
|-start|p1a: Calyrex|Substitute
|-damage|p1a: Calyrex|66/100
|move|p2a: Yveltal|Knock Off|p1a: Calyrex
|-supereffective|p1a: Calyrex
|-end|p1a: Calyrex|Substitute
|
|-heal|p1a: Calyrex|72/100|[from] item: Leftovers
|-damage|p2a: Yveltal|14/100|[from] Leech Seed|[of] p1a: Calyrex
|-heal|p1a: Calyrex|89/100|[silent]
|upkeep
|turn|31
|
|t:|1665848927
|move|p1a: Calyrex|Substitute|p1a: Calyrex
|-start|p1a: Calyrex|Substitute
|-damage|p1a: Calyrex|64/100
|move|p2a: Yveltal|Roost|p2a: Yveltal
|-heal|p2a: Yveltal|64/100
|-singleturn|p2a: Yveltal|move: Roost
|
|-heal|p1a: Calyrex|70/100|[from] item: Leftovers
|-damage|p2a: Yveltal|52/100|[from] Leech Seed|[of] p1a: Calyrex
|-heal|p1a: Calyrex|86/100|[silent]
|upkeep
|turn|32
|
|t:|1665848936
|move|p1a: Calyrex|Astral Barrage|p2a: Yveltal
|-resisted|p2a: Yveltal
|-damage|p2a: Yveltal|11/100
|move|p2a: Yveltal|Roost|p2a: Yveltal
|-heal|p2a: Yveltal|61/100
|-singleturn|p2a: Yveltal|move: Roost
|
|-heal|p1a: Calyrex|93/100|[from] item: Leftovers
|-damage|p2a: Yveltal|48/100|[from] Leech Seed|[of] p1a: Calyrex
|-heal|p1a: Calyrex|100/100|[silent]
|upkeep
|turn|33
|
|t:|1665848947
|move|p1a: Calyrex|Nasty Plot|p1a: Calyrex
|-boost|p1a: Calyrex|spa|2
|move|p2a: Yveltal|Knock Off|p1a: Calyrex
|-supereffective|p1a: Calyrex
|-end|p1a: Calyrex|Substitute
|
|-damage|p2a: Yveltal|36/100|[from] Leech Seed|[of] p1a: Calyrex
|upkeep
|turn|34
|
|t:|1665848953
|move|p1a: Calyrex|Substitute|p1a: Calyrex
|-start|p1a: Calyrex|Substitute
|-damage|p1a: Calyrex|76/100
|move|p2a: Yveltal|Roost|p2a: Yveltal
|-heal|p2a: Yveltal|86/100
|-singleturn|p2a: Yveltal|move: Roost
|
|-heal|p1a: Calyrex|82/100|[from] item: Leftovers
|-damage|p2a: Yveltal|74/100|[from] Leech Seed|[of] p1a: Calyrex
|-heal|p1a: Calyrex|98/100|[silent]
|upkeep
|turn|35
|
|t:|1665848963
|move|p1a: Calyrex|Nasty Plot|p1a: Calyrex
|-boost|p1a: Calyrex|spa|2
|move|p2a: Yveltal|Knock Off|p1a: Calyrex
|-supereffective|p1a: Calyrex
|-end|p1a: Calyrex|Substitute
|
|-heal|p1a: Calyrex|100/100|[from] item: Leftovers
|-damage|p2a: Yveltal|62/100|[from] Leech Seed|[of] p1a: Calyrex
|upkeep
|turn|36
|
|t:|1665848995
|move|p1a: Calyrex|Substitute|p1a: Calyrex
|-start|p1a: Calyrex|Substitute
|-damage|p1a: Calyrex|76/100
|move|p2a: Yveltal|Roost|p2a: Yveltal
|-heal|p2a: Yveltal|100/100
|-singleturn|p2a: Yveltal|move: Roost
|
|-heal|p1a: Calyrex|82/100|[from] item: Leftovers
|-damage|p2a: Yveltal|88/100|[from] Leech Seed|[of] p1a: Calyrex
|-heal|p1a: Calyrex|98/100|[silent]
|upkeep
|turn|37
|
|t:|1665849000
|move|p1a: Calyrex|Astral Barrage|p2a: Yveltal
|-resisted|p2a: Yveltal
|-damage|p2a: Yveltal|14/100
|move|p2a: Yveltal|Knock Off|p1a: Calyrex
|-supereffective|p1a: Calyrex
|-end|p1a: Calyrex|Substitute
|
|-heal|p1a: Calyrex|100/100|[from] item: Leftovers
|-damage|p2a: Yveltal|2/100|[from] Leech Seed|[of] p1a: Calyrex
|upkeep
|turn|38
|
|t:|1665849014
|move|p1a: Calyrex|Astral Barrage|p2a: Yveltal
|-resisted|p2a: Yveltal
|-damage|p2a: Yveltal|0 fnt
|faint|p2a: Yveltal
|
|upkeep
|
|t:|1665849021
|switch|p2a: Marshadow|Marshadow|100/100
|-damage|p2a: Marshadow|94/100|[from] Stealth Rock
|turn|39
|
|t:|1665849030
|switch|p1a: Eternatus|Eternatus|100/100
|-ability|p1a: Eternatus|Pressure
|move|p2a: Marshadow|Shadow Sneak|p1a: Eternatus
|-damage|p1a: Eternatus|65/100
|
|upkeep
|turn|40
|
|t:|1665849040
|switch|p2a: Necrozma|Necrozma-Dusk-Mane|75/100
|-damage|p2a: Necrozma|69/100|[from] Stealth Rock
|move|p1a: Eternatus|Recover|p1a: Eternatus
|-heal|p1a: Eternatus|100/100
|
|upkeep
|turn|41
|l| mimilimi ☯️♫
|
|t:|1665849066
|switch|p1a: Zygarde|Zygarde|100/100 par
|-damage|p1a: Zygarde|94/100 par|[from] Stealth Rock
|switch|p2a: Xerneas|Xerneas|99/100
|-damage|p2a: Xerneas|88/100|[from] Stealth Rock
|-ability|p2a: Xerneas|Fairy Aura
|
|-heal|p2a: Xerneas|94/100|[from] item: Leftovers
|-heal|p1a: Zygarde|100/100 par|[from] item: Leftovers
|upkeep
|turn|42
|
|t:|1665849081
|switch|p2a: Marshadow|Marshadow|94/100
|-damage|p2a: Marshadow|88/100|[from] Stealth Rock
|switch|p1a: Necrozma|Necrozma-Dusk-Mane|89/100
|-damage|p1a: Necrozma|83/100|[from] Stealth Rock
|
|-heal|p1a: Necrozma|89/100|[from] item: Leftovers
|upkeep
|turn|43
|
|t:|1665849109
|switch|p1a: Yveltal|Yveltal|55/100 par
|-damage|p1a: Yveltal|30/100 par|[from] Stealth Rock
|-ability|p1a: Yveltal|Dark Aura
|move|p2a: Marshadow|Spectral Thief|p1a: Yveltal
|-resisted|p1a: Yveltal
|-damage|p1a: Yveltal|0 fnt
|faint|p1a: Yveltal
|
|upkeep
|
|t:|1665849112
|switch|p1a: Calyrex|Calyrex-Shadow|100/100
|-ability|p1a: Calyrex|As One
|-ability|p1a: Calyrex|Unnerve
|-damage|p1a: Calyrex|88/100|[from] Stealth Rock
|turn|44
|
|t:|1665849130
|switch|p2a: Eternatus|Eternatus|100/100
|-damage|p2a: Eternatus|88/100|[from] Stealth Rock
|-ability|p2a: Eternatus|Pressure
|move|p1a: Calyrex|Astral Barrage|p2a: Eternatus
|-damage|p2a: Eternatus|37/100
|
|-heal|p1a: Calyrex|94/100|[from] item: Leftovers
|upkeep
|turn|45
|j| mimilimi ☯️♫
|
|t:|1665849151
|switch|p1a: Xerneas|Xerneas|100/100 par
|-damage|p1a: Xerneas|88/100 par|[from] Stealth Rock
|-ability|p1a: Xerneas|Fairy Aura
|move|p2a: Eternatus|Recover|p2a: Eternatus
|-heal|p2a: Eternatus|88/100
|
|upkeep
|turn|46
|
|t:|1665849185
|move|p2a: Eternatus|Meteor Beam||[still]
|-prepare|p2a: Eternatus|Meteor Beam
|-boost|p2a: Eternatus|spa|1
|-enditem|p2a: Eternatus|Power Herb
|-anim|p2a: Eternatus|Meteor Beam|p1a: Xerneas
|-damage|p1a: Xerneas|34/100 par
|move|p1a: Xerneas|Aromatherapy|p1a: Xerneas
|-activate|p1a: Xerneas|move: Aromatherapy
|-curestatus|p1a: Xerneas|par|[msg]
|-curestatus|p1: Zygarde|par|[msg]
|
|upkeep
|turn|47
|
|t:|1665849203
|switch|p1a: Necrozma|Necrozma-Dusk-Mane|89/100
|-damage|p1a: Necrozma|83/100|[from] Stealth Rock
|move|p2a: Eternatus|Cosmic Power|p2a: Eternatus
|-boost|p2a: Eternatus|def|1
|-boost|p2a: Eternatus|spd|1
|
|-heal|p1a: Necrozma|89/100|[from] item: Leftovers
|upkeep
|turn|48
|
|t:|1665849216
|move|p2a: Eternatus|Cosmic Power|p2a: Eternatus
|-boost|p2a: Eternatus|def|1
|-boost|p2a: Eternatus|spd|1
|move|p1a: Necrozma|Thunder Wave|p2a: Eternatus
|-status|p2a: Eternatus|par
|
|-heal|p1a: Necrozma|95/100|[from] item: Leftovers
|upkeep
|turn|49
|
|t:|1665849242
|move|p1a: Necrozma|Iron Head|p2a: Eternatus
|-damage|p2a: Eternatus|71/100 par
|move|p2a: Eternatus|Recover|p2a: Eternatus
|-heal|p2a: Eternatus|100/100 par
|
|-heal|p1a: Necrozma|100/100|[from] item: Leftovers
|upkeep
|turn|50
|
|t:|1665849249
|move|p1a: Necrozma|Iron Head|p2a: Eternatus
|-damage|p2a: Eternatus|84/100 par
|cant|p2a: Eternatus|flinch
|
|upkeep
|turn|51
|
|t:|1665849256
|move|p1a: Necrozma|Iron Head|p2a: Eternatus
|-damage|p2a: Eternatus|68/100 par
|move|p2a: Eternatus|Recover|p2a: Eternatus
|-heal|p2a: Eternatus|100/100 par
|
|upkeep
|turn|52
|
|t:|1665849261
|switch|p1a: Calyrex|Calyrex-Shadow|94/100
|-ability|p1a: Calyrex|As One
|-ability|p1a: Calyrex|Unnerve
|-damage|p1a: Calyrex|82/100|[from] Stealth Rock
|move|p2a: Eternatus|Cosmic Power|p2a: Eternatus
|-boost|p2a: Eternatus|def|1
|-boost|p2a: Eternatus|spd|1
|
|-heal|p1a: Calyrex|88/100|[from] item: Leftovers
|upkeep
|turn|53
|
|t:|1665849272
|move|p1a: Calyrex|Substitute|p1a: Calyrex
|-start|p1a: Calyrex|Substitute
|-damage|p1a: Calyrex|63/100
|move|p2a: Eternatus|Dragon Pulse|p1a: Calyrex
|-end|p1a: Calyrex|Substitute
|
|-heal|p1a: Calyrex|69/100|[from] item: Leftovers
|upkeep
|turn|54
|c| mimilimi ☯️♫|La question que tout le monde se pose : comment passer ça
|
|t:|1665849284
|move|p1a: Calyrex|Substitute|p1a: Calyrex
|-start|p1a: Calyrex|Substitute
|-damage|p1a: Calyrex|44/100
|move|p2a: Eternatus|Dragon Pulse|p1a: Calyrex
|-end|p1a: Calyrex|Substitute
|
|-heal|p1a: Calyrex|51/100|[from] item: Leftovers
|upkeep
|turn|55
|
|t:|1665849291
|move|p1a: Calyrex|Leech Seed|p2a: Eternatus
|-start|p2a: Eternatus|move: Leech Seed
|move|p2a: Eternatus|Dragon Pulse|p1a: Calyrex
|-damage|p1a: Calyrex|0 fnt
|faint|p1a: Calyrex
|
|upkeep
|
|t:|1665849296
|switch|p1a: Xerneas|Xerneas|34/100
|-damage|p1a: Xerneas|22/100|[from] Stealth Rock
|-ability|p1a: Xerneas|Fairy Aura
|turn|56
|
|t:|1665849308
|move|p1a: Xerneas|Moonblast|p2a: Eternatus
|-damage|p2a: Eternatus|82/100 par
|cant|p2a: Eternatus|par
|
|-damage|p2a: Eternatus|70/100 par|[from] Leech Seed|[of] p1a: Xerneas
|-heal|p1a: Xerneas|35/100|[silent]
|upkeep
|turn|57
|
|t:|1665849315
|move|p1a: Xerneas|Moonblast|p2a: Eternatus
|-damage|p2a: Eternatus|55/100 par
|move|p2a: Eternatus|Recover|p2a: Eternatus
|-heal|p2a: Eternatus|100/100 par
|
|-damage|p2a: Eternatus|88/100 par|[from] Leech Seed|[of] p1a: Xerneas
|-heal|p1a: Xerneas|49/100|[silent]
|upkeep
|turn|58
|
|t:|1665849323
|move|p1a: Xerneas|Moonblast|p2a: Eternatus
|-damage|p2a: Eternatus|72/100 par
|-unboost|p2a: Eternatus|spa|1
|move|p2a: Eternatus|Meteor Beam||[still]
|-prepare|p2a: Eternatus|Meteor Beam
|-boost|p2a: Eternatus|spa|1
|
|-damage|p2a: Eternatus|60/100 par|[from] Leech Seed|[of] p1a: Xerneas
|-heal|p1a: Xerneas|62/100|[silent]
|upkeep
|turn|59
|
|t:|1665849331
|move|p1a: Xerneas|Moonblast|p2a: Eternatus
|-damage|p2a: Eternatus|44/100 par
|move|p2a: Eternatus|Meteor Beam|p1a: Xerneas|[from]lockedmove|[miss]
|-miss|p2a: Eternatus|p1a: Xerneas
|
|-damage|p2a: Eternatus|31/100 par|[from] Leech Seed|[of] p1a: Xerneas
|-heal|p1a: Xerneas|76/100|[silent]
|upkeep
|turn|60
|n| mimilimi|mimilimi
|
|t:|1665849338
|move|p1a: Xerneas|Moonblast|p2a: Eternatus
|-damage|p2a: Eternatus|15/100 par
|move|p2a: Eternatus|Recover|p2a: Eternatus
|-heal|p2a: Eternatus|65/100 par
|
|-damage|p2a: Eternatus|52/100 par|[from] Leech Seed|[of] p1a: Xerneas
|-heal|p1a: Xerneas|89/100|[silent]
|upkeep
|turn|61
|
|t:|1665849346
|move|p1a: Xerneas|Moonblast|p2a: Eternatus
|-damage|p2a: Eternatus|36/100 par
|move|p2a: Eternatus|Recover|p2a: Eternatus
|-heal|p2a: Eternatus|86/100 par
|
|-damage|p2a: Eternatus|73/100 par|[from] Leech Seed|[of] p1a: Xerneas
|-heal|p1a: Xerneas|100/100|[silent]
|upkeep
|turn|62
|
|t:|1665849363
|move|p1a: Xerneas|Moonblast|p2a: Eternatus
|-crit|p2a: Eternatus
|-damage|p2a: Eternatus|5/100 par
|move|p2a: Eternatus|Recover|p2a: Eternatus
|-heal|p2a: Eternatus|55/100 par
|
|-damage|p2a: Eternatus|43/100 par|[from] Leech Seed|[of] p1a: Xerneas
|upkeep
|turn|63
|
|t:|1665849371
|move|p1a: Xerneas|Moonblast|p2a: Eternatus
|-damage|p2a: Eternatus|25/100 par
|move|p2a: Eternatus|Recover|p2a: Eternatus
|-heal|p2a: Eternatus|75/100 par
|
|-damage|p2a: Eternatus|63/100 par|[from] Leech Seed|[of] p1a: Xerneas
|upkeep
|turn|64
|
|t:|1665849386
|move|p1a: Xerneas|Moonblast|p2a: Eternatus
|-damage|p2a: Eternatus|45/100 par
|move|p2a: Eternatus|Recover|p2a: Eternatus
|-heal|p2a: Eternatus|95/100 par
|
|-damage|p2a: Eternatus|83/100 par|[from] Leech Seed|[of] p1a: Xerneas
|upkeep
|turn|65
|
|t:|1665849399
|switch|p1a: Necrozma|Necrozma-Dusk-Mane|100/100
|-damage|p1a: Necrozma|94/100|[from] Stealth Rock
|cant|p2a: Eternatus|par
|
|-heal|p1a: Necrozma|100/100|[from] item: Leftovers
|-damage|p2a: Eternatus|71/100 par|[from] Leech Seed|[of] p1a: Necrozma
|upkeep
|turn|66
|
|t:|1665849404
|move|p1a: Necrozma|Iron Head|p2a: Eternatus
|-damage|p2a: Eternatus|57/100 par
|move|p2a: Eternatus|Cosmic Power|p2a: Eternatus
|-boost|p2a: Eternatus|def|1
|-boost|p2a: Eternatus|spd|1
|
|-damage|p2a: Eternatus|45/100 par|[from] Leech Seed|[of] p1a: Necrozma
|upkeep
|turn|67
|
|t:|1665849412
|move|p1a: Necrozma|Iron Head|p2a: Eternatus
|-damage|p2a: Eternatus|34/100 par
|move|p2a: Eternatus|Recover|p2a: Eternatus
|-heal|p2a: Eternatus|84/100 par
|
|-damage|p2a: Eternatus|72/100 par|[from] Leech Seed|[of] p1a: Necrozma
|upkeep
|turn|68
|
|t:|1665849422
|move|p1a: Necrozma|Iron Head|p2a: Eternatus
|-damage|p2a: Eternatus|61/100 par
|cant|p2a: Eternatus|flinch
|
|-damage|p2a: Eternatus|49/100 par|[from] Leech Seed|[of] p1a: Necrozma
|upkeep
|turn|69
|
|t:|1665849427
|move|p1a: Necrozma|Iron Head|p2a: Eternatus
|-damage|p2a: Eternatus|38/100 par
|cant|p2a: Eternatus|flinch
|
|-damage|p2a: Eternatus|26/100 par|[from] Leech Seed|[of] p1a: Necrozma
|upkeep
|turn|70
|
|t:|1665849431
|move|p1a: Necrozma|Iron Head|p2a: Eternatus
|-damage|p2a: Eternatus|14/100 par
|move|p2a: Eternatus|Recover|p2a: Eternatus
|-heal|p2a: Eternatus|64/100 par
|
|-damage|p2a: Eternatus|52/100 par|[from] Leech Seed|[of] p1a: Necrozma
|upkeep
|turn|71
|
|t:|1665849448
|move|p1a: Necrozma|Iron Head|p2a: Eternatus
|-damage|p2a: Eternatus|41/100 par
|move|p2a: Eternatus|Recover|p2a: Eternatus
|-heal|p2a: Eternatus|91/100 par
|
|-damage|p2a: Eternatus|78/100 par|[from] Leech Seed|[of] p1a: Necrozma
|upkeep
|turn|72
|
|t:|1665849454
|move|p1a: Necrozma|Iron Head|p2a: Eternatus
|-damage|p2a: Eternatus|67/100 par
|move|p2a: Eternatus|Cosmic Power|p2a: Eternatus
|-boost|p2a: Eternatus|def|1
|-boost|p2a: Eternatus|spd|1
|
|-damage|p2a: Eternatus|55/100 par|[from] Leech Seed|[of] p1a: Necrozma
|upkeep
|turn|73
|
|t:|1665849479
|switch|p1a: Eternatus|Eternatus|100/100
|-ability|p1a: Eternatus|Pressure
|move|p2a: Eternatus|Cosmic Power|p2a: Eternatus
|-boost|p2a: Eternatus|def|1
|-boost|p2a: Eternatus|spd|1
|
|-damage|p2a: Eternatus|42/100 par|[from] Leech Seed|[of] p1a: Eternatus
|upkeep
|turn|74
|
|t:|1665849487
|move|p1a: Eternatus|Dynamax Cannon|p2a: Eternatus
|-supereffective|p2a: Eternatus
|-damage|p2a: Eternatus|27/100 par
|move|p2a: Eternatus|Recover|p2a: Eternatus
|-heal|p2a: Eternatus|77/100 par
|
|-damage|p2a: Eternatus|65/100 par|[from] Leech Seed|[of] p1a: Eternatus
|upkeep
|turn|75
|
|t:|1665849494
|move|p1a: Eternatus|Mystical Fire|p2a: Eternatus
|-resisted|p2a: Eternatus
|-damage|p2a: Eternatus|63/100 par
|-unboost|p2a: Eternatus|spa|1
|move|p2a: Eternatus|Dragon Pulse|p1a: Eternatus
|-supereffective|p1a: Eternatus
|-damage|p1a: Eternatus|55/100
|
|-damage|p2a: Eternatus|50/100 par|[from] Leech Seed|[of] p1a: Eternatus
|-heal|p1a: Eternatus|67/100|[silent]
|upkeep
|turn|76
|l| mimilimi
|
|t:|1665849511
|move|p1a: Eternatus|Mystical Fire|p2a: Eternatus
|-resisted|p2a: Eternatus
|-damage|p2a: Eternatus|49/100 par
|-unboost|p2a: Eternatus|spa|1
|cant|p2a: Eternatus|par
|
|-damage|p2a: Eternatus|36/100 par|[from] Leech Seed|[of] p1a: Eternatus
|-heal|p1a: Eternatus|78/100|[silent]
|upkeep
|turn|77
|
|t:|1665849518
|move|p1a: Eternatus|Dynamax Cannon|p2a: Eternatus
|-supereffective|p2a: Eternatus
|-damage|p2a: Eternatus|20/100 par
|cant|p2a: Eternatus|par
|
|-damage|p2a: Eternatus|8/100 par|[from] Leech Seed|[of] p1a: Eternatus
|-heal|p1a: Eternatus|89/100|[silent]
|upkeep
|turn|78
|
|t:|1665849525
|move|p1a: Eternatus|Dynamax Cannon|p2a: Eternatus
|-supereffective|p2a: Eternatus
|-damage|p2a: Eternatus|0 fnt
|faint|p2a: Eternatus
|
|upkeep
|j| mimilimi
|
|t:|1665849547
|switch|p2a: Necrozma|Necrozma-Dusk-Mane|69/100
|-damage|p2a: Necrozma|63/100|[from] Stealth Rock
|turn|79
|
|t:|1665849552
|switch|p1a: Zygarde|Zygarde|100/100
|-damage|p1a: Zygarde|94/100|[from] Stealth Rock
|move|p2a: Necrozma|Moonlight|p2a: Necrozma
|-heal|p2a: Necrozma|100/100
|
|-heal|p1a: Zygarde|100/100|[from] item: Leftovers
|upkeep
|turn|80
|
|t:|1665849558
|switch|p2a: Xerneas|Xerneas|94/100
|-damage|p2a: Xerneas|81/100|[from] Stealth Rock
|-ability|p2a: Xerneas|Fairy Aura
|move|p1a: Zygarde|Glare|p2a: Xerneas
|-status|p2a: Xerneas|par
|
|-heal|p2a: Xerneas|88/100 par|[from] item: Leftovers
|upkeep
|turn|81
|
|t:|1665849569
|switch|p1a: Necrozma|Necrozma-Dusk-Mane|100/100
|-damage|p1a: Necrozma|94/100|[from] Stealth Rock
|cant|p2a: Xerneas|par
|
|-heal|p1a: Necrozma|100/100|[from] item: Leftovers
|-heal|p2a: Xerneas|94/100 par|[from] item: Leftovers
|upkeep
|turn|82
|
|t:|1665849591
|switch|p2a: Necrozma|Necrozma-Dusk-Mane|100/100
|-damage|p2a: Necrozma|94/100|[from] Stealth Rock
|move|p1a: Necrozma|Thunder Wave|p2a: Necrozma
|-status|p2a: Necrozma|par
|
|upkeep
|turn|83
|
|t:|1665849598
|switch|p1a: Zygarde|Zygarde|100/100
|-damage|p1a: Zygarde|94/100|[from] Stealth Rock
|switch|p2a: Xerneas|Xerneas|94/100 par
|-damage|p2a: Xerneas|81/100 par|[from] Stealth Rock
|-ability|p2a: Xerneas|Fairy Aura
|
|-heal|p1a: Zygarde|100/100|[from] item: Leftovers
|-heal|p2a: Xerneas|87/100 par|[from] item: Leftovers
|upkeep
|turn|84
|
|t:|1665849606
|switch|p1a: Xerneas|Xerneas|100/100
|-damage|p1a: Xerneas|88/100|[from] Stealth Rock
|-ability|p1a: Xerneas|Fairy Aura
|move|p2a: Xerneas|Moonblast|p1a: Xerneas
|-damage|p1a: Xerneas|44/100
|
|-heal|p2a: Xerneas|93/100 par|[from] item: Leftovers
|upkeep
|turn|85
|
|t:|1665849617
|switch|p2a: Necrozma|Necrozma-Dusk-Mane|94/100 par
|-damage|p2a: Necrozma|88/100 par|[from] Stealth Rock
|move|p1a: Xerneas|Moonblast|p2a: Necrozma
|-resisted|p2a: Necrozma
|-damage|p2a: Necrozma|71/100 par
|
|upkeep
|turn|86
|
|t:|1665849631
|switch|p1a: Zygarde|Zygarde|100/100
|-damage|p1a: Zygarde|94/100|[from] Stealth Rock
|cant|p2a: Necrozma|par
|
|-heal|p1a: Zygarde|100/100|[from] item: Leftovers
|upkeep
|turn|87
|
|t:|1665849640
|switch|p2a: Xerneas|Xerneas|93/100 par
|-damage|p2a: Xerneas|81/100 par|[from] Stealth Rock
|-ability|p2a: Xerneas|Fairy Aura
|move|p1a: Zygarde|Coil|p1a: Zygarde
|-boost|p1a: Zygarde|atk|1
|-boost|p1a: Zygarde|def|1
|-boost|p1a: Zygarde|accuracy|1
|
|-heal|p2a: Xerneas|87/100 par|[from] item: Leftovers
|upkeep
|turn|88
|
|t:|1665849650
|move|p1a: Zygarde|Thousand Arrows|p2a: Xerneas
|-damage|p2a: Xerneas|59/100 par
|move|p2a: Xerneas|Rest|p2a: Xerneas
|-status|p2a: Xerneas|slp|[from] move: Rest
|-heal|p2a: Xerneas|100/100 slp|[silent]
|
|upkeep
|turn|89
|
|t:|1665849658
|move|p1a: Zygarde|Coil|p1a: Zygarde
|-boost|p1a: Zygarde|atk|1
|-boost|p1a: Zygarde|def|1
|-boost|p1a: Zygarde|accuracy|1
|cant|p2a: Xerneas|slp
|move|p2a: Xerneas|Sleep Talk|p2a: Xerneas
|move|p2a: Xerneas|Moonblast|p1a: Zygarde|[from]move: Sleep Talk
|-supereffective|p1a: Zygarde
|-damage|p1a: Zygarde|13/100
|-unboost|p1a: Zygarde|spa|1
|
|-heal|p1a: Zygarde|20/100|[from] item: Leftovers
|-activate|p1a: Zygarde|ability: Power Construct
|detailschange|p1a: Zygarde|Zygarde-Complete
|-heal|p1a: Zygarde|48/100|[silent]
|upkeep
|turn|90
|
|t:|1665849675
|cant|p2a: Xerneas|slp
|move|p1a: Zygarde|Thousand Arrows|p2a: Xerneas
|-damage|p2a: Xerneas|66/100 slp
|
|-heal|p2a: Xerneas|72/100 slp|[from] item: Leftovers
|-heal|p1a: Zygarde|54/100|[from] item: Leftovers
|upkeep
|turn|91
|
|t:|1665849684
|switch|p1a: Necrozma|Necrozma-Dusk-Mane|100/100
|-damage|p1a: Necrozma|94/100|[from] Stealth Rock
|-curestatus|p2a: Xerneas|slp|[msg]
|move|p2a: Xerneas|Moonblast|p1a: Necrozma
|-resisted|p1a: Necrozma
|-damage|p1a: Necrozma|77/100
|
|-heal|p2a: Xerneas|78/100|[from] item: Leftovers
|-heal|p1a: Necrozma|83/100|[from] item: Leftovers
|upkeep
|turn|92
|
|t:|1665849726
|switch|p2a: Zygarde|Zygarde-Complete|46/100
|-damage|p2a: Zygarde|39/100|[from] Stealth Rock
|switch|p1a: Eternatus|Eternatus|89/100
|-ability|p1a: Eternatus|Pressure
|
|-heal|p2a: Zygarde|46/100|[from] item: Leftovers
|upkeep
|turn|93
|
|t:|1665849740
|switch|p2a: Xerneas|Xerneas|78/100
|-damage|p2a: Xerneas|65/100|[from] Stealth Rock
|-ability|p2a: Xerneas|Fairy Aura
|move|p1a: Eternatus|Mystical Fire|p2a: Xerneas
|-damage|p2a: Xerneas|46/100
|-unboost|p2a: Xerneas|spa|1
|
|-heal|p2a: Xerneas|52/100|[from] item: Leftovers
|upkeep
|turn|94
|
|t:|1665849749
|switch|p1a: Xerneas|Xerneas|44/100
|-damage|p1a: Xerneas|31/100|[from] Stealth Rock
|-ability|p1a: Xerneas|Fairy Aura
|move|p2a: Xerneas|Rest|p2a: Xerneas
|-status|p2a: Xerneas|slp|[from] move: Rest
|-heal|p2a: Xerneas|100/100 slp|[silent]
|
|upkeep
|turn|95
|
|t:|1665849757
|switch|p2a: Necrozma|Necrozma-Dusk-Mane|71/100 par
|-damage|p2a: Necrozma|65/100 par|[from] Stealth Rock
|move|p1a: Xerneas|Moonblast|p2a: Necrozma
|-resisted|p2a: Necrozma
|-damage|p2a: Necrozma|44/100 par
|-unboost|p2a: Necrozma|spa|1
|
|upkeep
|turn|96
|
|t:|1665849766
|switch|p1a: Zygarde|Zygarde-Complete|54/100
|-damage|p1a: Zygarde|48/100|[from] Stealth Rock
|cant|p2a: Necrozma|par
|
|-heal|p1a: Zygarde|54/100|[from] item: Leftovers
|upkeep
|turn|97
|
|t:|1665849773
|switch|p2a: Xerneas|Xerneas|100/100 slp
|-damage|p2a: Xerneas|88/100 slp|[from] Stealth Rock
|-ability|p2a: Xerneas|Fairy Aura
|move|p1a: Zygarde|Thousand Arrows|p2a: Xerneas
|-damage|p2a: Xerneas|72/100 slp
|
|-heal|p2a: Xerneas|78/100 slp|[from] item: Leftovers
|-heal|p1a: Zygarde|60/100|[from] item: Leftovers
|upkeep
|turn|98
|
|t:|1665849778
|switch|p1a: Necrozma|Necrozma-Dusk-Mane|83/100
|-damage|p1a: Necrozma|77/100|[from] Stealth Rock
|cant|p2a: Xerneas|slp
|
|-heal|p2a: Xerneas|84/100 slp|[from] item: Leftovers
|-heal|p1a: Necrozma|83/100|[from] item: Leftovers
|upkeep
|turn|99
|
|t:|1665849801
|cant|p2a: Xerneas|slp
|move|p1a: Necrozma|Iron Head|p2a: Xerneas
|-supereffective|p2a: Xerneas
|-damage|p2a: Xerneas|38/100 slp
|
|-heal|p2a: Xerneas|44/100 slp|[from] item: Leftovers
|-heal|p1a: Necrozma|89/100|[from] item: Leftovers
|upkeep
|turn|100
|
|t:|1665849829
|switch|p2a: Necrozma|Necrozma-Dusk-Mane|44/100 par
|-damage|p2a: Necrozma|38/100 par|[from] Stealth Rock
|move|p1a: Necrozma|Iron Head|p2a: Necrozma
|-resisted|p2a: Necrozma
|-damage|p2a: Necrozma|24/100 par
|
|-heal|p1a: Necrozma|95/100|[from] item: Leftovers
|upkeep
|turn|101
|
|t:|1665849844
|switch|p1a: Zygarde|Zygarde-Complete|60/100
|-damage|p1a: Zygarde|54/100|[from] Stealth Rock
|switch|p2a: Zygarde|Zygarde-Complete|46/100
|-damage|p2a: Zygarde|39/100|[from] Stealth Rock
|
|-heal|p2a: Zygarde|46/100|[from] item: Leftovers
|-heal|p1a: Zygarde|60/100|[from] item: Leftovers
|upkeep
|turn|102
|
|t:|1665849856
|move|p2a: Zygarde|Glare|p1a: Zygarde
|-status|p1a: Zygarde|par
|cant|p1a: Zygarde|par
|
|-heal|p2a: Zygarde|52/100|[from] item: Leftovers
|-heal|p1a: Zygarde|66/100 par|[from] item: Leftovers
|upkeep
|turn|103
|
|t:|1665849890
|switch|p2a: Xerneas|Xerneas|44/100 slp
|-damage|p2a: Xerneas|32/100 slp|[from] Stealth Rock
|-ability|p2a: Xerneas|Fairy Aura
|move|p1a: Zygarde|Glare||[still]
|-fail|p1a: Zygarde
|
|-heal|p2a: Xerneas|38/100 slp|[from] item: Leftovers
|-heal|p1a: Zygarde|72/100 par|[from] item: Leftovers
|upkeep
|turn|104
|
|t:|1665849901
|switch|p1a: Necrozma|Necrozma-Dusk-Mane|95/100
|-damage|p1a: Necrozma|89/100|[from] Stealth Rock
|-curestatus|p2a: Xerneas|slp|[msg]
|move|p2a: Xerneas|Rest|p2a: Xerneas
|-status|p2a: Xerneas|slp|[from] move: Rest
|-heal|p2a: Xerneas|100/100 slp|[silent]
|
|-heal|p1a: Necrozma|95/100|[from] item: Leftovers
|upkeep
|turn|105
|
|t:|1665849913
|cant|p2a: Xerneas|slp
|move|p1a: Necrozma|Iron Head|p2a: Xerneas
|-supereffective|p2a: Xerneas
|-damage|p2a: Xerneas|55/100 slp
|
|-heal|p2a: Xerneas|61/100 slp|[from] item: Leftovers
|-heal|p1a: Necrozma|100/100|[from] item: Leftovers
|upkeep
|turn|106
|
|t:|1665849927
|cant|p2a: Xerneas|slp
|move|p1a: Necrozma|Iron Head|p2a: Xerneas
|-supereffective|p2a: Xerneas
|-damage|p2a: Xerneas|18/100 slp
|
|-heal|p2a: Xerneas|24/100 slp|[from] item: Leftovers
|upkeep
|turn|107
|
|t:|1665849943
|switch|p1a: Xerneas|Xerneas|31/100
|-damage|p1a: Xerneas|19/100|[from] Stealth Rock
|-ability|p1a: Xerneas|Fairy Aura
|-curestatus|p2a: Xerneas|slp|[msg]
|move|p2a: Xerneas|Rest|p2a: Xerneas
|-status|p2a: Xerneas|slp|[from] move: Rest
|-heal|p2a: Xerneas|100/100 slp|[silent]
|
|upkeep
|turn|108
|
|t:|1665849964
|move|p1a: Xerneas|Moonblast|p2a: Xerneas
|-damage|p2a: Xerneas|49/100 slp
|cant|p2a: Xerneas|slp
|move|p2a: Xerneas|Sleep Talk|p2a: Xerneas
|move|p2a: Xerneas|Moonblast|p1a: Xerneas|[from]move: Sleep Talk
|-damage|p1a: Xerneas|0 fnt
|faint|p1a: Xerneas
|
|-heal|p2a: Xerneas|55/100 slp|[from] item: Leftovers
|upkeep
|
|t:|1665849970
|switch|p1a: Eternatus|Eternatus|89/100
|-ability|p1a: Eternatus|Pressure
|turn|109
|
|t:|1665849990
|switch|p2a: Necrozma|Necrozma-Dusk-Mane|24/100 par
|-damage|p2a: Necrozma|18/100 par|[from] Stealth Rock
|move|p1a: Eternatus|Mystical Fire|p2a: Necrozma
|-supereffective|p2a: Necrozma
|-damage|p2a: Necrozma|0 fnt
|faint|p2a: Necrozma
|
|upkeep
|
|t:|1665850028
|switch|p2a: Zygarde|Zygarde-Complete|52/100
|-damage|p2a: Zygarde|46/100|[from] Stealth Rock
|turn|110
|
|t:|1665850042
|switch|p2a: Xerneas|Xerneas|55/100 slp
|-damage|p2a: Xerneas|42/100 slp|[from] Stealth Rock
|-ability|p2a: Xerneas|Fairy Aura
|move|p1a: Eternatus|Dynamax Cannon|p2a: Xerneas
|-immune|p2a: Xerneas
|
|-heal|p2a: Xerneas|48/100 slp|[from] item: Leftovers
|upkeep
|turn|111
|
|t:|1665850060
|move|p1a: Eternatus|Mystical Fire|p2a: Xerneas
|-damage|p2a: Xerneas|29/100 slp
|-unboost|p2a: Xerneas|spa|1
|cant|p2a: Xerneas|slp
|
|-heal|p2a: Xerneas|35/100 slp|[from] item: Leftovers
|upkeep
|turn|112
|
|t:|1665850070
|move|p1a: Eternatus|Mystical Fire|p2a: Xerneas
|-damage|p2a: Xerneas|18/100 slp
|-unboost|p2a: Xerneas|spa|1
|-curestatus|p2a: Xerneas|slp|[msg]
|move|p2a: Xerneas|Rest|p2a: Xerneas
|-status|p2a: Xerneas|slp|[from] move: Rest
|-heal|p2a: Xerneas|100/100 slp|[silent]
|
|upkeep
|turn|113
|
|t:|1665850086
|move|p1a: Eternatus|Mystical Fire|p2a: Xerneas
|-damage|p2a: Xerneas|83/100 slp
|-unboost|p2a: Xerneas|spa|1
|cant|p2a: Xerneas|slp
|move|p2a: Xerneas|Sleep Talk|p2a: Xerneas
|move|p2a: Xerneas|Aromatherapy|p2a: Xerneas|[from]move: Sleep Talk
|-activate|p2a: Xerneas|move: Aromatherapy
|-curestatus|p2a: Xerneas|slp|[msg]
|
|-heal|p2a: Xerneas|90/100|[from] item: Leftovers
|upkeep
|turn|114
|
|t:|1665850094
|move|p1a: Eternatus|Toxic|p2a: Xerneas
|-status|p2a: Xerneas|tox
|move|p2a: Xerneas|Moonblast|p1a: Eternatus
|-damage|p1a: Eternatus|76/100
|
|-heal|p2a: Xerneas|96/100 tox|[from] item: Leftovers
|-damage|p2a: Xerneas|90/100 tox|[from] psn
|upkeep
|turn|115
|
|t:|1665850113
|move|p1a: Eternatus|Toxic|p2a: Xerneas
|-fail|p2a: Xerneas|tox
|move|p2a: Xerneas|Moonblast|p1a: Eternatus
|-damage|p1a: Eternatus|62/100
|
|-heal|p2a: Xerneas|96/100 tox|[from] item: Leftovers
|-damage|p2a: Xerneas|83/100 tox|[from] psn
|upkeep
|turn|116
|
|t:|1665850127
|switch|p2a: Zygarde|Zygarde-Complete|46/100
|-damage|p2a: Zygarde|39/100|[from] Stealth Rock
|move|p1a: Eternatus|Recover|p1a: Eternatus
|-heal|p1a: Eternatus|100/100
|
|-heal|p2a: Zygarde|46/100|[from] item: Leftovers
|upkeep
|turn|117
|
|t:|1665850147
|switch|p2a: Xerneas|Xerneas|83/100 tox
|-damage|p2a: Xerneas|71/100 tox|[from] Stealth Rock
|-ability|p2a: Xerneas|Fairy Aura
|move|p1a: Eternatus|Toxic|p2a: Xerneas
|-fail|p2a: Xerneas|tox
|
|-heal|p2a: Xerneas|77/100 tox|[from] item: Leftovers
|-damage|p2a: Xerneas|71/100 tox|[from] psn
|upkeep
|turn|118
|
|t:|1665850161
|move|p1a: Eternatus|Mystical Fire|p2a: Xerneas
|-damage|p2a: Xerneas|53/100 tox
|-unboost|p2a: Xerneas|spa|1
|move|p2a: Xerneas|Aromatherapy|p2a: Xerneas
|-activate|p2a: Xerneas|move: Aromatherapy
|-curestatus|p2a: Xerneas|tox|[msg]
|
|-heal|p2a: Xerneas|59/100|[from] item: Leftovers
|upkeep
|turn|119
|
|t:|1665850168
|move|p1a: Eternatus|Toxic|p2a: Xerneas
|-status|p2a: Xerneas|tox
|move|p2a: Xerneas|Moonblast|p1a: Eternatus
|-damage|p1a: Eternatus|78/100
|
|-heal|p2a: Xerneas|65/100 tox|[from] item: Leftovers
|-damage|p2a: Xerneas|59/100 tox|[from] psn
|upkeep
|turn|120
|
|t:|1665850176
|switch|p1a: Necrozma|Necrozma-Dusk-Mane|100/100
|-damage|p1a: Necrozma|94/100|[from] Stealth Rock
|move|p2a: Xerneas|Rest|p2a: Xerneas
|-status|p2a: Xerneas|slp|[from] move: Rest
|-heal|p2a: Xerneas|100/100 slp|[silent]
|
|-heal|p1a: Necrozma|100/100|[from] item: Leftovers
|upkeep
|turn|121
|
|t:|1665850190
|switch|p2a: Zygarde|Zygarde-Complete|46/100
|-damage|p2a: Zygarde|39/100|[from] Stealth Rock
|switch|p1a: Eternatus|Eternatus|78/100
|-ability|p1a: Eternatus|Pressure
|
|-heal|p2a: Zygarde|46/100|[from] item: Leftovers
|upkeep
|turn|122
|
|t:|1665850220
|switch|p1a: Zygarde|Zygarde-Complete|72/100 par
|-damage|p1a: Zygarde|66/100 par|[from] Stealth Rock
|switch|p2a: Xerneas|Xerneas|100/100 slp
|-damage|p2a: Xerneas|88/100 slp|[from] Stealth Rock
|-ability|p2a: Xerneas|Fairy Aura
|
|-heal|p2a: Xerneas|94/100 slp|[from] item: Leftovers
|-heal|p1a: Zygarde|72/100 par|[from] item: Leftovers
|upkeep
|turn|123
|
|t:|1665850235
|cant|p2a: Xerneas|slp
|move|p1a: Zygarde|Rest|p1a: Zygarde
|-status|p1a: Zygarde|slp|[from] move: Rest
|-heal|p1a: Zygarde|100/100 slp|[silent]
|
|-heal|p2a: Xerneas|99/100 slp|[from] item: Leftovers
|upkeep
|turn|124
|
|t:|1665850241
|cant|p2a: Xerneas|slp
|cant|p1a: Zygarde|slp
|
|-heal|p2a: Xerneas|100/100 slp|[from] item: Leftovers
|upkeep
|turn|125
|
|t:|1665850246
|switch|p1a: Eternatus|Eternatus|78/100
|-ability|p1a: Eternatus|Pressure
|-curestatus|p2a: Xerneas|slp|[msg]
|move|p2a: Xerneas|Moonblast|p1a: Eternatus
|-damage|p1a: Eternatus|47/100
|
|upkeep
|turn|126
|
|t:|1665850273
|switch|p2a: Zygarde|Zygarde-Complete|46/100
|-damage|p2a: Zygarde|39/100|[from] Stealth Rock
|move|p1a: Eternatus|Recover|p1a: Eternatus
|-heal|p1a: Eternatus|97/100
|
|-heal|p2a: Zygarde|46/100|[from] item: Leftovers
|upkeep
|turn|127
|
|t:|1665850311
|switch|p2a: Xerneas|Xerneas|100/100
|-damage|p2a: Xerneas|88/100|[from] Stealth Rock
|-ability|p2a: Xerneas|Fairy Aura
|move|p1a: Eternatus|Toxic|p2a: Xerneas
|-status|p2a: Xerneas|tox
|
|-heal|p2a: Xerneas|94/100 tox|[from] item: Leftovers
|-damage|p2a: Xerneas|88/100 tox|[from] psn
|upkeep
|turn|128
|
|t:|1665850323
|switch|p2a: Zygarde|Zygarde-Complete|46/100
|-damage|p2a: Zygarde|39/100|[from] Stealth Rock
|move|p1a: Eternatus|Toxic|p2a: Zygarde
|-status|p2a: Zygarde|tox
|
|-heal|p2a: Zygarde|46/100 tox|[from] item: Leftovers
|-damage|p2a: Zygarde|39/100 tox|[from] psn
|upkeep
|turn|129
|
|t:|1665850337
|switch|p1a: Zygarde|Zygarde-Complete|100/100 slp
|-damage|p1a: Zygarde|94/100 slp|[from] Stealth Rock
|switch|p2a: Xerneas|Xerneas|88/100 tox
|-damage|p2a: Xerneas|75/100 tox|[from] Stealth Rock
|-ability|p2a: Xerneas|Fairy Aura
|
|-heal|p2a: Xerneas|82/100 tox|[from] item: Leftovers
|-heal|p1a: Zygarde|100/100 slp|[from] item: Leftovers
|-damage|p2a: Xerneas|75/100 tox|[from] psn
|upkeep
|turn|130
|
|t:|1665850346
|move|p2a: Xerneas|Aromatherapy|p2a: Xerneas
|-activate|p2a: Xerneas|move: Aromatherapy
|-curestatus|p2a: Xerneas|tox|[msg]
|-curestatus|p2: Zygarde|tox|[msg]
|cant|p1a: Zygarde|slp
|
|-heal|p2a: Xerneas|82/100|[from] item: Leftovers
|upkeep
|turn|131
|
|t:|1665850359
|switch|p2a: Zygarde|Zygarde-Complete|39/100
|-damage|p2a: Zygarde|33/100|[from] Stealth Rock
|switch|p1a: Eternatus|Eternatus|97/100
|-ability|p1a: Eternatus|Pressure
|
|-heal|p2a: Zygarde|39/100|[from] item: Leftovers
|upkeep
|turn|132
|
|t:|1665850369
|switch|p2a: Xerneas|Xerneas|82/100
|-damage|p2a: Xerneas|69/100|[from] Stealth Rock
|-ability|p2a: Xerneas|Fairy Aura
|move|p1a: Eternatus|Toxic|p2a: Xerneas
|-status|p2a: Xerneas|tox
|
|-heal|p2a: Xerneas|75/100 tox|[from] item: Leftovers
|-damage|p2a: Xerneas|69/100 tox|[from] psn
|upkeep
|turn|133
|
|t:|1665850377
|move|p1a: Eternatus|Mystical Fire|p2a: Xerneas
|-damage|p2a: Xerneas|52/100 tox
|-unboost|p2a: Xerneas|spa|1
|move|p2a: Xerneas|Rest|p2a: Xerneas
|-status|p2a: Xerneas|slp|[from] move: Rest
|-heal|p2a: Xerneas|100/100 slp|[silent]
|
|upkeep
|turn|134
|
|t:|1665850472
|switch|p1a: Zygarde|Zygarde-Complete|100/100 slp
|-damage|p1a: Zygarde|94/100 slp|[from] Stealth Rock
|cant|p2a: Xerneas|slp
|move|p2a: Xerneas|Sleep Talk|p2a: Xerneas
|move|p2a: Xerneas|Aromatherapy|p2a: Xerneas|[from]move: Sleep Talk
|-activate|p2a: Xerneas|move: Aromatherapy
|-curestatus|p2a: Xerneas|slp|[msg]
|
|-heal|p1a: Zygarde|100/100 slp|[from] item: Leftovers
|upkeep
|turn|135
|
|t:|1665850529
|switch|p1a: Eternatus|Eternatus|97/100
|-ability|p1a: Eternatus|Pressure
|move|p2a: Xerneas|Moonblast|p1a: Eternatus
|-damage|p1a: Eternatus|76/100
|
|upkeep
|turn|136
|
|t:|1665850540
|move|p1a: Eternatus|Toxic|p2a: Xerneas
|-status|p2a: Xerneas|tox
|move|p2a: Xerneas|Sleep Talk||[still]
|-fail|p2a: Xerneas
|
|-damage|p2a: Xerneas|94/100 tox|[from] psn
|upkeep
|turn|137
|
|t:|1665850552
|move|p1a: Eternatus|Dynamax Cannon|p2a: Xerneas
|-immune|p2a: Xerneas
|move|p2a: Xerneas|Sleep Talk||[still]
|-fail|p2a: Xerneas
|
|-heal|p2a: Xerneas|100/100 tox|[from] item: Leftovers
|-damage|p2a: Xerneas|88/100 tox|[from] psn
|upkeep
|turn|138
|
|t:|1665850629
|switch|p1a: Zygarde|Zygarde-Complete|100/100 slp
|-damage|p1a: Zygarde|94/100 slp|[from] Stealth Rock
|move|p2a: Xerneas|Sleep Talk||[still]
|-fail|p2a: Xerneas
|
|-heal|p2a: Xerneas|94/100 tox|[from] item: Leftovers
|-heal|p1a: Zygarde|100/100 slp|[from] item: Leftovers
|-damage|p2a: Xerneas|76/100 tox|[from] psn
|upkeep
|turn|139
|
|t:|1665850636
|switch|p1a: Eternatus|Eternatus|76/100
|-ability|p1a: Eternatus|Pressure
|move|p2a: Xerneas|Moonblast|p1a: Eternatus
|-damage|p1a: Eternatus|54/100
|-unboost|p1a: Eternatus|spa|1
|
|-heal|p2a: Xerneas|82/100 tox|[from] item: Leftovers
|-damage|p2a: Xerneas|58/100 tox|[from] psn
|upkeep
|turn|140
|
|t:|1665850645
|move|p1a: Eternatus|Recover|p1a: Eternatus
|-heal|p1a: Eternatus|100/100
|move|p2a: Xerneas|Aromatherapy|p2a: Xerneas
|-activate|p2a: Xerneas|move: Aromatherapy
|-curestatus|p2a: Xerneas|tox|[msg]
|
|-heal|p2a: Xerneas|64/100|[from] item: Leftovers
|upkeep
|turn|141
|l| OUTD testable
|
|t:|1665850692
|move|p1a: Eternatus|Toxic|p2a: Xerneas
|-status|p2a: Xerneas|tox
|move|p2a: Xerneas|Sleep Talk||[still]
|-fail|p2a: Xerneas
|
|-heal|p2a: Xerneas|70/100 tox|[from] item: Leftovers
|-damage|p2a: Xerneas|64/100 tox|[from] psn
|upkeep
|turn|142
|
|t:|1665850708
|switch|p1a: Zygarde|Zygarde-Complete|100/100 slp
|-damage|p1a: Zygarde|94/100 slp|[from] Stealth Rock
|move|p2a: Xerneas|Rest|p2a: Xerneas
|-status|p2a: Xerneas|slp|[from] move: Rest
|-heal|p2a: Xerneas|100/100 slp|[silent]
|
|-heal|p1a: Zygarde|100/100 slp|[from] item: Leftovers
|upkeep
|turn|143
|
|t:|1665850717
|cant|p2a: Xerneas|slp
|move|p2a: Xerneas|Sleep Talk|p2a: Xerneas
|move|p2a: Xerneas|Aromatherapy|p2a: Xerneas|[from]move: Sleep Talk
|-activate|p2a: Xerneas|move: Aromatherapy
|-curestatus|p2a: Xerneas|slp|[msg]
|-curestatus|p1a: Zygarde|slp|[msg]
|move|p1a: Zygarde|Coil|p1a: Zygarde
|-boost|p1a: Zygarde|atk|1
|-boost|p1a: Zygarde|def|1
|-boost|p1a: Zygarde|accuracy|1
|
|upkeep
|turn|144
|
|t:|1665850724
|switch|p1a: Eternatus|Eternatus|100/100
|-ability|p1a: Eternatus|Pressure
|move|p2a: Xerneas|Moonblast|p1a: Eternatus
|-damage|p1a: Eternatus|76/100
|
|upkeep
|turn|145
|
|t:|1665850742
|move|p1a: Eternatus|Toxic|p2a: Xerneas
|-status|p2a: Xerneas|tox
|move|p2a: Xerneas|Sleep Talk||[still]
|-fail|p2a: Xerneas
|
|-damage|p2a: Xerneas|94/100 tox|[from] psn
|upkeep
|turn|146
|
|t:|1665850761
|switch|p1a: Zygarde|Zygarde-Complete|100/100
|-damage|p1a: Zygarde|94/100|[from] Stealth Rock
|move|p2a: Xerneas|Rest|p2a: Xerneas
|-status|p2a: Xerneas|slp|[from] move: Rest
|-heal|p2a: Xerneas|100/100 slp|[silent]
|
|-heal|p1a: Zygarde|100/100|[from] item: Leftovers
|upkeep
|turn|147
|
|t:|1665850768
|cant|p2a: Xerneas|slp
|move|p2a: Xerneas|Sleep Talk|p2a: Xerneas
|move|p2a: Xerneas|Rest||[from]move: Sleep Talk|[still]
|-fail|p2a: Xerneas
|move|p1a: Zygarde|Coil|p1a: Zygarde
|-boost|p1a: Zygarde|atk|1
|-boost|p1a: Zygarde|def|1
|-boost|p1a: Zygarde|accuracy|1
|
|upkeep
|turn|148
|
|t:|1665850782
|cant|p2a: Xerneas|slp
|move|p2a: Xerneas|Sleep Talk|p2a: Xerneas
|move|p2a: Xerneas|Aromatherapy|p2a: Xerneas|[from]move: Sleep Talk
|-activate|p2a: Xerneas|move: Aromatherapy
|-curestatus|p2a: Xerneas|slp|[msg]
|move|p1a: Zygarde|Thousand Arrows|p2a: Xerneas
|-damage|p2a: Xerneas|76/100
|
|-heal|p2a: Xerneas|82/100|[from] item: Leftovers
|upkeep
|turn|149
|
|t:|1665850828
|switch|p2a: Zygarde|Zygarde-Complete|39/100
|-damage|p2a: Zygarde|33/100|[from] Stealth Rock
|switch|p1a: Eternatus|Eternatus|76/100
|-ability|p1a: Eternatus|Pressure
|
|-heal|p2a: Zygarde|39/100|[from] item: Leftovers
|upkeep
|turn|150
|
|t:|1665850845
|move|p1a: Eternatus|Toxic|p2a: Zygarde
|-status|p2a: Zygarde|tox
|move|p2a: Zygarde|Glare|p1a: Eternatus
|-status|p1a: Eternatus|par
|
|-heal|p2a: Zygarde|46/100 tox|[from] item: Leftovers
|-damage|p2a: Zygarde|39/100 tox|[from] psn
|upkeep
|turn|151
|
|t:|1665850856
|switch|p2a: Xerneas|Xerneas|82/100
|-damage|p2a: Xerneas|70/100|[from] Stealth Rock
|-ability|p2a: Xerneas|Fairy Aura
|switch|p1a: Zygarde|Zygarde-Complete|100/100
|-damage|p1a: Zygarde|94/100|[from] Stealth Rock
|
|-heal|p2a: Xerneas|76/100|[from] item: Leftovers
|-heal|p1a: Zygarde|100/100|[from] item: Leftovers
|upkeep
|turn|152
|
|t:|1665850863
|move|p2a: Xerneas|Aromatherapy|p2a: Xerneas
|-activate|p2a: Xerneas|move: Aromatherapy
|-curestatus|p2: Zygarde|tox|[msg]
|move|p1a: Zygarde|Glare|p2a: Xerneas
|-status|p2a: Xerneas|par
|
|-heal|p2a: Xerneas|82/100 par|[from] item: Leftovers
|upkeep
|turn|153
|
|t:|1665850879
|switch|p1a: Eternatus|Eternatus|76/100 par
|-ability|p1a: Eternatus|Pressure
|move|p2a: Xerneas|Rest|p2a: Xerneas
|-status|p2a: Xerneas|slp|[from] move: Rest
|-heal|p2a: Xerneas|100/100 slp|[silent]
|
|upkeep
|turn|154
|
|t:|1665850891
|switch|p2a: Zygarde|Zygarde-Complete|39/100
|-damage|p2a: Zygarde|33/100|[from] Stealth Rock
|switch|p1a: Zygarde|Zygarde-Complete|100/100
|-damage|p1a: Zygarde|94/100|[from] Stealth Rock
|
|-heal|p2a: Zygarde|39/100|[from] item: Leftovers
|-heal|p1a: Zygarde|100/100|[from] item: Leftovers
|upkeep
|turn|155
|
|t:|1665850913
|move|p2a: Zygarde|Substitute|p2a: Zygarde
|-start|p2a: Zygarde|Substitute
|-damage|p2a: Zygarde|14/100
|move|p1a: Zygarde|Thousand Arrows|p2a: Zygarde
|-activate|p2a: Zygarde|move: Substitute|[damage]
|
|-heal|p2a: Zygarde|21/100|[from] item: Leftovers
|upkeep
|turn|156
|
|t:|1665850921
|move|p2a: Zygarde|Glare|p1a: Zygarde
|-status|p1a: Zygarde|par
|cant|p1a: Zygarde|par
|
|-heal|p2a: Zygarde|27/100|[from] item: Leftovers
|upkeep
|turn|157
|
|t:|1665850956
|move|p2a: Zygarde|Dragon Dance|p2a: Zygarde
|-boost|p2a: Zygarde|atk|1
|-boost|p2a: Zygarde|spe|1
|move|p1a: Zygarde|Thousand Arrows|p2a: Zygarde
|-end|p2a: Zygarde|Substitute
|
|-heal|p2a: Zygarde|33/100|[from] item: Leftovers
|upkeep
|turn|158
|l| mimilimi
|
|t:|1665851038
|move|p2a: Zygarde|Substitute|p2a: Zygarde
|-start|p2a: Zygarde|Substitute
|-damage|p2a: Zygarde|8/100
|move|p1a: Zygarde|Coil|p1a: Zygarde
|-boost|p1a: Zygarde|atk|1
|-boost|p1a: Zygarde|def|1
|-boost|p1a: Zygarde|accuracy|1
|
|-heal|p2a: Zygarde|14/100|[from] item: Leftovers
|upkeep
|turn|159
|
|t:|1665851047
|move|p2a: Zygarde|Dragon Dance|p2a: Zygarde
|-boost|p2a: Zygarde|atk|1
|-boost|p2a: Zygarde|spe|1
|move|p1a: Zygarde|Thousand Arrows|p2a: Zygarde
|-activate|p2a: Zygarde|move: Substitute|[damage]
|
|-heal|p2a: Zygarde|21/100|[from] item: Leftovers
|upkeep
|turn|160
|
|t:|1665851061
|move|p2a: Zygarde|Thousand Arrows|p1a: Zygarde
|-damage|p1a: Zygarde|81/100 par
|cant|p1a: Zygarde|par
|
|-heal|p2a: Zygarde|27/100|[from] item: Leftovers
|-heal|p1a: Zygarde|87/100 par|[from] item: Leftovers
|upkeep
|turn|161
|
|t:|1665851072
|move|p2a: Zygarde|Dragon Dance|p2a: Zygarde
|-boost|p2a: Zygarde|atk|1
|-boost|p2a: Zygarde|spe|1
|move|p1a: Zygarde|Thousand Arrows|p2a: Zygarde
|-end|p2a: Zygarde|Substitute
|
|-heal|p2a: Zygarde|33/100|[from] item: Leftovers
|-heal|p1a: Zygarde|94/100 par|[from] item: Leftovers
|upkeep
|turn|162
|
|t:|1665851091
|move|p2a: Zygarde|Substitute|p2a: Zygarde
|-start|p2a: Zygarde|Substitute
|-damage|p2a: Zygarde|8/100
|cant|p1a: Zygarde|par
|
|-heal|p2a: Zygarde|14/100|[from] item: Leftovers
|-heal|p1a: Zygarde|99/100 par|[from] item: Leftovers
|upkeep
|turn|163
|
|t:|1665851099
|move|p2a: Zygarde|Thousand Arrows|p1a: Zygarde
|-damage|p1a: Zygarde|77/100 par
|move|p1a: Zygarde|Coil|p1a: Zygarde
|-boost|p1a: Zygarde|atk|1
|-boost|p1a: Zygarde|def|1
|-boost|p1a: Zygarde|accuracy|1
|
|-heal|p2a: Zygarde|21/100|[from] item: Leftovers
|-heal|p1a: Zygarde|83/100 par|[from] item: Leftovers
|upkeep
|turn|164
|
|t:|1665851109
|move|p2a: Zygarde|Dragon Dance|p2a: Zygarde
|-boost|p2a: Zygarde|atk|1
|-boost|p2a: Zygarde|spe|1
|move|p1a: Zygarde|Thousand Arrows|p2a: Zygarde
|-end|p2a: Zygarde|Substitute
|
|-heal|p2a: Zygarde|27/100|[from] item: Leftovers
|-heal|p1a: Zygarde|90/100 par|[from] item: Leftovers
|upkeep
|turn|165
|
|t:|1665851134
|move|p2a: Zygarde|Substitute|p2a: Zygarde
|-start|p2a: Zygarde|Substitute
|-damage|p2a: Zygarde|2/100
|cant|p1a: Zygarde|par
|
|-heal|p2a: Zygarde|8/100|[from] item: Leftovers
|-heal|p1a: Zygarde|96/100 par|[from] item: Leftovers
|upkeep
|turn|166
|
|t:|1665851143
|move|p2a: Zygarde|Thousand Arrows|p1a: Zygarde
|-damage|p1a: Zygarde|75/100 par
|move|p1a: Zygarde|Thousand Arrows|p2a: Zygarde
|-end|p2a: Zygarde|Substitute
|
|-heal|p2a: Zygarde|14/100|[from] item: Leftovers
|-heal|p1a: Zygarde|81/100 par|[from] item: Leftovers
|upkeep
|turn|167
|
|t:|1665851158
|switch|p2a: Xerneas|Xerneas|100/100 slp
|-damage|p2a: Xerneas|88/100 slp|[from] Stealth Rock
|-ability|p2a: Xerneas|Fairy Aura
|move|p1a: Zygarde|Thousand Arrows|p2a: Xerneas
|-crit|p2a: Xerneas
|-damage|p2a: Xerneas|33/100 slp
|
|-heal|p2a: Xerneas|39/100 slp|[from] item: Leftovers
|-heal|p1a: Zygarde|88/100 par|[from] item: Leftovers
|upkeep
|turn|168
|c| Scavet|ah ça avance
|c| Scavet|cool
|c|☆Meracx|J'en peux plus
|
|t:|1665851184
|cant|p2a: Xerneas|slp
|move|p1a: Zygarde|Thousand Arrows|p2a: Xerneas
|-damage|p2a: Xerneas|4/100 slp
|
|-heal|p2a: Xerneas|10/100 slp|[from] item: Leftovers
|-heal|p1a: Zygarde|94/100 par|[from] item: Leftovers
|upkeep
|turn|169
|
|t:|1665851199
|cant|p2a: Xerneas|slp
|move|p1a: Zygarde|Thousand Arrows|p2a: Xerneas
|-damage|p2a: Xerneas|0 fnt
|faint|p2a: Xerneas
|
|-heal|p1a: Zygarde|99/100 par|[from] item: Leftovers
|upkeep
|c| Scavet|!!
|
|t:|1665851203
|switch|p2a: Marshadow|Marshadow|88/100
|-damage|p2a: Marshadow|82/100|[from] Stealth Rock
|turn|170
|
|t:|1665851207
|switch|p1a: Necrozma|Necrozma-Dusk-Mane|100/100
|-damage|p1a: Necrozma|94/100|[from] Stealth Rock
|move|p2a: Marshadow|Spectral Thief|p1a: Necrozma
|-supereffective|p1a: Necrozma
|-damage|p1a: Necrozma|22/100
|
|-heal|p1a: Necrozma|28/100|[from] item: Leftovers
|upkeep
|turn|171
|
|t:|1665851217
|move|p2a: Marshadow|Spectral Thief|p1a: Necrozma
|-supereffective|p1a: Necrozma
|-damage|p1a: Necrozma|0 fnt
|faint|p1a: Necrozma
|
|upkeep
|
|t:|1665851221
|switch|p1a: Zygarde|Zygarde-Complete|99/100 par
|-damage|p1a: Zygarde|94/100 par|[from] Stealth Rock
|turn|172
|
|t:|1665851246
|move|p2a: Marshadow|Spectral Thief|p1a: Zygarde
|-damage|p1a: Zygarde|70/100 par
|cant|p1a: Zygarde|par
|
|-heal|p1a: Zygarde|76/100 par|[from] item: Leftovers
|upkeep
|turn|173
|
|t:|1665851268
|switch|p2a: Zygarde|Zygarde-Complete|14/100
|-damage|p2a: Zygarde|8/100|[from] Stealth Rock
|move|p1a: Zygarde|Glare|p2a: Zygarde
|-status|p2a: Zygarde|par
|
|-heal|p2a: Zygarde|14/100 par|[from] item: Leftovers
|-heal|p1a: Zygarde|83/100 par|[from] item: Leftovers
|upkeep
|turn|174
|
|t:|1665851283
|move|p2a: Zygarde|Thousand Arrows|p1a: Zygarde
|-damage|p1a: Zygarde|68/100 par
|cant|p1a: Zygarde|par
|
|-heal|p2a: Zygarde|21/100 par|[from] item: Leftovers
|-heal|p1a: Zygarde|74/100 par|[from] item: Leftovers
|upkeep
|turn|175
|
|t:|1665851333
|move|p2a: Zygarde|Thousand Arrows|p1a: Zygarde
|-damage|p1a: Zygarde|60/100 par
|move|p1a: Zygarde|Coil|p1a: Zygarde
|-boost|p1a: Zygarde|atk|1
|-boost|p1a: Zygarde|def|1
|-boost|p1a: Zygarde|accuracy|1
|
|-heal|p2a: Zygarde|27/100 par|[from] item: Leftovers
|-heal|p1a: Zygarde|66/100 par|[from] item: Leftovers
|upkeep
|turn|176
|
|t:|1665851351
|move|p2a: Zygarde|Substitute|p2a: Zygarde
|-start|p2a: Zygarde|Substitute
|-damage|p2a: Zygarde|2/100 par
|move|p1a: Zygarde|Coil|p1a: Zygarde
|-boost|p1a: Zygarde|atk|1
|-boost|p1a: Zygarde|def|1
|-boost|p1a: Zygarde|accuracy|1
|
|-heal|p2a: Zygarde|8/100 par|[from] item: Leftovers
|-heal|p1a: Zygarde|72/100 par|[from] item: Leftovers
|upkeep
|turn|177
|
|t:|1665851357
|move|p2a: Zygarde|Dragon Dance|p2a: Zygarde
|-boost|p2a: Zygarde|atk|1
|-boost|p2a: Zygarde|spe|1
|move|p1a: Zygarde|Coil|p1a: Zygarde
|-boost|p1a: Zygarde|atk|1
|-boost|p1a: Zygarde|def|1
|-boost|p1a: Zygarde|accuracy|1
|
|-heal|p2a: Zygarde|14/100 par|[from] item: Leftovers
|-heal|p1a: Zygarde|79/100 par|[from] item: Leftovers
|upkeep
|turn|178
|
|t:|1665851367
|move|p2a: Zygarde|Dragon Dance|p2a: Zygarde
|-boost|p2a: Zygarde|atk|1
|-boost|p2a: Zygarde|spe|1
|move|p1a: Zygarde|Thousand Arrows|p2a: Zygarde
|-end|p2a: Zygarde|Substitute
|
|-heal|p2a: Zygarde|21/100 par|[from] item: Leftovers
|-heal|p1a: Zygarde|85/100 par|[from] item: Leftovers
|upkeep
|turn|179
|
|t:|1665851377
|cant|p2a: Zygarde|par
|move|p1a: Zygarde|Thousand Arrows|p2a: Zygarde
|-damage|p2a: Zygarde|0 fnt
|faint|p2a: Zygarde
|
|-heal|p1a: Zygarde|91/100 par|[from] item: Leftovers
|upkeep
|j| flagenbobotiflenge
|
|t:|1665851383
|switch|p2a: Marshadow|Marshadow|82/100
|-damage|p2a: Marshadow|76/100|[from] Stealth Rock
|turn|180
|
|t:|1665851447
|switch|p1a: Eternatus|Eternatus|76/100 par
|-ability|p1a: Eternatus|Pressure
|move|p2a: Marshadow|Spectral Thief|p1a: Eternatus
|-damage|p1a: Eternatus|25/100 par
|
|upkeep
|turn|181
|
|t:|1665851456
|move|p2a: Marshadow|Spectral Thief|p1a: Eternatus
|-damage|p1a: Eternatus|0 fnt
|faint|p1a: Eternatus
|
|upkeep
|
|t:|1665851464
|switch|p1a: Zygarde|Zygarde-Complete|91/100 par
|-damage|p1a: Zygarde|85/100 par|[from] Stealth Rock
|turn|182
|
|t:|1665851466
|move|p2a: Marshadow|Spectral Thief|p1a: Zygarde
|-damage|p1a: Zygarde|61/100 par
|move|p1a: Zygarde|Rest|p1a: Zygarde
|-status|p1a: Zygarde|slp|[from] move: Rest
|-heal|p1a: Zygarde|100/100 slp|[silent]
|
|upkeep
|turn|183
|
|t:|1665851474
|move|p2a: Marshadow|Spectral Thief|p1a: Zygarde
|-damage|p1a: Zygarde|75/100 slp
|cant|p1a: Zygarde|slp
|
|-heal|p1a: Zygarde|82/100 slp|[from] item: Leftovers
|upkeep
|turn|184
|
|t:|1665851477
|move|p2a: Marshadow|Spectral Thief|p1a: Zygarde
|-damage|p1a: Zygarde|56/100 slp
|cant|p1a: Zygarde|slp
|
|-heal|p1a: Zygarde|62/100 slp|[from] item: Leftovers
|upkeep
|turn|185
|
|t:|1665851482
|move|p2a: Marshadow|Spectral Thief|p1a: Zygarde
|-damage|p1a: Zygarde|40/100 slp
|-curestatus|p1a: Zygarde|slp|[msg]
|move|p1a: Zygarde|Rest|p1a: Zygarde
|-status|p1a: Zygarde|slp|[from] move: Rest
|-heal|p1a: Zygarde|100/100 slp|[silent]
|
|upkeep
|turn|186
|
|t:|1665851489
|move|p2a: Marshadow|Spectral Thief|p1a: Zygarde
|-damage|p1a: Zygarde|78/100 slp
|cant|p1a: Zygarde|slp
|
|-heal|p1a: Zygarde|84/100 slp|[from] item: Leftovers
|upkeep
|turn|187
|
|t:|1665851493
|move|p2a: Marshadow|Spectral Thief|p1a: Zygarde
|-damage|p1a: Zygarde|59/100 slp
|cant|p1a: Zygarde|slp
|
|-heal|p1a: Zygarde|65/100 slp|[from] item: Leftovers
|upkeep
|turn|188
|
|t:|1665851495
|move|p2a: Marshadow|Spectral Thief|p1a: Zygarde
|-damage|p1a: Zygarde|43/100 slp
|-curestatus|p1a: Zygarde|slp|[msg]
|move|p1a: Zygarde|Rest|p1a: Zygarde
|-status|p1a: Zygarde|slp|[from] move: Rest
|-heal|p1a: Zygarde|100/100 slp|[silent]
|
|upkeep
|turn|189
|l| flagenbobotiflenge
|c|☆Remi25|excellent tier ...
|
|t:|1665851510
|move|p2a: Marshadow|Spectral Thief|p1a: Zygarde
|-damage|p1a: Zygarde|78/100 slp
|cant|p1a: Zygarde|slp
|
|-heal|p1a: Zygarde|85/100 slp|[from] item: Leftovers
|upkeep
|turn|190
|c|☆Meracx|Je kiffe
|
|t:|1665851518
|-activate|p2a: Marshadow|move: Struggle
|move|p2a: Marshadow|Struggle|p1a: Zygarde
|-damage|p1a: Zygarde|72/100 slp
|-damage|p2a: Marshadow|51/100|[from] recoil
|cant|p1a: Zygarde|slp
|
|-heal|p1a: Zygarde|78/100 slp|[from] item: Leftovers
|upkeep
|turn|191
|c| Scavet|comment ça se fait que zygarde prend 22% sur marsha mdr
|c| Scavet|il est band en plus nn
|c|☆Meracx|Mon dernier Thousand Arrow qui va tuer c'est beau
|
|t:|1665851536
|-activate|p2a: Marshadow|move: Struggle
|move|p2a: Marshadow|Struggle|p1a: Zygarde
|-damage|p1a: Zygarde|65/100 slp
|-damage|p2a: Marshadow|26/100|[from] recoil
|-curestatus|p1a: Zygarde|slp|[msg]
|move|p1a: Zygarde|Thousand Arrows|p2a: Marshadow
|-damage|p2a: Marshadow|0 fnt
|faint|p2a: Marshadow
|
|win|Meracx
|c|☆Remi25|ce truc c'est du béton
|c|☆Remi25|"gg" mdr
|c|☆Meracx|Oui "gg" messi
|c| outd hikozaru|félicitations d'avoir survécu
|c|☆Meracx|J'ai plus que 3 neurones fonctionnels
|l| Scavet
|l| outd hikozaru
