|j|☆RIP_Player
|j|☆izalacerda1
|t:|1617113267
|player|p1|RIP_Player|firebreather|1557
|player|p2|izalacerda1|caitlin|1424
|teamsize|p1|6
|teamsize|p2|6
|gametype|singles
|gen|8
|tier|[Gen 8] Ubers
|rated|
|clearpoke
|poke|p1|Eternatus|
|poke|p1|Toxapex, F|
|poke|p1|Yveltal|
|poke|p1|Ferrothorn, M|
|poke|p1|Marshadow|
|poke|p1|Heatran, M|
|poke|p2|Venusaur, F|
|poke|p2|Groudon|
|poke|p2|Ho-Oh|
|poke|p2|Yveltal|
|poke|p2|Necrozma-Dusk-Mane|
|poke|p2|Palkia|
|rule|Sleep Clause Mod: Limit one foe put to sleep
|rule|Species Clause: Limit one of each Pokémon
|rule|OHKO Clause: OHKO moves are banned
|rule|Evasion Moves Clause: Evasion moves are banned
|rule|Endless Battle Clause: Forcing endless battles is banned
|rule|HP Percentage Mod: HP is shown in percentages
|rule|Dynamax Clause: You cannot dynamax
|teampreview
|inactive|Battle timer is ON: inactive players will automatically lose when time's up. (requested by RIP_Player)
|
|t:|1617113291
|start
|switch|p1a: Ferrothorn|Ferrothorn, M|100/100
|switch|p2a: Groudon|Groudon|100/100
|-weather|SunnyDay|[from] ability: Drought|[of] p2a: Groudon
|turn|1
|
|t:|1617113299
|move|p2a: Groudon|Stealth Rock|p1a: Ferrothorn
|-sidestart|p1: RIP_Player|move: Stealth Rock
|move|p1a: Ferrothorn|Leech Seed|p2a: Groudon
|-start|p2a: Groudon|move: Leech Seed
|
|-weather|SunnyDay|[upkeep]
|-damage|p2a: Groudon|88/100|[from] Leech Seed|[of] p1a: Ferrothorn
|upkeep
|turn|2
|
|t:|1617113305
|switch|p2a: Ho-Oh|Ho-Oh|100/100
|switch|p1a: Toxapex|Toxapex, F|100/100
|-damage|p1a: Toxapex|88/100|[from] Stealth Rock
|
|-weather|SunnyDay|[upkeep]
|-heal|p1a: Toxapex|94/100|[from] item: Black Sludge
|upkeep
|turn|3
|
|t:|1617113312
|switch|p2a: Venusaur|Venusaur, F|100/100
|move|p1a: Toxapex|Toxic|p2a: Venusaur
|-immune|p2a: Venusaur
|
|-weather|SunnyDay|[upkeep]
|-heal|p1a: Toxapex|100/100|[from] item: Black Sludge
|upkeep
|turn|4
|j| nagisa6666
|inactive|izalacerda1 has 120 seconds left.
|
|t:|1617113348
|switch|p1a: Heatran|Heatran, M|100/100
|-damage|p1a: Heatran|88/100|[from] Stealth Rock
|move|p2a: Venusaur|Weather Ball|p1a: Heatran
|-start|p1a: Heatran|ability: Flash Fire
|
|-weather|SunnyDay|[upkeep]
|-heal|p1a: Heatran|94/100|[from] item: Leftovers
|upkeep
|turn|5
|
|t:|1617113356
|move|p2a: Venusaur|Earth Power|p1a: Heatran
|-supereffective|p1a: Heatran
|-damage|p1a: Heatran|7/100
|-damage|p2a: Venusaur|91/100|[from] item: Life Orb
|move|p1a: Heatran|Stealth Rock|p2a: Venusaur
|-sidestart|p2: izalacerda1|move: Stealth Rock
|
|-weather|SunnyDay|[upkeep]
|-heal|p1a: Heatran|13/100|[from] item: Leftovers
|upkeep
|turn|6
|
|t:|1617113370
|-end|p1a: Heatran|ability: Flash Fire|[silent]
|switch|p1a: Yveltal|Yveltal|100/100
|-damage|p1a: Yveltal|76/100|[from] Stealth Rock
|-ability|p1a: Yveltal|Dark Aura
|move|p2a: Venusaur|Earth Power|p1a: Yveltal
|-immune|p1a: Yveltal
|
|-weather|SunnyDay|[upkeep]
|upkeep
|turn|7
|
|t:|1617113375
|switch|p2a: Yveltal|Yveltal|100/100
|-ability|p2a: Yveltal|Dark Aura
|switch|p1a: Heatran|Heatran, M|13/100
|-damage|p1a: Heatran|0 fnt|[from] Stealth Rock
|faint|p1a: Heatran
|
|-weather|SunnyDay|[upkeep]
|upkeep
|
|t:|1617113384
|switch|p1a: Eternatus|Eternatus|100/100
|-damage|p1a: Eternatus|88/100|[from] Stealth Rock
|-ability|p1a: Eternatus|Pressure
|turn|8
|
|t:|1617113392
|move|p1a: Eternatus|Meteor Beam||[still]
|-prepare|p1a: Eternatus|Meteor Beam
|-boost|p1a: Eternatus|spa|1
|-enditem|p1a: Eternatus|Power Herb
|-anim|p1a: Eternatus|Meteor Beam|p2a: Yveltal
|-supereffective|p2a: Yveltal
|-damage|p2a: Yveltal|21/100
|move|p2a: Yveltal|U-turn|p1a: Eternatus
|-resisted|p1a: Eternatus
|-damage|p1a: Eternatus|79/100
|
|t:|1617113407
|switch|p2a: Groudon|Groudon|88/100|[from]move: U-turn
|-damage|p2a: Groudon|82/100|[from] Stealth Rock
|
|-weather|none
|upkeep
|turn|9
|
|t:|1617113411
|move|p1a: Eternatus|Dynamax Cannon|p2a: Groudon
|-damage|p2a: Groudon|4/100
|move|p2a: Groudon|Thunder Wave|p1a: Eternatus
|-status|p1a: Eternatus|par
|
|upkeep
|turn|10
|
|t:|1617113429
|switch|p1a: Yveltal|Yveltal|76/100
|-damage|p1a: Yveltal|51/100|[from] Stealth Rock
|-ability|p1a: Yveltal|Dark Aura
|move|p2a: Groudon|Precipice Blades|p1a: Yveltal
|-immune|p1a: Yveltal
|
|upkeep
|turn|11
|
|t:|1617113434
|switch|p2a: Yveltal|Yveltal|21/100
|-ability|p2a: Yveltal|Dark Aura
|move|p1a: Yveltal|Knock Off|p2a: Yveltal
|-resisted|p2a: Yveltal
|-damage|p2a: Yveltal|0 fnt
|-enditem|p2a: Yveltal|Heavy-Duty Boots|[from] move: Knock Off|[of] p1a: Yveltal
|faint|p2a: Yveltal
|
|upkeep
|
|t:|1617113437
|switch|p2a: Ho-Oh|Ho-Oh|100/100
|turn|12
|
|t:|1617113439
|move|p1a: Yveltal|Knock Off|p2a: Ho-Oh
|-damage|p2a: Ho-Oh|27/100
|-enditem|p2a: Ho-Oh|Heavy-Duty Boots|[from] move: Knock Off|[of] p1a: Yveltal
|move|p2a: Ho-Oh|Defog|p1a: Yveltal
|-unboost|p1a: Yveltal|evasion|1
|-sideend|p1: RIP_Player|Stealth Rock|[from] move: Defog|[of] p2a: Ho-Oh
|-sideend|p2: izalacerda1|Stealth Rock|[from] move: Defog|[of] p2a: Ho-Oh
|
|upkeep
|turn|13
|
|t:|1617113445
|move|p1a: Yveltal|Knock Off|p2a: Ho-Oh
|-damage|p2a: Ho-Oh|0 fnt
|faint|p2a: Ho-Oh
|
|upkeep
|
|t:|1617113449
|switch|p2a: Palkia|Palkia|100/100
|-ability|p2a: Palkia|Pressure
|turn|14
|
|t:|1617113460
|switch|p1a: Ferrothorn|Ferrothorn, M|100/100
|move|p2a: Palkia|Spacial Rend|p1a: Ferrothorn
|-resisted|p1a: Ferrothorn
|-damage|p1a: Ferrothorn|80/100
|
|-heal|p1a: Ferrothorn|86/100|[from] item: Leftovers
|upkeep
|turn|15
|
|t:|1617113468
|move|p2a: Palkia|Fire Blast|p1a: Ferrothorn
|-supereffective|p1a: Ferrothorn
|-damage|p1a: Ferrothorn|0 fnt
|faint|p1a: Ferrothorn
|
|upkeep
|
|t:|1617113475
|switch|p1a: Toxapex|Toxapex, F|100/100
|turn|16
|inactive|izalacerda1 has 120 seconds left.
|
|t:|1617113509
|switch|p2a: Groudon|Groudon|4/100
|-weather|SunnyDay|[from] ability: Drought|[of] p2a: Groudon
|move|p1a: Toxapex|Toxic|p2a: Groudon
|-status|p2a: Groudon|tox
|
|-weather|SunnyDay|[upkeep]
|-damage|p2a: Groudon|0 fnt|[from] psn
|faint|p2a: Groudon
|upkeep
|
|t:|1617113512
|switch|p2a: Venusaur|Venusaur, F|91/100
|turn|17
|
|t:|1617113528
|move|p1a: Toxapex|Baneful Bunker|p1a: Toxapex
|-singleturn|p1a: Toxapex|move: Protect
|move|p2a: Venusaur|Growth|p2a: Venusaur
|-boost|p2a: Venusaur|atk|2
|-boost|p2a: Venusaur|spa|2
|
|-weather|SunnyDay|[upkeep]
|upkeep
|turn|18
|
|t:|1617113539
|switch|p1a: Eternatus|Eternatus|79/100 par
|-ability|p1a: Eternatus|Pressure
|move|p2a: Venusaur|Earth Power|p1a: Eternatus
|-supereffective|p1a: Eternatus
|-damage|p1a: Eternatus|0 fnt
|-damage|p2a: Venusaur|81/100|[from] item: Life Orb
|faint|p1a: Eternatus
|
|-weather|SunnyDay|[upkeep]
|upkeep
|
|t:|1617113544
|switch|p1a: Yveltal|Yveltal|51/100
|-ability|p1a: Yveltal|Dark Aura
|turn|19
|
|t:|1617113546
|switch|p1a: Toxapex|Toxapex, F|100/100
|move|p2a: Venusaur|Weather Ball|p1a: Toxapex
|-resisted|p1a: Toxapex
|-damage|p1a: Toxapex|49/100
|-damage|p2a: Venusaur|71/100|[from] item: Life Orb
|
|-weather|SunnyDay|[upkeep]
|-heal|p1a: Toxapex|55/100|[from] item: Black Sludge
|upkeep
|turn|20
|
|t:|1617113551
|move|p1a: Toxapex|Baneful Bunker|p1a: Toxapex
|-singleturn|p1a: Toxapex|move: Protect
|move|p2a: Venusaur|Weather Ball|p1a: Toxapex
|-activate|p1a: Toxapex|move: Protect
|
|-weather|SunnyDay|[upkeep]
|-heal|p1a: Toxapex|62/100|[from] item: Black Sludge
|upkeep
|turn|21
|
|t:|1617113558
|move|p2a: Venusaur|Giga Drain|p1a: Toxapex
|-damage|p1a: Toxapex|0 fnt
|-heal|p2a: Venusaur|100/100|[from] drain|[of] p1a: Toxapex
|-damage|p2a: Venusaur|91/100|[from] item: Life Orb
|faint|p1a: Toxapex
|
|-weather|SunnyDay|[upkeep]
|upkeep
|
|t:|1617113566
|switch|p1a: Marshadow|Marshadow|100/100
|turn|22
|
|t:|1617113568
|move|p2a: Venusaur|Weather Ball|p1a: Marshadow
|-enditem|p1a: Marshadow|Focus Sash
|-damage|p1a: Marshadow|1/100
|-damage|p2a: Venusaur|81/100|[from] item: Life Orb
|move|p1a: Marshadow|Spectral Thief||[still]
|-clearpositiveboost|p2a: Venusaur|p1a: Marshadow|move: Spectral Thief
|-boost|p1a: Marshadow|atk|2
|-boost|p1a: Marshadow|spa|2
|-anim|p1a: Marshadow|Spectral Thief|p2a: Venusaur
|-damage|p2a: Venusaur|0 fnt
|faint|p2a: Venusaur
|
|-weather|SunnyDay|[upkeep]
|upkeep
|
|t:|1617113572
|switch|p2a: Palkia|Palkia|100/100
|-ability|p2a: Palkia|Pressure
|turn|23
|
|t:|1617113577
|move|p1a: Marshadow|Spectral Thief|p2a: Palkia
|-damage|p2a: Palkia|11/100
|move|p2a: Palkia|Fire Blast|p1a: Marshadow
|-damage|p1a: Marshadow|0 fnt
|faint|p1a: Marshadow
|
|-weather|none
|upkeep
|
|t:|1617113580
|switch|p1a: Yveltal|Yveltal|51/100
|-ability|p1a: Yveltal|Dark Aura
|turn|24
|
|t:|1617113584
|move|p2a: Palkia|Thunderbolt|p1a: Yveltal
|-supereffective|p1a: Yveltal
|-damage|p1a: Yveltal|0 fnt
|faint|p1a: Yveltal
|
|win|izalacerda1
|raw|RIP_Player's rating: 1557 &rarr; <strong>1530</strong><br />(-27 for losing)
|raw|izalacerda1's rating: 1424 &rarr; <strong>1451</strong><br />(+27 for winning)
|c|☆izalacerda1|gg
|c|☆izalacerda1|its cool to see 3 ou mons in ubers
||Ladder isn't responding, score probably updated but might not have (Request timeout).
