|raw|<div class="broadcast-blue"><strong>This battle is required to be public due to a player having a name starting with 'ULT8RQ'.</div>
|j|☆ULT8RQ Crad
|j|☆ult8rq qian
|t:|1620880863
|gametype|singles
|player|p1|ULT8RQ Crad|cheryl|1585
|player|p2|ult8rq qian|2|1586
|teamsize|p1|6
|teamsize|p2|6
|gen|8
|tier|[Gen 8] Ubers
|rated|
|rule|Sleep Clause Mod: Limit one foe put to sleep
|rule|Species Clause: Limit one of each Pokémon
|rule|OHKO Clause: OHKO moves are banned
|rule|Evasion Moves Clause: Evasion moves are banned
|rule|Endless Battle Clause: Forcing endless battles is banned
|rule|HP Percentage Mod: HP is shown in percentages
|rule|Dynamax Clause: You cannot dynamax
|clearpoke
|poke|p1|Ditto|
|poke|p1|Palkia|
|poke|p1|Yveltal|
|poke|p1|Necrozma-Dusk-Mane|
|poke|p1|Zacian-*|
|poke|p1|Eternatus|
|poke|p2|Slurpuff, M|
|poke|p2|Eternatus|
|poke|p2|Yveltal|
|poke|p2|Necrozma-Dusk-Mane|
|poke|p2|Kyogre|
|poke|p2|Calyrex-Shadow|
|teampreview
|j| BasedWhat?
|j| Based 4 Ghosters
|c| BasedWhat?|cradf
|c| BasedWhat?|crad
|j|+Aberforth
|c| BasedWhat?|are you ok
|j| Luna's Bann3d N0w
|c| Luna's Bann3d N0w|bro
|
|t:|1620880884
|start
|switch|p1a: Ditto|Ditto|100/100
|switch|p2a: Slurpuff|Slurpuff, M|100/100
|-transform|p1a: Ditto|p2a: Slurpuff|[from] ability: Imposter
|turn|1
|c| Luna's Bann3d N0w|he's so so tilted
|
|t:|1620880893
|move|p2a: Slurpuff|Magic Coat|p2a: Slurpuff
|-singleturn|p2a: Slurpuff|move: Magic Coat
|move|p1a: Ditto|Sticky Web|p2a: Slurpuff
|move|p2a: Slurpuff|Sticky Web|p1a: Ditto|[from]Magic Coat
|-sidestart|p1: ULT8RQ Crad|move: Sticky Web
|
|upkeep
|turn|2
|j| StitChuu
|
|t:|1620880897
|move|p2a: Slurpuff|Magic Coat|p2a: Slurpuff
|-singleturn|p2a: Slurpuff|move: Magic Coat
|move|p1a: Ditto|Sticky Web|p2a: Slurpuff
|move|p2a: Slurpuff|Sticky Web||[from]Magic Coat|[still]
|-fail|p2a: Slurpuff
|
|upkeep
|turn|3
|c| Luna's Bann3d N0w|my man is looking for a therap-
|
|t:|1620880899
|move|p2a: Slurpuff|Magic Coat|p2a: Slurpuff
|-singleturn|p2a: Slurpuff|move: Magic Coat
|move|p1a: Ditto|Sticky Web|p2a: Slurpuff
|move|p2a: Slurpuff|Sticky Web||[from]Magic Coat|[still]
|-fail|p2a: Slurpuff
|
|upkeep
|turn|4
|j| ULT8RQ iceman
|c| Luna's Bann3d N0w|...
|
|t:|1620880901
|switch|p1a: Yveltal|Yveltal|100/100
|-ability|p1a: Yveltal|Dark Aura
|move|p2a: Slurpuff|Magic Coat|p2a: Slurpuff
|-singleturn|p2a: Slurpuff|move: Magic Coat
|
|upkeep
|turn|5
|c| Based 4 Ghosters|imagine bringing ditto
|c| Luna's Bann3d N0w|LMFAOOOO
|c| Based 4 Ghosters|and losing
|
|t:|1620880905
|move|p2a: Slurpuff|Yawn|p1a: Yveltal
|-start|p1a: Yveltal|move: Yawn|[of] p2a: Slurpuff
|move|p1a: Yveltal|Defog|p2a: Slurpuff
|-unboost|p2a: Slurpuff|evasion|1
|-sideend|p1: ULT8RQ Crad|Sticky Web|[from] move: Defog|[of] p1a: Yveltal
|
|upkeep
|turn|6
|c| ULT8RQ iceman|Skitty stuck?
|
|t:|1620880908
|move|p2a: Slurpuff|Sticky Web|p1a: Yveltal
|-sidestart|p1: ULT8RQ Crad|move: Sticky Web
|move|p1a: Yveltal|U-turn|p2a: Slurpuff
|-resisted|p2a: Slurpuff
|-damage|p2a: Slurpuff|83/100
|
|t:|1620880911
|switch|p1a: Necrozma|Necrozma-Dusk-Mane|100/100|[from]move: U-turn
|-activate|p1a: Necrozma|move: Sticky Web
|-unboost|p1a: Necrozma|spe|1
|
|upkeep
|turn|7
|
|t:|1620880913
|move|p2a: Slurpuff|Magic Coat|p2a: Slurpuff
|-singleturn|p2a: Slurpuff|move: Magic Coat
|move|p1a: Necrozma|Sunsteel Strike|p2a: Slurpuff
|-supereffective|p2a: Slurpuff
|-damage|p2a: Slurpuff|0 fnt
|faint|p2a: Slurpuff
|
|upkeep
|
|t:|1620880915
|switch|p2a: Kyogre|Kyogre|100/100
|-weather|RainDance|[from] ability: Drizzle|[of] p2a: Kyogre
|turn|8
|
|t:|1620880926
|switch|p1a: Palkia|Palkia|100/100
|-activate|p1a: Palkia|move: Sticky Web
|-unboost|p1a: Palkia|spe|1
|-ability|p1a: Palkia|Pressure
|move|p2a: Kyogre|Water Spout|p1a: Palkia
|-resisted|p1a: Palkia
|-damage|p1a: Palkia|58/100
|
|-weather|RainDance|[upkeep]
|upkeep
|turn|9
|
|t:|1620880931
|switch|p2a: Eternatus|Eternatus|100/100
|-ability|p2a: Eternatus|Pressure
|move|p1a: Palkia|Spacial Rend|p2a: Eternatus
|-supereffective|p2a: Eternatus
|-damage|p2a: Eternatus|0 fnt
|faint|p2a: Eternatus
|
|-weather|RainDance|[upkeep]
|upkeep
|
|t:|1620880935
|switch|p2a: Calyrex|Calyrex-Shadow|100/100
|-ability|p2a: Calyrex|As One
|-ability|p2a: Calyrex|Unnerve
|turn|10
|
|t:|1620880939
|switch|p1a: Yveltal|Yveltal|100/100
|-ability|p1a: Yveltal|Dark Aura
|move|p2a: Calyrex|Nasty Plot|p2a: Calyrex
|-boost|p2a: Calyrex|spa|2
|
|-weather|RainDance|[upkeep]
|upkeep
|turn|11
|
|t:|1620880948
|move|p2a: Calyrex|Draining Kiss|p1a: Yveltal
|-supereffective|p1a: Yveltal
|-damage|p1a: Yveltal|50/100
|move|p1a: Yveltal|U-turn|p2a: Calyrex
|-damage|p2a: Calyrex|74/100
|
|t:|1620880950
|switch|p1a: Ditto|Ditto|100/100|[from]move: U-turn
|-activate|p1a: Ditto|move: Sticky Web
|-unboost|p1a: Ditto|spe|1
|-transform|p1a: Ditto|p2a: Calyrex|[from] ability: Imposter
|
|-weather|RainDance|[upkeep]
|upkeep
|turn|12
|
|t:|1620880955
|switch|p2a: Yveltal|Yveltal|100/100
|-ability|p2a: Yveltal|Dark Aura
|move|p1a: Ditto|Astral Barrage|p2a: Yveltal
|-resisted|p2a: Yveltal
|-damage|p2a: Yveltal|25/100
|
|-weather|none
|upkeep
|turn|13
|
|t:|1620880959
|switch|p1a: Zacian|Zacian|100/100
|-activate|p1a: Zacian|move: Sticky Web
|-unboost|p1a: Zacian|spe|1
|-ability|p1a: Zacian|Intrepid Sword|boost
|-boost|p1a: Zacian|atk|1
|move|p2a: Yveltal|Oblivion Wing|p1a: Zacian
|-damage|p1a: Zacian|53/100
|-heal|p2a: Yveltal|54/100|[from] drain|[of] p1a: Zacian
|-damage|p2a: Yveltal|44/100|[from] item: Life Orb
|
|upkeep
|turn|14
|
|t:|1620880966
|move|p2a: Yveltal|Oblivion Wing|p1a: Zacian
|-damage|p1a: Zacian|3/100
|-heal|p2a: Yveltal|76/100|[from] drain|[of] p1a: Zacian
|-damage|p2a: Yveltal|66/100|[from] item: Life Orb
|move|p1a: Zacian|Wild Charge|p2a: Yveltal
|-supereffective|p2a: Yveltal
|-damage|p2a: Yveltal|0 fnt
|faint|p2a: Yveltal
|-damage|p1a: Zacian|0 fnt|[from] Recoil
|faint|p1a: Zacian
|
|upkeep
|
|t:|1620880974
|switch|p1a: Palkia|Palkia|58/100
|switch|p2a: Kyogre|Kyogre|100/100
|-activate|p1a: Palkia|move: Sticky Web
|-unboost|p1a: Palkia|spe|1
|-ability|p1a: Palkia|Pressure
|-weather|RainDance|[from] ability: Drizzle|[of] p2a: Kyogre
|turn|15
|
|t:|1620880989
|move|p2a: Kyogre|Thunder|p1a: Palkia
|-damage|p1a: Palkia|0 fnt
|faint|p1a: Palkia
|
|-weather|RainDance|[upkeep]
|upkeep
|
|t:|1620880996
|switch|p1a: Eternatus|Eternatus|100/100
|-activate|p1a: Eternatus|move: Sticky Web
|-unboost|p1a: Eternatus|spe|1
|-ability|p1a: Eternatus|Pressure
|turn|16
|
|t:|1620881001
|switch|p2a: Necrozma|Necrozma-Dusk-Mane|100/100
|move|p1a: Eternatus|Flamethrower|p2a: Necrozma
|-supereffective|p2a: Necrozma
|-damage|p2a: Necrozma|82/100
|
|-weather|RainDance|[upkeep]
|upkeep
|turn|17
|
|t:|1620881006
|move|p1a: Eternatus|Flamethrower|p2a: Necrozma
|-supereffective|p2a: Necrozma
|-damage|p2a: Necrozma|65/100
|move|p2a: Necrozma|Earthquake|p1a: Eternatus
|-supereffective|p1a: Eternatus
|-damage|p1a: Eternatus|14/100
|-damage|p2a: Necrozma|56/100|[from] item: Life Orb
|
|-weather|RainDance|[upkeep]
|-heal|p1a: Eternatus|20/100|[from] item: Black Sludge
|upkeep
|turn|18
|
|t:|1620881011
|move|p1a: Eternatus|Flamethrower|p2a: Necrozma
|-supereffective|p2a: Necrozma
|-damage|p2a: Necrozma|38/100
|move|p2a: Necrozma|Sunsteel Strike|p1a: Eternatus
|-damage|p1a: Eternatus|0 fnt
|faint|p1a: Eternatus
|-damage|p2a: Necrozma|28/100|[from] item: Life Orb
|
|-weather|RainDance|[upkeep]
|upkeep
|
|t:|1620881013
|switch|p1a: Ditto|Ditto|100/100
|-activate|p1a: Ditto|move: Sticky Web
|-unboost|p1a: Ditto|spe|1
|-transform|p1a: Ditto|p2a: Necrozma|[from] ability: Imposter
|turn|19
|
|t:|1620881017
|move|p1a: Ditto|Earthquake|p2a: Necrozma
|-supereffective|p2a: Necrozma
|-crit|p2a: Necrozma
|-damage|p2a: Necrozma|0 fnt
|faint|p2a: Necrozma
|
|-weather|none
|upkeep
|
|t:|1620881024
|switch|p2a: Calyrex|Calyrex-Shadow|74/100
|-ability|p2a: Calyrex|As One
|-ability|p2a: Calyrex|Unnerve
|turn|20
|
|t:|1620881026
|switch|p1a: Yveltal|Yveltal|50/100
|-ability|p1a: Yveltal|Dark Aura
|move|p2a: Calyrex|Draining Kiss|p1a: Yveltal
|-supereffective|p1a: Yveltal
|-damage|p1a: Yveltal|25/100
|-heal|p2a: Calyrex|99/100|[from] drain|[of] p1a: Yveltal
|
|upkeep
|turn|21
|
|t:|1620881031
|move|p2a: Calyrex|Draining Kiss|p1a: Yveltal
|-supereffective|p1a: Yveltal
|-damage|p1a: Yveltal|0 fnt
|-heal|p2a: Calyrex|100/100|[from] drain|[of] p1a: Yveltal
|faint|p1a: Yveltal
|-ability|p2a: Calyrex|Grim Neigh|boost
|-boost|p2a: Calyrex|spa|1
|
|upkeep
|
|t:|1620881034
|switch|p1a: Necrozma|Necrozma-Dusk-Mane|100/100
|-activate|p1a: Necrozma|move: Sticky Web
|-unboost|p1a: Necrozma|spe|1
|turn|22
|
|t:|1620881036
|move|p2a: Calyrex|Astral Barrage|p1a: Necrozma
|-supereffective|p1a: Necrozma
|-damage|p1a: Necrozma|0 fnt
|faint|p1a: Necrozma
|-ability|p2a: Calyrex|Grim Neigh|boost
|-boost|p2a: Calyrex|spa|1
|
|upkeep
|c| Luna's Bann3d N0w|GG
|
|t:|1620881039
|switch|p1a: Ditto|Ditto|100/100
|-activate|p1a: Ditto|move: Sticky Web
|-unboost|p1a: Ditto|spe|1
|-transform|p1a: Ditto|p2a: Calyrex|[from] ability: Imposter
|turn|23
|
|t:|1620881040
|move|p1a: Ditto|Astral Barrage|p2a: Calyrex
|-supereffective|p2a: Calyrex
|-enditem|p2a: Calyrex|Focus Sash
|-damage|p2a: Calyrex|1/100
|move|p2a: Calyrex|Astral Barrage|p1a: Ditto
|-supereffective|p1a: Ditto
|-damage|p1a: Ditto|0 fnt
|faint|p1a: Ditto
|
|win|ult8rq qian
|raw|ULT8RQ Crad's rating: 1603 &rarr; <strong>1582</strong><br />(-21 for losing)
|raw|ult8rq qian's rating: 1586 &rarr; <strong>1607</strong><br />(+21 for winning)
|c| Based 4 Ghosters|imagine bringing ditto
|c| Based 4 Ghosters|and losing to HO
|c| BasedWhat?|samquian the goat
|l| Luna's Bann3d N0w
|l|+Aberforth
