|j|☆Eledyr
|j|☆SiTuM.
|t:|1651000102
|gametype|singles
|player|p1|Eledyr|klara|
|player|p2|SiTuM.|lucas|
|teamsize|p1|6
|teamsize|p2|6
|gen|8
|tier|[Gen 8] Ubers
|rule|Sleep Clause Mod: Limit one foe put to sleep
|rule|Species Clause: Limit one of each Pokémon
|rule|OHKO Clause: OHKO moves are banned
|rule|Evasion Moves Clause: Evasion moves are banned
|rule|Endless Battle Clause: Forcing endless battles is banned
|rule|HP Percentage Mod: HP is shown in percentages
|rule|Dynamax Clause: You cannot dynamax
|clearpoke
|poke|p1|Yveltal|
|poke|p1|Xerneas-*|
|poke|p1|Aerodactyl, F|
|poke|p1|Calyrex-Shadow|
|poke|p1|Zamazenta-*|
|poke|p1|Eternatus|
|poke|p2|Groudon|
|poke|p2|Yveltal|
|poke|p2|Ditto|
|poke|p2|Heatran, F|
|poke|p2|Necrozma-Dusk-Mane|
|poke|p2|Eternatus|
|teampreview
|c|☆SiTuM.|/log SiTuM. made this room public.
|j| Heika
|j| fraises des bo as
|j| Finalities
|c|☆Eledyr|hf
|j| Sharow 水上
|j| xbl
|j| Celestin34
|j| Flex OKLM
|c|☆SiTuM.|hf
|j| Cherbou
|j| Neco0s
|j| Holy Dictator
|j| palapapop
|c| Flex OKLM|hf tsé
|j| lulu qlf
|j| erwann41
|j| Menacce17
|j| Brayz
|j| Scavet
|j| Mister Morale
|j| Tpc is here
|j| mouette_kivol
|j| AvocadoInTheFridge
|j|+Tuthur
|j| Kugen
|j| wertsd26
|j| Degrestrider
|j| Shinigami no zero
|j| Remi25
|
|t:|1651000168
|start
|switch|p1a: Aerodactyl|Aerodactyl, F|100/100
|switch|p2a: J'AI GHOST ZENA|Groudon|100/100
|-weather|SunnyDay|[from] ability: Drought|[of] p2a: J'AI GHOST ZENA
|-ability|p1a: Aerodactyl|Pressure
|turn|1
|j| Reegychodon
|j| Porygoulag.
|j| Daruma
|n| 50NuancesD'Eledyr|avocadointhefridge
|j| opela
|j| The Delta Maybca☆〜
|j| oqo the hunter
|l| Daruma
|l| wertsd26
|l| erwann41
|j| wertsd26
|j| Daruma
|j| Jeza.p
|l| Daruma
|j| LolymaxTy
|j| Greycat01
|j| Joe la bite
|j| Hoshibi
|
|t:|1651000222
|move|p2a: J'AI GHOST ZENA|Stealth Rock|p1a: Aerodactyl
|-sidestart|p1: Eledyr|move: Stealth Rock
|move|p1a: Aerodactyl|Taunt|p2a: J'AI GHOST ZENA
|-start|p2a: J'AI GHOST ZENA|move: Taunt
|
|-weather|SunnyDay|[upkeep]
|upkeep
|turn|2
|j| Rubyblood
|j| Hervalt
|j| Nael222
|
|t:|1651000244
|switch|p2a: لدي شبح زينة|Heatran, F|100/100
|move|p1a: Aerodactyl|Defog|p2a: لدي شبح زينة
|-unboost|p2a: لدي شبح زينة|evasion|1
|-sideend|p1: Eledyr|Stealth Rock|[from] move: Defog|[of] p1a: Aerodactyl
|
|-weather|SunnyDay|[upkeep]
|upkeep
|turn|3
|j| Mao112
|
|t:|1651000251
|move|p1a: Aerodactyl|Stealth Rock|p2a: لدي شبح زينة
|-sidestart|p2: SiTuM.|move: Stealth Rock
|move|p2a: لدي شبح زينة|Magma Storm|p1a: Aerodactyl
|-resisted|p1a: Aerodactyl
|-damage|p1a: Aerodactyl|54/100
|-activate|p1a: Aerodactyl|move: Magma Storm|[of] p2a: لدي شبح زينة
|
|-weather|SunnyDay|[upkeep]
|-damage|p1a: Aerodactyl|42/100|[from] move: Magma Storm|[partiallytrapped]
|upkeep
|turn|4
|
|t:|1651000258
|move|p1a: Aerodactyl|Rock Tomb|p2a: لدي شبح زينة
|-damage|p2a: لدي شبح زينة|79/100
|-unboost|p2a: لدي شبح زينة|spe|1
|move|p2a: لدي شبح زينة|Magma Storm|p1a: Aerodactyl
|-resisted|p1a: Aerodactyl
|-damage|p1a: Aerodactyl|0 fnt
|faint|p1a: Aerodactyl
|
|-weather|SunnyDay|[upkeep]
|-heal|p2a: لدي شبح زينة|85/100|[from] item: Leftovers
|upkeep
|j| PE MarioReL
|j| Zemmour & Rick
|l| Zemmour & Rick
|j| Darky~Samaa'
|l| Darky~Samaa'
|j|%ironwater
|l| Jeza.p
|l| Joe la bite
|j| erwann41
|j| Micciu20250
|j| AgentKirby007
|l| AgentKirby007
|j| Quarante8
|l| erwann41
|l| 50NuancesD'Eledyr
|l| Nael222
|
|t:|1651000373
|switch|p1a: Zamazenta|Zamazenta-Crowned|100/100
|-ability|p1a: Zamazenta|Dauntless Shield|boost
|-boost|p1a: Zamazenta|def|1
|turn|5
|j| Nael222
|j| Kridane
|j| Dieu Amphibien
|j| UU12M P Otaku
|j| BlessyZ
|j| erwann41
|j| NULA kkk
|l| oqo the hunter
|l| BlessyZ
|l|%ironwater
|l| Nael222
|
|t:|1651000441
|switch|p2a: J'AI GHOST ZENA|Groudon|100/100
|-damage|p2a: J'AI GHOST ZENA|94/100|[from] Stealth Rock
|move|p1a: Zamazenta|Close Combat|p2a: J'AI GHOST ZENA
|-damage|p2a: J'AI GHOST ZENA|51/100
|-unboost|p1a: Zamazenta|def|1
|-unboost|p1a: Zamazenta|spd|1
|
|-weather|none
|upkeep
|turn|6
|j| Nael222
|j|%ironwater
|j| KSt3ve
|j| AgentKirby007
|l| Nael222
|inactive|Battle timer is ON: inactive players will automatically lose when time's up. (requested by SiTuM.)
|j| Nael222
|l| UU12M P Otaku
|
|t:|1651000517
|move|p2a: J'AI GHOST ZENA|Stealth Rock|p1a: Zamazenta
|-sidestart|p1: Eledyr|move: Stealth Rock
|move|p1a: Zamazenta|Behemoth Bash|p2a: J'AI GHOST ZENA
|-damage|p2a: J'AI GHOST ZENA|14/100
|
|upkeep
|turn|7
|l| Nael222
|j| qlfpaz
|j| Nael222
|l| AgentKirby007
|j| Darky~Samaa'
|l| Menacce17
|c| Nael222|Hein
|inactive|SiTuM. has 270 seconds left.
|j| Mouscouteau
|c| Hoshibi|2
|c| Hoshibi|pitié
|raw|<div class="broadcast-red"><strong>Moderated chat was set to ☆!</strong><br />Only users of rank ☆ and higher can talk.</div>
|inactive|SiTuM. has 240 seconds left.
|inactive|SiTuM. has 210 seconds left.
|
|t:|1651000628
|switch|p2a: Έχω ζήνα φάντασμα|Eternatus|100/100
|-damage|p2a: Έχω ζήνα φάντασμα|88/100|[from] Stealth Rock
|-ability|p2a: Έχω ζήνα φάντασμα|Pressure
|-item|p2a: Έχω ζήνα φάντασμα|Air Balloon
|switch|p1a: Yveltal|Yveltal|100/100
|-damage|p1a: Yveltal|76/100|[from] Stealth Rock
|-ability|p1a: Yveltal|Dark Aura
|
|upkeep
|turn|8
|inactive|Eledyr has 270 seconds left.
|c|☆SiTuM.|je suis pas weak zyg j'ai eter balloon nael
|inactive|SiTuM. has 180 seconds left.
|c|☆SiTuM.|tsais lmec con
|l|%ironwater
|j|%ironwater
|inactive|Eledyr has 240 seconds left.
|
|t:|1651000703
|switch|p1a: Zamazenta|Zamazenta-Crowned|100/100
|-damage|p1a: Zamazenta|97/100|[from] Stealth Rock
|-ability|p1a: Zamazenta|Dauntless Shield|boost
|-boost|p1a: Zamazenta|def|1
|move|p2a: Έχω ζήνα φάντασμα|Sludge Bomb|p1a: Zamazenta
|-immune|p1a: Zamazenta
|
|upkeep
|turn|9
|inactive|SiTuM. has 180 seconds left.
|
|t:|1651000722
|move|p1a: Zamazenta|Howl|p1a: Zamazenta
|-boost|p1a: Zamazenta|atk|1
|move|p2a: Έχω ζήνα φάντασμα|Recover|p2a: Έχω ζήνα φάντασμα
|-heal|p2a: Έχω ζήνα φάντασμα|100/100
|
|upkeep
|turn|10
|
|t:|1651000736
|move|p1a: Zamazenta|Behemoth Bash|p2a: Έχω ζήνα φάντασμα
|-damage|p2a: Έχω ζήνα φάντασμα|38/100
|-enditem|p2a: Έχω ζήνα φάντασμα|Air Balloon
|move|p2a: Έχω ζήνα φάντασμα|Dragon Tail|p1a: Zamazenta
|-resisted|p1a: Zamazenta
|-damage|p1a: Zamazenta|94/100
|drag|p1a: Calyrex|Calyrex-Shadow|100/100
|-ability|p1a: Calyrex|As One
|-ability|p1a: Calyrex|Unnerve
|-damage|p1a: Calyrex|88/100|[from] Stealth Rock
|
|upkeep
|turn|11
|inactive|Eledyr has 210 seconds left.
|inactive|Eledyr has 180 seconds left.
|
|t:|1651000790
|switch|p2a: I GHOSTED ZENA|Yveltal|100/100
|-ability|p2a: I GHOSTED ZENA|Dark Aura
|move|p1a: Calyrex|Draining Kiss|p2a: I GHOSTED ZENA
|-supereffective|p2a: I GHOSTED ZENA
|-damage|p2a: I GHOSTED ZENA|77/100
|-heal|p1a: Calyrex|100/100|[from] drain|[of] p2a: I GHOSTED ZENA
|
|upkeep
|turn|12
|inactive|Eledyr has 180 seconds left.
|
|t:|1651000808
|switch|p1a: Zamazenta|Zamazenta-Crowned|94/100
|-damage|p1a: Zamazenta|91/100|[from] Stealth Rock
|-ability|p1a: Zamazenta|Dauntless Shield|boost
|-boost|p1a: Zamazenta|def|1
|move|p2a: I GHOSTED ZENA|Oblivion Wing|p1a: Zamazenta
|-damage|p1a: Zamazenta|69/100
|-heal|p2a: I GHOSTED ZENA|89/100|[from] drain|[of] p1a: Zamazenta
|
|upkeep
|turn|13
|
|t:|1651000820
|move|p1a: Zamazenta|Behemoth Bash|p2a: I GHOSTED ZENA
|-damage|p2a: I GHOSTED ZENA|51/100
|move|p2a: I GHOSTED ZENA|U-turn|p1a: Zamazenta
|-resisted|p1a: Zamazenta
|-damage|p1a: Zamazenta|66/100
|
|t:|1651000826
|switch|p2a: J'AI GHOST ZENA|Groudon|14/100|[from]move: U-turn
|-damage|p2a: J'AI GHOST ZENA|8/100|[from] Stealth Rock
|-weather|SunnyDay|[from] ability: Drought|[of] p2a: J'AI GHOST ZENA
|
|-weather|SunnyDay|[upkeep]
|upkeep
|turn|14
|inactive|Eledyr has 180 seconds left.
|inactive|SiTuM. has 180 seconds left.
|inactive|Eledyr has 150 seconds left.
|
|t:|1651000883
|switch|p1a: Xerneas|Xerneas|100/100
|-damage|p1a: Xerneas|88/100|[from] Stealth Rock
|-ability|p1a: Xerneas|Fairy Aura
|move|p2a: J'AI GHOST ZENA|Overheat|p1a: Xerneas
|-damage|p1a: Xerneas|47/100
|-unboost|p2a: J'AI GHOST ZENA|spa|2
|
|-weather|SunnyDay|[upkeep]
|upkeep
|turn|15
|
|t:|1651000899
|switch|p2a: 我有鬼zena|Necrozma-Dusk-Mane|100/100
|-damage|p2a: 我有鬼zena|94/100|[from] Stealth Rock
|move|p1a: Xerneas|Moonblast|p2a: 我有鬼zena
|-resisted|p2a: 我有鬼zena
|-damage|p2a: 我有鬼zena|69/100
|
|-weather|SunnyDay|[upkeep]
|-heal|p2a: 我有鬼zena|75/100|[from] item: Leftovers
|upkeep
|turn|16
|inactive|Eledyr has 120 seconds left.
|
|t:|1651000941
|move|p1a: Xerneas|Moonblast|p2a: 我有鬼zena
|-resisted|p2a: 我有鬼zena
|-damage|p2a: 我有鬼zena|52/100
|move|p2a: 我有鬼zena|Thunder Wave|p1a: Xerneas
|-status|p1a: Xerneas|par
|
|-weather|SunnyDay|[upkeep]
|-heal|p2a: 我有鬼zena|58/100|[from] item: Leftovers
|upkeep
|turn|17
|inactive|Eledyr has 90 seconds left.
|inactive|Eledyr has 60 seconds left.
|
|t:|1651001018
|move|p2a: 我有鬼zena|Moonlight|p2a: 我有鬼zena
|-heal|p2a: 我有鬼zena|100/100
|move|p1a: Xerneas|Moonblast|p2a: 我有鬼zena
|-resisted|p2a: 我有鬼zena
|-damage|p2a: 我有鬼zena|77/100
|
|-weather|none
|-heal|p2a: 我有鬼zena|83/100|[from] item: Leftovers
|upkeep
|turn|18
|
|t:|1651001022
|move|p2a: 我有鬼zena|Sunsteel Strike|p1a: Xerneas
|-supereffective|p1a: Xerneas
|-damage|p1a: Xerneas|0 fnt
|faint|p1a: Xerneas
|
|-heal|p2a: 我有鬼zena|89/100|[from] item: Leftovers
|upkeep
|
|t:|1651001037
|switch|p1a: Yveltal|Yveltal|76/100
|-damage|p1a: Yveltal|51/100|[from] Stealth Rock
|-ability|p1a: Yveltal|Dark Aura
|turn|19
|inactive|Eledyr has 30 seconds left.
|
|t:|1651001066
|move|p1a: Yveltal|Taunt|p2a: 我有鬼zena
|-start|p2a: 我有鬼zena|move: Taunt
|move|p2a: 我有鬼zena|Sunsteel Strike|p1a: Yveltal
|-damage|p1a: Yveltal|5/100
|
|-heal|p2a: 我有鬼zena|95/100|[from] item: Leftovers
|upkeep
|turn|20
|
|t:|1651001075
|switch|p2a: Έχω ζήνα φάντασμα|Eternatus|38/100
|-damage|p2a: Έχω ζήνα φάντασμα|26/100|[from] Stealth Rock
|-ability|p2a: Έχω ζήνα φάντασμα|Pressure
|move|p1a: Yveltal|Roost|p1a: Yveltal
|-heal|p1a: Yveltal|55/100
|-singleturn|p1a: Yveltal|move: Roost
|
|upkeep
|turn|21
|
|t:|1651001083
|move|p2a: Έχω ζήνα φάντασμα|Recover|p2a: Έχω ζήνα φάντασμα
|-heal|p2a: Έχω ζήνα φάντασμα|76/100
|move|p1a: Yveltal|Taunt|p2a: Έχω ζήνα φάντασμα
|-start|p2a: Έχω ζήνα φάντασμα|move: Taunt
|
|upkeep
|turn|22
|
|t:|1651001087
|move|p2a: Έχω ζήνα φάντασμα|Sludge Bomb|p1a: Yveltal
|-damage|p1a: Yveltal|21/100
|move|p1a: Yveltal|Roost|p1a: Yveltal
|-heal|p1a: Yveltal|71/100
|-singleturn|p1a: Yveltal|move: Roost
|
|upkeep
|turn|23
|
|t:|1651001091
|move|p2a: Έχω ζήνα φάντασμα|Sludge Bomb|p1a: Yveltal
|-damage|p1a: Yveltal|30/100
|-status|p1a: Yveltal|psn
|move|p1a: Yveltal|Roost|p1a: Yveltal
|-heal|p1a: Yveltal|80/100 psn
|-singleturn|p1a: Yveltal|move: Roost
|
|-damage|p1a: Yveltal|68/100 psn|[from] psn
|upkeep
|turn|24
|
|t:|1651001097
|switch|p1a: Zamazenta|Zamazenta-Crowned|66/100
|-damage|p1a: Zamazenta|63/100|[from] Stealth Rock
|-ability|p1a: Zamazenta|Dauntless Shield|boost
|-boost|p1a: Zamazenta|def|1
|move|p2a: Έχω ζήνα φάντασμα|Dynamax Cannon|p1a: Zamazenta
|-resisted|p1a: Zamazenta
|-damage|p1a: Zamazenta|44/100
|
|-end|p2a: Έχω ζήνα φάντασμα|move: Taunt
|upkeep
|turn|25
|inactive|SiTuM. has 240 seconds left.
|
|t:|1651001110
|switch|p2a: 我有鬼zena|Necrozma-Dusk-Mane|95/100
|-damage|p2a: 我有鬼zena|89/100|[from] Stealth Rock
|move|p1a: Zamazenta|Ice Fang|p2a: 我有鬼zena
|-resisted|p2a: 我有鬼zena
|-damage|p2a: 我有鬼zena|82/100
|
|-heal|p2a: 我有鬼zena|88/100|[from] item: Leftovers
|upkeep
|turn|26
|
|t:|1651001127
|move|p1a: Zamazenta|Close Combat|p2a: 我有鬼zena
|-damage|p2a: 我有鬼zena|42/100
|-unboost|p1a: Zamazenta|def|1
|-unboost|p1a: Zamazenta|spd|1
|move|p2a: 我有鬼zena|Sunsteel Strike|p1a: Zamazenta
|-resisted|p1a: Zamazenta
|-damage|p1a: Zamazenta|25/100
|
|-heal|p2a: 我有鬼zena|48/100|[from] item: Leftovers
|upkeep
|turn|27
|
|t:|1651001138
|move|p1a: Zamazenta|Howl|p1a: Zamazenta
|-boost|p1a: Zamazenta|atk|1
|move|p2a: 我有鬼zena|Moonlight|p2a: 我有鬼zena
|-heal|p2a: 我有鬼zena|98/100
|
|-heal|p2a: 我有鬼zena|100/100|[from] item: Leftovers
|upkeep
|turn|28
|inactive|SiTuM. has 240 seconds left.
|
|t:|1651001167
|switch|p2a: J'AI GHOST ZENA|Groudon|8/100
|-damage|p2a: J'AI GHOST ZENA|1/100|[from] Stealth Rock
|-weather|SunnyDay|[from] ability: Drought|[of] p2a: J'AI GHOST ZENA
|move|p1a: Zamazenta|Close Combat|p2a: J'AI GHOST ZENA
|-damage|p2a: J'AI GHOST ZENA|0 fnt
|-unboost|p1a: Zamazenta|def|1
|-unboost|p1a: Zamazenta|spd|1
|faint|p2a: J'AI GHOST ZENA
|
|-weather|SunnyDay|[upkeep]
|upkeep
|
|t:|1651001172
|switch|p2a: YO GHOSTAR ZENA|Ditto|100/100
|-damage|p2a: YO GHOSTAR ZENA|88/100|[from] Stealth Rock
|-transform|p2a: YO GHOSTAR ZENA|p1a: Zamazenta|[from] ability: Imposter
|-ability|p2a: YO GHOSTAR ZENA|Dauntless Shield|boost
|-boost|p2a: YO GHOSTAR ZENA|def|1
|turn|29
|inactive|SiTuM. has 240 seconds left.
|inactive|Eledyr has 60 seconds left.
|
|t:|1651001210
|switch|p1a: Eternatus|Eternatus|100/100
|-damage|p1a: Eternatus|88/100|[from] Stealth Rock
|-ability|p1a: Eternatus|Pressure
|move|p2a: YO GHOSTAR ZENA|Behemoth Bash|p1a: Eternatus
|-damage|p1a: Eternatus|22/100
|
|-weather|SunnyDay|[upkeep]
|upkeep
|turn|30
|
|t:|1651001220
|move|p2a: YO GHOSTAR ZENA|Behemoth Bash|p1a: Eternatus
|-damage|p1a: Eternatus|0 fnt
|faint|p1a: Eternatus
|
|-weather|SunnyDay|[upkeep]
|upkeep
|
|t:|1651001222
|switch|p1a: Zamazenta|Zamazenta-Crowned|25/100
|-damage|p1a: Zamazenta|22/100|[from] Stealth Rock
|-ability|p1a: Zamazenta|Dauntless Shield|boost
|-boost|p1a: Zamazenta|def|1
|turn|31
|inactive|SiTuM. has 240 seconds left.
|
|t:|1651001236
|switch|p2a: 我有鬼zena|Necrozma-Dusk-Mane|100/100
|-damage|p2a: 我有鬼zena|94/100|[from] Stealth Rock
|move|p1a: Zamazenta|Close Combat|p2a: 我有鬼zena
|-damage|p2a: 我有鬼zena|54/100
|-unboost|p1a: Zamazenta|def|1
|-unboost|p1a: Zamazenta|spd|1
|
|-weather|SunnyDay|[upkeep]
|-heal|p2a: 我有鬼zena|60/100|[from] item: Leftovers
|upkeep
|turn|32
|inactive|SiTuM. has 240 seconds left.
|
|t:|1651001243
|move|p1a: Zamazenta|Howl|p1a: Zamazenta
|-boost|p1a: Zamazenta|atk|1
|move|p2a: 我有鬼zena|Sunsteel Strike|p1a: Zamazenta
|-resisted|p1a: Zamazenta
|-damage|p1a: Zamazenta|2/100
|
|-weather|none
|-heal|p2a: 我有鬼zena|66/100|[from] item: Leftovers
|upkeep
|turn|33
|
|t:|1651001253
|move|p1a: Zamazenta|Close Combat|p2a: 我有鬼zena
|-damage|p2a: 我有鬼zena|0 fnt
|-unboost|p1a: Zamazenta|def|1
|-unboost|p1a: Zamazenta|spd|1
|faint|p2a: 我有鬼zena
|
|upkeep
|
|t:|1651001257
|switch|p2a: YO GHOSTAR ZENA|Ditto|88/100
|-damage|p2a: YO GHOSTAR ZENA|76/100|[from] Stealth Rock
|-transform|p2a: YO GHOSTAR ZENA|p1a: Zamazenta|[from] ability: Imposter
|-ability|p2a: YO GHOSTAR ZENA|Dauntless Shield|boost
|-boost|p2a: YO GHOSTAR ZENA|def|1
|turn|34
|
|t:|1651001261
|move|p2a: YO GHOSTAR ZENA|Behemoth Bash|p1a: Zamazenta
|-resisted|p1a: Zamazenta
|-damage|p1a: Zamazenta|0 fnt
|faint|p1a: Zamazenta
|
|upkeep
|inactive|Eledyr has 90 seconds left.
|inactive|Eledyr has 60 seconds left.
|
|t:|1651001324
|switch|p1a: Calyrex|Calyrex-Shadow|100/100
|-ability|p1a: Calyrex|As One
|-ability|p1a: Calyrex|Unnerve
|-damage|p1a: Calyrex|88/100|[from] Stealth Rock
|turn|35
|inactive|SiTuM. has 270 seconds left.
|inactive|Eledyr has 30 seconds left.
|
|t:|1651001354
|switch|p2a: لدي شبح زينة|Heatran, F|85/100
|-damage|p2a: لدي شبح زينة|73/100|[from] Stealth Rock
|move|p1a: Calyrex|Astral Barrage|p2a: لدي شبح زينة
|-damage|p2a: لدي شبح زينة|31/100
|
|-heal|p2a: لدي شبح زينة|37/100|[from] item: Leftovers
|upkeep
|turn|36
|inactive|Eledyr has 30 seconds left.
|inactive|Eledyr has 20 seconds left.
|inactive|Eledyr has 15 seconds left.
|inactive|Eledyr has 10 seconds left.
|
|t:|1651001381
|move|p1a: Calyrex|Nasty Plot|p1a: Calyrex
|-boost|p1a: Calyrex|spa|2
|move|p2a: لدي شبح زينة|Earth Power|p1a: Calyrex
|-damage|p1a: Calyrex|63/100
|
|-heal|p2a: لدي شبح زينة|43/100|[from] item: Leftovers
|upkeep
|turn|37
|inactive|Eledyr has 20 seconds left this turn.
|inactive|SiTuM. has 270 seconds left.
|
|t:|1651001386
|move|p1a: Calyrex|Draining Kiss|p2a: لدي شبح زينة
|-resisted|p2a: لدي شبح زينة
|-damage|p2a: لدي شبح زينة|37/100
|-heal|p1a: Calyrex|68/100|[from] drain|[of] p2a: لدي شبح زينة
|move|p2a: لدي شبح زينة|Earth Power|p1a: Calyrex
|-damage|p1a: Calyrex|40/100
|
|-heal|p2a: لدي شبح زينة|43/100|[from] item: Leftovers
|upkeep
|turn|38
|inactive|Eledyr has 30 seconds left this turn.
|c|☆SiTuM.|gg
|
|t:|1651001393
|move|p1a: Calyrex|Encore|p2a: لدي شبح زينة
|-start|p2a: لدي شبح زينة|Encore
|move|p2a: لدي شبح زينة|Earth Power|p1a: Calyrex
|-damage|p1a: Calyrex|16/100
|
|-heal|p2a: لدي شبح زينة|49/100|[from] item: Leftovers
|upkeep
|turn|39
|
|t:|1651001395
|move|p1a: Calyrex|Draining Kiss|p2a: لدي شبح زينة
|-resisted|p2a: لدي شبح زينة
|-damage|p2a: لدي شبح زينة|44/100
|-heal|p1a: Calyrex|21/100|[from] drain|[of] p2a: لدي شبح زينة
|move|p2a: لدي شبح زينة|Earth Power|p1a: Calyrex
|-damage|p1a: Calyrex|0 fnt
|faint|p1a: Calyrex
|
|-heal|p2a: لدي شبح زينة|50/100|[from] item: Leftovers
|upkeep
|
|t:|1651001397
|switch|p1a: Yveltal|Yveltal|68/100 psn
|-damage|p1a: Yveltal|43/100 psn|[from] Stealth Rock
|-ability|p1a: Yveltal|Dark Aura
|turn|40
|
|t:|1651001404
|switch|p2a: Έχω ζήνα φάντασμα|Eternatus|76/100
|-damage|p2a: Έχω ζήνα φάντασμα|63/100|[from] Stealth Rock
|-ability|p2a: Έχω ζήνα φάντασμα|Pressure
|move|p1a: Yveltal|Knock Off|p2a: Έχω ζήνα φάντασμα
|-damage|p2a: Έχω ζήνα φάντασμα|19/100
|
|-damage|p1a: Yveltal|30/100 psn|[from] psn
|upkeep
|turn|41
|
|t:|1651001411
|move|p2a: Έχω ζήνα φάντασμα|Recover|p2a: Έχω ζήνα φάντασμα
|-heal|p2a: Έχω ζήνα φάντασμα|69/100
|move|p1a: Yveltal|Roost|p1a: Yveltal
|-heal|p1a: Yveltal|80/100 psn
|-singleturn|p1a: Yveltal|move: Roost
|
|-damage|p1a: Yveltal|68/100 psn|[from] psn
|upkeep
|turn|42
|c|☆SiTuM.|veuillez lacher ceci
|
|t:|1651001419
|move|p2a: Έχω ζήνα φάντασμα|Recover|p2a: Έχω ζήνα φάντασμα
|-heal|p2a: Έχω ζήνα φάντασμα|100/100
|move|p1a: Yveltal|Roost|p1a: Yveltal
|-heal|p1a: Yveltal|100/100 psn
|-singleturn|p1a: Yveltal|move: Roost
|
|-damage|p1a: Yveltal|88/100 psn|[from] psn
|upkeep
|turn|43
|
|t:|1651001427
|move|p2a: Έχω ζήνα φάντασμα|Sludge Bomb|p1a: Yveltal
|-damage|p1a: Yveltal|50/100 psn
|move|p1a: Yveltal|Taunt|p2a: Έχω ζήνα φάντασμα
|-start|p2a: Έχω ζήνα φάντασμα|move: Taunt
|
|-damage|p1a: Yveltal|37/100 psn|[from] psn
|upkeep
|turn|44
|c|☆SiTuM.|du monde
|c|☆SiTuM.|astro
|c|☆SiTuM.|heureusement que je suis là pour rattraper les games médiocres de ciel
|c|☆SiTuM.|j'ai toujours pas regardé le replay btw
|inactive|SiTuM. has 270 seconds left.
|c|☆Eledyr|le regarde pas
|c|☆Eledyr|tu perdrais ton temps
|c|☆SiTuM.|csc
|
|t:|1651001466
|move|p2a: Έχω ζήνα φάντασμα|Dynamax Cannon|p1a: Yveltal
|-damage|p1a: Yveltal|0 fnt
|faint|p1a: Yveltal
|
|win|SiTuM.
|c|☆Eledyr|oui oui allez
|c|☆Eledyr|gg
|l|☆SiTuM.
|l|%ironwater
|l|☆Eledyr
