|j|☆Hskgeifsusvfsyhwf
|j|☆0976umi
|t:|1647696934
|gametype|singles
|player|p1|Hskgeifsusvfsyhwf|266|1138
|player|p2|0976umi|170|1220
|teamsize|p1|6
|teamsize|p2|6
|gen|8
|tier|[Gen 8] Ubers
|rated|
|rule|Sleep Clause Mod: Limit one foe put to sleep
|rule|Species Clause: Limit one of each Pokémon
|rule|OHKO Clause: OHKO moves are banned
|rule|Evasion Moves Clause: Evasion moves are banned
|rule|Endless Battle Clause: Forcing endless battles is banned
|rule|HP Percentage Mod: HP is shown in percentages
|rule|Dynamax Clause: You cannot dynamax
|clearpoke
|poke|p1|Mewtwo|
|poke|p1|Ho-Oh|
|poke|p1|Yveltal|
|poke|p1|Zygarde|
|poke|p1|Eternatus|
|poke|p1|Calyrex-Shadow|
|poke|p2|Kyogre|
|poke|p2|Yveltal|
|poke|p2|Zygarde|
|poke|p2|Eternatus|
|poke|p2|Necrozma-Dusk-Mane|
|poke|p2|Marshadow|
|teampreview
|inactive|Battle timer is ON: inactive players will automatically lose when time's up. (requested by Hskgeifsusvfsyhwf)
|
|t:|1647696952
|start
|switch|p1a: Yveltal|Yveltal|100/100
|switch|p2a: Yveltal|Yveltal|100/100
|-ability|p1a: Yveltal|Dark Aura
|-ability|p2a: Yveltal|Dark Aura
|turn|1
|
|t:|1647696959
|move|p1a: Yveltal|Taunt|p2a: Yveltal
|-start|p2a: Yveltal|move: Taunt
|move|p2a: Yveltal|Knock Off|p1a: Yveltal
|-resisted|p1a: Yveltal
|-damage|p1a: Yveltal|74/100
|-enditem|p1a: Yveltal|Heavy-Duty Boots|[from] move: Knock Off|[of] p2a: Yveltal
|
|upkeep
|turn|2
|inactive|0976umi has 120 seconds left.
|inactive|0976umi has 90 seconds left.
|
|t:|1647697024
|switch|p2a: Eternatus|Eternatus|100/100
|-ability|p2a: Eternatus|Pressure
|move|p1a: Yveltal|Knock Off|p2a: Eternatus
|-damage|p2a: Eternatus|58/100
|-enditem|p2a: Eternatus|Heavy-Duty Boots|[from] move: Knock Off|[of] p1a: Yveltal
|
|upkeep
|turn|3
|inactive|Hskgeifsusvfsyhwf has 120 seconds left.
|
|t:|1647697083
|move|p2a: Eternatus|Recover|p2a: Eternatus
|-heal|p2a: Eternatus|100/100
|move|p1a: Yveltal|Knock Off|p2a: Eternatus
|-damage|p2a: Eternatus|70/100
|
|upkeep
|turn|4
|inactive|0976umi has 90 seconds left.
|
|t:|1647697115
|switch|p1a: Mewtwo|Mewtwo|100/100
|-ability|p1a: Mewtwo|Pressure
|move|p2a: Eternatus|Flamethrower|p1a: Mewtwo
|-damage|p1a: Mewtwo|71/100
|
|upkeep
|turn|5
|
|t:|1647697127
|switch|p2a: Necrozma|Necrozma-Dusk-Mane|100/100
|move|p1a: Mewtwo|Nasty Plot|p1a: Mewtwo
|-boost|p1a: Mewtwo|spa|2
|
|upkeep
|turn|6
|
|t:|1647697149
|move|p1a: Mewtwo|Fire Blast|p2a: Necrozma
|-supereffective|p2a: Necrozma
|-damage|p2a: Necrozma|0 fnt
|faint|p2a: Necrozma
|-damage|p1a: Mewtwo|61/100|[from] item: Life Orb
|
|upkeep
|
|t:|1647697154
|switch|p2a: Marshadow|Marshadow|100/100
|turn|7
|
|t:|1647697162
|switch|p1a: Yveltal|Yveltal|74/100
|-ability|p1a: Yveltal|Dark Aura
|move|p2a: Marshadow|Ice Punch|p1a: Yveltal
|-supereffective|p1a: Yveltal
|-damage|p1a: Yveltal|2/100
|
|upkeep
|turn|8
|
|t:|1647697171
|move|p2a: Marshadow|Ice Punch|p1a: Yveltal
|-supereffective|p1a: Yveltal
|-damage|p1a: Yveltal|0 fnt
|faint|p1a: Yveltal
|
|upkeep
|
|t:|1647697174
|switch|p1a: Ho-Oh|Ho-Oh|100/100
|turn|9
|inactive|0976umi has 90 seconds left.
|
|t:|1647697189
|switch|p2a: Zygarde|Zygarde|100/100
|move|p1a: Ho-Oh|Whirlwind|p2a: Zygarde
|drag|p2a: Yveltal|Yveltal|100/100
|-ability|p2a: Yveltal|Dark Aura
|
|upkeep
|turn|10
|inactive|0976umi has 90 seconds left.
|
|t:|1647697201
|switch|p2a: Zygarde|Zygarde|100/100
|move|p1a: Ho-Oh|Toxic|p2a: Zygarde
|-status|p2a: Zygarde|tox
|
|-damage|p2a: Zygarde|94/100 tox|[from] psn
|upkeep
|turn|11
|j| pickleobama
|
|t:|1647697207
|move|p2a: Zygarde|Glare|p1a: Ho-Oh
|-status|p1a: Ho-Oh|par
|move|p1a: Ho-Oh|Whirlwind|p2a: Zygarde
|drag|p2a: Eternatus|Eternatus|70/100
|-ability|p2a: Eternatus|Pressure
|
|upkeep
|turn|12
|
|t:|1647697215
|switch|p1a: Mewtwo|Mewtwo|61/100
|-ability|p1a: Mewtwo|Pressure
|move|p2a: Eternatus|Recover|p2a: Eternatus
|-heal|p2a: Eternatus|100/100
|
|upkeep
|turn|13
|
|t:|1647697228
|move|p1a: Mewtwo|Psystrike|p2a: Eternatus
|-supereffective|p2a: Eternatus
|-damage|p2a: Eternatus|0 fnt
|faint|p2a: Eternatus
|-damage|p1a: Mewtwo|51/100|[from] item: Life Orb
|
|upkeep
|inactive|0976umi has 90 seconds left.
|
|t:|1647697244
|switch|p2a: Marshadow|Marshadow|100/100
|turn|14
|
|t:|1647697249
|switch|p1a: Ho-Oh|Ho-Oh|100/100 par
|move|p2a: Marshadow|Spectral Thief|p1a: Ho-Oh
|-damage|p1a: Ho-Oh|49/100 par
|
|upkeep
|turn|15
|
|t:|1647697258
|move|p2a: Marshadow|Spectral Thief|p1a: Ho-Oh
|-damage|p1a: Ho-Oh|0 fnt
|faint|p1a: Ho-Oh
|
|upkeep
|l| pickleobama
|
|t:|1647697267
|switch|p1a: Calyrex|Calyrex-Shadow|100/100
|-ability|p1a: Calyrex|As One
|-ability|p1a: Calyrex|Unnerve
|turn|16
|
|t:|1647697273
|switch|p2a: Yveltal|Yveltal|100/100
|-ability|p2a: Yveltal|Dark Aura
|move|p1a: Calyrex|Draining Kiss|p2a: Yveltal
|-supereffective|p2a: Yveltal
|-damage|p2a: Yveltal|69/100
|
|upkeep
|turn|17
|inactive|0976umi has 120 seconds left.
|inactive|0976umi has 90 seconds left.
|
|t:|1647697310
|switch|p1a: Eternatus|Eternatus|100/100
|-ability|p1a: Eternatus|Pressure
|move|p2a: Yveltal|Roost|p2a: Yveltal
|-heal|p2a: Yveltal|100/100
|-singleturn|p2a: Yveltal|move: Roost
|
|upkeep
|turn|18
|inactive|0976umi has 90 seconds left.
|
|t:|1647697324
|switch|p2a: Kyogre|Kyogre|100/100
|-weather|RainDance|[from] ability: Drizzle|[of] p2a: Kyogre
|move|p1a: Eternatus|Toxic|p2a: Kyogre
|-status|p2a: Kyogre|tox
|
|-weather|RainDance|[upkeep]
|-damage|p2a: Kyogre|94/100 tox|[from] psn
|upkeep
|turn|19
|
|t:|1647697333
|move|p1a: Eternatus|Dynamax Cannon|p2a: Kyogre
|-damage|p2a: Kyogre|64/100 tox
|move|p2a: Kyogre|Thunder Wave|p1a: Eternatus
|-status|p1a: Eternatus|par
|
|-weather|RainDance|[upkeep]
|-heal|p2a: Kyogre|70/100 tox|[from] item: Leftovers
|-damage|p2a: Kyogre|57/100 tox|[from] psn
|upkeep
|turn|20
|
|t:|1647697340
|move|p2a: Kyogre|Ice Beam|p1a: Eternatus
|-supereffective|p1a: Eternatus
|-damage|p1a: Eternatus|59/100 par
|move|p1a: Eternatus|Dynamax Cannon|p2a: Kyogre
|-damage|p2a: Kyogre|28/100 tox
|
|-weather|RainDance|[upkeep]
|-heal|p2a: Kyogre|34/100 tox|[from] item: Leftovers
|-heal|p1a: Eternatus|65/100 par|[from] item: Black Sludge
|-damage|p2a: Kyogre|15/100 tox|[from] psn
|upkeep
|turn|21
|
|t:|1647697355
|switch|p2a: Marshadow|Marshadow|100/100
|move|p1a: Eternatus|Recover|p1a: Eternatus
|-heal|p1a: Eternatus|100/100 par
|
|-weather|RainDance|[upkeep]
|upkeep
|turn|22
|
|t:|1647697367
|move|p2a: Marshadow|Ice Punch|p1a: Eternatus
|-supereffective|p1a: Eternatus
|-damage|p1a: Eternatus|40/100 par
|cant|p1a: Eternatus|par
|
|-weather|none
|-heal|p1a: Eternatus|46/100 par|[from] item: Black Sludge
|upkeep
|turn|23
|
|t:|1647697372
|move|p2a: Marshadow|Ice Punch|p1a: Eternatus
|-supereffective|p1a: Eternatus
|-damage|p1a: Eternatus|0 fnt
|faint|p1a: Eternatus
|
|upkeep
|
|t:|1647697379
|switch|p1a: Calyrex|Calyrex-Shadow|100/100
|-ability|p1a: Calyrex|As One
|-ability|p1a: Calyrex|Unnerve
|turn|24
|
|t:|1647697383
|switch|p2a: Yveltal|Yveltal|100/100
|-ability|p2a: Yveltal|Dark Aura
|move|p1a: Calyrex|Nasty Plot|p1a: Calyrex
|-boost|p1a: Calyrex|spa|2
|
|upkeep
|turn|25
|
|t:|1647697393
|move|p1a: Calyrex|Draining Kiss|p2a: Yveltal
|-supereffective|p2a: Yveltal
|-damage|p2a: Yveltal|42/100
|move|p2a: Yveltal|Knock Off|p1a: Calyrex
|-supereffective|p1a: Calyrex
|-enditem|p1a: Calyrex|Focus Sash
|-damage|p1a: Calyrex|1/100
|
|upkeep
|turn|26
|
|t:|1647697415
|move|p1a: Calyrex|Draining Kiss|p2a: Yveltal
|-supereffective|p2a: Yveltal
|-damage|p2a: Yveltal|0 fnt
|-heal|p1a: Calyrex|42/100|[from] drain|[of] p2a: Yveltal
|faint|p2a: Yveltal
|-ability|p1a: Calyrex|Grim Neigh|boost
|-boost|p1a: Calyrex|spa|1
|
|upkeep
|
|t:|1647697417
|switch|p2a: Marshadow|Marshadow|100/100
|turn|27
|
|t:|1647697424
|move|p2a: Marshadow|Shadow Sneak|p1a: Calyrex
|-supereffective|p1a: Calyrex
|-damage|p1a: Calyrex|0 fnt
|faint|p1a: Calyrex
|
|upkeep
|
|t:|1647697426
|switch|p1a: Zygarde|Zygarde|100/100
|turn|28
|
|t:|1647697446
|switch|p2a: Kyogre|Kyogre|15/100 tox
|-weather|RainDance|[from] ability: Drizzle|[of] p2a: Kyogre
|move|p1a: Zygarde|Glare||[still]
|-fail|p1a: Zygarde
|
|-weather|RainDance|[upkeep]
|-heal|p2a: Kyogre|21/100 tox|[from] item: Leftovers
|-damage|p2a: Kyogre|15/100 tox|[from] psn
|upkeep
|turn|29
|
|t:|1647697453
|switch|p1a: Mewtwo|Mewtwo|51/100
|-ability|p1a: Mewtwo|Pressure
|move|p2a: Kyogre|Ice Beam|p1a: Mewtwo
|-damage|p1a: Mewtwo|12/100
|-status|p1a: Mewtwo|frz
|
|-weather|RainDance|[upkeep]
|-heal|p2a: Kyogre|21/100 tox|[from] item: Leftovers
|-damage|p2a: Kyogre|9/100 tox|[from] psn
|upkeep
|turn|30
|
|t:|1647697465
|switch|p2a: Zygarde|Zygarde|94/100 tox
|cant|p1a: Mewtwo|frz
|
|-weather|RainDance|[upkeep]
|-heal|p2a: Zygarde|100/100 tox|[from] item: Leftovers
|-damage|p2a: Zygarde|94/100 tox|[from] psn
|upkeep
|turn|31
|
|t:|1647697471
|-curestatus|p1a: Mewtwo|frz|[msg]
|move|p1a: Mewtwo|Ice Beam|p2a: Zygarde
|-supereffective|p2a: Zygarde
|-damage|p2a: Zygarde|0 fnt
|faint|p2a: Zygarde
|-damage|p1a: Mewtwo|2/100|[from] item: Life Orb
|
|-weather|RainDance|[upkeep]
|upkeep
|
|t:|1647697473
|switch|p2a: Marshadow|Marshadow|100/100
|turn|32
|
|t:|1647697477
|move|p2a: Marshadow|Shadow Sneak|p1a: Mewtwo
|-supereffective|p1a: Mewtwo
|-damage|p1a: Mewtwo|0 fnt
|faint|p1a: Mewtwo
|
|-weather|none
|upkeep
|
|t:|1647697479
|switch|p1a: Zygarde|Zygarde|100/100
|turn|33
|
|t:|1647697483
|switch|p2a: Kyogre|Kyogre|9/100 tox
|-weather|RainDance|[from] ability: Drizzle|[of] p2a: Kyogre
|move|p1a: Zygarde|Dragon Dance|p1a: Zygarde
|-boost|p1a: Zygarde|atk|1
|-boost|p1a: Zygarde|spe|1
|
|-weather|RainDance|[upkeep]
|-heal|p2a: Kyogre|15/100 tox|[from] item: Leftovers
|-damage|p2a: Kyogre|9/100 tox|[from] psn
|upkeep
|turn|34
|
|t:|1647697493
|move|p1a: Zygarde|Thousand Arrows|p2a: Kyogre
|-damage|p2a: Kyogre|0 fnt
|faint|p2a: Kyogre
|
|-weather|RainDance|[upkeep]
|upkeep
|
|t:|1647697498
|switch|p2a: Marshadow|Marshadow|100/100
|turn|35
|inactive|0976umi has 120 seconds left.
|
|t:|1647697531
|move|p1a: Zygarde|Thousand Arrows|p2a: Marshadow
|-damage|p2a: Marshadow|31/100
|move|p2a: Marshadow|Ice Punch|p1a: Zygarde
|-supereffective|p1a: Zygarde
|-damage|p1a: Zygarde|0 fnt
|faint|p1a: Zygarde
|
|win|0976umi
|raw|Hskgeifsusvfsyhwf's rating: 1138 &rarr; <strong>1119</strong><br />(-19 for losing)
|raw|0976umi's rating: 1220 &rarr; <strong>1239</strong><br />(+19 for winning)
|l|☆Hskgeifsusvfsyhwf
||Ladder isn't responding, score probably updated but might not have (Request timeout).
