|raw|<div class="broadcast-blue"><strong>This battle is required to be public due to a player having a name starting with 'ult4pdr'.</div>
|j|☆ULT4PDR ZENA
|j|‽Grc111
|t:|1654206197
|gametype|singles
|player|p1|ULT4PDR ZENA|cyrus|1404
|player|p2|Grc111|265|1662
|teamsize|p1|6
|teamsize|p2|6
|gen|8
|tier|[Gen 8] Ubers
|rated|
|rule|Sleep Clause Mod: Limit one foe put to sleep
|rule|Species Clause: Limit one of each Pokémon
|rule|OHKO Clause: OHKO moves are banned
|rule|Evasion Moves Clause: Evasion moves are banned
|rule|Endless Battle Clause: Forcing endless battles is banned
|rule|HP Percentage Mod: HP is shown in percentages
|rule|Dynamax Clause: You cannot dynamax
|clearpoke
|poke|p1|Kyogre|
|poke|p1|Palkia|
|poke|p1|Necrozma-Dusk-Mane|
|poke|p1|Yveltal|
|poke|p1|Calyrex-Shadow|
|poke|p1|Zygarde|
|poke|p2|Calyrex-Shadow|
|poke|p2|Xerneas-*|
|poke|p2|Yveltal|
|poke|p2|Necrozma-Dusk-Mane|
|poke|p2|Eternatus|
|poke|p2|Zekrom|
|teampreview
|inactive|Battle timer is ON: inactive players will automatically lose when time's up. (requested by Grc111)
|
|t:|1654206217
|start
|switch|p1a: Calyrex|Calyrex-Shadow|100/100
|switch|p2a: Zekrom|Zekrom|100/100
|-ability|p1a: Calyrex|As One
|-ability|p1a: Calyrex|Unnerve
|-ability|p2a: Zekrom|Teravolt
|turn|1
|
|t:|1654206232
|switch|p2a: Yveltal|Yveltal|100/100
|-ability|p2a: Yveltal|Dark Aura
|move|p1a: Calyrex|Astral Barrage|p2a: Yveltal
|-resisted|p2a: Yveltal
|-damage|p2a: Yveltal|78/100
|
|upkeep
|turn|2
|
|t:|1654206243
|switch|p1a: Yveltal|Yveltal, shiny|100/100
|-ability|p1a: Yveltal|Dark Aura
|move|p2a: Yveltal|Foul Play|p1a: Yveltal
|-resisted|p1a: Yveltal
|-damage|p1a: Yveltal|76/100
|
|upkeep
|turn|3
|
|t:|1654206255
|move|p1a: Yveltal|Roost|p1a: Yveltal
|-heal|p1a: Yveltal|100/100
|-singleturn|p1a: Yveltal|move: Roost
|move|p2a: Yveltal|Foul Play|p1a: Yveltal
|-resisted|p1a: Yveltal
|-damage|p1a: Yveltal|76/100
|
|upkeep
|turn|4
|
|t:|1654206258
|move|p1a: Yveltal|Knock Off|p2a: Yveltal
|-resisted|p2a: Yveltal
|-damage|p2a: Yveltal|57/100
|-enditem|p2a: Yveltal|Heavy-Duty Boots|[from] move: Knock Off|[of] p1a: Yveltal
|move|p2a: Yveltal|Foul Play|p1a: Yveltal
|-resisted|p1a: Yveltal
|-damage|p1a: Yveltal|52/100
|
|upkeep
|turn|5
|
|t:|1654206262
|move|p1a: Yveltal|Roost|p1a: Yveltal
|-heal|p1a: Yveltal|100/100
|-singleturn|p1a: Yveltal|move: Roost
|move|p2a: Yveltal|Roost|p2a: Yveltal
|-heal|p2a: Yveltal|100/100
|-singleturn|p2a: Yveltal|move: Roost
|
|upkeep
|turn|6
|
|t:|1654206275
|move|p1a: Yveltal|Knock Off|p2a: Yveltal
|-resisted|p2a: Yveltal
|-damage|p2a: Yveltal|84/100
|move|p2a: Yveltal|Foul Play|p1a: Yveltal
|-resisted|p1a: Yveltal
|-damage|p1a: Yveltal|76/100
|
|upkeep
|turn|7
|
|t:|1654206284
|switch|p1a: Zygarde|Zygarde|100/100
|move|p2a: Yveltal|Foul Play|p1a: Zygarde
|-damage|p1a: Zygarde|65/100
|
|-heal|p1a: Zygarde|71/100|[from] item: Leftovers
|upkeep
|turn|8
|
|t:|1654206303
|switch|p2a: Necrozma|Necrozma-Dusk-Mane|100/100
|move|p1a: Zygarde|Glare|p2a: Necrozma
|-status|p2a: Necrozma|par
|
|-heal|p1a: Zygarde|77/100|[from] item: Leftovers
|upkeep
|turn|9
|
|t:|1654206316
|move|p1a: Zygarde|Substitute|p1a: Zygarde
|-start|p1a: Zygarde|Substitute
|-damage|p1a: Zygarde|52/100
|move|p2a: Necrozma|Stealth Rock|p1a: Zygarde
|-sidestart|p1: ULT4PDR ZENA|move: Stealth Rock
|
|-heal|p1a: Zygarde|58/100|[from] item: Leftovers
|upkeep
|turn|10
|
|t:|1654206328
|move|p1a: Zygarde|Dragon Dance|p1a: Zygarde
|-boost|p1a: Zygarde|atk|1
|-boost|p1a: Zygarde|spe|1
|cant|p2a: Necrozma|par
|
|-heal|p1a: Zygarde|64/100|[from] item: Leftovers
|upkeep
|turn|11
|
|t:|1654206333
|move|p1a: Zygarde|Dragon Dance|p1a: Zygarde
|-boost|p1a: Zygarde|atk|1
|-boost|p1a: Zygarde|spe|1
|move|p2a: Necrozma|Sunsteel Strike|p1a: Zygarde
|-end|p1a: Zygarde|Substitute
|
|-heal|p1a: Zygarde|70/100|[from] item: Leftovers
|upkeep
|turn|12
|
|t:|1654206344
|switch|p2a: Yveltal|Yveltal|84/100
|-ability|p2a: Yveltal|Dark Aura
|move|p1a: Zygarde|Substitute|p1a: Zygarde
|-start|p1a: Zygarde|Substitute
|-damage|p1a: Zygarde|45/100
|
|-heal|p1a: Zygarde|51/100|[from] item: Leftovers
|upkeep
|turn|13
|
|t:|1654206348
|move|p1a: Zygarde|Glare|p2a: Yveltal
|-status|p2a: Yveltal|par
|move|p2a: Yveltal|Foul Play|p1a: Zygarde
|-end|p1a: Zygarde|Substitute
|
|-heal|p1a: Zygarde|58/100|[from] item: Leftovers
|upkeep
|turn|14
|
|t:|1654206353
|move|p1a: Zygarde|Substitute|p1a: Zygarde
|-start|p1a: Zygarde|Substitute
|-damage|p1a: Zygarde|33/100
|move|p2a: Yveltal|Foul Play|p1a: Zygarde
|-end|p1a: Zygarde|Substitute
|
|-heal|p1a: Zygarde|39/100|[from] item: Leftovers
|-activate|p1a: Zygarde|ability: Power Construct
|detailschange|p1a: Zygarde|Zygarde-Complete
|-heal|p1a: Zygarde|62/100|[silent]
|upkeep
|turn|15
|
|t:|1654206357
|move|p1a: Zygarde|Substitute|p1a: Zygarde
|-start|p1a: Zygarde|Substitute
|-damage|p1a: Zygarde|37/100
|cant|p2a: Yveltal|par
|
|-heal|p1a: Zygarde|43/100|[from] item: Leftovers
|upkeep
|turn|16
|
|t:|1654206360
|move|p1a: Zygarde|Thousand Arrows|p2a: Yveltal
|-damage|p2a: Yveltal|21/100 par
|-start|p2a: Yveltal|Smack Down
|move|p2a: Yveltal|Foul Play|p1a: Zygarde
|-end|p1a: Zygarde|Substitute
|
|-heal|p1a: Zygarde|49/100|[from] item: Leftovers
|upkeep
|turn|17
|
|t:|1654206365
|move|p1a: Zygarde|Thousand Arrows|p2a: Yveltal
|-damage|p2a: Yveltal|0 fnt
|faint|p2a: Yveltal
|
|-heal|p1a: Zygarde|56/100|[from] item: Leftovers
|upkeep
|
|t:|1654206375
|switch|p2a: Calyrex|Calyrex-Shadow|100/100
|-ability|p2a: Calyrex|As One
|-ability|p2a: Calyrex|Unnerve
|turn|18
|
|t:|1654206385
|switch|p1a: Yveltal|Yveltal, shiny|76/100
|-ability|p1a: Yveltal|Dark Aura
|move|p2a: Calyrex|Astral Barrage|p1a: Yveltal
|-resisted|p1a: Yveltal
|-damage|p1a: Yveltal|45/100
|
|upkeep
|turn|19
|
|t:|1654206391
|switch|p2a: Eternatus|Eternatus|100/100
|-ability|p2a: Eternatus|Pressure
|move|p1a: Yveltal|Defog|p2a: Eternatus
|-unboost|p2a: Eternatus|evasion|1
|-sideend|p1: ULT4PDR ZENA|Stealth Rock|[from] move: Defog|[of] p1a: Yveltal
|
|upkeep
|turn|20
|
|t:|1654206396
|switch|p2a: Necrozma|Necrozma-Dusk-Mane|100/100 par
|switch|p1a: Necrozma|Necrozma-Dusk-Mane, shiny|100/100
|
|upkeep
|turn|21
|
|t:|1654206399
|move|p1a: Necrozma|Stealth Rock|p2a: Necrozma
|-sidestart|p2: Grc111|move: Stealth Rock
|move|p2a: Necrozma|Knock Off|p1a: Necrozma
|-supereffective|p1a: Necrozma
|-enditem|p1a: Necrozma|Colbur Berry|[eat]
|-enditem|p1a: Necrozma|Colbur Berry|[weaken]
|-damage|p1a: Necrozma|81/100
|
|upkeep
|turn|22
|
|t:|1654206404
|switch|p1a: Yveltal|Yveltal, shiny|45/100
|-ability|p1a: Yveltal|Dark Aura
|move|p2a: Necrozma|Stealth Rock|p1a: Yveltal
|-sidestart|p1: ULT4PDR ZENA|move: Stealth Rock
|
|upkeep
|turn|23
|
|t:|1654206408
|move|p1a: Yveltal|Roost|p1a: Yveltal
|-heal|p1a: Yveltal|95/100
|-singleturn|p1a: Yveltal|move: Roost
|move|p2a: Necrozma|Knock Off|p1a: Yveltal
|-resisted|p1a: Yveltal
|-damage|p1a: Yveltal|76/100
|-enditem|p1a: Yveltal|Heavy-Duty Boots|[from] move: Knock Off|[of] p2a: Necrozma
|
|upkeep
|turn|24
|j| Nael222
|
|t:|1654206416
|move|p1a: Yveltal|Knock Off|p2a: Necrozma
|-supereffective|p2a: Necrozma
|-damage|p2a: Necrozma|43/100 par
|-enditem|p2a: Necrozma|Leftovers|[from] move: Knock Off|[of] p1a: Yveltal
|move|p2a: Necrozma|Sunsteel Strike|p1a: Yveltal
|-damage|p1a: Yveltal|32/100
|
|upkeep
|turn|25
|
|t:|1654206421
|switch|p2a: Eternatus|Eternatus|100/100
|-damage|p2a: Eternatus|88/100|[from] Stealth Rock
|-ability|p2a: Eternatus|Pressure
|move|p1a: Yveltal|Defog|p2a: Eternatus
|-unboost|p2a: Eternatus|evasion|1
|-sideend|p2: Grc111|Stealth Rock|[from] move: Defog|[of] p1a: Yveltal
|-sideend|p1: ULT4PDR ZENA|Stealth Rock|[from] move: Defog|[of] p1a: Yveltal
|
|upkeep
|turn|26
|
|t:|1654206426
|move|p2a: Eternatus|Flamethrower|p1a: Yveltal
|-damage|p1a: Yveltal|10/100
|move|p1a: Yveltal|Foul Play|p2a: Eternatus
|-damage|p2a: Eternatus|66/100
|
|upkeep
|turn|27
|
|t:|1654206433
|move|p2a: Eternatus|Flamethrower|p1a: Yveltal
|-damage|p1a: Yveltal|0 fnt
|faint|p1a: Yveltal
|
|upkeep
|
|t:|1654206437
|switch|p1a: Necrozma|Necrozma-Dusk-Mane, shiny|81/100
|turn|28
|
|t:|1654206439
|switch|p2a: Necrozma|Necrozma-Dusk-Mane|43/100 par
|move|p1a: Necrozma|Stealth Rock|p2a: Necrozma
|-sidestart|p2: Grc111|move: Stealth Rock
|
|upkeep
|turn|29
|
|t:|1654206456
|switch|p1a: Calyrex|Calyrex-Shadow|100/100
|-ability|p1a: Calyrex|As One
|-ability|p1a: Calyrex|Unnerve
|move|p2a: Necrozma|Stealth Rock|p1a: Calyrex
|-sidestart|p1: ULT4PDR ZENA|move: Stealth Rock
|
|upkeep
|turn|30
|
|t:|1654206462
|move|p1a: Calyrex|Astral Barrage|p2a: Necrozma
|-supereffective|p2a: Necrozma
|-damage|p2a: Necrozma|0 fnt
|faint|p2a: Necrozma
|-ability|p1a: Calyrex|Grim Neigh|boost
|-boost|p1a: Calyrex|spa|1
|
|upkeep
|
|t:|1654206465
|switch|p2a: Calyrex|Calyrex-Shadow|100/100
|-ability|p2a: Calyrex|As One
|-ability|p2a: Calyrex|Unnerve
|-damage|p2a: Calyrex|88/100|[from] Stealth Rock
|turn|31
|
|t:|1654206468
|move|p1a: Calyrex|Astral Barrage|p2a: Calyrex
|-supereffective|p2a: Calyrex
|-damage|p2a: Calyrex|0 fnt
|faint|p2a: Calyrex
|-ability|p1a: Calyrex|Grim Neigh|boost
|-boost|p1a: Calyrex|spa|1
|
|upkeep
|-message|Grc111 forfeited.
|
|win|ULT4PDR ZENA
|raw|ULT4PDR ZENA's rating: 1404 &rarr; <strong>1437</strong><br />(+33 for winning)
|raw|Grc111's rating: 1670 &rarr; <strong>1637</strong><br />(-33 for losing)
|l|‽Grc111
