|raw|<div class="broadcast-blue"><strong>This battle is required to be public due to a player having a name starting with 'ult9ns'.</div>
|j|☆bald ben
|j|☆ULT9NS Flop
|t:|1653866900
|gametype|singles
|player|p1|bald ben|ninjaboy|1525
|player|p2|ULT9NS Flop|koga-lgpe|1704
|teamsize|p1|6
|teamsize|p2|6
|gen|8
|tier|[Gen 8] Ubers
|rated|
|rule|Sleep Clause Mod: Limit one foe put to sleep
|rule|Species Clause: Limit one of each Pokémon
|rule|OHKO Clause: OHKO moves are banned
|rule|Evasion Moves Clause: Evasion moves are banned
|rule|Endless Battle Clause: Forcing endless battles is banned
|rule|HP Percentage Mod: HP is shown in percentages
|rule|Dynamax Clause: You cannot dynamax
|clearpoke
|poke|p1|Xerneas-*|
|poke|p1|Kyogre|
|poke|p1|Calyrex-Shadow|
|poke|p1|Yveltal|
|poke|p1|Eternatus|
|poke|p1|Necrozma-Dusk-Mane|
|poke|p2|Necrozma-Dusk-Mane|
|poke|p2|Yveltal|
|poke|p2|Eternatus|
|poke|p2|Xerneas-*|
|poke|p2|Zygarde|
|poke|p2|Ferrothorn, F|
|teampreview
|inactive|Battle timer is ON: inactive players will automatically lose when time's up. (requested by bald ben)
|
|t:|1653866913
|start
|switch|p1a: Necrozma|Necrozma-Dusk-Mane|100/100
|switch|p2a: cinnamon|Yveltal|100/100
|-ability|p2a: cinnamon|Dark Aura
|turn|1
|
|t:|1653866928
|move|p2a: cinnamon|Knock Off|p1a: Necrozma
|-supereffective|p1a: Necrozma
|-damage|p1a: Necrozma|43/100
|-enditem|p1a: Necrozma|Leftovers|[from] move: Knock Off|[of] p2a: cinnamon
|move|p1a: Necrozma|Thunder Wave|p2a: cinnamon
|-status|p2a: cinnamon|par
|
|upkeep
|turn|2
|
|t:|1653866936
|switch|p2a: nutmeg|Necrozma-Dusk-Mane|100/100
|move|p1a: Necrozma|Morning Sun|p1a: Necrozma
|-heal|p1a: Necrozma|93/100
|
|upkeep
|turn|3
|
|t:|1653866941
|move|p2a: nutmeg|Stealth Rock|p1a: Necrozma
|-sidestart|p1: bald ben|move: Stealth Rock
|move|p1a: Necrozma|Thunder Wave|p2a: nutmeg
|-status|p2a: nutmeg|par
|
|upkeep
|turn|4
|
|t:|1653866950
|switch|p2a: basil|Ferrothorn, F|100/100
|move|p1a: Necrozma|Stealth Rock|p2a: basil
|-sidestart|p2: ULT9NS Flop|move: Stealth Rock
|
|upkeep
|turn|5
|j| Jqlove
|
|t:|1653866956
|switch|p1a: Eternatus|Eternatus|100/100
|-damage|p1a: Eternatus|88/100|[from] Stealth Rock
|-ability|p1a: Eternatus|Pressure
|move|p2a: basil|Spikes|p1a: Eternatus
|-sidestart|p1: bald ben|Spikes
|
|upkeep
|turn|6
|
|t:|1653866966
|switch|p2a: nutmeg|Necrozma-Dusk-Mane|100/100 par
|-damage|p2a: nutmeg|94/100 par|[from] Stealth Rock
|move|p1a: Eternatus|Meteor Beam||[still]
|-prepare|p1a: Eternatus|Meteor Beam
|-boost|p1a: Eternatus|spa|1
|-enditem|p1a: Eternatus|Power Herb
|-anim|p1a: Eternatus|Meteor Beam|p2a: nutmeg
|-resisted|p2a: nutmeg
|-damage|p2a: nutmeg|76/100 par
|
|-heal|p2a: nutmeg|82/100 par|[from] item: Leftovers
|upkeep
|turn|7
|
|t:|1653866976
|move|p1a: Eternatus|Flamethrower|p2a: nutmeg
|-supereffective|p2a: nutmeg
|-damage|p2a: nutmeg|35/100 par
|move|p2a: nutmeg|Thunder Wave|p1a: Eternatus
|-status|p1a: Eternatus|par
|
|-heal|p2a: nutmeg|41/100 par|[from] item: Leftovers
|upkeep
|turn|8
|j|+Aberforth
|j| Separation
|
|t:|1653866986
|switch|p2a: tarragon|Eternatus|100/100
|-damage|p2a: tarragon|88/100|[from] Stealth Rock
|-ability|p2a: tarragon|Pressure
|move|p1a: Eternatus|Flamethrower|p2a: tarragon
|-resisted|p2a: tarragon
|-crit|p2a: tarragon
|-damage|p2a: tarragon|61/100
|
|upkeep
|turn|9
|j| Muirauqa IV
|
|t:|1653866995
|move|p2a: tarragon|Dynamax Cannon|p1a: Eternatus
|-supereffective|p1a: Eternatus
|-damage|p1a: Eternatus|8/100 par
|move|p1a: Eternatus|Dynamax Cannon|p2a: tarragon
|-supereffective|p2a: tarragon
|-crit|p2a: tarragon
|-damage|p2a: tarragon|0 fnt
|faint|p2a: tarragon
|
|upkeep
|j| 64 squares
|
|t:|1653867002
|switch|p2a: rosemary|Xerneas|100/100
|-damage|p2a: rosemary|88/100|[from] Stealth Rock
|-ability|p2a: rosemary|Fairy Aura
|turn|10
|
|t:|1653867010
|move|p2a: rosemary|Moonblast|p1a: Eternatus
|-damage|p1a: Eternatus|0 fnt
|faint|p1a: Eternatus
|
|upkeep
|l| Muirauqa IV
|
|t:|1653867026
|switch|p1a: Calyrex|Calyrex-Shadow|100/100
|-ability|p1a: Calyrex|As One
|-ability|p1a: Calyrex|Unnerve
|-damage|p1a: Calyrex|88/100|[from] Stealth Rock
|-damage|p1a: Calyrex|76/100|[from] Spikes
|turn|11
|inactive|ULT9NS Flop has 120 seconds left.
|
|t:|1653867061
|switch|p2a: cinnamon|Yveltal|100/100 par
|-ability|p2a: cinnamon|Dark Aura
|move|p1a: Calyrex|Astral Barrage|p2a: cinnamon
|-resisted|p2a: cinnamon
|-damage|p2a: cinnamon|58/100 par
|
|upkeep
|turn|12
|inactive|ULT9NS Flop has 120 seconds left.
|
|t:|1653867072
|switch|p1a: Xerneas|Xerneas|100/100
|-damage|p1a: Xerneas|88/100|[from] Stealth Rock
|-damage|p1a: Xerneas|76/100|[from] Spikes
|-ability|p1a: Xerneas|Fairy Aura
|move|p2a: cinnamon|Sucker Punch||[still]
|-fail|p2a: cinnamon
|
|upkeep
|turn|13
|inactive|ULT9NS Flop has 120 seconds left.
|
|t:|1653867081
|switch|p2a: basil|Ferrothorn, F|100/100
|-damage|p2a: basil|94/100|[from] Stealth Rock
|move|p1a: Xerneas|Geomancy||[still]
|-prepare|p1a: Xerneas|Geomancy
|-enditem|p1a: Xerneas|Power Herb
|-anim|p1a: Xerneas|Geomancy|p1a: Xerneas
|-boost|p1a: Xerneas|spa|2
|-boost|p1a: Xerneas|spd|2
|-boost|p1a: Xerneas|spe|2
|
|-heal|p2a: basil|100/100|[from] item: Leftovers
|upkeep
|turn|14
|
|t:|1653867091
|move|p1a: Xerneas|Focus Blast|p2a: basil
|-supereffective|p2a: basil
|-damage|p2a: basil|0 fnt
|faint|p2a: basil
|
|upkeep
|-message|ULT9NS Flop forfeited.
|
|win|bald ben
|raw|bald ben's rating: 1525 &rarr; <strong>1554</strong><br />(+29 for winning)
|raw|ULT9NS Flop's rating: 1704 &rarr; <strong>1675</strong><br />(-29 for losing)
|l|☆ULT9NS Flop
|c|☆bald ben|gg
|l|+Aberforth
|j| Muirauqa IV
||Ladder isn't responding, score probably updated but might not have (Request timeout).
|l| Muirauqa IV
