|j|☆KyogreF4N
|j|☆ULTN7U Zndrk
|player|p1|KyogreF4N|battlegirl-gen4|1898
|player|p2|ULTN7U Zndrk|cyrus|1670
|teamsize|p1|6
|teamsize|p2|6
|gametype|singles
|gen|8
|tier|[Gen 8] Ubers
|rated|
|clearpoke
|poke|p1|Drednaw, M|
|poke|p1|Pelipper, F|
|poke|p1|Necrozma-Dusk-Mane|
|poke|p1|Melmetal|
|poke|p1|Seismitoad, F|
|poke|p1|Dracovish|
|poke|p2|Zekrom|
|poke|p2|Lunala|
|poke|p2|Tyranitar, M|
|poke|p2|Darmanitan-Galar, M|
|poke|p2|Corviknight, M|
|poke|p2|Quagsire, M|
|rule|Sleep Clause Mod: Limit one foe put to sleep
|rule|Species Clause: Limit one of each Pokémon
|rule|OHKO Clause: OHKO moves are banned
|rule|Evasion Moves Clause: Evasion moves are banned
|rule|Endless Battle Clause: Forcing endless battles is banned
|rule|HP Percentage Mod: HP is shown in percentages
|html|Ubers Dynamax Clause: Pokémon on the <a href="https://www.smogon.com/dex/ss/formats/uber/">Ubers Dynamax Banlist</a> cannot Dynamax.
|teampreview
|c|☆ULTN7U Zndrk|bjr
|c|☆KyogreF4N|Yo
|j| Squash17
|c|☆ULTN7U Zndrk|si je gagne la je me mets bien
|c|☆KyogreF4N|Glhf
|c|☆ULTN7U Zndrk|hf
|c|☆KyogreF4N|C'est pour ça que tu vas pas gagner ;)
|c| Squash17|Le duel dede titans
|
|start
|switch|p1a: Pelipper|Pelipper, F|100/100
|switch|p2a: Lunala|Lunala|100/100
|-weather|RainDance|[from] ability: Drizzle|[of] p1a: Pelipper
|turn|1
|c|☆ULTN7U Zndrk|ne compte pas la dessus
|
|move|p2a: Lunala|Moongeist Beam|p1a: Pelipper
|-damage|p1a: Pelipper|18/100
|move|p1a: Pelipper|U-turn|p2a: Lunala
|-damage|p2a: Lunala|96/100
|
|switch|p1a: Seismitoad|Seismitoad, F|100/100|[from]move: U-turn
|
|-weather|RainDance|[upkeep]
|upkeep
|turn|2
|
|switch|p2a: Corviknight|Corviknight, M|100/100
|-ability|p2a: Corviknight|Pressure
|move|p1a: Seismitoad|Knock Off|p2a: Corviknight
|-damage|p2a: Corviknight|84/100
|-damage|p1a: Seismitoad|84/100|[from] item: Rocky Helmet|[of] p2a: Corviknight
|-enditem|p2a: Corviknight|Rocky Helmet|[from] move: Knock Off|[of] p1a: Seismitoad
|-damage|p1a: Seismitoad|74/100|[from] item: Life Orb
|
|-weather|RainDance|[upkeep]
|upkeep
|turn|3
|j| FinnPowerLord
|
|switch|p2a: Tyranitar|Tyranitar, M|100/100
|-weather|Sandstorm|[from] ability: Sand Stream|[of] p2a: Tyranitar
|move|p1a: Seismitoad|Hydro Pump|p2a: Tyranitar
|-supereffective|p2a: Tyranitar
|-damage|p2a: Tyranitar|48/100
|-damage|p1a: Seismitoad|64/100|[from] item: Life Orb
|
|-weather|Sandstorm|[upkeep]
|upkeep
|turn|4
|
|switch|p2a: Zekrom|Zekrom|100/100
|-ability|p2a: Zekrom|Teravolt
|move|p1a: Seismitoad|Hydro Pump|p2a: Zekrom
|-resisted|p2a: Zekrom
|-damage|p2a: Zekrom|72/100
|-damage|p1a: Seismitoad|55/100|[from] item: Life Orb
|
|-weather|Sandstorm|[upkeep]
|-damage|p2a: Zekrom|66/100|[from] Sandstorm
|upkeep
|turn|5
|j| msnt
|
|switch|p1a: Melmetal|Melmetal|100/100
|move|p2a: Zekrom|Dragon Claw|p1a: Melmetal
|-resisted|p1a: Melmetal
|-crit|p1a: Melmetal
|-damage|p1a: Melmetal|81/100
|
|-weather|Sandstorm|[upkeep]
|-damage|p2a: Zekrom|60/100|[from] Sandstorm
|upkeep
|turn|6
|
|switch|p2a: Corviknight|Corviknight, M|84/100
|-ability|p2a: Corviknight|Pressure
|move|p1a: Melmetal|Superpower|p2a: Corviknight
|-damage|p2a: Corviknight|43/100
|-unboost|p1a: Melmetal|atk|1
|-unboost|p1a: Melmetal|def|1
|
|-weather|Sandstorm|[upkeep]
|upkeep
|turn|7
|
|switch|p2a: Lunala|Lunala|96/100
|switch|p1a: Pelipper|Pelipper, F|18/100
|-weather|RainDance|[from] ability: Drizzle|[of] p1a: Pelipper
|
|-weather|RainDance|[upkeep]
|upkeep
|turn|8
|j| Michy47
|l|☆ULTN7U Zndrk
|player|p2|
|c|☆KyogreF4N|Ptn gz michy
|c| Michy47|?
|c|☆KyogreF4N|T'as bien cmimb
|c| Michy47|wsh
|inactive|Battle timer is ON: inactive players will automatically lose when time's up. (requested by KyogreF4N)
|c| Michy47|ahah cimer
|c|☆KyogreF4N|Climb
|c| FinnPowerLord|...bonjour?
|j| ULTN7U Polybe
|c|☆KyogreF4N|.... Salut?
|j| EroyalBoy
|c| Michy47|t as une idée du cut off kyogre?
|c|☆KyogreF4N|On mise tout sur la wincon
|c|☆KyogreF4N|1800 jpense
|inactive|KyogreF4N has 120 seconds left.
|c| Michy47|tu penses on va rattraper ton main
|c| Michy47|ah
|j|☆ULTN7U Zndrk
|inactive|ULTN7U Zndrk reconnected.
|player|p2|ULTN7U Zndrk|cyrus
|c| FinnPowerLord|mama mia
|
|move|p2a: Lunala|Moongeist Beam|p1a: Pelipper
|-damage|p1a: Pelipper|0 fnt
|faint|p1a: Pelipper
|
|-weather|RainDance|[upkeep]
|upkeep
|
|switch|p1a: Seismitoad|Seismitoad, F|55/100
|turn|9
|c| Michy47|pq tu ladd ici du coup
|c|☆ULTN7U Zndrk|t srx a mettre le timer
|j| sad soggy pork
|c| Michy47|un peu tot pour snipe
|
|switch|p2a: Tyranitar|Tyranitar, M|48/100
|-weather|Sandstorm|[from] ability: Sand Stream|[of] p2a: Tyranitar
|-start|p1a: Seismitoad|Dynamax
|-heal|p1a: Seismitoad|55/100|[silent]
|move|p1a: Seismitoad|Max Geyser|p2a: Tyranitar
|-supereffective|p2a: Tyranitar
|-damage|p2a: Tyranitar|0 fnt
|-weather|RainDance
|-damage|p1a: Seismitoad|50/100|[from] item: Life Orb
|faint|p2a: Tyranitar
|
|-weather|RainDance|[upkeep]
|upkeep
|c| ULTN7U Polybe|!
|c|☆KyogreF4N|Psk sinon jsuis plus a 1900
|
|switch|p2a: Quagsire|Quagsire, M|100/100
|turn|10
|c|☆KyogreF4N|Jme sens mal après
|c| Michy47|jolie water resist sinon zena
|
|-start|p2a: Quagsire|Dynamax
|-heal|p2a: Quagsire|100/100|[silent]
|move|p1a: Seismitoad|Max Geyser|p2a: Quagsire
|-damage|p2a: Quagsire|24/100
|-damage|p1a: Seismitoad|45/100|[from] item: Life Orb
|move|p2a: Quagsire|Max Quake|p1a: Seismitoad
|-damage|p1a: Seismitoad|16/100
|-boost|p2a: Quagsire|spd|1
|
|-weather|RainDance|[upkeep]
|upkeep
|turn|11
|c| Michy47|putin me dis pas qu il est water absord
|c|☆KyogreF4N|Nn
|
|move|p2a: Quagsire|Max Guard|p2a: Quagsire
|-singleturn|p2a: Quagsire|Max Guard
|move|p1a: Seismitoad|Max Geyser|p2a: Quagsire
|-activate|p2a: Quagsire|move: Max Guard
|
|-weather|RainDance|[upkeep]
|-end|p1a: Seismitoad|Dynamax
|-heal|p1a: Seismitoad|16/100|[silent]
|upkeep
|turn|12
|
|move|p1a: Seismitoad|Hydro Pump|p2a: Quagsire|[miss]
|-miss|p1a: Seismitoad|p2a: Quagsire
|move|p2a: Quagsire|Max Quake|p1a: Seismitoad
|-damage|p1a: Seismitoad|0 fnt
|-boost|p2a: Quagsire|spd|1
|faint|p1a: Seismitoad
|
|-weather|RainDance|[upkeep]
|-end|p2a: Quagsire|Dynamax
|-heal|p2a: Quagsire|24/100|[silent]
|upkeep
|c| Squash17|Hard haxx
|c| Squash17|vol
|c| Squash17|🤡
|c|☆KyogreF4N|Tbh jsais pas comment je gagne la
|inactive|KyogreF4N has 120 seconds left.
|c|☆KyogreF4N|J'avais besoin de hit
|c| Michy47|pq t as pas epower juste mdr
|inactive|KyogreF4N has 90 seconds left.
|c|☆KyogreF4N|Il était dyna
|c|☆KyogreF4N|A +1
|c|☆KyogreF4N|Ca tue pas jpense
|c| Michy47|ah ouais
|
|switch|p1a: Drednaw|Drednaw, M|100/100
|turn|13
|
|move|p1a: Drednaw|Liquidation|p2a: Quagsire
|-damage|p2a: Quagsire|0 fnt
|-damage|p1a: Drednaw|91/100|[from] item: Life Orb
|faint|p2a: Quagsire
|
|-weather|none
|upkeep
|
|switch|p2a: Lunala|Lunala|96/100
|turn|14
|
|move|p2a: Lunala|Moongeist Beam|p1a: Drednaw
|-damage|p1a: Drednaw|0 fnt
|faint|p1a: Drednaw
|
|upkeep
|inactive|KyogreF4N has 90 seconds left.
|
|switch|p1a: Necrozma|Necrozma-Dusk-Mane|100/100
|turn|15
|
|move|p2a: Lunala|Moongeist Beam|p1a: Necrozma
|-supereffective|p1a: Necrozma
|-damage|p1a: Necrozma|2/100
|-enditem|p1a: Necrozma|Weakness Policy
|-boost|p1a: Necrozma|atk|2|[from] item: Weakness Policy
|-boost|p1a: Necrozma|spa|2|[from] item: Weakness Policy
|move|p1a: Necrozma|Earthquake|p2a: Lunala
|-damage|p2a: Lunala|21/100
|
|upkeep
|turn|16
|c|☆KyogreF4N|Ah mais jtue pas
|c|☆KyogreF4N|Gg
|
|move|p2a: Lunala|Moongeist Beam|p1a: Necrozma
|-supereffective|p1a: Necrozma
|-damage|p1a: Necrozma|0 fnt
|faint|p1a: Necrozma
|
|upkeep
|c|☆ULTN7U Zndrk|gg
|
|switch|p1a: Melmetal|Melmetal|81/100
|turn|17
|l| sad soggy pork
|j| NeinMad
|
|switch|p2a: Corviknight|Corviknight, M|43/100
|-ability|p2a: Corviknight|Pressure
|move|p1a: Melmetal|Double Iron Bash|p2a: Corviknight
|-resisted|p2a: Corviknight
|-damage|p2a: Corviknight|22/100
|-resisted|p2a: Corviknight
|-damage|p2a: Corviknight|3/100
|-hitcount|p2a: Corviknight|2
|
|upkeep
|turn|18
|
|switch|p1a: Dracovish|Dracovish|100/100
|move|p2a: Corviknight|Roost|p2a: Corviknight
|-heal|p2a: Corviknight|53/100
|-singleturn|p2a: Corviknight|move: Roost
|
|upkeep
|turn|19
|
|move|p1a: Dracovish|Fishious Rend|p2a: Corviknight
|-damage|p2a: Corviknight|0 fnt
|faint|p2a: Corviknight
|
|upkeep
|
|switch|p2a: Darmanitan|Darmanitan-Galar, M|100/100
|turn|20
|
|move|p2a: Darmanitan|Earthquake|p1a: Dracovish
|-damage|p1a: Dracovish|38/100
|move|p1a: Dracovish|Fishious Rend|p2a: Darmanitan
|-damage|p2a: Darmanitan|0 fnt
|faint|p2a: Darmanitan
|
|upkeep
|
|switch|p2a: Lunala|Lunala|21/100
|turn|21
|
|move|p2a: Lunala|Moongeist Beam|p1a: Dracovish
|-damage|p1a: Dracovish|0 fnt
|faint|p1a: Dracovish
|
|upkeep
|
|switch|p1a: Melmetal|Melmetal|81/100
|turn|22
|
|move|p2a: Lunala|Moongeist Beam|p1a: Melmetal
|-damage|p1a: Melmetal|0 fnt
|faint|p1a: Melmetal
|
|win|ULTN7U Zndrk
|raw|KyogreF4N's rating: 1899 &rarr; <strong>1867</strong><br />(-32 for losing)
|raw|ULTN7U Zndrk's rating: 1670 &rarr; <strong>1702</strong><br />(+32 for winning)
|c| Squash17|Vol
|l| Michy47
|l| FinnPowerLord
|c| Squash17|xd
|l| msnt
|c|☆KyogreF4N|En vrai
|c|☆KyogreF4N|Le miss hpump est relou
|c| Squash17|Ui
|c|☆KyogreF4N|Mais c pas un vol
|c|☆ULTN7U Zndrk|ouais je sais bien
|l|☆KyogreF4N
|l|☆ULTN7U Zndrk
|l| Squash17
|l| NeinMad
