|j|☆cxcould
|j|☆Fuggnecrosma
|t:|1636859985
|gametype|singles
|player|p1|cxcould|dawn|1550
|player|p2|Fuggnecrosma|iris-gen5bw2|1379
|teamsize|p1|6
|teamsize|p2|6
|gen|8
|tier|[Gen 8] Ubers
|rated|
|rule|Sleep Clause Mod: Limit one foe put to sleep
|rule|Species Clause: Limit one of each Pokémon
|rule|OHKO Clause: OHKO moves are banned
|rule|Evasion Moves Clause: Evasion moves are banned
|rule|Endless Battle Clause: Forcing endless battles is banned
|rule|HP Percentage Mod: HP is shown in percentages
|rule|Dynamax Clause: You cannot dynamax
|clearpoke
|poke|p1|Toxapex, M|
|poke|p1|Tyranitar, M|
|poke|p1|Ho-Oh|
|poke|p1|Blissey, F|
|poke|p1|Yveltal|
|poke|p1|Quagsire, F|
|poke|p2|Regieleki|
|poke|p2|Tapu Koko|
|poke|p2|Dugtrio, M|
|poke|p2|Lunala|
|poke|p2|Blissey, F|
|poke|p2|Yveltal|
|teampreview
|inactive|Battle timer is ON: inactive players will automatically lose when time's up. (requested by Fuggnecrosma)
|inactive|cxcould also wants the timer to be on.
|
|t:|1636860008
|start
|switch|p1a: Yveltal|Yveltal|100/100
|switch|p2a: Duggy Fresh|Dugtrio, M|100/100
|-ability|p1a: Yveltal|Dark Aura
|turn|1
|
|t:|1636860011
|switch|p2a: Fluffy|Yveltal|100/100
|-ability|p2a: Fluffy|Dark Aura
|move|p1a: Yveltal|Knock Off|p2a: Fluffy
|-resisted|p2a: Fluffy
|-damage|p2a: Fluffy|79/100
|-enditem|p2a: Fluffy|Heavy-Duty Boots|[from] move: Knock Off|[of] p1a: Yveltal
|
|upkeep
|turn|2
|
|t:|1636860020
|switch|p1a: Toxapex|Toxapex, M|100/100
|move|p2a: Fluffy|U-turn|p1a: Toxapex
|-resisted|p1a: Toxapex
|-damage|p1a: Toxapex|94/100
|
|t:|1636860025
|switch|p2a: Koko Puffs|Tapu Koko|100/100|[from]move: U-turn
|-fieldstart|move: Electric Terrain|[from] ability: Electric Surge|[of] p2a: Koko Puffs
|
|-heal|p1a: Toxapex|99/100|[from] item: Black Sludge
|upkeep
|turn|3
|
|t:|1636860030
|switch|p1a: Quagsire|Quagsire, F|100/100
|move|p2a: Koko Puffs|Volt Switch|p1a: Quagsire
|-immune|p1a: Quagsire
|
|upkeep
|turn|4
|
|t:|1636860035
|move|p2a: Koko Puffs|Grass Knot|p1a: Quagsire
|-supereffective|p1a: Quagsire
|-damage|p1a: Quagsire|0 fnt
|faint|p1a: Quagsire
|
|upkeep
|
|t:|1636860042
|switch|p1a: Tyranitar|Tyranitar, M|100/100
|-weather|Sandstorm|[from] ability: Sand Stream|[of] p1a: Tyranitar
|turn|5
|
|t:|1636860065
|move|p2a: Koko Puffs|Volt Switch|p1a: Tyranitar
|-damage|p1a: Tyranitar|84/100
|
|t:|1636860067
|switch|p2a: Duggy Fresh|Dugtrio, M|100/100|[from]move: Volt Switch
|move|p1a: Tyranitar|Dragon Tail|p2a: Duggy Fresh
|-damage|p2a: Duggy Fresh|51/100
|drag|p2a: Panic Button|Lunala|100/100
|
|-weather|Sandstorm|[upkeep]
|-damage|p2a: Panic Button|94/100|[from] Sandstorm
|-heal|p1a: Tyranitar|90/100|[from] item: Leftovers
|upkeep
|turn|6
|
|t:|1636860075
|move|p2a: Panic Button|Will-O-Wisp|p1a: Tyranitar
|-status|p1a: Tyranitar|brn
|move|p1a: Tyranitar|Stealth Rock|p2a: Panic Button
|-sidestart|p2: Fuggnecrosma|move: Stealth Rock
|
|-weather|Sandstorm|[upkeep]
|-damage|p2a: Panic Button|88/100|[from] Sandstorm
|-heal|p1a: Tyranitar|96/100 brn|[from] item: Leftovers
|-damage|p1a: Tyranitar|90/100 brn|[from] brn
|-fieldend|move: Electric Terrain
|upkeep
|turn|7
|
|t:|1636860084
|switch|p2a: Fluffy|Yveltal|79/100
|-damage|p2a: Fluffy|55/100|[from] Stealth Rock
|-ability|p2a: Fluffy|Dark Aura
|move|p1a: Tyranitar|Dragon Tail|p2a: Fluffy
|-damage|p2a: Fluffy|48/100
|drag|p2a: Duggy Fresh|Dugtrio, M|51/100
|-damage|p2a: Duggy Fresh|45/100|[from] Stealth Rock
|
|-weather|Sandstorm|[upkeep]
|-heal|p1a: Tyranitar|96/100 brn|[from] item: Leftovers
|-damage|p1a: Tyranitar|90/100 brn|[from] brn
|upkeep
|turn|8
|
|t:|1636860094
|move|p2a: Duggy Fresh|Earthquake|p1a: Tyranitar
|-supereffective|p1a: Tyranitar
|-damage|p1a: Tyranitar|0 fnt
|faint|p1a: Tyranitar
|
|-weather|Sandstorm|[upkeep]
|upkeep
|
|t:|1636860098
|switch|p1a: Yveltal|Yveltal|100/100
|-ability|p1a: Yveltal|Dark Aura
|turn|9
|
|t:|1636860111
|switch|p2a: Koko Puffs|Tapu Koko|100/100
|-damage|p2a: Koko Puffs|88/100|[from] Stealth Rock
|-fieldstart|move: Electric Terrain|[from] ability: Electric Surge|[of] p2a: Koko Puffs
|move|p1a: Yveltal|Knock Off|p2a: Koko Puffs
|-resisted|p2a: Koko Puffs
|-damage|p2a: Koko Puffs|48/100
|-enditem|p2a: Koko Puffs|Expert Belt|[from] move: Knock Off|[of] p1a: Yveltal
|
|-weather|none
|upkeep
|turn|10
|
|t:|1636860126
|move|p1a: Yveltal|Sucker Punch|p2a: Koko Puffs
|-resisted|p2a: Koko Puffs
|-damage|p2a: Koko Puffs|19/100
|move|p2a: Koko Puffs|Volt Switch|p1a: Yveltal
|-supereffective|p1a: Yveltal
|-damage|p1a: Yveltal|44/100
|
|t:|1636860137
|switch|p2a: Fluffy|Yveltal|48/100|[from]move: Volt Switch
|-damage|p2a: Fluffy|23/100|[from] Stealth Rock
|-ability|p2a: Fluffy|Dark Aura
|
|upkeep
|turn|11
|
|t:|1636860141
|move|p1a: Yveltal|Knock Off|p2a: Fluffy
|-resisted|p2a: Fluffy
|-damage|p2a: Fluffy|8/100
|move|p2a: Fluffy|Roost|p2a: Fluffy
|-heal|p2a: Fluffy|58/100
|-singleturn|p2a: Fluffy|move: Roost
|
|upkeep
|turn|12
|
|t:|1636860143
|move|p1a: Yveltal|Roost|p1a: Yveltal
|-heal|p1a: Yveltal|94/100
|-singleturn|p1a: Yveltal|move: Roost
|move|p2a: Fluffy|Roost|p2a: Fluffy
|-heal|p2a: Fluffy|100/100
|-singleturn|p2a: Fluffy|move: Roost
|
|upkeep
|turn|13
|j| HeadphonesGirl
|
|t:|1636860149
|move|p1a: Yveltal|Knock Off|p2a: Fluffy
|-resisted|p2a: Fluffy
|-damage|p2a: Fluffy|87/100
|move|p2a: Fluffy|Defog|p1a: Yveltal
|-unboost|p1a: Yveltal|evasion|1
|-sideend|p2: Fuggnecrosma|Stealth Rock|[from] move: Defog|[of] p2a: Fluffy
|-fieldend|move: Electric Terrain
|
|upkeep
|turn|14
|
|t:|1636860156
|move|p1a: Yveltal|Knock Off|p2a: Fluffy
|-resisted|p2a: Fluffy
|-damage|p2a: Fluffy|72/100
|move|p2a: Fluffy|U-turn|p1a: Yveltal
|-damage|p1a: Yveltal|79/100
|
|t:|1636860167
|switch|p2a: MGMT|Regieleki|100/100|[from]move: U-turn
|
|upkeep
|turn|15
|
|t:|1636860194
|move|p1a: Yveltal|Sucker Punch|p2a: MGMT
|-damage|p2a: MGMT|18/100
|move|p2a: MGMT|Thunderbolt|p1a: Yveltal
|-supereffective|p1a: Yveltal
|-damage|p1a: Yveltal|0 fnt
|faint|p1a: Yveltal
|
|upkeep
|
|t:|1636860202
|switch|p1a: Blissey|Blissey, F|100/100
|turn|16
|
|t:|1636860205
|switch|p2a: Big Show|Blissey, F|100/100
|move|p1a: Blissey|Teleport|p1a: Blissey
|
|t:|1636860208
|switch|p1a: Toxapex|Toxapex, M|100/100|[from]move: Teleport
|
|upkeep
|turn|17
|
|t:|1636860211
|move|p1a: Toxapex|Scald|p2a: Big Show
|-damage|p2a: Big Show|96/100
|move|p2a: Big Show|Teleport|p2a: Big Show
|
|t:|1636860215
|switch|p2a: Koko Puffs|Tapu Koko|19/100|[from]move: Teleport
|-fieldstart|move: Electric Terrain|[from] ability: Electric Surge|[of] p2a: Koko Puffs
|
|upkeep
|turn|18
|
|t:|1636860220
|move|p2a: Koko Puffs|Volt Switch|p1a: Toxapex
|-supereffective|p1a: Toxapex
|-damage|p1a: Toxapex|35/100
|
|t:|1636860229
|switch|p2a: Fluffy|Yveltal|72/100|[from]move: Volt Switch
|-ability|p2a: Fluffy|Dark Aura
|move|p1a: Toxapex|Scald|p2a: Fluffy
|-damage|p2a: Fluffy|62/100
|
|-heal|p1a: Toxapex|41/100|[from] item: Black Sludge
|upkeep
|turn|19
|
|t:|1636860242
|move|p2a: Fluffy|Knock Off|p1a: Toxapex
|-damage|p1a: Toxapex|6/100
|-enditem|p1a: Toxapex|Black Sludge|[from] move: Knock Off|[of] p2a: Fluffy
|move|p1a: Toxapex|Pain Split|p2a: Fluffy
|-sethp|p2a: Fluffy|33/100|[from] move: Pain Split|[silent]
|-sethp|p1a: Toxapex|52/100|[from] move: Pain Split
|
|upkeep
|turn|20
|
|t:|1636860252
|move|p2a: Fluffy|Roost|p2a: Fluffy
|-heal|p2a: Fluffy|83/100
|-singleturn|p2a: Fluffy|move: Roost
|move|p1a: Toxapex|Scald|p2a: Fluffy
|-damage|p2a: Fluffy|73/100
|-status|p2a: Fluffy|brn
|
|-damage|p2a: Fluffy|67/100 brn|[from] brn
|upkeep
|turn|21
|
|t:|1636860260
|move|p2a: Fluffy|U-turn|p1a: Toxapex
|-resisted|p1a: Toxapex
|-damage|p1a: Toxapex|49/100
|
|t:|1636860266
|switch|p2a: Koko Puffs|Tapu Koko|19/100|[from]move: U-turn
|move|p1a: Toxapex|Scald|p2a: Koko Puffs
|-damage|p2a: Koko Puffs|0 fnt
|faint|p2a: Koko Puffs
|
|-fieldend|move: Electric Terrain
|upkeep
|
|t:|1636860268
|switch|p2a: MGMT|Regieleki|18/100
|turn|22
|
|t:|1636860275
|switch|p1a: Blissey|Blissey, F|100/100
|move|p2a: MGMT|Volt Switch|p1a: Blissey
|-damage|p1a: Blissey|81/100
|
|t:|1636860277
|switch|p2a: Duggy Fresh|Dugtrio, M|45/100|[from]move: Volt Switch
|
|upkeep
|turn|23
|
|t:|1636860282
|move|p2a: Duggy Fresh|Earthquake|p1a: Blissey
|-damage|p1a: Blissey|0 fnt
|faint|p1a: Blissey
|
|upkeep
|
|t:|1636860290
|switch|p1a: Ho-Oh|Ho-Oh|100/100
|turn|24
|
|t:|1636860295
|switch|p2a: Panic Button|Lunala|88/100
|move|p1a: Ho-Oh|Substitute|p1a: Ho-Oh
|-start|p1a: Ho-Oh|Substitute
|-damage|p1a: Ho-Oh|75/100
|
|upkeep
|turn|25
|
|t:|1636860298
|move|p1a: Ho-Oh|Toxic|p2a: Panic Button|[miss]
|-miss|p1a: Ho-Oh|p2a: Panic Button
|move|p2a: Panic Button|Roost|p2a: Panic Button
|-heal|p2a: Panic Button|100/100
|-singleturn|p2a: Panic Button|move: Roost
|
|upkeep
|turn|26
|
|t:|1636860307
|move|p1a: Ho-Oh|Toxic|p2a: Panic Button
|-status|p2a: Panic Button|tox
|move|p2a: Panic Button|Roar|p1a: Ho-Oh
|drag|p1a: Toxapex|Toxapex, M|82/100
|
|-damage|p2a: Panic Button|94/100 tox|[from] psn
|upkeep
|turn|27
|
|t:|1636860322
|move|p2a: Panic Button|Will-O-Wisp|p1a: Toxapex|[miss]
|-miss|p2a: Panic Button|p1a: Toxapex
|move|p1a: Toxapex|Scald|p2a: Panic Button
|-damage|p2a: Panic Button|83/100 tox
|
|-damage|p2a: Panic Button|71/100 tox|[from] psn
|upkeep
|turn|28
|
|t:|1636860329
|switch|p1a: Ho-Oh|Ho-Oh|100/100
|move|p2a: Panic Button|Roar|p1a: Ho-Oh
|drag|p1a: Toxapex|Toxapex, M|100/100
|
|-damage|p2a: Panic Button|53/100 tox|[from] psn
|upkeep
|turn|29
|
|t:|1636860347
|move|p1a: Toxapex|Toxic Spikes|p2a: Panic Button
|-sidestart|p2: Fuggnecrosma|move: Toxic Spikes
|move|p2a: Panic Button|Roar|p1a: Toxapex
|drag|p1a: Ho-Oh|Ho-Oh|100/100
|
|-damage|p2a: Panic Button|29/100 tox|[from] psn
|upkeep
|turn|30
|
|t:|1636860357
|switch|p2a: Fluffy|Yveltal|67/100 brn
|-ability|p2a: Fluffy|Dark Aura
|move|p1a: Ho-Oh|Substitute|p1a: Ho-Oh
|-start|p1a: Ho-Oh|Substitute
|-damage|p1a: Ho-Oh|75/100
|
|-damage|p2a: Fluffy|61/100 brn|[from] brn
|upkeep
|turn|31
|
|t:|1636860360
|move|p1a: Ho-Oh|Flamethrower|p2a: Fluffy
|-damage|p2a: Fluffy|41/100 brn
|move|p2a: Fluffy|Defog|p1a: Ho-Oh
|-sideend|p2: Fuggnecrosma|Toxic Spikes|[from] move: Defog|[of] p2a: Fluffy
|
|-damage|p2a: Fluffy|35/100 brn|[from] brn
|upkeep
|turn|32
|
|t:|1636860379
|move|p1a: Ho-Oh|Flamethrower|p2a: Fluffy
|-damage|p2a: Fluffy|18/100 brn
|move|p2a: Fluffy|Roost|p2a: Fluffy
|-heal|p2a: Fluffy|68/100 brn
|-singleturn|p2a: Fluffy|move: Roost
|
|-damage|p2a: Fluffy|62/100 brn|[from] brn
|upkeep
|turn|33
|
|t:|1636860385
|move|p1a: Ho-Oh|Flamethrower|p2a: Fluffy
|-damage|p2a: Fluffy|42/100 brn
|move|p2a: Fluffy|U-turn|p1a: Ho-Oh
|-resisted|p1a: Ho-Oh
|-activate|p1a: Ho-Oh|move: Substitute|[damage]
|
|t:|1636860388
|switch|p2a: MGMT|Regieleki|18/100|[from]move: U-turn
|
|upkeep
|turn|34
|
|t:|1636860393
|move|p2a: MGMT|Volt Switch|p1a: Ho-Oh
|-supereffective|p1a: Ho-Oh
|-end|p1a: Ho-Oh|Substitute
|
|t:|1636860394
|switch|p2a: Fluffy|Yveltal|42/100 brn|[from]move: Volt Switch
|-ability|p2a: Fluffy|Dark Aura
|move|p1a: Ho-Oh|Flamethrower|p2a: Fluffy
|-crit|p2a: Fluffy
|-damage|p2a: Fluffy|16/100 brn
|
|-damage|p2a: Fluffy|10/100 brn|[from] brn
|upkeep
|turn|35
|
|t:|1636860401
|switch|p1a: Toxapex|Toxapex, M|100/100
|move|p2a: Fluffy|Roost|p2a: Fluffy
|-heal|p2a: Fluffy|60/100 brn
|-singleturn|p2a: Fluffy|move: Roost
|
|-damage|p2a: Fluffy|54/100 brn|[from] brn
|upkeep
|turn|36
|
|t:|1636860406
|move|p2a: Fluffy|Roost|p2a: Fluffy
|-heal|p2a: Fluffy|100/100 brn
|-singleturn|p2a: Fluffy|move: Roost
|move|p1a: Toxapex|Scald|p2a: Fluffy
|-damage|p2a: Fluffy|91/100 brn
|
|-damage|p2a: Fluffy|85/100 brn|[from] brn
|upkeep
|turn|37
|
|t:|1636860414
|move|p2a: Fluffy|U-turn|p1a: Toxapex
|-resisted|p1a: Toxapex
|-damage|p1a: Toxapex|97/100
|
|t:|1636860416
|switch|p2a: Big Show|Blissey, F|96/100|[from]move: U-turn
|move|p1a: Toxapex|Scald|p2a: Big Show
|-damage|p2a: Big Show|91/100
|
|upkeep
|turn|38
|
|t:|1636860421
|switch|p1a: Ho-Oh|Ho-Oh|100/100
|move|p2a: Big Show|Teleport|p2a: Big Show
|
|t:|1636860423
|switch|p2a: MGMT|Regieleki|18/100|[from]move: Teleport
|
|upkeep
|turn|39
|
|t:|1636860426
|move|p2a: MGMT|Volt Switch|p1a: Ho-Oh
|-supereffective|p1a: Ho-Oh
|-damage|p1a: Ho-Oh|14/100
|
|t:|1636860429
|switch|p2a: Fluffy|Yveltal|85/100 brn|[from]move: Volt Switch
|-ability|p2a: Fluffy|Dark Aura
|move|p1a: Ho-Oh|Flamethrower|p2a: Fluffy
|-damage|p2a: Fluffy|68/100 brn
|
|-damage|p2a: Fluffy|62/100 brn|[from] brn
|upkeep
|turn|40
|
|t:|1636860436
|switch|p1a: Toxapex|Toxapex, M|100/100
|move|p2a: Fluffy|U-turn|p1a: Toxapex
|-resisted|p1a: Toxapex
|-damage|p1a: Toxapex|98/100
|
|t:|1636860438
|switch|p2a: MGMT|Regieleki|18/100|[from]move: U-turn
|
|upkeep
|turn|41
|
|t:|1636860441
|move|p2a: MGMT|Thunderbolt|p1a: Toxapex
|-supereffective|p1a: Toxapex
|-damage|p1a: Toxapex|0 fnt
|faint|p1a: Toxapex
|
|upkeep
|
|t:|1636860444
|switch|p1a: Ho-Oh|Ho-Oh|47/100
|turn|42
|
|t:|1636860445
|move|p2a: MGMT|Thunderbolt|p1a: Ho-Oh
|-supereffective|p1a: Ho-Oh
|-damage|p1a: Ho-Oh|0 fnt
|faint|p1a: Ho-Oh
|
|win|Fuggnecrosma
|raw|cxcould's rating: 1556 &rarr; <strong>1527</strong><br />(-29 for losing)
|raw|Fuggnecrosma's rating: 1379 &rarr; <strong>1408</strong><br />(+29 for winning)
|c|☆Fuggnecrosma|gg
