|j|☆Rell27
|j|☆luxrrayster
|t:|1624566972
|gametype|singles
|player|p1|Rell27|266|1485
|player|p2|luxrrayster|marlon|1493
|teamsize|p1|6
|teamsize|p2|6
|gen|8
|tier|[Gen 8] Ubers
|rated|
|rule|Sleep Clause Mod: Limit one foe put to sleep
|rule|Species Clause: Limit one of each Pokémon
|rule|OHKO Clause: OHKO moves are banned
|rule|Evasion Moves Clause: Evasion moves are banned
|rule|Endless Battle Clause: Forcing endless battles is banned
|rule|HP Percentage Mod: HP is shown in percentages
|rule|Dynamax Clause: You cannot dynamax
|clearpoke
|poke|p1|Necrozma-Dusk-Mane|
|poke|p1|Eternatus|
|poke|p1|Yveltal|
|poke|p1|Xerneas-*|
|poke|p1|Marshadow|
|poke|p1|Slurpuff, F|
|poke|p2|Slurpuff, F|
|poke|p2|Eternatus|
|poke|p2|Yveltal|
|poke|p2|Necrozma-Dusk-Mane|
|poke|p2|Kyogre|
|poke|p2|Calyrex-Shadow|
|teampreview
|c|☆luxrrayster|i need 6 points to get to 1500
|c|☆luxrrayster|p l s d o n t s t e a l t h i s lol
|
|t:|1624566993
|start
|switch|p1a: Marshadow|Marshadow|100/100
|switch|p2a: Slurpuff|Slurpuff, F|100/100
|turn|1
|
|t:|1624566997
|move|p1a: Marshadow|Rock Tomb|p2a: Slurpuff
|-damage|p2a: Slurpuff|35/100
|-unboost|p2a: Slurpuff|spe|1
|-damage|p1a: Marshadow|91/100|[from] item: Life Orb
|move|p2a: Slurpuff|Sticky Web|p1a: Marshadow
|-sidestart|p1: Rell27|move: Sticky Web
|
|upkeep
|turn|2
|
|t:|1624567006
|move|p1a: Marshadow|Shadow Sneak|p2a: Slurpuff
|-damage|p2a: Slurpuff|0 fnt
|faint|p2a: Slurpuff
|-damage|p1a: Marshadow|81/100|[from] item: Life Orb
|
|upkeep
|
|t:|1624567025
|switch|p2a: Yveltal|Yveltal|100/100
|-ability|p2a: Yveltal|Dark Aura
|turn|3
|
|t:|1624567029
|switch|p1a: Xerneas|Xerneas|100/100
|-activate|p1a: Xerneas|move: Sticky Web
|-unboost|p1a: Xerneas|spe|1
|-ability|p1a: Xerneas|Fairy Aura
|move|p2a: Yveltal|Sucker Punch||[still]
|-fail|p2a: Yveltal
|
|upkeep
|turn|4
|
|t:|1624567037
|move|p2a: Yveltal|Taunt|p1a: Xerneas
|-start|p1a: Xerneas|move: Taunt
|cant|p1a: Xerneas|move: Taunt|Defog
|
|upkeep
|turn|5
|
|t:|1624567047
|switch|p1a: Marshadow|Marshadow|81/100
|-activate|p1a: Marshadow|move: Sticky Web
|-unboost|p1a: Marshadow|spe|1
|move|p2a: Yveltal|Oblivion Wing|p1a: Marshadow
|-supereffective|p1a: Marshadow
|-damage|p1a: Marshadow|0 fnt
|faint|p1a: Marshadow
|-damage|p2a: Yveltal|91/100|[from] item: Life Orb
|
|upkeep
|
|t:|1624567051
|switch|p1a: Xerneas|Xerneas|100/100
|-activate|p1a: Xerneas|move: Sticky Web
|-unboost|p1a: Xerneas|spe|1
|-ability|p1a: Xerneas|Fairy Aura
|turn|6
|
|t:|1624567054
|move|p2a: Yveltal|Taunt|p1a: Xerneas
|-start|p1a: Xerneas|move: Taunt
|cant|p1a: Xerneas|move: Taunt|Defog
|
|upkeep
|turn|7
|
|t:|1624567058
|move|p2a: Yveltal|Oblivion Wing|p1a: Xerneas
|-crit|p1a: Xerneas
|-damage|p1a: Xerneas|30/100
|-heal|p2a: Yveltal|100/100|[from] drain|[of] p1a: Xerneas
|-damage|p2a: Yveltal|91/100|[from] item: Life Orb
|move|p1a: Xerneas|Moonblast|p2a: Yveltal
|-supereffective|p2a: Yveltal
|-damage|p2a: Yveltal|0 fnt
|faint|p2a: Yveltal
|
|upkeep
|
|t:|1624567064
|switch|p2a: Necrozma|Necrozma-Dusk-Mane|100/100
|turn|8
|
|t:|1624567072
|switch|p1a: Slurpuff|Slurpuff, F|100/100
|-activate|p1a: Slurpuff|move: Sticky Web
|-unboost|p1a: Slurpuff|spe|1
|move|p2a: Necrozma|Dragon Dance|p2a: Necrozma
|-boost|p2a: Necrozma|atk|1
|-boost|p2a: Necrozma|spe|1
|
|upkeep
|turn|9
|
|t:|1624567082
|move|p2a: Necrozma|Sunsteel Strike|p1a: Slurpuff
|-supereffective|p1a: Slurpuff
|-enditem|p1a: Slurpuff|Focus Sash
|-damage|p1a: Slurpuff|1/100
|-damage|p2a: Necrozma|91/100|[from] item: Life Orb
|move|p1a: Slurpuff|Sticky Web|p2a: Necrozma
|-sidestart|p2: luxrrayster|move: Sticky Web
|
|upkeep
|turn|10
|
|t:|1624567104
|move|p1a: Slurpuff|Yawn|p2a: Necrozma
|-start|p2a: Necrozma|move: Yawn|[of] p1a: Slurpuff
|move|p2a: Necrozma|Sunsteel Strike|p1a: Slurpuff
|-supereffective|p1a: Slurpuff
|-damage|p1a: Slurpuff|0 fnt
|faint|p1a: Slurpuff
|-damage|p2a: Necrozma|81/100|[from] item: Life Orb
|
|upkeep
|
|t:|1624567119
|switch|p1a: Necrozma|Necrozma-Dusk-Mane|100/100
|-activate|p1a: Necrozma|move: Sticky Web
|-unboost|p1a: Necrozma|spe|1
|turn|11
|
|t:|1624567123
|move|p2a: Necrozma|Earthquake|p1a: Necrozma
|-supereffective|p1a: Necrozma
|-damage|p1a: Necrozma|13/100
|-damage|p2a: Necrozma|71/100|[from] item: Life Orb
|move|p1a: Necrozma|Stealth Rock|p2a: Necrozma
|-sidestart|p2: luxrrayster|move: Stealth Rock
|
|-end|p2a: Necrozma|move: Yawn|[silent]
|-status|p2a: Necrozma|slp
|upkeep
|turn|12
|
|t:|1624567131
|switch|p1a: Yveltal|Yveltal|100/100
|-ability|p1a: Yveltal|Dark Aura
|cant|p2a: Necrozma|slp
|
|upkeep
|turn|13
|
|t:|1624567134
|cant|p2a: Necrozma|slp
|move|p1a: Yveltal|Dark Pulse|p2a: Necrozma
|-supereffective|p2a: Necrozma
|-damage|p2a: Necrozma|0 fnt
|faint|p2a: Necrozma
|-damage|p1a: Yveltal|91/100|[from] item: Life Orb
|
|upkeep
|
|t:|1624567141
|switch|p2a: Eternatus|Eternatus|100/100
|-activate|p2a: Eternatus|move: Sticky Web
|-unboost|p2a: Eternatus|spe|1
|-damage|p2a: Eternatus|88/100|[from] Stealth Rock
|-ability|p2a: Eternatus|Pressure
|turn|14
|
|t:|1624567151
|move|p1a: Yveltal|Dark Pulse|p2a: Eternatus
|-damage|p2a: Eternatus|29/100
|-damage|p1a: Yveltal|81/100|[from] item: Life Orb
|move|p2a: Eternatus|Meteor Beam||[still]
|-prepare|p2a: Eternatus|Meteor Beam
|-boost|p2a: Eternatus|spa|1
|-enditem|p2a: Eternatus|Power Herb
|-anim|p2a: Eternatus|Meteor Beam|p1a: Yveltal
|-supereffective|p1a: Yveltal
|-damage|p1a: Yveltal|0 fnt
|faint|p1a: Yveltal
|
|upkeep
|
|t:|1624567162
|switch|p1a: Eternatus|Eternatus|100/100
|-activate|p1a: Eternatus|move: Sticky Web
|-unboost|p1a: Eternatus|spe|1
|-ability|p1a: Eternatus|Pressure
|turn|15
|
|t:|1624567165
|move|p2a: Eternatus|Dynamax Cannon|p1a: Eternatus
|-supereffective|p1a: Eternatus
|-damage|p1a: Eternatus|0 fnt
|faint|p1a: Eternatus
|
|upkeep
|-message|Rell27 forfeited.
|
|win|luxrrayster
|raw|Rell27's rating: 1485 &rarr; <strong>1465</strong><br />(-20 for losing)
|raw|luxrrayster's rating: 1493 &rarr; <strong>1513</strong><br />(+20 for winning)
|l|☆Rell27
|l|☆luxrrayster
||Ladder isn't responding, score probably updated but might not have (Request timeout).
|j| that boy doctore
|j|☆luxrrayster
|player|p2|luxrrayster|marlon
