|j|‽IIExcaliburBetaII
|j|☆killer whale squa
|player|p1|IIExcaliburBetaII|backersf|1261
|player|p2|killer whale squa|216|1347
|teamsize|p1|6
|teamsize|p2|6
|gametype|singles
|gen|8
|tier|[Gen 8] Ubers
|rated|
|clearpoke
|poke|p1|Zacian-Crowned|
|poke|p1|Marshadow|
|poke|p1|Eternatus|
|poke|p1|Zamazenta|
|poke|p1|Mewtwo|
|poke|p1|Necrozma-Dusk-Mane|
|poke|p2|Marshadow|
|poke|p2|Necrozma-Dusk-Mane|
|poke|p2|Mandibuzz, F|
|poke|p2|Zacian-Crowned|
|poke|p2|Eternatus|
|poke|p2|Darmanitan-Galar, M|
|rule|Sleep Clause Mod: Limit one foe put to sleep
|rule|Species Clause: Limit one of each Pokémon
|rule|OHKO Clause: OHKO moves are banned
|rule|Evasion Moves Clause: Evasion moves are banned
|rule|Endless Battle Clause: Forcing endless battles is banned
|rule|HP Percentage Mod: HP is shown in percentages
|teampreview
|inactive|Battle timer is ON: inactive players will automatically lose when time's up. (requested by killer whale squa)
|inactive|IIExcaliburBetaII has 120 seconds left.
|inactive|IIExcaliburBetaII has 90 seconds left.
|
|start
|switch|p1a: Marshadow|Marshadow|100/100
|switch|p2a: Darmanitan|Darmanitan-Galar, M|100/100
|turn|1
|inactive|IIExcaliburBetaII has 120 seconds left.
|
|-start|p1a: Marshadow|Dynamax
|-heal|p1a: Marshadow|100/100|[silent]
|move|p2a: Darmanitan|U-turn|p1a: Marshadow
|-resisted|p1a: Marshadow
|-damage|p1a: Marshadow|97/100
|
|switch|p2a: Eternatus|Eternatus|100/100|[from]move: U-turn
|-ability|p2a: Eternatus|Pressure
|move|p1a: Marshadow|Max Knuckle|p2a: Eternatus
|-resisted|p2a: Eternatus
|-damage|p2a: Eternatus|89/100
|-boost|p1a: Marshadow|atk|1
|
|-heal|p2a: Eternatus|95/100|[from] item: Black Sludge
|upkeep
|turn|2
|inactive|IIExcaliburBetaII has 120 seconds left.
|inactive|killer whale squa has 120 seconds left.
|
|-end|p1a: Marshadow|Dynamax
|-heal|p1a: Marshadow|97/100|[silent]
|switch|p1a: Zacian|Zacian-Crowned|100/100
|-ability|p1a: Zacian|Intrepid Sword|boost
|-boost|p1a: Zacian|atk|1
|move|p2a: Eternatus|Dynamax Cannon|p1a: Zacian
|-immune|p1a: Zacian
|
|-heal|p2a: Eternatus|100/100|[from] item: Black Sludge
|upkeep
|turn|3
|inactive|killer whale squa has 120 seconds left.
|
|switch|p2a: Necrozma|Necrozma-Dusk-Mane|100/100
|move|p1a: Zacian|Agility|p1a: Zacian
|-boost|p1a: Zacian|spe|2
|
|upkeep
|turn|4
|inactive|killer whale squa has 120 seconds left.
|
|move|p1a: Zacian|Swords Dance|p1a: Zacian
|-boost|p1a: Zacian|atk|2
|move|p2a: Necrozma|Sunsteel Strike|p1a: Zacian
|-damage|p1a: Zacian|72/100
|
|upkeep
|turn|5
|
|move|p1a: Zacian|Crunch|p2a: Necrozma
|-supereffective|p2a: Necrozma
|-damage|p2a: Necrozma|48/100
|-unboost|p2a: Necrozma|def|1
|move|p2a: Necrozma|Sunsteel Strike|p1a: Zacian
|-damage|p1a: Zacian|44/100
|
|-heal|p2a: Necrozma|54/100|[from] item: Leftovers
|upkeep
|turn|6
|inactive|killer whale squa has 120 seconds left.
|
|move|p1a: Zacian|Crunch|p2a: Necrozma
|-supereffective|p2a: Necrozma
|-damage|p2a: Necrozma|0 fnt
|faint|p2a: Necrozma
|
|upkeep
|
|switch|p2a: Marshadow|Marshadow|100/100
|turn|7
|
|move|p2a: Marshadow|Shadow Sneak|p1a: Zacian
|-damage|p1a: Zacian|20/100
|-damage|p2a: Marshadow|91/100|[from] item: Life Orb
|move|p1a: Zacian|Behemoth Blade|p2a: Marshadow
|-damage|p2a: Marshadow|0 fnt
|faint|p2a: Marshadow
|
|upkeep
|
|switch|p2a: Eternatus|Eternatus|100/100
|-ability|p2a: Eternatus|Pressure
|turn|8
|
|move|p1a: Zacian|Behemoth Blade|p2a: Eternatus
|-crit|p2a: Eternatus
|-damage|p2a: Eternatus|0 fnt
|faint|p2a: Eternatus
|
|upkeep
|
|switch|p2a: Darmanitan|Darmanitan-Galar, M|100/100
|turn|9
|
|move|p1a: Zacian|Behemoth Blade|p2a: Darmanitan
|-supereffective|p2a: Darmanitan
|-damage|p2a: Darmanitan|0 fnt
|faint|p2a: Darmanitan
|
|upkeep
|
|switch|p2a: Zacian|Zacian-Crowned|100/100
|-ability|p2a: Zacian|Intrepid Sword|boost
|-boost|p2a: Zacian|atk|1
|turn|10
|
|move|p1a: Zacian|Behemoth Blade|p2a: Zacian
|-damage|p2a: Zacian|0 fnt
|faint|p2a: Zacian
|
|upkeep
|
|switch|p2a: Mandibuzz|Mandibuzz, F|100/100
|turn|11
|-message|killer whale squa forfeited.
|
|win|IIExcaliburBetaII
|l|☆killer whale squa
