|j|☆leShade
|j|☆QiYu3
|player|p1|leShade|101|1492
|player|p2|QiYu3|psychic-gen4|1617
|teamsize|p1|6
|teamsize|p2|6
|gametype|singles
|gen|8
|tier|[Gen 8] Ubers
|rated|
|clearpoke
|poke|p1|Ditto|
|poke|p1|Zacian|
|poke|p1|Zamazenta|
|poke|p1|Arcanine, M|
|poke|p1|Lunala|
|poke|p1|Mandibuzz, F|
|poke|p2|Necrozma-Dusk-Mane|
|poke|p2|Marshadow|
|poke|p2|Lunala|
|poke|p2|Ditto|
|poke|p2|Eternatus|
|poke|p2|Zekrom|
|rule|Sleep Clause Mod: Limit one foe put to sleep
|rule|Species Clause: Limit one of each Pokémon
|rule|OHKO Clause: OHKO moves are banned
|rule|Evasion Moves Clause: Evasion moves are banned
|rule|Endless Battle Clause: Forcing endless battles is banned
|rule|HP Percentage Mod: HP is shown in percentages
|teampreview
|inactive|Battle timer is ON: inactive players will automatically lose when time's up. (requested by leShade)
|
|start
|switch|p1a: Zamazenta|Zamazenta|100/100
|switch|p2a: Lunala|Lunala|100/100
|-ability|p1a: Zamazenta|Dauntless Shield|boost
|-boost|p1a: Zamazenta|def|1
|turn|1
|
|move|p1a: Zamazenta|Crunch|p2a: Lunala
|-supereffective|p2a: Lunala
|-damage|p2a: Lunala|23/100
|move|p2a: Lunala|Moongeist Beam|p1a: Zamazenta
|-damage|p1a: Zamazenta|18/100
|
|upkeep
|turn|2
|
|switch|p2a: Eternatus|Eternatus|100/100
|-ability|p2a: Eternatus|Pressure
|move|p1a: Zamazenta|Crunch|p2a: Eternatus
|-damage|p2a: Eternatus|67/100
|-unboost|p2a: Eternatus|def|1
|
|upkeep
|turn|3
|
|switch|p2a: Necrozma|Necrozma-Dusk-Mane|100/100
|move|p1a: Zamazenta|Crunch|p2a: Necrozma
|-supereffective|p2a: Necrozma
|-crit|p2a: Necrozma
|-damage|p2a: Necrozma|33/100
|-unboost|p2a: Necrozma|def|1
|
|-heal|p2a: Necrozma|39/100|[from] item: Leftovers
|upkeep
|turn|4
|
|switch|p2a: Lunala|Lunala|23/100
|move|p1a: Zamazenta|Crunch|p2a: Lunala
|-supereffective|p2a: Lunala
|-damage|p2a: Lunala|0 fnt
|faint|p2a: Lunala
|
|upkeep
|
|switch|p2a: Marshadow|Marshadow|100/100
|turn|5
|
|move|p2a: Marshadow|Close Combat|p1a: Zamazenta
|-damage|p1a: Zamazenta|0 fnt
|-unboost|p2a: Marshadow|def|1
|-unboost|p2a: Marshadow|spd|1
|faint|p1a: Zamazenta
|
|upkeep
|
|switch|p1a: Zacian|Zacian|100/100
|-ability|p1a: Zacian|Intrepid Sword|boost
|-boost|p1a: Zacian|atk|1
|turn|6
|
|switch|p2a: Necrozma|Necrozma-Dusk-Mane|39/100
|move|p1a: Zacian|Play Rough|p2a: Necrozma
|-resisted|p2a: Necrozma
|-damage|p2a: Necrozma|0 fnt
|faint|p2a: Necrozma
|
|upkeep
|
|switch|p2a: Marshadow|Marshadow|100/100
|turn|7
|
|switch|p1a: Mandibuzz|Mandibuzz, F|100/100
|move|p2a: Marshadow|Spectral Thief|p1a: Mandibuzz
|-resisted|p1a: Mandibuzz
|-damage|p1a: Mandibuzz|84/100
|
|upkeep
|turn|8
|
|switch|p2a: Eternatus|Eternatus|67/100
|-ability|p2a: Eternatus|Pressure
|switch|p1a: Zacian|Zacian|100/100
|-ability|p1a: Zacian|Intrepid Sword|boost
|-boost|p1a: Zacian|atk|1
|
|upkeep
|turn|9
|
|move|p1a: Zacian|Psychic Fangs|p2a: Eternatus
|-supereffective|p2a: Eternatus
|-damage|p2a: Eternatus|0 fnt
|faint|p2a: Eternatus
|
|upkeep
|
|switch|p2a: Ditto|Ditto|100/100
|-transform|p2a: Ditto|p1a: Zacian|[from] ability: Imposter
|-ability|p2a: Ditto|Intrepid Sword|boost
|-boost|p2a: Ditto|atk|1
|turn|10
|
|switch|p1a: Arcanine|Arcanine, M|100/100
|-ability|p1a: Arcanine|Intimidate|boost
|-unboost|p2a: Ditto|atk|1
|move|p2a: Ditto|Play Rough|p1a: Arcanine
|-resisted|p1a: Arcanine
|-damage|p1a: Arcanine|75/100
|
|upkeep
|turn|11
|
|move|p2a: Ditto|Close Combat|p1a: Arcanine
|-damage|p1a: Arcanine|31/100
|-unboost|p2a: Ditto|def|1
|-unboost|p2a: Ditto|spd|1
|move|p1a: Arcanine|Will-O-Wisp|p2a: Ditto|[miss]
|-miss|p1a: Arcanine|p2a: Ditto
|
|upkeep
|turn|12
|
|switch|p1a: Lunala|Lunala|100/100
|move|p2a: Ditto|Close Combat|p1a: Lunala
|-immune|p1a: Lunala
|
|upkeep
|turn|13
|
|-start|p1a: Lunala|Dynamax
|-heal|p1a: Lunala|100/100|[silent]
|move|p2a: Ditto|Crunch|p1a: Lunala
|-supereffective|p1a: Lunala
|-crit|p1a: Lunala
|-damage|p1a: Lunala|48/100
|move|p1a: Lunala|Max Phantasm|p2a: Ditto
|-damage|p2a: Ditto|10/100
|-unboost|p2a: Ditto|def|1
|
|upkeep
|turn|14
|
|-end|p1a: Lunala|Dynamax
|-heal|p1a: Lunala|48/100|[silent]
|switch|p1a: Arcanine|Arcanine, M|31/100
|-ability|p1a: Arcanine|Intimidate|boost
|-unboost|p2a: Ditto|atk|1
|move|p2a: Ditto|Crunch|p1a: Arcanine
|-damage|p1a: Arcanine|10/100
|
|upkeep
|turn|15
|
|switch|p1a: Lunala|Lunala|48/100
|move|p2a: Ditto|Psychic Fangs|p1a: Lunala
|-resisted|p1a: Lunala
|-damage|p1a: Lunala|37/100
|
|upkeep
|turn|16
|
|move|p2a: Ditto|Crunch|p1a: Lunala
|-supereffective|p1a: Lunala
|-damage|p1a: Lunala|0 fnt
|faint|p1a: Lunala
|
|upkeep
|
|switch|p1a: Mandibuzz|Mandibuzz, F|84/100
|turn|17
|
|move|p2a: Ditto|Play Rough|p1a: Mandibuzz
|-supereffective|p1a: Mandibuzz
|-damage|p1a: Mandibuzz|8/100
|move|p1a: Mandibuzz|Roost|p1a: Mandibuzz
|-heal|p1a: Mandibuzz|58/100
|-singleturn|p1a: Mandibuzz|move: Roost
|
|upkeep
|turn|18
|
|switch|p1a: Arcanine|Arcanine, M|10/100
|-ability|p1a: Arcanine|Intimidate|boost
|-unboost|p2a: Ditto|atk|1
|move|p2a: Ditto|Play Rough|p1a: Arcanine
|-resisted|p1a: Arcanine
|-damage|p1a: Arcanine|0 fnt
|faint|p1a: Arcanine
|
|upkeep
|
|switch|p1a: Ditto|Ditto|100/100
|turn|19
|
|switch|p1a: Mandibuzz|Mandibuzz, F|58/100
|move|p2a: Ditto|Play Rough|p1a: Mandibuzz
|-supereffective|p1a: Mandibuzz
|-damage|p1a: Mandibuzz|7/100
|
|upkeep
|turn|20
|
|switch|p2a: Zekrom|Zekrom|100/100
|-ability|p2a: Zekrom|Teravolt
|switch|p1a: Zacian|Zacian|100/100
|-ability|p1a: Zacian|Intrepid Sword|boost
|-boost|p1a: Zacian|atk|1
|
|upkeep
|turn|21
|
|switch|p2a: Ditto|Ditto|10/100
|-transform|p2a: Ditto|p1a: Zacian|[from] ability: Imposter
|-ability|p2a: Ditto|Intrepid Sword|boost
|-boost|p2a: Ditto|atk|1
|move|p1a: Zacian|Play Rough|p2a: Ditto
|-damage|p2a: Ditto|0 fnt
|faint|p2a: Ditto
|
|upkeep
|
|switch|p2a: Marshadow|Marshadow|100/100
|turn|22
|
|move|p2a: Marshadow|Spectral Thief||[still]
|-clearpositiveboost|p1a: Zacian|p2a: Marshadow|move: Spectral Thief
|-boost|p2a: Marshadow|atk|1
|-anim|p2a: Marshadow|Spectral Thief|p1a: Zacian
|-damage|p1a: Zacian|35/100
|move|p1a: Zacian|Play Rough|p2a: Marshadow
|-supereffective|p2a: Marshadow
|-damage|p2a: Marshadow|0 fnt
|faint|p2a: Marshadow
|
|upkeep
|
|switch|p2a: Zekrom|Zekrom|100/100
|-ability|p2a: Zekrom|Teravolt
|turn|23
|
|-start|p2a: Zekrom|Dynamax
|-heal|p2a: Zekrom|100/100|[silent]
|move|p1a: Zacian|Play Rough|p2a: Zekrom
|-supereffective|p2a: Zekrom
|-damage|p2a: Zekrom|43/100
|move|p2a: Zekrom|Max Lightning|p1a: Zacian
|-damage|p1a: Zacian|0 fnt
|-fieldstart|move: Electric Terrain
|faint|p1a: Zacian
|
|upkeep
|
|switch|p1a: Mandibuzz|Mandibuzz, F|7/100
|turn|24
|
|move|p2a: Zekrom|Max Lightning|p1a: Mandibuzz
|-supereffective|p1a: Mandibuzz
|-damage|p1a: Mandibuzz|0 fnt
|faint|p1a: Mandibuzz
|
|upkeep
|
|switch|p1a: Ditto|Ditto|100/100
|-transform|p1a: Ditto|p2a: Zekrom|[from] ability: Imposter
|-ability|p1a: Ditto|Teravolt
|turn|25
|c|☆QiYu3|gg
|
|move|p1a: Ditto|Outrage|p2a: Zekrom
|-supereffective|p2a: Zekrom
|-enditem|p2a: Zekrom|Haban Berry|[eat]
|-enditem|p2a: Zekrom|Haban Berry|[weaken]
|-damage|p2a: Zekrom|12/100
|move|p2a: Zekrom|Max Wyrmwind|p1a: Ditto
|-supereffective|p1a: Ditto
|-damage|p1a: Ditto|0 fnt
|faint|p1a: Ditto
|
|win|QiYu3
|raw|leShade's rating: 1492 &rarr; <strong>1479</strong><br />(-13 for losing)
|raw|QiYu3's rating: 1617 &rarr; <strong>1630</strong><br />(+13 for winning)
|l|☆leShade
|l|☆QiYu3
|j|☆QiYu3
|player|p2|QiYu3|psychic-gen4
