|j|☆Ryrissuu
|j|☆StartDemoltition?
|t:|1634926802
|gametype|singles
|player|p1|Ryrissuu|hilbert|1260
|player|p2|StartDemoltition?|ruinmaniac|1261
|teamsize|p1|6
|teamsize|p2|6
|gen|8
|tier|[Gen 8] Ubers
|rated|
|rule|Sleep Clause Mod: Limit one foe put to sleep
|rule|Species Clause: Limit one of each Pokémon
|rule|OHKO Clause: OHKO moves are banned
|rule|Evasion Moves Clause: Evasion moves are banned
|rule|Endless Battle Clause: Forcing endless battles is banned
|rule|HP Percentage Mod: HP is shown in percentages
|rule|Dynamax Clause: You cannot dynamax
|clearpoke
|poke|p1|Giratina-Origin|
|poke|p1|Zekrom|
|poke|p1|Genesect|
|poke|p1|Kyurem-Black|
|poke|p1|Latias, F|
|poke|p1|Yveltal|
|poke|p2|Hippowdon, F|
|poke|p2|Tyranitar, M|
|poke|p2|Dracozolt|
|poke|p2|Excadrill, M|
|poke|p2|Zapdos|
|poke|p2|Landorus, M|
|teampreview
|inactive|Battle timer is ON: inactive players will automatically lose when time's up. (requested by StartDemoltition?)
|
|t:|1634926809
|start
|switch|p1a: Latias|Latias, F|100/100
|switch|p2a: SandHippo|Hippowdon, F|100/100
|-weather|Sandstorm|[from] ability: Sand Stream|[of] p2a: SandHippo
|turn|1
|
|t:|1634926817
|move|p1a: Latias|Reflect|p1a: Latias
|-sidestart|p1: Ryrissuu|Reflect
|move|p2a: SandHippo|Stealth Rock|p1a: Latias
|-sidestart|p1: Ryrissuu|move: Stealth Rock
|
|-weather|Sandstorm|[upkeep]
|-damage|p1a: Latias|94/100|[from] Sandstorm
|upkeep
|turn|2
|
|t:|1634926829
|switch|p2a: Flying Rock Guy|Landorus, M|100/100
|move|p1a: Latias|Light Screen|p1a: Latias
|-sidestart|p1: Ryrissuu|move: Light Screen
|
|-weather|Sandstorm|[upkeep]
|-damage|p1a: Latias|88/100|[from] Sandstorm
|upkeep
|turn|3
|
|t:|1634926851
|move|p2a: Flying Rock Guy|Knock Off|p1a: Latias
|-supereffective|p1a: Latias
|-damage|p1a: Latias|53/100
|-enditem|p1a: Latias|Light Clay|[from] move: Knock Off|[of] p2a: Flying Rock Guy
|move|p1a: Latias|Safeguard|p1a: Latias
|-sidestart|p1: Ryrissuu|Safeguard
|
|-weather|Sandstorm|[upkeep]
|-damage|p1a: Latias|47/100|[from] Sandstorm
|upkeep
|turn|4
|
|t:|1634926860
|switch|p1a: Kyurem|Kyurem-Black|100/100
|-ability|p1a: Kyurem|Teravolt
|move|p2a: Flying Rock Guy|Knock Off|p1a: Kyurem
|-damage|p1a: Kyurem|86/100
|-enditem|p1a: Kyurem|Heavy-Duty Boots|[from] move: Knock Off|[of] p2a: Flying Rock Guy
|
|-weather|Sandstorm|[upkeep]
|-damage|p1a: Kyurem|80/100|[from] Sandstorm
|upkeep
|turn|5
|
|t:|1634926871
|move|p2a: Flying Rock Guy|Knock Off|p1a: Kyurem
|-damage|p1a: Kyurem|71/100
|move|p1a: Kyurem|Dragon Dance|p1a: Kyurem
|-boost|p1a: Kyurem|atk|1
|-boost|p1a: Kyurem|spe|1
|
|-weather|Sandstorm|[upkeep]
|-damage|p1a: Kyurem|65/100|[from] Sandstorm
|upkeep
|turn|6
|
|t:|1634926880
|switch|p2a: SandHippo|Hippowdon, F|100/100
|move|p1a: Kyurem|Dragon Dance|p1a: Kyurem
|-boost|p1a: Kyurem|atk|1
|-boost|p1a: Kyurem|spe|1
|
|-weather|Sandstorm|[upkeep]
|-damage|p1a: Kyurem|59/100|[from] Sandstorm
|upkeep
|turn|7
|
|t:|1634926889
|move|p1a: Kyurem|Icicle Spear|p2a: SandHippo
|-supereffective|p2a: SandHippo
|-damage|p2a: SandHippo|68/100
|-supereffective|p2a: SandHippo
|-damage|p2a: SandHippo|34/100
|-hitcount|p2a: SandHippo|2
|move|p2a: SandHippo|Whirlwind|p1a: Kyurem
|drag|p1a: Genesect|Genesect, shiny|100/100
|-ability|p1a: Genesect|Download|boost
|-boost|p1a: Genesect|spa|1
|
|-weather|Sandstorm|[upkeep]
|-sideend|p1: Ryrissuu|Safeguard
|upkeep
|turn|8
|
|t:|1634926903
|move|p1a: Genesect|Iron Head|p2a: SandHippo
|-damage|p2a: SandHippo|18/100
|move|p2a: SandHippo|Slack Off|p2a: SandHippo
|-heal|p2a: SandHippo|68/100
|
|-weather|none
|-sideend|p1: Ryrissuu|Reflect
|upkeep
|turn|9
|
|t:|1634926912
|switch|p1a: Latias|Latias, F|47/100
|-damage|p1a: Latias|34/100|[from] Stealth Rock
|move|p2a: SandHippo|Slack Off|p2a: SandHippo
|-heal|p2a: SandHippo|100/100
|
|-sideend|p1: Ryrissuu|move: Light Screen
|upkeep
|turn|10
|
|t:|1634926920
|switch|p2a: TierKingTtar|Tyranitar, M|100/100
|-weather|Sandstorm|[from] ability: Sand Stream|[of] p2a: TierKingTtar
|move|p1a: Latias|Light Screen|p1a: Latias
|-sidestart|p1: Ryrissuu|move: Light Screen
|
|-weather|Sandstorm|[upkeep]
|-damage|p1a: Latias|28/100|[from] Sandstorm
|upkeep
|turn|11
|
|t:|1634926928
|move|p1a: Latias|Reflect|p1a: Latias
|-sidestart|p1: Ryrissuu|Reflect
|move|p2a: TierKingTtar|Crunch|p1a: Latias
|-supereffective|p1a: Latias
|-damage|p1a: Latias|0 fnt
|faint|p1a: Latias
|
|-weather|Sandstorm|[upkeep]
|upkeep
|
|t:|1634926947
|switch|p1a: Zekrom|Zekrom|100/100
|-ability|p1a: Zekrom|Teravolt
|turn|12
|
|t:|1634926952
|move|p1a: Zekrom|Dragon Dance|p1a: Zekrom
|-boost|p1a: Zekrom|atk|1
|-boost|p1a: Zekrom|spe|1
|move|p2a: TierKingTtar|Roar|p1a: Zekrom
|drag|p1a: Genesect|Genesect, shiny|100/100
|-ability|p1a: Genesect|Download|boost
|-boost|p1a: Genesect|atk|1
|
|-weather|Sandstorm|[upkeep]
|upkeep
|turn|13
|
|t:|1634926962
|switch|p2a: ZappyBirb|Zapdos|100/100
|move|p1a: Genesect|Iron Head|p2a: ZappyBirb
|-resisted|p2a: ZappyBirb
|-damage|p2a: ZappyBirb|74/100
|-status|p1a: Genesect|par|[from] ability: Static|[of] p2a: ZappyBirb
|
|-weather|Sandstorm|[upkeep]
|upkeep
|turn|14
|
|t:|1634926972
|switch|p1a: Zekrom|Zekrom|100/100
|-ability|p1a: Zekrom|Teravolt
|move|p2a: ZappyBirb|Heat Wave|p1a: Zekrom
|-resisted|p1a: Zekrom
|-damage|p1a: Zekrom|95/100
|
|-weather|Sandstorm|[upkeep]
|-damage|p1a: Zekrom|89/100|[from] Sandstorm
|-sideend|p1: Ryrissuu|move: Light Screen
|upkeep
|turn|15
|
|t:|1634926982
|switch|p2a: SandHippo|Hippowdon, F|100/100
|move|p1a: Zekrom|Dragon Dance|p1a: Zekrom
|-boost|p1a: Zekrom|atk|1
|-boost|p1a: Zekrom|spe|1
|
|-weather|Sandstorm|[upkeep]
|-damage|p1a: Zekrom|83/100|[from] Sandstorm
|-sideend|p1: Ryrissuu|Reflect
|upkeep
|turn|16
|
|t:|1634926992
|move|p1a: Zekrom|Dragon Claw|p2a: SandHippo
|-crit|p2a: SandHippo
|-damage|p2a: SandHippo|46/100
|move|p2a: SandHippo|Whirlwind|p1a: Zekrom
|drag|p1a: Kyurem|Kyurem-Black|59/100
|-damage|p1a: Kyurem|34/100|[from] Stealth Rock
|-ability|p1a: Kyurem|Teravolt
|
|-weather|Sandstorm|[upkeep]
|-damage|p1a: Kyurem|28/100|[from] Sandstorm
|upkeep
|turn|17
|
|t:|1634927004
|switch|p2a: Flying Rock Guy|Landorus, M|100/100
|move|p1a: Kyurem|Icicle Spear|p2a: Flying Rock Guy
|-supereffective|p2a: Flying Rock Guy
|-damage|p2a: Flying Rock Guy|24/100
|-supereffective|p2a: Flying Rock Guy
|-damage|p2a: Flying Rock Guy|0 fnt
|faint|p2a: Flying Rock Guy
|-hitcount|p2: Flying Rock Guy|2
|
|-weather|none
|upkeep
|
|t:|1634927007
|switch|p2a: TierKingTtar|Tyranitar, M|100/100
|-weather|Sandstorm|[from] ability: Sand Stream|[of] p2a: TierKingTtar
|turn|18
|
|t:|1634927023
|switch|p1a: Zekrom|Zekrom|83/100
|-ability|p1a: Zekrom|Teravolt
|move|p2a: TierKingTtar|Breaking Swipe|p1a: Zekrom
|-supereffective|p1a: Zekrom
|-damage|p1a: Zekrom|58/100
|-unboost|p1a: Zekrom|atk|1
|
|-weather|Sandstorm|[upkeep]
|-damage|p1a: Zekrom|52/100|[from] Sandstorm
|upkeep
|turn|19
|
|t:|1634927034
|move|p1a: Zekrom|Roost|p1a: Zekrom
|-heal|p1a: Zekrom|100/100
|-singleturn|p1a: Zekrom|move: Roost
|move|p2a: TierKingTtar|Breaking Swipe|p1a: Zekrom
|-supereffective|p1a: Zekrom
|-damage|p1a: Zekrom|74/100
|-unboost|p1a: Zekrom|atk|1
|
|-weather|Sandstorm|[upkeep]
|-damage|p1a: Zekrom|68/100|[from] Sandstorm
|upkeep
|turn|20
|
|t:|1634927044
|move|p1a: Zekrom|Dragon Dance|p1a: Zekrom
|-boost|p1a: Zekrom|atk|1
|-boost|p1a: Zekrom|spe|1
|move|p2a: TierKingTtar|Breaking Swipe|p1a: Zekrom
|-supereffective|p1a: Zekrom
|-damage|p1a: Zekrom|41/100
|-unboost|p1a: Zekrom|atk|1
|
|-weather|Sandstorm|[upkeep]
|-damage|p1a: Zekrom|35/100|[from] Sandstorm
|upkeep
|turn|21
|
|t:|1634927054
|move|p1a: Zekrom|Dragon Dance|p1a: Zekrom
|-boost|p1a: Zekrom|atk|1
|-boost|p1a: Zekrom|spe|1
|move|p2a: TierKingTtar|Breaking Swipe|p1a: Zekrom
|-supereffective|p1a: Zekrom
|-damage|p1a: Zekrom|8/100
|-unboost|p1a: Zekrom|atk|1
|
|-weather|Sandstorm|[upkeep]
|-damage|p1a: Zekrom|2/100|[from] Sandstorm
|upkeep
|turn|22
|
|t:|1634927066
|move|p1a: Zekrom|Dragon Claw|p2a: TierKingTtar
|-damage|p2a: TierKingTtar|83/100
|move|p2a: TierKingTtar|Roar|p1a: Zekrom
|drag|p1a: Yveltal|Yveltal|100/100
|-damage|p1a: Yveltal|76/100|[from] Stealth Rock
|-ability|p1a: Yveltal|Dark Aura
|
|-weather|Sandstorm|[upkeep]
|-damage|p1a: Yveltal|70/100|[from] Sandstorm
|upkeep
|turn|23
|
|t:|1634927081
|move|p1a: Yveltal|Oblivion Wing|p2a: TierKingTtar
|-resisted|p2a: TierKingTtar
|-damage|p2a: TierKingTtar|75/100
|-heal|p1a: Yveltal|76/100|[from] drain|[of] p2a: TierKingTtar
|move|p2a: TierKingTtar|Breaking Swipe|p1a: Yveltal
|-damage|p1a: Yveltal|59/100
|-unboost|p1a: Yveltal|atk|1
|
|-weather|Sandstorm|[upkeep]
|-damage|p1a: Yveltal|53/100|[from] Sandstorm
|upkeep
|turn|24
|
|t:|1634927096
|switch|p1a: Genesect|Genesect, shiny|100/100 par
|-ability|p1a: Genesect|Download|boost
|-boost|p1a: Genesect|atk|1
|move|p2a: TierKingTtar|Crunch|p1a: Genesect
|-damage|p1a: Genesect|66/100 par
|
|-weather|Sandstorm|[upkeep]
|upkeep
|turn|25
|
|t:|1634927105
|switch|p2a: ZappyBirb|Zapdos|74/100
|cant|p1a: Genesect|par
|
|-weather|none
|upkeep
|turn|26
|
|t:|1634927116
|switch|p1a: Kyurem|Kyurem-Black|28/100
|-damage|p1a: Kyurem|3/100|[from] Stealth Rock
|-ability|p1a: Kyurem|Teravolt
|move|p2a: ZappyBirb|Heat Wave|p1a: Kyurem
|-damage|p1a: Kyurem|0 fnt
|faint|p1a: Kyurem
|
|upkeep
|
|t:|1634927126
|switch|p1a: Zekrom|Zekrom|2/100
|-ability|p1a: Zekrom|Teravolt
|turn|27
|
|t:|1634927132
|move|p2a: ZappyBirb|Weather Ball|p1a: Zekrom
|-damage|p1a: Zekrom|0 fnt
|faint|p1a: Zekrom
|
|upkeep
|
|t:|1634927150
|switch|p1a: Giratina|Giratina-Origin|100/100
|-damage|p1a: Giratina|88/100|[from] Stealth Rock
|turn|28
|
|t:|1634927162
|switch|p2a: TierKingTtar|Tyranitar, M|75/100
|-weather|Sandstorm|[from] ability: Sand Stream|[of] p2a: TierKingTtar
|move|p1a: Giratina|Will-O-Wisp|p2a: TierKingTtar
|-status|p2a: TierKingTtar|brn
|
|-weather|Sandstorm|[upkeep]
|-damage|p1a: Giratina|82/100|[from] Sandstorm
|-damage|p2a: TierKingTtar|69/100 brn|[from] brn
|upkeep
|turn|29
|
|t:|1634927174
|move|p1a: Giratina|Draco Meteor|p2a: TierKingTtar
|-damage|p2a: TierKingTtar|46/100 brn
|-unboost|p1a: Giratina|spa|2
|move|p2a: TierKingTtar|Crunch|p1a: Giratina
|-supereffective|p1a: Giratina
|-damage|p1a: Giratina|57/100
|
|-weather|Sandstorm|[upkeep]
|-damage|p1a: Giratina|50/100|[from] Sandstorm
|-damage|p2a: TierKingTtar|39/100 brn|[from] brn
|upkeep
|turn|30
|
|t:|1634927186
|switch|p1a: Genesect|Genesect, shiny|66/100 par
|-ability|p1a: Genesect|Download|boost
|-boost|p1a: Genesect|atk|1
|move|p2a: TierKingTtar|Crunch|p1a: Genesect
|-damage|p1a: Genesect|47/100 par
|
|-weather|Sandstorm|[upkeep]
|-damage|p2a: TierKingTtar|33/100 brn|[from] brn
|upkeep
|turn|31
|
|t:|1634927196
|switch|p2a: ZappyBirb|Zapdos|74/100
|move|p1a: Genesect|Shift Gear|p1a: Genesect
|-boost|p1a: Genesect|spe|2
|-boost|p1a: Genesect|atk|1
|
|-weather|Sandstorm|[upkeep]
|upkeep
|turn|32
|
|t:|1634927208
|move|p1a: Genesect|Extreme Speed|p2a: ZappyBirb
|-damage|p2a: ZappyBirb|29/100
|move|p2a: ZappyBirb|Heat Wave|p1a: Genesect
|-supereffective|p1a: Genesect
|-damage|p1a: Genesect|0 fnt
|faint|p1a: Genesect
|
|-weather|Sandstorm|[upkeep]
|upkeep
|
|t:|1634927220
|switch|p1a: Yveltal|Yveltal|53/100
|-damage|p1a: Yveltal|28/100|[from] Stealth Rock
|-ability|p1a: Yveltal|Dark Aura
|turn|33
|
|t:|1634927227
|move|p1a: Yveltal|Sucker Punch|p2a: ZappyBirb
|-damage|p2a: ZappyBirb|0 fnt
|-status|p1a: Yveltal|par|[from] ability: Static|[of] p2a: ZappyBirb
|faint|p2a: ZappyBirb
|
|-weather|Sandstorm|[upkeep]
|-damage|p1a: Yveltal|22/100 par|[from] Sandstorm
|upkeep
|
|t:|1634927235
|switch|p2a: DriftveilMusic|Excadrill, M|100/100
|turn|34
|
|t:|1634927238
|move|p2a: DriftveilMusic|Iron Head|p1a: Yveltal
|-damage|p1a: Yveltal|0 fnt
|faint|p1a: Yveltal
|
|-weather|Sandstorm|[upkeep]
|upkeep
|
|t:|1634927244
|switch|p1a: Giratina|Giratina-Origin|50/100
|-damage|p1a: Giratina|38/100|[from] Stealth Rock
|turn|35
|
|t:|1634927249
|move|p2a: DriftveilMusic|Iron Head|p1a: Giratina
|-damage|p1a: Giratina|13/100
|move|p1a: Giratina|Will-O-Wisp|p2a: DriftveilMusic
|-status|p2a: DriftveilMusic|brn
|
|-weather|none
|-damage|p2a: DriftveilMusic|94/100 brn|[from] brn
|upkeep
|turn|36
|
|t:|1634927259
|move|p1a: Giratina|Shadow Sneak|p2a: DriftveilMusic
|-damage|p2a: DriftveilMusic|62/100 brn
|move|p2a: DriftveilMusic|Iron Head|p1a: Giratina
|-damage|p1a: Giratina|1/100
|
|-heal|p2a: DriftveilMusic|68/100 brn|[from] item: Leftovers
|-damage|p2a: DriftveilMusic|62/100 brn|[from] brn
|upkeep
|turn|37
|
|t:|1634927273
|switch|p2a: TierKingTtar|Tyranitar, M|33/100 brn
|-weather|Sandstorm|[from] ability: Sand Stream|[of] p2a: TierKingTtar
|move|p1a: Giratina|Shadow Sneak|p2a: TierKingTtar
|-resisted|p2a: TierKingTtar
|-damage|p2a: TierKingTtar|25/100 brn
|
|-weather|Sandstorm|[upkeep]
|-damage|p1a: Giratina|0 fnt|[from] Sandstorm
|faint|p1a: Giratina
|
|win|StartDemoltition?
|upkeep
|raw|Ryrissuu's rating: 1260 &rarr; <strong>1235</strong><br />(-25 for losing)
|raw|StartDemoltition?'s rating: 1261 &rarr; <strong>1286</strong><br />(+25 for winning)
|l|☆Ryrissuu
|c|☆StartDemoltition?|gg
||Ladder isn't responding, score probably updated but might not have (Request timeout).
