|j|☆Zenadark
|j|☆paolode99神秘
|t:|1661531420
|gametype|singles
|player|p1|Zenadark|cyrus-masters|
|player|p2|paolode99神秘|lance-masters|
|teamsize|p1|6
|teamsize|p2|6
|gen|8
|tier|[Gen 8] Ubers
|rule|Sleep Clause Mod: Limit one foe put to sleep
|rule|Species Clause: Limit one of each Pokémon
|rule|OHKO Clause: OHKO moves are banned
|rule|Evasion Items Clause: Evasion items are banned
|rule|Evasion Moves Clause: Evasion moves are banned
|rule|Endless Battle Clause: Forcing endless battles is banned
|rule|HP Percentage Mod: HP is shown in percentages
|rule|Dynamax Clause: You cannot dynamax
|clearpoke
|poke|p1|Kyogre|
|poke|p1|Palkia|
|poke|p1|Necrozma-Dusk-Mane|
|poke|p1|Yveltal|
|poke|p1|Calyrex-Shadow|
|poke|p1|Zygarde|
|poke|p2|Rayquaza|
|poke|p2|Darmanitan-Galar, M|
|poke|p2|Necrozma-Dusk-Mane|
|poke|p2|Yveltal|
|poke|p2|Eternatus|
|poke|p2|Zarude-Dada|
|teampreview
|inactive|Battle timer is ON: inactive players will automatically lose when time's up. (requested by paolode99神秘)
|c|☆paolode99神秘|hf
|c|☆Zenadark|hf
|inactive|paolode99神秘 has 270 seconds left.
|
|t:|1661531471
|start
|switch|p1a: Calyrex|Calyrex-Shadow|100/100
|switch|p2a: Yveltal|Yveltal|100/100
|-ability|p1a: Calyrex|As One
|-ability|p1a: Calyrex|Unnerve
|-ability|p2a: Yveltal|Dark Aura
|turn|1
|
|t:|1661531500
|switch|p1a: Yveltal|Yveltal, shiny|100/100
|-ability|p1a: Yveltal|Dark Aura
|move|p2a: Yveltal|Knock Off|p1a: Yveltal
|-resisted|p1a: Yveltal
|-damage|p1a: Yveltal|73/100
|-enditem|p1a: Yveltal|Heavy-Duty Boots|[from] move: Knock Off|[of] p2a: Yveltal
|
|upkeep
|turn|2
|j| Ruthless mom
|inactive|paolode99神秘 has 270 seconds left.
|
|t:|1661531544
|move|p1a: Yveltal|Knock Off|p2a: Yveltal
|-resisted|p2a: Yveltal
|-damage|p2a: Yveltal|76/100
|-enditem|p2a: Yveltal|Heavy-Duty Boots|[from] move: Knock Off|[of] p1a: Yveltal
|move|p2a: Yveltal|U-turn|p1a: Yveltal
|-damage|p1a: Yveltal|56/100
|c| Ruthless mom|la tension est à son comble
|inactive|paolode99神秘 has 240 seconds left.
|
|t:|1661531590
|switch|p2a: Darmanitan|Darmanitan-Galar, M|100/100|[from]move: U-turn
|
|upkeep
|turn|3
|j| RichardMillePlain
|
|t:|1661531619
|move|p2a: Darmanitan|Flare Blitz|p1a: Yveltal
|-damage|p1a: Yveltal|0 fnt
|faint|p1a: Yveltal
|-damage|p2a: Darmanitan|80/100|[from] Recoil
|
|upkeep
|
|t:|1661531631
|switch|p1a: Palkia|Palkia, shiny|100/100
|-ability|p1a: Palkia|Pressure
|turn|4
|l| Ruthless mom
|inactive|paolode99神秘 has 210 seconds left.
|
|t:|1661531668
|switch|p2a: Necrozma|Necrozma-Dusk-Mane|100/100
|move|p1a: Palkia|Substitute|p1a: Palkia
|-start|p1a: Palkia|Substitute
|-damage|p1a: Palkia|76/100
|
|-heal|p1a: Palkia|82/100|[from] item: Leftovers
|upkeep
|turn|5
|inactive|paolode99神秘 has 180 seconds left.
|
|t:|1661531703
|switch|p2a: Zarude|Zarude-Dada|100/100
|move|p1a: Palkia|Bulk Up|p1a: Palkia
|-boost|p1a: Palkia|atk|1
|-boost|p1a: Palkia|def|1
|
|-heal|p1a: Palkia|88/100|[from] item: Leftovers
|upkeep
|turn|6
|inactive|paolode99神秘 has 180 seconds left.
|
|t:|1661531716
|move|p1a: Palkia|Scale Shot|p2a: Zarude
|-damage|p2a: Zarude|90/100
|-damage|p2a: Zarude|82/100
|-hitcount|p2a: Zarude|2
|-unboost|p1a: Palkia|def|1
|-boost|p1a: Palkia|spe|1
|move|p2a: Zarude|Bulk Up|p2a: Zarude
|-boost|p2a: Zarude|atk|1
|-boost|p2a: Zarude|def|1
|
|-heal|p1a: Palkia|94/100|[from] item: Leftovers
|-heal|p2a: Zarude|88/100|[from] item: Leftovers
|upkeep
|turn|7
|j| Ruthless mom
|c| Ruthless mom|Le duel tant attendu
|inactive|paolode99神秘 has 180 seconds left.
|c| Ruthless mom|Bulk up Palkia
|
|t:|1661531737
|move|p1a: Palkia|Bulk Up|p1a: Palkia
|-boost|p1a: Palkia|atk|1
|-boost|p1a: Palkia|def|1
|move|p2a: Zarude|Darkest Lariat|p1a: Palkia
|-end|p1a: Palkia|Substitute
|
|-heal|p1a: Palkia|99/100|[from] item: Leftovers
|-heal|p2a: Zarude|94/100|[from] item: Leftovers
|upkeep
|turn|8
|c| Ruthless mom|Vs Zarude
|
|t:|1661531746
|move|p1a: Palkia|Scale Shot|p2a: Zarude
|-damage|p2a: Zarude|85/100
|-damage|p2a: Zarude|77/100
|-hitcount|p2a: Zarude|2
|-unboost|p1a: Palkia|def|1
|-boost|p1a: Palkia|spe|1
|move|p2a: Zarude|Bulk Up|p2a: Zarude
|-boost|p2a: Zarude|atk|1
|-boost|p2a: Zarude|def|1
|
|-heal|p1a: Palkia|100/100|[from] item: Leftovers
|-heal|p2a: Zarude|83/100|[from] item: Leftovers
|upkeep
|turn|9
|
|t:|1661531757
|switch|p1a: Zygarde|Zygarde|100/100
|move|p2a: Zarude|Darkest Lariat|p1a: Zygarde
|-damage|p1a: Zygarde|53/100
|
|-heal|p1a: Zygarde|59/100|[from] item: Leftovers
|-heal|p2a: Zarude|90/100|[from] item: Leftovers
|upkeep
|turn|10
|inactive|paolode99神秘 has 180 seconds left.
|
|t:|1661531788
|move|p1a: Zygarde|Glare|p2a: Zarude
|-status|p2a: Zarude|par
|move|p2a: Zarude|Power Whip|p1a: Zygarde
|-damage|p1a: Zygarde|0 fnt
|faint|p1a: Zygarde
|
|-heal|p2a: Zarude|96/100 par|[from] item: Leftovers
|upkeep
|
|t:|1661531800
|switch|p1a: Necrozma|Necrozma-Dusk-Mane, shiny|100/100
|turn|11
|l| RichardMillePlain
|j| RichardMillePlain
|j| Eledyr
|inactive|paolode99神秘 has 150 seconds left.
|
|t:|1661531837
|move|p1a: Necrozma|Iron Head|p2a: Zarude
|-damage|p2a: Zarude|84/100 par
|cant|p2a: Zarude|par
|
|-heal|p2a: Zarude|90/100 par|[from] item: Leftovers
|upkeep
|turn|12
|
|t:|1661531848
|move|p1a: Necrozma|Iron Head|p2a: Zarude
|-crit|p2a: Zarude
|-damage|p2a: Zarude|52/100 par
|cant|p2a: Zarude|par
|
|-heal|p2a: Zarude|58/100 par|[from] item: Leftovers
|upkeep
|turn|13
|
|t:|1661531852
|move|p1a: Necrozma|Iron Head|p2a: Zarude
|-damage|p2a: Zarude|45/100 par
|cant|p2a: Zarude|flinch
|
|-heal|p2a: Zarude|51/100 par|[from] item: Leftovers
|upkeep
|turn|14
|
|t:|1661531859
|move|p1a: Necrozma|Iron Head|p2a: Zarude
|-damage|p2a: Zarude|38/100 par
|move|p2a: Zarude|Synthesis|p2a: Zarude
|-heal|p2a: Zarude|88/100 par
|
|-heal|p2a: Zarude|94/100 par|[from] item: Leftovers
|upkeep
|turn|15
|
|t:|1661531870
|move|p1a: Necrozma|Iron Head|p2a: Zarude
|-damage|p2a: Zarude|83/100 par
|cant|p2a: Zarude|flinch
|
|-heal|p2a: Zarude|90/100 par|[from] item: Leftovers
|upkeep
|turn|16
|
|t:|1661531874
|move|p1a: Necrozma|Iron Head|p2a: Zarude
|-damage|p2a: Zarude|78/100 par
|move|p2a: Zarude|Bulk Up|p2a: Zarude
|-boost|p2a: Zarude|atk|1
|-boost|p2a: Zarude|def|1
|
|-heal|p2a: Zarude|84/100 par|[from] item: Leftovers
|upkeep
|turn|17
|
|t:|1661531882
|move|p1a: Necrozma|Iron Head|p2a: Zarude
|-damage|p2a: Zarude|74/100 par
|cant|p2a: Zarude|par
|
|-heal|p2a: Zarude|80/100 par|[from] item: Leftovers
|upkeep
|turn|18
|
|t:|1661531902
|switch|p1a: Calyrex|Calyrex-Shadow|100/100
|-ability|p1a: Calyrex|As One
|-ability|p1a: Calyrex|Unnerve
|move|p2a: Zarude|Bulk Up|p2a: Zarude
|-boost|p2a: Zarude|atk|1
|-boost|p2a: Zarude|def|1
|
|-heal|p2a: Zarude|86/100 par|[from] item: Leftovers
|upkeep
|turn|19
|inactive|paolode99神秘 has 180 seconds left.
|
|t:|1661531929
|move|p1a: Calyrex|Trick|p2a: Zarude
|-activate|p1a: Calyrex|move: Trick|[of] p2a: Zarude
|-item|p2a: Zarude|Choice Scarf|[from] move: Trick
|-item|p1a: Calyrex|Leftovers|[from] move: Trick
|move|p2a: Zarude|Darkest Lariat|p1a: Calyrex
|-supereffective|p1a: Calyrex
|-damage|p1a: Calyrex|0 fnt
|faint|p1a: Calyrex
|
|upkeep
|
|t:|1661531942
|switch|p1a: Palkia|Palkia, shiny|100/100
|-ability|p1a: Palkia|Pressure
|turn|20
|
|t:|1661531946
|move|p1a: Palkia|Substitute|p1a: Palkia
|-start|p1a: Palkia|Substitute
|-damage|p1a: Palkia|76/100
|move|p2a: Zarude|Darkest Lariat|p1a: Palkia
|-end|p1a: Palkia|Substitute
|
|-heal|p1a: Palkia|82/100|[from] item: Leftovers
|upkeep
|turn|21
|
|t:|1661531956
|move|p1a: Palkia|Substitute|p1a: Palkia
|-start|p1a: Palkia|Substitute
|-damage|p1a: Palkia|57/100
|move|p2a: Zarude|Darkest Lariat|p1a: Palkia
|-end|p1a: Palkia|Substitute
|
|-heal|p1a: Palkia|63/100|[from] item: Leftovers
|upkeep
|turn|22
|
|t:|1661531967
|switch|p2a: Darmanitan|Darmanitan-Galar, M|80/100
|move|p1a: Palkia|Substitute|p1a: Palkia
|-start|p1a: Palkia|Substitute
|-damage|p1a: Palkia|38/100
|
|-heal|p1a: Palkia|44/100|[from] item: Leftovers
|upkeep
|turn|23
|
|t:|1661531974
|move|p2a: Darmanitan|Icicle Crash|p1a: Palkia
|-end|p1a: Palkia|Substitute
|move|p1a: Palkia|Liquidation|p2a: Darmanitan
|-damage|p2a: Darmanitan|24/100
|-unboost|p2a: Darmanitan|def|1
|
|-heal|p1a: Palkia|50/100|[from] item: Leftovers
|upkeep
|turn|24
|c| Ruthless mom|???
|
|t:|1661531979
|switch|p1a: Necrozma|Necrozma-Dusk-Mane, shiny|100/100
|move|p2a: Darmanitan|Icicle Crash|p1a: Necrozma
|-resisted|p1a: Necrozma
|-damage|p1a: Necrozma|76/100
|
|upkeep
|turn|25
|inactive|paolode99神秘 has 210 seconds left.
|
|t:|1661531988
|move|p2a: Darmanitan|Icicle Crash|p1a: Necrozma
|-resisted|p1a: Necrozma
|-damage|p1a: Necrozma|51/100
|cant|p1a: Necrozma|flinch
|
|upkeep
|turn|26
|j| Accalmie ♫
|
|t:|1661531994
|move|p2a: Darmanitan|Icicle Crash|p1a: Necrozma
|-resisted|p1a: Necrozma
|-damage|p1a: Necrozma|26/100
|move|p1a: Necrozma|Morning Sun|p1a: Necrozma
|-heal|p1a: Necrozma|76/100
|
|upkeep
|turn|27
|
|t:|1661532000
|switch|p2a: Yveltal|Yveltal|76/100
|-ability|p2a: Yveltal|Dark Aura
|move|p1a: Necrozma|Stealth Rock|p2a: Yveltal
|-sidestart|p2: paolode99神秘|move: Stealth Rock
|
|upkeep
|turn|28
|
|t:|1661532005
|move|p2a: Yveltal|Defog|p1a: Necrozma
|-unboost|p1a: Necrozma|evasion|1
|-sideend|p2: paolode99神秘|Stealth Rock|[from] move: Defog|[of] p2a: Yveltal
|move|p1a: Necrozma|Thunder Wave|p2a: Yveltal
|-status|p2a: Yveltal|par
|
|upkeep
|turn|29
|
|t:|1661532009
|move|p1a: Necrozma|Stealth Rock|p2a: Yveltal
|-sidestart|p2: paolode99神秘|move: Stealth Rock
|move|p2a: Yveltal|Knock Off|p1a: Necrozma
|-supereffective|p1a: Necrozma
|-enditem|p1a: Necrozma|Colbur Berry|[eat]
|-enditem|p1a: Necrozma|Colbur Berry|[weaken]
|-damage|p1a: Necrozma|46/100
|
|upkeep
|turn|30
|
|t:|1661532013
|move|p1a: Necrozma|Iron Head|p2a: Yveltal
|-damage|p2a: Yveltal|44/100 par
|cant|p2a: Yveltal|par
|
|upkeep
|turn|31
|
|t:|1661532017
|move|p1a: Necrozma|Iron Head|p2a: Yveltal
|-damage|p2a: Yveltal|5/100 par
|move|p2a: Yveltal|Roost|p2a: Yveltal
|-heal|p2a: Yveltal|55/100 par
|-singleturn|p2a: Yveltal|move: Roost
|
|upkeep
|turn|32
|
|t:|1661532021
|move|p1a: Necrozma|Iron Head|p2a: Yveltal
|-damage|p2a: Yveltal|19/100 par
|move|p2a: Yveltal|Defog|p1a: Necrozma
|-unboost|p1a: Necrozma|evasion|1
|-sideend|p2: paolode99神秘|Stealth Rock|[from] move: Defog|[of] p2a: Yveltal
|
|upkeep
|turn|33
|inactive|paolode99神秘 has 270 seconds left.
|
|t:|1661532027
|move|p1a: Necrozma|Stealth Rock|p2a: Yveltal
|-sidestart|p2: paolode99神秘|move: Stealth Rock
|move|p2a: Yveltal|Roost|p2a: Yveltal
|-heal|p2a: Yveltal|69/100 par
|-singleturn|p2a: Yveltal|move: Roost
|
|upkeep
|turn|34
|
|t:|1661532031
|move|p1a: Necrozma|Iron Head|p2a: Yveltal
|-damage|p2a: Yveltal|36/100 par
|move|p2a: Yveltal|Roost|p2a: Yveltal
|-heal|p2a: Yveltal|86/100 par
|-singleturn|p2a: Yveltal|move: Roost
|
|upkeep
|turn|35
|
|t:|1661532037
|move|p1a: Necrozma|Iron Head|p2a: Yveltal
|-damage|p2a: Yveltal|48/100 par
|cant|p2a: Yveltal|flinch
|
|upkeep
|turn|36
|l| RichardMillePlain
|
|t:|1661532042
|move|p1a: Necrozma|Iron Head|p2a: Yveltal
|-damage|p2a: Yveltal|15/100 par
|cant|p2a: Yveltal|flinch
|
|upkeep
|turn|37
|
|t:|1661532048
|move|p1a: Necrozma|Iron Head|p2a: Yveltal
|-damage|p2a: Yveltal|0 fnt
|faint|p2a: Yveltal
|
|upkeep
|inactive|paolode99神秘 has 270 seconds left.
|
|t:|1661532092
|switch|p2a: Rayquaza|Rayquaza|100/100
|-damage|p2a: Rayquaza|76/100|[from] Stealth Rock
|-ability|p2a: Rayquaza|Air Lock
|turn|38
|
|t:|1661532104
|move|p2a: Rayquaza|Earthquake|p1a: Necrozma
|-supereffective|p1a: Necrozma
|-damage|p1a: Necrozma|0 fnt
|faint|p1a: Necrozma
|
|upkeep
|
|t:|1661532107
|switch|p1a: Palkia|Palkia, shiny|50/100
|-ability|p1a: Palkia|Pressure
|turn|39
|j| RichardMillePlain
|
|t:|1661532116
|switch|p2a: Darmanitan|Darmanitan-Galar, M|24/100
|-damage|p2a: Darmanitan|0 fnt|[from] Stealth Rock
|faint|p2a: Darmanitan
|move|p1a: Palkia|Scale Shot|p2: Darmanitan|[notarget]
|-fail|p1a: Palkia
|
|-heal|p1a: Palkia|56/100|[from] item: Leftovers
|upkeep
|
|t:|1661532119
|switch|p2a: Eternatus|Eternatus|100/100
|-damage|p2a: Eternatus|88/100|[from] Stealth Rock
|-ability|p2a: Eternatus|Pressure
|turn|40
|
|t:|1661532124
|move|p2a: Eternatus|Dynamax Cannon|p1a: Palkia
|-supereffective|p1a: Palkia
|-damage|p1a: Palkia|0 fnt
|faint|p1a: Palkia
|
|upkeep
|
|t:|1661532126
|switch|p1a: Kyogre|Kyogre|100/100
|-weather|RainDance|[from] ability: Drizzle|[of] p1a: Kyogre
|turn|41
|
|t:|1661532131
|move|p2a: Eternatus|Toxic|p1a: Kyogre
|-status|p1a: Kyogre|tox
|move|p1a: Kyogre|Block|p2a: Eternatus
|-activate|p2a: Eternatus|trapped
|
|-weather|RainDance|[upkeep]
|-damage|p1a: Kyogre|94/100 tox|[from] psn
|upkeep
|turn|42
|
|t:|1661532137
|move|p2a: Eternatus|Dynamax Cannon|p1a: Kyogre
|-damage|p1a: Kyogre|61/100 tox
|move|p1a: Kyogre|Calm Mind|p1a: Kyogre
|-boost|p1a: Kyogre|spa|1
|-boost|p1a: Kyogre|spd|1
|
|-weather|RainDance|[upkeep]
|-damage|p1a: Kyogre|49/100 tox|[from] psn
|upkeep
|turn|43
|
|t:|1661532142
|move|p2a: Eternatus|Mystical Fire|p1a: Kyogre
|-resisted|p1a: Kyogre
|-damage|p1a: Kyogre|47/100 tox
|-unboost|p1a: Kyogre|spa|1
|move|p1a: Kyogre|Rest|p1a: Kyogre
|-status|p1a: Kyogre|slp|[from] move: Rest
|-heal|p1a: Kyogre|100/100 slp|[silent]
|
|-weather|RainDance|[upkeep]
|upkeep
|turn|44
|
|t:|1661532148
|move|p2a: Eternatus|Dynamax Cannon|p1a: Kyogre
|-damage|p1a: Kyogre|76/100 slp
|cant|p1a: Kyogre|slp
|
|-weather|RainDance|[upkeep]
|upkeep
|turn|45
|
|t:|1661532152
|move|p2a: Eternatus|Dynamax Cannon|p1a: Kyogre
|-damage|p1a: Kyogre|53/100 slp
|cant|p1a: Kyogre|slp
|
|-weather|none
|upkeep
|turn|46
|
|t:|1661532160
|move|p2a: Eternatus|Dynamax Cannon|p1a: Kyogre
|-damage|p1a: Kyogre|31/100 slp
|-curestatus|p1a: Kyogre|slp|[msg]
|move|p1a: Kyogre|Rest|p1a: Kyogre
|-status|p1a: Kyogre|slp|[from] move: Rest
|-heal|p1a: Kyogre|100/100 slp|[silent]
|
|upkeep
|turn|47
|
|t:|1661532165
|move|p2a: Eternatus|Mystical Fire|p1a: Kyogre
|-resisted|p1a: Kyogre
|-damage|p1a: Kyogre|94/100 slp
|-unboost|p1a: Kyogre|spa|1
|cant|p1a: Kyogre|slp
|
|upkeep
|turn|48
|
|t:|1661532169
|move|p2a: Eternatus|Mystical Fire|p1a: Kyogre
|-resisted|p1a: Kyogre
|-damage|p1a: Kyogre|89/100 slp
|-unboost|p1a: Kyogre|spa|1
|cant|p1a: Kyogre|slp
|
|upkeep
|turn|49
|
|t:|1661532172
|move|p2a: Eternatus|Mystical Fire|p1a: Kyogre
|-resisted|p1a: Kyogre
|-damage|p1a: Kyogre|84/100 slp
|-unboost|p1a: Kyogre|spa|1
|-curestatus|p1a: Kyogre|slp|[msg]
|move|p1a: Kyogre|Calm Mind|p1a: Kyogre
|-boost|p1a: Kyogre|spa|1
|-boost|p1a: Kyogre|spd|1
|
|upkeep
|turn|50
|
|t:|1661532179
|move|p2a: Eternatus|Mystical Fire|p1a: Kyogre
|-resisted|p1a: Kyogre
|-damage|p1a: Kyogre|80/100
|-unboost|p1a: Kyogre|spa|1
|move|p1a: Kyogre|Calm Mind|p1a: Kyogre
|-boost|p1a: Kyogre|spa|1
|-boost|p1a: Kyogre|spd|1
|
|upkeep
|turn|51
|
|t:|1661532184
|move|p2a: Eternatus|Mystical Fire|p1a: Kyogre
|-resisted|p1a: Kyogre
|-damage|p1a: Kyogre|76/100
|-unboost|p1a: Kyogre|spa|1
|move|p1a: Kyogre|Calm Mind|p1a: Kyogre
|-boost|p1a: Kyogre|spa|1
|-boost|p1a: Kyogre|spd|1
|
|upkeep
|turn|52
|
|t:|1661532188
|move|p2a: Eternatus|Toxic|p1a: Kyogre
|-status|p1a: Kyogre|tox
|move|p1a: Kyogre|Calm Mind|p1a: Kyogre
|-boost|p1a: Kyogre|spa|1
|-boost|p1a: Kyogre|spd|1
|
|-damage|p1a: Kyogre|70/100 tox|[from] psn
|upkeep
|turn|53
|l| Ruthless mom
|
|t:|1661532208
|move|p2a: Eternatus|Recover|p2a: Eternatus
|-heal|p2a: Eternatus|100/100
|move|p1a: Kyogre|Rest|p1a: Kyogre
|-status|p1a: Kyogre|slp|[from] move: Rest
|-heal|p1a: Kyogre|100/100 slp|[silent]
|
|upkeep
|turn|54
|
|t:|1661532223
|move|p2a: Eternatus|Toxic||[still]
|-fail|p2a: Eternatus
|cant|p1a: Kyogre|slp
|
|upkeep
|turn|55
|
|t:|1661532231
|move|p2a: Eternatus|Toxic||[still]
|-fail|p2a: Eternatus
|cant|p1a: Kyogre|slp
|
|upkeep
|turn|56
|
|t:|1661532244
|move|p2a: Eternatus|Recover||[still]
|-fail|p2a: Eternatus|heal
|-curestatus|p1a: Kyogre|slp|[msg]
|move|p1a: Kyogre|Block||[still]
|-fail|p1a: Kyogre
|
|upkeep
|turn|57
|
|t:|1661532251
|move|p2a: Eternatus|Recover||[still]
|-fail|p2a: Eternatus|heal
|move|p1a: Kyogre|Block||[still]
|-fail|p1a: Kyogre
|
|upkeep
|turn|58
|
|t:|1661532254
|move|p2a: Eternatus|Recover||[still]
|-fail|p2a: Eternatus|heal
|move|p1a: Kyogre|Block||[still]
|-fail|p1a: Kyogre
|
|upkeep
|turn|59
|
|t:|1661532258
|move|p2a: Eternatus|Dynamax Cannon|p1a: Kyogre
|-damage|p1a: Kyogre|91/100
|move|p1a: Kyogre|Calm Mind|p1a: Kyogre
|-boost|p1a: Kyogre|spa|1
|-boost|p1a: Kyogre|spd|1
|
|upkeep
|turn|60
|
|t:|1661532270
|move|p2a: Eternatus|Toxic|p1a: Kyogre
|-status|p1a: Kyogre|tox
|move|p1a: Kyogre|Scald|p2a: Eternatus
|-resisted|p2a: Eternatus
|-damage|p2a: Eternatus|89/100
|-status|p2a: Eternatus|brn
|
|-damage|p1a: Kyogre|85/100 tox|[from] psn
|-damage|p2a: Eternatus|83/100 brn|[from] brn
|upkeep
|turn|61
|
|t:|1661532278
|move|p2a: Eternatus|Mystical Fire|p1a: Kyogre
|-resisted|p1a: Kyogre
|-damage|p1a: Kyogre|82/100 tox
|-unboost|p1a: Kyogre|spa|1
|move|p1a: Kyogre|Rest|p1a: Kyogre
|-status|p1a: Kyogre|slp|[from] move: Rest
|-heal|p1a: Kyogre|100/100 slp|[silent]
|
|-damage|p2a: Eternatus|77/100 brn|[from] brn
|upkeep
|turn|62
|
|t:|1661532285
|move|p2a: Eternatus|Recover|p2a: Eternatus
|-heal|p2a: Eternatus|100/100 brn
|cant|p1a: Kyogre|slp
|
|-damage|p2a: Eternatus|94/100 brn|[from] brn
|upkeep
|turn|63
|
|t:|1661532289
|move|p2a: Eternatus|Recover|p2a: Eternatus
|-heal|p2a: Eternatus|100/100 brn
|cant|p1a: Kyogre|slp
|
|-damage|p2a: Eternatus|94/100 brn|[from] brn
|upkeep
|turn|64
|
|t:|1661532295
|move|p2a: Eternatus|Recover|p2a: Eternatus
|-heal|p2a: Eternatus|100/100 brn
|-curestatus|p1a: Kyogre|slp|[msg]
|move|p1a: Kyogre|Rest|p1a: Kyogre
|-fail|p1a: Kyogre|heal
|
|-damage|p2a: Eternatus|94/100 brn|[from] brn
|upkeep
|turn|65
|
|t:|1661532299
|move|p2a: Eternatus|Recover|p2a: Eternatus
|-heal|p2a: Eternatus|100/100 brn
|move|p1a: Kyogre|Calm Mind|p1a: Kyogre
|-boost|p1a: Kyogre|spa|1
|-boost|p1a: Kyogre|spd|0
|
|-damage|p2a: Eternatus|94/100 brn|[from] brn
|upkeep
|turn|66
|
|t:|1661532303
|move|p2a: Eternatus|Dynamax Cannon|p1a: Kyogre
|-damage|p1a: Kyogre|92/100
|move|p1a: Kyogre|Scald|p2a: Eternatus
|-resisted|p2a: Eternatus
|-damage|p2a: Eternatus|83/100 brn
|
|-damage|p2a: Eternatus|77/100 brn|[from] brn
|upkeep
|turn|67
|
|t:|1661532309
|move|p2a: Eternatus|Recover|p2a: Eternatus
|-heal|p2a: Eternatus|100/100 brn
|move|p1a: Kyogre|Calm Mind|p1a: Kyogre
|-boost|p1a: Kyogre|spa|1
|-boost|p1a: Kyogre|spd|0
|
|-damage|p2a: Eternatus|94/100 brn|[from] brn
|upkeep
|turn|68
|
|t:|1661532316
|move|p2a: Eternatus|Recover|p2a: Eternatus
|-heal|p2a: Eternatus|100/100 brn
|move|p1a: Kyogre|Rest|p1a: Kyogre
|-status|p1a: Kyogre|slp|[from] move: Rest
|-heal|p1a: Kyogre|100/100 slp|[silent]
|
|-damage|p2a: Eternatus|94/100 brn|[from] brn
|upkeep
|turn|69
|
|t:|1661532320
|move|p2a: Eternatus|Mystical Fire|p1a: Kyogre
|-resisted|p1a: Kyogre
|-damage|p1a: Kyogre|98/100 slp
|-unboost|p1a: Kyogre|spa|1
|cant|p1a: Kyogre|slp
|
|-damage|p2a: Eternatus|88/100 brn|[from] brn
|upkeep
|turn|70
|
|t:|1661532325
|move|p2a: Eternatus|Recover|p2a: Eternatus
|-heal|p2a: Eternatus|100/100 brn
|cant|p1a: Kyogre|slp
|
|-damage|p2a: Eternatus|94/100 brn|[from] brn
|upkeep
|turn|71
|
|t:|1661532333
|move|p2a: Eternatus|Recover|p2a: Eternatus
|-heal|p2a: Eternatus|100/100 brn
|-curestatus|p1a: Kyogre|slp|[msg]
|move|p1a: Kyogre|Calm Mind|p1a: Kyogre
|-boost|p1a: Kyogre|spa|1
|-boost|p1a: Kyogre|spd|0
|
|-damage|p2a: Eternatus|94/100 brn|[from] brn
|upkeep
|turn|72
|
|t:|1661532340
|move|p2a: Eternatus|Recover|p2a: Eternatus
|-heal|p2a: Eternatus|100/100 brn
|move|p1a: Kyogre|Calm Mind|p1a: Kyogre
|-boost|p1a: Kyogre|spa|1
|-boost|p1a: Kyogre|spd|0
|
|-damage|p2a: Eternatus|94/100 brn|[from] brn
|upkeep
|turn|73
|
|t:|1661532345
|move|p2a: Eternatus|Recover|p2a: Eternatus
|-heal|p2a: Eternatus|100/100 brn
|move|p1a: Kyogre|Calm Mind|p1a: Kyogre
|-boost|p1a: Kyogre|spa|1
|-boost|p1a: Kyogre|spd|0
|
|-damage|p2a: Eternatus|94/100 brn|[from] brn
|upkeep
|turn|74
|j| Ruthless mom
|
|t:|1661532349
|move|p2a: Eternatus|Recover|p2a: Eternatus
|-heal|p2a: Eternatus|100/100 brn
|move|p1a: Kyogre|Calm Mind|p1a: Kyogre
|-boost|p1a: Kyogre|spa|1
|-boost|p1a: Kyogre|spd|0
|
|-damage|p2a: Eternatus|94/100 brn|[from] brn
|upkeep
|turn|75
|
|t:|1661532352
|move|p2a: Eternatus|Recover|p2a: Eternatus
|-heal|p2a: Eternatus|100/100 brn
|move|p1a: Kyogre|Calm Mind|p1a: Kyogre
|-boost|p1a: Kyogre|spa|1
|-boost|p1a: Kyogre|spd|0
|
|-damage|p2a: Eternatus|94/100 brn|[from] brn
|upkeep
|turn|76
|
|t:|1661532356
|move|p2a: Eternatus|Toxic|p1a: Kyogre
|-status|p1a: Kyogre|tox
|move|p1a: Kyogre|Scald|p2a: Eternatus
|-resisted|p2a: Eternatus
|-damage|p2a: Eternatus|56/100 brn
|
|-damage|p1a: Kyogre|92/100 tox|[from] psn
|-damage|p2a: Eternatus|50/100 brn|[from] brn
|upkeep
|-enditem|p2a: Eternatus|Sitrus Berry|[eat]
|-heal|p2a: Eternatus|75/100 brn|[from] item: Sitrus Berry
|turn|77
|
|t:|1661532364
|move|p2a: Eternatus|Mystical Fire|p1a: Kyogre
|-resisted|p1a: Kyogre
|-damage|p1a: Kyogre|90/100 tox
|-unboost|p1a: Kyogre|spa|1
|move|p1a: Kyogre|Rest|p1a: Kyogre
|-status|p1a: Kyogre|slp|[from] move: Rest
|-heal|p1a: Kyogre|100/100 slp|[silent]
|
|-damage|p2a: Eternatus|68/100 brn|[from] brn
|upkeep
|turn|78
|l| Ruthless mom
|
|t:|1661532367
|move|p2a: Eternatus|Mystical Fire|p1a: Kyogre
|-resisted|p1a: Kyogre
|-damage|p1a: Kyogre|98/100 slp
|-unboost|p1a: Kyogre|spa|1
|cant|p1a: Kyogre|slp
|
|-damage|p2a: Eternatus|62/100 brn|[from] brn
|upkeep
|turn|79
|j| Maybca☆〜ゝ。∂
|
|t:|1661532372
|move|p2a: Eternatus|Toxic||[still]
|-fail|p2a: Eternatus
|cant|p1a: Kyogre|slp
|
|-damage|p2a: Eternatus|56/100 brn|[from] brn
|upkeep
|turn|80
|
|t:|1661532377
|move|p2a: Eternatus|Toxic||[still]
|-fail|p2a: Eternatus
|-curestatus|p1a: Kyogre|slp|[msg]
|move|p1a: Kyogre|Calm Mind|p1a: Kyogre
|-boost|p1a: Kyogre|spa|1
|-boost|p1a: Kyogre|spd|0
|
|-damage|p2a: Eternatus|50/100 brn|[from] brn
|upkeep
|turn|81
|
|t:|1661532382
|move|p2a: Eternatus|Toxic|p1a: Kyogre
|-status|p1a: Kyogre|tox
|move|p1a: Kyogre|Scald|p2a: Eternatus
|-resisted|p2a: Eternatus
|-damage|p2a: Eternatus|18/100 brn
|
|-damage|p1a: Kyogre|92/100 tox|[from] psn
|-damage|p2a: Eternatus|12/100 brn|[from] brn
|upkeep
|turn|82
|j| Ruthless mom
|
|t:|1661532390
|move|p2a: Eternatus|Mystical Fire|p1a: Kyogre
|-resisted|p1a: Kyogre
|-damage|p1a: Kyogre|90/100 tox
|-unboost|p1a: Kyogre|spa|1
|move|p1a: Kyogre|Rest|p1a: Kyogre
|-status|p1a: Kyogre|slp|[from] move: Rest
|-heal|p1a: Kyogre|100/100 slp|[silent]
|
|-damage|p2a: Eternatus|6/100 brn|[from] brn
|upkeep
|turn|83
|
|t:|1661532396
|move|p2a: Eternatus|Mystical Fire|p1a: Kyogre
|-resisted|p1a: Kyogre
|-damage|p1a: Kyogre|98/100 slp
|-unboost|p1a: Kyogre|spa|1
|cant|p1a: Kyogre|slp
|
|-damage|p2a: Eternatus|0 fnt|[from] brn
|faint|p2a: Eternatus
|upkeep
|l| Maybca☆〜ゝ。∂
|l| Ruthless mom
|
|t:|1661532406
|switch|p2a: Zarude|Zarude-Dada|86/100 par
|-damage|p2a: Zarude|74/100 par|[from] Stealth Rock
|turn|84
|
|t:|1661532412
|cant|p1a: Kyogre|slp
|cant|p2a: Zarude|par
|
|upkeep
|turn|85
|
|t:|1661532418
|-curestatus|p1a: Kyogre|slp|[msg]
|move|p1a: Kyogre|Scald|p2a: Zarude
|-resisted|p2a: Zarude
|-damage|p2a: Zarude|43/100 par
|move|p2a: Zarude|Power Whip|p1a: Kyogre
|-supereffective|p1a: Kyogre
|-damage|p1a: Kyogre|32/100
|
|upkeep
|turn|86
|j| Ruthless mom
|
|t:|1661532427
|move|p1a: Kyogre|Rest|p1a: Kyogre
|-status|p1a: Kyogre|slp|[from] move: Rest
|-heal|p1a: Kyogre|100/100 slp|[silent]
|cant|p2a: Zarude|par
|
|upkeep
|turn|87
|
|t:|1661532430
|cant|p1a: Kyogre|slp
|move|p2a: Zarude|Power Whip|p1a: Kyogre
|-supereffective|p1a: Kyogre
|-damage|p1a: Kyogre|28/100 slp
|
|upkeep
|turn|88
|l| Ruthless mom
|
|t:|1661532433
|cant|p1a: Kyogre|slp
|cant|p2a: Zarude|par
|
|upkeep
|turn|89
|
|t:|1661532449
|-curestatus|p1a: Kyogre|slp|[msg]
|move|p1a: Kyogre|Scald|p2a: Zarude
|-resisted|p2a: Zarude
|-damage|p2a: Zarude|6/100 par
|move|p2a: Zarude|Power Whip|p1a: Kyogre
|-supereffective|p1a: Kyogre
|-damage|p1a: Kyogre|0 fnt
|faint|p1a: Kyogre
|
|win|paolode99神秘
|c|☆paolode99神秘|ggs
|j| Ruthless mom
|c|☆Zenadark|ggd
|l| RichardMillePlain
|l| Ruthless mom
|l|☆paolode99神秘
