|j|☆Miss. Lovix_Rouse❣
|j|☆Dark★Shionツ
|t:|1667586946
|gametype|singles
|player|p1|Miss. Lovix_Rouse❣|parasollady-gen4|
|player|p2|Dark★Shionツ|yellow|
|teamsize|p1|6
|teamsize|p2|6
|gen|8
|tier|[Gen 8] Ubers
|rated|Tournament battle
|rule|Sleep Clause Mod: Limit one foe put to sleep
|rule|Species Clause: Limit one of each Pokémon
|rule|OHKO Clause: OHKO moves are banned
|rule|Evasion Items Clause: Evasion items are banned
|rule|Evasion Moves Clause: Evasion moves are banned
|rule|Endless Battle Clause: Forcing endless battles is banned
|rule|HP Percentage Mod: HP is shown in percentages
|rule|Dynamax Clause: You cannot dynamax
|clearpoke
|poke|p1|Chansey, F|
|poke|p1|Xerneas-*|
|poke|p1|Necrozma-Dusk-Mane|
|poke|p1|Yveltal|
|poke|p1|Zamazenta-*|
|poke|p1|Eternatus|
|poke|p2|Kyogre|
|poke|p2|Yveltal|
|poke|p2|Eternatus|
|poke|p2|Necrozma-Dusk-Mane|
|poke|p2|Groudon|
|poke|p2|Xerneas-*|
|teampreview
|c|☆Dark★Shionツ|Hf
|j| mrdarkcyber
|
|t:|1667587000
|start
|switch|p1a: Yveltal|Yveltal, shiny|100/100
|switch|p2a: Groudon|Groudon|100/100
|-ability|p1a: Yveltal|Dark Aura
|-weather|SunnyDay|[from] ability: Drought|[of] p2a: Groudon
|turn|1
|
|t:|1667587011
|switch|p2a: Xerneas|Xerneas|100/100
|-ability|p2a: Xerneas|Fairy Aura
|move|p1a: Yveltal|U-turn|p2a: Xerneas
|-resisted|p2a: Xerneas
|-damage|p2a: Xerneas|93/100
|-damage|p1a: Yveltal|84/100|[from] item: Rocky Helmet|[of] p2a: Xerneas
|
|t:|1667587018
|switch|p1a: Necrozma|Necrozma-Dusk-Mane|100/100|[from]move: U-turn
|
|-weather|SunnyDay|[upkeep]
|upkeep
|turn|2
|
|t:|1667587028
|switch|p2a: Yveltal|Yveltal|100/100
|-ability|p2a: Yveltal|Dark Aura
|move|p1a: Necrozma|Stealth Rock|p2a: Yveltal
|-sidestart|p2: Dark★Shionツ|move: Stealth Rock
|
|-weather|SunnyDay|[upkeep]
|upkeep
|turn|3
|
|t:|1667587035
|switch|p1a: Zamazenta|Zamazenta-Crowned, shiny|100/100
|-ability|p1a: Zamazenta|Dauntless Shield|boost
|-boost|p1a: Zamazenta|def|1
|move|p2a: Yveltal|Defog|p1a: Zamazenta
|-unboost|p1a: Zamazenta|evasion|1
|-sideend|p2: Dark★Shionツ|Stealth Rock|[from] move: Defog|[of] p2a: Yveltal
|
|-weather|SunnyDay|[upkeep]
|upkeep
|turn|4
|
|t:|1667587045
|move|p1a: Zamazenta|Howl|p1a: Zamazenta
|-boost|p1a: Zamazenta|atk|1
|move|p2a: Yveltal|U-turn|p1a: Zamazenta
|-resisted|p1a: Zamazenta
|-damage|p1a: Zamazenta|98/100
|
|t:|1667587047
|switch|p2a: Necrozma|Necrozma-Dusk-Mane|100/100|[from]move: U-turn
|
|-weather|SunnyDay|[upkeep]
|upkeep
|turn|5
|
|t:|1667587053
|move|p1a: Zamazenta|Close Combat|p2a: Necrozma
|-damage|p2a: Necrozma|30/100
|-unboost|p1a: Zamazenta|def|1
|-unboost|p1a: Zamazenta|spd|1
|move|p2a: Necrozma|Thunder Wave|p1a: Zamazenta
|-status|p1a: Zamazenta|par
|
|-weather|none
|-heal|p2a: Necrozma|36/100|[from] item: Leftovers
|upkeep
|turn|6
|
|t:|1667587062
|move|p2a: Necrozma|Morning Sun|p2a: Necrozma
|-heal|p2a: Necrozma|86/100
|move|p1a: Zamazenta|Close Combat|p2a: Necrozma
|-damage|p2a: Necrozma|8/100
|-unboost|p1a: Zamazenta|def|1
|-unboost|p1a: Zamazenta|spd|1
|
|-heal|p2a: Necrozma|14/100|[from] item: Leftovers
|upkeep
|turn|7
|
|t:|1667587075
|move|p2a: Necrozma|Stealth Rock|p1a: Zamazenta
|-sidestart|p1: Miss. Lovix_Rouse❣|move: Stealth Rock
|move|p1a: Zamazenta|Close Combat|p2a: Necrozma
|-damage|p2a: Necrozma|0 fnt
|-unboost|p1a: Zamazenta|def|1
|-unboost|p1a: Zamazenta|spd|1
|faint|p2a: Necrozma
|
|upkeep
|inactive|Battle timer is ON: inactive players will automatically lose when time's up. (requested by Miss. Lovix_Rouse❣)
|
|t:|1667587078
|switch|p2a: Groudon|Groudon|100/100
|-weather|SunnyDay|[from] ability: Drought|[of] p2a: Groudon
|turn|8
|
|t:|1667587086
|switch|p1a: Xerneas|Xerneas, shiny|100/100
|-damage|p1a: Xerneas|88/100|[from] Stealth Rock
|-ability|p1a: Xerneas|Fairy Aura
|move|p2a: Groudon|Rock Polish|p2a: Groudon
|-boost|p2a: Groudon|spe|2
|
|-weather|SunnyDay|[upkeep]
|-heal|p1a: Xerneas|94/100|[from] item: Leftovers
|upkeep
|turn|9
|
|t:|1667587097
|move|p2a: Groudon|Swords Dance|p2a: Groudon
|-boost|p2a: Groudon|atk|2
|move|p1a: Xerneas|Moonblast|p2a: Groudon
|-damage|p2a: Groudon|43/100
|
|-weather|SunnyDay|[upkeep]
|-heal|p1a: Xerneas|99/100|[from] item: Leftovers
|upkeep
|turn|10
|
|t:|1667587104
|move|p2a: Groudon|Precipice Blades|p1a: Xerneas
|-damage|p1a: Xerneas|0 fnt
|faint|p1a: Xerneas
|-damage|p2a: Groudon|33/100|[from] item: Life Orb
|
|-weather|SunnyDay|[upkeep]
|upkeep
|
|t:|1667587113
|switch|p1a: Yveltal|Yveltal, shiny|84/100
|-damage|p1a: Yveltal|59/100|[from] Stealth Rock
|-ability|p1a: Yveltal|Dark Aura
|turn|11
|
|t:|1667587120
|switch|p2a: Xerneas|Xerneas|93/100
|-ability|p2a: Xerneas|Fairy Aura
|move|p1a: Yveltal|Sucker Punch||[still]
|-fail|p1a: Yveltal
|
|-weather|SunnyDay|[upkeep]
|upkeep
|turn|12
|
|t:|1667587139
|switch|p1a: Necrozma|Necrozma-Dusk-Mane|100/100
|-damage|p1a: Necrozma|94/100|[from] Stealth Rock
|move|p2a: Xerneas|Moonblast|p1a: Necrozma
|-resisted|p1a: Necrozma
|-damage|p1a: Necrozma|78/100
|
|-weather|none
|-heal|p1a: Necrozma|84/100|[from] item: Leftovers
|upkeep
|turn|13
|
|t:|1667587151
|switch|p2a: Yveltal|Yveltal|100/100
|-ability|p2a: Yveltal|Dark Aura
|move|p1a: Necrozma|Stealth Rock|p2a: Yveltal
|-sidestart|p2: Dark★Shionツ|move: Stealth Rock
|
|-heal|p1a: Necrozma|90/100|[from] item: Leftovers
|upkeep
|turn|14
|
|t:|1667587160
|move|p2a: Yveltal|U-turn|p1a: Necrozma
|-damage|p1a: Necrozma|77/100
|
|t:|1667587163
|switch|p2a: Groudon|Groudon|33/100|[from]move: U-turn
|-damage|p2a: Groudon|27/100|[from] Stealth Rock
|-weather|SunnyDay|[from] ability: Drought|[of] p2a: Groudon
|move|p1a: Necrozma|Thunder Wave|p2a: Groudon
|-immune|p2a: Groudon
|
|-weather|SunnyDay|[upkeep]
|-heal|p1a: Necrozma|83/100|[from] item: Leftovers
|upkeep
|turn|15
|j| Random Bullsht
|
|t:|1667587173
|move|p2a: Groudon|Precipice Blades|p1a: Necrozma|[miss]
|-miss|p2a: Groudon|p1a: Necrozma
|move|p1a: Necrozma|Iron Head|p2a: Groudon
|-damage|p2a: Groudon|0 fnt
|faint|p2a: Groudon
|
|-weather|SunnyDay|[upkeep]
|-heal|p1a: Necrozma|89/100|[from] item: Leftovers
|upkeep
|c|☆Dark★Shionツ|,
|
|t:|1667587188
|switch|p2a: Kyogre|Kyogre|100/100
|-damage|p2a: Kyogre|88/100|[from] Stealth Rock
|-weather|RainDance|[from] ability: Drizzle|[of] p2a: Kyogre
|turn|16
|
|t:|1667587194
|switch|p1a: Chansey|Chansey, F|100/100
|-damage|p1a: Chansey|88/100|[from] Stealth Rock
|move|p2a: Kyogre|Block|p1a: Chansey
|-activate|p1a: Chansey|trapped
|
|-weather|RainDance|[upkeep]
|upkeep
|turn|17
|
|t:|1667587203
|move|p2a: Kyogre|Calm Mind|p2a: Kyogre
|-boost|p2a: Kyogre|spa|1
|-boost|p2a: Kyogre|spd|1
|move|p1a: Chansey|Thunder Wave|p2a: Kyogre
|-status|p2a: Kyogre|par
|
|-weather|RainDance|[upkeep]
|upkeep
|turn|18
|
|t:|1667587225
|move|p1a: Chansey|Heal Bell|p1a: Chansey
|-activate|p1a: Chansey|move: Heal Bell
|-curestatus|p1: Zamazenta|par|[msg]
|cant|p2a: Kyogre|par
|
|-weather|RainDance|[upkeep]
|upkeep
|turn|19
|
|t:|1667587232
|move|p1a: Chansey|Soft-Boiled|p1a: Chansey
|-heal|p1a: Chansey|100/100
|cant|p2a: Kyogre|par
|
|-weather|RainDance|[upkeep]
|upkeep
|turn|20
|
|t:|1667587237
|move|p1a: Chansey|Wish|p1a: Chansey
|move|p2a: Kyogre|Calm Mind|p2a: Kyogre
|-boost|p2a: Kyogre|spa|1
|-boost|p2a: Kyogre|spd|1
|
|-weather|none
|upkeep
|turn|21
|
|t:|1667587244
|move|p1a: Chansey|Thunder Wave|p2a: Kyogre
|-fail|p2a: Kyogre|par
|cant|p2a: Kyogre|par
|
|upkeep
|turn|22
|
|t:|1667587249
|move|p1a: Chansey|Thunder Wave|p2a: Kyogre
|-fail|p2a: Kyogre|par
|move|p2a: Kyogre|Calm Mind|p2a: Kyogre
|-boost|p2a: Kyogre|spa|1
|-boost|p2a: Kyogre|spd|1
|
|upkeep
|turn|23
|
|t:|1667587255
|move|p1a: Chansey|Thunder Wave|p2a: Kyogre
|-fail|p2a: Kyogre|par
|cant|p2a: Kyogre|par
|
|upkeep
|turn|24
|
|t:|1667587262
|move|p1a: Chansey|Thunder Wave|p2a: Kyogre
|-fail|p2a: Kyogre|par
|cant|p2a: Kyogre|par
|
|upkeep
|turn|25
|
|t:|1667587267
|move|p1a: Chansey|Thunder Wave|p2a: Kyogre
|-fail|p2a: Kyogre|par
|move|p2a: Kyogre|Calm Mind|p2a: Kyogre
|-boost|p2a: Kyogre|spa|1
|-boost|p2a: Kyogre|spd|1
|
|upkeep
|turn|26
|
|t:|1667587274
|move|p1a: Chansey|Soft-Boiled||[still]
|-fail|p1a: Chansey|heal
|cant|p2a: Kyogre|par
|
|upkeep
|turn|27
|
|t:|1667587278
|move|p1a: Chansey|Thunder Wave|p2a: Kyogre
|-fail|p2a: Kyogre|par
|move|p2a: Kyogre|Calm Mind|p2a: Kyogre
|-boost|p2a: Kyogre|spa|1
|-boost|p2a: Kyogre|spd|1
|
|upkeep
|turn|28
|
|t:|1667587286
|move|p1a: Chansey|Thunder Wave|p2a: Kyogre
|-fail|p2a: Kyogre|par
|move|p2a: Kyogre|Calm Mind|p2a: Kyogre
|-boost|p2a: Kyogre|spa|1
|-boost|p2a: Kyogre|spd|1
|
|upkeep
|turn|29
|
|t:|1667587292
|move|p1a: Chansey|Soft-Boiled||[still]
|-fail|p1a: Chansey|heal
|move|p2a: Kyogre|Scald|p1a: Chansey
|-damage|p1a: Chansey|50/100
|
|upkeep
|turn|30
|
|t:|1667587298
|move|p1a: Chansey|Soft-Boiled|p1a: Chansey
|-heal|p1a: Chansey|99/100
|move|p2a: Kyogre|Scald|p1a: Chansey
|-damage|p1a: Chansey|53/100
|
|upkeep
|turn|31
|
|t:|1667587304
|move|p1a: Chansey|Wish|p1a: Chansey
|move|p2a: Kyogre|Scald|p1a: Chansey
|-damage|p1a: Chansey|2/100
|
|upkeep
|turn|32
|
|t:|1667587310
|move|p1a: Chansey|Soft-Boiled|p1a: Chansey
|-heal|p1a: Chansey|52/100
|move|p2a: Kyogre|Scald|p1a: Chansey
|-damage|p1a: Chansey|2/100
|-status|p1a: Chansey|brn
|
|-heal|p1a: Chansey|52/100 brn|[from] move: Wish|[wisher] Chansey
|-damage|p1a: Chansey|46/100 brn|[from] brn
|upkeep
|turn|33
|
|t:|1667587320
|move|p1a: Chansey|Soft-Boiled|p1a: Chansey
|-heal|p1a: Chansey|96/100 brn
|move|p2a: Kyogre|Rest|p2a: Kyogre
|-status|p2a: Kyogre|slp|[from] move: Rest
|-heal|p2a: Kyogre|100/100 slp|[silent]
|
|-damage|p1a: Chansey|90/100 brn|[from] brn
|upkeep
|turn|34
|
|t:|1667587328
|cant|p2a: Kyogre|slp
|move|p1a: Chansey|Heal Bell|p1a: Chansey
|-activate|p1a: Chansey|move: Heal Bell
|-curestatus|p1a: Chansey|brn|[msg]
|
|upkeep
|turn|35
|
|t:|1667587334
|cant|p2a: Kyogre|slp
|move|p1a: Chansey|Wish|p1a: Chansey
|
|upkeep
|turn|36
|
|t:|1667587339
|-curestatus|p2a: Kyogre|slp|[msg]
|move|p2a: Kyogre|Scald|p1a: Chansey
|-damage|p1a: Chansey|38/100
|-status|p1a: Chansey|brn
|move|p1a: Chansey|Thunder Wave|p2a: Kyogre
|-status|p2a: Kyogre|par
|
|-heal|p1a: Chansey|88/100 brn|[from] move: Wish|[wisher] Chansey
|-damage|p1a: Chansey|82/100 brn|[from] brn
|upkeep
|turn|37
|
|t:|1667587351
|move|p1a: Chansey|Heal Bell|p1a: Chansey
|-activate|p1a: Chansey|move: Heal Bell
|-curestatus|p1a: Chansey|brn|[msg]
|move|p2a: Kyogre|Calm Mind|p2a: Kyogre
|-boost|p2a: Kyogre|spa|0
|-boost|p2a: Kyogre|spd|0
|
|upkeep
|turn|38
|
|t:|1667587357
|move|p1a: Chansey|Wish|p1a: Chansey
|move|p2a: Kyogre|Calm Mind|p2a: Kyogre
|-boost|p2a: Kyogre|spa|0
|-boost|p2a: Kyogre|spd|0
|
|upkeep
|turn|39
|
|t:|1667587366
|move|p1a: Chansey|Wish||[still]
|-fail|p1a: Chansey
|cant|p2a: Kyogre|par
|
|-heal|p1a: Chansey|100/100|[from] move: Wish|[wisher] Chansey
|upkeep
|turn|40
|
|t:|1667587373
|move|p1a: Chansey|Heal Bell||[still]
|-activate|p1a: Chansey|move: Heal Bell
|-fail|p1a: Chansey
|move|p2a: Kyogre|Scald|p1a: Chansey
|-damage|p1a: Chansey|56/100
|
|upkeep
|turn|41
|
|t:|1667587379
|move|p1a: Chansey|Heal Bell||[still]
|-activate|p1a: Chansey|move: Heal Bell
|-fail|p1a: Chansey
|cant|p2a: Kyogre|par
|
|upkeep
|turn|42
|
|t:|1667587386
|move|p1a: Chansey|Heal Bell||[still]
|-activate|p1a: Chansey|move: Heal Bell
|-fail|p1a: Chansey
|cant|p2a: Kyogre|par
|
|upkeep
|turn|43
|
|t:|1667587392
|move|p1a: Chansey|Soft-Boiled|p1a: Chansey
|-heal|p1a: Chansey|100/100
|move|p2a: Kyogre|Scald|p1a: Chansey
|-damage|p1a: Chansey|55/100
|-status|p1a: Chansey|brn
|
|-damage|p1a: Chansey|49/100 brn|[from] brn
|upkeep
|turn|44
|
|t:|1667587401
|move|p1a: Chansey|Soft-Boiled|p1a: Chansey
|-heal|p1a: Chansey|99/100 brn
|cant|p2a: Kyogre|par
|
|-damage|p1a: Chansey|93/100 brn|[from] brn
|upkeep
|turn|45
|
|t:|1667587408
|move|p1a: Chansey|Heal Bell|p1a: Chansey
|-activate|p1a: Chansey|move: Heal Bell
|-curestatus|p1a: Chansey|brn|[msg]
|move|p2a: Kyogre|Scald|p1a: Chansey
|-damage|p1a: Chansey|41/100
|-status|p1a: Chansey|brn
|
|-damage|p1a: Chansey|34/100 brn|[from] brn
|upkeep
|turn|46
|
|t:|1667587417
|move|p1a: Chansey|Soft-Boiled|p1a: Chansey
|-heal|p1a: Chansey|85/100 brn
|move|p2a: Kyogre|Scald|p1a: Chansey
|-damage|p1a: Chansey|37/100 brn
|
|-damage|p1a: Chansey|31/100 brn|[from] brn
|upkeep
|turn|47
|
|t:|1667587425
|move|p1a: Chansey|Soft-Boiled|p1a: Chansey
|-heal|p1a: Chansey|81/100 brn
|move|p2a: Kyogre|Scald|p1a: Chansey
|-damage|p1a: Chansey|36/100 brn
|
|-damage|p1a: Chansey|30/100 brn|[from] brn
|upkeep
|turn|48
|
|t:|1667587432
|move|p1a: Chansey|Wish|p1a: Chansey
|move|p2a: Kyogre|Scald|p1a: Chansey
|-crit|p1a: Chansey
|-damage|p1a: Chansey|0 fnt
|faint|p1a: Chansey
|
|upkeep
|
|t:|1667587440
|switch|p1a: Yveltal|Yveltal, shiny|59/100
|-damage|p1a: Yveltal|34/100|[from] Stealth Rock
|-ability|p1a: Yveltal|Dark Aura
|turn|49
|
|t:|1667587447
|move|p1a: Yveltal|Knock Off|p2a: Kyogre
|-damage|p2a: Kyogre|48/100 par
|-enditem|p2a: Kyogre|Salac Berry|[from] move: Knock Off|[of] p1a: Yveltal
|move|p2a: Kyogre|Rest|p2a: Kyogre
|-status|p2a: Kyogre|slp|[from] move: Rest
|-heal|p2a: Kyogre|100/100 slp|[silent]
|
|-heal|p1a: Yveltal|100/100|[from] move: Wish|[wisher] Chansey
|upkeep
|turn|50
|
|t:|1667587456
|move|p1a: Yveltal|Knock Off|p2a: Kyogre
|-damage|p2a: Kyogre|68/100 slp
|cant|p2a: Kyogre|slp
|
|upkeep
|turn|51
|
|t:|1667587460
|move|p1a: Yveltal|Knock Off|p2a: Kyogre
|-damage|p2a: Kyogre|30/100 slp
|cant|p2a: Kyogre|slp
|
|upkeep
|turn|52
|
|t:|1667587466
|move|p1a: Yveltal|Knock Off|p2a: Kyogre
|-damage|p2a: Kyogre|0 fnt
|faint|p2a: Kyogre
|
|upkeep
|
|t:|1667587476
|switch|p2a: Xerneas|Xerneas|93/100
|-damage|p2a: Xerneas|81/100|[from] Stealth Rock
|-ability|p2a: Xerneas|Fairy Aura
|turn|53
|
|t:|1667587483
|switch|p1a: Necrozma|Necrozma-Dusk-Mane|89/100
|-damage|p1a: Necrozma|83/100|[from] Stealth Rock
|switch|p2a: Yveltal|Yveltal|100/100
|-ability|p2a: Yveltal|Dark Aura
|
|-heal|p1a: Necrozma|89/100|[from] item: Leftovers
|upkeep
|turn|54
|
|t:|1667587493
|switch|p1a: Zamazenta|Zamazenta-Crowned, shiny|98/100
|-damage|p1a: Zamazenta|95/100|[from] Stealth Rock
|-ability|p1a: Zamazenta|Dauntless Shield|boost
|-boost|p1a: Zamazenta|def|1
|move|p2a: Yveltal|U-turn|p1a: Zamazenta
|-resisted|p1a: Zamazenta
|-damage|p1a: Zamazenta|92/100
|
|t:|1667587494
|switch|p2a: Eternatus|Eternatus|100/100|[from]move: U-turn
|-damage|p2a: Eternatus|88/100|[from] Stealth Rock
|-ability|p2a: Eternatus|Pressure
|
|upkeep
|turn|55
|
|t:|1667587506
|move|p2a: Eternatus|Cosmic Power|p2a: Eternatus
|-boost|p2a: Eternatus|def|1
|-boost|p2a: Eternatus|spd|1
|move|p1a: Zamazenta|Ice Fang|p2a: Eternatus
|-supereffective|p2a: Eternatus
|-damage|p2a: Eternatus|62/100
|
|upkeep
|turn|56
|
|t:|1667587513
|move|p2a: Eternatus|Cosmic Power|p2a: Eternatus
|-boost|p2a: Eternatus|def|1
|-boost|p2a: Eternatus|spd|1
|move|p1a: Zamazenta|Howl|p1a: Zamazenta
|-boost|p1a: Zamazenta|atk|1
|
|upkeep
|turn|57
|
|t:|1667587518
|move|p2a: Eternatus|Cosmic Power|p2a: Eternatus
|-boost|p2a: Eternatus|def|1
|-boost|p2a: Eternatus|spd|1
|move|p1a: Zamazenta|Ice Fang|p2a: Eternatus
|-supereffective|p2a: Eternatus
|-damage|p2a: Eternatus|38/100
|
|upkeep
|turn|58
|
|t:|1667587524
|move|p2a: Eternatus|Recover|p2a: Eternatus
|-heal|p2a: Eternatus|88/100
|move|p1a: Zamazenta|Ice Fang|p2a: Eternatus
|-supereffective|p2a: Eternatus
|-damage|p2a: Eternatus|61/100
|
|upkeep
|turn|59
|
|t:|1667587530
|move|p2a: Eternatus|Cosmic Power|p2a: Eternatus
|-boost|p2a: Eternatus|def|1
|-boost|p2a: Eternatus|spd|1
|move|p1a: Zamazenta|Ice Fang|p2a: Eternatus|[miss]
|-miss|p1a: Zamazenta|p2a: Eternatus
|
|upkeep
|turn|60
|
|t:|1667587536
|move|p2a: Eternatus|Cosmic Power|p2a: Eternatus
|-boost|p2a: Eternatus|def|1
|-boost|p2a: Eternatus|spd|1
|move|p1a: Zamazenta|Howl|p1a: Zamazenta
|-boost|p1a: Zamazenta|atk|1
|
|upkeep
|turn|61
|
|t:|1667587542
|move|p2a: Eternatus|Cosmic Power|p2a: Eternatus
|-boost|p2a: Eternatus|def|1
|-boost|p2a: Eternatus|spd|1
|move|p1a: Zamazenta|Ice Fang|p2a: Eternatus|[miss]
|-miss|p1a: Zamazenta|p2a: Eternatus
|
|upkeep
|turn|62
|
|t:|1667587548
|move|p2a: Eternatus|Recover|p2a: Eternatus
|-heal|p2a: Eternatus|100/100
|move|p1a: Zamazenta|Ice Fang|p2a: Eternatus
|-supereffective|p2a: Eternatus
|-damage|p2a: Eternatus|79/100
|
|upkeep
|turn|63
|
|t:|1667587553
|move|p2a: Eternatus|Meteor Beam||[still]
|-prepare|p2a: Eternatus|Meteor Beam
|-boost|p2a: Eternatus|spa|1
|-enditem|p2a: Eternatus|Power Herb
|-anim|p2a: Eternatus|Meteor Beam|p1a: Zamazenta
|-resisted|p1a: Zamazenta
|-damage|p1a: Zamazenta|83/100
|move|p1a: Zamazenta|Ice Fang|p2a: Eternatus
|-supereffective|p2a: Eternatus
|-damage|p2a: Eternatus|56/100
|
|upkeep
|turn|64
|
|t:|1667587562
|move|p2a: Eternatus|Recover|p2a: Eternatus
|-heal|p2a: Eternatus|100/100
|move|p1a: Zamazenta|Ice Fang|p2a: Eternatus
|-supereffective|p2a: Eternatus
|-damage|p2a: Eternatus|78/100
|
|upkeep
|turn|65
|
|t:|1667587568
|move|p2a: Eternatus|Meteor Beam||[still]
|-prepare|p2a: Eternatus|Meteor Beam
|-boost|p2a: Eternatus|spa|1
|move|p1a: Zamazenta|Ice Fang|p2a: Eternatus
|-supereffective|p2a: Eternatus
|-damage|p2a: Eternatus|56/100
|
|upkeep
|turn|66
|
|t:|1667587574
|move|p2a: Eternatus|Meteor Beam|p1a: Zamazenta|[from]lockedmove
|-resisted|p1a: Zamazenta
|-damage|p1a: Zamazenta|69/100
|move|p1a: Zamazenta|Ice Fang|p2a: Eternatus
|-supereffective|p2a: Eternatus
|-damage|p2a: Eternatus|34/100
|-status|p2a: Eternatus|frz
|
|upkeep
|turn|67
|
|t:|1667587582
|cant|p2a: Eternatus|frz
|move|p1a: Zamazenta|Ice Fang|p2a: Eternatus
|-supereffective|p2a: Eternatus
|-damage|p2a: Eternatus|12/100 frz
|
|upkeep
|turn|68
|
|t:|1667587587
|cant|p2a: Eternatus|frz
|move|p1a: Zamazenta|Behemoth Bash|p2a: Eternatus
|-damage|p2a: Eternatus|0 fnt
|faint|p2a: Eternatus
|
|upkeep
|-message|Dark★Shionツ forfeited.
|
|win|Miss. Lovix_Rouse❣
|n|☆Miss. Lovix_Rouse❣|misslovixrouse
|n|☆Dark★Shionツ|darkshion
|n| mrdarkcyber|mrdarkcyber
|n| Random Bullsht|randombullsht
