|html|<div class="broadcast-blue"><strong>[Gen 8] Ubers is currently suspecting Zacian-Crowned! For information on how to participate check out the <a href="https://www.smogon.com/forums/threads/np-ss-ubers-stage-5-hound-dog.3675589/">suspect thread</a>.</strong></div>
|j|☆Nevelle
|j|☆Hjuyttdd
|t:|1610867707
|player|p1|Nevelle|n|
|player|p2|Hjuyttdd|2|
|teamsize|p1|6
|teamsize|p2|6
|gametype|singles
|gen|8
|tier|[Gen 8] Ubers
|rated|Tournament battle
|clearpoke
|poke|p1|Palkia|
|poke|p1|Necrozma-Dusk-Mane|
|poke|p1|Yveltal|
|poke|p1|Ho-Oh|
|poke|p1|Kyogre|
|poke|p1|Zacian-Crowned|
|poke|p2|Zacian-Crowned|
|poke|p2|Kyogre|
|poke|p2|Yveltal|
|poke|p2|Necrozma-Dusk-Mane|
|poke|p2|Eternatus|
|poke|p2|Xerneas|
|rule|Sleep Clause Mod: Limit one foe put to sleep
|rule|Species Clause: Limit one of each Pokémon
|rule|OHKO Clause: OHKO moves are banned
|rule|Evasion Moves Clause: Evasion moves are banned
|rule|Endless Battle Clause: Forcing endless battles is banned
|rule|HP Percentage Mod: HP is shown in percentages
|rule|Dynamax Clause: You cannot dynamax
|teampreview
|j| chuckaboomboom
|l| chuckaboomboom
|j| Holymolycrabby
|inactive|Battle timer is ON: inactive players will automatically lose when time's up. (requested by Hjuyttdd)
|
|t:|1610867750
|start
|switch|p1a: Kyogre|Kyogre|100/100
|switch|p2a: Zacian|Zacian-Crowned|100/100
|-weather|RainDance|[from] ability: Drizzle|[of] p1a: Kyogre
|-ability|p2a: Zacian|Intrepid Sword|boost
|-boost|p2a: Zacian|atk|1
|turn|1
|j| Mega zygarde-98%
|
|t:|1610867775
|switch|p2a: Eternatus|Eternatus|100/100
|-ability|p2a: Eternatus|Pressure
|move|p1a: Kyogre|Water Spout|p2a: Eternatus
|-resisted|p2a: Eternatus
|-damage|p2a: Eternatus|63/100
|
|-weather|RainDance|[upkeep]
|-heal|p2a: Eternatus|70/100|[from] item: Black Sludge
|upkeep
|turn|2
|j| Holy Flatemo
|l| Holy Flatemo
|
|t:|1610867795
|switch|p1a: Necrozma|Necrozma-Dusk-Mane|100/100
|switch|p2a: Kyogre|Kyogre|100/100
|
|-weather|RainDance|[upkeep]
|upkeep
|turn|3
|
|t:|1610867804
|switch|p2a: Eternatus|Eternatus|70/100
|-ability|p2a: Eternatus|Pressure
|switch|p1a: Palkia|Palkia|100/100
|-ability|p1a: Palkia|Pressure
|
|-weather|RainDance|[upkeep]
|-heal|p2a: Eternatus|76/100|[from] item: Black Sludge
|upkeep
|turn|4
|j| Jerryl309
|
|t:|1610867811
|switch|p1a: Necrozma|Necrozma-Dusk-Mane|100/100
|move|p2a: Eternatus|Toxic Spikes|p1a: Necrozma
|-sidestart|p1: Nevelle|move: Toxic Spikes
|
|-weather|RainDance|[upkeep]
|-heal|p2a: Eternatus|82/100|[from] item: Black Sludge
|upkeep
|turn|5
|c| Jerryl309|look
|c| Jerryl309|an actual play
|
|t:|1610867822
|switch|p2a: Kyogre|Kyogre|100/100
|move|p1a: Necrozma|Stealth Rock|p2a: Kyogre
|-sidestart|p2: Hjuyttdd|move: Stealth Rock
|
|-weather|none
|upkeep
|turn|6
|c| Jerryl309|illegal
|
|t:|1610867837
|switch|p1a: Palkia|Palkia|100/100
|-status|p1a: Palkia|psn
|-ability|p1a: Palkia|Pressure
|move|p2a: Kyogre|Water Spout|p1a: Palkia
|-resisted|p1a: Palkia
|-damage|p1a: Palkia|81/100 psn
|
|-damage|p1a: Palkia|69/100 psn|[from] psn
|upkeep
|turn|7
|c|☆Hjuyttdd|Jelly
|c| Jerryl309|o wait this is tourney
|c| Jerryl309|oops
|c| Jerryl309|srry
|c|☆Hjuyttdd|Jerry:D
|c| Jerryl309|thought it was ladder
|c|☆Hjuyttdd|I love Jerry
|inactive|Hjuyttdd has 120 seconds left.
|c|☆Hjuyttdd|Very inspirational player
|
|t:|1610867887
|switch|p2a: Zacian|Zacian-Crowned|100/100
|-damage|p2a: Zacian|94/100|[from] Stealth Rock
|-ability|p2a: Zacian|Intrepid Sword|boost
|-boost|p2a: Zacian|atk|1
|move|p1a: Palkia|Hydro Pump|p2a: Zacian
|-damage|p2a: Zacian|37/100
|
|-damage|p1a: Palkia|57/100 psn|[from] psn
|upkeep
|turn|8
|
|t:|1610867895
|switch|p2a: Yveltal|Yveltal|100/100
|-ability|p2a: Yveltal|Dark Aura
|switch|p1a: Necrozma|Necrozma-Dusk-Mane|100/100
|
|upkeep
|turn|9
|
|t:|1610867902
|switch|p1a: Zacian|Zacian-Crowned|100/100
|-ability|p1a: Zacian|Intrepid Sword|boost
|-boost|p1a: Zacian|atk|1
|move|p2a: Yveltal|Defog|p1a: Zacian
|-unboost|p1a: Zacian|evasion|1
|-sideend|p1: Nevelle|Toxic Spikes|[from] move: Defog|[of] p2a: Yveltal
|-sideend|p2: Hjuyttdd|Stealth Rock|[from] move: Defog|[of] p2a: Yveltal
|
|upkeep
|turn|10
|
|t:|1610867909
|switch|p2a: Necrozma|Necrozma-Dusk-Mane|100/100
|move|p1a: Zacian|Play Rough|p2a: Necrozma
|-resisted|p2a: Necrozma
|-damage|p2a: Necrozma|78/100
|-damage|p1a: Zacian|84/100|[from] item: Rocky Helmet|[of] p2a: Necrozma
|
|upkeep
|turn|11
|
|t:|1610867926
|switch|p1a: Necrozma|Necrozma-Dusk-Mane|100/100
|move|p2a: Necrozma|Morning Sun|p2a: Necrozma
|-heal|p2a: Necrozma|100/100
|
|upkeep
|turn|12
|
|t:|1610867930
|move|p1a: Necrozma|Thunder Wave|p2a: Necrozma
|-status|p2a: Necrozma|par
|move|p2a: Necrozma|Stealth Rock|p1a: Necrozma
|-sidestart|p1: Nevelle|move: Stealth Rock
|
|upkeep
|turn|13
|
|t:|1610867934
|switch|p2a: Kyogre|Kyogre|100/100
|-weather|RainDance|[from] ability: Drizzle|[of] p2a: Kyogre
|move|p1a: Necrozma|Stealth Rock|p2a: Kyogre
|-sidestart|p2: Hjuyttdd|move: Stealth Rock
|
|-weather|RainDance|[upkeep]
|upkeep
|turn|14
|c|☆Hjuyttdd|Goteem
|j| CORVERE
|
|t:|1610867944
|switch|p1a: Palkia|Palkia|57/100 psn
|-damage|p1a: Palkia|44/100 psn|[from] Stealth Rock
|-ability|p1a: Palkia|Pressure
|move|p2a: Kyogre|Water Spout|p1a: Palkia
|-resisted|p1a: Palkia
|-damage|p1a: Palkia|13/100 psn
|
|-weather|RainDance|[upkeep]
|-damage|p1a: Palkia|0 fnt|[from] psn
|faint|p1a: Palkia
|upkeep
|c| Jerryl309|the
|c| Jerryl309|fuck
|
|t:|1610867959
|switch|p1a: Kyogre|Kyogre|100/100
|-damage|p1a: Kyogre|88/100|[from] Stealth Rock
|turn|15
|
|t:|1610867973
|switch|p2a: Eternatus|Eternatus|82/100
|-damage|p2a: Eternatus|70/100|[from] Stealth Rock
|-ability|p2a: Eternatus|Pressure
|move|p1a: Kyogre|Thunder|p2a: Eternatus
|-resisted|p2a: Eternatus
|-damage|p2a: Eternatus|56/100
|
|-weather|RainDance|[upkeep]
|-heal|p2a: Eternatus|62/100|[from] item: Black Sludge
|upkeep
|turn|16
|inactive|Hjuyttdd has 120 seconds left.
|c|☆Hjuyttdd|Oh no
|c|☆Hjuyttdd|Zacian into assurance scary
|c|☆Hjuyttdd|Bruh
|inactive|Hjuyttdd has 90 seconds left.
|c|☆Hjuyttdd|My gen 8 training
|c|☆Hjuyttdd|I still suck
|
|t:|1610868055
|switch|p1a: Zacian|Zacian-Crowned|84/100
|-damage|p1a: Zacian|78/100|[from] Stealth Rock
|-ability|p1a: Zacian|Intrepid Sword|boost
|-boost|p1a: Zacian|atk|1
|move|p2a: Eternatus|Mystical Fire|p1a: Zacian
|-supereffective|p1a: Zacian
|-damage|p1a: Zacian|57/100
|-unboost|p1a: Zacian|spa|1
|
|-weather|RainDance|[upkeep]
|-heal|p2a: Eternatus|69/100|[from] item: Black Sludge
|upkeep
|turn|17
|
|t:|1610868065
|switch|p2a: Xerneas|Xerneas|100/100
|-damage|p2a: Xerneas|88/100|[from] Stealth Rock
|-ability|p2a: Xerneas|Fairy Aura
|move|p1a: Zacian|Assurance|p2a: Xerneas
|-resisted|p2a: Xerneas
|-damage|p2a: Xerneas|67/100
|
|-weather|none
|upkeep
|turn|18
|
|t:|1610868082
|move|p1a: Zacian|Assurance|p2a: Xerneas
|-resisted|p2a: Xerneas
|-damage|p2a: Xerneas|57/100
|move|p2a: Xerneas|Moonblast|p1a: Zacian
|-resisted|p1a: Zacian
|-crit|p1a: Zacian
|-damage|p1a: Zacian|20/100
|-unboost|p1a: Zacian|spa|1
|
|upkeep
|turn|19
|c|☆Hjuyttdd|Bro
|inactive|Hjuyttdd has 60 seconds left.
|c|☆Hjuyttdd|Did u like that one
|c| Jerryl309|pain
|
|t:|1610868104
|move|p1a: Zacian|Assurance|p2a: Xerneas
|-resisted|p2a: Xerneas
|-damage|p2a: Xerneas|47/100
|move|p2a: Xerneas|Moonblast|p1a: Zacian
|-resisted|p1a: Zacian
|-damage|p1a: Zacian|0 fnt
|faint|p1a: Zacian
|
|upkeep
|-message|Nevelle forfeited.
|
|win|Hjuyttdd
|n|☆Nevelle|nevelle
|n|☆Hjuyttdd|hjuyttdd
|n| Holymolycrabby|holymolycrabby
|n| Mega zygarde-98%|megazygarde98
|n| Jerryl309|jerryl309
|n| CORVERE|corvere
|l| Mega zygarde-98%
|l| Holymolycrabby
|c| Jerryl309|n
|c| Jerryl309|e
|c| Jerryl309|v
|c| Jerryl309|e
|c| Jerryl309|l
|c| Jerryl309|e
|l|☆Nevelle
|l|☆Hjuyttdd
|l| CORVERE
|j|☆Hjuyttdd
|player|p2|Hjuyttdd|2
