|j|☆NeonJolteonWasUsed
|j|☆Kage UwU
|t:|1648412749
|gametype|singles
|player|p1|NeonJolteonWasUsed|wally|1345
|player|p2|Kage UwU|169|1363
|teamsize|p1|6
|teamsize|p2|6
|gen|8
|tier|[Gen 8] Ubers
|rated|
|rule|Sleep Clause Mod: Limit one foe put to sleep
|rule|Species Clause: Limit one of each Pokémon
|rule|OHKO Clause: OHKO moves are banned
|rule|Evasion Moves Clause: Evasion moves are banned
|rule|Endless Battle Clause: Forcing endless battles is banned
|rule|HP Percentage Mod: HP is shown in percentages
|rule|Dynamax Clause: You cannot dynamax
|clearpoke
|poke|p1|Zamazenta-*|
|poke|p1|Kyogre|
|poke|p1|Xerneas-*|
|poke|p1|Ferrothorn, M|
|poke|p1|Yveltal|
|poke|p1|Necrozma-Dusk-Mane|
|poke|p2|Necrozma-Dusk-Mane|
|poke|p2|Ho-Oh|
|poke|p2|Xerneas-*|
|poke|p2|Marshadow|
|poke|p2|Zekrom|
|poke|p2|Yveltal|
|teampreview
|inactive|Battle timer is ON: inactive players will automatically lose when time's up. (requested by Kage UwU)
|inactive|NeonJolteonWasUsed also wants the timer to be on.
|
|t:|1648412761
|start
|switch|p1a: Ferrothorn|Ferrothorn, M, shiny|100/100
|switch|p2a: Ho-Oh|Ho-Oh|100/100
|turn|1
|
|t:|1648412765
|move|p1a: Ferrothorn|Protect|p1a: Ferrothorn
|-singleturn|p1a: Ferrothorn|Protect
|move|p2a: Ho-Oh|Sacred Fire|p1a: Ferrothorn
|-activate|p1a: Ferrothorn|move: Protect
|
|upkeep
|turn|2
|
|t:|1648412771
|switch|p1a: Kyogre|Kyogre|100/100
|-weather|RainDance|[from] ability: Drizzle|[of] p1a: Kyogre
|move|p2a: Ho-Oh|Sacred Fire|p1a: Kyogre
|-resisted|p1a: Kyogre
|-damage|p1a: Kyogre|87/100
|
|-weather|RainDance|[upkeep]
|-heal|p1a: Kyogre|93/100|[from] item: Leftovers
|upkeep
|turn|3
|
|t:|1648412782
|switch|p2a: Zekrom|Zekrom|100/100
|-ability|p2a: Zekrom|Teravolt
|move|p1a: Kyogre|Substitute|p1a: Kyogre
|-start|p1a: Kyogre|Substitute
|-damage|p1a: Kyogre|68/100
|
|-weather|RainDance|[upkeep]
|-heal|p1a: Kyogre|75/100|[from] item: Leftovers
|upkeep
|turn|4
|
|t:|1648412791
|move|p2a: Zekrom|Dragon Claw|p1a: Kyogre
|-end|p1a: Kyogre|Substitute
|move|p1a: Kyogre|Surf|p2a: Zekrom
|-resisted|p2a: Zekrom
|-damage|p2a: Zekrom|60/100
|
|-weather|RainDance|[upkeep]
|-heal|p2a: Zekrom|66/100|[from] item: Leftovers
|-heal|p1a: Kyogre|81/100|[from] item: Leftovers
|upkeep
|turn|5
|
|t:|1648412821
|switch|p1a: Ferrothorn|Ferrothorn, M, shiny|100/100
|move|p2a: Zekrom|Bolt Strike|p1a: Ferrothorn
|-resisted|p1a: Ferrothorn
|-damage|p1a: Ferrothorn|72/100
|-damage|p2a: Zekrom|54/100|[from] ability: Iron Barbs|[of] p1a: Ferrothorn
|
|-weather|RainDance|[upkeep]
|-heal|p2a: Zekrom|60/100|[from] item: Leftovers
|-heal|p1a: Ferrothorn|79/100|[from] item: Leftovers
|upkeep
|turn|6
|
|t:|1648412830
|move|p2a: Zekrom|Roost|p2a: Zekrom
|-heal|p2a: Zekrom|100/100
|-singleturn|p2a: Zekrom|move: Roost
|move|p1a: Ferrothorn|Leech Seed|p2a: Zekrom
|-start|p2a: Zekrom|move: Leech Seed
|
|-weather|none
|-heal|p1a: Ferrothorn|85/100|[from] item: Leftovers
|-damage|p2a: Zekrom|88/100|[from] Leech Seed|[of] p1a: Ferrothorn
|-heal|p1a: Ferrothorn|97/100|[silent]
|upkeep
|turn|7
|
|t:|1648412839
|switch|p2a: Ho-Oh|Ho-Oh|100/100
|move|p1a: Ferrothorn|Stealth Rock|p2a: Ho-Oh
|-sidestart|p2: Kage UwU|move: Stealth Rock
|
|-heal|p1a: Ferrothorn|100/100|[from] item: Leftovers
|upkeep
|turn|8
|
|t:|1648412845
|switch|p1a: Kyogre|Kyogre|81/100
|-weather|RainDance|[from] ability: Drizzle|[of] p1a: Kyogre
|move|p2a: Ho-Oh|Defog|p1a: Kyogre
|-unboost|p1a: Kyogre|evasion|1
|-sideend|p2: Kage UwU|Stealth Rock|[from] move: Defog|[of] p2a: Ho-Oh
|
|-weather|RainDance|[upkeep]
|-heal|p1a: Kyogre|87/100|[from] item: Leftovers
|upkeep
|turn|9
|
|t:|1648412857
|switch|p2a: Zekrom|Zekrom|88/100
|-ability|p2a: Zekrom|Teravolt
|move|p1a: Kyogre|Surf|p2a: Zekrom
|-resisted|p2a: Zekrom
|-damage|p2a: Zekrom|47/100
|
|-weather|RainDance|[upkeep]
|-heal|p2a: Zekrom|53/100|[from] item: Leftovers
|-heal|p1a: Kyogre|93/100|[from] item: Leftovers
|upkeep
|turn|10
|
|t:|1648412868
|switch|p1a: Ferrothorn|Ferrothorn, M, shiny|100/100
|move|p2a: Zekrom|Roost|p2a: Zekrom
|-heal|p2a: Zekrom|100/100
|-singleturn|p2a: Zekrom|move: Roost
|
|-weather|RainDance|[upkeep]
|upkeep
|turn|11
|
|t:|1648412874
|switch|p2a: Ho-Oh|Ho-Oh|100/100
|move|p1a: Ferrothorn|Stealth Rock|p2a: Ho-Oh
|-sidestart|p2: Kage UwU|move: Stealth Rock
|
|-weather|RainDance|[upkeep]
|upkeep
|turn|12
|
|t:|1648412880
|switch|p1a: Kyogre|Kyogre|93/100
|move|p2a: Ho-Oh|Defog|p1a: Kyogre
|-unboost|p1a: Kyogre|evasion|1
|-sideend|p2: Kage UwU|Stealth Rock|[from] move: Defog|[of] p2a: Ho-Oh
|
|-weather|none
|-heal|p1a: Kyogre|99/100|[from] item: Leftovers
|upkeep
|turn|13
|
|t:|1648412888
|switch|p2a: Zekrom|Zekrom|100/100
|-ability|p2a: Zekrom|Teravolt
|move|p1a: Kyogre|Surf|p2a: Zekrom
|-resisted|p2a: Zekrom
|-damage|p2a: Zekrom|76/100
|
|-heal|p2a: Zekrom|82/100|[from] item: Leftovers
|-heal|p1a: Kyogre|100/100|[from] item: Leftovers
|upkeep
|turn|14
|
|t:|1648412899
|switch|p2a: Ho-Oh|Ho-Oh|100/100
|switch|p1a: Ferrothorn|Ferrothorn, M, shiny|100/100
|
|upkeep
|turn|15
|
|t:|1648412907
|switch|p1a: Kyogre|Kyogre|100/100
|-weather|RainDance|[from] ability: Drizzle|[of] p1a: Kyogre
|move|p2a: Ho-Oh|Brave Bird|p1a: Kyogre
|-damage|p1a: Kyogre|40/100
|-damage|p2a: Ho-Oh|78/100|[from] Recoil
|
|-weather|RainDance|[upkeep]
|-heal|p1a: Kyogre|46/100|[from] item: Leftovers
|upkeep
|turn|16
|inactive|Kage UwU has 120 seconds left.
|
|t:|1648412960
|switch|p2a: Zekrom|Zekrom|82/100
|-ability|p2a: Zekrom|Teravolt
|switch|p1a: Ferrothorn|Ferrothorn, M, shiny|100/100
|
|-weather|RainDance|[upkeep]
|-heal|p2a: Zekrom|88/100|[from] item: Leftovers
|upkeep
|turn|17
|
|t:|1648412976
|move|p2a: Zekrom|Bolt Strike|p1a: Ferrothorn
|-resisted|p1a: Ferrothorn
|-damage|p1a: Ferrothorn|72/100
|-damage|p2a: Zekrom|76/100|[from] ability: Iron Barbs|[of] p1a: Ferrothorn
|move|p1a: Ferrothorn|Leech Seed|p2a: Zekrom|[miss]
|-miss|p1a: Ferrothorn|p2a: Zekrom
|
|-weather|RainDance|[upkeep]
|-heal|p2a: Zekrom|82/100|[from] item: Leftovers
|-heal|p1a: Ferrothorn|78/100|[from] item: Leftovers
|upkeep
|turn|18
|
|t:|1648412988
|move|p2a: Zekrom|Roost|p2a: Zekrom
|-heal|p2a: Zekrom|100/100
|-singleturn|p2a: Zekrom|move: Roost
|move|p1a: Ferrothorn|Leech Seed|p2a: Zekrom
|-start|p2a: Zekrom|move: Leech Seed
|
|-weather|RainDance|[upkeep]
|-heal|p1a: Ferrothorn|84/100|[from] item: Leftovers
|-damage|p2a: Zekrom|88/100|[from] Leech Seed|[of] p1a: Ferrothorn
|-heal|p1a: Ferrothorn|96/100|[silent]
|upkeep
|turn|19
|
|t:|1648412996
|switch|p2a: Ho-Oh|Ho-Oh|100/100
|move|p1a: Ferrothorn|Leech Seed|p2a: Ho-Oh
|-start|p2a: Ho-Oh|move: Leech Seed
|
|-weather|none
|-heal|p1a: Ferrothorn|100/100|[from] item: Leftovers
|-damage|p2a: Ho-Oh|88/100|[from] Leech Seed|[of] p1a: Ferrothorn
|upkeep
|turn|20
|inactive|Kage UwU has 120 seconds left.
|
|t:|1648413003
|move|p1a: Ferrothorn|Protect|p1a: Ferrothorn
|-singleturn|p1a: Ferrothorn|Protect
|move|p2a: Ho-Oh|Sacred Fire|p1a: Ferrothorn
|-activate|p1a: Ferrothorn|move: Protect
|
|-damage|p2a: Ho-Oh|76/100|[from] Leech Seed|[of] p1a: Ferrothorn
|upkeep
|turn|21
|
|t:|1648413011
|switch|p2a: Zekrom|Zekrom|88/100
|-ability|p2a: Zekrom|Teravolt
|switch|p1a: Kyogre|Kyogre|46/100
|-weather|RainDance|[from] ability: Drizzle|[of] p1a: Kyogre
|
|-weather|RainDance|[upkeep]
|-heal|p2a: Zekrom|94/100|[from] item: Leftovers
|-heal|p1a: Kyogre|52/100|[from] item: Leftovers
|upkeep
|turn|22
|inactive|Kage UwU has 120 seconds left.
|
|t:|1648413032
|move|p2a: Zekrom|Bolt Strike|p1a: Kyogre
|-supereffective|p1a: Kyogre
|-damage|p1a: Kyogre|0 fnt
|faint|p1a: Kyogre
|
|-weather|RainDance|[upkeep]
|-heal|p2a: Zekrom|100/100|[from] item: Leftovers
|upkeep
|
|t:|1648413037
|switch|p1a: Xerneas|Xerneas, shiny|100/100
|-ability|p1a: Xerneas|Fairy Aura
|turn|23
|
|t:|1648413048
|switch|p1a: Necrozma|Necrozma-Dusk-Mane|100/100
|switch|p2a: Necrozma|Necrozma-Dusk-Mane|100/100
|
|-weather|RainDance|[upkeep]
|upkeep
|turn|24
|
|t:|1648413054
|switch|p2a: Ho-Oh|Ho-Oh|100/100
|move|p1a: Necrozma|Dragon Dance|p1a: Necrozma
|-boost|p1a: Necrozma|atk|1
|-boost|p1a: Necrozma|spe|1
|
|-weather|RainDance|[upkeep]
|upkeep
|turn|25
|
|t:|1648413061
|move|p2a: Ho-Oh|Sacred Fire|p1a: Necrozma
|-supereffective|p1a: Necrozma
|-damage|p1a: Necrozma|70/100
|-enditem|p1a: Necrozma|Weakness Policy
|-boost|p1a: Necrozma|atk|2|[from] item: Weakness Policy
|-boost|p1a: Necrozma|spa|2|[from] item: Weakness Policy
|move|p1a: Necrozma|Dragon Dance|p1a: Necrozma
|-boost|p1a: Necrozma|atk|1
|-boost|p1a: Necrozma|spe|1
|
|-weather|none
|upkeep
|turn|26
|
|t:|1648413070
|move|p1a: Necrozma|Stone Edge|p2a: Ho-Oh
|-supereffective|p2a: Ho-Oh
|-damage|p2a: Ho-Oh|0 fnt
|faint|p2a: Ho-Oh
|
|upkeep
|
|t:|1648413081
|switch|p2a: Necrozma|Necrozma-Dusk-Mane|100/100
|turn|27
|
|t:|1648413084
|move|p1a: Necrozma|Earthquake|p2a: Necrozma
|-supereffective|p2a: Necrozma
|-damage|p2a: Necrozma|0 fnt
|faint|p2a: Necrozma
|
|upkeep
|
|t:|1648413089
|switch|p2a: Yveltal|Yveltal|100/100
|-ability|p2a: Yveltal|Dark Aura
|turn|28
|
|t:|1648413093
|move|p2a: Yveltal|Sucker Punch|p1a: Necrozma
|-supereffective|p1a: Necrozma
|-damage|p1a: Necrozma|3/100
|-damage|p2a: Yveltal|91/100|[from] item: Life Orb
|move|p1a: Necrozma|Sunsteel Strike|p2a: Yveltal
|-damage|p2a: Yveltal|0 fnt
|faint|p2a: Yveltal
|
|upkeep
|
|t:|1648413102
|switch|p2a: Life Orb Attacker|Marshadow|100/100
|turn|29
|
|t:|1648413106
|move|p2a: Life Orb Attacker|Shadow Sneak|p1a: Necrozma
|-supereffective|p1a: Necrozma
|-damage|p1a: Necrozma|0 fnt
|faint|p1a: Necrozma
|-damage|p2a: Life Orb Attacker|91/100|[from] item: Life Orb
|
|upkeep
|
|t:|1648413112
|switch|p1a: Xerneas|Xerneas, shiny|100/100
|-ability|p1a: Xerneas|Fairy Aura
|turn|30
|
|t:|1648413122
|move|p1a: Xerneas|Moonblast|p2a: Life Orb Attacker
|-supereffective|p2a: Life Orb Attacker
|-damage|p2a: Life Orb Attacker|0 fnt
|faint|p2a: Life Orb Attacker
|
|upkeep
|
|t:|1648413126
|switch|p2a: Xerneas|Xerneas|100/100
|-ability|p2a: Xerneas|Fairy Aura
|turn|31
|
|t:|1648413132
|switch|p1a: Ferrothorn|Ferrothorn, M, shiny|100/100
|move|p2a: Xerneas|Geomancy||[still]
|-prepare|p2a: Xerneas|Geomancy
|-enditem|p2a: Xerneas|Power Herb
|-anim|p2a: Xerneas|Geomancy|p2a: Xerneas
|-boost|p2a: Xerneas|spa|2
|-boost|p2a: Xerneas|spd|2
|-boost|p2a: Xerneas|spe|2
|
|upkeep
|turn|32
|
|t:|1648413139
|move|p2a: Xerneas|Thunder|p1a: Ferrothorn
|-resisted|p1a: Ferrothorn
|-damage|p1a: Ferrothorn|74/100
|move|p1a: Ferrothorn|Leech Seed|p2a: Xerneas
|-start|p2a: Xerneas|move: Leech Seed
|
|-heal|p1a: Ferrothorn|80/100|[from] item: Leftovers
|-damage|p2a: Xerneas|88/100|[from] Leech Seed|[of] p1a: Ferrothorn
|-heal|p1a: Ferrothorn|96/100|[silent]
|upkeep
|turn|33
|
|t:|1648413149
|move|p2a: Xerneas|Thunder|p1a: Ferrothorn|[miss]
|-miss|p2a: Xerneas|p1a: Ferrothorn
|move|p1a: Ferrothorn|Gyro Ball|p2a: Xerneas
|-supereffective|p2a: Xerneas
|-damage|p2a: Xerneas|11/100
|
|-heal|p1a: Ferrothorn|100/100|[from] item: Leftovers
|-damage|p2a: Xerneas|0 fnt|[from] Leech Seed|[of] p1a: Ferrothorn
|faint|p2a: Xerneas
|upkeep
|-message|Kage UwU forfeited.
|
|win|NeonJolteonWasUsed
|raw|NeonJolteonWasUsed's rating: 1345 &rarr; <strong>1366</strong><br />(+21 for winning)
|raw|Kage UwU's rating: 1363 &rarr; <strong>1342</strong><br />(-21 for losing)
|l|☆Kage UwU
