|j|☆PokeDuels
|j|☆Darkortex
|t:|1631723585
|gametype|singles
|player|p1|PokeDuels|170|1582
|player|p2|Darkortex|hilbert|1513
|teamsize|p1|6
|teamsize|p2|6
|gen|8
|tier|[Gen 8] Ubers
|rated|
|rule|Sleep Clause Mod: Limit one foe put to sleep
|rule|Species Clause: Limit one of each Pokémon
|rule|OHKO Clause: OHKO moves are banned
|rule|Evasion Moves Clause: Evasion moves are banned
|rule|Endless Battle Clause: Forcing endless battles is banned
|rule|HP Percentage Mod: HP is shown in percentages
|rule|Dynamax Clause: You cannot dynamax
|clearpoke
|poke|p1|Landorus-Therian, M|
|poke|p1|Toxapex, M|
|poke|p1|Blissey, F|
|poke|p1|Tyranitar, M|
|poke|p1|Buzzwole|
|poke|p1|Ditto|
|poke|p2|Necrozma-Dusk-Mane|
|poke|p2|Zarude-Dada|
|poke|p2|Ho-Oh|
|poke|p2|Calyrex-Shadow|
|poke|p2|Groudon|
|poke|p2|Eternatus|
|teampreview
|inactive|Battle timer is ON: inactive players will automatically lose when time's up. (requested by Darkortex)
|
|t:|1631723613
|start
|switch|p1a: Landorus|Landorus-Therian, M|100/100
|switch|p2a: Calyrex|Calyrex-Shadow|100/100
|-ability|p2a: Calyrex|As One
|-ability|p2a: Calyrex|Unnerve
|-ability|p1a: Landorus|Intimidate|boost
|-unboost|p2a: Calyrex|atk|1
|turn|1
|
|t:|1631723617
|switch|p1a: Tyranitar|Tyranitar, M|100/100
|-weather|Sandstorm|[from] ability: Sand Stream|[of] p1a: Tyranitar
|move|p2a: Calyrex|Trick|p1a: Tyranitar
|-activate|p2a: Calyrex|move: Trick|[of] p1a: Tyranitar
|-item|p1a: Tyranitar|Choice Scarf|[from] move: Trick
|-item|p2a: Calyrex|Leftovers|[from] move: Trick
|
|-weather|Sandstorm|[upkeep]
|-damage|p2a: Calyrex|94/100|[from] Sandstorm
|-heal|p2a: Calyrex|100/100|[from] item: Leftovers
|upkeep
|turn|2
|
|t:|1631723623
|switch|p2a: Groudon|Groudon|100/100
|-weather|SunnyDay|[from] ability: Drought|[of] p2a: Groudon
|move|p1a: Tyranitar|Stealth Rock|p2a: Groudon
|-sidestart|p2: Darkortex|move: Stealth Rock
|
|-weather|SunnyDay|[upkeep]
|upkeep
|turn|3
|
|t:|1631723628
|switch|p1a: Landorus|Landorus-Therian, M|100/100
|-ability|p1a: Landorus|Intimidate|boost
|-unboost|p2a: Groudon|atk|1
|move|p2a: Groudon|Stone Edge|p1a: Landorus
|-damage|p1a: Landorus|83/100
|
|-weather|SunnyDay|[upkeep]
|-heal|p1a: Landorus|89/100|[from] item: Leftovers
|upkeep
|turn|4
|
|t:|1631723632
|switch|p2a: Ho-Oh|Ho-Oh|100/100
|move|p1a: Landorus|Knock Off|p2a: Ho-Oh
|-damage|p2a: Ho-Oh|73/100
|-enditem|p2a: Ho-Oh|Heavy-Duty Boots|[from] move: Knock Off|[of] p1a: Landorus
|
|-weather|SunnyDay|[upkeep]
|-heal|p1a: Landorus|95/100|[from] item: Leftovers
|upkeep
|turn|5
|
|t:|1631723640
|switch|p1a: Tyranitar|Tyranitar, M|100/100
|-weather|Sandstorm|[from] ability: Sand Stream|[of] p1a: Tyranitar
|move|p2a: Ho-Oh|Defog|p1a: Tyranitar
|-unboost|p1a: Tyranitar|evasion|1
|-sideend|p2: Darkortex|Stealth Rock|[from] move: Defog|[of] p2a: Ho-Oh
|
|-weather|Sandstorm|[upkeep]
|-damage|p2a: Ho-Oh|67/100|[from] Sandstorm
|upkeep
|turn|6
|
|t:|1631723646
|move|p1a: Tyranitar|Stealth Rock|p2a: Ho-Oh
|-sidestart|p2: Darkortex|move: Stealth Rock
|move|p2a: Ho-Oh|Sacred Fire|p1a: Tyranitar
|-resisted|p1a: Tyranitar
|-damage|p1a: Tyranitar|84/100
|
|-weather|Sandstorm|[upkeep]
|-damage|p2a: Ho-Oh|61/100|[from] Sandstorm
|upkeep
|turn|7
|
|t:|1631723657
|switch|p1a: Ditto|Ditto|100/100
|-transform|p1a: Ditto|p2a: Ho-Oh|[from] ability: Imposter
|move|p2a: Ho-Oh|Defog|p1a: Ditto
|-unboost|p1a: Ditto|evasion|1
|-sideend|p2: Darkortex|Stealth Rock|[from] move: Defog|[of] p2a: Ho-Oh
|
|-weather|Sandstorm|[upkeep]
|-damage|p1a: Ditto|94/100|[from] Sandstorm
|-damage|p2a: Ho-Oh|55/100|[from] Sandstorm
|upkeep
|turn|8
|
|t:|1631723662
|switch|p2a: Groudon|Groudon|100/100
|-weather|SunnyDay|[from] ability: Drought|[of] p2a: Groudon
|move|p1a: Ditto|Brave Bird|p2a: Groudon
|-damage|p2a: Groudon|69/100
|-damage|p1a: Ditto|80/100|[from] Recoil
|
|-weather|SunnyDay|[upkeep]
|upkeep
|turn|9
|
|t:|1631723673
|switch|p1a: Landorus|Landorus-Therian, M|95/100
|-ability|p1a: Landorus|Intimidate|boost
|-unboost|p2a: Groudon|atk|1
|switch|p2a: Ho-Oh|Ho-Oh|88/100
|
|-weather|SunnyDay|[upkeep]
|-heal|p1a: Landorus|100/100|[from] item: Leftovers
|upkeep
|turn|10
|
|t:|1631723677
|switch|p1a: Tyranitar|Tyranitar, M|84/100
|-weather|Sandstorm|[from] ability: Sand Stream|[of] p1a: Tyranitar
|move|p2a: Ho-Oh|Sacred Fire|p1a: Tyranitar
|-resisted|p1a: Tyranitar
|-damage|p1a: Tyranitar|68/100
|
|-weather|Sandstorm|[upkeep]
|-damage|p2a: Ho-Oh|82/100|[from] Sandstorm
|upkeep
|turn|11
|
|t:|1631723682
|switch|p2a: Groudon|Groudon|69/100
|-weather|SunnyDay|[from] ability: Drought|[of] p2a: Groudon
|move|p1a: Tyranitar|Toxic|p2a: Groudon
|-status|p2a: Groudon|tox
|
|-weather|SunnyDay|[upkeep]
|-damage|p2a: Groudon|63/100 tox|[from] psn
|upkeep
|turn|12
|
|t:|1631723688
|switch|p1a: Landorus|Landorus-Therian, M|100/100
|-ability|p1a: Landorus|Intimidate|boost
|-unboost|p2a: Groudon|atk|1
|switch|p2a: Zarude|Zarude-Dada|100/100
|
|-weather|SunnyDay|[upkeep]
|upkeep
|turn|13
|
|t:|1631723692
|switch|p1a: Buzzwole|Buzzwole, shiny|100/100
|move|p2a: Zarude|Bulk Up|p2a: Zarude
|-boost|p2a: Zarude|atk|1
|-boost|p2a: Zarude|def|1
|
|-weather|SunnyDay|[upkeep]
|upkeep
|turn|14
|
|t:|1631723695
|move|p2a: Zarude|Bulk Up|p2a: Zarude
|-boost|p2a: Zarude|atk|1
|-boost|p2a: Zarude|def|1
|move|p1a: Buzzwole|Lunge|p2a: Zarude
|-supereffective|p2a: Zarude
|-damage|p2a: Zarude|44/100
|-unboost|p2a: Zarude|atk|1
|
|-weather|SunnyDay|[upkeep]
|-heal|p2a: Zarude|50/100|[from] item: Leftovers
|upkeep
|turn|15
|
|t:|1631723700
|move|p2a: Zarude|Bulk Up|p2a: Zarude
|-boost|p2a: Zarude|atk|1
|-boost|p2a: Zarude|def|1
|move|p1a: Buzzwole|Lunge|p2a: Zarude
|-supereffective|p2a: Zarude
|-damage|p2a: Zarude|6/100
|-unboost|p2a: Zarude|atk|1
|
|-weather|SunnyDay|[upkeep]
|-heal|p2a: Zarude|12/100|[from] item: Leftovers
|upkeep
|turn|16
|
|t:|1631723705
|move|p2a: Zarude|Synthesis|p2a: Zarude
|-heal|p2a: Zarude|79/100
|move|p1a: Buzzwole|Lunge|p2a: Zarude
|-supereffective|p2a: Zarude
|-damage|p2a: Zarude|34/100
|-unboost|p2a: Zarude|atk|1
|
|-weather|SunnyDay|[upkeep]
|-heal|p2a: Zarude|40/100|[from] item: Leftovers
|upkeep
|turn|17
|
|t:|1631723712
|switch|p2a: Ho-Oh|Ho-Oh|100/100
|move|p1a: Buzzwole|Bulk Up|p1a: Buzzwole
|-boost|p1a: Buzzwole|atk|1
|-boost|p1a: Buzzwole|def|1
|
|-weather|SunnyDay|[upkeep]
|upkeep
|turn|18
|
|t:|1631723715
|switch|p1a: Tyranitar|Tyranitar, M|68/100
|-weather|Sandstorm|[from] ability: Sand Stream|[of] p1a: Tyranitar
|move|p2a: Ho-Oh|Sacred Fire|p1a: Tyranitar
|-resisted|p1a: Tyranitar
|-damage|p1a: Tyranitar|53/100
|
|-weather|Sandstorm|[upkeep]
|-damage|p2a: Ho-Oh|94/100|[from] Sandstorm
|upkeep
|turn|19
|
|t:|1631723722
|move|p1a: Tyranitar|Rest|p1a: Tyranitar
|-status|p1a: Tyranitar|slp|[from] move: Rest
|-heal|p1a: Tyranitar|100/100 slp|[silent]
|move|p2a: Ho-Oh|Sacred Fire|p1a: Tyranitar
|-resisted|p1a: Tyranitar
|-damage|p1a: Tyranitar|84/100 slp
|
|-weather|Sandstorm|[upkeep]
|-damage|p2a: Ho-Oh|88/100|[from] Sandstorm
|upkeep
|turn|20
|
|t:|1631723727
|switch|p1a: Toxapex|Toxapex, M|100/100
|switch|p2a: Groudon|Groudon|63/100 tox
|-weather|SunnyDay|[from] ability: Drought|[of] p2a: Groudon
|
|-weather|SunnyDay|[upkeep]
|-damage|p2a: Groudon|57/100 tox|[from] psn
|upkeep
|turn|21
|
|t:|1631723734
|switch|p2a: Ho-Oh|Ho-Oh|100/100
|switch|p1a: Landorus|Landorus-Therian, M|100/100
|-ability|p1a: Landorus|Intimidate|boost
|-unboost|p2a: Ho-Oh|atk|1
|
|-weather|SunnyDay|[upkeep]
|upkeep
|turn|22
|
|t:|1631723747
|switch|p2a: Necrozma|Necrozma-Dusk-Mane|100/100
|switch|p1a: Tyranitar|Tyranitar, M|84/100 slp
|-weather|Sandstorm|[from] ability: Sand Stream|[of] p1a: Tyranitar
|
|-weather|Sandstorm|[upkeep]
|upkeep
|turn|23
|
|t:|1631723752
|switch|p1a: Landorus|Landorus-Therian, M|100/100
|-ability|p1a: Landorus|Intimidate|boost
|-unboost|p2a: Necrozma|atk|1
|move|p2a: Necrozma|Stealth Rock|p1a: Landorus
|-sidestart|p1: PokeDuels|move: Stealth Rock
|
|-weather|Sandstorm|[upkeep]
|upkeep
|turn|24
|
|t:|1631723754
|move|p1a: Landorus|Stealth Rock|p2a: Necrozma
|-sidestart|p2: Darkortex|move: Stealth Rock
|move|p2a: Necrozma|Knock Off|p1a: Landorus
|-damage|p1a: Landorus|85/100
|-enditem|p1a: Landorus|Leftovers|[from] move: Knock Off|[of] p2a: Necrozma
|
|-weather|Sandstorm|[upkeep]
|upkeep
|turn|25
|
|t:|1631723760
|move|p1a: Landorus|Knock Off|p2a: Necrozma
|-supereffective|p2a: Necrozma
|-damage|p2a: Necrozma|72/100
|-damage|p1a: Landorus|68/100|[from] item: Rocky Helmet|[of] p2a: Necrozma
|-enditem|p2a: Necrozma|Rocky Helmet|[from] move: Knock Off|[of] p1a: Landorus
|move|p2a: Necrozma|Sunsteel Strike|p1a: Landorus
|-damage|p1a: Landorus|45/100
|
|-weather|Sandstorm|[upkeep]
|upkeep
|turn|26
|
|t:|1631723769
|move|p1a: Landorus|Earthquake|p2a: Necrozma
|-supereffective|p2a: Necrozma
|-damage|p2a: Necrozma|32/100
|move|p2a: Necrozma|Knock Off|p1a: Landorus
|-damage|p1a: Landorus|36/100
|
|-weather|none
|upkeep
|turn|27
|
|t:|1631723773
|switch|p2a: Ho-Oh|Ho-Oh|100/100
|-damage|p2a: Ho-Oh|51/100|[from] Stealth Rock
|move|p1a: Landorus|Earthquake|p2a: Ho-Oh
|-immune|p2a: Ho-Oh
|
|upkeep
|turn|28
|
|t:|1631723777
|switch|p1a: Toxapex|Toxapex, M|100/100
|-damage|p1a: Toxapex|88/100|[from] Stealth Rock
|move|p2a: Ho-Oh|Defog|p1a: Toxapex
|-unboost|p1a: Toxapex|evasion|1
|-sideend|p1: PokeDuels|Stealth Rock|[from] move: Defog|[of] p2a: Ho-Oh
|-sideend|p2: Darkortex|Stealth Rock|[from] move: Defog|[of] p2a: Ho-Oh
|
|upkeep
|turn|29
|
|t:|1631723780
|move|p1a: Toxapex|Baneful Bunker|p1a: Toxapex
|-singleturn|p1a: Toxapex|move: Protect
|move|p2a: Ho-Oh|Thunder Wave|p1a: Toxapex
|-activate|p1a: Toxapex|move: Protect
|
|upkeep
|turn|30
|
|t:|1631723787
|switch|p2a: Necrozma|Necrozma-Dusk-Mane|32/100
|switch|p1a: Tyranitar|Tyranitar, M|84/100 slp
|-weather|Sandstorm|[from] ability: Sand Stream|[of] p1a: Tyranitar
|
|-weather|Sandstorm|[upkeep]
|upkeep
|turn|31
|
|t:|1631723796
|switch|p1a: Landorus|Landorus-Therian, M|36/100
|-ability|p1a: Landorus|Intimidate|boost
|-unboost|p2a: Necrozma|atk|1
|move|p2a: Necrozma|Stealth Rock|p1a: Landorus
|-sidestart|p1: PokeDuels|move: Stealth Rock
|
|-weather|Sandstorm|[upkeep]
|upkeep
|turn|32
|
|t:|1631723802
|switch|p2a: Ho-Oh|Ho-Oh|84/100
|move|p1a: Landorus|Stealth Rock|p2a: Ho-Oh
|-sidestart|p2: Darkortex|move: Stealth Rock
|
|-weather|Sandstorm|[upkeep]
|-damage|p2a: Ho-Oh|78/100|[from] Sandstorm
|upkeep
|turn|33
|
|t:|1631723819
|switch|p1a: Toxapex|Toxapex, M|100/100
|-damage|p1a: Toxapex|88/100|[from] Stealth Rock
|move|p2a: Ho-Oh|Brave Bird|p1a: Toxapex
|-damage|p1a: Toxapex|41/100
|-damage|p2a: Ho-Oh|67/100|[from] Recoil
|
|-weather|Sandstorm|[upkeep]
|-damage|p2a: Ho-Oh|60/100|[from] Sandstorm
|-damage|p1a: Toxapex|35/100|[from] Sandstorm
|upkeep
|turn|34
|
|t:|1631723824
|move|p1a: Toxapex|Baneful Bunker|p1a: Toxapex
|-singleturn|p1a: Toxapex|move: Protect
|move|p2a: Ho-Oh|Defog|p1a: Toxapex
|-activate|p1a: Toxapex|move: Protect
|
|-weather|none
|upkeep
|turn|35
|
|t:|1631723827
|switch|p1a: Tyranitar|Tyranitar, M|84/100 slp
|-damage|p1a: Tyranitar|71/100 slp|[from] Stealth Rock
|-weather|Sandstorm|[from] ability: Sand Stream|[of] p1a: Tyranitar
|move|p2a: Ho-Oh|Brave Bird|p1a: Tyranitar
|-resisted|p1a: Tyranitar
|-damage|p1a: Tyranitar|53/100 slp
|-damage|p2a: Ho-Oh|54/100|[from] Recoil
|
|-weather|Sandstorm|[upkeep]
|-damage|p2a: Ho-Oh|48/100|[from] Sandstorm
|upkeep
|turn|36
|
|t:|1631723834
|cant|p1a: Tyranitar|slp
|move|p2a: Ho-Oh|Defog|p1a: Tyranitar
|-unboost|p1a: Tyranitar|evasion|1
|-sideend|p1: PokeDuels|Stealth Rock|[from] move: Defog|[of] p2a: Ho-Oh
|-sideend|p2: Darkortex|Stealth Rock|[from] move: Defog|[of] p2a: Ho-Oh
|
|-weather|Sandstorm|[upkeep]
|-damage|p2a: Ho-Oh|42/100|[from] Sandstorm
|upkeep
|turn|37
|
|t:|1631723837
|switch|p2a: Necrozma|Necrozma-Dusk-Mane|32/100
|cant|p1a: Tyranitar|slp
|
|-weather|Sandstorm|[upkeep]
|upkeep
|turn|38
|
|t:|1631723843
|switch|p1a: Landorus|Landorus-Therian, M|36/100
|-ability|p1a: Landorus|Intimidate|boost
|-unboost|p2a: Necrozma|atk|1
|move|p2a: Necrozma|Sunsteel Strike|p1a: Landorus
|-damage|p1a: Landorus|13/100
|
|-weather|Sandstorm|[upkeep]
|upkeep
|turn|39
|
|t:|1631723848
|switch|p2a: Ho-Oh|Ho-Oh|76/100
|move|p1a: Landorus|Stealth Rock|p2a: Ho-Oh
|-sidestart|p2: Darkortex|move: Stealth Rock
|
|-weather|none
|upkeep
|turn|40
|
|t:|1631723852
|switch|p1a: Tyranitar|Tyranitar, M|53/100 slp
|-weather|Sandstorm|[from] ability: Sand Stream|[of] p1a: Tyranitar
|move|p2a: Ho-Oh|Defog|p1a: Tyranitar
|-unboost|p1a: Tyranitar|evasion|1
|-sideend|p2: Darkortex|Stealth Rock|[from] move: Defog|[of] p2a: Ho-Oh
|
|-weather|Sandstorm|[upkeep]
|-damage|p2a: Ho-Oh|70/100|[from] Sandstorm
|upkeep
|turn|41
|
|t:|1631723860
|switch|p2a: Necrozma|Necrozma-Dusk-Mane|32/100
|-curestatus|p1a: Tyranitar|slp|[msg]
|move|p1a: Tyranitar|Rest|p1a: Tyranitar
|-status|p1a: Tyranitar|slp|[from] move: Rest
|-heal|p1a: Tyranitar|100/100 slp|[silent]
|
|-weather|Sandstorm|[upkeep]
|upkeep
|turn|42
|
|t:|1631723865
|switch|p1a: Ditto|Ditto|100/100
|-transform|p1a: Ditto|p2a: Necrozma|[from] ability: Imposter
|move|p2a: Necrozma|Stealth Rock|p1a: Ditto
|-sidestart|p1: PokeDuels|move: Stealth Rock
|
|-weather|Sandstorm|[upkeep]
|upkeep
|turn|43
|
|t:|1631723869
|switch|p2a: Ho-Oh|Ho-Oh|100/100
|move|p1a: Ditto|Stealth Rock|p2a: Ho-Oh
|-sidestart|p2: Darkortex|move: Stealth Rock
|
|-weather|Sandstorm|[upkeep]
|-damage|p2a: Ho-Oh|94/100|[from] Sandstorm
|upkeep
|turn|44
|
|t:|1631723878
|switch|p1a: Toxapex|Toxapex, M|69/100
|-damage|p1a: Toxapex|57/100|[from] Stealth Rock
|move|p2a: Ho-Oh|Defog|p1a: Toxapex
|-unboost|p1a: Toxapex|evasion|1
|-sideend|p1: PokeDuels|Stealth Rock|[from] move: Defog|[of] p2a: Ho-Oh
|-sideend|p2: Darkortex|Stealth Rock|[from] move: Defog|[of] p2a: Ho-Oh
|
|-weather|none
|upkeep
|turn|45
|
|t:|1631723886
|switch|p1a: Ditto|Ditto|100/100
|-transform|p1a: Ditto|p2a: Ho-Oh|[from] ability: Imposter
|move|p2a: Ho-Oh|Thunder Wave|p1a: Ditto
|-status|p1a: Ditto|par
|
|upkeep
|turn|46
|
|t:|1631723901
|switch|p2a: Eternatus|Eternatus|100/100
|-ability|p2a: Eternatus|Pressure
|move|p1a: Ditto|Sacred Fire|p2a: Eternatus
|-resisted|p2a: Eternatus
|-damage|p2a: Eternatus|82/100
|
|-heal|p2a: Eternatus|88/100|[from] item: Black Sludge
|upkeep
|turn|47
|
|t:|1631723915
|switch|p2a: Ho-Oh|Ho-Oh|100/100
|switch|p1a: Blissey|Blissey, F|100/100
|
|upkeep
|turn|48
|
|t:|1631723924
|move|p2a: Ho-Oh|Brave Bird|p1a: Blissey
|-damage|p1a: Blissey|34/100
|-damage|p2a: Ho-Oh|65/100|[from] Recoil
|move|p1a: Blissey|Soft-Boiled|p1a: Blissey
|-heal|p1a: Blissey|84/100
|
|upkeep
|turn|49
|
|t:|1631723930
|move|p2a: Ho-Oh|Sacred Fire|p1a: Blissey
|-damage|p1a: Blissey|26/100
|-status|p1a: Blissey|brn
|move|p1a: Blissey|Soft-Boiled|p1a: Blissey
|-heal|p1a: Blissey|76/100 brn
|
|-damage|p1a: Blissey|70/100 brn|[from] brn
|upkeep
|turn|50
|
|t:|1631723939
|switch|p1a: Ditto|Ditto|100/100 par
|-transform|p1a: Ditto|p2a: Ho-Oh|[from] ability: Imposter
|move|p2a: Ho-Oh|Brave Bird|p1a: Ditto
|-damage|p1a: Ditto|18/100 par
|-damage|p2a: Ho-Oh|45/100|[from] Recoil
|
|upkeep
|turn|51
|
|t:|1631723945
|switch|p1a: Toxapex|Toxapex, M|90/100
|move|p2a: Ho-Oh|Brave Bird|p1a: Toxapex
|-damage|p1a: Toxapex|39/100
|-damage|p2a: Ho-Oh|33/100|[from] Recoil
|
|upkeep
|turn|52
|
|t:|1631723956
|move|p1a: Toxapex|Baneful Bunker|p1a: Toxapex
|-singleturn|p1a: Toxapex|move: Protect
|move|p2a: Ho-Oh|Thunder Wave|p1a: Toxapex
|-activate|p1a: Toxapex|move: Protect
|
|upkeep
|turn|53
|
|t:|1631723962
|switch|p2a: Necrozma|Necrozma-Dusk-Mane|32/100
|switch|p1a: Tyranitar|Tyranitar, M|100/100 slp
|-weather|Sandstorm|[from] ability: Sand Stream|[of] p1a: Tyranitar
|
|-weather|Sandstorm|[upkeep]
|upkeep
|turn|54
|
|t:|1631723968
|switch|p1a: Landorus|Landorus-Therian, M|13/100
|-ability|p1a: Landorus|Intimidate|boost
|-unboost|p2a: Necrozma|atk|1
|move|p2a: Necrozma|Morning Sun|p2a: Necrozma
|-heal|p2a: Necrozma|57/100
|
|-weather|Sandstorm|[upkeep]
|upkeep
|turn|55
|
|t:|1631723972
|switch|p1a: Buzzwole|Buzzwole, shiny|100/100
|switch|p2a: Ho-Oh|Ho-Oh|67/100
|
|-weather|Sandstorm|[upkeep]
|-damage|p2a: Ho-Oh|60/100|[from] Sandstorm
|-damage|p1a: Buzzwole|94/100|[from] Sandstorm
|upkeep
|turn|56
|
|t:|1631723978
|switch|p1a: Toxapex|Toxapex, M|73/100
|move|p2a: Ho-Oh|Brave Bird|p1a: Toxapex
|-damage|p1a: Toxapex|26/100
|-damage|p2a: Ho-Oh|49/100|[from] Recoil
|
|-weather|Sandstorm|[upkeep]
|-damage|p2a: Ho-Oh|43/100|[from] Sandstorm
|-damage|p1a: Toxapex|20/100|[from] Sandstorm
|upkeep
|turn|57
|
|t:|1631723983
|switch|p1a: Tyranitar|Tyranitar, M|100/100 slp
|move|p2a: Ho-Oh|Brave Bird|p1a: Tyranitar
|-resisted|p1a: Tyranitar
|-damage|p1a: Tyranitar|80/100 slp
|-damage|p2a: Ho-Oh|37/100|[from] Recoil
|
|-weather|none
|upkeep
|turn|58
|
|t:|1631723990
|switch|p1a: Ditto|Ditto|52/100 par
|-transform|p1a: Ditto|p2a: Ho-Oh|[from] ability: Imposter
|switch|p2a: Necrozma|Necrozma-Dusk-Mane|57/100
|
|upkeep
|turn|59
|
|t:|1631723997
|move|p2a: Necrozma|Stealth Rock|p1a: Ditto
|-sidestart|p1: PokeDuels|move: Stealth Rock
|move|p1a: Ditto|Sacred Fire|p2a: Necrozma
|-supereffective|p2a: Necrozma
|-damage|p2a: Necrozma|9/100
|
|upkeep
|turn|60
|
|t:|1631724003
|move|p2a: Necrozma|Morning Sun|p2a: Necrozma
|-heal|p2a: Necrozma|59/100
|cant|p1a: Ditto|par
|
|upkeep
|turn|61
|
|t:|1631724008
|switch|p2a: Ho-Oh|Ho-Oh|70/100
|move|p1a: Ditto|Sacred Fire|p2a: Ho-Oh
|-resisted|p2a: Ho-Oh
|-damage|p2a: Ho-Oh|44/100
|
|upkeep
|turn|62
|
|t:|1631724018
|switch|p1a: Tyranitar|Tyranitar, M|80/100 slp
|-damage|p1a: Tyranitar|68/100 slp|[from] Stealth Rock
|-weather|Sandstorm|[from] ability: Sand Stream|[of] p1a: Tyranitar
|move|p2a: Ho-Oh|Brave Bird|p1a: Tyranitar
|-resisted|p1a: Tyranitar
|-damage|p1a: Tyranitar|48/100 slp
|-damage|p2a: Ho-Oh|37/100|[from] Recoil
|
|-weather|Sandstorm|[upkeep]
|-damage|p2a: Ho-Oh|31/100|[from] Sandstorm
|upkeep
|turn|63
|
|t:|1631724025
|switch|p1a: Blissey|Blissey, F|70/100
|-damage|p1a: Blissey|57/100|[from] Stealth Rock
|switch|p2a: Necrozma|Necrozma-Dusk-Mane|59/100
|
|-weather|Sandstorm|[upkeep]
|-damage|p1a: Blissey|51/100|[from] Sandstorm
|upkeep
|turn|64
|
|t:|1631724032
|move|p2a: Necrozma|Sunsteel Strike|p1a: Blissey
|-damage|p1a: Blissey|0 fnt
|faint|p1a: Blissey
|
|-weather|Sandstorm|[upkeep]
|upkeep
|
|t:|1631724035
|switch|p1a: Buzzwole|Buzzwole, shiny|94/100
|-damage|p1a: Buzzwole|82/100|[from] Stealth Rock
|turn|65
|
|t:|1631724047
|switch|p2a: Ho-Oh|Ho-Oh|65/100
|move|p1a: Buzzwole|Bulk Up|p1a: Buzzwole
|-boost|p1a: Buzzwole|atk|1
|-boost|p1a: Buzzwole|def|1
|
|-weather|Sandstorm|[upkeep]
|-damage|p2a: Ho-Oh|59/100|[from] Sandstorm
|-damage|p1a: Buzzwole|76/100|[from] Sandstorm
|upkeep
|turn|66
|
|t:|1631724053
|move|p2a: Ho-Oh|Brave Bird|p1a: Buzzwole
|-supereffective|p1a: Buzzwole
|-damage|p1a: Buzzwole|0 fnt
|-damage|p2a: Ho-Oh|42/100|[from] item: Rocky Helmet|[of] p1a: Buzzwole
|faint|p1a: Buzzwole
|-damage|p2a: Ho-Oh|17/100|[from] Recoil
|
|-weather|none
|upkeep
|-message|PokeDuels forfeited.
|
|win|Darkortex
|raw|PokeDuels's rating: 1582 &rarr; <strong>1558</strong><br />(-24 for losing)
|raw|Darkortex's rating: 1513 &rarr; <strong>1537</strong><br />(+24 for winning)
|l|☆PokeDuels
|c|☆Darkortex|the bird is the word
||Ladder isn't responding, score probably updated but might not have (Request timeout).
