|j|☆INTERNET OVERDOSE
|j|☆SrKalopsia
|t:|1645810049
|gametype|singles
|player|p1|INTERNET OVERDOSE|lass-gen4|
|player|p2|SrKalopsia|lusamine-nihilego|
|teamsize|p1|6
|teamsize|p2|6
|gen|8
|tier|[Gen 8] Ubers
|rated|Tournament battle
|rule|Sleep Clause Mod: Limit one foe put to sleep
|rule|Species Clause: Limit one of each Pokémon
|rule|OHKO Clause: OHKO moves are banned
|rule|Evasion Moves Clause: Evasion moves are banned
|rule|Endless Battle Clause: Forcing endless battles is banned
|rule|HP Percentage Mod: HP is shown in percentages
|rule|Dynamax Clause: You cannot dynamax
|clearpoke
|poke|p1|Mamoswine, F|
|poke|p1|Ninetales-Alola, M|
|poke|p1|Abomasnow, M|
|poke|p1|Arctozolt|
|poke|p1|Calyrex-Ice|
|poke|p1|Weavile, M|
|poke|p2|Slurpuff, F|
|poke|p2|Landorus, M|
|poke|p2|Calyrex-Shadow|
|poke|p2|Eternatus|
|poke|p2|Necrozma-Dusk-Mane|
|poke|p2|Yveltal|
|teampreview
|inactive|Battle timer is ON: inactive players will automatically lose when time's up. (requested by SrKalopsia)
|
|t:|1645810057
|start
|switch|p1a: Weavile|Weavile, M|100/100
|switch|p2a: Fat GF|Slurpuff, F, shiny|100/100
|-ability|p1a: Weavile|Pressure
|turn|1
|
|t:|1645810061
|move|p1a: Weavile|Triple Axel|p2a: Fat GF|[miss]
|-miss|p1a: Weavile|p2a: Fat GF
|move|p2a: Fat GF|Sticky Web|p1a: Weavile
|-sidestart|p1: INTERNET OVERDOSE|move: Sticky Web
|
|upkeep
|turn|2
|
|t:|1645810065
|move|p2a: Fat GF|Magic Coat|p2a: Fat GF
|-singleturn|p2a: Fat GF|move: Magic Coat
|move|p1a: Weavile|Triple Axel|p2a: Fat GF
|-damage|p2a: Fat GF|82/100
|-damage|p2a: Fat GF|44/100
|-damage|p2a: Fat GF|0 fnt
|faint|p2a: Fat GF
|-hitcount|p2: Fat GF|3
|
|upkeep
|
|t:|1645810086
|switch|p2a: Leobot|Necrozma-Dusk-Mane|100/100
|turn|3
|
|t:|1645810101
|move|p1a: Weavile|Swords Dance|p1a: Weavile
|-boost|p1a: Weavile|atk|2
|move|p2a: Leobot|Dragon Dance|p2a: Leobot
|-boost|p2a: Leobot|atk|1
|-boost|p2a: Leobot|spe|1
|
|upkeep
|turn|4
|
|t:|1645810104
|move|p1a: Weavile|Knock Off|p2a: Leobot
|-supereffective|p2a: Leobot
|-damage|p2a: Leobot|0 fnt
|-enditem|p2a: Leobot|Life Orb|[from] move: Knock Off|[of] p1a: Weavile
|faint|p2a: Leobot
|
|upkeep
|
|t:|1645810111
|switch|p2a: Chickenbot|Yveltal, shiny|100/100
|-ability|p2a: Chickenbot|Dark Aura
|turn|5
|
|t:|1645810112
|move|p2a: Chickenbot|Sucker Punch|p1a: Weavile
|-resisted|p1a: Weavile
|-damage|p1a: Weavile|51/100
|move|p1a: Weavile|Triple Axel|p2a: Chickenbot
|-supereffective|p2a: Chickenbot
|-damage|p2a: Chickenbot|63/100
|-supereffective|p2a: Chickenbot
|-damage|p2a: Chickenbot|0 fnt
|faint|p2a: Chickenbot
|-hitcount|p2: Chickenbot|2
|
|upkeep
|
|t:|1645810118
|switch|p2a: Kalameet|Eternatus|100/100
|-ability|p2a: Kalameet|Pressure
|turn|6
|inactive|INTERNET OVERDOSE has 120 seconds left.
|
|t:|1645810151
|switch|p1a: Abomasnow|Abomasnow, M|100/100
|-activate|p1a: Abomasnow|move: Sticky Web
|-unboost|p1a: Abomasnow|spe|1
|-weather|Hail|[from] ability: Snow Warning|[of] p1a: Abomasnow
|move|p2a: Kalameet|Sludge Bomb|p1a: Abomasnow
|-supereffective|p1a: Abomasnow
|-damage|p1a: Abomasnow|33/100
|
|-weather|Hail|[upkeep]
|-damage|p2a: Kalameet|94/100|[from] Hail
|upkeep
|turn|7
|
|t:|1645810154
|move|p1a: Abomasnow|Ice Shard|p2a: Kalameet
|-supereffective|p2a: Kalameet
|-damage|p2a: Kalameet|74/100
|move|p2a: Kalameet|Sludge Bomb|p1a: Abomasnow
|-supereffective|p1a: Abomasnow
|-damage|p1a: Abomasnow|0 fnt
|faint|p1a: Abomasnow
|
|-weather|Hail|[upkeep]
|-damage|p2a: Kalameet|68/100|[from] Hail
|upkeep
|
|t:|1645810155
|switch|p1a: Calyrex|Calyrex-Ice|100/100
|-ability|p1a: Calyrex|As One
|-ability|p1a: Calyrex|Unnerve
|-activate|p1a: Calyrex|move: Sticky Web
|-unboost|p1a: Calyrex|spe|1
|turn|8
|
|t:|1645810162
|switch|p1a: Ninetales|Ninetales-Alola, M|100/100
|-activate|p1a: Ninetales|move: Sticky Web
|-unboost|p1a: Ninetales|spe|1
|move|p2a: Kalameet|Flamethrower|p1a: Ninetales
|-supereffective|p1a: Ninetales
|-damage|p1a: Ninetales|35/100
|-status|p1a: Ninetales|brn
|
|-weather|Hail|[upkeep]
|-damage|p2a: Kalameet|62/100|[from] Hail
|-damage|p1a: Ninetales|29/100 brn|[from] brn
|upkeep
|turn|9
|
|t:|1645810166
|move|p2a: Kalameet|Flamethrower|p1a: Ninetales
|-supereffective|p1a: Ninetales
|-damage|p1a: Ninetales|0 fnt
|faint|p1a: Ninetales
|
|-weather|Hail|[upkeep]
|-damage|p2a: Kalameet|55/100|[from] Hail
|upkeep
|
|t:|1645810167
|switch|p1a: Mamoswine|Mamoswine, F|100/100
|-activate|p1a: Mamoswine|move: Sticky Web
|-unboost|p1a: Mamoswine|spe|1
|turn|10
|
|t:|1645810172
|move|p2a: Kalameet|Flamethrower|p1a: Mamoswine
|-supereffective|p1a: Mamoswine
|-damage|p1a: Mamoswine|12/100
|move|p1a: Mamoswine|Stealth Rock|p2a: Kalameet
|-sidestart|p2: SrKalopsia|move: Stealth Rock
|
|-weather|Hail|[upkeep]
|-damage|p2a: Kalameet|49/100|[from] Hail
|upkeep
|turn|11
|
|t:|1645810175
|move|p1a: Mamoswine|Ice Shard|p2a: Kalameet
|-supereffective|p2a: Kalameet
|-damage|p2a: Kalameet|15/100
|move|p2a: Kalameet|Flamethrower|p1a: Mamoswine
|-supereffective|p1a: Mamoswine
|-damage|p1a: Mamoswine|0 fnt
|faint|p1a: Mamoswine
|
|-weather|Hail|[upkeep]
|-damage|p2a: Kalameet|9/100|[from] Hail
|upkeep
|j| Holy Reduyan
|
|t:|1645810183
|switch|p1a: Calyrex|Calyrex-Ice|100/100
|-ability|p1a: Calyrex|As One
|-ability|p1a: Calyrex|Unnerve
|-activate|p1a: Calyrex|move: Sticky Web
|-unboost|p1a: Calyrex|spe|1
|turn|12
|
|t:|1645810186
|move|p2a: Kalameet|Flamethrower|p1a: Calyrex
|-supereffective|p1a: Calyrex
|-damage|p1a: Calyrex|57/100
|-status|p1a: Calyrex|brn
|move|p1a: Calyrex|Trick Room|p1a: Calyrex
|-fieldstart|move: Trick Room|[of] p1a: Calyrex
|
|-weather|Hail|[upkeep]
|-damage|p2a: Kalameet|3/100|[from] Hail
|-damage|p1a: Calyrex|51/100 brn|[from] brn
|upkeep
|turn|13
|
|t:|1645810188
|move|p1a: Calyrex|Glacial Lance|p2a: Kalameet
|-supereffective|p2a: Kalameet
|-damage|p2a: Kalameet|0 fnt
|faint|p2a: Kalameet
|-ability|p1a: Calyrex|Chilling Neigh|boost
|-boost|p1a: Calyrex|atk|1
|
|-weather|none
|-damage|p1a: Calyrex|44/100 brn|[from] brn
|upkeep
|
|t:|1645810192
|switch|p2a: Lakitu|Landorus, M, shiny|100/100
|-damage|p2a: Lakitu|88/100|[from] Stealth Rock
|turn|14
|
|t:|1645810197
|move|p1a: Calyrex|Glacial Lance|p2a: Lakitu
|-supereffective|p2a: Lakitu
|-damage|p2a: Lakitu|0 fnt
|faint|p2a: Lakitu
|-ability|p1a: Calyrex|Chilling Neigh|boost
|-boost|p1a: Calyrex|atk|1
|
|-damage|p1a: Calyrex|38/100 brn|[from] brn
|upkeep
|
|t:|1645810201
|switch|p2a: My Little Pony|Calyrex-Shadow|100/100
|-ability|p2a: My Little Pony|As One
|-ability|p2a: My Little Pony|Unnerve
|-damage|p2a: My Little Pony|88/100|[from] Stealth Rock
|turn|15
|
|t:|1645810205
|move|p1a: Calyrex|Glacial Lance|p2a: My Little Pony
|-damage|p2a: My Little Pony|0 fnt
|faint|p2a: My Little Pony
|
|win|INTERNET OVERDOSE
|n|☆INTERNET OVERDOSE|internetoverdose
|n|☆SrKalopsia|srkalopsia
|n| Holy Reduyan|holyreduyan
