|j|☆HZS Belle
|j|☆4125al41
|t:|1652881796
|gametype|singles
|player|p1|HZS Belle|roxanne|
|player|p2|4125al41|steven|
|teamsize|p1|6
|teamsize|p2|6
|gen|8
|tier|[Gen 8] Ubers
|rated|Tournament battle
|rule|Sleep Clause Mod: Limit one foe put to sleep
|rule|Species Clause: Limit one of each Pokémon
|rule|OHKO Clause: OHKO moves are banned
|rule|Evasion Moves Clause: Evasion moves are banned
|rule|Endless Battle Clause: Forcing endless battles is banned
|rule|HP Percentage Mod: HP is shown in percentages
|rule|Dynamax Clause: You cannot dynamax
|clearpoke
|poke|p1|Calyrex-Shadow|
|poke|p1|Eternatus|
|poke|p1|Yveltal|
|poke|p1|Necrozma-Dusk-Mane|
|poke|p1|Giratina-Origin|
|poke|p1|Zamazenta-*|
|poke|p2|Marshadow|
|poke|p2|Eternatus|
|poke|p2|Calyrex-Shadow|
|poke|p2|Ho-Oh|
|poke|p2|Groudon|
|poke|p2|Xerneas-*|
|teampreview
|
|t:|1652881806
|start
|switch|p1a: :^)|Necrozma-Dusk-Mane, shiny|100/100
|switch|p2a: Groudon|Groudon|100/100
|-weather|SunnyDay|[from] ability: Drought|[of] p2a: Groudon
|turn|1
|
|t:|1652881809
|move|p1a: :^)|Stealth Rock|p2a: Groudon
|-sidestart|p2: 4125al41|move: Stealth Rock
|move|p2a: Groudon|Thunder Wave|p1a: :^)
|-status|p1a: :^)|par
|
|-weather|SunnyDay|[upkeep]
|upkeep
|turn|2
|
|t:|1652881813
|switch|p1a: what if|Giratina-Origin, shiny|100/100
|move|p2a: Groudon|Stealth Rock|p1a: what if
|-sidestart|p1: HZS Belle|move: Stealth Rock
|
|-weather|SunnyDay|[upkeep]
|upkeep
|turn|3
|
|t:|1652881818
|switch|p2a: Calyrex|Calyrex-Shadow|100/100
|-ability|p2a: Calyrex|As One
|-ability|p2a: Calyrex|Unnerve
|-damage|p2a: Calyrex|88/100|[from] Stealth Rock
|move|p1a: what if|Poltergeist|p2a: Calyrex|[miss]
|-miss|p1a: what if|p2a: Calyrex
|
|-weather|SunnyDay|[upkeep]
|upkeep
|turn|4
|
|t:|1652881829
|switch|p2a: Eternatus|Eternatus|100/100
|-damage|p2a: Eternatus|88/100|[from] Stealth Rock
|-ability|p2a: Eternatus|Pressure
|move|p1a: what if|Shadow Sneak|p2a: Eternatus
|-damage|p2a: Eternatus|65/100
|
|-weather|SunnyDay|[upkeep]
|upkeep
|turn|5
|
|t:|1652881833
|switch|p1a: :^)|Necrozma-Dusk-Mane, shiny|100/100 par
|-damage|p1a: :^)|94/100 par|[from] Stealth Rock
|move|p2a: Eternatus|Dynamax Cannon|p1a: :^)
|-resisted|p1a: :^)
|-damage|p1a: :^)|76/100 par
|
|-weather|none
|-heal|p1a: :^)|82/100 par|[from] item: Leftovers
|upkeep
|turn|6
|
|t:|1652881839
|switch|p2a: Groudon|Groudon|100/100
|-damage|p2a: Groudon|94/100|[from] Stealth Rock
|-weather|SunnyDay|[from] ability: Drought|[of] p2a: Groudon
|cant|p1a: :^)|par
|
|-weather|SunnyDay|[upkeep]
|-heal|p2a: Groudon|100/100|[from] item: Leftovers
|-heal|p1a: :^)|88/100 par|[from] item: Leftovers
|upkeep
|turn|7
|
|t:|1652881842
|switch|p2a: Eternatus|Eternatus|65/100
|-damage|p2a: Eternatus|53/100|[from] Stealth Rock
|-ability|p2a: Eternatus|Pressure
|switch|p1a: what if|Giratina-Origin, shiny|100/100
|-damage|p1a: what if|88/100|[from] Stealth Rock
|
|-weather|SunnyDay|[upkeep]
|upkeep
|turn|8
|
|t:|1652881844
|switch|p1a: :^)|Necrozma-Dusk-Mane, shiny|88/100 par
|-damage|p1a: :^)|82/100 par|[from] Stealth Rock
|move|p2a: Eternatus|Recover|p2a: Eternatus
|-heal|p2a: Eternatus|100/100
|
|-weather|SunnyDay|[upkeep]
|-heal|p1a: :^)|88/100 par|[from] item: Leftovers
|upkeep
|turn|9
|
|t:|1652881848
|move|p2a: Eternatus|Flamethrower|p1a: :^)
|-supereffective|p1a: :^)
|-damage|p1a: :^)|37/100 par
|move|p1a: :^)|Thunder Wave|p2a: Eternatus
|-status|p2a: Eternatus|par
|
|-weather|SunnyDay|[upkeep]
|-heal|p1a: :^)|43/100 par|[from] item: Leftovers
|upkeep
|turn|10
|
|t:|1652881852
|switch|p1a: WOR|Eternatus|100/100
|-damage|p1a: WOR|88/100|[from] Stealth Rock
|-ability|p1a: WOR|Pressure
|move|p2a: Eternatus|Flamethrower|p1a: WOR
|-resisted|p1a: WOR
|-damage|p1a: WOR|65/100
|
|-weather|none
|upkeep
|turn|11
|
|t:|1652881855
|switch|p2a: Calyrex|Calyrex-Shadow|88/100
|-ability|p2a: Calyrex|As One
|-ability|p2a: Calyrex|Unnerve
|-damage|p2a: Calyrex|76/100|[from] Stealth Rock
|move|p1a: WOR|Dynamax Cannon|p2a: Calyrex
|-damage|p2a: Calyrex|2/100
|-damage|p1a: WOR|55/100|[from] item: Life Orb
|
|upkeep
|turn|12
|
|t:|1652881859
|switch|p1a: Bloodwing|Yveltal, shiny|100/100
|-damage|p1a: Bloodwing|76/100|[from] Stealth Rock
|-ability|p1a: Bloodwing|Dark Aura
|move|p2a: Calyrex|Aromatherapy|p2a: Calyrex
|-activate|p2a: Calyrex|move: Aromatherapy
|-curestatus|p2: Eternatus|par|[msg]
|
|upkeep
|turn|13
|
|t:|1652881862
|switch|p2a: Groudon|Groudon|100/100
|-damage|p2a: Groudon|94/100|[from] Stealth Rock
|-weather|SunnyDay|[from] ability: Drought|[of] p2a: Groudon
|move|p1a: Bloodwing|Roost|p1a: Bloodwing
|-heal|p1a: Bloodwing|100/100
|-singleturn|p1a: Bloodwing|move: Roost
|
|-weather|SunnyDay|[upkeep]
|-heal|p2a: Groudon|100/100|[from] item: Leftovers
|upkeep
|turn|14
|
|t:|1652881873
|switch|p1a: what if|Giratina-Origin, shiny|88/100
|-damage|p1a: what if|76/100|[from] Stealth Rock
|move|p2a: Groudon|Thunder Wave|p1a: what if
|-status|p1a: what if|par
|
|-weather|SunnyDay|[upkeep]
|upkeep
|turn|15
|
|t:|1652881876
|move|p2a: Groudon|Stone Edge|p1a: what if
|-damage|p1a: what if|48/100 par
|move|p1a: what if|Poltergeist|p2a: Groudon
|-activate|p2a: Groudon|move: Poltergeist|Leftovers
|-damage|p2a: Groudon|64/100
|
|-weather|SunnyDay|[upkeep]
|-heal|p2a: Groudon|70/100|[from] item: Leftovers
|upkeep
|turn|16
|
|t:|1652881882
|move|p2a: Groudon|Stone Edge|p1a: what if|[miss]
|-miss|p2a: Groudon|p1a: what if
|move|p1a: what if|Defog|p2a: Groudon
|-unboost|p2a: Groudon|evasion|1
|-sideend|p2: 4125al41|Stealth Rock|[from] move: Defog|[of] p1a: what if
|-sideend|p1: HZS Belle|Stealth Rock|[from] move: Defog|[of] p1a: what if
|
|-weather|SunnyDay|[upkeep]
|-heal|p2a: Groudon|76/100|[from] item: Leftovers
|upkeep
|turn|17
|
|t:|1652881886
|move|p2a: Groudon|Stealth Rock|p1a: what if
|-sidestart|p1: HZS Belle|move: Stealth Rock
|move|p1a: what if|Poltergeist|p2a: Groudon
|-activate|p2a: Groudon|move: Poltergeist|Leftovers
|-damage|p2a: Groudon|39/100
|
|-weather|none
|-heal|p2a: Groudon|46/100|[from] item: Leftovers
|upkeep
|turn|18
|
|t:|1652881889
|move|p2a: Groudon|Stone Edge|p1a: what if|[miss]
|-miss|p2a: Groudon|p1a: what if
|move|p1a: what if|Defog|p2a: Groudon
|-unboost|p2a: Groudon|evasion|1
|-sideend|p1: HZS Belle|Stealth Rock|[from] move: Defog|[of] p1a: what if
|
|-heal|p2a: Groudon|52/100|[from] item: Leftovers
|upkeep
|turn|19
|
|t:|1652881894
|switch|p2a: Ho-Oh|Ho-Oh|100/100
|move|p1a: what if|Poltergeist|p2a: Ho-Oh
|-activate|p2a: Ho-Oh|move: Poltergeist|Heavy-Duty Boots
|-damage|p2a: Ho-Oh|42/100
|
|upkeep
|turn|20
|
|t:|1652881899
|switch|p2a: Groudon|Groudon|52/100
|-weather|SunnyDay|[from] ability: Drought|[of] p2a: Groudon
|move|p1a: what if|Stone Edge|p2a: Groudon
|-resisted|p2a: Groudon
|-damage|p2a: Groudon|42/100
|
|-weather|SunnyDay|[upkeep]
|-heal|p2a: Groudon|48/100|[from] item: Leftovers
|upkeep
|turn|21
|
|t:|1652881902
|switch|p2a: Eternatus|Eternatus|100/100
|-ability|p2a: Eternatus|Pressure
|move|p1a: what if|Poltergeist|p2a: Eternatus
|-activate|p2a: Eternatus|move: Poltergeist|Power Herb
|-damage|p2a: Eternatus|39/100
|
|-weather|SunnyDay|[upkeep]
|upkeep
|turn|22
|
|t:|1652881909
|switch|p1a: lil nas X|Calyrex-Shadow|100/100
|-ability|p1a: lil nas X|As One
|-ability|p1a: lil nas X|Unnerve
|move|p2a: Eternatus|Recover|p2a: Eternatus
|-heal|p2a: Eternatus|89/100
|
|-weather|SunnyDay|[upkeep]
|upkeep
|turn|23
|
|t:|1652881917
|switch|p2a: Ho-Oh|Ho-Oh|75/100
|move|p1a: lil nas X|Aromatherapy|p1a: lil nas X
|-activate|p1a: lil nas X|move: Aromatherapy
|-curestatus|p1: :^)|par|[msg]
|-curestatus|p1: what if|par|[msg]
|
|-weather|SunnyDay|[upkeep]
|upkeep
|turn|24
|
|t:|1652881922
|switch|p1a: WOR|Eternatus|55/100
|-ability|p1a: WOR|Pressure
|move|p2a: Ho-Oh|Sacred Fire|p1a: WOR
|-resisted|p1a: WOR
|-damage|p1a: WOR|27/100
|-status|p1a: WOR|brn
|
|-weather|none
|-damage|p1a: WOR|21/100 brn|[from] brn
|upkeep
|turn|25
|
|t:|1652881926
|switch|p2a: Calyrex|Calyrex-Shadow|2/100
|-ability|p2a: Calyrex|As One
|-ability|p2a: Calyrex|Unnerve
|move|p1a: WOR|Recover|p1a: WOR
|-heal|p1a: WOR|71/100 brn
|
|-damage|p1a: WOR|65/100 brn|[from] brn
|upkeep
|turn|26
|
|t:|1652881931
|switch|p1a: Bloodwing|Yveltal, shiny|100/100
|-ability|p1a: Bloodwing|Dark Aura
|move|p2a: Calyrex|Trick|p1a: Bloodwing
|-activate|p2a: Calyrex|move: Trick|[of] p1a: Bloodwing
|-item|p1a: Bloodwing|Choice Specs|[from] move: Trick
|-item|p2a: Calyrex|Black Glasses|[from] move: Trick
|
|upkeep
|turn|27
|
|t:|1652881942
|switch|p2a: Ho-Oh|Ho-Oh|100/100
|switch|p1a: lil nas X|Calyrex-Shadow|100/100
|-ability|p1a: lil nas X|As One
|-ability|p1a: lil nas X|Unnerve
|
|upkeep
|turn|28
|
|t:|1652881947
|switch|p1a: WOR|Eternatus|65/100 brn
|-ability|p1a: WOR|Pressure
|move|p2a: Ho-Oh|Sacred Fire|p1a: WOR
|-resisted|p1a: WOR
|-damage|p1a: WOR|45/100 brn
|
|-damage|p1a: WOR|39/100 brn|[from] brn
|upkeep
|turn|29
|
|t:|1652881956
|switch|p2a: Calyrex|Calyrex-Shadow|2/100
|-ability|p2a: Calyrex|As One
|-ability|p2a: Calyrex|Unnerve
|move|p1a: WOR|Recover|p1a: WOR
|-heal|p1a: WOR|89/100 brn
|
|-damage|p1a: WOR|83/100 brn|[from] brn
|upkeep
|turn|30
|
|t:|1652881960
|switch|p2a: Groudon|Groudon|48/100
|-weather|SunnyDay|[from] ability: Drought|[of] p2a: Groudon
|move|p1a: WOR|Sludge Bomb|p2a: Groudon
|-resisted|p2a: Groudon
|-damage|p2a: Groudon|16/100
|-status|p2a: Groudon|psn
|-damage|p1a: WOR|73/100 brn|[from] item: Life Orb
|
|-weather|SunnyDay|[upkeep]
|-heal|p2a: Groudon|22/100 psn|[from] item: Leftovers
|-damage|p2a: Groudon|10/100 psn|[from] psn
|-damage|p1a: WOR|67/100 brn|[from] brn
|upkeep
|turn|31
|
|t:|1652881966
|switch|p2a: Ho-Oh|Ho-Oh|100/100
|move|p1a: WOR|Flamethrower|p2a: Ho-Oh
|-resisted|p2a: Ho-Oh
|-damage|p2a: Ho-Oh|83/100
|-damage|p1a: WOR|57/100 brn|[from] item: Life Orb
|
|-weather|SunnyDay|[upkeep]
|-damage|p1a: WOR|51/100 brn|[from] brn
|upkeep
|turn|32
|
|t:|1652881969
|switch|p2a: Calyrex|Calyrex-Shadow|2/100
|-ability|p2a: Calyrex|As One
|-ability|p2a: Calyrex|Unnerve
|move|p1a: WOR|Recover|p1a: WOR
|-heal|p1a: WOR|100/100 brn
|
|-weather|SunnyDay|[upkeep]
|-damage|p1a: WOR|94/100 brn|[from] brn
|upkeep
|turn|33
|
|t:|1652881972
|move|p2a: Calyrex|Astral Barrage|p1a: WOR
|-damage|p1a: WOR|27/100 brn
|move|p1a: WOR|Sludge Bomb|p2a: Calyrex
|-resisted|p2a: Calyrex
|-damage|p2a: Calyrex|0 fnt
|faint|p2a: Calyrex
|-damage|p1a: WOR|17/100 brn|[from] item: Life Orb
|
|-weather|SunnyDay|[upkeep]
|-damage|p1a: WOR|11/100 brn|[from] brn
|upkeep
|
|t:|1652881975
|switch|p2a: tensa-zangetsu|Marshadow|100/100
|turn|34
|
|t:|1652881980
|switch|p1a: Bloodwing|Yveltal, shiny|100/100
|-ability|p1a: Bloodwing|Dark Aura
|move|p2a: tensa-zangetsu|Shadow Sneak|p1a: Bloodwing
|-resisted|p1a: Bloodwing
|-damage|p1a: Bloodwing|86/100
|
|-weather|none
|upkeep
|turn|35
|
|t:|1652881984
|move|p2a: tensa-zangetsu|Close Combat|p1a: Bloodwing
|-damage|p1a: Bloodwing|31/100
|-unboost|p2a: tensa-zangetsu|def|1
|-unboost|p2a: tensa-zangetsu|spd|1
|move|p1a: Bloodwing|Knock Off|p2a: tensa-zangetsu
|-enditem|p2a: tensa-zangetsu|Focus Sash
|-damage|p2a: tensa-zangetsu|1/100
|
|upkeep
|turn|36
|
|t:|1652881991
|move|p2a: tensa-zangetsu|Close Combat|p1a: Bloodwing
|-damage|p1a: Bloodwing|0 fnt
|-unboost|p2a: tensa-zangetsu|def|1
|-unboost|p2a: tensa-zangetsu|spd|1
|faint|p1a: Bloodwing
|
|upkeep
|
|t:|1652881999
|switch|p1a: H|Zamazenta-Crowned, shiny|100/100
|-ability|p1a: H|Dauntless Shield|boost
|-boost|p1a: H|def|1
|turn|37
|
|t:|1652882009
|switch|p2a: Groudon|Groudon|10/100 psn
|-weather|SunnyDay|[from] ability: Drought|[of] p2a: Groudon
|move|p1a: H|Behemoth Bash|p2a: Groudon
|-damage|p2a: Groudon|0 fnt
|faint|p2a: Groudon
|
|-weather|SunnyDay|[upkeep]
|upkeep
|
|t:|1652882011
|switch|p2a: Eternatus|Eternatus|89/100
|-ability|p2a: Eternatus|Pressure
|turn|38
|
|t:|1652882021
|switch|p1a: what if|Giratina-Origin, shiny|48/100
|move|p2a: Eternatus|Flamethrower|p1a: what if
|-resisted|p1a: what if
|-damage|p1a: what if|30/100
|
|-weather|SunnyDay|[upkeep]
|upkeep
|turn|39
|
|t:|1652882031
|move|p1a: what if|Shadow Sneak|p2a: Eternatus
|-damage|p2a: Eternatus|69/100
|move|p2a: Eternatus|Dynamax Cannon|p1a: what if
|-supereffective|p1a: what if
|-damage|p1a: what if|0 fnt
|faint|p1a: what if
|
|-weather|SunnyDay|[upkeep]
|upkeep
|
|t:|1652882034
|switch|p1a: WOR|Eternatus|11/100 brn
|-ability|p1a: WOR|Pressure
|turn|40
|
|t:|1652882037
|switch|p2a: Xerneas|Xerneas|100/100
|-ability|p2a: Xerneas|Fairy Aura
|move|p1a: WOR|Dynamax Cannon|p2a: Xerneas
|-immune|p2a: Xerneas
|
|-weather|SunnyDay|[upkeep]
|-damage|p1a: WOR|5/100 brn|[from] brn
|upkeep
|turn|41
|
|t:|1652882046
|move|p2a: Xerneas|Night Slash|p1a: WOR
|-damage|p1a: WOR|0 fnt
|faint|p1a: WOR
|
|-weather|none
|upkeep
|
|t:|1652882048
|switch|p1a: :^)|Necrozma-Dusk-Mane, shiny|43/100
|turn|42
|
|t:|1652882060
|switch|p2a: tensa-zangetsu|Marshadow|1/100
|move|p1a: :^)|Stealth Rock|p2a: tensa-zangetsu
|-sidestart|p2: 4125al41|move: Stealth Rock
|
|-heal|p1a: :^)|49/100|[from] item: Leftovers
|upkeep
|turn|43
|
|t:|1652882063
|move|p2a: tensa-zangetsu|Endeavor|p1a: :^)
|-damage|p1a: :^)|1/100
|move|p1a: :^)|Iron Head|p2a: tensa-zangetsu
|-damage|p2a: tensa-zangetsu|0 fnt
|faint|p2a: tensa-zangetsu
|
|-heal|p1a: :^)|7/100|[from] item: Leftovers
|upkeep
|
|t:|1652882069
|switch|p2a: Eternatus|Eternatus|69/100
|-damage|p2a: Eternatus|56/100|[from] Stealth Rock
|-ability|p2a: Eternatus|Pressure
|turn|44
|
|t:|1652882071
|move|p2a: Eternatus|Flamethrower|p1a: :^)
|-supereffective|p1a: :^)
|-damage|p1a: :^)|0 fnt
|faint|p1a: :^)
|
|upkeep
|
|t:|1652882073
|switch|p1a: lil nas X|Calyrex-Shadow|100/100
|-ability|p1a: lil nas X|As One
|-ability|p1a: lil nas X|Unnerve
|turn|45
|
|t:|1652882075
|switch|p2a: Ho-Oh|Ho-Oh|100/100
|move|p1a: lil nas X|Psyshock|p2a: Ho-Oh
|-damage|p2a: Ho-Oh|60/100
|
|upkeep
|turn|46
|
|t:|1652882079
|move|p1a: lil nas X|Psyshock|p2a: Ho-Oh
|-damage|p2a: Ho-Oh|23/100
|move|p2a: Ho-Oh|Roost|p2a: Ho-Oh
|-heal|p2a: Ho-Oh|73/100
|-singleturn|p2a: Ho-Oh|move: Roost
|
|upkeep
|turn|47
|
|t:|1652882081
|move|p1a: lil nas X|Psyshock|p2a: Ho-Oh
|-damage|p2a: Ho-Oh|35/100
|move|p2a: Ho-Oh|Roost|p2a: Ho-Oh
|-heal|p2a: Ho-Oh|85/100
|-singleturn|p2a: Ho-Oh|move: Roost
|
|upkeep
|turn|48
|
|t:|1652882085
|switch|p1a: H|Zamazenta-Crowned, shiny|100/100
|-ability|p1a: H|Dauntless Shield|boost
|-boost|p1a: H|def|1
|move|p2a: Ho-Oh|Roost|p2a: Ho-Oh
|-heal|p2a: Ho-Oh|100/100
|-singleturn|p2a: Ho-Oh|move: Roost
|
|upkeep
|turn|49
|j| Hyperoffensemagic
|
|t:|1652882087
|move|p1a: H|Howl|p1a: H
|-boost|p1a: H|atk|1
|move|p2a: Ho-Oh|Sacred Fire|p1a: H
|-supereffective|p1a: H
|-damage|p1a: H|52/100
|-status|p1a: H|brn
|
|-damage|p1a: H|46/100 brn|[from] brn
|upkeep
|turn|50
|
|t:|1652882092
|move|p1a: H|Wild Charge|p2a: Ho-Oh
|-supereffective|p2a: Ho-Oh
|-damage|p2a: Ho-Oh|62/100
|-damage|p1a: H|33/100 brn|[from] Recoil
|move|p2a: Ho-Oh|Defog|p1a: H
|-unboost|p1a: H|evasion|1
|-sideend|p2: 4125al41|Stealth Rock|[from] move: Defog|[of] p2a: Ho-Oh
|
|-damage|p1a: H|27/100 brn|[from] brn
|upkeep
|turn|51
|
|t:|1652882095
|switch|p2a: Eternatus|Eternatus|56/100
|-ability|p2a: Eternatus|Pressure
|move|p1a: H|Howl|p1a: H
|-boost|p1a: H|atk|1
|
|-damage|p1a: H|21/100 brn|[from] brn
|upkeep
|turn|52
|
|t:|1652882100
|move|p2a: Eternatus|Dynamax Cannon|p1a: H
|-resisted|p1a: H
|-damage|p1a: H|0 fnt
|faint|p1a: H
|
|upkeep
|
|t:|1652882101
|switch|p1a: lil nas X|Calyrex-Shadow|100/100
|-ability|p1a: lil nas X|As One
|-ability|p1a: lil nas X|Unnerve
|turn|53
|j| sgpg-test
|
|t:|1652882104
|switch|p2a: Ho-Oh|Ho-Oh|95/100
|move|p1a: lil nas X|Psyshock|p2a: Ho-Oh
|-crit|p2a: Ho-Oh
|-damage|p2a: Ho-Oh|37/100
|
|upkeep
|turn|54
|
|t:|1652882119
|switch|p2a: Eternatus|Eternatus|56/100
|-ability|p2a: Eternatus|Pressure
|move|p1a: lil nas X|Psyshock|p2a: Eternatus
|-supereffective|p2a: Eternatus
|-damage|p2a: Eternatus|0 fnt
|faint|p2a: Eternatus
|-ability|p1a: lil nas X|Grim Neigh|boost
|-boost|p1a: lil nas X|spa|1
|
|upkeep
|
|t:|1652882121
|switch|p2a: Xerneas|Xerneas|100/100
|-ability|p2a: Xerneas|Fairy Aura
|turn|55
|
|t:|1652882122
|move|p1a: lil nas X|Psyshock|p2a: Xerneas
|-damage|p2a: Xerneas|36/100
|move|p2a: Xerneas|Night Slash|p1a: lil nas X
|-supereffective|p1a: lil nas X
|-damage|p1a: lil nas X|0 fnt
|faint|p1a: lil nas X
|
|win|4125al41
|n|☆HZS Belle|hzsbelle
|n|☆4125al41|4125al41
|n| Hyperoffensemagic|hyperoffensemagic
|n| sgpg-test|sgpgtest
|l| Hyperoffensemagic
|c|☆4125al41|gg
|c|☆HZS Belle|imagine being this depserate to ebat shadow
|c|☆HZS Belle|that you use NIGHT SLASH
|c|☆HZS Belle|on xerneas
|j| Mash56
|l|☆4125al41
|l|☆HZS Belle
