|j|☆Holy Dictator
|j|☆ICVR
|t:|1628248555
|gametype|singles
|player|p1|Holy Dictator|cyrus|
|player|p2|ICVR|whitney|
|teamsize|p1|6
|teamsize|p2|6
|gen|8
|tier|[Gen 8] Ubers
|rated|Tournament battle
|rule|Sleep Clause Mod: Limit one foe put to sleep
|rule|Species Clause: Limit one of each Pokémon
|rule|OHKO Clause: OHKO moves are banned
|rule|Evasion Moves Clause: Evasion moves are banned
|rule|Endless Battle Clause: Forcing endless battles is banned
|rule|HP Percentage Mod: HP is shown in percentages
|rule|Dynamax Clause: You cannot dynamax
|clearpoke
|poke|p1|Yveltal|
|poke|p1|Zygarde|
|poke|p1|Zarude|
|poke|p1|Clefable, M|
|poke|p1|Necrozma-Dusk-Mane|
|poke|p1|Marshadow|
|poke|p2|Zekrom|
|poke|p2|Necrozma-Dusk-Mane|
|poke|p2|Groudon|
|poke|p2|Yveltal|
|poke|p2|Calyrex-Shadow|
|poke|p2|Ferrothorn, M|
|teampreview
|inactive|Battle timer is ON: inactive players will automatically lose when time's up. (requested by ICVR)
|c|☆Holy Dictator|joke
|c|☆ICVR|ah ouf
|c|☆ICVR|hf
|j|@Aberforth
|c|☆Holy Dictator|i don't have ss team for homefield
|c|☆Holy Dictator|hf
|c|☆Holy Dictator|so I can't hide it
|inactive|Holy Dictator has 120 seconds left.
|
|t:|1628248587
|start
|switch|p1a: Yveltal|Yveltal|100/100
|switch|p2a: Ferrothorn|Ferrothorn, M|100/100
|-ability|p1a: Yveltal|Dark Aura
|turn|1
|
|t:|1628248592
|move|p1a: Yveltal|Dark Pulse|p2a: Ferrothorn
|-damage|p2a: Ferrothorn|47/100
|move|p2a: Ferrothorn|Knock Off|p1a: Yveltal
|-resisted|p1a: Yveltal
|-damage|p1a: Yveltal|88/100
|-enditem|p1a: Yveltal|Choice Specs|[from] move: Knock Off|[of] p2a: Ferrothorn
|
|-heal|p2a: Ferrothorn|53/100|[from] item: Leftovers
|upkeep
|turn|2
|
|t:|1628248601
|switch|p2a: Yveltal|Yveltal|100/100
|-ability|p2a: Yveltal|Dark Aura
|move|p1a: Yveltal|Dark Pulse|p2a: Yveltal
|-resisted|p2a: Yveltal
|-damage|p2a: Yveltal|85/100
|
|upkeep
|turn|3
|
|t:|1628248604
|switch|p1a: Clefable|Clefable, M|100/100
|move|p2a: Yveltal|U-turn|p1a: Clefable
|-resisted|p1a: Clefable
|-damage|p1a: Clefable|93/100
|
|t:|1628248615
|switch|p2a: Necrozma|Necrozma-Dusk-Mane|100/100|[from]move: U-turn
|
|-heal|p1a: Clefable|99/100|[from] item: Leftovers
|upkeep
|turn|4
|
|t:|1628248619
|switch|p1a: Zygarde|Zygarde|100/100
|move|p2a: Necrozma|Knock Off|p1a: Zygarde
|-damage|p1a: Zygarde|83/100
|-enditem|p1a: Zygarde|Leftovers|[from] move: Knock Off|[of] p2a: Necrozma
|
|upkeep
|turn|5
|
|t:|1628248624
|switch|p2a: Groudon|Groudon|100/100
|-weather|SunnyDay|[from] ability: Drought|[of] p2a: Groudon
|move|p1a: Zygarde|Glare|p2a: Groudon
|-status|p2a: Groudon|par
|
|-weather|SunnyDay|[upkeep]
|upkeep
|turn|6
|
|t:|1628248629
|switch|p1a: Zarude|Zarude|100/100
|move|p2a: Groudon|Stealth Rock|p1a: Zarude
|-sidestart|p1: Holy Dictator|move: Stealth Rock
|
|-weather|SunnyDay|[upkeep]
|upkeep
|turn|7
|
|t:|1628248640
|switch|p2a: Yveltal|Yveltal|85/100
|-ability|p2a: Yveltal|Dark Aura
|move|p1a: Zarude|Bulk Up|p1a: Zarude
|-boost|p1a: Zarude|atk|1
|-boost|p1a: Zarude|def|1
|
|-weather|SunnyDay|[upkeep]
|upkeep
|turn|8
|
|t:|1628248643
|move|p1a: Zarude|Bulk Up|p1a: Zarude
|-boost|p1a: Zarude|atk|1
|-boost|p1a: Zarude|def|1
|move|p2a: Yveltal|U-turn|p1a: Zarude
|-supereffective|p1a: Zarude
|-damage|p1a: Zarude|69/100
|
|t:|1628248658
|switch|p2a: Groudon|Groudon|100/100 par|[from]move: U-turn
|
|-weather|SunnyDay|[upkeep]
|-heal|p1a: Zarude|75/100|[from] item: Leftovers
|upkeep
|turn|9
|
|t:|1628248662
|move|p1a: Zarude|Power Whip|p2a: Groudon
|-supereffective|p2a: Groudon
|-damage|p2a: Groudon|6/100 par
|cant|p2a: Groudon|par
|
|-weather|none
|-heal|p1a: Zarude|81/100|[from] item: Leftovers
|-heal|p2a: Groudon|12/100 par|[from] item: Leftovers
|upkeep
|turn|10
|c|☆Holy Dictator|this is not luck
|c|☆Holy Dictator|it's faith
|c|☆ICVR|Gg lmao
|c|☆Holy Dictator|did you have somethig like overheat?
|inactive|Holy Dictator has 120 seconds left.
|c|☆Holy Dictator|oh no
|c|☆Holy Dictator|roar
|j| Holymolycrabby
|c|☆ICVR|Roar yh
|c|☆Holy Dictator|then, i bulk up
|
|t:|1628248708
|move|p1a: Zarude|Bulk Up|p1a: Zarude
|-boost|p1a: Zarude|atk|1
|-boost|p1a: Zarude|def|1
|move|p2a: Groudon|Roar|p1a: Zarude
|drag|p1a: Clefable|Clefable, M|99/100
|
|-heal|p1a: Clefable|100/100|[from] item: Leftovers
|-heal|p2a: Groudon|18/100 par|[from] item: Leftovers
|upkeep
|turn|11
|
|t:|1628248723
|move|p1a: Clefable|Stealth Rock|p2a: Groudon
|-sidestart|p2: ICVR|move: Stealth Rock
|move|p2a: Groudon|Precipice Blades|p1a: Clefable
|-damage|p1a: Clefable|57/100
|
|-heal|p1a: Clefable|63/100|[from] item: Leftovers
|-heal|p2a: Groudon|24/100 par|[from] item: Leftovers
|upkeep
|turn|12
|
|t:|1628248728
|switch|p2a: Necrozma|Necrozma-Dusk-Mane|100/100
|-damage|p2a: Necrozma|94/100|[from] Stealth Rock
|move|p1a: Clefable|Moonblast|p2a: Necrozma
|-resisted|p2a: Necrozma
|-damage|p2a: Necrozma|86/100
|
|-heal|p2a: Necrozma|92/100|[from] item: Leftovers
|-heal|p1a: Clefable|69/100|[from] item: Leftovers
|upkeep
|turn|13
|inactive|Holy Dictator has 120 seconds left.
|
|t:|1628248735
|switch|p1a: Zygarde|Zygarde|83/100
|-damage|p1a: Zygarde|77/100|[from] Stealth Rock
|move|p2a: Necrozma|Swords Dance|p2a: Necrozma
|-boost|p2a: Necrozma|atk|2
|
|-heal|p2a: Necrozma|98/100|[from] item: Leftovers
|upkeep
|turn|14
|
|t:|1628248743
|move|p1a: Zygarde|Glare|p2a: Necrozma
|-status|p2a: Necrozma|par
|move|p2a: Necrozma|Swords Dance|p2a: Necrozma
|-boost|p2a: Necrozma|atk|2
|
|-heal|p2a: Necrozma|100/100 par|[from] item: Leftovers
|upkeep
|turn|15
|
|t:|1628248747
|move|p1a: Zygarde|Haze|p1a: Zygarde
|-clearallboost
|cant|p2a: Necrozma|par
|
|upkeep
|turn|16
|
|t:|1628248758
|switch|p2a: Ferrothorn|Ferrothorn, M|53/100
|-damage|p2a: Ferrothorn|47/100|[from] Stealth Rock
|move|p1a: Zygarde|Thousand Arrows|p2a: Ferrothorn
|-damage|p2a: Ferrothorn|22/100
|
|-heal|p2a: Ferrothorn|28/100|[from] item: Leftovers
|upkeep
|turn|17
|
|t:|1628248763
|switch|p1a: Clefable|Clefable, M|69/100
|move|p2a: Ferrothorn|Knock Off|p1a: Clefable
|-resisted|p1a: Clefable
|-damage|p1a: Clefable|62/100
|-enditem|p1a: Clefable|Leftovers|[from] move: Knock Off|[of] p2a: Ferrothorn
|
|-heal|p2a: Ferrothorn|34/100|[from] item: Leftovers
|upkeep
|turn|18
|
|t:|1628248768
|move|p1a: Clefable|Knock Off|p2a: Ferrothorn
|-damage|p2a: Ferrothorn|23/100
|-activate|p2a: Ferrothorn|ability: Iron Barbs
|-enditem|p2a: Ferrothorn|Leftovers|[from] move: Knock Off|[of] p1a: Clefable
|move|p2a: Ferrothorn|Spikes|p1a: Clefable
|-sidestart|p1: Holy Dictator|Spikes
|
|upkeep
|turn|19
|
|t:|1628248774
|move|p1a: Clefable|Soft-Boiled|p1a: Clefable
|-heal|p1a: Clefable|100/100
|move|p2a: Ferrothorn|Spikes|p1a: Clefable
|-sidestart|p1: Holy Dictator|Spikes
|
|upkeep
|turn|20
|
|t:|1628248778
|switch|p2a: Zekrom|Zekrom|100/100
|-damage|p2a: Zekrom|88/100|[from] Stealth Rock
|-ability|p2a: Zekrom|Teravolt
|move|p1a: Clefable|Moonblast|p2a: Zekrom
|-supereffective|p2a: Zekrom
|-damage|p2a: Zekrom|30/100
|
|-heal|p2a: Zekrom|36/100|[from] item: Leftovers
|upkeep
|turn|21
|
|t:|1628248782
|move|p2a: Zekrom|Roost|p2a: Zekrom
|-heal|p2a: Zekrom|86/100
|-singleturn|p2a: Zekrom|move: Roost
|move|p1a: Clefable|Knock Off|p2a: Zekrom
|-damage|p2a: Zekrom|72/100
|-enditem|p2a: Zekrom|Leftovers|[from] move: Knock Off|[of] p1a: Clefable
|
|upkeep
|turn|22
|
|t:|1628248787
|switch|p2a: Necrozma|Necrozma-Dusk-Mane|100/100 par
|-damage|p2a: Necrozma|94/100 par|[from] Stealth Rock
|move|p1a: Clefable|Moonblast|p2a: Necrozma
|-resisted|p2a: Necrozma
|-damage|p2a: Necrozma|85/100 par
|
|-heal|p2a: Necrozma|91/100 par|[from] item: Leftovers
|upkeep
|turn|23
|
|t:|1628248803
|move|p1a: Clefable|Knock Off|p2a: Necrozma
|-supereffective|p2a: Necrozma
|-damage|p2a: Necrozma|75/100 par
|-enditem|p2a: Necrozma|Leftovers|[from] move: Knock Off|[of] p1a: Clefable
|cant|p2a: Necrozma|par
|
|upkeep
|turn|24
|
|t:|1628248810
|switch|p1a: Zygarde|Zygarde|77/100
|-damage|p1a: Zygarde|61/100|[from] Spikes
|-damage|p1a: Zygarde|54/100|[from] Stealth Rock
|move|p2a: Necrozma|Sunsteel Strike|p1a: Zygarde
|-damage|p1a: Zygarde|25/100
|
|-activate|p1a: Zygarde|ability: Power Construct
|detailschange|p1a: Zygarde|Zygarde-Complete
|-heal|p1a: Zygarde|51/100|[silent]
|upkeep
|turn|25
|
|t:|1628248816
|move|p1a: Zygarde|Thousand Arrows|p2a: Necrozma
|-supereffective|p2a: Necrozma
|-damage|p2a: Necrozma|44/100 par
|cant|p2a: Necrozma|par
|
|upkeep
|turn|26
|
|t:|1628248820
|move|p1a: Zygarde|Thousand Arrows|p2a: Necrozma
|-supereffective|p2a: Necrozma
|-damage|p2a: Necrozma|12/100 par
|cant|p2a: Necrozma|par
|
|upkeep
|turn|27
|c|☆Holy Dictator|i haze
|
|t:|1628248826
|move|p1a: Zygarde|Haze|p1a: Zygarde
|-clearallboost
|cant|p2a: Necrozma|par
|
|upkeep
|turn|28
|c|☆Holy Dictator|i'm just too good
|c|☆ICVR|You don't have to This dw
|inactive|ICVR has 120 seconds left.
|c|@Aberforth|u won by this turn without bulking up :eyes:
|c|☆ICVR|:pain:
|
|t:|1628248867
|move|p1a: Zygarde|Haze|p1a: Zygarde
|-clearallboost
|cant|p2a: Necrozma|par
|
|upkeep
|turn|29
|
|t:|1628248871
|move|p1a: Zygarde|Thousand Arrows|p2a: Necrozma
|-supereffective|p2a: Necrozma
|-damage|p2a: Necrozma|0 fnt
|faint|p2a: Necrozma
|
|upkeep
|inactive|ICVR has 120 seconds left.
|
|t:|1628248877
|switch|p2a: Calyrex|Calyrex-Shadow|100/100
|-ability|p2a: Calyrex|As One
|-ability|p2a: Calyrex|Unnerve
|-damage|p2a: Calyrex|88/100|[from] Stealth Rock
|turn|30
|
|t:|1628248886
|move|p2a: Calyrex|Astral Barrage|p1a: Zygarde
|-damage|p1a: Zygarde|7/100
|move|p1a: Zygarde|Glare|p2a: Calyrex
|-status|p2a: Calyrex|par
|
|upkeep
|turn|31
|
|t:|1628248892
|cant|p2a: Calyrex|par
|move|p1a: Zygarde|Thousand Arrows|p2a: Calyrex
|-damage|p2a: Calyrex|56/100 par
|
|upkeep
|turn|32
|
|t:|1628248894
|move|p2a: Calyrex|Astral Barrage|p1a: Zygarde
|-crit|p1a: Zygarde
|-damage|p1a: Zygarde|0 fnt
|faint|p1a: Zygarde
|-ability|p2a: Calyrex|Grim Neigh|boost
|-boost|p2a: Calyrex|spa|1
|
|upkeep
|
|t:|1628248899
|switch|p1a: Yveltal|Yveltal|88/100
|-damage|p1a: Yveltal|63/100|[from] Stealth Rock
|-ability|p1a: Yveltal|Dark Aura
|turn|33
|
|t:|1628248901
|move|p2a: Calyrex|Astral Barrage|p1a: Yveltal
|-resisted|p1a: Yveltal
|-damage|p1a: Yveltal|18/100
|move|p1a: Yveltal|Oblivion Wing|p2a: Calyrex
|-damage|p2a: Calyrex|9/100 par
|-heal|p1a: Yveltal|49/100|[from] drain|[of] p2a: Calyrex
|
|upkeep
|turn|34
|
|t:|1628248907
|move|p2a: Calyrex|Astral Barrage|p1a: Yveltal
|-resisted|p1a: Yveltal
|-damage|p1a: Yveltal|6/100
|move|p1a: Yveltal|Oblivion Wing|p2a: Calyrex
|-damage|p2a: Calyrex|0 fnt
|-heal|p1a: Yveltal|11/100|[from] drain|[of] p2a: Calyrex
|faint|p2a: Calyrex
|
|upkeep
|
|t:|1628248913
|switch|p2a: Zekrom|Zekrom|72/100
|-damage|p2a: Zekrom|60/100|[from] Stealth Rock
|-ability|p2a: Zekrom|Teravolt
|turn|35
|
|t:|1628248917
|switch|p1a: Clefable|Clefable, M|100/100
|move|p2a: Zekrom|Dragon Dance|p2a: Zekrom
|-boost|p2a: Zekrom|atk|1
|-boost|p2a: Zekrom|spe|1
|
|upkeep
|turn|36
|
|t:|1628248919
|move|p2a: Zekrom|Bolt Strike|p1a: Clefable
|-damage|p1a: Clefable|13/100
|-status|p1a: Clefable|par
|move|p1a: Clefable|Moonblast|p2a: Zekrom
|-supereffective|p2a: Zekrom
|-damage|p2a: Zekrom|0 fnt
|faint|p2a: Zekrom
|
|upkeep
|c|☆ICVR|Yh gg
|c|☆Holy Dictator|gg
|-message|ICVR forfeited.
|
|win|Holy Dictator
|n|☆Holy Dictator|holydictator
|n|☆ICVR|icvr
|n|+Aberforth|aberforth
|n| Holymolycrabby|holymolycrabby
