|raw|<div class="broadcast-blue"><strong>This battle is required to be public due to a player having a name starting with 'ult9ns'.</div>
|j|☆Dusk of Surtr
|j|☆ULT9NS Kirino
|t:|1653364055
|gametype|singles
|player|p1|Dusk of Surtr|erika|1597
|player|p2|ULT9NS Kirino|swimmerf-gen4dp|1423
|teamsize|p1|6
|teamsize|p2|6
|gen|8
|tier|[Gen 8] Ubers
|rated|
|rule|Sleep Clause Mod: Limit one foe put to sleep
|rule|Species Clause: Limit one of each Pokémon
|rule|OHKO Clause: OHKO moves are banned
|rule|Evasion Moves Clause: Evasion moves are banned
|rule|Endless Battle Clause: Forcing endless battles is banned
|rule|HP Percentage Mod: HP is shown in percentages
|rule|Dynamax Clause: You cannot dynamax
|clearpoke
|poke|p1|Yveltal|
|poke|p1|Xerneas-*|
|poke|p1|Eternatus|
|poke|p1|Scolipede, M|
|poke|p1|Calyrex-Shadow|
|poke|p1|Zamazenta-*|
|poke|p2|Necrozma-Dusk-Mane|
|poke|p2|Yveltal|
|poke|p2|Eternatus|
|poke|p2|Calyrex-Shadow|
|poke|p2|Groudon|
|poke|p2|Excadrill, F|
|teampreview
|inactive|Battle timer is ON: inactive players will automatically lose when time's up. (requested by ULT9NS Kirino)
|inactive|Dusk of Surtr also wants the timer to be on.
|inactive|Dusk of Surtr has 120 seconds left.
|
|t:|1653364086
|start
|switch|p1a: Yveltal|Yveltal|100/100
|switch|p2a: Excadrill|Excadrill, F|100/100
|-ability|p1a: Yveltal|Dark Aura
|-ability|p2a: Excadrill|Mold Breaker
|turn|1
|
|t:|1653364089
|move|p1a: Yveltal|Knock Off|p2a: Excadrill
|-enditem|p2a: Excadrill|Focus Sash
|-damage|p2a: Excadrill|1/100
|move|p2a: Excadrill|Stealth Rock|p1a: Yveltal
|-sidestart|p1: Dusk of Surtr|move: Stealth Rock
|
|upkeep
|turn|2
|
|t:|1653364096
|move|p1a: Yveltal|Knock Off|p2a: Excadrill
|-damage|p2a: Excadrill|0 fnt
|faint|p2a: Excadrill
|
|upkeep
|
|t:|1653364105
|switch|p2a: Eternatus|Eternatus|100/100
|-ability|p2a: Eternatus|Pressure
|turn|3
|
|t:|1653364116
|switch|p1a: Calyrex|Calyrex-Shadow|100/100
|-ability|p1a: Calyrex|As One
|-ability|p1a: Calyrex|Unnerve
|-damage|p1a: Calyrex|88/100|[from] Stealth Rock
|move|p2a: Eternatus|Meteor Beam||[still]
|-prepare|p2a: Eternatus|Meteor Beam
|-boost|p2a: Eternatus|spa|1
|-enditem|p2a: Eternatus|Power Herb
|-anim|p2a: Eternatus|Meteor Beam|p1a: Calyrex
|-damage|p1a: Calyrex|22/100
|
|upkeep
|turn|4
|
|t:|1653364127
|switch|p2a: Yveltal|Yveltal|100/100
|-ability|p2a: Yveltal|Dark Aura
|move|p1a: Calyrex|Encore||[still]
|-fail|p1a: Calyrex
|
|upkeep
|turn|5
|
|t:|1653364134
|switch|p1a: Zamazenta|Zamazenta-Crowned, shiny|100/100
|-damage|p1a: Zamazenta|97/100|[from] Stealth Rock
|-ability|p1a: Zamazenta|Dauntless Shield|boost
|-boost|p1a: Zamazenta|def|1
|move|p2a: Yveltal|Oblivion Wing|p1a: Zamazenta
|-damage|p1a: Zamazenta|57/100
|-damage|p2a: Yveltal|91/100|[from] item: Life Orb
|
|upkeep
|turn|6
|j| BasedWhat? ♪
|inactive|Dusk of Surtr has 120 seconds left.
|
|t:|1653364167
|switch|p2a: Eternatus|Eternatus|100/100
|-ability|p2a: Eternatus|Pressure
|move|p1a: Zamazenta|Behemoth Bash|p2a: Eternatus
|-damage|p2a: Eternatus|58/100
|
|upkeep
|turn|7
|l| BasedWhat? ♪
|inactive|ULT9NS Kirino has 120 seconds left.
|
|t:|1653364198
|switch|p1a: Eternatus|Eternatus|100/100
|-damage|p1a: Eternatus|88/100|[from] Stealth Rock
|-ability|p1a: Eternatus|Pressure
|move|p2a: Eternatus|Flamethrower|p1a: Eternatus
|-resisted|p1a: Eternatus
|-damage|p1a: Eternatus|75/100
|
|upkeep
|turn|8
|
|t:|1653364209
|move|p1a: Eternatus|Dynamax Cannon|p2a: Eternatus
|-supereffective|p2a: Eternatus
|-crit|p2a: Eternatus
|-damage|p2a: Eternatus|0 fnt
|faint|p2a: Eternatus
|
|upkeep
|inactive|ULT9NS Kirino has 120 seconds left.
|
|t:|1653364229
|switch|p2a: Necrozma|Necrozma-Dusk-Mane|100/100
|turn|9
|inactive|Dusk of Surtr has 120 seconds left.
|
|t:|1653364252
|move|p1a: Eternatus|Substitute|p1a: Eternatus
|-start|p1a: Eternatus|Substitute
|-damage|p1a: Eternatus|50/100
|move|p2a: Necrozma|Dragon Dance|p2a: Necrozma
|-boost|p2a: Necrozma|atk|1
|-boost|p2a: Necrozma|spe|1
|
|upkeep
|turn|10
|
|t:|1653364260
|move|p2a: Necrozma|Sunsteel Strike|p1a: Eternatus
|-end|p1a: Eternatus|Substitute
|move|p1a: Eternatus|Flamethrower|p2a: Necrozma
|-supereffective|p2a: Necrozma
|-damage|p2a: Necrozma|50/100
|
|upkeep
|turn|11
|inactive|Dusk of Surtr has 120 seconds left.
|inactive|ULT9NS Kirino has 120 seconds left.
|
|t:|1653364303
|switch|p1a: Scolipede|Scolipede, M|100/100
|-damage|p1a: Scolipede|76/100|[from] Stealth Rock
|move|p2a: Necrozma|Sunsteel Strike|p1a: Scolipede
|-damage|p1a: Scolipede|0 fnt
|faint|p1a: Scolipede
|
|upkeep
|
|t:|1653364307
|switch|p1a: Calyrex|Calyrex-Shadow|22/100
|-ability|p1a: Calyrex|As One
|-ability|p1a: Calyrex|Unnerve
|-damage|p1a: Calyrex|10/100|[from] Stealth Rock
|turn|12
|inactive|ULT9NS Kirino has 90 seconds left.
|inactive|ULT9NS Kirino has 60 seconds left.
|
|t:|1653364365
|move|p1a: Calyrex|Astral Barrage|p2a: Necrozma
|-supereffective|p2a: Necrozma
|-crit|p2a: Necrozma
|-damage|p2a: Necrozma|0 fnt
|faint|p2a: Necrozma
|-ability|p1a: Calyrex|Grim Neigh|boost
|-boost|p1a: Calyrex|spa|1
|
|upkeep
|
|t:|1653364369
|switch|p2a: Yveltal|Yveltal|91/100
|-ability|p2a: Yveltal|Dark Aura
|turn|13
|
|t:|1653364378
|move|p2a: Yveltal|Sucker Punch|p1a: Calyrex
|-supereffective|p1a: Calyrex
|-damage|p1a: Calyrex|0 fnt
|faint|p1a: Calyrex
|-damage|p2a: Yveltal|81/100|[from] item: Life Orb
|
|upkeep
|
|t:|1653364386
|switch|p1a: Xerneas|Xerneas|100/100
|-damage|p1a: Xerneas|88/100|[from] Stealth Rock
|-ability|p1a: Xerneas|Fairy Aura
|turn|14
|
|t:|1653364389
|move|p2a: Yveltal|Taunt|p1a: Xerneas
|-start|p1a: Xerneas|move: Taunt
|move|p1a: Xerneas|Moonblast|p2a: Yveltal
|-supereffective|p2a: Yveltal
|-damage|p2a: Yveltal|0 fnt
|faint|p2a: Yveltal
|
|upkeep
|
|t:|1653364393
|switch|p2a: Calyrex|Calyrex-Shadow|100/100
|-ability|p2a: Calyrex|As One
|-ability|p2a: Calyrex|Unnerve
|turn|15
|
|t:|1653364396
|switch|p1a: Yveltal|Yveltal|100/100
|-ability|p1a: Yveltal|Dark Aura
|move|p2a: Calyrex|Trick|p1a: Yveltal
|-activate|p2a: Calyrex|move: Trick|[of] p1a: Yveltal
|-item|p1a: Yveltal|Choice Scarf|[from] move: Trick
|-item|p2a: Calyrex|Heavy-Duty Boots|[from] move: Trick
|
|upkeep
|turn|16
|
|t:|1653364400
|move|p1a: Yveltal|Knock Off|p2a: Calyrex
|-supereffective|p2a: Calyrex
|-damage|p2a: Calyrex|0 fnt
|-enditem|p2a: Calyrex|Heavy-Duty Boots|[from] move: Knock Off|[of] p1a: Yveltal
|faint|p2a: Calyrex
|
|upkeep
|
|t:|1653364402
|switch|p2a: Groudon|Groudon|100/100
|-weather|SunnyDay|[from] ability: Drought|[of] p2a: Groudon
|turn|17
|
|t:|1653364410
|move|p1a: Yveltal|Knock Off|p2a: Groudon
|-damage|p2a: Groudon|48/100
|-enditem|p2a: Groudon|Life Orb|[from] move: Knock Off|[of] p1a: Yveltal
|move|p2a: Groudon|Rock Polish|p2a: Groudon
|-boost|p2a: Groudon|spe|2
|
|-weather|SunnyDay|[upkeep]
|upkeep
|turn|18
|
|t:|1653364414
|move|p2a: Groudon|Stone Edge|p1a: Yveltal
|-supereffective|p1a: Yveltal
|-damage|p1a: Yveltal|27/100
|move|p1a: Yveltal|Knock Off|p2a: Groudon
|-damage|p2a: Groudon|17/100
|
|-weather|SunnyDay|[upkeep]
|upkeep
|turn|19
|
|t:|1653364418
|move|p2a: Groudon|Stone Edge|p1a: Yveltal
|-supereffective|p1a: Yveltal
|-damage|p1a: Yveltal|0 fnt
|faint|p1a: Yveltal
|
|-weather|SunnyDay|[upkeep]
|upkeep
|
|t:|1653364421
|switch|p1a: Xerneas|Xerneas|88/100
|-damage|p1a: Xerneas|76/100|[from] Stealth Rock
|-ability|p1a: Xerneas|Fairy Aura
|turn|20
|
|t:|1653364423
|move|p2a: Groudon|Earthquake|p1a: Xerneas
|-damage|p1a: Xerneas|24/100
|move|p1a: Xerneas|Moonblast|p2a: Groudon
|-damage|p2a: Groudon|0 fnt
|faint|p2a: Groudon
|
|win|Dusk of Surtr
|raw|Dusk of Surtr's rating: 1597 &rarr; <strong>1608</strong><br />(+11 for winning)
|raw|ULT9NS Kirino's rating: 1423 &rarr; <strong>1412</strong><br />(-11 for losing)
|l|☆ULT9NS Kirino
|j| DBLT1 POKEMH
|j| Ul nerd
