|j|☆IMPAQT
|j|☆crottefeu
|player|p1|IMPAQT|iris-gen5bw2|1705
|player|p2|crottefeu|unknownf|1540
|teamsize|p1|6
|teamsize|p2|6
|gametype|singles
|gen|8
|tier|[Gen 8] Ubers
|rated|
|clearpoke
|poke|p1|Cinderace, F|
|poke|p1|Toxapex, F|
|poke|p1|Mandibuzz, F|
|poke|p1|Necrozma-Dusk-Mane|
|poke|p1|Dugtrio, M|
|poke|p1|Clefable, M|
|poke|p2|Zacian|
|poke|p2|Dragapult, F|
|poke|p2|Corviknight, F|
|poke|p2|Tyranitar, F|
|poke|p2|Dugtrio, F|
|poke|p2|Toxapex, F|
|rule|Sleep Clause Mod: Limit one foe put to sleep
|rule|Species Clause: Limit one of each Pokémon
|rule|OHKO Clause: OHKO moves are banned
|rule|Evasion Moves Clause: Evasion moves are banned
|rule|Endless Battle Clause: Forcing endless battles is banned
|rule|HP Percentage Mod: HP is shown in percentages
|html|Ubers Dynamax Clause: Pokémon on the <a href="https://www.smogon.com/dex/ss/formats/uber/">Ubers Dynamax Banlist</a> cannot Dynamax.
|teampreview
|
|start
|switch|p1a: Mandibuzz|Mandibuzz, F|100/100
|switch|p2a: Dragapult|Dragapult, F|100/100
|turn|1
|
|switch|p2a: Toxapex|Toxapex, F|100/100
|move|p1a: Mandibuzz|Foul Play|p2a: Toxapex
|-damage|p2a: Toxapex|90/100
|-damage|p1a: Mandibuzz|84/100|[from] item: Rocky Helmet|[of] p2a: Toxapex
|
|upkeep
|turn|2
|
|switch|p1a: Clefable|Clefable, M|100/100
|move|p2a: Toxapex|Toxic|p1a: Clefable
|-status|p1a: Clefable|tox
|
|upkeep
|turn|3
|
|switch|p2a: Tyranitar|Tyranitar, F|100/100
|-weather|Sandstorm|[from] ability: Sand Stream|[of] p2a: Tyranitar
|move|p1a: Clefable|Thunder Wave|p2a: Tyranitar
|-status|p2a: Tyranitar|par
|
|-weather|Sandstorm|[upkeep]
|upkeep
|turn|4
|
|move|p1a: Clefable|Moonblast|p2a: Tyranitar
|-supereffective|p2a: Tyranitar
|-damage|p2a: Tyranitar|52/100 par
|-unboost|p2a: Tyranitar|spa|1
|move|p2a: Tyranitar|Stealth Rock|p1a: Clefable
|-sidestart|p1: IMPAQT|move: Stealth Rock
|
|-weather|Sandstorm|[upkeep]
|upkeep
|turn|5
|
|switch|p2a: Toxapex|Toxapex, F|100/100
|move|p1a: Clefable|Moonblast|p2a: Toxapex
|-resisted|p2a: Toxapex
|-damage|p2a: Toxapex|77/100
|
|-weather|Sandstorm|[upkeep]
|-damage|p2a: Toxapex|71/100|[from] Sandstorm
|upkeep
|turn|6
|
|switch|p2a: Tyranitar|Tyranitar, F|52/100 par
|move|p1a: Clefable|Thunder Wave|p2a: Tyranitar
|-fail|p2a: Tyranitar|par
|
|-weather|Sandstorm|[upkeep]
|upkeep
|turn|7
|
|switch|p2a: Corviknight|Corviknight, F|100/100
|-ability|p2a: Corviknight|Pressure
|move|p1a: Clefable|Moonblast|p2a: Corviknight
|-resisted|p2a: Corviknight
|-damage|p2a: Corviknight|75/100
|
|-weather|none
|upkeep
|turn|8
|
|move|p2a: Corviknight|Roost|p2a: Corviknight
|-heal|p2a: Corviknight|100/100
|-singleturn|p2a: Corviknight|move: Roost
|move|p1a: Clefable|Fire Blast|p2a: Corviknight|[miss]
|-miss|p1a: Clefable|p2a: Corviknight
|
|upkeep
|turn|9
|
|switch|p2a: Toxapex|Toxapex, F|100/100
|move|p1a: Clefable|Thunder Wave|p2a: Toxapex|[miss]
|-miss|p1a: Clefable|p2a: Toxapex
|
|upkeep
|turn|10
|
|move|p1a: Clefable|Thunder Wave|p2a: Toxapex
|-status|p2a: Toxapex|par
|cant|p2a: Toxapex|par
|
|upkeep
|turn|11
|
|move|p1a: Clefable|Thunder Wave|p2a: Toxapex
|-fail|p2a: Toxapex|par
|cant|p2a: Toxapex|par
|
|upkeep
|turn|12
|
|move|p1a: Clefable|Thunder Wave|p2a: Toxapex|[miss]
|-miss|p1a: Clefable|p2a: Toxapex
|move|p2a: Toxapex|Scald|p1a: Clefable
|-damage|p1a: Clefable|85/100 tox
|
|upkeep
|turn|13
|
|switch|p1a: Toxapex|Toxapex, F|100/100
|-damage|p1a: Toxapex|88/100|[from] Stealth Rock
|move|p2a: Toxapex|Scald|p1a: Toxapex
|-resisted|p1a: Toxapex
|-damage|p1a: Toxapex|81/100
|
|upkeep
|turn|14
|
|switch|p1a: Clefable|Clefable, M|85/100 tox
|move|p2a: Toxapex|Scald|p1a: Clefable
|-damage|p1a: Clefable|72/100 tox
|
|upkeep
|turn|15
|
|move|p1a: Clefable|Soft-Boiled|p1a: Clefable
|-heal|p1a: Clefable|100/100 tox
|move|p2a: Toxapex|Scald|p1a: Clefable
|-damage|p1a: Clefable|86/100 tox
|
|upkeep
|turn|16
|
|switch|p1a: Mandibuzz|Mandibuzz, F|84/100
|move|p2a: Toxapex|Scald|p1a: Mandibuzz
|-damage|p1a: Mandibuzz|75/100
|
|upkeep
|turn|17
|
|switch|p1a: Dugtrio|Dugtrio, M|100/100
|-damage|p1a: Dugtrio|94/100|[from] Stealth Rock
|move|p2a: Toxapex|Toxic|p1a: Dugtrio
|-status|p1a: Dugtrio|tox
|
|-damage|p1a: Dugtrio|88/100 tox|[from] psn
|upkeep
|turn|18
|
|move|p1a: Dugtrio|Earthquake|p2a: Toxapex
|-supereffective|p2a: Toxapex
|-damage|p2a: Toxapex|47/100 par
|move|p2a: Toxapex|Recover|p2a: Toxapex
|-heal|p2a: Toxapex|97/100 par
|
|-damage|p1a: Dugtrio|76/100 tox|[from] psn
|upkeep
|turn|19
|
|move|p1a: Dugtrio|Earthquake|p2a: Toxapex
|-supereffective|p2a: Toxapex
|-damage|p2a: Toxapex|35/100 par
|cant|p2a: Toxapex|par
|
|-damage|p1a: Dugtrio|57/100 tox|[from] psn
|upkeep
|turn|20
|
|move|p1a: Dugtrio|Earthquake|p2a: Toxapex
|-supereffective|p2a: Toxapex
|-damage|p2a: Toxapex|0 fnt
|faint|p2a: Toxapex
|
|-damage|p1a: Dugtrio|33/100 tox|[from] psn
|upkeep
|
|switch|p2a: Corviknight|Corviknight, F|100/100
|-ability|p2a: Corviknight|Pressure
|turn|21
|
|switch|p1a: Clefable|Clefable, M|86/100 tox
|move|p2a: Corviknight|U-turn|p1a: Clefable
|-resisted|p1a: Clefable
|-damage|p1a: Clefable|78/100 tox
|
|switch|p2a: Zacian|Zacian|100/100|[from]move: U-turn
|-ability|p2a: Zacian|Intrepid Sword|boost
|-boost|p2a: Zacian|atk|1
|
|upkeep
|turn|22
|
|switch|p2a: Dugtrio|Dugtrio, F|100/100
|switch|p1a: Toxapex|Toxapex, F|100/100
|-damage|p1a: Toxapex|88/100|[from] Stealth Rock
|
|upkeep
|turn|23
|inactive|Battle timer is ON: inactive players will automatically lose when time's up. (requested by crottefeu)
|
|switch|p2a: Corviknight|Corviknight, F|100/100
|-ability|p2a: Corviknight|Pressure
|move|p1a: Toxapex|Recover|p1a: Toxapex
|-heal|p1a: Toxapex|100/100
|
|upkeep
|turn|24
|
|switch|p2a: Tyranitar|Tyranitar, F|52/100 par
|-weather|Sandstorm|[from] ability: Sand Stream|[of] p2a: Tyranitar
|move|p1a: Toxapex|Scald|p2a: Tyranitar
|-supereffective|p2a: Tyranitar
|-damage|p2a: Tyranitar|37/100 par
|
|-weather|Sandstorm|[upkeep]
|-damage|p1a: Toxapex|95/100|[from] Sandstorm
|upkeep
|turn|25
|
|switch|p1a: Clefable|Clefable, M|78/100 tox
|cant|p2a: Tyranitar|par
|
|-weather|Sandstorm|[upkeep]
|upkeep
|turn|26
|
|switch|p2a: Corviknight|Corviknight, F|100/100
|-ability|p2a: Corviknight|Pressure
|move|p1a: Clefable|Moonblast|p2a: Corviknight
|-resisted|p2a: Corviknight
|-damage|p2a: Corviknight|71/100
|-unboost|p2a: Corviknight|spa|1
|
|-weather|Sandstorm|[upkeep]
|upkeep
|turn|27
|
|move|p2a: Corviknight|Roost|p2a: Corviknight
|-heal|p2a: Corviknight|100/100
|-singleturn|p2a: Corviknight|move: Roost
|move|p1a: Clefable|Fire Blast|p2a: Corviknight|[miss]
|-miss|p1a: Clefable|p2a: Corviknight
|
|-weather|Sandstorm|[upkeep]
|upkeep
|turn|28
|c|☆IMPAQT|pls
|
|move|p2a: Corviknight|Brave Bird|p1a: Clefable
|-damage|p1a: Clefable|37/100 tox
|-damage|p2a: Corviknight|87/100|[from] Recoil
|move|p1a: Clefable|Moonblast|p2a: Corviknight
|-resisted|p2a: Corviknight
|-damage|p2a: Corviknight|60/100
|
|-weather|none
|upkeep
|turn|29
|
|-start|p1a: Clefable|Dynamax
|-heal|p1a: Clefable|37/100 tox|[silent]
|move|p2a: Corviknight|Brave Bird|p1a: Clefable
|-damage|p1a: Clefable|15/100 tox
|-damage|p2a: Corviknight|46/100|[from] Recoil
|move|p1a: Clefable|Max Flare|p2a: Corviknight
|-supereffective|p2a: Corviknight
|-damage|p2a: Corviknight|0 fnt
|-weather|SunnyDay
|faint|p2a: Corviknight
|
|-weather|SunnyDay|[upkeep]
|upkeep
|
|switch|p2a: Dugtrio|Dugtrio, F|100/100
|turn|30
|
|move|p2a: Dugtrio|Earthquake|p1a: Clefable
|-crit|p1a: Clefable
|-damage|p1a: Clefable|0 fnt
|faint|p1a: Clefable
|
|-weather|SunnyDay|[upkeep]
|upkeep
|
|switch|p1a: Mandibuzz|Mandibuzz, F|75/100
|turn|31
|
|switch|p2a: Tyranitar|Tyranitar, F|37/100 par
|-weather|Sandstorm|[from] ability: Sand Stream|[of] p2a: Tyranitar
|move|p1a: Mandibuzz|Defog|p2a: Tyranitar
|-unboost|p2a: Tyranitar|evasion|1
|-sideend|p1: IMPAQT|Stealth Rock|[from] move: Defog|[of] p1a: Mandibuzz
|
|-weather|Sandstorm|[upkeep]
|upkeep
|turn|32
|
|switch|p1a: Dugtrio|Dugtrio, M|33/100 tox
|move|p2a: Tyranitar|Stealth Rock|p1a: Dugtrio
|-sidestart|p1: IMPAQT|move: Stealth Rock
|
|-weather|Sandstorm|[upkeep]
|-damage|p1a: Dugtrio|27/100 tox|[from] psn
|upkeep
|turn|33
|
|move|p1a: Dugtrio|Earthquake|p2a: Tyranitar
|-supereffective|p2a: Tyranitar
|-damage|p2a: Tyranitar|0 fnt
|faint|p2a: Tyranitar
|
|-weather|Sandstorm|[upkeep]
|-damage|p1a: Dugtrio|14/100 tox|[from] psn
|upkeep
|
|switch|p2a: Dragapult|Dragapult, F|100/100
|turn|34
|
|move|p2a: Dragapult|U-turn|p1a: Dugtrio
|-damage|p1a: Dugtrio|0 fnt
|faint|p1a: Dugtrio
|
|switch|p2a: Zacian|Zacian|100/100|[from]move: U-turn
|-ability|p2a: Zacian|Intrepid Sword|boost
|-boost|p2a: Zacian|atk|1
|
|-weather|Sandstorm|[upkeep]
|-damage|p2a: Zacian|94/100|[from] Sandstorm
|upkeep
|
|switch|p1a: Toxapex|Toxapex, F|100/100
|-damage|p1a: Toxapex|88/100|[from] Stealth Rock
|turn|35
|
|switch|p1a: Necrozma|Necrozma-Dusk-Mane|100/100
|-damage|p1a: Necrozma|94/100|[from] Stealth Rock
|move|p2a: Zacian|Wild Charge|p1a: Necrozma
|-damage|p1a: Necrozma|70/100
|-damage|p2a: Zacian|87/100|[from] Recoil
|
|-weather|none
|-heal|p1a: Necrozma|76/100|[from] item: Leftovers
|upkeep
|turn|36
|
|switch|p2a: Dugtrio|Dugtrio, F|100/100
|move|p1a: Necrozma|Knock Off|p2a: Dugtrio
|-damage|p2a: Dugtrio|2/100
|-enditem|p2a: Dugtrio|Choice Scarf|[from] move: Knock Off|[of] p1a: Necrozma
|
|-heal|p1a: Necrozma|82/100|[from] item: Leftovers
|upkeep
|turn|37
|
|-start|p2a: Dugtrio|Dynamax
|-heal|p2a: Dugtrio|2/100|[silent]
|move|p2a: Dugtrio|Max Phantasm|p1a: Necrozma
|-supereffective|p1a: Necrozma
|-damage|p1a: Necrozma|53/100
|-unboost|p1a: Necrozma|def|1
|move|p1a: Necrozma|Morning Sun|p1a: Necrozma
|-heal|p1a: Necrozma|100/100
|
|upkeep
|turn|38
|
|move|p2a: Dugtrio|Max Quake|p1a: Necrozma
|-supereffective|p1a: Necrozma
|-crit|p1a: Necrozma
|-damage|p1a: Necrozma|0 fnt
|-boost|p2a: Dugtrio|spd|1
|faint|p1a: Necrozma
|
|upkeep
|c|☆IMPAQT|,,,,,
|c|☆IMPAQT|man
|
|switch|p1a: Mandibuzz|Mandibuzz, F|75/100
|turn|39
|
|move|p2a: Dugtrio|Max Rockfall|p1a: Mandibuzz
|-supereffective|p1a: Mandibuzz
|-damage|p1a: Mandibuzz|15/100
|-weather|Sandstorm
|move|p1a: Mandibuzz|U-turn|p2a: Dugtrio
|-damage|p2a: Dugtrio|0 fnt
|faint|p2a: Dugtrio
|
|switch|p1a: Cinderace|Cinderace, F|100/100|[from]move: U-turn
|-damage|p1a: Cinderace|76/100|[from] Stealth Rock
|
|-weather|Sandstorm|[upkeep]
|-damage|p1a: Cinderace|70/100|[from] Sandstorm
|upkeep
|
|switch|p2a: Zacian|Zacian|87/100
|-ability|p2a: Zacian|Intrepid Sword|boost
|-boost|p2a: Zacian|atk|1
|turn|40
|
|switch|p1a: Mandibuzz|Mandibuzz, F|15/100
|move|p2a: Zacian|Wild Charge|p1a: Mandibuzz
|-supereffective|p1a: Mandibuzz
|-damage|p1a: Mandibuzz|0 fnt
|-damage|p2a: Zacian|82/100|[from] Recoil
|faint|p1a: Mandibuzz
|
|-weather|Sandstorm|[upkeep]
|-damage|p2a: Zacian|76/100|[from] Sandstorm
|upkeep
|
|switch|p1a: Toxapex|Toxapex, F|100/100
|-damage|p1a: Toxapex|88/100|[from] Stealth Rock
|turn|41
|
|move|p2a: Zacian|Wild Charge|p1a: Toxapex
|-supereffective|p1a: Toxapex
|-damage|p1a: Toxapex|36/100
|-damage|p2a: Zacian|60/100|[from] item: Rocky Helmet|[of] p1a: Toxapex
|-damage|p2a: Zacian|47/100|[from] Recoil
|move|p1a: Toxapex|Recover|p1a: Toxapex
|-heal|p1a: Toxapex|86/100
|
|-weather|Sandstorm|[upkeep]
|-damage|p2a: Zacian|41/100|[from] Sandstorm
|-damage|p1a: Toxapex|80/100|[from] Sandstorm
|upkeep
|turn|42
|
|switch|p2a: Dragapult|Dragapult, F|100/100
|move|p1a: Toxapex|Recover|p1a: Toxapex
|-heal|p1a: Toxapex|100/100
|
|-weather|Sandstorm|[upkeep]
|-damage|p2a: Dragapult|95/100|[from] Sandstorm
|-damage|p1a: Toxapex|95/100|[from] Sandstorm
|upkeep
|turn|43
|
|move|p2a: Dragapult|Thunder|p1a: Toxapex|[miss]
|-miss|p2a: Dragapult|p1a: Toxapex
|move|p1a: Toxapex|Scald|p2a: Dragapult
|-resisted|p2a: Dragapult
|-damage|p2a: Dragapult|83/100
|
|-weather|none
|upkeep
|turn|44
|
|move|p2a: Dragapult|Thunder|p1a: Toxapex
|-supereffective|p1a: Toxapex
|-damage|p1a: Toxapex|39/100
|-status|p1a: Toxapex|par
|move|p1a: Toxapex|Toxic|p2a: Dragapult
|-status|p2a: Dragapult|tox
|
|-damage|p2a: Dragapult|77/100 tox|[from] psn
|upkeep
|turn|45
|
|switch|p1a: Cinderace|Cinderace, F|70/100
|-damage|p1a: Cinderace|45/100|[from] Stealth Rock
|move|p2a: Dragapult|Thunder|p1a: Cinderace|[miss]
|-miss|p2a: Dragapult|p1a: Cinderace
|
|-damage|p2a: Dragapult|65/100 tox|[from] psn
|upkeep
|turn|46
|
|switch|p2a: Zacian|Zacian|41/100
|-ability|p2a: Zacian|Intrepid Sword|boost
|-boost|p2a: Zacian|atk|1
|move|p1a: Cinderace|Sucker Punch||[still]
|-start|p1a: Cinderace|typechange|Dark|[from] ability: Libero
|-fail|p1a: Cinderace
|
|upkeep
|turn|47
|
|switch|p1a: Toxapex|Toxapex, F|72/100 par
|-damage|p1a: Toxapex|60/100 par|[from] Stealth Rock
|move|p2a: Zacian|Wild Charge|p1a: Toxapex
|-supereffective|p1a: Toxapex
|-damage|p1a: Toxapex|3/100 par
|-damage|p2a: Zacian|24/100|[from] item: Rocky Helmet|[of] p1a: Toxapex
|-damage|p2a: Zacian|11/100|[from] Recoil
|
|upkeep
|turn|48
|
|move|p2a: Zacian|Wild Charge|p1a: Toxapex
|-supereffective|p1a: Toxapex
|-damage|p1a: Toxapex|0 fnt
|-damage|p2a: Zacian|0 fnt|[from] item: Rocky Helmet|[of] p1a: Toxapex
|faint|p1a: Toxapex
|faint|p2a: Zacian
|
|upkeep
|
|switch|p2a: Dragapult|Dragapult, F|65/100 tox
|switch|p1a: Cinderace|Cinderace, F|45/100
|-damage|p1a: Cinderace|20/100|[from] Stealth Rock
|turn|49
|
|move|p1a: Cinderace|Sucker Punch|p2a: Dragapult
|-start|p1a: Cinderace|typechange|Dark|[from] ability: Libero
|-supereffective|p2a: Dragapult
|-crit|p2a: Dragapult
|-damage|p2a: Dragapult|0 fnt
|-damage|p1a: Cinderace|10/100|[from] item: Life Orb
|faint|p2a: Dragapult
|
|win|IMPAQT
|c|☆IMPAQT|gg
|l|☆crottefeu
|raw|IMPAQT's rating: 1714 &rarr; <strong>1723</strong><br />(+9 for winning)
|raw|crottefeu's rating: 1519 &rarr; <strong>1509</strong><br />(-10 for losing)
