|j|☆Mrdarkcyber
|j|☆Pkmn3443
|t:|1634327384
|gametype|singles
|player|p1|Mrdarkcyber|102|1492
|player|p2|Pkmn3443|265|1642
|teamsize|p1|6
|teamsize|p2|6
|gen|8
|tier|[Gen 8] Ubers
|rated|
|rule|Sleep Clause Mod: Limit one foe put to sleep
|rule|Species Clause: Limit one of each Pokémon
|rule|OHKO Clause: OHKO moves are banned
|rule|Evasion Moves Clause: Evasion moves are banned
|rule|Endless Battle Clause: Forcing endless battles is banned
|rule|HP Percentage Mod: HP is shown in percentages
|rule|Dynamax Clause: You cannot dynamax
|clearpoke
|poke|p1|Tyranitar, F|
|poke|p1|Excadrill, F|
|poke|p1|Xerneas-*|
|poke|p1|Calyrex-Shadow|
|poke|p1|Necrozma-Dusk-Mane|
|poke|p1|Rayquaza|
|poke|p2|Blissey, F|
|poke|p2|Necrozma-Dusk-Mane|
|poke|p2|Ho-Oh|
|poke|p2|Eternatus|
|poke|p2|Ditto|
|poke|p2|Yveltal|
|teampreview
|
|t:|1634327401
|start
|switch|p1a: Calyrex|Calyrex-Shadow|100/100
|switch|p2a: Necrozma|Necrozma-Dusk-Mane|100/100
|-ability|p1a: Calyrex|As One
|-ability|p1a: Calyrex|Unnerve
|turn|1
|inactive|Battle timer is ON: inactive players will automatically lose when time's up. (requested by Mrdarkcyber)
|
|t:|1634327409
|move|p1a: Calyrex|Astral Barrage|p2a: Necrozma
|-supereffective|p2a: Necrozma
|-damage|p2a: Necrozma|6/100
|move|p2a: Necrozma|Knock Off|p1a: Calyrex
|-supereffective|p1a: Calyrex
|-damage|p1a: Calyrex|0 fnt
|-enditem|p1a: Calyrex|Choice Scarf|[from] move: Knock Off|[of] p2a: Necrozma
|faint|p1a: Calyrex
|
|upkeep
|
|t:|1634327439
|switch|p1a: Excadrill|Excadrill, F|100/100
|turn|2
|
|t:|1634327446
|switch|p2a: Eternatus|Eternatus|100/100
|-ability|p2a: Eternatus|Pressure
|move|p1a: Excadrill|Earthquake|p2a: Eternatus
|-supereffective|p2a: Eternatus
|-damage|p2a: Eternatus|16/100
|-damage|p1a: Excadrill|91/100|[from] item: Life Orb
|
|-heal|p2a: Eternatus|22/100|[from] item: Black Sludge
|upkeep
|turn|3
|
|t:|1634327451
|switch|p1a: Tyranitar|Tyranitar, F|100/100
|-weather|Sandstorm|[from] ability: Sand Stream|[of] p1a: Tyranitar
|move|p2a: Eternatus|Flamethrower|p1a: Tyranitar
|-resisted|p1a: Tyranitar
|-damage|p1a: Tyranitar|95/100
|
|-weather|Sandstorm|[upkeep]
|-damage|p2a: Eternatus|16/100|[from] Sandstorm
|-heal|p2a: Eternatus|22/100|[from] item: Black Sludge
|upkeep
|turn|4
|
|t:|1634327461
|move|p2a: Eternatus|Recover|p2a: Eternatus
|-heal|p2a: Eternatus|72/100
|move|p1a: Tyranitar|Thunder Wave|p2a: Eternatus
|-status|p2a: Eternatus|par
|
|-weather|Sandstorm|[upkeep]
|-damage|p2a: Eternatus|66/100 par|[from] Sandstorm
|-heal|p2a: Eternatus|72/100 par|[from] item: Black Sludge
|upkeep
|turn|5
|
|t:|1634327465
|move|p1a: Tyranitar|Stealth Rock|p2a: Eternatus
|-sidestart|p2: Pkmn3443|move: Stealth Rock
|move|p2a: Eternatus|Flamethrower|p1a: Tyranitar
|-resisted|p1a: Tyranitar
|-damage|p1a: Tyranitar|89/100
|
|-weather|Sandstorm|[upkeep]
|-damage|p2a: Eternatus|66/100 par|[from] Sandstorm
|-heal|p2a: Eternatus|72/100 par|[from] item: Black Sludge
|upkeep
|turn|6
|
|t:|1634327470
|move|p1a: Tyranitar|Rock Blast|p2a: Eternatus
|-damage|p2a: Eternatus|67/100 par
|-damage|p2a: Eternatus|61/100 par
|-damage|p2a: Eternatus|55/100 par
|-damage|p2a: Eternatus|50/100 par
|-damage|p2a: Eternatus|45/100 par
|-hitcount|p2a: Eternatus|5
|cant|p2a: Eternatus|par
|
|-weather|Sandstorm|[upkeep]
|-damage|p2a: Eternatus|38/100 par|[from] Sandstorm
|-heal|p2a: Eternatus|45/100 par|[from] item: Black Sludge
|upkeep
|turn|7
|
|t:|1634327483
|move|p1a: Tyranitar|Rock Blast|p2a: Eternatus
|-damage|p2a: Eternatus|39/100 par
|-damage|p2a: Eternatus|34/100 par
|-damage|p2a: Eternatus|28/100 par
|-hitcount|p2a: Eternatus|3
|cant|p2a: Eternatus|par
|
|-weather|none
|-heal|p2a: Eternatus|35/100 par|[from] item: Black Sludge
|upkeep
|turn|8
|
|t:|1634327493
|move|p1a: Tyranitar|Foul Play|p2a: Eternatus
|-damage|p2a: Eternatus|23/100 par
|move|p2a: Eternatus|Recover|p2a: Eternatus
|-heal|p2a: Eternatus|73/100 par
|
|-heal|p2a: Eternatus|79/100 par|[from] item: Black Sludge
|upkeep
|turn|9
|
|t:|1634327500
|switch|p1a: Rayquaza|Rayquaza|100/100
|-ability|p1a: Rayquaza|Air Lock
|move|p2a: Eternatus|Toxic|p1a: Rayquaza
|-status|p1a: Rayquaza|tox
|
|-heal|p2a: Eternatus|86/100 par|[from] item: Black Sludge
|-damage|p1a: Rayquaza|95/100 tox|[from] psn
|upkeep
|turn|10
|
|t:|1634327507
|switch|p2a: Ho-Oh|Ho-Oh|100/100
|move|p1a: Rayquaza|Draco Meteor|p2a: Ho-Oh|[miss]
|-miss|p1a: Rayquaza|p2a: Ho-Oh
|
|-damage|p1a: Rayquaza|83/100 tox|[from] psn
|upkeep
|turn|11
|
|t:|1634327527
|move|p1a: Rayquaza|Dragon Ascent|p2a: Ho-Oh
|-damage|p2a: Ho-Oh|42/100
|-unboost|p1a: Rayquaza|def|1
|-unboost|p1a: Rayquaza|spd|1
|-damage|p1a: Rayquaza|73/100 tox|[from] item: Life Orb
|move|p2a: Ho-Oh|Defog|p1a: Rayquaza
|-unboost|p1a: Rayquaza|evasion|1
|-sideend|p2: Pkmn3443|Stealth Rock|[from] move: Defog|[of] p2a: Ho-Oh
|
|-damage|p1a: Rayquaza|55/100 tox|[from] psn
|upkeep
|turn|12
|
|t:|1634327539
|switch|p2a: Necrozma|Necrozma-Dusk-Mane|6/100
|move|p1a: Rayquaza|Dragon Ascent|p2a: Necrozma
|-resisted|p2a: Necrozma
|-damage|p2a: Necrozma|0 fnt
|-unboost|p1a: Rayquaza|def|1
|-unboost|p1a: Rayquaza|spd|1
|-damage|p1a: Rayquaza|38/100 tox|[from] item: Rocky Helmet|[of] p2a: Necrozma
|faint|p2a: Necrozma
|-damage|p1a: Rayquaza|28/100 tox|[from] item: Life Orb
|
|-damage|p1a: Rayquaza|4/100 tox|[from] psn
|upkeep
|
|t:|1634327543
|switch|p2a: Ditto|Ditto|100/100
|-transform|p2a: Ditto|p1a: Rayquaza|[from] ability: Imposter
|turn|13
|
|t:|1634327547
|move|p2a: Ditto|Extreme Speed|p1a: Rayquaza
|-damage|p1a: Rayquaza|0 fnt
|faint|p1a: Rayquaza
|
|upkeep
|
|t:|1634327564
|switch|p1a: Tyranitar|Tyranitar, F|89/100
|-weather|Sandstorm|[from] ability: Sand Stream|[of] p1a: Tyranitar
|turn|14
|
|t:|1634327580
|switch|p2a: Eternatus|Eternatus|86/100 par
|-ability|p2a: Eternatus|Pressure
|move|p1a: Tyranitar|Stealth Rock|p2a: Eternatus
|-sidestart|p2: Pkmn3443|move: Stealth Rock
|
|-weather|Sandstorm|[upkeep]
|-damage|p2a: Eternatus|79/100 par|[from] Sandstorm
|-heal|p2a: Eternatus|86/100 par|[from] item: Black Sludge
|upkeep
|turn|15
|
|t:|1634327591
|move|p1a: Tyranitar|Rock Blast|p2a: Eternatus
|-damage|p2a: Eternatus|80/100 par
|-damage|p2a: Eternatus|75/100 par
|-crit|p2a: Eternatus
|-damage|p2a: Eternatus|67/100 par
|-hitcount|p2a: Eternatus|3
|cant|p2a: Eternatus|par
|
|-weather|Sandstorm|[upkeep]
|-damage|p2a: Eternatus|61/100 par|[from] Sandstorm
|-heal|p2a: Eternatus|67/100 par|[from] item: Black Sludge
|upkeep
|turn|16
|
|t:|1634327601
|switch|p1a: Xerneas|Xerneas|100/100
|-ability|p1a: Xerneas|Fairy Aura
|move|p2a: Eternatus|Recover|p2a: Eternatus
|-heal|p2a: Eternatus|100/100 par
|
|-weather|Sandstorm|[upkeep]
|-damage|p1a: Xerneas|94/100|[from] Sandstorm
|-damage|p2a: Eternatus|94/100 par|[from] Sandstorm
|-heal|p2a: Eternatus|100/100 par|[from] item: Black Sludge
|upkeep
|turn|17
|
|t:|1634327609
|move|p1a: Xerneas|Geomancy||[still]
|-prepare|p1a: Xerneas|Geomancy
|-enditem|p1a: Xerneas|Power Herb
|-anim|p1a: Xerneas|Geomancy|p1a: Xerneas
|-boost|p1a: Xerneas|spa|2
|-boost|p1a: Xerneas|spd|2
|-boost|p1a: Xerneas|spe|2
|move|p2a: Eternatus|Toxic|p1a: Xerneas
|-status|p1a: Xerneas|tox
|
|-weather|Sandstorm|[upkeep]
|-damage|p1a: Xerneas|88/100 tox|[from] Sandstorm
|-damage|p2a: Eternatus|94/100 par|[from] Sandstorm
|-heal|p2a: Eternatus|100/100 par|[from] item: Black Sludge
|-damage|p1a: Xerneas|82/100 tox|[from] psn
|upkeep
|turn|18
|
|t:|1634327612
|switch|p2a: Blissey|Blissey, F|100/100
|-damage|p2a: Blissey|88/100|[from] Stealth Rock
|move|p1a: Xerneas|Aromatherapy|p1a: Xerneas
|-activate|p1a: Xerneas|move: Aromatherapy
|-curestatus|p1a: Xerneas|tox|[msg]
|
|-weather|none
|upkeep
|turn|19
|
|t:|1634327620
|move|p1a: Xerneas|Moonblast|p2a: Blissey
|-damage|p2a: Blissey|50/100
|move|p2a: Blissey|Seismic Toss|p1a: Xerneas
|-damage|p1a: Xerneas|57/100
|
|upkeep
|turn|20
|
|t:|1634327629
|move|p1a: Xerneas|Moonblast|p2a: Blissey
|-damage|p2a: Blissey|7/100
|-unboost|p2a: Blissey|spa|1
|move|p2a: Blissey|Seismic Toss|p1a: Xerneas
|-damage|p1a: Xerneas|31/100
|
|upkeep
|turn|21
|
|t:|1634327631
|move|p1a: Xerneas|Moonblast|p2a: Blissey
|-damage|p2a: Blissey|0 fnt
|faint|p2a: Blissey
|
|upkeep
|
|t:|1634327633
|switch|p2a: Ditto|Ditto|100/100
|-damage|p2a: Ditto|88/100|[from] Stealth Rock
|-transform|p2a: Ditto|p1a: Xerneas|[from] ability: Imposter
|-ability|p2a: Ditto|Fairy Aura
|turn|22
|
|t:|1634327636
|move|p2a: Ditto|Moonblast|p1a: Xerneas
|-damage|p1a: Xerneas|0 fnt
|faint|p1a: Xerneas
|
|upkeep
|
|t:|1634327638
|switch|p1a: Necrozma|Necrozma-Dusk-Mane|100/100
|turn|23
|
|t:|1634327642
|switch|p2a: Ho-Oh|Ho-Oh|75/100
|move|p1a: Necrozma|Sunsteel Strike|p2a: Ho-Oh
|-resisted|p2a: Ho-Oh
|-damage|p2a: Ho-Oh|54/100
|
|upkeep
|turn|24
|
|t:|1634327647
|switch|p2a: Eternatus|Eternatus|100/100 par
|-damage|p2a: Eternatus|88/100 par|[from] Stealth Rock
|-ability|p2a: Eternatus|Pressure
|move|p1a: Necrozma|Stone Edge|p2a: Eternatus
|-crit|p2a: Eternatus
|-damage|p2a: Eternatus|56/100 par
|
|-heal|p2a: Eternatus|62/100 par|[from] item: Black Sludge
|upkeep
|turn|25
|
|t:|1634327655
|move|p1a: Necrozma|Earthquake|p2a: Eternatus
|-supereffective|p2a: Eternatus
|-damage|p2a: Eternatus|19/100 par
|cant|p2a: Eternatus|par
|
|-heal|p2a: Eternatus|25/100 par|[from] item: Black Sludge
|upkeep
|turn|26
|
|t:|1634327663
|move|p1a: Necrozma|Earthquake|p2a: Eternatus
|-supereffective|p2a: Eternatus
|-damage|p2a: Eternatus|0 fnt
|faint|p2a: Eternatus
|
|upkeep
|
|t:|1634327666
|switch|p2a: Yveltal|Yveltal|100/100
|-ability|p2a: Yveltal|Dark Aura
|turn|27
|
|t:|1634327671
|move|p2a: Yveltal|Knock Off|p1a: Necrozma
|-supereffective|p1a: Necrozma
|-enditem|p1a: Necrozma|Colbur Berry|[eat]
|-enditem|p1a: Necrozma|Colbur Berry|[weaken]
|-damage|p1a: Necrozma|63/100
|move|p1a: Necrozma|Dragon Dance|p1a: Necrozma
|-boost|p1a: Necrozma|atk|1
|-boost|p1a: Necrozma|spe|1
|
|upkeep
|turn|28
|
|t:|1634327687
|move|p1a: Necrozma|Stone Edge|p2a: Yveltal
|-supereffective|p2a: Yveltal
|-damage|p2a: Yveltal|0 fnt
|faint|p2a: Yveltal
|
|upkeep
|
|t:|1634327690
|switch|p2a: Ditto|Ditto|88/100
|-damage|p2a: Ditto|76/100|[from] Stealth Rock
|-transform|p2a: Ditto|p1a: Necrozma|[from] ability: Imposter
|turn|29
|
|t:|1634327693
|move|p2a: Ditto|Earthquake|p1a: Necrozma
|-supereffective|p1a: Necrozma
|-damage|p1a: Necrozma|0 fnt
|faint|p1a: Necrozma
|
|upkeep
|
|t:|1634327698
|switch|p1a: Tyranitar|Tyranitar, F|89/100
|-weather|Sandstorm|[from] ability: Sand Stream|[of] p1a: Tyranitar
|turn|30
|
|t:|1634327701
|move|p2a: Ditto|Earthquake|p1a: Tyranitar
|-supereffective|p1a: Tyranitar
|-damage|p1a: Tyranitar|0 fnt
|faint|p1a: Tyranitar
|
|-weather|Sandstorm|[upkeep]
|upkeep
|
|t:|1634327703
|switch|p1a: Excadrill|Excadrill, F|91/100
|turn|31
|
|t:|1634327712
|switch|p2a: Ho-Oh|Ho-Oh|87/100
|move|p1a: Excadrill|Earthquake|p2a: Ho-Oh
|-immune|p2a: Ho-Oh
|
|-weather|Sandstorm|[upkeep]
|-damage|p2a: Ho-Oh|81/100|[from] Sandstorm
|upkeep
|turn|32
|
|t:|1634327722
|move|p1a: Excadrill|Rock Slide|p2a: Ho-Oh
|-supereffective|p2a: Ho-Oh
|-damage|p2a: Ho-Oh|0 fnt
|faint|p2a: Ho-Oh
|-damage|p1a: Excadrill|81/100|[from] item: Life Orb
|
|-weather|Sandstorm|[upkeep]
|upkeep
|
|t:|1634327725
|switch|p2a: Ditto|Ditto|76/100
|-damage|p2a: Ditto|63/100|[from] Stealth Rock
|-transform|p2a: Ditto|p1a: Excadrill|[from] ability: Imposter
|turn|33
|-message|Mrdarkcyber forfeited.
|
|win|Pkmn3443
|raw|Mrdarkcyber's rating: 1492 &rarr; <strong>1480</strong><br />(-12 for losing)
|raw|Pkmn3443's rating: 1642 &rarr; <strong>1654</strong><br />(+12 for winning)
|l|☆Mrdarkcyber
