|raw|<div class="broadcast-blue"><strong>This battle is required to be public due to a player having a name starting with 'ult4pdr'.</div>
|j|☆neptune732
|j|☆ULT4PDR Elincia
|t:|1654225031
|gametype|singles
|player|p1|neptune732|266|1510
|player|p2|ULT4PDR Elincia|picnicker|1562
|teamsize|p1|6
|teamsize|p2|6
|gen|8
|tier|[Gen 8] Ubers
|rated|
|rule|Sleep Clause Mod: Limit one foe put to sleep
|rule|Species Clause: Limit one of each Pokémon
|rule|OHKO Clause: OHKO moves are banned
|rule|Evasion Moves Clause: Evasion moves are banned
|rule|Endless Battle Clause: Forcing endless battles is banned
|rule|HP Percentage Mod: HP is shown in percentages
|rule|Dynamax Clause: You cannot dynamax
|clearpoke
|poke|p1|Cloyster, M|
|poke|p1|Aegislash, F|
|poke|p1|Kyurem-Black|
|poke|p1|Urshifu-*, F|
|poke|p1|Dragapult, M|
|poke|p1|Xerneas-*|
|poke|p2|Yveltal|
|poke|p2|Necrozma-Dusk-Mane|
|poke|p2|Eternatus|
|poke|p2|Xerneas-*|
|poke|p2|Ferrothorn, M|
|poke|p2|Calyrex-Shadow|
|teampreview
|
|t:|1654225051
|start
|switch|p1a: Cloyster|Cloyster, M|100/100
|switch|p2a: Yveltal|Yveltal|100/100
|-ability|p2a: Yveltal|Dark Aura
|turn|1
|
|t:|1654225060
|move|p2a: Yveltal|U-turn|p1a: Cloyster
|-damage|p1a: Cloyster|83/100
|
|t:|1654225063
|switch|p2a: Calyrex|Calyrex-Shadow|100/100|[from]move: U-turn
|-ability|p2a: Calyrex|As One
|-ability|p2a: Calyrex|Unnerve
|move|p1a: Cloyster|Shell Smash|p1a: Cloyster
|-unboost|p1a: Cloyster|def|1
|-unboost|p1a: Cloyster|spd|1
|-boost|p1a: Cloyster|atk|2
|-boost|p1a: Cloyster|spa|2
|-boost|p1a: Cloyster|spe|2
|
|upkeep
|turn|2
|
|t:|1654225073
|move|p2a: Calyrex|Astral Barrage|p1a: Cloyster
|-damage|p1a: Cloyster|0 fnt
|faint|p1a: Cloyster
|-ability|p2a: Calyrex|Grim Neigh|boost
|-boost|p2a: Calyrex|spa|1
|
|upkeep
|
|t:|1654225090
|switch|p1a: Urshifu|Urshifu, F|100/100
|turn|3
|
|t:|1654225096
|switch|p2a: Xerneas|Xerneas|100/100
|-ability|p2a: Xerneas|Fairy Aura
|-item|p2a: Xerneas|Air Balloon
|move|p1a: Urshifu|U-turn|p2a: Xerneas
|-resisted|p2a: Xerneas
|-damage|p2a: Xerneas|93/100
|-enditem|p2a: Xerneas|Air Balloon
|
|t:|1654225112
|switch|p1a: Aegislash|Aegislash, F|100/100|[from]move: U-turn
|
|upkeep
|turn|4
|
|t:|1654225134
|switch|p2a: Yveltal|Yveltal|100/100
|-ability|p2a: Yveltal|Dark Aura
|switch|p1a: Dragapult|Dragapult, M|100/100
|
|upkeep
|turn|5
|
|t:|1654225150
|move|p1a: Dragapult|Will-O-Wisp|p2a: Yveltal|[miss]
|-miss|p1a: Dragapult|p2a: Yveltal
|move|p2a: Yveltal|Foul Play|p1a: Dragapult
|-supereffective|p1a: Dragapult
|-damage|p1a: Dragapult|0 fnt
|faint|p1a: Dragapult
|
|upkeep
|
|t:|1654225159
|switch|p1a: Kyurem|Kyurem-Black|100/100
|-ability|p1a: Kyurem|Teravolt
|turn|6
|
|t:|1654225164
|move|p1a: Kyurem|Dragon Dance|p1a: Kyurem
|-boost|p1a: Kyurem|atk|1
|-boost|p1a: Kyurem|spe|1
|move|p2a: Yveltal|U-turn|p1a: Kyurem
|-damage|p1a: Kyurem|81/100
|
|t:|1654225177
|switch|p2a: Calyrex|Calyrex-Shadow|100/100|[from]move: U-turn
|-ability|p2a: Calyrex|As One
|-ability|p2a: Calyrex|Unnerve
|
|upkeep
|turn|7
|
|t:|1654225197
|move|p2a: Calyrex|Trick|p1a: Kyurem
|-activate|p2a: Calyrex|move: Trick|[of] p1a: Kyurem
|-item|p1a: Kyurem|Choice Scarf|[from] move: Trick
|-item|p2a: Calyrex|TR71|[from] move: Trick
|move|p1a: Kyurem|Icicle Spear|p2a: Calyrex
|-damage|p2a: Calyrex|70/100
|-damage|p2a: Calyrex|42/100
|-hitcount|p2a: Calyrex|2
|
|upkeep
|turn|8
|
|t:|1654225206
|move|p2a: Calyrex|Protect|p2a: Calyrex
|-singleturn|p2a: Calyrex|Protect
|move|p1a: Kyurem|Icicle Spear|p2a: Calyrex
|-activate|p2a: Calyrex|move: Protect
|
|upkeep
|turn|9
|j|+Mr.378
|
|t:|1654225218
|switch|p1a: Urshifu|Urshifu, F|100/100
|switch|p2a: Necrozma|Necrozma-Dusk-Mane|100/100
|
|upkeep
|turn|10
|
|t:|1654225225
|switch|p2a: Xerneas|Xerneas|93/100
|-ability|p2a: Xerneas|Fairy Aura
|move|p1a: Urshifu|U-turn|p2a: Xerneas
|-resisted|p2a: Xerneas
|-damage|p2a: Xerneas|86/100
|j| Thaki dekh
|
|t:|1654225238
|switch|p1a: Aegislash|Aegislash, F|100/100|[from]move: U-turn
|
|upkeep
|turn|11
|
|t:|1654225243
|switch|p2a: Yveltal|Yveltal|100/100
|-ability|p2a: Yveltal|Dark Aura
|-formechange|p1a: Aegislash|Aegislash-Blade||[from] ability: Stance Change
|move|p1a: Aegislash|Head Smash|p2a: Yveltal
|-supereffective|p2a: Yveltal
|-damage|p2a: Yveltal|0 fnt
|faint|p2a: Yveltal
|-damage|p1a: Aegislash|38/100|[from] Recoil
|-damage|p1a: Aegislash|29/100|[from] item: Life Orb
|
|upkeep
|
|t:|1654225251
|switch|p2a: Eternatus|Eternatus|100/100
|-ability|p2a: Eternatus|Pressure
|turn|12
|
|t:|1654225257
|move|p1a: Aegislash|Shadow Sneak|p2a: Eternatus
|-damage|p2a: Eternatus|75/100
|-damage|p1a: Aegislash|19/100|[from] item: Life Orb
|move|p2a: Eternatus|Meteor Beam||[still]
|-prepare|p2a: Eternatus|Meteor Beam
|-boost|p2a: Eternatus|spa|1
|-enditem|p2a: Eternatus|Power Herb
|-anim|p2a: Eternatus|Meteor Beam|p1a: Aegislash
|-resisted|p1a: Aegislash
|-damage|p1a: Aegislash|0 fnt
|faint|p1a: Aegislash
|
|upkeep
|
|t:|1654225271
|switch|p1a: Urshifu|Urshifu, F|100/100
|turn|13
|
|t:|1654225291
|move|p1a: Urshifu|Wicked Blow|p2a: Eternatus
|-crit|p2a: Eternatus
|-damage|p2a: Eternatus|22/100
|move|p2a: Eternatus|Dynamax Cannon|p1a: Urshifu
|-damage|p1a: Urshifu|0 fnt
|faint|p1a: Urshifu
|
|upkeep
|
|t:|1654225299
|switch|p1a: Kyurem|Kyurem-Black|81/100
|-ability|p1a: Kyurem|Teravolt
|turn|14
|
|t:|1654225309
|move|p1a: Kyurem|Icicle Spear|p2a: Eternatus
|-supereffective|p2a: Eternatus
|-damage|p2a: Eternatus|0 fnt
|faint|p2a: Eternatus
|-hitcount|p2: Eternatus|1
|
|upkeep
|
|t:|1654225312
|switch|p2a: Necrozma|Necrozma-Dusk-Mane|100/100
|turn|15
|-message|neptune732 forfeited.
|
|win|ULT4PDR Elincia
|raw|neptune732's rating: 1510 &rarr; <strong>1493</strong><br />(-17 for losing)
|raw|ULT4PDR Elincia's rating: 1562 &rarr; <strong>1579</strong><br />(+17 for winning)
|l|☆neptune732
|l|☆ULT4PDR Elincia
|l|+Mr.378
||Ladder isn't responding, score probably updated but might not have (Request timeout).
