|j|☆I Crit My Panties
|j|☆bhahn
|t:|1606604377
|player|p1|I Crit My Panties|265|1519
|player|p2|bhahn|wallace-gen3|1401
|teamsize|p1|6
|teamsize|p2|6
|gametype|singles
|gen|8
|tier|[Gen 8] Ubers
|rated|
|clearpoke
|poke|p1|Necrozma-Dusk-Mane|
|poke|p1|Ho-Oh|
|poke|p1|Eternatus|
|poke|p1|Yveltal|
|poke|p1|Zygarde|
|poke|p1|Calyrex-Shadow|
|poke|p2|Necrozma-Dusk-Mane|
|poke|p2|Eternatus|
|poke|p2|Kyogre|
|poke|p2|Xerneas|
|poke|p2|Yveltal|
|poke|p2|Zacian-Crowned|
|rule|Sleep Clause Mod: Limit one foe put to sleep
|rule|Species Clause: Limit one of each Pokémon
|rule|OHKO Clause: OHKO moves are banned
|rule|Evasion Moves Clause: Evasion moves are banned
|rule|Endless Battle Clause: Forcing endless battles is banned
|rule|HP Percentage Mod: HP is shown in percentages
|rule|Dynamax Clause: You cannot dynamax
|teampreview
|
|t:|1606604396
|start
|switch|p1a: Eternatus|Eternatus|100/100
|switch|p2a: Eternatus|Eternatus|100/100
|-ability|p2a: Eternatus|Pressure
|-ability|p1a: Eternatus|Pressure
|turn|1
|
|t:|1606604402
|move|p2a: Eternatus|Dynamax Cannon|p1a: Eternatus
|-supereffective|p1a: Eternatus
|-damage|p1a: Eternatus|49/100
|move|p1a: Eternatus|Dynamax Cannon|p2a: Eternatus
|-supereffective|p2a: Eternatus
|-damage|p2a: Eternatus|39/100
|
|-heal|p2a: Eternatus|46/100|[from] item: Black Sludge
|-heal|p1a: Eternatus|55/100|[from] item: Black Sludge
|upkeep
|turn|2
|
|t:|1606604409
|move|p2a: Eternatus|Recover|p2a: Eternatus
|-heal|p2a: Eternatus|96/100
|move|p1a: Eternatus|Dynamax Cannon|p2a: Eternatus
|-supereffective|p2a: Eternatus
|-damage|p2a: Eternatus|37/100
|
|-heal|p2a: Eternatus|43/100|[from] item: Black Sludge
|-heal|p1a: Eternatus|61/100|[from] item: Black Sludge
|upkeep
|turn|3
|
|t:|1606604415
|switch|p1a: Calyrex|Calyrex-Shadow|100/100
|-ability|p1a: Calyrex|As One
|-ability|p1a: Calyrex|Unnerve|p2: bhahn
|move|p2a: Eternatus|Recover|p2a: Eternatus
|-heal|p2a: Eternatus|93/100
|
|-heal|p2a: Eternatus|99/100|[from] item: Black Sludge
|upkeep
|turn|4
|
|t:|1606604418
|switch|p2a: Yveltal|Yveltal|100/100
|-ability|p2a: Yveltal|Dark Aura
|move|p1a: Calyrex|Trick|p2a: Yveltal
|-activate|p1a: Calyrex|move: Trick|[of] p2a: Yveltal
|-item|p2a: Yveltal|Choice Specs|[from] move: Trick
|-item|p1a: Calyrex|Heavy-Duty Boots|[from] move: Trick
|
|upkeep
|turn|5
|inactive|Battle timer is ON: inactive players will automatically lose when time's up. (requested by bhahn)
|
|t:|1606604427
|switch|p1a: Ho-Oh|Ho-Oh|100/100
|move|p2a: Yveltal|Foul Play|p1a: Ho-Oh
|-damage|p1a: Ho-Oh|63/100
|
|upkeep
|turn|6
|
|t:|1606604435
|switch|p1a: Eternatus|Eternatus|61/100
|-ability|p1a: Eternatus|Pressure
|move|p2a: Yveltal|Foul Play|p1a: Eternatus
|-damage|p1a: Eternatus|40/100
|
|-heal|p1a: Eternatus|46/100|[from] item: Black Sludge
|upkeep
|turn|7
|
|t:|1606604445
|switch|p2a: Eternatus|Eternatus|99/100
|-ability|p2a: Eternatus|Pressure
|move|p1a: Eternatus|Recover|p1a: Eternatus
|-heal|p1a: Eternatus|96/100
|
|-heal|p2a: Eternatus|100/100|[from] item: Black Sludge
|-heal|p1a: Eternatus|100/100|[from] item: Black Sludge
|upkeep
|turn|8
|
|t:|1606604457
|switch|p1a: Necrozma|Necrozma-Dusk-Mane|100/100
|move|p2a: Eternatus|Toxic Spikes|p1a: Necrozma
|-sidestart|p1: I Crit My Panties|move: Toxic Spikes
|
|upkeep
|turn|9
|
|t:|1606604466
|switch|p2a: Yveltal|Yveltal|100/100
|-ability|p2a: Yveltal|Dark Aura
|move|p1a: Necrozma|Stealth Rock|p2a: Yveltal
|-sidestart|p2: bhahn|move: Stealth Rock
|
|upkeep
|turn|10
|
|t:|1606604470
|switch|p1a: Ho-Oh|Ho-Oh|97/100
|move|p2a: Yveltal|Foul Play|p1a: Ho-Oh
|-damage|p1a: Ho-Oh|61/100
|
|upkeep
|turn|11
|
|t:|1606604478
|move|p2a: Yveltal|Foul Play|p1a: Ho-Oh
|-damage|p1a: Ho-Oh|24/100
|move|p1a: Ho-Oh|Whirlwind|p2a: Yveltal
|drag|p2a: Eternatus|Eternatus|100/100
|-damage|p2a: Eternatus|88/100|[from] Stealth Rock
|-ability|p2a: Eternatus|Pressure
|
|-heal|p2a: Eternatus|94/100|[from] item: Black Sludge
|upkeep
|turn|12
|
|t:|1606604483
|switch|p1a: Eternatus|Eternatus|100/100
|-sideend|p1: I Crit My Panties|move: Toxic Spikes|[of] p1a: Eternatus
|-ability|p1a: Eternatus|Pressure
|move|p2a: Eternatus|Dynamax Cannon|p1a: Eternatus
|-supereffective|p1a: Eternatus
|-damage|p1a: Eternatus|48/100
|
|-heal|p2a: Eternatus|100/100|[from] item: Black Sludge
|-heal|p1a: Eternatus|54/100|[from] item: Black Sludge
|upkeep
|turn|13
|
|t:|1606604490
|switch|p1a: Necrozma|Necrozma-Dusk-Mane|100/100
|move|p2a: Eternatus|Toxic Spikes|p1a: Necrozma
|-sidestart|p1: I Crit My Panties|move: Toxic Spikes
|
|upkeep
|turn|14
|
|t:|1606604497
|move|p2a: Eternatus|Flamethrower|p1a: Necrozma
|-supereffective|p1a: Necrozma
|-damage|p1a: Necrozma|66/100
|move|p1a: Necrozma|Sunsteel Strike|p2a: Eternatus
|-damage|p2a: Eternatus|62/100
|
|-heal|p2a: Eternatus|68/100|[from] item: Black Sludge
|upkeep
|turn|15
|
|t:|1606604503
|move|p2a: Eternatus|Flamethrower|p1a: Necrozma
|-supereffective|p1a: Necrozma
|-damage|p1a: Necrozma|34/100
|move|p1a: Necrozma|Moonlight|p1a: Necrozma
|-heal|p1a: Necrozma|84/100
|
|-heal|p2a: Eternatus|74/100|[from] item: Black Sludge
|upkeep
|turn|16
|
|t:|1606604508
|move|p2a: Eternatus|Flamethrower|p1a: Necrozma
|-supereffective|p1a: Necrozma
|-damage|p1a: Necrozma|48/100
|move|p1a: Necrozma|Knock Off|p2a: Eternatus
|-damage|p2a: Eternatus|51/100
|-enditem|p2a: Eternatus|Black Sludge|[from] move: Knock Off|[of] p1a: Necrozma
|
|upkeep
|turn|17
|
|t:|1606604513
|switch|p1a: Eternatus|Eternatus|54/100
|-sideend|p1: I Crit My Panties|move: Toxic Spikes|[of] p1a: Eternatus
|-ability|p1a: Eternatus|Pressure
|move|p2a: Eternatus|Flamethrower|p1a: Eternatus
|-resisted|p1a: Eternatus
|-damage|p1a: Eternatus|46/100
|
|-heal|p1a: Eternatus|53/100|[from] item: Black Sludge
|upkeep
|turn|18
|
|t:|1606604517
|move|p2a: Eternatus|Recover|p2a: Eternatus
|-heal|p2a: Eternatus|100/100
|move|p1a: Eternatus|Dynamax Cannon|p2a: Eternatus
|-supereffective|p2a: Eternatus
|-damage|p2a: Eternatus|37/100
|
|-heal|p1a: Eternatus|59/100|[from] item: Black Sludge
|upkeep
|turn|19
|
|t:|1606604522
|switch|p1a: Calyrex|Calyrex-Shadow|100/100
|-ability|p1a: Calyrex|As One
|-ability|p1a: Calyrex|Unnerve|p2: bhahn
|move|p2a: Eternatus|Recover|p2a: Eternatus
|-heal|p2a: Eternatus|87/100
|
|upkeep
|turn|20
|
|t:|1606604526
|switch|p2a: Yveltal|Yveltal|100/100
|-damage|p2a: Yveltal|76/100|[from] Stealth Rock
|-ability|p2a: Yveltal|Dark Aura
|move|p1a: Calyrex|Astral Barrage|p2a: Yveltal
|-resisted|p2a: Yveltal
|-damage|p2a: Yveltal|54/100
|
|upkeep
|turn|21
|
|t:|1606604533
|switch|p1a: Yveltal|Yveltal|100/100
|-ability|p1a: Yveltal|Dark Aura
|move|p2a: Yveltal|U-turn|p1a: Yveltal
|-damage|p1a: Yveltal|75/100
|
|t:|1606604543
|switch|p2a: Zacian|Zacian-Crowned|100/100|[from]move: U-turn
|-damage|p2a: Zacian|94/100|[from] Stealth Rock
|-ability|p2a: Zacian|Intrepid Sword|boost
|-boost|p2a: Zacian|atk|1
|
|upkeep
|turn|22
|
|t:|1606604550
|switch|p1a: Necrozma|Necrozma-Dusk-Mane|48/100
|move|p2a: Zacian|Wild Charge|p1a: Necrozma
|-crit|p1a: Necrozma
|-damage|p1a: Necrozma|0 fnt
|-damage|p2a: Zacian|78/100|[from] item: Rocky Helmet|[of] p1a: Necrozma
|-damage|p2a: Zacian|63/100|[from] Recoil
|faint|p1a: Necrozma
|
|upkeep
|
|t:|1606604554
|switch|p1a: Calyrex|Calyrex-Shadow|100/100
|-ability|p1a: Calyrex|As One
|-ability|p1a: Calyrex|Unnerve|p2: bhahn
|turn|23
|
|t:|1606604568
|switch|p2a: Yveltal|Yveltal|54/100
|-damage|p2a: Yveltal|29/100|[from] Stealth Rock
|-ability|p2a: Yveltal|Dark Aura
|move|p1a: Calyrex|Astral Barrage|p2a: Yveltal
|-resisted|p2a: Yveltal
|-damage|p2a: Yveltal|7/100
|
|upkeep
|turn|24
|
|t:|1606604576
|switch|p1a: Eternatus|Eternatus|59/100
|-ability|p1a: Eternatus|Pressure
|move|p2a: Yveltal|Sucker Punch||[still]
|-fail|p2a: Yveltal
|
|-heal|p1a: Eternatus|65/100|[from] item: Black Sludge
|upkeep
|turn|25
|
|t:|1606604585
|switch|p2a: Eternatus|Eternatus|87/100
|-damage|p2a: Eternatus|75/100|[from] Stealth Rock
|-ability|p2a: Eternatus|Pressure
|move|p1a: Eternatus|Toxic Spikes|p2a: Eternatus
|-sidestart|p2: bhahn|move: Toxic Spikes
|
|-heal|p1a: Eternatus|71/100|[from] item: Black Sludge
|upkeep
|turn|26
|
|t:|1606604594
|switch|p1a: Ho-Oh|Ho-Oh|57/100
|move|p2a: Eternatus|Toxic Spikes|p1a: Ho-Oh
|-sidestart|p1: I Crit My Panties|move: Toxic Spikes
|
|upkeep
|turn|27
|
|t:|1606604611
|switch|p2a: Zacian|Zacian-Crowned|63/100
|-damage|p2a: Zacian|57/100|[from] Stealth Rock
|-ability|p2a: Zacian|Intrepid Sword|boost
|-boost|p2a: Zacian|atk|1
|move|p1a: Ho-Oh|Whirlwind|p2a: Zacian
|drag|p2a: Eternatus|Eternatus|75/100
|-sideend|p2: bhahn|move: Toxic Spikes|[of] p2a: Eternatus
|-damage|p2a: Eternatus|62/100|[from] Stealth Rock
|-ability|p2a: Eternatus|Pressure
|
|upkeep
|turn|28
|
|t:|1606604620
|switch|p1a: Eternatus|Eternatus|71/100
|-sideend|p1: I Crit My Panties|move: Toxic Spikes|[of] p1a: Eternatus
|-ability|p1a: Eternatus|Pressure
|move|p2a: Eternatus|Toxic Spikes|p1a: Eternatus
|-sidestart|p1: I Crit My Panties|move: Toxic Spikes
|
|-heal|p1a: Eternatus|78/100|[from] item: Black Sludge
|upkeep
|turn|29
|
|t:|1606604625
|switch|p1a: Ho-Oh|Ho-Oh|90/100
|move|p2a: Eternatus|Recover|p2a: Eternatus
|-heal|p2a: Eternatus|100/100
|
|upkeep
|turn|30
|
|t:|1606604629
|move|p2a: Eternatus|Flamethrower|p1a: Ho-Oh
|-resisted|p1a: Ho-Oh
|-damage|p1a: Ho-Oh|83/100
|move|p1a: Ho-Oh|Whirlwind|p2a: Eternatus
|drag|p2a: Xerneas|Xerneas|100/100
|-damage|p2a: Xerneas|88/100|[from] Stealth Rock
|-ability|p2a: Xerneas|Fairy Aura
|
|upkeep
|turn|31
|
|t:|1606604637
|move|p2a: Xerneas|Thunder|p1a: Ho-Oh|[miss]
|-miss|p2a: Xerneas|p1a: Ho-Oh
|move|p1a: Ho-Oh|Whirlwind|p2a: Xerneas
|drag|p2a: Yveltal|Yveltal|7/100
|-damage|p2a: Yveltal|0 fnt|[from] Stealth Rock
|faint|p2a: Yveltal
|
|upkeep
|
|t:|1606604658
|switch|p2a: Zacian|Zacian-Crowned|57/100
|-damage|p2a: Zacian|51/100|[from] Stealth Rock
|-ability|p2a: Zacian|Intrepid Sword|boost
|-boost|p2a: Zacian|atk|1
|turn|32
|
|t:|1606604669
|move|p2a: Zacian|Wild Charge|p1a: Ho-Oh
|-supereffective|p1a: Ho-Oh
|-damage|p1a: Ho-Oh|7/100
|-damage|p2a: Zacian|26/100|[from] Recoil
|move|p1a: Ho-Oh|Sacred Fire|p2a: Zacian
|-supereffective|p2a: Zacian
|-damage|p2a: Zacian|0 fnt
|faint|p2a: Zacian
|
|upkeep
|
|t:|1606604675
|switch|p2a: Eternatus|Eternatus|100/100
|-damage|p2a: Eternatus|88/100|[from] Stealth Rock
|-ability|p2a: Eternatus|Pressure
|turn|33
|
|t:|1606604678
|switch|p1a: Eternatus|Eternatus|78/100
|-sideend|p1: I Crit My Panties|move: Toxic Spikes|[of] p1a: Eternatus
|-ability|p1a: Eternatus|Pressure
|move|p2a: Eternatus|Dynamax Cannon|p1a: Eternatus
|-supereffective|p1a: Eternatus
|-damage|p1a: Eternatus|27/100
|
|-heal|p1a: Eternatus|33/100|[from] item: Black Sludge
|upkeep
|turn|34
|
|t:|1606604685
|move|p2a: Eternatus|Dynamax Cannon|p1a: Eternatus
|-supereffective|p1a: Eternatus
|-crit|p1a: Eternatus
|-damage|p1a: Eternatus|0 fnt
|faint|p1a: Eternatus
|
|upkeep
|
|t:|1606604692
|switch|p1a: Calyrex|Calyrex-Shadow|100/100
|-ability|p1a: Calyrex|As One
|-ability|p1a: Calyrex|Unnerve|p2: bhahn
|turn|35
|
|t:|1606604707
|move|p1a: Calyrex|Astral Barrage|p2a: Eternatus
|-damage|p2a: Eternatus|43/100
|move|p2a: Eternatus|Toxic Spikes|p1a: Calyrex
|-sidestart|p1: I Crit My Panties|move: Toxic Spikes
|
|upkeep
|turn|36
|
|t:|1606604716
|move|p1a: Calyrex|Astral Barrage|p2a: Eternatus
|-damage|p2a: Eternatus|0 fnt
|faint|p2a: Eternatus
|-ability|p1a: Calyrex|Grim Neigh|boost
|-boost|p1a: Calyrex|spa|1
|
|upkeep
|
|t:|1606604720
|switch|p2a: Kyogre|Kyogre|100/100
|-damage|p2a: Kyogre|88/100|[from] Stealth Rock
|-weather|RainDance|[from] ability: Drizzle|[of] p2a: Kyogre
|turn|37
|
|t:|1606604729
|switch|p1a: Ho-Oh|Ho-Oh|40/100
|move|p2a: Kyogre|Water Spout|p1a: Ho-Oh
|-supereffective|p1a: Ho-Oh
|-damage|p1a: Ho-Oh|0 fnt
|faint|p1a: Ho-Oh
|
|-weather|RainDance|[upkeep]
|upkeep
|
|t:|1606604732
|switch|p1a: Yveltal|Yveltal|75/100
|-ability|p1a: Yveltal|Dark Aura
|turn|38
|
|t:|1606604737
|move|p1a: Yveltal|Sucker Punch|p2a: Kyogre
|-damage|p2a: Kyogre|31/100
|-damage|p1a: Yveltal|65/100|[from] item: Life Orb
|move|p2a: Kyogre|Water Spout|p1a: Yveltal
|-damage|p1a: Yveltal|30/100
|
|-weather|RainDance|[upkeep]
|upkeep
|turn|39
|
|t:|1606604747
|move|p1a: Yveltal|Sucker Punch|p2a: Kyogre
|-damage|p2a: Kyogre|0 fnt
|-damage|p1a: Yveltal|20/100|[from] item: Life Orb
|faint|p2a: Kyogre
|
|-weather|RainDance|[upkeep]
|upkeep
|
|t:|1606604752
|switch|p2a: Xerneas|Xerneas|88/100
|-damage|p2a: Xerneas|76/100|[from] Stealth Rock
|-ability|p2a: Xerneas|Fairy Aura
|turn|40
|
|t:|1606604755
|move|p1a: Yveltal|Oblivion Wing|p2a: Xerneas
|-damage|p2a: Xerneas|30/100
|-heal|p1a: Yveltal|55/100|[from] drain|[of] p2a: Xerneas
|-damage|p1a: Yveltal|46/100|[from] item: Life Orb
|move|p2a: Xerneas|Geomancy||[still]
|-prepare|p2a: Xerneas|Geomancy
|-enditem|p2a: Xerneas|Power Herb
|-anim|p2a: Xerneas|Geomancy|p2a: Xerneas
|-boost|p2a: Xerneas|spa|2
|-boost|p2a: Xerneas|spd|2
|-boost|p2a: Xerneas|spe|2
|
|-weather|RainDance|[upkeep]
|upkeep
|turn|41
|
|t:|1606604761
|move|p1a: Yveltal|Sucker Punch|p2a: Xerneas
|-resisted|p2a: Xerneas
|-damage|p2a: Xerneas|7/100
|-damage|p1a: Yveltal|36/100|[from] item: Life Orb
|move|p2a: Xerneas|Draining Kiss|p1a: Yveltal
|-supereffective|p1a: Yveltal
|-damage|p1a: Yveltal|0 fnt
|-heal|p2a: Xerneas|33/100|[from] drain|[of] p1a: Yveltal
|faint|p1a: Yveltal
|
|-weather|none
|upkeep
|
|t:|1606604767
|switch|p1a: Calyrex|Calyrex-Shadow|100/100
|-ability|p1a: Calyrex|As One
|-ability|p1a: Calyrex|Unnerve|p2: bhahn
|turn|42
|
|t:|1606604772
|move|p2a: Xerneas|Moonblast|p1a: Calyrex
|-damage|p1a: Calyrex|0 fnt
|faint|p1a: Calyrex
|
|upkeep
|-message|I Crit My Panties forfeited.
|
|win|bhahn
|l|☆I Crit My Panties
|c|☆bhahn|gg
