|j|☆PokeDuels Blue
|j|☆cxcould
|t:|1634744401
|gametype|singles
|player|p1|PokeDuels Blue|170|1469
|player|p2|cxcould|dawn|1514
|teamsize|p1|6
|teamsize|p2|6
|gen|8
|tier|[Gen 8] Ubers
|rated|
|rule|Sleep Clause Mod: Limit one foe put to sleep
|rule|Species Clause: Limit one of each Pokémon
|rule|OHKO Clause: OHKO moves are banned
|rule|Evasion Moves Clause: Evasion moves are banned
|rule|Endless Battle Clause: Forcing endless battles is banned
|rule|HP Percentage Mod: HP is shown in percentages
|rule|Dynamax Clause: You cannot dynamax
|clearpoke
|poke|p1|Zekrom|
|poke|p1|Calyrex-Shadow|
|poke|p1|Eternatus|
|poke|p1|Yveltal|
|poke|p1|Xerneas-*|
|poke|p1|Necrozma-Dusk-Mane|
|poke|p2|Toxapex, M|
|poke|p2|Tyranitar, M|
|poke|p2|Ho-Oh|
|poke|p2|Steelix, F|
|poke|p2|Blissey, F|
|poke|p2|Skarmory, M|
|teampreview
|inactive|Battle timer is ON: inactive players will automatically lose when time's up. (requested by cxcould)
|inactive|PokeDuels Blue has 120 seconds left.
|inactive|PokeDuels Blue has 90 seconds left.
|inactive|PokeDuels Blue has 60 seconds left.
|
|t:|1634744497
|start
|switch|p1a: Eternatus|Eternatus|100/100
|switch|p2a: Tyranitar|Tyranitar, M|100/100
|-ability|p1a: Eternatus|Pressure
|-weather|Sandstorm|[from] ability: Sand Stream|[of] p2a: Tyranitar
|turn|1
|inactive|PokeDuels Blue has 120 seconds left.
|
|t:|1634744503
|move|p1a: Eternatus|Meteor Beam||[still]
|-prepare|p1a: Eternatus|Meteor Beam
|-boost|p1a: Eternatus|spa|1
|-enditem|p1a: Eternatus|Power Herb
|-anim|p1a: Eternatus|Meteor Beam|p2a: Tyranitar
|-damage|p2a: Tyranitar|72/100
|move|p2a: Tyranitar|Thunder Wave|p1a: Eternatus|[miss]
|-miss|p2a: Tyranitar|p1a: Eternatus
|
|-weather|Sandstorm|[upkeep]
|-damage|p1a: Eternatus|94/100|[from] Sandstorm
|-heal|p2a: Tyranitar|78/100|[from] item: Leftovers
|upkeep
|turn|2
|
|t:|1634744519
|move|p1a: Eternatus|Dynamax Cannon|p2a: Tyranitar
|-damage|p2a: Tyranitar|44/100
|move|p2a: Tyranitar|Thunder Wave|p1a: Eternatus
|-status|p1a: Eternatus|par
|
|-weather|Sandstorm|[upkeep]
|-damage|p1a: Eternatus|88/100 par|[from] Sandstorm
|-heal|p2a: Tyranitar|50/100|[from] item: Leftovers
|upkeep
|turn|3
|
|t:|1634744527
|move|p1a: Eternatus|Dynamax Cannon|p2a: Tyranitar
|-damage|p2a: Tyranitar|13/100
|move|p2a: Tyranitar|Rest|p2a: Tyranitar
|-status|p2a: Tyranitar|slp|[from] move: Rest
|-heal|p2a: Tyranitar|100/100 slp|[silent]
|
|-weather|Sandstorm|[upkeep]
|-damage|p1a: Eternatus|82/100 par|[from] Sandstorm
|upkeep
|turn|4
|
|t:|1634744545
|switch|p1a: Zekrom|Zekrom|100/100
|-ability|p1a: Zekrom|Teravolt
|switch|p2a: Blissey|Blissey, F|100/100
|
|-weather|Sandstorm|[upkeep]
|-damage|p1a: Zekrom|94/100|[from] Sandstorm
|-damage|p2a: Blissey|94/100|[from] Sandstorm
|-heal|p1a: Zekrom|100/100|[from] item: Leftovers
|upkeep
|turn|5
|inactive|PokeDuels Blue has 120 seconds left.
|
|t:|1634744563
|switch|p2a: Steelix|Steelix, F|100/100
|move|p1a: Zekrom|Dragon Claw|p2a: Steelix
|-resisted|p2a: Steelix
|-damage|p2a: Steelix|90/100
|
|-weather|none
|-heal|p2a: Steelix|97/100|[from] item: Leftovers
|upkeep
|turn|6
|inactive|PokeDuels Blue has 120 seconds left.
|inactive|cxcould has 120 seconds left.
|
|t:|1634744607
|switch|p1a: Yveltal|Yveltal|100/100
|-ability|p1a: Yveltal|Dark Aura
|move|p2a: Steelix|Stealth Rock|p1a: Yveltal
|-sidestart|p1: PokeDuels Blue|move: Stealth Rock
|
|-heal|p2a: Steelix|100/100|[from] item: Leftovers
|upkeep
|turn|7
|inactive|cxcould has 120 seconds left.
|
|t:|1634744618
|switch|p2a: Tyranitar|Tyranitar, M|100/100 slp
|-weather|Sandstorm|[from] ability: Sand Stream|[of] p2a: Tyranitar
|move|p1a: Yveltal|Knock Off|p2a: Tyranitar
|-resisted|p2a: Tyranitar
|-damage|p2a: Tyranitar|81/100 slp
|-enditem|p2a: Tyranitar|Leftovers|[from] move: Knock Off|[of] p1a: Yveltal
|
|-weather|Sandstorm|[upkeep]
|-damage|p1a: Yveltal|94/100|[from] Sandstorm
|upkeep
|turn|8
|
|t:|1634744625
|switch|p2a: Toxapex|Toxapex, M|100/100
|move|p1a: Yveltal|Defog|p2a: Toxapex
|-unboost|p2a: Toxapex|evasion|1
|-sideend|p1: PokeDuels Blue|Stealth Rock|[from] move: Defog|[of] p1a: Yveltal
|
|-weather|Sandstorm|[upkeep]
|-damage|p1a: Yveltal|88/100|[from] Sandstorm
|-damage|p2a: Toxapex|94/100|[from] Sandstorm
|-heal|p2a: Toxapex|100/100|[from] item: Black Sludge
|upkeep
|turn|9
|
|t:|1634744645
|move|p1a: Yveltal|U-turn|p2a: Toxapex
|-resisted|p2a: Toxapex
|-damage|p2a: Toxapex|94/100
|
|t:|1634744647
|switch|p1a: Eternatus|Eternatus|82/100 par|[from]move: U-turn
|-ability|p1a: Eternatus|Pressure
|move|p2a: Toxapex|Knock Off|p1a: Eternatus
|-damage|p1a: Eternatus|73/100 par
|
|-weather|Sandstorm|[upkeep]
|-damage|p1a: Eternatus|67/100 par|[from] Sandstorm
|-damage|p2a: Toxapex|88/100|[from] Sandstorm
|-heal|p2a: Toxapex|94/100|[from] item: Black Sludge
|upkeep
|turn|10
|
|t:|1634744657
|switch|p2a: Blissey|Blissey, F|94/100
|cant|p1a: Eternatus|par
|
|-weather|Sandstorm|[upkeep]
|-damage|p1a: Eternatus|61/100 par|[from] Sandstorm
|-damage|p2a: Blissey|88/100|[from] Sandstorm
|upkeep
|turn|11
|
|t:|1634744670
|switch|p1a: Necrozma|Necrozma-Dusk-Mane|100/100
|move|p2a: Blissey|Aromatherapy|p2a: Blissey
|-activate|p2a: Blissey|move: Aromatherapy
|-curestatus|p2: Tyranitar|slp|[msg]
|
|-weather|none
|upkeep
|turn|12
|
|t:|1634744689
|switch|p2a: Steelix|Steelix, F|100/100
|move|p1a: Necrozma|Stealth Rock|p2a: Steelix
|-sidestart|p2: cxcould|move: Stealth Rock
|
|upkeep
|turn|13
|inactive|PokeDuels Blue has 120 seconds left.
|
|t:|1634744703
|switch|p1a: Yveltal|Yveltal|88/100
|-ability|p1a: Yveltal|Dark Aura
|move|p2a: Steelix|Stealth Rock|p1a: Yveltal
|-sidestart|p1: PokeDuels Blue|move: Stealth Rock
|
|upkeep
|turn|14
|inactive|PokeDuels Blue has 120 seconds left.
|inactive|cxcould has 120 seconds left.
|
|t:|1634744763
|switch|p2a: Tyranitar|Tyranitar, M|81/100
|-damage|p2a: Tyranitar|69/100|[from] Stealth Rock
|-weather|Sandstorm|[from] ability: Sand Stream|[of] p2a: Tyranitar
|move|p1a: Yveltal|Knock Off|p2a: Tyranitar
|-resisted|p2a: Tyranitar
|-damage|p2a: Tyranitar|55/100
|
|-weather|Sandstorm|[upkeep]
|-damage|p1a: Yveltal|82/100|[from] Sandstorm
|upkeep
|turn|15
|
|t:|1634744768
|move|p1a: Yveltal|U-turn|p2a: Tyranitar
|-supereffective|p2a: Tyranitar
|-damage|p2a: Tyranitar|28/100
|inactive|PokeDuels Blue has 120 seconds left.
|
|t:|1634744777
|switch|p1a: Eternatus|Eternatus|61/100 par|[from]move: U-turn
|-damage|p1a: Eternatus|48/100 par|[from] Stealth Rock
|-ability|p1a: Eternatus|Pressure
|move|p2a: Tyranitar|Rest|p2a: Tyranitar
|-status|p2a: Tyranitar|slp|[from] move: Rest
|-heal|p2a: Tyranitar|100/100 slp|[silent]
|
|-weather|Sandstorm|[upkeep]
|-damage|p1a: Eternatus|42/100 par|[from] Sandstorm
|upkeep
|turn|16
|inactive|PokeDuels Blue has 120 seconds left.
|
|t:|1634744788
|switch|p2a: Blissey|Blissey, F|88/100
|-damage|p2a: Blissey|76/100|[from] Stealth Rock
|move|p1a: Eternatus|Recover|p1a: Eternatus
|-heal|p1a: Eternatus|92/100 par
|
|-weather|Sandstorm|[upkeep]
|-damage|p1a: Eternatus|86/100 par|[from] Sandstorm
|-damage|p2a: Blissey|70/100|[from] Sandstorm
|upkeep
|turn|17
|
|t:|1634744798
|switch|p1a: Yveltal|Yveltal|82/100
|-ability|p1a: Yveltal|Dark Aura
|move|p2a: Blissey|Aromatherapy|p2a: Blissey
|-activate|p2a: Blissey|move: Aromatherapy
|-curestatus|p2: Tyranitar|slp|[msg]
|
|-weather|Sandstorm|[upkeep]
|-damage|p1a: Yveltal|76/100|[from] Sandstorm
|-damage|p2a: Blissey|63/100|[from] Sandstorm
|upkeep
|turn|18
|inactive|cxcould has 120 seconds left.
|
|t:|1634744806
|switch|p2a: Toxapex|Toxapex, M|100/100
|-damage|p2a: Toxapex|88/100|[from] Stealth Rock
|move|p1a: Yveltal|U-turn|p2a: Toxapex
|-resisted|p2a: Toxapex
|-damage|p2a: Toxapex|81/100
|inactive|PokeDuels Blue has 120 seconds left.
|
|t:|1634744838
|switch|p1a: Zekrom|Zekrom|100/100|[from]move: U-turn
|-damage|p1a: Zekrom|88/100|[from] Stealth Rock
|-ability|p1a: Zekrom|Teravolt
|
|-weather|none
|-heal|p1a: Zekrom|94/100|[from] item: Leftovers
|-heal|p2a: Toxapex|87/100|[from] item: Black Sludge
|upkeep
|turn|19
|inactive|cxcould has 120 seconds left.
|inactive|PokeDuels Blue has 90 seconds left.
|
|t:|1634744877
|switch|p1a: Eternatus|Eternatus|86/100 par
|-damage|p1a: Eternatus|74/100 par|[from] Stealth Rock
|-ability|p1a: Eternatus|Pressure
|switch|p2a: Steelix|Steelix, F|100/100
|-damage|p2a: Steelix|97/100|[from] Stealth Rock
|
|-heal|p2a: Steelix|100/100|[from] item: Leftovers
|upkeep
|turn|20
|
|t:|1634744884
|switch|p1a: Yveltal|Yveltal|76/100
|-ability|p1a: Yveltal|Dark Aura
|switch|p2a: Toxapex|Toxapex, M|100/100
|-damage|p2a: Toxapex|88/100|[from] Stealth Rock
|
|-heal|p2a: Toxapex|94/100|[from] item: Black Sludge
|upkeep
|turn|21
|inactive|PokeDuels Blue has 90 seconds left.
|
|t:|1634744892
|move|p1a: Yveltal|U-turn|p2a: Toxapex
|-resisted|p2a: Toxapex
|-damage|p2a: Toxapex|87/100
|
|t:|1634744894
|switch|p1a: Eternatus|Eternatus|74/100 par|[from]move: U-turn
|-damage|p1a: Eternatus|61/100 par|[from] Stealth Rock
|-ability|p1a: Eternatus|Pressure
|move|p2a: Toxapex|Knock Off|p1a: Eternatus
|-crit|p1a: Eternatus
|-damage|p1a: Eternatus|48/100 par
|
|-heal|p2a: Toxapex|94/100|[from] item: Black Sludge
|upkeep
|turn|22
|inactive|cxcould has 120 seconds left.
|
|t:|1634744916
|move|p1a: Eternatus|Recover|p1a: Eternatus
|-heal|p1a: Eternatus|98/100 par
|move|p2a: Toxapex|Pain Split|p1a: Eternatus
|-sethp|p1a: Eternatus|83/100 par|[from] move: Pain Split|[silent]
|-sethp|p2a: Toxapex|100/100|[from] move: Pain Split
|
|upkeep
|turn|23
|
|t:|1634744937
|switch|p2a: Tyranitar|Tyranitar, M|100/100
|-damage|p2a: Tyranitar|88/100|[from] Stealth Rock
|-weather|Sandstorm|[from] ability: Sand Stream|[of] p2a: Tyranitar
|move|p1a: Eternatus|Flamethrower|p2a: Tyranitar
|-resisted|p2a: Tyranitar
|-damage|p2a: Tyranitar|81/100
|
|-weather|Sandstorm|[upkeep]
|-damage|p1a: Eternatus|77/100 par|[from] Sandstorm
|upkeep
|turn|24
|inactive|cxcould has 120 seconds left.
|inactive|PokeDuels Blue has 90 seconds left.
|
|t:|1634744983
|move|p1a: Eternatus|Flamethrower|p2a: Tyranitar
|-resisted|p2a: Tyranitar
|-damage|p2a: Tyranitar|73/100
|move|p2a: Tyranitar|Thunder Wave|p1a: Eternatus
|-fail|p1a: Eternatus|par
|
|-weather|Sandstorm|[upkeep]
|-damage|p1a: Eternatus|71/100 par|[from] Sandstorm
|upkeep
|turn|25
|
|t:|1634744989
|cant|p1a: Eternatus|par
|move|p2a: Tyranitar|Snarl|p1a: Eternatus
|-damage|p1a: Eternatus|56/100 par
|-unboost|p1a: Eternatus|spa|1
|
|-weather|Sandstorm|[upkeep]
|-damage|p1a: Eternatus|49/100 par|[from] Sandstorm
|upkeep
|turn|26
|
|t:|1634744992
|move|p1a: Eternatus|Recover|p1a: Eternatus
|-heal|p1a: Eternatus|99/100 par
|move|p2a: Tyranitar|Thunder Wave|p1a: Eternatus
|-fail|p1a: Eternatus|par
|
|-weather|Sandstorm|[upkeep]
|-damage|p1a: Eternatus|93/100 par|[from] Sandstorm
|upkeep
|turn|27
|
|t:|1634745000
|switch|p2a: Blissey|Blissey, F|63/100
|-damage|p2a: Blissey|51/100|[from] Stealth Rock
|move|p1a: Eternatus|Flamethrower|p2a: Blissey
|-damage|p2a: Blissey|44/100
|
|-weather|none
|upkeep
|turn|28
|
|t:|1634745009
|switch|p1a: Calyrex|Calyrex-Shadow|100/100
|-ability|p1a: Calyrex|As One
|-ability|p1a: Calyrex|Unnerve
|-damage|p1a: Calyrex|88/100|[from] Stealth Rock
|move|p2a: Blissey|Soft-Boiled|p2a: Blissey
|-heal|p2a: Blissey|94/100
|
|upkeep
|turn|29
|inactive|cxcould has 120 seconds left.
|inactive|cxcould has 90 seconds left.
|
|t:|1634745071
|switch|p1a: Necrozma|Necrozma-Dusk-Mane|100/100
|-damage|p1a: Necrozma|94/100|[from] Stealth Rock
|switch|p2a: Tyranitar|Tyranitar, M|73/100
|-damage|p2a: Tyranitar|61/100|[from] Stealth Rock
|-weather|Sandstorm|[from] ability: Sand Stream|[of] p2a: Tyranitar
|
|-weather|Sandstorm|[upkeep]
|-heal|p1a: Necrozma|100/100|[from] item: Leftovers
|upkeep
|turn|30
|inactive|PokeDuels Blue has 90 seconds left.
|
|t:|1634745115
|switch|p1a: Zekrom|Zekrom|94/100
|-damage|p1a: Zekrom|82/100|[from] Stealth Rock
|-ability|p1a: Zekrom|Teravolt
|switch|p2a: Steelix|Steelix, F|100/100
|-damage|p2a: Steelix|97/100|[from] Stealth Rock
|
|-weather|Sandstorm|[upkeep]
|-damage|p1a: Zekrom|76/100|[from] Sandstorm
|-heal|p1a: Zekrom|82/100|[from] item: Leftovers
|-heal|p2a: Steelix|100/100|[from] item: Leftovers
|upkeep
|turn|31
|inactive|cxcould has 90 seconds left.
|inactive|cxcould has 60 seconds left.
|
|t:|1634745155
|switch|p1a: Yveltal|Yveltal|76/100
|-ability|p1a: Yveltal|Dark Aura
|move|p2a: Steelix|Roar|p1a: Yveltal
|drag|p1a: Eternatus|Eternatus|93/100 par
|-damage|p1a: Eternatus|81/100 par|[from] Stealth Rock
|-ability|p1a: Eternatus|Pressure
|
|-weather|Sandstorm|[upkeep]
|-damage|p1a: Eternatus|75/100 par|[from] Sandstorm
|upkeep
|turn|32
|
|t:|1634745162
|switch|p1a: Yveltal|Yveltal|76/100
|-ability|p1a: Yveltal|Dark Aura
|switch|p2a: Tyranitar|Tyranitar, M|61/100
|-damage|p2a: Tyranitar|49/100|[from] Stealth Rock
|
|-weather|Sandstorm|[upkeep]
|-damage|p1a: Yveltal|70/100|[from] Sandstorm
|upkeep
|turn|33
|
|t:|1634745166
|move|p1a: Yveltal|U-turn|p2a: Tyranitar
|-supereffective|p2a: Tyranitar
|-damage|p2a: Tyranitar|18/100
|
|t:|1634745185
|switch|p1a: Necrozma|Necrozma-Dusk-Mane|100/100|[from]move: U-turn
|-damage|p1a: Necrozma|94/100|[from] Stealth Rock
|move|p2a: Tyranitar|Rest|p2a: Tyranitar
|-status|p2a: Tyranitar|slp|[from] move: Rest
|-heal|p2a: Tyranitar|100/100 slp|[silent]
|
|-weather|none
|-heal|p1a: Necrozma|100/100|[from] item: Leftovers
|upkeep
|turn|34
|
|t:|1634745201
|switch|p1a: Yveltal|Yveltal|70/100
|-ability|p1a: Yveltal|Dark Aura
|switch|p2a: Steelix|Steelix, F|100/100
|-damage|p2a: Steelix|97/100|[from] Stealth Rock
|
|-heal|p2a: Steelix|100/100|[from] item: Leftovers
|upkeep
|turn|35
|
|t:|1634745205
|switch|p2a: Toxapex|Toxapex, M|100/100
|-damage|p2a: Toxapex|88/100|[from] Stealth Rock
|move|p1a: Yveltal|Knock Off|p2a: Toxapex
|-damage|p2a: Toxapex|51/100
|-enditem|p2a: Toxapex|Black Sludge|[from] move: Knock Off|[of] p1a: Yveltal
|
|upkeep
|turn|36
|inactive|cxcould has 90 seconds left.
|
|t:|1634745233
|move|p1a: Yveltal|U-turn|p2a: Toxapex
|-resisted|p2a: Toxapex
|-damage|p2a: Toxapex|45/100
|
|t:|1634745239
|switch|p1a: Eternatus|Eternatus|75/100 par|[from]move: U-turn
|-damage|p1a: Eternatus|62/100 par|[from] Stealth Rock
|-ability|p1a: Eternatus|Pressure
|move|p2a: Toxapex|Knock Off|p1a: Eternatus
|-damage|p1a: Eternatus|54/100 par
|
|upkeep
|turn|37
|inactive|PokeDuels Blue has 90 seconds left.
|inactive|cxcould has 60 seconds left.
|
|t:|1634745275
|switch|p2a: Blissey|Blissey, F|94/100
|-damage|p2a: Blissey|82/100|[from] Stealth Rock
|move|p1a: Eternatus|Dynamax Cannon|p2a: Blissey
|-damage|p2a: Blissey|66/100
|
|upkeep
|turn|38
|inactive|cxcould has 60 seconds left.
|
|t:|1634745280
|switch|p1a: Yveltal|Yveltal|70/100
|-ability|p1a: Yveltal|Dark Aura
|move|p2a: Blissey|Aromatherapy|p2a: Blissey
|-activate|p2a: Blissey|move: Aromatherapy
|-curestatus|p2: Tyranitar|slp|[msg]
|
|upkeep
|turn|39
|
|t:|1634745287
|switch|p2a: Toxapex|Toxapex, M|78/100
|-damage|p2a: Toxapex|66/100|[from] Stealth Rock
|move|p1a: Yveltal|U-turn|p2a: Toxapex
|-resisted|p2a: Toxapex
|-damage|p2a: Toxapex|59/100
|
|t:|1634745312
|switch|p1a: Xerneas|Xerneas|100/100|[from]move: U-turn
|-damage|p1a: Xerneas|88/100|[from] Stealth Rock
|-ability|p1a: Xerneas|Fairy Aura
|
|upkeep
|turn|40
|inactive|PokeDuels Blue has 60 seconds left.
|
|t:|1634745335
|move|p1a: Xerneas|Thunder|p2a: Toxapex
|-supereffective|p2a: Toxapex
|-damage|p2a: Toxapex|0 fnt
|faint|p2a: Toxapex
|
|upkeep
|-message|cxcould forfeited.
|
|win|PokeDuels Blue
|raw|PokeDuels Blue's rating: 1489 &rarr; <strong>1509</strong><br />(+20 for winning)
|raw|cxcould's rating: 1495 &rarr; <strong>1475</strong><br />(-20 for losing)
|l|☆cxcould
||Ladder isn't responding, score probably updated but might not have (Request timeout).
