|j|☆PokeDuels
|j|☆senor totor
|t:|1640486349
|gametype|singles
|player|p1|PokeDuels|265|1604
|player|p2|senor totor|policeman-gen4|1506
|teamsize|p1|6
|teamsize|p2|6
|gen|8
|tier|[Gen 8] Ubers
|rated|
|rule|Sleep Clause Mod: Limit one foe put to sleep
|rule|Species Clause: Limit one of each Pokémon
|rule|OHKO Clause: OHKO moves are banned
|rule|Evasion Moves Clause: Evasion moves are banned
|rule|Endless Battle Clause: Forcing endless battles is banned
|rule|HP Percentage Mod: HP is shown in percentages
|rule|Dynamax Clause: You cannot dynamax
|clearpoke
|poke|p1|Weavile, F|
|poke|p1|Yveltal|
|poke|p1|Cloyster, M|
|poke|p1|Calyrex-Shadow|
|poke|p1|Necrozma-Dusk-Mane|
|poke|p1|Xerneas-*|
|poke|p2|Ferrothorn, F|
|poke|p2|Yveltal|
|poke|p2|Groudon|
|poke|p2|Xerneas-*|
|poke|p2|Marshadow|
|poke|p2|Eternatus|
|teampreview
|
|t:|1640486372
|start
|switch|p1a: Cloyster|Cloyster, M|100/100
|switch|p2a: Groudon|Groudon|100/100
|-weather|SunnyDay|[from] ability: Drought|[of] p2a: Groudon
|turn|1
|
|t:|1640486379
|move|p1a: Cloyster|Shell Smash|p1a: Cloyster
|-unboost|p1a: Cloyster|def|1
|-unboost|p1a: Cloyster|spd|1
|-boost|p1a: Cloyster|atk|2
|-boost|p1a: Cloyster|spa|2
|-boost|p1a: Cloyster|spe|2
|move|p2a: Groudon|Thunder Wave|p1a: Cloyster
|-status|p1a: Cloyster|par
|
|-weather|SunnyDay|[upkeep]
|upkeep
|turn|2
|
|t:|1640486392
|move|p1a: Cloyster|Icicle Spear|p2a: Groudon
|-supereffective|p2a: Groudon
|-damage|p2a: Groudon|77/100
|-supereffective|p2a: Groudon
|-damage|p2a: Groudon|50/100
|-supereffective|p2a: Groudon
|-damage|p2a: Groudon|25/100
|-supereffective|p2a: Groudon
|-damage|p2a: Groudon|2/100
|-supereffective|p2a: Groudon
|-damage|p2a: Groudon|0 fnt
|faint|p2a: Groudon
|-hitcount|p2: Groudon|5
|
|-weather|SunnyDay|[upkeep]
|upkeep
|
|t:|1640486402
|switch|p2a: Marshadow|Marshadow|100/100
|turn|3
|
|t:|1640486409
|move|p2a: Marshadow|Spectral Thief||[still]
|-clearpositiveboost|p1a: Cloyster|p2a: Marshadow|move: Spectral Thief
|-boost|p2a: Marshadow|atk|2
|-boost|p2a: Marshadow|spa|2
|-boost|p2a: Marshadow|spe|2
|-anim|p2a: Marshadow|Spectral Thief|p1a: Cloyster
|-enditem|p1a: Cloyster|Focus Sash
|-damage|p1a: Cloyster|1/100 par
|cant|p1a: Cloyster|par
|
|-weather|SunnyDay|[upkeep]
|upkeep
|turn|4
|
|t:|1640486421
|move|p2a: Marshadow|Spectral Thief|p1a: Cloyster
|-damage|p1a: Cloyster|0 fnt
|faint|p1a: Cloyster
|
|-weather|SunnyDay|[upkeep]
|upkeep
|
|t:|1640486428
|switch|p1a: Calyrex|Calyrex-Shadow|100/100
|-ability|p1a: Calyrex|As One
|-ability|p1a: Calyrex|Unnerve
|turn|5
|
|t:|1640486434
|switch|p2a: Yveltal|Yveltal|100/100
|-ability|p2a: Yveltal|Dark Aura
|move|p1a: Calyrex|Astral Barrage|p2a: Yveltal
|-resisted|p2a: Yveltal
|-damage|p2a: Yveltal|71/100
|
|-weather|none
|upkeep
|turn|6
|
|t:|1640486444
|switch|p1a: Weavile|Weavile, F|100/100
|move|p2a: Yveltal|Knock Off|p1a: Weavile
|-resisted|p1a: Weavile
|-damage|p1a: Weavile|52/100
|-enditem|p1a: Weavile|Focus Sash|[from] move: Knock Off|[of] p2a: Yveltal
|-enditem|p2a: Yveltal|Heavy-Duty Boots|[silent]|[from] ability: Pickpocket|[of] p2a: Yveltal
|-item|p1a: Weavile|Heavy-Duty Boots|[from] ability: Pickpocket|[of] p2a: Yveltal
|
|upkeep
|turn|7
|
|t:|1640486465
|switch|p2a: Xerneas|Xerneas|100/100
|-ability|p2a: Xerneas|Fairy Aura
|-item|p2a: Xerneas|Air Balloon
|move|p1a: Weavile|Icicle Crash|p2a: Xerneas
|-damage|p2a: Xerneas|77/100
|-enditem|p2a: Xerneas|Air Balloon
|
|upkeep
|turn|8
|
|t:|1640486475
|move|p1a: Weavile|Knock Off|p2a: Xerneas
|-resisted|p2a: Xerneas
|-damage|p2a: Xerneas|69/100
|move|p2a: Xerneas|Moonblast|p1a: Weavile
|-supereffective|p1a: Weavile
|-damage|p1a: Weavile|0 fnt
|faint|p1a: Weavile
|
|upkeep
|
|t:|1640486479
|switch|p1a: Necrozma|Necrozma-Dusk-Mane|100/100
|turn|9
|
|t:|1640486490
|switch|p2a: Ferrothorn|Ferrothorn, F|100/100
|move|p1a: Necrozma|Stealth Rock|p2a: Ferrothorn
|-sidestart|p2: senor totor|move: Stealth Rock
|
|upkeep
|turn|10
|
|t:|1640486503
|switch|p1a: Calyrex|Calyrex-Shadow|100/100
|-ability|p1a: Calyrex|As One
|-ability|p1a: Calyrex|Unnerve
|move|p2a: Ferrothorn|Leech Seed|p1a: Calyrex
|-start|p1a: Calyrex|move: Leech Seed
|
|-damage|p1a: Calyrex|88/100|[from] Leech Seed|[of] p2a: Ferrothorn
|upkeep
|turn|11
|
|t:|1640486512
|switch|p2a: Yveltal|Yveltal|71/100
|-damage|p2a: Yveltal|46/100|[from] Stealth Rock
|-ability|p2a: Yveltal|Dark Aura
|move|p1a: Calyrex|Nasty Plot|p1a: Calyrex
|-boost|p1a: Calyrex|spa|2
|
|-damage|p1a: Calyrex|76/100|[from] Leech Seed|[of] p2a: Yveltal
|-heal|p2a: Yveltal|56/100|[silent]
|upkeep
|turn|12
|
|t:|1640486532
|move|p1a: Calyrex|Taunt|p2a: Yveltal
|-start|p2a: Yveltal|move: Taunt
|move|p2a: Yveltal|Knock Off|p1a: Calyrex
|-supereffective|p1a: Calyrex
|-damage|p1a: Calyrex|0 fnt
|-enditem|p1a: Calyrex|Focus Sash|[from] move: Knock Off|[of] p2a: Yveltal
|faint|p1a: Calyrex
|
|upkeep
|
|t:|1640486535
|switch|p1a: Xerneas|Xerneas|100/100
|-ability|p1a: Xerneas|Fairy Aura
|turn|13
|
|t:|1640486550
|switch|p2a: Ferrothorn|Ferrothorn, F|100/100
|-damage|p2a: Ferrothorn|95/100|[from] Stealth Rock
|move|p1a: Xerneas|Geomancy||[still]
|-prepare|p1a: Xerneas|Geomancy
|-enditem|p1a: Xerneas|Power Herb
|-anim|p1a: Xerneas|Geomancy|p1a: Xerneas
|-boost|p1a: Xerneas|spa|2
|-boost|p1a: Xerneas|spd|2
|-boost|p1a: Xerneas|spe|2
|
|-heal|p2a: Ferrothorn|100/100|[from] item: Leftovers
|upkeep
|turn|14
|
|t:|1640486561
|move|p1a: Xerneas|Focus Blast|p2a: Ferrothorn|[miss]
|-miss|p1a: Xerneas|p2a: Ferrothorn
|move|p2a: Ferrothorn|Gyro Ball|p1a: Xerneas
|-supereffective|p1a: Xerneas
|-damage|p1a: Xerneas|30/100
|
|upkeep
|turn|15
|
|t:|1640486568
|move|p1a: Xerneas|Focus Blast|p2a: Ferrothorn
|-supereffective|p2a: Ferrothorn
|-damage|p2a: Ferrothorn|0 fnt
|faint|p2a: Ferrothorn
|
|upkeep
|
|t:|1640486574
|switch|p2a: Marshadow|Marshadow|100/100
|-damage|p2a: Marshadow|94/100|[from] Stealth Rock
|turn|16
|
|t:|1640486579
|move|p2a: Marshadow|Shadow Sneak|p1a: Xerneas
|-damage|p1a: Xerneas|0 fnt
|faint|p1a: Xerneas
|
|upkeep
|-message|PokeDuels forfeited.
|
|win|senor totor
|raw|PokeDuels's rating: 1604 &rarr; <strong>1579</strong><br />(-25 for losing)
|raw|senor totor's rating: 1506 &rarr; <strong>1531</strong><br />(+25 for winning)
|l|☆PokeDuels
