|j|☆Dr.camma
|j|☆Repecc
|player|p1|Dr.camma|doctor|1340
|player|p2|Repecc|101|1319
|teamsize|p1|6
|teamsize|p2|6
|gametype|singles
|gen|8
|tier|[Gen 8] Ubers
|rated|
|rule|Sleep Clause Mod: Limit one foe put to sleep
|rule|Species Clause: Limit one of each Pokémon
|rule|OHKO Clause: OHKO moves are banned
|rule|Evasion Moves Clause: Evasion moves are banned
|rule|Endless Battle Clause: Forcing endless battles is banned
|rule|HP Percentage Mod: HP is shown in percentages
|clearpoke
|poke|p1|Zacian-Crowned|
|poke|p1|Quagsire, M|
|poke|p1|Eternatus|
|poke|p1|Excadrill, M|
|poke|p1|Tyranitar, M|
|poke|p1|Ditto|
|poke|p2|Zacian-Crowned|
|poke|p2|Eternatus|
|poke|p2|Pelipper, F|
|poke|p2|Barraskewda, M|
|poke|p2|Excadrill, F|
|poke|p2|Corviknight, M|
|teampreview
|inactive|Battle timer is ON: inactive players will automatically lose when time's up. (requested by Repecc)
|inactive|Dr.camma has 120 seconds left.
|
|start
|switch|p1a: Eternatus|Eternatus|100/100
|switch|p2a: Excadrill|Excadrill, F|100/100
|-ability|p1a: Eternatus|Pressure
|-ability|p2a: Excadrill|Mold Breaker
|turn|1
|
|move|p1a: Eternatus|Flamethrower|p2a: Excadrill
|-supereffective|p2a: Excadrill
|-enditem|p2a: Excadrill|Focus Sash
|-damage|p2a: Excadrill|1/100
|-damage|p1a: Eternatus|91/100|[from] item: Life Orb
|move|p2a: Excadrill|Rock Tomb|p1a: Eternatus
|-damage|p1a: Eternatus|71/100
|-unboost|p1a: Eternatus|spe|1
|
|upkeep
|turn|2
|
|switch|p1a: Excadrill|Excadrill, M|100/100
|move|p2a: Excadrill|Stealth Rock|p1a: Excadrill
|-sidestart|p1: Dr.camma|move: Stealth Rock
|
|upkeep
|turn|3
|
|switch|p2a: Pelipper|Pelipper, F|100/100
|-weather|RainDance|[from] ability: Drizzle|[of] p2a: Pelipper
|move|p1a: Excadrill|Rapid Spin|p2a: Pelipper
|-damage|p2a: Pelipper|85/100
|-sideend|p1: Dr.camma|Stealth Rock|[from] move: Rapid Spin|[of] p1a: Excadrill
|-boost|p1a: Excadrill|spe|1
|
|-weather|RainDance|[upkeep]
|upkeep
|turn|4
|
|-start|p1a: Excadrill|Dynamax
|-heal|p1a: Excadrill|100/100|[silent]
|move|p1a: Excadrill|Max Rockfall|p2a: Pelipper
|-supereffective|p2a: Pelipper
|-damage|p2a: Pelipper|6/100
|-weather|Sandstorm
|move|p2a: Pelipper|U-turn|p1a: Excadrill
|-resisted|p1a: Excadrill
|-damage|p1a: Excadrill|97/100
|
|switch|p2a: Corviknight|Corviknight, M|100/100|[from]move: U-turn
|-ability|p2a: Corviknight|Pressure
|
|-weather|Sandstorm|[upkeep]
|upkeep
|turn|5
|
|move|p1a: Excadrill|Max Rockfall|p2a: Corviknight
|-damage|p2a: Corviknight|70/100
|move|p2a: Corviknight|Roost|p2a: Corviknight
|-heal|p2a: Corviknight|100/100
|-singleturn|p2a: Corviknight|move: Roost
|
|-weather|Sandstorm|[upkeep]
|upkeep
|turn|6
|
|-end|p1a: Excadrill|Dynamax
|-heal|p1a: Excadrill|97/100|[silent]
|switch|p1a: Tyranitar|Tyranitar, M|100/100
|move|p2a: Corviknight|Roost||[still]
|-fail|p2a: Corviknight|heal
|
|-weather|Sandstorm|[upkeep]
|upkeep
|turn|7
|
|switch|p2a: Excadrill|Excadrill, F|1/100
|-ability|p2a: Excadrill|Mold Breaker
|move|p1a: Tyranitar|Stealth Rock|p2a: Excadrill
|-sidestart|p2: Repecc|move: Stealth Rock
|
|-weather|Sandstorm|[upkeep]
|upkeep
|turn|8
|
|move|p2a: Excadrill|Rapid Spin|p1a: Tyranitar
|-resisted|p1a: Tyranitar
|-damage|p1a: Tyranitar|93/100
|-sideend|p2: Repecc|Stealth Rock|[from] move: Rapid Spin|[of] p2a: Excadrill
|-boost|p2a: Excadrill|spe|1
|move|p1a: Tyranitar|Stealth Rock|p2a: Excadrill
|-sidestart|p2: Repecc|move: Stealth Rock
|
|-weather|none
|-heal|p1a: Tyranitar|99/100|[from] item: Leftovers
|upkeep
|turn|9
|
|move|p2a: Excadrill|Stealth Rock|p1a: Tyranitar
|-sidestart|p1: Dr.camma|move: Stealth Rock
|move|p1a: Tyranitar|Stealth Rock||[still]
|-fail|p1a: Tyranitar
|
|-heal|p1a: Tyranitar|100/100|[from] item: Leftovers
|upkeep
|turn|10
|
|move|p2a: Excadrill|Rapid Spin|p1a: Tyranitar
|-resisted|p1a: Tyranitar
|-damage|p1a: Tyranitar|94/100
|-sideend|p2: Repecc|Stealth Rock|[from] move: Rapid Spin|[of] p2a: Excadrill
|-boost|p2a: Excadrill|spe|1
|move|p1a: Tyranitar|Fire Punch|p2a: Excadrill
|-supereffective|p2a: Excadrill
|-damage|p2a: Excadrill|0 fnt
|faint|p2a: Excadrill
|
|-heal|p1a: Tyranitar|99/100|[from] item: Leftovers
|upkeep
|
|switch|p2a: Zacian|Zacian-Crowned|100/100
|-ability|p2a: Zacian|Intrepid Sword|boost
|-boost|p2a: Zacian|atk|1
|turn|11
|
|switch|p1a: Quagsire|Quagsire, M|100/100
|-damage|p1a: Quagsire|94/100|[from] Stealth Rock
|move|p2a: Zacian|Behemoth Blade|p1a: Quagsire
|-resisted|p1a: Quagsire
|-damage|p1a: Quagsire|71/100
|
|-heal|p1a: Quagsire|77/100|[from] item: Leftovers
|upkeep
|turn|12
|
|switch|p2a: Pelipper|Pelipper, F|6/100
|-weather|RainDance|[from] ability: Drizzle|[of] p2a: Pelipper
|switch|p1a: Tyranitar|Tyranitar, M|99/100
|-damage|p1a: Tyranitar|87/100|[from] Stealth Rock
|-weather|Sandstorm|[from] ability: Sand Stream|[of] p1a: Tyranitar
|
|-weather|Sandstorm|[upkeep]
|-damage|p2a: Pelipper|0 fnt|[from] Sandstorm
|faint|p2a: Pelipper
|-heal|p1a: Tyranitar|94/100|[from] item: Leftovers
|upkeep
|
|switch|p2a: Barraskewda|Barraskewda, M|100/100
|turn|13
|
|switch|p1a: Eternatus|Eternatus|71/100
|-damage|p1a: Eternatus|59/100|[from] Stealth Rock
|-ability|p1a: Eternatus|Pressure
|move|p2a: Barraskewda|Liquidation|p1a: Eternatus
|-resisted|p1a: Eternatus
|-crit|p1a: Eternatus
|-damage|p1a: Eternatus|15/100
|-damage|p2a: Barraskewda|91/100|[from] item: Life Orb
|
|-weather|Sandstorm|[upkeep]
|-damage|p1a: Eternatus|9/100|[from] Sandstorm
|-damage|p2a: Barraskewda|85/100|[from] Sandstorm
|upkeep
|turn|14
|
|switch|p2a: Zacian|Zacian-Crowned|100/100
|-ability|p2a: Zacian|Intrepid Sword|boost
|-boost|p2a: Zacian|atk|1
|move|p1a: Eternatus|Recover|p1a: Eternatus
|-heal|p1a: Eternatus|59/100
|
|-weather|Sandstorm|[upkeep]
|-damage|p1a: Eternatus|53/100|[from] Sandstorm
|upkeep
|turn|15
|
|move|p2a: Zacian|Behemoth Blade|p1a: Eternatus
|-damage|p1a: Eternatus|0 fnt
|faint|p1a: Eternatus
|
|-weather|Sandstorm|[upkeep]
|upkeep
|
|switch|p1a: Excadrill|Excadrill, M|97/100
|-damage|p1a: Excadrill|94/100|[from] Stealth Rock
|turn|16
|
|switch|p1a: Tyranitar|Tyranitar, M|94/100
|-damage|p1a: Tyranitar|81/100|[from] Stealth Rock
|switch|p2a: Corviknight|Corviknight, M|100/100
|-ability|p2a: Corviknight|Pressure
|
|-weather|none
|-heal|p1a: Tyranitar|87/100|[from] item: Leftovers
|upkeep
|turn|17
|
|move|p2a: Corviknight|Bulk Up|p2a: Corviknight
|-boost|p2a: Corviknight|atk|1
|-boost|p2a: Corviknight|def|1
|move|p1a: Tyranitar|Stealth Rock|p2a: Corviknight
|-sidestart|p2: Repecc|move: Stealth Rock
|
|-heal|p1a: Tyranitar|94/100|[from] item: Leftovers
|upkeep
|turn|18
|
|switch|p1a: Quagsire|Quagsire, M|77/100
|-damage|p1a: Quagsire|71/100|[from] Stealth Rock
|move|p2a: Corviknight|Bulk Up|p2a: Corviknight
|-boost|p2a: Corviknight|atk|1
|-boost|p2a: Corviknight|def|1
|
|-heal|p1a: Quagsire|77/100|[from] item: Leftovers
|upkeep
|turn|19
|
|switch|p2a: Barraskewda|Barraskewda, M|85/100
|-damage|p2a: Barraskewda|72/100|[from] Stealth Rock
|move|p1a: Quagsire|Scald|p2a: Barraskewda
|-resisted|p2a: Barraskewda
|-damage|p2a: Barraskewda|49/100
|
|-heal|p1a: Quagsire|83/100|[from] item: Leftovers
|upkeep
|turn|20
|
|switch|p1a: Tyranitar|Tyranitar, M|94/100
|-damage|p1a: Tyranitar|81/100|[from] Stealth Rock
|-weather|Sandstorm|[from] ability: Sand Stream|[of] p1a: Tyranitar
|move|p2a: Barraskewda|Liquidation|p1a: Tyranitar
|-supereffective|p1a: Tyranitar
|-damage|p1a: Tyranitar|0 fnt
|-damage|p2a: Barraskewda|39/100|[from] item: Life Orb
|faint|p1a: Tyranitar
|
|-weather|Sandstorm|[upkeep]
|-damage|p2a: Barraskewda|33/100|[from] Sandstorm
|upkeep
|
|switch|p1a: Excadrill|Excadrill, M|94/100
|-damage|p1a: Excadrill|91/100|[from] Stealth Rock
|turn|21
|
|move|p2a: Barraskewda|Aqua Jet|p1a: Excadrill
|-supereffective|p1a: Excadrill
|-damage|p1a: Excadrill|3/100
|-damage|p2a: Barraskewda|23/100|[from] item: Life Orb
|move|p1a: Excadrill|Rapid Spin|p2a: Barraskewda
|-damage|p2a: Barraskewda|0 fnt
|-sideend|p1: Dr.camma|Stealth Rock|[from] move: Rapid Spin|[of] p1a: Excadrill
|-boost|p1a: Excadrill|spe|1
|faint|p2a: Barraskewda
|
|-weather|Sandstorm|[upkeep]
|upkeep
|
|switch|p2a: Corviknight|Corviknight, M|100/100
|-damage|p2a: Corviknight|88/100|[from] Stealth Rock
|-ability|p2a: Corviknight|Pressure
|turn|22
|
|switch|p1a: Quagsire|Quagsire, M|83/100
|move|p2a: Corviknight|Bulk Up|p2a: Corviknight
|-boost|p2a: Corviknight|atk|1
|-boost|p2a: Corviknight|def|1
|
|-weather|Sandstorm|[upkeep]
|-heal|p2a: Corviknight|94/100|[from] item: Leftovers
|-heal|p1a: Quagsire|89/100|[from] item: Leftovers
|upkeep
|turn|23
|
|switch|p2a: Eternatus|Eternatus|100/100
|-damage|p2a: Eternatus|88/100|[from] Stealth Rock
|-ability|p2a: Eternatus|Pressure
|move|p1a: Quagsire|Scald|p2a: Eternatus
|-resisted|p2a: Eternatus
|-damage|p2a: Eternatus|80/100
|
|-weather|Sandstorm|[upkeep]
|-damage|p2a: Eternatus|73/100|[from] Sandstorm
|-heal|p1a: Quagsire|95/100|[from] item: Leftovers
|upkeep
|turn|24
|
|switch|p1a: Excadrill|Excadrill, M|3/100
|move|p2a: Eternatus|Agility|p2a: Eternatus
|-boost|p2a: Eternatus|spe|2
|
|-weather|none
|upkeep
|turn|25
|
|move|p2a: Eternatus|Flamethrower|p1a: Excadrill
|-supereffective|p1a: Excadrill
|-damage|p1a: Excadrill|0 fnt
|-damage|p2a: Eternatus|63/100|[from] item: Life Orb
|faint|p1a: Excadrill
|
|upkeep
|
|switch|p1a: Ditto|Ditto, shiny|100/100
|-transform|p1a: Ditto|p2a: Eternatus|[from] ability: Imposter
|-ability|p1a: Ditto|Pressure
|turn|26
|
|switch|p1a: Quagsire|Quagsire, M|95/100
|move|p2a: Eternatus|Dynamax Cannon|p1a: Quagsire
|-damage|p1a: Quagsire|0 fnt
|-damage|p2a: Eternatus|53/100|[from] item: Life Orb
|faint|p1a: Quagsire
|
|upkeep
|
|switch|p1a: Ditto|Ditto, shiny|100/100
|-transform|p1a: Ditto|p2a: Eternatus|[from] ability: Imposter
|-ability|p1a: Ditto|Pressure
|turn|27
|
|switch|p2a: Zacian|Zacian-Crowned|100/100
|-damage|p2a: Zacian|94/100|[from] Stealth Rock
|-ability|p2a: Zacian|Intrepid Sword|boost
|-boost|p2a: Zacian|atk|1
|move|p1a: Ditto|Dynamax Cannon|p2a: Zacian
|-immune|p2a: Zacian
|
|upkeep
|turn|28
|
|switch|p1a: Zacian|Zacian-Crowned|100/100
|-ability|p1a: Zacian|Intrepid Sword|boost
|-boost|p1a: Zacian|atk|1
|move|p2a: Zacian|Behemoth Blade|p1a: Zacian
|-damage|p1a: Zacian|0 fnt
|faint|p1a: Zacian
|
|upkeep
|
|switch|p1a: Ditto|Ditto, shiny|100/100
|-transform|p1a: Ditto|p2a: Zacian|[from] ability: Imposter
|-ability|p1a: Ditto|Intrepid Sword|boost
|-boost|p1a: Ditto|atk|1
|turn|29
|
|move|p1a: Ditto|Behemoth Blade|p2a: Zacian
|-damage|p2a: Zacian|0 fnt
|faint|p2a: Zacian
|
|upkeep
|
|switch|p2a: Corviknight|Corviknight, M|94/100
|-damage|p2a: Corviknight|82/100|[from] Stealth Rock
|-ability|p2a: Corviknight|Pressure
|turn|30
|
|move|p1a: Ditto|Behemoth Blade|p2a: Corviknight
|-resisted|p2a: Corviknight
|-damage|p2a: Corviknight|37/100
|move|p2a: Corviknight|Roost|p2a: Corviknight
|-heal|p2a: Corviknight|87/100
|-singleturn|p2a: Corviknight|move: Roost
|
|-heal|p2a: Corviknight|94/100|[from] item: Leftovers
|upkeep
|turn|31
|-message|Dr.camma forfeited.
|
|win|Repecc
|l|☆Dr.camma
