|j|☆New ladder hero
|j|☆Blue chen
|player|p1|New ladder hero|youngster-gen4|1718
|player|p2|Blue chen|clair|1675
|teamsize|p1|6
|teamsize|p2|6
|gametype|singles
|gen|8
|tier|[Gen 8] Ubers
|rated|
|clearpoke
|poke|p1|Mewtwo|
|poke|p1|Necrozma-Dusk-Mane|
|poke|p1|Ferrothorn, F|
|poke|p1|Snorlax, M|
|poke|p1|Dugtrio, F|
|poke|p1|Eternatus|
|poke|p2|Ferrothorn, M|
|poke|p2|Eternatus|
|poke|p2|Lunala|
|poke|p2|Toxapex, M|
|poke|p2|Necrozma-Dusk-Mane|
|poke|p2|Zacian-Crowned|
|rule|Sleep Clause Mod: Limit one foe put to sleep
|rule|Species Clause: Limit one of each Pokémon
|rule|OHKO Clause: OHKO moves are banned
|rule|Evasion Moves Clause: Evasion moves are banned
|rule|Endless Battle Clause: Forcing endless battles is banned
|rule|HP Percentage Mod: HP is shown in percentages
|html|Ubers Dynamax Clause: Pokémon on the <a href="https://www.smogon.com/dex/ss/formats/uber/">Ubers Dynamax Banlist</a> cannot Dynamax.
|teampreview
|j| MasqXN2
|
|start
|switch|p1a: Necrozma|Necrozma-Dusk-Mane|100/100
|switch|p2a: Toxapex|Toxapex, M|100/100
|turn|1
|
|move|p1a: Necrozma|Thunder Wave|p2a: Toxapex
|-status|p2a: Toxapex|par
|cant|p2a: Toxapex|par
|
|upkeep
|turn|2
|
|move|p1a: Necrozma|Stealth Rock|p2a: Toxapex
|-sidestart|p2: Blue chen|move: Stealth Rock
|move|p2a: Toxapex|Toxic Spikes|p1a: Necrozma
|-sidestart|p1: New ladder hero|move: Toxic Spikes
|
|upkeep
|turn|3
|
|switch|p1a: Ferrothorn|Ferrothorn, F|100/100
|move|p2a: Toxapex|Knock Off|p1a: Ferrothorn
|-damage|p1a: Ferrothorn|93/100
|-damage|p2a: Toxapex|88/100 par|[from] ability: Iron Barbs|[of] p1a: Ferrothorn
|-damage|p2a: Toxapex|72/100 par|[from] item: Rocky Helmet|[of] p1a: Ferrothorn
|-enditem|p1a: Ferrothorn|Rocky Helmet|[from] move: Knock Off|[of] p2a: Toxapex
|
|-heal|p2a: Toxapex|78/100 par|[from] item: Black Sludge
|upkeep
|turn|4
|
|switch|p2a: Ferrothorn|Ferrothorn, M|100/100
|-damage|p2a: Ferrothorn|94/100|[from] Stealth Rock
|move|p1a: Ferrothorn|Spikes|p2a: Ferrothorn
|-sidestart|p2: Blue chen|Spikes
|
|-heal|p2a: Ferrothorn|100/100|[from] item: Leftovers
|upkeep
|turn|5
|
|switch|p1a: Eternatus|Eternatus|100/100
|-sideend|p1: New ladder hero|move: Toxic Spikes|[of] p1a: Eternatus
|-ability|p1a: Eternatus|Pressure
|move|p2a: Ferrothorn|Spikes|p1a: Eternatus
|-sidestart|p1: New ladder hero|Spikes
|
|upkeep
|turn|6
|j| palapapop
|l|☆New ladder hero
|player|p1|
|j|☆New ladder hero
|player|p1|New ladder hero|youngster-gen4
|
|switch|p2a: Toxapex|Toxapex, M|100/100 par
|-damage|p2a: Toxapex|88/100 par|[from] Stealth Rock
|-damage|p2a: Toxapex|75/100 par|[from] Spikes
|move|p1a: Eternatus|Dynamax Cannon|p2a: Toxapex
|-damage|p2a: Toxapex|38/100 par
|
|-heal|p2a: Toxapex|44/100 par|[from] item: Black Sludge
|upkeep
|turn|7
|
|switch|p1a: Mewtwo|Mewtwo|100/100
|-damage|p1a: Mewtwo|88/100|[from] Spikes
|-ability|p1a: Mewtwo|Pressure
|cant|p2a: Toxapex|par
|
|-heal|p2a: Toxapex|50/100 par|[from] item: Black Sludge
|upkeep
|turn|8
|
|move|p1a: Mewtwo|Nasty Plot|p1a: Mewtwo
|-boost|p1a: Mewtwo|spa|2
|move|p2a: Toxapex|Knock Off|p1a: Mewtwo
|-supereffective|p1a: Mewtwo
|-damage|p1a: Mewtwo|60/100
|-enditem|p1a: Mewtwo|Lum Berry|[from] move: Knock Off|[of] p2a: Toxapex
|
|-heal|p2a: Toxapex|56/100 par|[from] item: Black Sludge
|upkeep
|turn|9
|
|move|p1a: Mewtwo|Shadow Ball|p2a: Toxapex
|-damage|p2a: Toxapex|4/100 par
|move|p2a: Toxapex|Toxic Spikes|p1a: Mewtwo
|-sidestart|p1: New ladder hero|move: Toxic Spikes
|
|-heal|p2a: Toxapex|10/100 par|[from] item: Black Sludge
|upkeep
|turn|10
|
|move|p1a: Mewtwo|Shadow Ball|p2a: Toxapex
|-damage|p2a: Toxapex|0 fnt
|faint|p2a: Toxapex
|
|upkeep
|
|switch|p2a: Zacian|Zacian-Crowned|100/100
|-damage|p2a: Zacian|88/100|[from] Spikes
|-damage|p2a: Zacian|82/100|[from] Stealth Rock
|-ability|p2a: Zacian|Intrepid Sword|boost
|-boost|p2a: Zacian|atk|1
|turn|11
|
|switch|p1a: Necrozma|Necrozma-Dusk-Mane|100/100
|-damage|p1a: Necrozma|88/100|[from] Spikes
|move|p2a: Zacian|Behemoth Blade|p1a: Necrozma
|-resisted|p1a: Necrozma
|-damage|p1a: Necrozma|65/100
|
|-heal|p1a: Necrozma|71/100|[from] item: Leftovers
|upkeep
|turn|12
|
|switch|p2a: Ferrothorn|Ferrothorn, M|100/100
|-damage|p2a: Ferrothorn|94/100|[from] Stealth Rock
|-damage|p2a: Ferrothorn|82/100|[from] Spikes
|move|p1a: Necrozma|Morning Sun|p1a: Necrozma
|-heal|p1a: Necrozma|100/100
|
|-heal|p2a: Ferrothorn|88/100|[from] item: Leftovers
|upkeep
|turn|13
|
|switch|p1a: Eternatus|Eternatus|100/100
|-sideend|p1: New ladder hero|move: Toxic Spikes|[of] p1a: Eternatus
|-damage|p1a: Eternatus|88/100|[from] Spikes
|-ability|p1a: Eternatus|Pressure
|move|p2a: Ferrothorn|Stealth Rock|p1a: Eternatus
|-sidestart|p1: New ladder hero|move: Stealth Rock
|
|-heal|p1a: Eternatus|94/100|[from] item: Black Sludge
|-heal|p2a: Ferrothorn|94/100|[from] item: Leftovers
|upkeep
|turn|14
|
|move|p1a: Eternatus|Flamethrower|p2a: Ferrothorn
|-supereffective|p2a: Ferrothorn
|-damage|p2a: Ferrothorn|0 fnt
|faint|p2a: Ferrothorn
|
|-heal|p1a: Eternatus|100/100|[from] item: Black Sludge
|upkeep
|
|switch|p2a: Lunala|Lunala|100/100
|turn|15
|
|move|p1a: Eternatus|Toxic|p2a: Lunala
|-status|p2a: Lunala|tox
|move|p2a: Lunala|Thunder Wave|p1a: Eternatus
|-status|p1a: Eternatus|par
|
|-damage|p2a: Lunala|94/100 tox|[from] psn
|upkeep
|turn|16
|
|switch|p1a: Snorlax|Snorlax, M|100/100
|-damage|p1a: Snorlax|88/100|[from] Stealth Rock
|-damage|p1a: Snorlax|76/100|[from] Spikes
|move|p2a: Lunala|Hex|p1a: Snorlax
|-immune|p1a: Snorlax
|
|-heal|p1a: Snorlax|82/100|[from] item: Leftovers
|-damage|p2a: Lunala|82/100 tox|[from] psn
|upkeep
|turn|17
|
|move|p2a: Lunala|Thunder Wave|p1a: Snorlax|[miss]
|-miss|p2a: Lunala|p1a: Snorlax
|move|p1a: Snorlax|Curse|p1a: Snorlax
|-unboost|p1a: Snorlax|spe|1
|-boost|p1a: Snorlax|atk|1
|-boost|p1a: Snorlax|def|1
|
|-heal|p1a: Snorlax|88/100|[from] item: Leftovers
|-damage|p2a: Lunala|64/100 tox|[from] psn
|upkeep
|turn|18
|
|move|p2a: Lunala|Thunder Wave|p1a: Snorlax
|-status|p1a: Snorlax|par
|move|p1a: Snorlax|Darkest Lariat|p2a: Lunala
|-supereffective|p2a: Lunala
|-damage|p2a: Lunala|0 fnt
|faint|p2a: Lunala
|
|-heal|p1a: Snorlax|94/100 par|[from] item: Leftovers
|upkeep
|
|switch|p2a: Eternatus|Eternatus|100/100
|-damage|p2a: Eternatus|88/100|[from] Spikes
|-damage|p2a: Eternatus|76/100|[from] Stealth Rock
|-ability|p2a: Eternatus|Pressure
|turn|19
|
|move|p2a: Eternatus|Cosmic Power|p2a: Eternatus
|-boost|p2a: Eternatus|def|1
|-boost|p2a: Eternatus|spd|1
|move|p1a: Snorlax|Curse|p1a: Snorlax
|-unboost|p1a: Snorlax|spe|1
|-boost|p1a: Snorlax|atk|1
|-boost|p1a: Snorlax|def|1
|
|-heal|p2a: Eternatus|82/100|[from] item: Black Sludge
|-heal|p1a: Snorlax|99/100 par|[from] item: Leftovers
|upkeep
|turn|20
|
|switch|p1a: Necrozma|Necrozma-Dusk-Mane|100/100
|-damage|p1a: Necrozma|94/100|[from] Stealth Rock
|-damage|p1a: Necrozma|82/100|[from] Spikes
|move|p2a: Eternatus|Substitute|p2a: Eternatus
|-start|p2a: Eternatus|Substitute
|-damage|p2a: Eternatus|57/100
|
|-heal|p2a: Eternatus|63/100|[from] item: Black Sludge
|-heal|p1a: Necrozma|88/100|[from] item: Leftovers
|upkeep
|turn|21
|
|switch|p1a: Snorlax|Snorlax, M|99/100 par
|-damage|p1a: Snorlax|88/100 par|[from] Spikes
|-damage|p1a: Snorlax|75/100 par|[from] Stealth Rock
|move|p2a: Eternatus|Cosmic Power|p2a: Eternatus
|-boost|p2a: Eternatus|def|1
|-boost|p2a: Eternatus|spd|1
|
|-heal|p2a: Eternatus|69/100|[from] item: Black Sludge
|-heal|p1a: Snorlax|81/100 par|[from] item: Leftovers
|upkeep
|turn|22
|
|switch|p1a: Eternatus|Eternatus|100/100 par
|-damage|p1a: Eternatus|88/100 par|[from] Stealth Rock
|-damage|p1a: Eternatus|76/100 par|[from] Spikes
|-ability|p1a: Eternatus|Pressure
|move|p2a: Eternatus|Dragon Dance|p2a: Eternatus
|-boost|p2a: Eternatus|atk|1
|-boost|p2a: Eternatus|spe|1
|
|-heal|p2a: Eternatus|76/100|[from] item: Black Sludge
|-heal|p1a: Eternatus|82/100 par|[from] item: Black Sludge
|upkeep
|turn|23
|
|move|p2a: Eternatus|Dragon Dance|p2a: Eternatus
|-boost|p2a: Eternatus|atk|1
|-boost|p2a: Eternatus|spe|1
|cant|p1a: Eternatus|par
|
|-heal|p2a: Eternatus|82/100|[from] item: Black Sludge
|-heal|p1a: Eternatus|88/100 par|[from] item: Black Sludge
|upkeep
|turn|24
|
|move|p2a: Eternatus|Cosmic Power|p2a: Eternatus
|-boost|p2a: Eternatus|def|1
|-boost|p2a: Eternatus|spd|1
|move|p1a: Eternatus|Dynamax Cannon|p2a: Eternatus
|-supereffective|p2a: Eternatus
|-end|p2a: Eternatus|Substitute
|
|-heal|p2a: Eternatus|88/100|[from] item: Black Sludge
|-heal|p1a: Eternatus|94/100 par|[from] item: Black Sludge
|upkeep
|turn|25
|
|move|p2a: Eternatus|Substitute|p2a: Eternatus
|-start|p2a: Eternatus|Substitute
|-damage|p2a: Eternatus|63/100
|move|p1a: Eternatus|Dynamax Cannon|p2a: Eternatus
|-supereffective|p2a: Eternatus
|-end|p2a: Eternatus|Substitute
|
|-heal|p2a: Eternatus|69/100|[from] item: Black Sludge
|-heal|p1a: Eternatus|100/100 par|[from] item: Black Sludge
|upkeep
|turn|26
|
|move|p2a: Eternatus|Substitute|p2a: Eternatus
|-start|p2a: Eternatus|Substitute
|-damage|p2a: Eternatus|45/100
|cant|p1a: Eternatus|par
|
|-heal|p2a: Eternatus|51/100|[from] item: Black Sludge
|upkeep
|turn|27
|j| hiddenpowertrap
|
|move|p2a: Eternatus|Cosmic Power|p2a: Eternatus
|-boost|p2a: Eternatus|def|1
|-boost|p2a: Eternatus|spd|1
|cant|p1a: Eternatus|par
|
|-heal|p2a: Eternatus|57/100|[from] item: Black Sludge
|upkeep
|turn|28
|
|move|p2a: Eternatus|Cosmic Power|p2a: Eternatus
|-boost|p2a: Eternatus|def|1
|-boost|p2a: Eternatus|spd|1
|move|p1a: Eternatus|Dynamax Cannon|p2a: Eternatus
|-supereffective|p2a: Eternatus
|-activate|p2a: Eternatus|move: Substitute|[damage]
|
|-heal|p2a: Eternatus|63/100|[from] item: Black Sludge
|upkeep
|turn|29
|
|move|p2a: Eternatus|Dragon Dance|p2a: Eternatus
|-boost|p2a: Eternatus|atk|1
|-boost|p2a: Eternatus|spe|1
|cant|p1a: Eternatus|par
|
|-heal|p2a: Eternatus|69/100|[from] item: Black Sludge
|upkeep
|turn|30
|
|move|p2a: Eternatus|Dragon Dance|p2a: Eternatus
|-boost|p2a: Eternatus|atk|1
|-boost|p2a: Eternatus|spe|1
|cant|p1a: Eternatus|par
|
|-heal|p2a: Eternatus|76/100|[from] item: Black Sludge
|upkeep
|turn|31
|
|move|p2a: Eternatus|Cosmic Power|p2a: Eternatus
|-boost|p2a: Eternatus|def|1
|-boost|p2a: Eternatus|spd|1
|move|p1a: Eternatus|Dynamax Cannon|p2a: Eternatus
|-supereffective|p2a: Eternatus
|-end|p2a: Eternatus|Substitute
|
|-heal|p2a: Eternatus|82/100|[from] item: Black Sludge
|upkeep
|turn|32
|
|switch|p1a: Dugtrio|Dugtrio, F|100/100
|-damage|p1a: Dugtrio|94/100|[from] Stealth Rock
|-damage|p1a: Dugtrio|82/100|[from] Spikes
|move|p2a: Eternatus|Substitute|p2a: Eternatus
|-start|p2a: Eternatus|Substitute
|-damage|p2a: Eternatus|57/100
|
|-heal|p2a: Eternatus|63/100|[from] item: Black Sludge
|upkeep
|turn|33
|
|move|p1a: Dugtrio|Earthquake|p2a: Eternatus
|-supereffective|p2a: Eternatus
|-activate|p2a: Eternatus|move: Substitute|[damage]
|move|p2a: Eternatus|Dragon Tail|p1a: Dugtrio
|-damage|p1a: Dugtrio|0 fnt
|faint|p1a: Dugtrio
|
|-heal|p2a: Eternatus|69/100|[from] item: Black Sludge
|upkeep
|
|switch|p1a: Mewtwo|Mewtwo|60/100
|-damage|p1a: Mewtwo|47/100|[from] Spikes
|-damage|p1a: Mewtwo|35/100|[from] Stealth Rock
|-ability|p1a: Mewtwo|Pressure
|turn|34
|
|move|p1a: Mewtwo|Psystrike|p2a: Eternatus
|-supereffective|p2a: Eternatus
|-end|p2a: Eternatus|Substitute
|move|p2a: Eternatus|Dragon Tail|p1a: Mewtwo|[miss]
|-miss|p2a: Eternatus|p1a: Mewtwo
|
|-heal|p2a: Eternatus|76/100|[from] item: Black Sludge
|upkeep
|turn|35
|
|move|p1a: Mewtwo|Psystrike|p2a: Eternatus
|-supereffective|p2a: Eternatus
|-damage|p2a: Eternatus|55/100
|move|p2a: Eternatus|Dragon Tail|p1a: Mewtwo
|-damage|p1a: Mewtwo|0 fnt
|faint|p1a: Mewtwo
|
|-heal|p2a: Eternatus|61/100|[from] item: Black Sludge
|upkeep
|c|☆Blue chen|bon
|
|switch|p1a: Snorlax|Snorlax, M|81/100 par
|-damage|p1a: Snorlax|69/100 par|[from] Spikes
|-damage|p1a: Snorlax|57/100 par|[from] Stealth Rock
|turn|36
|
|move|p2a: Eternatus|Substitute|p2a: Eternatus
|-start|p2a: Eternatus|Substitute
|-damage|p2a: Eternatus|36/100
|move|p1a: Snorlax|Curse|p1a: Snorlax
|-unboost|p1a: Snorlax|spe|1
|-boost|p1a: Snorlax|atk|1
|-boost|p1a: Snorlax|def|1
|
|-heal|p2a: Eternatus|42/100|[from] item: Black Sludge
|-heal|p1a: Snorlax|63/100 par|[from] item: Leftovers
|upkeep
|turn|37
|
|move|p1a: Snorlax|Curse|p1a: Snorlax
|-unboost|p1a: Snorlax|spe|1
|-boost|p1a: Snorlax|atk|1
|-boost|p1a: Snorlax|def|1
|move|p2a: Eternatus|Dragon Tail|p1a: Snorlax
|-damage|p1a: Snorlax|38/100 par
|drag|p1a: Ferrothorn|Ferrothorn, F|93/100
|-damage|p1a: Ferrothorn|86/100|[from] Stealth Rock
|-damage|p1a: Ferrothorn|74/100|[from] Spikes
|
|-heal|p2a: Eternatus|48/100|[from] item: Black Sludge
|upkeep
|turn|38
|j| TFCP ‽
|
|move|p2a: Eternatus|Dragon Dance|p2a: Eternatus
|-boost|p2a: Eternatus|atk|1
|-boost|p2a: Eternatus|spe|1
|move|p1a: Ferrothorn|Iron Defense|p1a: Ferrothorn
|-boost|p1a: Ferrothorn|def|2
|
|-heal|p2a: Eternatus|55/100|[from] item: Black Sludge
|upkeep
|turn|39
|
|move|p2a: Eternatus|Dragon Dance|p2a: Eternatus
|-boost|p2a: Eternatus|atk|1
|-boost|p2a: Eternatus|spe|1
|move|p1a: Ferrothorn|Iron Defense|p1a: Ferrothorn
|-boost|p1a: Ferrothorn|def|2
|
|-heal|p2a: Eternatus|61/100|[from] item: Black Sludge
|upkeep
|turn|40
|
|move|p1a: Ferrothorn|Body Press|p2a: Eternatus
|-resisted|p2a: Eternatus
|-activate|p2a: Eternatus|move: Substitute|[damage]
|move|p2a: Eternatus|Dragon Tail|p1a: Ferrothorn
|-resisted|p1a: Ferrothorn
|-damage|p1a: Ferrothorn|67/100
|-damage|p2a: Eternatus|48/100|[from] ability: Iron Barbs|[of] p1a: Ferrothorn
|drag|p1a: Necrozma|Necrozma-Dusk-Mane|88/100
|-damage|p1a: Necrozma|82/100|[from] Stealth Rock
|-damage|p1a: Necrozma|70/100|[from] Spikes
|
|-heal|p2a: Eternatus|55/100|[from] item: Black Sludge
|-heal|p1a: Necrozma|76/100|[from] item: Leftovers
|upkeep
|turn|41
|
|move|p1a: Necrozma|Sunsteel Strike|p2a: Eternatus
|-activate|p2a: Eternatus|move: Substitute|[damage]
|move|p2a: Eternatus|Dragon Tail|p1a: Necrozma
|-resisted|p1a: Necrozma
|-damage|p1a: Necrozma|58/100
|drag|p1a: Snorlax|Snorlax, M|38/100 par
|-damage|p1a: Snorlax|26/100 par|[from] Stealth Rock
|-damage|p1a: Snorlax|13/100 par|[from] Spikes
|
|-heal|p2a: Eternatus|61/100|[from] item: Black Sludge
|-heal|p1a: Snorlax|19/100 par|[from] item: Leftovers
|upkeep
|turn|42
|
|cant|p1a: Snorlax|par
|move|p2a: Eternatus|Dragon Tail|p1a: Snorlax
|-damage|p1a: Snorlax|0 fnt
|faint|p1a: Snorlax
|
|-heal|p2a: Eternatus|67/100|[from] item: Black Sludge
|upkeep
|
|switch|p1a: Eternatus|Eternatus|100/100 par
|-damage|p1a: Eternatus|88/100 par|[from] Stealth Rock
|-damage|p1a: Eternatus|76/100 par|[from] Spikes
|-ability|p1a: Eternatus|Pressure
|turn|43
|
|move|p1a: Eternatus|Flamethrower|p2a: Eternatus
|-resisted|p2a: Eternatus
|-activate|p2a: Eternatus|move: Substitute|[damage]
|move|p2a: Eternatus|Dragon Tail|p1a: Eternatus|[miss]
|-miss|p2a: Eternatus|p1a: Eternatus
|
|-heal|p2a: Eternatus|73/100|[from] item: Black Sludge
|-heal|p1a: Eternatus|82/100 par|[from] item: Black Sludge
|upkeep
|turn|44
|
|move|p1a: Eternatus|Flamethrower|p2a: Eternatus
|-resisted|p2a: Eternatus
|-activate|p2a: Eternatus|move: Substitute|[damage]
|move|p2a: Eternatus|Dragon Tail|p1a: Eternatus
|-supereffective|p1a: Eternatus
|-damage|p1a: Eternatus|0 fnt
|faint|p1a: Eternatus
|
|-heal|p2a: Eternatus|79/100|[from] item: Black Sludge
|upkeep
|
|switch|p1a: Necrozma|Necrozma-Dusk-Mane|58/100
|-damage|p1a: Necrozma|52/100|[from] Stealth Rock
|-damage|p1a: Necrozma|39/100|[from] Spikes
|turn|45
|
|move|p2a: Eternatus|Cosmic Power|p2a: Eternatus
|-boost|p2a: Eternatus|def|0
|-boost|p2a: Eternatus|spd|0
|move|p1a: Necrozma|Morning Sun|p1a: Necrozma
|-heal|p1a: Necrozma|89/100
|
|-heal|p2a: Eternatus|86/100|[from] item: Black Sludge
|-heal|p1a: Necrozma|95/100|[from] item: Leftovers
|upkeep
|turn|46
|
|move|p2a: Eternatus|Dragon Dance|p2a: Eternatus
|-boost|p2a: Eternatus|atk|0
|-boost|p2a: Eternatus|spe|0
|move|p1a: Necrozma|Thunder Wave||[still]
|-fail|p1a: Necrozma
|
|-heal|p2a: Eternatus|92/100|[from] item: Black Sludge
|-heal|p1a: Necrozma|100/100|[from] item: Leftovers
|upkeep
|turn|47
|
|move|p1a: Necrozma|Thunder Wave||[still]
|-fail|p1a: Necrozma
|move|p2a: Eternatus|Dragon Tail|p1a: Necrozma
|-resisted|p1a: Necrozma
|-damage|p1a: Necrozma|82/100
|drag|p1a: Ferrothorn|Ferrothorn, F|67/100
|-damage|p1a: Ferrothorn|54/100|[from] Spikes
|-damage|p1a: Ferrothorn|48/100|[from] Stealth Rock
|
|-heal|p2a: Eternatus|98/100|[from] item: Black Sludge
|upkeep
|turn|48
|
|move|p1a: Ferrothorn|Iron Defense|p1a: Ferrothorn
|-boost|p1a: Ferrothorn|def|2
|move|p2a: Eternatus|Dragon Tail|p1a: Ferrothorn
|-resisted|p1a: Ferrothorn
|-crit|p1a: Ferrothorn
|-damage|p1a: Ferrothorn|15/100
|-damage|p2a: Eternatus|86/100|[from] ability: Iron Barbs|[of] p1a: Ferrothorn
|drag|p1a: Necrozma|Necrozma-Dusk-Mane|82/100
|-damage|p1a: Necrozma|76/100|[from] Stealth Rock
|-damage|p1a: Necrozma|63/100|[from] Spikes
|
|-heal|p2a: Eternatus|92/100|[from] item: Black Sludge
|-heal|p1a: Necrozma|69/100|[from] item: Leftovers
|upkeep
|turn|49
|
|move|p1a: Necrozma|Thunder Wave||[still]
|-fail|p1a: Necrozma
|move|p2a: Eternatus|Dragon Tail|p1a: Necrozma
|-resisted|p1a: Necrozma
|-damage|p1a: Necrozma|50/100
|drag|p1a: Ferrothorn|Ferrothorn, F|15/100
|-damage|p1a: Ferrothorn|2/100|[from] Spikes
|-damage|p1a: Ferrothorn|0 fnt|[from] Stealth Rock
|faint|p1a: Ferrothorn
|
|-heal|p2a: Eternatus|98/100|[from] item: Black Sludge
|upkeep
|
|switch|p1a: Necrozma|Necrozma-Dusk-Mane|50/100
|-damage|p1a: Necrozma|38/100|[from] Spikes
|-damage|p1a: Necrozma|32/100|[from] Stealth Rock
|turn|50
|c|☆New ladder hero|Gg
|
|switch|p2a: Necrozma|Necrozma-Dusk-Mane|100/100
|-damage|p2a: Necrozma|88/100|[from] Spikes
|-damage|p2a: Necrozma|82/100|[from] Stealth Rock
|move|p1a: Necrozma|Morning Sun|p1a: Necrozma
|-heal|p1a: Necrozma|82/100
|
|-heal|p1a: Necrozma|88/100|[from] item: Leftovers
|-heal|p2a: Necrozma|88/100|[from] item: Leftovers
|upkeep
|turn|51
|
|move|p1a: Necrozma|Thunder Wave|p2a: Necrozma
|-status|p2a: Necrozma|par
|cant|p2a: Necrozma|par
|
|-heal|p1a: Necrozma|94/100|[from] item: Leftovers
|-heal|p2a: Necrozma|94/100 par|[from] item: Leftovers
|upkeep
|turn|52
|
|move|p1a: Necrozma|Stealth Rock||[still]
|-fail|p1a: Necrozma
|move|p2a: Necrozma|Thunder Wave|p1a: Necrozma
|-status|p1a: Necrozma|par
|
|-heal|p1a: Necrozma|99/100 par|[from] item: Leftovers
|-heal|p2a: Necrozma|99/100 par|[from] item: Leftovers
|upkeep
|turn|53
|-message|New ladder hero forfeited.
|
|win|Blue chen
|l|☆New ladder hero
|c|☆Blue chen|gg
|raw|New ladder hero's rating: 1718 &rarr; <strong>1696</strong><br />(-22 for losing)
|raw|Blue chen's rating: 1692 &rarr; <strong>1713</strong><br />(+21 for winning)
