|j|☆Kingdra
|j|☆Rell27
|t:|1604638023
|player|p1|Kingdra|148|1545
|player|p2|Rell27|169|1372
|teamsize|p1|6
|teamsize|p2|6
|gametype|singles
|gen|8
|tier|[Gen 8] Ubers
|rated|
|clearpoke
|poke|p1|Calyrex-Shadow|
|poke|p1|Klefki, F|
|poke|p1|Ditto|
|poke|p1|Zacian-Crowned|
|poke|p1|Zygarde|
|poke|p1|Xerneas|
|poke|p2|Calyrex-Shadow|
|poke|p2|Regieleki|
|poke|p2|Tapu Koko|
|poke|p2|Dialga|
|poke|p2|Yveltal|
|poke|p2|Zacian-Crowned|
|rule|Sleep Clause Mod: Limit one foe put to sleep
|rule|Species Clause: Limit one of each Pokémon
|rule|OHKO Clause: OHKO moves are banned
|rule|Evasion Moves Clause: Evasion moves are banned
|rule|Endless Battle Clause: Forcing endless battles is banned
|rule|HP Percentage Mod: HP is shown in percentages
|teampreview
|inactive|Battle timer is ON: inactive players will automatically lose when time's up. (requested by Kingdra)
|
|t:|1604638055
|start
|switch|p1a: Klefki|Klefki, F|100/100
|switch|p2a: Tapu Koko|Tapu Koko|100/100
|-fieldstart|move: Electric Terrain|[from] ability: Electric Surge|[of] p2a: Tapu Koko
|turn|1
|
|t:|1604638072
|move|p1a: Klefki|Light Screen|p1a: Klefki
|-sidestart|p1: Kingdra|move: Light Screen
|move|p2a: Tapu Koko|Taunt|p1a: Klefki
|-start|p1a: Klefki|move: Taunt
|
|upkeep
|turn|2
|
|t:|1604638079
|switch|p1a: Zygarde|Zygarde|100/100
|move|p2a: Tapu Koko|Volt Switch|p1a: Zygarde
|-immune|p1a: Zygarde
|
|upkeep
|turn|3
|
|t:|1604638090
|move|p2a: Tapu Koko|Defog|p1a: Zygarde
|-unboost|p1a: Zygarde|evasion|1
|-sideend|p1: Kingdra|move: Light Screen
|-fieldend|move: Electric Terrain
|move|p1a: Zygarde|Dragon Dance|p1a: Zygarde
|-boost|p1a: Zygarde|atk|1
|-boost|p1a: Zygarde|spe|1
|
|upkeep
|turn|4
|
|t:|1604638104
|switch|p2a: Dialga|Dialga|100/100
|-ability|p2a: Dialga|Pressure
|move|p1a: Zygarde|Substitute|p1a: Zygarde
|-start|p1a: Zygarde|Substitute
|-damage|p1a: Zygarde|76/100
|
|-heal|p1a: Zygarde|82/100|[from] item: Leftovers
|upkeep
|turn|5
|
|t:|1604638108
|move|p1a: Zygarde|Dragon Dance|p1a: Zygarde
|-boost|p1a: Zygarde|atk|1
|-boost|p1a: Zygarde|spe|1
|move|p2a: Dialga|Roar|p1a: Zygarde
|drag|p1a: Ditto|Ditto|100/100
|-transform|p1a: Ditto|p2a: Dialga|[from] ability: Imposter
|-ability|p1a: Ditto|Pressure
|
|upkeep
|turn|6
|
|t:|1604638117
|move|p1a: Ditto|Stealth Rock|p2a: Dialga
|-sidestart|p2: Rell27|move: Stealth Rock
|move|p2a: Dialga|Stealth Rock|p1a: Ditto
|-sidestart|p1: Kingdra|move: Stealth Rock
|
|upkeep
|turn|7
|
|t:|1604638122
|switch|p1a: Klefki|Klefki, F|100/100
|-damage|p1a: Klefki|95/100|[from] Stealth Rock
|move|p2a: Dialga|Roar|p1a: Klefki
|drag|p1a: Calyrex|Calyrex-Shadow|100/100
|-damage|p1a: Calyrex|88/100|[from] Stealth Rock
|-ability|p1a: Calyrex|As One
|-ability|p1a: Calyrex|Unnerve|p2: Rell27
|
|upkeep
|turn|8
|
|t:|1604638138
|switch|p2a: Yveltal|Yveltal|100/100
|-damage|p2a: Yveltal|76/100|[from] Stealth Rock
|-ability|p2a: Yveltal|Dark Aura
|move|p1a: Calyrex|Trick|p2a: Yveltal
|-activate|p1a: Calyrex|move: Trick|[of] p2a: Yveltal
|-item|p2a: Yveltal|Choice Scarf|[from] move: Trick
|-item|p1a: Calyrex|Life Orb|[from] move: Trick
|
|upkeep
|turn|9
|
|t:|1604638154
|switch|p1a: Klefki|Klefki, F|95/100
|-damage|p1a: Klefki|89/100|[from] Stealth Rock
|-start|p2a: Yveltal|Dynamax
|-heal|p2a: Yveltal|76/100|[silent]
|move|p2a: Yveltal|Max Airstream|p1a: Klefki
|-resisted|p1a: Klefki
|-damage|p1a: Klefki|50/100
|-boost|p2a: Yveltal|spe|1
|
|upkeep
|turn|10
|
|t:|1604638159
|move|p1a: Klefki|Light Screen|p1a: Klefki
|-sidestart|p1: Kingdra|move: Light Screen
|move|p2a: Yveltal|Max Flare|p1a: Klefki
|-supereffective|p1a: Klefki
|-damage|p1a: Klefki|0 fnt
|-weather|SunnyDay
|faint|p1a: Klefki
|
|-weather|SunnyDay|[upkeep]
|upkeep
|
|t:|1604638170
|switch|p1a: Xerneas|Xerneas|100/100
|-damage|p1a: Xerneas|88/100|[from] Stealth Rock
|-ability|p1a: Xerneas|Fairy Aura
|turn|11
|
|t:|1604638185
|move|p2a: Yveltal|Max Darkness|p1a: Xerneas
|-resisted|p1a: Xerneas
|-damage|p1a: Xerneas|55/100
|-unboost|p1a: Xerneas|spd|1
|move|p1a: Xerneas|Geomancy||[still]
|-prepare|p1a: Xerneas|Geomancy
|-enditem|p1a: Xerneas|Power Herb
|-anim|p1a: Xerneas|Geomancy|p1a: Xerneas
|-boost|p1a: Xerneas|spa|2
|-boost|p1a: Xerneas|spd|2
|-boost|p1a: Xerneas|spe|2
|
|-weather|SunnyDay|[upkeep]
|-end|p2a: Yveltal|Dynamax
|-heal|p2a: Yveltal|76/100|[silent]
|upkeep
|turn|12
|
|t:|1604638199
|-start|p1a: Xerneas|Dynamax
|-heal|p1a: Xerneas|55/100|[silent]
|move|p2a: Yveltal|Sucker Punch|p1a: Xerneas
|-resisted|p1a: Xerneas
|-damage|p1a: Xerneas|45/100
|move|p1a: Xerneas|Max Starfall|p2a: Yveltal
|-supereffective|p2a: Yveltal
|-damage|p2a: Yveltal|0 fnt
|-fieldstart|move: Misty Terrain
|faint|p2a: Yveltal
|
|-weather|SunnyDay|[upkeep]
|upkeep
|
|t:|1604638206
|switch|p2a: Zacian|Zacian-Crowned|100/100
|-damage|p2a: Zacian|94/100|[from] Stealth Rock
|-ability|p2a: Zacian|Intrepid Sword|boost
|-boost|p2a: Zacian|atk|1
|turn|13
|
|t:|1604638235
|move|p1a: Xerneas|Max Steelspike|p2a: Zacian
|-damage|p2a: Zacian|17/100
|-boost|p1a: Xerneas|def|1
|move|p2a: Zacian|Behemoth Blade|p1a: Xerneas
|-supereffective|p1a: Xerneas
|-damage|p1a: Xerneas|0 fnt
|faint|p1a: Xerneas
|
|-weather|SunnyDay|[upkeep]
|upkeep
|
|t:|1604638241
|switch|p1a: Ditto|Ditto|100/100
|-damage|p1a: Ditto|88/100|[from] Stealth Rock
|-transform|p1a: Ditto|p2a: Zacian|[from] ability: Imposter
|-ability|p1a: Ditto|Intrepid Sword|boost
|-boost|p1a: Ditto|atk|1
|turn|14
|
|t:|1604638268
|switch|p2a: Tapu Koko|Tapu Koko|100/100
|-damage|p2a: Tapu Koko|88/100|[from] Stealth Rock
|-fieldstart|move: Electric Terrain|[from] ability: Electric Surge|[of] p2a: Tapu Koko
|move|p1a: Ditto|Behemoth Blade|p2a: Tapu Koko
|-damage|p2a: Tapu Koko|0 fnt
|faint|p2a: Tapu Koko
|
|-weather|none
|upkeep
|inactive|Rell27 has 120 seconds left.
|
|t:|1604638279
|switch|p2a: Dialga|Dialga|100/100
|-damage|p2a: Dialga|94/100|[from] Stealth Rock
|-ability|p2a: Dialga|Pressure
|turn|15
|
|t:|1604638285
|switch|p1a: Zacian|Zacian-Crowned|100/100
|-damage|p1a: Zacian|94/100|[from] Stealth Rock
|-ability|p1a: Zacian|Intrepid Sword|boost
|-boost|p1a: Zacian|atk|1
|move|p2a: Dialga|Roar|p1a: Zacian
|drag|p1a: Zygarde|Zygarde|82/100
|-damage|p1a: Zygarde|76/100|[from] Stealth Rock
|
|-heal|p1a: Zygarde|82/100|[from] item: Leftovers
|upkeep
|turn|16
|
|t:|1604638290
|move|p1a: Zygarde|Thousand Arrows|p2a: Dialga
|-supereffective|p2a: Dialga
|-damage|p2a: Dialga|29/100
|move|p2a: Dialga|Dragon Pulse|p1a: Zygarde
|-supereffective|p1a: Zygarde
|-damage|p1a: Zygarde|35/100
|
|-heal|p1a: Zygarde|41/100|[from] item: Leftovers
|-activate|p1a: Zygarde|ability: Power Construct
|detailschange|p1a: Zygarde|Zygarde-Complete
|-heal|p1a: Zygarde|64/100|[silent]
|upkeep
|turn|17
|
|t:|1604638307
|move|p1a: Zygarde|Dragon Dance|p1a: Zygarde
|-boost|p1a: Zygarde|atk|1
|-boost|p1a: Zygarde|spe|1
|move|p2a: Dialga|Dragon Pulse|p1a: Zygarde
|-supereffective|p1a: Zygarde
|-damage|p1a: Zygarde|35/100
|
|-heal|p1a: Zygarde|41/100|[from] item: Leftovers
|-sideend|p1: Kingdra|move: Light Screen
|upkeep
|turn|18
|
|t:|1604638319
|move|p1a: Zygarde|Thousand Arrows|p2a: Dialga
|-supereffective|p2a: Dialga
|-damage|p2a: Dialga|0 fnt
|faint|p2a: Dialga
|
|-heal|p1a: Zygarde|47/100|[from] item: Leftovers
|upkeep
|
|t:|1604638324
|switch|p2a: Zacian|Zacian-Crowned|17/100
|-damage|p2a: Zacian|11/100|[from] Stealth Rock
|-ability|p2a: Zacian|Intrepid Sword|boost
|-boost|p2a: Zacian|atk|1
|turn|19
|
|t:|1604638329
|move|p1a: Zygarde|Dragon Dance|p1a: Zygarde
|-boost|p1a: Zygarde|atk|1
|-boost|p1a: Zygarde|spe|1
|move|p2a: Zacian|Behemoth Blade|p1a: Zygarde
|-damage|p1a: Zygarde|0 fnt
|faint|p1a: Zygarde
|
|upkeep
|
|t:|1604638335
|switch|p1a: Ditto|Ditto|88/100
|-damage|p1a: Ditto|76/100|[from] Stealth Rock
|-transform|p1a: Ditto|p2a: Zacian|[from] ability: Imposter
|-ability|p1a: Ditto|Intrepid Sword|boost
|-boost|p1a: Ditto|atk|1
|turn|20
|-message|Rell27 forfeited.
|
|win|Kingdra
|l|☆Rell27
