|j|☆rurounikensheisty
|j|☆Neo Smeargles
|t:|1660852581
|gametype|singles
|player|p1|rurounikensheisty|ash-capbackward|1348
|player|p2|Neo Smeargles|265|1340
|teamsize|p1|6
|teamsize|p2|6
|gen|8
|tier|[Gen 8] Ubers
|rated|
|rule|Sleep Clause Mod: Limit one foe put to sleep
|rule|Species Clause: Limit one of each Pokémon
|rule|OHKO Clause: OHKO moves are banned
|rule|Evasion Items Clause: Evasion items are banned
|rule|Evasion Moves Clause: Evasion moves are banned
|rule|Endless Battle Clause: Forcing endless battles is banned
|rule|HP Percentage Mod: HP is shown in percentages
|rule|Dynamax Clause: You cannot dynamax
|clearpoke
|poke|p1|Necrozma-Dusk-Mane|
|poke|p1|Urshifu-*, F|
|poke|p1|Yveltal|
|poke|p1|Xerneas-*|
|poke|p1|Calyrex-Shadow|
|poke|p1|Rayquaza|
|poke|p2|Aerodactyl, F|
|poke|p2|Yveltal|
|poke|p2|Shedinja|
|poke|p2|Xerneas-*|
|poke|p2|Calyrex-Shadow|
|poke|p2|Ditto|
|teampreview
|inactive|Battle timer is ON: inactive players will automatically lose when time's up. (requested by rurounikensheisty)
|
|t:|1660852608
|start
|switch|p1a: Rayquaza|Rayquaza|100/100
|switch|p2a: Aerodactyl|Aerodactyl, F|100/100
|-ability|p1a: Rayquaza|Air Lock
|turn|1
|
|t:|1660852621
|move|p2a: Aerodactyl|Stone Edge|p1a: Rayquaza
|-supereffective|p1a: Rayquaza
|-crit|p1a: Rayquaza
|-enditem|p1a: Rayquaza|Focus Sash
|-damage|p1a: Rayquaza|1/100
|move|p1a: Rayquaza|Dragon Dance|p1a: Rayquaza
|-boost|p1a: Rayquaza|atk|1
|-boost|p1a: Rayquaza|spe|1
|
|upkeep
|turn|2
|
|t:|1660852630
|move|p1a: Rayquaza|V-create|p2a: Aerodactyl
|-resisted|p2a: Aerodactyl
|-damage|p2a: Aerodactyl|26/100
|-unboost|p1a: Rayquaza|spe|1
|-unboost|p1a: Rayquaza|def|1
|-unboost|p1a: Rayquaza|spd|1
|move|p2a: Aerodactyl|Stealth Rock|p1a: Rayquaza
|-sidestart|p1: rurounikensheisty|move: Stealth Rock
|
|upkeep
|turn|3
|
|t:|1660852639
|move|p1a: Rayquaza|Extreme Speed|p2a: Aerodactyl
|-resisted|p2a: Aerodactyl
|-damage|p2a: Aerodactyl|0 fnt
|faint|p2a: Aerodactyl
|
|upkeep
|
|t:|1660852642
|switch|p2a: Shedinja|Shedinja|100/100
|turn|4
|
|t:|1660852645
|move|p2a: Shedinja|Shadow Sneak|p1a: Rayquaza
|-damage|p1a: Rayquaza|0 fnt
|faint|p1a: Rayquaza
|
|upkeep
|
|t:|1660852649
|switch|p1a: Yveltal|Yveltal|100/100
|-ability|p1a: Yveltal|Dark Aura
|turn|5
|
|t:|1660852654
|switch|p2a: Yveltal|Yveltal|100/100
|-ability|p2a: Yveltal|Dark Aura
|move|p1a: Yveltal|Defog|p2a: Yveltal
|-unboost|p2a: Yveltal|evasion|1
|-sideend|p1: rurounikensheisty|Stealth Rock|[from] move: Defog|[of] p1a: Yveltal
|
|upkeep
|turn|6
|
|t:|1660852663
|move|p2a: Yveltal|Knock Off|p1a: Yveltal
|-resisted|p1a: Yveltal
|-damage|p1a: Yveltal|77/100
|-enditem|p1a: Yveltal|Heavy-Duty Boots|[from] move: Knock Off|[of] p2a: Yveltal
|move|p1a: Yveltal|Oblivion Wing|p2a: Yveltal
|-damage|p2a: Yveltal|67/100
|-heal|p1a: Yveltal|99/100|[from] drain|[of] p2a: Yveltal
|
|upkeep
|turn|7
|
|t:|1660852679
|move|p2a: Yveltal|Roost|p2a: Yveltal
|-heal|p2a: Yveltal|100/100
|-singleturn|p2a: Yveltal|move: Roost
|move|p1a: Yveltal|Oblivion Wing|p2a: Yveltal
|-damage|p2a: Yveltal|66/100
|-heal|p1a: Yveltal|100/100|[from] drain|[of] p2a: Yveltal
|
|upkeep
|turn|8
|
|t:|1660852689
|switch|p1a: Xerneas|Xerneas|100/100
|-ability|p1a: Xerneas|Fairy Aura
|move|p2a: Yveltal|Knock Off|p1a: Xerneas
|-resisted|p1a: Xerneas
|-damage|p1a: Xerneas|78/100
|-enditem|p1a: Xerneas|Power Herb|[from] move: Knock Off|[of] p2a: Yveltal
|
|upkeep
|turn|9
|
|t:|1660852697
|switch|p2a: Shedinja|Shedinja|100/100
|move|p1a: Xerneas|Moonblast|p2a: Shedinja
|-immune|p2a: Shedinja|[from] ability: Wonder Guard
|
|upkeep
|turn|10
|
|t:|1660852707
|switch|p1a: Urshifu|Urshifu, F|100/100
|switch|p2a: Xerneas|Xerneas|100/100
|-ability|p2a: Xerneas|Fairy Aura
|
|upkeep
|turn|11
|
|t:|1660852717
|switch|p2a: Calyrex|Calyrex-Shadow|100/100
|-ability|p2a: Calyrex|As One
|-ability|p2a: Calyrex|Unnerve
|switch|p1a: Necrozma|Necrozma-Dusk-Mane|100/100
|
|upkeep
|turn|12
|
|t:|1660852730
|switch|p1a: Urshifu|Urshifu, F|100/100
|move|p2a: Calyrex|Nasty Plot|p2a: Calyrex
|-boost|p2a: Calyrex|spa|2
|
|upkeep
|turn|13
|
|t:|1660852735
|move|p2a: Calyrex|Draining Kiss|p1a: Urshifu
|-supereffective|p1a: Urshifu
|-damage|p1a: Urshifu|0 fnt
|faint|p1a: Urshifu
|-ability|p2a: Calyrex|Grim Neigh|boost
|-boost|p2a: Calyrex|spa|1
|
|upkeep
|
|t:|1660852741
|switch|p1a: Yveltal|Yveltal|100/100
|-ability|p1a: Yveltal|Dark Aura
|turn|14
|
|t:|1660852745
|move|p1a: Yveltal|Sucker Punch|p2a: Calyrex
|-supereffective|p2a: Calyrex
|-enditem|p2a: Calyrex|Focus Sash
|-damage|p2a: Calyrex|1/100
|move|p2a: Calyrex|Draining Kiss|p1a: Yveltal
|-supereffective|p1a: Yveltal
|-damage|p1a: Yveltal|17/100
|-heal|p2a: Calyrex|85/100|[from] drain|[of] p1a: Yveltal
|
|upkeep
|turn|15
|
|t:|1660852756
|switch|p2a: Yveltal|Yveltal|66/100
|-ability|p2a: Yveltal|Dark Aura
|move|p1a: Yveltal|Sucker Punch||[still]
|-fail|p1a: Yveltal
|
|upkeep
|turn|16
|
|t:|1660852763
|move|p2a: Yveltal|Knock Off|p1a: Yveltal
|-resisted|p1a: Yveltal
|-damage|p1a: Yveltal|0 fnt
|faint|p1a: Yveltal
|
|upkeep
|
|t:|1660852786
|switch|p1a: Necrozma|Necrozma-Dusk-Mane|100/100
|turn|17
|
|t:|1660852791
|move|p2a: Yveltal|Knock Off|p1a: Necrozma
|-supereffective|p1a: Necrozma
|-crit|p1a: Necrozma
|-damage|p1a: Necrozma|1/100
|-enditem|p1a: Necrozma|Weakness Policy
|-boost|p1a: Necrozma|atk|2|[from] item: Weakness Policy
|-boost|p1a: Necrozma|spa|2|[from] item: Weakness Policy
|move|p1a: Necrozma|Stealth Rock|p2a: Yveltal
|-sidestart|p2: Neo Smeargles|move: Stealth Rock
|
|upkeep
|turn|18
|
|t:|1660852798
|move|p2a: Yveltal|Knock Off|p1a: Necrozma
|-supereffective|p1a: Necrozma
|-damage|p1a: Necrozma|0 fnt
|faint|p1a: Necrozma
|
|upkeep
|
|t:|1660852803
|switch|p1a: Xerneas|Xerneas|78/100
|-ability|p1a: Xerneas|Fairy Aura
|turn|19
|
|t:|1660852807
|switch|p2a: Shedinja|Shedinja|100/100
|move|p1a: Xerneas|Geomancy||[still]
|-prepare|p1a: Xerneas|Geomancy
|
|upkeep
|turn|20
|
|t:|1660852813
|move|p1a: Xerneas|Geomancy|p1a: Xerneas|[from]lockedmove
|-boost|p1a: Xerneas|spa|2
|-boost|p1a: Xerneas|spd|2
|-boost|p1a: Xerneas|spe|2
|move|p2a: Shedinja|Swords Dance|p2a: Shedinja
|-boost|p2a: Shedinja|atk|2
|
|upkeep
|turn|21
|
|t:|1660852820
|move|p1a: Xerneas|Moonblast|p2a: Shedinja
|-immune|p2a: Shedinja|[from] ability: Wonder Guard
|move|p2a: Shedinja|Swords Dance|p2a: Shedinja
|-boost|p2a: Shedinja|atk|2
|
|upkeep
|turn|22
|-message|rurounikensheisty forfeited.
|
|win|Neo Smeargles
|raw|rurounikensheisty's rating: 1348 &rarr; <strong>1328</strong><br />(-20 for losing)
|raw|Neo Smeargles's rating: 1340 &rarr; <strong>1360</strong><br />(+20 for winning)
|l|☆rurounikensheisty
||Ladder isn't responding, score probably updated but might not have (Request timeout).
