|j|☆Just Lukas
|j|☆Ryriss
|t:|1654191152
|gametype|singles
|player|p1|Just Lukas|266|1234
|player|p2|Ryriss|hilbert|1347
|teamsize|p1|6
|teamsize|p2|6
|gen|8
|tier|[Gen 8] Ubers
|rated|
|rule|Sleep Clause Mod: Limit one foe put to sleep
|rule|Species Clause: Limit one of each Pokémon
|rule|OHKO Clause: OHKO moves are banned
|rule|Evasion Moves Clause: Evasion moves are banned
|rule|Endless Battle Clause: Forcing endless battles is banned
|rule|HP Percentage Mod: HP is shown in percentages
|rule|Dynamax Clause: You cannot dynamax
|clearpoke
|poke|p1|Calyrex-Ice|
|poke|p1|Yveltal|
|poke|p1|Necrozma-Dusk-Mane|
|poke|p1|Zygarde|
|poke|p1|Xerneas-*|
|poke|p1|Dugtrio, M|
|poke|p2|Giratina-Origin|
|poke|p2|Groudon|
|poke|p2|Genesect|
|poke|p2|Kyurem-Black|
|poke|p2|Lugia|
|poke|p2|Yveltal|
|teampreview
|inactive|Battle timer is ON: inactive players will automatically lose when time's up. (requested by Ryriss)
|inactive|Ryriss has 120 seconds left.
|inactive|Ryriss has 90 seconds left.
|
|t:|1654191229
|start
|switch|p1a: Yveltal|Yveltal|100/100
|switch|p2a: Lugia|Lugia|100/100
|-ability|p2a: Lugia|Pressure
|-ability|p1a: Yveltal|Dark Aura
|turn|1
|
|t:|1654191241
|move|p2a: Lugia|Reflect|p2a: Lugia
|-sidestart|p2: Ryriss|Reflect
|move|p1a: Yveltal|Knock Off|p2a: Lugia
|-supereffective|p2a: Lugia
|-damage|p2a: Lugia|63/100
|-enditem|p2a: Lugia|Light Clay|[from] move: Knock Off|[of] p1a: Yveltal
|
|upkeep
|turn|2
|
|t:|1654191248
|move|p2a: Lugia|Thunder Wave|p1a: Yveltal
|-status|p1a: Yveltal|par
|move|p1a: Yveltal|U-turn|p2a: Lugia
|-damage|p2a: Lugia|56/100
|
|t:|1654191253
|switch|p1a: Calyrex|Calyrex-Ice|100/100|[from]move: U-turn
|-ability|p1a: Calyrex|As One
|-ability|p1a: Calyrex|Unnerve
|
|upkeep
|turn|3
|
|t:|1654191269
|move|p2a: Lugia|Thunder Wave|p1a: Calyrex|[miss]
|-miss|p2a: Lugia|p1a: Calyrex
|move|p1a: Calyrex|Substitute|p1a: Calyrex
|-start|p1a: Calyrex|Substitute
|-damage|p1a: Calyrex|75/100
|
|-heal|p1a: Calyrex|82/100|[from] item: Leftovers
|upkeep
|turn|4
|
|t:|1654191279
|switch|p2a: Kyurem|Kyurem-Black|100/100
|-ability|p2a: Kyurem|Teravolt
|move|p1a: Calyrex|Leech Seed|p2a: Kyurem
|-start|p2a: Kyurem|move: Leech Seed
|
|-heal|p1a: Calyrex|88/100|[from] item: Leftovers
|-damage|p2a: Kyurem|88/100|[from] Leech Seed|[of] p1a: Calyrex
|-heal|p1a: Calyrex|99/100|[silent]
|upkeep
|turn|5
|
|t:|1654191289
|move|p2a: Kyurem|Dragon Claw|p1a: Calyrex
|-end|p1a: Calyrex|Substitute
|move|p1a: Calyrex|Substitute|p1a: Calyrex
|-start|p1a: Calyrex|Substitute
|-damage|p1a: Calyrex|75/100
|
|-heal|p1a: Calyrex|81/100|[from] item: Leftovers
|-damage|p2a: Kyurem|75/100|[from] Leech Seed|[of] p1a: Calyrex
|-heal|p1a: Calyrex|93/100|[silent]
|upkeep
|turn|6
|
|t:|1654191300
|switch|p2a: Yveltal|Yveltal|100/100
|-ability|p2a: Yveltal|Dark Aura
|move|p1a: Calyrex|Protect||[still]
|-fail|p1a: Calyrex
|
|-heal|p1a: Calyrex|99/100|[from] item: Leftovers
|upkeep
|turn|7
|
|t:|1654191309
|move|p2a: Yveltal|Oblivion Wing|p1a: Calyrex
|-end|p1a: Calyrex|Substitute
|move|p1a: Calyrex|Substitute|p1a: Calyrex
|-start|p1a: Calyrex|Substitute
|-damage|p1a: Calyrex|75/100
|
|-heal|p1a: Calyrex|81/100|[from] item: Leftovers
|upkeep
|turn|8
|
|t:|1654191318
|move|p1a: Calyrex|Protect|p1a: Calyrex
|-singleturn|p1a: Calyrex|Protect
|move|p2a: Yveltal|Oblivion Wing|p1a: Calyrex
|-activate|p1a: Calyrex|move: Protect
|
|-heal|p1a: Calyrex|87/100|[from] item: Leftovers
|-sideend|p2: Ryriss|Reflect
|upkeep
|turn|9
|
|t:|1654191328
|switch|p2a: Lugia|Lugia|56/100
|-ability|p2a: Lugia|Pressure
|move|p1a: Calyrex|Glacial Lance|p2a: Lugia
|-supereffective|p2a: Lugia
|-damage|p2a: Lugia|0 fnt
|faint|p2a: Lugia
|-ability|p1a: Calyrex|Chilling Neigh|boost
|-boost|p1a: Calyrex|atk|1
|
|-heal|p1a: Calyrex|93/100|[from] item: Leftovers
|upkeep
|
|t:|1654191341
|switch|p2a: Yveltal|Yveltal|100/100
|-ability|p2a: Yveltal|Dark Aura
|turn|10
|
|t:|1654191345
|move|p2a: Yveltal|Dark Pulse|p1a: Calyrex
|-supereffective|p1a: Calyrex
|-end|p1a: Calyrex|Substitute
|move|p1a: Calyrex|Glacial Lance|p2a: Yveltal
|-supereffective|p2a: Yveltal
|-damage|p2a: Yveltal|0 fnt
|faint|p2a: Yveltal
|-ability|p1a: Calyrex|Chilling Neigh|boost
|-boost|p1a: Calyrex|atk|1
|
|-heal|p1a: Calyrex|99/100|[from] item: Leftovers
|upkeep
|
|t:|1654191357
|switch|p2a: Giratina|Giratina-Origin|100/100
|turn|11
|
|t:|1654191360
|move|p1a: Calyrex|Protect|p1a: Calyrex
|-singleturn|p1a: Calyrex|Protect
|move|p2a: Giratina|Poltergeist|p1a: Calyrex
|-activate|p1a: Calyrex|move: Protect
|
|-heal|p1a: Calyrex|100/100|[from] item: Leftovers
|upkeep
|turn|12
|
|t:|1654191369
|move|p2a: Giratina|Poltergeist|p1a: Calyrex
|-activate|p1a: Calyrex|move: Poltergeist|Leftovers
|-supereffective|p1a: Calyrex
|-damage|p1a: Calyrex|32/100
|move|p1a: Calyrex|Glacial Lance|p2a: Giratina
|-supereffective|p2a: Giratina
|-damage|p2a: Giratina|0 fnt
|faint|p2a: Giratina
|-ability|p1a: Calyrex|Chilling Neigh|boost
|-boost|p1a: Calyrex|atk|1
|
|-heal|p1a: Calyrex|38/100|[from] item: Leftovers
|upkeep
|
|t:|1654191382
|switch|p2a: Kyurem|Kyurem-Black|75/100
|-ability|p2a: Kyurem|Teravolt
|turn|13
|
|t:|1654191387
|move|p2a: Kyurem|Dragon Claw|p1a: Calyrex
|-damage|p1a: Calyrex|8/100
|move|p1a: Calyrex|Glacial Lance|p2a: Kyurem
|-damage|p2a: Kyurem|0 fnt
|faint|p2a: Kyurem
|-ability|p1a: Calyrex|Chilling Neigh|boost
|-boost|p1a: Calyrex|atk|1
|
|-heal|p1a: Calyrex|14/100|[from] item: Leftovers
|upkeep
|
|t:|1654191398
|switch|p2a: Genesect|Genesect, shiny|100/100
|-ability|p2a: Genesect|Download|boost
|-boost|p2a: Genesect|spa|1
|turn|14
|
|t:|1654191402
|move|p2a: Genesect|Iron Head|p1a: Calyrex
|-supereffective|p1a: Calyrex
|-damage|p1a: Calyrex|0 fnt
|faint|p1a: Calyrex
|
|upkeep
|
|t:|1654191407
|switch|p1a: Zygarde|Zygarde|100/100
|turn|15
|-message|Ryriss forfeited.
|
|win|Just Lukas
|raw|Just Lukas's rating: 1234 &rarr; <strong>1267</strong><br />(+33 for winning)
|raw|Ryriss's rating: 1347 &rarr; <strong>1321</strong><br />(-26 for losing)
|l|☆Ryriss
