|j|☆ok sir
|j|☆LD8 nvzhuangkeai
|t:|1664551711
|gametype|singles
|player|p1|ok sir|102|1521
|player|p2|LD8 nvzhuangkeai|dawn|1724
|teamsize|p1|6
|teamsize|p2|6
|gen|8
|tier|[Gen 8] Ubers
|rated|
|rule|Sleep Clause Mod: Limit one foe put to sleep
|rule|Species Clause: Limit one of each Pokémon
|rule|OHKO Clause: OHKO moves are banned
|rule|Evasion Items Clause: Evasion items are banned
|rule|Evasion Moves Clause: Evasion moves are banned
|rule|Endless Battle Clause: Forcing endless battles is banned
|rule|HP Percentage Mod: HP is shown in percentages
|rule|Dynamax Clause: You cannot dynamax
|clearpoke
|poke|p1|Calyrex-Ice|
|poke|p1|Melmetal|
|poke|p1|Dialga|
|poke|p1|Xerneas-*|
|poke|p1|Yveltal|
|poke|p1|Eternatus|
|poke|p2|Ho-Oh|
|poke|p2|Tapu Koko|
|poke|p2|Blissey, F|
|poke|p2|Quagsire, M|
|poke|p2|Ferrothorn, F|
|poke|p2|Yveltal|
|teampreview
|inactive|Battle timer is ON: inactive players will automatically lose when time's up. (requested by ok sir)
|
|t:|1664551734
|start
|switch|p1a: Calyrex|Calyrex-Ice|100/100
|switch|p2a: Yveltal|Yveltal|100/100
|-ability|p1a: Calyrex|As One
|-ability|p1a: Calyrex|Unnerve
|-ability|p2a: Yveltal|Dark Aura
|turn|1
|
|t:|1664551756
|move|p2a: Yveltal|Sucker Punch|p1a: Calyrex
|-supereffective|p1a: Calyrex
|-damage|p1a: Calyrex|0 fnt
|faint|p1a: Calyrex
|-damage|p2a: Yveltal|91/100|[from] item: Life Orb
|
|upkeep
|
|t:|1664551764
|switch|p1a: Xerneas|Xerneas|100/100
|-ability|p1a: Xerneas|Fairy Aura
|turn|2
|
|t:|1664551773
|switch|p1a: Dialga|Dialga|100/100
|-ability|p1a: Dialga|Pressure
|switch|p2a: Ho-Oh|Ho-Oh|100/100
|
|upkeep
|turn|3
|
|t:|1664551787
|switch|p2a: Ferrothorn|Ferrothorn, F|100/100
|move|p1a: Dialga|Stealth Rock|p2a: Ferrothorn
|-sidestart|p2: LD8 nvzhuangkeai|move: Stealth Rock
|
|upkeep
|turn|4
|
|t:|1664551793
|switch|p1a: Eternatus|Eternatus|100/100
|-ability|p1a: Eternatus|Pressure
|move|p2a: Ferrothorn|Spikes|p1a: Eternatus
|-sidestart|p1: ok sir|Spikes
|
|upkeep
|turn|5
|
|t:|1664551799
|switch|p1a: Melmetal|Melmetal|100/100
|-damage|p1a: Melmetal|88/100|[from] Spikes
|switch|p2a: Blissey|Blissey, F|100/100
|-damage|p2a: Blissey|88/100|[from] Stealth Rock
|
|upkeep
|turn|6
|
|t:|1664551817
|switch|p2a: Quagsire|Quagsire, M|100/100
|-damage|p2a: Quagsire|94/100|[from] Stealth Rock
|move|p1a: Melmetal|Superpower|p2a: Quagsire
|-damage|p2a: Quagsire|41/100
|-unboost|p1a: Melmetal|atk|1
|-unboost|p1a: Melmetal|def|1
|
|-heal|p2a: Quagsire|47/100|[from] item: Leftovers
|upkeep
|turn|7
|
|t:|1664551825
|switch|p1a: Yveltal|Yveltal|100/100
|-ability|p1a: Yveltal|Dark Aura
|move|p2a: Quagsire|Recover|p2a: Quagsire
|-heal|p2a: Quagsire|97/100
|
|-heal|p2a: Quagsire|100/100|[from] item: Leftovers
|upkeep
|turn|8
|
|t:|1664551828
|switch|p2a: Tapu Koko|Tapu Koko|100/100
|-fieldstart|move: Electric Terrain|[from] ability: Electric Surge|[of] p2a: Tapu Koko
|move|p1a: Yveltal|Oblivion Wing|p2a: Tapu Koko
|-resisted|p2a: Tapu Koko
|-damage|p2a: Tapu Koko|80/100
|
|upkeep
|turn|9
|
|t:|1664551833
|switch|p1a: Dialga|Dialga|100/100
|-damage|p1a: Dialga|88/100|[from] Spikes
|-ability|p1a: Dialga|Pressure
|move|p2a: Tapu Koko|Discharge|p1a: Dialga
|-resisted|p1a: Dialga
|-damage|p1a: Dialga|77/100
|
|-heal|p1a: Dialga|84/100|[from] item: Leftovers
|upkeep
|turn|10
|
|t:|1664551839
|switch|p2a: Ferrothorn|Ferrothorn, F|100/100
|-damage|p2a: Ferrothorn|94/100|[from] Stealth Rock
|move|p1a: Dialga|Trick Room|p1a: Dialga
|-fieldstart|move: Trick Room|[of] p1a: Dialga
|
|-heal|p2a: Ferrothorn|100/100|[from] item: Leftovers
|-heal|p1a: Dialga|90/100|[from] item: Leftovers
|upkeep
|turn|11
|
|t:|1664551847
|switch|p1a: Melmetal|Melmetal|88/100
|-damage|p1a: Melmetal|76/100|[from] Spikes
|move|p2a: Ferrothorn|Leech Seed|p1a: Melmetal
|-start|p1a: Melmetal|move: Leech Seed
|
|-damage|p1a: Melmetal|63/100|[from] Leech Seed|[of] p2a: Ferrothorn
|upkeep
|turn|12
|
|t:|1664551851
|switch|p2a: Quagsire|Quagsire, M|100/100
|-damage|p2a: Quagsire|94/100|[from] Stealth Rock
|switch|p1a: Yveltal|Yveltal|100/100
|-ability|p1a: Yveltal|Dark Aura
|
|-heal|p2a: Quagsire|100/100|[from] item: Leftovers
|-fieldend|move: Electric Terrain
|upkeep
|turn|13
|
|t:|1664551854
|switch|p2a: Tapu Koko|Tapu Koko|80/100
|-fieldstart|move: Electric Terrain|[from] ability: Electric Surge|[of] p2a: Tapu Koko
|move|p1a: Yveltal|Defog|p2a: Tapu Koko
|-unboost|p2a: Tapu Koko|evasion|1
|-sideend|p2: LD8 nvzhuangkeai|Stealth Rock|[from] move: Defog|[of] p1a: Yveltal
|-sideend|p1: ok sir|Spikes|[from] move: Defog|[of] p1a: Yveltal
|-fieldend|move: Electric Terrain
|
|upkeep
|turn|14
|
|t:|1664551860
|switch|p1a: Eternatus|Eternatus|100/100
|-ability|p1a: Eternatus|Pressure
|move|p2a: Tapu Koko|Discharge|p1a: Eternatus
|-resisted|p1a: Eternatus
|-damage|p1a: Eternatus|89/100
|
|-fieldend|move: Trick Room
|upkeep
|turn|15
|
|t:|1664551867
|switch|p2a: Blissey|Blissey, F|88/100
|move|p1a: Eternatus|Flamethrower|p2a: Blissey
|-damage|p2a: Blissey|78/100
|
|upkeep
|turn|16
|
|t:|1664551875
|switch|p1a: Melmetal|Melmetal|63/100
|move|p2a: Blissey|Stealth Rock|p1a: Melmetal
|-sidestart|p1: ok sir|move: Stealth Rock
|
|upkeep
|turn|17
|
|t:|1664551880
|switch|p2a: Quagsire|Quagsire, M|100/100
|move|p1a: Melmetal|Double Iron Bash|p2a: Quagsire
|-resisted|p2a: Quagsire
|-crit|p2a: Quagsire
|-damage|p2a: Quagsire|65/100
|-resisted|p2a: Quagsire
|-damage|p2a: Quagsire|42/100
|-hitcount|p2a: Quagsire|2
|
|-heal|p2a: Quagsire|48/100|[from] item: Leftovers
|upkeep
|turn|18
|
|t:|1664551884
|move|p2a: Quagsire|Recover|p2a: Quagsire
|-heal|p2a: Quagsire|98/100
|move|p1a: Melmetal|Double Iron Bash|p2a: Quagsire
|-resisted|p2a: Quagsire
|-damage|p2a: Quagsire|73/100
|-resisted|p2a: Quagsire
|-damage|p2a: Quagsire|49/100
|-hitcount|p2a: Quagsire|2
|
|-heal|p2a: Quagsire|56/100|[from] item: Leftovers
|upkeep
|turn|19
|
|t:|1664551902
|switch|p1a: Yveltal|Yveltal|100/100
|-ability|p1a: Yveltal|Dark Aura
|move|p2a: Quagsire|Recover|p2a: Quagsire
|-heal|p2a: Quagsire|100/100
|
|upkeep
|turn|20
|
|t:|1664551907
|switch|p2a: Tapu Koko|Tapu Koko|80/100
|-fieldstart|move: Electric Terrain|[from] ability: Electric Surge|[of] p2a: Tapu Koko
|move|p1a: Yveltal|Oblivion Wing|p2a: Tapu Koko
|-resisted|p2a: Tapu Koko
|-damage|p2a: Tapu Koko|60/100
|
|upkeep
|turn|21
|
|t:|1664551911
|switch|p1a: Eternatus|Eternatus|89/100
|-damage|p1a: Eternatus|77/100|[from] Stealth Rock
|-ability|p1a: Eternatus|Pressure
|move|p2a: Tapu Koko|Discharge|p1a: Eternatus
|-resisted|p1a: Eternatus
|-damage|p1a: Eternatus|63/100
|-status|p1a: Eternatus|par
|
|upkeep
|turn|22
|
|t:|1664551927
|switch|p2a: Ho-Oh|Ho-Oh|100/100
|switch|p1a: Xerneas|Xerneas|100/100
|-damage|p1a: Xerneas|88/100|[from] Stealth Rock
|-ability|p1a: Xerneas|Fairy Aura
|
|upkeep
|turn|23
|
|t:|1664551933
|move|p1a: Xerneas|Aromatherapy|p1a: Xerneas
|-activate|p1a: Xerneas|move: Aromatherapy
|-curestatus|p1: Eternatus|par|[msg]
|move|p2a: Ho-Oh|Brave Bird|p1a: Xerneas
|-crit|p1a: Xerneas
|-damage|p1a: Xerneas|0 fnt
|faint|p1a: Xerneas
|-damage|p2a: Ho-Oh|73/100|[from] Recoil
|
|upkeep
|-message|ok sir forfeited.
|
|win|LD8 nvzhuangkeai
|raw|ok sir's rating: 1521 &rarr; <strong>1512</strong><br />(-9 for losing)
|raw|LD8 nvzhuangkeai's rating: 1724 &rarr; <strong>1733</strong><br />(+9 for winning)
|l|☆ok sir
