|j|☆GreenArrow93
|j|☆SinCantarNiAfinar
|t:|1664564899
|gametype|singles
|player|p1|GreenArrow93|veteran-gen4|1484
|player|p2|SinCantarNiAfinar|169|1568
|teamsize|p1|6
|teamsize|p2|6
|gen|8
|tier|[Gen 8] Ubers
|rated|
|rule|Sleep Clause Mod: Limit one foe put to sleep
|rule|Species Clause: Limit one of each Pokémon
|rule|OHKO Clause: OHKO moves are banned
|rule|Evasion Items Clause: Evasion items are banned
|rule|Evasion Moves Clause: Evasion moves are banned
|rule|Endless Battle Clause: Forcing endless battles is banned
|rule|HP Percentage Mod: HP is shown in percentages
|rule|Dynamax Clause: You cannot dynamax
|clearpoke
|poke|p1|Aerodactyl, F|
|poke|p1|Marshadow|
|poke|p1|Calyrex-Shadow|
|poke|p1|Necrozma-Dusk-Mane|
|poke|p1|Xerneas-*|
|poke|p1|Magnezone|
|poke|p2|Darmanitan-Galar, F|
|poke|p2|Xerneas-*|
|poke|p2|Eternatus|
|poke|p2|Necrozma-Dusk-Mane|
|poke|p2|Zygarde|
|poke|p2|Yveltal|
|teampreview
|inactive|Battle timer is ON: inactive players will automatically lose when time's up. (requested by GreenArrow93)
|j| Jehdgdbdb
|
|t:|1664564913
|start
|switch|p1a: Aerodactyl|Aerodactyl, F|100/100
|switch|p2a: Eternatus|Eternatus|100/100
|-ability|p1a: Aerodactyl|Pressure
|-ability|p2a: Eternatus|Pressure
|turn|1
|
|t:|1664564920
|move|p1a: Aerodactyl|Rock Tomb|p2a: Eternatus
|-damage|p2a: Eternatus|81/100
|-unboost|p2a: Eternatus|spe|1
|move|p2a: Eternatus|Dynamax Cannon|p1a: Aerodactyl
|-damage|p1a: Aerodactyl|28/100
|
|-heal|p2a: Eternatus|87/100|[from] item: Black Sludge
|upkeep
|turn|2
|
|t:|1664564932
|move|p1a: Aerodactyl|Stealth Rock|p2a: Eternatus
|-sidestart|p2: SinCantarNiAfinar|move: Stealth Rock
|move|p2a: Eternatus|Dynamax Cannon|p1a: Aerodactyl
|-damage|p1a: Aerodactyl|0 fnt
|faint|p1a: Aerodactyl
|
|-heal|p2a: Eternatus|93/100|[from] item: Black Sludge
|upkeep
|
|t:|1664564939
|switch|p1a: Necrozma|Necrozma-Dusk-Mane|100/100
|turn|3
|
|t:|1664564948
|switch|p2a: Zygarde|Zygarde|100/100
|-damage|p2a: Zygarde|94/100|[from] Stealth Rock
|move|p1a: Necrozma|Dragon Dance|p1a: Necrozma
|-boost|p1a: Necrozma|atk|1
|-boost|p1a: Necrozma|spe|1
|
|-heal|p2a: Zygarde|100/100|[from] item: Leftovers
|upkeep
|turn|4
|
|t:|1664564956
|move|p1a: Necrozma|Dragon Dance|p1a: Necrozma
|-boost|p1a: Necrozma|atk|1
|-boost|p1a: Necrozma|spe|1
|move|p2a: Zygarde|Glare|p1a: Necrozma
|-status|p1a: Necrozma|par
|
|upkeep
|turn|5
|
|t:|1664564961
|move|p1a: Necrozma|Dragon Dance|p1a: Necrozma
|-boost|p1a: Necrozma|atk|1
|-boost|p1a: Necrozma|spe|1
|move|p2a: Zygarde|Coil|p2a: Zygarde
|-boost|p2a: Zygarde|atk|1
|-boost|p2a: Zygarde|def|1
|-boost|p2a: Zygarde|accuracy|1
|
|upkeep
|turn|6
|
|t:|1664564969
|move|p1a: Necrozma|Sunsteel Strike|p2a: Zygarde
|-damage|p2a: Zygarde|53/100
|move|p2a: Zygarde|Coil|p2a: Zygarde
|-boost|p2a: Zygarde|atk|1
|-boost|p2a: Zygarde|def|1
|-boost|p2a: Zygarde|accuracy|1
|
|-heal|p2a: Zygarde|59/100|[from] item: Leftovers
|upkeep
|turn|7
|
|t:|1664564978
|move|p1a: Necrozma|Sunsteel Strike|p2a: Zygarde
|-damage|p2a: Zygarde|18/100
|move|p2a: Zygarde|Thousand Arrows|p1a: Necrozma
|-supereffective|p1a: Necrozma
|-damage|p1a: Necrozma|26/100 par
|-enditem|p1a: Necrozma|Weakness Policy
|-boost|p1a: Necrozma|atk|2|[from] item: Weakness Policy
|-boost|p1a: Necrozma|spa|2|[from] item: Weakness Policy
|
|-heal|p2a: Zygarde|24/100|[from] item: Leftovers
|-activate|p2a: Zygarde|ability: Power Construct
|detailschange|p2a: Zygarde|Zygarde-Complete
|-heal|p2a: Zygarde|50/100|[silent]
|upkeep
|turn|8
|
|t:|1664564991
|move|p1a: Necrozma|Sunsteel Strike|p2a: Zygarde
|-damage|p2a: Zygarde|13/100
|move|p2a: Zygarde|Thousand Arrows|p1a: Necrozma
|-supereffective|p1a: Necrozma
|-damage|p1a: Necrozma|0 fnt
|faint|p1a: Necrozma
|
|-heal|p2a: Zygarde|20/100|[from] item: Leftovers
|upkeep
|
|t:|1664564997
|switch|p1a: Marshadow|Marshadow|100/100
|turn|9
|
|t:|1664565011
|switch|p2a: Eternatus|Eternatus|93/100
|-damage|p2a: Eternatus|81/100|[from] Stealth Rock
|-ability|p2a: Eternatus|Pressure
|move|p1a: Marshadow|Spectral Thief|p2a: Eternatus
|-damage|p2a: Eternatus|47/100
|
|-heal|p2a: Eternatus|53/100|[from] item: Black Sludge
|upkeep
|turn|10
|
|t:|1664565023
|move|p1a: Marshadow|Rock Tomb|p2a: Eternatus
|-damage|p2a: Eternatus|29/100
|-unboost|p2a: Eternatus|spe|1
|move|p2a: Eternatus|Mystical Fire|p1a: Marshadow
|-damage|p1a: Marshadow|71/100
|-unboost|p1a: Marshadow|spa|1
|
|-heal|p2a: Eternatus|36/100|[from] item: Black Sludge
|upkeep
|turn|11
|
|t:|1664565029
|move|p1a: Marshadow|Spectral Thief|p2a: Eternatus
|-damage|p2a: Eternatus|0 fnt
|faint|p2a: Eternatus
|
|upkeep
|
|t:|1664565033
|switch|p2a: Xerneas|Xerneas|100/100
|-damage|p2a: Xerneas|88/100|[from] Stealth Rock
|-ability|p2a: Xerneas|Fairy Aura
|turn|12
|
|t:|1664565041
|switch|p2a: Darmanitan|Darmanitan-Galar, F|100/100
|-damage|p2a: Darmanitan|76/100|[from] Stealth Rock
|move|p1a: Marshadow|Rock Tomb|p2a: Darmanitan
|-supereffective|p2a: Darmanitan
|-damage|p2a: Darmanitan|0 fnt
|faint|p2a: Darmanitan
|
|upkeep
|
|t:|1664565048
|switch|p2a: Xerneas|Xerneas|88/100
|-damage|p2a: Xerneas|75/100|[from] Stealth Rock
|-ability|p2a: Xerneas|Fairy Aura
|turn|13
|
|t:|1664565063
|move|p1a: Marshadow|Rock Tomb|p2a: Xerneas
|-damage|p2a: Xerneas|58/100
|-unboost|p2a: Xerneas|spe|1
|move|p2a: Xerneas|Moonblast|p1a: Marshadow
|-supereffective|p1a: Marshadow
|-damage|p1a: Marshadow|0 fnt
|faint|p1a: Marshadow
|
|-heal|p2a: Xerneas|64/100|[from] item: Leftovers
|upkeep
|
|t:|1664565077
|switch|p1a: Calyrex|Calyrex-Shadow|100/100
|-ability|p1a: Calyrex|As One
|-ability|p1a: Calyrex|Unnerve
|turn|14
|
|t:|1664565079
|switch|p2a: Yveltal|Yveltal|100/100
|-ability|p2a: Yveltal|Dark Aura
|move|p1a: Calyrex|Nasty Plot|p1a: Calyrex
|-boost|p1a: Calyrex|spa|2
|
|upkeep
|turn|15
|
|t:|1664565086
|move|p1a: Calyrex|Draining Kiss|p2a: Yveltal
|-supereffective|p2a: Yveltal
|-damage|p2a: Yveltal|56/100
|move|p2a: Yveltal|Knock Off|p1a: Calyrex
|-supereffective|p1a: Calyrex
|-enditem|p1a: Calyrex|Focus Sash
|-damage|p1a: Calyrex|1/100
|
|upkeep
|turn|16
|
|t:|1664565091
|move|p1a: Calyrex|Draining Kiss|p2a: Yveltal
|-supereffective|p2a: Yveltal
|-damage|p2a: Yveltal|11/100
|-heal|p1a: Calyrex|45/100|[from] drain|[of] p2a: Yveltal
|move|p2a: Yveltal|Knock Off|p1a: Calyrex
|-supereffective|p1a: Calyrex
|-damage|p1a: Calyrex|0 fnt
|faint|p1a: Calyrex
|
|upkeep
|
|t:|1664565096
|switch|p1a: Xerneas|Xerneas|100/100
|-ability|p1a: Xerneas|Fairy Aura
|turn|17
|
|t:|1664565102
|move|p1a: Xerneas|Moonblast|p2a: Yveltal
|-supereffective|p2a: Yveltal
|-damage|p2a: Yveltal|0 fnt
|faint|p2a: Yveltal
|
|upkeep
|
|t:|1664565104
|switch|p2a: Necrozma|Necrozma-Dusk-Mane|100/100
|-damage|p2a: Necrozma|94/100|[from] Stealth Rock
|turn|18
|
|t:|1664565111
|switch|p1a: Magnezone|Magnezone|100/100
|-item|p1a: Magnezone|Air Balloon
|switch|p2a: Zygarde|Zygarde-Complete|20/100
|-damage|p2a: Zygarde|13/100|[from] Stealth Rock
|
|-heal|p2a: Zygarde|20/100|[from] item: Leftovers
|upkeep
|turn|19
|
|t:|1664565120
|switch|p1a: Xerneas|Xerneas|100/100
|-ability|p1a: Xerneas|Fairy Aura
|move|p2a: Zygarde|Coil|p2a: Zygarde
|-boost|p2a: Zygarde|atk|1
|-boost|p2a: Zygarde|def|1
|-boost|p2a: Zygarde|accuracy|1
|
|-heal|p2a: Zygarde|26/100|[from] item: Leftovers
|upkeep
|turn|20
|
|t:|1664565129
|switch|p2a: Necrozma|Necrozma-Dusk-Mane|94/100
|-damage|p2a: Necrozma|88/100|[from] Stealth Rock
|move|p1a: Xerneas|Moonblast|p2a: Necrozma
|-resisted|p2a: Necrozma
|-damage|p2a: Necrozma|68/100
|
|-heal|p2a: Necrozma|74/100|[from] item: Leftovers
|upkeep
|turn|21
|
|t:|1664565135
|switch|p1a: Magnezone|Magnezone|100/100
|-item|p1a: Magnezone|Air Balloon
|switch|p2a: Xerneas|Xerneas|64/100
|-damage|p2a: Xerneas|51/100|[from] Stealth Rock
|-ability|p2a: Xerneas|Fairy Aura
|
|-heal|p2a: Xerneas|58/100|[from] item: Leftovers
|upkeep
|turn|22
|
|t:|1664565151
|switch|p1a: Xerneas|Xerneas|100/100
|-ability|p1a: Xerneas|Fairy Aura
|move|p2a: Xerneas|Moonblast|p1a: Xerneas
|-damage|p1a: Xerneas|53/100
|
|-heal|p2a: Xerneas|64/100|[from] item: Leftovers
|upkeep
|turn|23
|
|t:|1664565159
|move|p1a: Xerneas|Geomancy||[still]
|-prepare|p1a: Xerneas|Geomancy
|-enditem|p1a: Xerneas|Power Herb
|-anim|p1a: Xerneas|Geomancy|p1a: Xerneas
|-boost|p1a: Xerneas|spa|2
|-boost|p1a: Xerneas|spd|2
|-boost|p1a: Xerneas|spe|2
|move|p2a: Xerneas|Moonblast|p1a: Xerneas
|-damage|p1a: Xerneas|30/100
|-unboost|p1a: Xerneas|spa|1
|
|-heal|p2a: Xerneas|70/100|[from] item: Leftovers
|upkeep
|turn|24
|
|t:|1664565163
|move|p1a: Xerneas|Moonblast|p2a: Xerneas
|-damage|p2a: Xerneas|0 fnt
|faint|p2a: Xerneas
|
|upkeep
|
|t:|1664565165
|switch|p2a: Necrozma|Necrozma-Dusk-Mane|74/100
|-damage|p2a: Necrozma|68/100|[from] Stealth Rock
|turn|25
|
|t:|1664565173
|move|p1a: Xerneas|Thunder|p2a: Necrozma
|-damage|p2a: Necrozma|32/100
|move|p2a: Necrozma|Iron Head|p1a: Xerneas
|-supereffective|p1a: Xerneas
|-damage|p1a: Xerneas|0 fnt
|faint|p1a: Xerneas
|
|-heal|p2a: Necrozma|39/100|[from] item: Leftovers
|upkeep
|
|t:|1664565179
|switch|p1a: Magnezone|Magnezone|100/100
|-item|p1a: Magnezone|Air Balloon
|turn|26
|
|t:|1664565184
|move|p2a: Necrozma|Iron Head|p1a: Magnezone
|-resisted|p1a: Magnezone
|-damage|p1a: Magnezone|94/100
|-enditem|p1a: Magnezone|Air Balloon
|cant|p1a: Magnezone|flinch
|
|-heal|p2a: Necrozma|45/100|[from] item: Leftovers
|upkeep
|turn|27
|
|t:|1664565189
|move|p2a: Necrozma|Iron Head|p1a: Magnezone
|-resisted|p1a: Magnezone
|-damage|p1a: Magnezone|88/100
|move|p1a: Magnezone|Magnet Rise|p1a: Magnezone
|-start|p1a: Magnezone|Magnet Rise
|
|-heal|p2a: Necrozma|51/100|[from] item: Leftovers
|upkeep
|turn|28
|
|t:|1664565194
|move|p2a: Necrozma|Iron Head|p1a: Magnezone
|-resisted|p1a: Magnezone
|-damage|p1a: Magnezone|81/100
|move|p1a: Magnezone|Iron Defense|p1a: Magnezone
|-boost|p1a: Magnezone|def|2
|
|-heal|p2a: Necrozma|57/100|[from] item: Leftovers
|upkeep
|turn|29
|
|t:|1664565196
|move|p2a: Necrozma|Iron Head|p1a: Magnezone
|-resisted|p1a: Magnezone
|-damage|p1a: Magnezone|78/100
|cant|p1a: Magnezone|flinch
|
|-heal|p2a: Necrozma|63/100|[from] item: Leftovers
|upkeep
|turn|30
|
|t:|1664565200
|move|p2a: Necrozma|Iron Head|p1a: Magnezone
|-resisted|p1a: Magnezone
|-damage|p1a: Magnezone|75/100
|cant|p1a: Magnezone|flinch
|
|-heal|p2a: Necrozma|69/100|[from] item: Leftovers
|upkeep
|turn|31
|
|t:|1664565205
|move|p2a: Necrozma|Iron Head|p1a: Magnezone
|-resisted|p1a: Magnezone
|-damage|p1a: Magnezone|72/100
|move|p1a: Magnezone|Iron Defense|p1a: Magnezone
|-boost|p1a: Magnezone|def|2
|
|-heal|p2a: Necrozma|75/100|[from] item: Leftovers
|-end|p1a: Magnezone|Magnet Rise
|upkeep
|turn|32
|
|t:|1664565208
|move|p2a: Necrozma|Iron Head|p1a: Magnezone
|-resisted|p1a: Magnezone
|-damage|p1a: Magnezone|70/100
|move|p1a: Magnezone|Iron Defense|p1a: Magnezone
|-boost|p1a: Magnezone|def|2
|
|-heal|p2a: Necrozma|81/100|[from] item: Leftovers
|upkeep
|turn|33
|
|t:|1664565214
|move|p2a: Necrozma|Iron Head|p1a: Magnezone
|-resisted|p1a: Magnezone
|-damage|p1a: Magnezone|68/100
|cant|p1a: Magnezone|flinch
|
|-heal|p2a: Necrozma|87/100|[from] item: Leftovers
|upkeep
|turn|34
|
|t:|1664565220
|move|p2a: Necrozma|Iron Head|p1a: Magnezone
|-resisted|p1a: Magnezone
|-crit|p1a: Magnezone
|-damage|p1a: Magnezone|58/100
|move|p1a: Magnezone|Body Press|p2a: Necrozma
|-damage|p2a: Necrozma|11/100
|
|-heal|p2a: Necrozma|17/100|[from] item: Leftovers
|upkeep
|turn|35
|
|t:|1664565227
|move|p2a: Necrozma|Iron Head|p1a: Magnezone
|-resisted|p1a: Magnezone
|-damage|p1a: Magnezone|57/100
|move|p1a: Magnezone|Body Press|p2a: Necrozma
|-damage|p2a: Necrozma|0 fnt
|faint|p2a: Necrozma
|
|upkeep
|
|t:|1664565230
|switch|p2a: Zygarde|Zygarde-Complete|26/100
|-damage|p2a: Zygarde|20/100|[from] Stealth Rock
|turn|36
|inactive|SinCantarNiAfinar has 120 seconds left.
|
|t:|1664565285
|move|p2a: Zygarde|Rest|p2a: Zygarde
|-status|p2a: Zygarde|slp|[from] move: Rest
|-heal|p2a: Zygarde|100/100 slp|[silent]
|move|p1a: Magnezone|Body Press|p2a: Zygarde
|-damage|p2a: Zygarde|62/100 slp
|
|-heal|p2a: Zygarde|68/100 slp|[from] item: Leftovers
|upkeep
|turn|37
|
|t:|1664565304
|cant|p2a: Zygarde|slp
|move|p1a: Magnezone|Body Press|p2a: Zygarde
|-damage|p2a: Zygarde|29/100 slp
|
|-heal|p2a: Zygarde|36/100 slp|[from] item: Leftovers
|upkeep
|turn|38
|
|t:|1664565313
|cant|p2a: Zygarde|slp
|move|p1a: Magnezone|Body Press|p2a: Zygarde
|-damage|p2a: Zygarde|0 fnt
|faint|p2a: Zygarde
|
|win|GreenArrow93
|raw|GreenArrow93's rating: 1484 &rarr; <strong>1509</strong><br />(+25 for winning)
|raw|SinCantarNiAfinar's rating: 1568 &rarr; <strong>1543</strong><br />(-25 for losing)
|l|☆SinCantarNiAfinar
|l| Jehdgdbdb
|c|☆GreenArrow93|gg
||Ladder isn't responding, score probably updated but might not have (Request timeout).
