|j|☆TogeBirlHQ
|j|☆Takatk
|t:|1659022206
|gametype|singles
|player|p1|TogeBirlHQ|jogger|1474
|player|p2|Takatk|red|1424
|teamsize|p1|6
|teamsize|p2|6
|gen|8
|tier|[Gen 8] Ubers
|rated|
|rule|Sleep Clause Mod: Limit one foe put to sleep
|rule|Species Clause: Limit one of each Pokémon
|rule|OHKO Clause: OHKO moves are banned
|rule|Evasion Moves Clause: Evasion moves are banned
|rule|Endless Battle Clause: Forcing endless battles is banned
|rule|HP Percentage Mod: HP is shown in percentages
|rule|Dynamax Clause: You cannot dynamax
|clearpoke
|poke|p1|Urshifu-*, M|
|poke|p1|Calyrex-Shadow|
|poke|p1|Eternatus|
|poke|p1|Necrozma-Dusk-Mane|
|poke|p1|Yveltal|
|poke|p1|Ho-Oh|
|poke|p2|Zekrom|
|poke|p2|Landorus-Therian, M|
|poke|p2|Necrozma-Dusk-Mane|
|poke|p2|Eternatus|
|poke|p2|Yveltal|
|poke|p2|Darmanitan-Galar, M|
|teampreview
|inactive|Battle timer is ON: inactive players will automatically lose when time's up. (requested by Takatk)
|
|t:|1659022217
|start
|switch|p1a: Calyrex|Calyrex-Shadow|100/100
|switch|p2a: Landorus|Landorus-Therian, M|100/100
|-ability|p1a: Calyrex|As One
|-ability|p1a: Calyrex|Unnerve
|-ability|p2a: Landorus|Intimidate|boost
|-unboost|p1a: Calyrex|atk|1
|turn|1
|
|t:|1659022226
|switch|p2a: Yveltal|Yveltal|100/100
|-ability|p2a: Yveltal|Dark Aura
|move|p1a: Calyrex|Astral Barrage|p2a: Yveltal
|-resisted|p2a: Yveltal
|-damage|p2a: Yveltal|56/100
|
|upkeep
|turn|2
|
|t:|1659022236
|switch|p1a: Eternatus|Eternatus|100/100
|-ability|p1a: Eternatus|Pressure
|move|p2a: Yveltal|Knock Off|p1a: Eternatus
|-damage|p1a: Eternatus|56/100
|-enditem|p1a: Eternatus|Haban Berry|[from] move: Knock Off|[of] p2a: Yveltal
|
|upkeep
|turn|3
|
|t:|1659022242
|move|p1a: Eternatus|Recover|p1a: Eternatus
|-heal|p1a: Eternatus|100/100
|move|p2a: Yveltal|Roost|p2a: Yveltal
|-heal|p2a: Yveltal|100/100
|-singleturn|p2a: Yveltal|move: Roost
|
|upkeep
|turn|4
|
|t:|1659022250
|move|p1a: Eternatus|Toxic|p2a: Yveltal
|-status|p2a: Yveltal|tox
|move|p2a: Yveltal|Taunt|p1a: Eternatus
|-start|p1a: Eternatus|move: Taunt
|
|-damage|p2a: Yveltal|94/100 tox|[from] psn
|upkeep
|turn|5
|
|t:|1659022260
|switch|p2a: Darmanitan|Darmanitan-Galar, M|100/100
|move|p1a: Eternatus|Dynamax Cannon|p2a: Darmanitan
|-damage|p2a: Darmanitan|21/100
|
|upkeep
|turn|6
|
|t:|1659022269
|switch|p1a: Ho-Oh|Ho-Oh|100/100
|move|p2a: Darmanitan|Icicle Crash|p1a: Ho-Oh
|-damage|p1a: Ho-Oh|55/100
|
|upkeep
|turn|7
|
|t:|1659022277
|switch|p2a: Eternatus|Eternatus|100/100
|-ability|p2a: Eternatus|Pressure
|switch|p1a: Necrozma|Necrozma-Dusk-Mane|100/100
|
|upkeep
|turn|8
|
|t:|1659022285
|move|p2a: Eternatus|Mystical Fire|p1a: Necrozma
|-supereffective|p1a: Necrozma
|-damage|p1a: Necrozma|79/100
|-unboost|p1a: Necrozma|spa|1
|move|p1a: Necrozma|Thunder Wave|p2a: Eternatus
|-status|p2a: Eternatus|par
|
|-heal|p1a: Necrozma|85/100|[from] item: Leftovers
|upkeep
|turn|9
|
|t:|1659022288
|switch|p2a: Landorus|Landorus-Therian, M|100/100
|-ability|p2a: Landorus|Intimidate|boost
|-unboost|p1a: Necrozma|atk|1
|move|p1a: Necrozma|Stealth Rock|p2a: Landorus
|-sidestart|p2: Takatk|move: Stealth Rock
|
|-heal|p1a: Necrozma|91/100|[from] item: Leftovers
|upkeep
|turn|10
|
|t:|1659022299
|switch|p1a: Calyrex|Calyrex-Shadow|100/100
|-ability|p1a: Calyrex|As One
|-ability|p1a: Calyrex|Unnerve
|move|p2a: Landorus|Stealth Rock|p1a: Calyrex
|-sidestart|p1: TogeBirlHQ|move: Stealth Rock
|
|upkeep
|turn|11
|
|t:|1659022306
|move|p1a: Calyrex|Astral Barrage|p2a: Landorus
|-damage|p2a: Landorus|0 fnt
|faint|p2a: Landorus
|-ability|p1a: Calyrex|Grim Neigh|boost
|-boost|p1a: Calyrex|spa|1
|
|upkeep
|
|t:|1659022308
|switch|p2a: Yveltal|Yveltal|94/100 tox
|-ability|p2a: Yveltal|Dark Aura
|turn|12
|
|t:|1659022328
|switch|p1a: Eternatus|Eternatus|100/100
|-damage|p1a: Eternatus|88/100|[from] Stealth Rock
|-ability|p1a: Eternatus|Pressure
|move|p2a: Yveltal|Defog|p1a: Eternatus
|-unboost|p1a: Eternatus|evasion|1
|-sideend|p1: TogeBirlHQ|Stealth Rock|[from] move: Defog|[of] p2a: Yveltal
|-sideend|p2: Takatk|Stealth Rock|[from] move: Defog|[of] p2a: Yveltal
|
|-damage|p2a: Yveltal|88/100 tox|[from] psn
|upkeep
|turn|13
|
|t:|1659022341
|switch|p2a: Necrozma|Necrozma-Dusk-Mane|100/100
|move|p1a: Eternatus|Dynamax Cannon|p2a: Necrozma
|-resisted|p2a: Necrozma
|-damage|p2a: Necrozma|79/100
|
|upkeep
|turn|14
|
|t:|1659022351
|switch|p1a: Urshifu|Urshifu, M|100/100
|move|p2a: Necrozma|Photon Geyser|p1a: Urshifu
|-immune|p1a: Urshifu
|
|upkeep
|turn|15
|
|t:|1659022360
|switch|p2a: Eternatus|Eternatus|100/100 par
|-ability|p2a: Eternatus|Pressure
|move|p1a: Urshifu|Wicked Blow|p2a: Eternatus
|-crit|p2a: Eternatus
|-damage|p2a: Eternatus|23/100 par
|
|upkeep
|turn|16
|
|t:|1659022369
|move|p1a: Urshifu|Wicked Blow|p2a: Eternatus
|-crit|p2a: Eternatus
|-damage|p2a: Eternatus|0 fnt
|faint|p2a: Eternatus
|
|upkeep
|
|t:|1659022379
|switch|p2a: Zekrom|Zekrom|100/100
|-ability|p2a: Zekrom|Teravolt
|turn|17
|
|t:|1659022384
|move|p2a: Zekrom|Dragon Dance|p2a: Zekrom
|-boost|p2a: Zekrom|atk|1
|-boost|p2a: Zekrom|spe|1
|move|p1a: Urshifu|Wicked Blow|p2a: Zekrom
|-crit|p2a: Zekrom
|-damage|p2a: Zekrom|6/100
|
|upkeep
|turn|18
|
|t:|1659022406
|switch|p1a: Necrozma|Necrozma-Dusk-Mane|91/100
|move|p2a: Zekrom|Bolt Strike|p1a: Necrozma
|-damage|p1a: Necrozma|0 fnt
|faint|p1a: Necrozma
|-damage|p2a: Zekrom|0 fnt|[from] item: Life Orb
|faint|p2a: Zekrom
|
|upkeep
|
|t:|1659022413
|switch|p2a: Darmanitan|Darmanitan-Galar, M|21/100
|switch|p1a: Yveltal|Yveltal|100/100
|-ability|p1a: Yveltal|Dark Aura
|turn|19
|
|t:|1659022417
|move|p1a: Yveltal|Foul Play|p2a: Darmanitan
|-damage|p2a: Darmanitan|0 fnt
|faint|p2a: Darmanitan
|
|upkeep
|-message|Takatk forfeited.
|
|win|TogeBirlHQ
|raw|TogeBirlHQ's rating: 1474 &rarr; <strong>1491</strong><br />(+17 for winning)
|raw|Takatk's rating: 1424 &rarr; <strong>1407</strong><br />(-17 for losing)
|l|☆Takatk
||Ladder isn't responding, score probably updated but might not have (Request timeout).
