|j|☆Silvery1
|j|☆I like Lovely
|player|p1|Silvery1|lucas-gen4pt|1594
|player|p2|I like Lovely|101|1591
|teamsize|p1|6
|teamsize|p2|6
|gametype|singles
|gen|8
|tier|[Gen 8] Ubers
|rated|
|rule|Sleep Clause Mod: Limit one foe put to sleep
|rule|Species Clause: Limit one of each Pokémon
|rule|OHKO Clause: OHKO moves are banned
|rule|Evasion Moves Clause: Evasion moves are banned
|rule|Endless Battle Clause: Forcing endless battles is banned
|rule|HP Percentage Mod: HP is shown in percentages
|clearpoke
|poke|p1|Clefable, F|
|poke|p1|Quagsire, F|
|poke|p1|Zacian-*|
|poke|p1|Corviknight, F|
|poke|p1|Eternatus|
|poke|p1|Toxapex, F|
|poke|p2|Eternatus|
|poke|p2|Corviknight, F|
|poke|p2|Quagsire, M|
|poke|p2|Tyranitar, F|
|poke|p2|Zacian-*|
|poke|p2|Ditto|
|teampreview
|inactive|Battle timer is ON: inactive players will automatically lose when time's up. (requested by Silvery1)
|c|☆Silvery1|o
|inactive|I like Lovely has 120 seconds left.
|
|start
|switch|p1a: Eternatus|Eternatus|100/100
|switch|p2a: Ditto|Ditto|100/100
|-ability|p1a: Eternatus|Pressure
|-transform|p2a: Ditto|p1a: Eternatus|[from] ability: Imposter
|-ability|p2a: Ditto|Pressure
|turn|1
|
|move|p2a: Ditto|Flamethrower|p1a: Eternatus
|-resisted|p1a: Eternatus
|-damage|p1a: Eternatus|90/100
|move|p1a: Eternatus|Flamethrower|p2a: Ditto
|-resisted|p2a: Ditto
|-damage|p2a: Ditto|82/100
|
|-heal|p1a: Eternatus|96/100|[from] item: Leftovers
|upkeep
|turn|2
|
|switch|p2a: Eternatus|Eternatus|100/100
|-ability|p2a: Eternatus|Pressure
|move|p1a: Eternatus|Toxic|p2a: Eternatus
|-immune|p2a: Eternatus
|
|-heal|p1a: Eternatus|100/100|[from] item: Leftovers
|upkeep
|turn|3
|
|switch|p1a: Toxapex|Toxapex, F|100/100
|move|p2a: Eternatus|Substitute|p2a: Eternatus
|-start|p2a: Eternatus|Substitute
|-damage|p2a: Eternatus|76/100
|
|-heal|p2a: Eternatus|82/100|[from] item: Black Sludge
|upkeep
|turn|4
|
|switch|p1a: Clefable|Clefable, F|100/100
|move|p2a: Eternatus|Dynamax Cannon|p1a: Clefable
|-immune|p1a: Clefable
|
|-heal|p2a: Eternatus|88/100|[from] item: Black Sludge
|upkeep
|turn|5
|
|switch|p1a: Toxapex|Toxapex, F|100/100
|move|p2a: Eternatus|Flamethrower|p1a: Toxapex
|-resisted|p1a: Toxapex
|-damage|p1a: Toxapex|87/100
|
|-heal|p2a: Eternatus|94/100|[from] item: Black Sludge
|-heal|p1a: Toxapex|93/100|[from] item: Leftovers
|upkeep
|turn|6
|
|move|p1a: Toxapex|Baneful Bunker|p1a: Toxapex
|-singleturn|p1a: Toxapex|move: Protect
|move|p2a: Eternatus|Flamethrower|p1a: Toxapex
|-activate|p1a: Toxapex|move: Protect
|
|-heal|p2a: Eternatus|99/100|[from] item: Black Sludge
|-heal|p1a: Toxapex|99/100|[from] item: Leftovers
|upkeep
|turn|7
|
|move|p2a: Eternatus|Flamethrower|p1a: Toxapex
|-resisted|p1a: Toxapex
|-crit|p1a: Toxapex
|-damage|p1a: Toxapex|80/100
|move|p1a: Toxapex|Scald|p2a: Eternatus
|-resisted|p2a: Eternatus
|-activate|p2a: Eternatus|move: Substitute|[damage]
|
|-heal|p2a: Eternatus|100/100|[from] item: Black Sludge
|-heal|p1a: Toxapex|87/100|[from] item: Leftovers
|upkeep
|turn|8
|
|move|p1a: Toxapex|Baneful Bunker|p1a: Toxapex
|-singleturn|p1a: Toxapex|move: Protect
|move|p2a: Eternatus|Flamethrower|p1a: Toxapex
|-activate|p1a: Toxapex|move: Protect
|
|-heal|p1a: Toxapex|93/100|[from] item: Leftovers
|upkeep
|turn|9
|
|switch|p1a: Eternatus|Eternatus|100/100
|-ability|p1a: Eternatus|Pressure
|move|p2a: Eternatus|Dynamax Cannon|p1a: Eternatus
|-supereffective|p1a: Eternatus
|-damage|p1a: Eternatus|4/100
|
|-heal|p1a: Eternatus|10/100|[from] item: Leftovers
|upkeep
|turn|10
|
|switch|p1a: Toxapex|Toxapex, F|100/100
|move|p2a: Eternatus|Flamethrower|p1a: Toxapex
|-resisted|p1a: Toxapex
|-damage|p1a: Toxapex|89/100
|
|-heal|p1a: Toxapex|95/100|[from] item: Leftovers
|upkeep
|turn|11
|
|switch|p1a: Clefable|Clefable, F|100/100
|move|p2a: Eternatus|Flamethrower|p1a: Clefable
|-damage|p1a: Clefable|64/100
|
|upkeep
|turn|12
|
|move|p2a: Eternatus|Flamethrower|p1a: Clefable
|-damage|p1a: Clefable|26/100
|move|p1a: Clefable|Moonlight|p1a: Clefable
|-heal|p1a: Clefable|76/100
|
|upkeep
|turn|13
|
|move|p2a: Eternatus|Flamethrower|p1a: Clefable
|-damage|p1a: Clefable|37/100
|-status|p1a: Clefable|brn
|move|p1a: Clefable|Moonlight|p1a: Clefable
|-heal|p1a: Clefable|87/100 brn
|
|upkeep
|turn|14
|
|switch|p1a: Toxapex|Toxapex, F|100/100
|move|p2a: Eternatus|Flamethrower|p1a: Toxapex
|-resisted|p1a: Toxapex
|-damage|p1a: Toxapex|88/100
|
|-heal|p1a: Toxapex|94/100|[from] item: Leftovers
|upkeep
|turn|15
|
|move|p1a: Toxapex|Baneful Bunker|p1a: Toxapex
|-singleturn|p1a: Toxapex|move: Protect
|move|p2a: Eternatus|Flamethrower|p1a: Toxapex
|-activate|p1a: Toxapex|move: Protect
|
|-heal|p1a: Toxapex|99/100|[from] item: Leftovers
|upkeep
|turn|16
|
|move|p2a: Eternatus|Dynamax Cannon|p1a: Toxapex
|-damage|p1a: Toxapex|53/100
|move|p1a: Toxapex|Scald|p2a: Eternatus
|-resisted|p2a: Eternatus
|-activate|p2a: Eternatus|move: Substitute|[damage]
|
|-heal|p1a: Toxapex|59/100|[from] item: Leftovers
|upkeep
|turn|17
|
|move|p1a: Toxapex|Baneful Bunker|p1a: Toxapex
|-singleturn|p1a: Toxapex|move: Protect
|move|p2a: Eternatus|Flamethrower|p1a: Toxapex
|-activate|p1a: Toxapex|move: Protect
|
|-heal|p1a: Toxapex|65/100|[from] item: Leftovers
|upkeep
|turn|18
|
|switch|p2a: Zacian|Zacian-Crowned|100/100
|-ability|p2a: Zacian|Intrepid Sword|boost
|-boost|p2a: Zacian|atk|1
|move|p1a: Toxapex|Recover|p1a: Toxapex
|-heal|p1a: Toxapex|100/100
|
|upkeep
|turn|19
|
|move|p2a: Zacian|Psychic Fangs|p1a: Toxapex
|-supereffective|p1a: Toxapex
|-damage|p1a: Toxapex|25/100
|move|p1a: Toxapex|Haze|p1a: Toxapex
|-clearallboost
|
|-heal|p1a: Toxapex|31/100|[from] item: Leftovers
|upkeep
|turn|20
|
|switch|p1a: Quagsire|Quagsire, F|100/100
|move|p2a: Zacian|Psychic Fangs|p1a: Quagsire
|-damage|p1a: Quagsire|76/100
|
|-heal|p1a: Quagsire|82/100|[from] item: Leftovers
|upkeep
|turn|21
|
|switch|p2a: Corviknight|Corviknight, F|100/100
|-ability|p2a: Corviknight|Pressure
|switch|p1a: Eternatus|Eternatus|10/100
|-ability|p1a: Eternatus|Pressure
|
|-heal|p1a: Eternatus|16/100|[from] item: Leftovers
|upkeep
|turn|22
|
|move|p1a: Eternatus|Recover|p1a: Eternatus
|-heal|p1a: Eternatus|66/100
|move|p2a: Corviknight|U-turn|p1a: Eternatus
|-resisted|p1a: Eternatus
|-damage|p1a: Eternatus|62/100
|
|switch|p2a: Zacian|Zacian-Crowned|100/100|[from]move: U-turn
|-ability|p2a: Zacian|Intrepid Sword|boost
|-boost|p2a: Zacian|atk|1
|
|-heal|p1a: Eternatus|68/100|[from] item: Leftovers
|upkeep
|turn|23
|
|switch|p1a: Corviknight|Corviknight, F|100/100
|-ability|p1a: Corviknight|Pressure
|move|p2a: Zacian|Play Rough|p1a: Corviknight
|-resisted|p1a: Corviknight
|-damage|p1a: Corviknight|73/100
|
|-heal|p1a: Corviknight|79/100|[from] item: Leftovers
|upkeep
|turn|24
|
|switch|p1a: Quagsire|Quagsire, F|82/100
|move|p2a: Zacian|Sacred Sword|p1a: Quagsire
|-damage|p1a: Quagsire|54/100
|
|-heal|p1a: Quagsire|60/100|[from] item: Leftovers
|upkeep
|turn|25
|c|☆Silvery1|o
|
|switch|p2a: Eternatus|Eternatus|100/100
|-ability|p2a: Eternatus|Pressure
|move|p1a: Quagsire|Recover|p1a: Quagsire
|-heal|p1a: Quagsire|100/100
|
|upkeep
|turn|26
|
|switch|p2a: Tyranitar|Tyranitar, F|100/100
|-weather|Sandstorm|[from] ability: Sand Stream|[of] p2a: Tyranitar
|switch|p1a: Toxapex|Toxapex, F|64/100
|
|-weather|Sandstorm|[upkeep]
|-damage|p1a: Toxapex|58/100|[from] Sandstorm
|-heal|p1a: Toxapex|64/100|[from] item: Leftovers
|upkeep
|turn|27
|
|switch|p1a: Corviknight|Corviknight, F|79/100
|-ability|p1a: Corviknight|Pressure
|move|p2a: Tyranitar|Stealth Rock|p1a: Corviknight
|-sidestart|p1: Silvery1|move: Stealth Rock
|
|-weather|Sandstorm|[upkeep]
|-heal|p1a: Corviknight|85/100|[from] item: Leftovers
|upkeep
|turn|28
|
|switch|p2a: Corviknight|Corviknight, F|100/100
|-ability|p2a: Corviknight|Pressure
|move|p1a: Corviknight|Defog|p2a: Corviknight
|-unboost|p2a: Corviknight|evasion|1
|-sideend|p1: Silvery1|Stealth Rock|[from] move: Defog|[of] p1a: Corviknight
|
|-weather|Sandstorm|[upkeep]
|-heal|p1a: Corviknight|92/100|[from] item: Leftovers
|upkeep
|turn|29
|
|move|p1a: Corviknight|U-turn|p2a: Corviknight
|-resisted|p2a: Corviknight
|-damage|p2a: Corviknight|98/100
|-damage|p1a: Corviknight|75/100|[from] item: Rocky Helmet|[of] p2a: Corviknight
|
|switch|p1a: Eternatus|Eternatus|68/100|[from]move: U-turn
|-ability|p1a: Eternatus|Pressure
|move|p2a: Corviknight|U-turn|p1a: Eternatus
|-resisted|p1a: Eternatus
|-damage|p1a: Eternatus|64/100
|
|switch|p2a: Tyranitar|Tyranitar, F|100/100|[from]move: U-turn
|
|-weather|Sandstorm|[upkeep]
|-damage|p1a: Eternatus|58/100|[from] Sandstorm
|-heal|p1a: Eternatus|64/100|[from] item: Leftovers
|upkeep
|turn|30
|
|move|p1a: Eternatus|Toxic|p2a: Tyranitar
|-status|p2a: Tyranitar|tox
|move|p2a: Tyranitar|Stealth Rock|p1a: Eternatus
|-sidestart|p1: Silvery1|move: Stealth Rock
|
|-weather|none
|-heal|p1a: Eternatus|71/100|[from] item: Leftovers
|-damage|p2a: Tyranitar|94/100 tox|[from] psn
|upkeep
|turn|31
|
|switch|p1a: Corviknight|Corviknight, F|75/100
|-damage|p1a: Corviknight|63/100|[from] Stealth Rock
|-ability|p1a: Corviknight|Pressure
|move|p2a: Tyranitar|Earthquake|p1a: Corviknight
|-immune|p1a: Corviknight
|
|-heal|p1a: Corviknight|69/100|[from] item: Leftovers
|-heal|p2a: Tyranitar|100/100 tox|[from] item: Leftovers
|-damage|p2a: Tyranitar|88/100 tox|[from] psn
|upkeep
|turn|32
|
|switch|p2a: Corviknight|Corviknight, F|98/100
|-ability|p2a: Corviknight|Pressure
|move|p1a: Corviknight|Defog|p2a: Corviknight
|-unboost|p2a: Corviknight|evasion|1
|-sideend|p1: Silvery1|Stealth Rock|[from] move: Defog|[of] p1a: Corviknight
|
|-heal|p1a: Corviknight|75/100|[from] item: Leftovers
|upkeep
|turn|33
|
|move|p1a: Corviknight|Roost|p1a: Corviknight
|-heal|p1a: Corviknight|100/100
|-singleturn|p1a: Corviknight|move: Roost
|move|p2a: Corviknight|U-turn|p1a: Corviknight
|-resisted|p1a: Corviknight
|-damage|p1a: Corviknight|95/100
|
|switch|p2a: Eternatus|Eternatus|100/100|[from]move: U-turn
|-ability|p2a: Eternatus|Pressure
|
|-heal|p1a: Corviknight|100/100|[from] item: Leftovers
|upkeep
|turn|34
|
|switch|p1a: Toxapex|Toxapex, F|98/100
|move|p2a: Eternatus|Substitute|p2a: Eternatus
|-start|p2a: Eternatus|Substitute
|-damage|p2a: Eternatus|76/100
|
|-heal|p2a: Eternatus|82/100|[from] item: Black Sludge
|-heal|p1a: Toxapex|100/100|[from] item: Leftovers
|upkeep
|turn|35
|
|move|p1a: Toxapex|Baneful Bunker|p1a: Toxapex
|-singleturn|p1a: Toxapex|move: Protect
|move|p2a: Eternatus|Flamethrower|p1a: Toxapex
|-activate|p1a: Toxapex|move: Protect
|
|-heal|p2a: Eternatus|88/100|[from] item: Black Sludge
|upkeep
|turn|36
|
|move|p2a: Eternatus|Flamethrower|p1a: Toxapex
|-resisted|p1a: Toxapex
|-damage|p1a: Toxapex|88/100
|move|p1a: Toxapex|Scald|p2a: Eternatus
|-resisted|p2a: Eternatus
|-activate|p2a: Eternatus|move: Substitute|[damage]
|
|-heal|p2a: Eternatus|94/100|[from] item: Black Sludge
|-heal|p1a: Toxapex|94/100|[from] item: Leftovers
|upkeep
|turn|37
|
|move|p1a: Toxapex|Baneful Bunker|p1a: Toxapex
|-singleturn|p1a: Toxapex|move: Protect
|move|p2a: Eternatus|Recover|p2a: Eternatus
|-heal|p2a: Eternatus|100/100
|
|-heal|p1a: Toxapex|99/100|[from] item: Leftovers
|upkeep
|turn|38
|
|move|p2a: Eternatus|Flamethrower|p1a: Toxapex
|-resisted|p1a: Toxapex
|-damage|p1a: Toxapex|86/100
|move|p1a: Toxapex|Scald|p2a: Eternatus
|-resisted|p2a: Eternatus
|-activate|p2a: Eternatus|move: Substitute|[damage]
|
|-heal|p1a: Toxapex|92/100|[from] item: Leftovers
|upkeep
|turn|39
|
|move|p2a: Eternatus|Recover||[still]
|-fail|p2a: Eternatus|heal
|move|p1a: Toxapex|Scald|p2a: Eternatus
|-resisted|p2a: Eternatus
|-activate|p2a: Eternatus|move: Substitute|[damage]
|
|-heal|p1a: Toxapex|99/100|[from] item: Leftovers
|upkeep
|turn|40
|
|switch|p1a: Clefable|Clefable, F|87/100 brn
|move|p2a: Eternatus|Flamethrower|p1a: Clefable
|-damage|p1a: Clefable|49/100 brn
|
|upkeep
|turn|41
|
|switch|p2a: Zacian|Zacian-Crowned|100/100
|-ability|p2a: Zacian|Intrepid Sword|boost
|-boost|p2a: Zacian|atk|1
|move|p1a: Clefable|Moonlight|p1a: Clefable
|-heal|p1a: Clefable|99/100 brn
|
|upkeep
|turn|42
|
|switch|p2a: Quagsire|Quagsire, M|100/100
|switch|p1a: Quagsire|Quagsire, F|100/100
|
|upkeep
|turn|43
|
|switch|p1a: Corviknight|Corviknight, F|100/100
|-ability|p1a: Corviknight|Pressure
|switch|p2a: Tyranitar|Tyranitar, F|88/100 tox
|-weather|Sandstorm|[from] ability: Sand Stream|[of] p2a: Tyranitar
|
|-weather|Sandstorm|[upkeep]
|-heal|p2a: Tyranitar|94/100 tox|[from] item: Leftovers
|-damage|p2a: Tyranitar|88/100 tox|[from] psn
|upkeep
|turn|44
|
|switch|p2a: Corviknight|Corviknight, F|98/100
|-ability|p2a: Corviknight|Pressure
|move|p1a: Corviknight|U-turn|p2a: Corviknight
|-resisted|p2a: Corviknight
|-damage|p2a: Corviknight|96/100
|-damage|p1a: Corviknight|84/100|[from] item: Rocky Helmet|[of] p2a: Corviknight
|
|switch|p1a: Clefable|Clefable, F|99/100 brn|[from]move: U-turn
|
|-weather|Sandstorm|[upkeep]
|upkeep
|turn|45
|
|switch|p2a: Tyranitar|Tyranitar, F|88/100 tox
|move|p1a: Clefable|Fire Blast|p2a: Tyranitar
|-resisted|p2a: Tyranitar
|-damage|p2a: Tyranitar|81/100 tox
|
|-weather|Sandstorm|[upkeep]
|-heal|p2a: Tyranitar|87/100 tox|[from] item: Leftovers
|-damage|p2a: Tyranitar|81/100 tox|[from] psn
|upkeep
|turn|46
|
|switch|p2a: Eternatus|Eternatus|100/100
|-ability|p2a: Eternatus|Pressure
|move|p1a: Clefable|Moonblast|p2a: Eternatus
|-damage|p2a: Eternatus|61/100
|-unboost|p2a: Eternatus|spa|1
|
|-weather|Sandstorm|[upkeep]
|-damage|p2a: Eternatus|55/100|[from] Sandstorm
|-heal|p2a: Eternatus|61/100|[from] item: Black Sludge
|upkeep
|turn|47
|
|move|p2a: Eternatus|Recover|p2a: Eternatus
|-heal|p2a: Eternatus|100/100
|move|p1a: Clefable|Calm Mind|p1a: Clefable
|-boost|p1a: Clefable|spa|1
|-boost|p1a: Clefable|spd|1
|
|-weather|none
|upkeep
|turn|48
|
|switch|p2a: Ditto|Ditto|82/100
|-transform|p2a: Ditto|p1a: Clefable|[from] ability: Imposter
|move|p1a: Clefable|Moonblast|p2a: Ditto
|-damage|p2a: Ditto|31/100
|-unboost|p2a: Ditto|spa|1
|
|upkeep
|turn|49
|
|move|p2a: Ditto|Moonlight|p2a: Ditto
|-heal|p2a: Ditto|81/100
|move|p1a: Clefable|Fire Blast|p2a: Ditto
|-damage|p2a: Ditto|41/100
|
|upkeep
|turn|50
|
|move|p2a: Ditto|Moonlight|p2a: Ditto
|-heal|p2a: Ditto|90/100
|move|p1a: Clefable|Calm Mind|p1a: Clefable
|-boost|p1a: Clefable|spa|1
|-boost|p1a: Clefable|spd|1
|
|upkeep
|turn|51
|
|switch|p2a: Eternatus|Eternatus|100/100
|-ability|p2a: Eternatus|Pressure
|move|p1a: Clefable|Moonblast|p2a: Eternatus
|-damage|p2a: Eternatus|26/100
|-unboost|p2a: Eternatus|spa|1
|
|-heal|p2a: Eternatus|32/100|[from] item: Black Sludge
|upkeep
|turn|52
|
|switch|p2a: Ditto|Ditto|90/100
|-transform|p2a: Ditto|p1a: Clefable|[from] ability: Imposter
|move|p1a: Clefable|Moonblast|p2a: Ditto
|-damage|p2a: Ditto|38/100
|
|upkeep
|turn|53
|
|move|p2a: Ditto|Moonlight|p2a: Ditto
|-heal|p2a: Ditto|88/100
|move|p1a: Clefable|Calm Mind|p1a: Clefable
|-boost|p1a: Clefable|spa|1
|-boost|p1a: Clefable|spd|1
|
|upkeep
|turn|54
|
|move|p2a: Ditto|Moonlight|p2a: Ditto
|-heal|p2a: Ditto|100/100
|move|p1a: Clefable|Moonblast|p2a: Ditto
|-damage|p2a: Ditto|36/100
|
|upkeep
|turn|55
|
|switch|p1a: Zacian|Zacian-Crowned|100/100
|-ability|p1a: Zacian|Intrepid Sword|boost
|-boost|p1a: Zacian|atk|1
|move|p2a: Ditto|Moonlight|p2a: Ditto
|-heal|p2a: Ditto|86/100
|
|upkeep
|turn|56
|
|switch|p1a: Clefable|Clefable, F|99/100 brn
|switch|p2a: Quagsire|Quagsire, M|100/100
|
|upkeep
|turn|57
|
|switch|p2a: Zacian|Zacian-Crowned|100/100
|-ability|p2a: Zacian|Intrepid Sword|boost
|-boost|p2a: Zacian|atk|1
|move|p1a: Clefable|Moonblast|p2a: Zacian
|-resisted|p2a: Zacian
|-damage|p2a: Zacian|81/100
|-unboost|p2a: Zacian|spa|1
|
|upkeep
|turn|58
|
|switch|p1a: Quagsire|Quagsire, F|100/100
|move|p2a: Zacian|Play Rough|p1a: Quagsire
|-damage|p1a: Quagsire|62/100
|
|-heal|p1a: Quagsire|68/100|[from] item: Leftovers
|upkeep
|turn|59
|inactive|I like Lovely has 120 seconds left.
|
|switch|p2a: Eternatus|Eternatus|32/100
|-ability|p2a: Eternatus|Pressure
|move|p1a: Quagsire|Recover|p1a: Quagsire
|-heal|p1a: Quagsire|100/100
|
|-heal|p2a: Eternatus|39/100|[from] item: Black Sludge
|upkeep
|turn|60
|
|switch|p1a: Zacian|Zacian-Crowned|100/100
|-ability|p1a: Zacian|Intrepid Sword|boost
|-boost|p1a: Zacian|atk|1
|move|p2a: Eternatus|Recover|p2a: Eternatus
|-heal|p2a: Eternatus|89/100
|
|-heal|p2a: Eternatus|95/100|[from] item: Black Sludge
|upkeep
|turn|61
|
|switch|p1a: Eternatus|Eternatus|71/100
|-ability|p1a: Eternatus|Pressure
|move|p2a: Eternatus|Flamethrower|p1a: Eternatus
|-resisted|p1a: Eternatus
|-damage|p1a: Eternatus|57/100
|
|-heal|p2a: Eternatus|100/100|[from] item: Black Sludge
|-heal|p1a: Eternatus|63/100|[from] item: Leftovers
|upkeep
|turn|62
|
|switch|p1a: Toxapex|Toxapex, F|100/100
|move|p2a: Eternatus|Dynamax Cannon|p1a: Toxapex
|-damage|p1a: Toxapex|58/100
|
|-heal|p1a: Toxapex|64/100|[from] item: Leftovers
|upkeep
|turn|63
|
|switch|p2a: Ditto|Ditto|86/100
|-transform|p2a: Ditto|p1a: Toxapex|[from] ability: Imposter
|switch|p1a: Clefable|Clefable, F|99/100 brn
|
|upkeep
|turn|64
|
|switch|p1a: Eternatus|Eternatus|63/100
|-ability|p1a: Eternatus|Pressure
|move|p2a: Ditto|Haze|p2a: Ditto
|-clearallboost
|
|-heal|p1a: Eternatus|70/100|[from] item: Leftovers
|upkeep
|turn|65
|
|switch|p1a: Clefable|Clefable, F|99/100 brn
|switch|p2a: Tyranitar|Tyranitar, F|81/100 tox
|-weather|Sandstorm|[from] ability: Sand Stream|[of] p2a: Tyranitar
|
|-weather|Sandstorm|[upkeep]
|-heal|p2a: Tyranitar|87/100 tox|[from] item: Leftovers
|-damage|p2a: Tyranitar|81/100 tox|[from] psn
|upkeep
|turn|66
|
|move|p1a: Clefable|Calm Mind|p1a: Clefable
|-boost|p1a: Clefable|spa|1
|-boost|p1a: Clefable|spd|1
|move|p2a: Tyranitar|Earthquake|p1a: Clefable
|-damage|p1a: Clefable|74/100 brn
|
|-weather|Sandstorm|[upkeep]
|-heal|p2a: Tyranitar|87/100 tox|[from] item: Leftovers
|-damage|p2a: Tyranitar|75/100 tox|[from] psn
|upkeep
|turn|67
|
|switch|p2a: Eternatus|Eternatus|100/100
|-ability|p2a: Eternatus|Pressure
|move|p1a: Clefable|Moonblast|p2a: Eternatus
|-damage|p2a: Eternatus|40/100
|
|-weather|Sandstorm|[upkeep]
|-damage|p2a: Eternatus|34/100|[from] Sandstorm
|-heal|p2a: Eternatus|40/100|[from] item: Black Sludge
|upkeep
|turn|68
|c|☆Silvery1|o
|
|move|p2a: Eternatus|Recover|p2a: Eternatus
|-heal|p2a: Eternatus|91/100
|move|p1a: Clefable|Calm Mind|p1a: Clefable
|-boost|p1a: Clefable|spa|1
|-boost|p1a: Clefable|spd|1
|
|-weather|Sandstorm|[upkeep]
|-damage|p2a: Eternatus|84/100|[from] Sandstorm
|-heal|p2a: Eternatus|91/100|[from] item: Black Sludge
|upkeep
|turn|69
|
|switch|p2a: Ditto|Ditto|100/100
|-transform|p2a: Ditto|p1a: Clefable|[from] ability: Imposter
|move|p1a: Clefable|Calm Mind|p1a: Clefable
|-boost|p1a: Clefable|spa|1
|-boost|p1a: Clefable|spd|1
|
|-weather|none
|upkeep
|turn|70
|
|move|p2a: Ditto|Moonblast|p1a: Clefable
|-damage|p1a: Clefable|46/100 brn
|move|p1a: Clefable|Moonblast|p2a: Ditto
|-damage|p2a: Ditto|33/100
|-unboost|p2a: Ditto|spa|1
|
|upkeep
|turn|71
|
|switch|p2a: Zacian|Zacian-Crowned|81/100
|-ability|p2a: Zacian|Intrepid Sword|boost
|-boost|p2a: Zacian|atk|1
|move|p1a: Clefable|Moonlight|p1a: Clefable
|-heal|p1a: Clefable|96/100 brn
|
|upkeep
|turn|72
|
|switch|p1a: Toxapex|Toxapex, F|98/100
|move|p2a: Zacian|Play Rough|p1a: Toxapex|[miss]
|-miss|p2a: Zacian|p1a: Toxapex
|
|-heal|p1a: Toxapex|100/100|[from] item: Leftovers
|upkeep
|turn|73
|
|switch|p2a: Tyranitar|Tyranitar, F|75/100 tox
|-weather|Sandstorm|[from] ability: Sand Stream|[of] p2a: Tyranitar
|switch|p1a: Corviknight|Corviknight, F|84/100
|-ability|p1a: Corviknight|Pressure
|
|-weather|Sandstorm|[upkeep]
|-heal|p1a: Corviknight|90/100|[from] item: Leftovers
|-heal|p2a: Tyranitar|81/100 tox|[from] item: Leftovers
|-damage|p2a: Tyranitar|75/100 tox|[from] psn
|upkeep
|turn|74
|j| 4125al41
|
|switch|p2a: Corviknight|Corviknight, F|96/100
|-ability|p2a: Corviknight|Pressure
|move|p1a: Corviknight|U-turn|p2a: Corviknight
|-resisted|p2a: Corviknight
|-damage|p2a: Corviknight|94/100
|-damage|p1a: Corviknight|74/100|[from] item: Rocky Helmet|[of] p2a: Corviknight
|
|switch|p1a: Clefable|Clefable, F|96/100 brn|[from]move: U-turn
|
|-weather|Sandstorm|[upkeep]
|upkeep
|turn|75
|
|move|p1a: Clefable|Calm Mind|p1a: Clefable
|-boost|p1a: Clefable|spa|1
|-boost|p1a: Clefable|spd|1
|move|p2a: Corviknight|U-turn|p1a: Clefable
|-resisted|p1a: Clefable
|-damage|p1a: Clefable|90/100 brn
|
|switch|p2a: Zacian|Zacian-Crowned|81/100|[from]move: U-turn
|-ability|p2a: Zacian|Intrepid Sword|boost
|-boost|p2a: Zacian|atk|1
|
|-weather|Sandstorm|[upkeep]
|upkeep
|turn|76
|
|switch|p1a: Toxapex|Toxapex, F|100/100
|move|p2a: Zacian|Play Rough|p1a: Toxapex|[miss]
|-miss|p2a: Zacian|p1a: Toxapex
|
|-weather|Sandstorm|[upkeep]
|-damage|p1a: Toxapex|94/100|[from] Sandstorm
|-heal|p1a: Toxapex|100/100|[from] item: Leftovers
|upkeep
|turn|77
|
|switch|p2a: Tyranitar|Tyranitar, F|75/100 tox
|move|p1a: Toxapex|Scald|p2a: Tyranitar
|-supereffective|p2a: Tyranitar
|-damage|p2a: Tyranitar|61/100 tox
|
|-weather|none
|-heal|p2a: Tyranitar|67/100 tox|[from] item: Leftovers
|-damage|p2a: Tyranitar|61/100 tox|[from] psn
|upkeep
|turn|78
|
|switch|p1a: Zacian|Zacian-Crowned|100/100
|-ability|p1a: Zacian|Intrepid Sword|boost
|-boost|p1a: Zacian|atk|1
|move|p2a: Tyranitar|Stealth Rock|p1a: Zacian
|-sidestart|p1: Silvery1|move: Stealth Rock
|
|-heal|p2a: Tyranitar|67/100 tox|[from] item: Leftovers
|-damage|p2a: Tyranitar|54/100 tox|[from] psn
|upkeep
|turn|79
|
|switch|p2a: Quagsire|Quagsire, M|100/100
|move|p1a: Zacian|Close Combat|p2a: Quagsire
|-crit|p2a: Quagsire
|-damage|p2a: Quagsire|46/100
|-unboost|p1a: Zacian|def|1
|-unboost|p1a: Zacian|spd|1
|
|upkeep
|turn|80
|
|switch|p1a: Corviknight|Corviknight, F|74/100
|-damage|p1a: Corviknight|61/100|[from] Stealth Rock
|-ability|p1a: Corviknight|Pressure
|move|p2a: Quagsire|Recover|p2a: Quagsire
|-heal|p2a: Quagsire|96/100
|
|-heal|p1a: Corviknight|67/100|[from] item: Leftovers
|upkeep
|turn|81
|
|move|p1a: Corviknight|Roost|p1a: Corviknight
|-heal|p1a: Corviknight|100/100
|-singleturn|p1a: Corviknight|move: Roost
|move|p2a: Quagsire|Scald|p1a: Corviknight
|-damage|p1a: Corviknight|86/100
|
|-heal|p1a: Corviknight|92/100|[from] item: Leftovers
|upkeep
|turn|82
|
|move|p1a: Corviknight|Defog|p2a: Quagsire
|-unboost|p2a: Quagsire|evasion|1
|-sideend|p1: Silvery1|Stealth Rock|[from] move: Defog|[of] p1a: Corviknight
|move|p2a: Quagsire|Scald|p1a: Corviknight
|-damage|p1a: Corviknight|75/100
|
|-heal|p1a: Corviknight|81/100|[from] item: Leftovers
|upkeep
|turn|83
|
|move|p1a: Corviknight|U-turn|p2a: Quagsire
|-damage|p2a: Quagsire|86/100
|
|switch|p1a: Eternatus|Eternatus|70/100|[from]move: U-turn
|-ability|p1a: Eternatus|Pressure
|move|p2a: Quagsire|Scald|p1a: Eternatus
|-resisted|p1a: Eternatus
|-damage|p1a: Eternatus|62/100
|
|-heal|p1a: Eternatus|68/100|[from] item: Leftovers
|upkeep
|turn|84
|
|switch|p2a: Tyranitar|Tyranitar, F|54/100 tox
|-weather|Sandstorm|[from] ability: Sand Stream|[of] p2a: Tyranitar
|move|p1a: Eternatus|Toxic|p2a: Tyranitar
|-fail|p2a: Tyranitar|tox
|
|-weather|Sandstorm|[upkeep]
|-damage|p1a: Eternatus|62/100|[from] Sandstorm
|-heal|p1a: Eternatus|68/100|[from] item: Leftovers
|-heal|p2a: Tyranitar|61/100 tox|[from] item: Leftovers
|-damage|p2a: Tyranitar|54/100 tox|[from] psn
|upkeep
|turn|85
|
|move|p1a: Eternatus|Recover|p1a: Eternatus
|-heal|p1a: Eternatus|100/100
|move|p2a: Tyranitar|Stealth Rock|p1a: Eternatus
|-sidestart|p1: Silvery1|move: Stealth Rock
|
|-weather|Sandstorm|[upkeep]
|-damage|p1a: Eternatus|94/100|[from] Sandstorm
|-heal|p1a: Eternatus|100/100|[from] item: Leftovers
|-heal|p2a: Tyranitar|61/100 tox|[from] item: Leftovers
|-damage|p2a: Tyranitar|48/100 tox|[from] psn
|upkeep
|turn|86
|
|switch|p1a: Corviknight|Corviknight, F|81/100
|-damage|p1a: Corviknight|69/100|[from] Stealth Rock
|-ability|p1a: Corviknight|Pressure
|move|p2a: Tyranitar|Rest|p2a: Tyranitar
|-status|p2a: Tyranitar|slp|[from] move: Rest
|-heal|p2a: Tyranitar|100/100 slp|[silent]
|
|-weather|Sandstorm|[upkeep]
|-heal|p1a: Corviknight|75/100|[from] item: Leftovers
|upkeep
|turn|87
|j| rikyako
|
|switch|p2a: Corviknight|Corviknight, F|94/100
|-ability|p2a: Corviknight|Pressure
|move|p1a: Corviknight|Defog|p2a: Corviknight
|-unboost|p2a: Corviknight|evasion|1
|-sideend|p1: Silvery1|Stealth Rock|[from] move: Defog|[of] p1a: Corviknight
|
|-weather|Sandstorm|[upkeep]
|-heal|p1a: Corviknight|81/100|[from] item: Leftovers
|upkeep
|turn|88
|
|switch|p1a: Eternatus|Eternatus|100/100
|-ability|p1a: Eternatus|Pressure
|move|p2a: Corviknight|U-turn|p1a: Eternatus
|-resisted|p1a: Eternatus
|-damage|p1a: Eternatus|97/100
|
|switch|p2a: Tyranitar|Tyranitar, F|100/100 slp|[from]move: U-turn
|
|-weather|none
|-heal|p1a: Eternatus|100/100|[from] item: Leftovers
|upkeep
|turn|89
|
|switch|p1a: Zacian|Zacian-Crowned|100/100
|-ability|p1a: Zacian|Intrepid Sword|boost
|-boost|p1a: Zacian|atk|1
|cant|p2a: Tyranitar|slp
|
|upkeep
|turn|90
|
|switch|p2a: Quagsire|Quagsire, M|86/100
|move|p1a: Zacian|Close Combat|p2a: Quagsire
|-damage|p2a: Quagsire|50/100
|-unboost|p1a: Zacian|def|1
|-unboost|p1a: Zacian|spd|1
|
|upkeep
|turn|91
|
|switch|p1a: Clefable|Clefable, F|90/100 brn
|move|p2a: Quagsire|Recover|p2a: Quagsire
|-heal|p2a: Quagsire|99/100
|
|upkeep
|turn|92
|c|☆Silvery1|o
|
|switch|p2a: Tyranitar|Tyranitar, F|100/100 slp
|-weather|Sandstorm|[from] ability: Sand Stream|[of] p2a: Tyranitar
|move|p1a: Clefable|Calm Mind|p1a: Clefable
|-boost|p1a: Clefable|spa|1
|-boost|p1a: Clefable|spd|1
|
|-weather|Sandstorm|[upkeep]
|upkeep
|turn|93
|
|move|p1a: Clefable|Calm Mind|p1a: Clefable
|-boost|p1a: Clefable|spa|1
|-boost|p1a: Clefable|spd|1
|cant|p2a: Tyranitar|slp
|
|-weather|Sandstorm|[upkeep]
|upkeep
|turn|94
|inactive|I like Lovely has 120 seconds left.
|
|-start|p2a: Tyranitar|Dynamax
|-heal|p2a: Tyranitar|100/100 slp|[silent]
|move|p1a: Clefable|Moonblast|p2a: Tyranitar
|-supereffective|p2a: Tyranitar
|-damage|p2a: Tyranitar|67/100 slp
|-curestatus|p2a: Tyranitar|slp|[msg]
|move|p2a: Tyranitar|Max Quake|p1a: Clefable
|-damage|p1a: Clefable|55/100 brn
|-boost|p2a: Tyranitar|spd|1
|
|-weather|Sandstorm|[upkeep]
|-heal|p2a: Tyranitar|70/100|[from] item: Leftovers
|upkeep
|turn|95
|
|move|p1a: Clefable|Moonlight|p1a: Clefable
|-heal|p1a: Clefable|80/100 brn
|move|p2a: Tyranitar|Max Quake|p1a: Clefable
|-damage|p1a: Clefable|48/100 brn
|-boost|p2a: Tyranitar|spd|1
|
|-weather|Sandstorm|[upkeep]
|-heal|p2a: Tyranitar|73/100|[from] item: Leftovers
|upkeep
|turn|96
|
|switch|p1a: Corviknight|Corviknight, F|81/100
|-ability|p1a: Corviknight|Pressure
|move|p2a: Tyranitar|Max Quake|p1a: Corviknight
|-immune|p1a: Corviknight
|
|-weather|none
|-heal|p1a: Corviknight|87/100|[from] item: Leftovers
|-heal|p2a: Tyranitar|76/100|[from] item: Leftovers
|-end|p2a: Tyranitar|Dynamax
|-heal|p2a: Tyranitar|76/100|[silent]
|upkeep
|turn|97
|
|switch|p1a: Zacian|Zacian-Crowned|100/100
|-ability|p1a: Zacian|Intrepid Sword|boost
|-boost|p1a: Zacian|atk|1
|move|p2a: Tyranitar|Stealth Rock|p1a: Zacian
|-sidestart|p1: Silvery1|move: Stealth Rock
|
|-heal|p2a: Tyranitar|82/100|[from] item: Leftovers
|upkeep
|turn|98
|
|switch|p2a: Quagsire|Quagsire, M|99/100
|move|p1a: Zacian|Close Combat|p2a: Quagsire
|-crit|p2a: Quagsire
|-damage|p2a: Quagsire|49/100
|-unboost|p1a: Zacian|def|1
|-unboost|p1a: Zacian|spd|1
|
|upkeep
|turn|99
|
|switch|p1a: Corviknight|Corviknight, F|87/100
|-damage|p1a: Corviknight|75/100|[from] Stealth Rock
|-ability|p1a: Corviknight|Pressure
|move|p2a: Quagsire|Recover|p2a: Quagsire
|-heal|p2a: Quagsire|99/100
|
|-heal|p1a: Corviknight|81/100|[from] item: Leftovers
|upkeep
|turn|100
|
|move|p1a: Corviknight|Defog|p2a: Quagsire
|-unboost|p2a: Quagsire|evasion|1
|-sideend|p1: Silvery1|Stealth Rock|[from] move: Defog|[of] p1a: Corviknight
|move|p2a: Quagsire|Scald|p1a: Corviknight
|-damage|p1a: Corviknight|64/100
|
|-heal|p1a: Corviknight|70/100|[from] item: Leftovers
|upkeep
|turn|101
|
|move|p1a: Corviknight|U-turn|p2a: Quagsire
|-damage|p2a: Quagsire|90/100
|
|switch|p1a: Eternatus|Eternatus|100/100|[from]move: U-turn
|-ability|p1a: Eternatus|Pressure
|move|p2a: Quagsire|Scald|p1a: Eternatus
|-resisted|p1a: Eternatus
|-damage|p1a: Eternatus|93/100
|
|-heal|p1a: Eternatus|99/100|[from] item: Leftovers
|upkeep
|turn|102
|inactive|I like Lovely has 120 seconds left.
|
|switch|p2a: Tyranitar|Tyranitar, F|82/100
|-weather|Sandstorm|[from] ability: Sand Stream|[of] p2a: Tyranitar
|move|p1a: Eternatus|Toxic|p2a: Tyranitar
|-status|p2a: Tyranitar|tox
|
|-weather|Sandstorm|[upkeep]
|-damage|p1a: Eternatus|93/100|[from] Sandstorm
|-heal|p1a: Eternatus|99/100|[from] item: Leftovers
|-heal|p2a: Tyranitar|88/100 tox|[from] item: Leftovers
|-damage|p2a: Tyranitar|82/100 tox|[from] psn
|upkeep
|turn|103
|
|move|p2a: Tyranitar|Stealth Rock|p1a: Eternatus
|-sidestart|p1: Silvery1|move: Stealth Rock
|move|p1a: Eternatus|Dragon Tail|p2a: Tyranitar
|-damage|p2a: Tyranitar|70/100 tox
|drag|p2a: Ditto|Ditto|33/100
|-transform|p2a: Ditto|p1a: Eternatus|[from] ability: Imposter
|-ability|p2a: Ditto|Pressure
|
|-weather|Sandstorm|[upkeep]
|-damage|p2a: Ditto|27/100|[from] Sandstorm
|-damage|p1a: Eternatus|93/100|[from] Sandstorm
|-heal|p1a: Eternatus|99/100|[from] item: Leftovers
|upkeep
|turn|104
|l| 4125al41
|
|move|p2a: Ditto|Recover|p2a: Ditto
|-heal|p2a: Ditto|77/100
|move|p1a: Eternatus|Dragon Tail|p2a: Ditto
|-supereffective|p2a: Ditto
|-damage|p2a: Ditto|50/100
|drag|p2a: Zacian|Zacian-Crowned|81/100
|-ability|p2a: Zacian|Intrepid Sword|boost
|-boost|p2a: Zacian|atk|1
|
|-weather|Sandstorm|[upkeep]
|-damage|p1a: Eternatus|93/100|[from] Sandstorm
|-heal|p1a: Eternatus|99/100|[from] item: Leftovers
|upkeep
|turn|105
|
|switch|p2a: Tyranitar|Tyranitar, F|70/100 tox
|move|p1a: Eternatus|Flamethrower|p2a: Tyranitar
|-resisted|p2a: Tyranitar
|-damage|p2a: Tyranitar|64/100 tox
|
|-weather|Sandstorm|[upkeep]
|-damage|p1a: Eternatus|93/100|[from] Sandstorm
|-heal|p1a: Eternatus|99/100|[from] item: Leftovers
|-heal|p2a: Tyranitar|70/100 tox|[from] item: Leftovers
|-damage|p2a: Tyranitar|64/100 tox|[from] psn
|upkeep
|turn|106
|
|move|p2a: Tyranitar|Earthquake|p1a: Eternatus
|-supereffective|p1a: Eternatus
|-damage|p1a: Eternatus|69/100
|move|p1a: Eternatus|Dragon Tail|p2a: Tyranitar
|-damage|p2a: Tyranitar|50/100 tox
|drag|p2a: Zacian|Zacian-Crowned|81/100
|-ability|p2a: Zacian|Intrepid Sword|boost
|-boost|p2a: Zacian|atk|1
|
|-weather|none
|-heal|p1a: Eternatus|75/100|[from] item: Leftovers
|upkeep
|turn|107
|
|move|p2a: Zacian|Psychic Fangs|p1a: Eternatus
|-supereffective|p1a: Eternatus
|-damage|p1a: Eternatus|17/100
|move|p1a: Eternatus|Flamethrower|p2a: Zacian
|-supereffective|p2a: Zacian
|-damage|p2a: Zacian|32/100
|
|-heal|p1a: Eternatus|23/100|[from] item: Leftovers
|upkeep
|turn|108
|
|switch|p1a: Quagsire|Quagsire, F|100/100
|-damage|p1a: Quagsire|94/100|[from] Stealth Rock
|move|p2a: Zacian|Play Rough|p1a: Quagsire
|-damage|p1a: Quagsire|56/100
|
|-heal|p1a: Quagsire|62/100|[from] item: Leftovers
|upkeep
|turn|109
|inactive|I like Lovely has 120 seconds left.
|
|switch|p2a: Quagsire|Quagsire, M|90/100
|move|p1a: Quagsire|Recover|p1a: Quagsire
|-heal|p1a: Quagsire|100/100
|
|upkeep
|turn|110
|inactive|I like Lovely has 120 seconds left.
|
|switch|p1a: Eternatus|Eternatus|23/100
|-damage|p1a: Eternatus|11/100|[from] Stealth Rock
|-ability|p1a: Eternatus|Pressure
|move|p2a: Quagsire|Scald|p1a: Eternatus
|-resisted|p1a: Eternatus
|-damage|p1a: Eternatus|3/100
|-status|p1a: Eternatus|brn
|
|-heal|p1a: Eternatus|9/100 brn|[from] item: Leftovers
|-damage|p1a: Eternatus|3/100 brn|[from] brn
|upkeep
|turn|111
|
|move|p1a: Eternatus|Recover|p1a: Eternatus
|-heal|p1a: Eternatus|53/100 brn
|move|p2a: Quagsire|Earthquake|p1a: Eternatus
|-supereffective|p1a: Eternatus
|-damage|p1a: Eternatus|18/100 brn
|
|-heal|p1a: Eternatus|25/100 brn|[from] item: Leftovers
|-damage|p1a: Eternatus|18/100 brn|[from] brn
|upkeep
|turn|112
|
|move|p1a: Eternatus|Recover|p1a: Eternatus
|-heal|p1a: Eternatus|68/100 brn
|move|p2a: Quagsire|Earthquake|p1a: Eternatus
|-supereffective|p1a: Eternatus
|-damage|p1a: Eternatus|38/100 brn
|
|-heal|p1a: Eternatus|45/100 brn|[from] item: Leftovers
|-damage|p1a: Eternatus|38/100 brn|[from] brn
|upkeep
|turn|113
|
|switch|p2a: Tyranitar|Tyranitar, F|50/100 tox
|-weather|Sandstorm|[from] ability: Sand Stream|[of] p2a: Tyranitar
|move|p1a: Eternatus|Recover|p1a: Eternatus
|-heal|p1a: Eternatus|88/100 brn
|
|-weather|Sandstorm|[upkeep]
|-damage|p1a: Eternatus|82/100 brn|[from] Sandstorm
|-heal|p1a: Eternatus|88/100 brn|[from] item: Leftovers
|-heal|p2a: Tyranitar|56/100 tox|[from] item: Leftovers
|-damage|p1a: Eternatus|82/100 brn|[from] brn
|-damage|p2a: Tyranitar|50/100 tox|[from] psn
|upkeep
|turn|114
|
|switch|p1a: Corviknight|Corviknight, F|70/100
|-damage|p1a: Corviknight|58/100|[from] Stealth Rock
|-ability|p1a: Corviknight|Pressure
|move|p2a: Tyranitar|Rest|p2a: Tyranitar
|-status|p2a: Tyranitar|slp|[from] move: Rest
|-heal|p2a: Tyranitar|100/100 slp|[silent]
|
|-weather|Sandstorm|[upkeep]
|-heal|p1a: Corviknight|64/100|[from] item: Leftovers
|upkeep
|turn|115
|
|switch|p2a: Ditto|Ditto|50/100
|-transform|p2a: Ditto|p1a: Corviknight|[from] ability: Imposter
|-ability|p2a: Ditto|Pressure
|move|p1a: Corviknight|Defog|p2a: Ditto
|-unboost|p2a: Ditto|evasion|1
|-sideend|p1: Silvery1|Stealth Rock|[from] move: Defog|[of] p1a: Corviknight
|
|-weather|Sandstorm|[upkeep]
|-heal|p1a: Corviknight|70/100|[from] item: Leftovers
|upkeep
|turn|116
|
|switch|p1a: Toxapex|Toxapex, F|100/100
|move|p2a: Ditto|Roost|p2a: Ditto
|-heal|p2a: Ditto|99/100
|-singleturn|p2a: Ditto|move: Roost
|
|-weather|Sandstorm|[upkeep]
|-damage|p1a: Toxapex|94/100|[from] Sandstorm
|-heal|p1a: Toxapex|100/100|[from] item: Leftovers
|upkeep
|turn|117
|
|switch|p2a: Tyranitar|Tyranitar, F|100/100 slp
|switch|p1a: Zacian|Zacian-Crowned|100/100
|-ability|p1a: Zacian|Intrepid Sword|boost
|-boost|p1a: Zacian|atk|1
|
|-weather|none
|upkeep
|turn|118
|
|switch|p2a: Quagsire|Quagsire, M|90/100
|move|p1a: Zacian|Close Combat|p2a: Quagsire
|-damage|p2a: Quagsire|57/100
|-unboost|p1a: Zacian|def|1
|-unboost|p1a: Zacian|spd|1
|
|upkeep
|turn|119
|
|switch|p1a: Eternatus|Eternatus|82/100 brn
|-ability|p1a: Eternatus|Pressure
|move|p2a: Quagsire|Recover|p2a: Quagsire
|-heal|p2a: Quagsire|100/100
|
|-heal|p1a: Eternatus|88/100 brn|[from] item: Leftovers
|-damage|p1a: Eternatus|82/100 brn|[from] brn
|upkeep
|turn|120
|inactive|I like Lovely has 120 seconds left.
|
|switch|p1a: Corviknight|Corviknight, F|70/100
|-ability|p1a: Corviknight|Pressure
|switch|p2a: Tyranitar|Tyranitar, F|100/100 slp
|-weather|Sandstorm|[from] ability: Sand Stream|[of] p2a: Tyranitar
|
|-weather|Sandstorm|[upkeep]
|-heal|p1a: Corviknight|76/100|[from] item: Leftovers
|upkeep
|turn|121
|
|switch|p1a: Toxapex|Toxapex, F|100/100
|cant|p2a: Tyranitar|slp
|
|-weather|Sandstorm|[upkeep]
|-damage|p1a: Toxapex|94/100|[from] Sandstorm
|-heal|p1a: Toxapex|100/100|[from] item: Leftovers
|upkeep
|turn|122
|inactive|I like Lovely has 120 seconds left.
|
|switch|p1a: Corviknight|Corviknight, F|76/100
|-ability|p1a: Corviknight|Pressure
|cant|p2a: Tyranitar|slp
|
|-weather|Sandstorm|[upkeep]
|-heal|p1a: Corviknight|83/100|[from] item: Leftovers
|upkeep
|turn|123
|inactive|I like Lovely has 120 seconds left.
|
|switch|p1a: Eternatus|Eternatus|82/100 brn
|-ability|p1a: Eternatus|Pressure
|-curestatus|p2a: Tyranitar|slp|[msg]
|move|p2a: Tyranitar|Stealth Rock|p1a: Eternatus
|-sidestart|p1: Silvery1|move: Stealth Rock
|
|-weather|Sandstorm|[upkeep]
|-damage|p1a: Eternatus|76/100 brn|[from] Sandstorm
|-heal|p1a: Eternatus|82/100 brn|[from] item: Leftovers
|-damage|p1a: Eternatus|76/100 brn|[from] brn
|upkeep
|turn|124
|inactive|I like Lovely has 120 seconds left.
|
|switch|p1a: Corviknight|Corviknight, F|83/100
|-damage|p1a: Corviknight|70/100|[from] Stealth Rock
|-ability|p1a: Corviknight|Pressure
|move|p2a: Tyranitar|Crunch|p1a: Corviknight
|-damage|p1a: Corviknight|45/100
|-unboost|p1a: Corviknight|def|1
|
|-weather|none
|-heal|p1a: Corviknight|51/100|[from] item: Leftovers
|upkeep
|turn|125
|inactive|Silvery1 has 120 seconds left.
|
|switch|p2a: Corviknight|Corviknight, F|94/100
|-ability|p2a: Corviknight|Pressure
|move|p1a: Corviknight|Roost|p1a: Corviknight
|-heal|p1a: Corviknight|100/100
|-singleturn|p1a: Corviknight|move: Roost
|
|upkeep
|turn|126
|inactive|Silvery1 has 120 seconds left.
|
|switch|p1a: Eternatus|Eternatus|76/100 brn
|-damage|p1a: Eternatus|64/100 brn|[from] Stealth Rock
|-ability|p1a: Eternatus|Pressure
|move|p2a: Corviknight|Body Press|p1a: Eternatus
|-resisted|p1a: Eternatus
|-damage|p1a: Eternatus|56/100 brn
|
|-heal|p1a: Eternatus|62/100 brn|[from] item: Leftovers
|-damage|p1a: Eternatus|56/100 brn|[from] brn
|upkeep
|turn|127
|
|switch|p2a: Tyranitar|Tyranitar, F|100/100
|-weather|Sandstorm|[from] ability: Sand Stream|[of] p2a: Tyranitar
|move|p1a: Eternatus|Recover|p1a: Eternatus
|-heal|p1a: Eternatus|100/100 brn
|
|-weather|Sandstorm|[upkeep]
|-damage|p1a: Eternatus|94/100 brn|[from] Sandstorm
|-heal|p1a: Eternatus|100/100 brn|[from] item: Leftovers
|-damage|p1a: Eternatus|94/100 brn|[from] brn
|upkeep
|turn|128
|c|☆Silvery1|o
|inactive|I like Lovely has 90 seconds left.
|
|move|p1a: Eternatus|Toxic|p2a: Tyranitar
|-status|p2a: Tyranitar|tox
|move|p2a: Tyranitar|Crunch|p1a: Eternatus
|-damage|p1a: Eternatus|75/100 brn
|
|-weather|Sandstorm|[upkeep]
|-damage|p1a: Eternatus|69/100 brn|[from] Sandstorm
|-heal|p1a: Eternatus|75/100 brn|[from] item: Leftovers
|-damage|p1a: Eternatus|69/100 brn|[from] brn
|-damage|p2a: Tyranitar|94/100 tox|[from] psn
|upkeep
|turn|129
|inactive|Silvery1 has 120 seconds left.
|
|move|p1a: Eternatus|Recover|p1a: Eternatus
|-heal|p1a: Eternatus|100/100 brn
|move|p2a: Tyranitar|Rest|p2a: Tyranitar
|-status|p2a: Tyranitar|slp|[from] move: Rest
|-heal|p2a: Tyranitar|100/100 slp|[silent]
|
|-weather|Sandstorm|[upkeep]
|-damage|p1a: Eternatus|94/100 brn|[from] Sandstorm
|-heal|p1a: Eternatus|100/100 brn|[from] item: Leftovers
|-damage|p1a: Eternatus|94/100 brn|[from] brn
|upkeep
|turn|130
|inactive|Silvery1 has 120 seconds left.
|
|switch|p1a: Toxapex|Toxapex, F|100/100
|-damage|p1a: Toxapex|88/100|[from] Stealth Rock
|cant|p2a: Tyranitar|slp
|
|-weather|Sandstorm|[upkeep]
|-damage|p1a: Toxapex|82/100|[from] Sandstorm
|-heal|p1a: Toxapex|88/100|[from] item: Leftovers
|upkeep
|turn|131
|inactive|Silvery1 has 120 seconds left.
|inactive|I like Lovely has 90 seconds left.
|
|switch|p1a: Corviknight|Corviknight, F|100/100
|-damage|p1a: Corviknight|88/100|[from] Stealth Rock
|-ability|p1a: Corviknight|Pressure
|cant|p2a: Tyranitar|slp
|
|-weather|none
|-heal|p1a: Corviknight|94/100|[from] item: Leftovers
|upkeep
|turn|132
|inactive|I like Lovely has 90 seconds left.
|
|switch|p1a: Eternatus|Eternatus|94/100 brn
|-damage|p1a: Eternatus|82/100 brn|[from] Stealth Rock
|-ability|p1a: Eternatus|Pressure
|switch|p2a: Corviknight|Corviknight, F|94/100
|-ability|p2a: Corviknight|Pressure
|
|-heal|p1a: Eternatus|88/100 brn|[from] item: Leftovers
|-damage|p1a: Eternatus|82/100 brn|[from] brn
|upkeep
|turn|133
|
|switch|p1a: Corviknight|Corviknight, F|94/100
|-damage|p1a: Corviknight|82/100|[from] Stealth Rock
|-ability|p1a: Corviknight|Pressure
|switch|p2a: Tyranitar|Tyranitar, F|100/100 slp
|-weather|Sandstorm|[from] ability: Sand Stream|[of] p2a: Tyranitar
|
|-weather|Sandstorm|[upkeep]
|-heal|p1a: Corviknight|88/100|[from] item: Leftovers
|upkeep
|turn|134
|inactive|Silvery1 has 120 seconds left.
|
|switch|p1a: Eternatus|Eternatus|82/100 brn
|-damage|p1a: Eternatus|70/100 brn|[from] Stealth Rock
|-ability|p1a: Eternatus|Pressure
|switch|p2a: Corviknight|Corviknight, F|94/100
|-ability|p2a: Corviknight|Pressure
|
|-weather|Sandstorm|[upkeep]
|-damage|p1a: Eternatus|63/100 brn|[from] Sandstorm
|-heal|p1a: Eternatus|70/100 brn|[from] item: Leftovers
|-damage|p1a: Eternatus|63/100 brn|[from] brn
|upkeep
|turn|135
|inactive|Silvery1 has 120 seconds left.
|
|switch|p1a: Clefable|Clefable, F|48/100 brn
|switch|p2a: Tyranitar|Tyranitar, F|100/100 slp
|
|-weather|Sandstorm|[upkeep]
|upkeep
|turn|136
|inactive|Silvery1 has 120 seconds left.
|
|move|p1a: Clefable|Moonblast|p2a: Tyranitar
|-supereffective|p2a: Tyranitar
|-damage|p2a: Tyranitar|67/100 slp
|-curestatus|p2a: Tyranitar|slp|[msg]
|move|p2a: Tyranitar|Earthquake|p1a: Clefable
|-damage|p1a: Clefable|21/100 brn
|
|-weather|Sandstorm|[upkeep]
|-heal|p2a: Tyranitar|73/100|[from] item: Leftovers
|upkeep
|turn|137
|inactive|Silvery1 has 120 seconds left.
|
|switch|p1a: Corviknight|Corviknight, F|88/100
|-damage|p1a: Corviknight|75/100|[from] Stealth Rock
|-ability|p1a: Corviknight|Pressure
|move|p2a: Tyranitar|Earthquake|p1a: Corviknight
|-immune|p1a: Corviknight
|
|-weather|none
|-heal|p1a: Corviknight|82/100|[from] item: Leftovers
|-heal|p2a: Tyranitar|79/100|[from] item: Leftovers
|upkeep
|turn|138
|
|switch|p2a: Corviknight|Corviknight, F|94/100
|-ability|p2a: Corviknight|Pressure
|move|p1a: Corviknight|Defog|p2a: Corviknight
|-unboost|p2a: Corviknight|evasion|1
|-sideend|p1: Silvery1|Stealth Rock|[from] move: Defog|[of] p1a: Corviknight
|
|-heal|p1a: Corviknight|88/100|[from] item: Leftovers
|upkeep
|turn|139
|inactive|Silvery1 has 120 seconds left.
|
|switch|p1a: Zacian|Zacian-Crowned|100/100
|-ability|p1a: Zacian|Intrepid Sword|boost
|-boost|p1a: Zacian|atk|1
|move|p2a: Corviknight|U-turn|p1a: Zacian
|-resisted|p1a: Zacian
|-damage|p1a: Zacian|97/100
|
|switch|p2a: Ditto|Ditto|99/100|[from]move: U-turn
|-transform|p2a: Ditto|p1a: Zacian|[from] ability: Imposter
|-ability|p2a: Ditto|Intrepid Sword|boost
|-boost|p2a: Ditto|atk|1
|
|upkeep
|turn|140
|
|switch|p1a: Quagsire|Quagsire, F|100/100
|move|p2a: Ditto|Close Combat|p1a: Quagsire
|-damage|p1a: Quagsire|67/100
|-unboost|p2a: Ditto|def|1
|-unboost|p2a: Ditto|spd|1
|
|-heal|p1a: Quagsire|73/100|[from] item: Leftovers
|upkeep
|turn|141
|inactive|I like Lovely has 90 seconds left.
|
|switch|p2a: Quagsire|Quagsire, M|100/100
|switch|p1a: Eternatus|Eternatus|63/100 brn
|-ability|p1a: Eternatus|Pressure
|
|-heal|p1a: Eternatus|70/100 brn|[from] item: Leftovers
|-damage|p1a: Eternatus|63/100 brn|[from] brn
|upkeep
|turn|142
|inactive|Silvery1 has 120 seconds left.
|
|switch|p1a: Zacian|Zacian-Crowned|97/100
|-ability|p1a: Zacian|Intrepid Sword|boost
|-boost|p1a: Zacian|atk|1
|switch|p2a: Tyranitar|Tyranitar, F|79/100
|-weather|Sandstorm|[from] ability: Sand Stream|[of] p2a: Tyranitar
|
|-weather|Sandstorm|[upkeep]
|-heal|p2a: Tyranitar|86/100|[from] item: Leftovers
|upkeep
|turn|143
|inactive|Silvery1 has 120 seconds left.
|
|switch|p2a: Quagsire|Quagsire, M|100/100
|move|p1a: Zacian|Close Combat|p2a: Quagsire
|-damage|p2a: Quagsire|64/100
|-unboost|p1a: Zacian|def|1
|-unboost|p1a: Zacian|spd|1
|
|-weather|Sandstorm|[upkeep]
|upkeep
|turn|144
|
|switch|p1a: Quagsire|Quagsire, F|73/100
|move|p2a: Quagsire|Recover|p2a: Quagsire
|-heal|p2a: Quagsire|100/100
|
|-weather|Sandstorm|[upkeep]
|-heal|p1a: Quagsire|79/100|[from] item: Leftovers
|upkeep
|turn|145
|
|move|p1a: Quagsire|Toxic|p2a: Quagsire
|-status|p2a: Quagsire|tox
|move|p2a: Quagsire|Toxic|p1a: Quagsire
|-status|p1a: Quagsire|tox
|
|-weather|Sandstorm|[upkeep]
|-heal|p1a: Quagsire|85/100 tox|[from] item: Leftovers
|-damage|p1a: Quagsire|79/100 tox|[from] psn
|-damage|p2a: Quagsire|94/100 tox|[from] psn
|upkeep
|turn|146
|
|switch|p1a: Corviknight|Corviknight, F|88/100
|-ability|p1a: Corviknight|Pressure
|switch|p2a: Tyranitar|Tyranitar, F|86/100
|
|-weather|none
|-heal|p1a: Corviknight|94/100|[from] item: Leftovers
|-heal|p2a: Tyranitar|92/100|[from] item: Leftovers
|upkeep
|turn|147
|c|☆Silvery1|o
|inactive|Silvery1 has 120 seconds left.
|
|move|p1a: Corviknight|U-turn|p2a: Tyranitar
|-supereffective|p2a: Tyranitar
|-damage|p2a: Tyranitar|71/100
|
|switch|p1a: Zacian|Zacian-Crowned|97/100|[from]move: U-turn
|-ability|p1a: Zacian|Intrepid Sword|boost
|-boost|p1a: Zacian|atk|1
|move|p2a: Tyranitar|Stealth Rock|p1a: Zacian
|-sidestart|p1: Silvery1|move: Stealth Rock
|
|-heal|p2a: Tyranitar|77/100|[from] item: Leftovers
|upkeep
|turn|148
|
|switch|p2a: Corviknight|Corviknight, F|94/100
|-ability|p2a: Corviknight|Pressure
|move|p1a: Zacian|Close Combat|p2a: Corviknight
|-damage|p2a: Corviknight|47/100
|-damage|p1a: Zacian|81/100|[from] item: Rocky Helmet|[of] p2a: Corviknight
|-unboost|p1a: Zacian|def|1
|-unboost|p1a: Zacian|spd|1
|
|upkeep
|turn|149
|
|switch|p2a: Quagsire|Quagsire, M|94/100 tox
|move|p1a: Zacian|Wild Charge|p2a: Quagsire
|-immune|p2a: Quagsire
|
|-damage|p2a: Quagsire|88/100 tox|[from] psn
|upkeep
|turn|150
|
|switch|p1a: Corviknight|Corviknight, F|94/100
|-damage|p1a: Corviknight|82/100|[from] Stealth Rock
|-ability|p1a: Corviknight|Pressure
|move|p2a: Quagsire|Earthquake|p1a: Corviknight
|-immune|p1a: Corviknight
|
|-heal|p1a: Corviknight|88/100|[from] item: Leftovers
|-damage|p2a: Quagsire|76/100 tox|[from] psn
|upkeep
|turn|151
|
|move|p1a: Corviknight|U-turn|p2a: Quagsire
|-damage|p2a: Quagsire|67/100 tox
|
|switch|p1a: Eternatus|Eternatus|63/100 brn|[from]move: U-turn
|-damage|p1a: Eternatus|51/100 brn|[from] Stealth Rock
|-ability|p1a: Eternatus|Pressure
|move|p2a: Quagsire|Recover|p2a: Quagsire
|-heal|p2a: Quagsire|100/100 tox
|
|-heal|p1a: Eternatus|57/100 brn|[from] item: Leftovers
|-damage|p1a: Eternatus|51/100 brn|[from] brn
|-damage|p2a: Quagsire|82/100 tox|[from] psn
|upkeep
|turn|152
|
|switch|p2a: Tyranitar|Tyranitar, F|77/100
|-weather|Sandstorm|[from] ability: Sand Stream|[of] p2a: Tyranitar
|move|p1a: Eternatus|Recover|p1a: Eternatus
|-heal|p1a: Eternatus|100/100 brn
|
|-weather|Sandstorm|[upkeep]
|-damage|p1a: Eternatus|94/100 brn|[from] Sandstorm
|-heal|p1a: Eternatus|100/100 brn|[from] item: Leftovers
|-heal|p2a: Tyranitar|83/100|[from] item: Leftovers
|-damage|p1a: Eternatus|94/100 brn|[from] brn
|upkeep
|turn|153
|
|move|p1a: Eternatus|Toxic|p2a: Tyranitar
|-status|p2a: Tyranitar|tox
|move|p2a: Tyranitar|Earthquake|p1a: Eternatus
|-supereffective|p1a: Eternatus
|-damage|p1a: Eternatus|64/100 brn
|
|-weather|Sandstorm|[upkeep]
|-damage|p1a: Eternatus|58/100 brn|[from] Sandstorm
|-heal|p1a: Eternatus|64/100 brn|[from] item: Leftovers
|-heal|p2a: Tyranitar|89/100 tox|[from] item: Leftovers
|-damage|p1a: Eternatus|58/100 brn|[from] brn
|-damage|p2a: Tyranitar|83/100 tox|[from] psn
|upkeep
|turn|154
|
|switch|p1a: Corviknight|Corviknight, F|88/100
|-damage|p1a: Corviknight|75/100|[from] Stealth Rock
|-ability|p1a: Corviknight|Pressure
|move|p2a: Tyranitar|Rest|p2a: Tyranitar
|-status|p2a: Tyranitar|slp|[from] move: Rest
|-heal|p2a: Tyranitar|100/100 slp|[silent]
|
|-weather|Sandstorm|[upkeep]
|-heal|p1a: Corviknight|82/100|[from] item: Leftovers
|upkeep
|turn|155
|
|switch|p2a: Corviknight|Corviknight, F|47/100
|-ability|p2a: Corviknight|Pressure
|move|p1a: Corviknight|U-turn|p2a: Corviknight
|-resisted|p2a: Corviknight
|-damage|p2a: Corviknight|45/100
|-damage|p1a: Corviknight|65/100|[from] item: Rocky Helmet|[of] p2a: Corviknight
|
|switch|p1a: Zacian|Zacian-Crowned|81/100|[from]move: U-turn
|-damage|p1a: Zacian|75/100|[from] Stealth Rock
|-ability|p1a: Zacian|Intrepid Sword|boost
|-boost|p1a: Zacian|atk|1
|
|-weather|Sandstorm|[upkeep]
|upkeep
|turn|156
|
|switch|p2a: Quagsire|Quagsire, M|82/100 tox
|move|p1a: Zacian|Close Combat|p2a: Quagsire
|-damage|p2a: Quagsire|45/100 tox
|-unboost|p1a: Zacian|def|1
|-unboost|p1a: Zacian|spd|1
|
|-weather|none
|-damage|p2a: Quagsire|39/100 tox|[from] psn
|upkeep
|turn|157
|
|move|p1a: Zacian|Behemoth Blade|p2a: Quagsire
|-resisted|p2a: Quagsire
|-damage|p2a: Quagsire|17/100 tox
|move|p2a: Quagsire|Recover|p2a: Quagsire
|-heal|p2a: Quagsire|67/100 tox
|
|-damage|p2a: Quagsire|55/100 tox|[from] psn
|upkeep
|turn|158
|inactive|I like Lovely has 120 seconds left.
|
|switch|p1a: Corviknight|Corviknight, F|65/100
|-damage|p1a: Corviknight|53/100|[from] Stealth Rock
|-ability|p1a: Corviknight|Pressure
|move|p2a: Quagsire|Recover|p2a: Quagsire
|-heal|p2a: Quagsire|100/100 tox
|
|-heal|p1a: Corviknight|59/100|[from] item: Leftovers
|-damage|p2a: Quagsire|82/100 tox|[from] psn
|upkeep
|turn|159
|inactive|I like Lovely has 120 seconds left.
|
|switch|p2a: Corviknight|Corviknight, F|45/100
|-ability|p2a: Corviknight|Pressure
|move|p1a: Corviknight|Defog|p2a: Corviknight
|-unboost|p2a: Corviknight|evasion|1
|-sideend|p1: Silvery1|Stealth Rock|[from] move: Defog|[of] p1a: Corviknight
|
|-heal|p1a: Corviknight|65/100|[from] item: Leftovers
|upkeep
|turn|160
|
|move|p1a: Corviknight|Roost|p1a: Corviknight
|-heal|p1a: Corviknight|100/100
|-singleturn|p1a: Corviknight|move: Roost
|move|p2a: Corviknight|Roost|p2a: Corviknight
|-heal|p2a: Corviknight|95/100
|-singleturn|p2a: Corviknight|move: Roost
|
|upkeep
|turn|161
|
|switch|p1a: Eternatus|Eternatus|58/100 brn
|-ability|p1a: Eternatus|Pressure
|move|p2a: Corviknight|U-turn|p1a: Eternatus
|-resisted|p1a: Eternatus
|-damage|p1a: Eternatus|54/100 brn
|
|switch|p2a: Tyranitar|Tyranitar, F|100/100 slp|[from]move: U-turn
|-weather|Sandstorm|[from] ability: Sand Stream|[of] p2a: Tyranitar
|
|-weather|Sandstorm|[upkeep]
|-damage|p1a: Eternatus|48/100 brn|[from] Sandstorm
|-heal|p1a: Eternatus|54/100 brn|[from] item: Leftovers
|-damage|p1a: Eternatus|48/100 brn|[from] brn
|upkeep
|turn|162
|
|move|p1a: Eternatus|Recover|p1a: Eternatus
|-heal|p1a: Eternatus|98/100 brn
|cant|p2a: Tyranitar|slp
|
|-weather|Sandstorm|[upkeep]
|-damage|p1a: Eternatus|91/100 brn|[from] Sandstorm
|-heal|p1a: Eternatus|98/100 brn|[from] item: Leftovers
|-damage|p1a: Eternatus|91/100 brn|[from] brn
|upkeep
|turn|163
|
|switch|p1a: Zacian|Zacian-Crowned|75/100
|-ability|p1a: Zacian|Intrepid Sword|boost
|-boost|p1a: Zacian|atk|1
|cant|p2a: Tyranitar|slp
|
|-weather|Sandstorm|[upkeep]
|upkeep
|turn|164
|
|switch|p2a: Corviknight|Corviknight, F|95/100
|-ability|p2a: Corviknight|Pressure
|move|p1a: Zacian|Behemoth Blade|p2a: Corviknight
|-resisted|p2a: Corviknight
|-damage|p2a: Corviknight|66/100
|-damage|p1a: Zacian|58/100|[from] item: Rocky Helmet|[of] p2a: Corviknight
|
|-weather|Sandstorm|[upkeep]
|upkeep
|turn|165
|
|switch|p1a: Clefable|Clefable, F|21/100 brn
|switch|p2a: Quagsire|Quagsire, M|82/100 tox
|
|-weather|none
|-damage|p2a: Quagsire|76/100 tox|[from] psn
|upkeep
|turn|166
|
|switch|p2a: Tyranitar|Tyranitar, F|100/100 slp
|-weather|Sandstorm|[from] ability: Sand Stream|[of] p2a: Tyranitar
|move|p1a: Clefable|Moonlight|p1a: Clefable
|-heal|p1a: Clefable|45/100 brn
|
|-weather|Sandstorm|[upkeep]
|upkeep
|turn|167
|
|switch|p1a: Corviknight|Corviknight, F|100/100
|-ability|p1a: Corviknight|Pressure
|-curestatus|p2a: Tyranitar|slp|[msg]
|move|p2a: Tyranitar|Crunch|p1a: Corviknight
|-damage|p1a: Corviknight|77/100
|-unboost|p1a: Corviknight|def|1
|
|-weather|Sandstorm|[upkeep]
|-heal|p1a: Corviknight|83/100|[from] item: Leftovers
|upkeep
|turn|168
|
|switch|p1a: Eternatus|Eternatus|91/100 brn
|-ability|p1a: Eternatus|Pressure
|move|p2a: Tyranitar|Stealth Rock|p1a: Eternatus
|-sidestart|p1: Silvery1|move: Stealth Rock
|
|-weather|Sandstorm|[upkeep]
|-damage|p1a: Eternatus|85/100 brn|[from] Sandstorm
|-heal|p1a: Eternatus|91/100 brn|[from] item: Leftovers
|-damage|p1a: Eternatus|85/100 brn|[from] brn
|upkeep
|turn|169
|
|switch|p1a: Corviknight|Corviknight, F|83/100
|-damage|p1a: Corviknight|71/100|[from] Stealth Rock
|-ability|p1a: Corviknight|Pressure
|switch|p2a: Eternatus|Eternatus|91/100
|-ability|p2a: Eternatus|Pressure
|
|-weather|Sandstorm|[upkeep]
|-damage|p2a: Eternatus|84/100|[from] Sandstorm
|-heal|p2a: Eternatus|91/100|[from] item: Black Sludge
|-heal|p1a: Corviknight|77/100|[from] item: Leftovers
|upkeep
|turn|170
|
|switch|p2a: Corviknight|Corviknight, F|66/100
|-ability|p2a: Corviknight|Pressure
|switch|p1a: Toxapex|Toxapex, F|100/100
|-damage|p1a: Toxapex|88/100|[from] Stealth Rock
|
|-weather|none
|-heal|p1a: Toxapex|94/100|[from] item: Leftovers
|upkeep
|turn|171
|
|switch|p2a: Quagsire|Quagsire, M|76/100 tox
|move|p1a: Toxapex|Scald|p2a: Quagsire
|-damage|p2a: Quagsire|54/100 tox
|
|-heal|p1a: Toxapex|100/100|[from] item: Leftovers
|-damage|p2a: Quagsire|48/100 tox|[from] psn
|upkeep
|turn|172
|
|-start|p1a: Toxapex|Dynamax
|-heal|p1a: Toxapex|100/100|[silent]
|move|p2a: Quagsire|Recover|p2a: Quagsire
|-heal|p2a: Quagsire|98/100 tox
|move|p1a: Toxapex|Max Geyser|p2a: Quagsire
|-damage|p2a: Quagsire|65/100 tox
|-weather|RainDance
|
|-weather|RainDance|[upkeep]
|-damage|p2a: Quagsire|53/100 tox|[from] psn
|upkeep
|turn|173
|
|switch|p2a: Eternatus|Eternatus|91/100
|-ability|p2a: Eternatus|Pressure
|move|p1a: Toxapex|Max Geyser|p2a: Eternatus
|-resisted|p2a: Eternatus
|-damage|p2a: Eternatus|75/100
|
|-weather|RainDance|[upkeep]
|-heal|p2a: Eternatus|81/100|[from] item: Black Sludge
|upkeep
|turn|174
|
|move|p2a: Eternatus|Substitute|p2a: Eternatus
|-start|p2a: Eternatus|Substitute
|-damage|p2a: Eternatus|56/100
|move|p1a: Toxapex|Max Geyser|p2a: Eternatus
|-resisted|p2a: Eternatus
|-activate|p2a: Eternatus|move: Substitute|[damage]
|
|-weather|RainDance|[upkeep]
|-heal|p2a: Eternatus|62/100|[from] item: Black Sludge
|-end|p1a: Toxapex|Dynamax
|-heal|p1a: Toxapex|100/100|[silent]
|upkeep
|turn|175
|
|switch|p1a: Corviknight|Corviknight, F|77/100
|-damage|p1a: Corviknight|64/100|[from] Stealth Rock
|-ability|p1a: Corviknight|Pressure
|move|p2a: Eternatus|Recover|p2a: Eternatus
|-heal|p2a: Eternatus|100/100
|
|-weather|RainDance|[upkeep]
|-heal|p1a: Corviknight|71/100|[from] item: Leftovers
|upkeep
|turn|176
|c|☆Silvery1|o
|
|switch|p2a: Quagsire|Quagsire, M|53/100 tox
|move|p1a: Corviknight|Defog|p2a: Quagsire
|-unboost|p2a: Quagsire|evasion|1
|-sideend|p1: Silvery1|Stealth Rock|[from] move: Defog|[of] p1a: Corviknight
|
|-weather|none
|-heal|p1a: Corviknight|77/100|[from] item: Leftovers
|-damage|p2a: Quagsire|47/100 tox|[from] psn
|upkeep
|turn|177
|
|move|p1a: Corviknight|Brave Bird|p2a: Quagsire
|-damage|p2a: Quagsire|23/100 tox
|-damage|p1a: Corviknight|69/100|[from] Recoil
|move|p2a: Quagsire|Recover|p2a: Quagsire
|-heal|p2a: Quagsire|73/100 tox
|
|-heal|p1a: Corviknight|75/100|[from] item: Leftovers
|-damage|p2a: Quagsire|61/100 tox|[from] psn
|upkeep
|turn|178
|
|move|p1a: Corviknight|Brave Bird|p2a: Quagsire
|-damage|p2a: Quagsire|37/100 tox
|-damage|p1a: Corviknight|67/100|[from] Recoil
|move|p2a: Quagsire|Recover|p2a: Quagsire
|-heal|p2a: Quagsire|87/100 tox
|
|-heal|p1a: Corviknight|74/100|[from] item: Leftovers
|-damage|p2a: Quagsire|69/100 tox|[from] psn
|upkeep
|turn|179
|
|switch|p2a: Tyranitar|Tyranitar, F|100/100
|-weather|Sandstorm|[from] ability: Sand Stream|[of] p2a: Tyranitar
|move|p1a: Corviknight|Brave Bird|p2a: Tyranitar
|-resisted|p2a: Tyranitar
|-damage|p2a: Tyranitar|85/100
|-damage|p1a: Corviknight|68/100|[from] Recoil
|
|-weather|Sandstorm|[upkeep]
|-heal|p1a: Corviknight|75/100|[from] item: Leftovers
|-heal|p2a: Tyranitar|91/100|[from] item: Leftovers
|upkeep
|turn|180
|
|move|p1a: Corviknight|U-turn|p2a: Tyranitar
|-supereffective|p2a: Tyranitar
|-damage|p2a: Tyranitar|69/100
|
|switch|p1a: Zacian|Zacian-Crowned|58/100|[from]move: U-turn
|-ability|p1a: Zacian|Intrepid Sword|boost
|-boost|p1a: Zacian|atk|1
|move|p2a: Tyranitar|Stealth Rock|p1a: Zacian
|-sidestart|p1: Silvery1|move: Stealth Rock
|
|-weather|Sandstorm|[upkeep]
|-heal|p2a: Tyranitar|75/100|[from] item: Leftovers
|upkeep
|turn|181
|
|switch|p2a: Quagsire|Quagsire, M|69/100 tox
|move|p1a: Zacian|Wild Charge|p2a: Quagsire
|-immune|p2a: Quagsire
|
|-weather|Sandstorm|[upkeep]
|-damage|p2a: Quagsire|63/100 tox|[from] psn
|upkeep
|turn|182
|
|switch|p1a: Corviknight|Corviknight, F|75/100
|-damage|p1a: Corviknight|62/100|[from] Stealth Rock
|-ability|p1a: Corviknight|Pressure
|move|p2a: Quagsire|Recover|p2a: Quagsire
|-heal|p2a: Quagsire|100/100 tox
|
|-weather|Sandstorm|[upkeep]
|-heal|p1a: Corviknight|68/100|[from] item: Leftovers
|-damage|p2a: Quagsire|88/100 tox|[from] psn
|upkeep
|turn|183
|
|switch|p2a: Corviknight|Corviknight, F|66/100
|-ability|p2a: Corviknight|Pressure
|move|p1a: Corviknight|Roost|p1a: Corviknight
|-heal|p1a: Corviknight|100/100
|-singleturn|p1a: Corviknight|move: Roost
|
|-weather|none
|upkeep
|turn|184
|
|move|p1a: Corviknight|Defog|p2a: Corviknight
|-unboost|p2a: Corviknight|evasion|1
|-sideend|p1: Silvery1|Stealth Rock|[from] move: Defog|[of] p1a: Corviknight
|move|p2a: Corviknight|Roost|p2a: Corviknight
|-heal|p2a: Corviknight|100/100
|-singleturn|p2a: Corviknight|move: Roost
|
|upkeep
|turn|185
|
|move|p1a: Corviknight|U-turn|p2a: Corviknight
|-resisted|p2a: Corviknight
|-damage|p2a: Corviknight|98/100
|-damage|p1a: Corviknight|84/100|[from] item: Rocky Helmet|[of] p2a: Corviknight
|
|switch|p1a: Toxapex|Toxapex, F|100/100|[from]move: U-turn
|move|p2a: Corviknight|U-turn|p1a: Toxapex
|-resisted|p1a: Toxapex
|-damage|p1a: Toxapex|96/100
|j| Orpheus
|
|switch|p2a: Zacian|Zacian-Crowned|32/100|[from]move: U-turn
|-ability|p2a: Zacian|Intrepid Sword|boost
|-boost|p2a: Zacian|atk|1
|
|-heal|p1a: Toxapex|100/100|[from] item: Leftovers
|upkeep
|turn|186
|
|move|p2a: Zacian|Psychic Fangs|p1a: Toxapex
|-supereffective|p1a: Toxapex
|-damage|p1a: Toxapex|29/100
|move|p1a: Toxapex|Scald|p2a: Zacian
|-damage|p2a: Zacian|16/100
|
|-heal|p1a: Toxapex|35/100|[from] item: Leftovers
|upkeep
|turn|187
|
|switch|p1a: Corviknight|Corviknight, F|84/100
|-ability|p1a: Corviknight|Pressure
|move|p2a: Zacian|Psychic Fangs|p1a: Corviknight
|-resisted|p1a: Corviknight
|-damage|p1a: Corviknight|64/100
|
|-heal|p1a: Corviknight|70/100|[from] item: Leftovers
|upkeep
|turn|188
|inactive|I like Lovely has 120 seconds left.
|
|move|p2a: Zacian|Sacred Sword|p1a: Corviknight
|-damage|p1a: Corviknight|31/100
|move|p1a: Corviknight|Brave Bird|p2a: Zacian
|-resisted|p2a: Zacian
|-damage|p2a: Zacian|0 fnt
|-damage|p1a: Corviknight|27/100|[from] Recoil
|faint|p2a: Zacian
|
|-heal|p1a: Corviknight|33/100|[from] item: Leftovers
|upkeep
|inactive|I like Lovely has 120 seconds left.
|
|switch|p2a: Eternatus|Eternatus|100/100
|-ability|p2a: Eternatus|Pressure
|turn|189
|
|switch|p2a: Tyranitar|Tyranitar, F|75/100
|-weather|Sandstorm|[from] ability: Sand Stream|[of] p2a: Tyranitar
|switch|p1a: Toxapex|Toxapex, F|68/100
|
|-weather|Sandstorm|[upkeep]
|-damage|p1a: Toxapex|62/100|[from] Sandstorm
|-heal|p2a: Tyranitar|82/100|[from] item: Leftovers
|-heal|p1a: Toxapex|68/100|[from] item: Leftovers
|upkeep
|turn|190
|
|switch|p1a: Corviknight|Corviknight, F|33/100
|-ability|p1a: Corviknight|Pressure
|move|p2a: Tyranitar|Stealth Rock|p1a: Corviknight
|-sidestart|p1: Silvery1|move: Stealth Rock
|
|-weather|Sandstorm|[upkeep]
|-heal|p1a: Corviknight|39/100|[from] item: Leftovers
|-heal|p2a: Tyranitar|88/100|[from] item: Leftovers
|upkeep
|turn|191
|
|switch|p2a: Corviknight|Corviknight, F|98/100
|-ability|p2a: Corviknight|Pressure
|move|p1a: Corviknight|Roost|p1a: Corviknight
|-heal|p1a: Corviknight|89/100
|-singleturn|p1a: Corviknight|move: Roost
|
|-weather|Sandstorm|[upkeep]
|-heal|p1a: Corviknight|96/100|[from] item: Leftovers
|upkeep
|turn|192
|
|switch|p2a: Eternatus|Eternatus|100/100
|-ability|p2a: Eternatus|Pressure
|move|p1a: Corviknight|Defog|p2a: Eternatus
|-unboost|p2a: Eternatus|evasion|1
|-sideend|p1: Silvery1|Stealth Rock|[from] move: Defog|[of] p1a: Corviknight
|
|-weather|Sandstorm|[upkeep]
|-damage|p2a: Eternatus|94/100|[from] Sandstorm
|-heal|p2a: Eternatus|100/100|[from] item: Black Sludge
|-heal|p1a: Corviknight|100/100|[from] item: Leftovers
|upkeep
|turn|193
|
|switch|p1a: Toxapex|Toxapex, F|100/100
|move|p2a: Eternatus|Substitute|p2a: Eternatus
|-start|p2a: Eternatus|Substitute
|-damage|p2a: Eternatus|76/100
|
|-weather|none
|-heal|p2a: Eternatus|82/100|[from] item: Black Sludge
|upkeep
|turn|194
|
|switch|p2a: Tyranitar|Tyranitar, F|88/100
|-weather|Sandstorm|[from] ability: Sand Stream|[of] p2a: Tyranitar
|move|p1a: Toxapex|Baneful Bunker||[still]
|-fail|p1a: Toxapex
|
|-weather|Sandstorm|[upkeep]
|-damage|p1a: Toxapex|94/100|[from] Sandstorm
|-heal|p2a: Tyranitar|94/100|[from] item: Leftovers
|-heal|p1a: Toxapex|100/100|[from] item: Leftovers
|upkeep
|turn|195
|
|move|p2a: Tyranitar|Stealth Rock|p1a: Toxapex
|-sidestart|p1: Silvery1|move: Stealth Rock
|move|p1a: Toxapex|Scald|p2a: Tyranitar
|-supereffective|p2a: Tyranitar
|-damage|p2a: Tyranitar|81/100
|-status|p2a: Tyranitar|brn
|
|-weather|Sandstorm|[upkeep]
|-damage|p1a: Toxapex|94/100|[from] Sandstorm
|-heal|p2a: Tyranitar|87/100 brn|[from] item: Leftovers
|-heal|p1a: Toxapex|100/100|[from] item: Leftovers
|-damage|p2a: Tyranitar|81/100 brn|[from] brn
|upkeep
|turn|196
|
|switch|p1a: Corviknight|Corviknight, F|100/100
|-damage|p1a: Corviknight|88/100|[from] Stealth Rock
|-ability|p1a: Corviknight|Pressure
|move|p2a: Tyranitar|Rest|p2a: Tyranitar
|-status|p2a: Tyranitar|slp|[from] move: Rest
|-heal|p2a: Tyranitar|100/100 slp|[silent]
|
|-weather|Sandstorm|[upkeep]
|-heal|p1a: Corviknight|94/100|[from] item: Leftovers
|upkeep
|turn|197
|inactive|I like Lovely has 90 seconds left.
|
|move|p1a: Corviknight|Defog|p2a: Tyranitar
|-unboost|p2a: Tyranitar|evasion|1
|-sideend|p1: Silvery1|Stealth Rock|[from] move: Defog|[of] p1a: Corviknight
|cant|p2a: Tyranitar|slp
|
|-weather|Sandstorm|[upkeep]
|-heal|p1a: Corviknight|100/100|[from] item: Leftovers
|upkeep
|turn|198
|
|move|p1a: Corviknight|U-turn|p2a: Tyranitar
|-supereffective|p2a: Tyranitar
|-damage|p2a: Tyranitar|78/100 slp
|
|switch|p1a: Zacian|Zacian-Crowned|58/100|[from]move: U-turn
|-ability|p1a: Zacian|Intrepid Sword|boost
|-boost|p1a: Zacian|atk|1
|cant|p2a: Tyranitar|slp
|
|-weather|none
|-heal|p2a: Tyranitar|84/100 slp|[from] item: Leftovers
|upkeep
|turn|199
|
|switch|p2a: Corviknight|Corviknight, F|98/100
|-ability|p2a: Corviknight|Pressure
|move|p1a: Zacian|Behemoth Blade|p2a: Corviknight
|-resisted|p2a: Corviknight
|-damage|p2a: Corviknight|68/100
|-damage|p1a: Zacian|41/100|[from] item: Rocky Helmet|[of] p2a: Corviknight
|
|upkeep
|turn|200
|inactive|I like Lovely has 90 seconds left.
|
|switch|p1a: Clefable|Clefable, F|45/100 brn
|switch|p2a: Quagsire|Quagsire, M|88/100 tox
|
|-damage|p2a: Quagsire|82/100 tox|[from] psn
|upkeep
|turn|201
|inactive|I like Lovely has 90 seconds left.
|c|☆Silvery1|o
|
|switch|p2a: Tyranitar|Tyranitar, F|84/100 slp
|-weather|Sandstorm|[from] ability: Sand Stream|[of] p2a: Tyranitar
|move|p1a: Clefable|Moonlight|p1a: Clefable
|-heal|p1a: Clefable|70/100 brn
|
|-weather|Sandstorm|[upkeep]
|-heal|p2a: Tyranitar|90/100 slp|[from] item: Leftovers
|upkeep
|turn|202
|inactive|I like Lovely has 60 seconds left.
|
|move|p1a: Clefable|Calm Mind|p1a: Clefable
|-boost|p1a: Clefable|spa|1
|-boost|p1a: Clefable|spd|1
|-curestatus|p2a: Tyranitar|slp|[msg]
|move|p2a: Tyranitar|Crunch|p1a: Clefable
|-resisted|p1a: Clefable
|-damage|p1a: Clefable|55/100 brn
|
|-weather|Sandstorm|[upkeep]
|-heal|p2a: Tyranitar|96/100|[from] item: Leftovers
|upkeep
|turn|203
|
|move|p1a: Clefable|Moonblast|p2a: Tyranitar
|-supereffective|p2a: Tyranitar
|-damage|p2a: Tyranitar|46/100
|move|p2a: Tyranitar|Crunch|p1a: Clefable
|-resisted|p1a: Clefable
|-damage|p1a: Clefable|39/100 brn
|
|-weather|Sandstorm|[upkeep]
|-heal|p2a: Tyranitar|52/100|[from] item: Leftovers
|upkeep
|turn|204
|inactive|I like Lovely has 60 seconds left.
|c|☆Silvery1|o
|
|switch|p2a: Ditto|Ditto|99/100
|-transform|p2a: Ditto|p1a: Clefable|[from] ability: Imposter
|move|p1a: Clefable|Moonblast|p2a: Ditto
|-damage|p2a: Ditto|48/100
|-unboost|p2a: Ditto|spa|1
|
|-weather|Sandstorm|[upkeep]
|upkeep
|turn|205
|inactive|Silvery1 has 120 seconds left.
|inactive|I like Lovely has 30 seconds left.
|
|switch|p2a: Eternatus|Eternatus|82/100
|-ability|p2a: Eternatus|Pressure
|switch|p1a: Toxapex|Toxapex, F|100/100
|
|-weather|none
|-heal|p2a: Eternatus|88/100|[from] item: Black Sludge
|upkeep
|turn|206
|inactive|I like Lovely has 25 seconds left this turn.
|
|switch|p2a: Tyranitar|Tyranitar, F|52/100
|-weather|Sandstorm|[from] ability: Sand Stream|[of] p2a: Tyranitar
|switch|p1a: Zacian|Zacian-Crowned|41/100
|-ability|p1a: Zacian|Intrepid Sword|boost
|-boost|p1a: Zacian|atk|1
|
|-weather|Sandstorm|[upkeep]
|-heal|p2a: Tyranitar|58/100|[from] item: Leftovers
|upkeep
|turn|207
|inactive|I like Lovely has 30 seconds left this turn.
|
|switch|p2a: Quagsire|Quagsire, M|82/100 tox
|move|p1a: Zacian|Behemoth Blade|p2a: Quagsire
|-resisted|p2a: Quagsire
|-damage|p2a: Quagsire|59/100 tox
|
|-weather|Sandstorm|[upkeep]
|-damage|p2a: Quagsire|53/100 tox|[from] psn
|upkeep
|turn|208
|inactive|I like Lovely has 25 seconds left this turn.
|
|switch|p1a: Corviknight|Corviknight, F|100/100
|-ability|p1a: Corviknight|Pressure
|move|p2a: Quagsire|Recover|p2a: Quagsire
|-heal|p2a: Quagsire|100/100 tox
|
|-weather|Sandstorm|[upkeep]
|-damage|p2a: Quagsire|88/100 tox|[from] psn
|upkeep
|turn|209
|inactive|I like Lovely has 30 seconds left this turn.
|
|switch|p2a: Corviknight|Corviknight, F|68/100
|-ability|p2a: Corviknight|Pressure
|move|p1a: Corviknight|U-turn|p2a: Corviknight
|-resisted|p2a: Corviknight
|-damage|p2a: Corviknight|66/100
|-damage|p1a: Corviknight|84/100|[from] item: Rocky Helmet|[of] p2a: Corviknight
|inactive|I like Lovely has 25 seconds left this turn.
|
|switch|p1a: Eternatus|Eternatus|85/100 brn|[from]move: U-turn
|-ability|p1a: Eternatus|Pressure
|
|-weather|Sandstorm|[upkeep]
|-damage|p1a: Eternatus|79/100 brn|[from] Sandstorm
|-heal|p1a: Eternatus|85/100 brn|[from] item: Leftovers
|-damage|p1a: Eternatus|79/100 brn|[from] brn
|upkeep
|turn|210
|inactive|I like Lovely has 30 seconds left this turn.
|
|switch|p2a: Tyranitar|Tyranitar, F|58/100
|move|p1a: Eternatus|Dragon Tail|p2a: Tyranitar
|-damage|p2a: Tyranitar|51/100
|drag|p2a: Quagsire|Quagsire, M|88/100 tox
|
|-weather|none
|-heal|p1a: Eternatus|85/100 brn|[from] item: Leftovers
|-damage|p1a: Eternatus|79/100 brn|[from] brn
|-damage|p2a: Quagsire|82/100 tox|[from] psn
|upkeep
|turn|211
|inactive|I like Lovely has 30 seconds left this turn.
|
|switch|p2a: Tyranitar|Tyranitar, F|51/100
|-weather|Sandstorm|[from] ability: Sand Stream|[of] p2a: Tyranitar
|move|p1a: Eternatus|Dragon Tail|p2a: Tyranitar
|-damage|p2a: Tyranitar|46/100
|drag|p2a: Quagsire|Quagsire, M|82/100 tox
|
|-weather|Sandstorm|[upkeep]
|-damage|p1a: Eternatus|73/100 brn|[from] Sandstorm
|-heal|p1a: Eternatus|79/100 brn|[from] item: Leftovers
|-damage|p1a: Eternatus|73/100 brn|[from] brn
|-damage|p2a: Quagsire|76/100 tox|[from] psn
|upkeep
|turn|212
|inactive|I like Lovely has 30 seconds left this turn.
|
|move|p2a: Quagsire|Recover|p2a: Quagsire
|-heal|p2a: Quagsire|100/100 tox
|move|p1a: Eternatus|Dragon Tail|p2a: Quagsire
|-crit|p2a: Quagsire
|-damage|p2a: Quagsire|93/100 tox
|drag|p2a: Ditto|Ditto|48/100
|-transform|p2a: Ditto|p1a: Eternatus|[from] ability: Imposter
|-ability|p2a: Ditto|Pressure
|
|-weather|Sandstorm|[upkeep]
|-damage|p2a: Ditto|42/100|[from] Sandstorm
|-damage|p1a: Eternatus|67/100 brn|[from] Sandstorm
|-heal|p1a: Eternatus|73/100 brn|[from] item: Leftovers
|-damage|p1a: Eternatus|67/100 brn|[from] brn
|upkeep
|turn|213
|inactive|I like Lovely has 25 seconds left this turn.
|
|switch|p1a: Zacian|Zacian-Crowned|41/100
|-ability|p1a: Zacian|Intrepid Sword|boost
|-boost|p1a: Zacian|atk|1
|move|p2a: Ditto|Recover|p2a: Ditto
|-heal|p2a: Ditto|92/100
|
|-weather|Sandstorm|[upkeep]
|-damage|p2a: Ditto|86/100|[from] Sandstorm
|upkeep
|turn|214
|inactive|I like Lovely has 30 seconds left this turn.
|inactive|I like Lovely has 20 seconds left.
|
|switch|p1a: Eternatus|Eternatus|67/100 brn
|-ability|p1a: Eternatus|Pressure
|move|p2a: Ditto|Recover|p2a: Ditto
|-heal|p2a: Ditto|100/100
|
|-weather|Sandstorm|[upkeep]
|-damage|p2a: Ditto|94/100|[from] Sandstorm
|-damage|p1a: Eternatus|60/100 brn|[from] Sandstorm
|-heal|p1a: Eternatus|67/100 brn|[from] item: Leftovers
|-damage|p1a: Eternatus|60/100 brn|[from] brn
|upkeep
|turn|215
|inactive|I like Lovely has 20 seconds left this turn.
|inactive|Silvery1 has 90 seconds left.
|
|move|p2a: Ditto|Recover|p2a: Ditto
|-heal|p2a: Ditto|100/100
|move|p1a: Eternatus|Dragon Tail|p2a: Ditto
|-supereffective|p2a: Ditto
|-damage|p2a: Ditto|85/100
|drag|p2a: Quagsire|Quagsire, M|93/100 tox
|
|-weather|none
|-heal|p1a: Eternatus|67/100 brn|[from] item: Leftovers
|-damage|p1a: Eternatus|60/100 brn|[from] brn
|-damage|p2a: Quagsire|87/100 tox|[from] psn
|upkeep
|turn|216
|inactive|I like Lovely has 25 seconds left this turn.
|j| ShubhamPlayZ
|inactive|I like Lovely has 20 seconds left.
|inactive|I like Lovely has 15 seconds left.
|
|switch|p2a: Eternatus|Eternatus|88/100
|-ability|p2a: Eternatus|Pressure
|move|p1a: Eternatus|Flamethrower|p2a: Eternatus
|-resisted|p2a: Eternatus
|-damage|p2a: Eternatus|77/100
|
|-heal|p2a: Eternatus|83/100|[from] item: Black Sludge
|-heal|p1a: Eternatus|67/100 brn|[from] item: Leftovers
|-damage|p1a: Eternatus|60/100 brn|[from] brn
|upkeep
|turn|217
|inactive|I like Lovely has 15 seconds left this turn.
|inactive|I like Lovely has 10 seconds left.
|
|switch|p1a: Toxapex|Toxapex, F|100/100
|move|p2a: Eternatus|Substitute|p2a: Eternatus
|-start|p2a: Eternatus|Substitute
|-damage|p2a: Eternatus|58/100
|
|-heal|p2a: Eternatus|64/100|[from] item: Black Sludge
|upkeep
|turn|218
|inactive|I like Lovely has 15 seconds left this turn.
|
|switch|p2a: Tyranitar|Tyranitar, F|46/100
|-weather|Sandstorm|[from] ability: Sand Stream|[of] p2a: Tyranitar
|move|p1a: Toxapex|Scald|p2a: Tyranitar
|-supereffective|p2a: Tyranitar
|-damage|p2a: Tyranitar|32/100
|
|-weather|Sandstorm|[upkeep]
|-damage|p1a: Toxapex|94/100|[from] Sandstorm
|-heal|p2a: Tyranitar|38/100|[from] item: Leftovers
|-heal|p1a: Toxapex|100/100|[from] item: Leftovers
|upkeep
|turn|219
|inactive|I like Lovely has 15 seconds left this turn.
|l| ShubhamPlayZ
|inactive|Silvery1 has 60 seconds left.
|
|switch|p1a: Clefable|Clefable, F|39/100 brn
|move|p2a: Tyranitar|Stealth Rock|p1a: Clefable
|-sidestart|p1: Silvery1|move: Stealth Rock
|
|-weather|Sandstorm|[upkeep]
|-heal|p2a: Tyranitar|45/100|[from] item: Leftovers
|upkeep
|turn|220
|inactive|I like Lovely has 20 seconds left this turn.
|inactive|Silvery1 has 60 seconds left.
|inactive|I like Lovely has 15 seconds left.
|
|move|p1a: Clefable|Moonblast|p2a: Tyranitar
|-supereffective|p2a: Tyranitar
|-damage|p2a: Tyranitar|8/100
|move|p2a: Tyranitar|Rest|p2a: Tyranitar
|-status|p2a: Tyranitar|slp|[from] move: Rest
|-heal|p2a: Tyranitar|100/100 slp|[silent]
|
|-weather|Sandstorm|[upkeep]
|upkeep
|turn|221
|inactive|I like Lovely has 15 seconds left this turn.
|inactive|I like Lovely has 10 seconds left.
|
|switch|p2a: Eternatus|Eternatus|64/100
|-ability|p2a: Eternatus|Pressure
|move|p1a: Clefable|Calm Mind|p1a: Clefable
|-boost|p1a: Clefable|spa|1
|-boost|p1a: Clefable|spd|1
|
|-weather|Sandstorm|[upkeep]
|-damage|p2a: Eternatus|58/100|[from] Sandstorm
|-heal|p2a: Eternatus|64/100|[from] item: Black Sludge
|upkeep
|turn|222
|inactive|I like Lovely has 15 seconds left this turn.
|inactive|I like Lovely has 10 seconds left.
|
|move|p2a: Eternatus|Flamethrower|p1a: Clefable
|-damage|p1a: Clefable|18/100 brn
|move|p1a: Clefable|Moonblast|p2a: Eternatus
|-damage|p2a: Eternatus|9/100
|
|-weather|none
|-heal|p2a: Eternatus|15/100|[from] item: Black Sludge
|upkeep
|turn|223
|inactive|I like Lovely has 10 seconds left this turn.
|
|switch|p1a: Toxapex|Toxapex, F|100/100
|-damage|p1a: Toxapex|88/100|[from] Stealth Rock
|move|p2a: Eternatus|Flamethrower|p1a: Toxapex
|-resisted|p1a: Toxapex
|-damage|p1a: Toxapex|75/100
|
|-heal|p2a: Eternatus|22/100|[from] item: Black Sludge
|-heal|p1a: Toxapex|81/100|[from] item: Leftovers
|upkeep
|turn|224
|inactive|I like Lovely has 15 seconds left this turn.
|
|switch|p1a: Corviknight|Corviknight, F|84/100
|-damage|p1a: Corviknight|71/100|[from] Stealth Rock
|-ability|p1a: Corviknight|Pressure
|move|p2a: Eternatus|Recover|p2a: Eternatus
|-heal|p2a: Eternatus|72/100
|
|-heal|p2a: Eternatus|78/100|[from] item: Black Sludge
|-heal|p1a: Corviknight|78/100|[from] item: Leftovers
|upkeep
|turn|225
|inactive|I like Lovely has 15 seconds left this turn.
|inactive|I like Lovely has 10 seconds left.
|
|move|p2a: Eternatus|Substitute|p2a: Eternatus
|-start|p2a: Eternatus|Substitute
|-damage|p2a: Eternatus|53/100
|move|p1a: Corviknight|Defog|p2a: Eternatus
|-sideend|p1: Silvery1|Stealth Rock|[from] move: Defog|[of] p1a: Corviknight
|
|-heal|p2a: Eternatus|59/100|[from] item: Black Sludge
|-heal|p1a: Corviknight|84/100|[from] item: Leftovers
|upkeep
|turn|226
|inactive|I like Lovely has 15 seconds left this turn.
|
|switch|p1a: Toxapex|Toxapex, F|100/100
|move|p2a: Eternatus|Flamethrower|p1a: Toxapex
|-resisted|p1a: Toxapex
|-damage|p1a: Toxapex|87/100
|
|-heal|p2a: Eternatus|65/100|[from] item: Black Sludge
|-heal|p1a: Toxapex|93/100|[from] item: Leftovers
|upkeep
|turn|227
|inactive|I like Lovely has 15 seconds left this turn.
|
|switch|p1a: Corviknight|Corviknight, F|84/100
|-ability|p1a: Corviknight|Pressure
|move|p2a: Eternatus|Recover|p2a: Eternatus
|-heal|p2a: Eternatus|100/100
|
|-heal|p1a: Corviknight|90/100|[from] item: Leftovers
|upkeep
|turn|228
|inactive|I like Lovely has 20 seconds left this turn.
|
|switch|p2a: Tyranitar|Tyranitar, F|100/100 slp
|-weather|Sandstorm|[from] ability: Sand Stream|[of] p2a: Tyranitar
|switch|p1a: Toxapex|Toxapex, F|100/100
|
|-weather|Sandstorm|[upkeep]
|-damage|p1a: Toxapex|94/100|[from] Sandstorm
|-heal|p1a: Toxapex|100/100|[from] item: Leftovers
|upkeep
|turn|229
|inactive|I like Lovely has 20 seconds left this turn.
|
|switch|p1a: Eternatus|Eternatus|60/100 brn
|-ability|p1a: Eternatus|Pressure
|cant|p2a: Tyranitar|slp
|
|-weather|Sandstorm|[upkeep]
|-damage|p1a: Eternatus|54/100 brn|[from] Sandstorm
|-heal|p1a: Eternatus|60/100 brn|[from] item: Leftovers
|-damage|p1a: Eternatus|54/100 brn|[from] brn
|upkeep
|turn|230
|inactive|I like Lovely has 25 seconds left this turn.
|
|move|p1a: Eternatus|Recover|p1a: Eternatus
|-heal|p1a: Eternatus|100/100 brn
|cant|p2a: Tyranitar|slp
|
|-weather|Sandstorm|[upkeep]
|-damage|p1a: Eternatus|94/100 brn|[from] Sandstorm
|-heal|p1a: Eternatus|100/100 brn|[from] item: Leftovers
|-damage|p1a: Eternatus|94/100 brn|[from] brn
|upkeep
|turn|231
|inactive|I like Lovely has 25 seconds left this turn.
|
|-curestatus|p2a: Tyranitar|slp|[msg]
|move|p2a: Tyranitar|Stealth Rock|p1a: Eternatus
|-sidestart|p1: Silvery1|move: Stealth Rock
|move|p1a: Eternatus|Dragon Tail|p2a: Tyranitar|[miss]
|-miss|p1a: Eternatus|p2a: Tyranitar
|
|-weather|Sandstorm|[upkeep]
|-damage|p1a: Eternatus|88/100 brn|[from] Sandstorm
|-heal|p1a: Eternatus|94/100 brn|[from] item: Leftovers
|-damage|p1a: Eternatus|88/100 brn|[from] brn
|upkeep
|turn|232
|inactive|I like Lovely has 30 seconds left this turn.
|
|switch|p1a: Corviknight|Corviknight, F|90/100
|-damage|p1a: Corviknight|78/100|[from] Stealth Rock
|-ability|p1a: Corviknight|Pressure
|switch|p2a: Eternatus|Eternatus|100/100
|-ability|p2a: Eternatus|Pressure
|
|-weather|none
|-heal|p1a: Corviknight|84/100|[from] item: Leftovers
|upkeep
|turn|233
|inactive|I like Lovely has 25 seconds left this turn.
|
|switch|p2a: Corviknight|Corviknight, F|66/100
|-ability|p2a: Corviknight|Pressure
|switch|p1a: Toxapex|Toxapex, F|100/100
|-damage|p1a: Toxapex|88/100|[from] Stealth Rock
|
|-heal|p1a: Toxapex|94/100|[from] item: Leftovers
|upkeep
|turn|234
|inactive|I like Lovely has 30 seconds left this turn.
|
|switch|p2a: Tyranitar|Tyranitar, F|100/100
|-weather|Sandstorm|[from] ability: Sand Stream|[of] p2a: Tyranitar
|move|p1a: Toxapex|Scald|p2a: Tyranitar
|-supereffective|p2a: Tyranitar
|-damage|p2a: Tyranitar|86/100
|
|-weather|Sandstorm|[upkeep]
|-damage|p1a: Toxapex|88/100|[from] Sandstorm
|-heal|p2a: Tyranitar|92/100|[from] item: Leftovers
|-heal|p1a: Toxapex|94/100|[from] item: Leftovers
|upkeep
|turn|235
|inactive|I like Lovely has 30 seconds left this turn.
|
|switch|p2a: Eternatus|Eternatus|100/100
|-ability|p2a: Eternatus|Pressure
|switch|p1a: Quagsire|Quagsire, F|79/100 tox
|-damage|p1a: Quagsire|73/100 tox|[from] Stealth Rock
|
|-weather|Sandstorm|[upkeep]
|-damage|p2a: Eternatus|94/100|[from] Sandstorm
|-heal|p2a: Eternatus|100/100|[from] item: Black Sludge
|-heal|p1a: Quagsire|79/100 tox|[from] item: Leftovers
|-damage|p1a: Quagsire|73/100 tox|[from] psn
|upkeep
|turn|236
|inactive|I like Lovely has 30 seconds left this turn.
|
|switch|p1a: Toxapex|Toxapex, F|100/100
|-damage|p1a: Toxapex|88/100|[from] Stealth Rock
|move|p2a: Eternatus|Substitute|p2a: Eternatus
|-start|p2a: Eternatus|Substitute
|-damage|p2a: Eternatus|76/100
|
|-weather|Sandstorm|[upkeep]
|-damage|p2a: Eternatus|69/100|[from] Sandstorm
|-damage|p1a: Toxapex|82/100|[from] Sandstorm
|-heal|p2a: Eternatus|76/100|[from] item: Black Sludge
|-heal|p1a: Toxapex|88/100|[from] item: Leftovers
|upkeep
|turn|237
|inactive|I like Lovely has 25 seconds left this turn.
|inactive|I like Lovely has 20 seconds left.
|
|switch|p2a: Tyranitar|Tyranitar, F|92/100
|switch|p1a: Corviknight|Corviknight, F|84/100
|-damage|p1a: Corviknight|71/100|[from] Stealth Rock
|-ability|p1a: Corviknight|Pressure
|
|-weather|Sandstorm|[upkeep]
|-heal|p1a: Corviknight|78/100|[from] item: Leftovers
|-heal|p2a: Tyranitar|98/100|[from] item: Leftovers
|upkeep
|turn|238
|inactive|I like Lovely has 25 seconds left this turn.
|
|switch|p1a: Toxapex|Toxapex, F|100/100
|-damage|p1a: Toxapex|88/100|[from] Stealth Rock
|switch|p2a: Corviknight|Corviknight, F|66/100
|-ability|p2a: Corviknight|Pressure
|
|-weather|none
|-heal|p1a: Toxapex|94/100|[from] item: Leftovers
|upkeep
|turn|239
|inactive|I like Lovely has 25 seconds left this turn.
|inactive|Silvery1 has 30 seconds left.
|
|switch|p1a: Corviknight|Corviknight, F|78/100
|-damage|p1a: Corviknight|65/100|[from] Stealth Rock
|-ability|p1a: Corviknight|Pressure
|move|p2a: Corviknight|Roost|p2a: Corviknight
|-heal|p2a: Corviknight|100/100
|-singleturn|p2a: Corviknight|move: Roost
|
|-heal|p1a: Corviknight|71/100|[from] item: Leftovers
|upkeep
|turn|240
|inactive|I like Lovely has 30 seconds left this turn.
|inactive|Silvery1 has 30 seconds left.
|
|switch|p1a: Eternatus|Eternatus|88/100 brn
|-damage|p1a: Eternatus|76/100 brn|[from] Stealth Rock
|-ability|p1a: Eternatus|Pressure
|switch|p2a: Tyranitar|Tyranitar, F|98/100
|-weather|Sandstorm|[from] ability: Sand Stream|[of] p2a: Tyranitar
|
|-weather|Sandstorm|[upkeep]
|-damage|p1a: Eternatus|70/100 brn|[from] Sandstorm
|-heal|p1a: Eternatus|76/100 brn|[from] item: Leftovers
|-heal|p2a: Tyranitar|100/100|[from] item: Leftovers
|-damage|p1a: Eternatus|70/100 brn|[from] brn
|upkeep
|turn|241
|inactive|Silvery1 has 30 seconds left this turn.
|inactive|I like Lovely has 30 seconds left this turn.
|inactive|Silvery1 has 20 seconds left.
|
|switch|p1a: Corviknight|Corviknight, F|71/100
|-damage|p1a: Corviknight|59/100|[from] Stealth Rock
|-ability|p1a: Corviknight|Pressure
|switch|p2a: Eternatus|Eternatus|76/100
|-ability|p2a: Eternatus|Pressure
|
|-weather|Sandstorm|[upkeep]
|-damage|p2a: Eternatus|69/100|[from] Sandstorm
|-heal|p2a: Eternatus|76/100|[from] item: Black Sludge
|-heal|p1a: Corviknight|65/100|[from] item: Leftovers
|upkeep
|turn|242
|inactive|Silvery1 has 25 seconds left this turn.
|
|switch|p2a: Tyranitar|Tyranitar, F|100/100
|switch|p1a: Toxapex|Toxapex, F|100/100
|-damage|p1a: Toxapex|88/100|[from] Stealth Rock
|
|-weather|Sandstorm|[upkeep]
|-damage|p1a: Toxapex|82/100|[from] Sandstorm
|-heal|p1a: Toxapex|88/100|[from] item: Leftovers
|upkeep
|turn|243
|inactive|Silvery1 has 25 seconds left this turn.
|inactive|Silvery1 has 20 seconds left.
|
|switch|p2a: Eternatus|Eternatus|76/100
|-ability|p2a: Eternatus|Pressure
|switch|p1a: Corviknight|Corviknight, F|65/100
|-damage|p1a: Corviknight|53/100|[from] Stealth Rock
|-ability|p1a: Corviknight|Pressure
|
|-weather|Sandstorm|[upkeep]
|-damage|p2a: Eternatus|69/100|[from] Sandstorm
|-heal|p2a: Eternatus|76/100|[from] item: Black Sludge
|-heal|p1a: Corviknight|59/100|[from] item: Leftovers
|upkeep
|turn|244
|inactive|Silvery1 has 25 seconds left this turn.
|inactive|Silvery1 has 20 seconds left.
|
|switch|p2a: Corviknight|Corviknight, F|100/100
|-ability|p2a: Corviknight|Pressure
|switch|p1a: Toxapex|Toxapex, F|100/100
|-damage|p1a: Toxapex|88/100|[from] Stealth Rock
|
|-weather|none
|-heal|p1a: Toxapex|94/100|[from] item: Leftovers
|upkeep
|turn|245
|inactive|Silvery1 has 20 seconds left this turn.
|inactive|I like Lovely has 30 seconds left.
|
|switch|p2a: Tyranitar|Tyranitar, F|100/100
|-weather|Sandstorm|[from] ability: Sand Stream|[of] p2a: Tyranitar
|move|p1a: Toxapex|Scald|p2a: Tyranitar
|-supereffective|p2a: Tyranitar
|-damage|p2a: Tyranitar|85/100
|
|-weather|Sandstorm|[upkeep]
|-damage|p1a: Toxapex|88/100|[from] Sandstorm
|-heal|p2a: Tyranitar|91/100|[from] item: Leftovers
|-heal|p1a: Toxapex|94/100|[from] item: Leftovers
|upkeep
|turn|246
|inactive|Silvery1 has 25 seconds left this turn.
|inactive|Silvery1 has 20 seconds left.
|
|switch|p2a: Eternatus|Eternatus|76/100
|-ability|p2a: Eternatus|Pressure
|move|p1a: Toxapex|Scald|p2a: Eternatus
|-resisted|p2a: Eternatus
|-damage|p2a: Eternatus|68/100
|
|-weather|Sandstorm|[upkeep]
|-damage|p2a: Eternatus|62/100|[from] Sandstorm
|-damage|p1a: Toxapex|88/100|[from] Sandstorm
|-heal|p2a: Eternatus|68/100|[from] item: Black Sludge
|-heal|p1a: Toxapex|94/100|[from] item: Leftovers
|upkeep
|turn|247
|inactive|Silvery1 has 20 seconds left this turn.
|inactive|Silvery1 has 15 seconds left.
|inactive|I like Lovely has 30 seconds left.
|
|switch|p2a: Tyranitar|Tyranitar, F|91/100
|move|p1a: Toxapex|Baneful Bunker||[still]
|-fail|p1a: Toxapex
|
|-weather|Sandstorm|[upkeep]
|-damage|p1a: Toxapex|88/100|[from] Sandstorm
|-heal|p2a: Tyranitar|98/100|[from] item: Leftovers
|-heal|p1a: Toxapex|94/100|[from] item: Leftovers
|upkeep
|turn|248
|inactive|Silvery1 has 20 seconds left this turn.
|inactive|Silvery1 has 15 seconds left.
|inactive|I like Lovely has 30 seconds left.
|
|switch|p1a: Eternatus|Eternatus|70/100 brn
|-damage|p1a: Eternatus|57/100 brn|[from] Stealth Rock
|-ability|p1a: Eternatus|Pressure
|move|p2a: Tyranitar|Crunch|p1a: Eternatus
|-damage|p1a: Eternatus|38/100 brn
|
|-weather|Sandstorm|[upkeep]
|-damage|p1a: Eternatus|31/100 brn|[from] Sandstorm
|-heal|p1a: Eternatus|38/100 brn|[from] item: Leftovers
|-heal|p2a: Tyranitar|100/100|[from] item: Leftovers
|-damage|p1a: Eternatus|31/100 brn|[from] brn
|upkeep
|turn|249
|inactive|Silvery1 has 15 seconds left this turn.
|inactive|I like Lovely has 30 seconds left this turn.
|
|switch|p2a: Eternatus|Eternatus|68/100
|-ability|p2a: Eternatus|Pressure
|move|p1a: Eternatus|Recover|p1a: Eternatus
|-heal|p1a: Eternatus|81/100 brn
|
|-weather|none
|-heal|p2a: Eternatus|74/100|[from] item: Black Sludge
|-heal|p1a: Eternatus|88/100 brn|[from] item: Leftovers
|-damage|p1a: Eternatus|81/100 brn|[from] brn
|upkeep
|turn|250
|inactive|Silvery1 has 20 seconds left this turn.
|inactive|Silvery1 has 15 seconds left.
|
|switch|p2a: Tyranitar|Tyranitar, F|100/100
|-weather|Sandstorm|[from] ability: Sand Stream|[of] p2a: Tyranitar
|switch|p1a: Toxapex|Toxapex, F|100/100
|-damage|p1a: Toxapex|88/100|[from] Stealth Rock
|
|-weather|Sandstorm|[upkeep]
|-damage|p1a: Toxapex|82/100|[from] Sandstorm
|-heal|p1a: Toxapex|88/100|[from] item: Leftovers
|upkeep
|turn|251
|inactive|Silvery1 has 15 seconds left this turn.
|inactive|I like Lovely has 30 seconds left.
|
|switch|p2a: Eternatus|Eternatus|74/100
|-ability|p2a: Eternatus|Pressure
|switch|p1a: Eternatus|Eternatus|81/100 brn
|-damage|p1a: Eternatus|69/100 brn|[from] Stealth Rock
|-ability|p1a: Eternatus|Pressure
|
|-weather|Sandstorm|[upkeep]
|-damage|p2a: Eternatus|68/100|[from] Sandstorm
|-damage|p1a: Eternatus|63/100 brn|[from] Sandstorm
|-heal|p2a: Eternatus|74/100|[from] item: Black Sludge
|-heal|p1a: Eternatus|69/100 brn|[from] item: Leftovers
|-damage|p1a: Eternatus|63/100 brn|[from] brn
|upkeep
|turn|252
|inactive|Silvery1 has 20 seconds left this turn.
|
|switch|p2a: Tyranitar|Tyranitar, F|100/100
|switch|p1a: Toxapex|Toxapex, F|100/100
|-damage|p1a: Toxapex|88/100|[from] Stealth Rock
|
|-weather|Sandstorm|[upkeep]
|-damage|p1a: Toxapex|82/100|[from] Sandstorm
|-heal|p1a: Toxapex|88/100|[from] item: Leftovers
|upkeep
|turn|253
|inactive|Silvery1 has 20 seconds left this turn.
|
|switch|p2a: Eternatus|Eternatus|74/100
|-ability|p2a: Eternatus|Pressure
|switch|p1a: Corviknight|Corviknight, F|59/100
|-damage|p1a: Corviknight|46/100|[from] Stealth Rock
|-ability|p1a: Corviknight|Pressure
|
|-weather|Sandstorm|[upkeep]
|-damage|p2a: Eternatus|68/100|[from] Sandstorm
|-heal|p2a: Eternatus|74/100|[from] item: Black Sludge
|-heal|p1a: Corviknight|53/100|[from] item: Leftovers
|upkeep
|turn|254
|inactive|Silvery1 has 25 seconds left this turn.
|
|switch|p2a: Corviknight|Corviknight, F|100/100
|-ability|p2a: Corviknight|Pressure
|switch|p1a: Toxapex|Toxapex, F|100/100
|-damage|p1a: Toxapex|88/100|[from] Stealth Rock
|
|-weather|none
|-heal|p1a: Toxapex|94/100|[from] item: Leftovers
|upkeep
|turn|255
|inactive|Silvery1 has 25 seconds left this turn.
|inactive|Silvery1 has 20 seconds left.
|
|switch|p2a: Tyranitar|Tyranitar, F|100/100
|-weather|Sandstorm|[from] ability: Sand Stream|[of] p2a: Tyranitar
|switch|p1a: Corviknight|Corviknight, F|53/100
|-damage|p1a: Corviknight|40/100|[from] Stealth Rock
|-ability|p1a: Corviknight|Pressure
|
|-weather|Sandstorm|[upkeep]
|-heal|p1a: Corviknight|46/100|[from] item: Leftovers
|upkeep
|turn|256
|inactive|Silvery1 has 25 seconds left this turn.
|
|switch|p2a: Corviknight|Corviknight, F|100/100
|-ability|p2a: Corviknight|Pressure
|move|p1a: Corviknight|Roost|p1a: Corviknight
|-heal|p1a: Corviknight|96/100
|-singleturn|p1a: Corviknight|move: Roost
|
|-weather|Sandstorm|[upkeep]
|-heal|p1a: Corviknight|100/100|[from] item: Leftovers
|upkeep
|turn|257
|inactive|Silvery1 has 25 seconds left this turn.
|
|switch|p2a: Eternatus|Eternatus|74/100
|-ability|p2a: Eternatus|Pressure
|move|p1a: Corviknight|Brave Bird|p2a: Eternatus
|-damage|p2a: Eternatus|45/100
|-damage|p1a: Corviknight|90/100|[from] Recoil
|
|-weather|Sandstorm|[upkeep]
|-damage|p2a: Eternatus|39/100|[from] Sandstorm
|-heal|p2a: Eternatus|45/100|[from] item: Black Sludge
|-heal|p1a: Corviknight|96/100|[from] item: Leftovers
|upkeep
|turn|258
|inactive|Silvery1 has 30 seconds left this turn.
|
|move|p2a: Eternatus|Recover|p2a: Eternatus
|-heal|p2a: Eternatus|95/100
|move|p1a: Corviknight|Defog|p2a: Eternatus
|-unboost|p2a: Eternatus|evasion|1
|-sideend|p1: Silvery1|Stealth Rock|[from] move: Defog|[of] p1a: Corviknight
|
|-weather|Sandstorm|[upkeep]
|-damage|p2a: Eternatus|89/100|[from] Sandstorm
|-heal|p2a: Eternatus|95/100|[from] item: Black Sludge
|-heal|p1a: Corviknight|100/100|[from] item: Leftovers
|upkeep
|turn|259
|inactive|Silvery1 has 25 seconds left this turn.
|
|switch|p2a: Tyranitar|Tyranitar, F|100/100
|move|p1a: Corviknight|U-turn|p2a: Tyranitar
|-supereffective|p2a: Tyranitar
|-damage|p2a: Tyranitar|77/100
|inactive|Silvery1 has 30 seconds left this turn.
|
|switch|p1a: Zacian|Zacian-Crowned|41/100|[from]move: U-turn
|-ability|p1a: Zacian|Intrepid Sword|boost
|-boost|p1a: Zacian|atk|1
|
|-weather|none
|-heal|p2a: Tyranitar|83/100|[from] item: Leftovers
|upkeep
|turn|260
|inactive|Silvery1 has 25 seconds left this turn.
|
|switch|p2a: Corviknight|Corviknight, F|100/100
|-ability|p2a: Corviknight|Pressure
|move|p1a: Zacian|Swords Dance|p1a: Zacian
|-boost|p1a: Zacian|atk|2
|
|upkeep
|turn|261
|inactive|Silvery1 has 30 seconds left this turn.
|
|switch|p2a: Quagsire|Quagsire, M|87/100 tox
|move|p1a: Zacian|Behemoth Blade|p2a: Quagsire
|-resisted|p2a: Quagsire
|-damage|p2a: Quagsire|65/100 tox
|
|-damage|p2a: Quagsire|59/100 tox|[from] psn
|upkeep
|turn|262
|inactive|Silvery1 has 25 seconds left this turn.
|inactive|Silvery1 has 20 seconds left.
|inactive|Silvery1 has 15 seconds left.
|
|switch|p1a: Corviknight|Corviknight, F|100/100
|-ability|p1a: Corviknight|Pressure
|move|p2a: Quagsire|Recover|p2a: Quagsire
|-heal|p2a: Quagsire|100/100 tox
|
|-damage|p2a: Quagsire|88/100 tox|[from] psn
|upkeep
|turn|263
|inactive|Silvery1 has 20 seconds left this turn.
|
|switch|p2a: Tyranitar|Tyranitar, F|83/100
|-weather|Sandstorm|[from] ability: Sand Stream|[of] p2a: Tyranitar
|move|p1a: Corviknight|U-turn|p2a: Tyranitar
|-supereffective|p2a: Tyranitar
|-damage|p2a: Tyranitar|59/100
|inactive|Silvery1 has 20 seconds left this turn.
|
|switch|p1a: Zacian|Zacian-Crowned|41/100|[from]move: U-turn
|-ability|p1a: Zacian|Intrepid Sword|boost
|-boost|p1a: Zacian|atk|1
|
|-weather|Sandstorm|[upkeep]
|-heal|p2a: Tyranitar|65/100|[from] item: Leftovers
|upkeep
|turn|264
|inactive|Silvery1 has 25 seconds left this turn.
|inactive|Silvery1 has 20 seconds left.
|
|switch|p2a: Corviknight|Corviknight, F|100/100
|-ability|p2a: Corviknight|Pressure
|move|p1a: Zacian|Wild Charge|p2a: Corviknight
|-supereffective|p2a: Corviknight
|-damage|p2a: Corviknight|26/100
|-damage|p1a: Zacian|25/100|[from] item: Rocky Helmet|[of] p2a: Corviknight
|-damage|p1a: Zacian|2/100|[from] Recoil
|
|-weather|Sandstorm|[upkeep]
|upkeep
|turn|265
|inactive|Silvery1 has 20 seconds left this turn.
|inactive|Silvery1 has 15 seconds left.
|inactive|Silvery1 has 10 seconds left.
|
|switch|p2a: Quagsire|Quagsire, M|88/100 tox
|move|p1a: Zacian|Behemoth Blade|p2a: Quagsire
|-resisted|p2a: Quagsire
|-damage|p2a: Quagsire|65/100 tox
|
|-weather|Sandstorm|[upkeep]
|-damage|p2a: Quagsire|59/100 tox|[from] psn
|upkeep
|turn|266
|inactive|Silvery1 has 15 seconds left this turn.
|
|switch|p1a: Corviknight|Corviknight, F|100/100
|-ability|p1a: Corviknight|Pressure
|move|p2a: Quagsire|Recover|p2a: Quagsire
|-heal|p2a: Quagsire|100/100 tox
|
|-weather|Sandstorm|[upkeep]
|-damage|p2a: Quagsire|88/100 tox|[from] psn
|upkeep
|turn|267
|inactive|Silvery1 has 15 seconds left this turn.
|inactive|Silvery1 has 10 seconds left.
|inactive|I like Lovely has 30 seconds left.
|
|switch|p2a: Eternatus|Eternatus|95/100
|-ability|p2a: Eternatus|Pressure
|move|p1a: Corviknight|U-turn|p2a: Eternatus
|-resisted|p2a: Eternatus
|-damage|p2a: Eternatus|89/100
|inactive|Silvery1 has 15 seconds left this turn.
|inactive|I like Lovely has 30 seconds left this turn.
|inactive|Silvery1 has 10 seconds left.
|
|switch|p1a: Toxapex|Toxapex, F|100/100|[from]move: U-turn
|
|-weather|none
|-heal|p2a: Eternatus|95/100|[from] item: Black Sludge
|upkeep
|turn|268
|inactive|Silvery1 has 10 seconds left this turn.
|inactive|I like Lovely has 30 seconds left this turn.
|
|switch|p2a: Tyranitar|Tyranitar, F|65/100
|-weather|Sandstorm|[from] ability: Sand Stream|[of] p2a: Tyranitar
|switch|p1a: Eternatus|Eternatus|63/100 brn
|-ability|p1a: Eternatus|Pressure
|
|-weather|Sandstorm|[upkeep]
|-damage|p1a: Eternatus|57/100 brn|[from] Sandstorm
|-heal|p1a: Eternatus|63/100 brn|[from] item: Leftovers
|-heal|p2a: Tyranitar|72/100|[from] item: Leftovers
|-damage|p1a: Eternatus|57/100 brn|[from] brn
|upkeep
|turn|269
|inactive|Silvery1 has 15 seconds left this turn.
|inactive|Silvery1 has 10 seconds left.
|
|move|p1a: Eternatus|Toxic|p2a: Tyranitar
|-status|p2a: Tyranitar|tox
|move|p2a: Tyranitar|Stealth Rock|p1a: Eternatus
|-sidestart|p1: Silvery1|move: Stealth Rock
|
|-weather|Sandstorm|[upkeep]
|-damage|p1a: Eternatus|50/100 brn|[from] Sandstorm
|-heal|p1a: Eternatus|57/100 brn|[from] item: Leftovers
|-heal|p2a: Tyranitar|78/100 tox|[from] item: Leftovers
|-damage|p1a: Eternatus|50/100 brn|[from] brn
|-damage|p2a: Tyranitar|72/100 tox|[from] psn
|upkeep
|turn|270
|inactive|Silvery1 has 10 seconds left this turn.
|inactive|I like Lovely has 30 seconds left.
|
|move|p1a: Eternatus|Flamethrower|p2a: Tyranitar
|-resisted|p2a: Tyranitar
|-damage|p2a: Tyranitar|66/100 tox
|move|p2a: Tyranitar|Rest|p2a: Tyranitar
|-status|p2a: Tyranitar|slp|[from] move: Rest
|-heal|p2a: Tyranitar|100/100 slp|[silent]
|
|-weather|Sandstorm|[upkeep]
|-damage|p1a: Eternatus|44/100 brn|[from] Sandstorm
|-heal|p1a: Eternatus|50/100 brn|[from] item: Leftovers
|-damage|p1a: Eternatus|44/100 brn|[from] brn
|upkeep
|turn|271
|inactive|Silvery1 has 15 seconds left this turn.
|inactive|I like Lovely has 30 seconds left.
|
|move|p1a: Eternatus|Recover|p1a: Eternatus
|-heal|p1a: Eternatus|94/100 brn
|cant|p2a: Tyranitar|slp
|
|-weather|Sandstorm|[upkeep]
|-damage|p1a: Eternatus|88/100 brn|[from] Sandstorm
|-heal|p1a: Eternatus|94/100 brn|[from] item: Leftovers
|-damage|p1a: Eternatus|88/100 brn|[from] brn
|upkeep
|turn|272
|inactive|Silvery1 has 15 seconds left this turn.
|inactive|I like Lovely has 30 seconds left this turn.
|
|switch|p1a: Corviknight|Corviknight, F|100/100
|-damage|p1a: Corviknight|88/100|[from] Stealth Rock
|-ability|p1a: Corviknight|Pressure
|switch|p2a: Eternatus|Eternatus|95/100
|-ability|p2a: Eternatus|Pressure
|
|-weather|none
|-heal|p2a: Eternatus|100/100|[from] item: Black Sludge
|-heal|p1a: Corviknight|94/100|[from] item: Leftovers
|upkeep
|turn|273
|inactive|Silvery1 has 20 seconds left this turn.
|
|switch|p2a: Corviknight|Corviknight, F|26/100
|-ability|p2a: Corviknight|Pressure
|move|p1a: Corviknight|U-turn|p2a: Corviknight
|-resisted|p2a: Corviknight
|-damage|p2a: Corviknight|24/100
|-damage|p1a: Corviknight|78/100|[from] item: Rocky Helmet|[of] p2a: Corviknight
|inactive|Silvery1 has 20 seconds left this turn.
|
|switch|p1a: Eternatus|Eternatus|88/100 brn|[from]move: U-turn
|-damage|p1a: Eternatus|76/100 brn|[from] Stealth Rock
|-ability|p1a: Eternatus|Pressure
|
|-heal|p1a: Eternatus|82/100 brn|[from] item: Leftovers
|-damage|p1a: Eternatus|76/100 brn|[from] brn
|upkeep
|turn|274
|inactive|Silvery1 has 25 seconds left this turn.
|
|switch|p2a: Tyranitar|Tyranitar, F|100/100 slp
|-weather|Sandstorm|[from] ability: Sand Stream|[of] p2a: Tyranitar
|move|p1a: Eternatus|Flamethrower|p2a: Tyranitar
|-resisted|p2a: Tyranitar
|-damage|p2a: Tyranitar|95/100 slp
|
|-weather|Sandstorm|[upkeep]
|-damage|p1a: Eternatus|70/100 brn|[from] Sandstorm
|-heal|p1a: Eternatus|76/100 brn|[from] item: Leftovers
|-heal|p2a: Tyranitar|100/100 slp|[from] item: Leftovers
|-damage|p1a: Eternatus|70/100 brn|[from] brn
|upkeep
|turn|275
|inactive|Silvery1 has 25 seconds left this turn.
|
|switch|p1a: Corviknight|Corviknight, F|78/100
|-damage|p1a: Corviknight|65/100|[from] Stealth Rock
|-ability|p1a: Corviknight|Pressure
|switch|p2a: Eternatus|Eternatus|100/100
|-ability|p2a: Eternatus|Pressure
|
|-weather|Sandstorm|[upkeep]
|-damage|p2a: Eternatus|94/100|[from] Sandstorm
|-heal|p2a: Eternatus|100/100|[from] item: Black Sludge
|-heal|p1a: Corviknight|71/100|[from] item: Leftovers
|upkeep
|turn|276
|inactive|Silvery1 has 30 seconds left this turn.
|
|switch|p2a: Tyranitar|Tyranitar, F|100/100 slp
|move|p1a: Corviknight|U-turn|p2a: Tyranitar
|-supereffective|p2a: Tyranitar
|-damage|p2a: Tyranitar|79/100 slp
|inactive|Silvery1 has 25 seconds left this turn.
|inactive|Silvery1 has 20 seconds left.
|
|switch|p1a: Clefable|Clefable, F|18/100 brn|[from]move: U-turn
|
|-weather|Sandstorm|[upkeep]
|-heal|p2a: Tyranitar|85/100 slp|[from] item: Leftovers
|upkeep
|turn|277
|inactive|Silvery1 has 25 seconds left this turn.
|inactive|Silvery1 has 20 seconds left.
|
|move|p1a: Clefable|Calm Mind|p1a: Clefable
|-boost|p1a: Clefable|spa|1
|-boost|p1a: Clefable|spd|1
|cant|p2a: Tyranitar|slp
|
|-weather|Sandstorm|[upkeep]
|-heal|p2a: Tyranitar|92/100 slp|[from] item: Leftovers
|upkeep
|turn|278
|inactive|Silvery1 has 20 seconds left this turn.
|inactive|Silvery1 has 15 seconds left.
|
|move|p1a: Clefable|Moonlight|p1a: Clefable
|-heal|p1a: Clefable|42/100 brn
|-curestatus|p2a: Tyranitar|slp|[msg]
|move|p2a: Tyranitar|Earthquake|p1a: Clefable
|-damage|p1a: Clefable|16/100 brn
|
|-weather|none
|-heal|p2a: Tyranitar|98/100|[from] item: Leftovers
|upkeep
|turn|279
|inactive|Silvery1 has 20 seconds left this turn.
|
|move|p1a: Clefable|Moonblast|p2a: Tyranitar
|-supereffective|p2a: Tyranitar
|-damage|p2a: Tyranitar|9/100
|-unboost|p2a: Tyranitar|spa|1
|move|p2a: Tyranitar|Earthquake|p1a: Clefable
|-damage|p1a: Clefable|0 fnt
|faint|p1a: Clefable
|
|-heal|p2a: Tyranitar|15/100|[from] item: Leftovers
|upkeep
|inactive|Silvery1 has 20 seconds left this turn.
|inactive|Silvery1 has 15 seconds left.
|
|switch|p1a: Corviknight|Corviknight, F|71/100
|-damage|p1a: Corviknight|59/100|[from] Stealth Rock
|-ability|p1a: Corviknight|Pressure
|turn|280
|inactive|Silvery1 has 20 seconds left this turn.
|inactive|I like Lovely has 30 seconds left.
|
|switch|p2a: Eternatus|Eternatus|100/100
|-ability|p2a: Eternatus|Pressure
|move|p1a: Corviknight|U-turn|p2a: Eternatus
|-resisted|p2a: Eternatus
|-damage|p2a: Eternatus|95/100
|inactive|Silvery1 has 20 seconds left this turn.
|inactive|I like Lovely has 30 seconds left this turn.
|inactive|Silvery1 has 15 seconds left.
|
|switch|p1a: Toxapex|Toxapex, F|100/100|[from]move: U-turn
|-damage|p1a: Toxapex|88/100|[from] Stealth Rock
|
|-heal|p2a: Eternatus|100/100|[from] item: Black Sludge
|-heal|p1a: Toxapex|94/100|[from] item: Leftovers
|upkeep
|turn|281
|inactive|Silvery1 has 20 seconds left this turn.
|inactive|I like Lovely has 30 seconds left.
|
|move|p2a: Eternatus|Substitute|p2a: Eternatus
|-start|p2a: Eternatus|Substitute
|-damage|p2a: Eternatus|76/100
|move|p1a: Toxapex|Scald|p2a: Eternatus
|-resisted|p2a: Eternatus
|-activate|p2a: Eternatus|move: Substitute|[damage]
|
|-heal|p2a: Eternatus|82/100|[from] item: Black Sludge
|-heal|p1a: Toxapex|100/100|[from] item: Leftovers
|upkeep
|turn|282
|inactive|Silvery1 has 20 seconds left this turn.
|inactive|I like Lovely has 30 seconds left this turn.
|inactive|Silvery1 has 15 seconds left.
|
|switch|p1a: Corviknight|Corviknight, F|59/100
|-damage|p1a: Corviknight|46/100|[from] Stealth Rock
|-ability|p1a: Corviknight|Pressure
|move|p2a: Eternatus|Substitute|p2a: Eternatus
|-fail|p2a: Eternatus|move: Substitute
|
|-heal|p2a: Eternatus|88/100|[from] item: Black Sludge
|-heal|p1a: Corviknight|53/100|[from] item: Leftovers
|upkeep
|turn|283
|inactive|Silvery1 has 20 seconds left this turn.
|inactive|I like Lovely has 30 seconds left this turn.
|inactive|Silvery1 has 15 seconds left.
|
|switch|p1a: Eternatus|Eternatus|70/100 brn
|-damage|p1a: Eternatus|57/100 brn|[from] Stealth Rock
|-ability|p1a: Eternatus|Pressure
|move|p2a: Eternatus|Flamethrower|p1a: Eternatus
|-resisted|p1a: Eternatus
|-damage|p1a: Eternatus|44/100 brn
|
|-heal|p2a: Eternatus|94/100|[from] item: Black Sludge
|-heal|p1a: Eternatus|50/100 brn|[from] item: Leftovers
|-damage|p1a: Eternatus|44/100 brn|[from] brn
|upkeep
|turn|284
|inactive|Silvery1 has 15 seconds left this turn.
|inactive|I like Lovely has 25 seconds left this turn.
|inactive|Silvery1 has 10 seconds left.
|inactive|I like Lovely has 20 seconds left.
|inactive|I like Lovely has 15 seconds left.
|
|switch|p2a: Tyranitar|Tyranitar, F|15/100
|-weather|Sandstorm|[from] ability: Sand Stream|[of] p2a: Tyranitar
|switch|p1a: Toxapex|Toxapex, F|100/100
|-damage|p1a: Toxapex|88/100|[from] Stealth Rock
|
|-weather|Sandstorm|[upkeep]
|-damage|p1a: Toxapex|82/100|[from] Sandstorm
|-heal|p2a: Tyranitar|21/100|[from] item: Leftovers
|-heal|p1a: Toxapex|88/100|[from] item: Leftovers
|upkeep
|turn|285
|inactive|Silvery1 has 15 seconds left this turn.
|inactive|I like Lovely has 20 seconds left this turn.
|inactive|Silvery1 has 10 seconds left.
|
|switch|p1a: Eternatus|Eternatus|44/100 brn
|-damage|p1a: Eternatus|31/100 brn|[from] Stealth Rock
|-ability|p1a: Eternatus|Pressure
|move|p2a: Tyranitar|Rest|p2a: Tyranitar
|-status|p2a: Tyranitar|slp|[from] move: Rest
|-heal|p2a: Tyranitar|100/100 slp|[silent]
|
|-weather|Sandstorm|[upkeep]
|-damage|p1a: Eternatus|25/100 brn|[from] Sandstorm
|-heal|p1a: Eternatus|31/100 brn|[from] item: Leftovers
|-damage|p1a: Eternatus|25/100 brn|[from] brn
|upkeep
|turn|286
|inactive|Silvery1 has 10 seconds left this turn.
|inactive|I like Lovely has 20 seconds left this turn.
|inactive|I like Lovely has 15 seconds left.
|
|switch|p2a: Eternatus|Eternatus|94/100
|-ability|p2a: Eternatus|Pressure
|move|p1a: Eternatus|Recover|p1a: Eternatus
|-heal|p1a: Eternatus|75/100 brn
|
|-weather|Sandstorm|[upkeep]
|-damage|p2a: Eternatus|88/100|[from] Sandstorm
|-damage|p1a: Eternatus|69/100 brn|[from] Sandstorm
|-heal|p2a: Eternatus|94/100|[from] item: Black Sludge
|-heal|p1a: Eternatus|75/100 brn|[from] item: Leftovers
|-damage|p1a: Eternatus|69/100 brn|[from] brn
|upkeep
|turn|287
|inactive|Silvery1 has 15 seconds left this turn.
|inactive|I like Lovely has 20 seconds left this turn.
|
|switch|p2a: Tyranitar|Tyranitar, F|100/100 slp
|switch|p1a: Toxapex|Toxapex, F|100/100
|-damage|p1a: Toxapex|88/100|[from] Stealth Rock
|
|-weather|Sandstorm|[upkeep]
|-damage|p1a: Toxapex|82/100|[from] Sandstorm
|-heal|p1a: Toxapex|88/100|[from] item: Leftovers
|upkeep
|turn|288
|inactive|Silvery1 has 15 seconds left this turn.
|inactive|I like Lovely has 20 seconds left this turn.
|
|switch|p1a: Corviknight|Corviknight, F|53/100
|-damage|p1a: Corviknight|40/100|[from] Stealth Rock
|-ability|p1a: Corviknight|Pressure
|cant|p2a: Tyranitar|slp
|
|-weather|none
|-heal|p1a: Corviknight|46/100|[from] item: Leftovers
|upkeep
|turn|289
|inactive|Silvery1 has 20 seconds left this turn.
|inactive|I like Lovely has 25 seconds left this turn.
|
|switch|p2a: Eternatus|Eternatus|94/100
|-ability|p2a: Eternatus|Pressure
|move|p1a: Corviknight|Roost|p1a: Corviknight
|-heal|p1a: Corviknight|96/100
|-singleturn|p1a: Corviknight|move: Roost
|
|-heal|p2a: Eternatus|99/100|[from] item: Black Sludge
|-heal|p1a: Corviknight|100/100|[from] item: Leftovers
|upkeep
|turn|290
|inactive|Silvery1 has 20 seconds left this turn.
|inactive|I like Lovely has 25 seconds left this turn.
|inactive|Silvery1 has 15 seconds left.
|inactive|I like Lovely has 20 seconds left.
|
|switch|p2a: Tyranitar|Tyranitar, F|100/100 slp
|-weather|Sandstorm|[from] ability: Sand Stream|[of] p2a: Tyranitar
|switch|p1a: Toxapex|Toxapex, F|100/100
|-damage|p1a: Toxapex|88/100|[from] Stealth Rock
|
|-weather|Sandstorm|[upkeep]
|-damage|p1a: Toxapex|82/100|[from] Sandstorm
|-heal|p1a: Toxapex|88/100|[from] item: Leftovers
|upkeep
|turn|291
|inactive|Silvery1 has 20 seconds left this turn.
|inactive|I like Lovely has 25 seconds left this turn.
|inactive|I like Lovely has 20 seconds left.
|
|switch|p2a: Corviknight|Corviknight, F|24/100
|-ability|p2a: Corviknight|Pressure
|switch|p1a: Corviknight|Corviknight, F|100/100
|-damage|p1a: Corviknight|88/100|[from] Stealth Rock
|-ability|p1a: Corviknight|Pressure
|
|-weather|Sandstorm|[upkeep]
|-heal|p1a: Corviknight|94/100|[from] item: Leftovers
|upkeep
|turn|292
|inactive|Silvery1 has 20 seconds left this turn.
|inactive|I like Lovely has 20 seconds left this turn.
|
|move|p1a: Corviknight|Brave Bird|p2a: Corviknight
|-resisted|p2a: Corviknight
|-damage|p2a: Corviknight|13/100
|-damage|p1a: Corviknight|78/100|[from] item: Rocky Helmet|[of] p2a: Corviknight
|-damage|p1a: Corviknight|74/100|[from] Recoil
|move|p2a: Corviknight|Roost|p2a: Corviknight
|-heal|p2a: Corviknight|63/100
|-singleturn|p2a: Corviknight|move: Roost
|
|-weather|Sandstorm|[upkeep]
|-heal|p1a: Corviknight|80/100|[from] item: Leftovers
|upkeep
|turn|293
|inactive|Silvery1 has 25 seconds left this turn.
|inactive|I like Lovely has 25 seconds left this turn.
|inactive|Silvery1 has 20 seconds left.
|
|switch|p1a: Eternatus|Eternatus|69/100 brn
|-damage|p1a: Eternatus|56/100 brn|[from] Stealth Rock
|-ability|p1a: Eternatus|Pressure
|move|p2a: Corviknight|Roost|p2a: Corviknight
|-heal|p2a: Corviknight|100/100
|-singleturn|p2a: Corviknight|move: Roost
|
|-weather|Sandstorm|[upkeep]
|-damage|p1a: Eternatus|50/100 brn|[from] Sandstorm
|-heal|p1a: Eternatus|56/100 brn|[from] item: Leftovers
|-damage|p1a: Eternatus|50/100 brn|[from] brn
|upkeep
|turn|294
|inactive|Silvery1 has 20 seconds left this turn.
|inactive|I like Lovely has 25 seconds left this turn.
|
|switch|p2a: Tyranitar|Tyranitar, F|100/100 slp
|move|p1a: Eternatus|Recover|p1a: Eternatus
|-heal|p1a: Eternatus|99/100 brn
|
|-weather|none
|-heal|p1a: Eternatus|100/100 brn|[from] item: Leftovers
|-damage|p1a: Eternatus|94/100 brn|[from] brn
|upkeep
|turn|295
|inactive|Silvery1 has 25 seconds left this turn.
|inactive|I like Lovely has 30 seconds left this turn.
|inactive|Silvery1 has 20 seconds left.
|
|switch|p1a: Corviknight|Corviknight, F|80/100
|-damage|p1a: Corviknight|68/100|[from] Stealth Rock
|-ability|p1a: Corviknight|Pressure
|cant|p2a: Tyranitar|slp
|
|-heal|p1a: Corviknight|74/100|[from] item: Leftovers
|upkeep
|turn|296
|inactive|Silvery1 has 20 seconds left this turn.
|inactive|I like Lovely has 25 seconds left this turn.
|inactive|I like Lovely has 20 seconds left.
|
|switch|p2a: Corviknight|Corviknight, F|100/100
|-ability|p2a: Corviknight|Pressure
|move|p1a: Corviknight|Roost|p1a: Corviknight
|-heal|p1a: Corviknight|100/100
|-singleturn|p1a: Corviknight|move: Roost
|
|upkeep
|turn|297
|inactive|Silvery1 has 25 seconds left this turn.
|inactive|I like Lovely has 25 seconds left this turn.
|
|switch|p1a: Eternatus|Eternatus|94/100 brn
|-damage|p1a: Eternatus|82/100 brn|[from] Stealth Rock
|-ability|p1a: Eternatus|Pressure
|switch|p2a: Tyranitar|Tyranitar, F|100/100 slp
|-weather|Sandstorm|[from] ability: Sand Stream|[of] p2a: Tyranitar
|
|-weather|Sandstorm|[upkeep]
|-damage|p1a: Eternatus|76/100 brn|[from] Sandstorm
|-heal|p1a: Eternatus|82/100 brn|[from] item: Leftovers
|-damage|p1a: Eternatus|76/100 brn|[from] brn
|upkeep
|turn|298
|inactive|Silvery1 has 25 seconds left this turn.
|inactive|I like Lovely has 25 seconds left this turn.
|inactive|Silvery1 has 20 seconds left.
|
|switch|p1a: Corviknight|Corviknight, F|100/100
|-damage|p1a: Corviknight|88/100|[from] Stealth Rock
|-ability|p1a: Corviknight|Pressure
|switch|p2a: Eternatus|Eternatus|99/100
|-ability|p2a: Eternatus|Pressure
|
|-weather|Sandstorm|[upkeep]
|-damage|p2a: Eternatus|94/100|[from] Sandstorm
|-heal|p2a: Eternatus|99/100|[from] item: Black Sludge
|-heal|p1a: Corviknight|94/100|[from] item: Leftovers
|upkeep
|turn|299
|inactive|Silvery1 has 25 seconds left this turn.
|inactive|I like Lovely has 30 seconds left this turn.
|inactive|Silvery1 has 20 seconds left.
|
|switch|p2a: Ditto|Ditto|85/100
|-transform|p2a: Ditto|p1a: Corviknight|[from] ability: Imposter
|-ability|p2a: Ditto|Pressure
|switch|p1a: Toxapex|Toxapex, F|100/100
|-damage|p1a: Toxapex|88/100|[from] Stealth Rock
|
|-weather|Sandstorm|[upkeep]
|-damage|p1a: Toxapex|82/100|[from] Sandstorm
|-heal|p1a: Toxapex|88/100|[from] item: Leftovers
|upkeep
|turn|300
|inactive|Silvery1 has 20 seconds left this turn.
|inactive|I like Lovely has 25 seconds left this turn.
|inactive|I like Lovely has 20 seconds left.
|
|switch|p1a: Corviknight|Corviknight, F|94/100
|-damage|p1a: Corviknight|82/100|[from] Stealth Rock
|-ability|p1a: Corviknight|Pressure
|move|p2a: Ditto|U-turn|p1a: Corviknight
|-resisted|p1a: Corviknight
|-damage|p1a: Corviknight|79/100
|inactive|Silvery1 has 25 seconds left this turn.
|inactive|I like Lovely has 25 seconds left this turn.
|
|switch|p2a: Corviknight|Corviknight, F|100/100|[from]move: U-turn
|-ability|p2a: Corviknight|Pressure
|
|-weather|Sandstorm|[upkeep]
|-heal|p1a: Corviknight|86/100|[from] item: Leftovers
|upkeep
|turn|301
|inactive|Silvery1 has 25 seconds left this turn.
|inactive|I like Lovely has 25 seconds left this turn.
|inactive|Silvery1 has 20 seconds left.
|inactive|Silvery1 has 15 seconds left.
|
|switch|p1a: Toxapex|Toxapex, F|100/100
|-damage|p1a: Toxapex|88/100|[from] Stealth Rock
|switch|p2a: Ditto|Ditto|85/100
|-transform|p2a: Ditto|p1a: Toxapex|[from] ability: Imposter
|
|-weather|none
|-heal|p1a: Toxapex|94/100|[from] item: Leftovers
|upkeep
|turn|302
|inactive|Silvery1 has 20 seconds left this turn.
|inactive|I like Lovely has 30 seconds left this turn.
|inactive|Silvery1 has 15 seconds left.
|inactive|Silvery1 has 10 seconds left.
|inactive|I like Lovely has 20 seconds left.
|
|switch|p1a: Eternatus|Eternatus|76/100 brn
|-damage|p1a: Eternatus|63/100 brn|[from] Stealth Rock
|-ability|p1a: Eternatus|Pressure
|move|p2a: Ditto|Scald|p1a: Eternatus
|-resisted|p1a: Eternatus
|-damage|p1a: Eternatus|58/100 brn
|
|-heal|p1a: Eternatus|64/100 brn|[from] item: Leftovers
|-damage|p1a: Eternatus|58/100 brn|[from] brn
|upkeep
|turn|303
|inactive|Silvery1 has 10 seconds left this turn.
|inactive|I like Lovely has 20 seconds left this turn.
|inactive|Silvery1 has 5 seconds left.
|
|move|p1a: Eternatus|Recover|p1a: Eternatus
|-heal|p1a: Eternatus|100/100 brn
|move|p2a: Ditto|Scald|p1a: Eternatus
|-resisted|p1a: Eternatus
|-damage|p1a: Eternatus|94/100 brn
|
|-heal|p1a: Eternatus|99/100 brn|[from] item: Leftovers
|-damage|p1a: Eternatus|94/100 brn|[from] brn
|upkeep
|turn|304
|inactive|Silvery1 has 10 seconds left this turn.
|inactive|I like Lovely has 25 seconds left this turn.
|
|switch|p1a: Corviknight|Corviknight, F|86/100
|-damage|p1a: Corviknight|73/100|[from] Stealth Rock
|-ability|p1a: Corviknight|Pressure
|move|p2a: Ditto|Scald|p1a: Corviknight
|-damage|p1a: Corviknight|60/100
|
|-heal|p1a: Corviknight|66/100|[from] item: Leftovers
|upkeep
|turn|305
|inactive|Silvery1 has 10 seconds left this turn.
|inactive|I like Lovely has 25 seconds left this turn.
|
|switch|p2a: Corviknight|Corviknight, F|100/100
|-ability|p2a: Corviknight|Pressure
|move|p1a: Corviknight|Roost|p1a: Corviknight
|-heal|p1a: Corviknight|100/100
|-singleturn|p1a: Corviknight|move: Roost
|
|upkeep
|turn|306
|inactive|Silvery1 has 15 seconds left this turn.
|inactive|I like Lovely has 30 seconds left this turn.
|
|switch|p1a: Toxapex|Toxapex, F|100/100
|-damage|p1a: Toxapex|88/100|[from] Stealth Rock
|switch|p2a: Tyranitar|Tyranitar, F|100/100 slp
|-weather|Sandstorm|[from] ability: Sand Stream|[of] p2a: Tyranitar
|
|-weather|Sandstorm|[upkeep]
|-damage|p1a: Toxapex|82/100|[from] Sandstorm
|-heal|p1a: Toxapex|88/100|[from] item: Leftovers
|upkeep
|turn|307
|inactive|Silvery1 has 15 seconds left this turn.
|inactive|I like Lovely has 30 seconds left this turn.
|
|switch|p2a: Ditto|Ditto|100/100
|-transform|p2a: Ditto|p1a: Toxapex|[from] ability: Imposter
|switch|p1a: Corviknight|Corviknight, F|100/100
|-damage|p1a: Corviknight|88/100|[from] Stealth Rock
|-ability|p1a: Corviknight|Pressure
|
|-weather|Sandstorm|[upkeep]
|-damage|p2a: Ditto|94/100|[from] Sandstorm
|-heal|p1a: Corviknight|94/100|[from] item: Leftovers
|upkeep
|turn|308
|inactive|Silvery1 has 20 seconds left this turn.
|
|switch|p1a: Toxapex|Toxapex, F|100/100
|-damage|p1a: Toxapex|88/100|[from] Stealth Rock
|move|p2a: Ditto|Scald|p1a: Toxapex
|-resisted|p1a: Toxapex
|-damage|p1a: Toxapex|82/100
|
|-weather|Sandstorm|[upkeep]
|-damage|p2a: Ditto|88/100|[from] Sandstorm
|-damage|p1a: Toxapex|76/100|[from] Sandstorm
|-heal|p1a: Toxapex|82/100|[from] item: Leftovers
|upkeep
|turn|309
|inactive|Silvery1 has 20 seconds left this turn.
|
|switch|p1a: Corviknight|Corviknight, F|94/100
|-damage|p1a: Corviknight|82/100|[from] Stealth Rock
|-ability|p1a: Corviknight|Pressure
|move|p2a: Ditto|Scald|p1a: Corviknight
|-damage|p1a: Corviknight|67/100
|
|-weather|Sandstorm|[upkeep]
|-damage|p2a: Ditto|82/100|[from] Sandstorm
|-heal|p1a: Corviknight|73/100|[from] item: Leftovers
|upkeep
|turn|310
|inactive|Silvery1 has 25 seconds left this turn.
|
|switch|p1a: Toxapex|Toxapex, F|100/100
|-damage|p1a: Toxapex|88/100|[from] Stealth Rock
|move|p2a: Ditto|Scald|p1a: Toxapex
|-resisted|p1a: Toxapex
|-damage|p1a: Toxapex|82/100
|
|-weather|none
|-heal|p1a: Toxapex|88/100|[from] item: Leftovers
|upkeep
|turn|311
|inactive|Silvery1 has 25 seconds left this turn.
|
|switch|p2a: Tyranitar|Tyranitar, F|100/100 slp
|-weather|Sandstorm|[from] ability: Sand Stream|[of] p2a: Tyranitar
|switch|p1a: Corviknight|Corviknight, F|73/100
|-damage|p1a: Corviknight|61/100|[from] Stealth Rock
|-ability|p1a: Corviknight|Pressure
|
|-weather|Sandstorm|[upkeep]
|-heal|p1a: Corviknight|67/100|[from] item: Leftovers
|upkeep
|turn|312
|inactive|Silvery1 has 30 seconds left this turn.
|
|switch|p1a: Toxapex|Toxapex, F|100/100
|-damage|p1a: Toxapex|88/100|[from] Stealth Rock
|switch|p2a: Ditto|Ditto|100/100
|-transform|p2a: Ditto|p1a: Toxapex|[from] ability: Imposter
|
|-weather|Sandstorm|[upkeep]
|-damage|p2a: Ditto|94/100|[from] Sandstorm
|-damage|p1a: Toxapex|82/100|[from] Sandstorm
|-heal|p1a: Toxapex|88/100|[from] item: Leftovers
|upkeep
|turn|313
|inactive|Silvery1 has 30 seconds left this turn.
|
|switch|p1a: Corviknight|Corviknight, F|67/100
|-damage|p1a: Corviknight|55/100|[from] Stealth Rock
|-ability|p1a: Corviknight|Pressure
|move|p2a: Ditto|Scald|p1a: Corviknight
|-damage|p1a: Corviknight|40/100
|
|-weather|Sandstorm|[upkeep]
|-damage|p2a: Ditto|88/100|[from] Sandstorm
|-heal|p1a: Corviknight|47/100|[from] item: Leftovers
|upkeep
|turn|314
|
|move|p1a: Corviknight|Roost|p1a: Corviknight
|-heal|p1a: Corviknight|97/100
|-singleturn|p1a: Corviknight|move: Roost
|move|p2a: Ditto|Scald|p1a: Corviknight
|-damage|p1a: Corviknight|82/100
|
|-weather|Sandstorm|[upkeep]
|-damage|p2a: Ditto|82/100|[from] Sandstorm
|-heal|p1a: Corviknight|88/100|[from] item: Leftovers
|upkeep
|turn|315
|
|switch|p1a: Toxapex|Toxapex, F|100/100
|-damage|p1a: Toxapex|88/100|[from] Stealth Rock
|move|p2a: Ditto|Scald|p1a: Toxapex
|-resisted|p1a: Toxapex
|-damage|p1a: Toxapex|82/100
|
|-weather|none
|-heal|p1a: Toxapex|88/100|[from] item: Leftovers
|upkeep
|turn|316
|
|switch|p2a: Tyranitar|Tyranitar, F|100/100 slp
|-weather|Sandstorm|[from] ability: Sand Stream|[of] p2a: Tyranitar
|move|p1a: Toxapex|Haze|p1a: Toxapex
|-clearallboost
|
|-weather|Sandstorm|[upkeep]
|-damage|p1a: Toxapex|82/100|[from] Sandstorm
|-heal|p1a: Toxapex|88/100|[from] item: Leftovers
|upkeep
|turn|317
|
|switch|p2a: Ditto|Ditto|100/100
|-transform|p2a: Ditto|p1a: Toxapex|[from] ability: Imposter
|switch|p1a: Corviknight|Corviknight, F|88/100
|-damage|p1a: Corviknight|75/100|[from] Stealth Rock
|-ability|p1a: Corviknight|Pressure
|
|-weather|Sandstorm|[upkeep]
|-damage|p2a: Ditto|94/100|[from] Sandstorm
|-heal|p1a: Corviknight|82/100|[from] item: Leftovers
|upkeep
|turn|318
|
|switch|p1a: Toxapex|Toxapex, F|100/100
|-damage|p1a: Toxapex|88/100|[from] Stealth Rock
|move|p2a: Ditto|Scald|p1a: Toxapex
|-resisted|p1a: Toxapex
|-damage|p1a: Toxapex|82/100
|-status|p1a: Toxapex|brn
|
|-weather|Sandstorm|[upkeep]
|-damage|p2a: Ditto|88/100|[from] Sandstorm
|-damage|p1a: Toxapex|76/100 brn|[from] Sandstorm
|-heal|p1a: Toxapex|82/100 brn|[from] item: Leftovers
|-damage|p1a: Toxapex|76/100 brn|[from] brn
|upkeep
|turn|319
|
|switch|p1a: Corviknight|Corviknight, F|82/100
|-damage|p1a: Corviknight|69/100|[from] Stealth Rock
|-ability|p1a: Corviknight|Pressure
|move|p2a: Ditto|Scald|p1a: Corviknight
|-damage|p1a: Corviknight|56/100
|
|-weather|Sandstorm|[upkeep]
|-damage|p2a: Ditto|82/100|[from] Sandstorm
|-heal|p1a: Corviknight|62/100|[from] item: Leftovers
|upkeep
|turn|320
|
|move|p1a: Corviknight|Roost|p1a: Corviknight
|-heal|p1a: Corviknight|100/100
|-singleturn|p1a: Corviknight|move: Roost
|move|p2a: Ditto|Scald|p1a: Corviknight
|-damage|p1a: Corviknight|85/100
|
|-weather|none
|-heal|p1a: Corviknight|92/100|[from] item: Leftovers
|upkeep
|turn|321
|
|switch|p1a: Toxapex|Toxapex, F|100/100 brn
|-damage|p1a: Toxapex|88/100 brn|[from] Stealth Rock
|switch|p2a: Tyranitar|Tyranitar, F|100/100 slp
|-weather|Sandstorm|[from] ability: Sand Stream|[of] p2a: Tyranitar
|
|-weather|Sandstorm|[upkeep]
|-damage|p1a: Toxapex|82/100 brn|[from] Sandstorm
|-heal|p1a: Toxapex|88/100 brn|[from] item: Leftovers
|-damage|p1a: Toxapex|82/100 brn|[from] brn
|upkeep
|turn|322
|
|switch|p2a: Ditto|Ditto|100/100
|-transform|p2a: Ditto|p1a: Toxapex|[from] ability: Imposter
|switch|p1a: Corviknight|Corviknight, F|92/100
|-damage|p1a: Corviknight|79/100|[from] Stealth Rock
|-ability|p1a: Corviknight|Pressure
|
|-weather|Sandstorm|[upkeep]
|-damage|p2a: Ditto|94/100|[from] Sandstorm
|-heal|p1a: Corviknight|85/100|[from] item: Leftovers
|upkeep
|turn|323
|
|switch|p1a: Toxapex|Toxapex, F|100/100 brn
|-damage|p1a: Toxapex|88/100 brn|[from] Stealth Rock
|move|p2a: Ditto|Scald|p1a: Toxapex
|-resisted|p1a: Toxapex
|-damage|p1a: Toxapex|82/100 brn
|
|-weather|Sandstorm|[upkeep]
|-damage|p2a: Ditto|88/100|[from] Sandstorm
|-damage|p1a: Toxapex|76/100 brn|[from] Sandstorm
|-heal|p1a: Toxapex|82/100 brn|[from] item: Leftovers
|-damage|p1a: Toxapex|76/100 brn|[from] brn
|upkeep
|turn|324
|
|switch|p1a: Corviknight|Corviknight, F|85/100
|-damage|p1a: Corviknight|73/100|[from] Stealth Rock
|-ability|p1a: Corviknight|Pressure
|move|p2a: Ditto|Scald|p1a: Corviknight
|-damage|p1a: Corviknight|59/100
|
|-weather|Sandstorm|[upkeep]
|-damage|p2a: Ditto|82/100|[from] Sandstorm
|-heal|p1a: Corviknight|65/100|[from] item: Leftovers
|upkeep
|turn|325
|
|switch|p1a: Toxapex|Toxapex, F|100/100 brn
|-damage|p1a: Toxapex|88/100 brn|[from] Stealth Rock
|move|p2a: Ditto|Scald|p1a: Toxapex
|-resisted|p1a: Toxapex
|-damage|p1a: Toxapex|82/100 brn
|
|-weather|none
|-heal|p1a: Toxapex|88/100 brn|[from] item: Leftovers
|-damage|p1a: Toxapex|82/100 brn|[from] brn
|upkeep
|turn|326
|
|switch|p1a: Corviknight|Corviknight, F|65/100
|-damage|p1a: Corviknight|52/100|[from] Stealth Rock
|-ability|p1a: Corviknight|Pressure
|move|p2a: Ditto|Scald|p1a: Corviknight
|-crit|p1a: Corviknight
|-damage|p1a: Corviknight|33/100
|
|-heal|p1a: Corviknight|40/100|[from] item: Leftovers
|upkeep
|turn|327
|
|switch|p2a: Tyranitar|Tyranitar, F|100/100 slp
|-weather|Sandstorm|[from] ability: Sand Stream|[of] p2a: Tyranitar
|move|p1a: Corviknight|Roost|p1a: Corviknight
|-heal|p1a: Corviknight|90/100
|-singleturn|p1a: Corviknight|move: Roost
|
|-weather|Sandstorm|[upkeep]
|-heal|p1a: Corviknight|96/100|[from] item: Leftovers
|upkeep
|turn|328
|
|switch|p2a: Ditto|Ditto|100/100
|-transform|p2a: Ditto|p1a: Corviknight|[from] ability: Imposter
|-ability|p2a: Ditto|Pressure
|move|p1a: Corviknight|U-turn|p2a: Ditto
|-resisted|p2a: Ditto
|-damage|p2a: Ditto|97/100
|
|switch|p1a: Eternatus|Eternatus|94/100 brn|[from]move: U-turn
|-damage|p1a: Eternatus|81/100 brn|[from] Stealth Rock
|-ability|p1a: Eternatus|Pressure
|
|-weather|Sandstorm|[upkeep]
|-damage|p1a: Eternatus|75/100 brn|[from] Sandstorm
|-heal|p1a: Eternatus|81/100 brn|[from] item: Leftovers
|-damage|p1a: Eternatus|75/100 brn|[from] brn
|upkeep
|turn|329
|
|switch|p2a: Tyranitar|Tyranitar, F|100/100 slp
|move|p1a: Eternatus|Flamethrower|p2a: Tyranitar
|-resisted|p2a: Tyranitar
|-damage|p2a: Tyranitar|95/100 slp
|
|-weather|Sandstorm|[upkeep]
|-damage|p1a: Eternatus|69/100 brn|[from] Sandstorm
|-heal|p1a: Eternatus|75/100 brn|[from] item: Leftovers
|-heal|p2a: Tyranitar|100/100 slp|[from] item: Leftovers
|-damage|p1a: Eternatus|69/100 brn|[from] brn
|upkeep
|turn|330
|
|switch|p1a: Corviknight|Corviknight, F|96/100
|-damage|p1a: Corviknight|83/100|[from] Stealth Rock
|-ability|p1a: Corviknight|Pressure
|switch|p2a: Ditto|Ditto|97/100
|-transform|p2a: Ditto|p1a: Corviknight|[from] ability: Imposter
|-ability|p2a: Ditto|Pressure
|
|-weather|Sandstorm|[upkeep]
|-heal|p1a: Corviknight|90/100|[from] item: Leftovers
|upkeep
|turn|331
|
|switch|p1a: Eternatus|Eternatus|69/100 brn
|-damage|p1a: Eternatus|57/100 brn|[from] Stealth Rock
|-ability|p1a: Eternatus|Pressure
|move|p2a: Ditto|Brave Bird|p1a: Eternatus
|-damage|p1a: Eternatus|35/100 brn
|-damage|p2a: Ditto|86/100|[from] Recoil
|
|-weather|none
|-heal|p1a: Eternatus|42/100 brn|[from] item: Leftovers
|-damage|p1a: Eternatus|35/100 brn|[from] brn
|upkeep
|turn|332
|
|switch|p2a: Tyranitar|Tyranitar, F|100/100 slp
|-weather|Sandstorm|[from] ability: Sand Stream|[of] p2a: Tyranitar
|move|p1a: Eternatus|Recover|p1a: Eternatus
|-heal|p1a: Eternatus|85/100 brn
|
|-weather|Sandstorm|[upkeep]
|-damage|p1a: Eternatus|79/100 brn|[from] Sandstorm
|-heal|p1a: Eternatus|85/100 brn|[from] item: Leftovers
|-damage|p1a: Eternatus|79/100 brn|[from] brn
|upkeep
|turn|333
|inactive|Silvery1 has 60 seconds left.
|
|switch|p1a: Corviknight|Corviknight, F|90/100
|-damage|p1a: Corviknight|77/100|[from] Stealth Rock
|-ability|p1a: Corviknight|Pressure
|switch|p2a: Ditto|Ditto|86/100
|-transform|p2a: Ditto|p1a: Corviknight|[from] ability: Imposter
|-ability|p2a: Ditto|Pressure
|
|-weather|Sandstorm|[upkeep]
|-heal|p1a: Corviknight|83/100|[from] item: Leftovers
|upkeep
|turn|334
|
|switch|p1a: Toxapex|Toxapex, F|100/100 brn
|-damage|p1a: Toxapex|88/100 brn|[from] Stealth Rock
|move|p2a: Ditto|Brave Bird|p1a: Toxapex
|-damage|p1a: Toxapex|61/100 brn
|-damage|p2a: Ditto|77/100|[from] Recoil
|
|-weather|Sandstorm|[upkeep]
|-damage|p1a: Toxapex|55/100 brn|[from] Sandstorm
|-heal|p1a: Toxapex|61/100 brn|[from] item: Leftovers
|-damage|p1a: Toxapex|55/100 brn|[from] brn
|upkeep
|turn|335
|
|switch|p1a: Corviknight|Corviknight, F|83/100
|-damage|p1a: Corviknight|71/100|[from] Stealth Rock
|-ability|p1a: Corviknight|Pressure
|move|p2a: Ditto|Brave Bird|p1a: Corviknight
|-resisted|p1a: Corviknight
|-damage|p1a: Corviknight|58/100
|-damage|p2a: Ditto|71/100|[from] Recoil
|
|-weather|Sandstorm|[upkeep]
|-heal|p1a: Corviknight|64/100|[from] item: Leftovers
|upkeep
|turn|336
|
|switch|p1a: Toxapex|Toxapex, F|88/100 brn
|-damage|p1a: Toxapex|75/100 brn|[from] Stealth Rock
|move|p2a: Ditto|Brave Bird|p1a: Toxapex
|-damage|p1a: Toxapex|51/100 brn
|-damage|p2a: Ditto|63/100|[from] Recoil
|
|-weather|none
|-heal|p1a: Toxapex|58/100 brn|[from] item: Leftovers
|-damage|p1a: Toxapex|51/100 brn|[from] brn
|upkeep
|turn|337
|
|switch|p1a: Corviknight|Corviknight, F|64/100
|-damage|p1a: Corviknight|52/100|[from] Stealth Rock
|-ability|p1a: Corviknight|Pressure
|move|p2a: Ditto|Brave Bird|p1a: Corviknight
|-resisted|p1a: Corviknight
|-damage|p1a: Corviknight|39/100
|-damage|p2a: Ditto|57/100|[from] Recoil
|
|-heal|p1a: Corviknight|45/100|[from] item: Leftovers
|upkeep
|turn|338
|inactive|Silvery1 has 60 seconds left.
|
|switch|p2a: Tyranitar|Tyranitar, F|100/100 slp
|-weather|Sandstorm|[from] ability: Sand Stream|[of] p2a: Tyranitar
|move|p1a: Corviknight|Roost|p1a: Corviknight
|-heal|p1a: Corviknight|95/100
|-singleturn|p1a: Corviknight|move: Roost
|
|-weather|Sandstorm|[upkeep]
|-heal|p1a: Corviknight|100/100|[from] item: Leftovers
|upkeep
|turn|339
|
|switch|p2a: Ditto|Ditto|57/100
|-transform|p2a: Ditto|p1a: Corviknight|[from] ability: Imposter
|-ability|p2a: Ditto|Pressure
|move|p1a: Corviknight|U-turn|p2a: Ditto
|-resisted|p2a: Ditto
|-damage|p2a: Ditto|54/100
|
|switch|p1a: Eternatus|Eternatus|79/100 brn|[from]move: U-turn
|-damage|p1a: Eternatus|67/100 brn|[from] Stealth Rock
|-ability|p1a: Eternatus|Pressure
|
|-weather|Sandstorm|[upkeep]
|-damage|p1a: Eternatus|61/100 brn|[from] Sandstorm
|-heal|p1a: Eternatus|67/100 brn|[from] item: Leftovers
|-damage|p1a: Eternatus|61/100 brn|[from] brn
|upkeep
|turn|340
|
|switch|p2a: Tyranitar|Tyranitar, F|100/100 slp
|move|p1a: Eternatus|Flamethrower|p2a: Tyranitar
|-resisted|p2a: Tyranitar
|-damage|p2a: Tyranitar|94/100 slp
|
|-weather|Sandstorm|[upkeep]
|-damage|p1a: Eternatus|54/100 brn|[from] Sandstorm
|-heal|p1a: Eternatus|61/100 brn|[from] item: Leftovers
|-heal|p2a: Tyranitar|99/100 slp|[from] item: Leftovers
|-damage|p1a: Eternatus|54/100 brn|[from] brn
|upkeep
|turn|341
|
|switch|p2a: Ditto|Ditto|54/100
|-transform|p2a: Ditto|p1a: Eternatus|[from] ability: Imposter
|-ability|p2a: Ditto|Pressure
|move|p1a: Eternatus|Flamethrower|p2a: Ditto
|-resisted|p2a: Ditto
|-damage|p2a: Ditto|36/100
|
|-weather|Sandstorm|[upkeep]
|-damage|p2a: Ditto|30/100|[from] Sandstorm
|-damage|p1a: Eternatus|48/100 brn|[from] Sandstorm
|-heal|p1a: Eternatus|54/100 brn|[from] item: Leftovers
|-damage|p1a: Eternatus|48/100 brn|[from] brn
|upkeep
|turn|342
|
|move|p2a: Ditto|Recover|p2a: Ditto
|-heal|p2a: Ditto|80/100
|move|p1a: Eternatus|Dragon Tail|p2a: Ditto
|-supereffective|p2a: Ditto
|-damage|p2a: Ditto|65/100
|drag|p2a: Eternatus|Eternatus|99/100
|-ability|p2a: Eternatus|Pressure
|
|-weather|none
|-heal|p2a: Eternatus|100/100|[from] item: Black Sludge
|-heal|p1a: Eternatus|54/100 brn|[from] item: Leftovers
|-damage|p1a: Eternatus|48/100 brn|[from] brn
|upkeep
|turn|343
|
|switch|p2a: Tyranitar|Tyranitar, F|99/100 slp
|-weather|Sandstorm|[from] ability: Sand Stream|[of] p2a: Tyranitar
|switch|p1a: Toxapex|Toxapex, F|85/100 brn
|-damage|p1a: Toxapex|72/100 brn|[from] Stealth Rock
|
|-weather|Sandstorm|[upkeep]
|-damage|p1a: Toxapex|66/100 brn|[from] Sandstorm
|-heal|p2a: Tyranitar|100/100 slp|[from] item: Leftovers
|-heal|p1a: Toxapex|72/100 brn|[from] item: Leftovers
|-damage|p1a: Toxapex|66/100 brn|[from] brn
|upkeep
|turn|344
|
|switch|p2a: Ditto|Ditto|65/100
|-transform|p2a: Ditto|p1a: Toxapex|[from] ability: Imposter
|switch|p1a: Corviknight|Corviknight, F|100/100
|-damage|p1a: Corviknight|88/100|[from] Stealth Rock
|-ability|p1a: Corviknight|Pressure
|
|-weather|Sandstorm|[upkeep]
|-damage|p2a: Ditto|59/100|[from] Sandstorm
|-heal|p1a: Corviknight|94/100|[from] item: Leftovers
|upkeep
|turn|345
|
|switch|p1a: Toxapex|Toxapex, F|99/100 brn
|-damage|p1a: Toxapex|87/100 brn|[from] Stealth Rock
|move|p2a: Ditto|Scald|p1a: Toxapex
|-resisted|p1a: Toxapex
|-damage|p1a: Toxapex|81/100 brn
|
|-weather|Sandstorm|[upkeep]
|-damage|p2a: Ditto|53/100|[from] Sandstorm
|-damage|p1a: Toxapex|75/100 brn|[from] Sandstorm
|-heal|p1a: Toxapex|81/100 brn|[from] item: Leftovers
|-damage|p1a: Toxapex|75/100 brn|[from] brn
|upkeep
|turn|346
|
|move|p2a: Ditto|Scald|p1a: Toxapex
|-resisted|p1a: Toxapex
|-damage|p1a: Toxapex|69/100 brn
|move|p1a: Toxapex|Haze|p1a: Toxapex
|-clearallboost
|
|-weather|Sandstorm|[upkeep]
|-damage|p2a: Ditto|47/100|[from] Sandstorm
|-damage|p1a: Toxapex|63/100 brn|[from] Sandstorm
|-heal|p1a: Toxapex|69/100 brn|[from] item: Leftovers
|-damage|p1a: Toxapex|63/100 brn|[from] brn
|upkeep
|turn|347
|
|switch|p2a: Tyranitar|Tyranitar, F|100/100 slp
|move|p1a: Toxapex|Haze|p1a: Toxapex
|-clearallboost
|
|-weather|none
|-heal|p1a: Toxapex|69/100 brn|[from] item: Leftovers
|-damage|p1a: Toxapex|63/100 brn|[from] brn
|upkeep
|turn|348
|
|switch|p2a: Ditto|Ditto|80/100
|-transform|p2a: Ditto|p1a: Toxapex|[from] ability: Imposter
|switch|p1a: Corviknight|Corviknight, F|94/100
|-damage|p1a: Corviknight|82/100|[from] Stealth Rock
|-ability|p1a: Corviknight|Pressure
|
|-heal|p1a: Corviknight|88/100|[from] item: Leftovers
|upkeep
|turn|349
|inactive|Silvery1 has 60 seconds left.
|
|switch|p1a: Toxapex|Toxapex, F|96/100 brn
|-damage|p1a: Toxapex|84/100 brn|[from] Stealth Rock
|move|p2a: Ditto|Scald|p1a: Toxapex
|-resisted|p1a: Toxapex
|-damage|p1a: Toxapex|78/100 brn
|
|-heal|p1a: Toxapex|84/100 brn|[from] item: Leftovers
|-damage|p1a: Toxapex|78/100 brn|[from] brn
|upkeep
|turn|350
|
|move|p2a: Ditto|Scald|p1a: Toxapex
|-resisted|p1a: Toxapex
|-damage|p1a: Toxapex|71/100 brn
|move|p1a: Toxapex|Haze|p1a: Toxapex
|-clearallboost
|
|-heal|p1a: Toxapex|77/100 brn|[from] item: Leftovers
|-damage|p1a: Toxapex|71/100 brn|[from] brn
|upkeep
|turn|351
|
|move|p2a: Ditto|Scald|p1a: Toxapex
|-resisted|p1a: Toxapex
|-damage|p1a: Toxapex|65/100 brn
|move|p1a: Toxapex|Haze|p1a: Toxapex
|-clearallboost
|
|-heal|p1a: Toxapex|72/100 brn|[from] item: Leftovers
|-damage|p1a: Toxapex|65/100 brn|[from] brn
|upkeep
|turn|352
|
|move|p2a: Ditto|Scald|p1a: Toxapex
|-resisted|p1a: Toxapex
|-damage|p1a: Toxapex|60/100 brn
|move|p1a: Toxapex|Haze|p1a: Toxapex
|-clearallboost
|
|-heal|p1a: Toxapex|66/100 brn|[from] item: Leftovers
|-damage|p1a: Toxapex|60/100 brn|[from] brn
|upkeep
|turn|353
|
|move|p2a: Ditto|Scald|p1a: Toxapex
|-resisted|p1a: Toxapex
|-damage|p1a: Toxapex|54/100 brn
|move|p1a: Toxapex|Haze|p1a: Toxapex
|-clearallboost
|
|-heal|p1a: Toxapex|60/100 brn|[from] item: Leftovers
|-damage|p1a: Toxapex|54/100 brn|[from] brn
|upkeep
|turn|354
|inactive|Silvery1 has 60 seconds left.
|
|switch|p2a: Tyranitar|Tyranitar, F|100/100 slp
|-weather|Sandstorm|[from] ability: Sand Stream|[of] p2a: Tyranitar
|switch|p1a: Corviknight|Corviknight, F|88/100
|-damage|p1a: Corviknight|75/100|[from] Stealth Rock
|-ability|p1a: Corviknight|Pressure
|
|-weather|Sandstorm|[upkeep]
|-heal|p1a: Corviknight|82/100|[from] item: Leftovers
|upkeep
|turn|355
|
|switch|p1a: Toxapex|Toxapex, F|87/100 brn
|-damage|p1a: Toxapex|75/100 brn|[from] Stealth Rock
|switch|p2a: Corviknight|Corviknight, F|100/100
|-ability|p2a: Corviknight|Pressure
|
|-weather|Sandstorm|[upkeep]
|-damage|p1a: Toxapex|68/100 brn|[from] Sandstorm
|-heal|p1a: Toxapex|75/100 brn|[from] item: Leftovers
|-damage|p1a: Toxapex|68/100 brn|[from] brn
|upkeep
|turn|356
|inactive|Silvery1 has 60 seconds left.
|
|switch|p2a: Ditto|Ditto|100/100
|-transform|p2a: Ditto|p1a: Toxapex|[from] ability: Imposter
|switch|p1a: Corviknight|Corviknight, F|82/100
|-damage|p1a: Corviknight|69/100|[from] Stealth Rock
|-ability|p1a: Corviknight|Pressure
|
|-weather|Sandstorm|[upkeep]
|-damage|p2a: Ditto|94/100|[from] Sandstorm
|-heal|p1a: Corviknight|75/100|[from] item: Leftovers
|upkeep
|turn|357
|
|switch|p1a: Toxapex|Toxapex, F|100/100 brn
|-damage|p1a: Toxapex|88/100 brn|[from] Stealth Rock
|move|p2a: Ditto|Scald|p1a: Toxapex
|-resisted|p1a: Toxapex
|-damage|p1a: Toxapex|82/100 brn
|
|-weather|Sandstorm|[upkeep]
|-damage|p2a: Ditto|88/100|[from] Sandstorm
|-damage|p1a: Toxapex|76/100 brn|[from] Sandstorm
|-heal|p1a: Toxapex|82/100 brn|[from] item: Leftovers
|-damage|p1a: Toxapex|76/100 brn|[from] brn
|upkeep
|turn|358
|inactive|Silvery1 has 60 seconds left.
|
|switch|p1a: Corviknight|Corviknight, F|75/100
|-damage|p1a: Corviknight|63/100|[from] Stealth Rock
|-ability|p1a: Corviknight|Pressure
|move|p2a: Ditto|Scald|p1a: Corviknight
|-damage|p1a: Corviknight|50/100
|-status|p1a: Corviknight|brn
|
|-weather|none
|-heal|p1a: Corviknight|57/100 brn|[from] item: Leftovers
|-damage|p1a: Corviknight|50/100 brn|[from] brn
|upkeep
|turn|359
|
|move|p1a: Corviknight|Roost|p1a: Corviknight
|-heal|p1a: Corviknight|99/100 brn
|-singleturn|p1a: Corviknight|move: Roost
|move|p2a: Ditto|Scald|p1a: Corviknight
|-damage|p1a: Corviknight|87/100 brn
|
|-heal|p1a: Corviknight|93/100 brn|[from] item: Leftovers
|-damage|p1a: Corviknight|87/100 brn|[from] brn
|upkeep
|turn|360
|
|switch|p1a: Toxapex|Toxapex, F|100/100 brn
|-damage|p1a: Toxapex|88/100 brn|[from] Stealth Rock
|switch|p2a: Tyranitar|Tyranitar, F|100/100 slp
|-weather|Sandstorm|[from] ability: Sand Stream|[of] p2a: Tyranitar
|
|-weather|Sandstorm|[upkeep]
|-damage|p1a: Toxapex|82/100 brn|[from] Sandstorm
|-heal|p1a: Toxapex|88/100 brn|[from] item: Leftovers
|-damage|p1a: Toxapex|82/100 brn|[from] brn
|upkeep
|turn|361
|
|switch|p2a: Ditto|Ditto|100/100
|-transform|p2a: Ditto|p1a: Toxapex|[from] ability: Imposter
|switch|p1a: Corviknight|Corviknight, F|87/100 brn
|-damage|p1a: Corviknight|74/100 brn|[from] Stealth Rock
|-ability|p1a: Corviknight|Pressure
|
|-weather|Sandstorm|[upkeep]
|-damage|p2a: Ditto|94/100|[from] Sandstorm
|-heal|p1a: Corviknight|80/100 brn|[from] item: Leftovers
|-damage|p1a: Corviknight|74/100 brn|[from] brn
|upkeep
|turn|362
|
|switch|p1a: Toxapex|Toxapex, F|100/100 brn
|-damage|p1a: Toxapex|88/100 brn|[from] Stealth Rock
|move|p2a: Ditto|Scald|p1a: Toxapex
|-resisted|p1a: Toxapex
|-damage|p1a: Toxapex|82/100 brn
|
|-weather|Sandstorm|[upkeep]
|-damage|p2a: Ditto|88/100|[from] Sandstorm
|-damage|p1a: Toxapex|76/100 brn|[from] Sandstorm
|-heal|p1a: Toxapex|82/100 brn|[from] item: Leftovers
|-damage|p1a: Toxapex|76/100 brn|[from] brn
|upkeep
|turn|363
|
|switch|p1a: Corviknight|Corviknight, F|74/100 brn
|-damage|p1a: Corviknight|62/100 brn|[from] Stealth Rock
|-ability|p1a: Corviknight|Pressure
|move|p2a: Ditto|Scald|p1a: Corviknight
|-damage|p1a: Corviknight|48/100 brn
|
|-weather|Sandstorm|[upkeep]
|-damage|p2a: Ditto|82/100|[from] Sandstorm
|-heal|p1a: Corviknight|54/100 brn|[from] item: Leftovers
|-damage|p1a: Corviknight|48/100 brn|[from] brn
|upkeep
|turn|364
|
|switch|p1a: Toxapex|Toxapex, F|100/100 brn
|-damage|p1a: Toxapex|88/100 brn|[from] Stealth Rock
|move|p2a: Ditto|Scald|p1a: Toxapex
|-resisted|p1a: Toxapex
|-damage|p1a: Toxapex|82/100 brn
|
|-weather|none
|-heal|p1a: Toxapex|89/100 brn|[from] item: Leftovers
|-damage|p1a: Toxapex|82/100 brn|[from] brn
|upkeep
|turn|365
|
|move|p2a: Ditto|Scald|p1a: Toxapex
|-resisted|p1a: Toxapex
|-damage|p1a: Toxapex|76/100 brn
|move|p1a: Toxapex|Haze|p1a: Toxapex
|-clearallboost
|
|-heal|p1a: Toxapex|82/100 brn|[from] item: Leftovers
|-damage|p1a: Toxapex|76/100 brn|[from] brn
|upkeep
|turn|366
|
|switch|p2a: Tyranitar|Tyranitar, F|100/100 slp
|-weather|Sandstorm|[from] ability: Sand Stream|[of] p2a: Tyranitar
|move|p1a: Toxapex|Haze|p1a: Toxapex
|-clearallboost
|
|-weather|Sandstorm|[upkeep]
|-damage|p1a: Toxapex|70/100 brn|[from] Sandstorm
|-heal|p1a: Toxapex|76/100 brn|[from] item: Leftovers
|-damage|p1a: Toxapex|70/100 brn|[from] brn
|upkeep
|turn|367
|
|switch|p2a: Ditto|Ditto|100/100
|-transform|p2a: Ditto|p1a: Toxapex|[from] ability: Imposter
|switch|p1a: Corviknight|Corviknight, F|48/100 brn
|-damage|p1a: Corviknight|36/100 brn|[from] Stealth Rock
|-ability|p1a: Corviknight|Pressure
|
|-weather|Sandstorm|[upkeep]
|-damage|p2a: Ditto|94/100|[from] Sandstorm
|-heal|p1a: Corviknight|42/100 brn|[from] item: Leftovers
|-damage|p1a: Corviknight|36/100 brn|[from] brn
|upkeep
|turn|368
|
|move|p1a: Corviknight|Roost|p1a: Corviknight
|-heal|p1a: Corviknight|86/100 brn
|-singleturn|p1a: Corviknight|move: Roost
|move|p2a: Ditto|Scald|p1a: Corviknight
|-damage|p1a: Corviknight|72/100 brn
|
|-weather|Sandstorm|[upkeep]
|-damage|p2a: Ditto|88/100|[from] Sandstorm
|-heal|p1a: Corviknight|78/100 brn|[from] item: Leftovers
|-damage|p1a: Corviknight|72/100 brn|[from] brn
|upkeep
|turn|369
|
|move|p1a: Corviknight|U-turn|p2a: Ditto
|-resisted|p2a: Ditto
|-damage|p2a: Ditto|86/100
|
|switch|p1a: Toxapex|Toxapex, F|100/100 brn|[from]move: U-turn
|-damage|p1a: Toxapex|88/100 brn|[from] Stealth Rock
|move|p2a: Ditto|Scald|p1a: Toxapex
|-resisted|p1a: Toxapex
|-damage|p1a: Toxapex|82/100 brn
|
|-weather|Sandstorm|[upkeep]
|-damage|p2a: Ditto|80/100|[from] Sandstorm
|-damage|p1a: Toxapex|76/100 brn|[from] Sandstorm
|-heal|p1a: Toxapex|82/100 brn|[from] item: Leftovers
|-damage|p1a: Toxapex|76/100 brn|[from] brn
|upkeep
|turn|370
|
|switch|p1a: Corviknight|Corviknight, F|72/100 brn
|-damage|p1a: Corviknight|59/100 brn|[from] Stealth Rock
|-ability|p1a: Corviknight|Pressure
|move|p2a: Ditto|Scald|p1a: Corviknight
|-damage|p1a: Corviknight|45/100 brn
|
|-weather|none
|-heal|p1a: Corviknight|51/100 brn|[from] item: Leftovers
|-damage|p1a: Corviknight|45/100 brn|[from] brn
|upkeep
|turn|371
|
|switch|p1a: Toxapex|Toxapex, F|100/100 brn
|-damage|p1a: Toxapex|88/100 brn|[from] Stealth Rock
|switch|p2a: Tyranitar|Tyranitar, F|100/100 slp
|-weather|Sandstorm|[from] ability: Sand Stream|[of] p2a: Tyranitar
|
|-weather|Sandstorm|[upkeep]
|-damage|p1a: Toxapex|82/100 brn|[from] Sandstorm
|-heal|p1a: Toxapex|88/100 brn|[from] item: Leftovers
|-damage|p1a: Toxapex|82/100 brn|[from] brn
|upkeep
|turn|372
|
|switch|p2a: Ditto|Ditto|100/100
|-transform|p2a: Ditto|p1a: Toxapex|[from] ability: Imposter
|move|p1a: Toxapex|Haze|p1a: Toxapex
|-clearallboost
|
|-weather|Sandstorm|[upkeep]
|-damage|p2a: Ditto|94/100|[from] Sandstorm
|-damage|p1a: Toxapex|75/100 brn|[from] Sandstorm
|-heal|p1a: Toxapex|82/100 brn|[from] item: Leftovers
|-damage|p1a: Toxapex|75/100 brn|[from] brn
|upkeep
|turn|373
|
|move|p2a: Ditto|Scald|p1a: Toxapex
|-resisted|p1a: Toxapex
|-damage|p1a: Toxapex|70/100 brn
|move|p1a: Toxapex|Haze|p1a: Toxapex
|-clearallboost
|
|-weather|Sandstorm|[upkeep]
|-damage|p2a: Ditto|88/100|[from] Sandstorm
|-damage|p1a: Toxapex|63/100 brn|[from] Sandstorm
|-heal|p1a: Toxapex|70/100 brn|[from] item: Leftovers
|-damage|p1a: Toxapex|63/100 brn|[from] brn
|upkeep
|turn|374
|
|move|p2a: Ditto|Scald|p1a: Toxapex
|-resisted|p1a: Toxapex
|-damage|p1a: Toxapex|57/100 brn
|move|p1a: Toxapex|Haze|p1a: Toxapex
|-clearallboost
|
|-weather|Sandstorm|[upkeep]
|-damage|p2a: Ditto|82/100|[from] Sandstorm
|-damage|p1a: Toxapex|51/100 brn|[from] Sandstorm
|-heal|p1a: Toxapex|57/100 brn|[from] item: Leftovers
|-damage|p1a: Toxapex|51/100 brn|[from] brn
|upkeep
|turn|375
|
|move|p2a: Ditto|Scald|p1a: Toxapex
|-resisted|p1a: Toxapex
|-damage|p1a: Toxapex|44/100 brn
|move|p1a: Toxapex|Recover|p1a: Toxapex
|-heal|p1a: Toxapex|94/100 brn
|
|-weather|none
|-heal|p1a: Toxapex|100/100 brn|[from] item: Leftovers
|-damage|p1a: Toxapex|94/100 brn|[from] brn
|upkeep
|turn|376
|
|move|p2a: Ditto|Scald|p1a: Toxapex
|-resisted|p1a: Toxapex
|-damage|p1a: Toxapex|88/100 brn
|move|p1a: Toxapex|Haze|p1a: Toxapex
|-clearallboost
|
|-heal|p1a: Toxapex|94/100 brn|[from] item: Leftovers
|-damage|p1a: Toxapex|88/100 brn|[from] brn
|upkeep
|turn|377
|
|move|p2a: Ditto|Scald|p1a: Toxapex
|-resisted|p1a: Toxapex
|-damage|p1a: Toxapex|82/100 brn
|move|p1a: Toxapex|Haze|p1a: Toxapex
|-clearallboost
|
|-heal|p1a: Toxapex|88/100 brn|[from] item: Leftovers
|-damage|p1a: Toxapex|82/100 brn|[from] brn
|upkeep
|turn|378
|
|switch|p2a: Tyranitar|Tyranitar, F|100/100 slp
|-weather|Sandstorm|[from] ability: Sand Stream|[of] p2a: Tyranitar
|move|p1a: Toxapex|Haze|p1a: Toxapex
|-clearallboost
|
|-weather|Sandstorm|[upkeep]
|-damage|p1a: Toxapex|76/100 brn|[from] Sandstorm
|-heal|p1a: Toxapex|82/100 brn|[from] item: Leftovers
|-damage|p1a: Toxapex|76/100 brn|[from] brn
|upkeep
|turn|379
|
|switch|p2a: Ditto|Ditto|100/100
|-transform|p2a: Ditto|p1a: Toxapex|[from] ability: Imposter
|switch|p1a: Quagsire|Quagsire, F|73/100 tox
|-damage|p1a: Quagsire|67/100 tox|[from] Stealth Rock
|
|-weather|Sandstorm|[upkeep]
|-damage|p2a: Ditto|94/100|[from] Sandstorm
|-heal|p1a: Quagsire|73/100 tox|[from] item: Leftovers
|-damage|p1a: Quagsire|67/100 tox|[from] psn
|upkeep
|turn|380
|
|switch|p1a: Toxapex|Toxapex, F|100/100 brn
|-damage|p1a: Toxapex|88/100 brn|[from] Stealth Rock
|move|p2a: Ditto|Scald|p1a: Toxapex
|-resisted|p1a: Toxapex
|-damage|p1a: Toxapex|82/100 brn
|
|-weather|Sandstorm|[upkeep]
|-damage|p2a: Ditto|88/100|[from] Sandstorm
|-damage|p1a: Toxapex|75/100 brn|[from] Sandstorm
|-heal|p1a: Toxapex|82/100 brn|[from] item: Leftovers
|-damage|p1a: Toxapex|75/100 brn|[from] brn
|upkeep
|turn|381
|
|move|p2a: Ditto|Scald|p1a: Toxapex
|-resisted|p1a: Toxapex
|-damage|p1a: Toxapex|70/100 brn
|move|p1a: Toxapex|Haze|p1a: Toxapex
|-clearallboost
|
|-weather|Sandstorm|[upkeep]
|-damage|p2a: Ditto|82/100|[from] Sandstorm
|-damage|p1a: Toxapex|63/100 brn|[from] Sandstorm
|-heal|p1a: Toxapex|70/100 brn|[from] item: Leftovers
|-damage|p1a: Toxapex|63/100 brn|[from] brn
|upkeep
|turn|382
|
|move|p2a: Ditto|Scald|p1a: Toxapex
|-resisted|p1a: Toxapex
|-damage|p1a: Toxapex|58/100 brn
|move|p1a: Toxapex|Haze|p1a: Toxapex
|-clearallboost
|
|-weather|none
|-heal|p1a: Toxapex|64/100 brn|[from] item: Leftovers
|-damage|p1a: Toxapex|58/100 brn|[from] brn
|upkeep
|turn|383
|
|move|p2a: Ditto|Scald|p1a: Toxapex
|-resisted|p1a: Toxapex
|-damage|p1a: Toxapex|52/100 brn
|move|p1a: Toxapex|Haze|p1a: Toxapex
|-clearallboost
|
|-heal|p1a: Toxapex|58/100 brn|[from] item: Leftovers
|-damage|p1a: Toxapex|52/100 brn|[from] brn
|upkeep
|turn|384
|
|move|p2a: Ditto|Scald|p1a: Toxapex
|-resisted|p1a: Toxapex
|-damage|p1a: Toxapex|46/100 brn
|move|p1a: Toxapex|Haze|p1a: Toxapex
|-clearallboost
|
|-heal|p1a: Toxapex|52/100 brn|[from] item: Leftovers
|-damage|p1a: Toxapex|46/100 brn|[from] brn
|upkeep
|turn|385
|
|switch|p2a: Tyranitar|Tyranitar, F|100/100 slp
|-weather|Sandstorm|[from] ability: Sand Stream|[of] p2a: Tyranitar
|move|p1a: Toxapex|Recover|p1a: Toxapex
|-heal|p1a: Toxapex|96/100 brn
|
|-weather|Sandstorm|[upkeep]
|-damage|p1a: Toxapex|90/100 brn|[from] Sandstorm
|-heal|p1a: Toxapex|96/100 brn|[from] item: Leftovers
|-damage|p1a: Toxapex|90/100 brn|[from] brn
|upkeep
|turn|386
|inactive|Silvery1 has 90 seconds left.
|
|switch|p2a: Ditto|Ditto|100/100
|-transform|p2a: Ditto|p1a: Toxapex|[from] ability: Imposter
|move|p1a: Toxapex|Haze|p1a: Toxapex
|-clearallboost
|
|-weather|Sandstorm|[upkeep]
|-damage|p2a: Ditto|94/100|[from] Sandstorm
|-damage|p1a: Toxapex|83/100 brn|[from] Sandstorm
|-heal|p1a: Toxapex|90/100 brn|[from] item: Leftovers
|-damage|p1a: Toxapex|83/100 brn|[from] brn
|upkeep
|turn|387
|
|move|p2a: Ditto|Scald|p1a: Toxapex
|-resisted|p1a: Toxapex
|-damage|p1a: Toxapex|78/100 brn
|move|p1a: Toxapex|Haze|p1a: Toxapex
|-clearallboost
|
|-weather|Sandstorm|[upkeep]
|-damage|p2a: Ditto|88/100|[from] Sandstorm
|-damage|p1a: Toxapex|72/100 brn|[from] Sandstorm
|-heal|p1a: Toxapex|78/100 brn|[from] item: Leftovers
|-damage|p1a: Toxapex|72/100 brn|[from] brn
|upkeep
|turn|388
|
|move|p2a: Ditto|Scald|p1a: Toxapex
|-resisted|p1a: Toxapex
|-damage|p1a: Toxapex|65/100 brn
|move|p1a: Toxapex|Haze|p1a: Toxapex
|-clearallboost
|
|-weather|Sandstorm|[upkeep]
|-damage|p2a: Ditto|82/100|[from] Sandstorm
|-damage|p1a: Toxapex|59/100 brn|[from] Sandstorm
|-heal|p1a: Toxapex|65/100 brn|[from] item: Leftovers
|-damage|p1a: Toxapex|59/100 brn|[from] brn
|upkeep
|turn|389
|
|move|p2a: Ditto|Scald|p1a: Toxapex
|-resisted|p1a: Toxapex
|-damage|p1a: Toxapex|53/100 brn
|move|p1a: Toxapex|Haze|p1a: Toxapex
|-clearallboost
|
|-weather|none
|-heal|p1a: Toxapex|59/100 brn|[from] item: Leftovers
|-damage|p1a: Toxapex|53/100 brn|[from] brn
|upkeep
|turn|390
|
|move|p2a: Ditto|Scald|p1a: Toxapex
|-resisted|p1a: Toxapex
|-damage|p1a: Toxapex|47/100 brn
|move|p1a: Toxapex|Recover|p1a: Toxapex
|-heal|p1a: Toxapex|97/100 brn
|
|-heal|p1a: Toxapex|100/100 brn|[from] item: Leftovers
|-damage|p1a: Toxapex|94/100 brn|[from] brn
|upkeep
|turn|391
|
|move|p2a: Ditto|Scald|p1a: Toxapex
|-resisted|p1a: Toxapex
|-damage|p1a: Toxapex|88/100 brn
|move|p1a: Toxapex|Haze|p1a: Toxapex
|-clearallboost
|
|-heal|p1a: Toxapex|95/100 brn|[from] item: Leftovers
|-damage|p1a: Toxapex|88/100 brn|[from] brn
|upkeep
|turn|392
|
|switch|p2a: Tyranitar|Tyranitar, F|100/100 slp
|-weather|Sandstorm|[from] ability: Sand Stream|[of] p2a: Tyranitar
|switch|p1a: Quagsire|Quagsire, F|67/100 tox
|-damage|p1a: Quagsire|61/100 tox|[from] Stealth Rock
|
|-weather|Sandstorm|[upkeep]
|-heal|p1a: Quagsire|67/100 tox|[from] item: Leftovers
|-damage|p1a: Quagsire|61/100 tox|[from] psn
|upkeep
|turn|393
|
|switch|p2a: Eternatus|Eternatus|100/100
|-ability|p2a: Eternatus|Pressure
|move|p1a: Quagsire|Recover|p1a: Quagsire
|-heal|p1a: Quagsire|100/100 tox
|
|-weather|Sandstorm|[upkeep]
|-damage|p2a: Eternatus|94/100|[from] Sandstorm
|-heal|p2a: Eternatus|100/100|[from] item: Black Sludge
|-damage|p1a: Quagsire|88/100 tox|[from] psn
|upkeep
|turn|394
|c|☆Silvery1|go to1000
|
|switch|p2a: Tyranitar|Tyranitar, F|100/100 slp
|switch|p1a: Toxapex|Toxapex, F|100/100 brn
|-damage|p1a: Toxapex|88/100 brn|[from] Stealth Rock
|
|-weather|Sandstorm|[upkeep]
|-damage|p1a: Toxapex|82/100 brn|[from] Sandstorm
|-heal|p1a: Toxapex|88/100 brn|[from] item: Leftovers
|-damage|p1a: Toxapex|82/100 brn|[from] brn
|upkeep
|turn|395
|
|switch|p2a: Ditto|Ditto|100/100
|-transform|p2a: Ditto|p1a: Toxapex|[from] ability: Imposter
|move|p1a: Toxapex|Haze|p1a: Toxapex
|-clearallboost
|
|-weather|Sandstorm|[upkeep]
|-damage|p2a: Ditto|94/100|[from] Sandstorm
|-damage|p1a: Toxapex|75/100 brn|[from] Sandstorm
|-heal|p1a: Toxapex|82/100 brn|[from] item: Leftovers
|-damage|p1a: Toxapex|75/100 brn|[from] brn
|upkeep
|turn|396
|
|move|p2a: Ditto|Scald|p1a: Toxapex
|-resisted|p1a: Toxapex
|-damage|p1a: Toxapex|70/100 brn
|move|p1a: Toxapex|Haze|p1a: Toxapex
|-clearallboost
|
|-weather|none
|-heal|p1a: Toxapex|76/100 brn|[from] item: Leftovers
|-damage|p1a: Toxapex|70/100 brn|[from] brn
|upkeep
|turn|397
|
|move|p2a: Ditto|Scald|p1a: Toxapex
|-resisted|p1a: Toxapex
|-damage|p1a: Toxapex|63/100 brn
|move|p1a: Toxapex|Haze|p1a: Toxapex
|-clearallboost
|
|-heal|p1a: Toxapex|69/100 brn|[from] item: Leftovers
|-damage|p1a: Toxapex|63/100 brn|[from] brn
|upkeep
|turn|398
|
|move|p2a: Ditto|Scald|p1a: Toxapex
|-resisted|p1a: Toxapex
|-damage|p1a: Toxapex|57/100 brn
|move|p1a: Toxapex|Haze|p1a: Toxapex
|-clearallboost
|
|-heal|p1a: Toxapex|63/100 brn|[from] item: Leftovers
|-damage|p1a: Toxapex|57/100 brn|[from] brn
|upkeep
|turn|399
|
|move|p2a: Ditto|Scald|p1a: Toxapex
|-resisted|p1a: Toxapex
|-damage|p1a: Toxapex|52/100 brn
|move|p1a: Toxapex|Haze|p1a: Toxapex
|-clearallboost
|
|-heal|p1a: Toxapex|58/100 brn|[from] item: Leftovers
|-damage|p1a: Toxapex|52/100 brn|[from] brn
|upkeep
|turn|400
|
|move|p2a: Ditto|Scald|p1a: Toxapex
|-resisted|p1a: Toxapex
|-damage|p1a: Toxapex|46/100 brn
|move|p1a: Toxapex|Haze|p1a: Toxapex
|-clearallboost
|
|-heal|p1a: Toxapex|52/100 brn|[from] item: Leftovers
|-damage|p1a: Toxapex|46/100 brn|[from] brn
|upkeep
|turn|401
|
|switch|p2a: Tyranitar|Tyranitar, F|100/100 slp
|-weather|Sandstorm|[from] ability: Sand Stream|[of] p2a: Tyranitar
|move|p1a: Toxapex|Recover|p1a: Toxapex
|-heal|p1a: Toxapex|96/100 brn
|
|-weather|Sandstorm|[upkeep]
|-damage|p1a: Toxapex|90/100 brn|[from] Sandstorm
|-heal|p1a: Toxapex|96/100 brn|[from] item: Leftovers
|-damage|p1a: Toxapex|90/100 brn|[from] brn
|upkeep
|turn|402
|
|switch|p2a: Ditto|Ditto|100/100
|-transform|p2a: Ditto|p1a: Toxapex|[from] ability: Imposter
|move|p1a: Toxapex|Haze|p1a: Toxapex
|-clearallboost
|
|-weather|Sandstorm|[upkeep]
|-damage|p2a: Ditto|94/100|[from] Sandstorm
|-damage|p1a: Toxapex|83/100 brn|[from] Sandstorm
|-heal|p1a: Toxapex|90/100 brn|[from] item: Leftovers
|-damage|p1a: Toxapex|83/100 brn|[from] brn
|upkeep
|turn|403
|
|move|p1a: Toxapex|Baneful Bunker|p1a: Toxapex
|-singleturn|p1a: Toxapex|move: Protect
|move|p2a: Ditto|Scald|p1a: Toxapex
|-activate|p1a: Toxapex|move: Protect
|
|-weather|Sandstorm|[upkeep]
|-damage|p2a: Ditto|88/100|[from] Sandstorm
|-damage|p1a: Toxapex|77/100 brn|[from] Sandstorm
|-heal|p1a: Toxapex|83/100 brn|[from] item: Leftovers
|-damage|p1a: Toxapex|77/100 brn|[from] brn
|upkeep
|turn|404
|
|move|p2a: Ditto|Scald|p1a: Toxapex
|-resisted|p1a: Toxapex
|-damage|p1a: Toxapex|71/100 brn
|move|p1a: Toxapex|Haze|p1a: Toxapex
|-clearallboost
|
|-weather|Sandstorm|[upkeep]
|-damage|p2a: Ditto|82/100|[from] Sandstorm
|-damage|p1a: Toxapex|65/100 brn|[from] Sandstorm
|-heal|p1a: Toxapex|71/100 brn|[from] item: Leftovers
|-damage|p1a: Toxapex|65/100 brn|[from] brn
|upkeep
|turn|405
|
|move|p2a: Ditto|Scald|p1a: Toxapex
|-resisted|p1a: Toxapex
|-damage|p1a: Toxapex|59/100 brn
|move|p1a: Toxapex|Haze|p1a: Toxapex
|-clearallboost
|
|-weather|none
|-heal|p1a: Toxapex|65/100 brn|[from] item: Leftovers
|-damage|p1a: Toxapex|59/100 brn|[from] brn
|upkeep
|turn|406
|
|move|p2a: Ditto|Scald|p1a: Toxapex
|-resisted|p1a: Toxapex
|-damage|p1a: Toxapex|52/100 brn
|move|p1a: Toxapex|Haze|p1a: Toxapex
|-clearallboost
|
|-heal|p1a: Toxapex|59/100 brn|[from] item: Leftovers
|-damage|p1a: Toxapex|52/100 brn|[from] brn
|upkeep
|turn|407
|
|move|p2a: Ditto|Scald|p1a: Toxapex
|-resisted|p1a: Toxapex
|-damage|p1a: Toxapex|47/100 brn
|move|p1a: Toxapex|Haze|p1a: Toxapex
|-clearallboost
|
|-heal|p1a: Toxapex|53/100 brn|[from] item: Leftovers
|-damage|p1a: Toxapex|47/100 brn|[from] brn
|upkeep
|turn|408
|
|switch|p2a: Tyranitar|Tyranitar, F|100/100 slp
|-weather|Sandstorm|[from] ability: Sand Stream|[of] p2a: Tyranitar
|move|p1a: Toxapex|Haze|p1a: Toxapex
|-clearallboost
|
|-weather|Sandstorm|[upkeep]
|-damage|p1a: Toxapex|40/100 brn|[from] Sandstorm
|-heal|p1a: Toxapex|47/100 brn|[from] item: Leftovers
|-damage|p1a: Toxapex|40/100 brn|[from] brn
|upkeep
|turn|409
|
|-curestatus|p2a: Tyranitar|slp|[msg]
|move|p2a: Tyranitar|Crunch|p1a: Toxapex
|-damage|p1a: Toxapex|16/100 brn
|move|p1a: Toxapex|Recover|p1a: Toxapex
|-heal|p1a: Toxapex|66/100 brn
|
|-weather|Sandstorm|[upkeep]
|-damage|p1a: Toxapex|60/100 brn|[from] Sandstorm
|-heal|p1a: Toxapex|66/100 brn|[from] item: Leftovers
|-damage|p1a: Toxapex|60/100 brn|[from] brn
|upkeep
|turn|410
|
|switch|p2a: Ditto|Ditto|100/100
|-transform|p2a: Ditto|p1a: Toxapex|[from] ability: Imposter
|switch|p1a: Quagsire|Quagsire, F|88/100 tox
|-damage|p1a: Quagsire|82/100 tox|[from] Stealth Rock
|
|-weather|Sandstorm|[upkeep]
|-damage|p2a: Ditto|94/100|[from] Sandstorm
|-heal|p1a: Quagsire|88/100 tox|[from] item: Leftovers
|-damage|p1a: Quagsire|82/100 tox|[from] psn
|upkeep
|turn|411
|
|switch|p1a: Toxapex|Toxapex, F|93/100 brn
|-damage|p1a: Toxapex|81/100 brn|[from] Stealth Rock
|move|p2a: Ditto|Scald|p1a: Toxapex
|-resisted|p1a: Toxapex
|-damage|p1a: Toxapex|75/100 brn
|
|-weather|Sandstorm|[upkeep]
|-damage|p2a: Ditto|88/100|[from] Sandstorm
|-damage|p1a: Toxapex|69/100 brn|[from] Sandstorm
|-heal|p1a: Toxapex|75/100 brn|[from] item: Leftovers
|-damage|p1a: Toxapex|69/100 brn|[from] brn
|upkeep
|turn|412
|
|move|p2a: Ditto|Scald|p1a: Toxapex
|-resisted|p1a: Toxapex
|-damage|p1a: Toxapex|63/100 brn
|move|p1a: Toxapex|Haze|p1a: Toxapex
|-clearallboost
|
|-weather|none
|-heal|p1a: Toxapex|69/100 brn|[from] item: Leftovers
|-damage|p1a: Toxapex|63/100 brn|[from] brn
|upkeep
|turn|413
|
|move|p2a: Ditto|Scald|p1a: Toxapex
|-resisted|p1a: Toxapex
|-damage|p1a: Toxapex|57/100 brn
|move|p1a: Toxapex|Haze|p1a: Toxapex
|-clearallboost
|
|-heal|p1a: Toxapex|63/100 brn|[from] item: Leftovers
|-damage|p1a: Toxapex|57/100 brn|[from] brn
|upkeep
|turn|414
|inactive|Silvery1 has 120 seconds left.
|
|move|p2a: Ditto|Scald|p1a: Toxapex
|-resisted|p1a: Toxapex
|-damage|p1a: Toxapex|51/100 brn
|move|p1a: Toxapex|Haze|p1a: Toxapex
|-clearallboost
|
|-heal|p1a: Toxapex|58/100 brn|[from] item: Leftovers
|-damage|p1a: Toxapex|51/100 brn|[from] brn
|upkeep
|turn|415
|
|move|p2a: Ditto|Scald|p1a: Toxapex
|-resisted|p1a: Toxapex
|-damage|p1a: Toxapex|46/100 brn
|move|p1a: Toxapex|Haze|p1a: Toxapex
|-clearallboost
|
|-heal|p1a: Toxapex|52/100 brn|[from] item: Leftovers
|-damage|p1a: Toxapex|46/100 brn|[from] brn
|upkeep
|turn|416
|inactive|Silvery1 has 120 seconds left.
|
|switch|p2a: Tyranitar|Tyranitar, F|100/100
|-weather|Sandstorm|[from] ability: Sand Stream|[of] p2a: Tyranitar
|move|p1a: Toxapex|Recover|p1a: Toxapex
|-heal|p1a: Toxapex|96/100 brn
|
|-weather|Sandstorm|[upkeep]
|-damage|p1a: Toxapex|89/100 brn|[from] Sandstorm
|-heal|p1a: Toxapex|96/100 brn|[from] item: Leftovers
|-damage|p1a: Toxapex|89/100 brn|[from] brn
|upkeep
|turn|417
|
|switch|p2a: Quagsire|Quagsire, M|88/100 tox
|move|p1a: Toxapex|Baneful Bunker||[still]
|-fail|p1a: Toxapex
|
|-weather|Sandstorm|[upkeep]
|-damage|p1a: Toxapex|83/100 brn|[from] Sandstorm
|-heal|p1a: Toxapex|89/100 brn|[from] item: Leftovers
|-damage|p1a: Toxapex|83/100 brn|[from] brn
|-damage|p2a: Quagsire|82/100 tox|[from] psn
|upkeep
|turn|418
|
|switch|p1a: Corviknight|Corviknight, F|45/100 brn
|-damage|p1a: Corviknight|32/100 brn|[from] Stealth Rock
|-ability|p1a: Corviknight|Pressure
|move|p2a: Quagsire|Earthquake|p1a: Corviknight
|-immune|p1a: Corviknight
|
|-weather|Sandstorm|[upkeep]
|-heal|p1a: Corviknight|39/100 brn|[from] item: Leftovers
|-damage|p1a: Corviknight|32/100 brn|[from] brn
|-damage|p2a: Quagsire|70/100 tox|[from] psn
|upkeep
|turn|419
|
|move|p1a: Corviknight|Brave Bird|p2a: Quagsire
|-damage|p2a: Quagsire|57/100 tox
|-damage|p1a: Corviknight|28/100 brn|[from] Recoil
|move|p2a: Quagsire|Scald|p1a: Corviknight
|-damage|p1a: Corviknight|12/100 brn
|
|-weather|Sandstorm|[upkeep]
|-heal|p1a: Corviknight|18/100 brn|[from] item: Leftovers
|-damage|p1a: Corviknight|12/100 brn|[from] brn
|-damage|p2a: Quagsire|39/100 tox|[from] psn
|upkeep
|turn|420
|
|switch|p1a: Toxapex|Toxapex, F|100/100 brn
|-damage|p1a: Toxapex|88/100 brn|[from] Stealth Rock
|switch|p2a: Tyranitar|Tyranitar, F|100/100
|
|-weather|none
|-heal|p1a: Toxapex|94/100 brn|[from] item: Leftovers
|-damage|p1a: Toxapex|88/100 brn|[from] brn
|upkeep
|turn|421
|
|switch|p2a: Ditto|Ditto|100/100
|-transform|p2a: Ditto|p1a: Toxapex|[from] ability: Imposter
|move|p1a: Toxapex|Baneful Bunker||[still]
|-fail|p1a: Toxapex
|
|-heal|p1a: Toxapex|94/100 brn|[from] item: Leftovers
|-damage|p1a: Toxapex|88/100 brn|[from] brn
|upkeep
|turn|422
|
|move|p2a: Ditto|Scald|p1a: Toxapex
|-resisted|p1a: Toxapex
|-damage|p1a: Toxapex|82/100 brn
|move|p1a: Toxapex|Haze|p1a: Toxapex
|-clearallboost
|
|-heal|p1a: Toxapex|89/100 brn|[from] item: Leftovers
|-damage|p1a: Toxapex|82/100 brn|[from] brn
|upkeep
|turn|423
|
|move|p2a: Ditto|Scald|p1a: Toxapex
|-resisted|p1a: Toxapex
|-damage|p1a: Toxapex|76/100 brn
|move|p1a: Toxapex|Haze|p1a: Toxapex
|-clearallboost
|
|-heal|p1a: Toxapex|82/100 brn|[from] item: Leftovers
|-damage|p1a: Toxapex|76/100 brn|[from] brn
|upkeep
|turn|424
|
|switch|p2a: Quagsire|Quagsire, M|39/100 tox
|move|p1a: Toxapex|Haze|p1a: Toxapex
|-clearallboost
|
|-heal|p1a: Toxapex|82/100 brn|[from] item: Leftovers
|-damage|p1a: Toxapex|76/100 brn|[from] brn
|-damage|p2a: Quagsire|32/100 tox|[from] psn
|upkeep
|turn|425
|
|move|p1a: Toxapex|Baneful Bunker|p1a: Toxapex
|-singleturn|p1a: Toxapex|move: Protect
|move|p2a: Quagsire|Earthquake|p1a: Toxapex
|-activate|p1a: Toxapex|move: Protect
|
|-heal|p1a: Toxapex|82/100 brn|[from] item: Leftovers
|-damage|p1a: Toxapex|76/100 brn|[from] brn
|-damage|p2a: Quagsire|20/100 tox|[from] psn
|upkeep
|turn|426
|
|move|p1a: Toxapex|Recover|p1a: Toxapex
|-heal|p1a: Toxapex|100/100 brn
|move|p2a: Quagsire|Earthquake|p1a: Toxapex
|-supereffective|p1a: Toxapex
|-damage|p1a: Toxapex|61/100 brn
|
|-heal|p1a: Toxapex|67/100 brn|[from] item: Leftovers
|-damage|p1a: Toxapex|61/100 brn|[from] brn
|-damage|p2a: Quagsire|2/100 tox|[from] psn
|upkeep
|turn|427
|
|move|p1a: Toxapex|Baneful Bunker|p1a: Toxapex
|-singleturn|p1a: Toxapex|move: Protect
|move|p2a: Quagsire|Earthquake|p1a: Toxapex
|-activate|p1a: Toxapex|move: Protect
|
|-heal|p1a: Toxapex|67/100 brn|[from] item: Leftovers
|-damage|p1a: Toxapex|61/100 brn|[from] brn
|-damage|p2a: Quagsire|0 fnt|[from] psn
|faint|p2a: Quagsire
|upkeep
|
|switch|p2a: Ditto|Ditto|100/100
|-transform|p2a: Ditto|p1a: Toxapex|[from] ability: Imposter
|turn|428
|
|move|p2a: Ditto|Scald|p1a: Toxapex
|-resisted|p1a: Toxapex
|-damage|p1a: Toxapex|55/100 brn
|move|p1a: Toxapex|Haze|p1a: Toxapex
|-clearallboost
|
|-heal|p1a: Toxapex|61/100 brn|[from] item: Leftovers
|-damage|p1a: Toxapex|55/100 brn|[from] brn
|upkeep
|turn|429
|
|move|p2a: Ditto|Scald|p1a: Toxapex
|-resisted|p1a: Toxapex
|-damage|p1a: Toxapex|49/100 brn
|move|p1a: Toxapex|Haze|p1a: Toxapex
|-clearallboost
|
|-heal|p1a: Toxapex|55/100 brn|[from] item: Leftovers
|-damage|p1a: Toxapex|49/100 brn|[from] brn
|upkeep
|turn|430
|inactive|Silvery1 has 120 seconds left.
|
|move|p2a: Ditto|Scald|p1a: Toxapex
|-resisted|p1a: Toxapex
|-damage|p1a: Toxapex|43/100 brn
|move|p1a: Toxapex|Haze|p1a: Toxapex
|-clearallboost
|
|-heal|p1a: Toxapex|50/100 brn|[from] item: Leftovers
|-damage|p1a: Toxapex|43/100 brn|[from] brn
|upkeep
|turn|431
|
|move|p2a: Ditto|Scald|p1a: Toxapex
|-resisted|p1a: Toxapex
|-damage|p1a: Toxapex|37/100 brn
|move|p1a: Toxapex|Haze|p1a: Toxapex
|-clearallboost
|
|-heal|p1a: Toxapex|44/100 brn|[from] item: Leftovers
|-damage|p1a: Toxapex|37/100 brn|[from] brn
|upkeep
|turn|432
|
|move|p2a: Ditto|Scald|p1a: Toxapex
|-resisted|p1a: Toxapex
|-damage|p1a: Toxapex|32/100 brn
|move|p1a: Toxapex|Recover|p1a: Toxapex
|-heal|p1a: Toxapex|82/100 brn
|
|-heal|p1a: Toxapex|88/100 brn|[from] item: Leftovers
|-damage|p1a: Toxapex|82/100 brn|[from] brn
|upkeep
|turn|433
|
|switch|p2a: Tyranitar|Tyranitar, F|100/100
|-weather|Sandstorm|[from] ability: Sand Stream|[of] p2a: Tyranitar
|switch|p1a: Corviknight|Corviknight, F|12/100 brn
|-damage|p1a: Corviknight|0 fnt|[from] Stealth Rock
|faint|p1a: Corviknight
|
|-weather|Sandstorm|[upkeep]
|upkeep
|
|switch|p1a: Eternatus|Eternatus|48/100 brn
|-damage|p1a: Eternatus|36/100 brn|[from] Stealth Rock
|-ability|p1a: Eternatus|Pressure
|turn|434
|
|switch|p2a: Ditto|Ditto|100/100
|-transform|p2a: Ditto|p1a: Eternatus|[from] ability: Imposter
|-ability|p2a: Ditto|Pressure
|move|p1a: Eternatus|Toxic|p2a: Ditto
|-immune|p2a: Ditto
|
|-weather|Sandstorm|[upkeep]
|-damage|p2a: Ditto|94/100|[from] Sandstorm
|-damage|p1a: Eternatus|30/100 brn|[from] Sandstorm
|-heal|p1a: Eternatus|36/100 brn|[from] item: Leftovers
|-damage|p1a: Eternatus|30/100 brn|[from] brn
|upkeep
|turn|435
|
|switch|p1a: Toxapex|Toxapex, F|100/100 brn
|-damage|p1a: Toxapex|88/100 brn|[from] Stealth Rock
|move|p2a: Ditto|Dragon Tail|p1a: Toxapex
|-damage|p1a: Toxapex|76/100 brn
|drag|p1a: Quagsire|Quagsire, F|82/100 tox
|-damage|p1a: Quagsire|76/100 tox|[from] Stealth Rock
|
|-weather|Sandstorm|[upkeep]
|-damage|p2a: Ditto|88/100|[from] Sandstorm
|-heal|p1a: Quagsire|82/100 tox|[from] item: Leftovers
|-damage|p1a: Quagsire|76/100 tox|[from] psn
|upkeep
|turn|436
|
|switch|p1a: Toxapex|Toxapex, F|100/100 brn
|-damage|p1a: Toxapex|88/100 brn|[from] Stealth Rock
|move|p2a: Ditto|Dragon Tail|p1a: Toxapex
|-damage|p1a: Toxapex|76/100 brn
|drag|p1a: Quagsire|Quagsire, F|76/100 tox
|-damage|p1a: Quagsire|70/100 tox|[from] Stealth Rock
|
|-weather|Sandstorm|[upkeep]
|-damage|p2a: Ditto|82/100|[from] Sandstorm
|-heal|p1a: Quagsire|76/100 tox|[from] item: Leftovers
|-damage|p1a: Quagsire|70/100 tox|[from] psn
|upkeep
|turn|437
|
|move|p1a: Quagsire|Earthquake|p2a: Ditto
|-supereffective|p2a: Ditto
|-damage|p2a: Ditto|32/100
|move|p2a: Ditto|Dragon Tail|p1a: Quagsire
|-damage|p1a: Quagsire|59/100 tox
|drag|p1a: Zacian|Zacian-Crowned|2/100
|-damage|p1a: Zacian|0 fnt|[from] Stealth Rock
|faint|p1a: Zacian
|
|-weather|none
|upkeep
|
|switch|p1a: Quagsire|Quagsire, F|59/100 tox
|-damage|p1a: Quagsire|53/100 tox|[from] Stealth Rock
|turn|438
|
|switch|p2a: Corviknight|Corviknight, F|100/100
|-ability|p2a: Corviknight|Pressure
|move|p1a: Quagsire|Recover|p1a: Quagsire
|-heal|p1a: Quagsire|100/100 tox
|
|-damage|p1a: Quagsire|94/100 tox|[from] psn
|upkeep
|turn|439
|
|switch|p2a: Tyranitar|Tyranitar, F|100/100
|-weather|Sandstorm|[from] ability: Sand Stream|[of] p2a: Tyranitar
|switch|p1a: Toxapex|Toxapex, F|100/100 brn
|-damage|p1a: Toxapex|88/100 brn|[from] Stealth Rock
|
|-weather|Sandstorm|[upkeep]
|-damage|p1a: Toxapex|82/100 brn|[from] Sandstorm
|-heal|p1a: Toxapex|88/100 brn|[from] item: Leftovers
|-damage|p1a: Toxapex|82/100 brn|[from] brn
|upkeep
|turn|440
|
|switch|p2a: Ditto|Ditto|32/100
|-transform|p2a: Ditto|p1a: Toxapex|[from] ability: Imposter
|move|p1a: Toxapex|Baneful Bunker||[still]
|-fail|p1a: Toxapex
|
|-weather|Sandstorm|[upkeep]
|-damage|p2a: Ditto|26/100|[from] Sandstorm
|-damage|p1a: Toxapex|75/100 brn|[from] Sandstorm
|-heal|p1a: Toxapex|82/100 brn|[from] item: Leftovers
|-damage|p1a: Toxapex|75/100 brn|[from] brn
|upkeep
|turn|441
|inactive|Silvery1 has 90 seconds left.
|-message|Silvery1 forfeited.
|
|win|I like Lovely
|l|☆Silvery1
|raw|Silvery1's rating: 1594 &rarr; <strong>1574</strong><br />(-20 for losing)
|raw|I like Lovely's rating: 1591 &rarr; <strong>1611</strong><br />(+20 for winning)
|c|☆I like Lovely|Gg
