|j|☆nico2097
|j|☆TogeBirl HQ
|t:|1659032569
|gametype|singles
|player|p1|nico2097|hiker-gen4|1392
|player|p2|TogeBirl HQ|jogger|1547
|teamsize|p1|6
|teamsize|p2|6
|gen|8
|tier|[Gen 8] Ubers
|rated|
|rule|Sleep Clause Mod: Limit one foe put to sleep
|rule|Species Clause: Limit one of each Pokémon
|rule|OHKO Clause: OHKO moves are banned
|rule|Evasion Moves Clause: Evasion moves are banned
|rule|Endless Battle Clause: Forcing endless battles is banned
|rule|HP Percentage Mod: HP is shown in percentages
|rule|Dynamax Clause: You cannot dynamax
|clearpoke
|poke|p1|Dracovish|
|poke|p1|Kyogre|
|poke|p1|Xerneas-*|
|poke|p1|Shuckle, M|
|poke|p1|Yveltal|
|poke|p1|Eternatus|
|poke|p2|Urshifu-*, M|
|poke|p2|Calyrex-Shadow|
|poke|p2|Eternatus|
|poke|p2|Necrozma-Dusk-Mane|
|poke|p2|Yveltal|
|poke|p2|Ho-Oh|
|teampreview
|inactive|Battle timer is ON: inactive players will automatically lose when time's up. (requested by nico2097)
|
|t:|1659032577
|start
|switch|p1a: Eternatus|Eternatus|100/100
|switch|p2a: Calyrex|Calyrex-Shadow|100/100
|-ability|p2a: Calyrex|As One
|-ability|p2a: Calyrex|Unnerve
|-ability|p1a: Eternatus|Pressure
|turn|1
|
|t:|1659032593
|switch|p2a: Necrozma|Necrozma-Dusk-Mane|100/100
|switch|p1a: Shuckle|Shuckle, M|100/100
|
|upkeep
|turn|2
|
|t:|1659032603
|switch|p2a: Calyrex|Calyrex-Shadow|100/100
|-ability|p2a: Calyrex|As One
|-ability|p2a: Calyrex|Unnerve
|move|p1a: Shuckle|Encore||[still]
|-fail|p1a: Shuckle
|
|upkeep
|turn|3
|
|t:|1659032610
|move|p2a: Calyrex|Trick|p1a: Shuckle
|-activate|p2a: Calyrex|move: Trick|[of] p1a: Shuckle
|-item|p1a: Shuckle|Choice Specs|[from] move: Trick
|-item|p2a: Calyrex|Mental Herb|[from] move: Trick
|move|p1a: Shuckle|Sticky Web|p2a: Calyrex
|-sidestart|p2: TogeBirl HQ|move: Sticky Web
|
|upkeep
|turn|4
|
|t:|1659032628
|switch|p2a: Yveltal|Yveltal|100/100
|-ability|p2a: Yveltal|Dark Aura
|switch|p1a: Yveltal|Yveltal|100/100
|-ability|p1a: Yveltal|Dark Aura
|
|upkeep
|turn|5
|
|t:|1659032635
|move|p2a: Yveltal|Defog|p1a: Yveltal
|-unboost|p1a: Yveltal|evasion|1
|-sideend|p2: TogeBirl HQ|Sticky Web|[from] move: Defog|[of] p2a: Yveltal
|move|p1a: Yveltal|Taunt|p2a: Yveltal
|-start|p2a: Yveltal|move: Taunt
|
|upkeep
|turn|6
|
|t:|1659032647
|switch|p2a: Eternatus|Eternatus|100/100
|-ability|p2a: Eternatus|Pressure
|move|p1a: Yveltal|Dark Pulse|p2a: Eternatus
|-damage|p2a: Eternatus|57/100
|-damage|p1a: Yveltal|91/100|[from] item: Life Orb
|
|upkeep
|turn|7
|
|t:|1659032654
|switch|p1a: Shuckle|Shuckle, M|100/100
|move|p2a: Eternatus|Recover|p2a: Eternatus
|-heal|p2a: Eternatus|100/100
|
|upkeep
|turn|8
|
|t:|1659032660
|switch|p2a: Calyrex|Calyrex-Shadow|100/100
|-ability|p2a: Calyrex|As One
|-ability|p2a: Calyrex|Unnerve
|move|p1a: Shuckle|Sticky Web|p2a: Calyrex
|-sidestart|p2: TogeBirl HQ|move: Sticky Web
|
|upkeep
|turn|9
|
|t:|1659032670
|move|p2a: Calyrex|Astral Barrage|p1a: Shuckle
|-damage|p1a: Shuckle|44/100
|move|p1a: Shuckle|Sticky Web||[still]
|-fail|p1a: Shuckle
|
|upkeep
|turn|10
|
|t:|1659032680
|switch|p2a: Ho-Oh|Ho-Oh|100/100
|move|p1a: Shuckle|Sticky Web||[still]
|-fail|p1a: Shuckle
|
|upkeep
|turn|11
|
|t:|1659032688
|switch|p1a: Kyogre|Kyogre|100/100
|-weather|RainDance|[from] ability: Drizzle|[of] p1a: Kyogre
|move|p2a: Ho-Oh|Thunder Wave|p1a: Kyogre
|-status|p1a: Kyogre|par
|
|-weather|RainDance|[upkeep]
|upkeep
|turn|12
|
|t:|1659032696
|switch|p2a: Eternatus|Eternatus|100/100
|-activate|p2a: Eternatus|move: Sticky Web
|-unboost|p2a: Eternatus|spe|1
|-ability|p2a: Eternatus|Pressure
|move|p1a: Kyogre|Thunder|p2a: Eternatus
|-resisted|p2a: Eternatus
|-damage|p2a: Eternatus|81/100
|
|-weather|RainDance|[upkeep]
|upkeep
|turn|13
|
|t:|1659032710
|move|p2a: Eternatus|Mystical Fire|p1a: Kyogre
|-resisted|p1a: Kyogre
|-damage|p1a: Kyogre|96/100 par
|-unboost|p1a: Kyogre|spa|1
|move|p1a: Kyogre|Thunder|p2a: Eternatus
|-resisted|p2a: Eternatus
|-damage|p2a: Eternatus|70/100
|
|-weather|RainDance|[upkeep]
|upkeep
|turn|14
|
|t:|1659032721
|switch|p2a: Necrozma|Necrozma-Dusk-Mane|100/100
|-activate|p2a: Necrozma|move: Sticky Web
|-unboost|p2a: Necrozma|spe|1
|move|p1a: Kyogre|Thunder|p2a: Necrozma
|-damage|p2a: Necrozma|71/100
|
|-weather|RainDance|[upkeep]
|-heal|p2a: Necrozma|77/100|[from] item: Leftovers
|upkeep
|turn|15
|
|t:|1659032738
|cant|p1a: Kyogre|par
|move|p2a: Necrozma|Thunder Wave|p1a: Kyogre
|-fail|p1a: Kyogre|par
|
|-weather|none
|-heal|p2a: Necrozma|83/100|[from] item: Leftovers
|upkeep
|turn|16
|
|t:|1659032750
|move|p1a: Kyogre|Thunder|p2a: Necrozma
|-damage|p2a: Necrozma|55/100
|move|p2a: Necrozma|Moonlight|p2a: Necrozma
|-heal|p2a: Necrozma|100/100
|
|upkeep
|turn|17
|
|t:|1659032759
|switch|p1a: Eternatus|Eternatus|100/100
|-ability|p1a: Eternatus|Pressure
|switch|p2a: Eternatus|Eternatus|70/100
|-activate|p2a: Eternatus|move: Sticky Web
|-unboost|p2a: Eternatus|spe|1
|-ability|p2a: Eternatus|Pressure
|
|upkeep
|turn|18
|
|t:|1659032767
|move|p1a: Eternatus|Meteor Beam||[still]
|-prepare|p1a: Eternatus|Meteor Beam
|-boost|p1a: Eternatus|spa|1
|-enditem|p1a: Eternatus|Power Herb
|-anim|p1a: Eternatus|Meteor Beam|p2a: Eternatus
|-damage|p2a: Eternatus|30/100
|move|p2a: Eternatus|Recover|p2a: Eternatus
|-heal|p2a: Eternatus|80/100
|
|upkeep
|turn|19
|
|t:|1659032781
|switch|p2a: Necrozma|Necrozma-Dusk-Mane|100/100
|-activate|p2a: Necrozma|move: Sticky Web
|-unboost|p2a: Necrozma|spe|1
|move|p1a: Eternatus|Dynamax Cannon|p2a: Necrozma
|-resisted|p2a: Necrozma
|-damage|p2a: Necrozma|73/100
|
|-heal|p2a: Necrozma|79/100|[from] item: Leftovers
|upkeep
|turn|20
|
|t:|1659032788
|switch|p2a: Ho-Oh|Ho-Oh|100/100
|move|p1a: Eternatus|Flamethrower|p2a: Ho-Oh
|-resisted|p2a: Ho-Oh
|-damage|p2a: Ho-Oh|87/100
|
|upkeep
|turn|21
|
|t:|1659032794
|move|p1a: Eternatus|Dynamax Cannon|p2a: Ho-Oh
|-damage|p2a: Ho-Oh|44/100
|move|p2a: Ho-Oh|Whirlwind|p1a: Eternatus
|drag|p1a: Xerneas|Xerneas|100/100
|-ability|p1a: Xerneas|Fairy Aura
|
|upkeep
|turn|22
|
|t:|1659032805
|switch|p2a: Necrozma|Necrozma-Dusk-Mane|79/100
|-activate|p2a: Necrozma|move: Sticky Web
|-unboost|p2a: Necrozma|spe|1
|move|p1a: Xerneas|Thunder|p2a: Necrozma|[miss]
|-miss|p1a: Xerneas|p2a: Necrozma
|
|-heal|p2a: Necrozma|85/100|[from] item: Leftovers
|upkeep
|turn|23
|
|t:|1659032815
|switch|p1a: Shuckle|Shuckle, M|44/100
|move|p2a: Necrozma|Iron Head|p1a: Shuckle
|-supereffective|p1a: Shuckle
|-damage|p1a: Shuckle|0 fnt
|faint|p1a: Shuckle
|
|-heal|p2a: Necrozma|91/100|[from] item: Leftovers
|upkeep
|
|t:|1659032822
|switch|p1a: Dracovish|Dracovish|100/100
|turn|24
|
|t:|1659032847
|switch|p2a: Calyrex|Calyrex-Shadow|100/100
|-ability|p2a: Calyrex|As One
|-ability|p2a: Calyrex|Unnerve
|-activate|p2a: Calyrex|move: Sticky Web
|-unboost|p2a: Calyrex|spe|1
|move|p1a: Dracovish|Fishious Rend|p2a: Calyrex
|-damage|p2a: Calyrex|0 fnt
|faint|p2a: Calyrex
|
|upkeep
|
|t:|1659032856
|switch|p2a: Eternatus|Eternatus|80/100
|-activate|p2a: Eternatus|move: Sticky Web
|-unboost|p2a: Eternatus|spe|1
|-ability|p2a: Eternatus|Pressure
|turn|25
|
|t:|1659032864
|switch|p1a: Xerneas|Xerneas|100/100
|-ability|p1a: Xerneas|Fairy Aura
|move|p2a: Eternatus|Toxic|p1a: Xerneas
|-status|p1a: Xerneas|tox
|
|-damage|p1a: Xerneas|94/100 tox|[from] psn
|upkeep
|turn|26
|
|t:|1659032872
|move|p1a: Xerneas|Moonblast|p2a: Eternatus
|-damage|p2a: Eternatus|38/100
|move|p2a: Eternatus|Mystical Fire|p1a: Xerneas
|-damage|p1a: Xerneas|75/100 tox
|-unboost|p1a: Xerneas|spa|1
|
|-damage|p1a: Xerneas|63/100 tox|[from] psn
|upkeep
|turn|27
|
|t:|1659032880
|switch|p1a: Eternatus|Eternatus|100/100
|-ability|p1a: Eternatus|Pressure
|move|p2a: Eternatus|Recover|p2a: Eternatus
|-heal|p2a: Eternatus|88/100
|
|upkeep
|turn|28
|
|t:|1659032889
|move|p1a: Eternatus|Meteor Beam||[still]
|-prepare|p1a: Eternatus|Meteor Beam
|-boost|p1a: Eternatus|spa|1
|move|p2a: Eternatus|Mystical Fire|p1a: Eternatus
|-resisted|p1a: Eternatus
|-damage|p1a: Eternatus|90/100
|-unboost|p1a: Eternatus|spa|1
|
|upkeep
|turn|29
|
|t:|1659032894
|move|p1a: Eternatus|Meteor Beam|p2a: Eternatus|[from]lockedmove
|-damage|p2a: Eternatus|59/100
|move|p2a: Eternatus|Mystical Fire|p1a: Eternatus
|-resisted|p1a: Eternatus
|-damage|p1a: Eternatus|81/100
|-unboost|p1a: Eternatus|spa|1
|
|upkeep
|turn|30
|
|t:|1659032911
|switch|p1a: Dracovish|Dracovish|100/100
|move|p2a: Eternatus|Recover|p2a: Eternatus
|-heal|p2a: Eternatus|100/100
|
|upkeep
|turn|31
|
|t:|1659032915
|move|p1a: Dracovish|Outrage|p2a: Eternatus
|-supereffective|p2a: Eternatus
|-enditem|p2a: Eternatus|Haban Berry|[eat]
|-enditem|p2a: Eternatus|Haban Berry|[weaken]
|-damage|p2a: Eternatus|41/100
|move|p2a: Eternatus|Dynamax Cannon|p1a: Dracovish
|-supereffective|p1a: Dracovish
|-damage|p1a: Dracovish|0 fnt
|faint|p1a: Dracovish
|
|upkeep
|
|t:|1659032923
|switch|p1a: Yveltal|Yveltal|91/100
|-ability|p1a: Yveltal|Dark Aura
|turn|32
|
|t:|1659032929
|switch|p2a: Yveltal|Yveltal|100/100
|-ability|p2a: Yveltal|Dark Aura
|move|p1a: Yveltal|Taunt|p2a: Yveltal
|-start|p2a: Yveltal|move: Taunt
|
|upkeep
|turn|33
|
|t:|1659032936
|switch|p1a: Xerneas|Xerneas|63/100 tox
|-ability|p1a: Xerneas|Fairy Aura
|move|p2a: Yveltal|U-turn|p1a: Xerneas
|-resisted|p1a: Xerneas
|-damage|p1a: Xerneas|55/100 tox
|
|t:|1659032949
|switch|p2a: Necrozma|Necrozma-Dusk-Mane|91/100|[from]move: U-turn
|-activate|p2a: Necrozma|move: Sticky Web
|-unboost|p2a: Necrozma|spe|1
|
|-heal|p2a: Necrozma|97/100|[from] item: Leftovers
|-damage|p1a: Xerneas|49/100 tox|[from] psn
|upkeep
|turn|34
|
|t:|1659032958
|switch|p1a: Kyogre|Kyogre|96/100 par
|-weather|RainDance|[from] ability: Drizzle|[of] p1a: Kyogre
|move|p2a: Necrozma|Iron Head|p1a: Kyogre
|-resisted|p1a: Kyogre
|-damage|p1a: Kyogre|74/100 par
|
|-weather|RainDance|[upkeep]
|-heal|p2a: Necrozma|100/100|[from] item: Leftovers
|upkeep
|turn|35
|
|t:|1659032971
|switch|p2a: Urshifu|Urshifu, M|100/100
|-activate|p2a: Urshifu|move: Sticky Web
|-unboost|p2a: Urshifu|spe|1
|move|p1a: Kyogre|Thunder|p2a: Urshifu
|-crit|p2a: Urshifu
|-damage|p2a: Urshifu|0 fnt
|faint|p2a: Urshifu
|
|-weather|RainDance|[upkeep]
|upkeep
|
|t:|1659032978
|switch|p2a: Eternatus|Eternatus|41/100
|-activate|p2a: Eternatus|move: Sticky Web
|-unboost|p2a: Eternatus|spe|1
|-ability|p2a: Eternatus|Pressure
|turn|36
|
|t:|1659032982
|move|p2a: Eternatus|Recover|p2a: Eternatus
|-heal|p2a: Eternatus|91/100
|move|p1a: Kyogre|Thunder|p2a: Eternatus
|-resisted|p2a: Eternatus
|-damage|p2a: Eternatus|72/100
|
|-weather|RainDance|[upkeep]
|upkeep
|turn|37
|
|t:|1659032997
|move|p2a: Eternatus|Mystical Fire|p1a: Kyogre
|-resisted|p1a: Kyogre
|-damage|p1a: Kyogre|70/100 par
|-unboost|p1a: Kyogre|spa|1
|move|p1a: Kyogre|Thunder|p2a: Eternatus
|-resisted|p2a: Eternatus
|-damage|p2a: Eternatus|59/100
|
|-weather|RainDance|[upkeep]
|upkeep
|turn|38
|
|t:|1659033004
|move|p2a: Eternatus|Recover|p2a: Eternatus
|-heal|p2a: Eternatus|100/100
|move|p1a: Kyogre|Thunder|p2a: Eternatus
|-resisted|p2a: Eternatus
|-damage|p2a: Eternatus|88/100
|
|-weather|none
|upkeep
|turn|39
|
|t:|1659033015
|switch|p2a: Necrozma|Necrozma-Dusk-Mane|100/100
|-activate|p2a: Necrozma|move: Sticky Web
|-unboost|p2a: Necrozma|spe|1
|switch|p1a: Yveltal|Yveltal|91/100
|-ability|p1a: Yveltal|Dark Aura
|
|upkeep
|turn|40
|
|t:|1659033027
|switch|p2a: Ho-Oh|Ho-Oh|78/100
|move|p1a: Yveltal|Dark Pulse|p2a: Ho-Oh
|-damage|p2a: Ho-Oh|37/100
|-damage|p1a: Yveltal|81/100|[from] item: Life Orb
|
|upkeep
|turn|41
|
|t:|1659033033
|switch|p2a: Yveltal|Yveltal|100/100
|-ability|p2a: Yveltal|Dark Aura
|move|p1a: Yveltal|Taunt|p2a: Yveltal
|-start|p2a: Yveltal|move: Taunt
|
|upkeep
|turn|42
|
|t:|1659033040
|move|p2a: Yveltal|U-turn|p1a: Yveltal
|-damage|p1a: Yveltal|60/100
|
|t:|1659033044
|switch|p2a: Ho-Oh|Ho-Oh|70/100|[from]move: U-turn
|move|p1a: Yveltal|Oblivion Wing|p2a: Ho-Oh
|-damage|p2a: Ho-Oh|39/100
|-heal|p1a: Yveltal|85/100|[from] drain|[of] p2a: Ho-Oh
|-damage|p1a: Yveltal|75/100|[from] item: Life Orb
|
|upkeep
|turn|43
|
|t:|1659033056
|switch|p2a: Yveltal|Yveltal|100/100
|-ability|p2a: Yveltal|Dark Aura
|move|p1a: Yveltal|Dark Pulse|p2a: Yveltal
|-resisted|p2a: Yveltal
|-damage|p2a: Yveltal|76/100
|-damage|p1a: Yveltal|65/100|[from] item: Life Orb
|
|upkeep
|turn|44
|
|t:|1659033062
|move|p2a: Yveltal|Defog|p1a: Yveltal
|-unboost|p1a: Yveltal|evasion|1
|-sideend|p2: TogeBirl HQ|Sticky Web|[from] move: Defog|[of] p2a: Yveltal
|move|p1a: Yveltal|Taunt|p2a: Yveltal
|-start|p2a: Yveltal|move: Taunt
|
|upkeep
|turn|45
|
|t:|1659033069
|switch|p2a: Eternatus|Eternatus|88/100
|-ability|p2a: Eternatus|Pressure
|move|p1a: Yveltal|Oblivion Wing|p2a: Eternatus
|-damage|p2a: Eternatus|52/100
|-heal|p1a: Yveltal|97/100|[from] drain|[of] p2a: Eternatus
|-damage|p1a: Yveltal|87/100|[from] item: Life Orb
|
|upkeep
|turn|46
|
|t:|1659033086
|switch|p1a: Xerneas|Xerneas|49/100 tox
|-ability|p1a: Xerneas|Fairy Aura
|move|p2a: Eternatus|Mystical Fire|p1a: Xerneas
|-damage|p1a: Xerneas|28/100 tox
|-unboost|p1a: Xerneas|spa|1
|
|-damage|p1a: Xerneas|22/100 tox|[from] psn
|upkeep
|turn|47
|
|t:|1659033090
|move|p2a: Eternatus|Recover|p2a: Eternatus
|-heal|p2a: Eternatus|100/100
|move|p1a: Xerneas|Moonblast|p2a: Eternatus
|-damage|p2a: Eternatus|71/100
|
|-damage|p1a: Xerneas|10/100 tox|[from] psn
|upkeep
|turn|48
|
|t:|1659033096
|move|p2a: Eternatus|Mystical Fire|p1a: Xerneas
|-damage|p1a: Xerneas|0 fnt
|faint|p1a: Xerneas
|
|upkeep
|
|t:|1659033102
|switch|p1a: Kyogre|Kyogre|70/100 par
|-weather|RainDance|[from] ability: Drizzle|[of] p1a: Kyogre
|turn|49
|
|t:|1659033108
|move|p2a: Eternatus|Mystical Fire|p1a: Kyogre
|-resisted|p1a: Kyogre
|-damage|p1a: Kyogre|65/100 par
|-unboost|p1a: Kyogre|spa|1
|cant|p1a: Kyogre|par
|
|-weather|RainDance|[upkeep]
|upkeep
|turn|50
|-message|nico2097 forfeited.
|
|win|TogeBirl HQ
|raw|nico2097's rating: 1392 &rarr; <strong>1380</strong><br />(-12 for losing)
|raw|TogeBirl HQ's rating: 1547 &rarr; <strong>1559</strong><br />(+12 for winning)
|l|☆nico2097
||Ladder isn't responding, score probably updated but might not have (Request timeout).
