|j|☆Terra the creator
|j|☆I like Lovely
|player|p1|Terra the creator|dawn|1557
|player|p2|I like Lovely|cyclistf-gen4|1633
|teamsize|p1|6
|teamsize|p2|6
|gametype|singles
|gen|8
|tier|[Gen 8] Ubers
|rated|
|clearpoke
|poke|p1|Corviknight, F|
|poke|p1|Quagsire, F|
|poke|p1|Lunala|
|poke|p1|Necrozma-Dusk-Mane|
|poke|p1|Incineroar, F|
|poke|p1|Eternatus|
|poke|p2|Lunala|
|poke|p2|Necrozma-Dusk-Mane|
|poke|p2|Ditto|
|poke|p2|Marshadow|
|poke|p2|Eternatus|
|poke|p2|Mandibuzz, F|
|rule|Sleep Clause Mod: Limit one foe put to sleep
|rule|Species Clause: Limit one of each Pokémon
|rule|OHKO Clause: OHKO moves are banned
|rule|Evasion Moves Clause: Evasion moves are banned
|rule|Endless Battle Clause: Forcing endless battles is banned
|rule|HP Percentage Mod: HP is shown in percentages
|teampreview
|j| nagisa6666
|
|start
|switch|p1a: Incineroar|Incineroar, F|100/100
|switch|p2a: Mandibuzz|Mandibuzz, F|100/100
|-ability|p1a: Incineroar|Intimidate|boost
|-unboost|p2a: Mandibuzz|atk|1
|turn|1
|
|switch|p1a: Eternatus|Eternatus|100/100
|-ability|p1a: Eternatus|Pressure
|move|p2a: Mandibuzz|Knock Off|p1a: Eternatus
|-damage|p1a: Eternatus|91/100
|-enditem|p1a: Eternatus|Shed Shell|[from] move: Knock Off|[of] p2a: Mandibuzz
|
|upkeep
|turn|2
|l| nagisa6666
|
|move|p1a: Eternatus|Toxic|p2a: Mandibuzz
|-status|p2a: Mandibuzz|tox
|move|p2a: Mandibuzz|U-turn|p1a: Eternatus
|-resisted|p1a: Eternatus
|-damage|p1a: Eternatus|88/100
|
|switch|p2a: Eternatus|Eternatus|100/100|[from]move: U-turn
|-ability|p2a: Eternatus|Pressure
|
|upkeep
|turn|3
|
|switch|p1a: Necrozma|Necrozma-Dusk-Mane|100/100
|move|p2a: Eternatus|Dynamax Cannon|p1a: Necrozma
|-resisted|p1a: Necrozma
|-damage|p1a: Necrozma|79/100
|
|-heal|p1a: Necrozma|85/100|[from] item: Leftovers
|upkeep
|turn|4
|
|move|p2a: Eternatus|Flamethrower|p1a: Necrozma
|-supereffective|p1a: Necrozma
|-damage|p1a: Necrozma|47/100
|-status|p1a: Necrozma|brn
|move|p1a: Necrozma|Stealth Rock|p2a: Eternatus
|-sidestart|p2: I like Lovely|move: Stealth Rock
|
|-heal|p1a: Necrozma|53/100 brn|[from] item: Leftovers
|-damage|p1a: Necrozma|47/100 brn|[from] brn
|upkeep
|turn|5
|
|switch|p2a: Necrozma|Necrozma-Dusk-Mane|100/100
|-damage|p2a: Necrozma|94/100|[from] Stealth Rock
|move|p1a: Necrozma|Morning Sun|p1a: Necrozma
|-heal|p1a: Necrozma|97/100 brn
|
|-heal|p1a: Necrozma|100/100 brn|[from] item: Leftovers
|-heal|p2a: Necrozma|100/100|[from] item: Leftovers
|-damage|p1a: Necrozma|94/100 brn|[from] brn
|upkeep
|turn|6
|j| nagisa6666
|
|switch|p1a: Lunala|Lunala|100/100
|move|p2a: Necrozma|Stealth Rock|p1a: Lunala
|-sidestart|p1: Terra the creator|move: Stealth Rock
|
|upkeep
|turn|7
|
|switch|p2a: Mandibuzz|Mandibuzz, F|100/100 tox
|move|p1a: Lunala|Defog|p2a: Mandibuzz
|-unboost|p2a: Mandibuzz|evasion|1
|-sideend|p2: I like Lovely|Stealth Rock|[from] move: Defog|[of] p1a: Lunala
|-sideend|p1: Terra the creator|Stealth Rock|[from] move: Defog|[of] p1a: Lunala
|
|-damage|p2a: Mandibuzz|94/100 tox|[from] psn
|upkeep
|turn|8
|
|switch|p1a: Eternatus|Eternatus|88/100
|-ability|p1a: Eternatus|Pressure
|move|p2a: Mandibuzz|U-turn|p1a: Eternatus
|-resisted|p1a: Eternatus
|-damage|p1a: Eternatus|85/100
|
|switch|p2a: Ditto|Ditto|100/100|[from]move: U-turn
|-transform|p2a: Ditto|p1a: Eternatus|[from] ability: Imposter
|-ability|p2a: Ditto|Pressure
|
|upkeep
|turn|9
|
|switch|p2a: Eternatus|Eternatus|100/100
|-ability|p2a: Eternatus|Pressure
|move|p1a: Eternatus|Cosmic Power|p1a: Eternatus
|-boost|p1a: Eternatus|def|1
|-boost|p1a: Eternatus|spd|1
|
|upkeep
|turn|10
|
|move|p2a: Eternatus|Dynamax Cannon|p1a: Eternatus
|-supereffective|p1a: Eternatus
|-damage|p1a: Eternatus|35/100
|move|p1a: Eternatus|Recover|p1a: Eternatus
|-heal|p1a: Eternatus|85/100
|
|upkeep
|turn|11
|
|switch|p2a: Necrozma|Necrozma-Dusk-Mane|100/100
|move|p1a: Eternatus|Cosmic Power|p1a: Eternatus
|-boost|p1a: Eternatus|def|1
|-boost|p1a: Eternatus|spd|1
|
|upkeep
|turn|12
|
|move|p1a: Eternatus|Flamethrower|p2a: Necrozma
|-supereffective|p2a: Necrozma
|-damage|p2a: Necrozma|66/100
|move|p2a: Necrozma|Stealth Rock|p1a: Eternatus
|-sidestart|p1: Terra the creator|move: Stealth Rock
|
|-heal|p2a: Necrozma|72/100|[from] item: Leftovers
|upkeep
|turn|13
|
|switch|p2a: Mandibuzz|Mandibuzz, F|94/100 tox
|move|p1a: Eternatus|Flamethrower|p2a: Mandibuzz
|-damage|p2a: Mandibuzz|77/100 tox
|
|-damage|p2a: Mandibuzz|71/100 tox|[from] psn
|upkeep
|turn|14
|
|switch|p2a: Eternatus|Eternatus|100/100
|-ability|p2a: Eternatus|Pressure
|move|p1a: Eternatus|Cosmic Power|p1a: Eternatus
|-boost|p1a: Eternatus|def|1
|-boost|p1a: Eternatus|spd|1
|
|upkeep
|turn|15
|
|move|p2a: Eternatus|Flamethrower|p1a: Eternatus
|-resisted|p1a: Eternatus
|-damage|p1a: Eternatus|80/100
|move|p1a: Eternatus|Cosmic Power|p1a: Eternatus
|-boost|p1a: Eternatus|def|1
|-boost|p1a: Eternatus|spd|1
|
|upkeep
|turn|16
|
|move|p2a: Eternatus|Flamethrower|p1a: Eternatus
|-resisted|p1a: Eternatus
|-damage|p1a: Eternatus|76/100
|move|p1a: Eternatus|Cosmic Power|p1a: Eternatus
|-boost|p1a: Eternatus|def|1
|-boost|p1a: Eternatus|spd|1
|
|upkeep
|turn|17
|
|move|p2a: Eternatus|Flamethrower|p1a: Eternatus
|-resisted|p1a: Eternatus
|-damage|p1a: Eternatus|73/100
|move|p1a: Eternatus|Flamethrower|p2a: Eternatus
|-resisted|p2a: Eternatus
|-damage|p2a: Eternatus|87/100
|
|-heal|p2a: Eternatus|94/100|[from] item: Black Sludge
|upkeep
|turn|18
|
|move|p2a: Eternatus|Flamethrower|p1a: Eternatus
|-resisted|p1a: Eternatus
|-damage|p1a: Eternatus|69/100
|-status|p1a: Eternatus|brn
|move|p1a: Eternatus|Cosmic Power|p1a: Eternatus
|-boost|p1a: Eternatus|def|1
|-boost|p1a: Eternatus|spd|1
|
|-heal|p2a: Eternatus|99/100|[from] item: Black Sludge
|-damage|p1a: Eternatus|63/100 brn|[from] brn
|upkeep
|turn|19
|
|switch|p2a: Mandibuzz|Mandibuzz, F|71/100 tox
|move|p1a: Eternatus|Recover|p1a: Eternatus
|-heal|p1a: Eternatus|100/100 brn
|
|-damage|p1a: Eternatus|94/100 brn|[from] brn
|-damage|p2a: Mandibuzz|65/100 tox|[from] psn
|upkeep
|turn|20
|
|move|p1a: Eternatus|Flamethrower|p2a: Mandibuzz
|-damage|p2a: Mandibuzz|47/100 tox
|move|p2a: Mandibuzz|Roost|p2a: Mandibuzz
|-heal|p2a: Mandibuzz|97/100 tox
|-singleturn|p2a: Mandibuzz|move: Roost
|
|-damage|p1a: Eternatus|88/100 brn|[from] brn
|-damage|p2a: Mandibuzz|85/100 tox|[from] psn
|upkeep
|turn|21
|
|switch|p2a: Eternatus|Eternatus|99/100
|-ability|p2a: Eternatus|Pressure
|move|p1a: Eternatus|Flamethrower|p2a: Eternatus
|-resisted|p2a: Eternatus
|-damage|p2a: Eternatus|88/100
|
|-heal|p2a: Eternatus|95/100|[from] item: Black Sludge
|-damage|p1a: Eternatus|82/100 brn|[from] brn
|upkeep
|turn|22
|
|switch|p2a: Ditto|Ditto|100/100
|-transform|p2a: Ditto|p1a: Eternatus|[from] ability: Imposter
|-ability|p2a: Ditto|Pressure
|move|p1a: Eternatus|Recover|p1a: Eternatus
|-heal|p1a: Eternatus|100/100 brn
|
|-damage|p1a: Eternatus|94/100 brn|[from] brn
|upkeep
|turn|23
|
|switch|p2a: Eternatus|Eternatus|95/100
|-ability|p2a: Eternatus|Pressure
|move|p1a: Eternatus|Cosmic Power|p1a: Eternatus
|-boost|p1a: Eternatus|def|0
|-boost|p1a: Eternatus|spd|0
|
|-heal|p2a: Eternatus|100/100|[from] item: Black Sludge
|-damage|p1a: Eternatus|88/100 brn|[from] brn
|upkeep
|turn|24
|
|switch|p2a: Ditto|Ditto|100/100
|-transform|p2a: Ditto|p1a: Eternatus|[from] ability: Imposter
|-ability|p2a: Ditto|Pressure
|move|p1a: Eternatus|Flamethrower|p2a: Ditto
|-resisted|p2a: Ditto
|-damage|p2a: Ditto|96/100
|
|-damage|p1a: Eternatus|82/100 brn|[from] brn
|upkeep
|turn|25
|
|switch|p1a: Lunala|Lunala|100/100
|move|p2a: Ditto|Flamethrower|p1a: Lunala
|-crit|p1a: Lunala
|-damage|p1a: Lunala|85/100
|
|upkeep
|turn|26
|
|move|p2a: Ditto|Flamethrower|p1a: Lunala
|-damage|p1a: Lunala|65/100
|move|p1a: Lunala|Defog|p2a: Ditto
|-unboost|p2a: Ditto|evasion|1
|-sideend|p1: Terra the creator|Stealth Rock|[from] move: Defog|[of] p1a: Lunala
|
|upkeep
|turn|27
|
|move|p2a: Ditto|Flamethrower|p1a: Lunala
|-damage|p1a: Lunala|45/100
|move|p1a: Lunala|Roost|p1a: Lunala
|-heal|p1a: Lunala|95/100
|-singleturn|p1a: Lunala|move: Roost
|
|upkeep
|turn|28
|
|move|p2a: Ditto|Flamethrower|p1a: Lunala
|-damage|p1a: Lunala|74/100
|move|p1a: Lunala|Will-O-Wisp|p2a: Ditto
|-status|p2a: Ditto|brn
|
|-damage|p2a: Ditto|90/100 brn|[from] brn
|upkeep
|turn|29
|
|move|p2a: Ditto|Flamethrower|p1a: Lunala
|-damage|p1a: Lunala|54/100
|move|p1a: Lunala|Roost|p1a: Lunala
|-heal|p1a: Lunala|100/100
|-singleturn|p1a: Lunala|move: Roost
|
|-damage|p2a: Ditto|84/100 brn|[from] brn
|upkeep
|turn|30
|
|switch|p2a: Mandibuzz|Mandibuzz, F|85/100 tox
|move|p1a: Lunala|Hex|p2a: Mandibuzz
|-resisted|p2a: Mandibuzz
|-damage|p2a: Mandibuzz|68/100 tox
|
|-damage|p2a: Mandibuzz|62/100 tox|[from] psn
|upkeep
|turn|31
|
|switch|p1a: Corviknight|Corviknight, F|100/100
|-ability|p1a: Corviknight|Pressure
|move|p2a: Mandibuzz|Roost|p2a: Mandibuzz
|-heal|p2a: Mandibuzz|100/100 tox
|-singleturn|p2a: Mandibuzz|move: Roost
|
|-damage|p2a: Mandibuzz|88/100 tox|[from] psn
|upkeep
|turn|32
|
|move|p2a: Mandibuzz|Knock Off|p1a: Corviknight
|-damage|p1a: Corviknight|86/100
|-enditem|p1a: Corviknight|Shed Shell|[from] move: Knock Off|[of] p2a: Mandibuzz
|move|p1a: Corviknight|Iron Defense|p1a: Corviknight
|-boost|p1a: Corviknight|def|2
|
|-damage|p2a: Mandibuzz|70/100 tox|[from] psn
|upkeep
|turn|33
|
|switch|p2a: Necrozma|Necrozma-Dusk-Mane|72/100
|move|p1a: Corviknight|Body Press|p2a: Necrozma
|-damage|p2a: Necrozma|46/100
|
|-heal|p2a: Necrozma|52/100|[from] item: Leftovers
|upkeep
|turn|34
|
|move|p2a: Necrozma|Morning Sun|p2a: Necrozma
|-heal|p2a: Necrozma|100/100
|move|p1a: Corviknight|Body Press|p2a: Necrozma
|-damage|p2a: Necrozma|73/100
|
|-heal|p2a: Necrozma|79/100|[from] item: Leftovers
|upkeep
|turn|35
|
|move|p2a: Necrozma|Stealth Rock|p1a: Corviknight
|-sidestart|p1: Terra the creator|move: Stealth Rock
|move|p1a: Corviknight|Iron Defense|p1a: Corviknight
|-boost|p1a: Corviknight|def|2
|
|-heal|p2a: Necrozma|85/100|[from] item: Leftovers
|upkeep
|turn|36
|
|switch|p2a: Ditto|Ditto|84/100 brn
|-transform|p2a: Ditto|p1a: Corviknight|[from] ability: Imposter
|-ability|p2a: Ditto|Pressure
|move|p1a: Corviknight|Defog|p2a: Ditto
|-unboost|p2a: Ditto|evasion|1
|-sideend|p1: Terra the creator|Stealth Rock|[from] move: Defog|[of] p1a: Corviknight
|
|-damage|p2a: Ditto|78/100 brn|[from] brn
|upkeep
|turn|37
|l| nagisa6666
|
|move|p2a: Ditto|Body Press|p1a: Corviknight
|-damage|p1a: Corviknight|78/100
|move|p1a: Corviknight|Iron Defense|p1a: Corviknight
|-boost|p1a: Corviknight|def|2
|
|-damage|p2a: Ditto|72/100 brn|[from] brn
|upkeep
|turn|38
|
|move|p2a: Ditto|Body Press|p1a: Corviknight
|-damage|p1a: Corviknight|71/100
|move|p1a: Corviknight|Roost|p1a: Corviknight
|-heal|p1a: Corviknight|100/100
|-singleturn|p1a: Corviknight|move: Roost
|
|-damage|p2a: Ditto|66/100 brn|[from] brn
|upkeep
|turn|39
|
|switch|p2a: Eternatus|Eternatus|100/100
|-ability|p2a: Eternatus|Pressure
|move|p1a: Corviknight|Body Press|p2a: Eternatus
|-resisted|p2a: Eternatus
|-damage|p2a: Eternatus|62/100
|
|-heal|p2a: Eternatus|68/100|[from] item: Black Sludge
|upkeep
|turn|40
|
|switch|p1a: Lunala|Lunala|100/100
|move|p2a: Eternatus|Flamethrower|p1a: Lunala
|-damage|p1a: Lunala|89/100
|-status|p1a: Lunala|brn
|
|-heal|p2a: Eternatus|75/100|[from] item: Black Sludge
|-damage|p1a: Lunala|83/100 brn|[from] brn
|upkeep
|turn|41
|c|☆Terra the creator|Lol how the fuck
|c|☆Terra the creator|10%
|
|switch|p2a: Mandibuzz|Mandibuzz, F|70/100 tox
|move|p1a: Lunala|Hex|p2a: Mandibuzz
|-resisted|p2a: Mandibuzz
|-damage|p2a: Mandibuzz|53/100 tox
|
|-damage|p1a: Lunala|77/100 brn|[from] brn
|-damage|p2a: Mandibuzz|46/100 tox|[from] psn
|upkeep
|turn|42
|
|switch|p1a: Eternatus|Eternatus|82/100 brn
|-ability|p1a: Eternatus|Pressure
|move|p2a: Mandibuzz|Roost|p2a: Mandibuzz
|-heal|p2a: Mandibuzz|96/100 tox
|-singleturn|p2a: Mandibuzz|move: Roost
|
|-damage|p1a: Eternatus|76/100 brn|[from] brn
|-damage|p2a: Mandibuzz|84/100 tox|[from] psn
|upkeep
|turn|43
|
|switch|p2a: Eternatus|Eternatus|75/100
|-ability|p2a: Eternatus|Pressure
|move|p1a: Eternatus|Cosmic Power|p1a: Eternatus
|-boost|p1a: Eternatus|def|1
|-boost|p1a: Eternatus|spd|1
|
|-heal|p2a: Eternatus|81/100|[from] item: Black Sludge
|-damage|p1a: Eternatus|70/100 brn|[from] brn
|upkeep
|turn|44
|
|switch|p2a: Ditto|Ditto|66/100 brn
|-transform|p2a: Ditto|p1a: Eternatus|[from] ability: Imposter
|-ability|p2a: Ditto|Pressure
|move|p1a: Eternatus|Recover|p1a: Eternatus
|-heal|p1a: Eternatus|100/100 brn
|
|-damage|p2a: Ditto|60/100 brn|[from] brn
|-damage|p1a: Eternatus|94/100 brn|[from] brn
|upkeep
|turn|45
|
|move|p2a: Ditto|Recover|p2a: Ditto
|-heal|p2a: Ditto|100/100 brn
|move|p1a: Eternatus|Cosmic Power|p1a: Eternatus
|-boost|p1a: Eternatus|def|1
|-boost|p1a: Eternatus|spd|1
|
|-damage|p2a: Ditto|94/100 brn|[from] brn
|-damage|p1a: Eternatus|88/100 brn|[from] brn
|upkeep
|turn|46
|
|switch|p2a: Eternatus|Eternatus|81/100
|-ability|p2a: Eternatus|Pressure
|move|p1a: Eternatus|Cosmic Power|p1a: Eternatus
|-boost|p1a: Eternatus|def|1
|-boost|p1a: Eternatus|spd|1
|
|-heal|p2a: Eternatus|87/100|[from] item: Black Sludge
|-damage|p1a: Eternatus|82/100 brn|[from] brn
|upkeep
|turn|47
|
|switch|p2a: Ditto|Ditto|94/100 brn
|-transform|p2a: Ditto|p1a: Eternatus|[from] ability: Imposter
|-ability|p2a: Ditto|Pressure
|move|p1a: Eternatus|Flamethrower|p2a: Ditto
|-resisted|p2a: Ditto
|-damage|p2a: Ditto|88/100 brn
|
|-damage|p2a: Ditto|82/100 brn|[from] brn
|-damage|p1a: Eternatus|76/100 brn|[from] brn
|upkeep
|turn|48
|
|switch|p1a: Incineroar|Incineroar, F|100/100
|-ability|p1a: Incineroar|Intimidate|boost
|-unboost|p2a: Ditto|atk|1
|move|p2a: Ditto|Flamethrower|p1a: Incineroar
|-resisted|p1a: Incineroar
|-damage|p1a: Incineroar|93/100
|
|-damage|p2a: Ditto|76/100 brn|[from] brn
|upkeep
|turn|49
|
|move|p2a: Ditto|Flamethrower|p1a: Incineroar
|-resisted|p1a: Incineroar
|-damage|p1a: Incineroar|86/100
|move|p1a: Incineroar|Knock Off|p2a: Ditto
|-damage|p2a: Ditto|59/100 brn
|-enditem|p2a: Ditto|Choice Scarf|[from] move: Knock Off|[of] p1a: Incineroar
|
|-damage|p2a: Ditto|53/100 brn|[from] brn
|upkeep
|turn|50
|j| 927O2
|
|switch|p1a: Corviknight|Corviknight, F|100/100
|-ability|p1a: Corviknight|Pressure
|move|p2a: Ditto|Toxic|p1a: Corviknight
|-immune|p1a: Corviknight
|
|-damage|p2a: Ditto|47/100 brn|[from] brn
|upkeep
|turn|51
|
|move|p2a: Ditto|Recover|p2a: Ditto
|-heal|p2a: Ditto|97/100 brn
|move|p1a: Corviknight|Roost||[still]
|-fail|p1a: Corviknight|heal
|
|-damage|p2a: Ditto|91/100 brn|[from] brn
|upkeep
|turn|52
|
|switch|p1a: Eternatus|Eternatus|76/100 brn
|-ability|p1a: Eternatus|Pressure
|move|p2a: Ditto|Flamethrower|p1a: Eternatus
|-resisted|p1a: Eternatus
|-damage|p1a: Eternatus|66/100 brn
|
|-damage|p2a: Ditto|85/100 brn|[from] brn
|-damage|p1a: Eternatus|60/100 brn|[from] brn
|upkeep
|turn|53
|
|move|p1a: Eternatus|Recover|p1a: Eternatus
|-heal|p1a: Eternatus|100/100 brn
|move|p2a: Ditto|Cosmic Power|p2a: Ditto
|-boost|p2a: Ditto|def|1
|-boost|p2a: Ditto|spd|1
|
|-damage|p2a: Ditto|79/100 brn|[from] brn
|-damage|p1a: Eternatus|94/100 brn|[from] brn
|upkeep
|turn|54
|
|move|p2a: Ditto|Toxic||[still]
|-fail|p2a: Ditto
|move|p1a: Eternatus|Cosmic Power|p1a: Eternatus
|-boost|p1a: Eternatus|def|1
|-boost|p1a: Eternatus|spd|1
|
|-damage|p2a: Ditto|73/100 brn|[from] brn
|-damage|p1a: Eternatus|88/100 brn|[from] brn
|upkeep
|turn|55
|
|switch|p1a: Incineroar|Incineroar, F|86/100
|-ability|p1a: Incineroar|Intimidate|boost
|-unboost|p2a: Ditto|atk|1
|move|p2a: Ditto|Cosmic Power|p2a: Ditto
|-boost|p2a: Ditto|def|1
|-boost|p2a: Ditto|spd|1
|
|-damage|p2a: Ditto|67/100 brn|[from] brn
|upkeep
|turn|56
|
|switch|p1a: Eternatus|Eternatus|88/100 brn
|-ability|p1a: Eternatus|Pressure
|move|p2a: Ditto|Toxic||[still]
|-fail|p2a: Ditto
|
|-damage|p2a: Ditto|61/100 brn|[from] brn
|-damage|p1a: Eternatus|82/100 brn|[from] brn
|upkeep
|turn|57
|
|switch|p1a: Lunala|Lunala|77/100 brn
|move|p2a: Ditto|Cosmic Power|p2a: Ditto
|-boost|p2a: Ditto|def|1
|-boost|p2a: Ditto|spd|1
|
|-damage|p2a: Ditto|55/100 brn|[from] brn
|-damage|p1a: Lunala|71/100 brn|[from] brn
|upkeep
|turn|58
|
|move|p2a: Ditto|Recover|p2a: Ditto
|-heal|p2a: Ditto|100/100 brn
|move|p1a: Lunala|Roost|p1a: Lunala
|-heal|p1a: Lunala|100/100 brn
|-singleturn|p1a: Lunala|move: Roost
|
|-damage|p2a: Ditto|94/100 brn|[from] brn
|-damage|p1a: Lunala|94/100 brn|[from] brn
|upkeep
|turn|59
|j| nagisa6666
|
|switch|p1a: Necrozma|Necrozma-Dusk-Mane|94/100 brn
|move|p2a: Ditto|Cosmic Power|p2a: Ditto
|-boost|p2a: Ditto|def|0
|-boost|p2a: Ditto|spd|0
|
|-heal|p1a: Necrozma|100/100 brn|[from] item: Leftovers
|-damage|p2a: Ditto|88/100 brn|[from] brn
|-damage|p1a: Necrozma|94/100 brn|[from] brn
|upkeep
|turn|60
|
|move|p2a: Ditto|Flamethrower|p1a: Necrozma
|-supereffective|p1a: Necrozma
|-damage|p1a: Necrozma|64/100 brn
|move|p1a: Necrozma|Stealth Rock|p2a: Ditto
|-sidestart|p2: I like Lovely|move: Stealth Rock
|
|-heal|p1a: Necrozma|70/100 brn|[from] item: Leftovers
|-damage|p2a: Ditto|82/100 brn|[from] brn
|-damage|p1a: Necrozma|64/100 brn|[from] brn
|upkeep
|turn|61
|
|switch|p2a: Necrozma|Necrozma-Dusk-Mane|85/100
|-damage|p2a: Necrozma|79/100|[from] Stealth Rock
|move|p1a: Necrozma|Morning Sun|p1a: Necrozma
|-heal|p1a: Necrozma|100/100 brn
|
|-heal|p2a: Necrozma|85/100|[from] item: Leftovers
|-damage|p1a: Necrozma|94/100 brn|[from] brn
|upkeep
|turn|62
|
|switch|p1a: Corviknight|Corviknight, F|100/100
|-ability|p1a: Corviknight|Pressure
|move|p2a: Necrozma|Stealth Rock|p1a: Corviknight
|-sidestart|p1: Terra the creator|move: Stealth Rock
|
|-heal|p2a: Necrozma|91/100|[from] item: Leftovers
|upkeep
|turn|63
|
|switch|p2a: Ditto|Ditto|82/100 brn
|-damage|p2a: Ditto|70/100 brn|[from] Stealth Rock
|-transform|p2a: Ditto|p1a: Corviknight|[from] ability: Imposter
|-ability|p2a: Ditto|Pressure
|move|p1a: Corviknight|Iron Defense|p1a: Corviknight
|-boost|p1a: Corviknight|def|2
|
|-damage|p2a: Ditto|64/100 brn|[from] brn
|upkeep
|turn|64
|
|move|p1a: Corviknight|Body Press|p2a: Ditto
|-damage|p2a: Ditto|19/100 brn
|move|p2a: Ditto|Body Press|p1a: Corviknight
|-damage|p1a: Corviknight|96/100
|
|-damage|p2a: Ditto|13/100 brn|[from] brn
|upkeep
|turn|65
|j| Fogbound Lake
|c|☆I like Lovely|That's not what I meant to press
|c|☆I like Lovely|F
|
|switch|p2a: Eternatus|Eternatus|87/100
|-damage|p2a: Eternatus|75/100|[from] Stealth Rock
|-ability|p2a: Eternatus|Pressure
|move|p1a: Corviknight|Defog|p2a: Eternatus
|-unboost|p2a: Eternatus|evasion|1
|-sideend|p2: I like Lovely|Stealth Rock|[from] move: Defog|[of] p1a: Corviknight
|-sideend|p1: Terra the creator|Stealth Rock|[from] move: Defog|[of] p1a: Corviknight
|
|-heal|p2a: Eternatus|81/100|[from] item: Black Sludge
|upkeep
|turn|66
|
|move|p2a: Eternatus|Flamethrower|p1a: Corviknight
|-supereffective|p1a: Corviknight
|-damage|p1a: Corviknight|39/100
|move|p1a: Corviknight|Roost|p1a: Corviknight
|-heal|p1a: Corviknight|89/100
|-singleturn|p1a: Corviknight|move: Roost
|
|-heal|p2a: Eternatus|87/100|[from] item: Black Sludge
|upkeep
|turn|67
|j| Kylo Reuniclus
|
|switch|p1a: Eternatus|Eternatus|82/100 brn
|-ability|p1a: Eternatus|Pressure
|move|p2a: Eternatus|Flamethrower|p1a: Eternatus
|-resisted|p1a: Eternatus
|-damage|p1a: Eternatus|70/100 brn
|
|-heal|p2a: Eternatus|93/100|[from] item: Black Sludge
|-damage|p1a: Eternatus|64/100 brn|[from] brn
|upkeep
|turn|68
|
|switch|p1a: Corviknight|Corviknight, F|89/100
|-ability|p1a: Corviknight|Pressure
|move|p2a: Eternatus|Dynamax Cannon|p1a: Corviknight
|-resisted|p1a: Corviknight
|-damage|p1a: Corviknight|64/100
|
|-heal|p2a: Eternatus|99/100|[from] item: Black Sludge
|upkeep
|turn|69
|j| 0zorcNecropHADES
|l| 927O2
|c| 0zorcNecropHADES|hey terracotta
|
|move|p2a: Eternatus|Flamethrower|p1a: Corviknight
|-supereffective|p1a: Corviknight
|-damage|p1a: Corviknight|4/100
|move|p1a: Corviknight|Roost|p1a: Corviknight
|-heal|p1a: Corviknight|54/100
|-singleturn|p1a: Corviknight|move: Roost
|
|-heal|p2a: Eternatus|100/100|[from] item: Black Sludge
|upkeep
|turn|70
|j| AmazingMoOU
|
|switch|p1a: Eternatus|Eternatus|64/100 brn
|-ability|p1a: Eternatus|Pressure
|move|p2a: Eternatus|Flamethrower|p1a: Eternatus
|-resisted|p1a: Eternatus
|-damage|p1a: Eternatus|52/100 brn
|
|-damage|p1a: Eternatus|46/100 brn|[from] brn
|upkeep
|turn|71
|
|switch|p2a: Ditto|Ditto|13/100 brn
|-transform|p2a: Ditto|p1a: Eternatus|[from] ability: Imposter
|-ability|p2a: Ditto|Pressure
|move|p1a: Eternatus|Recover|p1a: Eternatus
|-heal|p1a: Eternatus|96/100 brn
|
|-damage|p1a: Eternatus|90/100 brn|[from] brn
|-damage|p2a: Ditto|7/100 brn|[from] brn
|upkeep
|turn|72
|
|move|p1a: Eternatus|Flamethrower|p2a: Ditto
|-resisted|p2a: Ditto
|-damage|p2a: Ditto|0 fnt
|faint|p2a: Ditto
|
|-damage|p1a: Eternatus|84/100 brn|[from] brn
|upkeep
|c| 0zorcNecropHADES|gg
|
|switch|p2a: Eternatus|Eternatus|100/100
|-ability|p2a: Eternatus|Pressure
|turn|73
|
|switch|p1a: Corviknight|Corviknight, F|54/100
|-ability|p1a: Corviknight|Pressure
|move|p2a: Eternatus|Flamethrower|p1a: Corviknight
|-supereffective|p1a: Corviknight
|-damage|p1a: Corviknight|0 fnt
|faint|p1a: Corviknight
|
|upkeep
|
|switch|p1a: Incineroar|Incineroar, F|86/100
|-ability|p1a: Incineroar|Intimidate|boost
|-unboost|p2a: Eternatus|atk|1
|turn|74
|j| AL Spirit
|
|move|p2a: Eternatus|Toxic|p1a: Incineroar
|-status|p1a: Incineroar|tox
|move|p1a: Incineroar|Knock Off|p2a: Eternatus
|-damage|p2a: Eternatus|63/100
|-enditem|p2a: Eternatus|Black Sludge|[from] move: Knock Off|[of] p1a: Incineroar
|
|-damage|p1a: Incineroar|80/100 tox|[from] psn
|upkeep
|turn|75
|
|move|p2a: Eternatus|Recover|p2a: Eternatus
|-heal|p2a: Eternatus|100/100
|move|p1a: Incineroar|U-turn|p2a: Eternatus
|-resisted|p2a: Eternatus
|-damage|p2a: Eternatus|92/100
|
|switch|p1a: Lunala|Lunala|94/100 brn|[from]move: U-turn
|
|-damage|p1a: Lunala|88/100 brn|[from] brn
|upkeep
|turn|76
|
|switch|p2a: Lunala|Lunala|100/100
|move|p1a: Lunala|Will-O-Wisp|p2a: Lunala
|-status|p2a: Lunala|brn
|
|-damage|p1a: Lunala|82/100 brn|[from] brn
|-damage|p2a: Lunala|94/100 brn|[from] brn
|upkeep
|turn|77
|
|switch|p1a: Incineroar|Incineroar, F|80/100 tox
|-ability|p1a: Incineroar|Intimidate|boost
|-unboost|p2a: Lunala|atk|1
|switch|p2a: Mandibuzz|Mandibuzz, F|84/100 tox
|
|-damage|p2a: Mandibuzz|78/100 tox|[from] psn
|-damage|p1a: Incineroar|74/100 tox|[from] psn
|upkeep
|turn|78
|
|switch|p1a: Eternatus|Eternatus|84/100 brn
|-ability|p1a: Eternatus|Pressure
|move|p2a: Mandibuzz|Knock Off|p1a: Eternatus
|-damage|p1a: Eternatus|74/100 brn
|
|-damage|p1a: Eternatus|68/100 brn|[from] brn
|-damage|p2a: Mandibuzz|66/100 tox|[from] psn
|upkeep
|turn|79
|
|switch|p2a: Lunala|Lunala|94/100 brn
|move|p1a: Eternatus|Cosmic Power|p1a: Eternatus
|-boost|p1a: Eternatus|def|1
|-boost|p1a: Eternatus|spd|1
|
|-damage|p1a: Eternatus|61/100 brn|[from] brn
|-damage|p2a: Lunala|88/100 brn|[from] brn
|upkeep
|turn|80
|
|move|p1a: Eternatus|Recover|p1a: Eternatus
|-heal|p1a: Eternatus|100/100 brn
|move|p2a: Lunala|Calm Mind|p2a: Lunala
|-boost|p2a: Lunala|spa|1
|-boost|p2a: Lunala|spd|1
|
|-damage|p1a: Eternatus|94/100 brn|[from] brn
|-damage|p2a: Lunala|82/100 brn|[from] brn
|upkeep
|turn|81
|
|move|p1a: Eternatus|Cosmic Power|p1a: Eternatus
|-boost|p1a: Eternatus|def|1
|-boost|p1a: Eternatus|spd|1
|move|p2a: Lunala|Calm Mind|p2a: Lunala
|-boost|p2a: Lunala|spa|1
|-boost|p2a: Lunala|spd|1
|
|-damage|p1a: Eternatus|88/100 brn|[from] brn
|-damage|p2a: Lunala|76/100 brn|[from] brn
|upkeep
|turn|82
|
|switch|p1a: Incineroar|Incineroar, F|74/100 tox
|-ability|p1a: Incineroar|Intimidate|boost
|-unboost|p2a: Lunala|atk|1
|move|p2a: Lunala|Calm Mind|p2a: Lunala
|-boost|p2a: Lunala|spa|1
|-boost|p2a: Lunala|spd|1
|
|-damage|p2a: Lunala|70/100 brn|[from] brn
|-damage|p1a: Incineroar|68/100 tox|[from] psn
|upkeep
|turn|83
|
|switch|p2a: Eternatus|Eternatus|92/100
|-ability|p2a: Eternatus|Pressure
|-start|p1a: Incineroar|Dynamax
|-heal|p1a: Incineroar|68/100 tox|[silent]
|move|p1a: Incineroar|Max Darkness|p2a: Eternatus
|-damage|p2a: Eternatus|47/100
|-unboost|p2a: Eternatus|spd|1
|
|-damage|p1a: Incineroar|55/100 tox|[from] psn
|upkeep
|turn|84
|
|-end|p1a: Incineroar|Dynamax
|-heal|p1a: Incineroar|55/100 tox|[silent]
|switch|p1a: Necrozma|Necrozma-Dusk-Mane|94/100 brn
|move|p2a: Eternatus|Dynamax Cannon|p1a: Necrozma
|-resisted|p1a: Necrozma
|-damage|p1a: Necrozma|75/100 brn
|
|-heal|p1a: Necrozma|81/100 brn|[from] item: Leftovers
|-damage|p1a: Necrozma|75/100 brn|[from] brn
|upkeep
|turn|85
|
|switch|p2a: Necrozma|Necrozma-Dusk-Mane|91/100
|move|p1a: Necrozma|Stealth Rock|p2a: Necrozma
|-sidestart|p2: I like Lovely|move: Stealth Rock
|
|-heal|p1a: Necrozma|81/100 brn|[from] item: Leftovers
|-heal|p2a: Necrozma|97/100|[from] item: Leftovers
|-damage|p1a: Necrozma|75/100 brn|[from] brn
|upkeep
|turn|86
|
|switch|p1a: Quagsire|Quagsire, F|100/100
|move|p2a: Necrozma|Stealth Rock|p1a: Quagsire
|-sidestart|p1: Terra the creator|move: Stealth Rock
|
|-heal|p2a: Necrozma|100/100|[from] item: Leftovers
|upkeep
|turn|87
|
|switch|p2a: Mandibuzz|Mandibuzz, F|66/100 tox
|move|p1a: Quagsire|Earthquake|p2a: Mandibuzz
|-immune|p2a: Mandibuzz
|
|-damage|p2a: Mandibuzz|60/100 tox|[from] psn
|upkeep
|turn|88
|l| 0zorcNecropHADES
|
|move|p2a: Mandibuzz|U-turn|p1a: Quagsire
|-damage|p1a: Quagsire|92/100
|
|switch|p2a: Eternatus|Eternatus|47/100|[from]move: U-turn
|-damage|p2a: Eternatus|34/100|[from] Stealth Rock
|-ability|p2a: Eternatus|Pressure
|move|p1a: Quagsire|Curse|p1a: Quagsire
|-unboost|p1a: Quagsire|spe|1
|-boost|p1a: Quagsire|atk|1
|-boost|p1a: Quagsire|def|1
|
|-heal|p1a: Quagsire|98/100|[from] item: Leftovers
|upkeep
|turn|89
|
|move|p2a: Eternatus|Recover|p2a: Eternatus
|-heal|p2a: Eternatus|85/100
|move|p1a: Quagsire|Earthquake|p2a: Eternatus
|-supereffective|p2a: Eternatus
|-damage|p2a: Eternatus|14/100
|
|-heal|p1a: Quagsire|100/100|[from] item: Leftovers
|upkeep
|turn|90
|
|switch|p2a: Mandibuzz|Mandibuzz, F|60/100 tox
|move|p1a: Quagsire|Earthquake|p2a: Mandibuzz
|-immune|p2a: Mandibuzz
|
|-damage|p2a: Mandibuzz|54/100 tox|[from] psn
|upkeep
|turn|91
|
|move|p2a: Mandibuzz|Toxic|p1a: Quagsire
|-status|p1a: Quagsire|tox
|move|p1a: Quagsire|Curse|p1a: Quagsire
|-unboost|p1a: Quagsire|spe|1
|-boost|p1a: Quagsire|atk|1
|-boost|p1a: Quagsire|def|1
|
|-damage|p2a: Mandibuzz|41/100 tox|[from] psn
|-damage|p1a: Quagsire|94/100 tox|[from] psn
|upkeep
|turn|92
|
|move|p2a: Mandibuzz|Roost|p2a: Mandibuzz
|-heal|p2a: Mandibuzz|91/100 tox
|-singleturn|p2a: Mandibuzz|move: Roost
|move|p1a: Quagsire|Earthquake|p2a: Mandibuzz
|-damage|p2a: Mandibuzz|46/100 tox
|
|-heal|p1a: Quagsire|100/100 tox|[from] item: Leftovers
|-damage|p2a: Mandibuzz|27/100 tox|[from] psn
|-damage|p1a: Quagsire|88/100 tox|[from] psn
|upkeep
|turn|93
|
|move|p2a: Mandibuzz|U-turn|p1a: Quagsire
|-damage|p1a: Quagsire|84/100 tox
|
|switch|p2a: Lunala|Lunala|70/100 brn|[from]move: U-turn
|move|p1a: Quagsire|Earthquake|p2a: Lunala
|-crit|p2a: Lunala
|-damage|p2a: Lunala|22/100 brn
|
|-heal|p1a: Quagsire|90/100 tox|[from] item: Leftovers
|-damage|p2a: Lunala|16/100 brn|[from] brn
|-damage|p1a: Quagsire|72/100 tox|[from] psn
|upkeep
|turn|94
|
|switch|p1a: Incineroar|Incineroar, F|55/100 tox
|-damage|p1a: Incineroar|30/100 tox|[from] Stealth Rock
|-ability|p1a: Incineroar|Intimidate|boost
|-unboost|p2a: Lunala|atk|1
|move|p2a: Lunala|Roost|p2a: Lunala
|-heal|p2a: Lunala|66/100 brn
|-singleturn|p2a: Lunala|move: Roost
|
|-damage|p2a: Lunala|60/100 brn|[from] brn
|-damage|p1a: Incineroar|24/100 tox|[from] psn
|upkeep
|turn|95
|
|switch|p2a: Mandibuzz|Mandibuzz, F|27/100 tox
|move|p1a: Incineroar|Knock Off|p2a: Mandibuzz
|-resisted|p2a: Mandibuzz
|-damage|p2a: Mandibuzz|12/100 tox
|-enditem|p2a: Mandibuzz|Heavy-Duty Boots|[from] move: Knock Off|[of] p1a: Incineroar
|
|-damage|p2a: Mandibuzz|6/100 tox|[from] psn
|-damage|p1a: Incineroar|12/100 tox|[from] psn
|upkeep
|turn|96
|
|move|p2a: Mandibuzz|Roost|p2a: Mandibuzz
|-heal|p2a: Mandibuzz|56/100 tox
|-singleturn|p2a: Mandibuzz|move: Roost
|move|p1a: Incineroar|U-turn|p2a: Mandibuzz
|-supereffective|p2a: Mandibuzz
|-damage|p2a: Mandibuzz|27/100 tox
|l|nagisa6666
|l| Kylo Reuniclus
|
|switch|p1a: Eternatus|Eternatus|88/100 brn|[from]move: U-turn
|-damage|p1a: Eternatus|76/100 brn|[from] Stealth Rock
|-ability|p1a: Eternatus|Pressure
|
|-damage|p1a: Eternatus|70/100 brn|[from] brn
|-damage|p2a: Mandibuzz|15/100 tox|[from] psn
|upkeep
|turn|97
|
|move|p1a: Eternatus|Cosmic Power|p1a: Eternatus
|-boost|p1a: Eternatus|def|1
|-boost|p1a: Eternatus|spd|1
|move|p2a: Mandibuzz|U-turn|p1a: Eternatus
|-resisted|p1a: Eternatus
|-damage|p1a: Eternatus|67/100 brn
|
|switch|p2a: Eternatus|Eternatus|14/100|[from]move: U-turn
|-damage|p2a: Eternatus|2/100|[from] Stealth Rock
|-ability|p2a: Eternatus|Pressure
|
|-damage|p1a: Eternatus|61/100 brn|[from] brn
|upkeep
|turn|98
|
|move|p2a: Eternatus|Recover|p2a: Eternatus
|-heal|p2a: Eternatus|52/100
|move|p1a: Eternatus|Recover|p1a: Eternatus
|-heal|p1a: Eternatus|100/100 brn
|
|-damage|p1a: Eternatus|94/100 brn|[from] brn
|upkeep
|turn|99
|
|move|p2a: Eternatus|Recover|p2a: Eternatus
|-heal|p2a: Eternatus|100/100
|move|p1a: Eternatus|Cosmic Power|p1a: Eternatus
|-boost|p1a: Eternatus|def|1
|-boost|p1a: Eternatus|spd|1
|
|-damage|p1a: Eternatus|88/100 brn|[from] brn
|upkeep
|turn|100
|
|switch|p2a: Lunala|Lunala|60/100 brn
|move|p1a: Eternatus|Flamethrower|p2a: Lunala
|-damage|p2a: Lunala|39/100 brn
|
|-damage|p1a: Eternatus|82/100 brn|[from] brn
|-damage|p2a: Lunala|33/100 brn|[from] brn
|upkeep
|turn|101
|
|move|p1a: Eternatus|Flamethrower|p2a: Lunala
|-damage|p2a: Lunala|13/100 brn
|move|p2a: Lunala|Roost|p2a: Lunala
|-heal|p2a: Lunala|63/100 brn
|-singleturn|p2a: Lunala|move: Roost
|
|-damage|p1a: Eternatus|76/100 brn|[from] brn
|-damage|p2a: Lunala|57/100 brn|[from] brn
|upkeep
|turn|102
|c|☆Terra the creator|Meh whatever too many burns
|c|☆Terra the creator|Gg
|l| AL Spirit
|c|☆I like Lovely|Gg!
|
|move|p1a: Eternatus|Cosmic Power|p1a: Eternatus
|-boost|p1a: Eternatus|def|1
|-boost|p1a: Eternatus|spd|1
|move|p2a: Lunala|Roost|p2a: Lunala
|-heal|p2a: Lunala|100/100 brn
|-singleturn|p2a: Lunala|move: Roost
|
|-damage|p1a: Eternatus|70/100 brn|[from] brn
|-damage|p2a: Lunala|94/100 brn|[from] brn
|upkeep
|turn|103
|-message|Terra the creator forfeited.
|
|win|I like Lovely
|l|☆Terra the creator
