|j|☆PlewX
|j|☆EvoIsBad
|player|p1|PlewX|guitarist|1195
|player|p2|EvoIsBad|pokekid|1228
|teamsize|p1|6
|teamsize|p2|6
|gametype|singles
|gen|8
|tier|[Gen 8] Ubers
|rated|
|clearpoke
|poke|p1|Marshadow|
|poke|p1|Melmetal|
|poke|p1|Corviknight, M|
|poke|p1|Cinderace, M|
|poke|p1|Excadrill, M|
|poke|p1|Toxapex, F|
|poke|p2|Mimikyu, M|
|poke|p2|Ditto|
|poke|p2|Swoobat, F|
|poke|p2|Zacian|
|poke|p2|Marshadow|
|poke|p2|Ferrothorn, F|
|rule|Sleep Clause Mod: Limit one foe put to sleep
|rule|Species Clause: Limit one of each Pokémon
|rule|OHKO Clause: OHKO moves are banned
|rule|Evasion Moves Clause: Evasion moves are banned
|rule|Endless Battle Clause: Forcing endless battles is banned
|rule|HP Percentage Mod: HP is shown in percentages
|html|Ubers Dynamax Clause: Pokémon on the <a href="https://www.smogon.com/dex/ss/formats/uber/">Ubers Dynamax Banlist</a> cannot Dynamax.
|teampreview
|
|start
|switch|p1a: Cochon|Excadrill, M|100/100
|switch|p2a: mymyku|Mimikyu, M, shiny|100/100
|-ability|p1a: Cochon|Mold Breaker
|turn|1
|
|move|p2a: mymyku|Swords Dance|p2a: mymyku
|-boost|p2a: mymyku|atk|2
|move|p1a: Cochon|Stealth Rock|p2a: mymyku
|-sidestart|p2: EvoIsBad|move: Stealth Rock
|
|upkeep
|turn|2
|
|move|p2a: mymyku|Swords Dance|p2a: mymyku
|-boost|p2a: mymyku|atk|2
|move|p1a: Cochon|Iron Head|p2a: mymyku
|-supereffective|p2a: mymyku
|-damage|p2a: mymyku|0 fnt
|faint|p2a: mymyku
|
|upkeep
|
|switch|p2a: Swoobat|Swoobat, F|100/100
|-damage|p2a: Swoobat|76/100|[from] Stealth Rock
|turn|3
|c|☆PlewX|🤣
|
|move|p2a: Swoobat|Calm Mind|p2a: Swoobat
|-boost|p2a: Swoobat|spa|2
|-boost|p2a: Swoobat|spd|2
|move|p1a: Cochon|Iron Head|p2a: Swoobat
|-crit|p2a: Swoobat
|-damage|p2a: Swoobat|0 fnt
|faint|p2a: Swoobat
|
|upkeep
|c|☆PlewX|🤣🤣
|c|☆EvoIsBad|i lobe life
|
|switch|p2a: Zacian|Zacian|100/100
|-damage|p2a: Zacian|88/100|[from] Stealth Rock
|-ability|p2a: Zacian|Intrepid Sword|boost
|-boost|p2a: Zacian|atk|1
|turn|4
|
|switch|p2a: Ditto|Ditto, shiny|100/100
|-damage|p2a: Ditto|88/100|[from] Stealth Rock
|-transform|p2a: Ditto|p1a: Cochon|[from] ability: Imposter
|-ability|p2a: Ditto|Mold Breaker
|move|p1a: Cochon|Iron Head|p2a: Ditto
|-resisted|p2a: Ditto
|-damage|p2a: Ditto|58/100
|
|upkeep
|turn|5
|
|move|p2a: Ditto|Earthquake|p1a: Cochon
|-supereffective|p1a: Cochon
|-enditem|p1a: Cochon|Focus Sash
|-damage|p1a: Cochon|1/100
|move|p1a: Cochon|Earthquake|p2a: Ditto
|-supereffective|p2a: Ditto
|-damage|p2a: Ditto|0 fnt
|faint|p2a: Ditto
|
|upkeep
|
|switch|p2a: Marshadow|Marshadow|100/100
|-damage|p2a: Marshadow|94/100|[from] Stealth Rock
|turn|6
|
|move|p2a: Marshadow|Shadow Sneak|p1a: Cochon
|-damage|p1a: Cochon|0 fnt
|faint|p1a: Cochon
|
|upkeep
|
|switch|p1a: Jean peuplu|Corviknight, M, shiny|100/100
|-ability|p1a: Jean peuplu|Unnerve|p2: EvoIsBad
|turn|7
|
|switch|p2a: Zacian|Zacian|88/100
|-damage|p2a: Zacian|76/100|[from] Stealth Rock
|-ability|p2a: Zacian|Intrepid Sword|boost
|-boost|p2a: Zacian|atk|1
|-start|p1a: Jean peuplu|Dynamax
|-formechange|p1a: Jean peuplu|Corviknight-Gmax
|-heal|p1a: Jean peuplu|100/100|[silent]
|move|p1a: Jean peuplu|G-Max Wind Rage|p2a: Zacian
|-damage|p2a: Zacian|37/100
|-sideend|p2: EvoIsBad|Stealth Rock|[from] move: G-Max Wind Rage|[of] p1a: Jean peuplu
|
|upkeep
|turn|8
|
|move|p2a: Zacian|Fire Fang|p1a: Jean peuplu
|-supereffective|p1a: Jean peuplu
|-damage|p1a: Jean peuplu|80/100
|-damage|p2a: Zacian|20/100|[from] item: Rocky Helmet|[of] p1a: Jean peuplu
|move|p1a: Jean peuplu|G-Max Wind Rage|p2a: Zacian
|-damage|p2a: Zacian|0 fnt
|faint|p2a: Zacian
|
|upkeep
|c|☆EvoIsBad|gg
|-message|EvoIsBad forfeited.
|
|win|PlewX
|l|☆EvoIsBad
