|j|☆4125al41
|j|☆F0rdPrefect
|t:|1629232551
|gametype|singles
|player|p1|4125al41|steven|1604
|player|p2|F0rdPrefect|wallace-gen6|1469
|teamsize|p1|6
|teamsize|p2|6
|gen|8
|tier|[Gen 8] Ubers
|rated|
|rule|Sleep Clause Mod: Limit one foe put to sleep
|rule|Species Clause: Limit one of each Pokémon
|rule|OHKO Clause: OHKO moves are banned
|rule|Evasion Moves Clause: Evasion moves are banned
|rule|Endless Battle Clause: Forcing endless battles is banned
|rule|HP Percentage Mod: HP is shown in percentages
|rule|Dynamax Clause: You cannot dynamax
|clearpoke
|poke|p1|Marshadow|
|poke|p1|Eternatus|
|poke|p1|Calyrex-Shadow|
|poke|p1|Ho-Oh|
|poke|p1|Groudon|
|poke|p1|Xerneas-*|
|poke|p2|Shuckle, M|
|poke|p2|Calyrex-Shadow|
|poke|p2|Eternatus|
|poke|p2|Necrozma-Dusk-Mane|
|poke|p2|Yveltal|
|poke|p2|Kyogre|
|teampreview
|
|t:|1629232570
|start
|switch|p1a: Calyrex|Calyrex-Shadow|100/100
|switch|p2a: AAAAAAAAAAAAA|Shuckle, M|100/100
|-ability|p1a: Calyrex|As One
|-ability|p1a: Calyrex|Unnerve
|turn|1
|inactive|Battle timer is ON: inactive players will automatically lose when time's up. (requested by F0rdPrefect)
|
|t:|1629232580
|move|p1a: Calyrex|Trick|p2a: AAAAAAAAAAAAA
|-activate|p1a: Calyrex|move: Trick|[of] p2a: AAAAAAAAAAAAA
|-item|p2a: AAAAAAAAAAAAA|Choice Specs|[from] move: Trick
|-item|p1a: Calyrex|Mental Herb|[from] move: Trick
|move|p2a: AAAAAAAAAAAAA|Sticky Web|p1a: Calyrex
|-sidestart|p1: 4125al41|move: Sticky Web
|
|upkeep
|turn|2
|
|t:|1629232585
|switch|p1a: Xerneas|Xerneas|100/100
|-activate|p1a: Xerneas|move: Sticky Web
|-unboost|p1a: Xerneas|spe|1
|-ability|p1a: Xerneas|Fairy Aura
|switch|p2a: UUUUUUUUUUUU|Yveltal|100/100
|-ability|p2a: UUUUUUUUUUUU|Dark Aura
|
|upkeep
|turn|3
|
|t:|1629232593
|move|p2a: UUUUUUUUUUUU|Knock Off|p1a: Xerneas
|-resisted|p1a: Xerneas
|-damage|p1a: Xerneas|66/100
|-enditem|p1a: Xerneas|Choice Scarf|[from] move: Knock Off|[of] p2a: UUUUUUUUUUUU
|move|p1a: Xerneas|Play Rough|p2a: UUUUUUUUUUUU
|-supereffective|p2a: UUUUUUUUUUUU
|-damage|p2a: UUUUUUUUUUUU|0 fnt
|faint|p2a: UUUUUUUUUUUU
|
|upkeep
|
|t:|1629232598
|switch|p2a: AAAAAAAAAAAAA|Shuckle, M|100/100
|turn|4
|
|t:|1629232603
|switch|p1a: Ho-Oh|Ho-Oh|100/100
|move|p2a: AAAAAAAAAAAAA|Stealth Rock|p1a: Ho-Oh
|-sidestart|p1: 4125al41|move: Stealth Rock
|
|upkeep
|turn|5
|
|t:|1629232609
|switch|p2a: IIIIIIIIIIIIII|Eternatus|100/100
|-ability|p2a: IIIIIIIIIIIIII|Pressure
|move|p1a: Ho-Oh|Defog|p2a: IIIIIIIIIIIIII
|-unboost|p2a: IIIIIIIIIIIIII|evasion|1
|-sideend|p1: 4125al41|Stealth Rock|[from] move: Defog|[of] p1a: Ho-Oh
|-sideend|p1: 4125al41|Sticky Web|[from] move: Defog|[of] p1a: Ho-Oh
|
|upkeep
|turn|6
|
|t:|1629232616
|switch|p2a: AAAAAAAAAAAAA|Shuckle, M|100/100
|switch|p1a: Calyrex|Calyrex-Shadow|100/100
|-ability|p1a: Calyrex|As One
|-ability|p1a: Calyrex|Unnerve
|
|upkeep
|turn|7
|
|t:|1629232622
|move|p1a: Calyrex|Astral Barrage|p2a: AAAAAAAAAAAAA
|-damage|p2a: AAAAAAAAAAAAA|53/100
|move|p2a: AAAAAAAAAAAAA|Sticky Web|p1a: Calyrex
|-sidestart|p1: 4125al41|move: Sticky Web
|
|upkeep
|turn|8
|
|t:|1629232626
|move|p1a: Calyrex|Astral Barrage|p2a: AAAAAAAAAAAAA
|-damage|p2a: AAAAAAAAAAAAA|6/100
|move|p2a: AAAAAAAAAAAAA|Sticky Web||[still]
|-fail|p2a: AAAAAAAAAAAAA
|
|upkeep
|turn|9
|
|t:|1629232635
|switch|p1a: Groudon|Groudon|100/100
|-activate|p1a: Groudon|move: Sticky Web
|-unboost|p1a: Groudon|spe|1
|-weather|SunnyDay|[from] ability: Drought|[of] p1a: Groudon
|move|p2a: AAAAAAAAAAAAA|Sticky Web||[still]
|-fail|p2a: AAAAAAAAAAAAA
|
|-weather|SunnyDay|[upkeep]
|upkeep
|turn|10
|
|t:|1629232644
|switch|p2a: YYYYYYYYYYYYYY|Necrozma-Dusk-Mane|100/100
|move|p1a: Groudon|Thunder Wave|p2a: YYYYYYYYYYYYYY
|-status|p2a: YYYYYYYYYYYYYY|par
|
|-weather|SunnyDay|[upkeep]
|upkeep
|turn|11
|
|t:|1629232655
|move|p1a: Groudon|Precipice Blades|p2a: YYYYYYYYYYYYYY
|-supereffective|p2a: YYYYYYYYYYYYYY
|-damage|p2a: YYYYYYYYYYYYYY|52/100 par
|-enditem|p2a: YYYYYYYYYYYYYY|Weakness Policy
|-boost|p2a: YYYYYYYYYYYYYY|atk|2|[from] item: Weakness Policy
|-boost|p2a: YYYYYYYYYYYYYY|spa|2|[from] item: Weakness Policy
|move|p2a: YYYYYYYYYYYYYY|Dragon Dance|p2a: YYYYYYYYYYYYYY
|-boost|p2a: YYYYYYYYYYYYYY|atk|1
|-boost|p2a: YYYYYYYYYYYYYY|spe|1
|
|-weather|SunnyDay|[upkeep]
|upkeep
|turn|12
|
|t:|1629232662
|cant|p2a: YYYYYYYYYYYYYY|par
|move|p1a: Groudon|Precipice Blades|p2a: YYYYYYYYYYYYYY
|-supereffective|p2a: YYYYYYYYYYYYYY
|-damage|p2a: YYYYYYYYYYYYYY|2/100 par
|
|-weather|SunnyDay|[upkeep]
|upkeep
|turn|13
|
|t:|1629232667
|move|p2a: YYYYYYYYYYYYYY|Sunsteel Strike|p1a: Groudon
|-damage|p1a: Groudon|33/100
|move|p1a: Groudon|Precipice Blades|p2a: YYYYYYYYYYYYYY
|-supereffective|p2a: YYYYYYYYYYYYYY
|-damage|p2a: YYYYYYYYYYYYYY|0 fnt
|faint|p2a: YYYYYYYYYYYYYY
|
|-weather|none
|-heal|p1a: Groudon|39/100|[from] item: Leftovers
|upkeep
|
|t:|1629232676
|switch|p2a: OOOOOOOOOOOOOO|Calyrex-Shadow|100/100
|-ability|p2a: OOOOOOOOOOOOOO|As One
|-ability|p2a: OOOOOOOOOOOOOO|Unnerve
|turn|14
|
|t:|1629232682
|switch|p1a: Ho-Oh|Ho-Oh|100/100
|move|p2a: OOOOOOOOOOOOOO|Astral Barrage|p1a: Ho-Oh
|-damage|p1a: Ho-Oh|64/100
|
|upkeep
|turn|15
|
|t:|1629232689
|move|p2a: OOOOOOOOOOOOOO|Nasty Plot|p2a: OOOOOOOOOOOOOO
|-boost|p2a: OOOOOOOOOOOOOO|spa|2
|move|p1a: Ho-Oh|Sacred Fire|p2a: OOOOOOOOOOOOOO
|-damage|p2a: OOOOOOOOOOOOOO|48/100
|
|upkeep
|turn|16
|
|t:|1629232693
|switch|p1a: Xerneas|Xerneas|66/100
|-activate|p1a: Xerneas|move: Sticky Web
|-unboost|p1a: Xerneas|spe|1
|-ability|p1a: Xerneas|Fairy Aura
|move|p2a: OOOOOOOOOOOOOO|Astral Barrage|p1a: Xerneas
|-damage|p1a: Xerneas|0 fnt
|faint|p1a: Xerneas
|-ability|p2a: OOOOOOOOOOOOOO|Grim Neigh|boost
|-boost|p2a: OOOOOOOOOOOOOO|spa|1
|
|upkeep
|
|t:|1629232694
|switch|p1a: tensa-zangetsu|Marshadow|100/100
|-activate|p1a: tensa-zangetsu|move: Sticky Web
|-unboost|p1a: tensa-zangetsu|spe|1
|turn|17
|
|t:|1629232697
|switch|p2a: AAAAAAAAAAAAA|Shuckle, M|6/100
|move|p1a: tensa-zangetsu|Shadow Sneak|p2a: AAAAAAAAAAAAA
|-damage|p2a: AAAAAAAAAAAAA|0 fnt
|faint|p2a: AAAAAAAAAAAAA
|
|upkeep
|
|t:|1629232701
|switch|p2a: IIIIIIIIIIIIII|Eternatus|100/100
|-ability|p2a: IIIIIIIIIIIIII|Pressure
|turn|18
|
|t:|1629232716
|switch|p1a: Ho-Oh|Ho-Oh|97/100
|move|p2a: IIIIIIIIIIIIII|Meteor Beam||[still]
|-prepare|p2a: IIIIIIIIIIIIII|Meteor Beam
|-boost|p2a: IIIIIIIIIIIIII|spa|1
|-enditem|p2a: IIIIIIIIIIIIII|Power Herb
|-anim|p2a: IIIIIIIIIIIIII|Meteor Beam|p1a: Ho-Oh
|-supereffective|p1a: Ho-Oh
|-damage|p1a: Ho-Oh|0 fnt
|faint|p1a: Ho-Oh
|
|upkeep
|
|t:|1629232719
|switch|p1a: Calyrex|Calyrex-Shadow|100/100
|-ability|p1a: Calyrex|As One
|-ability|p1a: Calyrex|Unnerve
|-activate|p1a: Calyrex|move: Sticky Web
|-unboost|p1a: Calyrex|spe|1
|turn|19
|
|t:|1629232726
|move|p2a: IIIIIIIIIIIIII|Dynamax Cannon|p1a: Calyrex
|-damage|p1a: Calyrex|0 fnt
|faint|p1a: Calyrex
|
|upkeep
|
|t:|1629232731
|switch|p1a: tensa-zangetsu|Marshadow|100/100
|-activate|p1a: tensa-zangetsu|move: Sticky Web
|-unboost|p1a: tensa-zangetsu|spe|1
|turn|20
|
|t:|1629232736
|move|p2a: IIIIIIIIIIIIII|Dynamax Cannon|p1a: tensa-zangetsu
|-enditem|p1a: tensa-zangetsu|Focus Sash
|-damage|p1a: tensa-zangetsu|1/100
|move|p1a: tensa-zangetsu|Endeavor|p2a: IIIIIIIIIIIIII
|-damage|p2a: IIIIIIIIIIIIII|1/100
|
|upkeep
|turn|21
|
|t:|1629232748
|switch|p2a: EEEEEEEEEEEEEE|Kyogre|100/100
|-weather|RainDance|[from] ability: Drizzle|[of] p2a: EEEEEEEEEEEEEE
|move|p1a: tensa-zangetsu|Shadow Sneak|p2a: EEEEEEEEEEEEEE
|-damage|p2a: EEEEEEEEEEEEEE|69/100
|
|-weather|RainDance|[upkeep]
|upkeep
|turn|22
|
|t:|1629232758
|switch|p1a: Groudon|Groudon|39/100
|-activate|p1a: Groudon|move: Sticky Web
|-unboost|p1a: Groudon|spe|1
|-weather|SunnyDay|[from] ability: Drought|[of] p1a: Groudon
|move|p2a: EEEEEEEEEEEEEE|Ice Beam|p1a: Groudon
|-supereffective|p1a: Groudon
|-damage|p1a: Groudon|0 fnt
|faint|p1a: Groudon
|
|-weather|SunnyDay|[upkeep]
|upkeep
|
|t:|1629232760
|switch|p1a: Eternatus|Eternatus|100/100
|-activate|p1a: Eternatus|move: Sticky Web
|-unboost|p1a: Eternatus|spe|1
|-ability|p1a: Eternatus|Pressure
|turn|23
|inactive|F0rdPrefect has 120 seconds left.
|
|t:|1629232805
|switch|p2a: OOOOOOOOOOOOOO|Calyrex-Shadow|48/100
|-ability|p2a: OOOOOOOOOOOOOO|As One
|-ability|p2a: OOOOOOOOOOOOOO|Unnerve
|move|p1a: Eternatus|Meteor Beam||[still]
|-prepare|p1a: Eternatus|Meteor Beam
|-boost|p1a: Eternatus|spa|1
|-enditem|p1a: Eternatus|Power Herb
|-anim|p1a: Eternatus|Meteor Beam|p2a: OOOOOOOOOOOOOO
|-damage|p2a: OOOOOOOOOOOOOO|0 fnt
|faint|p2a: OOOOOOOOOOOOOO
|
|-weather|SunnyDay|[upkeep]
|upkeep
|
|t:|1629232807
|switch|p2a: IIIIIIIIIIIIII|Eternatus|1/100
|-ability|p2a: IIIIIIIIIIIIII|Pressure
|turn|24
|
|t:|1629232816
|move|p2a: IIIIIIIIIIIIII|Dynamax Cannon|p1a: Eternatus
|-supereffective|p1a: Eternatus
|-damage|p1a: Eternatus|0 fnt
|faint|p1a: Eternatus
|
|-weather|SunnyDay|[upkeep]
|upkeep
|
|t:|1629232818
|switch|p1a: tensa-zangetsu|Marshadow|1/100
|-activate|p1a: tensa-zangetsu|move: Sticky Web
|-unboost|p1a: tensa-zangetsu|spe|1
|turn|25
|
|t:|1629232820
|move|p1a: tensa-zangetsu|Shadow Sneak|p2a: IIIIIIIIIIIIII
|-crit|p2a: IIIIIIIIIIIIII
|-damage|p2a: IIIIIIIIIIIIII|0 fnt
|faint|p2a: IIIIIIIIIIIIII
|
|-weather|SunnyDay|[upkeep]
|upkeep
|
|t:|1629232822
|switch|p2a: EEEEEEEEEEEEEE|Kyogre|69/100
|-weather|RainDance|[from] ability: Drizzle|[of] p2a: EEEEEEEEEEEEEE
|turn|26
|
|t:|1629232829
|move|p1a: tensa-zangetsu|Shadow Sneak|p2a: EEEEEEEEEEEEEE
|-damage|p2a: EEEEEEEEEEEEEE|37/100
|move|p2a: EEEEEEEEEEEEEE|Thunder|p1a: tensa-zangetsu
|-damage|p1a: tensa-zangetsu|0 fnt
|faint|p1a: tensa-zangetsu
|
|win|F0rdPrefect
|raw|4125al41's rating: 1604 &rarr; <strong>1577</strong><br />(-27 for losing)
|raw|F0rdPrefect's rating: 1469 &rarr; <strong>1496</strong><br />(+27 for winning)
|c|☆F0rdPrefect|gg
|c|☆F0rdPrefect|nice game
|c|☆4125al41|Gg
|l|☆4125al41
