|j|☆kabutobruh
|j|☆TogeBirlHQ
|t:|1658421077
|gametype|singles
|player|p1|kabutobruh|102|1263
|player|p2|TogeBirlHQ|jogger|1524
|teamsize|p1|6
|teamsize|p2|6
|gen|8
|tier|[Gen 8] Ubers
|rated|
|rule|Sleep Clause Mod: Limit one foe put to sleep
|rule|Species Clause: Limit one of each Pokémon
|rule|OHKO Clause: OHKO moves are banned
|rule|Evasion Moves Clause: Evasion moves are banned
|rule|Endless Battle Clause: Forcing endless battles is banned
|rule|HP Percentage Mod: HP is shown in percentages
|rule|Dynamax Clause: You cannot dynamax
|clearpoke
|poke|p1|Eternatus|
|poke|p1|Calyrex-Shadow|
|poke|p1|Necrozma-Dusk-Mane|
|poke|p1|Kyogre|
|poke|p1|Marshadow|
|poke|p1|Yveltal|
|poke|p2|Calyrex-Shadow|
|poke|p2|Urshifu-*, M|
|poke|p2|Eternatus|
|poke|p2|Necrozma-Dusk-Mane|
|poke|p2|Yveltal|
|poke|p2|Ditto|
|teampreview
|
|t:|1658421094
|start
|switch|p1a: Necrozma|Necrozma-Dusk-Mane|100/100
|switch|p2a: Urshifu|Urshifu, M|100/100
|turn|1
|
|t:|1658421126
|switch|p1a: Yveltal|Yveltal|100/100
|-ability|p1a: Yveltal|Dark Aura
|move|p2a: Urshifu|Wicked Blow|p1a: Yveltal
|-resisted|p1a: Yveltal
|-crit|p1a: Yveltal
|-damage|p1a: Yveltal|50/100
|
|upkeep
|turn|2
|inactive|Battle timer is ON: inactive players will automatically lose when time's up. (requested by kabutobruh)
|
|t:|1658421148
|move|p2a: Urshifu|Wicked Blow|p1a: Yveltal
|-resisted|p1a: Yveltal
|-crit|p1a: Yveltal
|-damage|p1a: Yveltal|0 fnt
|faint|p1a: Yveltal
|
|upkeep
|
|t:|1658421177
|switch|p1a: Eternatus|Eternatus|100/100
|-ability|p1a: Eternatus|Pressure
|turn|3
|
|t:|1658421185
|switch|p2a: Necrozma|Necrozma-Dusk-Mane|100/100
|move|p1a: Eternatus|Toxic|p2a: Necrozma
|-immune|p2a: Necrozma
|
|upkeep
|turn|4
|
|t:|1658421195
|move|p1a: Eternatus|Mystical Fire|p2a: Necrozma
|-supereffective|p2a: Necrozma
|-damage|p2a: Necrozma|73/100
|-unboost|p2a: Necrozma|spa|1
|move|p2a: Necrozma|Stealth Rock|p1a: Eternatus
|-sidestart|p1: kabutobruh|move: Stealth Rock
|
|upkeep
|turn|5
|
|t:|1658421204
|move|p1a: Eternatus|Mystical Fire|p2a: Necrozma
|-supereffective|p2a: Necrozma
|-crit|p2a: Necrozma
|-damage|p2a: Necrozma|28/100
|-unboost|p2a: Necrozma|spa|1
|move|p2a: Necrozma|Moonlight|p2a: Necrozma
|-heal|p2a: Necrozma|78/100
|
|upkeep
|turn|6
|
|t:|1658421227
|switch|p1a: Calyrex|Calyrex-Shadow|100/100
|-ability|p1a: Calyrex|As One
|-ability|p1a: Calyrex|Unnerve
|-damage|p1a: Calyrex|88/100|[from] Stealth Rock
|switch|p2a: Eternatus|Eternatus|100/100
|-ability|p2a: Eternatus|Pressure
|
|upkeep
|turn|7
|
|t:|1658421243
|switch|p2a: Yveltal|Yveltal|100/100
|-ability|p2a: Yveltal|Dark Aura
|move|p1a: Calyrex|Psyshock|p2a: Yveltal
|-immune|p2a: Yveltal
|
|upkeep
|turn|8
|
|t:|1658421257
|switch|p1a: Kyogre|Kyogre|100/100
|-damage|p1a: Kyogre|88/100|[from] Stealth Rock
|-weather|RainDance|[from] ability: Drizzle|[of] p1a: Kyogre
|move|p2a: Yveltal|U-turn|p1a: Kyogre
|-damage|p1a: Kyogre|76/100
|
|t:|1658421267
|switch|p2a: Eternatus|Eternatus|100/100|[from]move: U-turn
|-ability|p2a: Eternatus|Pressure
|
|-weather|RainDance|[upkeep]
|-heal|p1a: Kyogre|82/100|[from] item: Leftovers
|upkeep
|turn|9
|
|t:|1658421282
|switch|p2a: Urshifu|Urshifu, M|100/100
|move|p1a: Kyogre|Ice Beam|p2a: Urshifu
|-damage|p2a: Urshifu|58/100
|
|-weather|RainDance|[upkeep]
|-heal|p1a: Kyogre|88/100|[from] item: Leftovers
|upkeep
|turn|10
|
|t:|1658421290
|move|p2a: Urshifu|Wicked Blow|p1a: Kyogre
|-crit|p1a: Kyogre
|-damage|p1a: Kyogre|16/100
|move|p1a: Kyogre|Scald|p2a: Urshifu
|-damage|p2a: Urshifu|0 fnt
|faint|p2a: Urshifu
|
|-weather|RainDance|[upkeep]
|-heal|p1a: Kyogre|22/100|[from] item: Leftovers
|upkeep
|
|t:|1658421296
|switch|p2a: Calyrex|Calyrex-Shadow|100/100
|-ability|p2a: Calyrex|As One
|-ability|p2a: Calyrex|Unnerve
|turn|11
|inactive|kabutobruh has 120 seconds left.
|
|t:|1658421325
|move|p2a: Calyrex|Astral Barrage|p1a: Kyogre
|-damage|p1a: Kyogre|0 fnt
|faint|p1a: Kyogre
|-ability|p2a: Calyrex|Grim Neigh|boost
|-boost|p2a: Calyrex|spa|1
|
|-weather|RainDance|[upkeep]
|upkeep
|inactive|kabutobruh has 120 seconds left.
|
|t:|1658421347
|switch|p1a: Calyrex|Calyrex-Shadow|88/100
|-ability|p1a: Calyrex|As One
|-ability|p1a: Calyrex|Unnerve
|-damage|p1a: Calyrex|76/100|[from] Stealth Rock
|turn|12
|
|t:|1658421355
|switch|p2a: Yveltal|Yveltal|100/100
|-ability|p2a: Yveltal|Dark Aura
|move|p1a: Calyrex|Astral Barrage|p2a: Yveltal
|-resisted|p2a: Yveltal
|-damage|p2a: Yveltal|77/100
|
|-weather|none
|upkeep
|turn|13
|inactive|kabutobruh has 90 seconds left.
|
|t:|1658421389
|switch|p1a: Marshadow|Marshadow|100/100
|-damage|p1a: Marshadow|94/100|[from] Stealth Rock
|move|p2a: Yveltal|U-turn|p1a: Marshadow
|-resisted|p1a: Marshadow
|-damage|p1a: Marshadow|88/100
|
|t:|1658421405
|switch|p2a: Eternatus|Eternatus|100/100|[from]move: U-turn
|-ability|p2a: Eternatus|Pressure
|
|upkeep
|turn|14
|
|t:|1658421422
|move|p1a: Marshadow|Ice Punch|p2a: Eternatus
|-supereffective|p2a: Eternatus
|-damage|p2a: Eternatus|47/100
|move|p2a: Eternatus|Mystical Fire|p1a: Marshadow
|-damage|p1a: Marshadow|62/100
|-unboost|p1a: Marshadow|spa|1
|
|upkeep
|turn|15
|
|t:|1658421430
|move|p1a: Marshadow|Ice Punch|p2a: Eternatus
|-supereffective|p2a: Eternatus
|-damage|p2a: Eternatus|0 fnt
|faint|p2a: Eternatus
|
|upkeep
|
|t:|1658421442
|switch|p2a: Calyrex|Calyrex-Shadow|100/100
|-ability|p2a: Calyrex|As One
|-ability|p2a: Calyrex|Unnerve
|turn|16
|inactive|kabutobruh has 90 seconds left.
|
|t:|1658421470
|move|p2a: Calyrex|Astral Barrage|p1a: Marshadow
|-supereffective|p1a: Marshadow
|-damage|p1a: Marshadow|0 fnt
|faint|p1a: Marshadow
|-ability|p2a: Calyrex|Grim Neigh|boost
|-boost|p2a: Calyrex|spa|1
|
|upkeep
|inactive|kabutobruh has 90 seconds left.
|
|t:|1658421479
|switch|p1a: Calyrex|Calyrex-Shadow|76/100
|-ability|p1a: Calyrex|As One
|-ability|p1a: Calyrex|Unnerve
|-damage|p1a: Calyrex|64/100|[from] Stealth Rock
|turn|17
|inactive|kabutobruh has 90 seconds left.
|
|t:|1658421493
|switch|p2a: Yveltal|Yveltal|77/100
|-ability|p2a: Yveltal|Dark Aura
|move|p1a: Calyrex|Astral Barrage|p2a: Yveltal
|-resisted|p2a: Yveltal
|-damage|p2a: Yveltal|52/100
|
|upkeep
|turn|18
|inactive|kabutobruh has 90 seconds left.
|
|t:|1658421509
|switch|p1a: Eternatus|Eternatus|100/100
|-ability|p1a: Eternatus|Pressure
|move|p2a: Yveltal|U-turn|p1a: Eternatus
|-resisted|p1a: Eternatus
|-damage|p1a: Eternatus|93/100
|
|t:|1658421516
|switch|p2a: Calyrex|Calyrex-Shadow|100/100|[from]move: U-turn
|-ability|p2a: Calyrex|As One
|-ability|p2a: Calyrex|Unnerve
|
|upkeep
|turn|19
|
|t:|1658421528
|switch|p1a: Necrozma|Necrozma-Dusk-Mane|100/100
|-damage|p1a: Necrozma|94/100|[from] Stealth Rock
|move|p2a: Calyrex|Astral Barrage|p1a: Necrozma
|-supereffective|p1a: Necrozma
|-damage|p1a: Necrozma|0 fnt
|faint|p1a: Necrozma
|-ability|p2a: Calyrex|Grim Neigh|boost
|-boost|p2a: Calyrex|spa|1
|
|upkeep
|inactive|kabutobruh has 90 seconds left.
|
|t:|1658421538
|switch|p1a: Calyrex|Calyrex-Shadow|64/100
|-ability|p1a: Calyrex|As One
|-ability|p1a: Calyrex|Unnerve
|-damage|p1a: Calyrex|51/100|[from] Stealth Rock
|turn|20
|
|t:|1658421555
|switch|p2a: Ditto|Ditto|100/100
|-transform|p2a: Ditto|p1a: Calyrex|[from] ability: Imposter
|move|p1a: Calyrex|Astral Barrage|p2a: Ditto
|-supereffective|p2a: Ditto
|-damage|p2a: Ditto|0 fnt
|faint|p2a: Ditto
|-ability|p1a: Calyrex|Grim Neigh|boost
|-boost|p1a: Calyrex|spa|1
|
|upkeep
|
|t:|1658421563
|switch|p2a: Yveltal|Yveltal|52/100
|-ability|p2a: Yveltal|Dark Aura
|turn|21
|
|t:|1658421577
|move|p1a: Calyrex|Astral Barrage|p2a: Yveltal
|-resisted|p2a: Yveltal
|-damage|p2a: Yveltal|15/100
|move|p2a: Yveltal|Roost|p2a: Yveltal
|-heal|p2a: Yveltal|65/100
|-singleturn|p2a: Yveltal|move: Roost
|
|upkeep
|turn|22
|
|t:|1658421586
|switch|p1a: Eternatus|Eternatus|93/100
|-ability|p1a: Eternatus|Pressure
|move|p2a: Yveltal|Roost|p2a: Yveltal
|-heal|p2a: Yveltal|100/100
|-singleturn|p2a: Yveltal|move: Roost
|
|upkeep
|turn|23
|
|t:|1658421595
|switch|p2a: Necrozma|Necrozma-Dusk-Mane|78/100
|move|p1a: Eternatus|Toxic|p2a: Necrozma
|-immune|p2a: Necrozma
|
|upkeep
|turn|24
|
|t:|1658421603
|move|p1a: Eternatus|Dynamax Cannon|p2a: Necrozma
|-resisted|p2a: Necrozma
|-damage|p2a: Necrozma|59/100
|move|p2a: Necrozma|Earthquake|p1a: Eternatus
|-supereffective|p1a: Eternatus
|-damage|p1a: Eternatus|40/100
|
|upkeep
|turn|25
|inactive|kabutobruh has 120 seconds left.
|
|t:|1658421610
|switch|p2a: Calyrex|Calyrex-Shadow|100/100
|-ability|p2a: Calyrex|As One
|-ability|p2a: Calyrex|Unnerve
|move|p1a: Eternatus|Recover|p1a: Eternatus
|-heal|p1a: Eternatus|90/100
|
|upkeep
|turn|26
|
|t:|1658421619
|move|p2a: Calyrex|Psyshock|p1a: Eternatus
|-supereffective|p1a: Eternatus
|-damage|p1a: Eternatus|0 fnt
|faint|p1a: Eternatus
|-ability|p2a: Calyrex|Grim Neigh|boost
|-boost|p2a: Calyrex|spa|1
|
|upkeep
|
|t:|1658421626
|switch|p1a: Calyrex|Calyrex-Shadow|51/100
|-ability|p1a: Calyrex|As One
|-ability|p1a: Calyrex|Unnerve
|-damage|p1a: Calyrex|39/100|[from] Stealth Rock
|turn|27
|
|t:|1658421632
|switch|p2a: Yveltal|Yveltal|100/100
|-ability|p2a: Yveltal|Dark Aura
|move|p1a: Calyrex|Astral Barrage|p2a: Yveltal
|-resisted|p2a: Yveltal
|-damage|p2a: Yveltal|76/100
|
|upkeep
|turn|28
|c|☆kabutobruh|gg
|c|☆TogeBirlHQ|Gg
|c|☆TogeBirlHQ|Hey btw
|c|☆TogeBirlHQ|You have nice team man
|c|☆kabutobruh|thx you too
|inactive|TogeBirlHQ has 120 seconds left.
|
|t:|1658421665
|move|p1a: Calyrex|Astral Barrage|p2a: Yveltal
|-resisted|p2a: Yveltal
|-damage|p2a: Yveltal|49/100
|move|p2a: Yveltal|Foul Play|p1a: Calyrex
|-supereffective|p1a: Calyrex
|-damage|p1a: Calyrex|0 fnt
|faint|p1a: Calyrex
|
|win|TogeBirlHQ
|raw|kabutobruh's rating: 1263 &rarr; <strong>1254</strong><br />(-9 for losing)
|raw|TogeBirlHQ's rating: 1524 &rarr; <strong>1531</strong><br />(+7 for winning)
|l|☆kabutobruh
|c|☆TogeBirlHQ|Good on the ladder
||Ladder isn't responding, score probably updated but might not have (Request timeout).
