|j|☆Nakeeb^*!
|j|☆Magikarp4000
|player|p1|Nakeeb^*!|hau|
|player|p2|Magikarp4000|bellelba|
|teamsize|p1|6
|teamsize|p2|6
|gametype|singles
|gen|8
|tier|[Gen 8] Ubers
|rated|Tournament battle
|clearpoke
|poke|p1|Ferrothorn, M|
|poke|p1|Necrozma-Dusk-Mane|
|poke|p1|Zekrom|
|poke|p1|Lunala|
|poke|p1|Mandibuzz, F|
|poke|p1|Togekiss, M|
|poke|p2|Necrozma-Dusk-Mane|
|poke|p2|Hatterene, F|
|poke|p2|Umbreon, F|
|poke|p2|Toxapex, M|
|poke|p2|Dracovish|
|poke|p2|Ferrothorn, M|
|rule|Sleep Clause Mod: Limit one foe put to sleep
|rule|Species Clause: Limit one of each Pokémon
|rule|OHKO Clause: OHKO moves are banned
|rule|Evasion Moves Clause: Evasion moves are banned
|rule|Endless Battle Clause: Forcing endless battles is banned
|rule|HP Percentage Mod: HP is shown in percentages
|html|Ubers Dynamax Clause: Pokémon on the <a href="https://www.smogon.com/dex/ss/formats/uber/">Ubers Dynamax Banlist</a> cannot Dynamax.
|teampreview
|c|☆Magikarp4000|glhf
|c|☆Nakeeb^*!|hf
|
|start
|switch|p1a: Zekrom|Zekrom|100/100
|switch|p2a: Dracovish|Dracovish|100/100
|-ability|p1a: Zekrom|Teravolt
|turn|1
|j| Problems
|
|switch|p2a: Ferrothorn|Ferrothorn, M|100/100
|switch|p1a: Ferrothorn|Ferrothorn, M|100/100
|
|upkeep
|turn|2
|j| FloorBoss69
|
|switch|p2a: Hatterene|Hatterene, F|100/100
|move|p1a: Ferrothorn|Knock Off|p2a: Hatterene
|-damage|p2a: Hatterene|75/100
|-enditem|p2a: Hatterene|Leftovers|[from] move: Knock Off|[of] p1a: Ferrothorn
|
|upkeep
|turn|3
|
|switch|p1a: Necrozma|Necrozma-Dusk-Mane|100/100
|move|p2a: Hatterene|Trick Room|p2a: Hatterene
|-fieldstart|move: Trick Room|[of] p2a: Hatterene
|
|upkeep
|turn|4
|
|-start|p2a: Hatterene|Dynamax
|-formechange|p2a: Hatterene|Hatterene-Gmax
|-heal|p2a: Hatterene|75/100|[silent]
|move|p2a: Hatterene|Max Flare|p1a: Necrozma
|-supereffective|p1a: Necrozma
|-damage|p1a: Necrozma|41/100
|-weather|SunnyDay
|move|p1a: Necrozma|Sunsteel Strike|p2a: Hatterene
|-supereffective|p2a: Hatterene
|-damage|p2a: Hatterene|14/100
|
|-weather|SunnyDay|[upkeep]
|-heal|p1a: Necrozma|47/100|[from] item: Leftovers
|upkeep
|turn|5
|c| FloorBoss69|trickroomdracovish is stronk
|c|☆Magikarp4000|nah i dont troom for dracovish
|
|switch|p1a: Lunala|Lunala|100/100
|move|p2a: Hatterene|Max Flare|p1a: Lunala
|-crit|p1a: Lunala
|-damage|p1a: Lunala|74/100
|
|-weather|SunnyDay|[upkeep]
|upkeep
|turn|6
|
|move|p2a: Hatterene|G-Max Smite|p1a: Lunala
|-damage|p1a: Lunala|36/100
|-start|p1a: Lunala|confusion
|-activate|p1a: Lunala|confusion
|move|p1a: Lunala|Roost|p1a: Lunala
|-heal|p1a: Lunala|86/100
|-singleturn|p1a: Lunala|move: Roost
|
|-weather|SunnyDay|[upkeep]
|-end|p2a: Hatterene|Dynamax
|-formechange|p2a: Hatterene|Hatterene
|-heal|p2a: Hatterene|14/100|[silent]
|upkeep
|turn|7
|
|switch|p2a: Umbreon|Umbreon, F|100/100
|-end|p1a: Lunala|confusion
|move|p1a: Lunala|Roost|p1a: Lunala
|-heal|p1a: Lunala|100/100
|-singleturn|p1a: Lunala|move: Roost
|
|-weather|SunnyDay|[upkeep]
|-fieldend|move: Trick Room
|upkeep
|turn|8
|c| FloorBoss69|Magikarp u aint foolin anyone
|
|switch|p1a: Necrozma|Necrozma-Dusk-Mane|47/100
|move|p2a: Umbreon|Wish|p2a: Umbreon
|
|-weather|none
|-heal|p1a: Necrozma|54/100|[from] item: Leftovers
|upkeep
|turn|9
|
|switch|p2a: Hatterene|Hatterene, F|14/100
|move|p1a: Necrozma|Morning Sun|p1a: Necrozma
|-heal|p1a: Necrozma|100/100
|
|-heal|p2a: Hatterene|76/100|[from] move: Wish|[wisher] Umbreon
|upkeep
|turn|10
|
|switch|p2a: Ferrothorn|Ferrothorn, M|100/100
|move|p1a: Necrozma|Swords Dance|p1a: Necrozma
|-boost|p1a: Necrozma|atk|2
|
|upkeep
|turn|11
|
|move|p1a: Necrozma|Thunder Wave|p2a: Ferrothorn|[miss]
|-miss|p1a: Necrozma|p2a: Ferrothorn
|move|p2a: Ferrothorn|Iron Defense|p2a: Ferrothorn
|-boost|p2a: Ferrothorn|def|2
|
|upkeep
|turn|12
|
|switch|p1a: Zekrom|Zekrom|100/100
|-ability|p1a: Zekrom|Teravolt
|move|p2a: Ferrothorn|Stealth Rock|p1a: Zekrom
|-sidestart|p1: Nakeeb^*!|move: Stealth Rock
|
|upkeep
|turn|13
|
|move|p2a: Ferrothorn|Leech Seed|p1a: Zekrom
|-start|p1a: Zekrom|move: Leech Seed
|move|p1a: Zekrom|Dragon Tail|p2a: Ferrothorn|[miss]
|-miss|p1a: Zekrom|p2a: Ferrothorn
|
|-damage|p1a: Zekrom|88/100|[from] Leech Seed|[of] p2a: Ferrothorn
|upkeep
|turn|14
|l| Problems
|c|☆Nakeeb^*!|lol
|c|☆Magikarp4000|rip
|
|switch|p1a: Lunala|Lunala|100/100
|move|p2a: Ferrothorn|Spikes|p1a: Lunala
|-sidestart|p1: Nakeeb^*!|Spikes
|
|upkeep
|turn|15
|
|move|p1a: Lunala|Thunder Wave|p2a: Ferrothorn
|-status|p2a: Ferrothorn|par
|move|p2a: Ferrothorn|Leech Seed|p1a: Lunala
|-start|p1a: Lunala|move: Leech Seed
|
|-damage|p1a: Lunala|88/100|[from] Leech Seed|[of] p2a: Ferrothorn
|upkeep
|turn|16
|
|move|p1a: Lunala|Hex|p2a: Ferrothorn
|-damage|p2a: Ferrothorn|58/100 par
|move|p2a: Ferrothorn|Spikes|p1a: Lunala
|-sidestart|p1: Nakeeb^*!|Spikes
|
|-damage|p1a: Lunala|76/100|[from] Leech Seed|[of] p2a: Ferrothorn
|-heal|p2a: Ferrothorn|75/100 par|[silent]
|upkeep
|turn|17
|
|move|p1a: Lunala|Hex|p2a: Ferrothorn
|-damage|p2a: Ferrothorn|33/100 par
|move|p2a: Ferrothorn|Spikes|p1a: Lunala
|-sidestart|p1: Nakeeb^*!|Spikes
|
|-damage|p1a: Lunala|63/100|[from] Leech Seed|[of] p2a: Ferrothorn
|-heal|p2a: Ferrothorn|49/100 par|[silent]
|upkeep
|turn|18
|
|switch|p2a: Umbreon|Umbreon, F|100/100
|move|p1a: Lunala|Roost|p1a: Lunala
|-heal|p1a: Lunala|100/100
|-singleturn|p1a: Lunala|move: Roost
|
|-damage|p1a: Lunala|88/100|[from] Leech Seed|[of] p2a: Umbreon
|upkeep
|turn|19
|
|switch|p1a: Mandibuzz|Mandibuzz, F|100/100
|switch|p2a: Hatterene|Hatterene, F|76/100
|
|upkeep
|turn|20
|
|move|p1a: Mandibuzz|U-turn|p2a: Hatterene
|-damage|p2a: Hatterene|62/100
|
|switch|p1a: Necrozma|Necrozma-Dusk-Mane|100/100|[from]move: U-turn
|-damage|p1a: Necrozma|76/100|[from] Spikes
|-damage|p1a: Necrozma|70/100|[from] Stealth Rock
|move|p2a: Hatterene|Dazzling Gleam|p1a: Necrozma
|-resisted|p1a: Necrozma
|-damage|p1a: Necrozma|50/100
|
|-heal|p1a: Necrozma|56/100|[from] item: Leftovers
|upkeep
|turn|21
|
|move|p1a: Necrozma|Sunsteel Strike|p2a: Hatterene
|-supereffective|p2a: Hatterene
|-damage|p2a: Hatterene|0 fnt
|faint|p2a: Hatterene
|
|-heal|p1a: Necrozma|62/100|[from] item: Leftovers
|upkeep
|
|switch|p2a: Dracovish|Dracovish|100/100
|turn|22
|c|☆Magikarp4000|i thought you were gonna sd
|c|☆Nakeeb^*!|same
|
|switch|p1a: Ferrothorn|Ferrothorn, M|100/100
|-damage|p1a: Ferrothorn|75/100|[from] Spikes
|-damage|p1a: Ferrothorn|69/100|[from] Stealth Rock
|move|p2a: Dracovish|Fishious Rend|p1a: Ferrothorn
|-resisted|p1a: Ferrothorn
|-damage|p1a: Ferrothorn|41/100
|-damage|p2a: Dracovish|88/100|[from] ability: Iron Barbs|[of] p1a: Ferrothorn
|
|-heal|p1a: Ferrothorn|47/100|[from] item: Leftovers
|upkeep
|turn|23
|
|switch|p2a: Necrozma|Necrozma-Dusk-Mane|100/100
|move|p1a: Ferrothorn|Spikes|p2a: Necrozma
|-sidestart|p2: Magikarp4000|Spikes
|
|-heal|p1a: Ferrothorn|53/100|[from] item: Leftovers
|upkeep
|turn|24
|
|move|p1a: Ferrothorn|Leech Seed|p2a: Necrozma
|-start|p2a: Necrozma|move: Leech Seed
|move|p2a: Necrozma|Trick Room|p2a: Necrozma
|-fieldstart|move: Trick Room|[of] p2a: Necrozma
|
|-heal|p1a: Ferrothorn|59/100|[from] item: Leftovers
|-damage|p2a: Necrozma|88/100|[from] Leech Seed|[of] p1a: Ferrothorn
|-heal|p1a: Ferrothorn|73/100|[silent]
|upkeep
|turn|25
|
|switch|p2a: Ferrothorn|Ferrothorn, M|49/100 par
|-damage|p2a: Ferrothorn|37/100 par|[from] Spikes
|move|p1a: Ferrothorn|Curse|p1a: Ferrothorn
|-unboost|p1a: Ferrothorn|spe|1
|-boost|p1a: Ferrothorn|atk|1
|-boost|p1a: Ferrothorn|def|1
|
|-heal|p1a: Ferrothorn|79/100|[from] item: Leftovers
|upkeep
|turn|26
|
|cant|p2a: Ferrothorn|par
|move|p1a: Ferrothorn|Spikes|p2a: Ferrothorn
|-sidestart|p2: Magikarp4000|Spikes
|
|-heal|p1a: Ferrothorn|86/100|[from] item: Leftovers
|upkeep
|turn|27
|
|move|p2a: Ferrothorn|Iron Defense|p2a: Ferrothorn
|-boost|p2a: Ferrothorn|def|2
|move|p1a: Ferrothorn|Spikes|p2a: Ferrothorn
|-sidestart|p2: Magikarp4000|Spikes
|
|-heal|p1a: Ferrothorn|92/100|[from] item: Leftovers
|upkeep
|turn|28
|
|move|p2a: Ferrothorn|Leech Seed|p1a: Ferrothorn
|-immune|p1a: Ferrothorn
|move|p1a: Ferrothorn|Curse|p1a: Ferrothorn
|-unboost|p1a: Ferrothorn|spe|1
|-boost|p1a: Ferrothorn|atk|1
|-boost|p1a: Ferrothorn|def|1
|
|-heal|p1a: Ferrothorn|98/100|[from] item: Leftovers
|-fieldend|move: Trick Room
|upkeep
|turn|29
|
|move|p1a: Ferrothorn|Knock Off|p2a: Ferrothorn
|-damage|p2a: Ferrothorn|22/100 par
|-damage|p1a: Ferrothorn|86/100|[from] ability: Iron Barbs|[of] p2a: Ferrothorn
|-damage|p1a: Ferrothorn|69/100|[from] item: Rocky Helmet|[of] p2a: Ferrothorn
|-enditem|p2a: Ferrothorn|Rocky Helmet|[from] move: Knock Off|[of] p1a: Ferrothorn
|move|p2a: Ferrothorn|Iron Defense|p2a: Ferrothorn
|-boost|p2a: Ferrothorn|def|2
|
|-heal|p1a: Ferrothorn|75/100|[from] item: Leftovers
|upkeep
|turn|30
|c|☆Magikarp4000|darn
|c|☆Magikarp4000|i thought lunala
|c|☆Nakeeb^*!|lolol
|
|move|p1a: Ferrothorn|Knock Off|p2a: Ferrothorn
|-crit|p2a: Ferrothorn
|-damage|p2a: Ferrothorn|0 fnt
|-damage|p1a: Ferrothorn|63/100|[from] ability: Iron Barbs|[of] p2a: Ferrothorn
|faint|p2a: Ferrothorn
|
|-heal|p1a: Ferrothorn|69/100|[from] item: Leftovers
|upkeep
|c|☆Nakeeb^*!|oof
|c|☆Magikarp4000|owowowo
|c| FloorBoss69|niche crit
|
|switch|p2a: Necrozma|Necrozma-Dusk-Mane|88/100
|-damage|p2a: Necrozma|63/100|[from] Spikes
|turn|31
|c| FloorBoss69|ferro walls necro
|
|move|p2a: Necrozma|Swords Dance|p2a: Necrozma
|-boost|p2a: Necrozma|atk|2
|move|p1a: Ferrothorn|Leech Seed|p2a: Necrozma
|-start|p2a: Necrozma|move: Leech Seed
|
|-heal|p2a: Necrozma|69/100|[from] item: Leftovers
|-heal|p1a: Ferrothorn|75/100|[from] item: Leftovers
|-damage|p2a: Necrozma|57/100|[from] Leech Seed|[of] p1a: Ferrothorn
|-heal|p1a: Ferrothorn|89/100|[silent]
|upkeep
|turn|32
|c|☆Magikarp4000|i dont have
|c|☆Magikarp4000|anything else
|c|☆Nakeeb^*!|lol
|c|☆Magikarp4000|yea ik ferro walls necro
|
|move|p2a: Necrozma|Photon Geyser|p1a: Ferrothorn
|-resisted|p1a: Ferrothorn
|-damage|p1a: Ferrothorn|72/100
|move|p1a: Ferrothorn|Knock Off|p2a: Necrozma
|-supereffective|p2a: Necrozma
|-damage|p2a: Necrozma|14/100
|-enditem|p2a: Necrozma|Leftovers|[from] move: Knock Off|[of] p1a: Ferrothorn
|
|-heal|p1a: Ferrothorn|78/100|[from] item: Leftovers
|-damage|p2a: Necrozma|2/100|[from] Leech Seed|[of] p1a: Ferrothorn
|-heal|p1a: Ferrothorn|92/100|[silent]
|upkeep
|turn|33
|
|switch|p2a: Toxapex|Toxapex, M|100/100
|-damage|p2a: Toxapex|75/100|[from] Spikes
|move|p1a: Ferrothorn|Curse|p1a: Ferrothorn
|-unboost|p1a: Ferrothorn|spe|1
|-boost|p1a: Ferrothorn|atk|1
|-boost|p1a: Ferrothorn|def|1
|
|-heal|p2a: Toxapex|82/100|[from] item: Leftovers
|-heal|p1a: Ferrothorn|98/100|[from] item: Leftovers
|upkeep
|turn|34
|c|☆Magikarp4000|welp
|c|☆Magikarp4000|gg
|
|move|p2a: Toxapex|Haze|p2a: Toxapex
|-clearallboost
|move|p1a: Ferrothorn|Knock Off|p2a: Toxapex
|-damage|p2a: Toxapex|68/100
|-enditem|p2a: Toxapex|Leftovers|[from] move: Knock Off|[of] p1a: Ferrothorn
|
|-heal|p1a: Ferrothorn|100/100|[from] item: Leftovers
|upkeep
|turn|35
|c| FloorBoss69|i change my mind curse ferro is stronker
|
|move|p2a: Toxapex|Recover|p2a: Toxapex
|-heal|p2a: Toxapex|100/100
|move|p1a: Ferrothorn|Leech Seed|p2a: Toxapex
|-start|p2a: Toxapex|move: Leech Seed
|
|-damage|p2a: Toxapex|88/100|[from] Leech Seed|[of] p1a: Ferrothorn
|upkeep
|turn|36
|
|switch|p2a: Umbreon|Umbreon, F|100/100
|-damage|p2a: Umbreon|76/100|[from] Spikes
|switch|p1a: Zekrom|Zekrom|88/100
|-damage|p1a: Zekrom|63/100|[from] Spikes
|-damage|p1a: Zekrom|51/100|[from] Stealth Rock
|-ability|p1a: Zekrom|Teravolt
|
|-heal|p1a: Zekrom|57/100|[from] item: Leftovers
|-heal|p2a: Umbreon|82/100|[from] item: Leftovers
|upkeep
|turn|37
|
|move|p1a: Zekrom|Thunder Wave|p2a: Umbreon
|-status|p2a: Umbreon|par
|-activate|p2a: Umbreon|ability: Synchronize
|-immune|p1a: Zekrom
|move|p2a: Umbreon|Wish|p2a: Umbreon
|
|-heal|p1a: Zekrom|63/100|[from] item: Leftovers
|-heal|p2a: Umbreon|88/100 par|[from] item: Leftovers
|upkeep
|turn|38
|
|move|p2a: Umbreon|Heal Bell|p2a: Umbreon
|-activate|p2a: Umbreon|move: Heal Bell
|-curestatus|p2a: Umbreon|par|[msg]
|move|p1a: Zekrom|Dragon Tail|p2a: Umbreon
|-crit|p2a: Umbreon
|-damage|p2a: Umbreon|52/100
|drag|p2a: Dracovish|Dracovish|88/100
|-damage|p2a: Dracovish|63/100|[from] Spikes
|
|-heal|p2a: Dracovish|100/100|[from] move: Wish|[wisher] Umbreon
|-heal|p1a: Zekrom|69/100|[from] item: Leftovers
|upkeep
|turn|39
|
|switch|p1a: Ferrothorn|Ferrothorn, M|100/100
|-damage|p1a: Ferrothorn|75/100|[from] Spikes
|-damage|p1a: Ferrothorn|69/100|[from] Stealth Rock
|move|p2a: Dracovish|Outrage|p1a: Ferrothorn
|-resisted|p1a: Ferrothorn
|-damage|p1a: Ferrothorn|55/100
|-damage|p2a: Dracovish|88/100|[from] ability: Iron Barbs|[of] p1a: Ferrothorn
|
|-heal|p1a: Ferrothorn|61/100|[from] item: Leftovers
|upkeep
|turn|40
|
|move|p2a: Dracovish|Outrage|p1a: Ferrothorn|[from]lockedmove
|-resisted|p1a: Ferrothorn
|-damage|p1a: Ferrothorn|47/100
|-damage|p2a: Dracovish|76/100|[from] ability: Iron Barbs|[of] p1a: Ferrothorn
|-start|p2a: Dracovish|confusion|[fatigue]
|move|p1a: Ferrothorn|Knock Off|p2a: Dracovish
|-damage|p2a: Dracovish|52/100
|-enditem|p2a: Dracovish|Choice Scarf|[from] move: Knock Off|[of] p1a: Ferrothorn
|
|-heal|p1a: Ferrothorn|54/100|[from] item: Leftovers
|upkeep
|turn|41
|c|☆Magikarp4000|see ^^
|c| FloorBoss69|ohhhhhhhh
|c|☆Magikarp4000|i dont use t room on vish
|c|☆Magikarp4000|xd
|c|☆Magikarp4000|because
|c|☆Magikarp4000|cant risk switching in
|
|-activate|p2a: Dracovish|confusion
|move|p2a: Dracovish|Earthquake|p1a: Ferrothorn
|-damage|p1a: Ferrothorn|36/100
|move|p1a: Ferrothorn|Leech Seed|p2a: Dracovish
|-start|p2a: Dracovish|move: Leech Seed
|
|-heal|p1a: Ferrothorn|43/100|[from] item: Leftovers
|-damage|p2a: Dracovish|39/100|[from] Leech Seed|[of] p1a: Ferrothorn
|-heal|p1a: Ferrothorn|54/100|[silent]
|upkeep
|turn|42
|
|switch|p2a: Umbreon|Umbreon, F|52/100
|-damage|p2a: Umbreon|27/100|[from] Spikes
|move|p1a: Ferrothorn|Curse|p1a: Ferrothorn
|-unboost|p1a: Ferrothorn|spe|1
|-boost|p1a: Ferrothorn|atk|1
|-boost|p1a: Ferrothorn|def|1
|
|-heal|p2a: Umbreon|33/100|[from] item: Leftovers
|-heal|p1a: Ferrothorn|60/100|[from] item: Leftovers
|upkeep
|turn|43
|inactive|Battle timer is ON: inactive players will automatically lose when time's up. (requested by Nakeeb^*!)
|inactive|Magikarp4000 has 120 seconds left.
|
|move|p2a: Umbreon|Wish|p2a: Umbreon
|move|p1a: Ferrothorn|Knock Off|p2a: Umbreon
|-resisted|p2a: Umbreon
|-damage|p2a: Umbreon|20/100
|-enditem|p2a: Umbreon|Leftovers|[from] move: Knock Off|[of] p1a: Ferrothorn
|
|-heal|p1a: Ferrothorn|66/100|[from] item: Leftovers
|upkeep
|turn|44
|
|switch|p1a: Togekiss|Togekiss, M|100/100
|-damage|p1a: Togekiss|76/100|[from] Stealth Rock
|move|p2a: Umbreon|Protect||[still]
|-fail|p2a: Umbreon
|
|-heal|p2a: Umbreon|70/100|[from] move: Wish|[wisher] Umbreon
|-heal|p1a: Togekiss|82/100|[from] item: Leftovers
|upkeep
|turn|45
|j| Charuru
|inactive|Magikarp4000 has 120 seconds left.
|c|☆Nakeeb^*!|bro
|c|☆Nakeeb^*!|click
|inactive|Magikarp4000 has 90 seconds left.
|c| FloorBoss69|nicely done nakeeb
|c|☆Nakeeb^*!|ok
|inactive|Magikarp4000 has 60 seconds left.
|inactive|Magikarp4000 has 30 seconds left.
|inactive|Magikarp4000 has 20 seconds left.
|inactive|Magikarp4000 has 15 seconds left.
|inactive|Magikarp4000 has 10 seconds left.
|inactive|Magikarp4000 has 5 seconds left.
|-message|Magikarp4000 lost due to inactivity.
|
|win|Nakeeb^*!
