|j|☆The Divine Dabsol
|j|☆snakey77
|t:|1631579293
|gametype|singles
|player|p1|The Divine Dabsol|policeman-gen4|
|player|p2|snakey77|170|
|teamsize|p1|6
|teamsize|p2|6
|gen|8
|tier|[Gen 8] Ubers
|rated|Tournament battle
|rule|Sleep Clause Mod: Limit one foe put to sleep
|rule|Species Clause: Limit one of each Pokémon
|rule|OHKO Clause: OHKO moves are banned
|rule|Evasion Moves Clause: Evasion moves are banned
|rule|Endless Battle Clause: Forcing endless battles is banned
|rule|HP Percentage Mod: HP is shown in percentages
|rule|Dynamax Clause: You cannot dynamax
|clearpoke
|poke|p1|Shuckle, M|
|poke|p1|Yveltal|
|poke|p1|Necrozma-Dusk-Mane|
|poke|p1|Calyrex-Shadow|
|poke|p1|Groudon|
|poke|p1|Weavile, M|
|poke|p2|Zamazenta-*|
|poke|p2|Zygarde|
|poke|p2|Tapu Bulu|
|poke|p2|Kyogre|
|poke|p2|Zarude|
|poke|p2|Necrozma-Dusk-Mane|
|teampreview
|j|+plat27
|
|t:|1631579318
|start
|switch|p1a: Autumn Comes|Shuckle, M|100/100
|switch|p2a: Necrozma|Necrozma-Dusk-Mane|100/100
|turn|1
|
|t:|1631579325
|move|p2a: Necrozma|Stealth Rock|p1a: Autumn Comes
|-sidestart|p1: The Divine Dabsol|move: Stealth Rock
|move|p1a: Autumn Comes|Sticky Web|p2a: Necrozma
|-sidestart|p2: snakey77|move: Sticky Web
|
|upkeep
|turn|2
|
|t:|1631579334
|move|p2a: Necrozma|Sunsteel Strike|p1a: Autumn Comes
|-supereffective|p1a: Autumn Comes
|-damage|p1a: Autumn Comes|46/100
|move|p1a: Autumn Comes|Stealth Rock|p2a: Necrozma
|-sidestart|p2: snakey77|move: Stealth Rock
|
|upkeep
|turn|3
|
|t:|1631579337
|move|p2a: Necrozma|Sunsteel Strike|p1a: Autumn Comes
|-supereffective|p1a: Autumn Comes
|-damage|p1a: Autumn Comes|0 fnt
|faint|p1a: Autumn Comes
|
|upkeep
|l|+plat27
|
|t:|1631579362
|switch|p1a: The summer|Groudon|100/100
|-damage|p1a: The summer|94/100|[from] Stealth Rock
|-weather|SunnyDay|[from] ability: Drought|[of] p1a: The summer
|turn|4
|
|t:|1631579374
|switch|p2a: Tapu Bulu|Tapu Bulu|100/100
|-activate|p2a: Tapu Bulu|move: Sticky Web
|-unboost|p2a: Tapu Bulu|spe|1
|-damage|p2a: Tapu Bulu|88/100|[from] Stealth Rock
|-fieldstart|move: Grassy Terrain|[from] ability: Grassy Surge|[of] p2a: Tapu Bulu
|move|p1a: The summer|Swords Dance|p1a: The summer
|-boost|p1a: The summer|atk|2
|
|-weather|SunnyDay|[upkeep]
|-heal|p1a: The summer|100/100|[from] Grassy Terrain
|-heal|p2a: Tapu Bulu|94/100|[from] Grassy Terrain
|upkeep
|turn|5
|
|t:|1631579398
|switch|p1a: Not yet|Necrozma-Dusk-Mane|100/100
|-damage|p1a: Not yet|95/100|[from] Stealth Rock
|switch|p2a: Zygarde|Zygarde|100/100
|-activate|p2a: Zygarde|move: Sticky Web
|-unboost|p2a: Zygarde|spe|1
|-damage|p2a: Zygarde|94/100|[from] Stealth Rock
|
|-weather|SunnyDay|[upkeep]
|-heal|p1a: Not yet|100/100|[from] Grassy Terrain
|-heal|p2a: Zygarde|100/100|[from] Grassy Terrain
|upkeep
|turn|6
|j|+plat27
|
|t:|1631579404
|move|p1a: Not yet|Sunsteel Strike|p2a: Zygarde
|-damage|p2a: Zygarde|40/100
|-damage|p1a: Not yet|91/100|[from] item: Life Orb
|move|p2a: Zygarde|Substitute|p2a: Zygarde
|-start|p2a: Zygarde|Substitute
|-damage|p2a: Zygarde|15/100
|
|-weather|SunnyDay|[upkeep]
|-heal|p1a: Not yet|97/100|[from] Grassy Terrain
|-heal|p2a: Zygarde|21/100|[from] Grassy Terrain
|-heal|p2a: Zygarde|27/100|[from] item: Leftovers
|-activate|p2a: Zygarde|ability: Power Construct
|detailschange|p2a: Zygarde|Zygarde-Complete
|-heal|p2a: Zygarde|55/100|[silent]
|upkeep
|turn|7
|
|t:|1631579410
|move|p1a: Not yet|Sunsteel Strike|p2a: Zygarde
|-end|p2a: Zygarde|Substitute
|-damage|p1a: Not yet|87/100|[from] item: Life Orb
|move|p2a: Zygarde|Dragon Dance|p2a: Zygarde
|-boost|p2a: Zygarde|atk|1
|-boost|p2a: Zygarde|spe|1
|
|-weather|SunnyDay|[upkeep]
|-heal|p1a: Not yet|93/100|[from] Grassy Terrain
|-heal|p2a: Zygarde|61/100|[from] Grassy Terrain
|-heal|p2a: Zygarde|67/100|[from] item: Leftovers
|upkeep
|turn|8
|
|t:|1631579420
|move|p1a: Not yet|Sunsteel Strike|p2a: Zygarde
|-damage|p2a: Zygarde|30/100
|-damage|p1a: Not yet|83/100|[from] item: Life Orb
|move|p2a: Zygarde|Dragon Dance|p2a: Zygarde
|-boost|p2a: Zygarde|atk|1
|-boost|p2a: Zygarde|spe|1
|
|-weather|none
|-heal|p2a: Zygarde|37/100|[from] Grassy Terrain
|-heal|p2a: Zygarde|43/100|[from] item: Leftovers
|-heal|p1a: Not yet|89/100|[from] Grassy Terrain
|upkeep
|turn|9
|j| Clefan
|
|t:|1631579435
|move|p2a: Zygarde|Dragon Dance|p2a: Zygarde
|-boost|p2a: Zygarde|atk|1
|-boost|p2a: Zygarde|spe|1
|move|p1a: Not yet|Sunsteel Strike|p2a: Zygarde
|-damage|p2a: Zygarde|7/100
|-damage|p1a: Not yet|79/100|[from] item: Life Orb
|
|-heal|p2a: Zygarde|13/100|[from] Grassy Terrain
|-heal|p2a: Zygarde|20/100|[from] item: Leftovers
|-heal|p1a: Not yet|85/100|[from] Grassy Terrain
|upkeep
|turn|10
|
|t:|1631579442
|move|p2a: Zygarde|Thousand Arrows|p1a: Not yet
|-supereffective|p1a: Not yet
|-damage|p1a: Not yet|0 fnt
|faint|p1a: Not yet
|
|-heal|p2a: Zygarde|26/100|[from] Grassy Terrain
|-heal|p2a: Zygarde|32/100|[from] item: Leftovers
|upkeep
|
|t:|1631579450
|switch|p1a: Passing By|Weavile, M|100/100
|-damage|p1a: Passing By|76/100|[from] Stealth Rock
|-ability|p1a: Passing By|Pressure
|turn|11
|
|t:|1631579462
|switch|p2a: Zamazenta|Zamazenta-Crowned|100/100
|-damage|p2a: Zamazenta|98/100|[from] Stealth Rock
|-activate|p2a: Zamazenta|move: Sticky Web
|-unboost|p2a: Zamazenta|spe|1
|-ability|p2a: Zamazenta|Dauntless Shield|boost
|-boost|p2a: Zamazenta|def|1
|move|p1a: Passing By|Ice Shard|p2a: Zamazenta
|-resisted|p2a: Zamazenta
|-damage|p2a: Zamazenta|92/100
|-damage|p1a: Passing By|66/100|[from] item: Life Orb
|
|-heal|p1a: Passing By|72/100|[from] Grassy Terrain
|-heal|p2a: Zamazenta|98/100|[from] Grassy Terrain
|-fieldend|move: Grassy Terrain
|upkeep
|turn|12
|
|t:|1631579495
|switch|p1a: When you're|Yveltal|100/100
|-ability|p1a: When you're|Dark Aura
|move|p2a: Zamazenta|Substitute|p2a: Zamazenta
|-start|p2a: Zamazenta|Substitute
|-damage|p2a: Zamazenta|73/100
|
|upkeep
|turn|13
|
|t:|1631579508
|move|p1a: When you're|Taunt|p2a: Zamazenta
|-start|p2a: Zamazenta|move: Taunt
|move|p2a: Zamazenta|Close Combat|p1a: When you're
|-damage|p1a: When you're|49/100
|-unboost|p2a: Zamazenta|def|1
|-unboost|p2a: Zamazenta|spd|1
|
|upkeep
|turn|14
|
|t:|1631579523
|move|p1a: When you're|Roost|p1a: When you're
|-heal|p1a: When you're|99/100
|-singleturn|p1a: When you're|move: Roost
|move|p2a: Zamazenta|Close Combat|p1a: When you're
|-supereffective|p1a: When you're
|-damage|p1a: When you're|0 fnt
|-unboost|p2a: Zamazenta|def|1
|-unboost|p2a: Zamazenta|spd|1
|faint|p1a: When you're
|
|upkeep
|
|t:|1631579528
|switch|p1a: Done with|Calyrex-Shadow|100/100
|-ability|p1a: Done with|As One
|-ability|p1a: Done with|Unnerve
|-damage|p1a: Done with|88/100|[from] Stealth Rock
|turn|15
|j| Rafinha.F
|
|t:|1631579538
|move|p1a: Done with|Astral Barrage|p2a: Zamazenta
|-end|p2a: Zamazenta|Substitute
|move|p2a: Zamazenta|Behemoth Bash|p1a: Done with
|-damage|p1a: Done with|18/100
|
|-end|p2a: Zamazenta|move: Taunt
|upkeep
|turn|16
|
|t:|1631579552
|switch|p2a: Zarude|Zarude|100/100
|-activate|p2a: Zarude|move: Sticky Web
|-unboost|p2a: Zarude|spe|1
|-damage|p2a: Zarude|88/100|[from] Stealth Rock
|move|p1a: Done with|Astral Barrage|p2a: Zarude
|-resisted|p2a: Zarude
|-damage|p2a: Zarude|57/100
|
|-heal|p2a: Zarude|63/100|[from] item: Leftovers
|upkeep
|turn|17
|
|t:|1631579559
|move|p1a: Done with|Astral Barrage|p2a: Zarude
|-resisted|p2a: Zarude
|-damage|p2a: Zarude|31/100
|move|p2a: Zarude|Darkest Lariat|p1a: Done with
|-supereffective|p1a: Done with
|-damage|p1a: Done with|0 fnt
|faint|p1a: Done with
|
|-heal|p2a: Zarude|37/100|[from] item: Leftovers
|upkeep
|
|t:|1631579562
|switch|p1a: Passing By|Weavile, M|72/100
|-damage|p1a: Passing By|47/100|[from] Stealth Rock
|-ability|p1a: Passing By|Pressure
|turn|18
|
|t:|1631579590
|switch|p2a: Zamazenta|Zamazenta-Crowned|73/100
|-damage|p2a: Zamazenta|70/100|[from] Stealth Rock
|-activate|p2a: Zamazenta|move: Sticky Web
|-unboost|p2a: Zamazenta|spe|1
|-ability|p2a: Zamazenta|Dauntless Shield|boost
|-boost|p2a: Zamazenta|def|1
|move|p1a: Passing By|Triple Axel|p2a: Zamazenta
|-resisted|p2a: Zamazenta
|-damage|p2a: Zamazenta|67/100
|-resisted|p2a: Zamazenta
|-damage|p2a: Zamazenta|61/100
|-resisted|p2a: Zamazenta
|-damage|p2a: Zamazenta|51/100
|-hitcount|p2a: Zamazenta|3
|-damage|p1a: Passing By|37/100|[from] item: Life Orb
|
|upkeep
|turn|19
|
|t:|1631579605
|move|p1a: Passing By|Swords Dance|p1a: Passing By
|-boost|p1a: Passing By|atk|2
|move|p2a: Zamazenta|Substitute|p2a: Zamazenta
|-start|p2a: Zamazenta|Substitute
|-damage|p2a: Zamazenta|26/100
|
|upkeep
|turn|20
|
|t:|1631579611
|move|p1a: Passing By|Triple Axel|p2a: Zamazenta
|-resisted|p2a: Zamazenta
|-activate|p2a: Zamazenta|move: Substitute|[damage]
|-resisted|p2a: Zamazenta
|-activate|p2a: Zamazenta|move: Substitute|[damage]
|-resisted|p2a: Zamazenta
|-end|p2a: Zamazenta|Substitute
|-hitcount|p2a: Zamazenta|3
|-damage|p1a: Passing By|27/100|[from] item: Life Orb
|move|p2a: Zamazenta|Behemoth Bash|p1a: Passing By
|-supereffective|p1a: Passing By
|-damage|p1a: Passing By|0 fnt
|faint|p1a: Passing By
|
|upkeep
|
|t:|1631579613
|switch|p1a: The summer|Groudon|100/100
|-damage|p1a: The summer|94/100|[from] Stealth Rock
|-weather|SunnyDay|[from] ability: Drought|[of] p1a: The summer
|turn|21
|
|t:|1631579616
|move|p1a: The summer|Swords Dance|p1a: The summer
|-boost|p1a: The summer|atk|2
|move|p2a: Zamazenta|Close Combat|p1a: The summer
|-damage|p1a: The summer|40/100
|-unboost|p2a: Zamazenta|def|1
|-unboost|p2a: Zamazenta|spd|1
|
|-weather|SunnyDay|[upkeep]
|upkeep
|turn|22
|
|t:|1631579629
|move|p1a: The summer|Precipice Blades|p2a: Zamazenta
|-supereffective|p2a: Zamazenta
|-damage|p2a: Zamazenta|0 fnt
|faint|p2a: Zamazenta
|-damage|p1a: The summer|30/100|[from] item: Life Orb
|
|-weather|SunnyDay|[upkeep]
|upkeep
|
|t:|1631579632
|switch|p2a: Tapu Bulu|Tapu Bulu|94/100
|-activate|p2a: Tapu Bulu|move: Sticky Web
|-unboost|p2a: Tapu Bulu|spe|1
|-damage|p2a: Tapu Bulu|82/100|[from] Stealth Rock
|-fieldstart|move: Grassy Terrain|[from] ability: Grassy Surge|[of] p2a: Tapu Bulu
|turn|23
|l| Rafinha.F
|
|t:|1631579634
|move|p1a: The summer|Stone Edge|p2a: Tapu Bulu
|-damage|p2a: Tapu Bulu|11/100
|-damage|p1a: The summer|20/100|[from] item: Life Orb
|move|p2a: Tapu Bulu|Horn Leech|p1a: The summer
|-supereffective|p1a: The summer
|-damage|p1a: The summer|0 fnt
|-heal|p2a: Tapu Bulu|21/100|[from] drain|[of] p1a: The summer
|faint|p1a: The summer
|
|win|snakey77
|n|☆The Divine Dabsol|thedivinedabsol
|n|☆snakey77|snakey77
|n| plat27|plat27
|n| Clefan|clefan
