|j|☆NotLucienLim
|j|☆TheGrassToucher
|t:|1664862828
|gametype|singles
|player|p1|NotLucienLim|backers|1525
|player|p2|TheGrassToucher|pokemaniac|1566
|teamsize|p1|6
|teamsize|p2|6
|gen|8
|tier|[Gen 8] Ubers
|rated|
|rule|Sleep Clause Mod: Limit one foe put to sleep
|rule|Species Clause: Limit one of each Pokémon
|rule|OHKO Clause: OHKO moves are banned
|rule|Evasion Items Clause: Evasion items are banned
|rule|Evasion Moves Clause: Evasion moves are banned
|rule|Endless Battle Clause: Forcing endless battles is banned
|rule|HP Percentage Mod: HP is shown in percentages
|rule|Dynamax Clause: You cannot dynamax
|clearpoke
|poke|p1|Kyogre|
|poke|p1|Groudon|
|poke|p1|Necrozma-Dusk-Mane|
|poke|p1|Giratina-Origin|
|poke|p1|Yveltal|
|poke|p1|Eternatus|
|poke|p2|Zekrom|
|poke|p2|Necrozma-Dusk-Mane|
|poke|p2|Xerneas-*|
|poke|p2|Yveltal|
|poke|p2|Blissey, F|
|poke|p2|Groudon|
|teampreview
|inactive|Battle timer is ON: inactive players will automatically lose when time's up. (requested by TheGrassToucher)
|
|t:|1664862845
|start
|switch|p1a: Winnie the Pooh!|Groudon, shiny|100/100
|switch|p2a: Xerneas|Xerneas|100/100
|-ability|p2a: Xerneas|Fairy Aura
|-weather|SunnyDay|[from] ability: Drought|[of] p1a: Winnie the Pooh!
|turn|1
|
|t:|1664862855
|move|p2a: Xerneas|Moonblast|p1a: Winnie the Pooh!
|-damage|p1a: Winnie the Pooh!|50/100
|-unboost|p1a: Winnie the Pooh!|spa|1
|move|p1a: Winnie the Pooh!|Roar|p2a: Xerneas
|drag|p2a: Groudon|Groudon|100/100
|
|-weather|SunnyDay|[upkeep]
|-heal|p1a: Winnie the Pooh!|56/100|[from] item: Leftovers
|upkeep
|turn|2
|
|t:|1664862860
|move|p2a: Groudon|Stealth Rock|p1a: Winnie the Pooh!
|-sidestart|p1: NotLucienLim|move: Stealth Rock
|move|p1a: Winnie the Pooh!|Stealth Rock|p2a: Groudon
|-sidestart|p2: TheGrassToucher|move: Stealth Rock
|
|-weather|SunnyDay|[upkeep]
|-heal|p1a: Winnie the Pooh!|62/100|[from] item: Leftovers
|upkeep
|turn|3
|
|t:|1664862871
|move|p2a: Groudon|Precipice Blades|p1a: Winnie the Pooh!
|-damage|p1a: Winnie the Pooh!|25/100
|move|p1a: Winnie the Pooh!|Roar|p2a: Groudon
|drag|p2a: Zekrom|Zekrom|100/100
|-damage|p2a: Zekrom|88/100|[from] Stealth Rock
|-ability|p2a: Zekrom|Teravolt
|
|-weather|SunnyDay|[upkeep]
|-heal|p1a: Winnie the Pooh!|31/100|[from] item: Leftovers
|upkeep
|turn|4
|
|t:|1664862879
|switch|p2a: Xerneas|Xerneas|100/100
|-ability|p2a: Xerneas|Fairy Aura
|move|p1a: Winnie the Pooh!|Earthquake|p2a: Xerneas
|-damage|p2a: Xerneas|65/100
|
|-weather|SunnyDay|[upkeep]
|-heal|p1a: Winnie the Pooh!|37/100|[from] item: Leftovers
|upkeep
|turn|5
|
|t:|1664862886
|switch|p1a: THE Donald.|Necrozma-Dusk-Mane, shiny|100/100
|-damage|p1a: THE Donald.|94/100|[from] Stealth Rock
|move|p2a: Xerneas|Defog|p1a: THE Donald.
|-unboost|p1a: THE Donald.|evasion|1
|-sideend|p1: NotLucienLim|Stealth Rock|[from] move: Defog|[of] p2a: Xerneas
|-sideend|p2: TheGrassToucher|Stealth Rock|[from] move: Defog|[of] p2a: Xerneas
|
|-weather|none
|upkeep
|turn|6
|
|t:|1664862889
|switch|p2a: Groudon|Groudon|100/100
|-weather|SunnyDay|[from] ability: Drought|[of] p2a: Groudon
|move|p1a: THE Donald.|Dragon Dance|p1a: THE Donald.
|-boost|p1a: THE Donald.|atk|1
|-boost|p1a: THE Donald.|spe|1
|
|-weather|SunnyDay|[upkeep]
|upkeep
|turn|7
|j| zanber
|
|t:|1664862895
|move|p1a: THE Donald.|Dragon Dance|p1a: THE Donald.
|-boost|p1a: THE Donald.|atk|1
|-boost|p1a: THE Donald.|spe|1
|move|p2a: Groudon|Thunder Wave|p1a: THE Donald.
|-status|p1a: THE Donald.|par
|
|-weather|SunnyDay|[upkeep]
|upkeep
|turn|8
|
|t:|1664862900
|move|p1a: THE Donald.|Sunsteel Strike|p2a: Groudon
|-damage|p2a: Groudon|45/100
|move|p2a: Groudon|Stealth Rock|p1a: THE Donald.
|-sidestart|p1: NotLucienLim|move: Stealth Rock
|
|-weather|SunnyDay|[upkeep]
|-heal|p2a: Groudon|51/100|[from] item: Leftovers
|upkeep
|turn|9
|
|t:|1664862914
|move|p1a: THE Donald.|Sunsteel Strike|p2a: Groudon
|-damage|p2a: Groudon|0 fnt
|faint|p2a: Groudon
|
|-weather|SunnyDay|[upkeep]
|upkeep
|
|t:|1664862919
|switch|p2a: Yveltal|Yveltal|100/100
|-ability|p2a: Yveltal|Dark Aura
|turn|10
|
|t:|1664862923
|move|p2a: Yveltal|Foul Play|p1a: THE Donald.
|-supereffective|p1a: THE Donald.
|-damage|p1a: THE Donald.|0 fnt
|faint|p1a: THE Donald.
|
|-weather|none
|upkeep
|
|t:|1664862935
|switch|p1a: Kimmy J Un <3|Kyogre, shiny|100/100
|-damage|p1a: Kimmy J Un <3|88/100|[from] Stealth Rock
|-weather|RainDance|[from] ability: Drizzle|[of] p1a: Kimmy J Un <3
|turn|11
|inactive|TheGrassToucher has 120 seconds left.
|
|t:|1664862967
|switch|p1a: Ashley Tisdale|Yveltal, shiny|100/100
|-damage|p1a: Ashley Tisdale|75/100|[from] Stealth Rock
|-ability|p1a: Ashley Tisdale|Dark Aura
|move|p2a: Yveltal|Foul Play|p1a: Ashley Tisdale
|-resisted|p1a: Ashley Tisdale
|-damage|p1a: Ashley Tisdale|47/100
|
|-weather|RainDance|[upkeep]
|upkeep
|turn|12
|c| zanber|gogoggo
|c|☆TheGrassToucher|wha?
|inactive|NotLucienLim has 120 seconds left.
|c| zanber|im spectator
|c|☆TheGrassToucher|oh lol
|c|☆TheGrassToucher|i think i lost to this guy like 5 mins ago
|inactive|NotLucienLim has 90 seconds left.
|c|☆TheGrassToucher|in a good position now tho B)
|
|t:|1664863031
|move|p2a: Yveltal|Foul Play|p1a: Ashley Tisdale
|-resisted|p1a: Ashley Tisdale
|-damage|p1a: Ashley Tisdale|18/100
|move|p1a: Ashley Tisdale|Knock Off|p2a: Yveltal
|-resisted|p2a: Yveltal
|-damage|p2a: Yveltal|55/100
|-enditem|p2a: Yveltal|Choice Scarf|[from] move: Knock Off|[of] p1a: Ashley Tisdale
|-damage|p1a: Ashley Tisdale|8/100|[from] item: Life Orb
|
|-weather|RainDance|[upkeep]
|upkeep
|turn|13
|c| zanber|oh
|
|t:|1664863036
|move|p2a: Yveltal|Oblivion Wing|p1a: Ashley Tisdale
|-damage|p1a: Ashley Tisdale|0 fnt
|-heal|p2a: Yveltal|62/100|[from] drain|[of] p1a: Ashley Tisdale
|faint|p1a: Ashley Tisdale
|
|-weather|RainDance|[upkeep]
|upkeep
|c|☆NotLucienLim|testing teams
|c|☆NotLucienLim|:3
|inactive|NotLucienLim has 90 seconds left.
|
|t:|1664863048
|switch|p1a: uwu|Giratina-Origin, shiny|100/100
|-damage|p1a: uwu|88/100|[from] Stealth Rock
|turn|14
|-message|NotLucienLim forfeited.
|
|win|TheGrassToucher
|raw|NotLucienLim's rating: 1493 &rarr; <strong>1477</strong><br />(-16 for losing)
|raw|TheGrassToucher's rating: 1566 &rarr; <strong>1582</strong><br />(+16 for winning)
|l|☆NotLucienLim
|c|☆TheGrassToucher|i copied this froma  link
|c| zanber|i have 1000 elo:)
|c|☆TheGrassToucher|oop
|c|☆TheGrassToucher|ggs
|c|☆TheGrassToucher|zanber wanna fight hehe
