|j|☆Ashward
|j|☆TogeBirlHQ
|t:|1659738907
|gametype|singles
|player|p1|Ashward|102|1470
|player|p2|TogeBirlHQ|266|1572
|teamsize|p1|6
|teamsize|p2|6
|gen|8
|tier|[Gen 8] Ubers
|rated|
|rule|Sleep Clause Mod: Limit one foe put to sleep
|rule|Species Clause: Limit one of each Pokémon
|rule|OHKO Clause: OHKO moves are banned
|rule|Evasion Items Clause: Evasion items are banned
|rule|Evasion Moves Clause: Evasion moves are banned
|rule|Endless Battle Clause: Forcing endless battles is banned
|rule|HP Percentage Mod: HP is shown in percentages
|rule|Dynamax Clause: You cannot dynamax
|clearpoke
|poke|p1|Marshadow|
|poke|p1|Yveltal|
|poke|p1|Eternatus|
|poke|p1|Kyogre|
|poke|p1|Necrozma-Dusk-Mane|
|poke|p1|Xerneas-*|
|poke|p2|Urshifu-*, M|
|poke|p2|Calyrex-Shadow|
|poke|p2|Eternatus|
|poke|p2|Necrozma-Dusk-Mane|
|poke|p2|Yveltal|
|poke|p2|Ho-Oh|
|teampreview
|
|t:|1659738913
|start
|switch|p1a: Kyogre|Kyogre|100/100
|switch|p2a: Eternatus|Eternatus|100/100
|-weather|RainDance|[from] ability: Drizzle|[of] p1a: Kyogre
|-ability|p2a: Eternatus|Pressure
|turn|1
|
|t:|1659738920
|move|p1a: Kyogre|Thunder Wave|p2a: Eternatus
|-status|p2a: Eternatus|par
|move|p2a: Eternatus|Mystical Fire|p1a: Kyogre
|-resisted|p1a: Kyogre
|-damage|p1a: Kyogre|97/100
|-unboost|p1a: Kyogre|spa|1
|
|-weather|RainDance|[upkeep]
|upkeep
|turn|2
|
|t:|1659738955
|switch|p1a: Necrozma|Necrozma-Dusk-Mane|100/100
|switch|p2a: Yveltal|Yveltal|100/100
|-ability|p2a: Yveltal|Dark Aura
|
|-weather|RainDance|[upkeep]
|upkeep
|turn|3
|
|t:|1659738967
|switch|p1a: Yveltal|Yveltal|100/100
|-ability|p1a: Yveltal|Dark Aura
|move|p2a: Yveltal|Foul Play|p1a: Yveltal
|-resisted|p1a: Yveltal
|-damage|p1a: Yveltal|84/100
|
|-weather|RainDance|[upkeep]
|-heal|p1a: Yveltal|90/100|[from] item: Leftovers
|upkeep
|turn|4
|
|t:|1659738980
|switch|p2a: Eternatus|Eternatus|100/100 par
|-ability|p2a: Eternatus|Pressure
|move|p1a: Yveltal|Toxic||[still]
|-fail|p1a: Yveltal
|
|-weather|RainDance|[upkeep]
|-heal|p1a: Yveltal|96/100|[from] item: Leftovers
|upkeep
|turn|5
|
|t:|1659738994
|switch|p1a: Necrozma|Necrozma-Dusk-Mane|100/100
|cant|p2a: Eternatus|par
|
|-weather|none
|upkeep
|turn|6
|
|t:|1659738998
|switch|p2a: Urshifu|Urshifu, M|100/100
|move|p1a: Necrozma|Sunsteel Strike|p2a: Urshifu
|-damage|p2a: Urshifu|39/100
|
|upkeep
|turn|7
|
|t:|1659739009
|switch|p1a: Eternatus|Eternatus|100/100
|-ability|p1a: Eternatus|Pressure
|move|p2a: Urshifu|Wicked Blow|p1a: Eternatus
|-crit|p1a: Eternatus
|-damage|p1a: Eternatus|9/100
|
|upkeep
|turn|8
|
|t:|1659739016
|switch|p2a: Necrozma|Necrozma-Dusk-Mane|100/100
|move|p1a: Eternatus|Dynamax Cannon|p2a: Necrozma
|-resisted|p2a: Necrozma
|-damage|p2a: Necrozma|84/100
|
|-heal|p2a: Necrozma|90/100|[from] item: Leftovers
|upkeep
|turn|9
|
|t:|1659739026
|switch|p1a: Yveltal|Yveltal|96/100
|-ability|p1a: Yveltal|Dark Aura
|move|p2a: Necrozma|Earthquake|p1a: Yveltal
|-immune|p1a: Yveltal
|
|-heal|p1a: Yveltal|100/100|[from] item: Leftovers
|-heal|p2a: Necrozma|96/100|[from] item: Leftovers
|upkeep
|turn|10
|
|t:|1659739035
|switch|p1a: Necrozma|Necrozma-Dusk-Mane|100/100
|switch|p2a: Eternatus|Eternatus|100/100 par
|-ability|p2a: Eternatus|Pressure
|
|upkeep
|turn|11
|
|t:|1659739044
|switch|p2a: Necrozma|Necrozma-Dusk-Mane|96/100
|move|p1a: Necrozma|Psychic Fangs|p2a: Necrozma
|-resisted|p2a: Necrozma
|-damage|p2a: Necrozma|86/100
|
|-heal|p2a: Necrozma|92/100|[from] item: Leftovers
|upkeep
|turn|12
|
|t:|1659739052
|switch|p2a: Ho-Oh|Ho-Oh|100/100
|move|p1a: Necrozma|Thunder Wave|p2a: Ho-Oh
|-status|p2a: Ho-Oh|par
|
|upkeep
|turn|13
|
|t:|1659739069
|switch|p1a: Kyogre|Kyogre|97/100
|-weather|RainDance|[from] ability: Drizzle|[of] p1a: Kyogre
|cant|p2a: Ho-Oh|par
|
|-weather|RainDance|[upkeep]
|upkeep
|turn|14
|
|t:|1659739076
|switch|p2a: Eternatus|Eternatus|100/100 par
|-ability|p2a: Eternatus|Pressure
|move|p1a: Kyogre|Water Spout|p2a: Eternatus
|-resisted|p2a: Eternatus
|-damage|p2a: Eternatus|63/100 par
|
|-weather|RainDance|[upkeep]
|upkeep
|turn|15
|
|t:|1659739083
|switch|p1a: Necrozma|Necrozma-Dusk-Mane|100/100
|move|p2a: Eternatus|Recover|p2a: Eternatus
|-heal|p2a: Eternatus|100/100 par
|
|-weather|RainDance|[upkeep]
|upkeep
|turn|16
|
|t:|1659739088
|switch|p2a: Ho-Oh|Ho-Oh|100/100 par
|move|p1a: Necrozma|Sunsteel Strike|p2a: Ho-Oh
|-resisted|p2a: Ho-Oh
|-damage|p2a: Ho-Oh|80/100 par
|
|-weather|RainDance|[upkeep]
|upkeep
|turn|17
|
|t:|1659739104
|move|p1a: Necrozma|Psychic Fangs|p2a: Ho-Oh
|-damage|p2a: Ho-Oh|45/100 par
|move|p2a: Ho-Oh|Thunder Wave|p1a: Necrozma|[miss]
|-miss|p2a: Ho-Oh|p1a: Necrozma
|
|-weather|none
|upkeep
|turn|18
|
|t:|1659739116
|switch|p2a: Urshifu|Urshifu, M|39/100
|move|p1a: Necrozma|Psychic Fangs|p2a: Urshifu
|-immune|p2a: Urshifu
|
|upkeep
|turn|19
|
|t:|1659739123
|switch|p1a: Yveltal|Yveltal|100/100
|-ability|p1a: Yveltal|Dark Aura
|move|p2a: Urshifu|Wicked Blow|p1a: Yveltal
|-resisted|p1a: Yveltal
|-crit|p1a: Yveltal
|-damage|p1a: Yveltal|47/100
|
|-heal|p1a: Yveltal|53/100|[from] item: Leftovers
|upkeep
|turn|20
|
|t:|1659739128
|move|p2a: Urshifu|Wicked Blow|p1a: Yveltal
|-resisted|p1a: Yveltal
|-crit|p1a: Yveltal
|-damage|p1a: Yveltal|0 fnt
|faint|p1a: Yveltal
|
|upkeep
|
|t:|1659739156
|switch|p1a: Xerneas|Xerneas|100/100
|-ability|p1a: Xerneas|Fairy Aura
|turn|21
|
|t:|1659739160
|switch|p2a: Necrozma|Necrozma-Dusk-Mane|92/100
|move|p1a: Xerneas|Geomancy||[still]
|-prepare|p1a: Xerneas|Geomancy
|-enditem|p1a: Xerneas|Power Herb
|-anim|p1a: Xerneas|Geomancy|p1a: Xerneas
|-boost|p1a: Xerneas|spa|2
|-boost|p1a: Xerneas|spd|2
|-boost|p1a: Xerneas|spe|2
|
|-heal|p2a: Necrozma|98/100|[from] item: Leftovers
|upkeep
|turn|22
|inactive|Battle timer is ON: inactive players will automatically lose when time's up. (requested by Ashward)
|
|t:|1659739170
|move|p1a: Xerneas|Focus Blast|p2a: Necrozma
|-damage|p2a: Necrozma|44/100
|-unboost|p2a: Necrozma|spd|1
|move|p2a: Necrozma|Moonlight|p2a: Necrozma
|-heal|p2a: Necrozma|94/100
|
|-heal|p2a: Necrozma|99/100|[from] item: Leftovers
|upkeep
|turn|23
|
|t:|1659739175
|switch|p2a: Ho-Oh|Ho-Oh|78/100 par
|move|p1a: Xerneas|Focus Blast|p2a: Ho-Oh
|-resisted|p2a: Ho-Oh
|-damage|p2a: Ho-Oh|52/100 par
|
|upkeep
|turn|24
|
|t:|1659739186
|move|p1a: Xerneas|Moonblast|p2a: Ho-Oh
|-resisted|p2a: Ho-Oh
|-crit|p2a: Ho-Oh
|-damage|p2a: Ho-Oh|0 fnt
|faint|p2a: Ho-Oh
|
|upkeep
|
|t:|1659739192
|switch|p2a: Necrozma|Necrozma-Dusk-Mane|99/100
|turn|25
|
|t:|1659739198
|switch|p1a: Eternatus|Eternatus|9/100
|-ability|p1a: Eternatus|Pressure
|move|p2a: Necrozma|Sunsteel Strike|p1a: Eternatus
|-damage|p1a: Eternatus|0 fnt
|faint|p1a: Eternatus
|
|-heal|p2a: Necrozma|100/100|[from] item: Leftovers
|upkeep
|
|t:|1659739217
|switch|p1a: Necrozma|Necrozma-Dusk-Mane|100/100
|turn|26
|
|t:|1659739226
|move|p2a: Necrozma|Earthquake|p1a: Necrozma
|-supereffective|p1a: Necrozma
|-damage|p1a: Necrozma|64/100
|move|p1a: Necrozma|Thunder Wave|p2a: Necrozma
|-status|p2a: Necrozma|par
|
|-heal|p1a: Necrozma|70/100|[from] item: Leftovers
|upkeep
|turn|27
|
|t:|1659739235
|move|p1a: Necrozma|Psychic Fangs|p2a: Necrozma
|-resisted|p2a: Necrozma
|-damage|p2a: Necrozma|90/100 par
|cant|p2a: Necrozma|par
|
|-heal|p1a: Necrozma|76/100|[from] item: Leftovers
|-heal|p2a: Necrozma|96/100 par|[from] item: Leftovers
|upkeep
|turn|28
|
|t:|1659739240
|move|p1a: Necrozma|Sunsteel Strike|p2a: Necrozma
|-resisted|p2a: Necrozma
|-damage|p2a: Necrozma|75/100 par
|move|p2a: Necrozma|Earthquake|p1a: Necrozma
|-supereffective|p1a: Necrozma
|-damage|p1a: Necrozma|40/100
|
|-heal|p1a: Necrozma|46/100|[from] item: Leftovers
|-heal|p2a: Necrozma|81/100 par|[from] item: Leftovers
|upkeep
|turn|29
|
|t:|1659739252
|move|p1a: Necrozma|Morning Sun|p1a: Necrozma
|-heal|p1a: Necrozma|96/100
|move|p2a: Necrozma|Earthquake|p1a: Necrozma
|-supereffective|p1a: Necrozma
|-damage|p1a: Necrozma|60/100
|
|-heal|p1a: Necrozma|66/100|[from] item: Leftovers
|-heal|p2a: Necrozma|87/100 par|[from] item: Leftovers
|upkeep
|turn|30
|
|t:|1659739259
|move|p1a: Necrozma|Morning Sun|p1a: Necrozma
|-heal|p1a: Necrozma|100/100
|move|p2a: Necrozma|Stealth Rock|p1a: Necrozma
|-sidestart|p1: Ashward|move: Stealth Rock
|
|-heal|p2a: Necrozma|93/100 par|[from] item: Leftovers
|upkeep
|turn|31
|
|t:|1659739268
|switch|p1a: Marshadow|Marshadow|100/100
|-damage|p1a: Marshadow|94/100|[from] Stealth Rock
|cant|p2a: Necrozma|par
|
|-heal|p2a: Necrozma|99/100 par|[from] item: Leftovers
|upkeep
|turn|32
|
|t:|1659739273
|switch|p2a: Eternatus|Eternatus|100/100 par
|-ability|p2a: Eternatus|Pressure
|move|p1a: Marshadow|Ice Punch|p2a: Eternatus
|-supereffective|p2a: Eternatus
|-damage|p2a: Eternatus|59/100 par
|
|upkeep
|turn|33
|
|t:|1659739282
|switch|p1a: Necrozma|Necrozma-Dusk-Mane|100/100
|-damage|p1a: Necrozma|94/100|[from] Stealth Rock
|cant|p2a: Eternatus|par
|
|-heal|p1a: Necrozma|100/100|[from] item: Leftovers
|upkeep
|turn|34
|
|t:|1659739295
|switch|p1a: Kyogre|Kyogre|97/100
|-damage|p1a: Kyogre|84/100|[from] Stealth Rock
|-weather|RainDance|[from] ability: Drizzle|[of] p1a: Kyogre
|switch|p2a: Necrozma|Necrozma-Dusk-Mane|99/100 par
|
|-weather|RainDance|[upkeep]
|-heal|p2a: Necrozma|100/100 par|[from] item: Leftovers
|upkeep
|turn|35
|
|t:|1659739311
|switch|p2a: Yveltal|Yveltal|100/100
|-ability|p2a: Yveltal|Dark Aura
|move|p1a: Kyogre|Water Spout|p2a: Yveltal
|-damage|p2a: Yveltal|27/100
|
|-weather|RainDance|[upkeep]
|upkeep
|turn|36
|
|t:|1659739322
|move|p2a: Yveltal|Foul Play|p1a: Kyogre
|-damage|p1a: Kyogre|50/100
|move|p1a: Kyogre|Water Spout|p2a: Yveltal
|-damage|p2a: Yveltal|0 fnt
|faint|p2a: Yveltal
|
|-weather|RainDance|[upkeep]
|upkeep
|
|t:|1659739328
|switch|p2a: Eternatus|Eternatus|59/100 par
|-ability|p2a: Eternatus|Pressure
|turn|37
|
|t:|1659739330
|move|p1a: Kyogre|Water Spout|p2a: Eternatus
|-resisted|p2a: Eternatus
|-damage|p2a: Eternatus|40/100 par
|move|p2a: Eternatus|Recover|p2a: Eternatus
|-heal|p2a: Eternatus|90/100 par
|
|-weather|RainDance|[upkeep]
|upkeep
|turn|38
|
|t:|1659739336
|move|p1a: Kyogre|Water Spout|p2a: Eternatus
|-resisted|p2a: Eternatus
|-damage|p2a: Eternatus|72/100 par
|cant|p2a: Eternatus|par
|
|-weather|none
|upkeep
|turn|39
|
|t:|1659739342
|switch|p1a: Necrozma|Necrozma-Dusk-Mane|100/100
|-damage|p1a: Necrozma|94/100|[from] Stealth Rock
|switch|p2a: Urshifu|Urshifu, M|39/100
|
|-heal|p1a: Necrozma|100/100|[from] item: Leftovers
|upkeep
|turn|40
|
|t:|1659739354
|move|p2a: Urshifu|Wicked Blow|p1a: Necrozma
|-supereffective|p1a: Necrozma
|-crit|p1a: Necrozma
|-damage|p1a: Necrozma|0 fnt
|faint|p1a: Necrozma
|
|upkeep
|
|t:|1659739357
|switch|p1a: Xerneas|Xerneas|100/100
|-damage|p1a: Xerneas|88/100|[from] Stealth Rock
|-ability|p1a: Xerneas|Fairy Aura
|turn|41
|
|t:|1659739361
|switch|p2a: Necrozma|Necrozma-Dusk-Mane|100/100 par
|move|p1a: Xerneas|Geomancy||[still]
|-prepare|p1a: Xerneas|Geomancy
|
|upkeep
|turn|42
|
|t:|1659739366
|move|p1a: Xerneas|Geomancy|p1a: Xerneas|[from]lockedmove
|-boost|p1a: Xerneas|spa|2
|-boost|p1a: Xerneas|spd|2
|-boost|p1a: Xerneas|spe|2
|move|p2a: Necrozma|Sunsteel Strike|p1a: Xerneas
|-supereffective|p1a: Xerneas
|-damage|p1a: Xerneas|0 fnt
|faint|p1a: Xerneas
|
|upkeep
|
|t:|1659739369
|switch|p1a: Marshadow|Marshadow|94/100
|-damage|p1a: Marshadow|88/100|[from] Stealth Rock
|turn|43
|
|t:|1659739379
|move|p1a: Marshadow|Spectral Thief|p2a: Necrozma
|-supereffective|p2a: Necrozma
|-damage|p2a: Necrozma|52/100 par
|move|p2a: Necrozma|Sunsteel Strike|p1a: Marshadow
|-damage|p1a: Marshadow|24/100
|
|-heal|p2a: Necrozma|58/100 par|[from] item: Leftovers
|upkeep
|turn|44
|
|t:|1659739388
|move|p1a: Marshadow|Spectral Thief|p2a: Necrozma
|-supereffective|p2a: Necrozma
|-crit|p2a: Necrozma
|-damage|p2a: Necrozma|0 fnt
|faint|p2a: Necrozma
|
|upkeep
|
|t:|1659739393
|switch|p2a: Eternatus|Eternatus|72/100 par
|-ability|p2a: Eternatus|Pressure
|turn|45
|
|t:|1659739396
|move|p1a: Marshadow|Ice Punch|p2a: Eternatus
|-supereffective|p2a: Eternatus
|-damage|p2a: Eternatus|36/100 par
|move|p2a: Eternatus|Recover|p2a: Eternatus
|-heal|p2a: Eternatus|86/100 par
|
|upkeep
|turn|46
|
|t:|1659739411
|switch|p2a: Calyrex|Calyrex-Shadow|100/100
|-ability|p2a: Calyrex|As One
|-ability|p2a: Calyrex|Unnerve
|move|p1a: Marshadow|Endeavor|p2a: Calyrex
|-immune|p2a: Calyrex
|
|upkeep
|turn|47
|
|t:|1659739416
|move|p1a: Marshadow|Shadow Sneak|p2a: Calyrex
|-supereffective|p2a: Calyrex
|-damage|p2a: Calyrex|0 fnt
|faint|p2a: Calyrex
|
|upkeep
|
|t:|1659739418
|switch|p2a: Urshifu|Urshifu, M|39/100
|turn|48
|
|t:|1659739429
|move|p2a: Urshifu|Sucker Punch|p1a: Marshadow
|-damage|p1a: Marshadow|0 fnt
|faint|p1a: Marshadow
|
|upkeep
|
|t:|1659739433
|switch|p1a: Kyogre|Kyogre|50/100
|-damage|p1a: Kyogre|37/100|[from] Stealth Rock
|-weather|RainDance|[from] ability: Drizzle|[of] p1a: Kyogre
|turn|49
|
|t:|1659739436
|move|p2a: Urshifu|Sucker Punch|p1a: Kyogre
|-damage|p1a: Kyogre|0 fnt
|faint|p1a: Kyogre
|
|win|TogeBirlHQ
|raw|Ashward's rating: 1470 &rarr; <strong>1456</strong><br />(-14 for losing)
|raw|TogeBirlHQ's rating: 1572 &rarr; <strong>1586</strong><br />(+14 for winning)
|l|☆Ashward
