|j|☆emiyo
|j|☆Bunrphenix
|t:|1651270843
|gametype|singles
|player|p1|emiyo|170|1503
|player|p2|Bunrphenix|hilda-wonderlauncher|1622
|teamsize|p1|6
|teamsize|p2|6
|gen|8
|tier|[Gen 8] Ubers
|rated|
|rule|Sleep Clause Mod: Limit one foe put to sleep
|rule|Species Clause: Limit one of each Pokémon
|rule|OHKO Clause: OHKO moves are banned
|rule|Evasion Moves Clause: Evasion moves are banned
|rule|Endless Battle Clause: Forcing endless battles is banned
|rule|HP Percentage Mod: HP is shown in percentages
|rule|Dynamax Clause: You cannot dynamax
|clearpoke
|poke|p1|Xerneas-*|
|poke|p1|Klefki, F|
|poke|p1|Groudon|
|poke|p1|Calyrex-Shadow|
|poke|p1|Necrozma-Dusk-Mane|
|poke|p1|Yveltal|
|poke|p2|Groudon|
|poke|p2|Yveltal|
|poke|p2|Zekrom|
|poke|p2|Kyogre|
|poke|p2|Necrozma-Dusk-Mane|
|poke|p2|Calyrex-Shadow|
|teampreview
|inactive|Battle timer is ON: inactive players will automatically lose when time's up. (requested by emiyo)
|inactive|Bunrphenix has 120 seconds left.
|
|t:|1651270907
|start
|switch|p1a: Groudon|Groudon|100/100
|switch|p2a: Groudon|Groudon|100/100
|-weather|SunnyDay|[from] ability: Drought|[of] p2a: Groudon
|turn|1
|
|t:|1651270913
|move|p1a: Groudon|Earthquake|p2a: Groudon
|-damage|p2a: Groudon|58/100
|move|p2a: Groudon|Bulk Up|p2a: Groudon
|-boost|p2a: Groudon|atk|1
|-boost|p2a: Groudon|def|1
|
|-weather|SunnyDay|[upkeep]
|-heal|p2a: Groudon|65/100|[from] item: Leftovers
|upkeep
|turn|2
|
|t:|1651270920
|move|p2a: Groudon|Precipice Blades|p1a: Groudon
|-damage|p1a: Groudon|24/100
|move|p1a: Groudon|Earthquake|p2a: Groudon
|-damage|p2a: Groudon|40/100
|
|-weather|SunnyDay|[upkeep]
|-heal|p2a: Groudon|46/100|[from] item: Leftovers
|-heal|p1a: Groudon|30/100|[from] item: Leftovers
|upkeep
|turn|3
|
|t:|1651270929
|move|p2a: Groudon|Precipice Blades|p1a: Groudon|[miss]
|-miss|p2a: Groudon|p1a: Groudon
|move|p1a: Groudon|Stealth Rock|p2a: Groudon
|-sidestart|p2: Bunrphenix|move: Stealth Rock
|
|-weather|SunnyDay|[upkeep]
|-heal|p1a: Groudon|36/100|[from] item: Leftovers
|-heal|p2a: Groudon|52/100|[from] item: Leftovers
|upkeep
|turn|4
|
|t:|1651270937
|move|p1a: Groudon|Earthquake|p2a: Groudon
|-damage|p2a: Groudon|25/100
|move|p2a: Groudon|Precipice Blades|p1a: Groudon
|-damage|p1a: Groudon|0 fnt
|faint|p1a: Groudon
|
|-weather|SunnyDay|[upkeep]
|-heal|p2a: Groudon|31/100|[from] item: Leftovers
|upkeep
|
|t:|1651270953
|switch|p1a: Calyrex|Calyrex-Shadow|100/100
|-ability|p1a: Calyrex|As One
|-ability|p1a: Calyrex|Unnerve
|turn|5
|inactive|Bunrphenix has 120 seconds left.
|
|t:|1651271001
|switch|p2a: Yveltal|Yveltal|100/100
|-ability|p2a: Yveltal|Dark Aura
|move|p1a: Calyrex|Astral Barrage|p2a: Yveltal
|-resisted|p2a: Yveltal
|-damage|p2a: Yveltal|76/100
|
|-weather|none
|upkeep
|turn|6
|
|t:|1651271016
|switch|p1a: Klefki|Klefki, F|100/100
|move|p2a: Yveltal|Knock Off|p1a: Klefki
|-resisted|p1a: Klefki
|-damage|p1a: Klefki|77/100
|-enditem|p1a: Klefki|Light Clay|[from] move: Knock Off|[of] p2a: Yveltal
|
|upkeep
|turn|7
|inactive|Bunrphenix has 120 seconds left.
|inactive|emiyo has 120 seconds left.
|inactive|Bunrphenix has 90 seconds left.
|
|t:|1651271056
|move|p1a: Klefki|Light Screen|p1a: Klefki
|-sidestart|p1: emiyo|move: Light Screen
|move|p2a: Yveltal|Defog|p1a: Klefki
|-unboost|p1a: Klefki|evasion|1
|-sideend|p1: emiyo|move: Light Screen
|-sideend|p2: Bunrphenix|Stealth Rock|[from] move: Defog|[of] p2a: Yveltal
|
|upkeep
|turn|8
|
|t:|1651271068
|move|p1a: Klefki|Reflect|p1a: Klefki
|-sidestart|p1: emiyo|Reflect
|move|p2a: Yveltal|Knock Off|p1a: Klefki
|-resisted|p1a: Klefki
|-damage|p1a: Klefki|69/100
|
|upkeep
|turn|9
|inactive|Bunrphenix has 90 seconds left.
|inactive|emiyo has 90 seconds left.
|inactive|Bunrphenix has 60 seconds left.
|inactive|emiyo has 60 seconds left.
|
|t:|1651271148
|switch|p1a: Yveltal|Yveltal|100/100
|-ability|p1a: Yveltal|Dark Aura
|move|p2a: Yveltal|Knock Off|p1a: Yveltal
|-resisted|p1a: Yveltal
|-damage|p1a: Yveltal|88/100
|-enditem|p1a: Yveltal|Heavy-Duty Boots|[from] move: Knock Off|[of] p2a: Yveltal
|
|upkeep
|turn|10
|inactive|Bunrphenix has 30 seconds left.
|inactive|Bunrphenix has 20 seconds left.
|
|t:|1651271179
|move|p2a: Yveltal|Toxic|p1a: Yveltal
|-status|p1a: Yveltal|tox
|move|p1a: Yveltal|Knock Off|p2a: Yveltal
|-resisted|p2a: Yveltal
|-damage|p2a: Yveltal|41/100
|-enditem|p2a: Yveltal|Heavy-Duty Boots|[from] move: Knock Off|[of] p1a: Yveltal
|
|-damage|p1a: Yveltal|82/100 tox|[from] psn
|upkeep
|turn|11
|inactive|Bunrphenix has 30 seconds left this turn.
|
|t:|1651271198
|move|p2a: Yveltal|Roost|p2a: Yveltal
|-heal|p2a: Yveltal|91/100
|-singleturn|p2a: Yveltal|move: Roost
|move|p1a: Yveltal|Taunt|p2a: Yveltal
|-start|p2a: Yveltal|move: Taunt
|
|-damage|p1a: Yveltal|70/100 tox|[from] psn
|upkeep
|turn|12
|inactive|Bunrphenix has 30 seconds left.
|inactive|Bunrphenix has 20 seconds left.
|inactive|Bunrphenix has 15 seconds left.
|inactive|Bunrphenix has 10 seconds left.
|inactive|Bunrphenix has 5 seconds left.
|-message|Bunrphenix lost due to inactivity.
|
|win|emiyo
|raw|emiyo's rating: 1503 &rarr; <strong>1530</strong><br />(+27 for winning)
|raw|Bunrphenix's rating: 1622 &rarr; <strong>1595</strong><br />(-27 for losing)
|l|☆Bunrphenix
||Ladder isn't responding, score probably updated but might not have (Request timeout).
