|j|☆Chickpiee
|j|☆stareal
|t:|1616584957
|player|p1|Chickpiee|caitlin|
|player|p2|stareal|#stareal|
|teamsize|p1|6
|teamsize|p2|6
|gametype|singles
|gen|8
|tier|[Gen 8] Ubers
|rated|Tournament battle
|clearpoke
|poke|p1|Ho-Oh|
|poke|p1|Necrozma-Dusk-Mane|
|poke|p1|Yveltal|
|poke|p1|Zygarde|
|poke|p1|Eternatus|
|poke|p1|Chansey, F|
|poke|p2|Palkia|
|poke|p2|Ho-Oh|
|poke|p2|Necrozma-Dusk-Mane|
|poke|p2|Eternatus|
|poke|p2|Zacian|
|poke|p2|Yveltal|
|rule|Sleep Clause Mod: Limit one foe put to sleep
|rule|Species Clause: Limit one of each Pokémon
|rule|OHKO Clause: OHKO moves are banned
|rule|Evasion Moves Clause: Evasion moves are banned
|rule|Endless Battle Clause: Forcing endless battles is banned
|rule|HP Percentage Mod: HP is shown in percentages
|rule|Dynamax Clause: You cannot dynamax
|teampreview
|j|*Lady Monita
|inactive|Battle timer is ON: inactive players will automatically lose when time's up. (requested by Chickpiee)
|j| wht u talkin abt
|c| wht u talkin abt|Go Go
|
|t:|1616584976
|start
|switch|p1a: Othello|Ho-Oh, shiny|100/100
|switch|p2a: Palkia|Palkia|100/100
|-ability|p2a: Palkia|Pressure
|turn|1
|
|t:|1616584984
|-singleturn|p2a: Palkia|move: Focus Punch
|move|p1a: Othello|Toxic|p2a: Palkia
|-status|p2a: Palkia|tox
|move|p2a: Palkia|Focus Punch|p1a: Othello
|-resisted|p1a: Othello
|-damage|p1a: Othello|83/100
|-damage|p2a: Palkia|91/100 tox|[from] item: Life Orb
|
|-damage|p2a: Palkia|84/100 tox|[from] psn
|upkeep
|turn|2
|j| monswoone
|
|t:|1616584998
|-singleturn|p2a: Palkia|move: Focus Punch
|move|p1a: Othello|Recover|p1a: Othello
|-heal|p1a: Othello|100/100
|move|p2a: Palkia|Focus Punch|p1a: Othello
|-resisted|p1a: Othello
|-damage|p1a: Othello|85/100
|-damage|p2a: Palkia|74/100 tox|[from] item: Life Orb
|
|-damage|p2a: Palkia|62/100 tox|[from] psn
|upkeep
|turn|3
|inactive|Chickpiee has 120 seconds left.
|
|t:|1616585040
|move|p2a: Palkia|Hydro Pump|p1a: Othello|[miss]
|-miss|p2a: Palkia|p1a: Othello
|move|p1a: Othello|Sacred Fire|p2a: Palkia
|-resisted|p2a: Palkia
|-damage|p2a: Palkia|49/100 tox
|
|-damage|p2a: Palkia|30/100 tox|[from] psn
|upkeep
|turn|4
|
|t:|1616585048
|-singleturn|p2a: Palkia|move: Focus Punch
|move|p1a: Othello|Recover|p1a: Othello
|-heal|p1a: Othello|100/100
|move|p2a: Palkia|Focus Punch|p1a: Othello
|-resisted|p1a: Othello
|-damage|p1a: Othello|83/100
|-damage|p2a: Palkia|20/100 tox|[from] item: Life Orb
|
|-damage|p2a: Palkia|0 fnt|[from] psn
|faint|p2a: Palkia
|upkeep
|
|t:|1616585061
|switch|p2a: Zacian|Zacian|100/100
|-ability|p2a: Zacian|Intrepid Sword|boost
|-boost|p2a: Zacian|atk|1
|turn|5
|j| mac3 ✝
|
|t:|1616585068
|switch|p1a: Shylock|Necrozma-Dusk-Mane|100/100
|move|p2a: Zacian|Wild Charge|p1a: Shylock
|-damage|p1a: Shylock|54/100
|-damage|p2a: Zacian|84/100|[from] item: Rocky Helmet|[of] p1a: Shylock
|-damage|p2a: Zacian|70/100|[from] Recoil
|
|upkeep
|turn|6
|
|t:|1616585078
|switch|p2a: Yveltal|Yveltal|100/100
|-ability|p2a: Yveltal|Dark Aura
|move|p1a: Shylock|Moonlight|p1a: Shylock
|-heal|p1a: Shylock|100/100
|
|upkeep
|turn|7
|
|t:|1616585084
|switch|p1a: Crone|Eternatus|100/100
|-ability|p1a: Crone|Pressure
|move|p2a: Yveltal|U-turn|p1a: Crone
|-resisted|p1a: Crone
|-damage|p1a: Crone|94/100
|j|%Perish Song
|
|t:|1616585089
|switch|p2a: Necrozma|Necrozma-Dusk-Mane|100/100|[from]move: U-turn
|
|-heal|p1a: Crone|99/100|[from] item: Black Sludge
|upkeep
|turn|8
|
|t:|1616585099
|switch|p1a: Shylock|Necrozma-Dusk-Mane|100/100
|move|p2a: Necrozma|Stealth Rock|p1a: Shylock
|-sidestart|p1: Chickpiee|move: Stealth Rock
|
|upkeep
|turn|9
|
|t:|1616585108
|move|p1a: Shylock|Thunder Wave|p2a: Necrozma
|-status|p2a: Necrozma|par
|move|p2a: Necrozma|Earthquake|p1a: Shylock
|-supereffective|p1a: Shylock
|-damage|p1a: Shylock|68/100
|
|upkeep
|turn|10
|
|t:|1616585114
|switch|p2a: Yveltal|Yveltal|100/100
|-ability|p2a: Yveltal|Dark Aura
|move|p1a: Shylock|Stealth Rock|p2a: Yveltal
|-sidestart|p2: stareal|move: Stealth Rock
|
|upkeep
|turn|11
|
|t:|1616585123
|switch|p1a: Crone|Eternatus|99/100
|-damage|p1a: Crone|88/100|[from] Stealth Rock
|-ability|p1a: Crone|Pressure
|move|p2a: Yveltal|U-turn|p1a: Crone
|-resisted|p1a: Crone
|-damage|p1a: Crone|81/100
|
|t:|1616585126
|switch|p2a: Zacian|Zacian|70/100|[from]move: U-turn
|-damage|p2a: Zacian|57/100|[from] Stealth Rock
|-ability|p2a: Zacian|Intrepid Sword|boost
|-boost|p2a: Zacian|atk|1
|
|-heal|p1a: Crone|87/100|[from] item: Black Sludge
|upkeep
|turn|12
|
|t:|1616585134
|move|p2a: Zacian|Play Rough|p1a: Crone
|-damage|p1a: Crone|14/100
|move|p1a: Crone|Recover|p1a: Crone
|-heal|p1a: Crone|64/100
|
|-heal|p1a: Crone|70/100|[from] item: Black Sludge
|upkeep
|turn|13
|
|t:|1616585141
|switch|p1a: Othello|Ho-Oh, shiny|100/100
|move|p2a: Zacian|Play Rough|p1a: Othello
|-resisted|p1a: Othello
|-damage|p1a: Othello|63/100
|
|upkeep
|turn|14
|
|t:|1616585148
|switch|p2a: Eternatus|Eternatus|100/100
|-damage|p2a: Eternatus|88/100|[from] Stealth Rock
|-ability|p2a: Eternatus|Pressure
|move|p1a: Othello|Recover|p1a: Othello
|-heal|p1a: Othello|100/100
|
|-heal|p2a: Eternatus|94/100|[from] item: Black Sludge
|upkeep
|turn|15
|
|t:|1616585154
|switch|p2a: Zacian|Zacian|57/100
|-damage|p2a: Zacian|45/100|[from] Stealth Rock
|-ability|p2a: Zacian|Intrepid Sword|boost
|-boost|p2a: Zacian|atk|1
|move|p1a: Othello|Sacred Fire|p2a: Zacian
|-damage|p2a: Zacian|4/100
|
|upkeep
|turn|16
|
|t:|1616585159
|move|p2a: Zacian|Close Combat|p1a: Othello
|-resisted|p1a: Othello
|-damage|p1a: Othello|68/100
|-unboost|p2a: Zacian|def|1
|-unboost|p2a: Zacian|spd|1
|move|p1a: Othello|Sacred Fire|p2a: Zacian
|-damage|p2a: Zacian|0 fnt
|faint|p2a: Zacian
|
|upkeep
|-message|stareal forfeited.
|
|win|Chickpiee
|n|☆Chickpiee|chickpiee
|n|☆stareal|stareal
|n|*Lady Monita|ladymonita
|n| wht u talkin abt|whtutalkinabt
|n| monswoone|monswoone
|n| mac3 ✝|mac3
|n|%Perish Song|perishsong
|l|*Lady Monita
|l|☆stareal
|l|%Perish Song
|c|☆Chickpiee|Luv from Blim
