|j|☆iamnotagenius
|j|☆DanDaMan99
|inactive|Battle timer is ON: inactive players will automatically lose when time's up.
|t:|1634635952
|gametype|singles
|player|p1|iamnotagenius|101|
|player|p2|DanDaMan99|hau-stance|
|teamsize|p1|6
|teamsize|p2|6
|gen|8
|tier|[Gen 8] Ubers
|rated|Tournament battle
|rule|Sleep Clause Mod: Limit one foe put to sleep
|rule|Species Clause: Limit one of each Pokémon
|rule|OHKO Clause: OHKO moves are banned
|rule|Evasion Moves Clause: Evasion moves are banned
|rule|Endless Battle Clause: Forcing endless battles is banned
|rule|HP Percentage Mod: HP is shown in percentages
|rule|Dynamax Clause: You cannot dynamax
|clearpoke
|poke|p1|Calyrex-Shadow|
|poke|p1|Yveltal|
|poke|p1|Darmanitan-Galar, F|
|poke|p1|Necrozma-Dusk-Mane|
|poke|p1|Zekrom|
|poke|p1|Zygarde|
|poke|p2|Slurpuff, M|
|poke|p2|Landorus, M|
|poke|p2|Calyrex-Shadow|
|poke|p2|Eternatus|
|poke|p2|Necrozma-Dusk-Mane|
|poke|p2|Yveltal|
|teampreview
|j|*Lady Monita ☽
|j| SweeperGatr
|j| Aedui
|j| HellX
|j| Unswordable21
|j| Giove97
|j| Windwalker475
|j| PokemonCestDur
|l| HellX
|j| memedose46
|j| Apocalypxe77
|j| MiNi Charizard-X
|
|t:|1634635975
|start
|switch|p1a: Darmanitan|Darmanitan-Galar, F|100/100
|switch|p2a: Slurpuff|Slurpuff, M|100/100
|turn|1
|j| Kingston9629
|c| Kingston9629|gl both!
|
|t:|1634635981
|move|p1a: Darmanitan|U-turn|p2a: Slurpuff
|-resisted|p2a: Slurpuff
|-damage|p2a: Slurpuff|62/100
|
|t:|1634635990
|switch|p1a: Zygarde|Zygarde|100/100|[from]move: U-turn
|move|p2a: Slurpuff|Sticky Web|p1a: Zygarde
|-sidestart|p1: iamnotagenius|move: Sticky Web
|
|upkeep
|turn|2
|
|t:|1634635994
|move|p1a: Zygarde|Substitute|p1a: Zygarde
|-start|p1a: Zygarde|Substitute
|-damage|p1a: Zygarde|76/100
|move|p2a: Slurpuff|Yawn||[still]
|-fail|p2a: Slurpuff
|
|-heal|p1a: Zygarde|82/100|[from] item: Leftovers
|upkeep
|turn|3
|
|t:|1634636001
|move|p1a: Zygarde|Dragon Dance|p1a: Zygarde
|-boost|p1a: Zygarde|atk|1
|-boost|p1a: Zygarde|spe|1
|move|p2a: Slurpuff|Misty Explosion|p1a: Zygarde
|-supereffective|p1a: Zygarde
|-end|p1a: Zygarde|Substitute
|faint|p2a: Slurpuff
|
|-heal|p1a: Zygarde|88/100|[from] item: Leftovers
|upkeep
|
|t:|1634636007
|switch|p2a: Calyrex|Calyrex-Shadow|100/100
|-ability|p2a: Calyrex|As One
|-ability|p2a: Calyrex|Unnerve
|turn|4
|c| Unswordable21|gg
|
|t:|1634636014
|move|p2a: Calyrex|Astral Barrage|p1a: Zygarde
|-damage|p1a: Zygarde|17/100
|move|p1a: Zygarde|Toxic|p2a: Calyrex
|-status|p2a: Calyrex|tox
|
|-heal|p1a: Zygarde|23/100|[from] item: Leftovers
|-damage|p2a: Calyrex|94/100 tox|[from] psn
|-activate|p1a: Zygarde|ability: Power Construct
|detailschange|p1a: Zygarde|Zygarde-Complete
|-heal|p1a: Zygarde|52/100|[silent]
|upkeep
|turn|5
|c| Unswordable21|rip slurpuff
|
|t:|1634636022
|switch|p1a: Yveltal|Yveltal|100/100
|-ability|p1a: Yveltal|Dark Aura
|move|p2a: Calyrex|Astral Barrage|p1a: Yveltal
|-resisted|p1a: Yveltal
|-damage|p1a: Yveltal|80/100
|
|-damage|p2a: Calyrex|82/100 tox|[from] psn
|upkeep
|turn|6
|
|t:|1634636026
|switch|p2a: Yveltal|Yveltal|100/100
|-ability|p2a: Yveltal|Dark Aura
|move|p1a: Yveltal|Defog|p2a: Yveltal
|-unboost|p2a: Yveltal|evasion|1
|-sideend|p1: iamnotagenius|Sticky Web|[from] move: Defog|[of] p1a: Yveltal
|
|upkeep
|turn|7
|
|t:|1634636033
|move|p2a: Yveltal|Knock Off|p1a: Yveltal
|-resisted|p1a: Yveltal
|-damage|p1a: Yveltal|47/100
|-enditem|p1a: Yveltal|Heavy-Duty Boots|[from] move: Knock Off|[of] p2a: Yveltal
|move|p1a: Yveltal|Roost|p1a: Yveltal
|-heal|p1a: Yveltal|97/100
|-singleturn|p1a: Yveltal|move: Roost
|
|upkeep
|turn|8
|
|t:|1634636039
|move|p2a: Yveltal|Taunt|p1a: Yveltal
|-start|p1a: Yveltal|move: Taunt
|move|p1a: Yveltal|Knock Off|p2a: Yveltal
|-resisted|p2a: Yveltal
|-damage|p2a: Yveltal|76/100
|-enditem|p2a: Yveltal|Black Glasses|[from] move: Knock Off|[of] p1a: Yveltal
|
|upkeep
|turn|9
|
|t:|1634636047
|move|p2a: Yveltal|Knock Off|p1a: Yveltal
|-resisted|p1a: Yveltal
|-damage|p1a: Yveltal|78/100
|move|p1a: Yveltal|Knock Off|p2a: Yveltal
|-resisted|p2a: Yveltal
|-damage|p2a: Yveltal|59/100
|
|upkeep
|turn|10
|
|t:|1634636052
|move|p2a: Yveltal|Roost|p2a: Yveltal
|-heal|p2a: Yveltal|100/100
|-singleturn|p2a: Yveltal|move: Roost
|move|p1a: Yveltal|Knock Off|p2a: Yveltal
|-resisted|p2a: Yveltal
|-damage|p2a: Yveltal|83/100
|
|-end|p1a: Yveltal|move: Taunt
|upkeep
|turn|11
|l| SweeperGatr
|inactive|DanDaMan99 has 120 seconds left.
|
|t:|1634636083
|switch|p2a: Landorus|Landorus, M|100/100
|switch|p1a: Zekrom|Zekrom|100/100
|-ability|p1a: Zekrom|Teravolt
|
|upkeep
|turn|12
|
|t:|1634636090
|switch|p1a: Zygarde|Zygarde-Complete|52/100
|move|p2a: Landorus|Earth Power|p1a: Zygarde
|-damage|p1a: Zygarde|10/100
|
|-heal|p1a: Zygarde|16/100|[from] item: Leftovers
|upkeep
|turn|13
|l| Unswordable21
|
|t:|1634636092
|move|p2a: Landorus|Earth Power|p1a: Zygarde
|-damage|p1a: Zygarde|0 fnt
|faint|p1a: Zygarde
|
|upkeep
|
|t:|1634636094
|switch|p1a: Darmanitan|Darmanitan-Galar, F|100/100
|turn|14
|
|t:|1634636104
|switch|p2a: Calyrex|Calyrex-Shadow|82/100 tox
|-ability|p2a: Calyrex|As One
|-ability|p2a: Calyrex|Unnerve
|move|p1a: Darmanitan|Icicle Crash|p2a: Calyrex
|-damage|p2a: Calyrex|2/100 tox
|
|-damage|p2a: Calyrex|0 fnt|[from] psn
|faint|p2a: Calyrex
|upkeep
|
|t:|1634636107
|switch|p2a: Necrozma|Necrozma-Dusk-Mane|100/100
|turn|15
|
|t:|1634636110
|switch|p1a: Yveltal|Yveltal|78/100
|-ability|p1a: Yveltal|Dark Aura
|move|p2a: Necrozma|Rock Polish|p2a: Necrozma
|-boost|p2a: Necrozma|spe|2
|
|upkeep
|turn|16
|
|t:|1634636116
|move|p2a: Necrozma|Stone Edge|p1a: Yveltal
|-supereffective|p1a: Yveltal
|-damage|p1a: Yveltal|11/100
|move|p1a: Yveltal|Knock Off|p2a: Necrozma
|-supereffective|p2a: Necrozma
|-damage|p2a: Necrozma|26/100
|-enditem|p2a: Necrozma|Weakness Policy
|-boost|p2a: Necrozma|atk|2|[from] item: Weakness Policy
|-boost|p2a: Necrozma|spa|2|[from] item: Weakness Policy
|
|upkeep
|turn|17
|c| memedose46|bad switch ngl
|
|t:|1634636120
|move|p2a: Necrozma|Sunsteel Strike|p1a: Yveltal
|-damage|p1a: Yveltal|0 fnt
|faint|p1a: Yveltal
|
|upkeep
|c| memedose46|calyrex got shit defense
|c| memedose46|but niec
|j| ii88
|j| DefinitoBooty
|inactive|iamnotagenius has 120 seconds left.
|
|t:|1634636150
|switch|p1a: Necrozma|Necrozma-Dusk-Mane|100/100
|turn|18
|l| DefinitoBooty
|
|t:|1634636178
|move|p2a: Necrozma|Earthquake|p1a: Necrozma
|-supereffective|p1a: Necrozma
|-damage|p1a: Necrozma|4/100
|move|p1a: Necrozma|Thunder Wave|p2a: Necrozma
|-status|p2a: Necrozma|par
|
|-heal|p1a: Necrozma|10/100|[from] item: Leftovers
|upkeep
|turn|19
|c|☆DanDaMan99|Rip
|
|t:|1634636186
|cant|p2a: Necrozma|par
|move|p1a: Necrozma|Sunsteel Strike|p2a: Necrozma
|-resisted|p2a: Necrozma
|-damage|p2a: Necrozma|6/100 par
|
|-heal|p1a: Necrozma|16/100|[from] item: Leftovers
|upkeep
|turn|20
|c|☆DanDaMan99|That's probs a roll
|
|t:|1634636190
|move|p2a: Necrozma|Earthquake|p1a: Necrozma
|-supereffective|p1a: Necrozma
|-crit|p1a: Necrozma
|-damage|p1a: Necrozma|0 fnt
|faint|p1a: Necrozma
|
|upkeep
|
|t:|1634636194
|switch|p1a: Calyrex|Calyrex-Shadow|100/100
|-ability|p1a: Calyrex|As One
|-ability|p1a: Calyrex|Unnerve
|turn|21
|
|t:|1634636200
|move|p1a: Calyrex|Astral Barrage|p2a: Necrozma
|-supereffective|p2a: Necrozma
|-damage|p2a: Necrozma|0 fnt
|faint|p2a: Necrozma
|-ability|p1a: Calyrex|Grim Neigh|boost
|-boost|p1a: Calyrex|spa|1
|
|upkeep
|
|t:|1634636204
|switch|p2a: Yveltal|Yveltal|83/100
|-ability|p2a: Yveltal|Dark Aura
|turn|22
|
|t:|1634636208
|move|p2a: Yveltal|Sucker Punch|p1a: Calyrex
|-supereffective|p1a: Calyrex
|-damage|p1a: Calyrex|0 fnt
|faint|p1a: Calyrex
|
|upkeep
|
|t:|1634636210
|switch|p1a: Darmanitan|Darmanitan-Galar, F|100/100
|turn|23
|
|t:|1634636213
|move|p2a: Yveltal|Sucker Punch|p1a: Darmanitan
|-damage|p1a: Darmanitan|30/100
|move|p1a: Darmanitan|Icicle Crash|p2a: Yveltal|[miss]
|-miss|p1a: Darmanitan|p2a: Yveltal
|
|upkeep
|turn|24
|c|☆iamnotagenius|:/
|
|t:|1634636221
|switch|p1a: Zekrom|Zekrom|100/100
|-ability|p1a: Zekrom|Teravolt
|move|p2a: Yveltal|Sucker Punch||[still]
|-fail|p2a: Yveltal
|
|upkeep
|turn|25
|c|☆DanDaMan99|Mb
|
|t:|1634636226
|switch|p2a: Landorus|Landorus, M|100/100
|move|p1a: Zekrom|Bolt Strike|p2a: Landorus
|-immune|p2a: Landorus
|
|upkeep
|turn|26
|
|t:|1634636232
|move|p2a: Landorus|Earth Power|p1a: Zekrom
|-supereffective|p1a: Zekrom
|-damage|p1a: Zekrom|0 fnt
|faint|p1a: Zekrom
|
|upkeep
|
|t:|1634636235
|switch|p1a: Darmanitan|Darmanitan-Galar, F|30/100
|turn|27
|
|t:|1634636242
|move|p1a: Darmanitan|Icicle Crash|p2a: Landorus
|-supereffective|p2a: Landorus
|-crit|p2a: Landorus
|-damage|p2a: Landorus|0 fnt
|faint|p2a: Landorus
|
|upkeep
|l| MiNi Charizard-X
|
|t:|1634636244
|switch|p2a: Yveltal|Yveltal|83/100
|-ability|p2a: Yveltal|Dark Aura
|turn|28
|c| memedose46|ggs
|
|t:|1634636249
|move|p2a: Yveltal|Sucker Punch|p1a: Darmanitan
|-damage|p1a: Darmanitan|0 fnt
|faint|p1a: Darmanitan
|
|win|DanDaMan99
|n|☆iamnotagenius|iamnotagenius
|n|☆DanDaMan99|dandaman99
|n|*Lady Monita ☽|ladymonita
|n| Aedui|aedui
|n| Giove97|giove97
|n| Windwalker475|windwalker475
|n| PokemonCestDur|pokemoncestdur
|n| memedose46|memedose46
|n| Apocalypxe77|apocalypxe77
|n| Kingston9629|kingston9629
|n| ii88|ii88
