|j|☆Magikarp4000
|j|☆yourwelcomethank
|inactive|Battle timer is ON: inactive players will automatically lose when time's up.
|t:|1604093311
|player|p1|Magikarp4000|steven|
|player|p2|yourwelcomethank|hiker-gen4|
|teamsize|p1|6
|teamsize|p2|6
|gametype|singles
|gen|8
|tier|[Gen 8] Ubers
|rated|Tournament battle
|clearpoke
|poke|p1|Calyrex-Shadow|
|poke|p1|Kyogre|
|poke|p1|Zacian-Crowned|
|poke|p1|Yveltal|
|poke|p1|Necrozma-Dusk-Mane|
|poke|p1|Marshadow|
|poke|p2|Kyogre|
|poke|p2|Ho-Oh|
|poke|p2|Garchomp, M|
|poke|p2|Calyrex-Shadow|
|poke|p2|Quagsire, M|
|poke|p2|Yveltal|
|rule|Sleep Clause Mod: Limit one foe put to sleep
|rule|Species Clause: Limit one of each Pokémon
|rule|OHKO Clause: OHKO moves are banned
|rule|Evasion Moves Clause: Evasion moves are banned
|rule|Endless Battle Clause: Forcing endless battles is banned
|rule|HP Percentage Mod: HP is shown in percentages
|teampreview
|c|☆Magikarp4000|glhf
|
|t:|1604093325
|start
|switch|p1a: Kyogre|Kyogre|100/100
|switch|p2a: Garchomp|Garchomp, M|100/100
|-weather|RainDance|[from] ability: Drizzle|[of] p1a: Kyogre
|turn|1
|
|t:|1604093339
|move|p2a: Garchomp|Stealth Rock|p1a: Kyogre
|-sidestart|p1: Magikarp4000|move: Stealth Rock
|move|p1a: Kyogre|Ice Beam|p2a: Garchomp
|-supereffective|p2a: Garchomp
|-enditem|p2a: Garchomp|Focus Sash
|-damage|p2a: Garchomp|1/100
|
|-weather|RainDance|[upkeep]
|upkeep
|turn|2
|
|t:|1604093362
|move|p2a: Garchomp|Dragon Claw|p1a: Kyogre
|-damage|p1a: Kyogre|59/100
|move|p1a: Kyogre|Water Spout|p2a: Garchomp
|-damage|p2a: Garchomp|0 fnt
|faint|p2a: Garchomp
|
|-weather|RainDance|[upkeep]
|upkeep
|
|t:|1604093372
|switch|p2a: Calyrex|Calyrex-Shadow|100/100
|-ability|p2a: Calyrex|As One
|-ability|p2a: Calyrex|Unnerve|p1: Magikarp4000
|turn|3
|
|t:|1604093382
|switch|p1a: Yveltal|Yveltal|100/100
|-ability|p1a: Yveltal|Dark Aura
|move|p2a: Calyrex|Substitute|p2a: Calyrex
|-start|p2a: Calyrex|Substitute
|-damage|p2a: Calyrex|76/100
|
|-weather|RainDance|[upkeep]
|upkeep
|turn|4
|
|t:|1604093393
|move|p2a: Calyrex|Draining Kiss|p1a: Yveltal
|-supereffective|p1a: Yveltal
|-damage|p1a: Yveltal|48/100
|-heal|p2a: Calyrex|100/100|[from] drain|[of] p1a: Yveltal
|-damage|p2a: Calyrex|91/100|[from] item: Life Orb
|move|p1a: Yveltal|Dark Pulse|p2a: Calyrex
|-supereffective|p2a: Calyrex
|-end|p2a: Calyrex|Substitute
|
|-weather|RainDance|[upkeep]
|upkeep
|turn|5
|
|t:|1604093401
|move|p1a: Yveltal|Sucker Punch||[still]
|-fail|p1a: Yveltal
|move|p2a: Calyrex|Substitute|p2a: Calyrex
|-start|p2a: Calyrex|Substitute
|-damage|p2a: Calyrex|66/100
|
|-weather|none
|upkeep
|turn|6
|
|t:|1604093410
|-start|p1a: Yveltal|Dynamax
|-heal|p1a: Yveltal|48/100|[silent]
|move|p2a: Calyrex|Draining Kiss|p1a: Yveltal
|-supereffective|p1a: Yveltal
|-damage|p1a: Yveltal|26/100
|-heal|p2a: Calyrex|100/100|[from] drain|[of] p1a: Yveltal
|-damage|p2a: Calyrex|91/100|[from] item: Life Orb
|move|p1a: Yveltal|Max Airstream|p2a: Calyrex
|-end|p2a: Calyrex|Substitute
|-boost|p1a: Yveltal|spe|1
|
|upkeep
|turn|7
|
|t:|1604093428
|switch|p2a: Quagsire|Quagsire, M|100/100
|move|p1a: Yveltal|Max Darkness|p2a: Quagsire
|-damage|p2a: Quagsire|0 fnt
|faint|p2a: Quagsire
|
|upkeep
|
|t:|1604093441
|switch|p2a: Ho-Oh|Ho-Oh|100/100
|turn|8
|
|t:|1604093453
|move|p1a: Yveltal|Max Darkness|p2a: Ho-Oh
|-damage|p2a: Ho-Oh|58/100
|-unboost|p2a: Ho-Oh|spd|1
|move|p2a: Ho-Oh|Brave Bird|p1a: Yveltal
|-damage|p1a: Yveltal|0 fnt
|-damage|p2a: Ho-Oh|41/100|[from] Recoil
|faint|p1a: Yveltal
|
|upkeep
|
|t:|1604093459
|switch|p1a: Zacian|Zacian-Crowned|100/100
|-damage|p1a: Zacian|94/100|[from] Stealth Rock
|-ability|p1a: Zacian|Intrepid Sword|boost
|-boost|p1a: Zacian|atk|1
|turn|9
|
|t:|1604093472
|switch|p2a: Yveltal|Yveltal|100/100
|-ability|p2a: Yveltal|Dark Aura
|move|p1a: Zacian|Psychic Fangs|p2a: Yveltal
|-immune|p2a: Yveltal
|
|upkeep
|turn|10
|
|t:|1604093482
|move|p1a: Zacian|Behemoth Blade|p2a: Yveltal
|-damage|p2a: Yveltal|31/100
|move|p2a: Yveltal|Dark Pulse|p1a: Zacian
|-resisted|p1a: Zacian
|-damage|p1a: Zacian|75/100
|
|upkeep
|turn|11
|
|t:|1604093489
|move|p1a: Zacian|Behemoth Blade|p2a: Yveltal
|-damage|p2a: Yveltal|0 fnt
|faint|p2a: Yveltal
|
|upkeep
|
|t:|1604093495
|switch|p2a: Calyrex|Calyrex-Shadow|91/100
|-ability|p2a: Calyrex|As One
|-ability|p2a: Calyrex|Unnerve|p1: Magikarp4000
|turn|12
|
|t:|1604093513
|move|p2a: Calyrex|Astral Barrage|p1a: Zacian
|-damage|p1a: Zacian|0 fnt
|-damage|p2a: Calyrex|81/100|[from] item: Life Orb
|faint|p1a: Zacian
|-boost|p2a: Calyrex|spa|1
|
|upkeep
|
|t:|1604093517
|switch|p1a: Marshadow|Marshadow|100/100
|-damage|p1a: Marshadow|94/100|[from] Stealth Rock
|turn|13
|
|t:|1604093530
|switch|p2a: Ho-Oh|Ho-Oh|74/100
|move|p1a: Marshadow|Spectral Thief|p2a: Ho-Oh
|-damage|p2a: Ho-Oh|31/100
|
|upkeep
|turn|14
|
|t:|1604093541
|-start|p2a: Ho-Oh|Dynamax
|-heal|p2a: Ho-Oh|31/100|[silent]
|move|p1a: Marshadow|Spectral Thief|p2a: Ho-Oh
|-damage|p2a: Ho-Oh|9/100
|move|p2a: Ho-Oh|Max Airstream|p1a: Marshadow
|-supereffective|p1a: Marshadow
|-damage|p1a: Marshadow|0 fnt
|-boost|p2a: Ho-Oh|spe|1
|faint|p1a: Marshadow
|
|upkeep
|
|t:|1604093558
|switch|p1a: Calyrex|Calyrex-Shadow|100/100
|-ability|p1a: Calyrex|As One
|-ability|p1a: Calyrex|Unnerve|p2: yourwelcomethank
|-damage|p1a: Calyrex|88/100|[from] Stealth Rock
|turn|15
|
|t:|1604093562
|move|p1a: Calyrex|Astral Barrage|p2a: Ho-Oh
|-damage|p2a: Ho-Oh|0 fnt
|faint|p2a: Ho-Oh
|-boost|p1a: Calyrex|spa|1
|
|upkeep
|
|t:|1604093564
|switch|p2a: Kyogre|Kyogre|100/100
|-weather|RainDance|[from] ability: Drizzle|[of] p2a: Kyogre
|turn|16
|
|t:|1604093568
|move|p2a: Kyogre|Water Spout|p1a: Calyrex
|-damage|p1a: Calyrex|0 fnt
|faint|p1a: Calyrex
|
|-weather|RainDance|[upkeep]
|upkeep
|
|t:|1604093573
|switch|p1a: Kyogre|Kyogre|59/100
|-damage|p1a: Kyogre|47/100|[from] Stealth Rock
|turn|17
|
|t:|1604093576
|move|p2a: Kyogre|Water Spout|p1a: Kyogre
|-resisted|p1a: Kyogre
|-damage|p1a: Kyogre|16/100
|move|p1a: Kyogre|Thunder|p2a: Kyogre
|-supereffective|p2a: Kyogre
|-damage|p2a: Kyogre|40/100
|-status|p2a: Kyogre|par
|
|-weather|RainDance|[upkeep]
|upkeep
|turn|18
|
|t:|1604093581
|move|p1a: Kyogre|Thunder|p2a: Kyogre
|-supereffective|p2a: Kyogre
|-damage|p2a: Kyogre|0 fnt
|faint|p2a: Kyogre
|
|-weather|RainDance|[upkeep]
|upkeep
|
|t:|1604093584
|switch|p2a: Calyrex|Calyrex-Shadow|81/100
|-ability|p2a: Calyrex|As One
|-ability|p2a: Calyrex|Unnerve|p1: Magikarp4000
|turn|19
|c|☆Magikarp4000|ggwp
|
|t:|1604093590
|move|p2a: Calyrex|Astral Barrage|p1a: Kyogre
|-damage|p1a: Kyogre|0 fnt
|-damage|p2a: Calyrex|71/100|[from] item: Life Orb
|faint|p1a: Kyogre
|-boost|p2a: Calyrex|spa|1
|
|-weather|RainDance|[upkeep]
|upkeep
|
|t:|1604093592
|switch|p1a: Necrozma|Necrozma-Dusk-Mane|100/100
|-damage|p1a: Necrozma|94/100|[from] Stealth Rock
|turn|20
|c|☆yourwelcomethank|ggwp
|
|t:|1604093596
|move|p2a: Calyrex|Astral Barrage|p1a: Necrozma
|-supereffective|p1a: Necrozma
|-damage|p1a: Necrozma|0 fnt
|-damage|p2a: Calyrex|61/100|[from] item: Life Orb
|faint|p1a: Necrozma
|
|win|yourwelcomethank
|l|☆Magikarp4000
