|j|☆Dun 26
|j|☆QiYu5
|t:|1662905606
|gametype|singles
|player|p1|Dun 26|skyla|1574
|player|p2|QiYu5|drayden|1550
|teamsize|p1|6
|teamsize|p2|6
|gen|8
|tier|[Gen 8] Ubers
|rated|
|rule|Sleep Clause Mod: Limit one foe put to sleep
|rule|Species Clause: Limit one of each Pokémon
|rule|OHKO Clause: OHKO moves are banned
|rule|Evasion Items Clause: Evasion items are banned
|rule|Evasion Moves Clause: Evasion moves are banned
|rule|Endless Battle Clause: Forcing endless battles is banned
|rule|HP Percentage Mod: HP is shown in percentages
|rule|Dynamax Clause: You cannot dynamax
|clearpoke
|poke|p1|Tapu Koko|
|poke|p1|Landorus-Therian, M|
|poke|p1|Zoroark, F|
|poke|p1|Necrozma-Dusk-Mane|
|poke|p1|Yveltal|
|poke|p1|Regieleki|
|poke|p2|Ferrothorn, F|
|poke|p2|Toxapex, F|
|poke|p2|Tyranitar, F|
|poke|p2|Blissey, F|
|poke|p2|Kyogre|
|poke|p2|Landorus-Therian, M|
|teampreview
|j|+Dragonillis
|inactive|Battle timer is ON: inactive players will automatically lose when time's up. (requested by Dun 26)
|
|t:|1662905658
|start
|switch|p1a: Regieleki|Regieleki|100/100
|switch|p2a: 三拳打死镇关西|Tyranitar, F|100/100
|-weather|Sandstorm|[from] ability: Sand Stream|[of] p2a: 三拳打死镇关西
|turn|1
|
|t:|1662905665
|switch|p1a: Landorus|Landorus-Therian, M|100/100
|-ability|p1a: Landorus|Intimidate|boost
|-unboost|p2a: 三拳打死镇关西|atk|1
|move|p2a: 三拳打死镇关西|Stealth Rock|p1a: Landorus
|-sidestart|p1: Dun 26|move: Stealth Rock
|
|-weather|Sandstorm|[upkeep]
|upkeep
|turn|2
|
|t:|1662905670
|switch|p2a: 听 嘤 海哭的声音|Kyogre|100/100
|-weather|RainDance|[from] ability: Drizzle|[of] p2a: 听 嘤 海哭的声音
|move|p1a: Landorus|Defog|p2a: 听 嘤 海哭的声音
|-unboost|p2a: 听 嘤 海哭的声音|evasion|1
|-sideend|p1: Dun 26|Stealth Rock|[from] move: Defog|[of] p1a: Landorus
|
|-weather|RainDance|[upkeep]
|upkeep
|turn|3
|
|t:|1662905676
|switch|p1a: Yveltal|Yveltal|100/100
|-ability|p1a: Yveltal|Dark Aura
|move|p2a: 听 嘤 海哭的声音|Calm Mind|p2a: 听 嘤 海哭的声音
|-boost|p2a: 听 嘤 海哭的声音|spa|1
|-boost|p2a: 听 嘤 海哭的声音|spd|1
|
|-weather|RainDance|[upkeep]
|upkeep
|turn|4
|
|t:|1662905688
|move|p1a: Yveltal|Foul Play|p2a: 听 嘤 海哭的声音
|-damage|p2a: 听 嘤 海哭的声音|78/100
|move|p2a: 听 嘤 海哭的声音|Scald|p1a: Yveltal
|-damage|p1a: Yveltal|48/100
|
|-weather|RainDance|[upkeep]
|-heal|p2a: 听 嘤 海哭的声音|84/100|[from] item: Leftovers
|upkeep
|turn|5
|
|t:|1662905695
|move|p1a: Yveltal|Roost|p1a: Yveltal
|-heal|p1a: Yveltal|98/100
|-singleturn|p1a: Yveltal|move: Roost
|move|p2a: 听 嘤 海哭的声音|Scald|p1a: Yveltal
|-damage|p1a: Yveltal|51/100
|
|-weather|RainDance|[upkeep]
|-heal|p2a: 听 嘤 海哭的声音|91/100|[from] item: Leftovers
|upkeep
|turn|6
|
|t:|1662905697
|switch|p1a: Tapu Koko|Tapu Koko|100/100
|-fieldstart|move: Electric Terrain|[from] ability: Electric Surge|[of] p1a: Tapu Koko
|move|p2a: 听 嘤 海哭的声音|Calm Mind|p2a: 听 嘤 海哭的声音
|-boost|p2a: 听 嘤 海哭的声音|spa|1
|-boost|p2a: 听 嘤 海哭的声音|spd|1
|
|-weather|none
|-heal|p2a: 听 嘤 海哭的声音|97/100|[from] item: Leftovers
|upkeep
|turn|7
|
|t:|1662905699
|move|p1a: Tapu Koko|Thunder Punch|p2a: 听 嘤 海哭的声音
|-supereffective|p2a: 听 嘤 海哭的声音
|-damage|p2a: 听 嘤 海哭的声音|50/100
|move|p2a: 听 嘤 海哭的声音|Scald|p1a: Tapu Koko
|-damage|p1a: Tapu Koko|0 fnt
|faint|p1a: Tapu Koko
|
|-heal|p2a: 听 嘤 海哭的声音|56/100|[from] item: Leftovers
|upkeep
|
|t:|1662905702
|switch|p1a: Regieleki|Regieleki|100/100
|turn|8
|
|t:|1662905708
|move|p1a: Regieleki|Rising Voltage|p2a: 听 嘤 海哭的声音
|-hint|Rising Voltage's BP doubled on grounded target.
|-supereffective|p2a: 听 嘤 海哭的声音
|-crit|p2a: 听 嘤 海哭的声音
|-damage|p2a: 听 嘤 海哭的声音|0 fnt
|faint|p2a: 听 嘤 海哭的声音
|
|upkeep
|
|t:|1662905711
|switch|p2a: 三拳打死镇关西|Tyranitar, F|100/100
|-weather|Sandstorm|[from] ability: Sand Stream|[of] p2a: 三拳打死镇关西
|turn|9
|
|t:|1662905714
|move|p1a: Regieleki|Rising Voltage|p2a: 三拳打死镇关西
|-hint|Rising Voltage's BP doubled on grounded target.
|-damage|p2a: 三拳打死镇关西|16/100
|move|p2a: 三拳打死镇关西|Rock Blast|p1a: Regieleki
|-damage|p1a: Regieleki|83/100
|-damage|p1a: Regieleki|64/100
|-damage|p1a: Regieleki|45/100
|-hitcount|p1a: Regieleki|3
|
|-weather|Sandstorm|[upkeep]
|-damage|p1a: Regieleki|39/100|[from] Sandstorm
|-heal|p2a: 三拳打死镇关西|22/100|[from] item: Leftovers
|upkeep
|turn|10
|
|t:|1662905721
|switch|p2a: 你从雨中来 诗化了悲哀|Blissey, F|100/100
|move|p1a: Regieleki|Rising Voltage|p2a: 你从雨中来 诗化了悲哀
|-hint|Rising Voltage's BP doubled on grounded target.
|-damage|p2a: 你从雨中来 诗化了悲哀|45/100
|
|-weather|Sandstorm|[upkeep]
|-damage|p1a: Regieleki|33/100|[from] Sandstorm
|-damage|p2a: 你从雨中来 诗化了悲哀|39/100|[from] Sandstorm
|upkeep
|turn|11
|
|t:|1662905734
|switch|p2a: 脚踏七彩祥云|Landorus-Therian, M|100/100
|-ability|p2a: 脚踏七彩祥云|Intimidate|boost
|-unboost|p1a: Regieleki|atk|1
|move|p1a: Regieleki|Rising Voltage|p2a: 脚踏七彩祥云
|-immune|p2a: 脚踏七彩祥云
|
|-weather|Sandstorm|[upkeep]
|-damage|p1a: Regieleki|27/100|[from] Sandstorm
|upkeep
|turn|12
|
|t:|1662905745
|switch|p1a: Landorus|Landorus-Therian, M|100/100
|-ability|p1a: Landorus|Intimidate|boost
|-unboost|p2a: 脚踏七彩祥云|atk|1
|switch|p2a: 兄弟抱一下 有泪你就流吧|Ferrothorn, F|100/100
|
|-weather|Sandstorm|[upkeep]
|upkeep
|turn|13
|
|t:|1662905748
|move|p1a: Landorus|U-turn|p2a: 兄弟抱一下 有泪你就流吧
|-damage|p2a: 兄弟抱一下 有泪你就流吧|88/100
|-damage|p1a: Landorus|88/100|[from] ability: Iron Barbs|[of] p2a: 兄弟抱一下 有泪你就流吧
|
|t:|1662905750
|switch|p1a: Necrozma|Necrozma-Dusk-Mane|100/100|[from]move: U-turn
|move|p2a: 兄弟抱一下 有泪你就流吧|Spikes|p1a: Necrozma
|-sidestart|p1: Dun 26|Spikes
|
|-weather|none
|-heal|p2a: 兄弟抱一下 有泪你就流吧|95/100|[from] item: Leftovers
|-fieldend|move: Electric Terrain
|upkeep
|turn|14
|
|t:|1662905760
|move|p1a: Necrozma|Taunt|p2a: 兄弟抱一下 有泪你就流吧
|-start|p2a: 兄弟抱一下 有泪你就流吧|move: Taunt
|cant|p2a: 兄弟抱一下 有泪你就流吧|move: Taunt|Spikes
|
|-heal|p2a: 兄弟抱一下 有泪你就流吧|100/100|[from] item: Leftovers
|upkeep
|turn|15
|
|t:|1662905766
|switch|p1a: Necrozma|Necrozma-Dusk-Mane|100/100
|-damage|p1a: Necrozma|88/100|[from] Spikes
|switch|p2a: 兄弟抱一下 说说你心里话|Toxapex, F|100/100
|
|-heal|p1a: Necrozma|94/100|[from] item: Leftovers
|upkeep
|turn|16
|
|t:|1662905771
|move|p1a: Necrozma|Dragon Dance|p1a: Necrozma
|-boost|p1a: Necrozma|atk|1
|-boost|p1a: Necrozma|spe|1
|move|p2a: 兄弟抱一下 说说你心里话|Knock Off|p1a: Necrozma
|-supereffective|p1a: Necrozma
|-damage|p1a: Necrozma|79/100
|-enditem|p1a: Necrozma|Leftovers|[from] move: Knock Off|[of] p2a: 兄弟抱一下 说说你心里话
|
|upkeep
|turn|17
|
|t:|1662905775
|switch|p2a: 兄弟抱一下 有泪你就流吧|Ferrothorn, F|100/100
|move|p1a: Necrozma|Dragon Dance|p1a: Necrozma
|-boost|p1a: Necrozma|atk|1
|-boost|p1a: Necrozma|spe|1
|
|upkeep
|turn|18
|
|t:|1662905778
|move|p1a: Necrozma|Dragon Dance|p1a: Necrozma
|-boost|p1a: Necrozma|atk|1
|-boost|p1a: Necrozma|spe|1
|move|p2a: 兄弟抱一下 有泪你就流吧|Iron Defense|p2a: 兄弟抱一下 有泪你就流吧
|-boost|p2a: 兄弟抱一下 有泪你就流吧|def|2
|
|upkeep
|turn|19
|
|t:|1662905780
|move|p1a: Necrozma|Earthquake|p2a: 兄弟抱一下 有泪你就流吧
|-damage|p2a: 兄弟抱一下 有泪你就流吧|76/100
|move|p2a: 兄弟抱一下 有泪你就流吧|Iron Defense|p2a: 兄弟抱一下 有泪你就流吧
|-boost|p2a: 兄弟抱一下 有泪你就流吧|def|2
|
|-heal|p2a: 兄弟抱一下 有泪你就流吧|82/100|[from] item: Leftovers
|upkeep
|turn|20
|
|t:|1662905783
|move|p1a: Necrozma|Dragon Dance|p1a: Necrozma
|-boost|p1a: Necrozma|atk|1
|-boost|p1a: Necrozma|spe|1
|move|p2a: 兄弟抱一下 有泪你就流吧|Leech Seed|p1a: Necrozma
|-start|p1a: Necrozma|move: Leech Seed
|
|-heal|p2a: 兄弟抱一下 有泪你就流吧|89/100|[from] item: Leftovers
|-damage|p1a: Necrozma|67/100|[from] Leech Seed|[of] p2a: 兄弟抱一下 有泪你就流吧
|-heal|p2a: 兄弟抱一下 有泪你就流吧|100/100|[silent]
|upkeep
|turn|21
|
|t:|1662905785
|move|p1a: Necrozma|Dragon Dance|p1a: Necrozma
|-boost|p1a: Necrozma|atk|1
|-boost|p1a: Necrozma|spe|1
|move|p2a: 兄弟抱一下 有泪你就流吧|Iron Defense|p2a: 兄弟抱一下 有泪你就流吧
|-boost|p2a: 兄弟抱一下 有泪你就流吧|def|2
|
|-damage|p1a: Necrozma|55/100|[from] Leech Seed|[of] p2a: 兄弟抱一下 有泪你就流吧
|upkeep
|turn|22
|
|t:|1662905786
|move|p1a: Necrozma|Dragon Dance|p1a: Necrozma
|-boost|p1a: Necrozma|atk|1
|-boost|p1a: Necrozma|spe|1
|move|p2a: 兄弟抱一下 有泪你就流吧|Spikes|p1a: Necrozma
|-sidestart|p1: Dun 26|Spikes
|
|-damage|p1a: Necrozma|42/100|[from] Leech Seed|[of] p2a: 兄弟抱一下 有泪你就流吧
|upkeep
|turn|23
|
|t:|1662905789
|move|p1a: Necrozma|Morning Sun|p1a: Necrozma
|-heal|p1a: Necrozma|92/100
|move|p2a: 兄弟抱一下 有泪你就流吧|Spikes|p1a: Necrozma
|-sidestart|p1: Dun 26|Spikes
|
|-damage|p1a: Necrozma|80/100|[from] Leech Seed|[of] p2a: 兄弟抱一下 有泪你就流吧
|upkeep
|turn|24
|
|t:|1662905792
|move|p1a: Necrozma|Earthquake|p2a: 兄弟抱一下 有泪你就流吧
|-damage|p2a: 兄弟抱一下 有泪你就流吧|82/100
|move|p2a: 兄弟抱一下 有泪你就流吧|Body Press|p1a: Necrozma
|-damage|p1a: Necrozma|0 fnt
|faint|p1a: Necrozma
|
|-heal|p2a: 兄弟抱一下 有泪你就流吧|88/100|[from] item: Leftovers
|upkeep
|
|t:|1662905800
|switch|p1a: Regieleki|Regieleki|27/100
|-damage|p1a: Regieleki|2/100|[from] Spikes
|turn|25
|c|☆Dun 26|Gg
|-message|Dun 26 forfeited.
|
|win|QiYu5
|raw|Dun 26's rating: 1574 &rarr; <strong>1553</strong><br />(-21 for losing)
|raw|QiYu5's rating: 1550 &rarr; <strong>1571</strong><br />(+21 for winning)
|l|☆Dun 26
|l|☆QiYu5
||Ladder isn't responding, score probably updated but might not have (Request timeout).
