|j|☆Scavet
|j|☆Nael222
|t:|1662153140
|gametype|singles
|player|p1|Scavet|chase|
|player|p2|Nael222|1|
|teamsize|p1|6
|teamsize|p2|6
|gen|8
|tier|[Gen 8] Ubers
|rule|Sleep Clause Mod: Limit one foe put to sleep
|rule|Species Clause: Limit one of each Pokémon
|rule|OHKO Clause: OHKO moves are banned
|rule|Evasion Items Clause: Evasion items are banned
|rule|Evasion Moves Clause: Evasion moves are banned
|rule|Endless Battle Clause: Forcing endless battles is banned
|rule|HP Percentage Mod: HP is shown in percentages
|rule|Dynamax Clause: You cannot dynamax
|clearpoke
|poke|p1|Hatterene, F|
|poke|p1|Dracovish|
|poke|p1|Melmetal|
|poke|p1|Porygon2|
|poke|p1|Magearna|
|poke|p1|Calyrex-Ice|
|poke|p2|Slurpuff, M|
|poke|p2|Calyrex-Shadow|
|poke|p2|Xerneas-*|
|poke|p2|Eternatus|
|poke|p2|Yveltal|
|poke|p2|Necrozma-Dusk-Mane|
|teampreview
|c|☆Scavet|hf !
|c|☆Nael222|Ah
|c|☆Nael222|Ca va etre dur ça
|c|☆Nael222|Hf
|c|☆Scavet|je vais link
|l|☆Nael222
|player|p2|
|j|☆Nael222
|player|p2|Nael222|1
|j| H1ruko
|c| H1ruko|allez seigneur nael
|j| biloulehibou
|c|☆Nael222|Jvais pas mytho jvois pas comment je gagne
|
|t:|1662153217
|start
|switch|p1a: Miroir Magik|Hatterene, F|100/100
|switch|p2a: Yveltal|Yveltal|100/100
|-ability|p2a: Yveltal|Dark Aura
|turn|1
|j| LE GRAND BILOU
|j| Je bois mon pipi
|c| Je bois mon pipi|nael
|c|☆Scavet|il faut croire en les reves
|j| Drafeu-kun
|j|%Clementine
|c| Je bois mon pipi|est-ce que tu t'es re-trituré le morphéo depuis la dernière fois ?
|c| LE GRAND BILOU|pitié stop
|c|☆Nael222|Mdr keskidi
|c| LE GRAND BILOU|jsp frr mdrrr
|c|☆Scavet|il a bu
|inactive|Battle timer is ON: inactive players will automatically lose when time's up. (requested by Nael222)
|c| Drafeu-kun|Oqo t'es vraiment insanement cringe
|
|t:|1662153321
|move|p2a: Yveltal|Dark Pulse|p1a: Miroir Magik
|-damage|p1a: Miroir Magik|43/100
|move|p1a: Miroir Magik|Trick Room|p1a: Miroir Magik
|-fieldstart|move: Trick Room|[of] p1a: Miroir Magik
|
|upkeep
|turn|2
|c| Je bois mon pipi|merci
|c| Je bois mon pipi|tu sasi
|c|☆Scavet|/log Scavet made this room public.
|c|☆Scavet|j'ai oublié de publicroom
|inactive|Scavet has 270 seconds left.
|inactive|Nael222 has 270 seconds left.
|c| Je bois mon pipi|ça demande vraiment un investissement gargantuesque pour arriver à ces résultats
|c|%Clementine|/log Je bois mon pipi was locked from talking for a week by Clementine. (insanely cringe user with a tendency for inappropriate comments in public games (https://replay.pokemonshowdown.com/gen8uu-1654589704))
|c|☆Nael222|MDRRRR
|c|%Clementine|Va falloir sérieusement se calmer
|c| LE GRAND BILOU|BAHAHAHA
|c|☆Scavet|bonsoir clementine
|inactive|Scavet has 240 seconds left.
|c| LE GRAND BILOU|AAAAAAAAH
|c| LE GRAND BILOU|JE MEURS
|inactive|Scavet has 210 seconds left.
|
|t:|1662153424
|switch|p2a: Necrozma|Necrozma-Dusk-Mane|100/100
|move|p1a: Miroir Magik|Healing Wish|p1a: Miroir Magik
|faint|p1a: Miroir Magik
|
|upkeep
|c| Drafeu-kun|PTDRRRRR Clémentine et son beau marteau
|
|t:|1662153432
|switch|p1a: Prognathe|Dracovish|100/100
|turn|3
|
|t:|1662153441
|switch|p2a: Eternatus|Eternatus|100/100
|-ability|p2a: Eternatus|Pressure
|move|p1a: Prognathe|Fishious Rend|p2a: Eternatus
|-resisted|p2a: Eternatus
|-damage|p2a: Eternatus|29/100
|
|upkeep
|turn|4
|inactive|Scavet has 210 seconds left.
|
|t:|1662153455
|switch|p2a: Slurpuff|Slurpuff, M|100/100
|move|p1a: Prognathe|Fishious Rend|p2a: Slurpuff
|-enditem|p2a: Slurpuff|Focus Sash
|-damage|p2a: Slurpuff|1/100
|
|upkeep
|turn|5
|
|t:|1662153460
|move|p1a: Prognathe|Fishious Rend|p2a: Slurpuff
|-damage|p2a: Slurpuff|0 fnt
|faint|p2a: Slurpuff
|
|-fieldend|move: Trick Room
|upkeep
|
|t:|1662153462
|switch|p2a: Eternatus|Eternatus|29/100
|-ability|p2a: Eternatus|Pressure
|turn|6
|inactive|Scavet has 210 seconds left.
|c|☆Nael222|Jvous ai dit que j aimais bien dracovish ?
|inactive|Scavet has 180 seconds left.
|c|☆Scavet|moi je trouve il est moche
|
|t:|1662153528
|switch|p1a: Omg mystère|Porygon2|100/100
|move|p2a: Eternatus|Substitute|p2a: Eternatus
|-start|p2a: Eternatus|Substitute
|-damage|p2a: Eternatus|4/100
|
|upkeep
|turn|7
|
|t:|1662153535
|move|p2a: Eternatus|Meteor Beam||[still]
|-prepare|p2a: Eternatus|Meteor Beam
|-boost|p2a: Eternatus|spa|1
|-enditem|p2a: Eternatus|Power Herb
|-anim|p2a: Eternatus|Meteor Beam|p1a: Omg mystère
|-damage|p1a: Omg mystère|53/100
|move|p1a: Omg mystère|Trick Room|p1a: Omg mystère
|-fieldstart|move: Trick Room|[of] p1a: Omg mystère
|
|upkeep
|turn|8
|c| H1ruko|nael tu peux que win !
|c| H1ruko|( en vrai jcp )
|inactive|Scavet has 150 seconds left.
|
|t:|1662153571
|move|p2a: Eternatus|Dynamax Cannon|p1a: Omg mystère
|-damage|p1a: Omg mystère|0 fnt
|faint|p1a: Omg mystère
|
|upkeep
|
|t:|1662153573
|switch|p1a: Poing de fer|Melmetal|100/100
|turn|9
|
|t:|1662153580
|move|p1a: Poing de fer|Double Iron Bash|p2a: Eternatus
|-end|p2a: Eternatus|Substitute
|-damage|p2a: Eternatus|0 fnt
|faint|p2a: Eternatus
|-hitcount|p2: Eternatus|2
|
|upkeep
|
|t:|1662153585
|switch|p2a: Necrozma|Necrozma-Dusk-Mane|100/100
|turn|10
|
|t:|1662153603
|switch|p1a: Prognathe|Dracovish|100/100
|move|p2a: Necrozma|Earthquake|p1a: Prognathe
|-damage|p1a: Prognathe|45/100
|-damage|p2a: Necrozma|91/100|[from] item: Life Orb
|
|upkeep
|turn|11
|j| MS3D
|inactive|Nael222 has 270 seconds left.
|inactive|Nael222 has 240 seconds left.
|
|t:|1662153664
|switch|p2a: Yveltal|Yveltal|100/100
|-ability|p2a: Yveltal|Dark Aura
|move|p1a: Prognathe|Fishious Rend|p2a: Yveltal
|-damage|p2a: Yveltal|0 fnt
|faint|p2a: Yveltal
|
|-fieldend|move: Trick Room
|upkeep
|inactive|Nael222 has 240 seconds left.
|
|t:|1662153670
|switch|p2a: Calyrex|Calyrex-Shadow|100/100
|-ability|p2a: Calyrex|As One
|-ability|p2a: Calyrex|Unnerve
|turn|12
|inactive|Scavet has 180 seconds left.
|inactive|Scavet has 150 seconds left.
|c|☆Nael222|Jvais peter mon crane quand le calyrex va etre sash
|inactive|Scavet has 120 seconds left.
|inactive|Scavet has 90 seconds left.
|inactive|Scavet has 60 seconds left.
|inactive|Scavet has 30 seconds left.
|
|t:|1662153826
|switch|p1a: Poing de fer|Melmetal|100/100
|move|p2a: Calyrex|Nasty Plot|p2a: Calyrex
|-boost|p2a: Calyrex|spa|2
|
|upkeep
|turn|13
|
|t:|1662153831
|move|p2a: Calyrex|Astral Barrage|p1a: Poing de fer
|-damage|p1a: Poing de fer|0 fnt
|faint|p1a: Poing de fer
|-ability|p2a: Calyrex|Grim Neigh|boost
|-boost|p2a: Calyrex|spa|1
|
|upkeep
|
|t:|1662153835
|switch|p1a: Osmose Équine|Calyrex-Ice|100/100
|-ability|p1a: Osmose Équine|As One
|-ability|p1a: Osmose Équine|Unnerve
|turn|14
|
|t:|1662153839
|move|p2a: Calyrex|Astral Barrage|p1a: Osmose Équine
|-supereffective|p1a: Osmose Équine
|-enditem|p1a: Osmose Équine|Focus Sash
|-damage|p1a: Osmose Équine|1/100
|move|p1a: Osmose Équine|Trick Room|p1a: Osmose Équine
|-fieldstart|move: Trick Room|[of] p1a: Osmose Équine
|
|upkeep
|turn|15
|inactive|Scavet has 60 seconds left.
|inactive|Nael222 has 270 seconds left.
|c| Drafeu-kun|CRAAAAC (le bruit du crâne de Nael qui pète)
|c|☆Nael222|Oe sinon c pas drole x)
|
|t:|1662153873
|switch|p2a: Necrozma|Necrozma-Dusk-Mane|91/100
|move|p1a: Osmose Équine|Glacial Lance|p2a: Necrozma
|-resisted|p2a: Necrozma
|-damage|p2a: Necrozma|52/100
|
|upkeep
|turn|16
|
|t:|1662153879
|switch|p2a: Xerneas|Xerneas|100/100
|-ability|p2a: Xerneas|Fairy Aura
|move|p1a: Osmose Équine|High Horsepower|p2a: Xerneas
|-damage|p2a: Xerneas|65/100
|
|upkeep
|turn|17
|
|t:|1662153887
|switch|p2a: Necrozma|Necrozma-Dusk-Mane|52/100
|move|p1a: Osmose Équine|Glacial Lance|p2a: Necrozma
|-resisted|p2a: Necrozma
|-crit|p2a: Necrozma
|-damage|p2a: Necrozma|0 fnt
|faint|p2a: Necrozma
|-ability|p1a: Osmose Équine|Chilling Neigh|boost
|-boost|p1a: Osmose Équine|atk|1
|
|upkeep
|
|t:|1662153890
|switch|p2a: Calyrex|Calyrex-Shadow|100/100
|-ability|p2a: Calyrex|As One
|-ability|p2a: Calyrex|Unnerve
|turn|18
|c|☆Scavet|déso
|c| H1ruko|coup crit sa joue ?
|
|t:|1662153899
|move|p1a: Osmose Équine|Glacial Lance|p2a: Calyrex
|-enditem|p2a: Calyrex|Focus Sash
|-damage|p2a: Calyrex|1/100
|move|p2a: Calyrex|Nasty Plot|p2a: Calyrex
|-boost|p2a: Calyrex|spa|2
|
|-fieldend|move: Trick Room
|upkeep
|turn|19
|c|☆Nael222|Non
|c|☆Nael222|Gg
|inactive|Scavet has 60 seconds left.
|c|☆Scavet|a
|c|☆Scavet|gg
|
|t:|1662153910
|move|p2a: Calyrex|Astral Barrage|p1a: Osmose Équine
|-supereffective|p1a: Osmose Équine
|-damage|p1a: Osmose Équine|0 fnt
|faint|p1a: Osmose Équine
|-ability|p2a: Calyrex|Grim Neigh|boost
|-boost|p2a: Calyrex|spa|1
|
|upkeep
|
|t:|1662153912
|switch|p1a: Animacœur|Magearna|100/100
|turn|20
|
|t:|1662153914
|move|p2a: Calyrex|Astral Barrage|p1a: Animacœur
|-damage|p1a: Animacœur|0 fnt
|faint|p1a: Animacœur
|-ability|p2a: Calyrex|Grim Neigh|boost
|-boost|p2a: Calyrex|spa|1
|
|upkeep
|c| H1ruko|nn nael ...
|
|t:|1662153917
|switch|p1a: Prognathe|Dracovish|45/100
|-heal|p1a: Prognathe|100/100|[from] move: Healing Wish
|turn|21
|
|t:|1662153920
|move|p2a: Calyrex|Astral Barrage|p1a: Prognathe
|-damage|p1a: Prognathe|0 fnt
|faint|p1a: Prognathe
|
|win|Nael222
|c| H1ruko|OH
