|j|☆Royal1604
|j|‽Trade
|t:|1652880436
|gametype|singles
|player|p1|Royal1604|#stt4toxicboys|
|player|p2|Trade|marnie|
|teamsize|p1|6
|teamsize|p2|6
|gen|8
|tier|[Gen 8] Ubers
|rated|Tournament battle
|rule|Sleep Clause Mod: Limit one foe put to sleep
|rule|Species Clause: Limit one of each Pokémon
|rule|OHKO Clause: OHKO moves are banned
|rule|Evasion Moves Clause: Evasion moves are banned
|rule|Endless Battle Clause: Forcing endless battles is banned
|rule|HP Percentage Mod: HP is shown in percentages
|rule|Dynamax Clause: You cannot dynamax
|clearpoke
|poke|p1|Xerneas-*|
|poke|p1|Necrozma-Dusk-Mane|
|poke|p1|Eternatus|
|poke|p1|Yveltal|
|poke|p1|Palkia|
|poke|p1|Kyogre|
|poke|p2|Calyrex-Ice|
|poke|p2|Ferrothorn, M|
|poke|p2|Yveltal|
|poke|p2|Necrozma-Dusk-Mane|
|poke|p2|Eternatus|
|poke|p2|Marshadow|
|teampreview
|inactive|Battle timer is ON: inactive players will automatically lose when time's up. (requested by Royal1604)
|
|t:|1652880443
|start
|switch|p1a: But Still|Eternatus|100/100
|switch|p2a: Calyrex|Calyrex-Ice|100/100
|-ability|p2a: Calyrex|As One
|-ability|p2a: Calyrex|Unnerve
|-ability|p1a: But Still|Pressure
|turn|1
|j|+Hoennseptile
|j| reje
|
|t:|1652880457
|move|p1a: But Still|Flamethrower|p2a: Calyrex
|-supereffective|p2a: Calyrex
|-damage|p2a: Calyrex|59/100
|move|p2a: Calyrex|Glacial Lance|p1a: But Still
|-supereffective|p1a: But Still
|-damage|p1a: But Still|0 fnt
|faint|p1a: But Still
|-ability|p2a: Calyrex|Chilling Neigh|boost
|-boost|p2a: Calyrex|atk|1
|
|upkeep
|
|t:|1652880464
|switch|p1a: Inder|Kyogre|100/100
|-weather|RainDance|[from] ability: Drizzle|[of] p1a: Inder
|turn|2
|
|t:|1652880468
|switch|p2a: Eternatus|Eternatus|100/100
|-ability|p2a: Eternatus|Pressure
|move|p1a: Inder|Water Spout|p2a: Eternatus
|-resisted|p2a: Eternatus
|-damage|p2a: Eternatus|65/100
|
|-weather|RainDance|[upkeep]
|upkeep
|turn|3
|j| Nael222
|
|t:|1652880473
|switch|p1a: 0-6|Necrozma-Dusk-Mane|100/100
|switch|p2a: Calyrex|Calyrex-Ice|59/100
|-ability|p2a: Calyrex|As One
|-ability|p2a: Calyrex|Unnerve
|
|-weather|RainDance|[upkeep]
|upkeep
|turn|4
|
|t:|1652880476
|move|p2a: Calyrex|Trick|p1a: 0-6
|-activate|p2a: Calyrex|move: Trick|[of] p1a: 0-6
|-item|p1a: 0-6|Choice Scarf|[from] move: Trick
|-item|p2a: Calyrex|Leftovers|[from] move: Trick
|move|p1a: 0-6|Thunder Wave|p2a: Calyrex|[miss]
|-miss|p1a: 0-6|p2a: Calyrex
|
|-weather|RainDance|[upkeep]
|-heal|p2a: Calyrex|65/100|[from] item: Leftovers
|upkeep
|turn|5
|
|t:|1652880482
|switch|p2a: Ferrothorn|Ferrothorn, M|100/100
|move|p1a: 0-6|Thunder Wave|p2a: Ferrothorn
|-status|p2a: Ferrothorn|par
|
|-weather|RainDance|[upkeep]
|upkeep
|turn|6
|
|t:|1652880485
|switch|p1a: Better|Yveltal|100/100
|-ability|p1a: Better|Dark Aura
|switch|p2a: Calyrex|Calyrex-Ice|65/100
|-ability|p2a: Calyrex|As One
|-ability|p2a: Calyrex|Unnerve
|
|-weather|none
|-heal|p2a: Calyrex|71/100|[from] item: Leftovers
|upkeep
|turn|7
|
|t:|1652880491
|switch|p2a: Eternatus|Eternatus|65/100
|-ability|p2a: Eternatus|Pressure
|move|p1a: Better|Knock Off|p2a: Eternatus
|-damage|p2a: Eternatus|20/100
|-damage|p1a: Better|84/100|[from] item: Rocky Helmet|[of] p2a: Eternatus
|-enditem|p2a: Eternatus|Rocky Helmet|[from] move: Knock Off|[of] p1a: Better
|
|upkeep
|turn|8
|
|t:|1652880494
|switch|p1a: 0-6|Necrozma-Dusk-Mane|100/100
|move|p2a: Eternatus|Recover|p2a: Eternatus
|-heal|p2a: Eternatus|70/100
|
|upkeep
|turn|9
|j| warpedregi
|
|t:|1652880497
|switch|p2a: Ferrothorn|Ferrothorn, M|100/100 par
|move|p1a: 0-6|Stealth Rock|p2a: Ferrothorn
|-sidestart|p2: Trade|move: Stealth Rock
|
|upkeep
|turn|10
|
|t:|1652880504
|switch|p1a: Better|Yveltal|84/100
|-ability|p1a: Better|Dark Aura
|cant|p2a: Ferrothorn|par
|
|upkeep
|turn|11
|
|t:|1652880508
|move|p1a: Better|Taunt|p2a: Ferrothorn
|-start|p2a: Ferrothorn|move: Taunt
|cant|p2a: Ferrothorn|move: Taunt|Spikes
|
|upkeep
|turn|12
|
|t:|1652880510
|switch|p2a: Eternatus|Eternatus|70/100
|-damage|p2a: Eternatus|58/100|[from] Stealth Rock
|-ability|p2a: Eternatus|Pressure
|move|p1a: Better|Knock Off|p2a: Eternatus
|-damage|p2a: Eternatus|30/100
|
|upkeep
|turn|13
|
|t:|1652880516
|move|p2a: Eternatus|Recover|p2a: Eternatus
|-heal|p2a: Eternatus|80/100
|move|p1a: Better|Taunt|p2a: Eternatus
|-start|p2a: Eternatus|move: Taunt
|
|upkeep
|turn|14
|
|t:|1652880518
|switch|p1a: 0-6|Necrozma-Dusk-Mane|100/100
|move|p2a: Eternatus|Dynamax Cannon|p1a: 0-6
|-resisted|p1a: 0-6
|-damage|p1a: 0-6|87/100
|
|upkeep
|turn|15
|
|t:|1652880524
|switch|p2a: Ferrothorn|Ferrothorn, M|100/100 par
|-damage|p2a: Ferrothorn|94/100 par|[from] Stealth Rock
|switch|p1a: Than|Palkia|100/100
|-ability|p1a: Than|Pressure
|
|-heal|p2a: Ferrothorn|100/100 par|[from] item: Leftovers
|upkeep
|turn|16
|
|t:|1652880527
|switch|p2a: Yveltal|Yveltal|100/100
|-ability|p2a: Yveltal|Dark Aura
|move|p1a: Than|Substitute|p1a: Than
|-start|p1a: Than|Substitute
|-damage|p1a: Than|76/100
|
|-heal|p1a: Than|82/100|[from] item: Leftovers
|upkeep
|turn|17
|
|t:|1652880530
|move|p1a: Than|Bulk Up|p1a: Than
|-boost|p1a: Than|atk|1
|-boost|p1a: Than|def|1
|move|p2a: Yveltal|Knock Off|p1a: Than
|-end|p1a: Than|Substitute
|
|-heal|p1a: Than|88/100|[from] item: Leftovers
|upkeep
|turn|18
|
|t:|1652880542
|move|p1a: Than|Bulk Up|p1a: Than
|-boost|p1a: Than|atk|1
|-boost|p1a: Than|def|1
|move|p2a: Yveltal|U-turn|p1a: Than
|-damage|p1a: Than|78/100
|
|t:|1652880546
|switch|p2a: Eternatus|Eternatus|80/100|[from]move: U-turn
|-damage|p2a: Eternatus|68/100|[from] Stealth Rock
|-ability|p2a: Eternatus|Pressure
|
|-heal|p1a: Than|84/100|[from] item: Leftovers
|upkeep
|turn|19
|
|t:|1652880550
|switch|p1a: 0-6|Necrozma-Dusk-Mane|87/100
|move|p2a: Eternatus|Dynamax Cannon|p1a: 0-6
|-resisted|p1a: 0-6
|-damage|p1a: 0-6|73/100
|
|upkeep
|turn|20
|
|t:|1652880555
|switch|p2a: Ferrothorn|Ferrothorn, M|100/100 par
|-damage|p2a: Ferrothorn|94/100 par|[from] Stealth Rock
|move|p1a: 0-6|Thunder Wave|p2a: Ferrothorn
|-fail|p2a: Ferrothorn|par
|
|-heal|p2a: Ferrothorn|100/100 par|[from] item: Leftovers
|upkeep
|turn|21
|
|t:|1652880558
|switch|p1a: Better|Yveltal|84/100
|-ability|p1a: Better|Dark Aura
|switch|p2a: Eternatus|Eternatus|68/100
|-damage|p2a: Eternatus|55/100|[from] Stealth Rock
|-ability|p2a: Eternatus|Pressure
|
|upkeep
|turn|22
|
|t:|1652880562
|switch|p1a: 0-6|Necrozma-Dusk-Mane|73/100
|move|p2a: Eternatus|Flamethrower|p1a: 0-6
|-supereffective|p1a: 0-6
|-damage|p1a: 0-6|49/100
|
|upkeep
|turn|23
|
|t:|1652880565
|move|p2a: Eternatus|Recover|p2a: Eternatus
|-heal|p2a: Eternatus|100/100
|move|p1a: 0-6|Thunder Wave|p2a: Eternatus
|-status|p2a: Eternatus|par
|
|upkeep
|turn|24
|
|t:|1652880570
|switch|p1a: Better|Yveltal|84/100
|-ability|p1a: Better|Dark Aura
|move|p2a: Eternatus|Toxic|p1a: Better
|-status|p1a: Better|tox
|
|-damage|p1a: Better|78/100 tox|[from] psn
|upkeep
|turn|25
|
|t:|1652880573
|switch|p1a: 0-6|Necrozma-Dusk-Mane|49/100
|move|p2a: Eternatus|Flamethrower|p1a: 0-6
|-supereffective|p1a: 0-6
|-damage|p1a: 0-6|22/100
|
|upkeep
|turn|26
|
|t:|1652880579
|move|p1a: 0-6|Iron Head|p2a: Eternatus
|-damage|p2a: Eternatus|70/100 par
|cant|p2a: Eternatus|par
|
|upkeep
|turn|27
|
|t:|1652880581
|move|p1a: 0-6|Iron Head|p2a: Eternatus
|-damage|p2a: Eternatus|40/100 par
|cant|p2a: Eternatus|par
|
|upkeep
|turn|28
|
|t:|1652880584
|move|p1a: 0-6|Iron Head|p2a: Eternatus
|-damage|p2a: Eternatus|10/100 par
|cant|p2a: Eternatus|flinch
|
|upkeep
|turn|29
|
|t:|1652880586
|switch|p2a: Ferrothorn|Ferrothorn, M|100/100 par
|-damage|p2a: Ferrothorn|94/100 par|[from] Stealth Rock
|move|p1a: 0-6|Iron Head|p2a: Ferrothorn
|-resisted|p2a: Ferrothorn
|-damage|p2a: Ferrothorn|83/100 par
|-damage|p1a: 0-6|10/100|[from] ability: Iron Barbs|[of] p2a: Ferrothorn
|
|-heal|p2a: Ferrothorn|89/100 par|[from] item: Leftovers
|upkeep
|turn|30
|
|t:|1652880590
|move|p1a: 0-6|Iron Head|p2a: Ferrothorn
|-resisted|p2a: Ferrothorn
|-damage|p2a: Ferrothorn|77/100 par
|-damage|p1a: 0-6|0 fnt|[from] ability: Iron Barbs|[of] p2a: Ferrothorn
|faint|p1a: 0-6
|move|p2a: Ferrothorn|Spikes|p1: 0-6
|-sidestart|p1: Royal1604|Spikes
|
|-heal|p2a: Ferrothorn|83/100 par|[from] item: Leftovers
|upkeep
|
|t:|1652880599
|switch|p1a: Better|Yveltal|78/100 tox
|-ability|p1a: Better|Dark Aura
|turn|31
|
|t:|1652880606
|switch|p2a: Eternatus|Eternatus|10/100 par
|-damage|p2a: Eternatus|0 fnt|[from] Stealth Rock
|faint|p2a: Eternatus
|move|p1a: Better|Knock Off|p2: Eternatus|[notarget]
|-fail|p1a: Better
|
|-damage|p1a: Better|72/100 tox|[from] psn
|upkeep
|
|t:|1652880610
|switch|p2a: Yveltal|Yveltal|100/100
|-ability|p2a: Yveltal|Dark Aura
|turn|32
|
|t:|1652880616
|move|p1a: Better|Taunt|p2a: Yveltal
|-start|p2a: Yveltal|move: Taunt
|move|p2a: Yveltal|Knock Off|p1a: Better
|-resisted|p1a: Better
|-damage|p1a: Better|46/100 tox
|-enditem|p1a: Better|Heavy-Duty Boots|[from] move: Knock Off|[of] p2a: Yveltal
|
|-damage|p1a: Better|33/100 tox|[from] psn
|upkeep
|turn|33
|
|t:|1652880618
|move|p1a: Better|Knock Off|p2a: Yveltal
|-resisted|p2a: Yveltal
|-damage|p2a: Yveltal|79/100
|-enditem|p2a: Yveltal|Heavy-Duty Boots|[from] move: Knock Off|[of] p1a: Better
|move|p2a: Yveltal|U-turn|p1a: Better
|-crit|p1a: Better
|-damage|p1a: Better|8/100 tox
|
|t:|1652880630
|switch|p2a: Ferrothorn|Ferrothorn, M|83/100 par|[from]move: U-turn
|-damage|p2a: Ferrothorn|77/100 par|[from] Stealth Rock
|
|-heal|p2a: Ferrothorn|83/100 par|[from] item: Leftovers
|-damage|p1a: Better|0 fnt|[from] psn
|faint|p1a: Better
|upkeep
|
|t:|1652880633
|switch|p1a: Than|Palkia|84/100
|-damage|p1a: Than|71/100|[from] Spikes
|-ability|p1a: Than|Pressure
|turn|34
|
|t:|1652880637
|move|p1a: Than|Substitute|p1a: Than
|-start|p1a: Than|Substitute
|-damage|p1a: Than|46/100
|cant|p2a: Ferrothorn|par
|
|-heal|p1a: Than|52/100|[from] item: Leftovers
|-heal|p2a: Ferrothorn|89/100 par|[from] item: Leftovers
|upkeep
|turn|35
|
|t:|1652880641
|move|p1a: Than|Bulk Up|p1a: Than
|-boost|p1a: Than|atk|1
|-boost|p1a: Than|def|1
|cant|p2a: Ferrothorn|par
|
|-heal|p1a: Than|58/100|[from] item: Leftovers
|-heal|p2a: Ferrothorn|96/100 par|[from] item: Leftovers
|upkeep
|turn|36
|
|t:|1652880643
|move|p1a: Than|Bulk Up|p1a: Than
|-boost|p1a: Than|atk|1
|-boost|p1a: Than|def|1
|move|p2a: Ferrothorn|Iron Defense|p2a: Ferrothorn
|-boost|p2a: Ferrothorn|def|2
|
|-heal|p1a: Than|65/100|[from] item: Leftovers
|-heal|p2a: Ferrothorn|100/100 par|[from] item: Leftovers
|upkeep
|turn|37
|
|t:|1652880650
|switch|p1a: Road To|Xerneas|100/100
|-damage|p1a: Road To|88/100|[from] Spikes
|-ability|p1a: Road To|Fairy Aura
|move|p2a: Ferrothorn|Iron Defense|p2a: Ferrothorn
|-boost|p2a: Ferrothorn|def|2
|
|upkeep
|turn|38
|
|t:|1652880653
|move|p1a: Road To|Geomancy||[still]
|-prepare|p1a: Road To|Geomancy
|-enditem|p1a: Road To|Power Herb
|-anim|p1a: Road To|Geomancy|p1a: Road To
|-boost|p1a: Road To|spa|2
|-boost|p1a: Road To|spd|2
|-boost|p1a: Road To|spe|2
|move|p2a: Ferrothorn|Body Press|p1a: Road To
|-resisted|p1a: Road To
|-damage|p1a: Road To|52/100
|
|upkeep
|turn|39
|
|t:|1652880661
|switch|p2a: Calyrex|Calyrex-Ice|71/100
|-ability|p2a: Calyrex|As One
|-ability|p2a: Calyrex|Unnerve
|-damage|p2a: Calyrex|46/100|[from] Stealth Rock
|move|p1a: Road To|Moonblast|p2a: Calyrex
|-damage|p2a: Calyrex|0 fnt
|faint|p2a: Calyrex
|
|upkeep
|
|t:|1652880662
|switch|p2a: Necrozma|Necrozma-Dusk-Mane|100/100
|-damage|p2a: Necrozma|94/100|[from] Stealth Rock
|turn|40
|
|t:|1652880666
|move|p1a: Road To|Thunder|p2a: Necrozma
|-damage|p2a: Necrozma|45/100
|move|p2a: Necrozma|Iron Head|p1a: Road To
|-supereffective|p1a: Road To
|-damage|p1a: Road To|0 fnt
|faint|p1a: Road To
|
|-heal|p2a: Necrozma|51/100|[from] item: Leftovers
|upkeep
|
|t:|1652880675
|switch|p1a: Inder|Kyogre|100/100
|-damage|p1a: Inder|88/100|[from] Spikes
|-weather|RainDance|[from] ability: Drizzle|[of] p1a: Inder
|turn|41
|
|t:|1652880678
|move|p1a: Inder|Water Spout|p2a: Necrozma
|-crit|p2a: Necrozma
|-damage|p2a: Necrozma|0 fnt
|faint|p2a: Necrozma
|
|-weather|RainDance|[upkeep]
|upkeep
|
|t:|1652880685
|switch|p2a: Yveltal|Yveltal|79/100
|-damage|p2a: Yveltal|54/100|[from] Stealth Rock
|-ability|p2a: Yveltal|Dark Aura
|turn|42
|
|t:|1652880689
|move|p1a: Inder|Water Spout|p2a: Yveltal
|-damage|p2a: Yveltal|0 fnt
|faint|p2a: Yveltal
|
|-weather|RainDance|[upkeep]
|upkeep
|
|t:|1652880694
|switch|p2a: Marshadow|Marshadow|100/100
|-damage|p2a: Marshadow|94/100|[from] Stealth Rock
|turn|43
|
|t:|1652880696
|move|p2a: Marshadow|Shadow Sneak|p1a: Inder
|-damage|p1a: Inder|37/100
|-damage|p2a: Marshadow|84/100|[from] item: Life Orb
|move|p1a: Inder|Water Spout|p2a: Marshadow
|-damage|p2a: Marshadow|30/100
|
|-weather|RainDance|[upkeep]
|upkeep
|turn|44
|
|t:|1652880705
|move|p2a: Marshadow|Shadow Sneak|p1a: Inder
|-damage|p1a: Inder|0 fnt
|faint|p1a: Inder
|-damage|p2a: Marshadow|20/100|[from] item: Life Orb
|
|-weather|RainDance|[upkeep]
|upkeep
|
|t:|1652880709
|switch|p1a: Than|Palkia|65/100
|-damage|p1a: Than|52/100|[from] Spikes
|-ability|p1a: Than|Pressure
|turn|45
|
|t:|1652880710
|move|p2a: Marshadow|Close Combat|p1a: Than
|-damage|p1a: Than|0 fnt
|-unboost|p2a: Marshadow|def|1
|-unboost|p2a: Marshadow|spd|1
|faint|p1a: Than
|-damage|p2a: Marshadow|10/100|[from] item: Life Orb
|
|win|Trade
|n|☆Royal1604|royal1604
|n|‽Trade|trade
|n| Hoennseptile|hoennseptile
|n| reje|reje
|n| Nael222|nael222
|n| warpedregi|warpedregi
|l|☆Royal1604
