|j|☆TaKuTo-SeNpAi
|j|☆patbell818
|player|p1|TaKuTo-SeNpAi|anabel|1402
|player|p2|patbell818|crasherwake|1418
|teamsize|p1|6
|teamsize|p2|6
|gametype|singles
|gen|8
|tier|[Gen 8] Ubers
|rated|
|clearpoke
|poke|p1|Reshiram|
|poke|p1|Lunala|
|poke|p1|Quagsire, M|
|poke|p1|Tyranitar, M|
|poke|p1|Corviknight, M|
|poke|p1|Excadrill, M|
|poke|p2|Melmetal|
|poke|p2|Marshadow|
|poke|p2|Necrozma-Dusk-Mane|
|poke|p2|Eternatus|
|poke|p2|Rotom-Heat|
|poke|p2|Darmanitan-Galar, M|
|rule|Sleep Clause Mod: Limit one foe put to sleep
|rule|Species Clause: Limit one of each Pokémon
|rule|OHKO Clause: OHKO moves are banned
|rule|Evasion Moves Clause: Evasion moves are banned
|rule|Endless Battle Clause: Forcing endless battles is banned
|rule|HP Percentage Mod: HP is shown in percentages
|teampreview
|inactive|Battle timer is ON: inactive players will automatically lose when time's up. (requested by patbell818)
|inactive|TaKuTo-SeNpAi has 120 seconds left.
|
|start
|switch|p1a: Lunala|Lunala, shiny|100/100
|switch|p2a: Darmanitan|Darmanitan-Galar, M|100/100
|turn|1
|inactive|patbell818 has 120 seconds left.
|
|move|p2a: Darmanitan|U-turn|p1a: Lunala
|-damage|p1a: Lunala|85/100
|
|switch|p2a: Marshadow|Marshadow|100/100|[from]move: U-turn
|move|p1a: Lunala|Will-O-Wisp|p2a: Marshadow
|-status|p2a: Marshadow|brn
|
|-damage|p2a: Marshadow|94/100 brn|[from] brn
|upkeep
|turn|2
|inactive|patbell818 has 120 seconds left.
|inactive|TaKuTo-SeNpAi has 120 seconds left.
|
|switch|p1a: Quagsire|Quagsire, M, shiny|100/100
|move|p2a: Marshadow|Spectral Thief|p1a: Quagsire
|-damage|p1a: Quagsire|85/100
|
|-damage|p2a: Marshadow|88/100 brn|[from] brn
|upkeep
|turn|3
|inactive|TaKuTo-SeNpAi has 120 seconds left.
|inactive|patbell818 has 120 seconds left.
|
|switch|p2a: Eternatus|Eternatus|100/100
|-ability|p2a: Eternatus|Pressure
|move|p1a: Quagsire|Curse|p1a: Quagsire
|-unboost|p1a: Quagsire|spe|1
|-boost|p1a: Quagsire|atk|1
|-boost|p1a: Quagsire|def|1
|
|upkeep
|turn|4
|
|switch|p1a: Tyranitar|Tyranitar, M, shiny|100/100
|-weather|Sandstorm|[from] ability: Sand Stream|[of] p1a: Tyranitar
|move|p2a: Eternatus|Toxic|p1a: Tyranitar
|-status|p1a: Tyranitar|tox
|
|-weather|Sandstorm|[upkeep]
|-damage|p2a: Eternatus|94/100|[from] Sandstorm
|-heal|p2a: Eternatus|100/100|[from] item: Black Sludge
|-damage|p1a: Tyranitar|94/100 tox|[from] psn
|upkeep
|turn|5
|
|switch|p2a: Rotom|Rotom-Heat|100/100
|move|p1a: Tyranitar|Stealth Rock|p2a: Rotom
|-sidestart|p2: patbell818|move: Stealth Rock
|
|-weather|Sandstorm|[upkeep]
|-damage|p2a: Rotom|94/100|[from] Sandstorm
|-heal|p1a: Tyranitar|100/100 tox|[from] item: Leftovers
|-damage|p1a: Tyranitar|88/100 tox|[from] psn
|upkeep
|turn|6
|inactive|TaKuTo-SeNpAi has 120 seconds left.
|
|move|p2a: Rotom|Defog|p1a: Tyranitar
|-unboost|p1a: Tyranitar|evasion|1
|-sideend|p2: patbell818|Stealth Rock|[from] move: Defog|[of] p2a: Rotom
|move|p1a: Tyranitar|Crunch|p2a: Rotom
|-damage|p2a: Rotom|66/100
|
|-weather|Sandstorm|[upkeep]
|-damage|p2a: Rotom|60/100|[from] Sandstorm
|-heal|p1a: Tyranitar|94/100 tox|[from] item: Leftovers
|-damage|p1a: Tyranitar|76/100 tox|[from] psn
|upkeep
|turn|7
|inactive|TaKuTo-SeNpAi has 120 seconds left.
|
|move|p2a: Rotom|Volt Switch|p1a: Tyranitar
|-damage|p1a: Tyranitar|66/100 tox
|
|switch|p2a: Melmetal|Melmetal|100/100|[from]move: Volt Switch
|move|p1a: Tyranitar|Stealth Rock|p2a: Melmetal
|-sidestart|p2: patbell818|move: Stealth Rock
|
|-weather|Sandstorm|[upkeep]
|-heal|p1a: Tyranitar|72/100 tox|[from] item: Leftovers
|-damage|p1a: Tyranitar|47/100 tox|[from] psn
|upkeep
|turn|8
|
|switch|p1a: Quagsire|Quagsire, M, shiny|85/100
|move|p2a: Melmetal|Double Iron Bash|p1a: Quagsire
|-resisted|p1a: Quagsire
|-damage|p1a: Quagsire|61/100
|-resisted|p1a: Quagsire
|-damage|p1a: Quagsire|38/100
|-hitcount|p1a: Quagsire|2
|
|-weather|none
|upkeep
|turn|9
|
|move|p1a: Quagsire|Recover|p1a: Quagsire
|-heal|p1a: Quagsire|88/100
|move|p2a: Melmetal|Double Iron Bash|p1a: Quagsire
|-resisted|p1a: Quagsire
|-damage|p1a: Quagsire|63/100
|-resisted|p1a: Quagsire
|-damage|p1a: Quagsire|41/100
|-hitcount|p1a: Quagsire|2
|
|upkeep
|turn|10
|
|move|p1a: Quagsire|Recover|p1a: Quagsire
|-heal|p1a: Quagsire|91/100
|move|p2a: Melmetal|Double Iron Bash|p1a: Quagsire
|-resisted|p1a: Quagsire
|-damage|p1a: Quagsire|68/100
|-resisted|p1a: Quagsire
|-damage|p1a: Quagsire|43/100
|-hitcount|p1a: Quagsire|2
|
|upkeep
|turn|11
|
|-start|p2a: Melmetal|Dynamax
|-heal|p2a: Melmetal|100/100|[silent]
|move|p1a: Quagsire|Recover|p1a: Quagsire
|-heal|p1a: Quagsire|93/100
|move|p2a: Melmetal|Max Knuckle|p1a: Quagsire
|-damage|p1a: Quagsire|64/100
|-boost|p2a: Melmetal|atk|1
|
|upkeep
|turn|12
|
|move|p1a: Quagsire|Curse|p1a: Quagsire
|-unboost|p1a: Quagsire|spe|1
|-boost|p1a: Quagsire|atk|1
|-boost|p1a: Quagsire|def|1
|move|p2a: Melmetal|Max Quake|p1a: Quagsire
|-damage|p1a: Quagsire|40/100
|-boost|p2a: Melmetal|spd|1
|
|upkeep
|turn|13
|
|move|p2a: Melmetal|Max Knuckle|p1a: Quagsire
|-damage|p1a: Quagsire|20/100
|-boost|p2a: Melmetal|atk|1
|move|p1a: Quagsire|Recover|p1a: Quagsire
|-heal|p1a: Quagsire|70/100
|
|-end|p2a: Melmetal|Dynamax
|-heal|p2a: Melmetal|100/100|[silent]
|upkeep
|turn|14
|
|move|p2a: Melmetal|Double Iron Bash|p1a: Quagsire
|-resisted|p1a: Quagsire
|-damage|p1a: Quagsire|55/100
|-resisted|p1a: Quagsire
|-damage|p1a: Quagsire|40/100
|-hitcount|p1a: Quagsire|2
|cant|p1a: Quagsire|flinch
|
|upkeep
|turn|15
|
|move|p2a: Melmetal|Double Iron Bash|p1a: Quagsire
|-resisted|p1a: Quagsire
|-damage|p1a: Quagsire|24/100
|-resisted|p1a: Quagsire
|-damage|p1a: Quagsire|8/100
|-hitcount|p1a: Quagsire|2
|cant|p1a: Quagsire|flinch
|
|upkeep
|turn|16
|
|move|p2a: Melmetal|Double Iron Bash|p1a: Quagsire
|-resisted|p1a: Quagsire
|-damage|p1a: Quagsire|0 fnt
|-hitcount|p1a: Quagsire|1
|faint|p1a: Quagsire
|
|upkeep
|
|switch|p1a: Reshiram|Reshiram, shiny|100/100
|-ability|p1a: Reshiram|Turboblaze
|turn|17
|
|move|p1a: Reshiram|Blue Flare|p2a: Melmetal
|-supereffective|p2a: Melmetal
|-damage|p2a: Melmetal|0 fnt
|faint|p2a: Melmetal
|
|upkeep
|
|switch|p2a: Rotom|Rotom-Heat|60/100
|turn|18
|
|switch|p1a: Tyranitar|Tyranitar, M, shiny|47/100 tox
|-weather|Sandstorm|[from] ability: Sand Stream|[of] p1a: Tyranitar
|move|p2a: Rotom|Defog|p1a: Tyranitar
|-unboost|p1a: Tyranitar|evasion|1
|-sideend|p2: patbell818|Stealth Rock|[from] move: Defog|[of] p2a: Rotom
|
|-weather|Sandstorm|[upkeep]
|-damage|p2a: Rotom|54/100|[from] Sandstorm
|-heal|p1a: Tyranitar|54/100 tox|[from] item: Leftovers
|-damage|p1a: Tyranitar|47/100 tox|[from] psn
|upkeep
|turn|19
|
|move|p2a: Rotom|Volt Switch|p1a: Tyranitar
|-damage|p1a: Tyranitar|37/100 tox
|
|switch|p2a: Necrozma|Necrozma-Dusk-Mane|100/100|[from]move: Volt Switch
|move|p1a: Tyranitar|Crunch|p2a: Necrozma
|-supereffective|p2a: Necrozma
|-damage|p2a: Necrozma|59/100
|-enditem|p2a: Necrozma|Weakness Policy
|-boost|p2a: Necrozma|atk|2|[from] item: Weakness Policy
|-boost|p2a: Necrozma|spa|2|[from] item: Weakness Policy
|
|-weather|Sandstorm|[upkeep]
|-heal|p1a: Tyranitar|43/100 tox|[from] item: Leftovers
|-damage|p1a: Tyranitar|31/100 tox|[from] psn
|upkeep
|turn|20
|
|move|p2a: Necrozma|Sunsteel Strike|p1a: Tyranitar
|-supereffective|p1a: Tyranitar
|-damage|p1a: Tyranitar|0 fnt
|faint|p1a: Tyranitar
|
|-weather|Sandstorm|[upkeep]
|upkeep
|
|switch|p1a: Excadrill|Excadrill, M, shiny|100/100
|turn|21
|inactive|patbell818 has 120 seconds left.
|
|move|p1a: Excadrill|Earthquake|p2a: Necrozma
|-supereffective|p2a: Necrozma
|-damage|p2a: Necrozma|0 fnt
|-damage|p1a: Excadrill|91/100|[from] item: Life Orb
|faint|p2a: Necrozma
|
|-weather|Sandstorm|[upkeep]
|upkeep
|
|switch|p2a: Darmanitan|Darmanitan-Galar, M|100/100
|turn|22
|
|move|p1a: Excadrill|Iron Head|p2a: Darmanitan
|-supereffective|p2a: Darmanitan
|-damage|p2a: Darmanitan|0 fnt
|-damage|p1a: Excadrill|81/100|[from] item: Life Orb
|faint|p2a: Darmanitan
|
|-weather|none
|upkeep
|
|switch|p2a: Eternatus|Eternatus|100/100
|-ability|p2a: Eternatus|Pressure
|turn|23
|
|-start|p1a: Excadrill|Dynamax
|-heal|p1a: Excadrill|81/100|[silent]
|move|p2a: Eternatus|Flamethrower|p1a: Excadrill
|-supereffective|p1a: Excadrill
|-damage|p1a: Excadrill|41/100
|move|p1a: Excadrill|Max Rockfall|p2a: Eternatus
|-damage|p2a: Eternatus|52/100
|-weather|Sandstorm
|-damage|p1a: Excadrill|37/100|[from] item: Life Orb
|
|-weather|Sandstorm|[upkeep]
|-damage|p2a: Eternatus|45/100|[from] Sandstorm
|-heal|p2a: Eternatus|52/100|[from] item: Black Sludge
|upkeep
|turn|24
|
|switch|p2a: Rotom|Rotom-Heat|54/100
|move|p1a: Excadrill|Max Quake|p2a: Rotom
|-immune|p2a: Rotom|[from] ability: Levitate
|
|-weather|Sandstorm|[upkeep]
|-damage|p2a: Rotom|48/100|[from] Sandstorm
|upkeep
|turn|25
|
|move|p1a: Excadrill|Max Rockfall|p2a: Rotom
|-supereffective|p2a: Rotom
|-damage|p2a: Rotom|0 fnt
|-damage|p1a: Excadrill|32/100|[from] item: Life Orb
|faint|p2a: Rotom
|
|-weather|Sandstorm|[upkeep]
|-end|p1a: Excadrill|Dynamax
|-heal|p1a: Excadrill|32/100|[silent]
|upkeep
|
|switch|p2a: Marshadow|Marshadow|88/100 brn
|turn|26
|
|move|p1a: Excadrill|Earthquake|p2a: Marshadow
|-damage|p2a: Marshadow|0 fnt
|-damage|p1a: Excadrill|22/100|[from] item: Life Orb
|faint|p2a: Marshadow
|
|-weather|Sandstorm|[upkeep]
|upkeep
|
|switch|p2a: Eternatus|Eternatus|52/100
|-ability|p2a: Eternatus|Pressure
|turn|27
|
|move|p1a: Excadrill|Earthquake|p2a: Eternatus
|-supereffective|p2a: Eternatus
|-damage|p2a: Eternatus|0 fnt
|-damage|p1a: Excadrill|12/100|[from] item: Life Orb
|faint|p2a: Eternatus
|
|win|TaKuTo-SeNpAi
|raw|TaKuTo-SeNpAi's rating: 1402 &rarr; <strong>1422</strong><br />(+20 for winning)
|raw|patbell818's rating: 1418 &rarr; <strong>1397</strong><br />(-21 for losing)
|l|☆patbell818
