|j|☆ElouanG
|j|☆TypeWildScizor
|t:|1666954349
|gametype|singles
|player|p1|ElouanG|sabrina|1166
|player|p2|TypeWildScizor|cynthia-gen4|1286
|teamsize|p1|6
|teamsize|p2|6
|gen|8
|tier|[Gen 8] Ubers
|rated|
|rule|Sleep Clause Mod: Limit one foe put to sleep
|rule|Species Clause: Limit one of each Pokémon
|rule|OHKO Clause: OHKO moves are banned
|rule|Evasion Items Clause: Evasion items are banned
|rule|Evasion Moves Clause: Evasion moves are banned
|rule|Endless Battle Clause: Forcing endless battles is banned
|rule|HP Percentage Mod: HP is shown in percentages
|rule|Dynamax Clause: You cannot dynamax
|clearpoke
|poke|p1|Calyrex-Shadow|
|poke|p1|Ho-Oh|
|poke|p1|Yveltal|
|poke|p1|Necrozma-Dusk-Mane|
|poke|p1|Ferrothorn, F|
|poke|p1|Groudon|
|poke|p2|Groudon|
|poke|p2|Xerneas-*|
|poke|p2|Calyrex-Shadow|
|poke|p2|Yveltal|
|poke|p2|Eternatus|
|poke|p2|Necrozma-Dusk-Mane|
|teampreview
|inactive|Battle timer is ON: inactive players will automatically lose when time's up. (requested by TypeWildScizor)
|inactive|ElouanG has 120 seconds left.
|
|t:|1666954411
|start
|switch|p1a: Groudon|Groudon|100/100
|switch|p2a: Groudon|Groudon|100/100
|-weather|SunnyDay|[from] ability: Drought|[of] p1a: Groudon
|turn|1
|
|t:|1666954428
|move|p1a: Groudon|Stealth Rock|p2a: Groudon
|-sidestart|p2: TypeWildScizor|move: Stealth Rock
|move|p2a: Groudon|Stealth Rock|p1a: Groudon
|-sidestart|p1: ElouanG|move: Stealth Rock
|
|-weather|SunnyDay|[upkeep]
|upkeep
|turn|2
|
|t:|1666954434
|move|p1a: Groudon|Earthquake|p2a: Groudon
|-damage|p2a: Groudon|70/100
|move|p2a: Groudon|Toxic|p1a: Groudon
|-status|p1a: Groudon|tox
|
|-weather|SunnyDay|[upkeep]
|-heal|p2a: Groudon|76/100|[from] item: Leftovers
|-damage|p1a: Groudon|94/100 tox|[from] psn
|upkeep
|turn|3
|
|t:|1666954448
|move|p2a: Groudon|Precipice Blades|p1a: Groudon
|-damage|p1a: Groudon|57/100 tox
|move|p1a: Groudon|Dragon Tail|p2a: Groudon
|-damage|p2a: Groudon|63/100
|drag|p2a: Calyrex|Calyrex-Shadow|100/100
|-ability|p2a: Calyrex|As One
|-ability|p2a: Calyrex|Unnerve
|-damage|p2a: Calyrex|88/100|[from] Stealth Rock
|
|-weather|SunnyDay|[upkeep]
|-heal|p1a: Groudon|63/100 tox|[from] item: Leftovers
|-damage|p1a: Groudon|51/100 tox|[from] psn
|upkeep
|turn|4
|
|t:|1666954463
|move|p2a: Calyrex|Giga Drain|p1a: Groudon
|-supereffective|p1a: Groudon
|-crit|p1a: Groudon
|-damage|p1a: Groudon|0 fnt
|-heal|p2a: Calyrex|100/100|[from] drain|[of] p1a: Groudon
|faint|p1a: Groudon
|-ability|p2a: Calyrex|Grim Neigh|boost
|-boost|p2a: Calyrex|spa|1
|
|-weather|SunnyDay|[upkeep]
|upkeep
|
|t:|1666954477
|switch|p1a: Yveltal|Yveltal|100/100
|-damage|p1a: Yveltal|76/100|[from] Stealth Rock
|-ability|p1a: Yveltal|Dark Aura
|turn|5
|
|t:|1666954492
|switch|p2a: Yveltal|Yveltal|100/100
|-ability|p2a: Yveltal|Dark Aura
|move|p1a: Yveltal|Foul Play|p2a: Yveltal
|-resisted|p2a: Yveltal
|-damage|p2a: Yveltal|71/100
|
|-weather|none
|upkeep
|turn|6
|
|t:|1666954503
|move|p1a: Yveltal|Foul Play|p2a: Yveltal
|-resisted|p2a: Yveltal
|-damage|p2a: Yveltal|43/100
|move|p2a: Yveltal|Oblivion Wing|p1a: Yveltal
|-damage|p1a: Yveltal|48/100
|-heal|p2a: Yveltal|64/100|[from] drain|[of] p1a: Yveltal
|
|upkeep
|turn|7
|
|t:|1666954514
|move|p1a: Yveltal|Foul Play|p2a: Yveltal
|-resisted|p2a: Yveltal
|-damage|p2a: Yveltal|38/100
|move|p2a: Yveltal|Oblivion Wing|p1a: Yveltal
|-damage|p1a: Yveltal|18/100
|-heal|p2a: Yveltal|61/100|[from] drain|[of] p1a: Yveltal
|
|upkeep
|turn|8
|
|t:|1666954525
|move|p1a: Yveltal|Foul Play|p2a: Yveltal
|-resisted|p2a: Yveltal
|-damage|p2a: Yveltal|34/100
|move|p2a: Yveltal|Oblivion Wing|p1a: Yveltal
|-damage|p1a: Yveltal|0 fnt
|-heal|p2a: Yveltal|47/100|[from] drain|[of] p1a: Yveltal
|faint|p1a: Yveltal
|
|upkeep
|
|t:|1666954531
|switch|p1a: Ferrothorn|Ferrothorn, F|100/100
|-damage|p1a: Ferrothorn|94/100|[from] Stealth Rock
|turn|9
|
|t:|1666954541
|move|p2a: Yveltal|Defog|p1a: Ferrothorn
|-unboost|p1a: Ferrothorn|evasion|1
|-sideend|p1: ElouanG|Stealth Rock|[from] move: Defog|[of] p2a: Yveltal
|-sideend|p2: TypeWildScizor|Stealth Rock|[from] move: Defog|[of] p2a: Yveltal
|move|p1a: Ferrothorn|Knock Off|p2a: Yveltal
|-resisted|p2a: Yveltal
|-damage|p2a: Yveltal|33/100
|-enditem|p2a: Yveltal|Heavy-Duty Boots|[from] move: Knock Off|[of] p1a: Ferrothorn
|
|-heal|p1a: Ferrothorn|100/100|[from] item: Leftovers
|upkeep
|turn|10
|
|t:|1666954553
|switch|p2a: Groudon|Groudon|63/100
|-weather|SunnyDay|[from] ability: Drought|[of] p2a: Groudon
|move|p1a: Ferrothorn|Leech Seed|p2a: Groudon
|-start|p2a: Groudon|move: Leech Seed
|
|-weather|SunnyDay|[upkeep]
|-heal|p2a: Groudon|69/100|[from] item: Leftovers
|-damage|p2a: Groudon|57/100|[from] Leech Seed|[of] p1a: Ferrothorn
|upkeep
|turn|11
|
|t:|1666954566
|move|p2a: Groudon|Heat Crash|p1a: Ferrothorn
|-supereffective|p1a: Ferrothorn
|-damage|p1a: Ferrothorn|0 fnt
|-damage|p2a: Groudon|45/100|[from] ability: Iron Barbs|[of] p1a: Ferrothorn
|faint|p1a: Ferrothorn
|
|-weather|SunnyDay|[upkeep]
|-heal|p2a: Groudon|51/100|[from] item: Leftovers
|upkeep
|
|t:|1666954570
|switch|p1a: Calyrex|Calyrex-Shadow|100/100
|-ability|p1a: Calyrex|As One
|-ability|p1a: Calyrex|Unnerve
|turn|12
|
|t:|1666954585
|move|p1a: Calyrex|Astral Barrage|p2a: Groudon
|-damage|p2a: Groudon|0 fnt
|faint|p2a: Groudon
|-ability|p1a: Calyrex|Grim Neigh|boost
|-boost|p1a: Calyrex|spa|1
|
|-weather|SunnyDay|[upkeep]
|upkeep
|
|t:|1666954596
|switch|p2a: Yveltal|Yveltal|33/100
|-ability|p2a: Yveltal|Dark Aura
|turn|13
|
|t:|1666954601
|move|p2a: Yveltal|Sucker Punch|p1a: Calyrex
|-supereffective|p1a: Calyrex
|-damage|p1a: Calyrex|0 fnt
|faint|p1a: Calyrex
|
|-weather|SunnyDay|[upkeep]
|upkeep
|-message|ElouanG forfeited.
|
|win|TypeWildScizor
|raw|ElouanG's rating: 1166 &rarr; <strong>1149</strong><br />(-17 for losing)
|raw|TypeWildScizor's rating: 1286 &rarr; <strong>1303</strong><br />(+17 for winning)
|l|☆ElouanG
||Ladder isn't responding, score probably updated but might not have (Request timeout).
