|j|☆ErrorNumber404
|j|☆grugfey
|t:|1644444065
|gametype|singles
|player|p1|ErrorNumber404|colress|1300
|player|p2|grugfey|ghetsis-gen5bw|1521
|teamsize|p1|6
|teamsize|p2|6
|gen|8
|tier|[Gen 8] Ubers
|rated|
|rule|Sleep Clause Mod: Limit one foe put to sleep
|rule|Species Clause: Limit one of each Pokémon
|rule|OHKO Clause: OHKO moves are banned
|rule|Evasion Moves Clause: Evasion moves are banned
|rule|Endless Battle Clause: Forcing endless battles is banned
|rule|HP Percentage Mod: HP is shown in percentages
|rule|Dynamax Clause: You cannot dynamax
|clearpoke
|poke|p1|Necrozma-Dusk-Mane|
|poke|p1|Kyogre|
|poke|p1|Palkia|
|poke|p1|Yveltal|
|poke|p1|Ho-Oh|
|poke|p1|Zygarde|
|poke|p2|Slurpuff, F|
|poke|p2|Palkia|
|poke|p2|Ho-Oh|
|poke|p2|Zygarde|
|poke|p2|Necrozma-Dusk-Mane|
|poke|p2|Yveltal|
|teampreview
|inactive|Battle timer is ON: inactive players will automatically lose when time's up. (requested by ErrorNumber404)
|inactive|grugfey has 120 seconds left.
|
|t:|1644444102
|start
|switch|p1a: Prism Gate|Necrozma-Dusk-Mane, shiny|100/100
|switch|p2a: Slurpuff|Slurpuff, F|100/100
|turn|1
|
|t:|1644444109
|move|p2a: Slurpuff|Sticky Web|p1a: Prism Gate
|-sidestart|p1: ErrorNumber404|move: Sticky Web
|move|p1a: Prism Gate|Sunsteel Strike|p2a: Slurpuff
|-supereffective|p2a: Slurpuff
|-enditem|p2a: Slurpuff|Focus Sash
|-damage|p2a: Slurpuff|1/100
|
|upkeep
|turn|2
|
|t:|1644444115
|move|p2a: Slurpuff|Endeavor|p1a: Prism Gate
|-damage|p1a: Prism Gate|1/100
|-damage|p2a: Slurpuff|0 fnt|[from] item: Rocky Helmet|[of] p1a: Prism Gate
|faint|p2a: Slurpuff
|move|p1a: Prism Gate|Sunsteel Strike|p2: Slurpuff|[notarget]
|-fail|p1a: Prism Gate
|
|upkeep
|
|t:|1644444121
|switch|p2a: Yveltal|Yveltal|100/100
|-ability|p2a: Yveltal|Dark Aura
|turn|3
|
|t:|1644444131
|switch|p1a: Legal Eagle|Ho-Oh, shiny|100/100
|move|p2a: Yveltal|Knock Off|p1a: Legal Eagle
|-damage|p1a: Legal Eagle|60/100
|-enditem|p1a: Legal Eagle|Heavy-Duty Boots|[from] move: Knock Off|[of] p2a: Yveltal
|
|upkeep
|turn|4
|
|t:|1644444140
|move|p2a: Yveltal|Taunt|p1a: Legal Eagle
|-start|p1a: Legal Eagle|move: Taunt
|cant|p1a: Legal Eagle|move: Taunt|Defog
|
|upkeep
|turn|5
|
|t:|1644444144
|switch|p2a: Palkia|Palkia|100/100
|-ability|p2a: Palkia|Pressure
|move|p1a: Legal Eagle|Sacred Fire|p2a: Palkia
|-resisted|p2a: Palkia
|-damage|p2a: Palkia|89/100
|
|upkeep
|turn|6
|
|t:|1644444155
|switch|p1a: Big Bad Bird|Yveltal, shiny|100/100
|-ability|p1a: Big Bad Bird|Dark Aura
|move|p2a: Palkia|Spacial Rend|p1a: Big Bad Bird
|-damage|p1a: Big Bad Bird|63/100
|
|upkeep
|turn|7
|
|t:|1644444163
|move|p2a: Palkia|Thunder|p1a: Big Bad Bird|[miss]
|-miss|p2a: Palkia|p1a: Big Bad Bird
|move|p1a: Big Bad Bird|Knock Off|p2a: Palkia
|-damage|p2a: Palkia|31/100
|-enditem|p2a: Palkia|Lustrous Orb|[from] move: Knock Off|[of] p1a: Big Bad Bird
|
|upkeep
|turn|8
|
|t:|1644444172
|move|p2a: Palkia|Hydro Pump|p1a: Big Bad Bird
|-damage|p1a: Big Bad Bird|27/100
|move|p1a: Big Bad Bird|Foul Play|p2a: Palkia
|-damage|p2a: Palkia|0 fnt
|faint|p2a: Palkia
|
|upkeep
|
|t:|1644444181
|switch|p2a: Zygarde|Zygarde|100/100
|turn|9
|
|t:|1644444187
|move|p2a: Zygarde|Glare|p1a: Big Bad Bird
|-status|p1a: Big Bad Bird|par
|move|p1a: Big Bad Bird|Taunt|p2a: Zygarde
|-start|p2a: Zygarde|move: Taunt
|
|upkeep
|turn|10
|
|t:|1644444190
|move|p2a: Zygarde|Thousand Arrows|p1a: Big Bad Bird
|-damage|p1a: Big Bad Bird|0 fnt
|faint|p1a: Big Bad Bird
|
|upkeep
|
|t:|1644444196
|switch|p1a: Legal Eagle|Ho-Oh, shiny|93/100
|turn|11
|
|t:|1644444199
|move|p2a: Zygarde|Thousand Arrows|p1a: Legal Eagle
|-damage|p1a: Legal Eagle|69/100
|-start|p1a: Legal Eagle|Smack Down
|move|p1a: Legal Eagle|Defog|p2a: Zygarde
|-unboost|p2a: Zygarde|evasion|1
|-sideend|p1: ErrorNumber404|Sticky Web|[from] move: Defog|[of] p1a: Legal Eagle
|
|upkeep
|turn|12
|
|t:|1644444223
|switch|p1a: Light Mode|Zygarde, shiny|100/100
|move|p2a: Zygarde|Thousand Arrows|p1a: Light Mode
|-damage|p1a: Light Mode|80/100
|
|-heal|p1a: Light Mode|86/100|[from] item: Leftovers
|-end|p2a: Zygarde|move: Taunt
|upkeep
|turn|13
|
|t:|1644444233
|move|p2a: Zygarde|Glare|p1a: Light Mode
|-status|p1a: Light Mode|par
|move|p1a: Light Mode|Glare|p2a: Zygarde
|-status|p2a: Zygarde|par
|
|-heal|p1a: Light Mode|92/100 par|[from] item: Leftovers
|upkeep
|turn|14
|
|t:|1644444236
|cant|p2a: Zygarde|par
|move|p1a: Light Mode|Coil|p1a: Light Mode
|-boost|p1a: Light Mode|atk|1
|-boost|p1a: Light Mode|def|1
|-boost|p1a: Light Mode|accuracy|1
|
|-heal|p1a: Light Mode|98/100 par|[from] item: Leftovers
|upkeep
|turn|15
|
|t:|1644444251
|switch|p2a: Ho-Oh|Ho-Oh|100/100
|move|p1a: Light Mode|Coil|p1a: Light Mode
|-boost|p1a: Light Mode|atk|1
|-boost|p1a: Light Mode|def|1
|-boost|p1a: Light Mode|accuracy|1
|
|-heal|p1a: Light Mode|100/100 par|[from] item: Leftovers
|upkeep
|turn|16
|
|t:|1644444256
|cant|p1a: Light Mode|par
|move|p2a: Ho-Oh|Whirlwind|p1a: Light Mode
|drag|p1a: A Whale of A Wife|Kyogre|100/100
|-weather|RainDance|[from] ability: Drizzle|[of] p1a: A Whale of A Wife
|
|-weather|RainDance|[upkeep]
|upkeep
|turn|17
|
|t:|1644444277
|switch|p2a: Necrozma|Necrozma-Dusk-Mane|100/100
|move|p1a: A Whale of A Wife|Water Spout|p2a: Necrozma
|-damage|p2a: Necrozma|0 fnt
|faint|p2a: Necrozma
|
|-weather|RainDance|[upkeep]
|upkeep
|inactive|grugfey has 120 seconds left.
|
|t:|1644444294
|switch|p2a: Yveltal|Yveltal|100/100
|-ability|p2a: Yveltal|Dark Aura
|turn|18
|
|t:|1644444298
|move|p2a: Yveltal|Sucker Punch|p1a: A Whale of A Wife
|-damage|p1a: A Whale of A Wife|58/100
|move|p1a: A Whale of A Wife|Water Spout|p2a: Yveltal
|-damage|p2a: Yveltal|22/100
|
|-weather|RainDance|[upkeep]
|upkeep
|turn|19
|
|t:|1644444313
|move|p2a: Yveltal|Sucker Punch|p1a: A Whale of A Wife
|-damage|p1a: A Whale of A Wife|17/100
|move|p1a: A Whale of A Wife|Water Spout|p2a: Yveltal
|-damage|p2a: Yveltal|0 fnt
|faint|p2a: Yveltal
|
|-weather|RainDance|[upkeep]
|upkeep
|
|t:|1644444317
|switch|p2a: Zygarde|Zygarde|100/100 par
|turn|20
|
|t:|1644444322
|move|p1a: A Whale of A Wife|Water Spout|p2a: Zygarde
|-damage|p2a: Zygarde|64/100 par
|move|p2a: Zygarde|Substitute|p2a: Zygarde
|-start|p2a: Zygarde|Substitute
|-damage|p2a: Zygarde|39/100 par
|
|-weather|none
|-heal|p2a: Zygarde|45/100 par|[from] item: Leftovers
|-activate|p2a: Zygarde|ability: Power Construct
|detailschange|p2a: Zygarde|Zygarde-Complete
|-heal|p2a: Zygarde|66/100 par|[silent]
|upkeep
|turn|21
|
|t:|1644444326
|move|p1a: A Whale of A Wife|Water Spout|p2a: Zygarde
|-end|p2a: Zygarde|Substitute
|move|p2a: Zygarde|Dragon Dance|p2a: Zygarde
|-boost|p2a: Zygarde|atk|1
|-boost|p2a: Zygarde|spe|1
|
|-heal|p2a: Zygarde|72/100 par|[from] item: Leftovers
|upkeep
|turn|22
|
|t:|1644444338
|move|p1a: A Whale of A Wife|Water Spout|p2a: Zygarde
|-damage|p2a: Zygarde|58/100 par
|move|p2a: Zygarde|Thousand Arrows|p1a: A Whale of A Wife
|-damage|p1a: A Whale of A Wife|0 fnt
|faint|p1a: A Whale of A Wife
|
|-heal|p2a: Zygarde|65/100 par|[from] item: Leftovers
|upkeep
|
|t:|1644444348
|switch|p1a: Light Mode|Zygarde, shiny|100/100 par
|turn|23
|
|t:|1644444354
|cant|p2a: Zygarde|par
|move|p1a: Light Mode|Coil|p1a: Light Mode
|-boost|p1a: Light Mode|atk|1
|-boost|p1a: Light Mode|def|1
|-boost|p1a: Light Mode|accuracy|1
|
|-heal|p2a: Zygarde|71/100 par|[from] item: Leftovers
|upkeep
|turn|24
|
|t:|1644444358
|cant|p2a: Zygarde|par
|move|p1a: Light Mode|Coil|p1a: Light Mode
|-boost|p1a: Light Mode|atk|1
|-boost|p1a: Light Mode|def|1
|-boost|p1a: Light Mode|accuracy|1
|
|-heal|p2a: Zygarde|77/100 par|[from] item: Leftovers
|upkeep
|turn|25
|
|t:|1644444369
|cant|p2a: Zygarde|par
|move|p1a: Light Mode|Coil|p1a: Light Mode
|-boost|p1a: Light Mode|atk|1
|-boost|p1a: Light Mode|def|1
|-boost|p1a: Light Mode|accuracy|1
|
|-heal|p2a: Zygarde|83/100 par|[from] item: Leftovers
|upkeep
|turn|26
|
|t:|1644444377
|move|p2a: Zygarde|Dragon Dance|p2a: Zygarde
|-boost|p2a: Zygarde|atk|1
|-boost|p2a: Zygarde|spe|1
|cant|p1a: Light Mode|par
|
|-heal|p2a: Zygarde|90/100 par|[from] item: Leftovers
|upkeep
|turn|27
|
|t:|1644444383
|cant|p2a: Zygarde|par
|move|p1a: Light Mode|Coil|p1a: Light Mode
|-boost|p1a: Light Mode|atk|1
|-boost|p1a: Light Mode|def|1
|-boost|p1a: Light Mode|accuracy|1
|
|-heal|p2a: Zygarde|96/100 par|[from] item: Leftovers
|upkeep
|turn|28
|
|t:|1644444386
|move|p2a: Zygarde|Dragon Dance|p2a: Zygarde
|-boost|p2a: Zygarde|atk|1
|-boost|p2a: Zygarde|spe|1
|move|p1a: Light Mode|Coil|p1a: Light Mode
|-boost|p1a: Light Mode|atk|1
|-boost|p1a: Light Mode|def|1
|-boost|p1a: Light Mode|accuracy|1
|
|-heal|p2a: Zygarde|100/100 par|[from] item: Leftovers
|upkeep
|turn|29
|
|t:|1644444390
|move|p2a: Zygarde|Substitute|p2a: Zygarde
|-start|p2a: Zygarde|Substitute
|-damage|p2a: Zygarde|76/100 par
|move|p1a: Light Mode|Coil|p1a: Light Mode
|-boost|p1a: Light Mode|atk|1
|-boost|p1a: Light Mode|def|1
|-boost|p1a: Light Mode|accuracy|1
|
|-heal|p2a: Zygarde|82/100 par|[from] item: Leftovers
|upkeep
|turn|30
|
|t:|1644444393
|cant|p2a: Zygarde|par
|move|p1a: Light Mode|Thousand Arrows|p2a: Zygarde
|-crit|p2a: Zygarde
|-end|p2a: Zygarde|Substitute
|
|-heal|p2a: Zygarde|88/100 par|[from] item: Leftovers
|upkeep
|turn|31
|
|t:|1644444399
|move|p2a: Zygarde|Thousand Arrows|p1a: Light Mode
|-damage|p1a: Light Mode|88/100 par
|cant|p1a: Light Mode|par
|
|-heal|p2a: Zygarde|94/100 par|[from] item: Leftovers
|-heal|p1a: Light Mode|94/100 par|[from] item: Leftovers
|upkeep
|turn|32
|
|t:|1644444404
|switch|p2a: Ho-Oh|Ho-Oh|100/100
|move|p1a: Light Mode|Thousand Arrows|p2a: Ho-Oh
|-damage|p2a: Ho-Oh|0 fnt
|faint|p2a: Ho-Oh
|
|-heal|p1a: Light Mode|99/100 par|[from] item: Leftovers
|upkeep
|
|t:|1644444406
|switch|p2a: Zygarde|Zygarde-Complete|94/100 par
|turn|33
|
|t:|1644444411
|move|p2a: Zygarde|Substitute|p2a: Zygarde
|-start|p2a: Zygarde|Substitute
|-damage|p2a: Zygarde|69/100 par
|move|p1a: Light Mode|Thousand Arrows|p2a: Zygarde
|-end|p2a: Zygarde|Substitute
|
|-heal|p2a: Zygarde|76/100 par|[from] item: Leftovers
|-heal|p1a: Light Mode|100/100 par|[from] item: Leftovers
|upkeep
|turn|34
|
|t:|1644444414
|move|p2a: Zygarde|Substitute|p2a: Zygarde
|-start|p2a: Zygarde|Substitute
|-damage|p2a: Zygarde|51/100 par
|cant|p1a: Light Mode|par
|
|-heal|p2a: Zygarde|57/100 par|[from] item: Leftovers
|upkeep
|turn|35
|
|t:|1644444417
|cant|p2a: Zygarde|par
|move|p1a: Light Mode|Thousand Arrows|p2a: Zygarde
|-end|p2a: Zygarde|Substitute
|
|-heal|p2a: Zygarde|63/100 par|[from] item: Leftovers
|upkeep
|turn|36
|
|t:|1644444420
|cant|p2a: Zygarde|par
|move|p1a: Light Mode|Thousand Arrows|p2a: Zygarde
|-damage|p2a: Zygarde|5/100 par
|
|-heal|p2a: Zygarde|11/100 par|[from] item: Leftovers
|upkeep
|turn|37
|
|t:|1644444430
|cant|p2a: Zygarde|par
|cant|p1a: Light Mode|par
|
|-heal|p2a: Zygarde|17/100 par|[from] item: Leftovers
|upkeep
|turn|38
|
|t:|1644444435
|move|p2a: Zygarde|Dragon Dance|p2a: Zygarde
|-boost|p2a: Zygarde|atk|1
|-boost|p2a: Zygarde|spe|1
|move|p1a: Light Mode|Thousand Arrows|p2a: Zygarde
|-damage|p2a: Zygarde|0 fnt
|faint|p2a: Zygarde
|
|win|ErrorNumber404
|raw|ErrorNumber404's rating: 1300 &rarr; <strong>1339</strong><br />(+39 for winning)
|raw|grugfey's rating: 1521 &rarr; <strong>1490</strong><br />(-31 for losing)
