|j|☆killer whale squa
|j|☆Year1990
|player|p1|killer whale squa|216|1540
|player|p2|Year1990|burglar|1552
|teamsize|p1|6
|teamsize|p2|6
|gametype|singles
|gen|8
|tier|[Gen 8] Ubers
|rated|
|clearpoke
|poke|p1|Corviknight, M|
|poke|p1|Tyranitar, M|
|poke|p1|Zacian-*|
|poke|p1|Hatterene, F|
|poke|p1|Eternatus|
|poke|p1|Quagsire, F|
|poke|p2|Excadrill, F|
|poke|p2|Hippowdon, F|
|poke|p2|Rotom-Wash|
|poke|p2|Dragapult, M|
|poke|p2|Zacian-*|
|poke|p2|Zamazenta-*|
|rule|Sleep Clause Mod: Limit one foe put to sleep
|rule|Species Clause: Limit one of each Pokémon
|rule|OHKO Clause: OHKO moves are banned
|rule|Evasion Moves Clause: Evasion moves are banned
|rule|Endless Battle Clause: Forcing endless battles is banned
|rule|HP Percentage Mod: HP is shown in percentages
|teampreview
|inactive|Battle timer is ON: inactive players will automatically lose when time's up. (requested by killer whale squa)
|
|start
|switch|p1a: Quagsire|Quagsire, F|100/100
|switch|p2a: Rotom|Rotom-Wash|100/100
|turn|1
|inactive|killer whale squa has 120 seconds left.
|inactive|Year1990 has 120 seconds left.
|
|switch|p1a: Zacian|Zacian-Crowned|100/100
|-ability|p1a: Zacian|Intrepid Sword|boost
|-boost|p1a: Zacian|atk|1
|move|p2a: Rotom|Trick||[still]
|-fail|p2a: Rotom
|
|upkeep
|turn|2
|inactive|Year1990 has 120 seconds left.
|inactive|killer whale squa has 120 seconds left.
|inactive|Year1990 has 90 seconds left.
|
|switch|p2a: Hippowdon|Hippowdon, F|100/100
|-weather|Sandstorm|[from] ability: Sand Stream|[of] p2a: Hippowdon
|switch|p1a: Hatterene|Hatterene, F|100/100
|
|-weather|Sandstorm|[upkeep]
|-damage|p1a: Hatterene|95/100|[from] Sandstorm
|upkeep
|turn|3
|inactive|Year1990 has 90 seconds left.
|
|switch|p1a: Quagsire|Quagsire, F|100/100
|move|p2a: Hippowdon|Earthquake|p1a: Quagsire
|-damage|p1a: Quagsire|62/100
|
|-weather|Sandstorm|[upkeep]
|upkeep
|turn|4
|inactive|Year1990 has 90 seconds left.
|
|move|p2a: Hippowdon|Earthquake|p1a: Quagsire
|-damage|p1a: Quagsire|28/100
|move|p1a: Quagsire|Toxic|p2a: Hippowdon
|-status|p2a: Hippowdon|tox
|
|-weather|Sandstorm|[upkeep]
|-damage|p2a: Hippowdon|94/100 tox|[from] psn
|upkeep
|turn|5
|
|switch|p1a: Corviknight|Corviknight, M|100/100
|-ability|p1a: Corviknight|Pressure
|move|p2a: Hippowdon|Earthquake|p1a: Corviknight
|-immune|p1a: Corviknight
|
|-weather|Sandstorm|[upkeep]
|-damage|p2a: Hippowdon|82/100 tox|[from] psn
|upkeep
|turn|6
|inactive|killer whale squa has 120 seconds left.
|
|switch|p2a: Rotom|Rotom-Wash|100/100
|move|p1a: Corviknight|Body Press|p2a: Rotom
|-damage|p2a: Rotom|68/100
|
|-weather|Sandstorm|[upkeep]
|-damage|p2a: Rotom|61/100|[from] Sandstorm
|upkeep
|turn|7
|inactive|killer whale squa has 120 seconds left.
|
|switch|p1a: Zacian|Zacian-Crowned|100/100
|-ability|p1a: Zacian|Intrepid Sword|boost
|-boost|p1a: Zacian|atk|1
|move|p2a: Rotom|Hydro Pump|p1a: Zacian
|-damage|p1a: Zacian|59/100
|
|-weather|Sandstorm|[upkeep]
|-damage|p2a: Rotom|55/100|[from] Sandstorm
|upkeep
|turn|8
|inactive|killer whale squa has 120 seconds left.
|inactive|Year1990 has 90 seconds left.
|
|switch|p2a: Zacian|Zacian-Crowned|100/100
|-ability|p2a: Zacian|Intrepid Sword|boost
|-boost|p2a: Zacian|atk|1
|move|p1a: Zacian|Play Rough|p2a: Zacian
|-resisted|p2a: Zacian
|-damage|p2a: Zacian|63/100
|
|-weather|Sandstorm|[upkeep]
|upkeep
|turn|9
|inactive|Year1990 has 90 seconds left.
|
|switch|p1a: Corviknight|Corviknight, M|100/100
|-ability|p1a: Corviknight|Pressure
|move|p2a: Zacian|Behemoth Blade|p1a: Corviknight
|-resisted|p1a: Corviknight
|-damage|p1a: Corviknight|74/100
|-damage|p2a: Zacian|46/100|[from] item: Rocky Helmet|[of] p1a: Corviknight
|
|-weather|none
|upkeep
|turn|10
|inactive|killer whale squa has 120 seconds left.
|inactive|Year1990 has 90 seconds left.
|
|move|p2a: Zacian|Swords Dance|p2a: Zacian
|-boost|p2a: Zacian|atk|2
|move|p1a: Corviknight|Roost|p1a: Corviknight
|-heal|p1a: Corviknight|100/100
|-singleturn|p1a: Corviknight|move: Roost
|
|upkeep
|turn|11
|inactive|Year1990 has 90 seconds left.
|inactive|killer whale squa has 120 seconds left.
|inactive|Year1990 has 60 seconds left.
|
|move|p2a: Zacian|Close Combat|p1a: Corviknight
|-damage|p1a: Corviknight|27/100
|-damage|p2a: Zacian|29/100|[from] item: Rocky Helmet|[of] p1a: Corviknight
|-unboost|p2a: Zacian|def|1
|-unboost|p2a: Zacian|spd|1
|move|p1a: Corviknight|Body Press|p2a: Zacian
|-damage|p2a: Zacian|0 fnt
|faint|p2a: Zacian
|
|upkeep
|inactive|Year1990 has 60 seconds left.
|
|switch|p2a: Zamazenta|Zamazenta-Crowned|100/100
|-ability|p2a: Zamazenta|Dauntless Shield|boost
|-boost|p2a: Zamazenta|def|1
|turn|12
|inactive|killer whale squa has 120 seconds left.
|
|switch|p1a: Quagsire|Quagsire, F|28/100
|move|p2a: Zamazenta|Close Combat|p1a: Quagsire
|-damage|p1a: Quagsire|0 fnt
|-unboost|p2a: Zamazenta|def|1
|-unboost|p2a: Zamazenta|spd|1
|faint|p1a: Quagsire
|
|upkeep
|
|switch|p1a: Eternatus|Eternatus|100/100
|-ability|p1a: Eternatus|Pressure
|turn|13
|
|switch|p2a: Rotom|Rotom-Wash|55/100
|move|p1a: Eternatus|Substitute|p1a: Eternatus
|-start|p1a: Eternatus|Substitute
|-damage|p1a: Eternatus|76/100
|
|upkeep
|turn|14
|
|move|p2a: Rotom|Volt Switch|p1a: Eternatus
|-resisted|p1a: Eternatus
|-activate|p1a: Eternatus|move: Substitute|[damage]
|
|switch|p2a: Zamazenta|Zamazenta-Crowned|100/100|[from]move: Volt Switch
|-ability|p2a: Zamazenta|Dauntless Shield|boost
|-boost|p2a: Zamazenta|def|1
|move|p1a: Eternatus|Dynamax Cannon|p2a: Zamazenta
|-resisted|p2a: Zamazenta
|-damage|p2a: Zamazenta|79/100
|
|upkeep
|turn|15
|inactive|killer whale squa has 120 seconds left.
|
|move|p1a: Eternatus|Flamethrower|p2a: Zamazenta
|-supereffective|p2a: Zamazenta
|-damage|p2a: Zamazenta|26/100
|move|p2a: Zamazenta|Behemoth Bash|p1a: Eternatus
|-end|p1a: Eternatus|Substitute
|
|upkeep
|turn|16
|
|move|p1a: Eternatus|Flamethrower|p2a: Zamazenta
|-supereffective|p2a: Zamazenta
|-damage|p2a: Zamazenta|0 fnt
|faint|p2a: Zamazenta
|
|upkeep
|
|switch|p2a: Hippowdon|Hippowdon, F|82/100 tox
|-weather|Sandstorm|[from] ability: Sand Stream|[of] p2a: Hippowdon
|turn|17
|
|switch|p1a: Corviknight|Corviknight, M|27/100
|-ability|p1a: Corviknight|Pressure
|switch|p2a: Dragapult|Dragapult, M|100/100
|
|-weather|Sandstorm|[upkeep]
|-damage|p2a: Dragapult|95/100|[from] Sandstorm
|upkeep
|turn|18
|inactive|Year1990 has 90 seconds left.
|
|switch|p1a: Tyranitar|Tyranitar, M|100/100
|move|p2a: Dragapult|Thunderbolt|p1a: Tyranitar
|-damage|p1a: Tyranitar|85/100
|-damage|p2a: Dragapult|85/100|[from] item: Life Orb
|
|-weather|Sandstorm|[upkeep]
|-damage|p2a: Dragapult|79/100|[from] Sandstorm
|-heal|p1a: Tyranitar|91/100|[from] item: Leftovers
|upkeep
|turn|19
|inactive|Year1990 has 90 seconds left.
|
|switch|p2a: Rotom|Rotom-Wash|55/100
|move|p1a: Tyranitar|Stealth Rock|p2a: Rotom
|-sidestart|p2: Year1990|move: Stealth Rock
|
|-weather|Sandstorm|[upkeep]
|-damage|p2a: Rotom|49/100|[from] Sandstorm
|-heal|p1a: Tyranitar|98/100|[from] item: Leftovers
|upkeep
|turn|20
|inactive|Year1990 has 90 seconds left.
|
|switch|p1a: Eternatus|Eternatus|76/100
|-ability|p1a: Eternatus|Pressure
|move|p2a: Rotom|Volt Switch|p1a: Eternatus
|-resisted|p1a: Eternatus
|-damage|p1a: Eternatus|63/100
|inactive|Year1990 has 90 seconds left.
|
|switch|p2a: Excadrill|Excadrill, F, shiny|100/100|[from]move: Volt Switch
|-damage|p2a: Excadrill|97/100|[from] Stealth Rock
|-item|p2a: Excadrill|Air Balloon
|
|-weather|Sandstorm|[upkeep]
|-damage|p1a: Eternatus|57/100|[from] Sandstorm
|upkeep
|turn|21
|inactive|Year1990 has 90 seconds left.
|
|switch|p1a: Corviknight|Corviknight, M|27/100
|-ability|p1a: Corviknight|Pressure
|-start|p2a: Excadrill|Dynamax
|-heal|p2a: Excadrill|97/100|[silent]
|move|p2a: Excadrill|Max Steelspike|p1a: Corviknight
|-resisted|p1a: Corviknight
|-damage|p1a: Corviknight|4/100
|-boost|p2a: Excadrill|def|1
|
|-weather|Sandstorm|[upkeep]
|upkeep
|turn|22
|inactive|Year1990 has 90 seconds left.
|inactive|killer whale squa has 120 seconds left.
|
|move|p2a: Excadrill|Max Steelspike|p1a: Corviknight
|-resisted|p1a: Corviknight
|-damage|p1a: Corviknight|0 fnt
|-boost|p2a: Excadrill|def|1
|faint|p1a: Corviknight
|
|-weather|Sandstorm|[upkeep]
|upkeep
|
|switch|p1a: Tyranitar|Tyranitar, M|98/100
|turn|23
|
|move|p2a: Excadrill|Max Knuckle|p1a: Tyranitar
|-supereffective|p1a: Tyranitar
|-damage|p1a: Tyranitar|0 fnt
|-boost|p2a: Excadrill|atk|1
|faint|p1a: Tyranitar
|
|-weather|Sandstorm|[upkeep]
|-end|p2a: Excadrill|Dynamax
|-heal|p2a: Excadrill|97/100|[silent]
|upkeep
|inactive|killer whale squa has 90 seconds left.
|
|switch|p1a: Zacian|Zacian-Crowned|59/100
|-ability|p1a: Zacian|Intrepid Sword|boost
|-boost|p1a: Zacian|atk|1
|turn|24
|
|move|p2a: Excadrill|Earthquake|p1a: Zacian
|-supereffective|p1a: Zacian
|-damage|p1a: Zacian|0 fnt
|faint|p1a: Zacian
|
|-weather|none
|upkeep
|
|switch|p1a: Eternatus|Eternatus|57/100
|-ability|p1a: Eternatus|Pressure
|turn|25
|
|switch|p2a: Hippowdon|Hippowdon, F|82/100 tox
|-damage|p2a: Hippowdon|76/100 tox|[from] Stealth Rock
|-weather|Sandstorm|[from] ability: Sand Stream|[of] p2a: Hippowdon
|move|p1a: Eternatus|Substitute|p1a: Eternatus
|-start|p1a: Eternatus|Substitute
|-damage|p1a: Eternatus|32/100
|
|-weather|Sandstorm|[upkeep]
|-damage|p1a: Eternatus|25/100|[from] Sandstorm
|-damage|p2a: Hippowdon|70/100 tox|[from] psn
|upkeep
|turn|26
|inactive|Year1990 has 120 seconds left.
|
|move|p1a: Eternatus|Dynamax Cannon|p2a: Hippowdon
|-damage|p2a: Hippowdon|14/100 tox
|move|p2a: Hippowdon|Roar|p1a: Eternatus
|drag|p1a: Hatterene|Hatterene, F|95/100
|
|-weather|Sandstorm|[upkeep]
|-damage|p1a: Hatterene|89/100|[from] Sandstorm
|-damage|p2a: Hippowdon|1/100 tox|[from] psn
|upkeep
|turn|27
|inactive|Year1990 has 120 seconds left.
|
|move|p2a: Hippowdon|Earthquake|p1a: Hatterene
|-damage|p1a: Hatterene|32/100
|move|p1a: Hatterene|Trick Room|p1a: Hatterene
|-fieldstart|move: Trick Room|[of] p1a: Hatterene
|
|-weather|Sandstorm|[upkeep]
|-damage|p1a: Hatterene|26/100|[from] Sandstorm
|-damage|p2a: Hippowdon|0 fnt|[from] psn
|faint|p2a: Hippowdon
|upkeep
|
|switch|p2a: Excadrill|Excadrill, F, shiny|97/100
|-damage|p2a: Excadrill|94/100|[from] Stealth Rock
|-item|p2a: Excadrill|Air Balloon
|turn|28
|
|move|p1a: Hatterene|Mystical Fire|p2a: Excadrill
|-supereffective|p2a: Excadrill
|-damage|p2a: Excadrill|0 fnt
|-enditem|p2a: Excadrill|Air Balloon
|-damage|p1a: Hatterene|16/100|[from] item: Life Orb
|faint|p2a: Excadrill
|
|-weather|Sandstorm|[upkeep]
|-damage|p1a: Hatterene|10/100|[from] Sandstorm
|upkeep
|inactive|Year1990 has 90 seconds left.
|
|switch|p2a: Dragapult|Dragapult, M|79/100
|-damage|p2a: Dragapult|66/100|[from] Stealth Rock
|turn|29
|
|switch|p2a: Rotom|Rotom-Wash|49/100
|-damage|p2a: Rotom|37/100|[from] Stealth Rock
|move|p1a: Hatterene|Dazzling Gleam|p2a: Rotom
|-damage|p2a: Rotom|0 fnt
|-damage|p1a: Hatterene|0 fnt|[from] item: Life Orb
|faint|p2a: Rotom
|faint|p1a: Hatterene
|
|-weather|Sandstorm|[upkeep]
|upkeep
|inactive|Year1990 has 90 seconds left.
|c|☆killer whale squa|choke
|
|switch|p1a: Eternatus|Eternatus|25/100
|switch|p2a: Dragapult|Dragapult, M|66/100
|-ability|p1a: Eternatus|Pressure
|-damage|p2a: Dragapult|54/100|[from] Stealth Rock
|turn|30
|
|move|p1a: Eternatus|Dynamax Cannon|p2a: Dragapult
|-supereffective|p2a: Dragapult
|-damage|p2a: Dragapult|0 fnt
|faint|p2a: Dragapult
|
|win|killer whale squa
|l|☆Year1990
||Ladder (probably) updated, but score could not be retrieved (Response not received).
