|j|☆PokeDuels Blue
|j|☆I 只会❤️疼giegie
|t:|1634444537
|gametype|singles
|player|p1|PokeDuels Blue|1|1389
|player|p2|I 只会❤️疼giegie|clemont|1461
|teamsize|p1|6
|teamsize|p2|6
|gen|8
|tier|[Gen 8] Ubers
|rated|
|rule|Sleep Clause Mod: Limit one foe put to sleep
|rule|Species Clause: Limit one of each Pokémon
|rule|OHKO Clause: OHKO moves are banned
|rule|Evasion Moves Clause: Evasion moves are banned
|rule|Endless Battle Clause: Forcing endless battles is banned
|rule|HP Percentage Mod: HP is shown in percentages
|rule|Dynamax Clause: You cannot dynamax
|clearpoke
|poke|p1|Eternatus|
|poke|p1|Ho-Oh|
|poke|p1|Necrozma-Dusk-Mane|
|poke|p1|Audino, L99, M|
|poke|p1|Tyranitar, M|
|poke|p1|Giratina|
|poke|p2|Toxapex, F|
|poke|p2|Ho-Oh|
|poke|p2|Tyranitar, M|
|poke|p2|Giratina-Origin|
|poke|p2|Blissey, F|
|poke|p2|Ferrothorn, F|
|teampreview
|j| SweatySox
|inactive|Battle timer is ON: inactive players will automatically lose when time's up. (requested by I 只会❤️疼giegie)
|inactive|PokeDuels Blue has 120 seconds left.
|inactive|PokeDuels Blue has 90 seconds left.
|inactive|PokeDuels Blue has 60 seconds left.
|
|t:|1634444699
|start
|switch|p1a: Ho-Oh|Ho-Oh|100/100
|switch|p2a: Tyranitar|Tyranitar, M|100/100
|-ability|p1a: Ho-Oh|Pressure
|-weather|Sandstorm|[from] ability: Sand Stream|[of] p2a: Tyranitar
|turn|1
|
|t:|1634444709
|switch|p1a: Giratina|Giratina|100/100
|-ability|p1a: Giratina|Pressure
|move|p2a: Tyranitar|Stealth Rock|p1a: Giratina
|-sidestart|p1: PokeDuels Blue|move: Stealth Rock
|
|-weather|Sandstorm|[upkeep]
|-damage|p1a: Giratina|94/100|[from] Sandstorm
|-heal|p1a: Giratina|100/100|[from] item: Leftovers
|upkeep
|turn|2
|
|t:|1634444712
|move|p1a: Giratina|Defog|p2a: Tyranitar
|-unboost|p2a: Tyranitar|evasion|1
|-sideend|p1: PokeDuels Blue|Stealth Rock|[from] move: Defog|[of] p1a: Giratina
|move|p2a: Tyranitar|Foul Play|p1a: Giratina
|-supereffective|p1a: Giratina
|-damage|p1a: Giratina|72/100
|
|-weather|Sandstorm|[upkeep]
|-damage|p1a: Giratina|66/100|[from] Sandstorm
|-heal|p1a: Giratina|72/100|[from] item: Leftovers
|upkeep
|turn|3
|
|t:|1634444721
|move|p1a: Giratina|Will-O-Wisp|p2a: Tyranitar
|-status|p2a: Tyranitar|brn
|move|p2a: Tyranitar|Stealth Rock|p1a: Giratina
|-sidestart|p1: PokeDuels Blue|move: Stealth Rock
|
|-weather|Sandstorm|[upkeep]
|-damage|p1a: Giratina|66/100|[from] Sandstorm
|-heal|p1a: Giratina|72/100|[from] item: Leftovers
|-damage|p2a: Tyranitar|94/100 brn|[from] brn
|upkeep
|turn|4
|
|t:|1634444727
|move|p1a: Giratina|Defog|p2a: Tyranitar
|-unboost|p2a: Tyranitar|evasion|1
|-sideend|p1: PokeDuels Blue|Stealth Rock|[from] move: Defog|[of] p1a: Giratina
|move|p2a: Tyranitar|Foul Play|p1a: Giratina
|-supereffective|p1a: Giratina
|-damage|p1a: Giratina|58/100
|
|-weather|Sandstorm|[upkeep]
|-damage|p1a: Giratina|51/100|[from] Sandstorm
|-heal|p1a: Giratina|58/100|[from] item: Leftovers
|-heal|p2a: Tyranitar|100/100 brn|[from] item: Leftovers
|-damage|p2a: Tyranitar|94/100 brn|[from] brn
|upkeep
|turn|5
|
|t:|1634444733
|move|p1a: Giratina|Will-O-Wisp|p2a: Tyranitar
|-fail|p2a: Tyranitar|brn
|move|p2a: Tyranitar|Stealth Rock|p1a: Giratina
|-sidestart|p1: PokeDuels Blue|move: Stealth Rock
|
|-weather|none
|-heal|p1a: Giratina|64/100|[from] item: Leftovers
|-heal|p2a: Tyranitar|100/100 brn|[from] item: Leftovers
|-damage|p2a: Tyranitar|94/100 brn|[from] brn
|upkeep
|turn|6
|
|t:|1634444736
|move|p1a: Giratina|Defog|p2a: Tyranitar
|-unboost|p2a: Tyranitar|evasion|1
|-sideend|p1: PokeDuels Blue|Stealth Rock|[from] move: Defog|[of] p1a: Giratina
|move|p2a: Tyranitar|Foul Play|p1a: Giratina
|-supereffective|p1a: Giratina
|-damage|p1a: Giratina|49/100
|
|-heal|p1a: Giratina|55/100|[from] item: Leftovers
|-heal|p2a: Tyranitar|100/100 brn|[from] item: Leftovers
|-damage|p2a: Tyranitar|94/100 brn|[from] brn
|upkeep
|turn|7
|
|t:|1634444741
|move|p1a: Giratina|Will-O-Wisp|p2a: Tyranitar
|-fail|p2a: Tyranitar|brn
|move|p2a: Tyranitar|Stealth Rock|p1a: Giratina
|-sidestart|p1: PokeDuels Blue|move: Stealth Rock
|
|-heal|p1a: Giratina|61/100|[from] item: Leftovers
|-heal|p2a: Tyranitar|100/100 brn|[from] item: Leftovers
|-damage|p2a: Tyranitar|94/100 brn|[from] brn
|upkeep
|turn|8
|inactive|I 只会❤️疼giegie has 120 seconds left.
|
|t:|1634444792
|move|p1a: Giratina|Defog|p2a: Tyranitar
|-unboost|p2a: Tyranitar|evasion|1
|-sideend|p1: PokeDuels Blue|Stealth Rock|[from] move: Defog|[of] p1a: Giratina
|move|p2a: Tyranitar|Stealth Rock|p1a: Giratina
|-sidestart|p1: PokeDuels Blue|move: Stealth Rock
|
|-heal|p1a: Giratina|67/100|[from] item: Leftovers
|-heal|p2a: Tyranitar|100/100 brn|[from] item: Leftovers
|-damage|p2a: Tyranitar|94/100 brn|[from] brn
|upkeep
|turn|9
|
|t:|1634444801
|move|p1a: Giratina|Defog|p2a: Tyranitar
|-unboost|p2a: Tyranitar|evasion|1
|-sideend|p1: PokeDuels Blue|Stealth Rock|[from] move: Defog|[of] p1a: Giratina
|move|p2a: Tyranitar|Foul Play|p1a: Giratina
|-supereffective|p1a: Giratina
|-damage|p1a: Giratina|52/100
|
|-heal|p1a: Giratina|58/100|[from] item: Leftovers
|-heal|p2a: Tyranitar|100/100 brn|[from] item: Leftovers
|-damage|p2a: Tyranitar|94/100 brn|[from] brn
|upkeep
|turn|10
|
|t:|1634444813
|move|p1a: Giratina|Will-O-Wisp|p2a: Tyranitar
|-fail|p2a: Tyranitar|brn
|move|p2a: Tyranitar|Foul Play|p1a: Giratina
|-supereffective|p1a: Giratina
|-damage|p1a: Giratina|43/100
|
|-heal|p1a: Giratina|49/100|[from] item: Leftovers
|-heal|p2a: Tyranitar|100/100 brn|[from] item: Leftovers
|-damage|p2a: Tyranitar|94/100 brn|[from] brn
|upkeep
|turn|11
|inactive|I 只会❤️疼giegie has 120 seconds left.
|
|t:|1634444823
|move|p1a: Giratina|Will-O-Wisp|p2a: Tyranitar
|-fail|p2a: Tyranitar|brn
|move|p2a: Tyranitar|Foul Play|p1a: Giratina
|-supereffective|p1a: Giratina
|-damage|p1a: Giratina|34/100
|
|-heal|p1a: Giratina|40/100|[from] item: Leftovers
|-heal|p2a: Tyranitar|100/100 brn|[from] item: Leftovers
|-damage|p2a: Tyranitar|94/100 brn|[from] brn
|upkeep
|turn|12
|inactive|I 只会❤️疼giegie has 120 seconds left.
|
|t:|1634444828
|move|p1a: Giratina|Will-O-Wisp|p2a: Tyranitar
|-fail|p2a: Tyranitar|brn
|move|p2a: Tyranitar|Foul Play|p1a: Giratina
|-supereffective|p1a: Giratina
|-damage|p1a: Giratina|26/100
|
|-heal|p1a: Giratina|32/100|[from] item: Leftovers
|-heal|p2a: Tyranitar|100/100 brn|[from] item: Leftovers
|-damage|p2a: Tyranitar|94/100 brn|[from] brn
|upkeep
|turn|13
|
|t:|1634444833
|move|p1a: Giratina|Will-O-Wisp|p2a: Tyranitar
|-fail|p2a: Tyranitar|brn
|move|p2a: Tyranitar|Foul Play|p1a: Giratina
|-supereffective|p1a: Giratina
|-damage|p1a: Giratina|16/100
|
|-heal|p1a: Giratina|23/100|[from] item: Leftovers
|-heal|p2a: Tyranitar|100/100 brn|[from] item: Leftovers
|-damage|p2a: Tyranitar|94/100 brn|[from] brn
|upkeep
|turn|14
|
|t:|1634444845
|move|p1a: Giratina|Rest|p1a: Giratina
|-status|p1a: Giratina|slp|[from] move: Rest
|-heal|p1a: Giratina|100/100 slp|[silent]
|move|p2a: Tyranitar|Foul Play|p1a: Giratina
|-supereffective|p1a: Giratina
|-damage|p1a: Giratina|86/100 slp
|
|-heal|p1a: Giratina|92/100 slp|[from] item: Leftovers
|-heal|p2a: Tyranitar|100/100 brn|[from] item: Leftovers
|-damage|p2a: Tyranitar|94/100 brn|[from] brn
|upkeep
|turn|15
|
|t:|1634444848
|cant|p1a: Giratina|slp
|move|p2a: Tyranitar|Rest|p2a: Tyranitar
|-status|p2a: Tyranitar|slp|[from] move: Rest
|-heal|p2a: Tyranitar|100/100 slp|[silent]
|
|-heal|p1a: Giratina|99/100 slp|[from] item: Leftovers
|upkeep
|turn|16
|
|t:|1634444850
|switch|p2a: ColorfulChoco|Blissey, F|100/100
|cant|p1a: Giratina|slp
|
|-heal|p1a: Giratina|100/100 slp|[from] item: Leftovers
|upkeep
|turn|17
|
|t:|1634444855
|switch|p1a: Audino|Audino, L99, M|100/100
|move|p2a: ColorfulChoco|Aromatherapy|p2a: ColorfulChoco
|-activate|p2a: ColorfulChoco|move: Aromatherapy
|-curestatus|p2: Tyranitar|slp|[msg]
|
|upkeep
|turn|18
|
|t:|1634444858
|move|p2a: ColorfulChoco|Confide|p1a: Audino
|-unboost|p1a: Audino|spa|1
|move|p1a: Audino|Knock Off|p2a: ColorfulChoco
|-damage|p2a: ColorfulChoco|71/100
|-enditem|p2a: ColorfulChoco|Utility Umbrella|[from] move: Knock Off|[of] p1a: Audino
|
|upkeep
|turn|19
|c|☆I 只会❤️疼giegie|。。。
|
|t:|1634444866
|switch|p2a: Toxapex|Toxapex, F|100/100
|switch|p1a: Ho-Oh|Ho-Oh|100/100
|-ability|p1a: Ho-Oh|Pressure
|
|upkeep
|turn|20
|
|t:|1634444880
|switch|p1a: Eternatus|Eternatus|100/100
|-ability|p1a: Eternatus|Pressure
|move|p2a: Toxapex|Knock Off|p1a: Eternatus
|-damage|p1a: Eternatus|92/100
|-enditem|p1a: Eternatus|Choice Scarf|[from] move: Knock Off|[of] p2a: Toxapex
|
|upkeep
|turn|21
|
|t:|1634444905
|switch|p1a: Audino|Audino, L99, M|100/100
|move|p2a: Toxapex|Toxic Spikes|p1a: Audino
|-sidestart|p1: PokeDuels Blue|move: Toxic Spikes
|
|upkeep
|turn|22
|
|t:|1634444910
|move|p2a: Toxapex|Knock Off|p1a: Audino
|-damage|p1a: Audino|92/100
|-enditem|p1a: Audino|Heavy-Duty Boots|[from] move: Knock Off|[of] p2a: Toxapex
|move|p1a: Audino|Knock Off|p2a: Toxapex
|-damage|p2a: Toxapex|95/100
|
|upkeep
|turn|23
|
|t:|1634444918
|switch|p1a: Eternatus|Eternatus|92/100
|-sideend|p1: PokeDuels Blue|move: Toxic Spikes|[of] p1a: Eternatus
|-ability|p1a: Eternatus|Pressure
|move|p2a: Toxapex|Toxic|p1a: Eternatus
|-immune|p1a: Eternatus
|
|upkeep
|turn|24
|
|t:|1634444921
|switch|p1a: Audino|Audino, L99, M|100/100
|move|p2a: Toxapex|Toxic Spikes|p1a: Audino
|-sidestart|p1: PokeDuels Blue|move: Toxic Spikes
|
|upkeep
|turn|25
|
|t:|1634444923
|switch|p1a: Eternatus|Eternatus|92/100
|-sideend|p1: PokeDuels Blue|move: Toxic Spikes|[of] p1a: Eternatus
|-ability|p1a: Eternatus|Pressure
|move|p2a: Toxapex|Toxic Spikes|p1a: Eternatus
|-sidestart|p1: PokeDuels Blue|move: Toxic Spikes
|
|upkeep
|turn|26
|
|t:|1634444927
|switch|p1a: Audino|Audino, L99, M|100/100
|-status|p1a: Audino|psn
|move|p2a: Toxapex|Toxic Spikes|p1a: Audino
|-sidestart|p1: PokeDuels Blue|move: Toxic Spikes
|
|-damage|p1a: Audino|88/100 psn|[from] psn
|upkeep
|turn|27
|
|t:|1634444937
|switch|p2a: Ferrothorn|Ferrothorn, F|100/100
|switch|p1a: Eternatus|Eternatus|92/100
|-sideend|p1: PokeDuels Blue|move: Toxic Spikes|[of] p1a: Eternatus
|-ability|p1a: Eternatus|Pressure
|
|upkeep
|turn|28
|
|t:|1634444941
|switch|p1a: Ho-Oh|Ho-Oh|100/100
|-ability|p1a: Ho-Oh|Pressure
|switch|p2a: Tyranitar|Tyranitar, M|100/100
|-weather|Sandstorm|[from] ability: Sand Stream|[of] p2a: Tyranitar
|
|-weather|Sandstorm|[upkeep]
|-damage|p1a: Ho-Oh|94/100|[from] Sandstorm
|upkeep
|turn|29
|
|t:|1634444945
|switch|p1a: Giratina|Giratina|100/100 slp
|-ability|p1a: Giratina|Pressure
|move|p2a: Tyranitar|Stealth Rock|p1a: Giratina
|-sidestart|p1: PokeDuels Blue|move: Stealth Rock
|
|-weather|Sandstorm|[upkeep]
|-damage|p1a: Giratina|94/100 slp|[from] Sandstorm
|-heal|p1a: Giratina|100/100 slp|[from] item: Leftovers
|upkeep
|turn|30
|
|t:|1634444947
|-curestatus|p1a: Giratina|slp|[msg]
|move|p1a: Giratina|Defog|p2a: Tyranitar
|-unboost|p2a: Tyranitar|evasion|1
|-sideend|p1: PokeDuels Blue|Stealth Rock|[from] move: Defog|[of] p1a: Giratina
|move|p2a: Tyranitar|Foul Play|p1a: Giratina
|-supereffective|p1a: Giratina
|-damage|p1a: Giratina|72/100
|
|-weather|Sandstorm|[upkeep]
|-damage|p1a: Giratina|65/100|[from] Sandstorm
|-heal|p1a: Giratina|72/100|[from] item: Leftovers
|upkeep
|turn|31
|
|t:|1634444951
|move|p1a: Giratina|Will-O-Wisp|p2a: Tyranitar
|-status|p2a: Tyranitar|brn
|move|p2a: Tyranitar|Foul Play|p1a: Giratina
|-supereffective|p1a: Giratina
|-damage|p1a: Giratina|55/100
|
|-weather|Sandstorm|[upkeep]
|-damage|p1a: Giratina|49/100|[from] Sandstorm
|-heal|p1a: Giratina|55/100|[from] item: Leftovers
|-damage|p2a: Tyranitar|94/100 brn|[from] brn
|upkeep
|turn|32
|
|t:|1634444956
|switch|p2a: Giratina|Giratina-Origin|100/100
|move|p1a: Giratina|Will-O-Wisp|p2a: Giratina
|-status|p2a: Giratina|brn
|
|-weather|none
|-heal|p1a: Giratina|62/100|[from] item: Leftovers
|-damage|p2a: Giratina|94/100 brn|[from] brn
|upkeep
|turn|33
|
|t:|1634444960
|switch|p1a: Ho-Oh|Ho-Oh|94/100
|-ability|p1a: Ho-Oh|Pressure
|move|p2a: Giratina|Dragon Pulse|p1a: Ho-Oh
|-damage|p1a: Ho-Oh|72/100
|
|-damage|p2a: Giratina|88/100 brn|[from] brn
|upkeep
|turn|34
|
|t:|1634444969
|move|p1a: Ho-Oh|Brave Bird|p2a: Giratina
|-damage|p2a: Giratina|56/100 brn
|-damage|p1a: Ho-Oh|59/100|[from] Recoil
|move|p2a: Giratina|Rest|p2a: Giratina
|-status|p2a: Giratina|slp|[from] move: Rest
|-heal|p2a: Giratina|100/100 slp|[silent]
|
|upkeep
|turn|35
|
|t:|1634444974
|switch|p2a: Ferrothorn|Ferrothorn, F|100/100
|move|p1a: Ho-Oh|Brave Bird|p2a: Ferrothorn
|-damage|p2a: Ferrothorn|64/100
|-damage|p1a: Ho-Oh|46/100|[from] ability: Iron Barbs|[of] p2a: Ferrothorn
|-damage|p1a: Ho-Oh|36/100|[from] Recoil
|
|-heal|p2a: Ferrothorn|70/100|[from] item: Leftovers
|upkeep
|turn|36
|
|t:|1634444982
|switch|p1a: Giratina|Giratina|62/100
|-ability|p1a: Giratina|Pressure
|switch|p2a: Toxapex|Toxapex, F|100/100
|
|-heal|p1a: Giratina|68/100|[from] item: Leftovers
|upkeep
|turn|37
|
|t:|1634444995
|switch|p1a: Eternatus|Eternatus|92/100
|-ability|p1a: Eternatus|Pressure
|move|p2a: Toxapex|Toxic|p1a: Eternatus
|-immune|p1a: Eternatus
|
|upkeep
|turn|38
|c|☆I 只会❤️疼giegie|。。。。
|
|t:|1634445000
|switch|p1a: Audino|Audino, L99, M|100/100 psn
|move|p2a: Toxapex|Toxic Spikes|p1a: Audino
|-sidestart|p1: PokeDuels Blue|move: Toxic Spikes
|
|-damage|p1a: Audino|88/100 psn|[from] psn
|upkeep
|turn|39
|
|t:|1634445018
|switch|p1a: Eternatus|Eternatus|92/100
|-sideend|p1: PokeDuels Blue|move: Toxic Spikes|[of] p1a: Eternatus
|-ability|p1a: Eternatus|Pressure
|move|p2a: Toxapex|Toxic Spikes|p1a: Eternatus
|-sidestart|p1: PokeDuels Blue|move: Toxic Spikes
|
|upkeep
|turn|40
|
|t:|1634445024
|switch|p1a: Audino|Audino, L99, M|100/100 psn
|switch|p2a: ColorfulChoco|Blissey, F|71/100
|
|-damage|p1a: Audino|88/100 psn|[from] psn
|upkeep
|turn|41
|
|t:|1634445029
|switch|p1a: Eternatus|Eternatus|92/100
|-sideend|p1: PokeDuels Blue|move: Toxic Spikes|[of] p1a: Eternatus
|-ability|p1a: Eternatus|Pressure
|move|p2a: ColorfulChoco|Aromatherapy|p2a: ColorfulChoco
|-activate|p2a: ColorfulChoco|move: Aromatherapy
|-curestatus|p2: Tyranitar|brn|[msg]
|-curestatus|p2: Giratina|slp|[msg]
|
|upkeep
|turn|42
|
|t:|1634445051
|switch|p1a: Ho-Oh|Ho-Oh|36/100
|-ability|p1a: Ho-Oh|Pressure
|move|p2a: ColorfulChoco|Soft-Boiled|p2a: ColorfulChoco
|-heal|p2a: ColorfulChoco|100/100
|
|upkeep
|turn|43
|
|t:|1634445061
|switch|p1a: Giratina|Giratina|68/100
|-ability|p1a: Giratina|Pressure
|switch|p2a: Toxapex|Toxapex, F|100/100
|
|-heal|p1a: Giratina|74/100|[from] item: Leftovers
|upkeep
|turn|44
|
|t:|1634445067
|switch|p1a: Eternatus|Eternatus|92/100
|-ability|p1a: Eternatus|Pressure
|move|p2a: Toxapex|Toxic Spikes|p1a: Eternatus
|-sidestart|p1: PokeDuels Blue|move: Toxic Spikes
|
|upkeep
|turn|45
|
|t:|1634445084
|switch|p1a: Audino|Audino, L99, M|100/100 psn
|switch|p2a: Giratina|Giratina-Origin|100/100
|
|-damage|p1a: Audino|88/100 psn|[from] psn
|upkeep
|turn|46
|-message|PokeDuels Blue forfeited.
|
|win|I 只会❤️疼giegie
|raw|PokeDuels Blue's rating: 1389 &rarr; <strong>1372</strong><br />(-17 for losing)
|raw|I 只会❤️疼giegie's rating: 1433 &rarr; <strong>1450</strong><br />(+17 for winning)
|l|☆PokeDuels Blue
