|j|☆patodefato
|j|☆Influxtion
|t:|1651684017
|gametype|singles
|player|p1|patodefato|1|1194
|player|p2|Influxtion|265|1323
|teamsize|p1|6
|teamsize|p2|6
|gen|8
|tier|[Gen 8] Ubers
|rated|
|rule|Sleep Clause Mod: Limit one foe put to sleep
|rule|Species Clause: Limit one of each Pokémon
|rule|OHKO Clause: OHKO moves are banned
|rule|Evasion Moves Clause: Evasion moves are banned
|rule|Endless Battle Clause: Forcing endless battles is banned
|rule|HP Percentage Mod: HP is shown in percentages
|rule|Dynamax Clause: You cannot dynamax
|clearpoke
|poke|p1|Calyrex-Ice|
|poke|p1|Dracovish|
|poke|p1|Kyogre|
|poke|p1|Landorus-Therian, M|
|poke|p1|Yveltal|
|poke|p1|Magearna|
|poke|p2|Lycanroc, M|
|poke|p2|Galvantula, M|
|poke|p2|Sharpedo, M|
|poke|p2|Eternatus|
|poke|p2|Calyrex-Shadow|
|poke|p2|Hydreigon, M|
|teampreview
|
|t:|1651684041
|start
|switch|p1a: Landorus|Landorus-Therian, M|100/100
|switch|p2a: Blue shark|Sharpedo, M|100/100
|-ability|p1a: Landorus|Intimidate|boost
|-unboost|p2a: Blue shark|atk|1
|turn|1
|
|t:|1651684056
|switch|p1a: Magearna|Magearna|100/100
|move|p2a: Blue shark|Liquidation|p1a: Magearna
|-damage|p1a: Magearna|65/100
|-damage|p2a: Blue shark|91/100|[from] item: Life Orb
|
|-ability|p2a: Blue shark|Speed Boost|boost
|-boost|p2a: Blue shark|spe|1
|upkeep
|turn|2
|
|t:|1651684075
|switch|p2a: Tara broodfather|Galvantula, M, shiny|100/100
|move|p1a: Magearna|Trick Room|p1a: Magearna
|-fieldstart|move: Trick Room|[of] p1a: Magearna
|
|upkeep
|turn|3
|
|t:|1651684090
|move|p1a: Magearna|Ice Beam|p2a: Tara broodfather
|-crit|p2a: Tara broodfather
|-damage|p2a: Tara broodfather|4/100
|move|p2a: Tara broodfather|Thunder|p1a: Magearna|[miss]
|-miss|p2a: Tara broodfather|p1a: Magearna
|
|-heal|p2a: Tara broodfather|10/100|[from] item: Leftovers
|upkeep
|turn|4
|
|t:|1651684100
|move|p1a: Magearna|Ice Beam|p2a: Tara broodfather
|-damage|p2a: Tara broodfather|0 fnt
|faint|p2a: Tara broodfather
|-ability|p1a: Magearna|Soul-Heart|boost
|-boost|p1a: Magearna|spa|1
|
|upkeep
|
|t:|1651684117
|switch|p2a: Blue shark|Sharpedo, M|91/100
|turn|5
|
|t:|1651684121
|move|p2a: Blue shark|Protect|p2a: Blue shark
|-singleturn|p2a: Blue shark|Protect
|move|p1a: Magearna|Thunderbolt|p2a: Blue shark
|-activate|p2a: Blue shark|move: Protect
|
|-ability|p2a: Blue shark|Speed Boost|boost
|-boost|p2a: Blue shark|spe|1
|upkeep
|turn|6
|
|t:|1651684130
|switch|p2a: Necron|Hydreigon, M|100/100
|move|p1a: Magearna|Fleur Cannon|p2a: Necron|[miss]
|-miss|p1a: Magearna|p2a: Necron
|
|-fieldend|move: Trick Room
|upkeep
|turn|7
|
|t:|1651684139
|move|p2a: Necron|Fire Blast|p1a: Magearna
|-supereffective|p1a: Magearna
|-damage|p1a: Magearna|0 fnt
|faint|p1a: Magearna
|
|upkeep
|
|t:|1651684153
|switch|p1a: Kyogre|Kyogre|100/100
|-weather|RainDance|[from] ability: Drizzle|[of] p1a: Kyogre
|turn|8
|
|t:|1651684159
|move|p1a: Kyogre|Ice Beam|p2a: Necron
|-supereffective|p2a: Necron
|-damage|p2a: Necron|26/100
|move|p2a: Necron|Draco Meteor|p1a: Kyogre
|-damage|p1a: Kyogre|47/100
|-unboost|p2a: Necron|spa|2
|
|-weather|RainDance|[upkeep]
|-heal|p2a: Necron|32/100|[from] item: Leftovers
|upkeep
|turn|9
|
|t:|1651684170
|switch|p2a: Blue shark|Sharpedo, M|91/100
|move|p1a: Kyogre|Ice Beam|p2a: Blue shark
|-resisted|p2a: Blue shark
|-damage|p2a: Blue shark|46/100
|
|-weather|RainDance|[upkeep]
|upkeep
|turn|10
|
|t:|1651684180
|move|p2a: Blue shark|Protect|p2a: Blue shark
|-singleturn|p2a: Blue shark|Protect
|move|p1a: Kyogre|Ice Beam|p2a: Blue shark
|-activate|p2a: Blue shark|move: Protect
|
|-weather|RainDance|[upkeep]
|-ability|p2a: Blue shark|Speed Boost|boost
|-boost|p2a: Blue shark|spe|1
|upkeep
|turn|11
|-message|patodefato forfeited.
|
|win|Influxtion
|raw|patodefato's rating: 1194 &rarr; <strong>1178</strong><br />(-16 for losing)
|raw|Influxtion's rating: 1323 &rarr; <strong>1336</strong><br />(+13 for winning)
|l|☆patodefato
