|j|☆PokeDuels
|j|☆Listcario
|t:|1619896070
|gametype|singles
|player|p1|PokeDuels|102|1583
|player|p2|Listcario|acerola|1469
|teamsize|p1|6
|teamsize|p2|6
|gen|8
|tier|[Gen 8] Ubers
|rated|
|clearpoke
|poke|p1|Froslass, F|
|poke|p1|Grimmsnarl, M|
|poke|p1|Xerneas|
|poke|p1|Zekrom|
|poke|p1|Groudon|
|poke|p1|Necrozma-Dusk-Mane|
|poke|p2|Calyrex-Shadow|
|poke|p2|Necrozma-Dusk-Mane|
|poke|p2|Groudon|
|poke|p2|Yveltal|
|poke|p2|Genesect|
|poke|p2|Excadrill, M|
|rule|Sleep Clause Mod: Limit one foe put to sleep
|rule|Species Clause: Limit one of each Pokémon
|rule|OHKO Clause: OHKO moves are banned
|rule|Evasion Moves Clause: Evasion moves are banned
|rule|Endless Battle Clause: Forcing endless battles is banned
|rule|HP Percentage Mod: HP is shown in percentages
|rule|Dynamax Clause: You cannot dynamax
|teampreview
|inactive|Battle timer is ON: inactive players will automatically lose when time's up. (requested by Listcario)
|
|t:|1619896137
|start
|switch|p1a: Froslass|Froslass, F|100/100
|switch|p2a: Genesect|Genesect, shiny|100/100
|-ability|p2a: Genesect|Download|boost
|-boost|p2a: Genesect|atk|1
|turn|1
|
|t:|1619896157
|move|p2a: Genesect|U-turn|p1a: Froslass
|-resisted|p1a: Froslass
|-crit|p1a: Froslass
|-damage|p1a: Froslass|41/100
|
|t:|1619896159
|switch|p2a: Excadrill|Excadrill, M|100/100|[from]move: U-turn
|-ability|p2a: Excadrill|Mold Breaker
|move|p1a: Froslass|Spikes|p2a: Excadrill
|-sidestart|p2: Listcario|Spikes
|
|upkeep
|turn|2
|
|t:|1619896166
|move|p1a: Froslass|Icy Wind|p2a: Excadrill
|-damage|p2a: Excadrill|72/100
|-unboost|p2a: Excadrill|spe|1
|move|p2a: Excadrill|Rapid Spin|p1a: Froslass
|-immune|p1a: Froslass
|
|upkeep
|turn|3
|
|t:|1619896176
|move|p1a: Froslass|Taunt|p2a: Excadrill
|-start|p2a: Excadrill|move: Taunt
|move|p2a: Excadrill|Iron Head|p1a: Froslass
|-supereffective|p1a: Froslass
|-damage|p1a: Froslass|0 fnt
|faint|p1a: Froslass
|
|upkeep
|inactive|PokeDuels has 120 seconds left.
|inactive|PokeDuels has 90 seconds left.
|inactive|PokeDuels has 60 seconds left.
|inactive|PokeDuels has 30 seconds left.
|inactive|PokeDuels has 20 seconds left.
|inactive|PokeDuels has 15 seconds left.
|inactive|PokeDuels has 10 seconds left.
|
|t:|1619896322
|switch|p1a: Zekrom|Zekrom|100/100
|-ability|p1a: Zekrom|Teravolt
|-item|p1a: Zekrom|Air Balloon
|turn|4
|inactive|PokeDuels has 20 seconds left this turn.
|inactive|PokeDuels has 15 seconds left.
|inactive|PokeDuels has 10 seconds left.
|inactive|PokeDuels has 5 seconds left.
|
|t:|1619896348
|move|p1a: Zekrom|Dragon Dance|p1a: Zekrom
|-boost|p1a: Zekrom|atk|1
|-boost|p1a: Zekrom|spe|1
|move|p2a: Excadrill|Earthquake|p1a: Zekrom
|-immune|p1a: Zekrom
|
|upkeep
|turn|5
|inactive|PokeDuels has 15 seconds left this turn.
|inactive|PokeDuels has 10 seconds left.
|inactive|PokeDuels has 5 seconds left.
|
|t:|1619896359
|move|p1a: Zekrom|Dragon Dance|p1a: Zekrom
|-boost|p1a: Zekrom|atk|1
|-boost|p1a: Zekrom|spe|1
|move|p2a: Excadrill|Rapid Spin|p1a: Zekrom
|-damage|p1a: Zekrom|86/100
|-boost|p2a: Excadrill|spe|1
|-enditem|p1a: Zekrom|Air Balloon
|-sideend|p2: Listcario|Spikes|[from] move: Rapid Spin|[of] p2a: Excadrill
|
|-end|p2a: Excadrill|move: Taunt
|upkeep
|turn|6
|inactive|PokeDuels has 15 seconds left this turn.
|
|t:|1619896363
|move|p1a: Zekrom|Dragon Claw|p2a: Excadrill
|-resisted|p2a: Excadrill
|-damage|p2a: Excadrill|9/100
|move|p2a: Excadrill|Earthquake|p1a: Zekrom
|-supereffective|p1a: Zekrom
|-damage|p1a: Zekrom|0 fnt
|faint|p1a: Zekrom
|
|upkeep
|inactive|PokeDuels has 20 seconds left this turn.
|inactive|PokeDuels has 15 seconds left.
|
|t:|1619896371
|switch|p1a: Grimmsnarl|Grimmsnarl, M|100/100
|turn|7
|inactive|PokeDuels has 25 seconds left this turn.
|
|t:|1619896376
|move|p1a: Grimmsnarl|Reflect|p1a: Grimmsnarl
|-sidestart|p1: PokeDuels|Reflect
|move|p2a: Excadrill|Iron Head|p1a: Grimmsnarl
|-supereffective|p1a: Grimmsnarl
|-damage|p1a: Grimmsnarl|51/100
|
|upkeep
|turn|8
|
|t:|1619896380
|move|p2a: Excadrill|Iron Head|p1a: Grimmsnarl
|-supereffective|p1a: Grimmsnarl
|-damage|p1a: Grimmsnarl|8/100
|move|p1a: Grimmsnarl|Play Rough|p2a: Excadrill
|-resisted|p2a: Excadrill
|-damage|p2a: Excadrill|0 fnt
|faint|p2a: Excadrill
|
|upkeep
|
|t:|1619896394
|switch|p2a: Calyrex|Calyrex-Shadow|100/100
|-ability|p2a: Calyrex|As One
|-ability|p2a: Calyrex|Unnerve
|turn|9
|
|t:|1619896396
|move|p1a: Grimmsnarl|Light Screen|p1a: Grimmsnarl
|-sidestart|p1: PokeDuels|move: Light Screen
|move|p2a: Calyrex|Astral Barrage|p1a: Grimmsnarl
|-resisted|p1a: Grimmsnarl
|-damage|p1a: Grimmsnarl|0 fnt
|faint|p1a: Grimmsnarl
|-ability|p2a: Calyrex|Grim Neigh|boost
|-boost|p2a: Calyrex|spa|1
|
|upkeep
|
|t:|1619896406
|switch|p1a: Groudon|Groudon|100/100
|-weather|SunnyDay|[from] ability: Drought|[of] p1a: Groudon
|turn|10
|
|t:|1619896414
|move|p2a: Calyrex|Astral Barrage|p1a: Groudon
|-damage|p1a: Groudon|46/100
|move|p1a: Groudon|Rock Polish|p1a: Groudon
|-boost|p1a: Groudon|spe|2
|
|-weather|SunnyDay|[upkeep]
|upkeep
|turn|11
|
|t:|1619896417
|move|p2a: Calyrex|Astral Barrage|p1a: Groudon
|-damage|p1a: Groudon|0 fnt
|faint|p1a: Groudon
|-ability|p2a: Calyrex|Grim Neigh|boost
|-boost|p2a: Calyrex|spa|1
|
|-weather|SunnyDay|[upkeep]
|upkeep
|
|t:|1619896420
|switch|p1a: Xerneas|Xerneas|100/100
|-ability|p1a: Xerneas|Fairy Aura
|turn|12
|
|t:|1619896425
|move|p2a: Calyrex|Astral Barrage|p1a: Xerneas
|-damage|p1a: Xerneas|33/100
|move|p1a: Xerneas|Geomancy||[still]
|-prepare|p1a: Xerneas|Geomancy
|-enditem|p1a: Xerneas|Power Herb
|-anim|p1a: Xerneas|Geomancy|p1a: Xerneas
|-boost|p1a: Xerneas|spa|2
|-boost|p1a: Xerneas|spd|2
|-boost|p1a: Xerneas|spe|2
|
|-weather|SunnyDay|[upkeep]
|upkeep
|turn|13
|
|t:|1619896428
|move|p2a: Calyrex|Astral Barrage|p1a: Xerneas
|-damage|p1a: Xerneas|0 fnt
|faint|p1a: Xerneas
|-ability|p2a: Calyrex|Grim Neigh|boost
|-boost|p2a: Calyrex|spa|1
|
|-weather|SunnyDay|[upkeep]
|upkeep
|inactive|PokeDuels has 90 seconds left.
|-message|PokeDuels forfeited.
|
|win|Listcario
|raw|PokeDuels's rating: 1583 &rarr; <strong>1557</strong><br />(-26 for losing)
|raw|Listcario's rating: 1469 &rarr; <strong>1495</strong><br />(+26 for winning)
|l|☆PokeDuels
|c|☆Listcario|gg
