|j|☆Research Club
|j|☆Tpc is here
|t:|1641922562
|gametype|singles
|player|p1|Research Club|nate|
|player|p2|Tpc is here|shadowtriad|
|teamsize|p1|6
|teamsize|p2|6
|gen|8
|tier|[Gen 8] Ubers
|rated|Tournament battle
|rule|Sleep Clause Mod: Limit one foe put to sleep
|rule|Species Clause: Limit one of each Pokémon
|rule|OHKO Clause: OHKO moves are banned
|rule|Evasion Moves Clause: Evasion moves are banned
|rule|Endless Battle Clause: Forcing endless battles is banned
|rule|HP Percentage Mod: HP is shown in percentages
|rule|Dynamax Clause: You cannot dynamax
|clearpoke
|poke|p1|Aerodactyl, F|
|poke|p1|Calyrex-Shadow|
|poke|p1|Necrozma-Dusk-Mane|
|poke|p1|Yveltal|
|poke|p1|Weavile, M|
|poke|p1|Xerneas-*|
|poke|p2|Landorus-Therian, M|
|poke|p2|Calyrex-Shadow|
|poke|p2|Necrozma-Dusk-Mane|
|poke|p2|Eternatus|
|poke|p2|Yveltal|
|poke|p2|Marshadow|
|teampreview
|inactive|Battle timer is ON: inactive players will automatically lose when time's up. (requested by Tpc is here)
|c|☆Research Club|gl
|c|☆Tpc is here|ce weavile fait peur
|c|☆Tpc is here|hf
|
|t:|1641922587
|start
|switch|p1a: Aerodactyl|Aerodactyl, F|100/100
|switch|p2a: Yveltal|Yveltal|100/100
|-ability|p1a: Aerodactyl|Pressure
|-ability|p2a: Yveltal|Dark Aura
|turn|1
|
|t:|1641922592
|move|p1a: Aerodactyl|Stealth Rock|p2a: Yveltal
|-sidestart|p2: Tpc is here|move: Stealth Rock
|move|p2a: Yveltal|U-turn|p1a: Aerodactyl
|-resisted|p1a: Aerodactyl
|-damage|p1a: Aerodactyl|84/100
|
|t:|1641922597
|switch|p2a: Calyrex|Calyrex-Shadow|100/100|[from]move: U-turn
|-ability|p2a: Calyrex|As One
|-ability|p2a: Calyrex|Unnerve
|-damage|p2a: Calyrex|88/100|[from] Stealth Rock
|
|upkeep
|turn|2
|
|t:|1641922604
|switch|p1a: Yveltal|Yveltal|100/100
|-ability|p1a: Yveltal|Dark Aura
|move|p2a: Calyrex|Astral Barrage|p1a: Yveltal
|-resisted|p1a: Yveltal
|-crit|p1a: Yveltal
|-damage|p1a: Yveltal|33/100
|
|upkeep
|turn|3
|j| Sambo
|
|t:|1641922629
|switch|p2a: Marshadow|Marshadow|100/100
|-damage|p2a: Marshadow|94/100|[from] Stealth Rock
|move|p1a: Yveltal|Oblivion Wing|p2a: Marshadow
|-supereffective|p2a: Marshadow
|-damage|p2a: Marshadow|0 fnt
|-heal|p1a: Yveltal|90/100|[from] drain|[of] p2a: Marshadow
|faint|p2a: Marshadow
|-damage|p1a: Yveltal|80/100|[from] item: Life Orb
|
|upkeep
|inactive|Tpc is here has 120 seconds left.
|
|t:|1641922663
|switch|p2a: Eternatus|Eternatus|100/100
|-damage|p2a: Eternatus|88/100|[from] Stealth Rock
|-ability|p2a: Eternatus|Pressure
|turn|4
|
|t:|1641922666
|switch|p1a: Aerodactyl|Aerodactyl, F|84/100
|-ability|p1a: Aerodactyl|Pressure
|move|p2a: Eternatus|Toxic|p1a: Aerodactyl
|-status|p1a: Aerodactyl|tox
|
|-heal|p2a: Eternatus|94/100|[from] item: Black Sludge
|-damage|p1a: Aerodactyl|78/100 tox|[from] psn
|upkeep
|turn|5
|
|t:|1641922672
|move|p1a: Aerodactyl|Taunt|p2a: Eternatus
|-start|p2a: Eternatus|move: Taunt
|move|p2a: Eternatus|Dynamax Cannon|p1a: Aerodactyl
|-damage|p1a: Aerodactyl|7/100 tox
|
|-heal|p2a: Eternatus|100/100|[from] item: Black Sludge
|-damage|p1a: Aerodactyl|0 fnt|[from] psn
|faint|p1a: Aerodactyl
|upkeep
|
|t:|1641922689
|switch|p1a: Xerneas|Xerneas|100/100
|-ability|p1a: Xerneas|Fairy Aura
|turn|6
|inactive|Tpc is here has 120 seconds left.
|
|t:|1641922700
|switch|p2a: Necrozma|Necrozma-Dusk-Mane|100/100
|-damage|p2a: Necrozma|94/100|[from] Stealth Rock
|move|p1a: Xerneas|Geomancy||[still]
|-prepare|p1a: Xerneas|Geomancy
|-enditem|p1a: Xerneas|Power Herb
|-anim|p1a: Xerneas|Geomancy|p1a: Xerneas
|-boost|p1a: Xerneas|spa|2
|-boost|p1a: Xerneas|spd|2
|-boost|p1a: Xerneas|spe|2
|
|-heal|p2a: Necrozma|100/100|[from] item: Leftovers
|upkeep
|turn|7
|
|t:|1641922707
|move|p1a: Xerneas|Moonblast|p2a: Necrozma
|-resisted|p2a: Necrozma
|-damage|p2a: Necrozma|57/100
|-unboost|p2a: Necrozma|spa|1
|move|p2a: Necrozma|Iron Head|p1a: Xerneas
|-supereffective|p1a: Xerneas
|-damage|p1a: Xerneas|40/100
|
|-heal|p2a: Necrozma|63/100|[from] item: Leftovers
|upkeep
|turn|8
|
|t:|1641922714
|move|p1a: Xerneas|Moonblast|p2a: Necrozma
|-resisted|p2a: Necrozma
|-damage|p2a: Necrozma|19/100
|-unboost|p2a: Necrozma|spa|1
|move|p2a: Necrozma|Morning Sun|p2a: Necrozma
|-heal|p2a: Necrozma|69/100
|
|-heal|p2a: Necrozma|75/100|[from] item: Leftovers
|upkeep
|turn|9
|
|t:|1641922718
|move|p1a: Xerneas|Thunder|p2a: Necrozma
|-damage|p2a: Necrozma|25/100
|move|p2a: Necrozma|Morning Sun|p2a: Necrozma
|-heal|p2a: Necrozma|75/100
|
|-heal|p2a: Necrozma|81/100|[from] item: Leftovers
|upkeep
|turn|10
|
|t:|1641922723
|move|p1a: Xerneas|Moonblast|p2a: Necrozma
|-resisted|p2a: Necrozma
|-damage|p2a: Necrozma|39/100
|move|p2a: Necrozma|Morning Sun|p2a: Necrozma
|-heal|p2a: Necrozma|89/100
|
|-heal|p2a: Necrozma|95/100|[from] item: Leftovers
|upkeep
|turn|11
|
|t:|1641922726
|move|p1a: Xerneas|Moonblast|p2a: Necrozma
|-resisted|p2a: Necrozma
|-damage|p2a: Necrozma|54/100
|move|p2a: Necrozma|Stealth Rock|p1a: Xerneas
|-sidestart|p1: Research Club|move: Stealth Rock
|
|-heal|p2a: Necrozma|60/100|[from] item: Leftovers
|upkeep
|turn|12
|
|t:|1641922732
|move|p1a: Xerneas|Thunder|p2a: Necrozma
|-damage|p2a: Necrozma|6/100
|move|p2a: Necrozma|Iron Head|p1a: Xerneas
|-supereffective|p1a: Xerneas
|-damage|p1a: Xerneas|0 fnt
|faint|p1a: Xerneas
|
|-heal|p2a: Necrozma|12/100|[from] item: Leftovers
|upkeep
|
|t:|1641922755
|switch|p1a: Calyrex|Calyrex-Shadow|100/100
|-ability|p1a: Calyrex|As One
|-ability|p1a: Calyrex|Unnerve
|-damage|p1a: Calyrex|88/100|[from] Stealth Rock
|turn|13
|
|t:|1641922761
|move|p1a: Calyrex|Astral Barrage|p2a: Necrozma
|-supereffective|p2a: Necrozma
|-damage|p2a: Necrozma|0 fnt
|faint|p2a: Necrozma
|-ability|p1a: Calyrex|Grim Neigh|boost
|-boost|p1a: Calyrex|spa|1
|
|upkeep
|
|t:|1641922765
|switch|p2a: Yveltal|Yveltal|100/100
|-ability|p2a: Yveltal|Dark Aura
|turn|14
|
|t:|1641922768
|move|p1a: Calyrex|Draining Kiss|p2a: Yveltal
|-supereffective|p2a: Yveltal
|-damage|p2a: Yveltal|55/100
|-heal|p1a: Calyrex|100/100|[from] drain|[of] p2a: Yveltal
|move|p2a: Yveltal|Knock Off|p1a: Calyrex
|-supereffective|p1a: Calyrex
|-enditem|p1a: Calyrex|Focus Sash
|-damage|p1a: Calyrex|1/100
|
|upkeep
|turn|15
|
|t:|1641922774
|move|p2a: Yveltal|Sucker Punch||[still]
|-fail|p2a: Yveltal
|move|p1a: Calyrex|Nasty Plot|p1a: Calyrex
|-boost|p1a: Calyrex|spa|2
|
|upkeep
|turn|16
|
|t:|1641922779
|move|p2a: Yveltal|Sucker Punch|p1a: Calyrex
|-supereffective|p1a: Calyrex
|-crit|p1a: Calyrex
|-damage|p1a: Calyrex|0 fnt
|faint|p1a: Calyrex
|
|upkeep
|
|t:|1641922782
|switch|p1a: Yveltal|Yveltal|80/100
|-damage|p1a: Yveltal|55/100|[from] Stealth Rock
|-ability|p1a: Yveltal|Dark Aura
|turn|17
|
|t:|1641922798
|move|p1a: Yveltal|Oblivion Wing|p2a: Yveltal
|-damage|p2a: Yveltal|18/100
|-heal|p1a: Yveltal|87/100|[from] drain|[of] p2a: Yveltal
|-damage|p1a: Yveltal|77/100|[from] item: Life Orb
|move|p2a: Yveltal|Knock Off|p1a: Yveltal
|-resisted|p1a: Yveltal
|-damage|p1a: Yveltal|53/100
|-enditem|p1a: Yveltal|Life Orb|[from] move: Knock Off|[of] p2a: Yveltal
|
|upkeep
|turn|18
|
|t:|1641922807
|move|p1a: Yveltal|Oblivion Wing|p2a: Yveltal
|-damage|p2a: Yveltal|0 fnt
|-heal|p1a: Yveltal|68/100|[from] drain|[of] p2a: Yveltal
|faint|p2a: Yveltal
|
|upkeep
|
|t:|1641922812
|switch|p2a: Eternatus|Eternatus|100/100
|-damage|p2a: Eternatus|88/100|[from] Stealth Rock
|-ability|p2a: Eternatus|Pressure
|turn|19
|
|t:|1641922816
|switch|p2a: Calyrex|Calyrex-Shadow|88/100
|-ability|p2a: Calyrex|As One
|-ability|p2a: Calyrex|Unnerve
|-damage|p2a: Calyrex|76/100|[from] Stealth Rock
|switch|p1a: Necrozma|Necrozma-Dusk-Mane|100/100
|-damage|p1a: Necrozma|95/100|[from] Stealth Rock
|
|upkeep
|turn|20
|l| Sambo
|
|t:|1641922827
|move|p2a: Calyrex|Astral Barrage|p1a: Necrozma
|-supereffective|p1a: Necrozma
|-damage|p1a: Necrozma|0 fnt
|faint|p1a: Necrozma
|-ability|p2a: Calyrex|Grim Neigh|boost
|-boost|p2a: Calyrex|spa|1
|
|upkeep
|
|t:|1641922829
|switch|p1a: Yveltal|Yveltal|68/100
|-damage|p1a: Yveltal|43/100|[from] Stealth Rock
|-ability|p1a: Yveltal|Dark Aura
|turn|21
|
|t:|1641922844
|switch|p1a: Weavile|Weavile, M|100/100
|-damage|p1a: Weavile|76/100|[from] Stealth Rock
|-ability|p1a: Weavile|Pressure
|move|p2a: Calyrex|Astral Barrage|p1a: Weavile
|-resisted|p1a: Weavile
|-damage|p1a: Weavile|0 fnt
|faint|p1a: Weavile
|-ability|p2a: Calyrex|Grim Neigh|boost
|-boost|p2a: Calyrex|spa|1
|
|upkeep
|
|t:|1641922848
|switch|p1a: Yveltal|Yveltal|43/100
|-damage|p1a: Yveltal|18/100|[from] Stealth Rock
|-ability|p1a: Yveltal|Dark Aura
|turn|22
|c|☆Research Club|gg
|c|☆Tpc is here|gg
|
|t:|1641922861
|move|p1a: Yveltal|Sucker Punch|p2a: Calyrex
|-supereffective|p2a: Calyrex
|-crit|p2a: Calyrex
|-damage|p2a: Calyrex|0 fnt
|faint|p2a: Calyrex
|
|upkeep
|
|t:|1641922865
|switch|p2a: Eternatus|Eternatus|88/100
|-damage|p2a: Eternatus|76/100|[from] Stealth Rock
|-ability|p2a: Eternatus|Pressure
|turn|23
|
|t:|1641922867
|move|p2a: Eternatus|Dynamax Cannon|p1a: Yveltal
|-damage|p1a: Yveltal|0 fnt
|faint|p1a: Yveltal
|
|win|Tpc is here
|n|☆Research Club|researchclub
|n|☆Tpc is here|tpcishere
|l|☆Research Club
|j| badalakazam
