|j|☆cxcould
|j|☆Pkmn3443
|t:|1636856334
|gametype|singles
|player|p1|cxcould|dawn|1572
|player|p2|Pkmn3443|2|1595
|teamsize|p1|6
|teamsize|p2|6
|gen|8
|tier|[Gen 8] Ubers
|rated|
|rule|Sleep Clause Mod: Limit one foe put to sleep
|rule|Species Clause: Limit one of each Pokémon
|rule|OHKO Clause: OHKO moves are banned
|rule|Evasion Moves Clause: Evasion moves are banned
|rule|Endless Battle Clause: Forcing endless battles is banned
|rule|HP Percentage Mod: HP is shown in percentages
|rule|Dynamax Clause: You cannot dynamax
|clearpoke
|poke|p1|Zekrom|
|poke|p1|Calyrex-Ice|
|poke|p1|Necrozma-Dusk-Mane|
|poke|p1|Xerneas-*|
|poke|p1|Yveltal|
|poke|p1|Magnezone|
|poke|p2|Blissey, F|
|poke|p2|Necrozma-Dusk-Mane|
|poke|p2|Ho-Oh|
|poke|p2|Eternatus|
|poke|p2|Ditto|
|poke|p2|Yveltal|
|teampreview
|inactive|Battle timer is ON: inactive players will automatically lose when time's up. (requested by cxcould)
|
|t:|1636856342
|start
|switch|p1a: Yveltal|Yveltal|100/100
|switch|p2a: Eternatus|Eternatus|100/100
|-ability|p1a: Yveltal|Dark Aura
|-ability|p2a: Eternatus|Pressure
|turn|1
|
|t:|1636856348
|switch|p1a: Necrozma|Necrozma-Dusk-Mane|100/100
|switch|p2a: Yveltal|Yveltal|100/100
|-ability|p2a: Yveltal|Dark Aura
|
|upkeep
|turn|2
|
|t:|1636856353
|move|p2a: Yveltal|Knock Off|p1a: Necrozma
|-supereffective|p1a: Necrozma
|-damage|p1a: Necrozma|47/100
|-enditem|p1a: Necrozma|Leftovers|[from] move: Knock Off|[of] p2a: Yveltal
|move|p1a: Necrozma|Thunder Wave|p2a: Yveltal
|-status|p2a: Yveltal|par
|
|upkeep
|turn|3
|
|t:|1636856360
|move|p1a: Necrozma|Morning Sun|p1a: Necrozma
|-heal|p1a: Necrozma|97/100
|cant|p2a: Yveltal|par
|
|upkeep
|turn|4
|
|t:|1636856365
|switch|p2a: Eternatus|Eternatus|100/100
|-ability|p2a: Eternatus|Pressure
|move|p1a: Necrozma|Stealth Rock|p2a: Eternatus
|-sidestart|p2: Pkmn3443|move: Stealth Rock
|
|upkeep
|turn|5
|
|t:|1636856374
|move|p2a: Eternatus|Flamethrower|p1a: Necrozma
|-supereffective|p1a: Necrozma
|-damage|p1a: Necrozma|65/100
|move|p1a: Necrozma|Thunder Wave|p2a: Eternatus
|-status|p2a: Eternatus|par
|
|upkeep
|turn|6
|
|t:|1636856380
|move|p1a: Necrozma|Iron Head|p2a: Eternatus
|-damage|p2a: Eternatus|63/100 par
|move|p2a: Eternatus|Flamethrower|p1a: Necrozma
|-supereffective|p1a: Necrozma
|-damage|p1a: Necrozma|32/100
|
|-heal|p2a: Eternatus|70/100 par|[from] item: Black Sludge
|upkeep
|turn|7
|
|t:|1636856384
|move|p1a: Necrozma|Morning Sun|p1a: Necrozma
|-heal|p1a: Necrozma|82/100
|move|p2a: Eternatus|Flamethrower|p1a: Necrozma
|-supereffective|p1a: Necrozma
|-damage|p1a: Necrozma|47/100
|
|-heal|p2a: Eternatus|76/100 par|[from] item: Black Sludge
|upkeep
|turn|8
|
|t:|1636856387
|move|p1a: Necrozma|Morning Sun|p1a: Necrozma
|-heal|p1a: Necrozma|97/100
|move|p2a: Eternatus|Flamethrower|p1a: Necrozma
|-supereffective|p1a: Necrozma
|-damage|p1a: Necrozma|61/100
|
|-heal|p2a: Eternatus|82/100 par|[from] item: Black Sludge
|upkeep
|turn|9
|
|t:|1636856390
|switch|p1a: Zekrom|Zekrom|100/100
|-ability|p1a: Zekrom|Teravolt
|move|p2a: Eternatus|Recover|p2a: Eternatus
|-heal|p2a: Eternatus|100/100 par
|
|upkeep
|turn|10
|
|t:|1636856393
|move|p1a: Zekrom|Substitute|p1a: Zekrom
|-start|p1a: Zekrom|Substitute
|-damage|p1a: Zekrom|76/100
|move|p2a: Eternatus|Dynamax Cannon|p1a: Zekrom
|-supereffective|p1a: Zekrom
|-end|p1a: Zekrom|Substitute
|
|-heal|p1a: Zekrom|82/100|[from] item: Leftovers
|upkeep
|turn|11
|
|t:|1636856398
|move|p1a: Zekrom|Substitute|p1a: Zekrom
|-start|p1a: Zekrom|Substitute
|-damage|p1a: Zekrom|57/100
|move|p2a: Eternatus|Dynamax Cannon|p1a: Zekrom
|-supereffective|p1a: Zekrom
|-end|p1a: Zekrom|Substitute
|
|-heal|p1a: Zekrom|63/100|[from] item: Leftovers
|upkeep
|turn|12
|
|t:|1636856403
|move|p1a: Zekrom|Substitute|p1a: Zekrom
|-start|p1a: Zekrom|Substitute
|-damage|p1a: Zekrom|38/100
|cant|p2a: Eternatus|par
|
|-heal|p1a: Zekrom|44/100|[from] item: Leftovers
|upkeep
|turn|13
|
|t:|1636856408
|move|p1a: Zekrom|Dragon Dance|p1a: Zekrom
|-boost|p1a: Zekrom|atk|1
|-boost|p1a: Zekrom|spe|1
|move|p2a: Eternatus|Dynamax Cannon|p1a: Zekrom
|-supereffective|p1a: Zekrom
|-end|p1a: Zekrom|Substitute
|
|-heal|p1a: Zekrom|50/100|[from] item: Leftovers
|upkeep
|turn|14
|
|t:|1636856413
|move|p1a: Zekrom|Substitute|p1a: Zekrom
|-start|p1a: Zekrom|Substitute
|-damage|p1a: Zekrom|26/100
|cant|p2a: Eternatus|par
|
|-heal|p1a: Zekrom|32/100|[from] item: Leftovers
|upkeep
|turn|15
|
|t:|1636856418
|switch|p2a: Necrozma|Necrozma-Dusk-Mane|100/100
|-damage|p2a: Necrozma|94/100|[from] Stealth Rock
|move|p1a: Zekrom|Dragon Claw|p2a: Necrozma
|-resisted|p2a: Necrozma
|-damage|p2a: Necrozma|74/100
|-damage|p1a: Zekrom|15/100|[from] item: Rocky Helmet|[of] p2a: Necrozma
|
|-heal|p1a: Zekrom|21/100|[from] item: Leftovers
|upkeep
|turn|16
|
|t:|1636856426
|switch|p2a: Eternatus|Eternatus|100/100 par
|-damage|p2a: Eternatus|88/100 par|[from] Stealth Rock
|-ability|p2a: Eternatus|Pressure
|move|p1a: Zekrom|Bolt Strike|p2a: Eternatus
|-resisted|p2a: Eternatus
|-damage|p2a: Eternatus|39/100 par
|
|-heal|p1a: Zekrom|27/100|[from] item: Leftovers
|-heal|p2a: Eternatus|45/100 par|[from] item: Black Sludge
|upkeep
|turn|17
|
|t:|1636856433
|switch|p2a: Necrozma|Necrozma-Dusk-Mane|74/100
|-damage|p2a: Necrozma|68/100|[from] Stealth Rock
|move|p1a: Zekrom|Dragon Claw|p2a: Necrozma
|-resisted|p2a: Necrozma
|-damage|p2a: Necrozma|46/100
|-damage|p1a: Zekrom|11/100|[from] item: Rocky Helmet|[of] p2a: Necrozma
|
|-heal|p1a: Zekrom|17/100|[from] item: Leftovers
|upkeep
|turn|18
|
|t:|1636856440
|move|p1a: Zekrom|Bolt Strike|p2a: Necrozma|[miss]
|-miss|p1a: Zekrom|p2a: Necrozma
|move|p2a: Necrozma|Morning Sun|p2a: Necrozma
|-heal|p2a: Necrozma|96/100
|
|-heal|p1a: Zekrom|23/100|[from] item: Leftovers
|upkeep
|turn|19
|
|t:|1636856444
|move|p1a: Zekrom|Dragon Dance|p1a: Zekrom
|-boost|p1a: Zekrom|atk|1
|-boost|p1a: Zekrom|spe|1
|move|p2a: Necrozma|Knock Off|p1a: Zekrom
|-end|p1a: Zekrom|Substitute
|
|-heal|p1a: Zekrom|29/100|[from] item: Leftovers
|upkeep
|turn|20
|
|t:|1636856450
|move|p1a: Zekrom|Substitute|p1a: Zekrom
|-start|p1a: Zekrom|Substitute
|-damage|p1a: Zekrom|4/100
|move|p2a: Necrozma|Knock Off|p1a: Zekrom
|-end|p1a: Zekrom|Substitute
|
|-heal|p1a: Zekrom|10/100|[from] item: Leftovers
|upkeep
|turn|21
|
|t:|1636856455
|switch|p2a: Eternatus|Eternatus|45/100 par
|-damage|p2a: Eternatus|33/100 par|[from] Stealth Rock
|-ability|p2a: Eternatus|Pressure
|move|p1a: Zekrom|Bolt Strike|p2a: Eternatus
|-resisted|p2a: Eternatus
|-damage|p2a: Eternatus|0 fnt
|faint|p2a: Eternatus
|
|-heal|p1a: Zekrom|17/100|[from] item: Leftovers
|upkeep
|
|t:|1636856458
|switch|p2a: Ditto|Ditto|100/100
|-damage|p2a: Ditto|88/100|[from] Stealth Rock
|-transform|p2a: Ditto|p1a: Zekrom|[from] ability: Imposter
|-ability|p2a: Ditto|Teravolt
|turn|22
|
|t:|1636856465
|move|p2a: Ditto|Bolt Strike|p1a: Zekrom
|-resisted|p1a: Zekrom
|-damage|p1a: Zekrom|0 fnt
|faint|p1a: Zekrom
|
|upkeep
|
|t:|1636856471
|switch|p1a: Magnezone|Magnezone|100/100
|-item|p1a: Magnezone|Air Balloon
|turn|23
|
|t:|1636856480
|switch|p2a: Ho-Oh|Ho-Oh|100/100
|move|p1a: Magnezone|Substitute|p1a: Magnezone
|-start|p1a: Magnezone|Substitute
|-damage|p1a: Magnezone|76/100
|
|upkeep
|turn|24
|
|t:|1636856485
|move|p2a: Ho-Oh|Defog|p1a: Magnezone
|-sideend|p2: Pkmn3443|Stealth Rock|[from] move: Defog|[of] p2a: Ho-Oh
|move|p1a: Magnezone|Iron Defense|p1a: Magnezone
|-boost|p1a: Magnezone|def|2
|
|upkeep
|turn|25
|
|t:|1636856500
|move|p1a: Magnezone|Body Press|p2a: Ho-Oh
|-resisted|p2a: Ho-Oh
|-damage|p2a: Ho-Oh|82/100
|move|p2a: Ho-Oh|Whirlwind|p1a: Magnezone
|drag|p1a: Xerneas|Xerneas|100/100
|-ability|p1a: Xerneas|Fairy Aura
|
|upkeep
|turn|26
|
|t:|1636856507
|switch|p2a: Blissey|Blissey, F|100/100
|move|p1a: Xerneas|Thunder|p2a: Blissey
|-damage|p2a: Blissey|89/100
|-status|p2a: Blissey|par
|
|upkeep
|turn|27
|
|t:|1636856510
|switch|p1a: Necrozma|Necrozma-Dusk-Mane|61/100
|move|p2a: Blissey|Aromatherapy|p2a: Blissey
|-activate|p2a: Blissey|move: Aromatherapy
|-curestatus|p2a: Blissey|par|[msg]
|-curestatus|p2: Yveltal|par|[msg]
|
|upkeep
|turn|28
|
|t:|1636856518
|switch|p2a: Ho-Oh|Ho-Oh|100/100
|move|p1a: Necrozma|Stealth Rock|p2a: Ho-Oh
|-sidestart|p2: Pkmn3443|move: Stealth Rock
|
|upkeep
|turn|29
|
|t:|1636856523
|move|p2a: Ho-Oh|Sacred Fire|p1a: Necrozma
|-supereffective|p1a: Necrozma
|-damage|p1a: Necrozma|21/100
|-status|p1a: Necrozma|brn
|move|p1a: Necrozma|Morning Sun|p1a: Necrozma
|-heal|p1a: Necrozma|71/100 brn
|
|-damage|p1a: Necrozma|65/100 brn|[from] brn
|upkeep
|turn|30
|
|t:|1636856531
|switch|p1a: Calyrex|Calyrex-Ice|100/100
|-ability|p1a: Calyrex|As One
|-ability|p1a: Calyrex|Unnerve
|move|p2a: Ho-Oh|Defog|p1a: Calyrex
|-unboost|p1a: Calyrex|evasion|1
|-sideend|p2: Pkmn3443|Stealth Rock|[from] move: Defog|[of] p2a: Ho-Oh
|
|upkeep
|turn|31
|
|t:|1636856536
|move|p2a: Ho-Oh|Sacred Fire|p1a: Calyrex
|-supereffective|p1a: Calyrex
|-damage|p1a: Calyrex|47/100
|move|p1a: Calyrex|Substitute|p1a: Calyrex
|-start|p1a: Calyrex|Substitute
|-damage|p1a: Calyrex|22/100
|
|-heal|p1a: Calyrex|28/100|[from] item: Leftovers
|upkeep
|turn|32
|
|t:|1636856543
|move|p1a: Calyrex|Leech Seed|p2a: Ho-Oh
|-start|p2a: Ho-Oh|move: Leech Seed
|move|p2a: Ho-Oh|Whirlwind|p1a: Calyrex
|drag|p1a: Necrozma|Necrozma-Dusk-Mane|65/100 brn
|
|-damage|p2a: Ho-Oh|88/100|[from] Leech Seed|[of] p1a: Necrozma
|-heal|p1a: Necrozma|77/100 brn|[silent]
|-damage|p1a: Necrozma|71/100 brn|[from] brn
|upkeep
|turn|33
|
|t:|1636856550
|switch|p2a: Yveltal|Yveltal|100/100
|-ability|p2a: Yveltal|Dark Aura
|move|p1a: Necrozma|Thunder Wave|p2a: Yveltal
|-status|p2a: Yveltal|par
|
|-damage|p1a: Necrozma|65/100 brn|[from] brn
|upkeep
|turn|34
|
|t:|1636856558
|switch|p2a: Ho-Oh|Ho-Oh|100/100
|move|p1a: Necrozma|Stealth Rock|p2a: Ho-Oh
|-sidestart|p2: Pkmn3443|move: Stealth Rock
|
|-damage|p1a: Necrozma|59/100 brn|[from] brn
|upkeep
|turn|35
|
|t:|1636856561
|switch|p1a: Yveltal|Yveltal|100/100
|-ability|p1a: Yveltal|Dark Aura
|move|p2a: Ho-Oh|Defog|p1a: Yveltal
|-unboost|p1a: Yveltal|evasion|1
|-sideend|p2: Pkmn3443|Stealth Rock|[from] move: Defog|[of] p2a: Ho-Oh
|
|upkeep
|turn|36
|
|t:|1636856567
|switch|p2a: Yveltal|Yveltal|100/100 par
|-ability|p2a: Yveltal|Dark Aura
|move|p1a: Yveltal|Knock Off|p2a: Yveltal
|-resisted|p2a: Yveltal
|-damage|p2a: Yveltal|67/100 par
|-enditem|p2a: Yveltal|Heavy-Duty Boots|[from] move: Knock Off|[of] p1a: Yveltal
|
|upkeep
|turn|37
|
|t:|1636856581
|switch|p1a: Calyrex|Calyrex-Ice|28/100
|-ability|p1a: Calyrex|As One
|-ability|p1a: Calyrex|Unnerve
|move|p2a: Yveltal|Knock Off|p1a: Calyrex
|-supereffective|p1a: Calyrex
|-damage|p1a: Calyrex|0 fnt
|-enditem|p1a: Calyrex|Leftovers|[from] move: Knock Off|[of] p2a: Yveltal
|faint|p1a: Calyrex
|
|upkeep
|
|t:|1636856588
|switch|p1a: Necrozma|Necrozma-Dusk-Mane|59/100 brn
|turn|38
|
|t:|1636856594
|move|p1a: Necrozma|Stealth Rock|p2a: Yveltal
|-sidestart|p2: Pkmn3443|move: Stealth Rock
|cant|p2a: Yveltal|par
|
|-damage|p1a: Necrozma|53/100 brn|[from] brn
|upkeep
|turn|39
|
|t:|1636856600
|switch|p1a: Yveltal|Yveltal|100/100
|-ability|p1a: Yveltal|Dark Aura
|move|p2a: Yveltal|Roost|p2a: Yveltal
|-heal|p2a: Yveltal|100/100 par
|-singleturn|p2a: Yveltal|move: Roost
|
|upkeep
|turn|40
|
|t:|1636856606
|move|p1a: Yveltal|Knock Off|p2a: Yveltal
|-resisted|p2a: Yveltal
|-damage|p2a: Yveltal|77/100 par
|cant|p2a: Yveltal|par
|
|upkeep
|turn|41
|
|t:|1636856614
|switch|p1a: Xerneas|Xerneas|100/100
|-ability|p1a: Xerneas|Fairy Aura
|move|p2a: Yveltal|Roost|p2a: Yveltal
|-heal|p2a: Yveltal|100/100 par
|-singleturn|p2a: Yveltal|move: Roost
|
|upkeep
|turn|42
|
|t:|1636856618
|switch|p2a: Blissey|Blissey, F|89/100
|-damage|p2a: Blissey|77/100|[from] Stealth Rock
|move|p1a: Xerneas|Psyshock|p2a: Blissey
|-damage|p2a: Blissey|18/100
|
|upkeep
|turn|43
|
|t:|1636856630
|switch|p2a: Ho-Oh|Ho-Oh|100/100
|move|p1a: Xerneas|Psyshock|p2a: Ho-Oh
|-damage|p2a: Ho-Oh|81/100
|
|upkeep
|turn|44
|
|t:|1636856634
|move|p1a: Xerneas|Thunder|p2a: Ho-Oh|[miss]
|-miss|p1a: Xerneas|p2a: Ho-Oh
|move|p2a: Ho-Oh|Defog|p1a: Xerneas
|-unboost|p1a: Xerneas|evasion|1
|-sideend|p2: Pkmn3443|Stealth Rock|[from] move: Defog|[of] p2a: Ho-Oh
|
|upkeep
|turn|45
|
|t:|1636856640
|switch|p1a: Yveltal|Yveltal|100/100
|-ability|p1a: Yveltal|Dark Aura
|move|p2a: Ho-Oh|Toxic|p1a: Yveltal
|-status|p1a: Yveltal|tox
|
|-damage|p1a: Yveltal|94/100 tox|[from] psn
|upkeep
|turn|46
|
|t:|1636856643
|switch|p2a: Yveltal|Yveltal|100/100 par
|-ability|p2a: Yveltal|Dark Aura
|move|p1a: Yveltal|Knock Off|p2a: Yveltal
|-resisted|p2a: Yveltal
|-damage|p2a: Yveltal|79/100 par
|
|-damage|p1a: Yveltal|82/100 tox|[from] psn
|upkeep
|turn|47
|
|t:|1636856654
|switch|p1a: Necrozma|Necrozma-Dusk-Mane|53/100 brn
|move|p2a: Yveltal|Oblivion Wing|p1a: Necrozma
|-resisted|p1a: Necrozma
|-damage|p1a: Necrozma|37/100 brn
|-heal|p2a: Yveltal|91/100 par|[from] drain|[of] p1a: Necrozma
|
|-damage|p1a: Necrozma|31/100 brn|[from] brn
|upkeep
|turn|48
|
|t:|1636856660
|move|p1a: Necrozma|Morning Sun|p1a: Necrozma
|-heal|p1a: Necrozma|81/100 brn
|cant|p2a: Yveltal|par
|
|-damage|p1a: Necrozma|75/100 brn|[from] brn
|upkeep
|turn|49
|
|t:|1636856668
|move|p1a: Necrozma|Stealth Rock|p2a: Yveltal
|-sidestart|p2: Pkmn3443|move: Stealth Rock
|move|p2a: Yveltal|Knock Off|p1a: Necrozma
|-supereffective|p1a: Necrozma
|-damage|p1a: Necrozma|40/100 brn
|
|-damage|p1a: Necrozma|34/100 brn|[from] brn
|upkeep
|turn|50
|
|t:|1636856672
|move|p1a: Necrozma|Morning Sun|p1a: Necrozma
|-heal|p1a: Necrozma|84/100 brn
|move|p2a: Yveltal|Knock Off|p1a: Necrozma
|-supereffective|p1a: Necrozma
|-damage|p1a: Necrozma|52/100 brn
|
|-damage|p1a: Necrozma|45/100 brn|[from] brn
|upkeep
|turn|51
|
|t:|1636856678
|switch|p2a: Ho-Oh|Ho-Oh|100/100
|move|p1a: Necrozma|Iron Head|p2a: Ho-Oh
|-resisted|p2a: Ho-Oh
|-damage|p2a: Ho-Oh|92/100
|
|-damage|p1a: Necrozma|39/100 brn|[from] brn
|upkeep
|turn|52
|
|t:|1636856686
|move|p2a: Ho-Oh|Defog|p1a: Necrozma
|-unboost|p1a: Necrozma|evasion|1
|-sideend|p2: Pkmn3443|Stealth Rock|[from] move: Defog|[of] p2a: Ho-Oh
|move|p1a: Necrozma|Morning Sun|p1a: Necrozma
|-heal|p1a: Necrozma|89/100 brn
|
|-damage|p1a: Necrozma|83/100 brn|[from] brn
|upkeep
|turn|53
|
|t:|1636856689
|move|p2a: Ho-Oh|Sacred Fire|p1a: Necrozma
|-supereffective|p1a: Necrozma
|-crit|p1a: Necrozma
|-damage|p1a: Necrozma|25/100 brn
|move|p1a: Necrozma|Stealth Rock|p2a: Ho-Oh
|-sidestart|p2: Pkmn3443|move: Stealth Rock
|
|-damage|p1a: Necrozma|19/100 brn|[from] brn
|upkeep
|turn|54
|
|t:|1636856692
|move|p2a: Ho-Oh|Defog|p1a: Necrozma
|-unboost|p1a: Necrozma|evasion|1
|-sideend|p2: Pkmn3443|Stealth Rock|[from] move: Defog|[of] p2a: Ho-Oh
|move|p1a: Necrozma|Morning Sun|p1a: Necrozma
|-heal|p1a: Necrozma|69/100 brn
|
|-damage|p1a: Necrozma|63/100 brn|[from] brn
|upkeep
|turn|55
|
|t:|1636856695
|move|p2a: Ho-Oh|Sacred Fire|p1a: Necrozma
|-supereffective|p1a: Necrozma
|-crit|p1a: Necrozma
|-damage|p1a: Necrozma|3/100 brn
|move|p1a: Necrozma|Stealth Rock|p2a: Ho-Oh
|-sidestart|p2: Pkmn3443|move: Stealth Rock
|
|-damage|p1a: Necrozma|0 fnt|[from] brn
|faint|p1a: Necrozma
|upkeep
|
|t:|1636856698
|switch|p1a: Yveltal|Yveltal|82/100 tox
|-ability|p1a: Yveltal|Dark Aura
|turn|56
|
|t:|1636856702
|switch|p1a: Xerneas|Xerneas|100/100
|-ability|p1a: Xerneas|Fairy Aura
|move|p2a: Ho-Oh|Defog|p1a: Xerneas
|-unboost|p1a: Xerneas|evasion|1
|-sideend|p2: Pkmn3443|Stealth Rock|[from] move: Defog|[of] p2a: Ho-Oh
|
|upkeep
|turn|57
|
|t:|1636856713
|move|p1a: Xerneas|Thunder|p2a: Ho-Oh
|-supereffective|p2a: Ho-Oh
|-damage|p2a: Ho-Oh|48/100
|move|p2a: Ho-Oh|Toxic|p1a: Xerneas
|-status|p1a: Xerneas|tox
|
|-damage|p1a: Xerneas|94/100 tox|[from] psn
|upkeep
|turn|58
|
|t:|1636856718
|switch|p2a: Necrozma|Necrozma-Dusk-Mane|96/100
|move|p1a: Xerneas|Geomancy||[still]
|-prepare|p1a: Xerneas|Geomancy
|-enditem|p1a: Xerneas|Power Herb
|-anim|p1a: Xerneas|Geomancy|p1a: Xerneas
|-boost|p1a: Xerneas|spa|2
|-boost|p1a: Xerneas|spd|2
|-boost|p1a: Xerneas|spe|2
|
|-damage|p1a: Xerneas|82/100 tox|[from] psn
|upkeep
|turn|59
|
|t:|1636856727
|switch|p2a: Blissey|Blissey, F|18/100
|move|p1a: Xerneas|Moonblast|p2a: Blissey
|-damage|p2a: Blissey|0 fnt
|faint|p2a: Blissey
|
|-damage|p1a: Xerneas|64/100 tox|[from] psn
|upkeep
|
|t:|1636856730
|switch|p2a: Ditto|Ditto|88/100
|-transform|p2a: Ditto|p1a: Xerneas|[from] ability: Imposter
|-ability|p2a: Ditto|Fairy Aura
|turn|60
|
|t:|1636856733
|move|p2a: Ditto|Moonblast|p1a: Xerneas
|-damage|p1a: Xerneas|13/100 tox
|-unboost|p1a: Xerneas|spa|1
|move|p1a: Xerneas|Moonblast|p2a: Ditto
|-damage|p2a: Ditto|26/100
|
|-damage|p1a: Xerneas|0 fnt|[from] psn
|faint|p1a: Xerneas
|upkeep
|-message|cxcould forfeited.
|
|win|Pkmn3443
|raw|cxcould's rating: 1572 &rarr; <strong>1553</strong><br />(-19 for losing)
|raw|Pkmn3443's rating: 1595 &rarr; <strong>1614</strong><br />(+19 for winning)
|l|☆cxcould
|j|☆cxcould
|player|p1|cxcould|dawn
