|j|☆NoTimeNoSpace
|j|☆zokua
|inactive|Battle timer is ON: inactive players will automatically lose when time's up.
|t:|1637507100
|gametype|singles
|player|p1|NoTimeNoSpace|gambler|
|player|p2|zokua|volkner|
|teamsize|p1|6
|teamsize|p2|6
|gen|8
|tier|[Gen 8] Ubers
|rated|Tournament battle
|rule|Sleep Clause Mod: Limit one foe put to sleep
|rule|Species Clause: Limit one of each Pokémon
|rule|OHKO Clause: OHKO moves are banned
|rule|Evasion Moves Clause: Evasion moves are banned
|rule|Endless Battle Clause: Forcing endless battles is banned
|rule|HP Percentage Mod: HP is shown in percentages
|rule|Dynamax Clause: You cannot dynamax
|clearpoke
|poke|p1|Necrozma-Dusk-Mane|
|poke|p1|Ho-Oh|
|poke|p1|Yveltal|
|poke|p1|Zekrom|
|poke|p1|Groudon|
|poke|p1|Calyrex-Shadow|
|poke|p2|Kyogre|
|poke|p2|Necrozma-Dusk-Mane|
|poke|p2|Yveltal|
|poke|p2|Eternatus|
|poke|p2|Groudon|
|poke|p2|Xerneas-*|
|teampreview
|j|*Lady Monita ❄
|inactive|zokua also wants the timer to be on.
|
|t:|1637507104
|start
|switch|p1a: Groudon|Groudon|100/100
|switch|p2a: Kyogre|Kyogre|100/100
|-weather|RainDance|[from] ability: Drizzle|[of] p2a: Kyogre
|-weather|SunnyDay|[from] ability: Drought|[of] p1a: Groudon
|turn|1
|j| sam jeffrin
|
|t:|1637507113
|move|p2a: Kyogre|Ice Beam|p1a: Groudon
|-supereffective|p1a: Groudon
|-damage|p1a: Groudon|0 fnt
|faint|p1a: Groudon
|
|-weather|SunnyDay|[upkeep]
|upkeep
|l| sam jeffrin
|
|t:|1637507121
|switch|p1a: Ho-Oh|Ho-Oh|100/100
|turn|2
|c|☆zokua|weird to stay but okey
|
|t:|1637507128
|switch|p2a: Eternatus|Eternatus|100/100
|-ability|p2a: Eternatus|Pressure
|move|p1a: Ho-Oh|Sacred Fire|p2a: Eternatus
|-resisted|p2a: Eternatus
|-damage|p2a: Eternatus|70/100
|
|-weather|SunnyDay|[upkeep]
|-heal|p2a: Eternatus|76/100|[from] item: Black Sludge
|upkeep
|turn|3
|c|☆NoTimeNoSpace|I tought switch
|
|t:|1637507147
|move|p2a: Eternatus|Mystical Fire|p1a: Ho-Oh
|-resisted|p1a: Ho-Oh
|-damage|p1a: Ho-Oh|91/100
|-unboost|p1a: Ho-Oh|spa|1
|move|p1a: Ho-Oh|Brave Bird|p2a: Eternatus
|-crit|p2a: Eternatus
|-damage|p2a: Eternatus|0 fnt
|faint|p2a: Eternatus
|-damage|p1a: Ho-Oh|62/100|[from] Recoil
|
|-weather|SunnyDay|[upkeep]
|upkeep
|c|☆zokua|why would i do that
|c|☆zokua|pfc
|c|☆zokua|pfc
|c|☆zokua|ofc
|c|☆NoTimeNoSpace|for the sun
|
|t:|1637507161
|switch|p2a: Kyogre|Kyogre|100/100
|-weather|RainDance|[from] ability: Drizzle|[of] p2a: Kyogre
|turn|4
|c|☆zokua|ice beam
|c|☆NoTimeNoSpace|usually don't kill
|
|t:|1637507171
|move|p2a: Kyogre|Water Spout|p1a: Ho-Oh
|-supereffective|p1a: Ho-Oh
|-damage|p1a: Ho-Oh|0 fnt
|faint|p1a: Ho-Oh
|
|-weather|RainDance|[upkeep]
|upkeep
|c|☆zokua|lol
|
|t:|1637507175
|switch|p1a: Zekrom|Zekrom|100/100
|-ability|p1a: Zekrom|Teravolt
|turn|5
|c|☆zokua|yes it does
|c|☆zokua|spec
|
|t:|1637507184
|switch|p1a: Yveltal|Yveltal|100/100
|-ability|p1a: Yveltal|Dark Aura
|switch|p2a: Groudon|Groudon|100/100
|-weather|SunnyDay|[from] ability: Drought|[of] p2a: Groudon
|
|-weather|SunnyDay|[upkeep]
|upkeep
|turn|6
|c|☆NoTimeNoSpace|u are specs
|c|☆zokua|yup
|c|☆NoTimeNoSpace|99% is scarf
|c|☆zokua|nah
|c|☆NoTimeNoSpace|yes
|c|☆zokua|50/50
|
|t:|1637507208
|move|p1a: Yveltal|Knock Off|p2a: Groudon
|-damage|p2a: Groudon|65/100
|-enditem|p2a: Groudon|Leftovers|[from] move: Knock Off|[of] p1a: Yveltal
|move|p2a: Groudon|Toxic|p1a: Yveltal
|-status|p1a: Yveltal|tox
|
|-weather|SunnyDay|[upkeep]
|-damage|p1a: Yveltal|94/100 tox|[from] psn
|upkeep
|turn|7
|
|t:|1637507215
|move|p1a: Yveltal|Knock Off|p2a: Groudon
|-damage|p2a: Groudon|42/100
|move|p2a: Groudon|Rock Slide|p1a: Yveltal|[miss]
|-miss|p2a: Groudon|p1a: Yveltal
|
|-weather|SunnyDay|[upkeep]
|-damage|p1a: Yveltal|82/100 tox|[from] psn
|upkeep
|turn|8
|
|t:|1637507222
|switch|p2a: Yveltal|Yveltal|100/100
|-ability|p2a: Yveltal|Dark Aura
|move|p1a: Yveltal|Knock Off|p2a: Yveltal
|-resisted|p2a: Yveltal
|-damage|p2a: Yveltal|79/100
|-enditem|p2a: Yveltal|Black Glasses|[from] move: Knock Off|[of] p1a: Yveltal
|
|-weather|SunnyDay|[upkeep]
|-damage|p1a: Yveltal|64/100 tox|[from] psn
|upkeep
|turn|9
|
|t:|1637507225
|move|p2a: Yveltal|Knock Off|p1a: Yveltal
|-resisted|p1a: Yveltal
|-damage|p1a: Yveltal|43/100 tox
|-enditem|p1a: Yveltal|Heavy-Duty Boots|[from] move: Knock Off|[of] p2a: Yveltal
|move|p1a: Yveltal|U-turn|p2a: Yveltal
|-damage|p2a: Yveltal|64/100
|c|☆zokua|that mmiss
|inactive|NoTimeNoSpace has 120 seconds left.
|c|☆NoTimeNoSpace|which miss
|
|t:|1637507259
|switch|p1a: Zekrom|Zekrom|100/100|[from]move: U-turn
|-ability|p1a: Zekrom|Teravolt
|
|-weather|none
|upkeep
|turn|10
|c|☆zokua|rock slide
|inactive|NoTimeNoSpace has 120 seconds left.
|c|☆NoTimeNoSpace|didn't matter
|
|t:|1637507281
|switch|p2a: Groudon|Groudon|42/100
|-weather|SunnyDay|[from] ability: Drought|[of] p2a: Groudon
|move|p1a: Zekrom|Bolt Strike|p2a: Groudon
|-immune|p2a: Groudon
|
|-weather|SunnyDay|[upkeep]
|upkeep
|turn|11
|c|☆zokua|yveltal wooud be dead
|c|☆NoTimeNoSpace|nah
|c|☆zokua|yes
|
|t:|1637507295
|switch|p1a: Yveltal|Yveltal|43/100 tox
|-ability|p1a: Yveltal|Dark Aura
|move|p2a: Groudon|Precipice Blades|p1a: Yveltal
|-immune|p1a: Yveltal
|
|-weather|SunnyDay|[upkeep]
|-damage|p1a: Yveltal|36/100 tox|[from] psn
|upkeep
|turn|12
|
|t:|1637507301
|move|p1a: Yveltal|Knock Off|p2a: Groudon
|-damage|p2a: Groudon|20/100
|move|p2a: Groudon|Swords Dance|p2a: Groudon
|-boost|p2a: Groudon|atk|2
|
|-weather|SunnyDay|[upkeep]
|-damage|p1a: Yveltal|24/100 tox|[from] psn
|upkeep
|turn|13
|
|t:|1637507306
|move|p1a: Yveltal|Knock Off|p2a: Groudon
|-damage|p2a: Groudon|0 fnt
|faint|p2a: Groudon
|
|-weather|SunnyDay|[upkeep]
|-damage|p1a: Yveltal|6/100 tox|[from] psn
|upkeep
|
|t:|1637507319
|switch|p2a: Yveltal|Yveltal|64/100
|-ability|p2a: Yveltal|Dark Aura
|turn|14
|
|t:|1637507323
|move|p2a: Yveltal|Roost|p2a: Yveltal
|-heal|p2a: Yveltal|100/100
|-singleturn|p2a: Yveltal|move: Roost
|move|p1a: Yveltal|Knock Off|p2a: Yveltal
|-resisted|p2a: Yveltal
|-damage|p2a: Yveltal|86/100
|
|-weather|none
|-damage|p1a: Yveltal|0 fnt|[from] psn
|faint|p1a: Yveltal
|upkeep
|
|t:|1637507326
|switch|p1a: Zekrom|Zekrom|100/100
|-ability|p1a: Zekrom|Teravolt
|turn|15
|
|t:|1637507332
|move|p1a: Zekrom|Substitute|p1a: Zekrom
|-start|p1a: Zekrom|Substitute
|-damage|p1a: Zekrom|76/100
|move|p2a: Yveltal|Knock Off|p1a: Zekrom
|-end|p1a: Zekrom|Substitute
|
|-heal|p1a: Zekrom|82/100|[from] item: Leftovers
|upkeep
|turn|16
|j| ii77
|c|☆zokua|im fucked
|
|t:|1637507353
|move|p1a: Zekrom|Bolt Strike|p2a: Yveltal
|-supereffective|p2a: Yveltal
|-damage|p2a: Yveltal|0 fnt
|faint|p2a: Yveltal
|
|-heal|p1a: Zekrom|88/100|[from] item: Leftovers
|upkeep
|
|t:|1637507357
|switch|p2a: Xerneas|Xerneas|100/100
|-ability|p2a: Xerneas|Fairy Aura
|turn|17
|
|t:|1637507363
|move|p1a: Zekrom|Bolt Strike|p2a: Xerneas|[miss]
|-miss|p1a: Zekrom|p2a: Xerneas
|move|p2a: Xerneas|Geomancy||[still]
|-prepare|p2a: Xerneas|Geomancy
|-enditem|p2a: Xerneas|Power Herb
|-anim|p2a: Xerneas|Geomancy|p2a: Xerneas
|-boost|p2a: Xerneas|spa|2
|-boost|p2a: Xerneas|spd|2
|-boost|p2a: Xerneas|spe|2
|
|-heal|p1a: Zekrom|94/100|[from] item: Leftovers
|upkeep
|turn|18
|
|t:|1637507367
|move|p2a: Xerneas|Moonblast|p1a: Zekrom
|-supereffective|p1a: Zekrom
|-crit|p1a: Zekrom
|-damage|p1a: Zekrom|0 fnt
|faint|p1a: Zekrom
|
|upkeep
|
|t:|1637507369
|switch|p1a: Necrozma|Necrozma-Dusk-Mane|100/100
|turn|19
|
|t:|1637507373
|move|p2a: Xerneas|Moonblast|p1a: Necrozma
|-resisted|p1a: Necrozma
|-damage|p1a: Necrozma|42/100
|move|p1a: Necrozma|Trick Room|p1a: Necrozma
|-fieldstart|move: Trick Room|[of] p1a: Necrozma
|
|upkeep
|turn|20
|
|t:|1637507381
|switch|p2a: Necrozma|Necrozma-Dusk-Mane|100/100
|move|p1a: Necrozma|Sunsteel Strike|p2a: Necrozma
|-resisted|p2a: Necrozma
|-damage|p2a: Necrozma|81/100
|
|-heal|p2a: Necrozma|87/100|[from] item: Leftovers
|upkeep
|turn|21
|
|t:|1637507385
|move|p1a: Necrozma|Earthquake|p2a: Necrozma
|-supereffective|p2a: Necrozma
|-damage|p2a: Necrozma|49/100
|move|p2a: Necrozma|Thunder Wave|p1a: Necrozma
|-status|p1a: Necrozma|par
|
|-heal|p2a: Necrozma|55/100|[from] item: Leftovers
|upkeep
|turn|22
|
|t:|1637507391
|cant|p1a: Necrozma|par
|move|p2a: Necrozma|Stealth Rock|p1a: Necrozma
|-sidestart|p1: NoTimeNoSpace|move: Stealth Rock
|
|-heal|p2a: Necrozma|61/100|[from] item: Leftovers
|upkeep
|turn|23
|
|t:|1637507394
|move|p1a: Necrozma|Earthquake|p2a: Necrozma
|-supereffective|p2a: Necrozma
|-damage|p2a: Necrozma|21/100
|move|p2a: Necrozma|Moonlight|p2a: Necrozma
|-heal|p2a: Necrozma|71/100
|
|-heal|p2a: Necrozma|77/100|[from] item: Leftovers
|-fieldend|move: Trick Room
|upkeep
|turn|24
|
|t:|1637507397
|move|p2a: Necrozma|Sunsteel Strike|p1a: Necrozma
|-resisted|p1a: Necrozma
|-damage|p1a: Necrozma|25/100 par
|cant|p1a: Necrozma|par
|
|-heal|p2a: Necrozma|83/100|[from] item: Leftovers
|upkeep
|turn|25
|
|t:|1637507403
|move|p2a: Necrozma|Sunsteel Strike|p1a: Necrozma
|-resisted|p1a: Necrozma
|-damage|p1a: Necrozma|9/100 par
|cant|p1a: Necrozma|par
|
|-heal|p2a: Necrozma|89/100|[from] item: Leftovers
|upkeep
|turn|26
|
|t:|1637507411
|move|p2a: Necrozma|Thunder Wave|p1a: Necrozma|[miss]
|-miss|p2a: Necrozma|p1a: Necrozma
|cant|p1a: Necrozma|par
|
|-heal|p2a: Necrozma|95/100|[from] item: Leftovers
|upkeep
|turn|27
|
|t:|1637507416
|move|p2a: Necrozma|Thunder Wave|p1a: Necrozma
|-fail|p1a: Necrozma|par
|cant|p1a: Necrozma|par
|
|-heal|p2a: Necrozma|100/100|[from] item: Leftovers
|upkeep
|turn|28
|
|t:|1637507420
|move|p2a: Necrozma|Thunder Wave|p1a: Necrozma
|-fail|p1a: Necrozma|par
|move|p1a: Necrozma|Earthquake|p2a: Necrozma
|-supereffective|p2a: Necrozma
|-crit|p2a: Necrozma
|-damage|p2a: Necrozma|41/100
|
|-heal|p2a: Necrozma|47/100|[from] item: Leftovers
|upkeep
|turn|29
|
|t:|1637507426
|move|p2a: Necrozma|Moonlight|p2a: Necrozma
|-heal|p2a: Necrozma|97/100
|move|p1a: Necrozma|Earthquake|p2a: Necrozma
|-supereffective|p2a: Necrozma
|-damage|p2a: Necrozma|62/100
|
|-heal|p2a: Necrozma|68/100|[from] item: Leftovers
|upkeep
|turn|30
|
|t:|1637507432
|move|p2a: Necrozma|Moonlight|p2a: Necrozma
|-heal|p2a: Necrozma|100/100
|move|p1a: Necrozma|Earthquake|p2a: Necrozma
|-supereffective|p2a: Necrozma
|-damage|p2a: Necrozma|64/100
|
|-heal|p2a: Necrozma|70/100|[from] item: Leftovers
|upkeep
|turn|31
|
|t:|1637507441
|switch|p2a: Kyogre|Kyogre|100/100
|-weather|RainDance|[from] ability: Drizzle|[of] p2a: Kyogre
|move|p1a: Necrozma|Earthquake|p2a: Kyogre
|-damage|p2a: Kyogre|49/100
|
|-weather|RainDance|[upkeep]
|upkeep
|turn|32
|
|t:|1637507459
|move|p2a: Kyogre|Thunder|p1a: Necrozma
|-damage|p1a: Necrozma|0 fnt
|faint|p1a: Necrozma
|
|-weather|RainDance|[upkeep]
|upkeep
|
|t:|1637507462
|switch|p1a: Calyrex|Calyrex-Shadow|100/100
|-ability|p1a: Calyrex|As One
|-ability|p1a: Calyrex|Unnerve
|-damage|p1a: Calyrex|88/100|[from] Stealth Rock
|turn|33
|
|t:|1637507468
|move|p1a: Calyrex|Astral Barrage|p2a: Kyogre
|-damage|p2a: Kyogre|0 fnt
|faint|p2a: Kyogre
|-ability|p1a: Calyrex|Grim Neigh|boost
|-boost|p1a: Calyrex|spa|1
|
|-weather|RainDance|[upkeep]
|upkeep
|
|t:|1637507471
|switch|p2a: Xerneas|Xerneas|100/100
|-ability|p2a: Xerneas|Fairy Aura
|turn|34
|c|☆zokua|gg
|
|t:|1637507475
|move|p1a: Calyrex|Astral Barrage|p2a: Xerneas
|-damage|p2a: Xerneas|9/100
|move|p2a: Xerneas|Moonblast|p1a: Calyrex
|-damage|p1a: Calyrex|15/100
|
|-weather|RainDance|[upkeep]
|upkeep
|turn|35
|c|☆NoTimeNoSpace|gg
|c|☆zokua|scarf?
|inactive|zokua has 120 seconds left.
|
|t:|1637507508
|move|p1a: Calyrex|Astral Barrage|p2a: Xerneas
|-damage|p2a: Xerneas|0 fnt
|faint|p2a: Xerneas
|-ability|p1a: Calyrex|Grim Neigh|boost
|-boost|p1a: Calyrex|spa|1
|
|-weather|none
|upkeep
|
|t:|1637507509
|switch|p2a: Necrozma|Necrozma-Dusk-Mane|70/100
|turn|36
|
|t:|1637507511
|move|p1a: Calyrex|Astral Barrage|p2a: Necrozma
|-supereffective|p2a: Necrozma
|-damage|p2a: Necrozma|0 fnt
|faint|p2a: Necrozma
|
|win|NoTimeNoSpace
|n|☆NoTimeNoSpace|notimenospace
|n|☆zokua|zokua
|n|*Lady Monita ❄|ladymonita
|n| ii77|ii77
|l|*Lady Monita ❄
|l|☆zokua
