|j|☆SliceBoi
|j|☆PokeDuels
|t:|1640763657
|gametype|singles
|player|p1|SliceBoi|2|1268
|player|p2|PokeDuels|266|1498
|teamsize|p1|6
|teamsize|p2|6
|gen|8
|tier|[Gen 8] Ubers
|rated|
|rule|Sleep Clause Mod: Limit one foe put to sleep
|rule|Species Clause: Limit one of each Pokémon
|rule|OHKO Clause: OHKO moves are banned
|rule|Evasion Moves Clause: Evasion moves are banned
|rule|Endless Battle Clause: Forcing endless battles is banned
|rule|HP Percentage Mod: HP is shown in percentages
|rule|Dynamax Clause: You cannot dynamax
|clearpoke
|poke|p1|Jolteon, F|
|poke|p1|Golisopod, F|
|poke|p1|Snorlax, M|
|poke|p1|Weavile, F|
|poke|p1|Cinderace, M|
|poke|p1|Ferrothorn, M|
|poke|p2|Weavile, M|
|poke|p2|Cloyster, M|
|poke|p2|Xerneas-*|
|poke|p2|Calyrex-Shadow|
|poke|p2|Yveltal|
|poke|p2|Necrozma-Dusk-Mane|
|teampreview
|inactive|Battle timer is ON: inactive players will automatically lose when time's up. (requested by SliceBoi)
|
|t:|1640763702
|start
|switch|p1a: Weavile|Weavile, F|100/100
|switch|p2a: Cloyster|Cloyster, M|100/100
|-ability|p1a: Weavile|Pressure
|turn|1
|
|t:|1640763717
|move|p1a: Weavile|Beat Up|p2a: Cloyster
|-damage|p2a: Cloyster|93/100
|-damage|p2a: Cloyster|85/100
|-damage|p2a: Cloyster|78/100
|-damage|p2a: Cloyster|73/100
|-damage|p2a: Cloyster|66/100
|-damage|p2a: Cloyster|60/100
|-hitcount|p2a: Cloyster|6
|cant|p2a: Cloyster|flinch
|
|upkeep
|turn|2
|
|t:|1640763728
|move|p1a: Weavile|Beat Up|p2a: Cloyster
|-damage|p2a: Cloyster|52/100
|-damage|p2a: Cloyster|44/100
|-damage|p2a: Cloyster|37/100
|-damage|p2a: Cloyster|32/100
|-damage|p2a: Cloyster|25/100
|-damage|p2a: Cloyster|19/100
|-hitcount|p2a: Cloyster|6
|move|p2a: Cloyster|Spikes|p1a: Weavile
|-sidestart|p1: SliceBoi|Spikes
|
|upkeep
|turn|3
|
|t:|1640763740
|move|p1a: Weavile|Beat Up|p2a: Cloyster
|-damage|p2a: Cloyster|11/100
|-damage|p2a: Cloyster|4/100
|-damage|p2a: Cloyster|0 fnt
|faint|p2a: Cloyster
|-hitcount|p2: Cloyster|3
|
|upkeep
|
|t:|1640763748
|switch|p2a: Calyrex|Calyrex-Shadow|100/100
|-ability|p2a: Calyrex|As One
|-ability|p2a: Calyrex|Unnerve
|turn|4
|
|t:|1640763760
|move|p2a: Calyrex|Encore|p1a: Weavile
|-start|p1a: Weavile|Encore
|move|p1a: Weavile|Beat Up|p2a: Calyrex
|-supereffective|p2a: Calyrex
|-crit|p2a: Calyrex
|-damage|p2a: Calyrex|36/100
|-supereffective|p2a: Calyrex
|-crit|p2a: Calyrex
|-damage|p2a: Calyrex|0 fnt
|faint|p2a: Calyrex
|-hitcount|p2: Calyrex|2
|
|upkeep
|
|t:|1640763762
|switch|p2a: Xerneas|Xerneas|100/100
|-ability|p2a: Xerneas|Fairy Aura
|turn|5
|
|t:|1640763775
|move|p1a: Weavile|Beat Up|p2a: Xerneas
|-resisted|p2a: Xerneas
|-damage|p2a: Xerneas|97/100
|-resisted|p2a: Xerneas
|-damage|p2a: Xerneas|94/100
|-resisted|p2a: Xerneas
|-damage|p2a: Xerneas|90/100
|-resisted|p2a: Xerneas
|-crit|p2a: Xerneas
|-damage|p2a: Xerneas|87/100
|-resisted|p2a: Xerneas
|-damage|p2a: Xerneas|83/100
|-resisted|p2a: Xerneas
|-damage|p2a: Xerneas|80/100
|-hitcount|p2a: Xerneas|6
|cant|p2a: Xerneas|flinch
|
|upkeep
|turn|6
|
|t:|1640763790
|move|p1a: Weavile|Beat Up|p2a: Xerneas
|-resisted|p2a: Xerneas
|-damage|p2a: Xerneas|77/100
|-resisted|p2a: Xerneas
|-damage|p2a: Xerneas|74/100
|-resisted|p2a: Xerneas
|-crit|p2a: Xerneas
|-damage|p2a: Xerneas|69/100
|-resisted|p2a: Xerneas
|-damage|p2a: Xerneas|66/100
|-resisted|p2a: Xerneas
|-damage|p2a: Xerneas|63/100
|-resisted|p2a: Xerneas
|-damage|p2a: Xerneas|60/100
|-hitcount|p2a: Xerneas|6
|move|p2a: Xerneas|Geomancy||[still]
|-prepare|p2a: Xerneas|Geomancy
|-enditem|p2a: Xerneas|Power Herb
|-anim|p2a: Xerneas|Geomancy|p2a: Xerneas
|-boost|p2a: Xerneas|spa|2
|-boost|p2a: Xerneas|spd|2
|-boost|p2a: Xerneas|spe|2
|
|-end|p1a: Weavile|Encore
|upkeep
|turn|7
|
|t:|1640763813
|move|p2a: Xerneas|Moonblast|p1a: Weavile
|-supereffective|p1a: Weavile
|-damage|p1a: Weavile|0 fnt
|faint|p1a: Weavile
|
|upkeep
|
|t:|1640763825
|switch|p1a: Golisopod|Golisopod, F|100/100
|-damage|p1a: Golisopod|88/100|[from] Spikes
|turn|8
|
|t:|1640763832
|move|p1a: Golisopod|First Impression|p2a: Xerneas
|-resisted|p2a: Xerneas
|-damage|p2a: Xerneas|41/100
|move|p2a: Xerneas|Moonblast|p1a: Golisopod
|-damage|p1a: Golisopod|0 fnt
|faint|p1a: Golisopod
|
|upkeep
|inactive|SliceBoi has 120 seconds left.
|
|t:|1640763848
|switch|p1a: Ferrothorn|Ferrothorn, M|100/100
|-damage|p1a: Ferrothorn|88/100|[from] Spikes
|turn|9
|
|t:|1640763852
|move|p2a: Xerneas|Focus Blast|p1a: Ferrothorn
|-supereffective|p1a: Ferrothorn
|-damage|p1a: Ferrothorn|0 fnt
|faint|p1a: Ferrothorn
|
|upkeep
|-message|SliceBoi forfeited.
|
|win|PokeDuels
|raw|SliceBoi's rating: 1268 &rarr; <strong>1257</strong><br />(-11 for losing)
|raw|PokeDuels's rating: 1498 &rarr; <strong>1506</strong><br />(+8 for winning)
|l|☆SliceBoi
