|j|☆snakey77
|j|☆T29telon
|t:|1631518256
|gametype|singles
|player|p1|snakey77|101|1476
|player|p2|T29telon|1|1370
|teamsize|p1|6
|teamsize|p2|6
|gen|8
|tier|[Gen 8] Ubers
|rated|
|rule|Sleep Clause Mod: Limit one foe put to sleep
|rule|Species Clause: Limit one of each Pokémon
|rule|OHKO Clause: OHKO moves are banned
|rule|Evasion Moves Clause: Evasion moves are banned
|rule|Endless Battle Clause: Forcing endless battles is banned
|rule|HP Percentage Mod: HP is shown in percentages
|rule|Dynamax Clause: You cannot dynamax
|clearpoke
|poke|p1|Groudon|
|poke|p1|Ho-Oh|
|poke|p1|Tapu Bulu|
|poke|p1|Zarude|
|poke|p1|Magearna|
|poke|p1|Necrozma-Dusk-Mane|
|poke|p2|Eternatus|
|poke|p2|Landorus-Therian, M|
|poke|p2|Calyrex-Shadow|
|poke|p2|Yveltal|
|poke|p2|Kyogre|
|poke|p2|Necrozma-Dusk-Mane|
|teampreview
|inactive|Battle timer is ON: inactive players will automatically lose when time's up. (requested by T29telon)
|
|t:|1631518287
|start
|switch|p1a: Tapu Bulu|Tapu Bulu|100/100
|switch|p2a: sky-lion|Landorus-Therian, M|100/100
|-ability|p2a: sky-lion|Intimidate|boost
|-unboost|p1a: Tapu Bulu|atk|1
|-fieldstart|move: Grassy Terrain|[from] ability: Grassy Surge|[of] p1a: Tapu Bulu
|turn|1
|
|t:|1631518305
|switch|p1a: Groudon|Groudon|100/100
|-weather|SunnyDay|[from] ability: Drought|[of] p1a: Groudon
|move|p2a: sky-lion|Stealth Rock|p1a: Groudon
|-sidestart|p1: snakey77|move: Stealth Rock
|
|-weather|SunnyDay|[upkeep]
|upkeep
|turn|2
|
|t:|1631518319
|move|p2a: sky-lion|Toxic|p1a: Groudon
|-status|p1a: Groudon|tox
|move|p1a: Groudon|Stealth Rock|p2a: sky-lion
|-sidestart|p2: T29telon|move: Stealth Rock
|
|-weather|SunnyDay|[upkeep]
|-damage|p1a: Groudon|94/100 tox|[from] psn
|upkeep
|turn|3
|
|t:|1631518334
|switch|p1a: Necrozma|Necrozma-Dusk-Mane|100/100
|-damage|p1a: Necrozma|94/100|[from] Stealth Rock
|move|p2a: sky-lion|Earthquake|p1a: Necrozma
|-supereffective|p1a: Necrozma
|-damage|p1a: Necrozma|69/100
|
|-weather|SunnyDay|[upkeep]
|-heal|p1a: Necrozma|75/100|[from] Grassy Terrain
|-heal|p1a: Necrozma|81/100|[from] item: Leftovers
|upkeep
|turn|4
|
|t:|1631518358
|switch|p2a: orca|Kyogre|100/100
|-damage|p2a: orca|88/100|[from] Stealth Rock
|-weather|RainDance|[from] ability: Drizzle|[of] p2a: orca
|move|p1a: Necrozma|Dragon Dance|p1a: Necrozma
|-boost|p1a: Necrozma|atk|1
|-boost|p1a: Necrozma|spe|1
|
|-weather|RainDance|[upkeep]
|-heal|p1a: Necrozma|87/100|[from] Grassy Terrain
|-heal|p1a: Necrozma|93/100|[from] item: Leftovers
|-heal|p2a: orca|94/100|[from] Grassy Terrain
|-heal|p2a: orca|100/100|[from] item: Leftovers
|upkeep
|turn|5
|
|t:|1631518372
|move|p1a: Necrozma|Photon Geyser|p2a: orca
|-damage|p2a: orca|45/100
|move|p2a: orca|Calm Mind|p2a: orca
|-boost|p2a: orca|spa|1
|-boost|p2a: orca|spd|1
|
|-weather|RainDance|[upkeep]
|-heal|p1a: Necrozma|99/100|[from] Grassy Terrain
|-heal|p1a: Necrozma|100/100|[from] item: Leftovers
|-heal|p2a: orca|51/100|[from] Grassy Terrain
|-heal|p2a: orca|58/100|[from] item: Leftovers
|upkeep
|turn|6
|
|t:|1631518385
|move|p2a: orca|Protect|p2a: orca
|-singleturn|p2a: orca|Protect
|move|p1a: Necrozma|Photon Geyser|p2a: orca
|-activate|p2a: orca|move: Protect
|
|-weather|RainDance|[upkeep]
|-heal|p2a: orca|64/100|[from] Grassy Terrain
|-heal|p2a: orca|70/100|[from] item: Leftovers
|upkeep
|turn|7
|
|t:|1631518395
|move|p1a: Necrozma|Photon Geyser|p2a: orca
|-damage|p2a: orca|19/100
|move|p2a: orca|Scald|p1a: Necrozma
|-damage|p1a: Necrozma|52/100
|
|-weather|RainDance|[upkeep]
|-heal|p1a: Necrozma|58/100|[from] Grassy Terrain
|-heal|p1a: Necrozma|64/100|[from] item: Leftovers
|-heal|p2a: orca|25/100|[from] Grassy Terrain
|-heal|p2a: orca|32/100|[from] item: Leftovers
|upkeep
|turn|8
|
|t:|1631518408
|move|p2a: orca|Protect|p2a: orca
|-singleturn|p2a: orca|Protect
|move|p1a: Necrozma|Photon Geyser|p2a: orca
|-activate|p2a: orca|move: Protect
|
|-weather|none
|-heal|p1a: Necrozma|70/100|[from] Grassy Terrain
|-heal|p1a: Necrozma|76/100|[from] item: Leftovers
|-heal|p2a: orca|38/100|[from] Grassy Terrain
|-heal|p2a: orca|44/100|[from] item: Leftovers
|-fieldend|move: Grassy Terrain
|upkeep
|turn|9
|
|t:|1631518424
|switch|p2a: die horses|Yveltal|100/100
|-ability|p2a: die horses|Dark Aura
|move|p1a: Necrozma|Dragon Dance|p1a: Necrozma
|-boost|p1a: Necrozma|atk|1
|-boost|p1a: Necrozma|spe|1
|
|-heal|p1a: Necrozma|82/100|[from] item: Leftovers
|upkeep
|turn|10
|
|t:|1631518433
|switch|p1a: Magearna|Magearna|100/100
|-damage|p1a: Magearna|94/100|[from] Stealth Rock
|move|p2a: die horses|Foul Play|p1a: Magearna
|-resisted|p1a: Magearna
|-damage|p1a: Magearna|84/100
|
|-heal|p1a: Magearna|90/100|[from] item: Leftovers
|upkeep
|turn|11
|
|t:|1631518441
|switch|p2a: mutated-lion|Necrozma-Dusk-Mane|100/100
|-damage|p2a: mutated-lion|94/100|[from] Stealth Rock
|move|p1a: Magearna|Heal Bell|p1a: Magearna
|-activate|p1a: Magearna|move: Heal Bell
|-curestatus|p1: Groudon|tox|[msg]
|
|-heal|p2a: mutated-lion|100/100|[from] item: Leftovers
|-heal|p1a: Magearna|96/100|[from] item: Leftovers
|upkeep
|turn|12
|
|t:|1631518453
|move|p2a: mutated-lion|Knock Off|p1a: Magearna
|-resisted|p1a: Magearna
|-damage|p1a: Magearna|86/100
|-enditem|p1a: Magearna|Leftovers|[from] move: Knock Off|[of] p2a: mutated-lion
|move|p1a: Magearna|Volt Switch|p2a: mutated-lion
|-damage|p2a: mutated-lion|86/100
|
|t:|1631518456
|switch|p1a: Groudon|Groudon|94/100|[from]move: Volt Switch
|-damage|p1a: Groudon|88/100|[from] Stealth Rock
|-weather|SunnyDay|[from] ability: Drought|[of] p1a: Groudon
|
|-weather|SunnyDay|[upkeep]
|-heal|p2a: mutated-lion|92/100|[from] item: Leftovers
|-heal|p1a: Groudon|94/100|[from] item: Leftovers
|upkeep
|turn|13
|
|t:|1631518469
|move|p2a: mutated-lion|Knock Off|p1a: Groudon
|-damage|p1a: Groudon|72/100
|-enditem|p1a: Groudon|Leftovers|[from] move: Knock Off|[of] p2a: mutated-lion
|move|p1a: Groudon|Heat Crash|p2a: mutated-lion
|-supereffective|p2a: mutated-lion
|-damage|p2a: mutated-lion|52/100
|
|-weather|SunnyDay|[upkeep]
|-heal|p2a: mutated-lion|58/100|[from] item: Leftovers
|upkeep
|turn|14
|
|t:|1631518479
|switch|p2a: sky-lion|Landorus-Therian, M|100/100
|-damage|p2a: sky-lion|88/100|[from] Stealth Rock
|-ability|p2a: sky-lion|Intimidate|boost
|-unboost|p1a: Groudon|atk|1
|move|p1a: Groudon|Precipice Blades|p2a: sky-lion
|-immune|p2a: sky-lion
|
|-weather|SunnyDay|[upkeep]
|-heal|p2a: sky-lion|94/100|[from] item: Leftovers
|upkeep
|turn|15
|
|t:|1631518496
|move|p2a: sky-lion|Toxic|p1a: Groudon
|-status|p1a: Groudon|tox
|move|p1a: Groudon|Toxic|p2a: sky-lion
|-status|p2a: sky-lion|tox
|
|-weather|SunnyDay|[upkeep]
|-heal|p2a: sky-lion|99/100 tox|[from] item: Leftovers
|-damage|p2a: sky-lion|94/100 tox|[from] psn
|-damage|p1a: Groudon|66/100 tox|[from] psn
|upkeep
|turn|16
|
|t:|1631518509
|switch|p1a: Tapu Bulu|Tapu Bulu|100/100
|-damage|p1a: Tapu Bulu|88/100|[from] Stealth Rock
|-fieldstart|move: Grassy Terrain|[from] ability: Grassy Surge|[of] p1a: Tapu Bulu
|move|p2a: sky-lion|Stone Edge|p1a: Tapu Bulu
|-damage|p1a: Tapu Bulu|69/100
|
|-weather|none
|-heal|p2a: sky-lion|99/100 tox|[from] item: Leftovers
|-heal|p1a: Tapu Bulu|75/100|[from] Grassy Terrain
|-damage|p2a: sky-lion|88/100 tox|[from] psn
|upkeep
|turn|17
|
|t:|1631518522
|switch|p2a: mutated-lion|Necrozma-Dusk-Mane|58/100
|-damage|p2a: mutated-lion|52/100|[from] Stealth Rock
|switch|p1a: Necrozma|Necrozma-Dusk-Mane|82/100
|-damage|p1a: Necrozma|76/100|[from] Stealth Rock
|
|-heal|p2a: mutated-lion|58/100|[from] Grassy Terrain
|-heal|p2a: mutated-lion|64/100|[from] item: Leftovers
|-heal|p1a: Necrozma|82/100|[from] Grassy Terrain
|-heal|p1a: Necrozma|88/100|[from] item: Leftovers
|upkeep
|turn|18
|
|t:|1631518534
|move|p2a: mutated-lion|Knock Off|p1a: Necrozma
|-supereffective|p1a: Necrozma
|-damage|p1a: Necrozma|56/100
|-enditem|p1a: Necrozma|Leftovers|[from] move: Knock Off|[of] p2a: mutated-lion
|move|p1a: Necrozma|Dragon Dance|p1a: Necrozma
|-boost|p1a: Necrozma|atk|1
|-boost|p1a: Necrozma|spe|1
|
|-heal|p1a: Necrozma|62/100|[from] Grassy Terrain
|-heal|p2a: mutated-lion|70/100|[from] Grassy Terrain
|-heal|p2a: mutated-lion|76/100|[from] item: Leftovers
|upkeep
|turn|19
|
|t:|1631518546
|move|p1a: Necrozma|Sunsteel Strike|p2a: mutated-lion
|-resisted|p2a: mutated-lion
|-damage|p2a: mutated-lion|51/100
|move|p2a: mutated-lion|Swords Dance|p2a: mutated-lion
|-boost|p2a: mutated-lion|atk|2
|
|-heal|p1a: Necrozma|68/100|[from] Grassy Terrain
|-heal|p2a: mutated-lion|57/100|[from] Grassy Terrain
|-heal|p2a: mutated-lion|63/100|[from] item: Leftovers
|upkeep
|turn|20
|
|t:|1631518559
|move|p1a: Necrozma|Dragon Dance|p1a: Necrozma
|-boost|p1a: Necrozma|atk|1
|-boost|p1a: Necrozma|spe|1
|move|p2a: mutated-lion|Morning Sun|p2a: mutated-lion
|-heal|p2a: mutated-lion|100/100
|
|-heal|p1a: Necrozma|74/100|[from] Grassy Terrain
|upkeep
|turn|21
|
|t:|1631518567
|move|p1a: Necrozma|Dragon Dance|p1a: Necrozma
|-boost|p1a: Necrozma|atk|1
|-boost|p1a: Necrozma|spe|1
|move|p2a: mutated-lion|Knock Off|p1a: Necrozma
|-supereffective|p1a: Necrozma
|-damage|p1a: Necrozma|31/100
|
|-heal|p1a: Necrozma|37/100|[from] Grassy Terrain
|upkeep
|turn|22
|
|t:|1631518575
|move|p1a: Necrozma|Moonlight|p1a: Necrozma
|-heal|p1a: Necrozma|87/100
|move|p2a: mutated-lion|Knock Off|p1a: Necrozma
|-supereffective|p1a: Necrozma
|-damage|p1a: Necrozma|38/100
|
|-heal|p1a: Necrozma|44/100|[from] Grassy Terrain
|upkeep
|turn|23
|
|t:|1631518583
|move|p1a: Necrozma|Moonlight|p1a: Necrozma
|-heal|p1a: Necrozma|94/100
|move|p2a: mutated-lion|Swords Dance|p2a: mutated-lion
|-boost|p2a: mutated-lion|atk|2
|
|-heal|p1a: Necrozma|100/100|[from] Grassy Terrain
|-fieldend|move: Grassy Terrain
|upkeep
|turn|24
|
|t:|1631518590
|move|p1a: Necrozma|Sunsteel Strike|p2a: mutated-lion
|-resisted|p2a: mutated-lion
|-damage|p2a: mutated-lion|57/100
|move|p2a: mutated-lion|Knock Off|p1a: Necrozma
|-supereffective|p1a: Necrozma
|-damage|p1a: Necrozma|29/100
|
|-heal|p2a: mutated-lion|63/100|[from] item: Leftovers
|upkeep
|turn|25
|
|t:|1631518601
|switch|p1a: Groudon|Groudon|66/100 tox
|-damage|p1a: Groudon|59/100 tox|[from] Stealth Rock
|-weather|SunnyDay|[from] ability: Drought|[of] p1a: Groudon
|move|p2a: mutated-lion|Morning Sun|p2a: mutated-lion
|-heal|p2a: mutated-lion|100/100
|
|-weather|SunnyDay|[upkeep]
|-damage|p1a: Groudon|53/100 tox|[from] psn
|upkeep
|turn|26
|
|t:|1631518613
|move|p2a: mutated-lion|Sunsteel Strike|p1a: Groudon
|-crit|p1a: Groudon
|-damage|p1a: Groudon|0 fnt
|faint|p1a: Groudon
|
|-weather|SunnyDay|[upkeep]
|upkeep
|
|t:|1631518617
|switch|p1a: Ho-Oh|Ho-Oh|100/100
|turn|27
|
|t:|1631518630
|switch|p2a: sky-lion|Landorus-Therian, M|88/100 tox
|-damage|p2a: sky-lion|76/100 tox|[from] Stealth Rock
|-ability|p2a: sky-lion|Intimidate|boost
|-unboost|p1a: Ho-Oh|atk|1
|move|p1a: Ho-Oh|Sacred Fire|p2a: sky-lion
|-damage|p2a: sky-lion|40/100 tox
|
|-weather|SunnyDay|[upkeep]
|-heal|p2a: sky-lion|46/100 tox|[from] item: Leftovers
|-damage|p2a: sky-lion|40/100 tox|[from] psn
|upkeep
|turn|28
|
|t:|1631518644
|switch|p1a: Tapu Bulu|Tapu Bulu|75/100
|-damage|p1a: Tapu Bulu|62/100|[from] Stealth Rock
|-fieldstart|move: Grassy Terrain|[from] ability: Grassy Surge|[of] p1a: Tapu Bulu
|move|p2a: sky-lion|Stone Edge|p1a: Tapu Bulu
|-damage|p1a: Tapu Bulu|42/100
|
|-weather|SunnyDay|[upkeep]
|-heal|p2a: sky-lion|46/100 tox|[from] item: Leftovers
|-heal|p1a: Tapu Bulu|48/100|[from] Grassy Terrain
|-damage|p2a: sky-lion|34/100 tox|[from] psn
|upkeep
|turn|29
|
|t:|1631518659
|switch|p2a: mutated-lion|Necrozma-Dusk-Mane|100/100
|-damage|p2a: mutated-lion|94/100|[from] Stealth Rock
|move|p1a: Tapu Bulu|Leech Seed|p2a: mutated-lion
|-start|p2a: mutated-lion|move: Leech Seed
|
|-weather|none
|-heal|p2a: mutated-lion|100/100|[from] Grassy Terrain
|-heal|p1a: Tapu Bulu|54/100|[from] Grassy Terrain
|-damage|p2a: mutated-lion|88/100|[from] Leech Seed|[of] p1a: Tapu Bulu
|-heal|p1a: Tapu Bulu|68/100|[silent]
|upkeep
|turn|30
|
|t:|1631518671
|switch|p1a: Necrozma|Necrozma-Dusk-Mane|29/100
|-damage|p1a: Necrozma|23/100|[from] Stealth Rock
|move|p2a: mutated-lion|Knock Off|p1a: Necrozma
|-supereffective|p1a: Necrozma
|-damage|p1a: Necrozma|0 fnt
|faint|p1a: Necrozma
|
|-heal|p2a: mutated-lion|94/100|[from] Grassy Terrain
|-heal|p2a: mutated-lion|99/100|[from] item: Leftovers
|upkeep
|
|t:|1631518676
|switch|p1a: Ho-Oh|Ho-Oh|100/100
|turn|31
|
|t:|1631518686
|switch|p2a: necromencer|Eternatus|100/100
|-ability|p2a: necromencer|Pressure
|move|p1a: Ho-Oh|Sacred Fire|p2a: necromencer
|-resisted|p2a: necromencer
|-damage|p2a: necromencer|81/100
|
|-heal|p2a: necromencer|87/100|[from] Grassy Terrain
|upkeep
|turn|32
|
|t:|1631518699
|move|p2a: necromencer|Mystical Fire|p1a: Ho-Oh
|-resisted|p1a: Ho-Oh
|-damage|p1a: Ho-Oh|94/100
|-unboost|p1a: Ho-Oh|spa|1
|move|p1a: Ho-Oh|Whirlwind|p2a: necromencer
|drag|p2a: sky-lion|Landorus-Therian, M|34/100 tox
|-damage|p2a: sky-lion|21/100 tox|[from] Stealth Rock
|-ability|p2a: sky-lion|Intimidate|boost
|-unboost|p1a: Ho-Oh|atk|1
|
|-heal|p2a: sky-lion|27/100 tox|[from] item: Leftovers
|-damage|p2a: sky-lion|21/100 tox|[from] psn
|upkeep
|turn|33
|
|t:|1631518717
|switch|p1a: Zarude|Zarude|100/100
|-damage|p1a: Zarude|88/100|[from] Stealth Rock
|move|p2a: sky-lion|Stone Edge|p1a: Zarude
|-crit|p1a: Zarude
|-damage|p1a: Zarude|50/100
|
|-heal|p1a: Zarude|56/100|[from] Grassy Terrain
|-heal|p1a: Zarude|62/100|[from] item: Leftovers
|-heal|p2a: sky-lion|27/100 tox|[from] item: Leftovers
|-damage|p2a: sky-lion|15/100 tox|[from] psn
|upkeep
|turn|34
|
|t:|1631518730
|move|p1a: Zarude|Grassy Glide|p2a: sky-lion
|-damage|p2a: sky-lion|0 fnt
|faint|p2a: sky-lion
|
|-heal|p1a: Zarude|68/100|[from] Grassy Terrain
|-heal|p1a: Zarude|74/100|[from] item: Leftovers
|upkeep
|
|t:|1631518749
|switch|p2a: necromencer|Eternatus|87/100
|-ability|p2a: necromencer|Pressure
|turn|35
|
|t:|1631518758
|switch|p1a: Ho-Oh|Ho-Oh|100/100
|move|p2a: necromencer|Mystical Fire|p1a: Ho-Oh
|-resisted|p1a: Ho-Oh
|-damage|p1a: Ho-Oh|93/100
|-unboost|p1a: Ho-Oh|spa|1
|
|-heal|p2a: necromencer|94/100|[from] Grassy Terrain
|-fieldend|move: Grassy Terrain
|upkeep
|turn|36
|
|t:|1631518769
|move|p2a: necromencer|Toxic|p1a: Ho-Oh
|-status|p1a: Ho-Oh|tox
|move|p1a: Ho-Oh|Brave Bird|p2a: necromencer
|-crit|p2a: necromencer
|-damage|p2a: necromencer|19/100
|-damage|p1a: Ho-Oh|67/100 tox|[from] Recoil
|
|-damage|p1a: Ho-Oh|60/100 tox|[from] psn
|upkeep
|turn|37
|
|t:|1631518777
|move|p2a: necromencer|Recover|p2a: necromencer
|-heal|p2a: necromencer|69/100
|move|p1a: Ho-Oh|Whirlwind|p2a: necromencer
|drag|p2a: mutated-lion|Necrozma-Dusk-Mane|99/100
|-damage|p2a: mutated-lion|94/100|[from] Stealth Rock
|
|-heal|p2a: mutated-lion|99/100|[from] item: Leftovers
|-damage|p1a: Ho-Oh|48/100 tox|[from] psn
|upkeep
|turn|38
|
|t:|1631518790
|switch|p2a: necromencer|Eternatus|69/100
|-ability|p2a: necromencer|Pressure
|move|p1a: Ho-Oh|Sacred Fire|p2a: necromencer
|-resisted|p2a: necromencer
|-damage|p2a: necromencer|48/100
|-status|p2a: necromencer|brn
|
|-damage|p1a: Ho-Oh|29/100 tox|[from] psn
|-damage|p2a: necromencer|42/100 brn|[from] brn
|upkeep
|turn|39
|
|t:|1631518805
|switch|p1a: Magearna|Magearna|86/100
|-damage|p1a: Magearna|80/100|[from] Stealth Rock
|move|p2a: necromencer|Recover|p2a: necromencer
|-heal|p2a: necromencer|92/100 brn
|
|-damage|p2a: necromencer|86/100 brn|[from] brn
|upkeep
|turn|40
|
|t:|1631518814
|move|p2a: necromencer|Mystical Fire|p1a: Magearna
|-supereffective|p1a: Magearna
|-damage|p1a: Magearna|43/100
|-unboost|p1a: Magearna|spa|1
|move|p1a: Magearna|Heal Bell|p1a: Magearna
|-activate|p1a: Magearna|move: Heal Bell
|-curestatus|p1: Ho-Oh|tox|[msg]
|
|-damage|p2a: necromencer|80/100 brn|[from] brn
|upkeep
|turn|41
|
|t:|1631518824
|move|p2a: necromencer|Mystical Fire|p1a: Magearna
|-supereffective|p1a: Magearna
|-damage|p1a: Magearna|0 fnt
|faint|p1a: Magearna
|
|-damage|p2a: necromencer|73/100 brn|[from] brn
|upkeep
|
|t:|1631518841
|switch|p1a: Tapu Bulu|Tapu Bulu|68/100
|-damage|p1a: Tapu Bulu|56/100|[from] Stealth Rock
|-fieldstart|move: Grassy Terrain|[from] ability: Grassy Surge|[of] p1a: Tapu Bulu
|turn|42
|
|t:|1631518851
|move|p2a: necromencer|Mystical Fire|p1a: Tapu Bulu
|-supereffective|p1a: Tapu Bulu
|-damage|p1a: Tapu Bulu|9/100
|-unboost|p1a: Tapu Bulu|spa|1
|move|p1a: Tapu Bulu|High Horsepower|p2a: necromencer
|-supereffective|p2a: necromencer
|-damage|p2a: necromencer|36/100 brn
|
|-heal|p2a: necromencer|42/100 brn|[from] Grassy Terrain
|-heal|p1a: Tapu Bulu|15/100|[from] Grassy Terrain
|-damage|p2a: necromencer|36/100 brn|[from] brn
|upkeep
|turn|43
|
|t:|1631518862
|move|p2a: necromencer|Recover|p2a: necromencer
|-heal|p2a: necromencer|86/100 brn
|move|p1a: Tapu Bulu|Leech Seed|p2a: necromencer
|-start|p2a: necromencer|move: Leech Seed
|
|-heal|p2a: necromencer|92/100 brn|[from] Grassy Terrain
|-heal|p1a: Tapu Bulu|21/100|[from] Grassy Terrain
|-damage|p2a: necromencer|80/100 brn|[from] Leech Seed|[of] p1a: Tapu Bulu
|-heal|p1a: Tapu Bulu|38/100|[silent]
|-damage|p2a: necromencer|73/100 brn|[from] brn
|upkeep
|turn|44
|
|t:|1631518872
|switch|p1a: Zarude|Zarude|74/100
|-damage|p1a: Zarude|62/100|[from] Stealth Rock
|move|p2a: necromencer|Mystical Fire|p1a: Zarude
|-supereffective|p1a: Zarude
|-damage|p1a: Zarude|34/100
|-unboost|p1a: Zarude|spa|1
|
|-heal|p2a: necromencer|80/100 brn|[from] Grassy Terrain
|-heal|p1a: Zarude|40/100|[from] Grassy Terrain
|-heal|p1a: Zarude|46/100|[from] item: Leftovers
|-damage|p2a: necromencer|67/100 brn|[from] Leech Seed|[of] p1a: Zarude
|-heal|p1a: Zarude|60/100|[silent]
|-damage|p2a: necromencer|61/100 brn|[from] brn
|upkeep
|turn|45
|
|t:|1631518889
|switch|p2a: die horses|Yveltal|100/100
|-ability|p2a: die horses|Dark Aura
|move|p1a: Zarude|Darkest Lariat|p2a: die horses
|-resisted|p2a: die horses
|-damage|p2a: die horses|82/100
|
|-heal|p1a: Zarude|66/100|[from] Grassy Terrain
|-heal|p1a: Zarude|72/100|[from] item: Leftovers
|upkeep
|turn|46
|
|t:|1631518899
|switch|p1a: Tapu Bulu|Tapu Bulu|38/100
|-damage|p1a: Tapu Bulu|25/100|[from] Stealth Rock
|move|p2a: die horses|U-turn|p1a: Tapu Bulu
|-damage|p1a: Tapu Bulu|13/100
|
|t:|1631518911
|switch|p2a: ghost-rider|Calyrex-Shadow|100/100|[from]move: U-turn
|-ability|p2a: ghost-rider|As One
|-ability|p2a: ghost-rider|Unnerve
|-damage|p2a: ghost-rider|88/100|[from] Stealth Rock
|
|-heal|p2a: ghost-rider|94/100|[from] Grassy Terrain
|-heal|p1a: Tapu Bulu|19/100|[from] Grassy Terrain
|upkeep
|turn|47
|
|t:|1631518923
|switch|p1a: Zarude|Zarude|72/100
|-damage|p1a: Zarude|60/100|[from] Stealth Rock
|move|p2a: ghost-rider|Astral Barrage|p1a: Zarude
|-resisted|p1a: Zarude
|-damage|p1a: Zarude|36/100
|
|-heal|p2a: ghost-rider|100/100|[from] Grassy Terrain
|-heal|p1a: Zarude|42/100|[from] Grassy Terrain
|-heal|p1a: Zarude|48/100|[from] item: Leftovers
|upkeep
|turn|48
|
|t:|1631518943
|switch|p2a: die horses|Yveltal|82/100
|-ability|p2a: die horses|Dark Aura
|move|p1a: Zarude|Jungle Healing|p1a: Zarude
|-heal|p1a: Zarude|73/100
|
|-heal|p1a: Zarude|79/100|[from] Grassy Terrain
|-heal|p1a: Zarude|85/100|[from] item: Leftovers
|upkeep
|turn|49
|
|t:|1631518953
|switch|p1a: Ho-Oh|Ho-Oh|62/100
|move|p2a: die horses|U-turn|p1a: Ho-Oh
|-resisted|p1a: Ho-Oh
|-damage|p1a: Ho-Oh|58/100
|
|t:|1631518960
|switch|p2a: orca|Kyogre|44/100|[from]move: U-turn
|-damage|p2a: orca|32/100|[from] Stealth Rock
|-weather|RainDance|[from] ability: Drizzle|[of] p2a: orca
|
|-weather|RainDance|[upkeep]
|-heal|p2a: orca|38/100|[from] Grassy Terrain
|-heal|p2a: orca|44/100|[from] item: Leftovers
|-fieldend|move: Grassy Terrain
|upkeep
|turn|50
|
|t:|1631518975
|switch|p1a: Zarude|Zarude|85/100
|-damage|p1a: Zarude|72/100|[from] Stealth Rock
|move|p2a: orca|Scald|p1a: Zarude
|-resisted|p1a: Zarude
|-damage|p1a: Zarude|54/100
|
|-weather|RainDance|[upkeep]
|-heal|p1a: Zarude|60/100|[from] item: Leftovers
|-heal|p2a: orca|50/100|[from] item: Leftovers
|upkeep
|turn|51
|
|t:|1631518985
|move|p2a: orca|Protect|p2a: orca
|-singleturn|p2a: orca|Protect
|move|p1a: Zarude|Grassy Glide|p2a: orca
|-activate|p2a: orca|move: Protect
|
|-weather|RainDance|[upkeep]
|-heal|p1a: Zarude|66/100|[from] item: Leftovers
|-heal|p2a: orca|56/100|[from] item: Leftovers
|upkeep
|turn|52
|
|t:|1631518998
|switch|p2a: necromencer|Eternatus|61/100 brn
|-ability|p2a: necromencer|Pressure
|move|p1a: Zarude|U-turn|p2a: necromencer
|-resisted|p2a: necromencer
|-damage|p2a: necromencer|55/100 brn
|
|t:|1631519003
|switch|p1a: Tapu Bulu|Tapu Bulu|19/100|[from]move: U-turn
|-damage|p1a: Tapu Bulu|6/100|[from] Stealth Rock
|-fieldstart|move: Grassy Terrain|[from] ability: Grassy Surge|[of] p1a: Tapu Bulu
|
|-weather|RainDance|[upkeep]
|-heal|p2a: necromencer|61/100 brn|[from] Grassy Terrain
|-heal|p1a: Tapu Bulu|12/100|[from] Grassy Terrain
|-damage|p2a: necromencer|55/100 brn|[from] brn
|upkeep
|turn|53
|
|t:|1631519016
|move|p2a: necromencer|Mystical Fire|p1a: Tapu Bulu
|-supereffective|p1a: Tapu Bulu
|-damage|p1a: Tapu Bulu|0 fnt
|faint|p1a: Tapu Bulu
|
|-weather|none
|-heal|p2a: necromencer|61/100 brn|[from] Grassy Terrain
|-damage|p2a: necromencer|55/100 brn|[from] brn
|upkeep
|
|t:|1631519017
|switch|p1a: Zarude|Zarude|66/100
|-damage|p1a: Zarude|54/100|[from] Stealth Rock
|turn|54
|
|t:|1631519026
|move|p2a: necromencer|Recover|p2a: necromencer
|-heal|p2a: necromencer|100/100 brn
|move|p1a: Zarude|Darkest Lariat|p2a: necromencer
|-damage|p2a: necromencer|77/100 brn
|
|-heal|p2a: necromencer|83/100 brn|[from] Grassy Terrain
|-heal|p1a: Zarude|60/100|[from] Grassy Terrain
|-heal|p1a: Zarude|66/100|[from] item: Leftovers
|-damage|p2a: necromencer|77/100 brn|[from] brn
|upkeep
|turn|55
|-message|snakey77 forfeited.
|
|win|T29telon
|raw|snakey77's rating: 1476 &rarr; <strong>1450</strong><br />(-26 for losing)
|raw|T29telon's rating: 1370 &rarr; <strong>1396</strong><br />(+26 for winning)
|l|☆snakey77
