|j|☆8142e
|j|☆TheGreenRoman
|t:|1611414062
|player|p1|8142e|266|
|player|p2|TheGreenRoman|aaron|
|teamsize|p1|6
|teamsize|p2|6
|gametype|singles
|gen|8
|tier|[Gen 8] Ubers
|clearpoke
|poke|p1|Zekrom|
|poke|p1|Calyrex-Shadow|
|poke|p1|Tangrowth, F|
|poke|p1|Yveltal|
|poke|p1|Necrozma-Dusk-Mane|
|poke|p1|Eternatus|
|poke|p2|Calyrex-Shadow|
|poke|p2|Magearna|
|poke|p2|Eternatus|
|poke|p2|Kyogre|
|poke|p2|Yveltal|
|poke|p2|Marshadow|
|rule|Sleep Clause Mod: Limit one foe put to sleep
|rule|Species Clause: Limit one of each Pokémon
|rule|OHKO Clause: OHKO moves are banned
|rule|Evasion Moves Clause: Evasion moves are banned
|rule|Endless Battle Clause: Forcing endless battles is banned
|rule|HP Percentage Mod: HP is shown in percentages
|rule|Dynamax Clause: You cannot dynamax
|teampreview
|c|☆TheGreenRoman|hf buddy :)
|l|☆8142e
|player|p1|
|j|☆8142e
|player|p1|8142e|266
|c|☆TheGreenRoman|all good man?
|j| Holy rng loser
|
|t:|1611414247
|start
|switch|p1a: Necrozma|Necrozma-Dusk-Mane|100/100
|switch|p2a: Kyogre|Kyogre|100/100
|-weather|RainDance|[from] ability: Drizzle|[of] p2a: Kyogre
|turn|1
|
|t:|1611414253
|switch|p1a: Eternatus|Eternatus|100/100
|-ability|p1a: Eternatus|Pressure
|move|p2a: Kyogre|Water Spout|p1a: Eternatus
|-resisted|p1a: Eternatus
|-damage|p1a: Eternatus|63/100
|
|-weather|RainDance|[upkeep]
|-heal|p1a: Eternatus|69/100|[from] item: Black Sludge
|upkeep
|turn|2
|
|t:|1611414268
|switch|p2a: Magearna|Magearna|100/100
|move|p1a: Eternatus|Recover|p1a: Eternatus
|-heal|p1a: Eternatus|100/100
|
|-weather|RainDance|[upkeep]
|upkeep
|turn|3
|
|t:|1611414273
|switch|p1a: Necrozma|Necrozma-Dusk-Mane|100/100
|move|p2a: Magearna|Shift Gear|p2a: Magearna
|-boost|p2a: Magearna|spe|2
|-boost|p2a: Magearna|atk|1
|
|-weather|RainDance|[upkeep]
|upkeep
|turn|4
|
|t:|1611414284
|switch|p2a: Yveltal|Yveltal|100/100
|-ability|p2a: Yveltal|Dark Aura
|move|p1a: Necrozma|Sunsteel Strike|p2a: Yveltal
|-damage|p2a: Yveltal|62/100
|
|-weather|RainDance|[upkeep]
|upkeep
|turn|5
|
|t:|1611414289
|switch|p1a: Eternatus|Eternatus|100/100
|-ability|p1a: Eternatus|Pressure
|move|p2a: Yveltal|Knock Off|p1a: Eternatus
|-damage|p1a: Eternatus|60/100
|-enditem|p1a: Eternatus|Black Sludge|[from] move: Knock Off|[of] p2a: Yveltal
|
|-weather|none
|upkeep
|turn|6
|
|t:|1611414299
|move|p1a: Eternatus|Recover|p1a: Eternatus
|-heal|p1a: Eternatus|100/100
|move|p2a: Yveltal|Roost|p2a: Yveltal
|-heal|p2a: Yveltal|100/100
|-singleturn|p2a: Yveltal|move: Roost
|
|upkeep
|turn|7
|
|t:|1611414308
|switch|p2a: Magearna|Magearna|100/100
|move|p1a: Eternatus|Toxic Spikes|p2a: Magearna
|-sidestart|p2: TheGreenRoman|move: Toxic Spikes
|
|upkeep
|turn|8
|
|t:|1611414315
|switch|p1a: Necrozma|Necrozma-Dusk-Mane|100/100
|switch|p2a: Calyrex|Calyrex-Shadow|100/100
|-ability|p2a: Calyrex|As One
|-ability|p2a: Calyrex|Unnerve|p1: 8142e
|-status|p2a: Calyrex|psn
|
|-damage|p2a: Calyrex|88/100 psn|[from] psn
|upkeep
|turn|9
|
|t:|1611414330
|switch|p1a: Yveltal|Yveltal|100/100
|-ability|p1a: Yveltal|Dark Aura
|move|p2a: Calyrex|Draining Kiss|p1a: Yveltal
|-supereffective|p1a: Yveltal
|-damage|p1a: Yveltal|59/100
|-heal|p2a: Calyrex|100/100 psn|[from] drain|[of] p1a: Yveltal
|
|-damage|p2a: Calyrex|88/100 psn|[from] psn
|upkeep
|turn|10
|
|t:|1611414337
|switch|p2a: Eternatus|Eternatus|100/100
|-sideend|p2: TheGreenRoman|move: Toxic Spikes|[of] p2a: Eternatus
|-ability|p2a: Eternatus|Pressure
|move|p1a: Yveltal|Roost|p1a: Yveltal
|-heal|p1a: Yveltal|100/100
|-singleturn|p1a: Yveltal|move: Roost
|
|upkeep
|turn|11
|
|t:|1611414345
|switch|p1a: Necrozma|Necrozma-Dusk-Mane|100/100
|move|p2a: Eternatus|Toxic|p1a: Necrozma
|-immune|p1a: Necrozma
|
|upkeep
|turn|12
|
|t:|1611414352
|move|p2a: Eternatus|Flamethrower|p1a: Necrozma
|-supereffective|p1a: Necrozma
|-damage|p1a: Necrozma|76/100
|move|p1a: Necrozma|Stealth Rock|p2a: Eternatus
|-sidestart|p2: TheGreenRoman|move: Stealth Rock
|
|-heal|p1a: Necrozma|82/100|[from] item: Leftovers
|upkeep
|turn|13
|
|t:|1611414368
|move|p2a: Eternatus|Flamethrower|p1a: Necrozma
|-supereffective|p1a: Necrozma
|-damage|p1a: Necrozma|55/100
|move|p1a: Necrozma|Sunsteel Strike|p2a: Eternatus
|-damage|p2a: Eternatus|70/100
|
|-heal|p1a: Necrozma|61/100|[from] item: Leftovers
|upkeep
|turn|14
|
|t:|1611414374
|move|p2a: Eternatus|Flamethrower|p1a: Necrozma
|-supereffective|p1a: Necrozma
|-damage|p1a: Necrozma|36/100
|move|p1a: Necrozma|Morning Sun|p1a: Necrozma
|-heal|p1a: Necrozma|86/100
|
|-heal|p1a: Necrozma|92/100|[from] item: Leftovers
|upkeep
|turn|15
|
|t:|1611414380
|move|p2a: Eternatus|Flamethrower|p1a: Necrozma
|-supereffective|p1a: Necrozma
|-damage|p1a: Necrozma|67/100
|-status|p1a: Necrozma|brn
|move|p1a: Necrozma|Photon Geyser|p2a: Eternatus
|-supereffective|p2a: Eternatus
|-damage|p2a: Eternatus|38/100
|
|-heal|p1a: Necrozma|73/100 brn|[from] item: Leftovers
|-damage|p1a: Necrozma|67/100 brn|[from] brn
|upkeep
|turn|16
|c|☆8142e|Sad
|
|t:|1611414391
|move|p2a: Eternatus|Recover|p2a: Eternatus
|-heal|p2a: Eternatus|88/100
|move|p1a: Necrozma|Morning Sun|p1a: Necrozma
|-heal|p1a: Necrozma|100/100 brn
|
|-damage|p1a: Necrozma|94/100 brn|[from] brn
|upkeep
|turn|17
|
|t:|1611414407
|switch|p2a: Yveltal|Yveltal|100/100
|-ability|p2a: Yveltal|Dark Aura
|switch|p1a: Yveltal|Yveltal|100/100
|-ability|p1a: Yveltal|Dark Aura
|
|upkeep
|turn|18
|
|t:|1611414415
|switch|p1a: Eternatus|Eternatus|100/100
|-ability|p1a: Eternatus|Pressure
|move|p2a: Yveltal|Defog|p1a: Eternatus
|-unboost|p1a: Eternatus|evasion|1
|-sideend|p2: TheGreenRoman|Stealth Rock|[from] move: Defog|[of] p2a: Yveltal
|
|upkeep
|turn|19
|
|t:|1611414431
|switch|p2a: Magearna|Magearna|100/100
|move|p1a: Eternatus|Toxic Spikes|p2a: Magearna
|-sidestart|p2: TheGreenRoman|move: Toxic Spikes
|
|upkeep
|turn|20
|
|t:|1611414435
|switch|p1a: Necrozma|Necrozma-Dusk-Mane|94/100 brn
|switch|p2a: Eternatus|Eternatus|88/100
|-sideend|p2: TheGreenRoman|move: Toxic Spikes|[of] p2a: Eternatus
|-ability|p2a: Eternatus|Pressure
|
|-heal|p1a: Necrozma|100/100 brn|[from] item: Leftovers
|-damage|p1a: Necrozma|94/100 brn|[from] brn
|upkeep
|turn|21
|
|t:|1611414439
|switch|p2a: Marshadow|Marshadow|100/100
|move|p1a: Necrozma|Stealth Rock|p2a: Marshadow
|-sidestart|p2: TheGreenRoman|move: Stealth Rock
|
|-heal|p1a: Necrozma|100/100 brn|[from] item: Leftovers
|-damage|p1a: Necrozma|94/100 brn|[from] brn
|upkeep
|turn|22
|
|t:|1611414448
|switch|p1a: Tangrowth|Tangrowth, F|100/100
|move|p2a: Marshadow|Spectral Thief|p1a: Tangrowth
|-damage|p1a: Tangrowth|69/100
|-damage|p2a: Marshadow|84/100|[from] item: Rocky Helmet|[of] p1a: Tangrowth
|-damage|p2a: Marshadow|74/100|[from] item: Life Orb
|
|upkeep
|turn|23
|
|t:|1611414460
|switch|p2a: Yveltal|Yveltal|100/100
|-ability|p2a: Yveltal|Dark Aura
|move|p1a: Tangrowth|Knock Off|p2a: Yveltal
|-resisted|p2a: Yveltal
|-damage|p2a: Yveltal|90/100
|-enditem|p2a: Yveltal|Heavy-Duty Boots|[from] move: Knock Off|[of] p1a: Tangrowth
|
|upkeep
|turn|24
|
|t:|1611414467
|switch|p1a: Eternatus|Eternatus|100/100
|-ability|p1a: Eternatus|Pressure
|move|p2a: Yveltal|Defog|p1a: Eternatus
|-unboost|p1a: Eternatus|evasion|1
|-sideend|p2: TheGreenRoman|Stealth Rock|[from] move: Defog|[of] p2a: Yveltal
|
|upkeep
|turn|25
|
|t:|1611414481
|switch|p2a: Magearna|Magearna|100/100
|move|p1a: Eternatus|Toxic Spikes|p2a: Magearna
|-sidestart|p2: TheGreenRoman|move: Toxic Spikes
|
|upkeep
|turn|26
|
|t:|1611414498
|switch|p1a: Necrozma|Necrozma-Dusk-Mane|94/100 brn
|move|p2a: Magearna|Shift Gear|p2a: Magearna
|-boost|p2a: Magearna|spe|2
|-boost|p2a: Magearna|atk|1
|
|-heal|p1a: Necrozma|100/100 brn|[from] item: Leftovers
|-damage|p1a: Necrozma|94/100 brn|[from] brn
|upkeep
|turn|27
|
|t:|1611414505
|move|p2a: Magearna|Flash Cannon|p1a: Necrozma
|-resisted|p1a: Necrozma
|-damage|p1a: Necrozma|84/100 brn
|move|p1a: Necrozma|Sunsteel Strike|p2a: Magearna
|-damage|p2a: Magearna|80/100
|
|-heal|p1a: Necrozma|90/100 brn|[from] item: Leftovers
|-damage|p1a: Necrozma|84/100 brn|[from] brn
|upkeep
|turn|28
|
|t:|1611414513
|switch|p2a: Yveltal|Yveltal|90/100
|-ability|p2a: Yveltal|Dark Aura
|move|p1a: Necrozma|Sunsteel Strike|p2a: Yveltal
|-damage|p2a: Yveltal|71/100
|
|-heal|p1a: Necrozma|90/100 brn|[from] item: Leftovers
|-damage|p1a: Necrozma|84/100 brn|[from] brn
|upkeep
|turn|29
|
|t:|1611414521
|switch|p1a: Eternatus|Eternatus|100/100
|-ability|p1a: Eternatus|Pressure
|move|p2a: Yveltal|U-turn|p1a: Eternatus
|-resisted|p1a: Eternatus
|-damage|p1a: Eternatus|93/100
|
|t:|1611414533
|switch|p2a: Eternatus|Eternatus|88/100|[from]move: U-turn
|-sideend|p2: TheGreenRoman|move: Toxic Spikes|[of] p2a: Eternatus
|-ability|p2a: Eternatus|Pressure
|
|upkeep
|turn|30
|
|t:|1611414541
|move|p2a: Eternatus|Dynamax Cannon|p1a: Eternatus
|-supereffective|p1a: Eternatus
|-damage|p1a: Eternatus|34/100
|move|p1a: Eternatus|Dynamax Cannon|p2a: Eternatus
|-supereffective|p2a: Eternatus
|-damage|p2a: Eternatus|14/100
|
|upkeep
|turn|31
|
|t:|1611414550
|switch|p1a: Necrozma|Necrozma-Dusk-Mane|84/100 brn
|move|p2a: Eternatus|Dynamax Cannon|p1a: Necrozma
|-resisted|p1a: Necrozma
|-damage|p1a: Necrozma|71/100 brn
|
|-heal|p1a: Necrozma|77/100 brn|[from] item: Leftovers
|-damage|p1a: Necrozma|71/100 brn|[from] brn
|upkeep
|turn|32
|
|t:|1611414559
|switch|p1a: Calyrex|Calyrex-Shadow|100/100
|-ability|p1a: Calyrex|As One
|-ability|p1a: Calyrex|Unnerve|p2: TheGreenRoman
|move|p2a: Eternatus|Recover|p2a: Eternatus
|-heal|p2a: Eternatus|64/100
|
|upkeep
|turn|33
|
|t:|1611414572
|switch|p1a: Zekrom|Zekrom|100/100
|-ability|p1a: Zekrom|Teravolt
|switch|p2a: Yveltal|Yveltal|71/100
|-ability|p2a: Yveltal|Dark Aura
|
|upkeep
|turn|34
|c| Holy rng loser|damn these doubles
|
|t:|1611414591
|switch|p2a: Eternatus|Eternatus|64/100
|-ability|p2a: Eternatus|Pressure
|move|p1a: Zekrom|Dragon Dance|p1a: Zekrom
|-boost|p1a: Zekrom|atk|1
|-boost|p1a: Zekrom|spe|1
|
|upkeep
|turn|35
|
|t:|1611414597
|move|p1a: Zekrom|Dragon Claw|p2a: Eternatus
|-supereffective|p2a: Eternatus
|-damage|p2a: Eternatus|0 fnt
|faint|p2a: Eternatus
|
|upkeep
|
|t:|1611414602
|switch|p2a: Magearna|Magearna|80/100
|turn|36
|
|t:|1611414609
|move|p1a: Zekrom|Substitute|p1a: Zekrom
|-start|p1a: Zekrom|Substitute
|-damage|p1a: Zekrom|76/100
|move|p2a: Magearna|Fleur Cannon|p1a: Zekrom
|-supereffective|p1a: Zekrom
|-end|p1a: Zekrom|Substitute
|-unboost|p2a: Magearna|spa|2
|
|-heal|p1a: Zekrom|82/100|[from] item: Leftovers
|upkeep
|turn|37
|
|t:|1611414619
|move|p1a: Zekrom|Bolt Strike|p2a: Magearna
|-damage|p2a: Magearna|0 fnt
|faint|p2a: Magearna
|
|-heal|p1a: Zekrom|88/100|[from] item: Leftovers
|upkeep
|
|t:|1611414628
|switch|p2a: Kyogre|Kyogre|100/100
|-weather|RainDance|[from] ability: Drizzle|[of] p2a: Kyogre
|turn|38
|
|t:|1611414633
|move|p1a: Zekrom|Bolt Strike|p2a: Kyogre
|-supereffective|p2a: Kyogre
|-damage|p2a: Kyogre|0 fnt
|faint|p2a: Kyogre
|
|-weather|RainDance|[upkeep]
|-heal|p1a: Zekrom|94/100|[from] item: Leftovers
|upkeep
|
|t:|1611414636
|switch|p2a: Calyrex|Calyrex-Shadow|88/100 psn
|-ability|p2a: Calyrex|As One
|-ability|p2a: Calyrex|Unnerve|p1: 8142e
|turn|39
|
|t:|1611414640
|move|p1a: Zekrom|Dragon Claw|p2a: Calyrex
|-damage|p2a: Calyrex|5/100 psn
|move|p2a: Calyrex|Astral Barrage|p1a: Zekrom
|-damage|p1a: Zekrom|0 fnt
|faint|p1a: Zekrom
|-ability|p2a: Calyrex|Grim Neigh|boost
|-boost|p2a: Calyrex|spa|1
|
|-weather|RainDance|[upkeep]
|-damage|p2a: Calyrex|0 fnt|[from] psn
|faint|p2a: Calyrex
|upkeep
|c|☆8142e|Bruh
|
|t:|1611414661
|switch|p2a: Yveltal|Yveltal|71/100
|switch|p1a: Eternatus|Eternatus|34/100
|-ability|p1a: Eternatus|Pressure
|-ability|p2a: Yveltal|Dark Aura
|turn|40
|
|t:|1611414665
|move|p1a: Eternatus|Recover|p1a: Eternatus
|-heal|p1a: Eternatus|84/100
|move|p2a: Yveltal|Knock Off|p1a: Eternatus
|-damage|p1a: Eternatus|56/100
|
|-weather|RainDance|[upkeep]
|upkeep
|turn|41
|
|t:|1611414673
|move|p1a: Eternatus|Sludge Bomb|p2a: Yveltal
|-damage|p2a: Yveltal|45/100
|move|p2a: Yveltal|Roost|p2a: Yveltal
|-heal|p2a: Yveltal|95/100
|-singleturn|p2a: Yveltal|move: Roost
|
|-weather|RainDance|[upkeep]
|upkeep
|turn|42
|
|t:|1611414676
|move|p1a: Eternatus|Sludge Bomb|p2a: Yveltal
|-damage|p2a: Yveltal|72/100
|move|p2a: Yveltal|U-turn|p1a: Eternatus
|-resisted|p1a: Eternatus
|-damage|p1a: Eternatus|49/100
|
|t:|1611414679
|switch|p2a: Marshadow|Marshadow|74/100|[from]move: U-turn
|
|-weather|none
|upkeep
|turn|43
|
|t:|1611414686
|switch|p2a: Yveltal|Yveltal|72/100
|-ability|p2a: Yveltal|Dark Aura
|switch|p1a: Tangrowth|Tangrowth, F|100/100
|
|upkeep
|turn|44
|
|t:|1611414693
|move|p2a: Yveltal|U-turn|p1a: Tangrowth
|-supereffective|p1a: Tangrowth
|-damage|p1a: Tangrowth|80/100
|-damage|p2a: Yveltal|55/100|[from] item: Rocky Helmet|[of] p1a: Tangrowth
|
|t:|1611414695
|switch|p2a: Marshadow|Marshadow|74/100|[from]move: U-turn
|move|p1a: Tangrowth|Sleep Powder|p2a: Marshadow
|-status|p2a: Marshadow|slp|[from] move: Sleep Powder
|
|upkeep
|turn|45
|c|☆TheGreenRoman|gg
|-message|TheGreenRoman forfeited.
|
|win|8142e
|l|☆TheGreenRoman
|l| Holy rng loser
|j| Davide2001
|l| Davide2001
|j|+Pohjis
|j| RuckusRalts
|j| b hiub kljm
|l|+Pohjis
|j|+Pohjis
|l|+Pohjis
|j| FatFighter2
|n| TheAuraGaudion|ruckusralts
|l| b hiub kljm
|n| RuckusRalts|theauragaudion
