|raw|<div class="broadcast-blue"><strong>This battle is required to be public due to a player having a name starting with 'ult9ns'.</div>
|j|☆ULT9NS xiaqiu
|j|☆Bald ben
|t:|1653464988
|gametype|singles
|player|p1|ULT9NS xiaqiu|acerola|1465
|player|p2|Bald ben|170|1594
|teamsize|p1|6
|teamsize|p2|6
|gen|8
|tier|[Gen 8] Ubers
|rated|
|rule|Sleep Clause Mod: Limit one foe put to sleep
|rule|Species Clause: Limit one of each Pokémon
|rule|OHKO Clause: OHKO moves are banned
|rule|Evasion Moves Clause: Evasion moves are banned
|rule|Endless Battle Clause: Forcing endless battles is banned
|rule|HP Percentage Mod: HP is shown in percentages
|rule|Dynamax Clause: You cannot dynamax
|clearpoke
|poke|p1|Porygon2|
|poke|p1|Calyrex-Ice|
|poke|p1|Dracovish|
|poke|p1|Kyogre|
|poke|p1|Necrozma-Dusk-Mane|
|poke|p1|Hatterene, F|
|poke|p2|Yveltal|
|poke|p2|Eternatus|
|poke|p2|Necrozma-Dusk-Mane|
|poke|p2|Giratina-Origin|
|poke|p2|Clefable, F|
|poke|p2|Xerneas-*|
|teampreview
|inactive|Battle timer is ON: inactive players will automatically lose when time's up. (requested by Bald ben)
|inactive|ULT9NS xiaqiu also wants the timer to be on.
|
|t:|1653465001
|start
|switch|p1a: Kyogre|Kyogre|100/100
|switch|p2a: Clefable|Clefable, F|100/100
|-weather|RainDance|[from] ability: Drizzle|[of] p1a: Kyogre
|turn|1
|
|t:|1653465009
|switch|p2a: Eternatus|Eternatus|100/100
|-ability|p2a: Eternatus|Pressure
|move|p1a: Kyogre|Water Spout|p2a: Eternatus
|-resisted|p2a: Eternatus
|-damage|p2a: Eternatus|16/100
|-enditem|p2a: Eternatus|Sitrus Berry|[eat]
|-heal|p2a: Eternatus|41/100|[from] item: Sitrus Berry
|
|-weather|RainDance|[upkeep]
|upkeep
|turn|2
|
|t:|1653465019
|switch|p1a: Necrozma|Necrozma-Dusk-Mane|100/100
|move|p2a: Eternatus|Dynamax Cannon|p1a: Necrozma
|-resisted|p1a: Necrozma
|-damage|p1a: Necrozma|80/100
|
|-weather|RainDance|[upkeep]
|upkeep
|turn|3
|
|t:|1653465031
|switch|p2a: Yveltal|Yveltal|100/100
|-ability|p2a: Yveltal|Dark Aura
|move|p1a: Necrozma|Trick Room|p1a: Necrozma
|-fieldstart|move: Trick Room|[of] p1a: Necrozma
|
|-weather|RainDance|[upkeep]
|upkeep
|turn|4
|
|t:|1653465036
|move|p1a: Necrozma|Sunsteel Strike|p2a: Yveltal
|-damage|p2a: Yveltal|46/100
|move|p2a: Yveltal|Foul Play|p1a: Necrozma
|-supereffective|p1a: Necrozma
|-damage|p1a: Necrozma|0 fnt
|faint|p1a: Necrozma
|
|-weather|RainDance|[upkeep]
|upkeep
|
|t:|1653465043
|switch|p1a: Dracovish|Dracovish|100/100
|turn|5
|
|t:|1653465057
|switch|p2a: Xerneas|Xerneas|100/100
|-ability|p2a: Xerneas|Fairy Aura
|move|p1a: Dracovish|Fishious Rend|p2a: Xerneas
|-damage|p2a: Xerneas|0 fnt
|faint|p2a: Xerneas
|
|-weather|none
|upkeep
|
|t:|1653465061
|switch|p2a: Eternatus|Eternatus|41/100
|-ability|p2a: Eternatus|Pressure
|turn|6
|
|t:|1653465079
|move|p1a: Dracovish|Fishious Rend|p2a: Eternatus
|-resisted|p2a: Eternatus
|-damage|p2a: Eternatus|0 fnt
|faint|p2a: Eternatus
|
|upkeep
|
|t:|1653465082
|switch|p2a: Giratina|Giratina-Origin|100/100
|turn|7
|
|t:|1653465089
|switch|p1a: Hatterene|Hatterene, F|100/100
|move|p2a: Giratina|Dragon Tail|p1a: Hatterene
|-immune|p1a: Hatterene
|
|-fieldend|move: Trick Room
|upkeep
|turn|8
|
|t:|1653465098
|move|p2a: Giratina|Poltergeist|p1a: Hatterene
|-activate|p1a: Hatterene|move: Poltergeist|Focus Sash
|-supereffective|p1a: Hatterene
|-enditem|p1a: Hatterene|Focus Sash
|-damage|p1a: Hatterene|1/100
|move|p1a: Hatterene|Trick Room|p1a: Hatterene
|-fieldstart|move: Trick Room|[of] p1a: Hatterene
|
|upkeep
|turn|9
|
|t:|1653465112
|move|p1a: Hatterene|Healing Wish|p1a: Hatterene
|faint|p1a: Hatterene
|move|p2a: Giratina|Poltergeist|p1: Hatterene|[notarget]
|-fail|p2a: Giratina
|
|upkeep
|
|t:|1653465116
|switch|p1a: Calyrex|Calyrex-Ice|100/100
|-ability|p1a: Calyrex|As One
|-ability|p1a: Calyrex|Unnerve
|turn|10
|
|t:|1653465119
|switch|p2a: Necrozma|Necrozma-Dusk-Mane|100/100
|move|p1a: Calyrex|Glacial Lance|p2a: Necrozma
|-resisted|p2a: Necrozma
|-damage|p2a: Necrozma|66/100
|
|-heal|p2a: Necrozma|72/100|[from] item: Leftovers
|upkeep
|turn|11
|
|t:|1653465125
|move|p1a: Calyrex|Swords Dance|p1a: Calyrex
|-boost|p1a: Calyrex|atk|2
|move|p2a: Necrozma|Stealth Rock|p1a: Calyrex
|-sidestart|p1: ULT9NS xiaqiu|move: Stealth Rock
|
|-heal|p2a: Necrozma|79/100|[from] item: Leftovers
|upkeep
|turn|12
|
|t:|1653465132
|move|p1a: Calyrex|High Horsepower|p2a: Necrozma
|-supereffective|p2a: Necrozma
|-damage|p2a: Necrozma|0 fnt
|faint|p2a: Necrozma
|-ability|p1a: Calyrex|Chilling Neigh|boost
|-boost|p1a: Calyrex|atk|1
|
|-fieldend|move: Trick Room
|upkeep
|
|t:|1653465134
|switch|p2a: Yveltal|Yveltal|46/100
|-ability|p2a: Yveltal|Dark Aura
|turn|13
|
|t:|1653465136
|move|p2a: Yveltal|Foul Play|p1a: Calyrex
|-supereffective|p1a: Calyrex
|-enditem|p1a: Calyrex|Colbur Berry|[eat]
|-enditem|p1a: Calyrex|Colbur Berry|[weaken]
|-damage|p1a: Calyrex|0 fnt
|faint|p1a: Calyrex
|
|upkeep
|
|t:|1653465141
|switch|p1a: Porygon2|Porygon2|100/100
|-damage|p1a: Porygon2|88/100|[from] Stealth Rock
|-ability|p1a: Porygon2|Dark Aura|[from] ability: Trace|[of] p2a: Yveltal
|-ability|p1a: Porygon2|Dark Aura
|turn|14
|
|t:|1653465144
|move|p2a: Yveltal|Taunt|p1a: Porygon2
|-start|p1a: Porygon2|move: Taunt
|cant|p1a: Porygon2|move: Taunt|Trick Room
|
|upkeep
|turn|15
|
|t:|1653465152
|move|p2a: Yveltal|Roost|p2a: Yveltal
|-heal|p2a: Yveltal|96/100
|-singleturn|p2a: Yveltal|move: Roost
|move|p1a: Porygon2|Foul Play|p2a: Yveltal
|-resisted|p2a: Yveltal
|-damage|p2a: Yveltal|82/100
|
|upkeep
|turn|16
|j| name strange
|
|t:|1653465156
|move|p2a: Yveltal|Knock Off|p1a: Porygon2
|-damage|p1a: Porygon2|63/100
|-enditem|p1a: Porygon2|Eviolite|[from] move: Knock Off|[of] p2a: Yveltal
|move|p1a: Porygon2|Foul Play|p2a: Yveltal
|-resisted|p2a: Yveltal
|-damage|p2a: Yveltal|68/100
|
|-end|p1a: Porygon2|move: Taunt
|upkeep
|turn|17
|
|t:|1653465160
|switch|p1a: Kyogre|Kyogre|100/100
|-damage|p1a: Kyogre|88/100|[from] Stealth Rock
|-weather|RainDance|[from] ability: Drizzle|[of] p1a: Kyogre
|move|p2a: Yveltal|Taunt|p1a: Kyogre
|-start|p1a: Kyogre|move: Taunt
|
|-weather|RainDance|[upkeep]
|upkeep
|turn|18
|c| name strange|虾球gogogo
|
|t:|1653465166
|move|p2a: Yveltal|Knock Off|p1a: Kyogre
|-damage|p1a: Kyogre|32/100
|-enditem|p1a: Kyogre|Choice Specs|[from] move: Knock Off|[of] p2a: Yveltal
|move|p1a: Kyogre|Ice Beam|p2a: Yveltal
|-supereffective|p2a: Yveltal
|-damage|p2a: Yveltal|26/100
|
|-weather|RainDance|[upkeep]
|upkeep
|turn|19
|
|t:|1653465175
|move|p2a: Yveltal|Knock Off|p1a: Kyogre
|-damage|p1a: Kyogre|0 fnt
|faint|p1a: Kyogre
|
|-weather|RainDance|[upkeep]
|upkeep
|
|t:|1653465177
|switch|p1a: Dracovish|Dracovish|100/100
|-damage|p1a: Dracovish|88/100|[from] Stealth Rock
|turn|20
|
|t:|1653465180
|move|p2a: Yveltal|Foul Play|p1a: Dracovish
|-damage|p1a: Dracovish|35/100
|move|p1a: Dracovish|Fishious Rend|p2a: Yveltal
|-damage|p2a: Yveltal|0 fnt
|faint|p2a: Yveltal
|
|-weather|RainDance|[upkeep]
|upkeep
|
|t:|1653465183
|switch|p2a: Giratina|Giratina-Origin|100/100
|turn|21
|
|t:|1653465188
|switch|p1a: Porygon2|Porygon2|63/100
|-heal|p1a: Porygon2|100/100|[from] move: Healing Wish
|-damage|p1a: Porygon2|88/100|[from] Stealth Rock
|-ability|p1a: Porygon2|Levitate|[from] ability: Trace|[of] p2a: Giratina
|move|p2a: Giratina|Dragon Tail|p1a: Porygon2
|-damage|p1a: Porygon2|62/100
|drag|p1a: Dracovish|Dracovish|35/100
|-damage|p1a: Dracovish|22/100|[from] Stealth Rock
|
|-weather|none
|upkeep
|turn|22
|
|t:|1653465200
|move|p1a: Dracovish|Ice Fang|p2a: Giratina
|-supereffective|p2a: Giratina
|-damage|p2a: Giratina|39/100
|move|p2a: Giratina|Dragon Tail|p1a: Dracovish
|-supereffective|p1a: Dracovish
|-damage|p1a: Dracovish|0 fnt
|faint|p1a: Dracovish
|
|upkeep
|
|t:|1653465205
|switch|p1a: Porygon2|Porygon2|62/100
|-damage|p1a: Porygon2|49/100|[from] Stealth Rock
|-ability|p1a: Porygon2|Levitate|[from] ability: Trace|[of] p2a: Giratina
|turn|23
|
|t:|1653465210
|switch|p2a: Clefable|Clefable, F|100/100
|move|p1a: Porygon2|Recover|p1a: Porygon2
|-heal|p1a: Porygon2|99/100
|
|upkeep
|turn|24
|
|t:|1653465214
|move|p2a: Clefable|Trick|p1a: Porygon2
|-activate|p2a: Clefable|move: Trick|[of] p1a: Porygon2
|-item|p1a: Porygon2|Sticky Barb|[from] move: Trick
|-enditem|p2a: Clefable|Sticky Barb|[silent]|[from] move: Trick
|move|p1a: Porygon2|Foul Play|p2a: Clefable
|-resisted|p2a: Clefable
|-damage|p2a: Clefable|96/100
|
|-damage|p1a: Porygon2|87/100|[from] item: Sticky Barb
|upkeep
|turn|25
|-message|ULT9NS xiaqiu forfeited.
|
|win|Bald ben
|raw|ULT9NS xiaqiu's rating: 1465 &rarr; <strong>1452</strong><br />(-13 for losing)
|raw|Bald ben's rating: 1594 &rarr; <strong>1607</strong><br />(+13 for winning)
|l|☆ULT9NS xiaqiu
