|j|☆Jojos ◕‿‿◕
|j|☆Maxomega
|t:|1613252932
|player|p1|Jojos ◕‿‿◕|bertha|
|player|p2|Maxomega|cameraman|
|teamsize|p1|6
|teamsize|p2|6
|gametype|singles
|gen|8
|tier|[Gen 8] Ubers
|clearpoke
|poke|p1|Froslass, F|
|poke|p1|Grimmsnarl, M|
|poke|p1|Zacian|
|poke|p1|Groudon|
|poke|p1|Zekrom|
|poke|p1|Xerneas|
|poke|p2|Zekrom|
|poke|p2|Tapu Bulu|
|poke|p2|Amoonguss, F|
|poke|p2|Yveltal|
|poke|p2|Blissey, F|
|poke|p2|Calyrex-Shadow|
|rule|Sleep Clause Mod: Limit one foe put to sleep
|rule|Species Clause: Limit one of each Pokémon
|rule|OHKO Clause: OHKO moves are banned
|rule|Evasion Moves Clause: Evasion moves are banned
|rule|Endless Battle Clause: Forcing endless battles is banned
|rule|HP Percentage Mod: HP is shown in percentages
|rule|Dynamax Clause: You cannot dynamax
|teampreview
|inactive|Battle timer is ON: inactive players will automatically lose when time's up. (requested by Jojos ◕‿‿◕)
|c|☆Maxomega|hf
|c|☆Jojos ◕‿‿◕|gl
|j| Os4ke
|j| Prof.Otaku
|inactive|Jojos ◕‿‿◕ has 270 seconds left.
|inactive|Maxomega has 270 seconds left.
|j| PandaDoux♥♡㋛★✩
|j| R8!Konijn@!
|j| Bekaray 贝卡雷
|l| Bekaray 贝卡雷
|j| Bekaray 贝卡雷
|inactive|Maxomega has 240 seconds left.
|
|t:|1613253002
|start
|switch|p1a: Froslass|Froslass, F|100/100
|switch|p2a: Bzz Bzz J'te baizz|Zekrom|100/100
|-ability|p2a: Bzz Bzz J'te baizz|Teravolt
|turn|1
|
|t:|1613253013
|move|p1a: Froslass|Icy Wind|p2a: Bzz Bzz J'te baizz
|-supereffective|p2a: Bzz Bzz J'te baizz
|-damage|p2a: Bzz Bzz J'te baizz|65/100
|-unboost|p2a: Bzz Bzz J'te baizz|spe|1
|move|p2a: Bzz Bzz J'te baizz|Scale Shot|p1a: Froslass
|-damage|p1a: Froslass|77/100
|-damage|p1a: Froslass|52/100
|-damage|p1a: Froslass|29/100
|-damage|p1a: Froslass|5/100
|-start|p2a: Bzz Bzz J'te baizz|Disable|Scale Shot|[from] ability: Cursed Body|[of] p1a: Froslass
|-hitcount|p1a: Froslass|4
|-unboost|p2a: Bzz Bzz J'te baizz|def|1
|-boost|p2a: Bzz Bzz J'te baizz|spe|1
|
|upkeep
|turn|2
|j| FyroxZ
|
|t:|1613253027
|move|p1a: Froslass|Spikes|p2a: Bzz Bzz J'te baizz
|-sidestart|p2: Maxomega|Spikes
|move|p2a: Bzz Bzz J'te baizz|Bolt Strike|p1a: Froslass
|-damage|p1a: Froslass|0 fnt
|faint|p1a: Froslass
|
|upkeep
|inactive|Jojos ◕‿‿◕ has 270 seconds left.
|l| R8!Konijn
|c| Os4ke|GO JOJOS
|
|t:|1613253077
|switch|p1a: Zacian|Zacian|100/100
|-ability|p1a: Zacian|Intrepid Sword|boost
|-boost|p1a: Zacian|atk|1
|turn|3
|
|t:|1613253090
|switch|p2a: We're champignons|Amoonguss, F|100/100
|-damage|p2a: We're champignons|88/100|[from] Spikes
|move|p1a: Zacian|Assurance|p2a: We're champignons
|-damage|p2a: We're champignons|41/100
|-damage|p1a: Zacian|84/100|[from] item: Rocky Helmet|[of] p2a: We're champignons
|
|upkeep
|turn|4
|c|☆Maxomega|ptdr
|inactive|Jojos ◕‿‿◕ has 240 seconds left.
|c| PandaDoux♥♡㋛★✩|insane
|
|t:|1613253109
|switch|p2a: Phaze Lulu's mum|Tapu Bulu|100/100
|-fieldstart|move: Grassy Terrain|[from] ability: Grassy Surge|[of] p2a: Phaze Lulu's mum
|move|p1a: Zacian|Play Rough|p2a: Phaze Lulu's mum
|-damage|p2a: Phaze Lulu's mum|46/100
|
|-heal|p1a: Zacian|90/100|[from] Grassy Terrain
|-heal|p2a: Phaze Lulu's mum|53/100|[from] Grassy Terrain
|upkeep
|turn|5
|j| Stall Lord Hale
|c| Os4ke|boom
|
|t:|1613253117
|move|p2a: Phaze Lulu's mum|Protect|p2a: Phaze Lulu's mum
|-singleturn|p2a: Phaze Lulu's mum|Protect
|move|p1a: Zacian|Play Rough|p2a: Phaze Lulu's mum
|-activate|p2a: Phaze Lulu's mum|move: Protect
|
|-heal|p1a: Zacian|96/100|[from] Grassy Terrain
|-heal|p2a: Phaze Lulu's mum|59/100|[from] Grassy Terrain
|upkeep
|turn|6
|l| Stall Lord Hale
|inactive|Jojos ◕‿‿◕ has 240 seconds left.
|c| Os4ke|GUNK SHOT GOES BRRR
|
|t:|1613253155
|move|p1a: Zacian|Play Rough|p2a: Phaze Lulu's mum
|-damage|p2a: Phaze Lulu's mum|10/100
|move|p2a: Phaze Lulu's mum|Whirlwind|p1a: Zacian
|drag|p1a: Xerneas|Xerneas|100/100
|-ability|p1a: Xerneas|Fairy Aura
|
|-heal|p2a: Phaze Lulu's mum|16/100|[from] Grassy Terrain
|upkeep
|turn|7
|j| Horodro
|
|t:|1613253167
|switch|p2a: Pas d'hommelette|Blissey, F|100/100
|-damage|p2a: Pas d'hommelette|88/100|[from] Spikes
|move|p1a: Xerneas|Moonblast|p2a: Pas d'hommelette
|-damage|p2a: Pas d'hommelette|64/100
|
|-heal|p2a: Pas d'hommelette|70/100|[from] Grassy Terrain
|upkeep
|turn|8
|
|t:|1613253179
|move|p1a: Xerneas|Substitute|p1a: Xerneas
|-start|p1a: Xerneas|Substitute
|-damage|p1a: Xerneas|76/100
|move|p2a: Pas d'hommelette|Seismic Toss|p1a: Xerneas
|-end|p1a: Xerneas|Substitute
|
|-heal|p1a: Xerneas|82/100|[from] Grassy Terrain
|-heal|p2a: Pas d'hommelette|76/100|[from] Grassy Terrain
|-fieldend|move: Grassy Terrain
|upkeep
|turn|9
|
|t:|1613253188
|move|p1a: Xerneas|Substitute|p1a: Xerneas
|-start|p1a: Xerneas|Substitute
|-damage|p1a: Xerneas|57/100
|move|p2a: Pas d'hommelette|Confide|p1a: Xerneas
|-unboost|p1a: Xerneas|spa|1
|
|upkeep
|turn|10
|inactive|Jojos ◕‿‿◕ has 240 seconds left.
|
|t:|1613253200
|move|p1a: Xerneas|Thunder|p2a: Pas d'hommelette
|-damage|p2a: Pas d'hommelette|68/100
|move|p2a: Pas d'hommelette|Confide|p1a: Xerneas
|-unboost|p1a: Xerneas|spa|1
|
|upkeep
|turn|11
|
|t:|1613253204
|move|p1a: Xerneas|Thunder|p2a: Pas d'hommelette
|-damage|p2a: Pas d'hommelette|61/100
|move|p2a: Pas d'hommelette|Soft-Boiled|p2a: Pas d'hommelette
|-heal|p2a: Pas d'hommelette|100/100
|
|upkeep
|turn|12
|
|t:|1613253209
|move|p1a: Xerneas|Thunder|p2a: Pas d'hommelette|[miss]
|-miss|p1a: Xerneas|p2a: Pas d'hommelette
|move|p2a: Pas d'hommelette|Stealth Rock|p1a: Xerneas
|-sidestart|p1: Jojos ◕‿‿◕|move: Stealth Rock
|
|upkeep
|turn|13
|c| Os4ke|uh
|c| Os4ke|honteux ce miss ngl
|inactive|Jojos ◕‿‿◕ has 240 seconds left.
|
|t:|1613253237
|move|p1a: Xerneas|Moonblast|p2a: Pas d'hommelette
|-damage|p2a: Pas d'hommelette|89/100
|move|p2a: Pas d'hommelette|Seismic Toss|p1a: Xerneas
|-end|p1a: Xerneas|Substitute
|
|upkeep
|turn|14
|
|t:|1613253244
|switch|p1a: Zekrom|Zekrom|100/100
|-damage|p1a: Zekrom|88/100|[from] Stealth Rock
|-ability|p1a: Zekrom|Teravolt
|move|p2a: Pas d'hommelette|Seismic Toss|p1a: Zekrom
|-damage|p1a: Zekrom|59/100
|
|upkeep
|turn|15
|
|t:|1613253248
|switch|p2a: Phaze Lulu's mum|Tapu Bulu|16/100
|-fieldstart|move: Grassy Terrain|[from] ability: Grassy Surge|[of] p2a: Phaze Lulu's mum
|move|p1a: Zekrom|Dragon Dance|p1a: Zekrom
|-boost|p1a: Zekrom|atk|1
|-boost|p1a: Zekrom|spe|1
|
|-heal|p1a: Zekrom|65/100|[from] Grassy Terrain
|-heal|p2a: Phaze Lulu's mum|23/100|[from] Grassy Terrain
|upkeep
|turn|16
|
|t:|1613253257
|move|p2a: Phaze Lulu's mum|Protect|p2a: Phaze Lulu's mum
|-singleturn|p2a: Phaze Lulu's mum|Protect
|move|p1a: Zekrom|Roost|p1a: Zekrom
|-heal|p1a: Zekrom|100/100
|-singleturn|p1a: Zekrom|move: Roost
|
|-heal|p2a: Phaze Lulu's mum|29/100|[from] Grassy Terrain
|upkeep
|turn|17
|
|t:|1613253261
|move|p1a: Zekrom|Bolt Strike|p2a: Phaze Lulu's mum
|-resisted|p2a: Phaze Lulu's mum
|-damage|p2a: Phaze Lulu's mum|0 fnt
|-damage|p1a: Zekrom|91/100|[from] item: Life Orb
|faint|p2a: Phaze Lulu's mum
|
|-heal|p1a: Zekrom|97/100|[from] Grassy Terrain
|upkeep
|c| Os4ke|:flushed:
|
|t:|1613253268
|switch|p2a: Petite Tornade|Calyrex-Shadow|100/100
|-ability|p2a: Petite Tornade|As One
|-ability|p2a: Petite Tornade|Unnerve|p1: Jojos ◕‿‿◕
|-damage|p2a: Petite Tornade|88/100|[from] Spikes
|turn|18
|inactive|Jojos ◕‿‿◕ has 270 seconds left.
|inactive|Jojos ◕‿‿◕ has 240 seconds left.
|
|t:|1613253326
|move|p1a: Zekrom|Bolt Strike|p2a: Petite Tornade|[miss]
|-miss|p1a: Zekrom|p2a: Petite Tornade
|move|p2a: Petite Tornade|Trick|p1a: Zekrom
|-activate|p2a: Petite Tornade|move: Trick|[of] p1a: Zekrom
|-item|p1a: Zekrom|Choice Specs|[from] move: Trick
|-item|p2a: Petite Tornade|Life Orb|[from] move: Trick
|
|-heal|p1a: Zekrom|100/100|[from] Grassy Terrain
|-heal|p2a: Petite Tornade|94/100|[from] Grassy Terrain
|upkeep
|turn|19
|c| Os4ke|uuuu
|
|t:|1613253339
|switch|p2a: Bzz Bzz J'te baizz|Zekrom|65/100
|-ability|p2a: Bzz Bzz J'te baizz|Teravolt
|move|p1a: Zekrom|Dragon Claw|p2a: Bzz Bzz J'te baizz
|-supereffective|p2a: Bzz Bzz J'te baizz
|-damage|p2a: Bzz Bzz J'te baizz|0 fnt
|faint|p2a: Bzz Bzz J'te baizz
|
|-fieldend|move: Grassy Terrain
|upkeep
|
|t:|1613253346
|switch|p2a: Tmax en Yveltal|Yveltal|100/100
|-ability|p2a: Tmax en Yveltal|Dark Aura
|turn|20
|
|t:|1613253351
|move|p1a: Zekrom|Dragon Claw|p2a: Tmax en Yveltal
|-damage|p2a: Tmax en Yveltal|53/100
|move|p2a: Tmax en Yveltal|Foul Play|p1a: Zekrom
|-damage|p1a: Zekrom|0 fnt
|faint|p1a: Zekrom
|
|upkeep
|inactive|Jojos ◕‿‿◕ has 240 seconds left.
|
|t:|1613253361
|switch|p1a: Zacian|Zacian|96/100
|-damage|p1a: Zacian|84/100|[from] Stealth Rock
|-ability|p1a: Zacian|Intrepid Sword|boost
|-boost|p1a: Zacian|atk|1
|turn|21
|
|t:|1613253368
|move|p1a: Zacian|Play Rough|p2a: Tmax en Yveltal
|-supereffective|p2a: Tmax en Yveltal
|-damage|p2a: Tmax en Yveltal|0 fnt
|faint|p2a: Tmax en Yveltal
|
|upkeep
|
|t:|1613253370
|switch|p2a: We're champignons|Amoonguss, F|75/100
|-damage|p2a: We're champignons|62/100|[from] Spikes
|turn|22
|j| Distrib ★
|
|t:|1613253385
|switch|p1a: Xerneas|Xerneas|57/100
|-damage|p1a: Xerneas|44/100|[from] Stealth Rock
|-ability|p1a: Xerneas|Fairy Aura
|move|p2a: We're champignons|Synthesis|p2a: We're champignons
|-heal|p2a: We're champignons|100/100
|
|upkeep
|turn|23
|
|t:|1613253393
|move|p1a: Xerneas|Thunder|p2a: We're champignons
|-resisted|p2a: We're champignons
|-damage|p2a: We're champignons|79/100
|-status|p2a: We're champignons|par
|move|p2a: We're champignons|Sludge Bomb|p1a: Xerneas
|-supereffective|p1a: Xerneas
|-damage|p1a: Xerneas|0 fnt
|faint|p1a: Xerneas
|
|upkeep
|l| Distrib ★
|
|t:|1613253414
|switch|p1a: Groudon|Groudon|100/100
|-damage|p1a: Groudon|94/100|[from] Stealth Rock
|-weather|SunnyDay|[from] ability: Drought|[of] p1a: Groudon
|turn|24
|inactive|Jojos ◕‿‿◕ has 240 seconds left.
|
|t:|1613253441
|move|p1a: Groudon|Rock Polish|p1a: Groudon
|-boost|p1a: Groudon|spe|2
|move|p2a: We're champignons|Spore|p1a: Groudon
|-status|p1a: Groudon|slp|[from] move: Spore
|-enditem|p1a: Groudon|Lum Berry|[eat]
|-curestatus|p1a: Groudon|slp|[msg]
|
|-weather|SunnyDay|[upkeep]
|upkeep
|turn|25
|c|☆Maxomega|keske
|c|☆Maxomega|bordel
|
|t:|1613253450
|move|p1a: Groudon|Precipice Blades|p2a: We're champignons|[miss]
|-miss|p1a: Groudon|p2a: We're champignons
|move|p2a: We're champignons|Spore|p1a: Groudon
|-status|p1a: Groudon|slp|[from] move: Spore
|
|-weather|SunnyDay|[upkeep]
|upkeep
|turn|26
|inactive|Jojos ◕‿‿◕ has 240 seconds left.
|
|t:|1613253458
|cant|p1a: Groudon|slp
|cant|p2a: We're champignons|par
|
|-weather|SunnyDay|[upkeep]
|upkeep
|turn|27
|c| Os4ke|rofl
|
|t:|1613253464
|cant|p1a: Groudon|slp
|move|p2a: We're champignons|Grass Knot|p1a: Groudon
|-supereffective|p1a: Groudon
|-damage|p1a: Groudon|20/100 slp
|
|-weather|SunnyDay|[upkeep]
|upkeep
|turn|28
|
|t:|1613253474
|cant|p1a: Groudon|slp
|move|p2a: We're champignons|Grass Knot|p1a: Groudon
|-supereffective|p1a: Groudon
|-damage|p1a: Groudon|0 fnt
|faint|p1a: Groudon
|
|-weather|none
|upkeep
|inactive|Jojos ◕‿‿◕ has 240 seconds left.
|c| Os4ke|c relou là monsieur
|c|☆Maxomega|il tuait pas
|c| Os4ke|nan mais il weaken
|c| Os4ke|+ le miss bolt strike
|inactive|Jojos ◕‿‿◕ has 210 seconds left.
|
|t:|1613253520
|switch|p1a: Zacian|Zacian|84/100
|-damage|p1a: Zacian|72/100|[from] Stealth Rock
|-ability|p1a: Zacian|Intrepid Sword|boost
|-boost|p1a: Zacian|atk|1
|turn|29
|inactive|Jojos ◕‿‿◕ has 210 seconds left.
|
|t:|1613253533
|move|p1a: Zacian|Play Rough|p2a: We're champignons
|-resisted|p2a: We're champignons
|-damage|p2a: We're champignons|53/100 par
|-damage|p1a: Zacian|55/100|[from] item: Rocky Helmet|[of] p2a: We're champignons
|move|p2a: We're champignons|Sludge Bomb|p1a: Zacian
|-supereffective|p1a: Zacian
|-damage|p1a: Zacian|22/100
|
|upkeep
|turn|30
|
|t:|1613253546
|move|p1a: Zacian|Play Rough|p2a: We're champignons
|-resisted|p2a: We're champignons
|-damage|p2a: We're champignons|26/100 par
|-damage|p1a: Zacian|5/100|[from] item: Rocky Helmet|[of] p2a: We're champignons
|move|p2a: We're champignons|Sludge Bomb|p1a: Zacian
|-supereffective|p1a: Zacian
|-damage|p1a: Zacian|0 fnt
|faint|p1a: Zacian
|
|upkeep
|
|t:|1613253551
|switch|p1a: Grimmsnarl|Grimmsnarl, M|100/100
|-damage|p1a: Grimmsnarl|88/100|[from] Stealth Rock
|turn|31
|
|t:|1613253556
|switch|p2a: Pas d'hommelette|Blissey, F|89/100
|-damage|p2a: Pas d'hommelette|76/100|[from] Spikes
|move|p1a: Grimmsnarl|Spirit Break|p2a: Pas d'hommelette
|-damage|p2a: Pas d'hommelette|41/100
|-unboost|p2a: Pas d'hommelette|spa|1
|
|upkeep
|turn|32
|
|t:|1613253565
|move|p1a: Grimmsnarl|Taunt|p2a: Pas d'hommelette
|-start|p2a: Pas d'hommelette|move: Taunt
|cant|p2a: Pas d'hommelette|move: Taunt|Soft-Boiled
|
|upkeep
|turn|33
|
|t:|1613253567
|move|p1a: Grimmsnarl|Spirit Break|p2a: Pas d'hommelette
|-damage|p2a: Pas d'hommelette|7/100
|-unboost|p2a: Pas d'hommelette|spa|1
|move|p2a: Pas d'hommelette|Seismic Toss|p1a: Grimmsnarl
|-damage|p1a: Grimmsnarl|63/100
|
|upkeep
|turn|34
|
|t:|1613253571
|move|p1a: Grimmsnarl|Spirit Break|p2a: Pas d'hommelette
|-damage|p2a: Pas d'hommelette|0 fnt
|faint|p2a: Pas d'hommelette
|
|upkeep
|j| Uber45
|
|t:|1613253575
|switch|p2a: Petite Tornade|Calyrex-Shadow|94/100
|-ability|p2a: Petite Tornade|As One
|-ability|p2a: Petite Tornade|Unnerve|p1: Jojos ◕‿‿◕
|-damage|p2a: Petite Tornade|82/100|[from] Spikes
|turn|35
|
|t:|1613253588
|move|p1a: Grimmsnarl|Light Screen|p1a: Grimmsnarl
|-sidestart|p1: Jojos ◕‿‿◕|move: Light Screen
|move|p2a: Petite Tornade|Will-O-Wisp|p1a: Grimmsnarl|[miss]
|-miss|p2a: Petite Tornade|p1a: Grimmsnarl
|
|upkeep
|turn|36
|
|t:|1613253599
|move|p2a: Petite Tornade|Will-O-Wisp|p1a: Grimmsnarl
|-status|p1a: Grimmsnarl|brn
|move|p1a: Grimmsnarl|Spirit Break|p2a: Petite Tornade
|-damage|p2a: Petite Tornade|62/100
|-unboost|p2a: Petite Tornade|spa|1
|
|-damage|p1a: Grimmsnarl|57/100 brn|[from] brn
|upkeep
|turn|37
|
|t:|1613253604
|switch|p2a: We're champignons|Amoonguss, F|59/100 par
|-damage|p2a: We're champignons|47/100 par|[from] Spikes
|move|p1a: Grimmsnarl|Spirit Break|p2a: We're champignons
|-resisted|p2a: We're champignons
|-damage|p2a: We're champignons|41/100 par
|-unboost|p2a: We're champignons|spa|1
|-damage|p1a: Grimmsnarl|40/100 brn|[from] item: Rocky Helmet|[of] p2a: We're champignons
|
|-damage|p1a: Grimmsnarl|34/100 brn|[from] brn
|upkeep
|turn|38
|
|t:|1613253609
|move|p1a: Grimmsnarl|Spirit Break|p2a: We're champignons
|-resisted|p2a: We're champignons
|-damage|p2a: We're champignons|35/100 par
|-unboost|p2a: We're champignons|spa|1
|-damage|p1a: Grimmsnarl|18/100 brn|[from] item: Rocky Helmet|[of] p2a: We're champignons
|move|p2a: We're champignons|Synthesis|p2a: We're champignons
|-heal|p2a: We're champignons|85/100 par
|
|-damage|p1a: Grimmsnarl|11/100 brn|[from] brn
|upkeep
|turn|39
|
|t:|1613253614
|move|p1a: Grimmsnarl|Spirit Break|p2a: We're champignons
|-resisted|p2a: We're champignons
|-damage|p2a: We're champignons|79/100 par
|-unboost|p2a: We're champignons|spa|1
|-damage|p1a: Grimmsnarl|0 fnt|[from] item: Rocky Helmet|[of] p2a: We're champignons
|faint|p1a: Grimmsnarl
|
|win|Maxomega
|c|☆Maxomega|gg
|c|☆Jojos ◕‿‿◕|gg
