|j|☆shadowsneakhd
|j|☆Sunpointsky陽頂天
|t:|1650644488
|gametype|singles
|player|p1|shadowsneakhd|waiter-gen4dp|
|player|p2|Sunpointsky陽頂天|ninjaboy|
|teamsize|p1|6
|teamsize|p2|6
|gen|8
|tier|[Gen 8] Ubers
|rated|Tournament battle
|rule|Sleep Clause Mod: Limit one foe put to sleep
|rule|Species Clause: Limit one of each Pokémon
|rule|OHKO Clause: OHKO moves are banned
|rule|Evasion Moves Clause: Evasion moves are banned
|rule|Endless Battle Clause: Forcing endless battles is banned
|rule|HP Percentage Mod: HP is shown in percentages
|rule|Dynamax Clause: You cannot dynamax
|clearpoke
|poke|p1|Xerneas-*|
|poke|p1|Yveltal|
|poke|p1|Zekrom|
|poke|p1|Necrozma-Dusk-Mane|
|poke|p1|Marshadow|
|poke|p1|Zygarde|
|poke|p2|Yveltal|
|poke|p2|Xerneas-*|
|poke|p2|Scolipede, M|
|poke|p2|Calyrex-Shadow|
|poke|p2|Eternatus|
|poke|p2|Zamazenta-*|
|teampreview
|inactive|Battle timer is ON: inactive players will automatically lose when time's up. (requested by Sunpointsky陽頂天)
|
|t:|1650644513
|start
|switch|p1a: Marshadow|Marshadow|100/100
|switch|p2a: Scolipede|Scolipede, M|100/100
|turn|1
|
|t:|1650644535
|move|p2a: Scolipede|Spikes|p1a: Marshadow
|-sidestart|p1: shadowsneakhd|Spikes
|move|p1a: Marshadow|Bulk Up|p1a: Marshadow
|-boost|p1a: Marshadow|atk|1
|-boost|p1a: Marshadow|def|1
|
|-ability|p2a: Scolipede|Speed Boost|boost
|-boost|p2a: Scolipede|spe|1
|upkeep
|turn|2
|
|t:|1650644547
|switch|p2a: Yveltal|Yveltal|100/100
|-ability|p2a: Yveltal|Dark Aura
|move|p1a: Marshadow|Spectral Thief|p2a: Yveltal
|-resisted|p2a: Yveltal
|-damage|p2a: Yveltal|52/100
|-damage|p1a: Marshadow|91/100|[from] item: Life Orb
|
|upkeep
|turn|3
|
|t:|1650644554
|switch|p2a: Eternatus|Eternatus|100/100
|-ability|p2a: Eternatus|Pressure
|move|p1a: Marshadow|Close Combat|p2a: Eternatus
|-resisted|p2a: Eternatus
|-damage|p2a: Eternatus|42/100
|-unboost|p1a: Marshadow|def|1
|-unboost|p1a: Marshadow|spd|1
|-damage|p1a: Marshadow|81/100|[from] item: Life Orb
|
|upkeep
|turn|4
|
|t:|1650644563
|move|p1a: Marshadow|Shadow Sneak|p2a: Eternatus
|-damage|p2a: Eternatus|0 fnt
|faint|p2a: Eternatus
|-damage|p1a: Marshadow|71/100|[from] item: Life Orb
|
|upkeep
|
|t:|1650644566
|switch|p2a: Zamazenta|Zamazenta-Crowned|100/100
|-ability|p2a: Zamazenta|Dauntless Shield|boost
|-boost|p2a: Zamazenta|def|1
|turn|5
|
|t:|1650644579
|switch|p1a: Zygarde|Zygarde|100/100
|-damage|p1a: Zygarde|88/100|[from] Spikes
|move|p2a: Zamazenta|Behemoth Bash|p1a: Zygarde
|-damage|p1a: Zygarde|54/100
|
|-heal|p1a: Zygarde|60/100|[from] item: Leftovers
|upkeep
|turn|6
|
|t:|1650644584
|switch|p2a: Scolipede|Scolipede, M|100/100
|move|p1a: Zygarde|Glare|p2a: Scolipede
|-status|p2a: Scolipede|par
|
|-heal|p1a: Zygarde|66/100|[from] item: Leftovers
|upkeep
|turn|7
|
|t:|1650644588
|switch|p1a: Yveltal|Yveltal|100/100
|-ability|p1a: Yveltal|Dark Aura
|move|p2a: Scolipede|Spikes|p1a: Yveltal
|-sidestart|p1: shadowsneakhd|Spikes
|
|-ability|p2a: Scolipede|Speed Boost|boost
|-boost|p2a: Scolipede|spe|1
|upkeep
|turn|8
|
|t:|1650644595
|move|p2a: Scolipede|Spikes|p1a: Yveltal
|-sidestart|p1: shadowsneakhd|Spikes
|move|p1a: Yveltal|Defog|p2a: Scolipede
|-unboost|p2a: Scolipede|evasion|1
|-sideend|p1: shadowsneakhd|Spikes|[from] move: Defog|[of] p1a: Yveltal
|
|-ability|p2a: Scolipede|Speed Boost|boost
|-boost|p2a: Scolipede|spe|1
|upkeep
|turn|9
|
|t:|1650644598
|move|p2a: Scolipede|Spikes|p1a: Yveltal
|-sidestart|p1: shadowsneakhd|Spikes
|move|p1a: Yveltal|Oblivion Wing|p2a: Scolipede
|-supereffective|p2a: Scolipede
|-enditem|p2a: Scolipede|Focus Sash
|-damage|p2a: Scolipede|1/100 par
|
|-ability|p2a: Scolipede|Speed Boost|boost
|-boost|p2a: Scolipede|spe|1
|upkeep
|turn|10
|
|t:|1650644603
|move|p2a: Scolipede|Endeavor|p1a: Yveltal
|-damage|p1a: Yveltal|1/100
|move|p1a: Yveltal|Defog|p2a: Scolipede
|-unboost|p2a: Scolipede|evasion|1
|-sideend|p1: shadowsneakhd|Spikes|[from] move: Defog|[of] p1a: Yveltal
|
|-ability|p2a: Scolipede|Speed Boost|boost
|-boost|p2a: Scolipede|spe|1
|upkeep
|turn|11
|
|t:|1650644625
|move|p2a: Scolipede|Spikes|p1a: Yveltal
|-sidestart|p1: shadowsneakhd|Spikes
|move|p1a: Yveltal|Oblivion Wing|p2a: Scolipede
|-supereffective|p2a: Scolipede
|-crit|p2a: Scolipede
|-damage|p2a: Scolipede|0 fnt
|-heal|p1a: Yveltal|1/100|[from] drain|[of] p2a: Scolipede
|faint|p2a: Scolipede
|
|upkeep
|
|t:|1650644633
|switch|p2a: Xerneas|Xerneas|100/100
|-ability|p2a: Xerneas|Fairy Aura
|turn|12
|
|t:|1650644642
|move|p2a: Xerneas|Moonblast|p1a: Yveltal
|-supereffective|p1a: Yveltal
|-damage|p1a: Yveltal|0 fnt
|faint|p1a: Yveltal
|
|upkeep
|j| ashfaqwer 3
|
|t:|1650644644
|switch|p1a: Necrozma|Necrozma-Dusk-Mane|100/100
|-damage|p1a: Necrozma|88/100|[from] Spikes
|turn|13
|
|t:|1650644650
|switch|p2a: Zamazenta|Zamazenta-Crowned|100/100
|-ability|p2a: Zamazenta|Dauntless Shield|boost
|-boost|p2a: Zamazenta|def|1
|move|p1a: Necrozma|Sunsteel Strike|p2a: Zamazenta
|-resisted|p2a: Zamazenta
|-damage|p2a: Zamazenta|85/100
|
|upkeep
|turn|14
|l| ashfaqwer 3
|
|t:|1650644661
|switch|p2a: Calyrex|Calyrex-Shadow|100/100
|-ability|p2a: Calyrex|As One
|-ability|p2a: Calyrex|Unnerve
|switch|p1a: Zygarde|Zygarde|66/100
|-damage|p1a: Zygarde|54/100|[from] Spikes
|
|-heal|p1a: Zygarde|60/100|[from] item: Leftovers
|upkeep
|turn|15
|
|t:|1650644666
|move|p2a: Calyrex|Astral Barrage|p1a: Zygarde
|-damage|p1a: Zygarde|14/100
|move|p1a: Zygarde|Glare|p2a: Calyrex
|-status|p2a: Calyrex|par
|
|-heal|p1a: Zygarde|20/100|[from] item: Leftovers
|-activate|p1a: Zygarde|ability: Power Construct
|detailschange|p1a: Zygarde|Zygarde-Complete
|-heal|p1a: Zygarde|48/100|[silent]
|upkeep
|turn|16
|
|t:|1650644687
|move|p2a: Calyrex|Astral Barrage|p1a: Zygarde
|-damage|p1a: Zygarde|17/100
|move|p1a: Zygarde|Thousand Arrows|p2a: Calyrex
|-damage|p2a: Calyrex|61/100 par
|
|-heal|p1a: Zygarde|24/100|[from] item: Leftovers
|upkeep
|turn|17
|j| Grande petro
|
|t:|1650644707
|switch|p2a: Xerneas|Xerneas|100/100
|-ability|p2a: Xerneas|Fairy Aura
|move|p1a: Zygarde|Thousand Arrows|p2a: Xerneas
|-damage|p2a: Xerneas|74/100
|
|-heal|p1a: Zygarde|30/100|[from] item: Leftovers
|upkeep
|turn|18
|
|t:|1650644710
|switch|p1a: Necrozma|Necrozma-Dusk-Mane|88/100
|-damage|p1a: Necrozma|76/100|[from] Spikes
|move|p2a: Xerneas|Geomancy||[still]
|-prepare|p2a: Xerneas|Geomancy
|-enditem|p2a: Xerneas|Power Herb
|-anim|p2a: Xerneas|Geomancy|p2a: Xerneas
|-boost|p2a: Xerneas|spa|2
|-boost|p2a: Xerneas|spd|2
|-boost|p2a: Xerneas|spe|2
|
|upkeep
|turn|19
|
|t:|1650644713
|move|p2a: Xerneas|Moonblast|p1a: Necrozma
|-resisted|p1a: Necrozma
|-damage|p1a: Necrozma|22/100
|-unboost|p1a: Necrozma|spa|1
|move|p1a: Necrozma|Sunsteel Strike|p2a: Xerneas
|-supereffective|p2a: Xerneas
|-damage|p2a: Xerneas|0 fnt
|faint|p2a: Xerneas
|
|upkeep
|
|t:|1650644715
|switch|p2a: Zamazenta|Zamazenta-Crowned|85/100
|-ability|p2a: Zamazenta|Dauntless Shield|boost
|-boost|p2a: Zamazenta|def|1
|turn|20
|inactive|shadowsneakhd has 120 seconds left.
|
|t:|1650644754
|switch|p1a: Zekrom|Zekrom, shiny|100/100
|-damage|p1a: Zekrom|88/100|[from] Spikes
|-ability|p1a: Zekrom|Teravolt
|move|p2a: Zamazenta|Howl|p2a: Zamazenta
|-boost|p2a: Zamazenta|atk|1
|
|upkeep
|turn|21
|inactive|shadowsneakhd has 120 seconds left.
|inactive|Sunpointsky陽頂天 has 120 seconds left.
|
|t:|1650644814
|move|p2a: Zamazenta|Howl|p2a: Zamazenta
|-boost|p2a: Zamazenta|atk|1
|move|p1a: Zekrom|Dragon Dance|p1a: Zekrom
|-boost|p1a: Zekrom|atk|1
|-boost|p1a: Zekrom|spe|1
|
|upkeep
|turn|22
|
|t:|1650644821
|move|p1a: Zekrom|Bolt Strike|p2a: Zamazenta
|-damage|p2a: Zamazenta|26/100
|move|p2a: Zamazenta|Close Combat|p1a: Zekrom
|-damage|p1a: Zekrom|0 fnt
|-unboost|p2a: Zamazenta|def|1
|-unboost|p2a: Zamazenta|spd|1
|faint|p1a: Zekrom
|
|upkeep
|
|t:|1650644825
|switch|p1a: Xerneas|Xerneas|100/100
|-damage|p1a: Xerneas|88/100|[from] Spikes
|-ability|p1a: Xerneas|Fairy Aura
|turn|23
|
|t:|1650644828
|move|p1a: Xerneas|Moonblast|p2a: Zamazenta
|-damage|p2a: Zamazenta|0 fnt
|faint|p2a: Zamazenta
|
|upkeep
|c|☆shadowsneakhd|gg
|-message|Sunpointsky陽頂天 forfeited.
|
|win|shadowsneakhd
|n|☆shadowsneakhd|shadowsneakhd
|n|☆Sunpointsky陽頂天|sunpointsky
|n| Grande petro|grandepetro
