|raw|<div class="broadcast-blue"><strong>This battle is required to be public due to a player having a name starting with 'ult9ns'.</div>
|j|☆ULT9NS TGA
|j|☆ULT9NS Orchid
|t:|1653411216
|gametype|singles
|player|p1|ULT9NS TGA|candice|1512
|player|p2|ULT9NS Orchid|winona-gen6|1608
|teamsize|p1|6
|teamsize|p2|6
|gen|8
|tier|[Gen 8] Ubers
|rated|
|rule|Sleep Clause Mod: Limit one foe put to sleep
|rule|Species Clause: Limit one of each Pokémon
|rule|OHKO Clause: OHKO moves are banned
|rule|Evasion Moves Clause: Evasion moves are banned
|rule|Endless Battle Clause: Forcing endless battles is banned
|rule|HP Percentage Mod: HP is shown in percentages
|rule|Dynamax Clause: You cannot dynamax
|clearpoke
|poke|p1|Slurpuff, M|
|poke|p1|Weavile, M|
|poke|p1|Kyogre|
|poke|p1|Eternatus|
|poke|p1|Necrozma-Dusk-Mane|
|poke|p1|Yveltal|
|poke|p2|Slurpuff, F|
|poke|p2|Yveltal|
|poke|p2|Calyrex-Shadow|
|poke|p2|Weavile, M|
|poke|p2|Xerneas-*|
|poke|p2|Necrozma-Dusk-Mane|
|teampreview
|inactive|Battle timer is ON: inactive players will automatically lose when time's up. (requested by ULT9NS Orchid)
|
|t:|1653411233
|start
|switch|p1a: Weavile|Weavile, M|100/100
|switch|p2a: Weavile|Weavile, M|100/100
|-ability|p2a: Weavile|Pressure
|-ability|p1a: Weavile|Pressure
|turn|1
|
|t:|1653411245
|move|p2a: Weavile|Triple Axel|p1a: Weavile
|-resisted|p1a: Weavile
|-damage|p1a: Weavile|92/100
|-resisted|p1a: Weavile
|-damage|p1a: Weavile|73/100
|-resisted|p1a: Weavile
|-crit|p1a: Weavile
|-damage|p1a: Weavile|33/100
|-hitcount|p1a: Weavile|3
|move|p1a: Weavile|Swords Dance|p1a: Weavile
|-boost|p1a: Weavile|atk|2
|
|upkeep
|turn|2
|
|t:|1653411268
|move|p2a: Weavile|Triple Axel|p1a: Weavile
|-resisted|p1a: Weavile
|-damage|p1a: Weavile|25/100
|-resisted|p1a: Weavile
|-damage|p1a: Weavile|7/100
|-resisted|p1a: Weavile
|-damage|p1a: Weavile|0 fnt
|faint|p1a: Weavile
|-hitcount|p1: Weavile|3
|
|upkeep
|
|t:|1653411296
|switch|p1a: Kyogre|Kyogre|100/100
|-weather|RainDance|[from] ability: Drizzle|[of] p1a: Kyogre
|turn|3
|
|t:|1653411301
|move|p2a: Weavile|Swords Dance|p2a: Weavile
|-boost|p2a: Weavile|atk|2
|move|p1a: Kyogre|Thunder|p2a: Weavile
|-damage|p2a: Weavile|5/100
|-status|p2a: Weavile|par
|
|-weather|RainDance|[upkeep]
|upkeep
|turn|4
|c|☆ULT9NS Orchid|kk
|
|t:|1653411321
|move|p1a: Kyogre|Thunder|p2a: Weavile
|-damage|p2a: Weavile|0 fnt
|faint|p2a: Weavile
|
|-weather|RainDance|[upkeep]
|upkeep
|
|t:|1653411325
|switch|p2a: Slurpuff|Slurpuff, F|100/100
|turn|5
|
|t:|1653411328
|move|p1a: Kyogre|Thunder|p2a: Slurpuff
|-enditem|p2a: Slurpuff|Focus Sash
|-damage|p2a: Slurpuff|1/100
|move|p2a: Slurpuff|Sticky Web|p1a: Kyogre
|-sidestart|p1: ULT9NS TGA|move: Sticky Web
|
|-weather|RainDance|[upkeep]
|upkeep
|turn|6
|
|t:|1653411333
|move|p2a: Slurpuff|Misty Explosion|p1a: Kyogre
|-damage|p1a: Kyogre|70/100
|faint|p2a: Slurpuff
|move|p1a: Kyogre|Thunder|p2: Slurpuff|[notarget]
|-fail|p1a: Kyogre
|
|-weather|RainDance|[upkeep]
|upkeep
|
|t:|1653411336
|switch|p2a: Yveltal|Yveltal|100/100
|-ability|p2a: Yveltal|Dark Aura
|turn|7
|c|☆ULT9NS TGA|Ainz
|c|☆ULT9NS TGA|Are
|c|☆ULT9NS TGA|U watching sea game?
|c|☆ULT9NS TGA|Adv ssnl final
|j| Agent PG
|c|☆ULT9NS Orchid|n
|
|t:|1653411356
|move|p2a: Yveltal|Knock Off|p1a: Kyogre
|-damage|p1a: Kyogre|0 fnt
|-enditem|p1a: Kyogre|Choice Specs|[from] move: Knock Off|[of] p2a: Yveltal
|faint|p1a: Kyogre
|-damage|p2a: Yveltal|91/100|[from] item: Life Orb
|
|-weather|none
|upkeep
|
|t:|1653411361
|switch|p1a: Slurpuff|Slurpuff, M|100/100
|-activate|p1a: Slurpuff|move: Sticky Web
|-unboost|p1a: Slurpuff|spe|1
|turn|8
|
|t:|1653411367
|move|p2a: Yveltal|Taunt|p1a: Slurpuff
|-start|p1a: Slurpuff|move: Taunt
|cant|p1a: Slurpuff|move: Taunt|Sticky Web
|
|upkeep
|turn|9
|
|t:|1653411370
|move|p2a: Yveltal|Oblivion Wing|p1a: Slurpuff
|-damage|p1a: Slurpuff|35/100
|-heal|p2a: Yveltal|100/100|[from] drain|[of] p1a: Slurpuff
|-damage|p2a: Yveltal|91/100|[from] item: Life Orb
|move|p1a: Slurpuff|Misty Explosion|p2a: Yveltal
|-supereffective|p2a: Yveltal
|-damage|p2a: Yveltal|33/100
|faint|p1a: Slurpuff
|
|upkeep
|
|t:|1653411374
|switch|p1a: Yveltal|Yveltal|100/100
|-ability|p1a: Yveltal|Dark Aura
|turn|10
|
|t:|1653411376
|move|p1a: Yveltal|Knock Off|p2a: Yveltal
|-resisted|p2a: Yveltal
|-damage|p2a: Yveltal|0 fnt
|-enditem|p2a: Yveltal|Life Orb|[from] move: Knock Off|[of] p1a: Yveltal
|faint|p2a: Yveltal
|
|upkeep
|
|t:|1653411380
|switch|p2a: Xerneas|Xerneas|100/100
|-ability|p2a: Xerneas|Fairy Aura
|turn|11
|
|t:|1653411382
|switch|p1a: Necrozma|Necrozma-Dusk-Mane|100/100
|-activate|p1a: Necrozma|move: Sticky Web
|-unboost|p1a: Necrozma|spe|1
|move|p2a: Xerneas|Moonblast|p1a: Necrozma
|-resisted|p1a: Necrozma
|-damage|p1a: Necrozma|66/100
|
|upkeep
|turn|12
|
|t:|1653411393
|switch|p2a: Necrozma|Necrozma-Dusk-Mane|100/100
|move|p1a: Necrozma|Sunsteel Strike|p2a: Necrozma
|-resisted|p2a: Necrozma
|-damage|p2a: Necrozma|76/100
|
|upkeep
|turn|13
|inactive|ULT9NS TGA has 120 seconds left.
|
|t:|1653411424
|move|p2a: Necrozma|Dragon Dance|p2a: Necrozma
|-boost|p2a: Necrozma|atk|1
|-boost|p2a: Necrozma|spe|1
|move|p1a: Necrozma|Dragon Dance|p1a: Necrozma
|-boost|p1a: Necrozma|atk|1
|-boost|p1a: Necrozma|spe|1
|
|upkeep
|turn|14
|
|t:|1653411433
|move|p2a: Necrozma|Earthquake|p1a: Necrozma
|-supereffective|p1a: Necrozma
|-damage|p1a: Necrozma|0 fnt
|faint|p1a: Necrozma
|-damage|p2a: Necrozma|66/100|[from] item: Life Orb
|
|upkeep
|
|t:|1653411435
|switch|p1a: Yveltal|Yveltal|100/100
|-ability|p1a: Yveltal|Dark Aura
|turn|15
|
|t:|1653411446
|move|p1a: Yveltal|Sucker Punch|p2a: Necrozma
|-supereffective|p2a: Necrozma
|-damage|p2a: Necrozma|13/100
|move|p2a: Necrozma|Sunsteel Strike|p1a: Yveltal
|-damage|p1a: Yveltal|0 fnt
|faint|p1a: Yveltal
|-damage|p2a: Necrozma|3/100|[from] item: Life Orb
|
|upkeep
|c|☆ULT9NS TGA|Gg
|
|t:|1653411452
|switch|p1a: Eternatus|Eternatus|100/100
|-activate|p1a: Eternatus|move: Sticky Web
|-unboost|p1a: Eternatus|spe|1
|-ability|p1a: Eternatus|Pressure
|turn|16
|
|t:|1653411456
|move|p2a: Necrozma|Earthquake|p1a: Eternatus
|-supereffective|p1a: Eternatus
|-damage|p1a: Eternatus|0 fnt
|faint|p1a: Eternatus
|-damage|p2a: Necrozma|0 fnt|[from] item: Life Orb
|faint|p2a: Necrozma
|
|win|ULT9NS Orchid
|raw|ULT9NS TGA's rating: 1512 &rarr; <strong>1497</strong><br />(-15 for losing)
|raw|ULT9NS Orchid's rating: 1608 &rarr; <strong>1623</strong><br />(+15 for winning)
|l|☆ULT9NS Orchid
|l|☆ULT9NS TGA
||Ladder isn't responding, score probably updated but might not have (Request timeout).
|l| Agent PG
