|j|☆Amnesia Forever
|j|☆TheNorthernBlade1
|t:|1624918872
|gametype|singles
|player|p1|Amnesia Forever|unknown|1571
|player|p2|TheNorthernBlade1|101|1536
|teamsize|p1|6
|teamsize|p2|6
|gen|8
|tier|[Gen 8] Ubers
|rated|
|rule|Sleep Clause Mod: Limit one foe put to sleep
|rule|Species Clause: Limit one of each Pokémon
|rule|OHKO Clause: OHKO moves are banned
|rule|Evasion Moves Clause: Evasion moves are banned
|rule|Endless Battle Clause: Forcing endless battles is banned
|rule|HP Percentage Mod: HP is shown in percentages
|rule|Dynamax Clause: You cannot dynamax
|clearpoke
|poke|p1|Obstagoon, M|
|poke|p1|Regieleki|
|poke|p1|Eternatus|
|poke|p1|Calyrex-Shadow|
|poke|p1|Necrozma-Dusk-Mane|
|poke|p1|Tangrowth, M|
|poke|p2|Groudon|
|poke|p2|Eternatus|
|poke|p2|Necrozma-Dusk-Mane|
|poke|p2|Yveltal|
|poke|p2|Zygarde|
|poke|p2|Calyrex-Shadow|
|teampreview
|inactive|Battle timer is ON: inactive players will automatically lose when time's up. (requested by TheNorthernBlade1)
|
|t:|1624918901
|start
|switch|p1a: Calyrex|Calyrex-Shadow|100/100
|switch|p2a: Eternatus|Eternatus|100/100
|-ability|p1a: Calyrex|As One
|-ability|p1a: Calyrex|Unnerve
|-ability|p2a: Eternatus|Pressure
|turn|1
|
|t:|1624918916
|switch|p2a: Yveltal|Yveltal|100/100
|-ability|p2a: Yveltal|Dark Aura
|move|p1a: Calyrex|Astral Barrage|p2a: Yveltal
|-resisted|p2a: Yveltal
|-damage|p2a: Yveltal|61/100
|
|upkeep
|turn|2
|
|t:|1624918931
|switch|p1a: Eternatus|Eternatus|100/100
|-ability|p1a: Eternatus|Pressure
|move|p2a: Yveltal|Roost|p2a: Yveltal
|-heal|p2a: Yveltal|100/100
|-singleturn|p2a: Yveltal|move: Roost
|
|upkeep
|turn|3
|
|t:|1624918942
|switch|p2a: Necrozma|Necrozma-Dusk-Mane|100/100
|move|p1a: Eternatus|Toxic|p2a: Necrozma
|-immune|p2a: Necrozma
|
|upkeep
|turn|4
|
|t:|1624918953
|switch|p1a: Tangrowth|Tangrowth, M|100/100
|move|p2a: Necrozma|Thunder Wave|p1a: Tangrowth
|-status|p1a: Tangrowth|par
|
|upkeep
|turn|5
|
|t:|1624918960
|move|p2a: Necrozma|Stealth Rock|p1a: Tangrowth
|-sidestart|p1: Amnesia Forever|move: Stealth Rock
|move|p1a: Tangrowth|Knock Off|p2a: Necrozma
|-supereffective|p2a: Necrozma
|-damage|p2a: Necrozma|79/100
|-enditem|p2a: Necrozma|Leftovers|[from] move: Knock Off|[of] p1a: Tangrowth
|
|upkeep
|turn|6
|
|t:|1624918970
|switch|p2a: Zygarde|Zygarde|100/100
|move|p1a: Tangrowth|Knock Off|p2a: Zygarde
|-damage|p2a: Zygarde|89/100
|-enditem|p2a: Zygarde|Leftovers|[from] move: Knock Off|[of] p1a: Tangrowth
|
|upkeep
|turn|7
|
|t:|1624918985
|switch|p1a: Calyrex|Calyrex-Shadow|100/100
|-ability|p1a: Calyrex|As One
|-ability|p1a: Calyrex|Unnerve
|-damage|p1a: Calyrex|88/100|[from] Stealth Rock
|move|p2a: Zygarde|Coil|p2a: Zygarde
|-boost|p2a: Zygarde|atk|1
|-boost|p2a: Zygarde|def|1
|-boost|p2a: Zygarde|accuracy|1
|
|upkeep
|turn|8
|
|t:|1624918996
|switch|p2a: Yveltal|Yveltal|100/100
|-ability|p2a: Yveltal|Dark Aura
|move|p1a: Calyrex|Trick|p2a: Yveltal
|-activate|p1a: Calyrex|move: Trick|[of] p2a: Yveltal
|-item|p2a: Yveltal|Choice Specs|[from] move: Trick
|-item|p1a: Calyrex|Heavy-Duty Boots|[from] move: Trick
|
|upkeep
|turn|9
|
|t:|1624919006
|switch|p1a: Eternatus|Eternatus|100/100
|-ability|p1a: Eternatus|Pressure
|move|p2a: Yveltal|U-turn|p1a: Eternatus
|-resisted|p1a: Eternatus
|-damage|p1a: Eternatus|93/100
|
|t:|1624919010
|switch|p2a: Groudon|Groudon|100/100|[from]move: U-turn
|-weather|SunnyDay|[from] ability: Drought|[of] p2a: Groudon
|
|-weather|SunnyDay|[upkeep]
|upkeep
|turn|10
|
|t:|1624919019
|switch|p1a: Tangrowth|Tangrowth, M|100/100 par
|-damage|p1a: Tangrowth|88/100 par|[from] Stealth Rock
|move|p2a: Groudon|Swords Dance|p2a: Groudon
|-boost|p2a: Groudon|atk|2
|
|-weather|SunnyDay|[upkeep]
|upkeep
|turn|11
|
|t:|1624919028
|move|p2a: Groudon|Heat Crash|p1a: Tangrowth
|-supereffective|p1a: Tangrowth
|-damage|p1a: Tangrowth|0 fnt
|-damage|p2a: Groudon|84/100|[from] item: Rocky Helmet|[of] p1a: Tangrowth
|faint|p1a: Tangrowth
|
|-weather|SunnyDay|[upkeep]
|upkeep
|
|t:|1624919036
|switch|p1a: Calyrex|Calyrex-Shadow|88/100
|-ability|p1a: Calyrex|As One
|-ability|p1a: Calyrex|Unnerve
|turn|12
|
|t:|1624919053
|switch|p2a: Yveltal|Yveltal|100/100
|-ability|p2a: Yveltal|Dark Aura
|move|p1a: Calyrex|Astral Barrage|p2a: Yveltal
|-resisted|p2a: Yveltal
|-damage|p2a: Yveltal|73/100
|
|-weather|SunnyDay|[upkeep]
|upkeep
|turn|13
|
|t:|1624919065
|switch|p1a: Eternatus|Eternatus|93/100
|-ability|p1a: Eternatus|Pressure
|move|p2a: Yveltal|Knock Off|p1a: Eternatus
|-crit|p1a: Eternatus
|-damage|p1a: Eternatus|32/100
|-enditem|p1a: Eternatus|Heavy-Duty Boots|[from] move: Knock Off|[of] p2a: Yveltal
|
|-weather|none
|upkeep
|turn|14
|
|t:|1624919075
|switch|p2a: Groudon|Groudon|84/100
|-weather|SunnyDay|[from] ability: Drought|[of] p2a: Groudon
|move|p1a: Eternatus|Recover|p1a: Eternatus
|-heal|p1a: Eternatus|82/100
|
|-weather|SunnyDay|[upkeep]
|upkeep
|turn|15
|
|t:|1624919087
|move|p1a: Eternatus|Flamethrower|p2a: Groudon
|-damage|p2a: Groudon|42/100
|move|p2a: Groudon|Precipice Blades|p1a: Eternatus
|-supereffective|p1a: Eternatus
|-damage|p1a: Eternatus|0 fnt
|faint|p1a: Eternatus
|
|-weather|SunnyDay|[upkeep]
|upkeep
|
|t:|1624919097
|switch|p1a: Calyrex|Calyrex-Shadow|88/100
|-ability|p1a: Calyrex|As One
|-ability|p1a: Calyrex|Unnerve
|turn|16
|
|t:|1624919106
|switch|p2a: Yveltal|Yveltal|73/100
|-ability|p2a: Yveltal|Dark Aura
|move|p1a: Calyrex|Astral Barrage|p2a: Yveltal
|-resisted|p2a: Yveltal
|-damage|p2a: Yveltal|46/100
|
|-weather|SunnyDay|[upkeep]
|upkeep
|turn|17
|
|t:|1624919118
|switch|p1a: Regieleki|Regieleki|100/100
|-damage|p1a: Regieleki|88/100|[from] Stealth Rock
|move|p2a: Yveltal|Roost|p2a: Yveltal
|-heal|p2a: Yveltal|96/100
|-singleturn|p2a: Yveltal|move: Roost
|
|-weather|SunnyDay|[upkeep]
|upkeep
|turn|18
|
|t:|1624919131
|switch|p2a: Zygarde|Zygarde|89/100
|move|p1a: Regieleki|Rapid Spin|p2a: Zygarde
|-damage|p2a: Zygarde|84/100
|-boost|p1a: Regieleki|spe|1
|-sideend|p1: Amnesia Forever|Stealth Rock|[from] move: Rapid Spin|[of] p1a: Regieleki
|
|-weather|none
|upkeep
|turn|19
|
|t:|1624919146
|switch|p1a: Calyrex|Calyrex-Shadow|88/100
|-ability|p1a: Calyrex|As One
|-ability|p1a: Calyrex|Unnerve
|move|p2a: Zygarde|Thousand Arrows|p1a: Calyrex
|-damage|p1a: Calyrex|54/100
|
|upkeep
|turn|20
|
|t:|1624919160
|switch|p1a: Obstagoon|Obstagoon, M|100/100
|switch|p2a: Yveltal|Yveltal|96/100
|-ability|p2a: Yveltal|Dark Aura
|
|-status|p1a: Obstagoon|brn|[from] item: Flame Orb
|upkeep
|turn|21
|
|t:|1624919170
|move|p1a: Obstagoon|Facade|p2a: Yveltal
|-damage|p2a: Yveltal|29/100
|move|p2a: Yveltal|U-turn|p1a: Obstagoon
|-supereffective|p1a: Obstagoon
|-damage|p1a: Obstagoon|58/100 brn
|
|t:|1624919178
|switch|p2a: Zygarde|Zygarde|84/100|[from]move: U-turn
|
|-damage|p1a: Obstagoon|52/100 brn|[from] brn
|upkeep
|turn|22
|
|t:|1624919186
|move|p1a: Obstagoon|Parting Shot|p2a: Zygarde
|-unboost|p2a: Zygarde|atk|1
|-unboost|p2a: Zygarde|spa|1
|
|t:|1624919190
|switch|p1a: Calyrex|Calyrex-Shadow|54/100|[from]move: Parting Shot
|-ability|p1a: Calyrex|As One
|-ability|p1a: Calyrex|Unnerve
|move|p2a: Zygarde|Thousand Arrows|p1a: Calyrex
|-damage|p1a: Calyrex|27/100
|
|upkeep
|turn|23
|
|t:|1624919203
|move|p1a: Calyrex|Astral Barrage|p2a: Zygarde
|-damage|p2a: Zygarde|15/100
|move|p2a: Zygarde|Thousand Arrows|p1a: Calyrex
|-damage|p1a: Calyrex|3/100
|
|-activate|p2a: Zygarde|ability: Power Construct
|detailschange|p2a: Zygarde|Zygarde-Complete
|-heal|p2a: Zygarde|45/100|[silent]
|upkeep
|turn|24
|inactive|Amnesia Forever has 120 seconds left.
|
|t:|1624919256
|switch|p2a: Necrozma|Necrozma-Dusk-Mane|79/100
|move|p1a: Calyrex|Astral Barrage|p2a: Necrozma
|-supereffective|p2a: Necrozma
|-damage|p2a: Necrozma|8/100
|
|upkeep
|turn|25
|
|t:|1624919268
|move|p1a: Calyrex|Astral Barrage|p2a: Necrozma
|-supereffective|p2a: Necrozma
|-crit|p2a: Necrozma
|-damage|p2a: Necrozma|0 fnt
|faint|p2a: Necrozma
|-ability|p1a: Calyrex|Grim Neigh|boost
|-boost|p1a: Calyrex|spa|1
|
|upkeep
|
|t:|1624919270
|switch|p2a: Calyrex|Calyrex-Shadow|100/100
|-ability|p2a: Calyrex|As One
|-ability|p2a: Calyrex|Unnerve
|turn|26
|
|t:|1624919281
|switch|p1a: Obstagoon|Obstagoon, M|52/100 brn
|move|p2a: Calyrex|Astral Barrage|p1a: Obstagoon
|-immune|p1a: Obstagoon
|
|-damage|p1a: Obstagoon|46/100 brn|[from] brn
|upkeep
|turn|27
|
|t:|1624919295
|switch|p2a: Groudon|Groudon|42/100
|-weather|SunnyDay|[from] ability: Drought|[of] p2a: Groudon
|move|p1a: Obstagoon|Knock Off|p2a: Groudon
|-damage|p2a: Groudon|3/100
|-enditem|p2a: Groudon|Lum Berry|[from] move: Knock Off|[of] p1a: Obstagoon
|
|-weather|SunnyDay|[upkeep]
|-damage|p1a: Obstagoon|40/100 brn|[from] brn
|upkeep
|turn|28
|
|t:|1624919306
|move|p1a: Obstagoon|Knock Off|p2a: Groudon
|-damage|p2a: Groudon|0 fnt
|faint|p2a: Groudon
|
|-weather|SunnyDay|[upkeep]
|-damage|p1a: Obstagoon|34/100 brn|[from] brn
|upkeep
|
|t:|1624919309
|switch|p2a: Eternatus|Eternatus|100/100
|-ability|p2a: Eternatus|Pressure
|turn|29
|inactive|Amnesia Forever has 120 seconds left.
|
|t:|1624919316
|switch|p1a: Necrozma|Necrozma-Dusk-Mane|100/100
|move|p2a: Eternatus|Mystical Fire|p1a: Necrozma
|-supereffective|p1a: Necrozma
|-damage|p1a: Necrozma|71/100
|-unboost|p1a: Necrozma|spa|1
|
|-weather|SunnyDay|[upkeep]
|-heal|p1a: Necrozma|77/100|[from] item: Leftovers
|upkeep
|turn|30
|inactive|Amnesia Forever has 120 seconds left.
|
|t:|1624919327
|switch|p2a: Zygarde|Zygarde-Complete|45/100
|move|p1a: Necrozma|Stealth Rock|p2a: Zygarde
|-sidestart|p2: TheNorthernBlade1|move: Stealth Rock
|
|-weather|SunnyDay|[upkeep]
|-heal|p1a: Necrozma|83/100|[from] item: Leftovers
|upkeep
|turn|31
|inactive|Amnesia Forever has 120 seconds left.
|
|t:|1624919348
|move|p2a: Zygarde|Glare|p1a: Necrozma
|-status|p1a: Necrozma|par
|move|p1a: Necrozma|Sunsteel Strike|p2a: Zygarde
|-damage|p2a: Zygarde|28/100
|
|-weather|none
|-heal|p1a: Necrozma|89/100 par|[from] item: Leftovers
|upkeep
|turn|32
|
|t:|1624919358
|move|p2a: Zygarde|Coil|p2a: Zygarde
|-boost|p2a: Zygarde|atk|1
|-boost|p2a: Zygarde|def|1
|-boost|p2a: Zygarde|accuracy|1
|move|p1a: Necrozma|Sunsteel Strike|p2a: Zygarde
|-damage|p2a: Zygarde|15/100
|
|-heal|p1a: Necrozma|95/100 par|[from] item: Leftovers
|upkeep
|turn|33
|
|t:|1624919370
|move|p2a: Zygarde|Thousand Arrows|p1a: Necrozma
|-supereffective|p1a: Necrozma
|-damage|p1a: Necrozma|51/100 par
|move|p1a: Necrozma|Sunsteel Strike|p2a: Zygarde
|-crit|p2a: Zygarde
|-damage|p2a: Zygarde|0 fnt
|faint|p2a: Zygarde
|
|-heal|p1a: Necrozma|57/100 par|[from] item: Leftovers
|upkeep
|
|t:|1624919381
|switch|p2a: Calyrex|Calyrex-Shadow|100/100
|-ability|p2a: Calyrex|As One
|-ability|p2a: Calyrex|Unnerve
|-damage|p2a: Calyrex|88/100|[from] Stealth Rock
|turn|34
|inactive|Amnesia Forever has 120 seconds left.
|
|t:|1624919403
|move|p2a: Calyrex|Astral Barrage|p1a: Necrozma
|-supereffective|p1a: Necrozma
|-damage|p1a: Necrozma|0 fnt
|faint|p1a: Necrozma
|-ability|p2a: Calyrex|Grim Neigh|boost
|-boost|p2a: Calyrex|spa|1
|
|upkeep
|
|t:|1624919405
|switch|p1a: Obstagoon|Obstagoon, M|34/100 brn
|turn|35
|
|t:|1624919416
|switch|p2a: Yveltal|Yveltal|29/100
|-damage|p2a: Yveltal|4/100|[from] Stealth Rock
|-ability|p2a: Yveltal|Dark Aura
|move|p1a: Obstagoon|Knock Off|p2a: Yveltal
|-resisted|p2a: Yveltal
|-damage|p2a: Yveltal|0 fnt
|-enditem|p2a: Yveltal|Choice Specs|[from] move: Knock Off|[of] p1a: Obstagoon
|faint|p2a: Yveltal
|
|-damage|p1a: Obstagoon|28/100 brn|[from] brn
|upkeep
|
|t:|1624919419
|switch|p2a: Eternatus|Eternatus|100/100
|-damage|p2a: Eternatus|88/100|[from] Stealth Rock
|-ability|p2a: Eternatus|Pressure
|turn|36
|inactive|Amnesia Forever has 120 seconds left.
|
|t:|1624919436
|switch|p1a: Regieleki|Regieleki|88/100
|move|p2a: Eternatus|Dynamax Cannon|p1a: Regieleki
|-damage|p1a: Regieleki|1/100
|
|-heal|p2a: Eternatus|94/100|[from] item: Black Sludge
|upkeep
|turn|37
|
|t:|1624919451
|move|p1a: Regieleki|Thunder Wave|p2a: Eternatus
|-status|p2a: Eternatus|par
|move|p2a: Eternatus|Recover|p2a: Eternatus
|-heal|p2a: Eternatus|100/100 par
|
|upkeep
|turn|38
|
|t:|1624919459
|move|p1a: Regieleki|Thunderbolt|p2a: Eternatus
|-resisted|p2a: Eternatus
|-damage|p2a: Eternatus|77/100 par
|cant|p2a: Eternatus|par
|
|-heal|p2a: Eternatus|83/100 par|[from] item: Black Sludge
|upkeep
|turn|39
|inactive|Amnesia Forever has 120 seconds left.
|
|t:|1624919469
|move|p1a: Regieleki|Thunderbolt|p2a: Eternatus
|-resisted|p2a: Eternatus
|-damage|p2a: Eternatus|60/100 par
|move|p2a: Eternatus|Recover|p2a: Eternatus
|-heal|p2a: Eternatus|100/100 par
|
|upkeep
|turn|40
|inactive|Amnesia Forever has 120 seconds left.
|
|t:|1624919505
|move|p1a: Regieleki|Thunderbolt|p2a: Eternatus
|-resisted|p2a: Eternatus
|-damage|p2a: Eternatus|77/100 par
|cant|p2a: Eternatus|par
|
|-heal|p2a: Eternatus|83/100 par|[from] item: Black Sludge
|upkeep
|turn|41
|
|t:|1624919513
|move|p1a: Regieleki|Thunderbolt|p2a: Eternatus
|-resisted|p2a: Eternatus
|-damage|p2a: Eternatus|59/100 par
|cant|p2a: Eternatus|par
|
|-heal|p2a: Eternatus|65/100 par|[from] item: Black Sludge
|upkeep
|turn|42
|
|t:|1624919521
|move|p1a: Regieleki|Thunderbolt|p2a: Eternatus
|-resisted|p2a: Eternatus
|-damage|p2a: Eternatus|44/100 par
|move|p2a: Eternatus|Recover|p2a: Eternatus
|-heal|p2a: Eternatus|94/100 par
|
|-heal|p2a: Eternatus|99/100 par|[from] item: Black Sludge
|upkeep
|turn|43
|
|t:|1624919528
|move|p1a: Regieleki|Thunderbolt|p2a: Eternatus
|-resisted|p2a: Eternatus
|-damage|p2a: Eternatus|76/100 par
|cant|p2a: Eternatus|par
|
|-heal|p2a: Eternatus|82/100 par|[from] item: Black Sludge
|upkeep
|turn|44
|
|t:|1624919535
|move|p1a: Regieleki|Thunderbolt|p2a: Eternatus
|-resisted|p2a: Eternatus
|-damage|p2a: Eternatus|61/100 par
|move|p2a: Eternatus|Recover|p2a: Eternatus
|-heal|p2a: Eternatus|100/100 par
|
|upkeep
|turn|45
|inactive|Amnesia Forever has 120 seconds left.
|
|t:|1624919551
|move|p1a: Regieleki|Thunderbolt|p2a: Eternatus
|-resisted|p2a: Eternatus
|-crit|p2a: Eternatus
|-damage|p2a: Eternatus|65/100 par
|move|p2a: Eternatus|Recover|p2a: Eternatus
|-heal|p2a: Eternatus|100/100 par
|
|upkeep
|turn|46
|
|t:|1624919558
|move|p1a: Regieleki|Thunderbolt|p2a: Eternatus
|-resisted|p2a: Eternatus
|-damage|p2a: Eternatus|77/100 par
|move|p2a: Eternatus|Recover|p2a: Eternatus
|-heal|p2a: Eternatus|100/100 par
|
|upkeep
|turn|47
|
|t:|1624919568
|move|p1a: Regieleki|Thunderbolt|p2a: Eternatus
|-resisted|p2a: Eternatus
|-damage|p2a: Eternatus|78/100 par
|move|p2a: Eternatus|Recover|p2a: Eternatus
|-heal|p2a: Eternatus|100/100 par
|
|upkeep
|turn|48
|
|t:|1624919574
|switch|p1a: Calyrex|Calyrex-Shadow|3/100
|-ability|p1a: Calyrex|As One
|-ability|p1a: Calyrex|Unnerve
|move|p2a: Eternatus|Recover||[still]
|-fail|p2a: Eternatus|heal
|
|upkeep
|turn|49
|
|t:|1624919588
|move|p1a: Calyrex|Astral Barrage|p2a: Eternatus
|-damage|p2a: Eternatus|54/100 par
|move|p2a: Eternatus|Mystical Fire|p1a: Calyrex
|-damage|p1a: Calyrex|0 fnt
|faint|p1a: Calyrex
|
|-heal|p2a: Eternatus|60/100 par|[from] item: Black Sludge
|upkeep
|
|t:|1624919599
|switch|p1a: Obstagoon|Obstagoon, M|28/100 brn
|turn|50
|
|t:|1624919603
|move|p1a: Obstagoon|Facade|p2a: Eternatus
|-damage|p2a: Eternatus|0 fnt
|faint|p2a: Eternatus
|
|-damage|p1a: Obstagoon|22/100 brn|[from] brn
|upkeep
|
|t:|1624919606
|switch|p2a: Calyrex|Calyrex-Shadow|88/100
|-ability|p2a: Calyrex|As One
|-ability|p2a: Calyrex|Unnerve
|-damage|p2a: Calyrex|76/100|[from] Stealth Rock
|turn|51
|
|t:|1624919616
|move|p2a: Calyrex|Astral Barrage|p1a: Obstagoon
|-immune|p1a: Obstagoon
|move|p1a: Obstagoon|Knock Off|p2a: Calyrex
|-supereffective|p2a: Calyrex
|-damage|p2a: Calyrex|0 fnt
|-enditem|p2a: Calyrex|Choice Scarf|[from] move: Knock Off|[of] p1a: Obstagoon
|faint|p2a: Calyrex
|
|win|Amnesia Forever
|raw|Amnesia Forever's rating: 1571 &rarr; <strong>1590</strong><br />(+19 for winning)
|raw|TheNorthernBlade1's rating: 1550 &rarr; <strong>1531</strong><br />(-19 for losing)
