|j|☆Pecurto23
|j|☆ULTN7U durag
|player|p1|Pecurto23|barry|1383
|player|p2|ULTN7U durag|youngster-gen7|1495
|teamsize|p1|6
|teamsize|p2|6
|gametype|singles
|gen|8
|tier|[Gen 8] Ubers
|rated|
|clearpoke
|poke|p1|Pelipper, F|
|poke|p1|Drednaw, M|
|poke|p1|Dracovish|
|poke|p1|Necrozma-Dusk-Mane|
|poke|p1|Eternatus|
|poke|p1|Ditto|
|poke|p2|Zacian-Crowned|
|poke|p2|Excadrill, M|
|poke|p2|Tyranitar, M|
|poke|p2|Lunala|
|poke|p2|Rotom-Wash|
|poke|p2|Necrozma-Dusk-Mane|
|rule|Sleep Clause Mod: Limit one foe put to sleep
|rule|Species Clause: Limit one of each Pokémon
|rule|OHKO Clause: OHKO moves are banned
|rule|Evasion Moves Clause: Evasion moves are banned
|rule|Endless Battle Clause: Forcing endless battles is banned
|rule|HP Percentage Mod: HP is shown in percentages
|html|Ubers Dynamax Clause: Pokémon on the <a href="https://www.smogon.com/dex/ss/formats/uber/">Ubers Dynamax Banlist</a> cannot Dynamax.
|teampreview
|
|start
|switch|p1a: Pelipper|Pelipper, F|100/100
|switch|p2a: Rotom|Rotom-Wash|100/100
|-weather|RainDance|[from] ability: Drizzle|[of] p1a: Pelipper
|turn|1
|inactive|Battle timer is ON: inactive players will automatically lose when time's up. (requested by ULTN7U durag)
|
|switch|p1a: Drednaw|Drednaw, M|100/100
|move|p2a: Rotom|Volt Switch|p1a: Drednaw
|-supereffective|p1a: Drednaw
|-damage|p1a: Drednaw|3/100
|
|switch|p2a: Lunala|Lunala|100/100|[from]move: Volt Switch
|
|-weather|RainDance|[upkeep]
|upkeep
|turn|2
|
|-start|p1a: Drednaw|Dynamax
|-formechange|p1a: Drednaw|Drednaw-Gmax
|-heal|p1a: Drednaw|3/100|[silent]
|move|p1a: Drednaw|G-Max Stonesurge|p2a: Lunala
|-damage|p2a: Lunala|36/100
|-sidestart|p2: ULTN7U durag|move: Stealth Rock
|-damage|p1a: Drednaw|0 fnt|[from] item: Life Orb
|faint|p1a: Drednaw
|move|p2a: Lunala|Moongeist Beam|p1: Drednaw|[notarget]
|-fail|p2a: Lunala
|
|-weather|RainDance|[upkeep]
|upkeep
|
|switch|p1a: Dracovish|Dracovish|100/100
|turn|3
|
|move|p1a: Dracovish|Fishious Rend|p2a: Lunala
|-damage|p2a: Lunala|0 fnt
|faint|p2a: Lunala
|
|-weather|RainDance|[upkeep]
|upkeep
|
|switch|p2a: Zacian|Zacian-Crowned|100/100
|-damage|p2a: Zacian|94/100|[from] Stealth Rock
|-ability|p2a: Zacian|Intrepid Sword|boost
|-boost|p2a: Zacian|atk|1
|turn|4
|
|move|p2a: Zacian|Wild Charge|p1a: Dracovish
|-damage|p1a: Dracovish|44/100
|-damage|p2a: Zacian|80/100|[from] Recoil
|move|p1a: Dracovish|Fishious Rend|p2a: Zacian
|-damage|p2a: Zacian|10/100
|
|-weather|RainDance|[upkeep]
|upkeep
|turn|5
|
|move|p2a: Zacian|Close Combat|p1a: Dracovish
|-damage|p1a: Dracovish|0 fnt
|-unboost|p2a: Zacian|def|1
|-unboost|p2a: Zacian|spd|1
|faint|p1a: Dracovish
|
|-weather|RainDance|[upkeep]
|upkeep
|
|switch|p1a: Ditto|Ditto|100/100
|-transform|p1a: Ditto|p2a: Zacian|[from] ability: Imposter
|-ability|p1a: Ditto|Intrepid Sword|boost
|-boost|p1a: Ditto|atk|1
|turn|6
|
|move|p1a: Ditto|Behemoth Blade|p2a: Zacian
|-damage|p2a: Zacian|0 fnt
|faint|p2a: Zacian
|
|-weather|RainDance|[upkeep]
|upkeep
|
|switch|p2a: Necrozma|Necrozma-Dusk-Mane|100/100
|-damage|p2a: Necrozma|94/100|[from] Stealth Rock
|turn|7
|
|switch|p1a: Pelipper|Pelipper, F|100/100
|move|p2a: Necrozma|Thunder Wave|p1a: Pelipper
|-status|p1a: Pelipper|par
|
|-weather|RainDance|[upkeep]
|-heal|p2a: Necrozma|100/100|[from] item: Leftovers
|upkeep
|turn|8
|inactive|ULTN7U durag has 120 seconds left.
|
|switch|p2a: Rotom|Rotom-Wash|100/100
|-damage|p2a: Rotom|88/100|[from] Stealth Rock
|move|p1a: Pelipper|Tailwind|p1a: Pelipper
|-sidestart|p1: Pecurto23|move: Tailwind
|
|-weather|none
|upkeep
|turn|9
|inactive|ULTN7U durag has 120 seconds left.
|
|switch|p1a: Eternatus|Eternatus|100/100
|-ability|p1a: Eternatus|Pressure
|move|p2a: Rotom|Volt Switch|p1a: Eternatus
|-resisted|p1a: Eternatus
|-damage|p1a: Eternatus|90/100
|inactive|ULTN7U durag has 120 seconds left.
|
|switch|p2a: Tyranitar|Tyranitar, M|100/100|[from]move: Volt Switch
|-damage|p2a: Tyranitar|88/100|[from] Stealth Rock
|-weather|Sandstorm|[from] ability: Sand Stream|[of] p2a: Tyranitar
|
|-weather|Sandstorm|[upkeep]
|-damage|p1a: Eternatus|84/100|[from] Sandstorm
|upkeep
|turn|10
|inactive|ULTN7U durag has 120 seconds left.
|
|move|p1a: Eternatus|Toxic|p2a: Tyranitar
|-status|p2a: Tyranitar|tox
|move|p2a: Tyranitar|Stealth Rock|p1a: Eternatus
|-sidestart|p1: Pecurto23|move: Stealth Rock
|
|-weather|Sandstorm|[upkeep]
|-damage|p1a: Eternatus|78/100|[from] Sandstorm
|-damage|p2a: Tyranitar|82/100 tox|[from] psn
|upkeep
|turn|11
|
|switch|p1a: Necrozma|Necrozma-Dusk-Mane|100/100
|-damage|p1a: Necrozma|94/100|[from] Stealth Rock
|move|p2a: Tyranitar|Thunder Wave|p1a: Necrozma
|-status|p1a: Necrozma|par
|
|-weather|Sandstorm|[upkeep]
|-heal|p1a: Necrozma|100/100 par|[from] item: Leftovers
|-damage|p2a: Tyranitar|69/100 tox|[from] psn
|-sideend|p1: Pecurto23|move: Tailwind
|upkeep
|turn|12
|
|switch|p2a: Rotom|Rotom-Wash|88/100
|-damage|p2a: Rotom|76/100|[from] Stealth Rock
|move|p1a: Necrozma|Earthquake|p2a: Rotom
|-immune|p2a: Rotom|[from] ability: Levitate
|
|-weather|Sandstorm|[upkeep]
|-damage|p2a: Rotom|69/100|[from] Sandstorm
|upkeep
|turn|13
|
|move|p2a: Rotom|Trick|p1a: Necrozma
|-activate|p2a: Rotom|move: Trick|[of] p1a: Necrozma
|-item|p1a: Necrozma|Choice Scarf|[from] move: Trick
|-item|p2a: Rotom|Leftovers|[from] move: Trick
|cant|p1a: Necrozma|par
|
|-weather|none
|-heal|p2a: Rotom|76/100|[from] item: Leftovers
|upkeep
|turn|14
|
|switch|p1a: Ditto|Ditto|100/100
|-damage|p1a: Ditto|88/100|[from] Stealth Rock
|-transform|p1a: Ditto|p2a: Rotom|[from] ability: Imposter
|move|p2a: Rotom|Volt Switch|p1a: Ditto
|-damage|p1a: Ditto|54/100
|
|switch|p2a: Necrozma|Necrozma-Dusk-Mane|100/100|[from]move: Volt Switch
|-damage|p2a: Necrozma|94/100|[from] Stealth Rock
|
|-heal|p2a: Necrozma|100/100|[from] item: Leftovers
|upkeep
|turn|15
|
|move|p1a: Ditto|Volt Switch|p2a: Necrozma
|-damage|p2a: Necrozma|76/100
|
|switch|p1a: Eternatus|Eternatus|78/100|[from]move: Volt Switch
|-damage|p1a: Eternatus|65/100|[from] Stealth Rock
|-ability|p1a: Eternatus|Pressure
|move|p2a: Necrozma|Morning Sun|p2a: Necrozma
|-heal|p2a: Necrozma|100/100
|
|upkeep
|turn|16
|
|move|p1a: Eternatus|Flamethrower|p2a: Necrozma
|-supereffective|p2a: Necrozma
|-damage|p2a: Necrozma|55/100
|-damage|p1a: Eternatus|55/100|[from] item: Life Orb
|move|p2a: Necrozma|Thunder Wave|p1a: Eternatus
|-status|p1a: Eternatus|par
|
|-heal|p2a: Necrozma|61/100|[from] item: Leftovers
|upkeep
|turn|17
|
|switch|p2a: Tyranitar|Tyranitar, M|69/100 tox
|-damage|p2a: Tyranitar|57/100 tox|[from] Stealth Rock
|-weather|Sandstorm|[from] ability: Sand Stream|[of] p2a: Tyranitar
|cant|p1a: Eternatus|par
|
|-weather|Sandstorm|[upkeep]
|-damage|p1a: Eternatus|49/100 par|[from] Sandstorm
|-damage|p2a: Tyranitar|51/100 tox|[from] psn
|upkeep
|turn|18
|
|move|p1a: Eternatus|Recover|p1a: Eternatus
|-heal|p1a: Eternatus|99/100 par
|move|p2a: Tyranitar|Snarl|p1a: Eternatus
|-damage|p1a: Eternatus|86/100 par
|-unboost|p1a: Eternatus|spa|1
|
|-weather|Sandstorm|[upkeep]
|-damage|p1a: Eternatus|80/100 par|[from] Sandstorm
|-damage|p2a: Tyranitar|38/100 tox|[from] psn
|upkeep
|turn|19
|
|switch|p1a: Necrozma|Necrozma-Dusk-Mane|100/100 par
|-damage|p1a: Necrozma|94/100 par|[from] Stealth Rock
|move|p2a: Tyranitar|Rest|p2a: Tyranitar
|-status|p2a: Tyranitar|slp|[from] move: Rest
|-heal|p2a: Tyranitar|100/100 slp|[silent]
|
|-weather|Sandstorm|[upkeep]
|upkeep
|turn|20
|
|switch|p2a: Rotom|Rotom-Wash|76/100
|-damage|p2a: Rotom|63/100|[from] Stealth Rock
|cant|p1a: Necrozma|par
|
|-weather|Sandstorm|[upkeep]
|-damage|p2a: Rotom|57/100|[from] Sandstorm
|-heal|p2a: Rotom|63/100|[from] item: Leftovers
|upkeep
|turn|21
|
|switch|p1a: Eternatus|Eternatus|80/100 par
|-damage|p1a: Eternatus|68/100 par|[from] Stealth Rock
|-ability|p1a: Eternatus|Pressure
|move|p2a: Rotom|Hydro Pump|p1a: Eternatus
|-resisted|p1a: Eternatus
|-damage|p1a: Eternatus|50/100 par
|
|-weather|none
|-heal|p2a: Rotom|69/100|[from] item: Leftovers
|upkeep
|turn|22
|
|move|p2a: Rotom|Volt Switch|p1a: Eternatus
|-resisted|p1a: Eternatus
|-damage|p1a: Eternatus|38/100 par
|
|switch|p2a: Tyranitar|Tyranitar, M|100/100 slp|[from]move: Volt Switch
|-damage|p2a: Tyranitar|88/100 slp|[from] Stealth Rock
|-weather|Sandstorm|[from] ability: Sand Stream|[of] p2a: Tyranitar
|move|p1a: Eternatus|Recover|p1a: Eternatus
|-heal|p1a: Eternatus|88/100 par
|
|-weather|Sandstorm|[upkeep]
|-damage|p1a: Eternatus|81/100 par|[from] Sandstorm
|upkeep
|turn|23
|
|switch|p1a: Pelipper|Pelipper, F|100/100 par
|-damage|p1a: Pelipper|76/100 par|[from] Stealth Rock
|-weather|RainDance|[from] ability: Drizzle|[of] p1a: Pelipper
|switch|p2a: Excadrill|Excadrill, M|100/100
|-damage|p2a: Excadrill|97/100|[from] Stealth Rock
|
|-weather|RainDance|[upkeep]
|upkeep
|turn|24
|
|-start|p2a: Excadrill|Dynamax
|-heal|p2a: Excadrill|97/100|[silent]
|move|p2a: Excadrill|Max Rockfall|p1a: Pelipper
|-supereffective|p1a: Pelipper
|-damage|p1a: Pelipper|0 fnt
|-weather|Sandstorm
|-damage|p2a: Excadrill|92/100|[from] item: Life Orb
|faint|p1a: Pelipper
|
|-weather|Sandstorm|[upkeep]
|upkeep
|
|switch|p1a: Eternatus|Eternatus|81/100 par
|-damage|p1a: Eternatus|69/100 par|[from] Stealth Rock
|-ability|p1a: Eternatus|Pressure
|turn|25
|
|move|p2a: Excadrill|Max Quake|p1a: Eternatus
|-supereffective|p1a: Eternatus
|-damage|p1a: Eternatus|0 fnt
|-boost|p2a: Excadrill|spd|1
|-damage|p2a: Excadrill|87/100|[from] item: Life Orb
|faint|p1a: Eternatus
|
|-weather|Sandstorm|[upkeep]
|upkeep
|
|switch|p1a: Ditto|Ditto|54/100
|-damage|p1a: Ditto|42/100|[from] Stealth Rock
|-transform|p1a: Ditto|p2a: Excadrill|[from] ability: Imposter
|turn|26
|
|move|p1a: Ditto|Earthquake|p2a: Excadrill
|-supereffective|p2a: Excadrill
|-damage|p2a: Excadrill|11/100
|move|p2a: Excadrill|Max Quake|p1a: Ditto
|-supereffective|p1a: Ditto
|-damage|p1a: Ditto|0 fnt
|-boost|p2a: Excadrill|spd|1
|-damage|p2a: Excadrill|6/100|[from] item: Life Orb
|faint|p1a: Ditto
|
|-weather|Sandstorm|[upkeep]
|-end|p2a: Excadrill|Dynamax
|-heal|p2a: Excadrill|6/100|[silent]
|upkeep
|inactive|Pecurto23 has 120 seconds left.
|inactive|Pecurto23 has 90 seconds left.
|c|☆ULTN7U durag|u rly doing this?
|inactive|Pecurto23 has 60 seconds left.
|inactive|Pecurto23 has 30 seconds left.
|inactive|Pecurto23 has 20 seconds left.
|inactive|Pecurto23 has 15 seconds left.
|inactive|Pecurto23 has 10 seconds left.
|inactive|Pecurto23 has 5 seconds left.
|-message|Pecurto23 lost due to inactivity.
|
|win|ULTN7U durag
|l|☆ULTN7U durag
|raw|Pecurto23's rating: 1383 &rarr; <strong>1369</strong><br />(-14 for losing)
|raw|ULTN7U durag's rating: 1495 &rarr; <strong>1508</strong><br />(+13 for winning)
|j|☆ULTN7U durag
|player|p2|ULTN7U durag|youngster-gen7
