|j|☆ReshiramEnthusiast
|j|☆Dante Grimm
|t:|1664531811
|gametype|singles
|player|p1|ReshiramEnthusiast|red-gen7|1654
|player|p2|Dante Grimm|1|1600
|teamsize|p1|6
|teamsize|p2|6
|gen|8
|tier|[Gen 8] Ubers
|rated|
|rule|Sleep Clause Mod: Limit one foe put to sleep
|rule|Species Clause: Limit one of each Pokémon
|rule|OHKO Clause: OHKO moves are banned
|rule|Evasion Items Clause: Evasion items are banned
|rule|Evasion Moves Clause: Evasion moves are banned
|rule|Endless Battle Clause: Forcing endless battles is banned
|rule|HP Percentage Mod: HP is shown in percentages
|rule|Dynamax Clause: You cannot dynamax
|clearpoke
|poke|p1|Yveltal|
|poke|p1|Kyurem-White|
|poke|p1|Xerneas-*|
|poke|p1|Necrozma-Dusk-Mane|
|poke|p1|Zygarde|
|poke|p1|Palkia|
|poke|p2|Necrozma-Dusk-Mane|
|poke|p2|Kyogre|
|poke|p2|Yveltal|
|poke|p2|Calyrex-Shadow|
|poke|p2|Zygarde|
|poke|p2|Xerneas-*|
|teampreview
|inactive|Battle timer is ON: inactive players will automatically lose when time's up. (requested by ReshiramEnthusiast)
|
|t:|1664531835
|start
|switch|p1a: Yveltal|Yveltal, shiny|100/100
|switch|p2a: Calyrex|Calyrex-Shadow|100/100
|-ability|p2a: Calyrex|As One
|-ability|p2a: Calyrex|Unnerve
|-ability|p1a: Yveltal|Dark Aura
|turn|1
|
|t:|1664531839
|switch|p2a: Xerneas|Xerneas|100/100
|-ability|p2a: Xerneas|Fairy Aura
|move|p1a: Yveltal|Oblivion Wing|p2a: Xerneas
|-damage|p2a: Xerneas|49/100
|-damage|p1a: Yveltal|91/100|[from] item: Life Orb
|
|upkeep
|turn|2
|
|t:|1664531844
|switch|p1a: Necrozma|Necrozma-Dusk-Mane|100/100
|move|p2a: Xerneas|Thunder|p1a: Necrozma
|-damage|p1a: Necrozma|65/100
|-status|p1a: Necrozma|par
|
|-heal|p1a: Necrozma|72/100 par|[from] item: Leftovers
|upkeep
|turn|3
|
|t:|1664531848
|switch|p2a: Zygarde|Zygarde|100/100
|switch|p1a: Kyurem|Kyurem-White, shiny|100/100
|-ability|p1a: Kyurem|Turboblaze
|
|upkeep
|turn|4
|
|t:|1664531855
|switch|p2a: Necrozma|Necrozma-Dusk-Mane|100/100
|move|p1a: Kyurem|Earth Power|p2a: Necrozma
|-supereffective|p2a: Necrozma
|-damage|p2a: Necrozma|38/100
|
|-heal|p2a: Necrozma|44/100|[from] item: Leftovers
|upkeep
|turn|5
|
|t:|1664531861
|switch|p2a: Yveltal|Yveltal|100/100
|-ability|p2a: Yveltal|Dark Aura
|move|p1a: Kyurem|Earth Power|p2a: Yveltal
|-immune|p2a: Yveltal
|
|upkeep
|turn|6
|
|t:|1664531866
|switch|p1a: Yveltal|Yveltal, shiny|91/100
|-ability|p1a: Yveltal|Dark Aura
|move|p2a: Yveltal|Knock Off|p1a: Yveltal
|-resisted|p1a: Yveltal
|-damage|p1a: Yveltal|67/100
|-enditem|p1a: Yveltal|Life Orb|[from] move: Knock Off|[of] p2a: Yveltal
|
|upkeep
|turn|7
|
|t:|1664531869
|move|p1a: Yveltal|Oblivion Wing|p2a: Yveltal
|-damage|p2a: Yveltal|75/100
|-heal|p1a: Yveltal|89/100|[from] drain|[of] p2a: Yveltal
|move|p2a: Yveltal|U-turn|p1a: Yveltal
|-crit|p1a: Yveltal
|-damage|p1a: Yveltal|63/100
|
|t:|1664531875
|switch|p2a: Kyogre|Kyogre|100/100|[from]move: U-turn
|-weather|RainDance|[from] ability: Drizzle|[of] p2a: Kyogre
|
|-weather|RainDance|[upkeep]
|upkeep
|turn|8
|
|t:|1664531879
|switch|p1a: Palkia|Palkia|100/100
|-ability|p1a: Palkia|Pressure
|move|p2a: Kyogre|Thunder|p1a: Palkia
|-damage|p1a: Palkia|33/100
|
|-weather|RainDance|[upkeep]
|upkeep
|turn|9
|
|t:|1664531882
|move|p1a: Palkia|Thunder|p2a: Kyogre
|-supereffective|p2a: Kyogre
|-damage|p2a: Kyogre|37/100
|move|p2a: Kyogre|Thunder|p1a: Palkia
|-damage|p1a: Palkia|0 fnt
|faint|p1a: Palkia
|
|-weather|RainDance|[upkeep]
|upkeep
|
|t:|1664531885
|switch|p1a: Xerneas|Xerneas, shiny|100/100
|-ability|p1a: Xerneas|Fairy Aura
|turn|10
|
|t:|1664531891
|switch|p2a: Necrozma|Necrozma-Dusk-Mane|44/100
|move|p1a: Xerneas|Geomancy||[still]
|-prepare|p1a: Xerneas|Geomancy
|-enditem|p1a: Xerneas|Power Herb
|-anim|p1a: Xerneas|Geomancy|p1a: Xerneas
|-boost|p1a: Xerneas|spa|2
|-boost|p1a: Xerneas|spd|2
|-boost|p1a: Xerneas|spe|2
|
|-weather|RainDance|[upkeep]
|-heal|p2a: Necrozma|50/100|[from] item: Leftovers
|upkeep
|turn|11
|
|t:|1664531896
|move|p1a: Xerneas|Thunder|p2a: Necrozma
|-damage|p2a: Necrozma|0 fnt
|faint|p2a: Necrozma
|
|-weather|none
|upkeep
|c|☆ReshiramEnthusiast|gg
|
|t:|1664531908
|switch|p2a: Calyrex|Calyrex-Shadow|100/100
|-ability|p2a: Calyrex|As One
|-ability|p2a: Calyrex|Unnerve
|turn|12
|
|t:|1664531910
|move|p1a: Xerneas|Moonblast|p2a: Calyrex
|-damage|p2a: Calyrex|0 fnt
|faint|p2a: Calyrex
|
|upkeep
|
|t:|1664531912
|switch|p2a: Yveltal|Yveltal|75/100
|-ability|p2a: Yveltal|Dark Aura
|turn|13
|
|t:|1664531914
|move|p2a: Yveltal|Sucker Punch|p1a: Xerneas
|-resisted|p1a: Xerneas
|-damage|p1a: Xerneas|84/100
|move|p1a: Xerneas|Moonblast|p2a: Yveltal
|-supereffective|p2a: Yveltal
|-crit|p2a: Yveltal
|-damage|p2a: Yveltal|0 fnt
|faint|p2a: Yveltal
|
|upkeep
|-message|Dante Grimm forfeited.
|
|win|ReshiramEnthusiast
|raw|ReshiramEnthusiast's rating: 1654 &rarr; <strong>1671</strong><br />(+17 for winning)
|raw|Dante Grimm's rating: 1600 &rarr; <strong>1583</strong><br />(-17 for losing)
|l|☆Dante Grimm
