|j|☆gary time
|j|☆killer whale squa
|player|p1|gary time|266|1585
|player|p2|killer whale squa|216|1488
|teamsize|p1|6
|teamsize|p2|6
|gametype|singles
|gen|8
|tier|[Gen 8] Ubers
|rated|
|clearpoke
|poke|p1|Zacian-Crowned|
|poke|p1|Excadrill, M|
|poke|p1|Gothitelle, F|
|poke|p1|Pyukumuku, M|
|poke|p1|Zekrom|
|poke|p1|Grimmsnarl, M|
|poke|p2|Zacian-Crowned|
|poke|p2|Rotom-Heat|
|poke|p2|Marshadow|
|poke|p2|Clefable, M|
|poke|p2|Darmanitan-Galar, F|
|poke|p2|Zekrom|
|rule|Sleep Clause Mod: Limit one foe put to sleep
|rule|Species Clause: Limit one of each Pokémon
|rule|OHKO Clause: OHKO moves are banned
|rule|Evasion Moves Clause: Evasion moves are banned
|rule|Endless Battle Clause: Forcing endless battles is banned
|rule|HP Percentage Mod: HP is shown in percentages
|teampreview
|inactive|Battle timer is ON: inactive players will automatically lose when time's up. (requested by gary time)
|
|start
|switch|p1a: Excadrill|Excadrill, M|100/100
|switch|p2a: Darmanitan|Darmanitan-Galar, F|100/100
|-ability|p1a: Excadrill|Mold Breaker
|turn|1
|
|switch|p1a: Pyukumuku|Pyukumuku, M|100/100
|move|p2a: Darmanitan|U-turn|p1a: Pyukumuku
|-crit|p1a: Pyukumuku
|-damage|p1a: Pyukumuku|63/100
|
|switch|p2a: Zekrom|Zekrom|100/100|[from]move: U-turn
|-ability|p2a: Zekrom|Teravolt
|
|-heal|p1a: Pyukumuku|69/100|[from] item: Leftovers
|upkeep
|turn|2
|
|move|p2a: Zekrom|Dragon Dance|p2a: Zekrom
|-boost|p2a: Zekrom|atk|1
|-boost|p2a: Zekrom|spe|1
|move|p1a: Pyukumuku|Counter||[still]
|-fail|p1a: Pyukumuku
|
|-heal|p1a: Pyukumuku|75/100|[from] item: Leftovers
|upkeep
|turn|3
|
|move|p2a: Zekrom|Bolt Strike|p1a: Pyukumuku
|-supereffective|p1a: Pyukumuku
|-damage|p1a: Pyukumuku|0 fnt
|-damage|p2a: Zekrom|91/100|[from] item: Life Orb
|faint|p1a: Pyukumuku
|
|upkeep
|
|switch|p1a: Zekrom|Zekrom|100/100
|-ability|p1a: Zekrom|Teravolt
|turn|4
|
|switch|p1a: Grimmsnarl|Grimmsnarl, M|100/100
|-start|p2a: Zekrom|Dynamax
|-heal|p2a: Zekrom|91/100|[silent]
|move|p2a: Zekrom|Max Wyrmwind|p1a: Grimmsnarl
|-immune|p1a: Grimmsnarl
|
|upkeep
|turn|5
|
|switch|p1a: Excadrill|Excadrill, M|100/100
|-ability|p1a: Excadrill|Mold Breaker
|move|p2a: Zekrom|Max Lightning|p1a: Excadrill
|-immune|p1a: Excadrill
|
|upkeep
|turn|6
|
|switch|p1a: Grimmsnarl|Grimmsnarl, M|100/100
|move|p2a: Zekrom|Max Wyrmwind|p1a: Grimmsnarl
|-immune|p1a: Grimmsnarl
|
|-end|p2a: Zekrom|Dynamax
|-heal|p2a: Zekrom|91/100|[silent]
|upkeep
|turn|7
|c|☆gary time|l0l
|inactive|killer whale squa has 120 seconds left.
|
|move|p1a: Grimmsnarl|Reflect|p1a: Grimmsnarl
|-sidestart|p1: gary time|Reflect
|move|p2a: Zekrom|Bolt Strike|p1a: Grimmsnarl|[miss]
|-miss|p2a: Zekrom|p1a: Grimmsnarl
|
|upkeep
|turn|8
|inactive|killer whale squa has 90 seconds left.
|
|switch|p2a: Darmanitan|Darmanitan-Galar, F|100/100
|switch|p1a: Excadrill|Excadrill, M|100/100
|-ability|p1a: Excadrill|Mold Breaker
|
|upkeep
|turn|9
|
|switch|p1a: Grimmsnarl|Grimmsnarl, M|100/100
|move|p2a: Darmanitan|U-turn|p1a: Grimmsnarl
|-damage|p1a: Grimmsnarl|84/100
|j| schnell was testen
|inactive|killer whale squa has 60 seconds left.
|
|switch|p2a: Rotom|Rotom-Heat|100/100|[from]move: U-turn
|
|upkeep
|turn|10
|
|move|p1a: Grimmsnarl|Taunt|p2a: Rotom
|-start|p2a: Rotom|move: Taunt
|move|p2a: Rotom|Volt Switch|p1a: Grimmsnarl
|-damage|p1a: Grimmsnarl|58/100
|
|switch|p2a: Zacian|Zacian-Crowned|100/100|[from]move: Volt Switch
|-ability|p2a: Zacian|Intrepid Sword|boost
|-boost|p2a: Zacian|atk|1
|
|upkeep
|turn|11
|
|move|p1a: Grimmsnarl|Thunder Wave|p2a: Zacian
|-status|p2a: Zacian|par
|move|p2a: Zacian|Play Rough|p1a: Grimmsnarl
|-supereffective|p1a: Grimmsnarl
|-damage|p1a: Grimmsnarl|0 fnt
|faint|p1a: Grimmsnarl
|
|upkeep
|
|switch|p1a: Excadrill|Excadrill, M|100/100
|-ability|p1a: Excadrill|Mold Breaker
|turn|12
|
|switch|p2a: Rotom|Rotom-Heat|100/100
|move|p1a: Excadrill|Earthquake|p2a: Rotom
|-supereffective|p2a: Rotom
|-damage|p2a: Rotom|0 fnt
|faint|p2a: Rotom
|
|upkeep
|
|switch|p2a: Marshadow|Marshadow|100/100
|turn|13
|l| schnell was testen
|inactive|killer whale squa has 30 seconds left.
|
|switch|p1a: Zacian|Zacian-Crowned|100/100
|-ability|p1a: Zacian|Intrepid Sword|boost
|-boost|p1a: Zacian|atk|1
|move|p2a: Marshadow|Bulk Up|p2a: Marshadow
|-boost|p2a: Marshadow|atk|1
|-boost|p2a: Marshadow|def|1
|
|upkeep
|turn|14
|inactive|killer whale squa has 30 seconds left.
|
|move|p1a: Zacian|Play Rough|p2a: Marshadow
|-supereffective|p2a: Marshadow
|-damage|p2a: Marshadow|0 fnt
|faint|p2a: Marshadow
|
|-sideend|p1: gary time|Reflect
|upkeep
|inactive|killer whale squa has 30 seconds left.
|
|switch|p2a: Darmanitan|Darmanitan-Galar, F|100/100
|turn|15
|inactive|killer whale squa has 30 seconds left.
|
|move|p2a: Darmanitan|Flare Blitz|p1a: Zacian
|-supereffective|p1a: Zacian
|-damage|p1a: Zacian|0 fnt
|-damage|p2a: Darmanitan|70/100|[from] Recoil
|faint|p1a: Zacian
|
|upkeep
|
|switch|p1a: Zekrom|Zekrom|100/100
|-ability|p1a: Zekrom|Teravolt
|turn|16
|
|switch|p2a: Clefable|Clefable, M|100/100
|move|p1a: Zekrom|Dragon Dance|p1a: Zekrom
|-boost|p1a: Zekrom|atk|1
|-boost|p1a: Zekrom|spe|1
|
|upkeep
|turn|17
|
|-start|p1a: Zekrom|Dynamax
|-heal|p1a: Zekrom|100/100|[silent]
|move|p1a: Zekrom|Max Lightning|p2a: Clefable
|-damage|p2a: Clefable|6/100
|-fieldstart|move: Electric Terrain
|move|p2a: Clefable|Stealth Rock|p1a: Zekrom
|-sidestart|p1: gary time|move: Stealth Rock
|
|-heal|p2a: Clefable|12/100|[from] item: Leftovers
|upkeep
|turn|18
|
|move|p1a: Zekrom|Max Lightning|p2a: Clefable
|-crit|p2a: Clefable
|-damage|p2a: Clefable|0 fnt
|faint|p2a: Clefable
|
|upkeep
|
|switch|p2a: Darmanitan|Darmanitan-Galar, F|70/100
|turn|19
|
|switch|p2a: Zacian|Zacian-Crowned|100/100 par
|-ability|p2a: Zacian|Intrepid Sword|boost
|-boost|p2a: Zacian|atk|1
|move|p1a: Zekrom|Max Lightning|p2a: Zacian
|-damage|p2a: Zacian|0 fnt
|faint|p2a: Zacian
|
|-end|p1a: Zekrom|Dynamax
|-heal|p1a: Zekrom|100/100|[silent]
|upkeep
|inactive|killer whale squa has 30 seconds left.
|
|switch|p2a: Darmanitan|Darmanitan-Galar, F|70/100
|turn|20
|
|move|p2a: Darmanitan|Icicle Crash|p1a: Zekrom
|-supereffective|p1a: Zekrom
|-damage|p1a: Zekrom|0 fnt
|faint|p1a: Zekrom
|
|upkeep
|
|switch|p1a: Excadrill|Excadrill, M|100/100
|-damage|p1a: Excadrill|97/100|[from] Stealth Rock
|-ability|p1a: Excadrill|Mold Breaker
|turn|21
|inactive|killer whale squa has 30 seconds left.
|
|move|p2a: Darmanitan|Icicle Crash|p1a: Excadrill
|-damage|p1a: Excadrill|3/100
|move|p1a: Excadrill|Rapid Spin|p2a: Darmanitan
|-damage|p2a: Darmanitan|41/100
|-sideend|p1: gary time|Stealth Rock|[from] move: Rapid Spin|[of] p1a: Excadrill
|-boost|p1a: Excadrill|spe|1
|
|-fieldend|move: Electric Terrain
|upkeep
|turn|22
|
|move|p2a: Darmanitan|Icicle Crash|p1a: Excadrill
|-damage|p1a: Excadrill|0 fnt
|faint|p1a: Excadrill
|
|upkeep
|
|switch|p1a: Gothitelle|Gothitelle, F|100/100
|turn|23
|
|move|p2a: Darmanitan|Icicle Crash|p1a: Gothitelle
|-damage|p1a: Gothitelle|50/100
|move|p1a: Gothitelle|Cosmic Power|p1a: Gothitelle
|-boost|p1a: Gothitelle|def|1
|-boost|p1a: Gothitelle|spd|1
|
|-heal|p1a: Gothitelle|56/100|[from] item: Leftovers
|upkeep
|turn|24
|
|move|p2a: Darmanitan|Icicle Crash|p1a: Gothitelle
|-damage|p1a: Gothitelle|18/100
|move|p1a: Gothitelle|Rest|p1a: Gothitelle
|-status|p1a: Gothitelle|slp|[from] move: Rest
|-heal|p1a: Gothitelle|100/100 slp|[silent]
|
|upkeep
|turn|25
|
|move|p2a: Darmanitan|Icicle Crash|p1a: Gothitelle|[miss]
|-miss|p2a: Darmanitan|p1a: Gothitelle
|cant|p1a: Gothitelle|slp
|
|upkeep
|turn|26
|
|move|p2a: Darmanitan|Icicle Crash|p1a: Gothitelle
|-damage|p1a: Gothitelle|66/100 slp
|cant|p1a: Gothitelle|slp
|
|-heal|p1a: Gothitelle|73/100 slp|[from] item: Leftovers
|upkeep
|turn|27
|
|move|p2a: Darmanitan|Icicle Crash|p1a: Gothitelle
|-damage|p1a: Gothitelle|36/100 slp
|-curestatus|p1a: Gothitelle|slp|[msg]
|move|p1a: Gothitelle|Rest|p1a: Gothitelle
|-status|p1a: Gothitelle|slp|[from] move: Rest
|-heal|p1a: Gothitelle|100/100 slp|[silent]
|
|upkeep
|turn|28
|
|move|p2a: Darmanitan|Icicle Crash|p1a: Gothitelle
|-damage|p1a: Gothitelle|68/100 slp
|cant|p1a: Gothitelle|slp
|
|-heal|p1a: Gothitelle|74/100 slp|[from] item: Leftovers
|upkeep
|turn|29
|
|move|p2a: Darmanitan|Icicle Crash|p1a: Gothitelle
|-damage|p1a: Gothitelle|38/100 slp
|cant|p1a: Gothitelle|slp
|
|-heal|p1a: Gothitelle|44/100 slp|[from] item: Leftovers
|upkeep
|turn|30
|
|move|p2a: Darmanitan|Icicle Crash|p1a: Gothitelle
|-damage|p1a: Gothitelle|7/100 slp
|-curestatus|p1a: Gothitelle|slp|[msg]
|move|p1a: Gothitelle|Rest|p1a: Gothitelle
|-status|p1a: Gothitelle|slp|[from] move: Rest
|-heal|p1a: Gothitelle|100/100 slp|[silent]
|
|upkeep
|turn|31
|
|move|p2a: Darmanitan|Icicle Crash|p1a: Gothitelle
|-damage|p1a: Gothitelle|66/100 slp
|cant|p1a: Gothitelle|slp
|
|-heal|p1a: Gothitelle|72/100 slp|[from] item: Leftovers
|upkeep
|turn|32
|
|move|p2a: Darmanitan|Icicle Crash|p1a: Gothitelle
|-damage|p1a: Gothitelle|35/100 slp
|cant|p1a: Gothitelle|slp
|
|-heal|p1a: Gothitelle|41/100 slp|[from] item: Leftovers
|upkeep
|turn|33
|
|move|p2a: Darmanitan|Icicle Crash|p1a: Gothitelle|[miss]
|-miss|p2a: Darmanitan|p1a: Gothitelle
|-curestatus|p1a: Gothitelle|slp|[msg]
|move|p1a: Gothitelle|Rest|p1a: Gothitelle
|-status|p1a: Gothitelle|slp|[from] move: Rest
|-heal|p1a: Gothitelle|100/100 slp|[silent]
|
|upkeep
|turn|34
|inactive|killer whale squa has 120 seconds left.
|
|move|p2a: Darmanitan|Icicle Crash|p1a: Gothitelle
|-damage|p1a: Gothitelle|65/100 slp
|cant|p1a: Gothitelle|slp
|
|-heal|p1a: Gothitelle|71/100 slp|[from] item: Leftovers
|upkeep
|turn|35
|
|move|p2a: Darmanitan|Icicle Crash|p1a: Gothitelle|[miss]
|-miss|p2a: Darmanitan|p1a: Gothitelle
|cant|p1a: Gothitelle|slp
|
|-heal|p1a: Gothitelle|77/100 slp|[from] item: Leftovers
|upkeep
|turn|36
|
|-activate|p2a: Darmanitan|move: Struggle
|move|p2a: Darmanitan|Struggle|p1a: Gothitelle
|-damage|p1a: Gothitelle|64/100 slp
|-damage|p2a: Darmanitan|16/100|[from] recoil
|-curestatus|p1a: Gothitelle|slp|[msg]
|move|p1a: Gothitelle|Cosmic Power|p1a: Gothitelle
|-boost|p1a: Gothitelle|def|1
|-boost|p1a: Gothitelle|spd|1
|
|-heal|p1a: Gothitelle|70/100|[from] item: Leftovers
|upkeep
|turn|37
|
|-activate|p2a: Darmanitan|move: Struggle
|move|p2a: Darmanitan|Struggle|p1a: Gothitelle
|-damage|p1a: Gothitelle|59/100
|-damage|p2a: Darmanitan|0 fnt|[from] recoil
|faint|p2a: Darmanitan
|move|p1a: Gothitelle|Cosmic Power|p1a: Gothitelle
|-boost|p1a: Gothitelle|def|1
|-boost|p1a: Gothitelle|spd|1
|
|-heal|p1a: Gothitelle|65/100|[from] item: Leftovers
|upkeep
|
|switch|p2a: Zekrom|Zekrom|91/100
|-ability|p2a: Zekrom|Teravolt
|turn|38
|
|move|p2a: Zekrom|Dragon Dance|p2a: Zekrom
|-boost|p2a: Zekrom|atk|1
|-boost|p2a: Zekrom|spe|1
|move|p1a: Gothitelle|Nasty Plot|p1a: Gothitelle
|-boost|p1a: Gothitelle|spa|2
|
|-heal|p1a: Gothitelle|71/100|[from] item: Leftovers
|upkeep
|turn|39
|
|move|p2a: Zekrom|Bolt Strike|p1a: Gothitelle
|-damage|p1a: Gothitelle|27/100
|-damage|p2a: Zekrom|81/100|[from] item: Life Orb
|move|p1a: Gothitelle|Stored Power|p2a: Zekrom
|-damage|p2a: Zekrom|0 fnt
|faint|p2a: Zekrom
|
|win|gary time
|c|☆gary time|Let’s goooo
|c|☆gary time|gf
|c|☆gary time|gg
|c|☆killer whale squa|gg
|l|☆killer whale squa
|raw|gary time's rating: 1590 &rarr; <strong>1603</strong><br />(+13 for winning)
|raw|killer whale squa's rating: 1466 &rarr; <strong>1453</strong><br />(-13 for losing)
