|j|☆Galacticguck300
|j|☆nutbustas
|t:|1663798812
|gametype|singles
|player|p1|Galacticguck300|mars|1498
|player|p2|nutbustas|may-masters|1557
|teamsize|p1|6
|teamsize|p2|6
|gen|8
|tier|[Gen 8] Ubers
|rated|
|rule|Sleep Clause Mod: Limit one foe put to sleep
|rule|Species Clause: Limit one of each Pokémon
|rule|OHKO Clause: OHKO moves are banned
|rule|Evasion Items Clause: Evasion items are banned
|rule|Evasion Moves Clause: Evasion moves are banned
|rule|Endless Battle Clause: Forcing endless battles is banned
|rule|HP Percentage Mod: HP is shown in percentages
|rule|Dynamax Clause: You cannot dynamax
|clearpoke
|poke|p1|Dragapult, M|
|poke|p1|Regieleki|
|poke|p1|Cinderace, F|
|poke|p1|Garchomp, M|
|poke|p1|Weavile, F|
|poke|p1|Bisharp, M|
|poke|p2|Calyrex-Shadow|
|poke|p2|Zygarde|
|poke|p2|Yveltal|
|poke|p2|Ho-Oh|
|poke|p2|Eternatus|
|poke|p2|Necrozma-Dusk-Mane|
|teampreview
|inactive|Battle timer is ON: inactive players will automatically lose when time's up. (requested by Galacticguck300)
|
|t:|1663798832
|start
|switch|p1a: Garchomp|Garchomp, M|100/100
|switch|p2a: Zygarde|Zygarde|100/100
|turn|1
|inactive|Galacticguck300 has 120 seconds left.
|
|t:|1663798881
|move|p1a: Garchomp|Outrage|p2a: Zygarde
|-supereffective|p2a: Zygarde
|-damage|p2a: Zygarde|0 fnt
|faint|p2a: Zygarde
|
|upkeep
|
|t:|1663798894
|switch|p2a: Necrozma|Necrozma-Dusk-Mane|100/100
|turn|2
|
|t:|1663798896
|move|p1a: Garchomp|Outrage|p2a: Necrozma|[from]lockedmove
|-resisted|p2a: Necrozma
|-damage|p2a: Necrozma|76/100
|move|p2a: Necrozma|Dragon Dance|p2a: Necrozma
|-boost|p2a: Necrozma|atk|1
|-boost|p2a: Necrozma|spe|1
|
|-heal|p2a: Necrozma|82/100|[from] item: Leftovers
|upkeep
|turn|3
|
|t:|1663798900
|move|p1a: Garchomp|Outrage|p2a: Necrozma|[from]lockedmove
|-resisted|p2a: Necrozma
|-damage|p2a: Necrozma|56/100
|-start|p1a: Garchomp|confusion|[fatigue]
|move|p2a: Necrozma|Dragon Dance|p2a: Necrozma
|-boost|p2a: Necrozma|atk|1
|-boost|p2a: Necrozma|spe|1
|
|-heal|p2a: Necrozma|62/100|[from] item: Leftovers
|upkeep
|turn|4
|
|t:|1663798910
|move|p2a: Necrozma|Sunsteel Strike|p1a: Garchomp
|-damage|p1a: Garchomp|0 fnt
|-damage|p2a: Necrozma|50/100|[from] ability: Rough Skin|[of] p1a: Garchomp
|faint|p1a: Garchomp
|
|-heal|p2a: Necrozma|56/100|[from] item: Leftovers
|upkeep
|
|t:|1663798917
|switch|p1a: sharpglizzy|Bisharp, M|100/100
|turn|5
|
|t:|1663798920
|move|p2a: Necrozma|Morning Sun|p2a: Necrozma
|-heal|p2a: Necrozma|100/100
|move|p1a: sharpglizzy|Knock Off|p2a: Necrozma
|-supereffective|p2a: Necrozma
|-damage|p2a: Necrozma|52/100
|-enditem|p2a: Necrozma|Leftovers|[from] move: Knock Off|[of] p1a: sharpglizzy
|
|upkeep
|turn|6
|
|t:|1663798927
|move|p1a: sharpglizzy|Sucker Punch||[still]
|-fail|p1a: sharpglizzy
|move|p2a: Necrozma|Morning Sun|p2a: Necrozma
|-heal|p2a: Necrozma|100/100
|
|upkeep
|turn|7
|
|t:|1663798932
|move|p2a: Necrozma|Dragon Dance|p2a: Necrozma
|-boost|p2a: Necrozma|atk|1
|-boost|p2a: Necrozma|spe|1
|move|p1a: sharpglizzy|Knock Off|p2a: Necrozma
|-supereffective|p2a: Necrozma
|-damage|p2a: Necrozma|68/100
|
|upkeep
|turn|8
|
|t:|1663798936
|move|p2a: Necrozma|Morning Sun|p2a: Necrozma
|-heal|p2a: Necrozma|100/100
|move|p1a: sharpglizzy|Swords Dance|p1a: sharpglizzy
|-boost|p1a: sharpglizzy|atk|2
|
|upkeep
|turn|9
|
|t:|1663798941
|move|p2a: Necrozma|Earthquake|p1a: sharpglizzy
|-supereffective|p1a: sharpglizzy
|-enditem|p1a: sharpglizzy|Focus Sash
|-damage|p1a: sharpglizzy|1/100
|move|p1a: sharpglizzy|Knock Off|p2a: Necrozma
|-supereffective|p2a: Necrozma
|-damage|p2a: Necrozma|35/100
|
|upkeep
|turn|10
|
|t:|1663798945
|move|p2a: Necrozma|Morning Sun|p2a: Necrozma
|-heal|p2a: Necrozma|85/100
|move|p1a: sharpglizzy|Knock Off|p2a: Necrozma
|-supereffective|p2a: Necrozma
|-damage|p2a: Necrozma|18/100
|
|upkeep
|turn|11
|
|t:|1663798947
|move|p1a: sharpglizzy|Sucker Punch||[still]
|-fail|p1a: sharpglizzy
|move|p2a: Necrozma|Morning Sun|p2a: Necrozma
|-heal|p2a: Necrozma|68/100
|
|upkeep
|turn|12
|
|t:|1663798950
|move|p1a: sharpglizzy|Sucker Punch|p2a: Necrozma
|-supereffective|p2a: Necrozma
|-damage|p2a: Necrozma|4/100
|move|p2a: Necrozma|Earthquake|p1a: sharpglizzy
|-supereffective|p1a: sharpglizzy
|-damage|p1a: sharpglizzy|0 fnt
|faint|p1a: sharpglizzy
|
|upkeep
|
|t:|1663798958
|switch|p1a: Weavile|Weavile, F|100/100
|turn|13
|
|t:|1663798961
|move|p1a: Weavile|Fake Out|p2a: Necrozma
|-resisted|p2a: Necrozma
|-crit|p2a: Necrozma
|-damage|p2a: Necrozma|0 fnt
|faint|p2a: Necrozma
|
|upkeep
|
|t:|1663798968
|switch|p2a: Ho-Oh|Ho-Oh|100/100
|turn|14
|
|t:|1663798972
|switch|p1a: toingus|Cinderace, F|100/100
|move|p2a: Ho-Oh|Sacred Fire|p1a: toingus
|-resisted|p1a: toingus
|-damage|p1a: toingus|71/100
|
|upkeep
|turn|15
|
|t:|1663798979
|switch|p1a: bloop|Dragapult, M|100/100
|move|p2a: Ho-Oh|Brave Bird|p1a: bloop
|-damage|p1a: bloop|28/100
|-damage|p2a: Ho-Oh|82/100|[from] Recoil
|
|upkeep
|turn|16
|
|t:|1663798983
|switch|p1a: toingus|Cinderace, F|71/100
|move|p2a: Ho-Oh|Brave Bird|p1a: toingus
|-damage|p1a: toingus|2/100
|-damage|p2a: Ho-Oh|66/100|[from] Recoil
|
|upkeep
|turn|17
|
|t:|1663798987
|move|p1a: toingus|Gunk Shot|p2a: Ho-Oh
|-start|p1a: toingus|typechange|Poison|[from] ability: Libero
|-damage|p2a: Ho-Oh|29/100
|-status|p2a: Ho-Oh|psn
|move|p2a: Ho-Oh|Brave Bird|p1a: toingus
|-damage|p1a: toingus|0 fnt
|faint|p1a: toingus
|-damage|p2a: Ho-Oh|29/100 psn|[from] Recoil
|
|-damage|p2a: Ho-Oh|17/100 psn|[from] psn
|upkeep
|
|t:|1663798995
|switch|p1a: Weavile|Weavile, F|100/100
|turn|18
|
|t:|1663799001
|move|p1a: Weavile|Knock Off|p2a: Ho-Oh
|-damage|p2a: Ho-Oh|0 fnt
|-enditem|p2a: Ho-Oh|Heavy-Duty Boots|[from] move: Knock Off|[of] p1a: Weavile
|faint|p2a: Ho-Oh
|
|upkeep
|
|t:|1663799004
|switch|p2a: Eternatus|Eternatus|100/100
|-ability|p2a: Eternatus|Pressure
|turn|19
|
|t:|1663799007
|move|p1a: Weavile|Icicle Crash|p2a: Eternatus
|-supereffective|p2a: Eternatus
|-damage|p2a: Eternatus|37/100
|cant|p2a: Eternatus|flinch
|
|-heal|p2a: Eternatus|43/100|[from] item: Black Sludge
|upkeep
|turn|20
|c|☆nutbustas|ok
|
|t:|1663799012
|move|p1a: Weavile|Icicle Crash|p2a: Eternatus
|-supereffective|p2a: Eternatus
|-damage|p2a: Eternatus|0 fnt
|faint|p2a: Eternatus
|
|upkeep
|
|t:|1663799014
|switch|p2a: Calyrex|Calyrex-Shadow|100/100
|-ability|p2a: Calyrex|As One
|-ability|p2a: Calyrex|Unnerve
|turn|21
|
|t:|1663799018
|move|p2a: Calyrex|Astral Barrage|p1a: Weavile
|-resisted|p1a: Weavile
|-damage|p1a: Weavile|17/100
|move|p1a: Weavile|Knock Off|p2a: Calyrex
|-supereffective|p2a: Calyrex
|-crit|p2a: Calyrex
|-damage|p2a: Calyrex|0 fnt
|-enditem|p2a: Calyrex|Choice Specs|[from] move: Knock Off|[of] p1a: Weavile
|faint|p2a: Calyrex
|
|upkeep
|
|t:|1663799019
|switch|p2a: Yveltal|Yveltal|100/100
|-ability|p2a: Yveltal|Dark Aura
|turn|22
|
|t:|1663799021
|move|p1a: Weavile|Ice Shard|p2a: Yveltal
|-supereffective|p2a: Yveltal
|-damage|p2a: Yveltal|65/100
|move|p2a: Yveltal|Foul Play|p1a: Weavile
|-resisted|p1a: Weavile
|-damage|p1a: Weavile|0 fnt
|faint|p1a: Weavile
|
|upkeep
|
|t:|1663799037
|switch|p1a: bloop|Dragapult, M|28/100
|turn|23
|
|t:|1663799040
|move|p2a: Yveltal|Foul Play|p1a: bloop
|-supereffective|p1a: bloop
|-damage|p1a: bloop|0 fnt
|faint|p1a: bloop
|
|upkeep
|
|t:|1663799043
|switch|p1a: t-bolt spam|Regieleki|100/100
|turn|24
|
|t:|1663799045
|move|p1a: t-bolt spam|Wild Charge|p2a: Yveltal
|-supereffective|p2a: Yveltal
|-damage|p2a: Yveltal|0 fnt
|faint|p2a: Yveltal
|-damage|p1a: t-bolt spam|79/100|[from] Recoil
|
|win|Galacticguck300
|raw|Galacticguck300's rating: 1498 &rarr; <strong>1521</strong><br />(+23 for winning)
|raw|nutbustas's rating: 1557 &rarr; <strong>1534</strong><br />(-23 for losing)
