|j|☆Zenadark
|j|☆Strat Cherif18
|t:|1666891322
|gametype|singles
|player|p1|Zenadark|cyrus-masters|
|player|p2|Strat Cherif18|266|
|teamsize|p1|6
|teamsize|p2|6
|gen|8
|tier|[Gen 8] Ubers
|rule|Sleep Clause Mod: Limit one foe put to sleep
|rule|Species Clause: Limit one of each Pokémon
|rule|OHKO Clause: OHKO moves are banned
|rule|Evasion Items Clause: Evasion items are banned
|rule|Evasion Moves Clause: Evasion moves are banned
|rule|Endless Battle Clause: Forcing endless battles is banned
|rule|HP Percentage Mod: HP is shown in percentages
|rule|Dynamax Clause: You cannot dynamax
|clearpoke
|poke|p1|Shuckle, M|
|poke|p1|Mewtwo|
|poke|p1|Yveltal|
|poke|p1|Eternatus|
|poke|p1|Necrozma-Dusk-Mane|
|poke|p1|Xerneas-*|
|poke|p2|Eternatus|
|poke|p2|Calyrex-Shadow|
|poke|p2|Yveltal|
|poke|p2|Magnezone|
|poke|p2|Xerneas-*|
|poke|p2|Necrozma-Dusk-Mane|
|teampreview
|c|☆Zenadark|hf
|j| ZaraSensei
|j| Pok et Glace
|
|t:|1666891369
|start
|switch|p1a: Shuckle|Shuckle, M|100/100
|switch|p2a: Necrozma|Necrozma-Dusk-Mane|100/100
|turn|1
|j| Bhalal
|
|t:|1666891378
|move|p2a: Necrozma|Sunsteel Strike|p1a: Shuckle
|-supereffective|p1a: Shuckle
|-damage|p1a: Shuckle|36/100
|move|p1a: Shuckle|Sticky Web|p2a: Necrozma
|-sidestart|p2: Strat Cherif18|move: Sticky Web
|
|upkeep
|turn|2
|j| Fraises des boas
|j| ghost of ours
|j| HikozaruGG
|c|☆Strat Cherif18|Hf
|
|t:|1666891392
|move|p2a: Necrozma|Sunsteel Strike|p1a: Shuckle
|-supereffective|p1a: Shuckle
|-damage|p1a: Shuckle|0 fnt
|faint|p1a: Shuckle
|
|upkeep
|
|t:|1666891397
|switch|p1a: Yveltal|Yveltal, shiny|100/100
|-ability|p1a: Yveltal|Dark Aura
|turn|3
|
|t:|1666891404
|switch|p2a: Yveltal|Yveltal|100/100
|-ability|p2a: Yveltal|Dark Aura
|move|p1a: Yveltal|Taunt|p2a: Yveltal
|-start|p2a: Yveltal|move: Taunt
|
|upkeep
|turn|4
|
|t:|1666891437
|move|p1a: Yveltal|Oblivion Wing|p2a: Yveltal
|-damage|p2a: Yveltal|56/100
|-damage|p1a: Yveltal|91/100|[from] item: Life Orb
|move|p2a: Yveltal|U-turn|p1a: Yveltal
|-damage|p1a: Yveltal|67/100
|
|t:|1666891443
|switch|p2a: Eternatus|Eternatus|100/100|[from]move: U-turn
|-activate|p2a: Eternatus|move: Sticky Web
|-unboost|p2a: Eternatus|spe|1
|-ability|p2a: Eternatus|Pressure
|
|upkeep
|turn|5
|
|t:|1666891449
|switch|p1a: Necrozma|Necrozma-Dusk-Mane|100/100
|switch|p2a: Magnezone|Magnezone|100/100
|-item|p2a: Magnezone|Air Balloon
|
|upkeep
|turn|6
|
|t:|1666891455
|move|p2a: Magnezone|Iron Defense|p2a: Magnezone
|-boost|p2a: Magnezone|def|2
|move|p1a: Necrozma|Sunsteel Strike|p2a: Magnezone
|-resisted|p2a: Magnezone
|-damage|p2a: Magnezone|93/100
|-enditem|p2a: Magnezone|Air Balloon
|
|upkeep
|turn|7
|
|t:|1666891460
|move|p2a: Magnezone|Body Press|p1a: Necrozma
|-damage|p1a: Necrozma|63/100
|move|p1a: Necrozma|Dragon Dance|p1a: Necrozma
|-boost|p1a: Necrozma|atk|1
|-boost|p1a: Necrozma|spe|1
|
|upkeep
|turn|8
|
|t:|1666891463
|move|p1a: Necrozma|Earthquake|p2a: Magnezone
|-supereffective|p2a: Magnezone
|-damage|p2a: Magnezone|0 fnt
|faint|p2a: Magnezone
|
|upkeep
|l| ghost of ours
|
|t:|1666891473
|switch|p2a: Calyrex|Calyrex-Shadow|100/100
|-ability|p2a: Calyrex|As One
|-ability|p2a: Calyrex|Unnerve
|-activate|p2a: Calyrex|move: Sticky Web
|-unboost|p2a: Calyrex|spe|1
|turn|9
|
|t:|1666891481
|move|p1a: Necrozma|Sunsteel Strike|p2a: Calyrex
|-damage|p2a: Calyrex|0 fnt
|faint|p2a: Calyrex
|
|upkeep
|j| ghost of ours
|
|t:|1666891492
|switch|p2a: Yveltal|Yveltal|56/100
|-ability|p2a: Yveltal|Dark Aura
|turn|10
|
|t:|1666891496
|move|p2a: Yveltal|Sucker Punch||[still]
|-fail|p2a: Yveltal
|move|p1a: Necrozma|Dragon Dance|p1a: Necrozma
|-boost|p1a: Necrozma|atk|1
|-boost|p1a: Necrozma|spe|1
|
|upkeep
|turn|11
|
|t:|1666891506
|move|p2a: Yveltal|Sucker Punch|p1a: Necrozma
|-supereffective|p1a: Necrozma
|-damage|p1a: Necrozma|0 fnt
|faint|p1a: Necrozma
|
|upkeep
|
|t:|1666891513
|switch|p1a: Eternatus|Eternatus|100/100
|-ability|p1a: Eternatus|Pressure
|turn|12
|
|t:|1666891517
|switch|p2a: Necrozma|Necrozma-Dusk-Mane|100/100
|-activate|p2a: Necrozma|move: Sticky Web
|-unboost|p2a: Necrozma|spe|1
|move|p1a: Eternatus|Meteor Beam||[still]
|-prepare|p1a: Eternatus|Meteor Beam
|-boost|p1a: Eternatus|spa|1
|-enditem|p1a: Eternatus|Power Herb
|-anim|p1a: Eternatus|Meteor Beam|p2a: Necrozma
|-resisted|p2a: Necrozma
|-damage|p2a: Necrozma|70/100
|
|upkeep
|turn|13
|
|t:|1666891534
|switch|p1a: Mewtwo|Mewtwo, shiny|100/100
|-ability|p1a: Mewtwo|Pressure
|move|p2a: Necrozma|Photon Geyser|p1a: Mewtwo
|-resisted|p1a: Mewtwo
|-damage|p1a: Mewtwo|69/100
|
|upkeep
|turn|14
|
|t:|1666891548
|move|p1a: Mewtwo|Fire Blast|p2a: Necrozma
|-supereffective|p2a: Necrozma
|-damage|p2a: Necrozma|0 fnt
|faint|p2a: Necrozma
|-damage|p1a: Mewtwo|59/100|[from] item: Life Orb
|
|upkeep
|
|t:|1666891554
|switch|p2a: Xerneas|Xerneas|100/100
|-activate|p2a: Xerneas|move: Sticky Web
|-unboost|p2a: Xerneas|spe|1
|-ability|p2a: Xerneas|Fairy Aura
|turn|15
|
|t:|1666891563
|move|p1a: Mewtwo|Psystrike|p2a: Xerneas
|-damage|p2a: Xerneas|37/100
|-damage|p1a: Mewtwo|49/100|[from] item: Life Orb
|move|p2a: Xerneas|Geomancy||[still]
|-prepare|p2a: Xerneas|Geomancy
|-enditem|p2a: Xerneas|Power Herb
|-anim|p2a: Xerneas|Geomancy|p2a: Xerneas
|-boost|p2a: Xerneas|spa|2
|-boost|p2a: Xerneas|spd|2
|-boost|p2a: Xerneas|spe|2
|
|upkeep
|turn|16
|
|t:|1666891570
|move|p2a: Xerneas|Moonblast|p1a: Mewtwo
|-damage|p1a: Mewtwo|0 fnt
|faint|p1a: Mewtwo
|
|upkeep
|
|t:|1666891579
|switch|p1a: Eternatus|Eternatus|100/100
|-ability|p1a: Eternatus|Pressure
|turn|17
|
|t:|1666891582
|move|p2a: Xerneas|Moonblast|p1a: Eternatus
|-damage|p1a: Eternatus|0 fnt
|faint|p1a: Eternatus
|
|upkeep
|
|t:|1666891591
|switch|p1a: Xerneas|Xerneas|100/100
|-ability|p1a: Xerneas|Fairy Aura
|turn|18
|
|t:|1666891596
|move|p2a: Xerneas|Moonblast|p1a: Xerneas
|-crit|p1a: Xerneas
|-damage|p1a: Xerneas|0 fnt
|faint|p1a: Xerneas
|
|upkeep
|c|☆Zenadark|bon ben gg
|
|t:|1666891603
|switch|p1a: Yveltal|Yveltal, shiny|67/100
|-ability|p1a: Yveltal|Dark Aura
|turn|19
|
|t:|1666891608
|move|p1a: Yveltal|Sucker Punch|p2a: Xerneas
|-resisted|p2a: Xerneas
|-damage|p2a: Xerneas|14/100
|-damage|p1a: Yveltal|57/100|[from] item: Life Orb
|move|p2a: Xerneas|Moonblast|p1a: Yveltal
|-supereffective|p1a: Yveltal
|-damage|p1a: Yveltal|0 fnt
|faint|p1a: Yveltal
|
|win|Strat Cherif18
|l| ghost of ours
|l| ZaraSensei
|l|☆Zenadark
|l| HikozaruGG
