|j|☆ox04
|j|☆SiTuM.
|t:|1668610137
|gametype|singles
|player|p1|ox04|red-gen7|
|player|p2|SiTuM.|lenora|
|teamsize|p1|6
|teamsize|p2|6
|gen|8
|tier|[Gen 8] Ubers
|rated|Tournament battle
|rule|Sleep Clause Mod: Limit one foe put to sleep
|rule|Species Clause: Limit one of each Pokémon
|rule|OHKO Clause: OHKO moves are banned
|rule|Evasion Items Clause: Evasion items are banned
|rule|Evasion Moves Clause: Evasion moves are banned
|rule|Endless Battle Clause: Forcing endless battles is banned
|rule|HP Percentage Mod: HP is shown in percentages
|rule|Dynamax Clause: You cannot dynamax
|clearpoke
|poke|p1|Urshifu-*, M|
|poke|p1|Yveltal|
|poke|p1|Eternatus|
|poke|p1|Darmanitan-Galar, M|
|poke|p1|Ho-Oh|
|poke|p1|Genesect|
|poke|p2|Groudon|
|poke|p2|Venusaur, M|
|poke|p2|Shiftry, M|
|poke|p2|Entei|
|poke|p2|Xatu, F|
|poke|p2|Blissey, F|
|teampreview
|inactive|Battle timer is ON: inactive players will automatically lose when time's up. (requested by SiTuM.)
|c|☆SiTuM.|no genesect is gonna fold me in half
|c|☆SiTuM.|have fun.......
|c|☆ox04|u2
|j| Inder
|c|☆ox04|this team dang
|j| entrocefalo
|c|☆ox04|powerful
|inactive|ox04 has 120 seconds left.
|c|☆SiTuM.|of course
|
|t:|1668610172
|start
|switch|p1a: Darmanitan|Darmanitan-Galar, M, shiny|100/100
|switch|p2a: Groudon|Groudon|100/100
|-weather|SunnyDay|[from] ability: Drought|[of] p2a: Groudon
|turn|1
|c|☆SiTuM.|no offense you can already forfeit
|c|☆ox04|where ice resist tho
|c|☆SiTuM.|entei is killing every mon
|
|t:|1668610184
|move|p1a: Darmanitan|Icicle Crash|p2a: Groudon|[miss]
|-miss|p1a: Darmanitan|p2a: Groudon
|move|p2a: Groudon|Stealth Rock|p1a: Darmanitan
|-sidestart|p1: ox04|move: Stealth Rock
|
|-weather|SunnyDay|[upkeep]
|upkeep
|turn|2
|c|☆ox04|rip
|
|t:|1668610188
|switch|p2a: Entei|Entei|100/100
|-ability|p2a: Entei|Pressure
|move|p1a: Darmanitan|Icicle Crash|p2a: Entei
|-resisted|p2a: Entei
|-damage|p2a: Entei|65/100
|
|-weather|SunnyDay|[upkeep]
|upkeep
|turn|3
|c|☆ox04|there it is
|
|t:|1668610192
|switch|p1a: Eternatus|Eternatus|100/100
|-ability|p1a: Eternatus|Pressure
|move|p2a: Entei|Sacred Fire|p1a: Eternatus
|-resisted|p1a: Eternatus
|-damage|p1a: Eternatus|56/100
|
|-weather|SunnyDay|[upkeep]
|upkeep
|turn|4
|c|☆SiTuM.|44
|
|t:|1668610198
|move|p1a: Eternatus|Recover|p1a: Eternatus
|-heal|p1a: Eternatus|100/100
|move|p2a: Entei|Sacred Fire|p1a: Eternatus
|-resisted|p1a: Eternatus
|-damage|p1a: Eternatus|57/100
|
|-weather|SunnyDay|[upkeep]
|upkeep
|turn|5
|
|t:|1668610203
|move|p1a: Eternatus|Recover|p1a: Eternatus
|-heal|p1a: Eternatus|100/100
|move|p2a: Entei|Sacred Fire|p1a: Eternatus|[miss]
|-miss|p2a: Entei|p1a: Eternatus
|
|-weather|SunnyDay|[upkeep]
|upkeep
|turn|6
|c|☆SiTuM.|ok
|c|☆ox04|2 more of those
|
|t:|1668610210
|switch|p2a: Blissey|Blissey, F|100/100
|move|p1a: Eternatus|Dynamax Cannon|p2a: Blissey
|-damage|p2a: Blissey|88/100
|
|-weather|SunnyDay|[upkeep]
|-heal|p2a: Blissey|94/100|[from] item: Leftovers
|upkeep
|turn|7
|
|t:|1668610212
|switch|p1a: Ho-Oh|Ho-Oh|100/100
|move|p2a: Blissey|Teleport|p2a: Blissey
|
|t:|1668610215
|switch|p2a: Entei|Entei|65/100|[from]move: Teleport
|-ability|p2a: Entei|Pressure
|
|-weather|SunnyDay|[upkeep]
|upkeep
|turn|8
|
|t:|1668610217
|switch|p1a: Eternatus|Eternatus|100/100
|-ability|p1a: Eternatus|Pressure
|move|p2a: Entei|Stone Edge|p1a: Eternatus
|-damage|p1a: Eternatus|64/100
|
|-weather|none
|upkeep
|turn|9
|
|t:|1668610219
|switch|p2a: Blissey|Blissey, F|94/100
|move|p1a: Eternatus|Recover|p1a: Eternatus
|-heal|p1a: Eternatus|100/100
|
|-heal|p2a: Blissey|99/100|[from] item: Leftovers
|upkeep
|turn|10
|c|☆ox04|bro no stomping tantrum?
|
|t:|1668610228
|switch|p1a: Genesect|Genesect, shiny|100/100
|-damage|p1a: Genesect|88/100|[from] Stealth Rock
|-ability|p1a: Genesect|Download|boost
|-boost|p1a: Genesect|atk|1
|move|p2a: Blissey|Teleport|p2a: Blissey
|
|t:|1668610233
|switch|p2a: Groudon|Groudon|100/100|[from]move: Teleport
|-weather|SunnyDay|[from] ability: Drought|[of] p2a: Groudon
|
|-weather|SunnyDay|[upkeep]
|upkeep
|turn|11
|
|t:|1668610240
|move|p1a: Genesect|U-turn|p2a: Groudon
|-damage|p2a: Groudon|59/100
|
|t:|1668610242
|switch|p1a: Yveltal|Yveltal, shiny|100/100|[from]move: U-turn
|-damage|p1a: Yveltal|76/100|[from] Stealth Rock
|-ability|p1a: Yveltal|Dark Aura
|move|p2a: Groudon|Toxic|p1a: Yveltal
|-status|p1a: Yveltal|tox
|
|-weather|SunnyDay|[upkeep]
|-damage|p1a: Yveltal|69/100 tox|[from] psn
|upkeep
|turn|12
|c|☆ox04|dang
|c|☆ox04|should have iron headed
|c|☆ox04|knew it
|
|t:|1668610259
|switch|p2a: Xatu|Xatu, F|100/100
|move|p1a: Yveltal|Oblivion Wing|p2a: Xatu
|-damage|p2a: Xatu|25/100
|-heal|p1a: Yveltal|100/100 tox|[from] drain|[of] p2a: Xatu
|-damage|p1a: Yveltal|91/100 tox|[from] item: Life Orb
|
|-weather|SunnyDay|[upkeep]
|-damage|p1a: Yveltal|78/100 tox|[from] psn
|upkeep
|turn|13
|
|t:|1668610263
|move|p1a: Yveltal|Oblivion Wing|p2a: Xatu
|-damage|p2a: Xatu|0 fnt
|-heal|p1a: Yveltal|94/100 tox|[from] drain|[of] p2a: Xatu
|faint|p2a: Xatu
|-damage|p1a: Yveltal|84/100 tox|[from] item: Life Orb
|
|-weather|SunnyDay|[upkeep]
|-damage|p1a: Yveltal|66/100 tox|[from] psn
|upkeep
|
|t:|1668610270
|switch|p2a: Entei|Entei|65/100
|-ability|p2a: Entei|Pressure
|turn|14
|
|t:|1668610273
|switch|p1a: Eternatus|Eternatus|100/100
|-ability|p1a: Eternatus|Pressure
|move|p2a: Entei|Sacred Fire|p1a: Eternatus
|-resisted|p1a: Eternatus
|-damage|p1a: Eternatus|62/100
|
|-weather|SunnyDay|[upkeep]
|upkeep
|turn|15
|c|☆SiTuM.|!dt sacred fire
|raw|<ul class="utilichart"><li class="result"><span class="col movenamecol"><a href="https://dex.pokemonshowdown.com/moves/sacredfire">Sacred Fire</a></span> <span class="col typecol"><img src="//play.pokemonshowdown.com/sprites/types/Fire.png" alt="Fire" width="32" height="14"><img src="//play.pokemonshowdown.com/sprites/categories/Physical.png" alt="Physical" width="32" height="14"></span> <span class="col labelcol"><em>Power</em><br>100</span> <span class="col widelabelcol"><em>Accuracy</em><br>95%</span> <span class="col pplabelcol"><em>PP</em><br>8</span> <span class="col movedesccol">50% chance to burn the target. Thaws user.</span> </li><li style="clear:both"></li></ul>
|raw|<font size="1"><font color="#686868">Priority:</font> 0&nbsp;|&ThickSpace;<font color="#686868">Gen:</font> 2&nbsp;|&ThickSpace;&#10003; Secondary effect&nbsp;|&ThickSpace;&#10003; Thaws user&nbsp;|&ThickSpace;<font color="#686868">Z-Power:</font> 180&nbsp;|&ThickSpace;<font color="#686868">Dynamax Power:</font> 130&nbsp;|&ThickSpace;<font color="#686868">Target:</font> One Adjacent Pokémon</font>

|
|t:|1668610281
|switch|p1a: Ho-Oh|Ho-Oh|100/100
|switch|p2a: Blissey|Blissey, F|99/100
|
|-weather|SunnyDay|[upkeep]
|-heal|p2a: Blissey|100/100|[from] item: Leftovers
|upkeep
|turn|16
|c|☆ox04|why don't you stomping tantrum
|
|t:|1668610289
|switch|p2a: Entei|Entei|65/100
|-ability|p2a: Entei|Pressure
|move|p1a: Ho-Oh|Sacred Fire|p2a: Entei
|-resisted|p2a: Entei
|-damage|p2a: Entei|22/100
|
|-weather|SunnyDay|[upkeep]
|upkeep
|turn|17
|
|t:|1668610293
|switch|p1a: Eternatus|Eternatus|62/100
|-ability|p1a: Eternatus|Pressure
|move|p2a: Entei|Stomping Tantrum|p1a: Eternatus
|-supereffective|p1a: Eternatus
|-damage|p1a: Eternatus|7/100
|
|-weather|none
|upkeep
|turn|18
|c|☆SiTuM.|here you go
|j| Lucaluna
|c|☆ox04|there you go
|c|☆ox04|yea
|
|t:|1668610303
|move|p1a: Eternatus|Recover|p1a: Eternatus
|-heal|p1a: Eternatus|57/100
|move|p2a: Entei|Stomping Tantrum|p1a: Eternatus
|-supereffective|p1a: Eternatus
|-damage|p1a: Eternatus|2/100
|
|upkeep
|turn|19
|c| Lucaluna|situm ur so cool oml
|c|☆SiTuM.|thanks
|c|☆ox04|npnp
|
|t:|1668610319
|switch|p2a: Groudon|Groudon|59/100
|-weather|SunnyDay|[from] ability: Drought|[of] p2a: Groudon
|move|p1a: Eternatus|Dynamax Cannon|p2a: Groudon
|-damage|p2a: Groudon|17/100
|
|-weather|SunnyDay|[upkeep]
|upkeep
|turn|20
|c| Lucaluna|entei is wayyy cooler than gene
|
|t:|1668610324
|switch|p2a: Entei|Entei|22/100
|-ability|p2a: Entei|Pressure
|move|p1a: Eternatus|Dynamax Cannon|p2a: Entei
|-damage|p2a: Entei|0 fnt
|faint|p2a: Entei
|
|-weather|SunnyDay|[upkeep]
|upkeep
|c|☆SiTuM.|facts
|c|☆ox04|facts
|
|t:|1668610344
|switch|p2a: Shiftry|Shiftry, M|100/100
|turn|21
|c|☆ox04|i wonder how much espeed does to shiftry
|c|☆ox04|probably like 200%
|c| Lucaluna|probably 69%
|inactive|ox04 has 120 seconds left.
|inactive|ox04 has 90 seconds left.
|
|t:|1668610418
|move|p2a: Shiftry|Knock Off|p1a: Eternatus
|-damage|p1a: Eternatus|0 fnt
|-enditem|p1a: Eternatus|Heavy-Duty Boots|[from] move: Knock Off|[of] p2a: Shiftry
|faint|p1a: Eternatus
|
|-weather|SunnyDay|[upkeep]
|upkeep
|j|%steel....SKITTY
|c|☆ox04|rock slide incoming
|
|t:|1668610425
|switch|p1a: Ho-Oh|Ho-Oh|100/100
|turn|22
|c|☆ox04|i know
|c|☆ox04|stuff
|
|t:|1668610430
|move|p2a: Shiftry|Rock Slide|p1a: Ho-Oh
|-supereffective|p1a: Ho-Oh
|-damage|p1a: Ho-Oh|16/100
|move|p1a: Ho-Oh|Sacred Fire|p2a: Shiftry
|-supereffective|p2a: Shiftry
|-enditem|p2a: Shiftry|Focus Sash
|-damage|p2a: Shiftry|1/100
|-status|p2a: Shiftry|brn
|
|-weather|SunnyDay|[upkeep]
|-damage|p2a: Shiftry|0 fnt|[from] brn
|faint|p2a: Shiftry
|upkeep
|c|☆SiTuM.|never lucky
|c|☆ox04|ez burn btw
|j| Minestrone's oop
|c| Inder|mdrrrrr
|c|☆ox04|genesect luck
|c|☆SiTuM.|i actually won if i didnt get burnt
|c|☆SiTuM.|just... like you
|c|☆SiTuM.|with etern
|c|☆SiTuM.|but whatever
|c|☆SiTuM.|i'm the unluckiest person on this planet
|inactive|SiTuM. has 120 seconds left.
|c|☆ox04|nah
|
|t:|1668610461
|switch|p2a: Venusaur|Venusaur, M|100/100
|turn|23
|c|☆ox04|not that far tho
|c|☆ox04|africa exists
|inactive|ox04 has 90 seconds left.
|c|☆ox04|imagine being born there
|c|☆ox04|like what luck is that
|c|☆ox04|just a thought
|c| Inder|LOOOOOOOOOOOOOOOOOOOOOOOL
|inactive|SiTuM. has 120 seconds left.
|c|☆SiTuM.|mdrr
|c|☆SiTuM.|il est cinglé
|
|t:|1668610498
|switch|p1a: Yveltal|Yveltal, shiny|66/100 tox
|-damage|p1a: Yveltal|41/100 tox|[from] Stealth Rock
|-ability|p1a: Yveltal|Dark Aura
|move|p2a: Venusaur|Weather Ball|p1a: Yveltal
|-damage|p1a: Yveltal|0 fnt
|faint|p1a: Yveltal
|-damage|p2a: Venusaur|91/100|[from] item: Life Orb
|
|-weather|SunnyDay|[upkeep]
|upkeep
|
|t:|1668610503
|switch|p1a: Genesect|Genesect, shiny|88/100
|-damage|p1a: Genesect|76/100|[from] Stealth Rock
|-ability|p1a: Genesect|Download|boost
|-boost|p1a: Genesect|atk|1
|turn|24
|
|t:|1668610505
|move|p1a: Genesect|Extreme Speed|p2a: Venusaur
|-damage|p2a: Venusaur|4/100
|move|p2a: Venusaur|Weather Ball|p1a: Genesect
|-supereffective|p1a: Genesect
|-damage|p1a: Genesect|0 fnt
|faint|p1a: Genesect
|-damage|p2a: Venusaur|0 fnt|[from] item: Life Orb
|faint|p2a: Venusaur
|
|-weather|SunnyDay|[upkeep]
|upkeep
|c| Inder|mdr je quote
|c|☆ox04|bye
|inactive|ox04 has 90 seconds left.
|c|☆ox04|whaaaaaaaaaaaat
|c|☆ox04|how
|c|☆ox04|did you live
|c|☆ox04|wtf
|
|t:|1668610517
|switch|p1a: Urshifu|Urshifu, M|100/100
|switch|p2a: Groudon|Groudon|17/100
|-damage|p1a: Urshifu|94/100|[from] Stealth Rock
|turn|25
|c|%steel....SKITTY|TANK venusaur
|
|t:|1668610520
|move|p1a: Urshifu|Low Kick|p2a: Groudon
|-damage|p2a: Groudon|0 fnt
|faint|p2a: Groudon
|
|-weather|SunnyDay|[upkeep]
|upkeep
|c|☆ox04|ončy 87 what is this
|c|☆ox04|only*
|c|☆SiTuM.|never rewarded
|-message|SiTuM. forfeited.
|
|win|ox04
|n|☆ox04|ox04
|n|☆SiTuM.|situm
|n| Inder|inder
|n| entrocefalo|entrocefalo
|n| Lucaluna|lucaluna
|n|+steel....SKITTY|steelskitty
|n| Minestrone's oop|minestronesoop
|l|☆SiTuM.
|c|☆ox04|gg wp
|l| entrocefalo
|l|+steel....SKITTY
|l| Minestrone's oop
|l|☆ox04
|j| Astreau
|j| Miss Finlande
|j| zS
|c| zS|il est où
|l| Miss Finlande
|c| Inder|https://play.pokemonshowdown.com/battle-gen8ubers-1712402103
|c| Inder|il est la
|l| Inder
|l| zS
|l| Lucaluna
|l| Astreau
|j| zS
|j| Inder
