|j|☆dagsattvinna
|j|☆TheNoraShinki
|player|p1|dagsattvinna|hiker-gen4|1707
|player|p2|TheNoraShinki|fisherman-gen4|1614
|teamsize|p1|6
|teamsize|p2|6
|gametype|singles
|gen|8
|tier|[Gen 8] Ubers
|rated|
|clearpoke
|poke|p1|Jolteon, F|
|poke|p1|Gyarados, F|
|poke|p1|Cloyster, M|
|poke|p1|Dugtrio, M|
|poke|p1|Umbreon, M|
|poke|p1|Pyukumuku, M|
|poke|p2|Tyranitar, F|
|poke|p2|Corviknight, F|
|poke|p2|Eternatus|
|poke|p2|Vaporeon, F|
|poke|p2|Dugtrio, M|
|poke|p2|Aegislash, M|
|rule|Sleep Clause Mod: Limit one foe put to sleep
|rule|Species Clause: Limit one of each Pokémon
|rule|OHKO Clause: OHKO moves are banned
|rule|Evasion Moves Clause: Evasion moves are banned
|rule|Endless Battle Clause: Forcing endless battles is banned
|rule|HP Percentage Mod: HP is shown in percentages
|teampreview
|c|☆dagsattvinna|it's time
|c|☆dagsattvinna|to meet your maker
|c|☆TheNoraShinki|is that
|c|☆TheNoraShinki|full pass
|c|☆dagsattvinna|na
|c|☆TheNoraShinki|or like
|c|☆dagsattvinna|i coped that dude
|c|☆dagsattvinna|who used
|c|☆TheNoraShinki|baton pass focus energy
|c|☆dagsattvinna|vileplume and shit
|c|☆TheNoraShinki|and kings rock
|c|☆dagsattvinna|if u know
|c|☆TheNoraShinki|lmfao
|c|☆dagsattvinna|ya
|c|☆dagsattvinna|LMAO
|c|☆TheNoraShinki|yeah i know
|c|☆dagsattvinna|i mean
|c|☆dagsattvinna|he beats me sometimes
|c|☆dagsattvinna|so maybe he's onto something
|c|☆TheNoraShinki|SAME
|c|☆dagsattvinna|0-2 later
|c|☆TheNoraShinki|lmfao
|c|☆dagsattvinna|i can conclude
|c|☆dagsattvinna|it's not a good team
|c|☆TheNoraShinki|yeah
|c|☆TheNoraShinki|but its hilarious
|c|☆dagsattvinna|ya i have that team ur using btw
|
|start
|switch|p1a: Gyarados|Gyarados, F|100/100
|switch|p2a: Aegislash|Aegislash, M|100/100
|turn|1
|j| jo denke auch
|c|☆dagsattvinna|but bulky scarf dug might be an improvement
|c|☆dagsattvinna|is that reje
|c|☆dagsattvinna|joining all the time
|
|switch|p1a: Umbreon|Umbreon, M|100/100
|-formechange|p2a: Aegislash|Aegislash-Blade||[from] ability: Stance Change
|move|p2a: Aegislash|Shadow Ball|p1a: Umbreon
|-resisted|p1a: Umbreon
|-crit|p1a: Umbreon
|-damage|p1a: Umbreon|67/100
|
|-heal|p1a: Umbreon|73/100|[from] item: Leftovers
|upkeep
|turn|2
|c|☆dagsattvinna|i assume so
|c|☆TheNoraShinki|dont think so
|
|switch|p2a: Tyranitar|Tyranitar, F|100/100
|-weather|Sandstorm|[from] ability: Sand Stream|[of] p2a: Tyranitar
|move|p1a: Umbreon|Baton Pass|p1a: Umbreon
|
|switch|p1a: Dugtrio|Dugtrio, M|100/100|[from]move: Baton Pass
|
|-weather|Sandstorm|[upkeep]
|upkeep
|turn|3
|
|switch|p2a: Corviknight|Corviknight, F|100/100
|-ability|p2a: Corviknight|Pressure
|move|p1a: Dugtrio|Stealth Rock|p2a: Corviknight
|-sidestart|p2: TheNoraShinki|move: Stealth Rock
|
|-weather|Sandstorm|[upkeep]
|upkeep
|turn|4
|
|switch|p1a: Jolteon|Jolteon, F|100/100
|move|p2a: Corviknight|Defog|p1a: Jolteon
|-unboost|p1a: Jolteon|evasion|1
|-sideend|p2: TheNoraShinki|Stealth Rock|[from] move: Defog|[of] p2a: Corviknight
|
|-weather|Sandstorm|[upkeep]
|-damage|p1a: Jolteon|95/100|[from] Sandstorm
|-status|p1a: Jolteon|brn|[from] item: Flame Orb
|upkeep
|turn|5
|c|☆TheNoraShinki|wait is it sash rocks like his too lmfao
|c|☆dagsattvinna|ya
|c|☆dagsattvinna|LMAO
|c|☆dagsattvinna|i mean
|c|☆dagsattvinna|that's a neat set
|
|switch|p2a: Eternatus|Eternatus|100/100
|-ability|p2a: Eternatus|Pressure
|move|p1a: Jolteon|Focus Energy|p1a: Jolteon
|-start|p1a: Jolteon|move: Focus Energy
|
|-weather|Sandstorm|[upkeep]
|-damage|p1a: Jolteon|89/100 brn|[from] Sandstorm
|-damage|p2a: Eternatus|94/100|[from] Sandstorm
|-damage|p1a: Jolteon|83/100 brn|[from] brn
|upkeep
|turn|6
|c|☆dagsattvinna|memento is great
|
|move|p1a: Jolteon|Baton Pass|p1a: Jolteon
|
|switch|p1a: Umbreon|Umbreon, M|73/100|[from]move: Baton Pass
|move|p2a: Eternatus|Dynamax Cannon|p1a: Umbreon
|-damage|p1a: Umbreon|43/100
|
|-weather|none
|-heal|p1a: Umbreon|49/100|[from] item: Leftovers
|upkeep
|turn|7
|
|move|p2a: Eternatus|Dynamax Cannon|p1a: Umbreon
|-damage|p1a: Umbreon|9/100
|move|p1a: Umbreon|Wish|p1a: Umbreon
|
|-heal|p1a: Umbreon|15/100|[from] item: Leftovers
|upkeep
|turn|8
|
|move|p1a: Umbreon|Protect|p1a: Umbreon
|-singleturn|p1a: Umbreon|Protect
|move|p2a: Eternatus|Dynamax Cannon|p1a: Umbreon
|-activate|p1a: Umbreon|move: Protect
|
|-heal|p1a: Umbreon|65/100|[from] move: Wish|[wisher] Umbreon
|-heal|p1a: Umbreon|71/100|[from] item: Leftovers
|upkeep
|turn|9
|
|move|p2a: Eternatus|Dynamax Cannon|p1a: Umbreon
|-damage|p1a: Umbreon|18/100
|move|p1a: Umbreon|Wish|p1a: Umbreon
|
|-heal|p1a: Umbreon|24/100|[from] item: Leftovers
|upkeep
|turn|10
|
|move|p1a: Umbreon|Protect|p1a: Umbreon
|-singleturn|p1a: Umbreon|Protect
|move|p2a: Eternatus|Dynamax Cannon|p1a: Umbreon
|-activate|p1a: Umbreon|move: Protect
|
|-heal|p1a: Umbreon|74/100|[from] move: Wish|[wisher] Umbreon
|-heal|p1a: Umbreon|80/100|[from] item: Leftovers
|upkeep
|turn|11
|
|move|p2a: Eternatus|Dynamax Cannon|p1a: Umbreon
|-damage|p1a: Umbreon|17/100
|move|p1a: Umbreon|Wish|p1a: Umbreon
|
|-heal|p1a: Umbreon|23/100|[from] item: Leftovers
|upkeep
|turn|12
|
|move|p1a: Umbreon|Protect|p1a: Umbreon
|-singleturn|p1a: Umbreon|Protect
|move|p2a: Eternatus|Dynamax Cannon|p1a: Umbreon
|-activate|p1a: Umbreon|move: Protect
|
|-heal|p1a: Umbreon|73/100|[from] move: Wish|[wisher] Umbreon
|-heal|p1a: Umbreon|79/100|[from] item: Leftovers
|upkeep
|turn|13
|
|move|p2a: Eternatus|Dynamax Cannon|p1a: Umbreon
|-crit|p1a: Umbreon
|-damage|p1a: Umbreon|0 fnt
|faint|p1a: Umbreon
|
|upkeep
|c|☆dagsattvinna|hmmm
|
|switch|p1a: Jolteon|Jolteon, F|83/100 brn
|turn|14
|
|switch|p2a: Dugtrio|Dugtrio, M|100/100
|move|p1a: Jolteon|Copycat|p1a: Jolteon
|move|p1a: Jolteon|Dynamax Cannon|p2a: Dugtrio|[from]Copycat
|-damage|p2a: Dugtrio|37/100
|
|-damage|p1a: Jolteon|77/100 brn|[from] brn
|upkeep
|turn|15
|
|switch|p2a: Aegislash|Aegislash, M|100/100
|move|p1a: Jolteon|Copycat|p1a: Jolteon
|move|p1a: Jolteon|Dynamax Cannon|p2a: Aegislash|[from]Copycat
|-resisted|p2a: Aegislash
|-damage|p2a: Aegislash|88/100
|
|-damage|p1a: Jolteon|71/100 brn|[from] brn
|upkeep
|turn|16
|c|☆TheNoraShinki|hella de ja vu
|
|move|p1a: Jolteon|Baton Pass|p1a: Jolteon
|
|switch|p1a: Dugtrio|Dugtrio, M|100/100|[from]move: Baton Pass
|-formechange|p2a: Aegislash|Aegislash-Blade||[from] ability: Stance Change
|move|p2a: Aegislash|Shadow Ball|p1a: Dugtrio
|-enditem|p1a: Dugtrio|Focus Sash
|-damage|p1a: Dugtrio|1/100
|
|upkeep
|turn|17
|
|switch|p2a: Corviknight|Corviknight, F|100/100
|-ability|p2a: Corviknight|Pressure
|move|p1a: Dugtrio|Stealth Rock|p2a: Corviknight
|-sidestart|p2: TheNoraShinki|move: Stealth Rock
|
|upkeep
|turn|18
|
|move|p1a: Dugtrio|Memento|p2a: Corviknight
|-unboost|p2a: Corviknight|atk|2
|-unboost|p2a: Corviknight|spa|2
|faint|p1a: Dugtrio
|move|p2a: Corviknight|U-turn|p1: Dugtrio|[notarget]
|-fail|p2a: Corviknight
|
|upkeep
|
|switch|p1a: Cloyster|Cloyster, M|100/100
|turn|19
|
|move|p1a: Cloyster|Shell Smash|p1a: Cloyster
|-unboost|p1a: Cloyster|def|1
|-unboost|p1a: Cloyster|spd|1
|-boost|p1a: Cloyster|atk|2
|-boost|p1a: Cloyster|spa|2
|-boost|p1a: Cloyster|spe|2
|move|p2a: Corviknight|Body Press|p1a: Cloyster
|-supereffective|p1a: Cloyster
|-damage|p1a: Cloyster|37/100
|
|upkeep
|turn|20
|
|move|p1a: Cloyster|Icicle Spear|p2a: Corviknight
|-damage|p2a: Corviknight|86/100
|-damage|p2a: Corviknight|71/100
|-damage|p2a: Corviknight|57/100
|-damage|p2a: Corviknight|43/100
|-damage|p2a: Corviknight|28/100
|-hitcount|p2a: Corviknight|5
|cant|p2a: Corviknight|flinch
|
|upkeep
|turn|21
|c|☆TheNoraShinki|pls no
|c|☆dagsattvinna|there we go
|c|☆TheNoraShinki|lmfao
|c|☆dagsattvinna|LMAO
|
|move|p1a: Cloyster|Icicle Spear|p2a: Corviknight
|-damage|p2a: Corviknight|13/100
|-damage|p2a: Corviknight|0 fnt
|-hitcount|p2a: Corviknight|2
|faint|p2a: Corviknight
|
|upkeep
|
|switch|p2a: Vaporeon|Vaporeon, F|100/100
|-damage|p2a: Vaporeon|88/100|[from] Stealth Rock
|turn|22
|
|-start|p2a: Vaporeon|Dynamax
|-heal|p2a: Vaporeon|88/100|[silent]
|move|p1a: Cloyster|Rock Blast|p2a: Vaporeon
|-crit|p2a: Vaporeon
|-damage|p2a: Vaporeon|79/100
|-damage|p2a: Vaporeon|72/100
|-damage|p2a: Vaporeon|67/100
|-damage|p2a: Vaporeon|61/100
|-crit|p2a: Vaporeon
|-damage|p2a: Vaporeon|53/100
|-hitcount|p2a: Vaporeon|5
|move|p2a: Vaporeon|Max Geyser|p1a: Cloyster
|-resisted|p1a: Cloyster
|-damage|p1a: Cloyster|0 fnt
|-weather|RainDance
|faint|p1a: Cloyster
|
|-weather|RainDance|[upkeep]
|-heal|p2a: Vaporeon|56/100|[from] item: Leftovers
|upkeep
|c|☆dagsattvinna|oh yea dyna can't flinch
|c|☆TheNoraShinki|ye
|
|switch|p1a: Pyukumuku|Pyukumuku, M|100/100
|turn|23
|
|-end|p2a: Vaporeon|Dynamax
|-heal|p2a: Vaporeon|56/100|[silent]
|switch|p2a: Aegislash|Aegislash, M|88/100
|-damage|p2a: Aegislash|82/100|[from] Stealth Rock
|move|p1a: Pyukumuku|Baton Pass|p1a: Pyukumuku
|
|switch|p1a: Gyarados|Gyarados, F|100/100|[from]move: Baton Pass
|
|-weather|RainDance|[upkeep]
|upkeep
|turn|24
|
|-start|p1a: Gyarados|Dynamax
|-heal|p1a: Gyarados|100/100|[silent]
|move|p1a: Gyarados|Max Quake|p2a: Aegislash
|-supereffective|p2a: Aegislash
|-damage|p2a: Aegislash|0 fnt
|-boost|p1a: Gyarados|spd|1
|faint|p2a: Aegislash
|-ability|p1a: Gyarados|Moxie|boost
|-boost|p1a: Gyarados|atk|1
|
|-weather|RainDance|[upkeep]
|upkeep
|
|switch|p2a: Eternatus|Eternatus|94/100
|-damage|p2a: Eternatus|82/100|[from] Stealth Rock
|-ability|p2a: Eternatus|Pressure
|turn|25
|
|move|p2a: Eternatus|Cosmic Power|p2a: Eternatus
|-boost|p2a: Eternatus|def|1
|-boost|p2a: Eternatus|spd|1
|move|p1a: Gyarados|Max Airstream|p2a: Eternatus
|-damage|p2a: Eternatus|23/100
|-boost|p1a: Gyarados|spe|1
|
|-weather|RainDance|[upkeep]
|upkeep
|turn|26
|c|☆dagsattvinna|UNLIMITED POWEr
|
|move|p1a: Gyarados|Max Airstream|p2a: Eternatus
|-damage|p2a: Eternatus|0 fnt
|-boost|p1a: Gyarados|spe|1
|faint|p2a: Eternatus
|-ability|p1a: Gyarados|Moxie|boost
|-boost|p1a: Gyarados|atk|1
|
|-weather|none
|-end|p1a: Gyarados|Dynamax
|-heal|p1a: Gyarados|100/100|[silent]
|upkeep
|
|switch|p2a: Vaporeon|Vaporeon, F|56/100
|-damage|p2a: Vaporeon|43/100|[from] Stealth Rock
|turn|27
|
|move|p2a: Vaporeon|Protect|p2a: Vaporeon
|-singleturn|p2a: Vaporeon|Protect
|move|p1a: Gyarados|Earthquake|p2a: Vaporeon
|-activate|p2a: Vaporeon|move: Protect
|
|-heal|p2a: Vaporeon|50/100|[from] item: Leftovers
|upkeep
|turn|28
|
|move|p1a: Gyarados|Earthquake|p2a: Vaporeon
|-damage|p2a: Vaporeon|0 fnt
|faint|p2a: Vaporeon
|-ability|p1a: Gyarados|Moxie|boost
|-boost|p1a: Gyarados|atk|1
|
|upkeep
|c|☆dagsattvinna|ok u are
|c|☆TheNoraShinki|bruh hella de ja vu
|c|☆dagsattvinna|the first person
|c|☆dagsattvinna|i beat
|c|☆dagsattvinna|with this
|c|☆TheNoraShinki|lmfao
|c|☆dagsattvinna|loooool
|c|☆TheNoraShinki|bro whenever i lose to him
|c|☆TheNoraShinki|its cos his cloyster
|c|☆dagsattvinna|lmao this team is too fun
|c|☆dagsattvinna|yea
|c|☆TheNoraShinki|flinches smth important
|c|☆dagsattvinna|it's 40%
|c|☆dagsattvinna|to flinch
|c|☆dagsattvinna|with king's rock icicle
|c|☆TheNoraShinki|or his focus energy into gyra
|c|☆TheNoraShinki|crits smth important
|c|☆dagsattvinna|yea
|
|switch|p2a: Dugtrio|Dugtrio, M|37/100
|-damage|p2a: Dugtrio|31/100|[from] Stealth Rock
|turn|29
|c|☆dagsattvinna|i think
|c|☆dagsattvinna|if u manage to pass
|c|☆dagsattvinna|focus into cloy
|c|☆dagsattvinna|and smash
|c|☆dagsattvinna|oml
|c|☆dagsattvinna|u get 50 % to crit
|c|☆TheNoraShinki|aids incaranate
|c|☆dagsattvinna|on EACH ICICLE
|c|☆dagsattvinna|LMAO
|
|move|p2a: Dugtrio|Sucker Punch|p1a: Gyarados
|-damage|p1a: Gyarados|73/100
|move|p1a: Gyarados|Waterfall|p2a: Dugtrio
|-supereffective|p2a: Dugtrio
|-damage|p2a: Dugtrio|0 fnt
|faint|p2a: Dugtrio
|-ability|p1a: Gyarados|Moxie|boost
|-boost|p1a: Gyarados|atk|1
|
|upkeep
|c|☆dagsattvinna|but this gyara
|c|☆dagsattvinna|is a beast
|c|☆dagsattvinna|taunt 3 atk
|c|☆dagsattvinna|he just goes
|c|☆dagsattvinna|dyna directly
|c|☆TheNoraShinki|yeah
|c|☆dagsattvinna|no fucks given
|c|☆dagsattvinna|i think
|c|☆dagsattvinna|that's actually optimal
|c|☆dagsattvinna|dd is forced to be done
|c|☆dagsattvinna|in ur weak forme
|c|☆dagsattvinna|which has less bulk etc
|c|☆TheNoraShinki|ye
|c|☆dagsattvinna|ok im off for a while
|c|☆dagsattvinna|bulky dug
|c|☆dagsattvinna|might be a good call
|c|☆dagsattvinna|on this team
|c|☆TheNoraShinki|yeah
|c|☆dagsattvinna|i was debating using it
|c|☆dagsattvinna|last week
|c|☆dagsattvinna|vs terra
|c|☆TheNoraShinki|snorlax sab also very nice tho
|c|☆TheNoraShinki|anyways gg bro
|-message|TheNoraShinki forfeited.
|
|win|dagsattvinna
|raw|dagsattvinna's rating: 1676 &rarr; <strong>1692</strong><br />(+16 for winning)
|raw|TheNoraShinki's rating: 1614 &rarr; <strong>1597</strong><br />(-17 for losing)
