|j|☆QiYu3
|j|☆PokePoindexter
|player|p1|QiYu3|psychic-gen4|1557
|player|p2|PokePoindexter|zinzolin|1514
|teamsize|p1|6
|teamsize|p2|6
|gametype|singles
|gen|8
|tier|[Gen 8] Ubers
|rated|
|clearpoke
|poke|p1|Dracovish|
|poke|p1|Quagsire, F|
|poke|p1|Tyranitar, M|
|poke|p1|Zacian-*|
|poke|p1|Corviknight, F|
|poke|p1|Ditto|
|poke|p2|Zacian-*|
|poke|p2|Eternatus|
|poke|p2|Ditto|
|poke|p2|Morpeko, F|
|poke|p2|Corviknight, M|
|poke|p2|Seismitoad, F|
|rule|Sleep Clause Mod: Limit one foe put to sleep
|rule|Species Clause: Limit one of each Pokémon
|rule|OHKO Clause: OHKO moves are banned
|rule|Evasion Moves Clause: Evasion moves are banned
|rule|Endless Battle Clause: Forcing endless battles is banned
|rule|HP Percentage Mod: HP is shown in percentages
|teampreview
|inactive|Battle timer is ON: inactive players will automatically lose when time's up. (requested by PokePoindexter)
|
|start
|switch|p1a: Zacian|Zacian-Crowned|100/100
|switch|p2a: Zacian|Zacian-Crowned|100/100
|-ability|p1a: Zacian|Intrepid Sword|boost
|-boost|p1a: Zacian|atk|1
|-ability|p2a: Zacian|Intrepid Sword|boost
|-boost|p2a: Zacian|atk|1
|turn|1
|
|move|p2a: Zacian|Behemoth Blade|p1a: Zacian
|-damage|p1a: Zacian|10/100
|move|p1a: Zacian|Behemoth Blade|p2a: Zacian
|-damage|p2a: Zacian|12/100
|
|upkeep
|turn|2
|
|switch|p2a: Corviknight|Corviknight, M|100/100
|move|p1a: Zacian|Behemoth Blade|p2a: Corviknight
|-resisted|p2a: Corviknight
|-damage|p2a: Corviknight|72/100
|
|upkeep
|turn|3
|
|move|p1a: Zacian|Close Combat|p2a: Corviknight
|-damage|p2a: Corviknight|27/100
|-unboost|p1a: Zacian|def|1
|-unboost|p1a: Zacian|spd|1
|move|p2a: Corviknight|Roost|p2a: Corviknight
|-heal|p2a: Corviknight|77/100
|-singleturn|p2a: Corviknight|move: Roost
|
|upkeep
|turn|4
|
|move|p1a: Zacian|Swords Dance|p1a: Zacian
|-boost|p1a: Zacian|atk|2
|move|p2a: Corviknight|U-turn|p1a: Zacian
|-resisted|p1a: Zacian
|-damage|p1a: Zacian|5/100
|
|switch|p2a: Ditto|Ditto|100/100|[from]move: U-turn
|-transform|p2a: Ditto|p1a: Zacian|[from] ability: Imposter
|-ability|p2a: Ditto|Intrepid Sword|boost
|-boost|p2a: Ditto|atk|1
|
|upkeep
|turn|5
|
|switch|p1a: Quagsire|Quagsire, F|100/100
|move|p2a: Ditto|Behemoth Blade|p1a: Quagsire
|-resisted|p1a: Quagsire
|-damage|p1a: Quagsire|80/100
|
|upkeep
|turn|6
|
|switch|p2a: Seismitoad|Seismitoad, F|100/100
|move|p1a: Quagsire|Recover|p1a: Quagsire
|-heal|p1a: Quagsire|100/100
|
|upkeep
|turn|7
|
|move|p2a: Seismitoad|Stealth Rock|p1a: Quagsire
|-sidestart|p1: QiYu3|move: Stealth Rock
|move|p1a: Quagsire|Curse|p1a: Quagsire
|-unboost|p1a: Quagsire|spe|1
|-boost|p1a: Quagsire|atk|1
|-boost|p1a: Quagsire|def|1
|
|upkeep
|turn|8
|
|-start|p1a: Quagsire|Dynamax
|-heal|p1a: Quagsire|100/100|[silent]
|move|p2a: Seismitoad|Toxic|p1a: Quagsire|[miss]
|-miss|p2a: Seismitoad|p1a: Quagsire
|move|p1a: Quagsire|Max Quake|p2a: Seismitoad
|-damage|p2a: Seismitoad|42/100
|-boost|p1a: Quagsire|spd|1
|
|-heal|p2a: Seismitoad|48/100|[from] item: Leftovers
|upkeep
|turn|9
|
|switch|p2a: Corviknight|Corviknight, M|77/100
|move|p1a: Quagsire|Max Quake|p2a: Corviknight
|-immune|p2a: Corviknight
|
|upkeep
|turn|10
|
|move|p2a: Corviknight|Taunt|p1a: Quagsire
|-start|p1a: Quagsire|move: Taunt
|move|p1a: Quagsire|Max Quake|p2a: Corviknight
|-immune|p2a: Corviknight
|
|-end|p1a: Quagsire|Dynamax
|-heal|p1a: Quagsire|100/100|[silent]
|upkeep
|turn|11
|
|move|p2a: Corviknight|U-turn|p1a: Quagsire
|-damage|p1a: Quagsire|94/100
|
|switch|p2a: Seismitoad|Seismitoad, F|48/100|[from]move: U-turn
|move|p1a: Quagsire|Earthquake|p2a: Seismitoad
|-damage|p2a: Seismitoad|3/100
|
|-heal|p2a: Seismitoad|9/100|[from] item: Leftovers
|upkeep
|turn|12
|
|switch|p2a: Corviknight|Corviknight, M|77/100
|switch|p1a: Corviknight|Corviknight, F|100/100
|-damage|p1a: Corviknight|88/100|[from] Stealth Rock
|-ability|p1a: Corviknight|Pressure
|
|-heal|p1a: Corviknight|94/100|[from] item: Leftovers
|upkeep
|turn|13
|
|move|p1a: Corviknight|Defog|p2a: Corviknight
|-ability|p2a: Corviknight|Mirror Armor
|-unboost|p1a: Corviknight|evasion|1
|-sideend|p1: QiYu3|Stealth Rock|[from] move: Defog|[of] p1a: Corviknight
|move|p2a: Corviknight|Taunt|p1a: Corviknight
|-start|p1a: Corviknight|move: Taunt
|
|-heal|p1a: Corviknight|100/100|[from] item: Leftovers
|upkeep
|turn|14
|
|move|p1a: Corviknight|Brave Bird|p2a: Corviknight
|-resisted|p2a: Corviknight
|-damage|p2a: Corviknight|67/100
|-damage|p1a: Corviknight|97/100|[from] Recoil
|move|p2a: Corviknight|U-turn|p1a: Corviknight
|-resisted|p1a: Corviknight
|-damage|p1a: Corviknight|95/100
|
|switch|p2a: Eternatus|Eternatus|100/100|[from]move: U-turn
|-ability|p2a: Eternatus|Pressure
|
|-heal|p1a: Corviknight|100/100|[from] item: Leftovers
|upkeep
|turn|15
|
|switch|p1a: Tyranitar|Tyranitar, M|100/100
|-weather|Sandstorm|[from] ability: Sand Stream|[of] p1a: Tyranitar
|move|p2a: Eternatus|Dynamax Cannon|p1a: Tyranitar
|-damage|p1a: Tyranitar|76/100
|
|-weather|Sandstorm|[upkeep]
|-damage|p2a: Eternatus|94/100|[from] Sandstorm
|-heal|p2a: Eternatus|100/100|[from] item: Leftovers
|-heal|p1a: Tyranitar|82/100|[from] item: Leftovers
|upkeep
|turn|16
|j| The sun gate
|
|switch|p2a: Corviknight|Corviknight, M|67/100
|move|p1a: Tyranitar|Crunch|p2a: Corviknight
|-damage|p2a: Corviknight|47/100
|
|-weather|Sandstorm|[upkeep]
|-heal|p1a: Tyranitar|88/100|[from] item: Leftovers
|upkeep
|turn|17
|
|switch|p1a: Dracovish|Dracovish|100/100
|move|p2a: Corviknight|Roost|p2a: Corviknight
|-heal|p2a: Corviknight|97/100
|-singleturn|p2a: Corviknight|move: Roost
|
|-weather|Sandstorm|[upkeep]
|-damage|p1a: Dracovish|94/100|[from] Sandstorm
|upkeep
|turn|18
|
|switch|p2a: Seismitoad|Seismitoad, F|9/100
|move|p1a: Dracovish|Psychic Fangs|p2a: Seismitoad
|-damage|p2a: Seismitoad|0 fnt
|faint|p2a: Seismitoad
|
|-weather|Sandstorm|[upkeep]
|-damage|p1a: Dracovish|88/100|[from] Sandstorm
|upkeep
|
|switch|p2a: Morpeko|Morpeko, F|100/100
|turn|19
|
|switch|p1a: Tyranitar|Tyranitar, M|88/100
|move|p2a: Morpeko|Seed Bomb|p1a: Tyranitar
|-supereffective|p1a: Tyranitar
|-damage|p1a: Tyranitar|33/100
|
|-weather|none
|-heal|p1a: Tyranitar|39/100|[from] item: Leftovers
|-formechange|p2a: Morpeko|Morpeko-Hangry||[from] ability: Hunger Switch
|upkeep
|turn|20
|
|switch|p1a: Corviknight|Corviknight, F|100/100
|-ability|p1a: Corviknight|Pressure
|move|p2a: Morpeko|Seed Bomb|p1a: Corviknight
|-resisted|p1a: Corviknight
|-damage|p1a: Corviknight|95/100
|
|-heal|p1a: Corviknight|100/100|[from] item: Leftovers
|-formechange|p2a: Morpeko|Morpeko||[from] ability: Hunger Switch
|upkeep
|turn|21
|
|-start|p2a: Morpeko|Dynamax
|-heal|p2a: Morpeko|100/100|[silent]
|move|p2a: Morpeko|Max Lightning|p1a: Corviknight
|-supereffective|p1a: Corviknight
|-damage|p1a: Corviknight|29/100
|-fieldstart|move: Electric Terrain
|move|p1a: Corviknight|Brave Bird|p2a: Morpeko
|-resisted|p2a: Morpeko
|-damage|p2a: Morpeko|80/100
|-damage|p1a: Corviknight|21/100|[from] Recoil
|
|-heal|p1a: Corviknight|27/100|[from] item: Leftovers
|-formechange|p2a: Morpeko|Morpeko-Hangry||[from] ability: Hunger Switch
|upkeep
|turn|22
|
|move|p2a: Morpeko|Max Knuckle|p1a: Corviknight
|-damage|p1a: Corviknight|10/100
|-boost|p2a: Morpeko|atk|1
|move|p1a: Corviknight|Roost|p1a: Corviknight
|-heal|p1a: Corviknight|60/100
|-singleturn|p1a: Corviknight|move: Roost
|
|-heal|p1a: Corviknight|66/100|[from] item: Leftovers
|-formechange|p2a: Morpeko|Morpeko||[from] ability: Hunger Switch
|upkeep
|turn|23
|
|move|p2a: Morpeko|Max Lightning|p1a: Corviknight
|-supereffective|p1a: Corviknight
|-damage|p1a: Corviknight|0 fnt
|faint|p1a: Corviknight
|
|-end|p2a: Morpeko|Dynamax
|-heal|p2a: Morpeko|80/100|[silent]
|-formechange|p2a: Morpeko|Morpeko-Hangry||[from] ability: Hunger Switch
|upkeep
|
|switch|p1a: Zacian|Zacian-Crowned|5/100
|-ability|p1a: Zacian|Intrepid Sword|boost
|-boost|p1a: Zacian|atk|1
|turn|24
|
|switch|p2a: Zacian|Zacian-Crowned|12/100
|-ability|p2a: Zacian|Intrepid Sword|boost
|-boost|p2a: Zacian|atk|1
|move|p1a: Zacian|Close Combat|p2a: Zacian
|-damage|p2a: Zacian|0 fnt
|-unboost|p1a: Zacian|def|1
|-unboost|p1a: Zacian|spd|1
|faint|p2a: Zacian
|
|upkeep
|
|switch|p2a: Ditto|Ditto|100/100
|-transform|p2a: Ditto|p1a: Zacian|[from] ability: Imposter
|-ability|p2a: Ditto|Intrepid Sword|boost
|-boost|p2a: Ditto|atk|1
|turn|25
|
|switch|p1a: Quagsire|Quagsire, F|94/100
|move|p2a: Ditto|Play Rough|p1a: Quagsire
|-damage|p1a: Quagsire|52/100
|
|-fieldend|move: Electric Terrain
|upkeep
|turn|26
|
|switch|p2a: Morpeko|Morpeko, F|80/100
|move|p1a: Quagsire|Recover|p1a: Quagsire
|-heal|p1a: Quagsire|100/100
|
|-formechange|p2a: Morpeko|Morpeko-Hangry||[from] ability: Hunger Switch
|upkeep
|turn|27
|
|switch|p1a: Ditto|Ditto|100/100
|-transform|p1a: Ditto|p2a: Morpeko|[from] ability: Imposter
|move|p2a: Morpeko|Aura Wheel|p1a: Ditto
|-resisted|p1a: Ditto
|-damage|p1a: Ditto|29/100
|-boost|p2a: Morpeko|spe|1
|
|-formechange|p2a: Morpeko|Morpeko||[from] ability: Hunger Switch
|upkeep
|turn|28
|
|move|p2a: Morpeko|Aura Wheel|p1a: Ditto
|-resisted|p1a: Ditto
|-damage|p1a: Ditto|0 fnt
|-boost|p2a: Morpeko|spe|1
|faint|p1a: Ditto
|
|-formechange|p2a: Morpeko|Morpeko-Hangry||[from] ability: Hunger Switch
|upkeep
|
|switch|p1a: Dracovish|Dracovish|88/100
|turn|29
|
|move|p2a: Morpeko|Aura Wheel|p1a: Dracovish
|-damage|p1a: Dracovish|3/100
|-boost|p2a: Morpeko|spe|1
|move|p1a: Dracovish|Fishious Rend|p2a: Morpeko
|-damage|p2a: Morpeko|0 fnt
|faint|p2a: Morpeko
|
|upkeep
|
|switch|p2a: Eternatus|Eternatus|100/100
|-ability|p2a: Eternatus|Pressure
|turn|30
|
|move|p2a: Eternatus|Flamethrower|p1a: Dracovish
|-resisted|p1a: Dracovish
|-damage|p1a: Dracovish|0 fnt
|faint|p1a: Dracovish
|
|upkeep
|
|switch|p1a: Tyranitar|Tyranitar, M|39/100
|-weather|Sandstorm|[from] ability: Sand Stream|[of] p1a: Tyranitar
|turn|31
|
|switch|p2a: Ditto|Ditto|100/100
|-transform|p2a: Ditto|p1a: Tyranitar|[from] ability: Imposter
|move|p1a: Tyranitar|Rest|p1a: Tyranitar
|-status|p1a: Tyranitar|slp|[from] move: Rest
|-heal|p1a: Tyranitar|100/100 slp|[silent]
|
|-weather|Sandstorm|[upkeep]
|upkeep
|turn|32
|
|switch|p1a: Zacian|Zacian-Crowned|5/100
|-ability|p1a: Zacian|Intrepid Sword|boost
|-boost|p1a: Zacian|atk|1
|move|p2a: Ditto|Earthquake|p1a: Zacian
|-supereffective|p1a: Zacian
|-damage|p1a: Zacian|0 fnt
|faint|p1a: Zacian
|
|-weather|Sandstorm|[upkeep]
|upkeep
|
|switch|p1a: Quagsire|Quagsire, F|100/100
|turn|33
|
|move|p2a: Ditto|Earthquake|p1a: Quagsire
|-damage|p1a: Quagsire|80/100
|move|p1a: Quagsire|Curse|p1a: Quagsire
|-unboost|p1a: Quagsire|spe|1
|-boost|p1a: Quagsire|atk|1
|-boost|p1a: Quagsire|def|1
|
|-weather|Sandstorm|[upkeep]
|upkeep
|turn|34
|
|switch|p2a: Eternatus|Eternatus|100/100
|-ability|p2a: Eternatus|Pressure
|move|p1a: Quagsire|Scald|p2a: Eternatus
|-resisted|p2a: Eternatus
|-damage|p2a: Eternatus|93/100
|
|-weather|Sandstorm|[upkeep]
|-damage|p2a: Eternatus|87/100|[from] Sandstorm
|-heal|p2a: Eternatus|93/100|[from] item: Leftovers
|upkeep
|turn|35
|
|switch|p1a: Tyranitar|Tyranitar, M|100/100 slp
|move|p2a: Eternatus|Dynamax Cannon|p1a: Tyranitar
|-damage|p1a: Tyranitar|74/100 slp
|
|-weather|none
|-heal|p2a: Eternatus|99/100|[from] item: Leftovers
|-heal|p1a: Tyranitar|80/100 slp|[from] item: Leftovers
|upkeep
|turn|36
|
|switch|p2a: Ditto|Ditto|100/100
|-transform|p2a: Ditto|p1a: Tyranitar|[from] ability: Imposter
|-weather|Sandstorm|[from] ability: Sand Stream|[of] p2a: Ditto
|switch|p1a: Quagsire|Quagsire, F|80/100
|
|-weather|Sandstorm|[upkeep]
|upkeep
|turn|37
|
|move|p2a: Ditto|Stealth Rock|p1a: Quagsire
|-sidestart|p1: QiYu3|move: Stealth Rock
|move|p1a: Quagsire|Earthquake|p2a: Ditto
|-supereffective|p2a: Ditto
|-damage|p2a: Ditto|36/100
|
|-weather|Sandstorm|[upkeep]
|upkeep
|turn|38
|
|switch|p2a: Corviknight|Corviknight, M|97/100
|move|p1a: Quagsire|Recover|p1a: Quagsire
|-heal|p1a: Quagsire|100/100
|
|-weather|Sandstorm|[upkeep]
|upkeep
|turn|39
|
|move|p2a: Corviknight|Taunt|p1a: Quagsire
|-start|p1a: Quagsire|move: Taunt
|move|p1a: Quagsire|Scald|p2a: Corviknight
|-damage|p2a: Corviknight|77/100
|
|-weather|Sandstorm|[upkeep]
|upkeep
|turn|40
|l| The sun gate
|inactive|QiYu3 has 120 seconds left.
|
|move|p2a: Corviknight|U-turn|p1a: Quagsire
|-damage|p1a: Quagsire|89/100
|
|switch|p2a: Eternatus|Eternatus|99/100|[from]move: U-turn
|-ability|p2a: Eternatus|Pressure
|move|p1a: Quagsire|Earthquake|p2a: Eternatus
|-supereffective|p2a: Eternatus
|-damage|p2a: Eternatus|46/100
|
|-weather|none
|-heal|p2a: Eternatus|53/100|[from] item: Leftovers
|upkeep
|turn|41
|
|switch|p1a: Tyranitar|Tyranitar, M|80/100 slp
|-damage|p1a: Tyranitar|68/100 slp|[from] Stealth Rock
|-weather|Sandstorm|[from] ability: Sand Stream|[of] p1a: Tyranitar
|move|p2a: Eternatus|Dynamax Cannon|p1a: Tyranitar
|-damage|p1a: Tyranitar|43/100 slp
|
|-weather|Sandstorm|[upkeep]
|-damage|p2a: Eternatus|46/100|[from] Sandstorm
|-heal|p2a: Eternatus|53/100|[from] item: Leftovers
|-heal|p1a: Tyranitar|49/100 slp|[from] item: Leftovers
|upkeep
|turn|42
|
|move|p2a: Eternatus|Dynamax Cannon|p1a: Tyranitar
|-damage|p1a: Tyranitar|26/100 slp
|cant|p1a: Tyranitar|slp
|
|-weather|Sandstorm|[upkeep]
|-damage|p2a: Eternatus|46/100|[from] Sandstorm
|-heal|p2a: Eternatus|53/100|[from] item: Leftovers
|-heal|p1a: Tyranitar|32/100 slp|[from] item: Leftovers
|upkeep
|turn|43
|
|switch|p2a: Ditto|Ditto|36/100
|-transform|p2a: Ditto|p1a: Tyranitar|[from] ability: Imposter
|cant|p1a: Tyranitar|slp
|
|-weather|Sandstorm|[upkeep]
|-heal|p1a: Tyranitar|38/100 slp|[from] item: Leftovers
|upkeep
|turn|44
|
|switch|p1a: Quagsire|Quagsire, F|89/100
|-damage|p1a: Quagsire|83/100|[from] Stealth Rock
|move|p2a: Ditto|Earthquake|p1a: Quagsire
|-damage|p1a: Quagsire|64/100
|
|-weather|Sandstorm|[upkeep]
|upkeep
|turn|45
|
|switch|p2a: Corviknight|Corviknight, M|77/100
|move|p1a: Quagsire|Curse|p1a: Quagsire
|-unboost|p1a: Quagsire|spe|1
|-boost|p1a: Quagsire|atk|1
|-boost|p1a: Quagsire|def|1
|
|-weather|none
|upkeep
|turn|46
|
|move|p2a: Corviknight|Taunt|p1a: Quagsire
|-start|p1a: Quagsire|move: Taunt
|move|p1a: Quagsire|Earthquake|p2a: Corviknight
|-immune|p2a: Corviknight
|
|upkeep
|turn|47
|
|move|p2a: Corviknight|U-turn|p1a: Quagsire
|-damage|p1a: Quagsire|57/100
|
|switch|p2a: Eternatus|Eternatus|53/100|[from]move: U-turn
|-ability|p2a: Eternatus|Pressure
|move|p1a: Quagsire|Scald|p2a: Eternatus
|-resisted|p2a: Eternatus
|-damage|p2a: Eternatus|45/100
|
|-heal|p2a: Eternatus|51/100|[from] item: Leftovers
|upkeep
|turn|48
|c|☆QiYu3|what?
|
|move|p2a: Eternatus|Dynamax Cannon|p1a: Quagsire
|-damage|p1a: Quagsire|0 fnt
|faint|p1a: Quagsire
|
|-heal|p2a: Eternatus|57/100|[from] item: Leftovers
|upkeep
|
|switch|p1a: Tyranitar|Tyranitar, M|38/100 slp
|-damage|p1a: Tyranitar|26/100 slp|[from] Stealth Rock
|-weather|Sandstorm|[from] ability: Sand Stream|[of] p1a: Tyranitar
|turn|49
|
|switch|p2a: Ditto|Ditto|36/100
|-transform|p2a: Ditto|p1a: Tyranitar|[from] ability: Imposter
|-curestatus|p1a: Tyranitar|slp|[msg]
|move|p1a: Tyranitar|Rest|p1a: Tyranitar
|-status|p1a: Tyranitar|slp|[from] move: Rest
|-heal|p1a: Tyranitar|100/100 slp|[silent]
|
|-weather|Sandstorm|[upkeep]
|upkeep
|turn|50
|-message|QiYu3 forfeited.
|
|win|PokePoindexter
|l|☆QiYu3
|raw|QiYu3's rating: 1557 &rarr; <strong>1535</strong><br />(-22 for losing)
|raw|PokePoindexter's rating: 1514 &rarr; <strong>1537</strong><br />(+23 for winning)
