|html|<div class="broadcast-blue"><strong>[Gen 8] Ubers is currently suspecting Shadow Tag! For information on how to participate check out the <a href="https://www.smogon.com/forums/threads/np-ss-ubers-stage-6-tag-youre-it.3679546/">suspect thread</a>.</strong></div>
|j|☆RIP_Player
|j|☆tedyed
|t:|1616196355
|player|p1|RIP_Player|firebreather|1371
|player|p2|tedyed|266|1420
|teamsize|p1|6
|teamsize|p2|6
|gametype|singles
|gen|8
|tier|[Gen 8] Ubers
|rated|
|clearpoke
|poke|p1|Calyrex-Shadow|
|poke|p1|Chansey, F|
|poke|p1|Darmanitan-Galar, M|
|poke|p1|Ferrothorn, F|
|poke|p1|Marshadow|
|poke|p1|Necrozma-Dusk-Mane|
|poke|p2|Dracovish|
|poke|p2|Calyrex-Shadow|
|poke|p2|Xerneas|
|poke|p2|Zygarde|
|poke|p2|Zacian|
|poke|p2|Yveltal|
|rule|Sleep Clause Mod: Limit one foe put to sleep
|rule|Species Clause: Limit one of each Pokémon
|rule|OHKO Clause: OHKO moves are banned
|rule|Evasion Moves Clause: Evasion moves are banned
|rule|Endless Battle Clause: Forcing endless battles is banned
|rule|HP Percentage Mod: HP is shown in percentages
|rule|Dynamax Clause: You cannot dynamax
|teampreview
|inactive|Battle timer is ON: inactive players will automatically lose when time's up. (requested by RIP_Player)
|
|t:|1616196373
|start
|switch|p1a: Ferrothorn|Ferrothorn, F|100/100
|switch|p2a: Zygarde|Zygarde, shiny|100/100
|turn|1
|
|t:|1616196393
|move|p2a: Zygarde|Glare|p1a: Ferrothorn
|-status|p1a: Ferrothorn|par
|move|p1a: Ferrothorn|Leech Seed|p2a: Zygarde
|-start|p2a: Zygarde|move: Leech Seed
|
|-damage|p2a: Zygarde|88/100|[from] Leech Seed|[of] p1a: Ferrothorn
|upkeep
|turn|2
|
|t:|1616196399
|move|p2a: Zygarde|Substitute|p2a: Zygarde
|-start|p2a: Zygarde|Substitute
|-damage|p2a: Zygarde|63/100
|move|p1a: Ferrothorn|Curse|p1a: Ferrothorn
|-unboost|p1a: Ferrothorn|spe|1
|-boost|p1a: Ferrothorn|atk|1
|-boost|p1a: Ferrothorn|def|1
|
|-heal|p2a: Zygarde|69/100|[from] item: Leftovers
|-damage|p2a: Zygarde|57/100|[from] Leech Seed|[of] p1a: Ferrothorn
|upkeep
|turn|3
|
|t:|1616196408
|move|p2a: Zygarde|Coil|p2a: Zygarde
|-boost|p2a: Zygarde|atk|1
|-boost|p2a: Zygarde|def|1
|-boost|p2a: Zygarde|accuracy|1
|move|p1a: Ferrothorn|Curse|p1a: Ferrothorn
|-unboost|p1a: Ferrothorn|spe|1
|-boost|p1a: Ferrothorn|atk|1
|-boost|p1a: Ferrothorn|def|1
|
|-heal|p2a: Zygarde|63/100|[from] item: Leftovers
|-damage|p2a: Zygarde|51/100|[from] Leech Seed|[of] p1a: Ferrothorn
|upkeep
|turn|4
|
|t:|1616196419
|move|p2a: Zygarde|Coil|p2a: Zygarde
|-boost|p2a: Zygarde|atk|1
|-boost|p2a: Zygarde|def|1
|-boost|p2a: Zygarde|accuracy|1
|cant|p1a: Ferrothorn|par
|
|-heal|p2a: Zygarde|57/100|[from] item: Leftovers
|-damage|p2a: Zygarde|45/100|[from] Leech Seed|[of] p1a: Ferrothorn
|-activate|p2a: Zygarde|ability: Power Construct
|detailschange|p2a: Zygarde|Zygarde-Complete, shiny
|-heal|p2a: Zygarde|64/100|[silent]
|upkeep
|turn|5
|
|t:|1616196433
|move|p2a: Zygarde|Thousand Arrows|p1a: Ferrothorn
|-damage|p1a: Ferrothorn|76/100 par
|move|p1a: Ferrothorn|Curse|p1a: Ferrothorn
|-unboost|p1a: Ferrothorn|spe|1
|-boost|p1a: Ferrothorn|atk|1
|-boost|p1a: Ferrothorn|def|1
|
|-heal|p2a: Zygarde|70/100|[from] item: Leftovers
|-heal|p1a: Ferrothorn|82/100 par|[from] item: Leftovers
|-damage|p2a: Zygarde|57/100|[from] Leech Seed|[of] p1a: Ferrothorn
|-heal|p1a: Ferrothorn|100/100 par|[silent]
|upkeep
|turn|6
|
|t:|1616196447
|move|p2a: Zygarde|Thousand Arrows|p1a: Ferrothorn
|-damage|p1a: Ferrothorn|82/100 par
|cant|p1a: Ferrothorn|par
|
|-heal|p2a: Zygarde|63/100|[from] item: Leftovers
|-heal|p1a: Ferrothorn|88/100 par|[from] item: Leftovers
|-damage|p2a: Zygarde|51/100|[from] Leech Seed|[of] p1a: Ferrothorn
|-heal|p1a: Ferrothorn|100/100 par|[silent]
|upkeep
|turn|7
|
|t:|1616196457
|move|p2a: Zygarde|Thousand Arrows|p1a: Ferrothorn
|-damage|p1a: Ferrothorn|82/100 par
|move|p1a: Ferrothorn|Curse|p1a: Ferrothorn
|-unboost|p1a: Ferrothorn|spe|1
|-boost|p1a: Ferrothorn|atk|1
|-boost|p1a: Ferrothorn|def|1
|
|-heal|p2a: Zygarde|57/100|[from] item: Leftovers
|-heal|p1a: Ferrothorn|88/100 par|[from] item: Leftovers
|-damage|p2a: Zygarde|45/100|[from] Leech Seed|[of] p1a: Ferrothorn
|-heal|p1a: Ferrothorn|100/100 par|[silent]
|upkeep
|turn|8
|
|t:|1616196468
|move|p2a: Zygarde|Thousand Arrows|p1a: Ferrothorn
|-damage|p1a: Ferrothorn|85/100 par
|cant|p1a: Ferrothorn|par
|
|-heal|p2a: Zygarde|51/100|[from] item: Leftovers
|-heal|p1a: Ferrothorn|91/100 par|[from] item: Leftovers
|-damage|p2a: Zygarde|38/100|[from] Leech Seed|[of] p1a: Ferrothorn
|-heal|p1a: Ferrothorn|100/100 par|[silent]
|upkeep
|turn|9
|inactive|tedyed has 120 seconds left.
|
|t:|1616196521
|move|p2a: Zygarde|Thousand Arrows|p1a: Ferrothorn
|-damage|p1a: Ferrothorn|83/100 par
|move|p1a: Ferrothorn|Curse|p1a: Ferrothorn
|-unboost|p1a: Ferrothorn|spe|1
|-boost|p1a: Ferrothorn|atk|1
|-boost|p1a: Ferrothorn|def|1
|
|-heal|p2a: Zygarde|45/100|[from] item: Leftovers
|-heal|p1a: Ferrothorn|89/100 par|[from] item: Leftovers
|-damage|p2a: Zygarde|32/100|[from] Leech Seed|[of] p1a: Ferrothorn
|-heal|p1a: Ferrothorn|100/100 par|[silent]
|upkeep
|turn|10
|
|t:|1616196532
|move|p2a: Zygarde|Thousand Arrows|p1a: Ferrothorn
|-damage|p1a: Ferrothorn|87/100 par
|move|p1a: Ferrothorn|Curse|p1a: Ferrothorn
|-unboost|p1a: Ferrothorn|spe|1
|-boost|p1a: Ferrothorn|atk|1
|-boost|p1a: Ferrothorn|def|1
|
|-heal|p2a: Zygarde|38/100|[from] item: Leftovers
|-heal|p1a: Ferrothorn|93/100 par|[from] item: Leftovers
|-damage|p2a: Zygarde|26/100|[from] Leech Seed|[of] p1a: Ferrothorn
|-heal|p1a: Ferrothorn|100/100 par|[silent]
|upkeep
|turn|11
|
|t:|1616196542
|move|p2a: Zygarde|Thousand Arrows|p1a: Ferrothorn
|-damage|p1a: Ferrothorn|89/100 par
|move|p1a: Ferrothorn|Gyro Ball|p2a: Zygarde
|-end|p2a: Zygarde|Substitute
|
|-heal|p2a: Zygarde|32/100|[from] item: Leftovers
|-heal|p1a: Ferrothorn|95/100 par|[from] item: Leftovers
|-damage|p2a: Zygarde|20/100|[from] Leech Seed|[of] p1a: Ferrothorn
|-heal|p1a: Ferrothorn|100/100 par|[silent]
|upkeep
|turn|12
|
|t:|1616196552
|move|p2a: Zygarde|Thousand Arrows|p1a: Ferrothorn
|-damage|p1a: Ferrothorn|87/100 par
|move|p1a: Ferrothorn|Knock Off|p2a: Zygarde
|-damage|p2a: Zygarde|0 fnt
|-enditem|p2a: Zygarde|Leftovers|[from] move: Knock Off|[of] p1a: Ferrothorn
|faint|p2a: Zygarde
|
|-heal|p1a: Ferrothorn|93/100 par|[from] item: Leftovers
|upkeep
|
|t:|1616196567
|switch|p2a: Calyrex|Calyrex-Shadow|100/100
|-ability|p2a: Calyrex|As One
|-ability|p2a: Calyrex|Unnerve|p1: RIP_Player
|turn|13
|
|t:|1616196574
|move|p2a: Calyrex|Astral Barrage|p1a: Ferrothorn
|-damage|p1a: Ferrothorn|46/100 par
|move|p1a: Ferrothorn|Knock Off|p2a: Calyrex
|-supereffective|p2a: Calyrex
|-damage|p2a: Calyrex|0 fnt
|-enditem|p2a: Calyrex|Choice Scarf|[from] move: Knock Off|[of] p1a: Ferrothorn
|faint|p2a: Calyrex
|
|-heal|p1a: Ferrothorn|51/100 par|[from] item: Leftovers
|upkeep
|
|t:|1616196587
|switch|p2a: Xerneas|Xerneas, shiny|100/100
|-ability|p2a: Xerneas|Fairy Aura
|turn|14
|
|t:|1616196592
|move|p2a: Xerneas|Moonblast|p1a: Ferrothorn
|-resisted|p1a: Ferrothorn
|-damage|p1a: Ferrothorn|30/100 par
|-unboost|p1a: Ferrothorn|spa|1
|cant|p1a: Ferrothorn|par
|
|-heal|p1a: Ferrothorn|36/100 par|[from] item: Leftovers
|upkeep
|turn|15
|
|t:|1616196600
|move|p2a: Xerneas|Moonblast|p1a: Ferrothorn
|-resisted|p1a: Ferrothorn
|-damage|p1a: Ferrothorn|12/100 par
|move|p1a: Ferrothorn|Gyro Ball|p2a: Xerneas
|-supereffective|p2a: Xerneas
|-damage|p2a: Xerneas|0 fnt
|faint|p2a: Xerneas
|
|-heal|p1a: Ferrothorn|18/100 par|[from] item: Leftovers
|upkeep
|
|t:|1616196610
|switch|p2a: Dracovish|Dracovish|100/100
|turn|16
|
|t:|1616196613
|move|p2a: Dracovish|Fishious Rend|p1a: Ferrothorn
|-resisted|p1a: Ferrothorn
|-damage|p1a: Ferrothorn|7/100 par
|-damage|p2a: Dracovish|88/100|[from] ability: Iron Barbs|[of] p1a: Ferrothorn
|cant|p1a: Ferrothorn|par
|
|-heal|p1a: Ferrothorn|13/100 par|[from] item: Leftovers
|upkeep
|turn|17
|
|t:|1616196620
|move|p2a: Dracovish|Fishious Rend|p1a: Ferrothorn
|-resisted|p1a: Ferrothorn
|-damage|p1a: Ferrothorn|4/100 par
|-damage|p2a: Dracovish|76/100|[from] ability: Iron Barbs|[of] p1a: Ferrothorn
|move|p1a: Ferrothorn|Leech Seed|p2a: Dracovish
|-start|p2a: Dracovish|move: Leech Seed
|
|-heal|p1a: Ferrothorn|10/100 par|[from] item: Leftovers
|-damage|p2a: Dracovish|63/100|[from] Leech Seed|[of] p1a: Ferrothorn
|-heal|p1a: Ferrothorn|21/100 par|[silent]
|upkeep
|turn|18
|-message|tedyed forfeited.
|
|win|RIP_Player
|raw|RIP_Player's rating: 1371 &rarr; <strong>1394</strong><br />(+23 for winning)
|raw|tedyed's rating: 1420 &rarr; <strong>1397</strong><br />(-23 for losing)
|l|☆tedyed
||Ladder isn't responding, score probably updated but might not have (Request timeout).
