|j|☆crabbyink
|j|☆Ryriss
|t:|1650135226
|gametype|singles
|player|p1|crabbyink|benga|1316
|player|p2|Ryriss|hilbert|1399
|teamsize|p1|6
|teamsize|p2|6
|gen|8
|tier|[Gen 8] Ubers
|rated|
|rule|Sleep Clause Mod: Limit one foe put to sleep
|rule|Species Clause: Limit one of each Pokémon
|rule|OHKO Clause: OHKO moves are banned
|rule|Evasion Moves Clause: Evasion moves are banned
|rule|Endless Battle Clause: Forcing endless battles is banned
|rule|HP Percentage Mod: HP is shown in percentages
|rule|Dynamax Clause: You cannot dynamax
|clearpoke
|poke|p1|Urshifu-*, M|
|poke|p1|Necrozma-Dusk-Mane|
|poke|p1|Calyrex-Ice|
|poke|p1|Kyogre|
|poke|p1|Landorus-Therian, M|
|poke|p1|Lunala|
|poke|p2|Giratina-Origin|
|poke|p2|Groudon|
|poke|p2|Genesect|
|poke|p2|Kyurem-Black|
|poke|p2|Lugia|
|poke|p2|Yveltal|
|teampreview
|inactive|Battle timer is ON: inactive players will automatically lose when time's up. (requested by Ryriss)
|c|☆crabbyink|hi
|
|t:|1650135237
|start
|switch|p1a: Urshifu|Urshifu, M|100/100
|switch|p2a: Lugia|Lugia|100/100
|-ability|p2a: Lugia|Pressure
|turn|1
|c|☆crabbyink|my names cristian ronaldo
|
|t:|1650135246
|move|p2a: Lugia|Reflect|p2a: Lugia
|-sidestart|p2: Ryriss|Reflect
|move|p1a: Urshifu|Wicked Blow|p2a: Lugia
|-supereffective|p2a: Lugia
|-crit|p2a: Lugia
|-damage|p2a: Lugia|0 fnt
|faint|p2a: Lugia
|
|upkeep
|
|t:|1650135253
|switch|p2a: Yveltal|Yveltal|100/100
|-ability|p2a: Yveltal|Dark Aura
|turn|2
|c|☆crabbyink|SUIIIIIIIIi
|
|t:|1650135260
|switch|p1a: Kyogre|Kyogre, shiny|100/100
|-weather|RainDance|[from] ability: Drizzle|[of] p1a: Kyogre
|move|p2a: Yveltal|Oblivion Wing|p1a: Kyogre
|-damage|p1a: Kyogre|72/100
|
|-weather|RainDance|[upkeep]
|-heal|p1a: Kyogre|78/100|[from] item: Leftovers
|upkeep
|turn|3
|
|t:|1650135275
|move|p2a: Yveltal|Sucker Punch||[still]
|-fail|p2a: Yveltal
|move|p1a: Kyogre|Thunder Wave|p2a: Yveltal
|-status|p2a: Yveltal|par
|
|-weather|RainDance|[upkeep]
|-heal|p1a: Kyogre|84/100|[from] item: Leftovers
|upkeep
|turn|4
|
|t:|1650135285
|switch|p2a: Giratina|Giratina-Origin|100/100
|move|p1a: Kyogre|Substitute|p1a: Kyogre
|-start|p1a: Kyogre|Substitute
|-damage|p1a: Kyogre|59/100
|
|-weather|RainDance|[upkeep]
|-heal|p1a: Kyogre|66/100|[from] item: Leftovers
|upkeep
|turn|5
|
|t:|1650135298
|move|p1a: Kyogre|Thunder Wave|p2a: Giratina|[miss]
|-miss|p1a: Kyogre|p2a: Giratina
|move|p2a: Giratina|Poltergeist|p1a: Kyogre
|-activate|p1a: Kyogre|move: Poltergeist|Leftovers
|-end|p1a: Kyogre|Substitute
|
|-weather|RainDance|[upkeep]
|-heal|p1a: Kyogre|72/100|[from] item: Leftovers
|upkeep
|turn|6
|
|t:|1650135308
|move|p1a: Kyogre|Thunder Wave|p2a: Giratina
|-status|p2a: Giratina|par
|cant|p2a: Giratina|par
|
|-weather|none
|-heal|p1a: Kyogre|78/100|[from] item: Leftovers
|upkeep
|turn|7
|
|t:|1650135321
|switch|p1a: Landorus|Landorus-Therian, M|100/100
|-ability|p1a: Landorus|Intimidate|boost
|-unboost|p2a: Giratina|atk|1
|move|p2a: Giratina|Poltergeist|p1a: Landorus|[miss]
|-miss|p2a: Giratina|p1a: Landorus
|
|upkeep
|turn|8
|
|t:|1650135334
|move|p1a: Landorus|U-turn|p2a: Giratina
|-resisted|p2a: Giratina
|-damage|p2a: Giratina|97/100 par
|
|t:|1650135345
|switch|p1a: Kyogre|Kyogre, shiny|78/100|[from]move: U-turn
|-weather|RainDance|[from] ability: Drizzle|[of] p1a: Kyogre
|move|p2a: Giratina|Poltergeist|p1a: Kyogre
|-activate|p1a: Kyogre|move: Poltergeist|Leftovers
|-damage|p1a: Kyogre|39/100
|
|-weather|RainDance|[upkeep]
|-heal|p1a: Kyogre|45/100|[from] item: Leftovers
|-sideend|p2: Ryriss|Reflect
|upkeep
|turn|9
|
|t:|1650135360
|move|p1a: Kyogre|Surf|p2a: Giratina
|-resisted|p2a: Giratina
|-damage|p2a: Giratina|75/100 par
|move|p2a: Giratina|Poltergeist|p1a: Kyogre
|-activate|p1a: Kyogre|move: Poltergeist|Leftovers
|-damage|p1a: Kyogre|8/100
|
|-weather|RainDance|[upkeep]
|-heal|p1a: Kyogre|14/100|[from] item: Leftovers
|upkeep
|turn|10
|
|t:|1650135370
|move|p2a: Giratina|Shadow Sneak|p1a: Kyogre
|-damage|p1a: Kyogre|0 fnt
|faint|p1a: Kyogre
|
|-weather|RainDance|[upkeep]
|upkeep
|
|t:|1650135383
|switch|p1a: Urshifu|Urshifu, M|100/100
|turn|11
|
|t:|1650135387
|switch|p2a: Yveltal|Yveltal|100/100 par
|-ability|p2a: Yveltal|Dark Aura
|move|p1a: Urshifu|Wicked Blow|p2a: Yveltal
|-resisted|p2a: Yveltal
|-crit|p2a: Yveltal
|-damage|p2a: Yveltal|43/100 par
|
|-weather|RainDance|[upkeep]
|upkeep
|turn|12
|
|t:|1650135396
|cant|p2a: Yveltal|par
|move|p1a: Urshifu|Wicked Blow|p2a: Yveltal
|-resisted|p2a: Yveltal
|-crit|p2a: Yveltal
|-damage|p2a: Yveltal|0 fnt
|faint|p2a: Yveltal
|
|-weather|none
|upkeep
|
|t:|1650135405
|switch|p2a: Groudon|Groudon|100/100
|-weather|SunnyDay|[from] ability: Drought|[of] p2a: Groudon
|turn|13
|
|t:|1650135414
|move|p1a: Urshifu|Wicked Blow|p2a: Groudon
|-crit|p2a: Groudon
|-damage|p2a: Groudon|29/100
|move|p2a: Groudon|Earthquake|p1a: Urshifu
|-damage|p1a: Urshifu|36/100
|
|-weather|SunnyDay|[upkeep]
|upkeep
|turn|14
|
|t:|1650135422
|move|p1a: Urshifu|Wicked Blow|p2a: Groudon
|-crit|p2a: Groudon
|-damage|p2a: Groudon|0 fnt
|faint|p2a: Groudon
|
|-weather|SunnyDay|[upkeep]
|upkeep
|
|t:|1650135428
|switch|p2a: Genesect|Genesect, shiny|100/100
|-ability|p2a: Genesect|Download|boost
|-boost|p2a: Genesect|spa|1
|turn|15
|
|t:|1650135435
|switch|p1a: Landorus|Landorus-Therian, M|100/100
|-ability|p1a: Landorus|Intimidate|boost
|-unboost|p2a: Genesect|atk|1
|move|p2a: Genesect|Iron Head|p1a: Landorus
|-crit|p1a: Landorus
|-damage|p1a: Landorus|67/100
|
|-weather|SunnyDay|[upkeep]
|-heal|p1a: Landorus|73/100|[from] item: Leftovers
|upkeep
|turn|16
|
|t:|1650135448
|move|p2a: Genesect|Iron Head|p1a: Landorus
|-damage|p1a: Landorus|58/100
|move|p1a: Landorus|Earthquake|p2a: Genesect
|-damage|p2a: Genesect|50/100
|
|-weather|SunnyDay|[upkeep]
|-heal|p1a: Landorus|64/100|[from] item: Leftovers
|upkeep
|turn|17
|
|t:|1650135457
|switch|p2a: Giratina|Giratina-Origin|75/100 par
|move|p1a: Landorus|U-turn|p2a: Giratina
|-resisted|p2a: Giratina
|-damage|p2a: Giratina|67/100 par
|
|t:|1650135462
|switch|p1a: Urshifu|Urshifu, M|36/100|[from]move: U-turn
|
|-weather|none
|upkeep
|turn|18
|
|t:|1650135468
|move|p2a: Giratina|Shadow Sneak|p1a: Urshifu
|-resisted|p1a: Urshifu
|-damage|p1a: Urshifu|25/100
|move|p1a: Urshifu|Wicked Blow|p2a: Giratina
|-supereffective|p2a: Giratina
|-crit|p2a: Giratina
|-damage|p2a: Giratina|0 fnt
|faint|p2a: Giratina
|
|upkeep
|
|t:|1650135476
|switch|p2a: Kyurem|Kyurem-Black|100/100
|-ability|p2a: Kyurem|Teravolt
|turn|19
|
|t:|1650135485
|switch|p1a: Landorus|Landorus-Therian, M|64/100
|-ability|p1a: Landorus|Intimidate|boost
|-unboost|p2a: Kyurem|atk|1
|move|p2a: Kyurem|Fusion Bolt|p1a: Landorus
|-immune|p1a: Landorus
|
|-heal|p1a: Landorus|70/100|[from] item: Leftovers
|upkeep
|turn|20
|l|☆Ryriss
|inactive|Ryriss disconnected and has a minute to reconnect!
|player|p2|
|c|☆crabbyink|omg he disconnected
|inactive|Ryriss has 30 seconds to reconnect!
|inactive|Ryriss has 20 seconds to reconnect!
|inactive|Ryriss has 15 seconds to reconnect!
|inactive|Ryriss has 10 seconds to reconnect!
|inactive|Ryriss has 5 seconds to reconnect!
|-message|Ryriss lost due to inactivity.
|
|win|crabbyink
|raw|crabbyink's rating: 1316 &rarr; <strong>1341</strong><br />(+25 for winning)
|raw|Ryriss's rating: 1399 &rarr; <strong>1374</strong><br />(-25 for losing)
