|raw|<div class="broadcast-blue"><strong>This battle is required to be public due to a player having a name starting with 'ult9ns'.</div>
|j|☆ULT9NS Kirino
|j|☆Marshadow hunter3
|t:|1653445349
|gametype|singles
|player|p1|ULT9NS Kirino|swimmerf-gen4dp|1537
|player|p2|Marshadow hunter3|unknown|1555
|teamsize|p1|6
|teamsize|p2|6
|gen|8
|tier|[Gen 8] Ubers
|rated|
|rule|Sleep Clause Mod: Limit one foe put to sleep
|rule|Species Clause: Limit one of each Pokémon
|rule|OHKO Clause: OHKO moves are banned
|rule|Evasion Moves Clause: Evasion moves are banned
|rule|Endless Battle Clause: Forcing endless battles is banned
|rule|HP Percentage Mod: HP is shown in percentages
|rule|Dynamax Clause: You cannot dynamax
|clearpoke
|poke|p1|Yveltal|
|poke|p1|Eternatus|
|poke|p1|Necrozma-Dusk-Mane|
|poke|p1|Calyrex-Shadow|
|poke|p1|Excadrill, M|
|poke|p1|Rayquaza|
|poke|p2|Slurpuff, M|
|poke|p2|Yveltal|
|poke|p2|Necrozma-Dusk-Mane|
|poke|p2|Groudon|
|poke|p2|Marshadow|
|poke|p2|Eternatus|
|teampreview
|inactive|Battle timer is ON: inactive players will automatically lose when time's up. (requested by Marshadow hunter3)
|inactive|ULT9NS Kirino also wants the timer to be on.
|
|t:|1653445354
|start
|switch|p1a: Excadrill|Excadrill, M|100/100
|switch|p2a: Slurpuff|Slurpuff, M|100/100
|-ability|p1a: Excadrill|Mold Breaker
|turn|1
|
|t:|1653445357
|move|p1a: Excadrill|Rapid Spin|p2a: Slurpuff
|-damage|p2a: Slurpuff|71/100
|-boost|p1a: Excadrill|spe|1
|move|p2a: Slurpuff|Yawn|p1a: Excadrill
|-start|p1a: Excadrill|move: Yawn|[of] p2a: Slurpuff
|
|upkeep
|turn|2
|j| ULT9NS spitfire
|
|t:|1653445364
|switch|p2a: Yveltal|Yveltal|100/100
|-ability|p2a: Yveltal|Dark Aura
|move|p1a: Excadrill|Iron Head|p2a: Yveltal
|-damage|p2a: Yveltal|61/100
|
|-end|p1a: Excadrill|move: Yawn|[silent]
|-status|p1a: Excadrill|slp
|upkeep
|turn|3
|
|t:|1653445376
|cant|p1a: Excadrill|slp
|move|p2a: Yveltal|Snarl|p1a: Excadrill
|-damage|p1a: Excadrill|45/100 slp
|-unboost|p1a: Excadrill|spa|1
|-enditem|p2a: Yveltal|Throat Spray
|-boost|p2a: Yveltal|spa|1|[from] item: Throat Spray
|
|upkeep
|turn|4
|
|t:|1653445390
|cant|p1a: Excadrill|slp
|move|p2a: Yveltal|Oblivion Wing|p1a: Excadrill
|-resisted|p1a: Excadrill
|-damage|p1a: Excadrill|3/100 slp
|-heal|p2a: Yveltal|90/100|[from] drain|[of] p1a: Excadrill
|
|upkeep
|turn|5
|
|t:|1653445396
|cant|p1a: Excadrill|slp
|move|p2a: Yveltal|Snarl|p1a: Excadrill
|-damage|p1a: Excadrill|0 fnt
|faint|p1a: Excadrill
|
|upkeep
|
|t:|1653445398
|switch|p1a: Eternatus|Eternatus|100/100
|-ability|p1a: Eternatus|Pressure
|turn|6
|
|t:|1653445404
|switch|p2a: Slurpuff|Slurpuff, M|71/100
|move|p1a: Eternatus|Meteor Beam||[still]
|-prepare|p1a: Eternatus|Meteor Beam
|-boost|p1a: Eternatus|spa|1
|-enditem|p1a: Eternatus|Power Herb
|-anim|p1a: Eternatus|Meteor Beam|p2a: Slurpuff
|-damage|p2a: Slurpuff|0 fnt
|faint|p2a: Slurpuff
|
|upkeep
|
|t:|1653445408
|switch|p2a: Groudon|Groudon|100/100
|-weather|SunnyDay|[from] ability: Drought|[of] p2a: Groudon
|turn|7
|
|t:|1653445423
|switch|p1a: Yveltal|Yveltal|100/100
|-ability|p1a: Yveltal|Dark Aura
|move|p2a: Groudon|Rock Tomb|p1a: Yveltal
|-supereffective|p1a: Yveltal
|-damage|p1a: Yveltal|43/100
|-unboost|p1a: Yveltal|spe|1
|-damage|p2a: Groudon|91/100|[from] item: Life Orb
|
|-weather|SunnyDay|[upkeep]
|upkeep
|turn|8
|
|t:|1653445426
|move|p1a: Yveltal|Sucker Punch||[still]
|-fail|p1a: Yveltal
|move|p2a: Groudon|Stealth Rock|p1a: Yveltal
|-sidestart|p1: ULT9NS Kirino|move: Stealth Rock
|
|-weather|SunnyDay|[upkeep]
|upkeep
|turn|9
|
|t:|1653445430
|move|p1a: Yveltal|Sucker Punch|p2a: Groudon
|-damage|p2a: Groudon|49/100
|move|p2a: Groudon|Heat Crash|p1a: Yveltal
|-crit|p1a: Yveltal
|-damage|p1a: Yveltal|0 fnt
|faint|p1a: Yveltal
|-damage|p2a: Groudon|39/100|[from] item: Life Orb
|
|-weather|SunnyDay|[upkeep]
|upkeep
|
|t:|1653445435
|switch|p1a: Rayquaza|Rayquaza|100/100
|-damage|p1a: Rayquaza|76/100|[from] Stealth Rock
|-ability|p1a: Rayquaza|Air Lock
|turn|10
|
|t:|1653445437
|move|p1a: Rayquaza|Dragon Ascent|p2a: Groudon
|-damage|p2a: Groudon|0 fnt
|-unboost|p1a: Rayquaza|def|1
|-unboost|p1a: Rayquaza|spd|1
|faint|p2a: Groudon
|-damage|p1a: Rayquaza|66/100|[from] item: Life Orb
|
|-weather|SunnyDay|[upkeep]
|upkeep
|
|t:|1653445444
|switch|p2a: Eternatus|Eternatus|100/100
|-ability|p2a: Eternatus|Pressure
|turn|11
|
|t:|1653445447
|switch|p1a: Calyrex|Calyrex-Shadow|100/100
|-ability|p1a: Calyrex|As One
|-ability|p1a: Calyrex|Unnerve
|-damage|p1a: Calyrex|88/100|[from] Stealth Rock
|move|p2a: Eternatus|Meteor Beam||[still]
|-prepare|p2a: Eternatus|Meteor Beam
|-boost|p2a: Eternatus|spa|1
|-enditem|p2a: Eternatus|Power Herb
|-anim|p2a: Eternatus|Meteor Beam|p1a: Calyrex
|-damage|p1a: Calyrex|20/100
|
|-weather|none
|upkeep
|turn|12
|
|t:|1653445453
|switch|p2a: Yveltal|Yveltal|90/100
|-ability|p2a: Yveltal|Dark Aura
|move|p1a: Calyrex|Astral Barrage|p2a: Yveltal
|-resisted|p2a: Yveltal
|-damage|p2a: Yveltal|55/100
|
|upkeep
|turn|13
|
|t:|1653445459
|move|p1a: Calyrex|Astral Barrage|p2a: Yveltal
|-resisted|p2a: Yveltal
|-damage|p2a: Yveltal|24/100
|move|p2a: Yveltal|Oblivion Wing|p1a: Calyrex
|-damage|p1a: Calyrex|0 fnt
|-heal|p2a: Yveltal|37/100|[from] drain|[of] p1a: Calyrex
|faint|p1a: Calyrex
|
|upkeep
|
|t:|1653445472
|switch|p1a: Rayquaza|Rayquaza|66/100
|-damage|p1a: Rayquaza|41/100|[from] Stealth Rock
|-ability|p1a: Rayquaza|Air Lock
|turn|14
|
|t:|1653445475
|move|p1a: Rayquaza|Extreme Speed|p2a: Yveltal
|-damage|p2a: Yveltal|2/100
|-damage|p1a: Rayquaza|31/100|[from] item: Life Orb
|move|p2a: Yveltal|Dark Pulse|p1a: Rayquaza
|-damage|p1a: Rayquaza|0 fnt
|faint|p1a: Rayquaza
|
|upkeep
|
|t:|1653445480
|switch|p1a: Eternatus|Eternatus|100/100
|-damage|p1a: Eternatus|88/100|[from] Stealth Rock
|-ability|p1a: Eternatus|Pressure
|turn|15
|
|t:|1653445483
|move|p1a: Eternatus|Dynamax Cannon|p2a: Yveltal
|-damage|p2a: Yveltal|0 fnt
|faint|p2a: Yveltal
|
|upkeep
|
|t:|1653445485
|switch|p2a: Necrozma|Necrozma-Dusk-Mane|100/100
|turn|16
|
|t:|1653445488
|switch|p1a: Necrozma|Necrozma-Dusk-Mane|100/100
|-damage|p1a: Necrozma|95/100|[from] Stealth Rock
|move|p2a: Necrozma|Dragon Dance|p2a: Necrozma
|-boost|p2a: Necrozma|atk|1
|-boost|p2a: Necrozma|spe|1
|
|upkeep
|turn|17
|
|t:|1653445490
|move|p2a: Necrozma|Earthquake|p1a: Necrozma
|-supereffective|p1a: Necrozma
|-damage|p1a: Necrozma|18/100
|move|p1a: Necrozma|Dragon Dance|p1a: Necrozma
|-boost|p1a: Necrozma|atk|1
|-boost|p1a: Necrozma|spe|1
|
|upkeep
|turn|18
|
|t:|1653445495
|move|p1a: Necrozma|Earthquake|p2a: Necrozma
|-supereffective|p2a: Necrozma
|-damage|p2a: Necrozma|26/100
|-enditem|p2a: Necrozma|Red Card|[of] p1a: Necrozma
|drag|p1a: Eternatus|Eternatus|88/100
|-damage|p1a: Eternatus|76/100|[from] Stealth Rock
|-ability|p1a: Eternatus|Pressure
|move|p2a: Necrozma|Earthquake|p1a: Eternatus
|-supereffective|p1a: Eternatus
|-damage|p1a: Eternatus|0 fnt
|faint|p1a: Eternatus
|
|upkeep
|-message|ULT9NS Kirino forfeited.
|
|win|Marshadow hunter3
|raw|ULT9NS Kirino's rating: 1537 &rarr; <strong>1518</strong><br />(-19 for losing)
|raw|Marshadow hunter3's rating: 1555 &rarr; <strong>1574</strong><br />(+19 for winning)
|l|☆ULT9NS Kirino
