|raw|<div class="broadcast-blue"><strong>This battle is required to be public due to a player having a name starting with 'ult9ns'.</div>
|j|☆rburburbu
|j|☆ULT9NS KB
|t:|1653367398
|gametype|singles
|player|p1|rburburbu|erika|1474
|player|p2|ULT9NS KB|rood|1563
|teamsize|p1|6
|teamsize|p2|6
|gen|8
|tier|[Gen 8] Ubers
|rated|
|rule|Sleep Clause Mod: Limit one foe put to sleep
|rule|Species Clause: Limit one of each Pokémon
|rule|OHKO Clause: OHKO moves are banned
|rule|Evasion Moves Clause: Evasion moves are banned
|rule|Endless Battle Clause: Forcing endless battles is banned
|rule|HP Percentage Mod: HP is shown in percentages
|rule|Dynamax Clause: You cannot dynamax
|clearpoke
|poke|p1|Yveltal|
|poke|p1|Eternatus|
|poke|p1|Necrozma-Dusk-Mane|
|poke|p1|Magnezone|
|poke|p1|Xerneas-*|
|poke|p1|Kyurem-Black|
|poke|p2|Scolipede, M|
|poke|p2|Zamazenta-*|
|poke|p2|Yveltal|
|poke|p2|Xerneas-*|
|poke|p2|Eternatus|
|poke|p2|Calyrex-Shadow|
|teampreview
|inactive|Battle timer is ON: inactive players will automatically lose when time's up. (requested by rburburbu)
|
|t:|1653367412
|start
|switch|p1a: Kyurem|Kyurem-Black|100/100
|switch|p2a: Scolipede|Scolipede, M|100/100
|-ability|p1a: Kyurem|Teravolt
|turn|1
|j| Ult9ns louisix
|j|+AM
|
|t:|1653367425
|move|p2a: Scolipede|Poison Jab|p1a: Kyurem
|-damage|p1a: Kyurem|70/100
|move|p1a: Kyurem|Dragon Dance|p1a: Kyurem
|-boost|p1a: Kyurem|atk|1
|-boost|p1a: Kyurem|spe|1
|
|-ability|p2a: Scolipede|Speed Boost|boost
|-boost|p2a: Scolipede|spe|1
|upkeep
|turn|2
|
|t:|1653367436
|move|p2a: Scolipede|Spikes|p1a: Kyurem
|-sidestart|p1: rburburbu|Spikes
|move|p1a: Kyurem|Icicle Spear|p2a: Scolipede
|-damage|p2a: Scolipede|64/100
|-damage|p2a: Scolipede|29/100
|-hitcount|p2a: Scolipede|2
|
|-ability|p2a: Scolipede|Speed Boost|boost
|-boost|p2a: Scolipede|spe|1
|upkeep
|turn|3
|j| BasedWhat? ♪
|
|t:|1653367442
|move|p2a: Scolipede|Endeavor|p1a: Kyurem
|-damage|p1a: Kyurem|19/100
|move|p1a: Kyurem|Icicle Spear|p2a: Scolipede
|-damage|p2a: Scolipede|0 fnt
|faint|p2a: Scolipede
|-hitcount|p2: Scolipede|1
|
|upkeep
|
|t:|1653367450
|switch|p2a: Calyrex|Calyrex-Shadow|100/100
|-ability|p2a: Calyrex|As One
|-ability|p2a: Calyrex|Unnerve
|turn|4
|
|t:|1653367457
|switch|p1a: Yveltal|Yveltal|100/100
|-ability|p1a: Yveltal|Dark Aura
|move|p2a: Calyrex|Astral Barrage|p1a: Yveltal
|-resisted|p1a: Yveltal
|-damage|p1a: Yveltal|79/100
|
|upkeep
|turn|5
|
|t:|1653367462
|switch|p2a: BIG BUNDA|Zamazenta-Crowned|100/100
|-ability|p2a: BIG BUNDA|Dauntless Shield|boost
|-boost|p2a: BIG BUNDA|def|1
|move|p1a: Yveltal|Defog|p2a: BIG BUNDA
|-unboost|p2a: BIG BUNDA|evasion|1
|-sideend|p1: rburburbu|Spikes|[from] move: Defog|[of] p1a: Yveltal
|
|upkeep
|turn|6
|c| Ult9ns louisix|;)
|
|t:|1653367472
|switch|p1a: Necrozma|Necrozma-Dusk-Mane|100/100
|move|p2a: BIG BUNDA|Howl|p2a: BIG BUNDA
|-boost|p2a: BIG BUNDA|atk|1
|
|upkeep
|turn|7
|
|t:|1653367474
|move|p2a: BIG BUNDA|Close Combat|p1a: Necrozma
|-damage|p1a: Necrozma|35/100
|-unboost|p2a: BIG BUNDA|def|1
|-unboost|p2a: BIG BUNDA|spd|1
|move|p1a: Necrozma|Thunder Wave|p2a: BIG BUNDA
|-status|p2a: BIG BUNDA|par
|
|-heal|p1a: Necrozma|41/100|[from] item: Leftovers
|upkeep
|turn|8
|inactive|rburburbu has 120 seconds left.
|
|t:|1653367505
|move|p1a: Necrozma|Iron Head|p2a: BIG BUNDA
|-resisted|p2a: BIG BUNDA
|-damage|p2a: BIG BUNDA|86/100 par
|cant|p2a: BIG BUNDA|par
|
|-heal|p1a: Necrozma|47/100|[from] item: Leftovers
|upkeep
|turn|9
|
|t:|1653367511
|switch|p1a: Eternatus|Eternatus|100/100
|-ability|p1a: Eternatus|Pressure
|move|p2a: BIG BUNDA|Howl|p2a: BIG BUNDA
|-boost|p2a: BIG BUNDA|atk|1
|
|upkeep
|turn|10
|
|t:|1653367519
|move|p1a: Eternatus|Flamethrower|p2a: BIG BUNDA
|-supereffective|p2a: BIG BUNDA
|-damage|p2a: BIG BUNDA|27/100 par
|move|p2a: BIG BUNDA|Behemoth Bash|p1a: Eternatus
|-crit|p1a: Eternatus
|-damage|p1a: Eternatus|0 fnt
|faint|p1a: Eternatus
|
|upkeep
|l| BasedWhat? ♪
|inactive|rburburbu has 120 seconds left.
|j| ULT9NS hoenn
|
|t:|1653367559
|switch|p1a: Magnezone|Magnezone|100/100
|-item|p1a: Magnezone|Air Balloon
|turn|11
|
|t:|1653367563
|move|p1a: Magnezone|Body Press|p2a: BIG BUNDA
|-supereffective|p2a: BIG BUNDA
|-damage|p2a: BIG BUNDA|0 fnt
|faint|p2a: BIG BUNDA
|
|upkeep
|j| innovamania
|
|t:|1653367585
|switch|p2a: Eternatus|Eternatus|100/100
|-ability|p2a: Eternatus|Pressure
|turn|12
|
|t:|1653367609
|switch|p1a: Kyurem|Kyurem-Black|19/100
|-ability|p1a: Kyurem|Teravolt
|move|p2a: Eternatus|Substitute|p2a: Eternatus
|-start|p2a: Eternatus|Substitute
|-damage|p2a: Eternatus|76/100
|
|upkeep
|turn|13
|
|t:|1653367614
|move|p2a: Eternatus|Dynamax Cannon|p1a: Kyurem
|-supereffective|p1a: Kyurem
|-crit|p1a: Kyurem
|-damage|p1a: Kyurem|0 fnt
|faint|p1a: Kyurem
|
|upkeep
|
|t:|1653367616
|switch|p1a: Xerneas|Xerneas|100/100
|-ability|p1a: Xerneas|Fairy Aura
|turn|14
|
|t:|1653367626
|switch|p2a: Calyrex|Calyrex-Shadow|100/100
|-ability|p2a: Calyrex|As One
|-ability|p2a: Calyrex|Unnerve
|move|p1a: Xerneas|Geomancy||[still]
|-prepare|p1a: Xerneas|Geomancy
|-enditem|p1a: Xerneas|Power Herb
|-anim|p1a: Xerneas|Geomancy|p1a: Xerneas
|-boost|p1a: Xerneas|spa|2
|-boost|p1a: Xerneas|spd|2
|-boost|p1a: Xerneas|spe|2
|
|upkeep
|turn|15
|
|t:|1653367635
|move|p2a: Calyrex|Encore|p1a: Xerneas
|-start|p1a: Xerneas|Encore
|move|p1a: Xerneas|Geomancy||[still]
|-prepare|p1a: Xerneas|Geomancy
|
|upkeep
|turn|16
|l| innovamania
|
|t:|1653367637
|switch|p2a: Xerneas|Xerneas|100/100
|-ability|p2a: Xerneas|Fairy Aura
|move|p1a: Xerneas|Geomancy|p1a: Xerneas|[from]lockedmove
|-boost|p1a: Xerneas|spa|2
|-boost|p1a: Xerneas|spd|2
|-boost|p1a: Xerneas|spe|2
|
|upkeep
|turn|17
|
|t:|1653367641
|move|p1a: Xerneas|Geomancy||[still]
|-prepare|p1a: Xerneas|Geomancy
|move|p2a: Xerneas|Geomancy||[still]
|-prepare|p2a: Xerneas|Geomancy
|-enditem|p2a: Xerneas|Power Herb
|-anim|p2a: Xerneas|Geomancy|p2a: Xerneas
|-boost|p2a: Xerneas|spa|2
|-boost|p2a: Xerneas|spd|2
|-boost|p2a: Xerneas|spe|2
|
|-end|p1a: Xerneas|Encore
|upkeep
|turn|18
|
|t:|1653367643
|move|p1a: Xerneas|Geomancy|p1a: Xerneas|[from]lockedmove
|-boost|p1a: Xerneas|spa|2
|-boost|p1a: Xerneas|spd|2
|-boost|p1a: Xerneas|spe|2
|move|p2a: Xerneas|Moonblast|p1a: Xerneas
|-damage|p1a: Xerneas|68/100
|
|upkeep
|turn|19
|
|t:|1653367650
|move|p1a: Xerneas|Moonblast|p2a: Xerneas
|-damage|p2a: Xerneas|0 fnt
|faint|p2a: Xerneas
|
|upkeep
|c|☆ULT9NS KB|fuck
|c|☆ULT9NS KB|gg
|-message|ULT9NS KB forfeited.
|
|win|rburburbu
|raw|rburburbu's rating: 1474 &rarr; <strong>1499</strong><br />(+25 for winning)
|raw|ULT9NS KB's rating: 1563 &rarr; <strong>1538</strong><br />(-25 for losing)
|l|☆ULT9NS KB
|j|☆ULT9NS KB
|player|p2|ULT9NS KB|rood
|l|+AM
|l|☆ULT9NS KB
|player|p2|
|j| Ul nerd
