|j|☆dfao
|j|☆TheNorthernBlade1
|t:|1624304744
|gametype|singles
|player|p1|dfao|clair|1450
|player|p2|TheNorthernBlade1|101|1528
|teamsize|p1|6
|teamsize|p2|6
|gen|8
|tier|[Gen 8] Ubers
|rated|
|rule|Sleep Clause Mod: Limit one foe put to sleep
|rule|Species Clause: Limit one of each Pokémon
|rule|OHKO Clause: OHKO moves are banned
|rule|Evasion Moves Clause: Evasion moves are banned
|rule|Endless Battle Clause: Forcing endless battles is banned
|rule|HP Percentage Mod: HP is shown in percentages
|rule|Dynamax Clause: You cannot dynamax
|clearpoke
|poke|p1|Slurpuff, M|
|poke|p1|Eternatus|
|poke|p1|Marshadow|
|poke|p1|Landorus, M|
|poke|p1|Calyrex-Shadow|
|poke|p1|Zekrom|
|poke|p2|Groudon|
|poke|p2|Eternatus|
|poke|p2|Necrozma-Dusk-Mane|
|poke|p2|Yveltal|
|poke|p2|Zygarde|
|poke|p2|Weavile, F|
|teampreview
|inactive|Battle timer is ON: inactive players will automatically lose when time's up. (requested by dfao)
|
|t:|1624304759
|start
|switch|p1a: Slurpuff|Slurpuff, M|100/100
|switch|p2a: Necrozma|Necrozma-Dusk-Mane|100/100
|turn|1
|
|t:|1624304780
|move|p1a: Slurpuff|Sticky Web|p2a: Necrozma
|-sidestart|p2: TheNorthernBlade1|move: Sticky Web
|move|p2a: Necrozma|Iron Head|p1a: Slurpuff
|-supereffective|p1a: Slurpuff
|-damage|p1a: Slurpuff|11/100
|
|upkeep
|turn|2
|
|t:|1624304785
|move|p1a: Slurpuff|Yawn|p2a: Necrozma
|-start|p2a: Necrozma|move: Yawn|[of] p1a: Slurpuff
|move|p2a: Necrozma|Stealth Rock|p1a: Slurpuff
|-sidestart|p1: dfao|move: Stealth Rock
|
|upkeep
|turn|3
|
|t:|1624304812
|switch|p2a: Zygarde|Zygarde|100/100
|-activate|p2a: Zygarde|move: Sticky Web
|-unboost|p2a: Zygarde|spe|1
|move|p1a: Slurpuff|Endeavor|p2a: Zygarde
|-damage|p2a: Zygarde|10/100
|
|-heal|p2a: Zygarde|16/100|[from] item: Leftovers
|-activate|p2a: Zygarde|ability: Power Construct
|detailschange|p2a: Zygarde|Zygarde-Complete
|-heal|p2a: Zygarde|45/100|[silent]
|upkeep
|turn|4
|
|t:|1624304829
|switch|p1a: Landorus|Landorus, M|100/100
|-damage|p1a: Landorus|88/100|[from] Stealth Rock
|move|p2a: Zygarde|Glare|p1a: Landorus
|-status|p1a: Landorus|par
|
|-heal|p2a: Zygarde|51/100|[from] item: Leftovers
|upkeep
|turn|5
|
|t:|1624304839
|switch|p2a: Yveltal|Yveltal|100/100
|-ability|p2a: Yveltal|Dark Aura
|move|p1a: Landorus|Defog|p2a: Yveltal
|-unboost|p2a: Yveltal|evasion|1
|-sideend|p2: TheNorthernBlade1|Sticky Web|[from] move: Defog|[of] p1a: Landorus
|-sideend|p1: dfao|Stealth Rock|[from] move: Defog|[of] p1a: Landorus
|
|upkeep
|turn|6
|
|t:|1624304846
|move|p2a: Yveltal|Knock Off|p1a: Landorus
|-damage|p1a: Landorus|28/100 par
|-enditem|p1a: Landorus|Life Orb|[from] move: Knock Off|[of] p2a: Yveltal
|move|p1a: Landorus|Rock Slide|p2a: Yveltal
|-supereffective|p2a: Yveltal
|-damage|p2a: Yveltal|48/100
|
|upkeep
|turn|7
|
|t:|1624304854
|move|p2a: Yveltal|Roost|p2a: Yveltal
|-heal|p2a: Yveltal|98/100
|-singleturn|p2a: Yveltal|move: Roost
|cant|p1a: Landorus|par
|
|upkeep
|turn|8
|
|t:|1624304861
|move|p2a: Yveltal|U-turn|p1a: Landorus
|-resisted|p1a: Landorus
|-damage|p1a: Landorus|16/100 par
|
|t:|1624304865
|switch|p2a: Necrozma|Necrozma-Dusk-Mane|100/100|[from]move: U-turn
|move|p1a: Landorus|Rock Slide|p2a: Necrozma
|-resisted|p2a: Necrozma
|-damage|p2a: Necrozma|89/100
|
|-heal|p2a: Necrozma|95/100|[from] item: Leftovers
|upkeep
|turn|9
|inactive|dfao has 120 seconds left.
|
|t:|1624304905
|move|p2a: Necrozma|Stealth Rock|p1a: Landorus
|-sidestart|p1: dfao|move: Stealth Rock
|move|p1a: Landorus|Earthquake|p2a: Necrozma
|-supereffective|p2a: Necrozma
|-damage|p2a: Necrozma|39/100
|
|-heal|p2a: Necrozma|45/100|[from] item: Leftovers
|upkeep
|turn|10
|inactive|dfao has 120 seconds left.
|
|t:|1624304923
|move|p2a: Necrozma|Morning Sun|p2a: Necrozma
|-heal|p2a: Necrozma|95/100
|cant|p1a: Landorus|par
|
|-heal|p2a: Necrozma|100/100|[from] item: Leftovers
|upkeep
|turn|11
|
|t:|1624304931
|move|p2a: Necrozma|Iron Head|p1a: Landorus
|-damage|p1a: Landorus|0 fnt
|faint|p1a: Landorus
|
|upkeep
|
|t:|1624304939
|switch|p1a: Slurpuff|Slurpuff, M|11/100
|-damage|p1a: Slurpuff|0 fnt|[from] Stealth Rock
|faint|p1a: Slurpuff
|
|t:|1624304947
|switch|p1a: Calyrex|Calyrex-Shadow|100/100
|-ability|p1a: Calyrex|As One
|-ability|p1a: Calyrex|Unnerve
|-damage|p1a: Calyrex|88/100|[from] Stealth Rock
|turn|12
|inactive|dfao has 120 seconds left.
|
|t:|1624304958
|switch|p2a: Yveltal|Yveltal|98/100
|-ability|p2a: Yveltal|Dark Aura
|move|p1a: Calyrex|Substitute|p1a: Calyrex
|-start|p1a: Calyrex|Substitute
|-damage|p1a: Calyrex|63/100
|
|upkeep
|turn|13
|inactive|dfao has 120 seconds left.
|
|t:|1624304985
|move|p1a: Calyrex|Nasty Plot|p1a: Calyrex
|-boost|p1a: Calyrex|spa|2
|move|p2a: Yveltal|Knock Off|p1a: Calyrex
|-supereffective|p1a: Calyrex
|-end|p1a: Calyrex|Substitute
|
|upkeep
|turn|14
|
|t:|1624304994
|move|p1a: Calyrex|Draining Kiss|p2a: Yveltal
|-supereffective|p2a: Yveltal
|-damage|p2a: Yveltal|35/100
|-heal|p1a: Calyrex|100/100|[from] drain|[of] p2a: Yveltal
|move|p2a: Yveltal|Knock Off|p1a: Calyrex
|-supereffective|p1a: Calyrex
|-enditem|p1a: Calyrex|Focus Sash
|-damage|p1a: Calyrex|1/100
|
|upkeep
|turn|15
|
|t:|1624305014
|move|p1a: Calyrex|Draining Kiss|p2a: Yveltal
|-supereffective|p2a: Yveltal
|-crit|p2a: Yveltal
|-damage|p2a: Yveltal|0 fnt
|-heal|p1a: Calyrex|36/100|[from] drain|[of] p2a: Yveltal
|faint|p2a: Yveltal
|-ability|p1a: Calyrex|Grim Neigh|boost
|-boost|p1a: Calyrex|spa|1
|
|upkeep
|
|t:|1624305018
|switch|p2a: Weavile|Weavile, F|100/100
|-ability|p2a: Weavile|Pressure
|turn|16
|
|t:|1624305034
|move|p2a: Weavile|Ice Shard|p1a: Calyrex
|-damage|p1a: Calyrex|2/100
|-damage|p2a: Weavile|91/100|[from] item: Life Orb
|move|p1a: Calyrex|Draining Kiss|p2a: Weavile
|-supereffective|p2a: Weavile
|-crit|p2a: Weavile
|-damage|p2a: Weavile|0 fnt
|-heal|p1a: Calyrex|58/100|[from] drain|[of] p2a: Weavile
|faint|p2a: Weavile
|-ability|p1a: Calyrex|Grim Neigh|boost
|-boost|p1a: Calyrex|spa|1
|
|upkeep
|-message|TheNorthernBlade1 forfeited.
|
|win|dfao
|raw|dfao's rating: 1461 &rarr; <strong>1485</strong><br />(+24 for winning)
|raw|TheNorthernBlade1's rating: 1528 &rarr; <strong>1504</strong><br />(-24 for losing)
|l|☆dfao
