|j|☆123456789thai
|j|☆jushu114514
|t:|1667913084
|gametype|singles
|player|p1|123456789thai|2|1447
|player|p2|jushu114514|102|1550
|teamsize|p1|6
|teamsize|p2|6
|gen|8
|tier|[Gen 8] Ubers
|rated|
|rule|Sleep Clause Mod: Limit one foe put to sleep
|rule|Species Clause: Limit one of each Pokémon
|rule|OHKO Clause: OHKO moves are banned
|rule|Evasion Items Clause: Evasion items are banned
|rule|Evasion Moves Clause: Evasion moves are banned
|rule|Endless Battle Clause: Forcing endless battles is banned
|rule|HP Percentage Mod: HP is shown in percentages
|rule|Dynamax Clause: You cannot dynamax
|clearpoke
|poke|p1|Darmanitan-Galar, M|
|poke|p1|Weavile, F|
|poke|p1|Zamazenta-*|
|poke|p1|Calyrex-Shadow|
|poke|p1|Kyogre|
|poke|p1|Landorus, M|
|poke|p2|Slurpuff, F|
|poke|p2|Eternatus|
|poke|p2|Yveltal|
|poke|p2|Necrozma-Dusk-Mane|
|poke|p2|Kyogre|
|poke|p2|Calyrex-Shadow|
|teampreview
|j| DDDDgerm
|inactive|Battle timer is ON: inactive players will automatically lose when time's up. (requested by jushu114514)
|
|t:|1667913151
|start
|switch|p1a: Weavile|Weavile, F|100/100
|switch|p2a: Slurpuff|Slurpuff, F|100/100
|-ability|p1a: Weavile|Pressure
|turn|1
|
|t:|1667913169
|move|p1a: Weavile|Swords Dance|p1a: Weavile
|-boost|p1a: Weavile|atk|2
|move|p2a: Slurpuff|Yawn|p1a: Weavile
|-start|p1a: Weavile|move: Yawn|[of] p2a: Slurpuff
|
|upkeep
|turn|2
|
|t:|1667913176
|move|p1a: Weavile|Triple Axel|p2a: Slurpuff
|-damage|p2a: Slurpuff|68/100
|-damage|p2a: Slurpuff|0 fnt
|faint|p2a: Slurpuff
|-hitcount|p2: Slurpuff|2
|
|-end|p1a: Weavile|move: Yawn|[silent]
|-status|p1a: Weavile|slp
|upkeep
|
|t:|1667913191
|switch|p2a: Necrozma|Necrozma-Dusk-Mane|100/100
|turn|3
|
|t:|1667913205
|switch|p1a: Landorus|Landorus, M|100/100
|move|p2a: Necrozma|Dragon Dance|p2a: Necrozma
|-boost|p2a: Necrozma|atk|1
|-boost|p2a: Necrozma|spe|1
|
|upkeep
|turn|4
|inactive|jushu114514 has 120 seconds left.
|
|t:|1667913239
|move|p1a: Landorus|Stealth Rock|p2a: Necrozma
|-sidestart|p2: jushu114514|move: Stealth Rock
|move|p2a: Necrozma|Sunsteel Strike|p1a: Landorus
|-enditem|p1a: Landorus|Focus Sash
|-damage|p1a: Landorus|1/100
|-damage|p2a: Necrozma|91/100|[from] item: Life Orb
|
|upkeep
|turn|5
|
|t:|1667913264
|move|p1a: Landorus|Earth Power|p2a: Necrozma
|-supereffective|p2a: Necrozma
|-damage|p2a: Necrozma|17/100
|move|p2a: Necrozma|Sunsteel Strike|p1a: Landorus
|-damage|p1a: Landorus|0 fnt
|faint|p1a: Landorus
|-damage|p2a: Necrozma|8/100|[from] item: Life Orb
|
|upkeep
|
|t:|1667913276
|switch|p1a: Darmanitan|Darmanitan-Galar, M|100/100
|turn|6
|inactive|jushu114514 has 120 seconds left.
|
|t:|1667913310
|move|p1a: Darmanitan|Icicle Crash|p2a: Necrozma
|-resisted|p2a: Necrozma
|-damage|p2a: Necrozma|0 fnt
|faint|p2a: Necrozma
|
|upkeep
|
|t:|1667913313
|switch|p2a: Kyogre|Kyogre|100/100
|-damage|p2a: Kyogre|88/100|[from] Stealth Rock
|-weather|RainDance|[from] ability: Drizzle|[of] p2a: Kyogre
|turn|7
|
|t:|1667913317
|move|p1a: Darmanitan|Icicle Crash|p2a: Kyogre
|-resisted|p2a: Kyogre
|-damage|p2a: Kyogre|48/100
|move|p2a: Kyogre|Origin Pulse|p1a: Darmanitan
|-damage|p1a: Darmanitan|0 fnt
|faint|p1a: Darmanitan
|
|-weather|RainDance|[upkeep]
|upkeep
|
|t:|1667913328
|switch|p1a: Calyrex|Calyrex-Shadow|100/100
|-ability|p1a: Calyrex|As One
|-ability|p1a: Calyrex|Unnerve
|turn|8
|inactive|jushu114514 has 120 seconds left.
|
|t:|1667913372
|switch|p2a: Yveltal|Yveltal|100/100
|-damage|p2a: Yveltal|76/100|[from] Stealth Rock
|-ability|p2a: Yveltal|Dark Aura
|move|p1a: Calyrex|Astral Barrage|p2a: Yveltal
|-resisted|p2a: Yveltal
|-damage|p2a: Yveltal|41/100
|
|-weather|RainDance|[upkeep]
|upkeep
|turn|9
|
|t:|1667913390
|switch|p1a: Zamazenta|Zamazenta-Crowned|100/100
|-ability|p1a: Zamazenta|Dauntless Shield|boost
|-boost|p1a: Zamazenta|def|1
|move|p2a: Yveltal|Oblivion Wing|p1a: Zamazenta
|-damage|p1a: Zamazenta|71/100
|-heal|p2a: Yveltal|63/100|[from] drain|[of] p1a: Zamazenta
|-damage|p2a: Yveltal|53/100|[from] item: Life Orb
|
|-weather|RainDance|[upkeep]
|upkeep
|turn|10
|inactive|jushu114514 has 120 seconds left.
|l| DDDDgerm
|inactive|jushu114514 has 90 seconds left.
|
|t:|1667913435
|switch|p2a: Eternatus|Eternatus|100/100
|-damage|p2a: Eternatus|88/100|[from] Stealth Rock
|-ability|p2a: Eternatus|Pressure
|move|p1a: Zamazenta|Howl|p1a: Zamazenta
|-boost|p1a: Zamazenta|atk|1
|
|-weather|RainDance|[upkeep]
|upkeep
|turn|11
|
|t:|1667913448
|move|p2a: Eternatus|Flamethrower|p1a: Zamazenta
|-supereffective|p1a: Zamazenta
|-damage|p1a: Zamazenta|52/100
|move|p1a: Zamazenta|Behemoth Bash|p2a: Eternatus
|-damage|p2a: Eternatus|35/100
|
|-weather|none
|upkeep
|turn|12
|
|t:|1667913455
|move|p2a: Eternatus|Flamethrower|p1a: Zamazenta
|-supereffective|p1a: Zamazenta
|-damage|p1a: Zamazenta|13/100
|move|p1a: Zamazenta|Behemoth Bash|p2a: Eternatus
|-damage|p2a: Eternatus|0 fnt
|faint|p2a: Eternatus
|
|upkeep
|
|t:|1667913463
|switch|p2a: Calyrex|Calyrex-Shadow|100/100
|-ability|p2a: Calyrex|As One
|-ability|p2a: Calyrex|Unnerve
|-damage|p2a: Calyrex|88/100|[from] Stealth Rock
|turn|13
|
|t:|1667913470
|move|p2a: Calyrex|Astral Barrage|p1a: Zamazenta
|-damage|p1a: Zamazenta|0 fnt
|faint|p1a: Zamazenta
|-ability|p2a: Calyrex|Grim Neigh|boost
|-boost|p2a: Calyrex|spa|1
|
|upkeep
|
|t:|1667913475
|switch|p1a: Calyrex|Calyrex-Shadow|100/100
|-ability|p1a: Calyrex|As One
|-ability|p1a: Calyrex|Unnerve
|turn|14
|inactive|jushu114514 has 90 seconds left.
|
|t:|1667913501
|move|p1a: Calyrex|Astral Barrage|p2a: Calyrex
|-supereffective|p2a: Calyrex
|-damage|p2a: Calyrex|0 fnt
|faint|p2a: Calyrex
|-ability|p1a: Calyrex|Grim Neigh|boost
|-boost|p1a: Calyrex|spa|1
|
|upkeep
|
|t:|1667913502
|switch|p2a: Yveltal|Yveltal|53/100
|-damage|p2a: Yveltal|28/100|[from] Stealth Rock
|-ability|p2a: Yveltal|Dark Aura
|turn|15
|-message|jushu114514 forfeited.
|
|win|123456789thai
|raw|123456789thai's rating: 1447 &rarr; <strong>1472</strong><br />(+25 for winning)
|raw|jushu114514's rating: 1538 &rarr; <strong>1513</strong><br />(-25 for losing)
|l|☆jushu114514
|l|☆123456789thai
