|j|☆RichardMillePlain
|j|☆aahoha
|t:|1669535193
|gametype|singles
|player|p1|RichardMillePlain|dawn|
|player|p2|aahoha|cynthia-gen4|
|teamsize|p1|6
|teamsize|p2|6
|gen|8
|tier|[Gen 8] Ubers
|rated|Tournament battle
|rule|Sleep Clause Mod: Limit one foe put to sleep
|rule|Species Clause: Limit one of each Pokémon
|rule|OHKO Clause: OHKO moves are banned
|rule|Evasion Items Clause: Evasion items are banned
|rule|Evasion Moves Clause: Evasion moves are banned
|rule|Endless Battle Clause: Forcing endless battles is banned
|rule|HP Percentage Mod: HP is shown in percentages
|rule|Dynamax Clause: You cannot dynamax
|clearpoke
|poke|p1|Groudon|
|poke|p1|Necrozma-Dusk-Mane|
|poke|p1|Yveltal|
|poke|p1|Eternatus|
|poke|p1|Clefable, F|
|poke|p1|Calyrex-Shadow|
|poke|p2|Krookodile, M|
|poke|p2|Rillaboom, F|
|poke|p2|Blaziken, F|
|poke|p2|Dragapult, M|
|poke|p2|Togekiss, F|
|poke|p2|Zeraora|
|teampreview
|inactive|Battle timer is ON: inactive players will automatically lose when time's up. (requested by aahoha)
|c|☆aahoha|is that allowed
|inactive|aahoha has 120 seconds left.
|
|t:|1669535230
|start
|switch|p1a: Clefable|Clefable, F|100/100
|switch|p2a: Rillaboom|Rillaboom, F|100/100
|-fieldstart|move: Grassy Terrain|[from] ability: Grassy Surge|[of] p2a: Rillaboom
|turn|1
|c|☆RichardMillePlain|no
|
|t:|1669535239
|move|p2a: Rillaboom|Wood Hammer|p1a: Clefable
|-damage|p1a: Clefable|32/100
|-damage|p2a: Rillaboom|74/100|[from] Recoil
|move|p1a: Clefable|Thunder Wave|p2a: Rillaboom|[miss]
|-miss|p1a: Clefable|p2a: Rillaboom
|
|-heal|p2a: Rillaboom|81/100|[from] Grassy Terrain
|-heal|p1a: Clefable|38/100|[from] Grassy Terrain
|-heal|p1a: Clefable|44/100|[from] item: Leftovers
|upkeep
|turn|2
|
|t:|1669535250
|switch|p1a: Necrozma|Necrozma-Dusk-Mane|100/100
|move|p2a: Rillaboom|Wood Hammer|p1a: Necrozma
|-resisted|p1a: Necrozma
|-damage|p1a: Necrozma|69/100
|-damage|p2a: Rillaboom|68/100|[from] Recoil
|
|-heal|p1a: Necrozma|75/100|[from] Grassy Terrain
|-heal|p1a: Necrozma|81/100|[from] item: Leftovers
|-heal|p2a: Rillaboom|74/100|[from] Grassy Terrain
|upkeep
|turn|3
|j| Frozoid
|
|t:|1669535266
|move|p1a: Necrozma|Dragon Dance|p1a: Necrozma
|-boost|p1a: Necrozma|atk|1
|-boost|p1a: Necrozma|spe|1
|move|p2a: Rillaboom|Drum Beating|p1a: Necrozma
|-resisted|p1a: Necrozma
|-damage|p1a: Necrozma|61/100
|-unboost|p1a: Necrozma|spe|1
|
|-heal|p1a: Necrozma|67/100|[from] Grassy Terrain
|-heal|p1a: Necrozma|73/100|[from] item: Leftovers
|-heal|p2a: Rillaboom|81/100|[from] Grassy Terrain
|upkeep
|turn|4
|j| TheDivaDollHerself
|l| TheDivaDollHerself
|
|t:|1669535279
|move|p1a: Necrozma|Dragon Dance|p1a: Necrozma
|-boost|p1a: Necrozma|atk|1
|-boost|p1a: Necrozma|spe|1
|move|p2a: Rillaboom|Endeavor|p1a: Necrozma
|-damage|p1a: Necrozma|69/100
|
|-heal|p1a: Necrozma|75/100|[from] Grassy Terrain
|-heal|p1a: Necrozma|81/100|[from] item: Leftovers
|-heal|p2a: Rillaboom|87/100|[from] Grassy Terrain
|upkeep
|turn|5
|inactive|aahoha has 120 seconds left.
|
|t:|1669535306
|move|p1a: Necrozma|Dragon Dance|p1a: Necrozma
|-boost|p1a: Necrozma|atk|1
|-boost|p1a: Necrozma|spe|1
|move|p2a: Rillaboom|Wood Hammer|p1a: Necrozma
|-resisted|p1a: Necrozma
|-damage|p1a: Necrozma|49/100
|-damage|p2a: Rillaboom|74/100|[from] Recoil
|
|-heal|p1a: Necrozma|55/100|[from] Grassy Terrain
|-heal|p1a: Necrozma|61/100|[from] item: Leftovers
|-heal|p2a: Rillaboom|80/100|[from] Grassy Terrain
|-fieldend|move: Grassy Terrain
|upkeep
|turn|6
|inactive|aahoha has 120 seconds left.
|
|t:|1669535321
|switch|p2a: Krookodile|Krookodile, M|100/100
|-ability|p2a: Krookodile|Intimidate|boost
|-unboost|p1a: Necrozma|atk|1
|move|p1a: Necrozma|Dragon Dance|p1a: Necrozma
|-boost|p1a: Necrozma|atk|1
|-boost|p1a: Necrozma|spe|1
|
|-heal|p1a: Necrozma|67/100|[from] item: Leftovers
|upkeep
|turn|7
|inactive|aahoha has 120 seconds left.
|
|t:|1669535334
|move|p1a: Necrozma|Sunsteel Strike|p2a: Krookodile
|-damage|p2a: Krookodile|0 fnt
|faint|p2a: Krookodile
|
|-heal|p1a: Necrozma|73/100|[from] item: Leftovers
|upkeep
|inactive|aahoha has 120 seconds left.
|
|t:|1669535357
|switch|p2a: Blaziken|Blaziken, F|100/100
|turn|8
|
|t:|1669535362
|move|p2a: Blaziken|Protect|p2a: Blaziken
|-singleturn|p2a: Blaziken|Protect
|move|p1a: Necrozma|Sunsteel Strike|p2a: Blaziken
|-activate|p2a: Blaziken|move: Protect
|
|-heal|p1a: Necrozma|79/100|[from] item: Leftovers
|-ability|p2a: Blaziken|Speed Boost|boost
|-boost|p2a: Blaziken|spe|1
|upkeep
|turn|9
|inactive|aahoha has 120 seconds left.
|
|t:|1669535379
|move|p1a: Necrozma|Sunsteel Strike|p2a: Blaziken
|-resisted|p2a: Blaziken
|-damage|p2a: Blaziken|0 fnt
|faint|p2a: Blaziken
|
|-heal|p1a: Necrozma|85/100|[from] item: Leftovers
|upkeep
|inactive|aahoha has 90 seconds left.
|
|t:|1669535404
|switch|p2a: Dragapult|Dragapult, M|100/100
|turn|10
|j| Anime marep
|
|t:|1669535410
|move|p1a: Necrozma|Knock Off|p2a: Dragapult
|-supereffective|p2a: Dragapult
|-damage|p2a: Dragapult|0 fnt
|-enditem|p2a: Dragapult|Dragon Fang|[from] move: Knock Off|[of] p1a: Necrozma
|faint|p2a: Dragapult
|
|-heal|p1a: Necrozma|91/100|[from] item: Leftovers
|upkeep
|j| TheDivaDollHerself
|
|t:|1669535418
|switch|p2a: Togekiss|Togekiss, F|100/100
|turn|11
|l| TheDivaDollHerself
|
|t:|1669535421
|move|p1a: Necrozma|Sunsteel Strike|p2a: Togekiss
|-supereffective|p2a: Togekiss
|-damage|p2a: Togekiss|0 fnt
|faint|p2a: Togekiss
|
|-heal|p1a: Necrozma|97/100|[from] item: Leftovers
|upkeep
|
|t:|1669535428
|switch|p2a: Rillaboom|Rillaboom, F|80/100
|-fieldstart|move: Grassy Terrain|[from] ability: Grassy Surge|[of] p2a: Rillaboom
|turn|12
|
|t:|1669535436
|move|p2a: Rillaboom|Grassy Glide|p1a: Necrozma
|-resisted|p1a: Necrozma
|-damage|p1a: Necrozma|79/100
|move|p1a: Necrozma|Sunsteel Strike|p2a: Rillaboom
|-damage|p2a: Rillaboom|0 fnt
|faint|p2a: Rillaboom
|
|-heal|p1a: Necrozma|85/100|[from] Grassy Terrain
|-heal|p1a: Necrozma|91/100|[from] item: Leftovers
|upkeep
|
|t:|1669535446
|switch|p2a: Zeraora|Zeraora|100/100
|turn|13
|
|t:|1669535451
|move|p1a: Necrozma|Knock Off|p2a: Zeraora
|-damage|p2a: Zeraora|0 fnt
|-enditem|p2a: Zeraora|Magnet|[from] move: Knock Off|[of] p1a: Necrozma
|faint|p2a: Zeraora
|
|win|RichardMillePlain
|n|☆RichardMillePlain|richardmilleplain
|n|☆aahoha|aahoha
|n| Frozoid|frozoid
|n| Anime marep|animemarep
|l|☆aahoha
|l|☆RichardMillePlain
