|j|☆TheGrassToucher
|j|☆Juan Jose q
|t:|1662328103
|gametype|singles
|player|p1|TheGrassToucher|265|1475
|player|p2|Juan Jose q|170|1349
|teamsize|p1|6
|teamsize|p2|6
|gen|8
|tier|[Gen 8] Ubers
|rated|
|rule|Sleep Clause Mod: Limit one foe put to sleep
|rule|Species Clause: Limit one of each Pokémon
|rule|OHKO Clause: OHKO moves are banned
|rule|Evasion Items Clause: Evasion items are banned
|rule|Evasion Moves Clause: Evasion moves are banned
|rule|Endless Battle Clause: Forcing endless battles is banned
|rule|HP Percentage Mod: HP is shown in percentages
|rule|Dynamax Clause: You cannot dynamax
|clearpoke
|poke|p1|Zekrom|
|poke|p1|Ferrothorn, F|
|poke|p1|Necrozma-Dusk-Mane|
|poke|p1|Yveltal|
|poke|p1|Xerneas-*|
|poke|p1|Calyrex-Shadow|
|poke|p2|Kartana|
|poke|p2|Xerneas-*|
|poke|p2|Landorus-Therian, M|
|poke|p2|Dragonite, F|
|poke|p2|Galvantula, M|
|poke|p2|Calyrex-Shadow|
|teampreview
|inactive|Battle timer is ON: inactive players will automatically lose when time's up. (requested by TheGrassToucher)
|
|t:|1662328120
|start
|switch|p1a: Xerneas|Xerneas|100/100
|switch|p2a: Galvantula|Galvantula, M|100/100
|-ability|p1a: Xerneas|Fairy Aura
|turn|1
|
|t:|1662328123
|move|p2a: Galvantula|Thunder Wave|p1a: Xerneas
|-status|p1a: Xerneas|par
|move|p1a: Xerneas|Geomancy||[still]
|-prepare|p1a: Xerneas|Geomancy
|-enditem|p1a: Xerneas|Power Herb
|-anim|p1a: Xerneas|Geomancy|p1a: Xerneas
|-boost|p1a: Xerneas|spa|2
|-boost|p1a: Xerneas|spd|2
|-boost|p1a: Xerneas|spe|2
|
|upkeep
|turn|2
|
|t:|1662328128
|move|p2a: Galvantula|Sticky Web|p1a: Xerneas
|-sidestart|p1: TheGrassToucher|move: Sticky Web
|move|p1a: Xerneas|Geomancy||[still]
|-prepare|p1a: Xerneas|Geomancy
|
|upkeep
|turn|3
|
|t:|1662328140
|switch|p2a: Kartana|Kartana|100/100
|cant|p1a: Xerneas|par
|
|upkeep
|turn|4
|
|t:|1662328145
|move|p2a: Kartana|Smart Strike|p1a: Xerneas
|-supereffective|p1a: Xerneas
|-damage|p1a: Xerneas|27/100 par
|-damage|p2a: Kartana|91/100|[from] item: Life Orb
|cant|p1a: Xerneas|par
|
|upkeep
|turn|5
|
|t:|1662328153
|switch|p1a: Necrozma|Necrozma-Dusk-Mane|100/100
|-activate|p1a: Necrozma|move: Sticky Web
|-unboost|p1a: Necrozma|spe|1
|move|p2a: Kartana|Smart Strike|p1a: Necrozma
|-resisted|p1a: Necrozma
|-damage|p1a: Necrozma|86/100
|-damage|p2a: Kartana|74/100|[from] item: Rocky Helmet|[of] p1a: Necrozma
|-damage|p2a: Kartana|65/100|[from] item: Life Orb
|
|upkeep
|turn|6
|
|t:|1662328160
|move|p2a: Kartana|Knock Off|p1a: Necrozma
|-supereffective|p1a: Necrozma
|-damage|p1a: Necrozma|45/100
|-damage|p2a: Kartana|48/100|[from] item: Rocky Helmet|[of] p1a: Necrozma
|-enditem|p1a: Necrozma|Rocky Helmet|[from] move: Knock Off|[of] p2a: Kartana
|-damage|p2a: Kartana|38/100|[from] item: Life Orb
|move|p1a: Necrozma|Stealth Rock|p2a: Kartana
|-sidestart|p2: Juan Jose q|move: Stealth Rock
|
|upkeep
|turn|7
|
|t:|1662328165
|move|p2a: Kartana|Knock Off|p1a: Necrozma
|-supereffective|p1a: Necrozma
|-damage|p1a: Necrozma|15/100
|-damage|p2a: Kartana|29/100|[from] item: Life Orb
|move|p1a: Necrozma|Thunder Wave|p2a: Kartana|[miss]
|-miss|p1a: Necrozma|p2a: Kartana
|
|upkeep
|turn|8
|
|t:|1662328171
|switch|p1a: Xerneas|Xerneas|27/100 par
|-activate|p1a: Xerneas|move: Sticky Web
|-unboost|p1a: Xerneas|spe|1
|-ability|p1a: Xerneas|Fairy Aura
|move|p2a: Kartana|Knock Off|p1a: Xerneas
|-resisted|p1a: Xerneas
|-damage|p1a: Xerneas|16/100 par
|-damage|p2a: Kartana|19/100|[from] item: Life Orb
|
|upkeep
|turn|9
|
|t:|1662328179
|switch|p1a: Ferrothorn|Ferrothorn, F|100/100
|-activate|p1a: Ferrothorn|move: Sticky Web
|-unboost|p1a: Ferrothorn|spe|1
|move|p2a: Kartana|Sacred Sword|p1a: Ferrothorn
|-supereffective|p1a: Ferrothorn
|-damage|p1a: Ferrothorn|19/100
|-damage|p2a: Kartana|7/100|[from] ability: Iron Barbs|[of] p1a: Ferrothorn
|-damage|p2a: Kartana|0 fnt|[from] item: Life Orb
|faint|p2a: Kartana
|
|-heal|p1a: Ferrothorn|25/100|[from] item: Leftovers
|upkeep
|
|t:|1662328194
|switch|p2a: Calyrex|Calyrex-Shadow|100/100
|-ability|p2a: Calyrex|As One
|-ability|p2a: Calyrex|Unnerve
|-damage|p2a: Calyrex|88/100|[from] Stealth Rock
|turn|10
|
|t:|1662328200
|switch|p1a: Yveltal|Yveltal|100/100
|-ability|p1a: Yveltal|Dark Aura
|move|p2a: Calyrex|Astral Barrage|p1a: Yveltal
|-resisted|p1a: Yveltal
|-damage|p1a: Yveltal|78/100
|
|upkeep
|turn|11
|
|t:|1662328210
|switch|p2a: Galvantula|Galvantula, M|100/100
|-damage|p2a: Galvantula|76/100|[from] Stealth Rock
|move|p1a: Yveltal|Knock Off|p2a: Galvantula
|-damage|p2a: Galvantula|0 fnt
|-enditem|p2a: Galvantula|Focus Sash|[from] move: Knock Off|[of] p1a: Yveltal
|faint|p2a: Galvantula
|
|upkeep
|
|t:|1662328216
|switch|p2a: Xerneas|Xerneas|100/100
|-damage|p2a: Xerneas|88/100|[from] Stealth Rock
|-ability|p2a: Xerneas|Fairy Aura
|turn|12
|
|t:|1662328222
|switch|p1a: Calyrex|Calyrex-Shadow|100/100
|-ability|p1a: Calyrex|As One
|-ability|p1a: Calyrex|Unnerve
|-activate|p1a: Calyrex|move: Sticky Web
|-unboost|p1a: Calyrex|spe|1
|move|p2a: Xerneas|Moonblast|p1a: Calyrex
|-damage|p1a: Calyrex|25/100
|
|upkeep
|turn|13
|
|t:|1662328227
|move|p1a: Calyrex|Astral Barrage|p2a: Xerneas
|-damage|p2a: Xerneas|0 fnt
|faint|p2a: Xerneas
|-ability|p1a: Calyrex|Grim Neigh|boost
|-boost|p1a: Calyrex|spa|1
|
|upkeep
|
|t:|1662328233
|switch|p2a: Landorus|Landorus-Therian, M|100/100
|-damage|p2a: Landorus|88/100|[from] Stealth Rock
|-ability|p2a: Landorus|Intimidate|boost
|-unboost|p1a: Calyrex|atk|1
|turn|14
|
|t:|1662328243
|switch|p1a: Yveltal|Yveltal|78/100
|-ability|p1a: Yveltal|Dark Aura
|move|p2a: Landorus|Rock Slide|p1a: Yveltal
|-supereffective|p1a: Yveltal
|-damage|p1a: Yveltal|33/100
|
|upkeep
|turn|15
|
|t:|1662328250
|switch|p1a: Necrozma|Necrozma-Dusk-Mane|15/100
|-activate|p1a: Necrozma|move: Sticky Web
|-unboost|p1a: Necrozma|spe|1
|move|p2a: Landorus|Rock Slide|p1a: Necrozma
|-resisted|p1a: Necrozma
|-damage|p1a: Necrozma|8/100
|
|upkeep
|turn|16
|
|t:|1662328253
|move|p2a: Landorus|Rock Slide|p1a: Necrozma
|-resisted|p1a: Necrozma
|-damage|p1a: Necrozma|1/100
|move|p1a: Necrozma|Moonlight|p1a: Necrozma
|-heal|p1a: Necrozma|51/100
|
|upkeep
|turn|17
|
|t:|1662328257
|switch|p2a: Calyrex|Calyrex-Shadow|88/100
|-ability|p2a: Calyrex|As One
|-ability|p2a: Calyrex|Unnerve
|-damage|p2a: Calyrex|76/100|[from] Stealth Rock
|move|p1a: Necrozma|Moonlight|p1a: Necrozma
|-heal|p1a: Necrozma|100/100
|
|upkeep
|turn|18
|
|t:|1662328260
|move|p2a: Calyrex|Astral Barrage|p1a: Necrozma
|-supereffective|p1a: Necrozma
|-damage|p1a: Necrozma|16/100
|move|p1a: Necrozma|Thunder Wave|p2a: Calyrex
|-status|p2a: Calyrex|par
|
|upkeep
|turn|19
|
|t:|1662328265
|switch|p1a: Yveltal|Yveltal|33/100
|-ability|p1a: Yveltal|Dark Aura
|move|p2a: Calyrex|Astral Barrage|p1a: Yveltal
|-resisted|p1a: Yveltal
|-damage|p1a: Yveltal|9/100
|
|upkeep
|turn|20
|
|t:|1662328272
|move|p1a: Yveltal|Knock Off|p2a: Calyrex
|-supereffective|p2a: Calyrex
|-damage|p2a: Calyrex|0 fnt
|-enditem|p2a: Calyrex|Focus Sash|[from] move: Knock Off|[of] p1a: Yveltal
|faint|p2a: Calyrex
|
|upkeep
|
|t:|1662328277
|switch|p2a: Landorus|Landorus-Therian, M|88/100
|-damage|p2a: Landorus|76/100|[from] Stealth Rock
|-ability|p2a: Landorus|Intimidate|boost
|-unboost|p1a: Yveltal|atk|1
|turn|21
|
|t:|1662328282
|move|p2a: Landorus|U-turn|p1a: Yveltal
|-damage|p1a: Yveltal|0 fnt
|faint|p1a: Yveltal
|
|t:|1662328284
|switch|p2a: Dragonite|Dragonite, F|100/100|[from]move: U-turn
|-damage|p2a: Dragonite|76/100|[from] Stealth Rock
|
|upkeep
|
|t:|1662328286
|switch|p1a: Calyrex|Calyrex-Shadow|25/100
|-ability|p1a: Calyrex|As One
|-ability|p1a: Calyrex|Unnerve
|-activate|p1a: Calyrex|move: Sticky Web
|-unboost|p1a: Calyrex|spe|1
|turn|22
|
|t:|1662328291
|move|p1a: Calyrex|Trick|p2a: Dragonite
|-activate|p1a: Calyrex|move: Trick|[of] p2a: Dragonite
|-item|p2a: Dragonite|Choice Specs|[from] move: Trick
|-item|p1a: Calyrex|Weakness Policy|[from] move: Trick
|move|p2a: Dragonite|Dragon Dance|p2a: Dragonite
|-boost|p2a: Dragonite|atk|1
|-boost|p2a: Dragonite|spe|1
|
|upkeep
|turn|23
|
|t:|1662328299
|move|p2a: Dragonite|Dragon Dance|p2a: Dragonite
|-boost|p2a: Dragonite|atk|1
|-boost|p2a: Dragonite|spe|1
|move|p1a: Calyrex|Astral Barrage|p2a: Dragonite
|-damage|p2a: Dragonite|0 fnt
|faint|p2a: Dragonite
|-ability|p1a: Calyrex|Grim Neigh|boost
|-boost|p1a: Calyrex|spa|1
|
|upkeep
|
|t:|1662328301
|switch|p2a: Landorus|Landorus-Therian, M|76/100
|-damage|p2a: Landorus|64/100|[from] Stealth Rock
|-ability|p2a: Landorus|Intimidate|boost
|-unboost|p1a: Calyrex|atk|1
|turn|24
|
|t:|1662328309
|move|p2a: Landorus|Earthquake|p1a: Calyrex
|-damage|p1a: Calyrex|0 fnt
|faint|p1a: Calyrex
|
|upkeep
|
|t:|1662328312
|switch|p1a: Ferrothorn|Ferrothorn, F|25/100
|-activate|p1a: Ferrothorn|move: Sticky Web
|-unboost|p1a: Ferrothorn|spe|1
|turn|25
|
|t:|1662328314
|move|p2a: Landorus|Earthquake|p1a: Ferrothorn
|-damage|p1a: Ferrothorn|0 fnt
|faint|p1a: Ferrothorn
|
|upkeep
|
|t:|1662328316
|switch|p1a: Zekrom|Zekrom|100/100
|-activate|p1a: Zekrom|move: Sticky Web
|-unboost|p1a: Zekrom|spe|1
|-ability|p1a: Zekrom|Teravolt
|turn|26
|
|t:|1662328320
|move|p2a: Landorus|Earthquake|p1a: Zekrom
|-supereffective|p1a: Zekrom
|-damage|p1a: Zekrom|0 fnt
|faint|p1a: Zekrom
|
|upkeep
|-message|TheGrassToucher forfeited.
|
|win|Juan Jose q
|raw|TheGrassToucher's rating: 1475 &rarr; <strong>1448</strong><br />(-27 for losing)
|raw|Juan Jose q's rating: 1349 &rarr; <strong>1376</strong><br />(+27 for winning)
|l|☆TheGrassToucher
