|j|☆elRaven
|j|☆BloopersMcPoopers
|inactive|Battle timer is ON: inactive players will automatically lose when time's up.
|t:|1653057009
|gametype|singles
|player|p1|elRaven|170|
|player|p2|BloopersMcPoopers|erika|
|teamsize|p1|6
|teamsize|p2|6
|gen|8
|tier|[Gen 8] Ubers
|rated|Tournament battle
|rule|Sleep Clause Mod: Limit one foe put to sleep
|rule|Species Clause: Limit one of each Pokémon
|rule|OHKO Clause: OHKO moves are banned
|rule|Evasion Moves Clause: Evasion moves are banned
|rule|Endless Battle Clause: Forcing endless battles is banned
|rule|HP Percentage Mod: HP is shown in percentages
|rule|Dynamax Clause: You cannot dynamax
|clearpoke
|poke|p1|Calyrex-Shadow|
|poke|p1|Kyogre|
|poke|p1|Groudon|
|poke|p1|Marshadow|
|poke|p1|Eternatus|
|poke|p1|Yveltal|
|poke|p2|Ho-Oh|
|poke|p2|Necrozma-Dusk-Mane|
|poke|p2|Calyrex-Shadow|
|poke|p2|Kyogre|
|poke|p2|Yveltal|
|poke|p2|Zygarde|
|teampreview
|j|*Lady Monita ✿
|j| BB-8-NU
|inactive|BloopersMcPoopers also wants the timer to be on.
|j| Spirit92!!!!
|c|☆BloopersMcPoopers|glhf
|c|☆elRaven|glhf
|j| ShootingSonicX
|j| weathertesting
|
|t:|1653057035
|start
|switch|p1a: Groudon|Groudon|100/100
|switch|p2a: Zygarde|Zygarde|100/100
|-weather|SunnyDay|[from] ability: Drought|[of] p1a: Groudon
|turn|1
|
|t:|1653057044
|move|p2a: Zygarde|Glare|p1a: Groudon
|-status|p1a: Groudon|par
|move|p1a: Groudon|Precipice Blades|p2a: Zygarde
|-damage|p2a: Zygarde|44/100
|
|-weather|SunnyDay|[upkeep]
|-heal|p2a: Zygarde|50/100|[from] item: Leftovers
|-activate|p2a: Zygarde|ability: Power Construct
|detailschange|p2a: Zygarde|Zygarde-Complete
|-heal|p2a: Zygarde|69/100|[silent]
|upkeep
|turn|2
|
|t:|1653057056
|switch|p2a: Yveltal|Yveltal|100/100
|-ability|p2a: Yveltal|Dark Aura
|move|p1a: Groudon|Precipice Blades|p2a: Yveltal
|-immune|p2a: Yveltal
|
|-weather|SunnyDay|[upkeep]
|upkeep
|turn|3
|
|t:|1653057063
|move|p2a: Yveltal|Knock Off|p1a: Groudon
|-damage|p1a: Groudon|24/100 par
|-enditem|p1a: Groudon|Expert Belt|[from] move: Knock Off|[of] p2a: Yveltal
|move|p1a: Groudon|Stone Edge|p2a: Yveltal|[miss]
|-miss|p1a: Groudon|p2a: Yveltal
|
|-weather|SunnyDay|[upkeep]
|upkeep
|turn|4
|j| ozymanglish
|
|t:|1653057071
|move|p2a: Yveltal|Knock Off|p1a: Groudon
|-damage|p1a: Groudon|0 fnt
|faint|p1a: Groudon
|
|-weather|SunnyDay|[upkeep]
|upkeep
|j| placuszek
|j| luckle
|
|t:|1653057086
|switch|p1a: Eternatus|Eternatus|100/100
|-ability|p1a: Eternatus|Pressure
|turn|5
|
|t:|1653057092
|switch|p2a: Necrozma|Necrozma-Dusk-Mane|100/100
|move|p1a: Eternatus|Meteor Beam||[still]
|-prepare|p1a: Eternatus|Meteor Beam
|-boost|p1a: Eternatus|spa|1
|-enditem|p1a: Eternatus|Power Herb
|-anim|p1a: Eternatus|Meteor Beam|p2a: Necrozma
|-resisted|p2a: Necrozma
|-damage|p2a: Necrozma|79/100
|
|-weather|none
|-heal|p2a: Necrozma|85/100|[from] item: Leftovers
|upkeep
|turn|6
|l| luckle
|j| Angry_Duck121
|j| watteerr
|
|t:|1653057102
|move|p1a: Eternatus|Flamethrower|p2a: Necrozma
|-supereffective|p2a: Necrozma
|-damage|p2a: Necrozma|36/100
|move|p2a: Necrozma|Thunder Wave|p1a: Eternatus
|-status|p1a: Eternatus|par
|
|-heal|p2a: Necrozma|42/100|[from] item: Leftovers
|upkeep
|turn|7
|
|t:|1653057110
|move|p2a: Necrozma|Moonlight|p2a: Necrozma
|-heal|p2a: Necrozma|92/100
|move|p1a: Eternatus|Flamethrower|p2a: Necrozma
|-supereffective|p2a: Necrozma
|-crit|p2a: Necrozma
|-damage|p2a: Necrozma|22/100
|
|-heal|p2a: Necrozma|28/100|[from] item: Leftovers
|upkeep
|turn|8
|j| martinvtran
|
|t:|1653057127
|switch|p1a: Yveltal|Yveltal|100/100
|-ability|p1a: Yveltal|Dark Aura
|move|p2a: Necrozma|Moonlight|p2a: Necrozma
|-heal|p2a: Necrozma|78/100
|
|-heal|p2a: Necrozma|84/100|[from] item: Leftovers
|upkeep
|turn|9
|
|t:|1653057137
|switch|p2a: Ho-Oh|Ho-Oh|100/100
|move|p1a: Yveltal|Knock Off|p2a: Ho-Oh
|-damage|p2a: Ho-Oh|59/100
|-enditem|p2a: Ho-Oh|Heavy-Duty Boots|[from] move: Knock Off|[of] p1a: Yveltal
|
|upkeep
|turn|10
|
|t:|1653057146
|switch|p1a: Eternatus|Eternatus|100/100 par
|-ability|p1a: Eternatus|Pressure
|move|p2a: Ho-Oh|Sacred Fire|p1a: Eternatus
|-resisted|p1a: Eternatus
|-damage|p1a: Eternatus|83/100 par
|
|upkeep
|turn|11
|
|t:|1653057162
|switch|p2a: Necrozma|Necrozma-Dusk-Mane|84/100
|cant|p1a: Eternatus|par
|
|-heal|p2a: Necrozma|90/100|[from] item: Leftovers
|upkeep
|turn|12
|
|t:|1653057168
|move|p2a: Necrozma|Stealth Rock|p1a: Eternatus
|-sidestart|p1: elRaven|move: Stealth Rock
|move|p1a: Eternatus|Flamethrower|p2a: Necrozma
|-supereffective|p2a: Necrozma
|-damage|p2a: Necrozma|57/100
|
|-heal|p2a: Necrozma|63/100|[from] item: Leftovers
|upkeep
|turn|13
|
|t:|1653057175
|switch|p1a: Yveltal|Yveltal|100/100
|-ability|p1a: Yveltal|Dark Aura
|move|p2a: Necrozma|Iron Head|p1a: Yveltal
|-crit|p1a: Yveltal
|-damage|p1a: Yveltal|39/100
|
|-heal|p2a: Necrozma|69/100|[from] item: Leftovers
|upkeep
|turn|14
|j| Cool Dude 7
|
|t:|1653057185
|move|p1a: Yveltal|Defog|p2a: Necrozma
|-unboost|p2a: Necrozma|evasion|1
|-sideend|p1: elRaven|Stealth Rock|[from] move: Defog|[of] p1a: Yveltal
|move|p2a: Necrozma|Thunder Wave|p1a: Yveltal
|-status|p1a: Yveltal|par
|
|-heal|p2a: Necrozma|75/100|[from] item: Leftovers
|upkeep
|turn|15
|j| Terror Fangツ
|
|t:|1653057197
|switch|p2a: Ho-Oh|Ho-Oh|93/100
|move|p1a: Yveltal|Oblivion Wing|p2a: Ho-Oh
|-damage|p2a: Ho-Oh|72/100
|-heal|p1a: Yveltal|55/100 par|[from] drain|[of] p2a: Ho-Oh
|
|upkeep
|turn|16
|
|t:|1653057226
|switch|p1a: Eternatus|Eternatus|83/100 par
|-ability|p1a: Eternatus|Pressure
|move|p2a: Ho-Oh|Sacred Fire|p1a: Eternatus
|-resisted|p1a: Eternatus
|-damage|p1a: Eternatus|64/100 par
|
|upkeep
|turn|17
|
|t:|1653057236
|switch|p2a: Necrozma|Necrozma-Dusk-Mane|75/100
|move|p1a: Eternatus|Flamethrower|p2a: Necrozma
|-supereffective|p2a: Necrozma
|-damage|p2a: Necrozma|40/100
|
|-heal|p2a: Necrozma|46/100|[from] item: Leftovers
|upkeep
|turn|18
|
|t:|1653057248
|switch|p1a: Kyogre|Kyogre|100/100
|-weather|RainDance|[from] ability: Drizzle|[of] p1a: Kyogre
|move|p2a: Necrozma|Moonlight|p2a: Necrozma
|-heal|p2a: Necrozma|71/100
|
|-weather|RainDance|[upkeep]
|-heal|p2a: Necrozma|77/100|[from] item: Leftovers
|upkeep
|turn|19
|
|t:|1653057258
|move|p1a: Kyogre|Water Spout|p2a: Necrozma
|-damage|p2a: Necrozma|0 fnt
|faint|p2a: Necrozma
|
|-weather|RainDance|[upkeep]
|upkeep
|
|t:|1653057261
|switch|p2a: Kyogre|Kyogre|100/100
|turn|20
|
|t:|1653057266
|switch|p1a: Eternatus|Eternatus|64/100 par
|-ability|p1a: Eternatus|Pressure
|move|p2a: Kyogre|Thunder|p1a: Eternatus
|-resisted|p1a: Eternatus
|-damage|p1a: Eternatus|35/100 par
|
|-weather|RainDance|[upkeep]
|upkeep
|turn|21
|j| ruchi1997
|
|t:|1653057275
|move|p2a: Kyogre|Thunder|p1a: Eternatus
|-resisted|p1a: Eternatus
|-damage|p1a: Eternatus|4/100 par
|move|p1a: Eternatus|Recover|p1a: Eternatus
|-heal|p1a: Eternatus|54/100 par
|
|-weather|RainDance|[upkeep]
|upkeep
|turn|22
|
|t:|1653057287
|switch|p2a: Zygarde|Zygarde-Complete|69/100
|move|p1a: Eternatus|Recover|p1a: Eternatus
|-heal|p1a: Eternatus|100/100 par
|
|-weather|none
|-heal|p2a: Zygarde|75/100|[from] item: Leftovers
|upkeep
|turn|23
|
|t:|1653057295
|move|p2a: Zygarde|Substitute|p2a: Zygarde
|-start|p2a: Zygarde|Substitute
|-damage|p2a: Zygarde|50/100
|move|p1a: Eternatus|Dynamax Cannon|p2a: Zygarde
|-supereffective|p2a: Zygarde
|-end|p2a: Zygarde|Substitute
|
|-heal|p2a: Zygarde|56/100|[from] item: Leftovers
|upkeep
|turn|24
|l| martinvtran
|
|t:|1653057312
|switch|p1a: Calyrex|Calyrex-Shadow|100/100
|-ability|p1a: Calyrex|As One
|-ability|p1a: Calyrex|Unnerve
|move|p2a: Zygarde|Substitute|p2a: Zygarde
|-start|p2a: Zygarde|Substitute
|-damage|p2a: Zygarde|31/100
|
|-heal|p2a: Zygarde|38/100|[from] item: Leftovers
|upkeep
|turn|25
|
|t:|1653057326
|move|p1a: Calyrex|Substitute|p1a: Calyrex
|-start|p1a: Calyrex|Substitute
|-damage|p1a: Calyrex|76/100
|move|p2a: Zygarde|Thousand Arrows|p1a: Calyrex
|-end|p1a: Calyrex|Substitute
|
|-heal|p2a: Zygarde|44/100|[from] item: Leftovers
|upkeep
|turn|26
|
|t:|1653057334
|move|p1a: Calyrex|Substitute|p1a: Calyrex
|-start|p1a: Calyrex|Substitute
|-damage|p1a: Calyrex|51/100
|move|p2a: Zygarde|Thousand Arrows|p1a: Calyrex
|-end|p1a: Calyrex|Substitute
|
|-heal|p2a: Zygarde|50/100|[from] item: Leftovers
|upkeep
|turn|27
|
|t:|1653057341
|move|p1a: Calyrex|Draining Kiss|p2a: Zygarde
|-supereffective|p2a: Zygarde
|-end|p2a: Zygarde|Substitute
|-heal|p1a: Calyrex|82/100|[from] drain|[of] p2a: Zygarde
|-damage|p1a: Calyrex|72/100|[from] item: Life Orb
|move|p2a: Zygarde|Thousand Arrows|p1a: Calyrex
|-damage|p1a: Calyrex|25/100
|
|-heal|p2a: Zygarde|56/100|[from] item: Leftovers
|upkeep
|turn|28
|l| Spirit92!!!!
|
|t:|1653057359
|move|p1a: Calyrex|Astral Barrage|p2a: Zygarde
|-damage|p2a: Zygarde|0 fnt
|faint|p2a: Zygarde
|-ability|p1a: Calyrex|Grim Neigh|boost
|-boost|p1a: Calyrex|spa|1
|-damage|p1a: Calyrex|15/100|[from] item: Life Orb
|
|upkeep
|
|t:|1653057366
|switch|p2a: Calyrex|Calyrex-Shadow|100/100
|-ability|p2a: Calyrex|As One
|-ability|p2a: Calyrex|Unnerve
|turn|29
|l| Cool Dude 7
|
|t:|1653057383
|switch|p1a: Yveltal|Yveltal|55/100 par
|-ability|p1a: Yveltal|Dark Aura
|move|p2a: Calyrex|Astral Barrage|p1a: Yveltal
|-resisted|p1a: Yveltal
|-damage|p1a: Yveltal|20/100 par
|
|upkeep
|turn|30
|
|t:|1653057394
|move|p2a: Calyrex|Astral Barrage|p1a: Yveltal
|-resisted|p1a: Yveltal
|-damage|p1a: Yveltal|0 fnt
|faint|p1a: Yveltal
|-ability|p2a: Calyrex|Grim Neigh|boost
|-boost|p2a: Calyrex|spa|1
|
|upkeep
|
|t:|1653057401
|switch|p1a: Marshadow|Marshadow|100/100
|turn|31
|
|t:|1653057408
|switch|p2a: Ho-Oh|Ho-Oh|100/100
|move|p1a: Marshadow|Shadow Sneak|p2a: Ho-Oh
|-damage|p2a: Ho-Oh|79/100
|
|upkeep
|turn|32
|
|t:|1653057415
|move|p1a: Marshadow|Rock Tomb|p2a: Ho-Oh
|-supereffective|p2a: Ho-Oh
|-damage|p2a: Ho-Oh|2/100
|-unboost|p2a: Ho-Oh|spe|1
|move|p2a: Ho-Oh|Sacred Fire|p1a: Marshadow
|-damage|p1a: Marshadow|44/100
|-status|p1a: Marshadow|brn
|
|-damage|p1a: Marshadow|38/100 brn|[from] brn
|upkeep
|turn|33
|j| Failbor21
|l| Failbor21
|
|t:|1653057434
|switch|p2a: Kyogre|Kyogre|100/100
|-weather|RainDance|[from] ability: Drizzle|[of] p2a: Kyogre
|move|p1a: Marshadow|Close Combat|p2a: Kyogre
|-damage|p2a: Kyogre|67/100
|-unboost|p1a: Marshadow|def|1
|-unboost|p1a: Marshadow|spd|1
|
|-weather|RainDance|[upkeep]
|-damage|p1a: Marshadow|32/100 brn|[from] brn
|upkeep
|turn|34
|l| Angry_Duck121
|c|☆elRaven|lol that roll ends it all
|inactive|elRaven has 120 seconds left.
|c|☆elRaven|gg i guess
|
|t:|1653057466
|move|p1a: Marshadow|Close Combat|p2a: Kyogre
|-damage|p2a: Kyogre|32/100
|-unboost|p1a: Marshadow|def|1
|-unboost|p1a: Marshadow|spd|1
|move|p2a: Kyogre|Origin Pulse|p1a: Marshadow
|-damage|p1a: Marshadow|0 fnt
|faint|p1a: Marshadow
|
|-weather|RainDance|[upkeep]
|upkeep
|j| Billium
|l| Terror Fangツ
|l| weathertesting
|
|t:|1653057492
|switch|p1a: Eternatus|Eternatus|100/100 par
|-ability|p1a: Eternatus|Pressure
|turn|35
|
|t:|1653057514
|move|p2a: Kyogre|Origin Pulse|p1a: Eternatus
|-resisted|p1a: Eternatus
|-damage|p1a: Eternatus|39/100 par
|move|p1a: Eternatus|Dynamax Cannon|p2a: Kyogre
|-damage|p2a: Kyogre|0 fnt
|faint|p2a: Kyogre
|
|-weather|RainDance|[upkeep]
|upkeep
|
|t:|1653057517
|switch|p2a: Calyrex|Calyrex-Shadow|100/100
|-ability|p2a: Calyrex|As One
|-ability|p2a: Calyrex|Unnerve
|turn|36
|
|t:|1653057529
|move|p2a: Calyrex|Psyshock|p1a: Eternatus
|-supereffective|p1a: Eternatus
|-damage|p1a: Eternatus|0 fnt
|faint|p1a: Eternatus
|-ability|p2a: Calyrex|Grim Neigh|boost
|-boost|p2a: Calyrex|spa|1
|
|-weather|RainDance|[upkeep]
|upkeep
|
|t:|1653057541
|switch|p1a: Kyogre|Kyogre|100/100
|turn|37
|
|t:|1653057548
|move|p2a: Calyrex|Psyshock|p1a: Kyogre
|-damage|p1a: Kyogre|26/100
|move|p1a: Kyogre|Water Spout|p2a: Calyrex
|-damage|p2a: Calyrex|67/100
|
|-weather|none
|upkeep
|turn|38
|
|t:|1653057555
|move|p2a: Calyrex|Psyshock|p1a: Kyogre
|-damage|p1a: Kyogre|0 fnt
|faint|p1a: Kyogre
|-ability|p2a: Calyrex|Grim Neigh|boost
|-boost|p2a: Calyrex|spa|1
|
|upkeep
|
|t:|1653057560
|switch|p1a: Calyrex|Calyrex-Shadow|15/100
|-ability|p1a: Calyrex|As One
|-ability|p1a: Calyrex|Unnerve
|turn|39
|
|t:|1653057570
|move|p2a: Calyrex|Psyshock|p1a: Calyrex
|-resisted|p1a: Calyrex
|-damage|p1a: Calyrex|0 fnt
|faint|p1a: Calyrex
|
|win|BloopersMcPoopers
|n|☆elRaven|elraven
|n|☆BloopersMcPoopers|bloopersmcpoopers
|n|*Lady Monita ✿|ladymonita
|n| BB-8-NU|bb8nu
|n| ShootingSonicX|shootingsonicx
|n| ozymanglish|ozymanglish
|n| placuszek|placuszek
|n| watteerr|watteerr
|n| ruchi1997|ruchi1997
|n| Billium|billium
|l|*Lady Monita ✿
|l| BB-8-NU
|l| ruchi1997
|c|☆BloopersMcPoopers|gg
|l| watteerr
|l|☆elRaven
|l| ShootingSonicX
|l| Billium
