|j|☆Nael222
|j|☆ILoveMashing❤
|t:|1664643934
|gametype|singles
|player|p1|Nael222|265|
|player|p2|ILoveMashing❤|waitress|
|teamsize|p1|6
|teamsize|p2|6
|gen|8
|tier|[Gen 8] Ubers
|rule|Sleep Clause Mod: Limit one foe put to sleep
|rule|Species Clause: Limit one of each Pokémon
|rule|OHKO Clause: OHKO moves are banned
|rule|Evasion Items Clause: Evasion items are banned
|rule|Evasion Moves Clause: Evasion moves are banned
|rule|Endless Battle Clause: Forcing endless battles is banned
|rule|HP Percentage Mod: HP is shown in percentages
|rule|Dynamax Clause: You cannot dynamax
|clearpoke
|poke|p1|Calyrex-Shadow|
|poke|p1|Zygarde|
|poke|p1|Ferrothorn, M|
|poke|p1|Eternatus|
|poke|p1|Necrozma-Dusk-Mane|
|poke|p1|Yveltal|
|poke|p2|Eternatus|
|poke|p2|Ferrothorn, F|
|poke|p2|Kyogre|
|poke|p2|Necrozma-Dusk-Mane|
|poke|p2|Marshadow|
|poke|p2|Yveltal|
|teampreview
|c|☆Nael222|hf
|c|☆ILoveMashing❤|hf
|j| Joya
|j|+gorex
|j|+Raj.Shoot
|inactive|Battle timer is ON: inactive players will automatically lose when time's up. (requested by Nael222)
|j| ELE JOGA
|j| Seraphz
|j| KeldeoCrowned
|c| KeldeoCrowned|VAMOS MASHITA
|j| lighthouses
|j| Inder
|j| TDNT
|
|t:|1664644062
|start
|switch|p1a: Yveltal|Yveltal|100/100
|switch|p2a: Eternatus|Eternatus|100/100
|-ability|p2a: Eternatus|Pressure
|-ability|p1a: Yveltal|Dark Aura
|turn|1
|
|t:|1664644070
|switch|p1a: Necrozma|Necrozma-Dusk-Mane|100/100
|move|p2a: Eternatus|Meteor Beam||[still]
|-prepare|p2a: Eternatus|Meteor Beam
|-boost|p2a: Eternatus|spa|1
|-enditem|p2a: Eternatus|Power Herb
|-anim|p2a: Eternatus|Meteor Beam|p1a: Necrozma
|-resisted|p1a: Necrozma
|-damage|p1a: Necrozma|83/100
|
|-heal|p1a: Necrozma|89/100|[from] item: Leftovers
|upkeep
|turn|2
|j| AI Mir
|
|t:|1664644077
|move|p2a: Eternatus|Substitute|p2a: Eternatus
|-start|p2a: Eternatus|Substitute
|-damage|p2a: Eternatus|76/100
|move|p1a: Necrozma|Thunder Wave|p2a: Eternatus|[miss]
|-miss|p1a: Necrozma|p2a: Eternatus
|
|-heal|p1a: Necrozma|95/100|[from] item: Leftovers
|upkeep
|turn|3
|j| Dunoks
|
|t:|1664644082
|move|p2a: Eternatus|Meteor Beam||[still]
|-prepare|p2a: Eternatus|Meteor Beam
|-boost|p2a: Eternatus|spa|1
|move|p1a: Necrozma|Morning Sun|p1a: Necrozma
|-heal|p1a: Necrozma|100/100
|
|upkeep
|turn|4
|
|t:|1664644084
|move|p2a: Eternatus|Meteor Beam|p1a: Necrozma|[from]lockedmove
|-resisted|p1a: Necrozma
|-damage|p1a: Necrozma|75/100
|move|p1a: Necrozma|Iron Head|p2a: Eternatus
|-activate|p2a: Eternatus|move: Substitute|[damage]
|
|-heal|p1a: Necrozma|81/100|[from] item: Leftovers
|upkeep
|turn|5
|l| ELE JOGA
|
|t:|1664644093
|move|p2a: Eternatus|Dynamax Cannon|p1a: Necrozma
|-resisted|p1a: Necrozma
|-damage|p1a: Necrozma|51/100
|move|p1a: Necrozma|Morning Sun|p1a: Necrozma
|-heal|p1a: Necrozma|100/100
|
|upkeep
|turn|6
|
|t:|1664644099
|move|p2a: Eternatus|Recover|p2a: Eternatus
|-heal|p2a: Eternatus|100/100
|move|p1a: Necrozma|Iron Head|p2a: Eternatus
|-end|p2a: Eternatus|Substitute
|
|upkeep
|turn|7
|
|t:|1664644111
|move|p2a: Eternatus|Substitute|p2a: Eternatus
|-start|p2a: Eternatus|Substitute
|-damage|p2a: Eternatus|76/100
|move|p1a: Necrozma|Iron Head|p2a: Eternatus
|-activate|p2a: Eternatus|move: Substitute|[damage]
|
|upkeep
|turn|8
|j| Kroevitz
|
|t:|1664644119
|move|p2a: Eternatus|Recover|p2a: Eternatus
|-heal|p2a: Eternatus|100/100
|move|p1a: Necrozma|Iron Head|p2a: Eternatus
|-end|p2a: Eternatus|Substitute
|
|upkeep
|turn|9
|j| corvere
|j| Spl4sh
|j| Ikaishi
|inactive|Nael222 has 270 seconds left.
|c| Ikaishi|LFGOOO WASHING
|j| Heart Doom
|j| Beraldinhoo
|inactive|Nael222 has 240 seconds left.
|c| corvere|ya ganaste?
|j|+Natan
|j| Ale In Wonderland
|l| Ale In Wonderland
|j| EL CHURIELIX
|l| Ikaishi
|inactive|Nael222 has 210 seconds left.
|c| EL CHURIELIX|Vamos mashing
|
|t:|1664644225
|switch|p1a: Yveltal|Yveltal|100/100
|-ability|p1a: Yveltal|Dark Aura
|move|p2a: Eternatus|Substitute|p2a: Eternatus
|-start|p2a: Eternatus|Substitute
|-damage|p2a: Eternatus|76/100
|
|upkeep
|turn|10
|
|t:|1664644231
|move|p2a: Eternatus|Dynamax Cannon|p1a: Yveltal
|-damage|p1a: Yveltal|29/100
|move|p1a: Yveltal|Taunt|p2a: Eternatus
|-start|p2a: Eternatus|move: Taunt
|
|upkeep
|turn|11
|j| A HERO'S DESTINY
|
|t:|1664644235
|switch|p1a: Necrozma|Necrozma-Dusk-Mane|100/100
|move|p2a: Eternatus|Dynamax Cannon|p1a: Necrozma
|-resisted|p1a: Necrozma
|-damage|p1a: Necrozma|70/100
|
|-heal|p1a: Necrozma|76/100|[from] item: Leftovers
|upkeep
|turn|12
|j| Ikaishi
|
|t:|1664644253
|move|p2a: Eternatus|Dynamax Cannon|p1a: Necrozma
|-resisted|p1a: Necrozma
|-damage|p1a: Necrozma|47/100
|move|p1a: Necrozma|Iron Head|p2a: Eternatus
|-end|p2a: Eternatus|Substitute
|
|-heal|p1a: Necrozma|53/100|[from] item: Leftovers
|upkeep
|turn|13
|inactive|ILoveMashing❤ has 270 seconds left.
|l|+Raj.Shoot
|l| EL CHURIELIX
|inactive|ILoveMashing❤ has 240 seconds left.
|
|t:|1664644315
|switch|p2a: Yveltal|Yveltal|100/100
|-ability|p2a: Yveltal|Dark Aura
|move|p1a: Necrozma|Thunder Wave|p2a: Yveltal
|-status|p2a: Yveltal|par
|
|-heal|p1a: Necrozma|59/100|[from] item: Leftovers
|upkeep
|turn|14
|inactive|ILoveMashing❤ has 240 seconds left.
|
|t:|1664644325
|switch|p1a: Eternatus|Eternatus|100/100
|-ability|p1a: Eternatus|Pressure
|move|p2a: Yveltal|U-turn|p1a: Eternatus
|-resisted|p1a: Eternatus
|-damage|p1a: Eternatus|93/100
|inactive|ILoveMashing❤ has 240 seconds left.
|j| siras
|
|t:|1664644354
|switch|p2a: Kyogre|Kyogre|100/100|[from]move: U-turn
|-weather|RainDance|[from] ability: Drizzle|[of] p2a: Kyogre
|
|-weather|RainDance|[upkeep]
|upkeep
|turn|15
|inactive|ILoveMashing❤ has 210 seconds left.
|
|t:|1664644386
|move|p1a: Eternatus|Dynamax Cannon|p2a: Kyogre
|-crit|p2a: Kyogre
|-damage|p2a: Kyogre|57/100
|move|p2a: Kyogre|Scald|p1a: Eternatus
|-resisted|p1a: Eternatus
|-damage|p1a: Eternatus|73/100
|
|-weather|RainDance|[upkeep]
|-heal|p2a: Kyogre|63/100|[from] item: Leftovers
|upkeep
|turn|16
|j| be Slasher
|j| TNunes
|j| Ale In Wonderland
|
|t:|1664644414
|move|p1a: Eternatus|Dynamax Cannon|p2a: Kyogre
|-damage|p2a: Kyogre|33/100
|move|p2a: Kyogre|Calm Mind|p2a: Kyogre
|-boost|p2a: Kyogre|spa|1
|-boost|p2a: Kyogre|spd|1
|
|-weather|RainDance|[upkeep]
|-heal|p2a: Kyogre|39/100|[from] item: Leftovers
|upkeep
|turn|17
|
|t:|1664644418
|move|p2a: Kyogre|Rest|p2a: Kyogre
|-status|p2a: Kyogre|slp|[from] move: Rest
|-heal|p2a: Kyogre|100/100 slp|[silent]
|move|p1a: Eternatus|Dragon Tail|p2a: Kyogre
|-damage|p2a: Kyogre|91/100 slp
|drag|p2a: Eternatus|Eternatus|76/100
|-ability|p2a: Eternatus|Pressure
|
|-weather|RainDance|[upkeep]
|upkeep
|turn|18
|
|t:|1664644437
|switch|p1a: Ferrothorn|Ferrothorn, M|100/100
|switch|p2a: Necrozma|Necrozma-Dusk-Mane|100/100
|
|-weather|none
|upkeep
|turn|19
|j| Permission Slip
|
|t:|1664644454
|move|p2a: Necrozma|Stealth Rock|p1a: Ferrothorn
|-sidestart|p1: Nael222|move: Stealth Rock
|move|p1a: Ferrothorn|Spikes|p2a: Necrozma
|-sidestart|p2: ILoveMashing❤|Spikes
|
|upkeep
|turn|20
|inactive|ILoveMashing❤ has 180 seconds left.
|
|t:|1664644469
|switch|p2a: Eternatus|Eternatus|76/100
|-damage|p2a: Eternatus|63/100|[from] Spikes
|-ability|p2a: Eternatus|Pressure
|move|p1a: Ferrothorn|Spikes|p2a: Eternatus
|-sidestart|p2: ILoveMashing❤|Spikes
|
|upkeep
|turn|21
|l| Permission Slip
|j|+Raj.Shoot
|inactive|Nael222 has 270 seconds left.
|l| Ikaishi
|
|t:|1664644493
|move|p2a: Eternatus|Substitute|p2a: Eternatus
|-start|p2a: Eternatus|Substitute
|-damage|p2a: Eternatus|38/100
|move|p1a: Ferrothorn|Iron Defense|p1a: Ferrothorn
|-boost|p1a: Ferrothorn|def|2
|
|upkeep
|turn|22
|inactive|ILoveMashing❤ has 180 seconds left.
|l|+Raj.Shoot
|
|t:|1664644511
|move|p2a: Eternatus|Recover|p2a: Eternatus
|-heal|p2a: Eternatus|88/100
|move|p1a: Ferrothorn|Iron Defense|p1a: Ferrothorn
|-boost|p1a: Ferrothorn|def|2
|
|upkeep
|turn|23
|
|t:|1664644515
|move|p2a: Eternatus|Meteor Beam||[still]
|-prepare|p2a: Eternatus|Meteor Beam
|-boost|p2a: Eternatus|spa|1
|move|p1a: Ferrothorn|Iron Defense|p1a: Ferrothorn
|-boost|p1a: Ferrothorn|def|2
|
|upkeep
|turn|24
|
|t:|1664644518
|move|p2a: Eternatus|Meteor Beam|p1a: Ferrothorn|[from]lockedmove
|-resisted|p1a: Ferrothorn
|-damage|p1a: Ferrothorn|77/100
|move|p1a: Ferrothorn|Body Press|p2a: Eternatus
|-resisted|p2a: Eternatus
|-end|p2a: Eternatus|Substitute
|
|-heal|p1a: Ferrothorn|83/100|[from] item: Leftovers
|upkeep
|turn|25
|j| Ikaishi
|
|t:|1664644525
|move|p2a: Eternatus|Substitute|p2a: Eternatus
|-start|p2a: Eternatus|Substitute
|-damage|p2a: Eternatus|63/100
|move|p1a: Ferrothorn|Body Press|p2a: Eternatus
|-resisted|p2a: Eternatus
|-end|p2a: Eternatus|Substitute
|
|-heal|p1a: Ferrothorn|89/100|[from] item: Leftovers
|upkeep
|turn|26
|inactive|ILoveMashing❤ has 210 seconds left.
|
|t:|1664644546
|move|p2a: Eternatus|Substitute|p2a: Eternatus
|-start|p2a: Eternatus|Substitute
|-damage|p2a: Eternatus|38/100
|move|p1a: Ferrothorn|Spikes|p2a: Eternatus
|-sidestart|p2: ILoveMashing❤|Spikes
|
|-heal|p1a: Ferrothorn|95/100|[from] item: Leftovers
|upkeep
|turn|27
|
|t:|1664644550
|move|p2a: Eternatus|Recover|p2a: Eternatus
|-heal|p2a: Eternatus|89/100
|move|p1a: Ferrothorn|Body Press|p2a: Eternatus
|-resisted|p2a: Eternatus
|-end|p2a: Eternatus|Substitute
|
|-heal|p1a: Ferrothorn|100/100|[from] item: Leftovers
|upkeep
|turn|28
|inactive|ILoveMashing❤ has 210 seconds left.
|
|t:|1664644559
|switch|p2a: Marshadow|Marshadow|100/100
|-damage|p2a: Marshadow|76/100|[from] Spikes
|move|p1a: Ferrothorn|Body Press|p2a: Marshadow
|-immune|p2a: Marshadow
|
|upkeep
|turn|29
|
|t:|1664644567
|move|p2a: Marshadow|Spectral Thief||[still]
|-clearpositiveboost|p1a: Ferrothorn|p2a: Marshadow|move: Spectral Thief
|-boost|p2a: Marshadow|def|6
|-anim|p2a: Marshadow|Spectral Thief|p1a: Ferrothorn
|-damage|p1a: Ferrothorn|60/100
|-damage|p2a: Marshadow|63/100|[from] ability: Iron Barbs|[of] p1a: Ferrothorn
|move|p1a: Ferrothorn|Leech Seed|p2a: Marshadow
|-start|p2a: Marshadow|move: Leech Seed
|
|-heal|p1a: Ferrothorn|66/100|[from] item: Leftovers
|-damage|p2a: Marshadow|51/100|[from] Leech Seed|[of] p1a: Ferrothorn
|-heal|p1a: Ferrothorn|78/100|[silent]
|upkeep
|turn|30
|
|t:|1664644592
|move|p2a: Marshadow|Spectral Thief|p1a: Ferrothorn
|-damage|p1a: Ferrothorn|35/100
|-damage|p2a: Marshadow|38/100|[from] ability: Iron Barbs|[of] p1a: Ferrothorn
|move|p1a: Ferrothorn|Leech Seed||[still]
|-fail|p1a: Ferrothorn
|
|-heal|p1a: Ferrothorn|41/100|[from] item: Leftovers
|-damage|p2a: Marshadow|26/100|[from] Leech Seed|[of] p1a: Ferrothorn
|-heal|p1a: Ferrothorn|52/100|[silent]
|upkeep
|turn|31
|j| EL CHURIELIX
|
|t:|1664644604
|move|p2a: Marshadow|Spectral Thief|p1a: Ferrothorn
|-damage|p1a: Ferrothorn|14/100
|-damage|p2a: Marshadow|13/100|[from] ability: Iron Barbs|[of] p1a: Ferrothorn
|move|p1a: Ferrothorn|Leech Seed||[still]
|-fail|p1a: Ferrothorn
|
|-heal|p1a: Ferrothorn|20/100|[from] item: Leftovers
|-damage|p2a: Marshadow|1/100|[from] Leech Seed|[of] p1a: Ferrothorn
|-heal|p1a: Ferrothorn|31/100|[silent]
|upkeep
|turn|32
|j|+Raj.Shoot
|
|t:|1664644612
|switch|p1a: Zygarde|Zygarde|100/100
|-damage|p1a: Zygarde|94/100|[from] Stealth Rock
|move|p2a: Marshadow|Spectral Thief|p1a: Zygarde
|-damage|p1a: Zygarde|43/100
|
|-heal|p1a: Zygarde|49/100|[from] item: Leftovers
|-damage|p2a: Marshadow|0 fnt|[from] Leech Seed|[of] p1a: Zygarde
|-heal|p1a: Zygarde|49/100|[silent]
|faint|p2a: Marshadow
|-activate|p1a: Zygarde|ability: Power Construct
|detailschange|p1a: Zygarde|Zygarde-Complete
|-heal|p1a: Zygarde|68/100|[silent]
|upkeep
|j| haxlolo
|
|t:|1664644626
|switch|p2a: Eternatus|Eternatus|89/100
|-damage|p2a: Eternatus|64/100|[from] Spikes
|-ability|p2a: Eternatus|Pressure
|turn|33
|
|t:|1664644630
|switch|p1a: Calyrex|Calyrex-Shadow|100/100
|-ability|p1a: Calyrex|As One
|-ability|p1a: Calyrex|Unnerve
|-damage|p1a: Calyrex|88/100|[from] Stealth Rock
|move|p2a: Eternatus|Dynamax Cannon|p1a: Calyrex
|-damage|p1a: Calyrex|42/100
|
|upkeep
|turn|34
|
|t:|1664644638
|switch|p2a: Yveltal|Yveltal|100/100 par
|-ability|p2a: Yveltal|Dark Aura
|move|p1a: Calyrex|Trick|p2a: Yveltal
|-activate|p1a: Calyrex|move: Trick|[of] p2a: Yveltal
|-item|p2a: Yveltal|Choice Scarf|[from] move: Trick
|-item|p1a: Calyrex|Heavy-Duty Boots|[from] move: Trick
|
|upkeep
|turn|35
|inactive|ILoveMashing❤ has 240 seconds left.
|c| KeldeoCrowned|toma seu cachorro haha
|c| be Slasher|KKKKKKKK
|c| be Slasher|é mole
|inactive|ILoveMashing❤ has 210 seconds left.
|
|t:|1664644684
|switch|p1a: Eternatus|Eternatus|73/100
|-ability|p1a: Eternatus|Pressure
|cant|p2a: Yveltal|par
|
|upkeep
|turn|36
|l| EL CHURIELIX
|
|t:|1664644703
|move|p2a: Yveltal|Defog|p1a: Eternatus
|-unboost|p1a: Eternatus|evasion|1
|-sideend|p1: Nael222|Stealth Rock|[from] move: Defog|[of] p2a: Yveltal
|-sideend|p2: ILoveMashing❤|Spikes|[from] move: Defog|[of] p2a: Yveltal
|move|p1a: Eternatus|Dragon Tail|p2a: Yveltal
|-damage|p2a: Yveltal|86/100 par
|drag|p2a: Kyogre|Kyogre|91/100 slp
|-weather|RainDance|[from] ability: Drizzle|[of] p2a: Kyogre
|
|-weather|RainDance|[upkeep]
|-heal|p2a: Kyogre|97/100 slp|[from] item: Leftovers
|upkeep
|turn|37
|j| BTLT221 oakdeon
|
|t:|1664644714
|cant|p2a: Kyogre|slp
|move|p1a: Eternatus|Dragon Tail|p2a: Kyogre
|-damage|p2a: Kyogre|86/100 slp
|drag|p2a: Yveltal|Yveltal|86/100 par
|-ability|p2a: Yveltal|Dark Aura
|
|-weather|RainDance|[upkeep]
|upkeep
|turn|38
|
|t:|1664644722
|switch|p2a: Necrozma|Necrozma-Dusk-Mane|100/100
|move|p1a: Eternatus|Dynamax Cannon|p2a: Necrozma
|-resisted|p2a: Necrozma
|-damage|p2a: Necrozma|87/100
|
|-weather|RainDance|[upkeep]
|-heal|p2a: Necrozma|93/100|[from] item: Leftovers
|upkeep
|turn|39
|
|t:|1664644748
|switch|p1a: Necrozma|Necrozma-Dusk-Mane|59/100
|move|p2a: Necrozma|Iron Head|p1a: Necrozma
|-resisted|p1a: Necrozma
|-damage|p1a: Necrozma|44/100
|
|-weather|RainDance|[upkeep]
|-heal|p1a: Necrozma|50/100|[from] item: Leftovers
|-heal|p2a: Necrozma|99/100|[from] item: Leftovers
|upkeep
|turn|40
|
|t:|1664644754
|move|p1a: Necrozma|Stealth Rock|p2a: Necrozma
|-sidestart|p2: ILoveMashing❤|move: Stealth Rock
|move|p2a: Necrozma|Thunder Wave|p1a: Necrozma
|-status|p1a: Necrozma|par
|
|-weather|none
|-heal|p2a: Necrozma|100/100|[from] item: Leftovers
|-heal|p1a: Necrozma|57/100 par|[from] item: Leftovers
|upkeep
|turn|41
|
|t:|1664644757
|move|p2a: Necrozma|Stealth Rock|p1a: Necrozma
|-sidestart|p1: Nael222|move: Stealth Rock
|cant|p1a: Necrozma|par
|
|-heal|p1a: Necrozma|63/100 par|[from] item: Leftovers
|upkeep
|turn|42
|
|t:|1664644766
|switch|p2a: Ferrothorn|Ferrothorn, F|100/100
|-damage|p2a: Ferrothorn|94/100|[from] Stealth Rock
|switch|p1a: Zygarde|Zygarde-Complete|68/100
|-damage|p1a: Zygarde|62/100|[from] Stealth Rock
|
|-heal|p1a: Zygarde|68/100|[from] item: Leftovers
|-heal|p2a: Ferrothorn|100/100|[from] item: Leftovers
|upkeep
|turn|43
|inactive|ILoveMashing❤ has 210 seconds left.
|
|t:|1664644775
|move|p1a: Zygarde|Substitute|p1a: Zygarde
|-start|p1a: Zygarde|Substitute
|-damage|p1a: Zygarde|43/100
|move|p2a: Ferrothorn|Knock Off|p1a: Zygarde
|-activate|p1a: Zygarde|move: Substitute|[damage]
|
|-heal|p1a: Zygarde|50/100|[from] item: Leftovers
|upkeep
|turn|44
|
|t:|1664644778
|move|p1a: Zygarde|Dragon Dance|p1a: Zygarde
|-boost|p1a: Zygarde|atk|1
|-boost|p1a: Zygarde|spe|1
|move|p2a: Ferrothorn|Power Whip|p1a: Zygarde
|-end|p1a: Zygarde|Substitute
|
|-heal|p1a: Zygarde|56/100|[from] item: Leftovers
|upkeep
|turn|45
|
|t:|1664644800
|move|p1a: Zygarde|Substitute|p1a: Zygarde
|-start|p1a: Zygarde|Substitute
|-damage|p1a: Zygarde|31/100
|move|p2a: Ferrothorn|Power Whip|p1a: Zygarde
|-activate|p1a: Zygarde|move: Substitute|[damage]
|
|-heal|p1a: Zygarde|37/100|[from] item: Leftovers
|upkeep
|turn|46
|l| Beraldinhoo
|
|t:|1664644813
|move|p1a: Zygarde|Dragon Dance|p1a: Zygarde
|-boost|p1a: Zygarde|atk|1
|-boost|p1a: Zygarde|spe|1
|move|p2a: Ferrothorn|Power Whip|p1a: Zygarde
|-end|p1a: Zygarde|Substitute
|
|-heal|p1a: Zygarde|43/100|[from] item: Leftovers
|upkeep
|turn|47
|
|t:|1664644818
|move|p1a: Zygarde|Substitute|p1a: Zygarde
|-start|p1a: Zygarde|Substitute
|-damage|p1a: Zygarde|18/100
|move|p2a: Ferrothorn|Power Whip|p1a: Zygarde
|-activate|p1a: Zygarde|move: Substitute|[damage]
|
|-heal|p1a: Zygarde|25/100|[from] item: Leftovers
|upkeep
|turn|48
|inactive|ILoveMashing❤ has 240 seconds left.
|
|t:|1664644824
|move|p1a: Zygarde|Thousand Arrows|p2a: Ferrothorn
|-damage|p2a: Ferrothorn|40/100
|move|p2a: Ferrothorn|Power Whip|p1a: Zygarde
|-end|p1a: Zygarde|Substitute
|
|-heal|p1a: Zygarde|31/100|[from] item: Leftovers
|-heal|p2a: Ferrothorn|46/100|[from] item: Leftovers
|upkeep
|turn|49
|inactive|ILoveMashing❤ has 240 seconds left.
|j| Tiniebla $
|
|t:|1664644852
|move|p1a: Zygarde|Substitute|p1a: Zygarde
|-start|p1a: Zygarde|Substitute
|-damage|p1a: Zygarde|6/100
|move|p2a: Ferrothorn|Power Whip|p1a: Zygarde
|-activate|p1a: Zygarde|move: Substitute|[damage]
|
|-heal|p1a: Zygarde|12/100|[from] item: Leftovers
|-heal|p2a: Ferrothorn|52/100|[from] item: Leftovers
|upkeep
|turn|50
|inactive|ILoveMashing❤ has 210 seconds left.
|
|t:|1664644878
|move|p1a: Zygarde|Thousand Arrows|p2a: Ferrothorn
|-damage|p2a: Ferrothorn|0 fnt
|faint|p2a: Ferrothorn
|
|-heal|p1a: Zygarde|18/100|[from] item: Leftovers
|upkeep
|inactive|ILoveMashing❤ has 210 seconds left.
|
|t:|1664644884
|switch|p2a: Kyogre|Kyogre|86/100 slp
|-damage|p2a: Kyogre|74/100 slp|[from] Stealth Rock
|-weather|RainDance|[from] ability: Drizzle|[of] p2a: Kyogre
|turn|51
|
|t:|1664644896
|move|p1a: Zygarde|Thousand Arrows|p2a: Kyogre
|-damage|p2a: Kyogre|20/100 slp
|cant|p2a: Kyogre|slp
|
|-weather|RainDance|[upkeep]
|-heal|p1a: Zygarde|25/100|[from] item: Leftovers
|-heal|p2a: Kyogre|26/100 slp|[from] item: Leftovers
|upkeep
|turn|52
|l| corvere
|j| Permission Slip
|c|☆ILoveMashing❤|gg
|inactive|ILoveMashing❤ has 210 seconds left.
|l| Ikaishi
|-message|ILoveMashing❤ forfeited.
|
|win|Nael222
|c|☆Nael222|gg
|l| Ale In Wonderland
|l| Permission Slip
|l| Spl4sh
|l|+Raj.Shoot
|l| Seraphz
|l| A HERO'S DESTINY
|j| STABLEPRINCE 聖
|l| AI Mir
|l| Inder
|l|+Natan
|l| TNunes
|l| BTLT221 oakdeon
|l| STABLEPRINCE 聖
|l| Joya
|l| TDNT
|j| heck dis
|l| Dunoks
|j| Seraphz
|l| heck dis
|l| siras
|j| ansiedade
|l| ansiedade
|l| be Slasher
|j|%Mihowk@!
