|j|☆Sim112
|j|☆puissance du feu
|t:|1667389484
|gametype|singles
|player|p1|Sim112|arezu|1298
|player|p2|puissance du feu|blackbelt-gen4dp|1335
|teamsize|p1|6
|teamsize|p2|6
|gen|8
|tier|[Gen 8] Ubers
|rated|
|rule|Sleep Clause Mod: Limit one foe put to sleep
|rule|Species Clause: Limit one of each Pokémon
|rule|OHKO Clause: OHKO moves are banned
|rule|Evasion Items Clause: Evasion items are banned
|rule|Evasion Moves Clause: Evasion moves are banned
|rule|Endless Battle Clause: Forcing endless battles is banned
|rule|HP Percentage Mod: HP is shown in percentages
|rule|Dynamax Clause: You cannot dynamax
|clearpoke
|poke|p1|Tyranitar, F|
|poke|p1|Aegislash, M|
|poke|p1|Incineroar, M|
|poke|p1|Clefable, M|
|poke|p1|Giratina-Origin|
|poke|p1|Urshifu-*, F|
|poke|p2|Lugia|
|poke|p2|Blissey, F|
|poke|p2|Ditto|
|poke|p2|Giratina|
|poke|p2|Ferrothorn, F|
|poke|p2|Clefable, M|
|teampreview
|inactive|Battle timer is ON: inactive players will automatically lose when time's up. (requested by puissance du feu)
|
|t:|1667389496
|start
|switch|p1a: Incineroar|Incineroar, M|100/100
|switch|p2a: Metal malade|Ferrothorn, F|100/100
|-ability|p1a: Incineroar|Intimidate|boost
|-unboost|p2a: Metal malade|atk|1
|turn|1
|
|t:|1667389505
|switch|p2a: Pini|Lugia|100/100
|-ability|p2a: Pini|Pressure
|move|p1a: Incineroar|Flare Blitz|p2a: Pini
|-damage|p2a: Pini|62/100
|-damage|p1a: Incineroar|88/100|[from] Recoil
|
|-heal|p2a: Pini|68/100|[from] item: Leftovers
|upkeep
|turn|2
|
|t:|1667389519
|move|p2a: Pini|Reflect|p2a: Pini
|-sidestart|p2: puissance du feu|Reflect
|move|p1a: Incineroar|Darkest Lariat|p2a: Pini
|-supereffective|p2a: Pini
|-damage|p2a: Pini|41/100
|
|-heal|p2a: Pini|47/100|[from] item: Leftovers
|upkeep
|turn|3
|inactive|Sim112 has 120 seconds left.
|
|t:|1667389550
|move|p2a: Pini|Roost|p2a: Pini
|-heal|p2a: Pini|97/100
|-singleturn|p2a: Pini|move: Roost
|move|p1a: Incineroar|Darkest Lariat|p2a: Pini
|-supereffective|p2a: Pini
|-crit|p2a: Pini
|-damage|p2a: Pini|15/100
|
|-heal|p2a: Pini|21/100|[from] item: Leftovers
|upkeep
|turn|4
|c|☆puissance du feu|Jjjjjjjjjjoiuhjjjjjjjikkk
|inactive|Sim112 has 120 seconds left.
|
|t:|1667389563
|move|p2a: Pini|Roost|p2a: Pini
|-heal|p2a: Pini|71/100
|-singleturn|p2a: Pini|move: Roost
|move|p1a: Incineroar|Darkest Lariat|p2a: Pini
|-supereffective|p2a: Pini
|-damage|p2a: Pini|43/100
|
|-heal|p2a: Pini|49/100|[from] item: Leftovers
|upkeep
|turn|5
|
|t:|1667389573
|move|p2a: Pini|Roost|p2a: Pini
|-heal|p2a: Pini|99/100
|-singleturn|p2a: Pini|move: Roost
|move|p1a: Incineroar|Darkest Lariat|p2a: Pini
|-supereffective|p2a: Pini
|-damage|p2a: Pini|70/100
|
|-heal|p2a: Pini|76/100|[from] item: Leftovers
|upkeep
|turn|6
|
|t:|1667389583
|move|p2a: Pini|Roost|p2a: Pini
|-heal|p2a: Pini|100/100
|-singleturn|p2a: Pini|move: Roost
|move|p1a: Incineroar|Darkest Lariat|p2a: Pini
|-supereffective|p2a: Pini
|-damage|p2a: Pini|72/100
|
|-heal|p2a: Pini|78/100|[from] item: Leftovers
|-sideend|p2: puissance du feu|Reflect
|upkeep
|turn|7
|
|t:|1667389594
|move|p2a: Pini|Reflect|p2a: Pini
|-sidestart|p2: puissance du feu|Reflect
|move|p1a: Incineroar|Darkest Lariat|p2a: Pini
|-supereffective|p2a: Pini
|-damage|p2a: Pini|50/100
|
|-heal|p2a: Pini|56/100|[from] item: Leftovers
|upkeep
|turn|8
|
|t:|1667389602
|move|p2a: Pini|Roost|p2a: Pini
|-heal|p2a: Pini|100/100
|-singleturn|p2a: Pini|move: Roost
|move|p1a: Incineroar|U-turn|p2a: Pini
|-supereffective|p2a: Pini
|-damage|p2a: Pini|84/100
|
|t:|1667389608
|switch|p1a: Urshifu|Urshifu, F|100/100|[from]move: U-turn
|
|-heal|p2a: Pini|90/100|[from] item: Leftovers
|upkeep
|turn|9
|
|t:|1667389617
|move|p1a: Urshifu|Wicked Blow|p2a: Pini
|-supereffective|p2a: Pini
|-crit|p2a: Pini
|-damage|p2a: Pini|18/100
|move|p2a: Pini|Aeroblast|p1a: Urshifu
|-supereffective|p1a: Urshifu
|-damage|p1a: Urshifu|5/100
|
|-heal|p2a: Pini|24/100|[from] item: Leftovers
|upkeep
|turn|10
|
|t:|1667389635
|switch|p2a: Nomé|Clefable, M|100/100
|move|p1a: Urshifu|Wicked Blow|p2a: Nomé
|-resisted|p2a: Nomé
|-crit|p2a: Nomé
|-damage|p2a: Nomé|71/100
|
|-heal|p2a: Nomé|77/100|[from] item: Leftovers
|upkeep
|turn|11
|
|t:|1667389647
|switch|p1a: Aegislash|Aegislash, M|100/100
|move|p2a: Nomé|Moonblast|p1a: Aegislash
|-resisted|p1a: Aegislash
|-damage|p1a: Aegislash|88/100
|
|-heal|p1a: Aegislash|95/100|[from] item: Leftovers
|-heal|p2a: Nomé|83/100|[from] item: Leftovers
|-sideend|p2: puissance du feu|Reflect
|upkeep
|turn|12
|
|t:|1667389658
|switch|p2a: Metal malade|Ferrothorn, F|100/100
|-formechange|p1a: Aegislash|Aegislash-Blade||[from] ability: Stance Change
|move|p1a: Aegislash|Iron Head|p2a: Metal malade
|-resisted|p2a: Metal malade
|-damage|p2a: Metal malade|83/100
|-damage|p1a: Aegislash|82/100|[from] ability: Iron Barbs|[of] p2a: Metal malade
|
|-heal|p1a: Aegislash|88/100|[from] item: Leftovers
|-heal|p2a: Metal malade|90/100|[from] item: Leftovers
|upkeep
|turn|13
|
|t:|1667389671
|move|p1a: Aegislash|Sacred Sword|p2a: Metal malade
|-supereffective|p2a: Metal malade
|-damage|p2a: Metal malade|36/100
|-damage|p1a: Aegislash|76/100|[from] ability: Iron Barbs|[of] p2a: Metal malade
|move|p2a: Metal malade|Stealth Rock|p1a: Aegislash
|-sidestart|p1: Sim112|move: Stealth Rock
|
|-heal|p1a: Aegislash|82/100|[from] item: Leftovers
|-heal|p2a: Metal malade|43/100|[from] item: Leftovers
|upkeep
|turn|14
|
|t:|1667389682
|move|p2a: Metal malade|Protect|p2a: Metal malade
|-singleturn|p2a: Metal malade|Protect
|move|p1a: Aegislash|Sacred Sword|p2a: Metal malade
|-activate|p2a: Metal malade|move: Protect
|
|-heal|p1a: Aegislash|88/100|[from] item: Leftovers
|-heal|p2a: Metal malade|49/100|[from] item: Leftovers
|upkeep
|turn|15
|
|t:|1667389698
|switch|p2a: Pini|Lugia|24/100
|-ability|p2a: Pini|Pressure
|move|p1a: Aegislash|Sacred Sword|p2a: Pini
|-resisted|p2a: Pini
|-damage|p2a: Pini|19/100
|
|-heal|p2a: Pini|25/100|[from] item: Leftovers
|-heal|p1a: Aegislash|95/100|[from] item: Leftovers
|upkeep
|turn|16
|
|t:|1667389710
|move|p1a: Aegislash|Shadow Sneak|p2a: Pini
|-supereffective|p2a: Pini
|-damage|p2a: Pini|0 fnt
|faint|p2a: Pini
|
|-heal|p1a: Aegislash|100/100|[from] item: Leftovers
|upkeep
|inactive|puissance du feu has 120 seconds left.
|
|t:|1667389726
|switch|p2a: Bion|Blissey, F|100/100
|turn|17
|
|t:|1667389732
|move|p2a: Bion|Protect|p2a: Bion
|-singleturn|p2a: Bion|Protect
|move|p1a: Aegislash|Sacred Sword|p2a: Bion
|-activate|p2a: Bion|move: Protect
|
|upkeep
|turn|18
|
|t:|1667389739
|move|p1a: Aegislash|Sacred Sword|p2a: Bion
|-supereffective|p2a: Bion
|-damage|p2a: Bion|39/100
|move|p2a: Bion|Soft-Boiled|p2a: Bion
|-heal|p2a: Bion|89/100
|
|-heal|p2a: Bion|96/100|[from] item: Leftovers
|upkeep
|turn|19
|
|t:|1667389749
|move|p2a: Bion|Protect|p2a: Bion
|-singleturn|p2a: Bion|Protect
|move|p1a: Aegislash|Iron Head|p2a: Bion
|-activate|p2a: Bion|move: Protect
|
|-heal|p2a: Bion|100/100|[from] item: Leftovers
|upkeep
|turn|20
|
|t:|1667389757
|move|p1a: Aegislash|Iron Head|p2a: Bion
|-damage|p2a: Bion|61/100
|cant|p2a: Bion|flinch
|
|-heal|p2a: Bion|68/100|[from] item: Leftovers
|upkeep
|turn|21
|
|t:|1667389766
|switch|p1a: Tyranitar|Tyranitar, F|100/100
|-damage|p1a: Tyranitar|88/100|[from] Stealth Rock
|-weather|Sandstorm|[from] ability: Sand Stream|[of] p1a: Tyranitar
|move|p2a: Bion|Soft-Boiled|p2a: Bion
|-heal|p2a: Bion|100/100
|
|-weather|Sandstorm|[upkeep]
|-damage|p2a: Bion|94/100|[from] Sandstorm
|-heal|p2a: Bion|100/100|[from] item: Leftovers
|upkeep
|turn|22
|
|t:|1667389778
|move|p1a: Tyranitar|Crunch|p2a: Bion
|-damage|p2a: Bion|61/100
|move|p2a: Bion|Toxic|p1a: Tyranitar
|-status|p1a: Tyranitar|tox
|
|-weather|Sandstorm|[upkeep]
|-damage|p2a: Bion|55/100|[from] Sandstorm
|-heal|p2a: Bion|61/100|[from] item: Leftovers
|-damage|p1a: Tyranitar|82/100 tox|[from] psn
|upkeep
|turn|23
|
|t:|1667389790
|move|p2a: Bion|Protect|p2a: Bion
|-singleturn|p2a: Bion|Protect
|move|p1a: Tyranitar|Rock Slide|p2a: Bion
|-activate|p2a: Bion|move: Protect
|
|-weather|Sandstorm|[upkeep]
|-damage|p2a: Bion|55/100|[from] Sandstorm
|-heal|p2a: Bion|61/100|[from] item: Leftovers
|-damage|p1a: Tyranitar|70/100 tox|[from] psn
|upkeep
|turn|24
|
|t:|1667389801
|move|p1a: Tyranitar|Rock Slide|p2a: Bion
|-damage|p2a: Bion|21/100
|move|p2a: Bion|Soft-Boiled|p2a: Bion
|-heal|p2a: Bion|71/100
|
|-weather|Sandstorm|[upkeep]
|-damage|p2a: Bion|65/100|[from] Sandstorm
|-heal|p2a: Bion|71/100|[from] item: Leftovers
|-damage|p1a: Tyranitar|52/100 tox|[from] psn
|upkeep
|turn|25
|
|t:|1667389816
|switch|p1a: Aegislash|Aegislash, M|100/100
|-damage|p1a: Aegislash|94/100|[from] Stealth Rock
|move|p2a: Bion|Soft-Boiled|p2a: Bion
|-heal|p2a: Bion|100/100
|
|-weather|none
|-heal|p1a: Aegislash|100/100|[from] item: Leftovers
|upkeep
|turn|26
|
|t:|1667389826
|-formechange|p1a: Aegislash|Aegislash-Blade||[from] ability: Stance Change
|move|p1a: Aegislash|Iron Head|p2a: Bion
|-damage|p2a: Bion|59/100
|move|p2a: Bion|Soft-Boiled|p2a: Bion
|-heal|p2a: Bion|100/100
|
|upkeep
|turn|27
|
|t:|1667389839
|move|p2a: Bion|Protect|p2a: Bion
|-singleturn|p2a: Bion|Protect
|move|p1a: Aegislash|Shadow Sneak|p2a: Bion
|-activate|p2a: Bion|move: Protect
|
|upkeep
|turn|28
|
|t:|1667389846
|move|p1a: Aegislash|Shadow Sneak|p2a: Bion
|-immune|p2a: Bion
|move|p2a: Bion|Soft-Boiled||[still]
|-fail|p2a: Bion|heal
|
|upkeep
|turn|29
|
|t:|1667389853
|move|p1a: Aegislash|Sacred Sword|p2a: Bion
|-supereffective|p2a: Bion
|-damage|p2a: Bion|33/100
|move|p2a: Bion|Heal Bell||[still]
|-activate|p2a: Bion|move: Heal Bell
|-fail|p2a: Bion
|
|-heal|p2a: Bion|39/100|[from] item: Leftovers
|upkeep
|turn|30
|
|t:|1667389863
|move|p2a: Bion|Protect|p2a: Bion
|-singleturn|p2a: Bion|Protect
|move|p1a: Aegislash|Sacred Sword|p2a: Bion
|-activate|p2a: Bion|move: Protect
|
|-heal|p2a: Bion|46/100|[from] item: Leftovers
|upkeep
|turn|31
|
|t:|1667389878
|switch|p2a: Nibo|Giratina|100/100
|-ability|p2a: Nibo|Pressure
|move|p1a: Aegislash|Sacred Sword|p2a: Nibo
|-immune|p2a: Nibo
|
|upkeep
|turn|32
|
|t:|1667389892
|switch|p2a: Bion|Blissey, F|46/100
|switch|p1a: Tyranitar|Tyranitar, F|52/100 tox
|-damage|p1a: Tyranitar|40/100 tox|[from] Stealth Rock
|-weather|Sandstorm|[from] ability: Sand Stream|[of] p1a: Tyranitar
|
|-weather|Sandstorm|[upkeep]
|-damage|p2a: Bion|39/100|[from] Sandstorm
|-heal|p2a: Bion|46/100|[from] item: Leftovers
|-damage|p1a: Tyranitar|34/100 tox|[from] psn
|upkeep
|turn|33
|
|t:|1667389905
|move|p1a: Tyranitar|Rock Slide|p2a: Bion
|-damage|p2a: Bion|7/100
|move|p2a: Bion|Soft-Boiled|p2a: Bion
|-heal|p2a: Bion|57/100
|
|-weather|Sandstorm|[upkeep]
|-damage|p2a: Bion|51/100|[from] Sandstorm
|-heal|p2a: Bion|57/100|[from] item: Leftovers
|-damage|p1a: Tyranitar|22/100 tox|[from] psn
|upkeep
|turn|34
|
|t:|1667389916
|move|p2a: Bion|Protect|p2a: Bion
|-singleturn|p2a: Bion|Protect
|move|p1a: Tyranitar|Rock Slide|p2a: Bion
|-activate|p2a: Bion|move: Protect
|
|-weather|Sandstorm|[upkeep]
|-damage|p2a: Bion|51/100|[from] Sandstorm
|-heal|p2a: Bion|57/100|[from] item: Leftovers
|-damage|p1a: Tyranitar|4/100 tox|[from] psn
|upkeep
|turn|35
|
|t:|1667389929
|move|p1a: Tyranitar|Rock Slide|p2a: Bion
|-damage|p2a: Bion|21/100
|cant|p2a: Bion|flinch
|
|-weather|Sandstorm|[upkeep]
|-damage|p2a: Bion|14/100|[from] Sandstorm
|-heal|p2a: Bion|21/100|[from] item: Leftovers
|-damage|p1a: Tyranitar|0 fnt|[from] psn
|faint|p1a: Tyranitar
|upkeep
|
|t:|1667389950
|switch|p1a: Incineroar|Incineroar, M|88/100
|-damage|p1a: Incineroar|63/100|[from] Stealth Rock
|-ability|p1a: Incineroar|Intimidate|boost
|-unboost|p2a: Bion|atk|1
|turn|36
|
|t:|1667389959
|move|p2a: Bion|Protect|p2a: Bion
|-singleturn|p2a: Bion|Protect
|move|p1a: Incineroar|Fake Out|p2a: Bion
|-activate|p2a: Bion|move: Protect
|
|-weather|none
|-heal|p2a: Bion|27/100|[from] item: Leftovers
|upkeep
|turn|37
|
|t:|1667389975
|move|p1a: Incineroar|Flare Blitz|p2a: Bion
|-damage|p2a: Bion|0 fnt
|faint|p2a: Bion
|-damage|p1a: Incineroar|47/100|[from] Recoil
|
|upkeep
|
|t:|1667389982
|switch|p2a: Bana|Ditto|100/100
|-transform|p2a: Bana|p1a: Incineroar|[from] ability: Imposter
|-ability|p2a: Bana|Intimidate|boost
|-unboost|p1a: Incineroar|atk|1
|turn|38
|
|t:|1667390006
|move|p2a: Bana|Flare Blitz|p1a: Incineroar
|-resisted|p1a: Incineroar
|-damage|p1a: Incineroar|17/100
|-damage|p2a: Bana|87/100|[from] Recoil
|move|p1a: Incineroar|U-turn|p2a: Bana
|-damage|p2a: Bana|66/100
|inactive|Sim112 has 120 seconds left.
|
|t:|1667390042
|switch|p1a: Urshifu|Urshifu, F|5/100|[from]move: U-turn
|-damage|p1a: Urshifu|0 fnt|[from] Stealth Rock
|faint|p1a: Urshifu
|
|upkeep
|
|t:|1667390048
|switch|p1a: Incineroar|Incineroar, M|17/100
|-damage|p1a: Incineroar|0 fnt|[from] Stealth Rock
|faint|p1a: Incineroar
|
|t:|1667390060
|switch|p1a: Clefable|Clefable, M|100/100
|turn|39
|
|t:|1667390067
|switch|p2a: Nomé|Clefable, M|83/100
|move|p1a: Clefable|Calm Mind|p1a: Clefable
|-boost|p1a: Clefable|spa|1
|-boost|p1a: Clefable|spd|1
|
|-heal|p2a: Nomé|89/100|[from] item: Leftovers
|upkeep
|turn|40
|inactive|Sim112 has 120 seconds left.
|
|t:|1667390076
|move|p2a: Nomé|Toxic|p1a: Clefable
|-status|p1a: Clefable|tox
|move|p1a: Clefable|Moonblast|p2a: Nomé
|-damage|p2a: Nomé|35/100
|
|-heal|p2a: Nomé|41/100|[from] item: Leftovers
|upkeep
|turn|41
|
|t:|1667390086
|move|p2a: Nomé|Moonlight|p2a: Nomé
|-heal|p2a: Nomé|91/100
|move|p1a: Clefable|Moonblast|p2a: Nomé
|-damage|p2a: Nomé|29/100
|
|-heal|p2a: Nomé|35/100|[from] item: Leftovers
|upkeep
|turn|42
|
|t:|1667390101
|move|p1a: Clefable|Moonblast|p2a: Nomé
|-damage|p2a: Nomé|0 fnt
|faint|p2a: Nomé
|
|upkeep
|
|t:|1667390109
|switch|p2a: Metal malade|Ferrothorn, F|49/100
|turn|43
|
|t:|1667390115
|move|p1a: Clefable|Fire Blast|p2a: Metal malade
|-supereffective|p2a: Metal malade
|-damage|p2a: Metal malade|0 fnt
|faint|p2a: Metal malade
|
|upkeep
|
|t:|1667390121
|switch|p2a: Bana|Ditto|66/100
|-transform|p2a: Bana|p1a: Clefable|[from] ability: Imposter
|turn|44
|
|t:|1667390129
|move|p2a: Bana|Moonblast|p1a: Clefable
|-damage|p1a: Clefable|58/100 tox
|-unboost|p1a: Clefable|spa|1
|move|p1a: Clefable|Calm Mind|p1a: Clefable
|-boost|p1a: Clefable|spa|1
|-boost|p1a: Clefable|spd|1
|
|-heal|p1a: Clefable|64/100 tox|[from] item: Leftovers
|upkeep
|turn|45
|
|t:|1667390143
|move|p2a: Bana|Moonblast|p1a: Clefable
|-damage|p1a: Clefable|35/100 tox
|move|p1a: Clefable|Calm Mind|p1a: Clefable
|-boost|p1a: Clefable|spa|1
|-boost|p1a: Clefable|spd|1
|
|-heal|p1a: Clefable|41/100 tox|[from] item: Leftovers
|upkeep
|turn|46
|
|t:|1667390152
|move|p2a: Bana|Moonblast|p1a: Clefable
|-damage|p1a: Clefable|14/100 tox
|move|p1a: Clefable|Moonblast|p2a: Bana
|-damage|p2a: Bana|0 fnt
|faint|p2a: Bana
|
|-heal|p1a: Clefable|20/100 tox|[from] item: Leftovers
|upkeep
|
|t:|1667390163
|switch|p2a: Nibo|Giratina|100/100
|-ability|p2a: Nibo|Pressure
|turn|47
|-message|puissance du feu forfeited.
|
|win|Sim112
|raw|Sim112's rating: 1298 &rarr; <strong>1326</strong><br />(+28 for winning)
|raw|puissance du feu's rating: 1335 &rarr; <strong>1313</strong><br />(-22 for losing)
|l|☆puissance du feu
||Ladder isn't responding, score probably updated but might not have (Request timeout).
