|raw|<div class="broadcast-blue"><strong>This battle is required to be public due to a player having a name starting with 'ult4pdr'.</div>
|j|‽fardin
|j|☆ULT4PDR Fc
|t:|1654213123
|gametype|singles
|player|p1|fardin|170|1494
|player|p2|ULT4PDR Fc|#wcop2022canada|1538
|teamsize|p1|6
|teamsize|p2|6
|gen|8
|tier|[Gen 8] Ubers
|rated|
|rule|Sleep Clause Mod: Limit one foe put to sleep
|rule|Species Clause: Limit one of each Pokémon
|rule|OHKO Clause: OHKO moves are banned
|rule|Evasion Moves Clause: Evasion moves are banned
|rule|Endless Battle Clause: Forcing endless battles is banned
|rule|HP Percentage Mod: HP is shown in percentages
|rule|Dynamax Clause: You cannot dynamax
|clearpoke
|poke|p1|Toxapex, M|
|poke|p1|Lunala|
|poke|p1|Yveltal|
|poke|p1|Zygarde|
|poke|p1|Blissey, F|
|poke|p1|Clefable, M|
|poke|p2|Ho-Oh|
|poke|p2|Chansey, F|
|poke|p2|Yveltal|
|poke|p2|Xatu, F|
|poke|p2|Skarmory, M|
|poke|p2|Groudon|
|teampreview
|inactive|Battle timer is ON: inactive players will automatically lose when time's up. (requested by fardin)
|
|t:|1654213143
|start
|switch|p1a: Toxapex|Toxapex, M|100/100
|switch|p2a: Groudon|Groudon|100/100
|-weather|SunnyDay|[from] ability: Drought|[of] p2a: Groudon
|turn|1
|
|t:|1654213152
|switch|p2a: Xatu|Xatu, F|100/100
|move|p1a: Toxapex|Knock Off|p2a: Xatu
|-supereffective|p2a: Xatu
|-damage|p2a: Xatu|72/100
|-damage|p1a: Toxapex|84/100|[from] item: Rocky Helmet|[of] p2a: Xatu
|-enditem|p2a: Xatu|Rocky Helmet|[from] move: Knock Off|[of] p1a: Toxapex
|
|-weather|SunnyDay|[upkeep]
|upkeep
|turn|2
|
|t:|1654213157
|switch|p1a: Zygarde|Zygarde|100/100
|move|p2a: Xatu|Teleport|p2a: Xatu
|
|t:|1654213162
|switch|p2a: Skarmory|Skarmory, M|100/100|[from]move: Teleport
|
|-weather|SunnyDay|[upkeep]
|upkeep
|turn|3
|j| ULT4PDR Flatemo
|j|+Aberforth
|j| Holy Ghost
|
|t:|1654213176
|switch|p1a: Clefable|Clefable, M|100/100
|move|p2a: Skarmory|Spikes|p1a: Clefable
|-sidestart|p1: fardin|Spikes
|
|-weather|SunnyDay|[upkeep]
|upkeep
|turn|4
|l| ULT4PDR Flatemo
|
|t:|1654213185
|switch|p2a: Xatu|Xatu, F|72/100
|move|p1a: Clefable|Trick|p2a: Xatu
|-activate|p1a: Clefable|move: Trick|[of] p2a: Xatu
|-item|p2a: Xatu|Sticky Barb|[from] move: Trick
|-enditem|p1a: Clefable|Sticky Barb|[silent]|[from] move: Trick
|
|-weather|SunnyDay|[upkeep]
|-damage|p2a: Xatu|59/100|[from] item: Sticky Barb
|upkeep
|turn|5
|
|t:|1654213193
|move|p2a: Xatu|Roost|p2a: Xatu
|-heal|p2a: Xatu|100/100
|-singleturn|p2a: Xatu|move: Roost
|move|p1a: Clefable|Moonblast|p2a: Xatu
|-crit|p2a: Xatu
|-damage|p2a: Xatu|40/100
|
|-weather|none
|-damage|p2a: Xatu|28/100|[from] item: Sticky Barb
|upkeep
|turn|6
|
|t:|1654213198
|move|p2a: Xatu|Roost|p2a: Xatu
|-heal|p2a: Xatu|78/100
|-singleturn|p2a: Xatu|move: Roost
|move|p1a: Clefable|Stealth Rock|p2a: Xatu
|move|p2a: Xatu|Stealth Rock|p1a: Clefable|[from]ability: Magic Bounce
|-sidestart|p1: fardin|move: Stealth Rock
|
|-damage|p2a: Xatu|65/100|[from] item: Sticky Barb
|upkeep
|turn|7
|
|t:|1654213203
|move|p1a: Clefable|Moonblast|p2a: Xatu
|-damage|p2a: Xatu|20/100
|move|p2a: Xatu|Teleport|p2a: Xatu
|j| Jojoliflor ✿
|
|t:|1654213212
|switch|p2a: Ho-Oh|Ho-Oh, shiny|100/100|[from]move: Teleport
|
|upkeep
|turn|8
|
|t:|1654213215
|move|p2a: Ho-Oh|Sacred Fire|p1a: Clefable
|-damage|p1a: Clefable|35/100
|-status|p1a: Clefable|brn
|move|p1a: Clefable|Stealth Rock|p2a: Ho-Oh
|-sidestart|p2: ULT4PDR Fc|move: Stealth Rock
|
|upkeep
|turn|9
|
|t:|1654213220
|switch|p1a: Toxapex|Toxapex, M|100/100
|-damage|p1a: Toxapex|88/100|[from] Spikes
|-damage|p1a: Toxapex|76/100|[from] Stealth Rock
|move|p2a: Ho-Oh|Sacred Fire|p1a: Toxapex
|-resisted|p1a: Toxapex
|-damage|p1a: Toxapex|49/100
|-status|p1a: Toxapex|brn
|
|-damage|p1a: Toxapex|43/100 brn|[from] brn
|upkeep
|turn|10
|
|t:|1654213226
|switch|p2a: Skarmory|Skarmory, M|100/100
|-damage|p2a: Skarmory|88/100|[from] Stealth Rock
|move|p1a: Toxapex|Recover|p1a: Toxapex
|-heal|p1a: Toxapex|93/100 brn
|
|-damage|p1a: Toxapex|87/100 brn|[from] brn
|upkeep
|turn|11
|
|t:|1654213230
|switch|p1a: Clefable|Clefable, M|35/100 brn
|move|p2a: Skarmory|Spikes|p1a: Clefable
|-sidestart|p1: fardin|Spikes
|
|upkeep
|turn|12
|c|+Aberforth|fc
|
|t:|1654213234
|switch|p2a: Ho-Oh|Ho-Oh, shiny|100/100
|-damage|p2a: Ho-Oh|50/100|[from] Stealth Rock
|move|p1a: Clefable|Soft-Boiled|p1a: Clefable
|-heal|p1a: Clefable|85/100 brn
|
|upkeep
|turn|13
|c|+Aberforth|wtf are u using
|
|t:|1654213246
|switch|p1a: Lunala|Lunala|100/100
|move|p2a: Ho-Oh|Sacred Fire|p1a: Lunala
|-damage|p1a: Lunala|74/100
|
|upkeep
|turn|14
|
|t:|1654213252
|switch|p1a: Toxapex|Toxapex, M|100/100 brn
|-damage|p1a: Toxapex|84/100 brn|[from] Spikes
|-damage|p1a: Toxapex|72/100 brn|[from] Stealth Rock
|move|p2a: Ho-Oh|Sacred Fire|p1a: Toxapex
|-resisted|p1a: Toxapex
|-damage|p1a: Toxapex|45/100 brn
|
|-damage|p1a: Toxapex|39/100 brn|[from] brn
|upkeep
|turn|15
|
|t:|1654213257
|switch|p2a: Yveltal|Yveltal|100/100
|-damage|p2a: Yveltal|76/100|[from] Stealth Rock
|-ability|p2a: Yveltal|Dark Aura
|move|p1a: Toxapex|Recover|p1a: Toxapex
|-heal|p1a: Toxapex|89/100 brn
|
|-damage|p1a: Toxapex|83/100 brn|[from] brn
|upkeep
|turn|16
|
|t:|1654213262
|switch|p2a: Skarmory|Skarmory, M|88/100
|-damage|p2a: Skarmory|76/100|[from] Stealth Rock
|move|p1a: Toxapex|Baneful Bunker||[still]
|-fail|p1a: Toxapex
|
|-damage|p1a: Toxapex|77/100 brn|[from] brn
|upkeep
|turn|17
|
|t:|1654213269
|switch|p1a: Lunala|Lunala|74/100
|move|p2a: Skarmory|Spikes|p1a: Lunala
|-sidestart|p1: fardin|Spikes
|
|upkeep
|turn|18
|
|t:|1654213273
|move|p1a: Lunala|Roost|p1a: Lunala
|-heal|p1a: Lunala|100/100
|-singleturn|p1a: Lunala|move: Roost
|move|p2a: Skarmory|Toxic|p1a: Lunala
|-status|p1a: Lunala|tox
|
|-damage|p1a: Lunala|94/100 tox|[from] psn
|upkeep
|turn|19
|
|t:|1654213278
|switch|p2a: Chansey|Chansey, F|100/100
|-damage|p2a: Chansey|88/100|[from] Stealth Rock
|move|p1a: Lunala|Ice Beam|p2a: Chansey
|-damage|p2a: Chansey|81/100
|
|-damage|p1a: Lunala|82/100 tox|[from] psn
|upkeep
|turn|20
|
|t:|1654213282
|switch|p1a: Yveltal|Yveltal|100/100
|-ability|p1a: Yveltal|Dark Aura
|move|p2a: Chansey|Seismic Toss|p1a: Yveltal
|-damage|p1a: Yveltal|78/100
|
|upkeep
|turn|21
|j| ULT4PDR Jules
|
|t:|1654213286
|switch|p1a: Blissey|Blissey, F|100/100
|-damage|p1a: Blissey|75/100|[from] Spikes
|-damage|p1a: Blissey|63/100|[from] Stealth Rock
|switch|p2a: Skarmory|Skarmory, M|76/100
|-damage|p2a: Skarmory|64/100|[from] Stealth Rock
|
|upkeep
|turn|22
|
|t:|1654213291
|switch|p2a: Groudon|Groudon|100/100
|-damage|p2a: Groudon|94/100|[from] Stealth Rock
|-weather|SunnyDay|[from] ability: Drought|[of] p2a: Groudon
|switch|p1a: Clefable|Clefable, M|85/100 brn
|
|-weather|SunnyDay|[upkeep]
|-heal|p2a: Groudon|100/100|[from] item: Leftovers
|upkeep
|turn|23
|
|t:|1654213299
|switch|p2a: Skarmory|Skarmory, M|64/100
|-damage|p2a: Skarmory|51/100|[from] Stealth Rock
|switch|p1a: Zygarde|Zygarde|100/100
|-damage|p1a: Zygarde|76/100|[from] Spikes
|-damage|p1a: Zygarde|70/100|[from] Stealth Rock
|
|-weather|SunnyDay|[upkeep]
|-heal|p1a: Zygarde|76/100|[from] item: Leftovers
|upkeep
|turn|24
|
|t:|1654213305
|switch|p1a: Clefable|Clefable, M|85/100 brn
|move|p2a: Skarmory|Roost|p2a: Skarmory
|-heal|p2a: Skarmory|100/100
|-singleturn|p2a: Skarmory|move: Roost
|
|-weather|SunnyDay|[upkeep]
|upkeep
|turn|25
|
|t:|1654213309
|switch|p2a: Chansey|Chansey, F|81/100
|-damage|p2a: Chansey|69/100|[from] Stealth Rock
|move|p1a: Clefable|Moonblast|p2a: Chansey
|-crit|p2a: Chansey
|-damage|p2a: Chansey|58/100
|
|-weather|SunnyDay|[upkeep]
|upkeep
|turn|26
|
|t:|1654213314
|switch|p1a: Yveltal|Yveltal|78/100
|-ability|p1a: Yveltal|Dark Aura
|move|p2a: Chansey|Soft-Boiled|p2a: Chansey
|-heal|p2a: Chansey|100/100
|
|-weather|none
|upkeep
|turn|27
|
|t:|1654213321
|switch|p2a: Skarmory|Skarmory, M|100/100
|-damage|p2a: Skarmory|88/100|[from] Stealth Rock
|move|p1a: Yveltal|Roost|p1a: Yveltal
|-heal|p1a: Yveltal|100/100
|-singleturn|p1a: Yveltal|move: Roost
|
|upkeep
|turn|28
|
|t:|1654213326
|switch|p1a: Clefable|Clefable, M|85/100 brn
|move|p2a: Skarmory|Toxic||[still]
|-fail|p2a: Skarmory
|
|upkeep
|turn|29
|
|t:|1654213335
|move|p2a: Skarmory|Roost|p2a: Skarmory
|-heal|p2a: Skarmory|100/100
|-singleturn|p2a: Skarmory|move: Roost
|move|p1a: Clefable|Trick|p2a: Skarmory
|-activate|p1a: Clefable|move: Trick|[of] p2a: Skarmory
|-enditem|p2a: Skarmory|Rocky Helmet|[silent]|[from] move: Trick
|-item|p1a: Clefable|Rocky Helmet|[from] move: Trick
|
|upkeep
|turn|30
|
|t:|1654213341
|move|p1a: Clefable|Moonblast|p2a: Skarmory
|-resisted|p2a: Skarmory
|-damage|p2a: Skarmory|79/100
|move|p2a: Skarmory|Whirlwind|p1a: Clefable
|drag|p1a: Blissey|Blissey, F|63/100
|-damage|p1a: Blissey|38/100|[from] Spikes
|-damage|p1a: Blissey|26/100|[from] Stealth Rock
|
|upkeep
|turn|31
|
|t:|1654213346
|switch|p2a: Groudon|Groudon|100/100
|-damage|p2a: Groudon|94/100|[from] Stealth Rock
|-weather|SunnyDay|[from] ability: Drought|[of] p2a: Groudon
|move|p1a: Blissey|Soft-Boiled|p1a: Blissey
|-heal|p1a: Blissey|76/100
|
|-weather|SunnyDay|[upkeep]
|-heal|p2a: Groudon|100/100|[from] item: Leftovers
|upkeep
|turn|32
|
|t:|1654213349
|switch|p1a: Yveltal|Yveltal|100/100
|-ability|p1a: Yveltal|Dark Aura
|move|p2a: Groudon|Earthquake|p1a: Yveltal
|-immune|p1a: Yveltal
|
|-weather|SunnyDay|[upkeep]
|upkeep
|turn|33
|
|t:|1654213354
|move|p1a: Yveltal|Foul Play|p2a: Groudon
|-damage|p2a: Groudon|72/100
|move|p2a: Groudon|Stone Edge|p1a: Yveltal
|-supereffective|p1a: Yveltal
|-damage|p1a: Yveltal|52/100
|
|-weather|SunnyDay|[upkeep]
|-heal|p2a: Groudon|78/100|[from] item: Leftovers
|upkeep
|turn|34
|
|t:|1654213357
|move|p1a: Yveltal|Foul Play|p2a: Groudon
|-damage|p2a: Groudon|50/100
|move|p2a: Groudon|Stone Edge|p1a: Yveltal
|-supereffective|p1a: Yveltal
|-damage|p1a: Yveltal|0 fnt
|faint|p1a: Yveltal
|
|-weather|SunnyDay|[upkeep]
|-heal|p2a: Groudon|56/100|[from] item: Leftovers
|upkeep
|j| ult4pdr luna
|
|t:|1654213368
|switch|p1a: Zygarde|Zygarde|76/100
|-damage|p1a: Zygarde|51/100|[from] Spikes
|-damage|p1a: Zygarde|45/100|[from] Stealth Rock
|turn|35
|
|t:|1654213377
|switch|p2a: Skarmory|Skarmory, M|79/100
|-damage|p2a: Skarmory|67/100|[from] Stealth Rock
|move|p1a: Zygarde|Coil|p1a: Zygarde
|-boost|p1a: Zygarde|atk|1
|-boost|p1a: Zygarde|def|1
|-boost|p1a: Zygarde|accuracy|1
|
|-weather|none
|-heal|p1a: Zygarde|51/100|[from] item: Leftovers
|upkeep
|turn|36
|
|t:|1654213384
|switch|p1a: Blissey|Blissey, F|76/100
|-damage|p1a: Blissey|51/100|[from] Spikes
|-damage|p1a: Blissey|38/100|[from] Stealth Rock
|move|p2a: Skarmory|Toxic|p1a: Blissey
|-status|p1a: Blissey|tox
|
|-damage|p1a: Blissey|32/100 tox|[from] psn
|upkeep
|turn|37
|
|t:|1654213390
|switch|p2a: Yveltal|Yveltal|76/100
|-damage|p2a: Yveltal|51/100|[from] Stealth Rock
|-ability|p2a: Yveltal|Dark Aura
|move|p1a: Blissey|Aromatherapy|p1a: Blissey
|-activate|p1a: Blissey|move: Aromatherapy
|-curestatus|p1a: Blissey|tox|[msg]
|-curestatus|p1: Clefable|brn|[msg]
|-curestatus|p1: Lunala|tox|[msg]
|-curestatus|p1: Toxapex|brn|[msg]
|
|upkeep
|turn|38
|
|t:|1654213394
|switch|p1a: Clefable|Clefable, M|85/100
|move|p2a: Yveltal|Roost|p2a: Yveltal
|-heal|p2a: Yveltal|100/100
|-singleturn|p2a: Yveltal|move: Roost
|
|upkeep
|turn|39
|
|t:|1654213405
|switch|p2a: Skarmory|Skarmory, M|67/100
|-damage|p2a: Skarmory|54/100|[from] Stealth Rock
|switch|p1a: Toxapex|Toxapex, M|100/100
|-damage|p1a: Toxapex|76/100|[from] Spikes
|-damage|p1a: Toxapex|63/100|[from] Stealth Rock
|
|upkeep
|turn|40
|
|t:|1654213413
|move|p2a: Skarmory|Roost|p2a: Skarmory
|-heal|p2a: Skarmory|100/100
|-singleturn|p2a: Skarmory|move: Roost
|move|p1a: Toxapex|Knock Off|p2a: Skarmory
|-damage|p2a: Skarmory|95/100
|
|upkeep
|turn|41
|
|t:|1654213422
|switch|p2a: Groudon|Groudon|56/100
|-damage|p2a: Groudon|50/100|[from] Stealth Rock
|-weather|SunnyDay|[from] ability: Drought|[of] p2a: Groudon
|move|p1a: Toxapex|Knock Off|p2a: Groudon
|-damage|p2a: Groudon|43/100
|-enditem|p2a: Groudon|Leftovers|[from] move: Knock Off|[of] p1a: Toxapex
|
|-weather|SunnyDay|[upkeep]
|upkeep
|turn|42
|
|t:|1654213426
|switch|p1a: Lunala|Lunala|82/100
|move|p2a: Groudon|Earthquake|p1a: Lunala
|-damage|p1a: Lunala|54/100
|
|-weather|SunnyDay|[upkeep]
|upkeep
|turn|43
|
|t:|1654213433
|switch|p2a: Yveltal|Yveltal|100/100
|-damage|p2a: Yveltal|76/100|[from] Stealth Rock
|-ability|p2a: Yveltal|Dark Aura
|move|p1a: Lunala|Ice Beam|p2a: Yveltal
|-supereffective|p2a: Yveltal
|-damage|p2a: Yveltal|27/100
|
|-weather|SunnyDay|[upkeep]
|upkeep
|turn|44
|j| ULT4PDR QLS
|
|t:|1654213439
|switch|p1a: Clefable|Clefable, M|85/100
|move|p2a: Yveltal|Roost|p2a: Yveltal
|-heal|p2a: Yveltal|77/100
|-singleturn|p2a: Yveltal|move: Roost
|
|-weather|SunnyDay|[upkeep]
|upkeep
|turn|45
|
|t:|1654213443
|switch|p2a: Skarmory|Skarmory, M|95/100
|-damage|p2a: Skarmory|82/100|[from] Stealth Rock
|move|p1a: Clefable|Moonblast|p2a: Skarmory
|-resisted|p2a: Skarmory
|-damage|p2a: Skarmory|61/100
|-unboost|p2a: Skarmory|spa|1
|
|-weather|none
|upkeep
|turn|46
|
|t:|1654213448
|move|p2a: Skarmory|Toxic|p1a: Clefable
|-status|p1a: Clefable|tox
|move|p1a: Clefable|Moonblast|p2a: Skarmory
|-resisted|p2a: Skarmory
|-damage|p2a: Skarmory|39/100
|
|upkeep
|turn|47
|
|t:|1654213452
|move|p2a: Skarmory|Roost|p2a: Skarmory
|-heal|p2a: Skarmory|89/100
|-singleturn|p2a: Skarmory|move: Roost
|move|p1a: Clefable|Moonblast|p2a: Skarmory
|-resisted|p2a: Skarmory
|-damage|p2a: Skarmory|68/100
|-unboost|p2a: Skarmory|spa|1
|
|upkeep
|turn|48
|
|t:|1654213456
|move|p1a: Clefable|Moonblast|p2a: Skarmory
|-resisted|p2a: Skarmory
|-damage|p2a: Skarmory|47/100
|move|p2a: Skarmory|Whirlwind|p1a: Clefable
|drag|p1a: Toxapex|Toxapex, M|97/100
|-damage|p1a: Toxapex|72/100|[from] Spikes
|-damage|p1a: Toxapex|59/100|[from] Stealth Rock
|
|upkeep
|turn|49
|
|t:|1654213460
|switch|p1a: Zygarde|Zygarde|51/100
|-damage|p1a: Zygarde|26/100|[from] Spikes
|-damage|p1a: Zygarde|20/100|[from] Stealth Rock
|move|p2a: Skarmory|Roost|p2a: Skarmory
|-heal|p2a: Skarmory|97/100
|-singleturn|p2a: Skarmory|move: Roost
|
|-heal|p1a: Zygarde|26/100|[from] item: Leftovers
|-activate|p1a: Zygarde|ability: Power Construct
|detailschange|p1a: Zygarde|Zygarde-Complete
|-heal|p1a: Zygarde|52/100|[silent]
|upkeep
|turn|50
|
|t:|1654213466
|switch|p1a: Clefable|Clefable, M|85/100 tox
|move|p2a: Skarmory|Toxic|p1a: Clefable
|-fail|p1a: Clefable|tox
|
|upkeep
|turn|51
|
|t:|1654213469
|move|p1a: Clefable|Moonblast|p2a: Skarmory
|-resisted|p2a: Skarmory
|-damage|p2a: Skarmory|75/100
|-unboost|p2a: Skarmory|spa|1
|move|p2a: Skarmory|Whirlwind|p1a: Clefable
|drag|p1a: Lunala|Lunala|54/100
|
|upkeep
|turn|52
|
|t:|1654213477
|switch|p1a: Clefable|Clefable, M|85/100 tox
|move|p2a: Skarmory|Whirlwind|p1a: Clefable
|drag|p1a: Blissey|Blissey, F|32/100
|-damage|p1a: Blissey|7/100|[from] Spikes
|-damage|p1a: Blissey|0 fnt|[from] Stealth Rock
|faint|p1a: Blissey
|
|upkeep
|
|t:|1654213480
|switch|p1a: Lunala|Lunala|54/100
|turn|53
|
|t:|1654213482
|switch|p1a: Clefable|Clefable, M|85/100 tox
|move|p2a: Skarmory|Toxic|p1a: Clefable
|-fail|p1a: Clefable|tox
|
|upkeep
|turn|54
|
|t:|1654213484
|move|p2a: Skarmory|Roost|p2a: Skarmory
|-heal|p2a: Skarmory|100/100
|-singleturn|p2a: Skarmory|move: Roost
|move|p1a: Clefable|Moonblast|p2a: Skarmory
|-resisted|p2a: Skarmory
|-damage|p2a: Skarmory|80/100
|-unboost|p2a: Skarmory|spa|1
|
|upkeep
|turn|55
|
|t:|1654213486
|move|p1a: Clefable|Moonblast|p2a: Skarmory
|-resisted|p2a: Skarmory
|-damage|p2a: Skarmory|60/100
|-unboost|p2a: Skarmory|spa|1
|move|p2a: Skarmory|Whirlwind|p1a: Clefable
|drag|p1a: Toxapex|Toxapex, M|93/100
|-damage|p1a: Toxapex|68/100|[from] Spikes
|-damage|p1a: Toxapex|55/100|[from] Stealth Rock
|
|upkeep
|turn|56
|
|t:|1654213491
|move|p2a: Skarmory|Roost|p2a: Skarmory
|-heal|p2a: Skarmory|100/100
|-singleturn|p2a: Skarmory|move: Roost
|move|p1a: Toxapex|Knock Off|p2a: Skarmory
|-damage|p2a: Skarmory|95/100
|
|upkeep
|turn|57
|
|t:|1654213493
|move|p1a: Toxapex|Knock Off|p2a: Skarmory
|-damage|p2a: Skarmory|89/100
|move|p2a: Skarmory|Whirlwind|p1a: Toxapex
|drag|p1a: Lunala|Lunala|54/100
|
|upkeep
|turn|58
|
|t:|1654213497
|switch|p1a: Clefable|Clefable, M|85/100 tox
|move|p2a: Skarmory|Whirlwind|p1a: Clefable
|drag|p1a: Lunala|Lunala|54/100
|
|upkeep
|turn|59
|
|t:|1654213499
|switch|p1a: Clefable|Clefable, M|85/100 tox
|move|p2a: Skarmory|Whirlwind|p1a: Clefable
|drag|p1a: Lunala|Lunala|54/100
|
|upkeep
|turn|60
|
|t:|1654213502
|switch|p1a: Clefable|Clefable, M|85/100 tox
|move|p2a: Skarmory|Whirlwind|p1a: Clefable
|drag|p1a: Zygarde|Zygarde-Complete|52/100
|-damage|p1a: Zygarde|27/100|[from] Spikes
|-damage|p1a: Zygarde|21/100|[from] Stealth Rock
|
|-heal|p1a: Zygarde|27/100|[from] item: Leftovers
|upkeep
|turn|61
|
|t:|1654213504
|move|p1a: Zygarde|Rest|p1a: Zygarde
|-status|p1a: Zygarde|slp|[from] move: Rest
|-heal|p1a: Zygarde|100/100 slp|[silent]
|move|p2a: Skarmory|Whirlwind|p1a: Zygarde
|drag|p1a: Clefable|Clefable, M|85/100 tox
|
|upkeep
|turn|62
|
|t:|1654213507
|move|p1a: Clefable|Moonblast|p2a: Skarmory
|-resisted|p2a: Skarmory
|-damage|p2a: Skarmory|70/100
|-unboost|p2a: Skarmory|spa|1
|move|p2a: Skarmory|Whirlwind|p1a: Clefable
|drag|p1a: Toxapex|Toxapex, M|89/100
|-damage|p1a: Toxapex|64/100|[from] Spikes
|-damage|p1a: Toxapex|51/100|[from] Stealth Rock
|
|upkeep
|turn|63
|
|t:|1654213510
|switch|p2a: Groudon|Groudon|43/100
|-damage|p2a: Groudon|36/100|[from] Stealth Rock
|-weather|SunnyDay|[from] ability: Drought|[of] p2a: Groudon
|switch|p1a: Clefable|Clefable, M|85/100 tox
|
|-weather|SunnyDay|[upkeep]
|upkeep
|turn|64
|
|t:|1654213515
|switch|p1a: Lunala|Lunala|54/100
|move|p2a: Groudon|Earthquake|p1a: Lunala
|-damage|p1a: Lunala|27/100
|
|-weather|SunnyDay|[upkeep]
|upkeep
|turn|65
|
|t:|1654213519
|switch|p2a: Ho-Oh|Ho-Oh, shiny|84/100
|-damage|p2a: Ho-Oh|34/100|[from] Stealth Rock
|move|p1a: Lunala|Roost|p1a: Lunala
|-heal|p1a: Lunala|77/100
|-singleturn|p1a: Lunala|move: Roost
|
|-weather|SunnyDay|[upkeep]
|upkeep
|turn|66
|
|t:|1654213524
|move|p1a: Lunala|Roost|p1a: Lunala
|-heal|p1a: Lunala|100/100
|-singleturn|p1a: Lunala|move: Roost
|move|p2a: Ho-Oh|Sacred Fire|p1a: Lunala
|-damage|p1a: Lunala|65/100
|
|-weather|SunnyDay|[upkeep]
|upkeep
|turn|67
|
|t:|1654213528
|move|p1a: Lunala|Roost|p1a: Lunala
|-heal|p1a: Lunala|100/100
|-singleturn|p1a: Lunala|move: Roost
|move|p2a: Ho-Oh|Sacred Fire|p1a: Lunala
|-damage|p1a: Lunala|65/100
|-status|p1a: Lunala|brn
|
|-weather|none
|-damage|p1a: Lunala|59/100 brn|[from] brn
|upkeep
|turn|68
|
|t:|1654213531
|switch|p2a: Chansey|Chansey, F|100/100
|-damage|p2a: Chansey|88/100|[from] Stealth Rock
|move|p1a: Lunala|Roost|p1a: Lunala
|-heal|p1a: Lunala|100/100 brn
|-singleturn|p1a: Lunala|move: Roost
|
|-damage|p1a: Lunala|94/100 brn|[from] brn
|upkeep
|turn|69
|
|t:|1654213534
|switch|p1a: Clefable|Clefable, M|85/100 tox
|move|p2a: Chansey|Seismic Toss|p1a: Clefable
|-damage|p1a: Clefable|60/100 tox
|-damage|p2a: Chansey|71/100|[from] item: Rocky Helmet|[of] p1a: Clefable
|
|upkeep
|turn|70
|
|t:|1654213540
|switch|p2a: Skarmory|Skarmory, M|70/100
|-damage|p2a: Skarmory|57/100|[from] Stealth Rock
|move|p1a: Clefable|Soft-Boiled|p1a: Clefable
|-heal|p1a: Clefable|100/100 tox
|
|upkeep
|turn|71
|
|t:|1654213542
|switch|p1a: Lunala|Lunala|94/100 brn
|move|p2a: Skarmory|Roost|p2a: Skarmory
|-heal|p2a: Skarmory|100/100
|-singleturn|p2a: Skarmory|move: Roost
|
|-damage|p1a: Lunala|88/100 brn|[from] brn
|upkeep
|turn|72
|
|t:|1654213547
|move|p1a: Lunala|Roar|p2a: Skarmory
|drag|p2a: Xatu|Xatu, F|20/100
|-damage|p2a: Xatu|0 fnt|[from] Stealth Rock
|faint|p2a: Xatu
|
|-damage|p1a: Lunala|82/100 brn|[from] brn
|upkeep
|
|t:|1654213550
|switch|p2a: Yveltal|Yveltal|77/100
|-damage|p2a: Yveltal|52/100|[from] Stealth Rock
|-ability|p2a: Yveltal|Dark Aura
|turn|73
|
|t:|1654213553
|switch|p1a: Clefable|Clefable, M|100/100 tox
|move|p2a: Yveltal|Roost|p2a: Yveltal
|-heal|p2a: Yveltal|100/100
|-singleturn|p2a: Yveltal|move: Roost
|
|upkeep
|turn|74
|
|t:|1654213557
|switch|p2a: Skarmory|Skarmory, M|100/100
|-damage|p2a: Skarmory|88/100|[from] Stealth Rock
|move|p1a: Clefable|Stealth Rock||[still]
|-fail|p1a: Clefable
|
|upkeep
|turn|75
|
|t:|1654213560
|move|p1a: Clefable|Stealth Rock||[still]
|-fail|p1a: Clefable
|move|p2a: Skarmory|Whirlwind|p1a: Clefable
|drag|p1a: Lunala|Lunala|82/100 brn
|
|-damage|p1a: Lunala|76/100 brn|[from] brn
|upkeep
|turn|76
|
|t:|1654213565
|move|p1a: Lunala|Will-O-Wisp|p2a: Skarmory
|-status|p2a: Skarmory|brn
|move|p2a: Skarmory|Whirlwind|p1a: Lunala
|drag|p1a: Clefable|Clefable, M|100/100 tox
|
|-damage|p2a: Skarmory|82/100 brn|[from] brn
|upkeep
|turn|77
|
|t:|1654213568
|switch|p1a: Lunala|Lunala|76/100 brn
|move|p2a: Skarmory|Whirlwind|p1a: Lunala
|drag|p1a: Toxapex|Toxapex, M|85/100
|-damage|p1a: Toxapex|60/100|[from] Spikes
|-damage|p1a: Toxapex|48/100|[from] Stealth Rock
|
|-damage|p2a: Skarmory|76/100 brn|[from] brn
|upkeep
|turn|78
|
|t:|1654213571
|switch|p2a: Groudon|Groudon|36/100
|-damage|p2a: Groudon|30/100|[from] Stealth Rock
|-weather|SunnyDay|[from] ability: Drought|[of] p2a: Groudon
|move|p1a: Toxapex|Recover|p1a: Toxapex
|-heal|p1a: Toxapex|98/100
|
|-weather|SunnyDay|[upkeep]
|upkeep
|turn|79
|
|t:|1654213577
|switch|p1a: Lunala|Lunala|76/100 brn
|move|p2a: Groudon|Rest|p2a: Groudon
|-status|p2a: Groudon|slp|[from] move: Rest
|-heal|p2a: Groudon|100/100 slp|[silent]
|
|-weather|SunnyDay|[upkeep]
|-damage|p1a: Lunala|69/100 brn|[from] brn
|upkeep
|turn|80
|
|t:|1654213583
|switch|p2a: Chansey|Chansey, F|71/100
|-damage|p2a: Chansey|59/100|[from] Stealth Rock
|move|p1a: Lunala|Ice Beam|p2a: Chansey
|-damage|p2a: Chansey|53/100
|
|-weather|SunnyDay|[upkeep]
|-damage|p1a: Lunala|63/100 brn|[from] brn
|upkeep
|turn|81
|
|t:|1654213586
|move|p1a: Lunala|Roost|p1a: Lunala
|-heal|p1a: Lunala|100/100 brn
|-singleturn|p1a: Lunala|move: Roost
|move|p2a: Chansey|Heal Bell|p2a: Chansey
|-activate|p2a: Chansey|move: Heal Bell
|-curestatus|p2: Skarmory|brn|[msg]
|-curestatus|p2: Groudon|slp|[msg]
|
|-weather|SunnyDay|[upkeep]
|-damage|p1a: Lunala|94/100 brn|[from] brn
|upkeep
|turn|82
|
|t:|1654213592
|move|p2a: Chansey|Soft-Boiled|p2a: Chansey
|-heal|p2a: Chansey|100/100
|move|p1a: Lunala|Roar|p2a: Chansey
|drag|p2a: Ho-Oh|Ho-Oh, shiny|67/100
|-damage|p2a: Ho-Oh|17/100|[from] Stealth Rock
|
|-weather|none
|-damage|p1a: Lunala|88/100 brn|[from] brn
|upkeep
|turn|83
|
|t:|1654213596
|move|p1a: Lunala|Ice Beam|p2a: Ho-Oh
|-damage|p2a: Ho-Oh|1/100
|move|p2a: Ho-Oh|Brave Bird|p1a: Lunala
|-damage|p1a: Lunala|25/100 brn
|-damage|p2a: Ho-Oh|0 fnt|[from] Recoil
|faint|p2a: Ho-Oh
|
|-damage|p1a: Lunala|19/100 brn|[from] brn
|upkeep
|
|t:|1654213599
|switch|p2a: Yveltal|Yveltal|100/100
|-damage|p2a: Yveltal|76/100|[from] Stealth Rock
|-ability|p2a: Yveltal|Dark Aura
|turn|84
|
|t:|1654213614
|switch|p1a: Clefable|Clefable, M|100/100 tox
|move|p2a: Yveltal|Knock Off|p1a: Clefable
|-resisted|p1a: Clefable
|-damage|p1a: Clefable|72/100 tox
|-damage|p2a: Yveltal|59/100|[from] item: Rocky Helmet|[of] p1a: Clefable
|-enditem|p1a: Clefable|Rocky Helmet|[from] move: Knock Off|[of] p2a: Yveltal
|
|upkeep
|turn|85
|
|t:|1654213619
|switch|p2a: Groudon|Groudon|100/100
|-damage|p2a: Groudon|94/100|[from] Stealth Rock
|-weather|SunnyDay|[from] ability: Drought|[of] p2a: Groudon
|switch|p1a: Lunala|Lunala|19/100 brn
|
|-weather|SunnyDay|[upkeep]
|-damage|p1a: Lunala|13/100 brn|[from] brn
|upkeep
|turn|86
|
|t:|1654213622
|move|p1a: Lunala|Roost|p1a: Lunala
|-heal|p1a: Lunala|63/100 brn
|-singleturn|p1a: Lunala|move: Roost
|move|p2a: Groudon|Earthquake|p1a: Lunala
|-damage|p1a: Lunala|33/100 brn
|
|-weather|SunnyDay|[upkeep]
|-damage|p1a: Lunala|27/100 brn|[from] brn
|upkeep
|turn|87
|
|t:|1654213624
|switch|p2a: Yveltal|Yveltal|59/100
|-damage|p2a: Yveltal|34/100|[from] Stealth Rock
|-ability|p2a: Yveltal|Dark Aura
|move|p1a: Lunala|Roost|p1a: Lunala
|-heal|p1a: Lunala|77/100 brn
|-singleturn|p1a: Lunala|move: Roost
|
|-weather|SunnyDay|[upkeep]
|-damage|p1a: Lunala|71/100 brn|[from] brn
|upkeep
|turn|88
|
|t:|1654213628
|switch|p1a: Clefable|Clefable, M|72/100 tox
|move|p2a: Yveltal|Roost|p2a: Yveltal
|-heal|p2a: Yveltal|84/100
|-singleturn|p2a: Yveltal|move: Roost
|
|-weather|SunnyDay|[upkeep]
|upkeep
|turn|89
|
|t:|1654213631
|switch|p2a: Groudon|Groudon|94/100
|-damage|p2a: Groudon|88/100|[from] Stealth Rock
|move|p1a: Clefable|Stealth Rock||[still]
|-fail|p1a: Clefable
|
|-weather|none
|upkeep
|turn|90
|
|t:|1654213634
|move|p2a: Groudon|Earthquake|p1a: Clefable
|-damage|p1a: Clefable|33/100 tox
|move|p1a: Clefable|Soft-Boiled|p1a: Clefable
|-heal|p1a: Clefable|83/100 tox
|
|upkeep
|turn|91
|j| 64 squares
|
|t:|1654213638
|switch|p1a: Lunala|Lunala|71/100 brn
|move|p2a: Groudon|Earthquake|p1a: Lunala
|-crit|p1a: Lunala
|-damage|p1a: Lunala|29/100 brn
|
|-damage|p1a: Lunala|23/100 brn|[from] brn
|upkeep
|turn|92
|
|t:|1654213642
|move|p1a: Lunala|Roost|p1a: Lunala
|-heal|p1a: Lunala|73/100 brn
|-singleturn|p1a: Lunala|move: Roost
|move|p2a: Groudon|Earthquake|p1a: Lunala
|-damage|p1a: Lunala|45/100 brn
|
|-damage|p1a: Lunala|39/100 brn|[from] brn
|upkeep
|turn|93
|
|t:|1654213646
|move|p1a: Lunala|Roost|p1a: Lunala
|-heal|p1a: Lunala|89/100 brn
|-singleturn|p1a: Lunala|move: Roost
|move|p2a: Groudon|Stone Edge|p1a: Lunala
|-damage|p1a: Lunala|70/100 brn
|
|-damage|p1a: Lunala|64/100 brn|[from] brn
|upkeep
|turn|94
|
|t:|1654213650
|switch|p2a: Chansey|Chansey, F|100/100
|-damage|p2a: Chansey|88/100|[from] Stealth Rock
|move|p1a: Lunala|Will-O-Wisp|p2a: Chansey
|-status|p2a: Chansey|brn
|
|-damage|p1a: Lunala|58/100 brn|[from] brn
|-damage|p2a: Chansey|82/100 brn|[from] brn
|upkeep
|turn|95
|
|t:|1654213652
|move|p1a: Lunala|Roost|p1a: Lunala
|-heal|p1a: Lunala|100/100 brn
|-singleturn|p1a: Lunala|move: Roost
|move|p2a: Chansey|Seismic Toss|p1a: Lunala
|-immune|p1a: Lunala
|
|-damage|p1a: Lunala|94/100 brn|[from] brn
|-damage|p2a: Chansey|76/100 brn|[from] brn
|upkeep
|turn|96
|
|t:|1654213658
|move|p2a: Chansey|Confide|p1a: Lunala
|-unboost|p1a: Lunala|spa|1
|move|p1a: Lunala|Roar|p2a: Chansey
|-curestatus|p2a: Chansey|brn|[from] ability: Natural Cure
|drag|p2a: Skarmory|Skarmory, M|76/100
|-damage|p2a: Skarmory|64/100|[from] Stealth Rock
|
|-damage|p1a: Lunala|88/100 brn|[from] brn
|upkeep
|turn|97
|
|t:|1654213664
|switch|p2a: Groudon|Groudon|88/100
|-damage|p2a: Groudon|82/100|[from] Stealth Rock
|-weather|SunnyDay|[from] ability: Drought|[of] p2a: Groudon
|move|p1a: Lunala|Will-O-Wisp|p2a: Groudon
|-status|p2a: Groudon|brn
|
|-weather|SunnyDay|[upkeep]
|-damage|p1a: Lunala|82/100 brn|[from] brn
|-damage|p2a: Groudon|76/100 brn|[from] brn
|upkeep
|turn|98
|
|t:|1654213667
|move|p2a: Groudon|Rest|p2a: Groudon
|-status|p2a: Groudon|slp|[from] move: Rest
|-heal|p2a: Groudon|100/100 slp|[silent]
|move|p1a: Lunala|Roar|p2a: Groudon
|drag|p2a: Skarmory|Skarmory, M|64/100
|-damage|p2a: Skarmory|52/100|[from] Stealth Rock
|
|-weather|SunnyDay|[upkeep]
|-damage|p1a: Lunala|76/100 brn|[from] brn
|upkeep
|turn|99
|
|t:|1654213670
|switch|p1a: Clefable|Clefable, M|83/100 tox
|move|p2a: Skarmory|Roost|p2a: Skarmory
|-heal|p2a: Skarmory|100/100
|-singleturn|p2a: Skarmory|move: Roost
|
|-weather|SunnyDay|[upkeep]
|upkeep
|turn|100
|
|t:|1654213672
|switch|p2a: Chansey|Chansey, F|76/100
|-damage|p2a: Chansey|63/100|[from] Stealth Rock
|move|p1a: Clefable|Stealth Rock||[still]
|-fail|p1a: Clefable
|
|-weather|SunnyDay|[upkeep]
|upkeep
|turn|101
|j| RULT60d an
|
|t:|1654213690
|switch|p1a: Toxapex|Toxapex, M|100/100
|-damage|p1a: Toxapex|76/100|[from] Spikes
|-damage|p1a: Toxapex|63/100|[from] Stealth Rock
|move|p2a: Chansey|Heal Bell|p2a: Chansey
|-activate|p2a: Chansey|move: Heal Bell
|-curestatus|p2: Groudon|slp|[msg]
|
|-weather|none
|upkeep
|turn|102
|
|t:|1654213700
|move|p2a: Chansey|Seismic Toss|p1a: Toxapex
|-damage|p1a: Toxapex|30/100
|move|p1a: Toxapex|Recover|p1a: Toxapex
|-heal|p1a: Toxapex|80/100
|
|upkeep
|turn|103
|
|t:|1654213703
|switch|p2a: Groudon|Groudon|100/100
|-damage|p2a: Groudon|94/100|[from] Stealth Rock
|-weather|SunnyDay|[from] ability: Drought|[of] p2a: Groudon
|move|p1a: Toxapex|Knock Off|p2a: Groudon
|-damage|p2a: Groudon|90/100
|
|-weather|SunnyDay|[upkeep]
|upkeep
|turn|104
|
|t:|1654213707
|move|p1a: Toxapex|Baneful Bunker|p1a: Toxapex
|-singleturn|p1a: Toxapex|move: Protect
|move|p2a: Groudon|Earthquake|p1a: Toxapex
|-activate|p1a: Toxapex|move: Protect
|
|-weather|SunnyDay|[upkeep]
|upkeep
|turn|105
|
|t:|1654213711
|move|p2a: Groudon|Earthquake|p1a: Toxapex
|-supereffective|p1a: Toxapex
|-enditem|p1a: Toxapex|Shuca Berry|[eat]
|-enditem|p1a: Toxapex|Shuca Berry|[weaken]
|-damage|p1a: Toxapex|51/100
|move|p1a: Toxapex|Recover|p1a: Toxapex
|-heal|p1a: Toxapex|100/100
|
|-weather|SunnyDay|[upkeep]
|upkeep
|turn|106
|
|t:|1654213715
|move|p1a: Toxapex|Baneful Bunker|p1a: Toxapex
|-singleturn|p1a: Toxapex|move: Protect
|move|p2a: Groudon|Stealth Rock||[still]
|-fail|p2a: Groudon
|
|-weather|SunnyDay|[upkeep]
|upkeep
|turn|107
|
|t:|1654213720
|move|p2a: Groudon|Stone Edge|p1a: Toxapex|[miss]
|-miss|p2a: Groudon|p1a: Toxapex
|move|p1a: Toxapex|Recover||[still]
|-fail|p1a: Toxapex|heal
|
|-weather|none
|upkeep
|turn|108
|
|t:|1654213722
|move|p1a: Toxapex|Baneful Bunker|p1a: Toxapex
|-singleturn|p1a: Toxapex|move: Protect
|move|p2a: Groudon|Stealth Rock||[still]
|-fail|p2a: Groudon
|
|upkeep
|turn|109
|
|t:|1654213725
|move|p2a: Groudon|Rest|p2a: Groudon
|-status|p2a: Groudon|slp|[from] move: Rest
|-heal|p2a: Groudon|100/100 slp|[silent]
|move|p1a: Toxapex|Recover||[still]
|-fail|p1a: Toxapex|heal
|
|upkeep
|turn|110
|
|t:|1654213730
|switch|p1a: Clefable|Clefable, M|83/100 tox
|cant|p2a: Groudon|slp
|
|upkeep
|turn|111
|
|t:|1654213734
|switch|p1a: Toxapex|Toxapex, M|100/100
|-damage|p1a: Toxapex|76/100|[from] Spikes
|-damage|p1a: Toxapex|63/100|[from] Stealth Rock
|cant|p2a: Groudon|slp
|
|upkeep
|turn|112
|
|t:|1654213737
|move|p1a: Toxapex|Baneful Bunker|p1a: Toxapex
|-singleturn|p1a: Toxapex|move: Protect
|-curestatus|p2a: Groudon|slp|[msg]
|move|p2a: Groudon|Stealth Rock||[still]
|-fail|p2a: Groudon
|
|upkeep
|turn|113
|
|t:|1654213741
|switch|p1a: Lunala|Lunala|76/100 brn
|move|p2a: Groudon|Stone Edge|p1a: Lunala|[miss]
|-miss|p2a: Groudon|p1a: Lunala
|
|-damage|p1a: Lunala|69/100 brn|[from] brn
|upkeep
|turn|114
|
|t:|1654213746
|switch|p2a: Chansey|Chansey, F|63/100
|-damage|p2a: Chansey|51/100|[from] Stealth Rock
|move|p1a: Lunala|Will-O-Wisp|p2a: Chansey
|-status|p2a: Chansey|brn
|
|-damage|p1a: Lunala|63/100 brn|[from] brn
|-damage|p2a: Chansey|44/100 brn|[from] brn
|upkeep
|turn|115
|
|t:|1654213750
|move|p2a: Chansey|Soft-Boiled|p2a: Chansey
|-heal|p2a: Chansey|94/100 brn
|move|p1a: Lunala|Roar|p2a: Chansey
|-curestatus|p2a: Chansey|brn|[from] ability: Natural Cure
|drag|p2a: Groudon|Groudon|100/100
|-damage|p2a: Groudon|94/100|[from] Stealth Rock
|-weather|SunnyDay|[from] ability: Drought|[of] p2a: Groudon
|
|-weather|SunnyDay|[upkeep]
|-damage|p1a: Lunala|57/100 brn|[from] brn
|upkeep
|turn|116
|
|t:|1654213756
|move|p1a: Lunala|Will-O-Wisp|p2a: Groudon
|-status|p2a: Groudon|brn
|move|p2a: Groudon|Earthquake|p1a: Lunala
|-damage|p1a: Lunala|42/100 brn
|
|-weather|SunnyDay|[upkeep]
|-damage|p1a: Lunala|36/100 brn|[from] brn
|-damage|p2a: Groudon|88/100 brn|[from] brn
|upkeep
|turn|117
|
|t:|1654213759
|switch|p2a: Chansey|Chansey, F|94/100
|-damage|p2a: Chansey|82/100|[from] Stealth Rock
|move|p1a: Lunala|Roost|p1a: Lunala
|-heal|p1a: Lunala|86/100 brn
|-singleturn|p1a: Lunala|move: Roost
|
|-weather|SunnyDay|[upkeep]
|-damage|p1a: Lunala|79/100 brn|[from] brn
|upkeep
|turn|118
|
|t:|1654213762
|switch|p1a: Clefable|Clefable, M|83/100 tox
|move|p2a: Chansey|Heal Bell|p2a: Chansey
|-activate|p2a: Chansey|move: Heal Bell
|-curestatus|p2: Groudon|brn|[msg]
|
|-weather|SunnyDay|[upkeep]
|upkeep
|turn|119
|
|t:|1654213771
|move|p1a: Clefable|Moonblast|p2a: Chansey
|-crit|p2a: Chansey
|-damage|p2a: Chansey|71/100
|-unboost|p2a: Chansey|spa|1
|move|p2a: Chansey|Seismic Toss|p1a: Clefable
|-damage|p1a: Clefable|58/100 tox
|
|-weather|none
|upkeep
|turn|120
|
|t:|1654213775
|move|p1a: Clefable|Trick|p2a: Chansey
|-activate|p1a: Clefable|move: Trick|[of] p2a: Chansey
|-enditem|p2a: Chansey|Eviolite|[silent]|[from] move: Trick
|-item|p1a: Clefable|Eviolite|[from] move: Trick
|move|p2a: Chansey|Seismic Toss|p1a: Clefable
|-damage|p1a: Clefable|32/100 tox
|
|upkeep
|turn|121
|
|t:|1654213779
|move|p1a: Clefable|Soft-Boiled|p1a: Clefable
|-heal|p1a: Clefable|82/100 tox
|move|p2a: Chansey|Seismic Toss|p1a: Clefable
|-damage|p1a: Clefable|57/100 tox
|
|upkeep
|turn|122
|
|t:|1654213781
|move|p1a: Clefable|Soft-Boiled|p1a: Clefable
|-heal|p1a: Clefable|100/100 tox
|move|p2a: Chansey|Seismic Toss|p1a: Clefable
|-damage|p1a: Clefable|75/100 tox
|
|upkeep
|turn|123
|
|t:|1654213785
|move|p1a: Clefable|Moonblast|p2a: Chansey
|-damage|p2a: Chansey|58/100
|-unboost|p2a: Chansey|spa|1
|move|p2a: Chansey|Seismic Toss|p1a: Clefable
|-damage|p1a: Clefable|50/100 tox
|
|upkeep
|turn|124
|
|t:|1654213787
|move|p1a: Clefable|Soft-Boiled|p1a: Clefable
|-heal|p1a: Clefable|99/100 tox
|move|p2a: Chansey|Seismic Toss|p1a: Clefable
|-damage|p1a: Clefable|74/100 tox
|
|upkeep
|turn|125
|
|t:|1654213792
|switch|p1a: Lunala|Lunala|79/100 brn
|move|p2a: Chansey|Soft-Boiled|p2a: Chansey
|-heal|p2a: Chansey|100/100
|
|-damage|p1a: Lunala|73/100 brn|[from] brn
|upkeep
|turn|126
|
|t:|1654213798
|switch|p1a: Clefable|Clefable, M|74/100 tox
|move|p2a: Chansey|Confide|p1a: Clefable
|-unboost|p1a: Clefable|spa|1
|
|upkeep
|turn|127
|
|t:|1654213804
|move|p1a: Clefable|Stealth Rock||[still]
|-fail|p1a: Clefable
|move|p2a: Chansey|Seismic Toss|p1a: Clefable
|-damage|p1a: Clefable|49/100 tox
|
|upkeep
|turn|128
|
|t:|1654213811
|move|p1a: Clefable|Soft-Boiled|p1a: Clefable
|-heal|p1a: Clefable|99/100 tox
|move|p2a: Chansey|Seismic Toss|p1a: Clefable
|-damage|p1a: Clefable|74/100 tox
|
|upkeep
|turn|129
|
|t:|1654213825
|move|p1a: Clefable|Stealth Rock||[still]
|-fail|p1a: Clefable
|move|p2a: Chansey|Seismic Toss|p1a: Clefable
|-damage|p1a: Clefable|48/100 tox
|
|upkeep
|turn|130
|
|t:|1654213830
|move|p1a: Clefable|Soft-Boiled|p1a: Clefable
|-heal|p1a: Clefable|98/100 tox
|move|p2a: Chansey|Seismic Toss|p1a: Clefable
|-damage|p1a: Clefable|73/100 tox
|
|upkeep
|turn|131
|
|t:|1654213837
|move|p1a: Clefable|Stealth Rock||[still]
|-fail|p1a: Clefable
|move|p2a: Chansey|Seismic Toss|p1a: Clefable
|-damage|p1a: Clefable|47/100 tox
|
|upkeep
|turn|132
|j| Fogbound Lake
|
|t:|1654213840
|move|p1a: Clefable|Soft-Boiled|p1a: Clefable
|-heal|p1a: Clefable|97/100 tox
|move|p2a: Chansey|Seismic Toss|p1a: Clefable
|-damage|p1a: Clefable|72/100 tox
|
|upkeep
|turn|133
|
|t:|1654213844
|switch|p1a: Lunala|Lunala|73/100 brn
|move|p2a: Chansey|Seismic Toss|p1a: Lunala
|-immune|p1a: Lunala
|
|-damage|p1a: Lunala|67/100 brn|[from] brn
|upkeep
|turn|134
|
|t:|1654213847
|switch|p1a: Toxapex|Toxapex, M|97/100
|-damage|p1a: Toxapex|72/100|[from] Spikes
|-damage|p1a: Toxapex|59/100|[from] Stealth Rock
|move|p2a: Chansey|Confide|p1a: Toxapex
|-unboost|p1a: Toxapex|spa|1
|
|upkeep
|turn|135
|
|t:|1654213850
|switch|p2a: Groudon|Groudon|88/100
|-damage|p2a: Groudon|82/100|[from] Stealth Rock
|-weather|SunnyDay|[from] ability: Drought|[of] p2a: Groudon
|move|p1a: Toxapex|Baneful Bunker||[still]
|-fail|p1a: Toxapex
|
|-weather|SunnyDay|[upkeep]
|upkeep
|turn|136
|
|t:|1654213854
|move|p1a: Toxapex|Baneful Bunker|p1a: Toxapex
|-singleturn|p1a: Toxapex|move: Protect
|move|p2a: Groudon|Stealth Rock||[still]
|-fail|p2a: Groudon
|
|-weather|SunnyDay|[upkeep]
|upkeep
|turn|137
|
|t:|1654213860
|switch|p1a: Lunala|Lunala|67/100 brn
|move|p2a: Groudon|Earthquake|p1a: Lunala
|-damage|p1a: Lunala|38/100 brn
|
|-weather|SunnyDay|[upkeep]
|-damage|p1a: Lunala|32/100 brn|[from] brn
|upkeep
|turn|138
|
|t:|1654213862
|switch|p2a: Yveltal|Yveltal|84/100
|-damage|p2a: Yveltal|59/100|[from] Stealth Rock
|-ability|p2a: Yveltal|Dark Aura
|move|p1a: Lunala|Roost|p1a: Lunala
|-heal|p1a: Lunala|82/100 brn
|-singleturn|p1a: Lunala|move: Roost
|
|-weather|SunnyDay|[upkeep]
|-damage|p1a: Lunala|75/100 brn|[from] brn
|upkeep
|turn|139
|
|t:|1654213867
|switch|p1a: Clefable|Clefable, M|72/100 tox
|move|p2a: Yveltal|Roost|p2a: Yveltal
|-heal|p2a: Yveltal|100/100
|-singleturn|p2a: Yveltal|move: Roost
|
|-weather|none
|upkeep
|turn|140
|
|t:|1654213874
|switch|p2a: Chansey|Chansey, F|100/100
|-damage|p2a: Chansey|88/100|[from] Stealth Rock
|move|p1a: Clefable|Stealth Rock||[still]
|-fail|p1a: Clefable
|
|upkeep
|turn|141
|
|t:|1654213879
|switch|p1a: Toxapex|Toxapex, M|93/100
|-damage|p1a: Toxapex|68/100|[from] Spikes
|-damage|p1a: Toxapex|55/100|[from] Stealth Rock
|move|p2a: Chansey|Confide|p1a: Toxapex
|-unboost|p1a: Toxapex|spa|1
|
|upkeep
|turn|142
|
|t:|1654213892
|switch|p2a: Groudon|Groudon|82/100
|-damage|p2a: Groudon|76/100|[from] Stealth Rock
|-weather|SunnyDay|[from] ability: Drought|[of] p2a: Groudon
|move|p1a: Toxapex|Recover|p1a: Toxapex
|-heal|p1a: Toxapex|100/100
|
|-weather|SunnyDay|[upkeep]
|upkeep
|turn|143
|
|t:|1654213896
|move|p2a: Groudon|Stealth Rock||[still]
|-fail|p2a: Groudon
|move|p1a: Toxapex|Knock Off|p2a: Groudon
|-damage|p2a: Groudon|71/100
|
|-weather|SunnyDay|[upkeep]
|upkeep
|turn|144
|
|t:|1654213906
|move|p1a: Toxapex|Baneful Bunker|p1a: Toxapex
|-singleturn|p1a: Toxapex|move: Protect
|move|p2a: Groudon|Stealth Rock||[still]
|-fail|p2a: Groudon
|
|-weather|SunnyDay|[upkeep]
|upkeep
|turn|145
|j| ULT4PDR Flatemo
|
|t:|1654213911
|move|p2a: Groudon|Stealth Rock||[still]
|-fail|p2a: Groudon
|move|p1a: Toxapex|Recover||[still]
|-fail|p1a: Toxapex|heal
|
|-weather|SunnyDay|[upkeep]
|upkeep
|turn|146
|
|t:|1654213914
|move|p2a: Groudon|Rest|p2a: Groudon
|-status|p2a: Groudon|slp|[from] move: Rest
|-heal|p2a: Groudon|100/100 slp|[silent]
|move|p1a: Toxapex|Knock Off|p2a: Groudon
|-damage|p2a: Groudon|96/100 slp
|
|-weather|none
|upkeep
|turn|147
|
|t:|1654213918
|switch|p1a: Zygarde|Zygarde-Complete|100/100 slp
|-damage|p1a: Zygarde|76/100 slp|[from] Spikes
|-damage|p1a: Zygarde|69/100 slp|[from] Stealth Rock
|cant|p2a: Groudon|slp
|
|-heal|p1a: Zygarde|76/100 slp|[from] item: Leftovers
|upkeep
|turn|148
|
|t:|1654213936
|switch|p2a: Yveltal|Yveltal|100/100
|-damage|p2a: Yveltal|76/100|[from] Stealth Rock
|-ability|p2a: Yveltal|Dark Aura
|cant|p1a: Zygarde|slp
|
|-heal|p1a: Zygarde|82/100 slp|[from] item: Leftovers
|upkeep
|turn|149
|
|t:|1654213940
|switch|p1a: Clefable|Clefable, M|72/100 tox
|move|p2a: Yveltal|Roost|p2a: Yveltal
|-heal|p2a: Yveltal|100/100
|-singleturn|p2a: Yveltal|move: Roost
|
|upkeep
|turn|150
|
|t:|1654213949
|move|p2a: Yveltal|Taunt|p1a: Clefable
|-start|p1a: Clefable|move: Taunt
|cant|p1a: Clefable|move: Taunt|Stealth Rock
|
|upkeep
|turn|151
|
|t:|1654213955
|switch|p1a: Toxapex|Toxapex, M|100/100
|-damage|p1a: Toxapex|76/100|[from] Spikes
|-damage|p1a: Toxapex|63/100|[from] Stealth Rock
|move|p2a: Yveltal|Knock Off|p1a: Toxapex
|-damage|p1a: Toxapex|32/100
|
|upkeep
|turn|152
|
|t:|1654213963
|move|p2a: Yveltal|Taunt|p1a: Toxapex
|-start|p1a: Toxapex|move: Taunt
|cant|p1a: Toxapex|move: Taunt|Recover
|
|upkeep
|turn|153
|
|t:|1654213966
|switch|p1a: Clefable|Clefable, M|72/100 tox
|move|p2a: Yveltal|Knock Off|p1a: Clefable
|-resisted|p1a: Clefable
|-damage|p1a: Clefable|40/100 tox
|-enditem|p1a: Clefable|Eviolite|[from] move: Knock Off|[of] p2a: Yveltal
|
|upkeep
|turn|154
|
|t:|1654213971
|move|p2a: Yveltal|Knock Off|p1a: Clefable
|-resisted|p1a: Clefable
|-damage|p1a: Clefable|21/100 tox
|move|p1a: Clefable|Moonblast|p2a: Yveltal
|-supereffective|p2a: Yveltal
|-damage|p2a: Yveltal|46/100
|
|upkeep
|turn|155
|
|t:|1654213976
|move|p2a: Yveltal|Roost|p2a: Yveltal
|-heal|p2a: Yveltal|96/100
|-singleturn|p2a: Yveltal|move: Roost
|move|p1a: Clefable|Moonblast|p2a: Yveltal
|-supereffective|p2a: Yveltal
|-damage|p2a: Yveltal|47/100
|-unboost|p2a: Yveltal|spa|1
|
|upkeep
|turn|156
|
|t:|1654213981
|move|p2a: Yveltal|Roost|p2a: Yveltal
|-heal|p2a: Yveltal|97/100
|-singleturn|p2a: Yveltal|move: Roost
|move|p1a: Clefable|Soft-Boiled|p1a: Clefable
|-heal|p1a: Clefable|71/100 tox
|
|upkeep
|turn|157
|
|t:|1654213984
|move|p2a: Yveltal|Taunt|p1a: Clefable
|-start|p1a: Clefable|move: Taunt
|cant|p1a: Clefable|move: Taunt|Trick
|
|upkeep
|turn|158
|
|t:|1654213988
|move|p2a: Yveltal|Knock Off|p1a: Clefable
|-resisted|p1a: Clefable
|-damage|p1a: Clefable|52/100 tox
|move|p1a: Clefable|Moonblast|p2a: Yveltal
|-supereffective|p2a: Yveltal
|-damage|p2a: Yveltal|50/100
|-unboost|p2a: Yveltal|spa|1
|
|upkeep
|turn|159
|
|t:|1654213991
|move|p2a: Yveltal|Roost|p2a: Yveltal
|-heal|p2a: Yveltal|99/100
|-singleturn|p2a: Yveltal|move: Roost
|move|p1a: Clefable|Moonblast|p2a: Yveltal
|-supereffective|p2a: Yveltal
|-damage|p2a: Yveltal|44/100
|
|-end|p1a: Clefable|move: Taunt
|upkeep
|turn|160
|
|t:|1654213994
|move|p2a: Yveltal|Roost|p2a: Yveltal
|-heal|p2a: Yveltal|94/100
|-singleturn|p2a: Yveltal|move: Roost
|move|p1a: Clefable|Moonblast|p2a: Yveltal
|-supereffective|p2a: Yveltal
|-damage|p2a: Yveltal|39/100
|-unboost|p2a: Yveltal|spa|1
|
|upkeep
|turn|161
|
|t:|1654213997
|move|p2a: Yveltal|Roost|p2a: Yveltal
|-heal|p2a: Yveltal|90/100
|-singleturn|p2a: Yveltal|move: Roost
|move|p1a: Clefable|Moonblast|p2a: Yveltal
|-supereffective|p2a: Yveltal
|-damage|p2a: Yveltal|38/100
|
|upkeep
|turn|162
|
|t:|1654214000
|move|p2a: Yveltal|Roost|p2a: Yveltal
|-heal|p2a: Yveltal|88/100
|-singleturn|p2a: Yveltal|move: Roost
|move|p1a: Clefable|Moonblast|p2a: Yveltal
|-supereffective|p2a: Yveltal
|-damage|p2a: Yveltal|38/100
|
|upkeep
|turn|163
|
|t:|1654214015
|move|p2a: Yveltal|Roost|p2a: Yveltal
|-heal|p2a: Yveltal|89/100
|-singleturn|p2a: Yveltal|move: Roost
|move|p1a: Clefable|Moonblast|p2a: Yveltal
|-supereffective|p2a: Yveltal
|-damage|p2a: Yveltal|39/100
|-unboost|p2a: Yveltal|spa|1
|
|upkeep
|turn|164
|
|t:|1654214018
|move|p2a: Yveltal|Roost|p2a: Yveltal
|-heal|p2a: Yveltal|89/100
|-singleturn|p2a: Yveltal|move: Roost
|move|p1a: Clefable|Moonblast|p2a: Yveltal
|-supereffective|p2a: Yveltal
|-damage|p2a: Yveltal|35/100
|-unboost|p2a: Yveltal|spa|1
|
|upkeep
|turn|165
|
|t:|1654214020
|move|p2a: Yveltal|Roost|p2a: Yveltal
|-heal|p2a: Yveltal|85/100
|-singleturn|p2a: Yveltal|move: Roost
|move|p1a: Clefable|Trick|p2a: Yveltal
|-activate|p1a: Clefable|move: Trick|[of] p2a: Yveltal
|-enditem|p2a: Yveltal|Black Glasses|[silent]|[from] move: Trick
|-item|p1a: Clefable|Black Glasses|[from] move: Trick
|
|upkeep
|turn|166
|
|t:|1654214025
|move|p2a: Yveltal|Taunt|p1a: Clefable
|-start|p1a: Clefable|move: Taunt
|move|p1a: Clefable|Moonblast|p2a: Yveltal
|-supereffective|p2a: Yveltal
|-damage|p2a: Yveltal|34/100
|
|upkeep
|turn|167
|
|t:|1654214033
|switch|p1a: Toxapex|Toxapex, M|65/100
|-damage|p1a: Toxapex|40/100|[from] Spikes
|-damage|p1a: Toxapex|28/100|[from] Stealth Rock
|move|p2a: Yveltal|Roost|p2a: Yveltal
|-heal|p2a: Yveltal|84/100
|-singleturn|p2a: Yveltal|move: Roost
|
|upkeep
|turn|168
|
|t:|1654214045
|switch|p1a: Lunala|Lunala|75/100 brn
|move|p2a: Yveltal|Taunt|p1a: Lunala
|-start|p1a: Lunala|move: Taunt
|
|-damage|p1a: Lunala|69/100 brn|[from] brn
|upkeep
|turn|169
|
|t:|1654214059
|move|p2a: Yveltal|Knock Off|p1a: Lunala
|-supereffective|p1a: Lunala
|-damage|p1a: Lunala|0 fnt
|-enditem|p1a: Lunala|Heavy-Duty Boots|[from] move: Knock Off|[of] p2a: Yveltal
|faint|p1a: Lunala
|
|upkeep
|
|t:|1654214062
|switch|p1a: Toxapex|Toxapex, M|61/100
|-damage|p1a: Toxapex|36/100|[from] Spikes
|-damage|p1a: Toxapex|24/100|[from] Stealth Rock
|turn|170
|
|t:|1654214065
|switch|p1a: Clefable|Clefable, M|52/100 tox
|move|p2a: Yveltal|Taunt|p1a: Clefable
|-start|p1a: Clefable|move: Taunt
|
|upkeep
|turn|171
|
|t:|1654214067
|move|p2a: Yveltal|Knock Off|p1a: Clefable
|-resisted|p1a: Clefable
|-damage|p1a: Clefable|27/100 tox
|-enditem|p1a: Clefable|Black Glasses|[from] move: Knock Off|[of] p2a: Yveltal
|-activate|p1a: Clefable|move: Struggle
|move|p1a: Clefable|Struggle|p2a: Yveltal
|-damage|p2a: Yveltal|78/100
|-damage|p1a: Clefable|2/100 tox|[from] recoil
|
|upkeep
|turn|172
|
|t:|1654214070
|move|p2a: Yveltal|Knock Off|p1a: Clefable
|-resisted|p1a: Clefable
|-damage|p1a: Clefable|0 fnt
|faint|p1a: Clefable
|
|upkeep
|
|t:|1654214071
|switch|p1a: Toxapex|Toxapex, M|57/100
|-damage|p1a: Toxapex|32/100|[from] Spikes
|-damage|p1a: Toxapex|20/100|[from] Stealth Rock
|turn|173
|
|t:|1654214075
|move|p2a: Yveltal|Taunt|p1a: Toxapex
|-start|p1a: Toxapex|move: Taunt
|move|p1a: Toxapex|Knock Off|p2a: Yveltal
|-resisted|p2a: Yveltal
|-damage|p2a: Yveltal|73/100
|
|upkeep
|turn|174
|
|t:|1654214077
|move|p2a: Yveltal|Knock Off|p1a: Toxapex
|-damage|p1a: Toxapex|0 fnt
|faint|p1a: Toxapex
|
|upkeep
|
|t:|1654214078
|switch|p1a: Zygarde|Zygarde-Complete|82/100 slp
|-damage|p1a: Zygarde|57/100 slp|[from] Spikes
|-damage|p1a: Zygarde|51/100 slp|[from] Stealth Rock
|turn|175
|
|t:|1654214080
|move|p2a: Yveltal|Knock Off|p1a: Zygarde
|-damage|p1a: Zygarde|28/100 slp
|-enditem|p1a: Zygarde|Leftovers|[from] move: Knock Off|[of] p2a: Yveltal
|cant|p1a: Zygarde|slp
|
|upkeep
|turn|176
|
|t:|1654214086
|move|p2a: Yveltal|Taunt|p1a: Zygarde
|-start|p1a: Zygarde|move: Taunt
|-curestatus|p1a: Zygarde|slp|[msg]
|move|p1a: Zygarde|Stone Edge|p2a: Yveltal
|-supereffective|p2a: Yveltal
|-crit|p2a: Yveltal
|-damage|p2a: Yveltal|7/100
|
|upkeep
|turn|177
|j| Luna's Bann3d Now
|
|t:|1654214092
|move|p2a: Yveltal|Sucker Punch|p1a: Zygarde
|-damage|p1a: Zygarde|11/100
|move|p1a: Zygarde|Thousand Waves|p2a: Yveltal
|-immune|p2a: Yveltal
|
|upkeep
|turn|178
|-message|fardin forfeited.
|
|win|ULT4PDR Fc
|raw|fardin's rating: 1488 &rarr; <strong>1469</strong><br />(-19 for losing)
|raw|ULT4PDR Fc's rating: 1513 &rarr; <strong>1532</strong><br />(+19 for winning)
|l|‽fardin
|c| Luna's Bann3d Now|wait
|c| Luna's Bann3d Now|how did
|c|☆ULT4PDR Fc|HAHAHAHAHAHAHAH
|c|☆ULT4PDR Fc|GG
|c|☆ULT4PDR Fc|GG
|c|☆ULT4PDR Fc|GG
|c| Luna's Bann3d Now|fardin get locked
|c| Luna's Bann3d Now|LOL
|c| ULT4PDR Jules|It's fardin
|l| ult4pdr luna
|c| Luna's Bann3d Now|wait why is fardins points in the DUMPSTER
|l| RULT60d an
|c| Luna's Bann3d Now|LOOOOOOOOOOOOL
|l|☆ULT4PDR Fc
|l| ULT4PDR Flatemo
|l| ULT4PDR Jules
||Ladder isn't responding, score probably updated but might not have (Request timeout).
|l|+Aberforth
|l| Luna's Bann3d Now
|l| ULT4PDR QLS
|l| Holy Ghost
