|j|☆UbersOnTop
|j|‽neptune732
|t:|1626618761
|gametype|singles
|player|p1|UbersOnTop|102|1492
|player|p2|neptune732|169|1531
|teamsize|p1|6
|teamsize|p2|6
|gen|8
|tier|[Gen 8] Ubers
|rated|
|rule|Sleep Clause Mod: Limit one foe put to sleep
|rule|Species Clause: Limit one of each Pokémon
|rule|OHKO Clause: OHKO moves are banned
|rule|Evasion Moves Clause: Evasion moves are banned
|rule|Endless Battle Clause: Forcing endless battles is banned
|rule|HP Percentage Mod: HP is shown in percentages
|rule|Dynamax Clause: You cannot dynamax
|clearpoke
|poke|p1|Yveltal|
|poke|p1|Eternatus|
|poke|p1|Ferrothorn, M|
|poke|p1|Kyogre|
|poke|p1|Shedinja|
|poke|p1|Hatterene, F|
|poke|p2|Pelipper, M|
|poke|p2|Kabutops, F|
|poke|p2|Kyogre|
|poke|p2|Kingdra, F|
|poke|p2|Barraskewda, F|
|poke|p2|Ferrothorn, F|
|teampreview
|inactive|Battle timer is ON: inactive players will automatically lose when time's up. (requested by UbersOnTop)
|
|t:|1626618789
|start
|switch|p1a: Ferrothorn|Ferrothorn, M|100/100
|switch|p2a: Pelipper|Pelipper, M|100/100
|-weather|RainDance|[from] ability: Drizzle|[of] p2a: Pelipper
|turn|1
|
|t:|1626618812
|switch|p2a: Barraskewda|Barraskewda, F|100/100
|move|p1a: Ferrothorn|Leech Seed|p2a: Barraskewda
|-start|p2a: Barraskewda|move: Leech Seed
|
|-weather|RainDance|[upkeep]
|-damage|p2a: Barraskewda|88/100|[from] Leech Seed|[of] p1a: Ferrothorn
|upkeep
|turn|2
|
|t:|1626618820
|switch|p1a: Shedinja|Shedinja|100/100
|move|p2a: Barraskewda|Close Combat|p1a: Shedinja
|-immune|p1a: Shedinja|[from] ability: Wonder Guard
|
|-weather|RainDance|[upkeep]
|-damage|p2a: Barraskewda|76/100|[from] Leech Seed|[of] p1a: Shedinja
|upkeep
|turn|3
|
|t:|1626618828
|switch|p2a: Ferrothorn|Ferrothorn, F|100/100
|move|p1a: Shedinja|Toxic|p2a: Ferrothorn|[miss]
|-miss|p1a: Shedinja|p2a: Ferrothorn
|
|-weather|RainDance|[upkeep]
|upkeep
|turn|4
|c|☆UbersOnTop|!calc
|c| UbersOnTop|/raw <div class="infobox">Pok&eacute;mon Showdown! damage calculator. (Courtesy of Honko &amp; Austin)<br />- <a href="https://calc.pokemonshowdown.com/index.html">Damage Calculator</a></div>
|
|t:|1626618849
|switch|p1a: Ferrothorn|Ferrothorn, M|100/100
|switch|p2a: Kabutops|Kabutops, F|100/100
|
|-weather|RainDance|[upkeep]
|upkeep
|turn|5
|inactive|UbersOnTop has 120 seconds left.
|
|t:|1626618888
|move|p2a: Kabutops|Superpower|p1a: Ferrothorn
|-supereffective|p1a: Ferrothorn
|-damage|p1a: Ferrothorn|21/100
|-unboost|p2a: Kabutops|atk|1
|-unboost|p2a: Kabutops|def|1
|-damage|p2a: Kabutops|88/100|[from] ability: Iron Barbs|[of] p1a: Ferrothorn
|-damage|p2a: Kabutops|79/100|[from] item: Life Orb
|move|p1a: Ferrothorn|Leech Seed|p2a: Kabutops|[miss]
|-miss|p1a: Ferrothorn|p2a: Kabutops
|
|-weather|RainDance|[upkeep]
|-heal|p1a: Ferrothorn|27/100|[from] item: Leftovers
|upkeep
|turn|6
|inactive|UbersOnTop has 120 seconds left.
|
|t:|1626618904
|switch|p2a: Kingdra|Kingdra, F|100/100
|switch|p1a: Hatterene|Hatterene, F|100/100
|
|-weather|RainDance|[upkeep]
|upkeep
|turn|7
|
|t:|1626618911
|move|p2a: Kingdra|Hydro Pump|p1a: Hatterene
|-damage|p1a: Hatterene|1/100
|-damage|p2a: Kingdra|91/100|[from] item: Life Orb
|move|p1a: Hatterene|Nuzzle|p2a: Kingdra
|-damage|p2a: Kingdra|86/100
|-status|p2a: Kingdra|par
|
|-weather|RainDance|[upkeep]
|-heal|p1a: Hatterene|7/100|[from] item: Leftovers
|upkeep
|turn|8
|inactive|UbersOnTop has 120 seconds left.
|
|t:|1626618935
|cant|p2a: Kingdra|par
|move|p1a: Hatterene|Draining Kiss|p2a: Kingdra
|-supereffective|p2a: Kingdra
|-damage|p2a: Kingdra|33/100 par
|-heal|p1a: Hatterene|45/100|[from] drain|[of] p2a: Kingdra
|
|-weather|none
|-heal|p1a: Hatterene|51/100|[from] item: Leftovers
|upkeep
|turn|9
|
|t:|1626618945
|switch|p1a: Shedinja|Shedinja|100/100
|move|p2a: Kingdra|Hydro Pump|p1a: Shedinja
|-immune|p1a: Shedinja|[from] ability: Wonder Guard
|
|upkeep
|turn|10
|inactive|UbersOnTop has 90 seconds left.
|
|t:|1626618980
|move|p1a: Shedinja|Toxic||[still]
|-fail|p1a: Shedinja
|move|p2a: Kingdra|Toxic|p1a: Shedinja
|-status|p1a: Shedinja|tox
|
|-damage|p1a: Shedinja|0 fnt|[from] psn
|faint|p1a: Shedinja
|upkeep
|inactive|UbersOnTop has 90 seconds left.
|
|t:|1626618989
|switch|p1a: Yveltal|Yveltal|100/100
|-ability|p1a: Yveltal|Dark Aura
|turn|11
|
|t:|1626618994
|move|p1a: Yveltal|Knock Off|p2a: Kingdra
|-damage|p2a: Kingdra|0 fnt
|-enditem|p2a: Kingdra|Life Orb|[from] move: Knock Off|[of] p1a: Yveltal
|faint|p2a: Kingdra
|
|upkeep
|
|t:|1626619007
|switch|p2a: Kyogre|Kyogre|100/100
|-weather|RainDance|[from] ability: Drizzle|[of] p2a: Kyogre
|turn|12
|
|t:|1626619026
|move|p2a: Kyogre|Origin Pulse|p1a: Yveltal
|-crit|p1a: Yveltal
|-damage|p1a: Yveltal|15/100
|move|p1a: Yveltal|Knock Off|p2a: Kyogre
|-crit|p2a: Kyogre
|-damage|p2a: Kyogre|13/100
|-enditem|p2a: Kyogre|Choice Scarf|[from] move: Knock Off|[of] p1a: Yveltal
|
|-weather|RainDance|[upkeep]
|upkeep
|turn|13
|
|t:|1626619037
|switch|p2a: Ferrothorn|Ferrothorn, F|100/100
|move|p1a: Yveltal|Sucker Punch||[still]
|-fail|p1a: Yveltal
|
|-weather|RainDance|[upkeep]
|upkeep
|turn|14
|
|t:|1626619045
|move|p1a: Yveltal|Roost|p1a: Yveltal
|-heal|p1a: Yveltal|66/100
|-singleturn|p1a: Yveltal|move: Roost
|move|p2a: Ferrothorn|Gyro Ball|p1a: Yveltal
|-damage|p1a: Yveltal|30/100
|
|-weather|RainDance|[upkeep]
|upkeep
|turn|15
|
|t:|1626619055
|move|p1a: Yveltal|Roost|p1a: Yveltal
|-heal|p1a: Yveltal|80/100
|-singleturn|p1a: Yveltal|move: Roost
|move|p2a: Ferrothorn|Leech Seed|p1a: Yveltal
|-start|p1a: Yveltal|move: Leech Seed
|
|-weather|RainDance|[upkeep]
|-damage|p1a: Yveltal|68/100|[from] Leech Seed|[of] p2a: Ferrothorn
|upkeep
|turn|16
|
|t:|1626619067
|switch|p1a: Ferrothorn|Ferrothorn, M|27/100
|move|p2a: Ferrothorn|Gyro Ball|p1a: Ferrothorn
|-resisted|p1a: Ferrothorn
|-damage|p1a: Ferrothorn|21/100
|-damage|p2a: Ferrothorn|88/100|[from] ability: Iron Barbs|[of] p1a: Ferrothorn
|
|-weather|none
|-heal|p1a: Ferrothorn|27/100|[from] item: Leftovers
|upkeep
|turn|17
|
|t:|1626619083
|move|p1a: Ferrothorn|Spikes|p2a: Ferrothorn
|-sidestart|p2: neptune732|Spikes
|move|p2a: Ferrothorn|Spikes|p1a: Ferrothorn
|-sidestart|p1: UbersOnTop|Spikes
|
|-heal|p1a: Ferrothorn|33/100|[from] item: Leftovers
|upkeep
|turn|18
|
|t:|1626619093
|switch|p2a: Pelipper|Pelipper, M|100/100
|-weather|RainDance|[from] ability: Drizzle|[of] p2a: Pelipper
|move|p1a: Ferrothorn|Spikes|p2a: Pelipper
|-sidestart|p2: neptune732|Spikes
|
|-weather|RainDance|[upkeep]
|-heal|p1a: Ferrothorn|40/100|[from] item: Leftovers
|upkeep
|turn|19
|
|t:|1626619104
|move|p2a: Pelipper|Defog|p1a: Ferrothorn
|-unboost|p1a: Ferrothorn|evasion|1
|-sideend|p1: UbersOnTop|Spikes|[from] move: Defog|[of] p2a: Pelipper
|-sideend|p2: neptune732|Spikes|[from] move: Defog|[of] p2a: Pelipper
|move|p1a: Ferrothorn|Leech Seed|p2a: Pelipper
|-start|p2a: Pelipper|move: Leech Seed
|
|-weather|RainDance|[upkeep]
|-heal|p1a: Ferrothorn|46/100|[from] item: Leftovers
|-damage|p2a: Pelipper|88/100|[from] Leech Seed|[of] p1a: Ferrothorn
|-heal|p1a: Ferrothorn|57/100|[silent]
|upkeep
|turn|20
|
|t:|1626619113
|switch|p2a: Barraskewda|Barraskewda, F|76/100
|move|p1a: Ferrothorn|Knock Off|p2a: Barraskewda
|-damage|p2a: Barraskewda|41/100
|-enditem|p2a: Barraskewda|Life Orb|[from] move: Knock Off|[of] p1a: Ferrothorn
|
|-weather|RainDance|[upkeep]
|-heal|p1a: Ferrothorn|64/100|[from] item: Leftovers
|upkeep
|turn|21
|
|t:|1626619122
|switch|p1a: Hatterene|Hatterene, F|51/100
|move|p2a: Barraskewda|Close Combat|p1a: Hatterene
|-resisted|p1a: Hatterene
|-damage|p1a: Hatterene|43/100
|-unboost|p2a: Barraskewda|def|1
|-unboost|p2a: Barraskewda|spd|1
|
|-weather|RainDance|[upkeep]
|-heal|p1a: Hatterene|49/100|[from] item: Leftovers
|upkeep
|turn|22
|
|t:|1626619132
|move|p2a: Barraskewda|Liquidation|p1a: Hatterene
|-damage|p1a: Hatterene|0 fnt
|faint|p1a: Hatterene
|
|-weather|RainDance|[upkeep]
|upkeep
|
|t:|1626619135
|switch|p1a: Yveltal|Yveltal|68/100
|-ability|p1a: Yveltal|Dark Aura
|turn|23
|
|t:|1626619148
|move|p2a: Barraskewda|Aqua Jet|p1a: Yveltal
|-damage|p1a: Yveltal|40/100
|move|p1a: Yveltal|Knock Off|p2a: Barraskewda
|-damage|p2a: Barraskewda|0 fnt
|faint|p2a: Barraskewda
|
|-weather|RainDance|[upkeep]
|upkeep
|
|t:|1626619156
|switch|p2a: Kabutops|Kabutops, F|79/100
|turn|24
|
|t:|1626619161
|switch|p1a: Ferrothorn|Ferrothorn, M|64/100
|move|p2a: Kabutops|Liquidation|p1a: Ferrothorn
|-resisted|p1a: Ferrothorn
|-damage|p1a: Ferrothorn|31/100
|-damage|p2a: Kabutops|66/100|[from] ability: Iron Barbs|[of] p1a: Ferrothorn
|-damage|p2a: Kabutops|57/100|[from] item: Life Orb
|
|-weather|RainDance|[upkeep]
|-heal|p1a: Ferrothorn|37/100|[from] item: Leftovers
|upkeep
|turn|25
|
|t:|1626619172
|move|p2a: Kabutops|Superpower|p1a: Ferrothorn
|-supereffective|p1a: Ferrothorn
|-damage|p1a: Ferrothorn|0 fnt
|-unboost|p2a: Kabutops|atk|1
|-unboost|p2a: Kabutops|def|1
|-damage|p2a: Kabutops|44/100|[from] ability: Iron Barbs|[of] p1a: Ferrothorn
|faint|p1a: Ferrothorn
|-damage|p2a: Kabutops|35/100|[from] item: Life Orb
|
|-weather|none
|upkeep
|
|t:|1626619177
|switch|p1a: Eternatus|Eternatus|100/100
|-ability|p1a: Eternatus|Pressure
|turn|26
|
|t:|1626619191
|switch|p2a: Pelipper|Pelipper, M|88/100
|-weather|RainDance|[from] ability: Drizzle|[of] p2a: Pelipper
|move|p1a: Eternatus|Dynamax Cannon|p2a: Pelipper
|-damage|p2a: Pelipper|30/100
|
|-weather|RainDance|[upkeep]
|upkeep
|turn|27
|
|t:|1626619200
|move|p1a: Eternatus|Dynamax Cannon|p2a: Pelipper
|-damage|p2a: Pelipper|0 fnt
|faint|p2a: Pelipper
|
|-weather|RainDance|[upkeep]
|upkeep
|
|t:|1626619212
|switch|p2a: Kabutops|Kabutops, F|35/100
|turn|28
|inactive|UbersOnTop has 120 seconds left.
|
|t:|1626619244
|move|p2a: Kabutops|Stone Edge|p1a: Eternatus
|-damage|p1a: Eternatus|41/100
|-damage|p2a: Kabutops|25/100|[from] item: Life Orb
|move|p1a: Eternatus|Dynamax Cannon|p2a: Kabutops
|-damage|p2a: Kabutops|0 fnt
|faint|p2a: Kabutops
|
|-weather|RainDance|[upkeep]
|-heal|p1a: Eternatus|47/100|[from] item: Black Sludge
|upkeep
|c|☆UbersOnTop|gg
|
|t:|1626619254
|switch|p2a: Kyogre|Kyogre|13/100
|turn|29
|
|t:|1626619257
|move|p1a: Eternatus|Dynamax Cannon|p2a: Kyogre
|-damage|p2a: Kyogre|0 fnt
|faint|p2a: Kyogre
|
|-weather|RainDance|[upkeep]
|-heal|p1a: Eternatus|53/100|[from] item: Black Sludge
|upkeep
|
|t:|1626619264
|switch|p2a: Ferrothorn|Ferrothorn, F|88/100
|turn|30
|inactive|neptune732 has 120 seconds left.
|c|☆UbersOnTop|time stall? lol
|
|t:|1626619298
|move|p1a: Eternatus|Flamethrower|p2a: Ferrothorn
|-supereffective|p2a: Ferrothorn
|-damage|p2a: Ferrothorn|38/100
|-status|p2a: Ferrothorn|brn
|move|p2a: Ferrothorn|Gyro Ball|p1a: Eternatus
|-damage|p1a: Eternatus|31/100
|
|-weather|RainDance|[upkeep]
|-heal|p1a: Eternatus|37/100|[from] item: Black Sludge
|-damage|p2a: Ferrothorn|32/100 brn|[from] brn
|upkeep
|turn|31
|-message|neptune732 forfeited.
|
|win|UbersOnTop
|l|‽neptune732
|raw|UbersOnTop's rating: 1492 &rarr; <strong>1514</strong><br />(+22 for winning)
|raw|neptune732's rating: 1531 &rarr; <strong>1509</strong><br />(-22 for losing)
|c|☆UbersOnTop|gg
