|j|☆Reegychodon_64
|j|☆Cute Strength
|t:|1658421626
|gametype|singles
|player|p1|Reegychodon_64|birdkeeper|
|player|p2|Cute Strength|caitlin|
|teamsize|p1|6
|teamsize|p2|6
|gen|8
|tier|[Gen 8] Ubers
|rule|Sleep Clause Mod: Limit one foe put to sleep
|rule|Species Clause: Limit one of each Pokémon
|rule|OHKO Clause: OHKO moves are banned
|rule|Evasion Moves Clause: Evasion moves are banned
|rule|Endless Battle Clause: Forcing endless battles is banned
|rule|HP Percentage Mod: HP is shown in percentages
|rule|Dynamax Clause: You cannot dynamax
|clearpoke
|poke|p1|Genesect|
|poke|p1|Tyranitar, M|
|poke|p1|Ho-Oh|
|poke|p1|Palkia|
|poke|p1|Buzzwole|
|poke|p1|Yveltal|
|poke|p2|Calyrex-Shadow|
|poke|p2|Groudon|
|poke|p2|Eternatus|
|poke|p2|Yveltal|
|poke|p2|Marshadow|
|poke|p2|Necrozma-Dusk-Mane|
|teampreview
|c|☆Cute Strength|hf
|c|☆Reegychodon_64|hf
|
|t:|1658421667
|start
|switch|p1a: Yveltal|Yveltal|100/100
|switch|p2a: Groudon|Groudon|100/100
|-ability|p1a: Yveltal|Dark Aura
|-weather|SunnyDay|[from] ability: Drought|[of] p2a: Groudon
|turn|1
|
|t:|1658421682
|move|p1a: Yveltal|Knock Off|p2a: Groudon
|-damage|p2a: Groudon|60/100
|-enditem|p2a: Groudon|Leftovers|[from] move: Knock Off|[of] p1a: Yveltal
|move|p2a: Groudon|Thunder Wave|p1a: Yveltal
|-status|p1a: Yveltal|par
|
|-weather|SunnyDay|[upkeep]
|upkeep
|turn|2
|
|t:|1658421693
|switch|p1a: Buzzwole|Buzzwole|100/100
|move|p2a: Groudon|Stone Edge|p1a: Buzzwole
|-damage|p1a: Buzzwole|75/100
|
|-weather|SunnyDay|[upkeep]
|upkeep
|turn|3
|
|t:|1658421700
|switch|p2a: Eternatus|Eternatus|100/100
|-ability|p2a: Eternatus|Pressure
|move|p1a: Buzzwole|Roost|p1a: Buzzwole
|-heal|p1a: Buzzwole|100/100
|-singleturn|p1a: Buzzwole|move: Roost
|
|-weather|SunnyDay|[upkeep]
|upkeep
|turn|4
|
|t:|1658421711
|switch|p1a: Tyranitar|Tyranitar, M|100/100
|-weather|Sandstorm|[from] ability: Sand Stream|[of] p1a: Tyranitar
|move|p2a: Eternatus|Toxic|p1a: Tyranitar
|-status|p1a: Tyranitar|tox
|
|-weather|Sandstorm|[upkeep]
|-damage|p2a: Eternatus|94/100|[from] Sandstorm
|-heal|p2a: Eternatus|100/100|[from] item: Black Sludge
|-damage|p1a: Tyranitar|94/100 tox|[from] psn
|upkeep
|turn|5
|
|t:|1658421737
|move|p2a: Eternatus|Dynamax Cannon|p1a: Tyranitar
|-damage|p1a: Tyranitar|60/100 tox
|move|p1a: Tyranitar|Crunch|p2a: Eternatus
|-damage|p2a: Eternatus|70/100
|
|-weather|Sandstorm|[upkeep]
|-damage|p2a: Eternatus|64/100|[from] Sandstorm
|-heal|p2a: Eternatus|70/100|[from] item: Black Sludge
|-heal|p1a: Tyranitar|66/100 tox|[from] item: Leftovers
|-damage|p1a: Tyranitar|54/100 tox|[from] psn
|upkeep
|turn|6
|
|t:|1658421757
|switch|p1a: Ho-Oh|Ho-Oh|100/100
|move|p2a: Eternatus|Recover|p2a: Eternatus
|-heal|p2a: Eternatus|100/100
|
|-weather|Sandstorm|[upkeep]
|-damage|p2a: Eternatus|94/100|[from] Sandstorm
|-damage|p1a: Ho-Oh|94/100|[from] Sandstorm
|-heal|p2a: Eternatus|100/100|[from] item: Black Sludge
|upkeep
|turn|7
|
|t:|1658421768
|move|p2a: Eternatus|Toxic|p1a: Ho-Oh
|-status|p1a: Ho-Oh|tox
|move|p1a: Ho-Oh|Thunder Wave|p2a: Eternatus
|-status|p2a: Eternatus|par
|
|-weather|Sandstorm|[upkeep]
|-damage|p1a: Ho-Oh|88/100 tox|[from] Sandstorm
|-damage|p2a: Eternatus|94/100 par|[from] Sandstorm
|-heal|p2a: Eternatus|100/100 par|[from] item: Black Sludge
|-damage|p1a: Ho-Oh|82/100 tox|[from] psn
|upkeep
|turn|8
|
|t:|1658421775
|switch|p1a: Palkia|Palkia|100/100
|-ability|p1a: Palkia|Pressure
|move|p2a: Eternatus|Dynamax Cannon|p1a: Palkia
|-supereffective|p1a: Palkia
|-damage|p1a: Palkia|48/100
|
|-weather|none
|-heal|p1a: Palkia|55/100|[from] item: Leftovers
|upkeep
|turn|9
|
|t:|1658421787
|switch|p2a: Necrozma|Necrozma-Dusk-Mane|100/100
|move|p1a: Palkia|Draco Meteor|p2a: Necrozma
|-resisted|p2a: Necrozma
|-damage|p2a: Necrozma|81/100
|-unboost|p1a: Palkia|spa|2
|
|-heal|p1a: Palkia|61/100|[from] item: Leftovers
|-heal|p2a: Necrozma|88/100|[from] item: Leftovers
|upkeep
|turn|10
|
|t:|1658421793
|move|p1a: Palkia|Thunder Wave|p2a: Necrozma
|-status|p2a: Necrozma|par
|move|p2a: Necrozma|Thunder Wave|p1a: Palkia
|-status|p1a: Palkia|par
|
|-heal|p1a: Palkia|67/100 par|[from] item: Leftovers
|-heal|p2a: Necrozma|94/100 par|[from] item: Leftovers
|upkeep
|turn|11
|
|t:|1658421808
|switch|p1a: Yveltal|Yveltal|100/100 par
|-ability|p1a: Yveltal|Dark Aura
|move|p2a: Necrozma|Stealth Rock|p1a: Yveltal
|-sidestart|p1: Reegychodon_64|move: Stealth Rock
|
|-heal|p2a: Necrozma|99/100 par|[from] item: Leftovers
|upkeep
|turn|12
|
|t:|1658421850
|switch|p2a: Groudon|Groudon|60/100
|-weather|SunnyDay|[from] ability: Drought|[of] p2a: Groudon
|move|p1a: Yveltal|Toxic|p2a: Groudon|[miss]
|-miss|p1a: Yveltal|p2a: Groudon
|
|-weather|SunnyDay|[upkeep]
|upkeep
|turn|13
|
|t:|1658421859
|switch|p1a: Buzzwole|Buzzwole|100/100
|-damage|p1a: Buzzwole|88/100|[from] Stealth Rock
|move|p2a: Groudon|Stone Edge|p1a: Buzzwole
|-damage|p1a: Buzzwole|66/100
|
|-weather|SunnyDay|[upkeep]
|upkeep
|turn|14
|
|t:|1658421876
|move|p2a: Groudon|Thunder Wave|p1a: Buzzwole
|-status|p1a: Buzzwole|par
|move|p1a: Buzzwole|Roost|p1a: Buzzwole
|-heal|p1a: Buzzwole|100/100 par
|-singleturn|p1a: Buzzwole|move: Roost
|
|-weather|SunnyDay|[upkeep]
|upkeep
|turn|15
|
|t:|1658421887
|move|p2a: Groudon|Stone Edge|p1a: Buzzwole
|-damage|p1a: Buzzwole|77/100 par
|move|p1a: Buzzwole|Ice Punch|p2a: Groudon
|-supereffective|p2a: Groudon
|-damage|p2a: Groudon|26/100
|
|-weather|SunnyDay|[upkeep]
|upkeep
|turn|16
|
|t:|1658421901
|switch|p2a: Eternatus|Eternatus|100/100 par
|-ability|p2a: Eternatus|Pressure
|cant|p1a: Buzzwole|par
|
|-weather|none
|upkeep
|turn|17
|c|☆Cute Strength|mb
|
|t:|1658421918
|switch|p1a: Ho-Oh|Ho-Oh|100/100 tox
|move|p2a: Eternatus|Flamethrower|p1a: Ho-Oh
|-resisted|p1a: Ho-Oh
|-damage|p1a: Ho-Oh|94/100 tox
|
|-damage|p1a: Ho-Oh|88/100 tox|[from] psn
|upkeep
|turn|18
|
|t:|1658421928
|move|p1a: Ho-Oh|Defog|p2a: Eternatus
|-unboost|p2a: Eternatus|evasion|1
|-sideend|p1: Reegychodon_64|Stealth Rock|[from] move: Defog|[of] p1a: Ho-Oh
|move|p2a: Eternatus|Flamethrower|p1a: Ho-Oh
|-resisted|p1a: Ho-Oh
|-damage|p1a: Ho-Oh|81/100 tox
|
|-damage|p1a: Ho-Oh|69/100 tox|[from] psn
|upkeep
|turn|19
|
|t:|1658421969
|move|p1a: Ho-Oh|Brave Bird|p2a: Eternatus
|-damage|p2a: Eternatus|70/100 par
|-damage|p1a: Ho-Oh|57/100 tox|[from] Recoil
|move|p2a: Eternatus|Dynamax Cannon|p1a: Ho-Oh
|-damage|p1a: Ho-Oh|34/100 tox
|
|-heal|p2a: Eternatus|76/100 par|[from] item: Black Sludge
|-damage|p1a: Ho-Oh|16/100 tox|[from] psn
|upkeep
|turn|20
|
|t:|1658421987
|switch|p1a: Palkia|Palkia|67/100 par
|-ability|p1a: Palkia|Pressure
|move|p2a: Eternatus|Flamethrower|p1a: Palkia
|-resisted|p1a: Palkia
|-damage|p1a: Palkia|63/100 par
|
|-heal|p2a: Eternatus|82/100 par|[from] item: Black Sludge
|-heal|p1a: Palkia|70/100 par|[from] item: Leftovers
|upkeep
|turn|21
|
|t:|1658422001
|switch|p2a: Necrozma|Necrozma-Dusk-Mane|99/100 par
|switch|p1a: Yveltal|Yveltal|100/100 par
|-ability|p1a: Yveltal|Dark Aura
|
|-heal|p2a: Necrozma|100/100 par|[from] item: Leftovers
|upkeep
|turn|22
|
|t:|1658422010
|switch|p2a: Eternatus|Eternatus|82/100 par
|-ability|p2a: Eternatus|Pressure
|move|p1a: Yveltal|Knock Off|p2a: Eternatus
|-damage|p2a: Eternatus|39/100 par
|-enditem|p2a: Eternatus|Black Sludge|[from] move: Knock Off|[of] p1a: Yveltal
|
|upkeep
|turn|23
|
|t:|1658422018
|switch|p1a: Genesect|Genesect, shiny|100/100
|-ability|p1a: Genesect|Download|boost
|-boost|p1a: Genesect|spa|1
|move|p2a: Eternatus|Recover|p2a: Eternatus
|-heal|p2a: Eternatus|89/100 par
|
|upkeep
|turn|24
|
|t:|1658422023
|move|p1a: Genesect|U-turn|p2a: Eternatus
|-resisted|p2a: Eternatus
|-damage|p2a: Eternatus|78/100 par
|
|t:|1658422025
|switch|p1a: Ho-Oh|Ho-Oh|49/100 tox|[from]move: U-turn
|move|p2a: Eternatus|Flamethrower|p1a: Ho-Oh
|-resisted|p1a: Ho-Oh
|-damage|p1a: Ho-Oh|42/100 tox
|
|-damage|p1a: Ho-Oh|36/100 tox|[from] psn
|upkeep
|turn|25
|
|t:|1658422045
|switch|p1a: Palkia|Palkia|70/100 par
|-ability|p1a: Palkia|Pressure
|move|p2a: Eternatus|Dynamax Cannon|p1a: Palkia
|-supereffective|p1a: Palkia
|-damage|p1a: Palkia|13/100 par
|
|-heal|p1a: Palkia|19/100 par|[from] item: Leftovers
|upkeep
|turn|26
|
|t:|1658422056
|switch|p1a: Ho-Oh|Ho-Oh|69/100 tox
|move|p2a: Eternatus|Dynamax Cannon|p1a: Ho-Oh
|-damage|p1a: Ho-Oh|46/100 tox
|
|-damage|p1a: Ho-Oh|39/100 tox|[from] psn
|upkeep
|turn|27
|
|t:|1658422077
|switch|p1a: Palkia|Palkia|19/100 par
|-ability|p1a: Palkia|Pressure
|move|p2a: Eternatus|Flamethrower|p1a: Palkia
|-resisted|p1a: Palkia
|-damage|p1a: Palkia|15/100 par
|
|-heal|p1a: Palkia|21/100 par|[from] item: Leftovers
|upkeep
|turn|28
|
|t:|1658422084
|switch|p2a: Necrozma|Necrozma-Dusk-Mane|100/100 par
|switch|p1a: Ho-Oh|Ho-Oh|73/100 tox
|
|-damage|p1a: Ho-Oh|66/100 tox|[from] psn
|upkeep
|turn|29
|
|t:|1658422104
|switch|p1a: Yveltal|Yveltal|100/100 par
|-ability|p1a: Yveltal|Dark Aura
|switch|p2a: Eternatus|Eternatus|78/100 par
|-ability|p2a: Eternatus|Pressure
|
|upkeep
|turn|30
|
|t:|1658422111
|switch|p1a: Ho-Oh|Ho-Oh|99/100 tox
|move|p2a: Eternatus|Recover|p2a: Eternatus
|-heal|p2a: Eternatus|100/100 par
|
|-damage|p1a: Ho-Oh|93/100 tox|[from] psn
|upkeep
|turn|31
|
|t:|1658422125
|switch|p1a: Palkia|Palkia|21/100 par
|-ability|p1a: Palkia|Pressure
|switch|p2a: Necrozma|Necrozma-Dusk-Mane|100/100 par
|
|-heal|p1a: Palkia|28/100 par|[from] item: Leftovers
|upkeep
|turn|32
|
|t:|1658422140
|switch|p1a: Yveltal|Yveltal|100/100 par
|-ability|p1a: Yveltal|Dark Aura
|move|p2a: Necrozma|Sunsteel Strike|p1a: Yveltal
|-damage|p1a: Yveltal|54/100 par
|
|upkeep
|turn|33
|
|t:|1658422155
|switch|p2a: Eternatus|Eternatus|100/100 par
|-ability|p2a: Eternatus|Pressure
|cant|p1a: Yveltal|par
|
|upkeep
|turn|34
|
|t:|1658422185
|switch|p1a: Ho-Oh|Ho-Oh|100/100 tox
|move|p2a: Eternatus|Flamethrower|p1a: Ho-Oh
|-resisted|p1a: Ho-Oh
|-damage|p1a: Ho-Oh|94/100 tox
|
|-damage|p1a: Ho-Oh|88/100 tox|[from] psn
|upkeep
|turn|35
|
|t:|1658422197
|move|p1a: Ho-Oh|Brave Bird|p2a: Eternatus
|-damage|p2a: Eternatus|70/100 par
|-damage|p1a: Ho-Oh|76/100 tox|[from] Recoil
|move|p2a: Eternatus|Flamethrower|p1a: Ho-Oh
|-resisted|p1a: Ho-Oh
|-damage|p1a: Ho-Oh|69/100 tox
|
|-damage|p1a: Ho-Oh|57/100 tox|[from] psn
|upkeep
|turn|36
|
|t:|1658422204
|move|p1a: Ho-Oh|Brave Bird|p2a: Eternatus
|-damage|p2a: Eternatus|36/100 par
|-damage|p1a: Ho-Oh|44/100 tox|[from] Recoil
|move|p2a: Eternatus|Recover|p2a: Eternatus
|-heal|p2a: Eternatus|86/100 par
|
|-damage|p1a: Ho-Oh|25/100 tox|[from] psn
|upkeep
|turn|37
|
|t:|1658422210
|switch|p1a: Palkia|Palkia|28/100 par
|-ability|p1a: Palkia|Pressure
|switch|p2a: Yveltal|Yveltal, shiny|100/100
|-ability|p2a: Yveltal|Dark Aura
|
|-heal|p1a: Palkia|34/100 par|[from] item: Leftovers
|upkeep
|turn|38
|
|t:|1658422218
|switch|p1a: Buzzwole|Buzzwole|77/100 par
|move|p2a: Yveltal|U-turn|p1a: Buzzwole
|-resisted|p1a: Buzzwole
|-crit|p1a: Buzzwole
|-damage|p1a: Buzzwole|69/100 par
|-damage|p2a: Yveltal|84/100|[from] item: Rocky Helmet|[of] p1a: Buzzwole
|
|t:|1658422233
|switch|p2a: Calyrex|Calyrex-Shadow|100/100|[from]move: U-turn
|-ability|p2a: Calyrex|As One
|-ability|p2a: Calyrex|Unnerve
|
|upkeep
|turn|39
|
|t:|1658422239
|switch|p1a: Palkia|Palkia|34/100 par
|-ability|p1a: Palkia|Pressure
|move|p2a: Calyrex|Leech Seed|p1a: Palkia
|-start|p1a: Palkia|move: Leech Seed
|
|-heal|p1a: Palkia|40/100 par|[from] item: Leftovers
|-damage|p1a: Palkia|28/100 par|[from] Leech Seed|[of] p2a: Calyrex
|upkeep
|turn|40
|
|t:|1658422244
|move|p2a: Calyrex|Astral Barrage|p1a: Palkia
|-damage|p1a: Palkia|0 fnt
|faint|p1a: Palkia
|-ability|p2a: Calyrex|Grim Neigh|boost
|-boost|p2a: Calyrex|spa|1
|
|upkeep
|
|t:|1658422252
|switch|p1a: Yveltal|Yveltal|54/100 par
|-ability|p1a: Yveltal|Dark Aura
|turn|41
|
|t:|1658422257
|switch|p2a: Eternatus|Eternatus|86/100 par
|-ability|p2a: Eternatus|Pressure
|move|p1a: Yveltal|Knock Off|p2a: Eternatus
|-damage|p2a: Eternatus|58/100 par
|
|upkeep
|turn|42
|
|t:|1658422267
|switch|p1a: Genesect|Genesect, shiny|100/100
|-ability|p1a: Genesect|Download|boost
|-boost|p1a: Genesect|spa|1
|move|p2a: Eternatus|Recover|p2a: Eternatus
|-heal|p2a: Eternatus|100/100 par
|
|upkeep
|turn|43
|
|t:|1658422277
|move|p1a: Genesect|U-turn|p2a: Eternatus
|-resisted|p2a: Eternatus
|-damage|p2a: Eternatus|88/100 par
|
|t:|1658422295
|switch|p1a: Ho-Oh|Ho-Oh|58/100 tox|[from]move: U-turn
|move|p2a: Eternatus|Flamethrower|p1a: Ho-Oh
|-resisted|p1a: Ho-Oh
|-damage|p1a: Ho-Oh|51/100 tox
|
|-damage|p1a: Ho-Oh|45/100 tox|[from] psn
|upkeep
|turn|44
|
|t:|1658422315
|move|p1a: Ho-Oh|Brave Bird|p2a: Eternatus
|-damage|p2a: Eternatus|58/100 par
|-damage|p1a: Ho-Oh|33/100 tox|[from] Recoil
|cant|p2a: Eternatus|par
|
|-damage|p1a: Ho-Oh|21/100 tox|[from] psn
|upkeep
|turn|45
|
|t:|1658422332
|move|p1a: Ho-Oh|Brave Bird|p2a: Eternatus
|-damage|p2a: Eternatus|26/100 par
|-damage|p1a: Ho-Oh|8/100 tox|[from] Recoil
|cant|p2a: Eternatus|par
|
|-damage|p1a: Ho-Oh|0 fnt|[from] psn
|faint|p1a: Ho-Oh
|upkeep
|
|t:|1658422335
|switch|p1a: Genesect|Genesect, shiny|100/100
|-ability|p1a: Genesect|Download|boost
|-boost|p1a: Genesect|spa|1
|turn|46
|
|t:|1658422345
|switch|p2a: Necrozma|Necrozma-Dusk-Mane|100/100 par
|move|p1a: Genesect|Iron Head|p2a: Necrozma
|-resisted|p2a: Necrozma
|-damage|p2a: Necrozma|86/100 par
|
|-heal|p2a: Necrozma|92/100 par|[from] item: Leftovers
|upkeep
|turn|47
|
|t:|1658422354
|move|p1a: Genesect|Shift Gear|p1a: Genesect
|-boost|p1a: Genesect|spe|2
|-boost|p1a: Genesect|atk|1
|move|p2a: Necrozma|Stealth Rock|p1a: Genesect
|-sidestart|p1: Reegychodon_64|move: Stealth Rock
|
|-heal|p2a: Necrozma|98/100 par|[from] item: Leftovers
|upkeep
|turn|48
|
|t:|1658422358
|move|p1a: Genesect|Shift Gear|p1a: Genesect
|-boost|p1a: Genesect|spe|2
|-boost|p1a: Genesect|atk|1
|move|p2a: Necrozma|Thunder Wave|p1a: Genesect
|-status|p1a: Genesect|par
|-enditem|p1a: Genesect|Lum Berry|[eat]
|-curestatus|p1a: Genesect|par|[msg]
|
|-heal|p2a: Necrozma|100/100 par|[from] item: Leftovers
|upkeep
|turn|49
|
|t:|1658422361
|move|p1a: Genesect|Iron Head|p2a: Necrozma
|-resisted|p2a: Necrozma
|-damage|p2a: Necrozma|69/100 par
|cant|p2a: Necrozma|par
|
|-heal|p2a: Necrozma|75/100 par|[from] item: Leftovers
|upkeep
|turn|50
|
|t:|1658422366
|move|p1a: Genesect|Iron Head|p2a: Necrozma
|-resisted|p2a: Necrozma
|-damage|p2a: Necrozma|45/100 par
|cant|p2a: Necrozma|par
|
|-heal|p2a: Necrozma|51/100 par|[from] item: Leftovers
|upkeep
|turn|51
|
|t:|1658422373
|move|p1a: Genesect|Iron Head|p2a: Necrozma
|-resisted|p2a: Necrozma
|-damage|p2a: Necrozma|19/100 par
|move|p2a: Necrozma|Morning Sun|p2a: Necrozma
|-heal|p2a: Necrozma|69/100 par
|
|-heal|p2a: Necrozma|75/100 par|[from] item: Leftovers
|upkeep
|turn|52
|
|t:|1658422378
|move|p1a: Genesect|Iron Head|p2a: Necrozma
|-resisted|p2a: Necrozma
|-damage|p2a: Necrozma|43/100 par
|move|p2a: Necrozma|Thunder Wave|p1a: Genesect
|-status|p1a: Genesect|par
|
|-heal|p2a: Necrozma|49/100 par|[from] item: Leftovers
|upkeep
|turn|53
|
|t:|1658422384
|move|p1a: Genesect|Shift Gear|p1a: Genesect
|-boost|p1a: Genesect|spe|2
|-boost|p1a: Genesect|atk|1
|move|p2a: Necrozma|Morning Sun|p2a: Necrozma
|-heal|p2a: Necrozma|99/100 par
|
|-heal|p2a: Necrozma|100/100 par|[from] item: Leftovers
|upkeep
|turn|54
|
|t:|1658422390
|cant|p1a: Genesect|par
|cant|p2a: Necrozma|par
|
|upkeep
|turn|55
|
|t:|1658422394
|move|p1a: Genesect|Leech Life|p2a: Necrozma
|-damage|p2a: Necrozma|22/100 par
|move|p2a: Necrozma|Sunsteel Strike|p1a: Genesect
|-resisted|p1a: Genesect
|-crit|p1a: Genesect
|-damage|p1a: Genesect|52/100 par
|
|-heal|p2a: Necrozma|29/100 par|[from] item: Leftovers
|upkeep
|turn|56
|
|t:|1658422404
|move|p1a: Genesect|Leech Life|p2a: Necrozma
|-damage|p2a: Necrozma|0 fnt
|-heal|p1a: Genesect|70/100 par|[from] drain|[of] p2a: Necrozma
|faint|p2a: Necrozma
|
|upkeep
|
|t:|1658422408
|switch|p2a: Marshadow|Marshadow|100/100
|turn|57
|
|t:|1658422416
|cant|p1a: Genesect|par
|move|p2a: Marshadow|Spectral Thief||[still]
|-clearpositiveboost|p1a: Genesect|p2a: Marshadow|move: Spectral Thief
|-boost|p2a: Marshadow|atk|3
|-boost|p2a: Marshadow|spa|1
|-boost|p2a: Marshadow|spe|6
|-anim|p2a: Marshadow|Spectral Thief|p1a: Genesect
|-damage|p1a: Genesect|0 fnt
|faint|p1a: Genesect
|
|upkeep
|c|☆Cute Strength|mb
|c|☆Cute Strength|;paz:
|-message|Reegychodon_64 forfeited.
|
|win|Cute Strength
|l|☆Reegychodon_64
|j|☆Reegychodon_64
|player|p1|Reegychodon_64|birdkeeper
