|j|☆Chunkomucho
|j|☆Panda280
|player|p1|Chunkomucho|erika|1460
|player|p2|Panda280|hilda|1414
|teamsize|p1|6
|teamsize|p2|6
|gametype|singles
|gen|8
|tier|[Gen 8] Ubers
|rated|
|clearpoke
|poke|p1|Eternatus|
|poke|p1|Hatterene, F|
|poke|p1|Toxapex, M|
|poke|p1|Corviknight, M|
|poke|p1|Quagsire, M|
|poke|p1|Tyranitar, M|
|poke|p2|Gyarados, F|
|poke|p2|Zacian-Crowned|
|poke|p2|Darmanitan-Galar, F|
|poke|p2|Clefable, M|
|poke|p2|Galvantula, F|
|poke|p2|Corsola-Galar, M|
|rule|Sleep Clause Mod: Limit one foe put to sleep
|rule|Species Clause: Limit one of each Pokémon
|rule|OHKO Clause: OHKO moves are banned
|rule|Evasion Moves Clause: Evasion moves are banned
|rule|Endless Battle Clause: Forcing endless battles is banned
|rule|HP Percentage Mod: HP is shown in percentages
|html|Ubers Dynamax Clause: Pokémon on the <a href="https://www.smogon.com/dex/ss/formats/uber/">Ubers Dynamax Banlist</a> cannot Dynamax.
|teampreview
|inactive|Battle timer is ON: inactive players will automatically lose when time's up. (requested by Chunkomucho)
|
|start
|switch|p1a: Eternatus|Eternatus|100/100
|switch|p2a: Gyarados|Gyarados, F|100/100
|-ability|p1a: Eternatus|Pressure
|turn|1
|
|move|p1a: Eternatus|Dynamax Cannon|p2a: Gyarados
|-damage|p2a: Gyarados|19/100
|-damage|p1a: Eternatus|91/100|[from] item: Life Orb
|move|p2a: Gyarados|Dragon Dance|p2a: Gyarados
|-boost|p2a: Gyarados|atk|1
|-boost|p2a: Gyarados|spe|1
|
|upkeep
|turn|2
|inactive|Chunkomucho has 120 seconds left.
|
|switch|p1a: Tyranitar|Tyranitar, M|100/100
|-weather|Sandstorm|[from] ability: Sand Stream|[of] p1a: Tyranitar
|move|p2a: Gyarados|Earthquake|p1a: Tyranitar
|-supereffective|p1a: Tyranitar
|-damage|p1a: Tyranitar|28/100
|
|-weather|Sandstorm|[upkeep]
|-damage|p2a: Gyarados|13/100|[from] Sandstorm
|upkeep
|turn|3
|
|move|p2a: Gyarados|Earthquake|p1a: Tyranitar
|-supereffective|p1a: Tyranitar
|-damage|p1a: Tyranitar|0 fnt
|faint|p1a: Tyranitar
|-ability|p2a: Gyarados|Moxie|boost
|-boost|p2a: Gyarados|atk|1
|
|-weather|Sandstorm|[upkeep]
|-damage|p2a: Gyarados|7/100|[from] Sandstorm
|upkeep
|
|switch|p1a: Corviknight|Corviknight, M|100/100
|-ability|p1a: Corviknight|Pressure
|turn|4
|
|switch|p2a: Corsola|Corsola-Galar, M|100/100
|move|p1a: Corviknight|U-turn|p2a: Corsola
|-resisted|p2a: Corsola
|-crit|p2a: Corsola
|-damage|p2a: Corsola|95/100
|-start|p1a: Corviknight|Disable|U-turn|[from] ability: Cursed Body|[of] p2a: Corsola
|inactive|Chunkomucho has 120 seconds left.
|
|switch|p1a: Himiko|Hatterene, F, shiny|100/100|[from]move: U-turn
|
|-weather|Sandstorm|[upkeep]
|-damage|p2a: Corsola|88/100|[from] Sandstorm
|-damage|p1a: Himiko|95/100|[from] Sandstorm
|upkeep
|turn|5
|
|move|p2a: Corsola|Night Shade|p1a: Himiko
|-damage|p1a: Himiko|63/100
|move|p1a: Himiko|Trick Room|p1a: Himiko
|-fieldstart|move: Trick Room|[of] p1a: Himiko
|
|-weather|Sandstorm|[upkeep]
|-damage|p1a: Himiko|57/100|[from] Sandstorm
|-damage|p2a: Corsola|82/100|[from] Sandstorm
|upkeep
|turn|6
|
|-start|p1a: Himiko|Dynamax
|-formechange|p1a: Himiko|Hatterene-Gmax
|-heal|p1a: Himiko|57/100|[silent]
|move|p1a: Himiko|Max Mindstorm|p2a: Corsola
|-damage|p2a: Corsola|9/100
|-fieldstart|move: Psychic Terrain
|-damage|p1a: Himiko|52/100|[from] item: Life Orb
|move|p2a: Corsola|Night Shade|p1a: Himiko
|-damage|p1a: Himiko|37/100
|
|-weather|none
|upkeep
|turn|7
|
|switch|p2a: Clefable|Clefable, M|100/100
|move|p1a: Himiko|G-Max Smite|p2a: Clefable
|-damage|p2a: Clefable|30/100
|-start|p2a: Clefable|confusion
|-damage|p1a: Himiko|32/100|[from] item: Life Orb
|
|-heal|p2a: Clefable|36/100|[from] item: Leftovers
|upkeep
|turn|8
|inactive|Panda280 has 120 seconds left.
|
|move|p1a: Himiko|Max Flare|p2a: Clefable
|-damage|p2a: Clefable|0 fnt
|-weather|SunnyDay
|-damage|p1a: Himiko|27/100|[from] item: Life Orb
|faint|p2a: Clefable
|
|-weather|SunnyDay|[upkeep]
|-end|p1a: Himiko|Dynamax
|-formechange|p1a: Himiko|Hatterene
|-heal|p1a: Himiko|27/100|[silent]
|upkeep
|
|switch|p2a: Galvantula|Galvantula, F|100/100
|turn|9
|inactive|Panda280 has 120 seconds left.
|
|move|p1a: Himiko|Mystical Fire|p2a: Galvantula
|-supereffective|p2a: Galvantula
|-enditem|p2a: Galvantula|Focus Sash
|-damage|p2a: Galvantula|1/100
|-unboost|p2a: Galvantula|spa|1
|-damage|p1a: Himiko|17/100|[from] item: Life Orb
|move|p2a: Galvantula|Bug Buzz|p1a: Himiko
|-damage|p1a: Himiko|0 fnt
|faint|p1a: Himiko
|
|-weather|SunnyDay|[upkeep]
|-fieldend|move: Trick Room
|upkeep
|
|switch|p1a: Eternatus|Eternatus|91/100
|-ability|p1a: Eternatus|Pressure
|turn|10
|inactive|Panda280 has 120 seconds left.
|
|move|p2a: Galvantula|Bug Buzz|p1a: Eternatus
|-resisted|p1a: Eternatus
|-damage|p1a: Eternatus|79/100
|-unboost|p1a: Eternatus|spd|1
|move|p1a: Eternatus|Flamethrower|p2a: Galvantula
|-supereffective|p2a: Galvantula
|-damage|p2a: Galvantula|0 fnt
|-damage|p1a: Eternatus|69/100|[from] item: Life Orb
|faint|p2a: Galvantula
|
|-weather|SunnyDay|[upkeep]
|-fieldend|move: Psychic Terrain
|upkeep
|inactive|Panda280 has 120 seconds left.
|
|switch|p2a: Darmanitan|Darmanitan-Galar, F|100/100
|turn|11
|
|switch|p1a: Corviknight|Corviknight, M|100/100
|-ability|p1a: Corviknight|Pressure
|move|p2a: Darmanitan|Ice Punch|p1a: Corviknight
|-damage|p1a: Corviknight|66/100
|-damage|p2a: Darmanitan|84/100|[from] item: Rocky Helmet|[of] p1a: Corviknight
|
|-weather|SunnyDay|[upkeep]
|upkeep
|turn|12
|
|switch|p2a: Corsola|Corsola-Galar, M|9/100
|move|p1a: Corviknight|Body Press|p2a: Corsola
|-immune|p2a: Corsola
|
|-weather|none
|upkeep
|turn|13
|
|move|p1a: Corviknight|U-turn|p2a: Corsola
|-resisted|p2a: Corsola
|-damage|p2a: Corsola|5/100
|-start|p1a: Corviknight|Disable|U-turn|[from] ability: Cursed Body|[of] p2a: Corsola
|
|switch|p1a: Eternatus|Eternatus|69/100|[from]move: U-turn
|-ability|p1a: Eternatus|Pressure
|move|p2a: Corsola|Strength Sap|p1a: Eternatus
|-unboost|p1a: Eternatus|atk|1
|-heal|p2a: Corsola|53/100
|
|upkeep
|turn|14
|
|move|p1a: Eternatus|Shadow Ball|p2a: Corsola
|-supereffective|p2a: Corsola
|-crit|p2a: Corsola
|-damage|p2a: Corsola|0 fnt
|-damage|p1a: Eternatus|59/100|[from] item: Life Orb
|faint|p2a: Corsola
|
|upkeep
|
|switch|p2a: Darmanitan|Darmanitan-Galar, F|84/100
|turn|15
|
|switch|p1a: Toxapex|Toxapex, M|100/100
|move|p2a: Darmanitan|Ice Punch|p1a: Toxapex
|-resisted|p1a: Toxapex
|-damage|p1a: Toxapex|82/100
|
|upkeep
|turn|16
|
|switch|p2a: Gyarados|Gyarados, F|7/100
|move|p1a: Toxapex|Knock Off|p2a: Gyarados
|-damage|p2a: Gyarados|0 fnt
|-enditem|p2a: Gyarados|Lum Berry|[from] move: Knock Off|[of] p1a: Toxapex
|faint|p2a: Gyarados
|
|upkeep
|
|switch|p2a: Darmanitan|Darmanitan-Galar, F|84/100
|turn|17
|
|switch|p1a: Corviknight|Corviknight, M|66/100
|-ability|p1a: Corviknight|Pressure
|move|p2a: Darmanitan|Earthquake|p1a: Corviknight
|-immune|p1a: Corviknight
|
|upkeep
|turn|18
|
|switch|p2a: Zacian|Zacian-Crowned|100/100
|-ability|p2a: Zacian|Intrepid Sword|boost
|-boost|p2a: Zacian|atk|1
|move|p1a: Corviknight|Body Press|p2a: Zacian
|-damage|p2a: Zacian|77/100
|
|upkeep
|turn|19
|
|switch|p1a: Quagsire|Quagsire, M|100/100
|move|p2a: Zacian|Swords Dance|p2a: Zacian
|-boost|p2a: Zacian|atk|2
|
|upkeep
|turn|20
|
|move|p2a: Zacian|Play Rough|p1a: Quagsire
|-damage|p1a: Quagsire|61/100
|move|p1a: Quagsire|Earthquake|p2a: Zacian
|-supereffective|p2a: Zacian
|-damage|p2a: Zacian|23/100
|
|upkeep
|turn|21
|
|move|p2a: Zacian|Play Rough|p1a: Quagsire
|-damage|p1a: Quagsire|23/100
|move|p1a: Quagsire|Recover|p1a: Quagsire
|-heal|p1a: Quagsire|73/100
|
|upkeep
|turn|22
|
|move|p2a: Zacian|Play Rough|p1a: Quagsire
|-damage|p1a: Quagsire|32/100
|move|p1a: Quagsire|Recover|p1a: Quagsire
|-heal|p1a: Quagsire|82/100
|
|upkeep
|turn|23
|
|move|p2a: Zacian|Play Rough|p1a: Quagsire
|-damage|p1a: Quagsire|45/100
|move|p1a: Quagsire|Recover|p1a: Quagsire
|-heal|p1a: Quagsire|95/100
|
|upkeep
|turn|24
|
|move|p2a: Zacian|Play Rough|p1a: Quagsire
|-damage|p1a: Quagsire|52/100
|move|p1a: Quagsire|Earthquake|p2a: Zacian
|-supereffective|p2a: Zacian
|-damage|p2a: Zacian|0 fnt
|faint|p2a: Zacian
|
|upkeep
|
|switch|p2a: Darmanitan|Darmanitan-Galar, F|84/100
|turn|25
|c|☆Chunkomucho|Gg
|c|☆Panda280|gg
|
|-start|p2a: Darmanitan|Dynamax
|-heal|p2a: Darmanitan|84/100|[silent]
|move|p2a: Darmanitan|Max Hailstorm|p1a: Quagsire
|-damage|p1a: Quagsire|0 fnt
|-weather|Hail
|faint|p1a: Quagsire
|
|-weather|Hail|[upkeep]
|upkeep
|
|switch|p1a: Eternatus|Eternatus|59/100
|-ability|p1a: Eternatus|Pressure
|turn|26
|
|move|p1a: Eternatus|Dynamax Cannon|p2a: Darmanitan
|-damage|p2a: Darmanitan|0 fnt
|-damage|p1a: Eternatus|49/100|[from] item: Life Orb
|faint|p2a: Darmanitan
|
|win|Chunkomucho
|l|☆Panda280
|raw|Chunkomucho's rating: 1460 &rarr; <strong>1478</strong><br />(+18 for winning)
|raw|Panda280's rating: 1414 &rarr; <strong>1397</strong><br />(-17 for losing)
