|j|☆Magikarp4000
|j|☆UR9 NotDake
|t:|1604381577
|player|p1|Magikarp4000|steven|1220
|player|p2|UR9 NotDake|guitarist|1255
|teamsize|p1|6
|teamsize|p2|6
|gametype|singles
|gen|8
|tier|[Gen 8] Ubers
|rated|
|clearpoke
|poke|p1|Marshadow|
|poke|p1|Yveltal|
|poke|p1|Kyurem-White|
|poke|p1|Kyogre|
|poke|p1|Shuckle, M|
|poke|p1|Zacian-Crowned|
|poke|p2|Yveltal|
|poke|p2|Eternatus|
|poke|p2|Necrozma-Dusk-Mane|
|poke|p2|Calyrex-Ice|
|poke|p2|Xerneas|
|poke|p2|Zacian-Crowned|
|rule|Sleep Clause Mod: Limit one foe put to sleep
|rule|Species Clause: Limit one of each Pokémon
|rule|OHKO Clause: OHKO moves are banned
|rule|Evasion Moves Clause: Evasion moves are banned
|rule|Endless Battle Clause: Forcing endless battles is banned
|rule|HP Percentage Mod: HP is shown in percentages
|teampreview
|c|☆Magikarp4000|glhf
|
|t:|1604381587
|start
|switch|p1a: Shuckle|Shuckle, M|100/100
|switch|p2a: Necrozma|Necrozma-Dusk-Mane|100/100
|turn|1
|
|t:|1604381593
|move|p2a: Necrozma|Stealth Rock|p1a: Shuckle
|-sidestart|p1: Magikarp4000|move: Stealth Rock
|move|p1a: Shuckle|Encore|p2a: Necrozma
|-start|p2a: Necrozma|Encore
|
|upkeep
|turn|2
|
|t:|1604381605
|switch|p2a: Zacian|Zacian-Crowned|100/100
|-ability|p2a: Zacian|Intrepid Sword|boost
|-boost|p2a: Zacian|atk|1
|move|p1a: Shuckle|Sticky Web|p2a: Zacian
|-sidestart|p2: UR9 NotDake|move: Sticky Web
|
|upkeep
|turn|3
|
|t:|1604381615
|move|p2a: Zacian|Behemoth Blade|p1a: Shuckle
|-supereffective|p1a: Shuckle
|-ability|p1a: Shuckle|Sturdy
|-damage|p1a: Shuckle|1/100
|-enditem|p1a: Shuckle|Aguav Berry|[eat]
|-heal|p1a: Shuckle|34/100|[from] item: Aguav Berry
|move|p1a: Shuckle|Infestation|p2a: Zacian
|-resisted|p2a: Zacian
|-damage|p2a: Zacian|99/100
|-activate|p2a: Zacian|move: Infestation|[of] p1a: Shuckle
|
|-damage|p2a: Zacian|88/100|[from] move: Infestation|[partiallytrapped]
|upkeep
|turn|4
|inactive|Battle timer is ON: inactive players will automatically lose when time's up. (requested by UR9 NotDake)
|
|t:|1604381643
|move|p2a: Zacian|Agility|p2a: Zacian
|-boost|p2a: Zacian|spe|2
|move|p1a: Shuckle|Stealth Rock|p2a: Zacian
|-sidestart|p2: UR9 NotDake|move: Stealth Rock
|
|-damage|p2a: Zacian|76/100|[from] move: Infestation|[partiallytrapped]
|upkeep
|turn|5
|
|t:|1604381649
|move|p2a: Zacian|Close Combat|p1a: Shuckle
|-damage|p1a: Shuckle|0 fnt
|-unboost|p2a: Zacian|def|1
|-unboost|p2a: Zacian|spd|1
|faint|p1a: Shuckle
|
|-end|p2a: Zacian|Infestation|[partiallytrapped]|[silent]
|upkeep
|
|t:|1604381663
|switch|p1a: Zacian|Zacian-Crowned|100/100
|-damage|p1a: Zacian|94/100|[from] Stealth Rock
|-ability|p1a: Zacian|Intrepid Sword|boost
|-boost|p1a: Zacian|atk|1
|turn|6
|
|t:|1604381667
|move|p2a: Zacian|Behemoth Blade|p1a: Zacian
|-damage|p1a: Zacian|0 fnt
|faint|p1a: Zacian
|
|upkeep
|c|☆UR9 NotDake|Lol
|c|☆Magikarp4000|.......
|c|☆Magikarp4000|lol
|
|t:|1604381679
|switch|p1a: Marshadow|Marshadow|100/100
|-damage|p1a: Marshadow|94/100|[from] Stealth Rock
|turn|7
|
|t:|1604381685
|-start|p1a: Marshadow|Dynamax
|-heal|p1a: Marshadow|94/100|[silent]
|move|p2a: Zacian|Behemoth Blade|p1a: Marshadow
|-damage|p1a: Marshadow|0 fnt
|faint|p1a: Marshadow
|
|upkeep
|c|☆Magikarp4000|bruh
|c|☆UR9 NotDake|Adamant Zacian
|c|☆UR9 NotDake|Always works
|c|☆Magikarp4000|welp ggwp
|-message|Magikarp4000 forfeited.
|
|win|UR9 NotDake
|l|☆Magikarp4000
|c|☆UR9 NotDake|Gg
|raw|Magikarp4000's rating: 1242 &rarr; <strong>1218</strong><br />(-24 for losing)
|raw|UR9 NotDake's rating: 1255 &rarr; <strong>1279</strong><br />(+24 for winning)
