|j|☆Acey 2B
|j|☆QiYu4
|player|p1|Acey 2B|anabel|1618
|player|p2|QiYu4|psychic-gen4|1788
|teamsize|p1|6
|teamsize|p2|6
|gametype|singles
|gen|8
|tier|[Gen 8] Ubers
|rated|
|clearpoke
|poke|p1|Hippowdon, F|
|poke|p1|Excadrill, M|
|poke|p1|Lunala|
|poke|p1|Vaporeon, M|
|poke|p1|Necrozma-Dusk-Mane|
|poke|p1|Eternatus|
|poke|p2|Necrozma-Dusk-Mane|
|poke|p2|Marshadow|
|poke|p2|Lunala|
|poke|p2|Ditto|
|poke|p2|Eternatus|
|poke|p2|Zekrom|
|rule|Sleep Clause Mod: Limit one foe put to sleep
|rule|Species Clause: Limit one of each Pokémon
|rule|OHKO Clause: OHKO moves are banned
|rule|Evasion Moves Clause: Evasion moves are banned
|rule|Endless Battle Clause: Forcing endless battles is banned
|rule|HP Percentage Mod: HP is shown in percentages
|teampreview
|j| Bring Back Pursuit
|inactive|Battle timer is ON: inactive players will automatically lose when time's up. (requested by QiYu4)
|c| Bring Back Pursuit|ait, lets go acey
|c| Bring Back Pursuit|clap em
|j| DIO-D Trixiewagon
|j| thundersparksdown
|c| Bring Back Pursuit|yup
|c| thundersparksdown|yes
|c| Bring Back Pursuit|thats me
|c| thundersparksdown|ez
|c| thundersparksdown|SAME GUY
|c| thundersparksdown|DID U COP THE MERCH?
|inactive|Acey 2B has 120 seconds left.
|c| Bring Back Pursuit|oh this guy is #2 on the ladder
|c| DIO-D Trixiewagon|We meet again, JOJO
|c| thundersparksdown|FROM BLUNDER
|
|start
|switch|p1a: Hippowdon|Hippowdon, F|100/100
|switch|p2a: Lunala|Lunala|100/100
|-weather|Sandstorm|[from] ability: Sand Stream|[of] p1a: Hippowdon
|turn|1
|
|switch|p1a: Vaporeon|Vaporeon, M|100/100
|move|p2a: Lunala|Moongeist Beam|p1a: Vaporeon
|-damage|p1a: Vaporeon|58/100
|
|-weather|Sandstorm|[upkeep]
|-damage|p2a: Lunala|94/100|[from] Sandstorm
|-damage|p1a: Vaporeon|51/100|[from] Sandstorm
|-heal|p1a: Vaporeon|58/100|[from] item: Leftovers
|upkeep
|turn|2
|
|move|p2a: Lunala|Moongeist Beam|p1a: Vaporeon
|-damage|p1a: Vaporeon|16/100
|move|p1a: Vaporeon|Wish|p1a: Vaporeon
|
|-weather|Sandstorm|[upkeep]
|-damage|p2a: Lunala|88/100|[from] Sandstorm
|-damage|p1a: Vaporeon|10/100|[from] Sandstorm
|-heal|p1a: Vaporeon|16/100|[from] item: Leftovers
|upkeep
|turn|3
|
|switch|p1a: Eternatus|Eternatus|100/100
|-ability|p1a: Eternatus|Pressure
|-start|p2a: Lunala|Dynamax
|-heal|p2a: Lunala|88/100|[silent]
|move|p2a: Lunala|Max Phantasm|p1a: Eternatus
|-damage|p1a: Eternatus|45/100
|-unboost|p1a: Eternatus|def|1
|
|-weather|Sandstorm|[upkeep]
|-damage|p1a: Eternatus|38/100|[from] Sandstorm
|-damage|p2a: Lunala|85/100|[from] Sandstorm
|-heal|p1a: Eternatus|86/100|[from] move: Wish|[wisher] Vaporeon
|-heal|p1a: Eternatus|93/100|[from] item: Black Sludge
|upkeep
|turn|4
|j| benbiyin
|
|switch|p1a: Necrozma|Necrozma-Dusk-Mane|100/100
|move|p2a: Lunala|Max Mindstorm|p1a: Necrozma
|-resisted|p1a: Necrozma
|-damage|p1a: Necrozma|90/100
|-fieldstart|move: Psychic Terrain
|
|-weather|Sandstorm|[upkeep]
|-damage|p2a: Lunala|82/100|[from] Sandstorm
|-heal|p1a: Necrozma|96/100|[from] item: Leftovers
|upkeep
|turn|5
|
|switch|p1a: Vaporeon|Vaporeon, M|16/100
|move|p2a: Lunala|Max Phantasm|p1a: Vaporeon
|-damage|p1a: Vaporeon|0 fnt
|faint|p1a: Vaporeon
|
|-weather|none
|-end|p2a: Lunala|Dynamax
|-heal|p2a: Lunala|82/100|[silent]
|upkeep
|
|switch|p1a: Necrozma|Necrozma-Dusk-Mane|96/100
|turn|6
|
|switch|p2a: Necrozma|Necrozma-Dusk-Mane|100/100
|switch|p1a: Eternatus|Eternatus|93/100
|-ability|p1a: Eternatus|Pressure
|
|-heal|p1a: Eternatus|99/100|[from] item: Black Sludge
|upkeep
|turn|7
|c| Bring Back Pursuit|lmao
|
|switch|p1a: Hippowdon|Hippowdon, F|100/100
|-weather|Sandstorm|[from] ability: Sand Stream|[of] p1a: Hippowdon
|move|p2a: Necrozma|Stealth Rock|p1a: Hippowdon
|-sidestart|p1: Acey 2B|move: Stealth Rock
|
|-weather|Sandstorm|[upkeep]
|upkeep
|turn|8
|
|move|p2a: Necrozma|Knock Off|p1a: Hippowdon
|-damage|p1a: Hippowdon|83/100
|-enditem|p1a: Hippowdon|Leftovers|[from] move: Knock Off|[of] p2a: Necrozma
|move|p1a: Hippowdon|Stealth Rock|p2a: Necrozma
|-sidestart|p2: QiYu4|move: Stealth Rock
|
|-weather|Sandstorm|[upkeep]
|-fieldend|move: Psychic Terrain
|upkeep
|turn|9
|
|switch|p2a: Ditto|Ditto|100/100
|-damage|p2a: Ditto|88/100|[from] Stealth Rock
|-transform|p2a: Ditto|p1a: Hippowdon|[from] ability: Imposter
|move|p1a: Hippowdon|Earthquake|p2a: Ditto
|-damage|p2a: Ditto|58/100
|
|-weather|Sandstorm|[upkeep]
|upkeep
|turn|10
|
|move|p1a: Hippowdon|Earthquake|p2a: Ditto
|-damage|p2a: Ditto|29/100
|move|p2a: Ditto|Slack Off|p2a: Ditto
|-heal|p2a: Ditto|79/100
|
|-weather|Sandstorm|[upkeep]
|upkeep
|turn|11
|
|switch|p1a: Excadrill|Excadrill, M|100/100
|-damage|p1a: Excadrill|97/100|[from] Stealth Rock
|-item|p1a: Excadrill|Air Balloon
|move|p2a: Ditto|Slack Off|p2a: Ditto
|-heal|p2a: Ditto|100/100
|
|-weather|none
|upkeep
|turn|12
|
|move|p1a: Excadrill|Earthquake|p2a: Ditto
|-damage|p2a: Ditto|63/100
|move|p2a: Ditto|Whirlwind|p1a: Excadrill
|drag|p1a: Lunala|Lunala|100/100
|
|upkeep
|turn|13
|
|switch|p2a: Eternatus|Eternatus|100/100
|-damage|p2a: Eternatus|88/100|[from] Stealth Rock
|-ability|p2a: Eternatus|Pressure
|move|p1a: Lunala|Will-O-Wisp|p2a: Eternatus|[miss]
|-miss|p1a: Lunala|p2a: Eternatus
|
|upkeep
|turn|14
|
|move|p2a: Eternatus|Flamethrower|p1a: Lunala
|-damage|p1a: Lunala|91/100
|move|p1a: Lunala|Will-O-Wisp|p2a: Eternatus|[miss]
|-miss|p1a: Lunala|p2a: Eternatus
|
|upkeep
|turn|15
|
|switch|p2a: Lunala|Lunala|82/100
|-damage|p2a: Lunala|70/100|[from] Stealth Rock
|move|p1a: Lunala|Will-O-Wisp|p2a: Lunala
|-status|p2a: Lunala|brn
|
|-damage|p2a: Lunala|64/100 brn|[from] brn
|upkeep
|turn|16
|
|switch|p1a: Eternatus|Eternatus|99/100
|-damage|p1a: Eternatus|86/100|[from] Stealth Rock
|-ability|p1a: Eternatus|Pressure
|move|p2a: Lunala|Moongeist Beam|p1a: Eternatus
|-damage|p1a: Eternatus|32/100
|
|-heal|p1a: Eternatus|38/100|[from] item: Black Sludge
|-damage|p2a: Lunala|58/100 brn|[from] brn
|upkeep
|turn|17
|
|switch|p2a: Eternatus|Eternatus|88/100
|-damage|p2a: Eternatus|76/100|[from] Stealth Rock
|-ability|p2a: Eternatus|Pressure
|move|p1a: Eternatus|Recover|p1a: Eternatus
|-heal|p1a: Eternatus|88/100
|
|-heal|p1a: Eternatus|94/100|[from] item: Black Sludge
|upkeep
|turn|18
|
|switch|p1a: Lunala|Lunala|91/100
|move|p2a: Eternatus|Dynamax Cannon|p1a: Lunala
|-damage|p1a: Lunala|63/100
|
|upkeep
|turn|19
|
|switch|p2a: Zekrom|Zekrom|100/100
|-damage|p2a: Zekrom|88/100|[from] Stealth Rock
|-ability|p2a: Zekrom|Teravolt
|move|p1a: Lunala|Roost|p1a: Lunala
|-heal|p1a: Lunala|100/100
|-singleturn|p1a: Lunala|move: Roost
|
|upkeep
|turn|20
|
|move|p2a: Zekrom|Crunch|p1a: Lunala
|-supereffective|p1a: Lunala
|-damage|p1a: Lunala|51/100
|move|p1a: Lunala|Will-O-Wisp|p2a: Zekrom
|-status|p2a: Zekrom|brn
|
|-damage|p2a: Zekrom|82/100 brn|[from] brn
|upkeep
|turn|21
|
|switch|p1a: Hippowdon|Hippowdon, F|83/100
|-damage|p1a: Hippowdon|77/100|[from] Stealth Rock
|-weather|Sandstorm|[from] ability: Sand Stream|[of] p1a: Hippowdon
|move|p2a: Zekrom|Crunch|p1a: Hippowdon
|-damage|p1a: Hippowdon|69/100
|
|-weather|Sandstorm|[upkeep]
|-damage|p2a: Zekrom|76/100 brn|[from] Sandstorm
|-damage|p2a: Zekrom|70/100 brn|[from] brn
|upkeep
|turn|22
|
|move|p2a: Zekrom|Dragon Dance|p2a: Zekrom
|-boost|p2a: Zekrom|atk|1
|-boost|p2a: Zekrom|spe|1
|move|p1a: Hippowdon|Earthquake|p2a: Zekrom
|-supereffective|p2a: Zekrom
|-damage|p2a: Zekrom|9/100 brn
|
|-weather|Sandstorm|[upkeep]
|-damage|p2a: Zekrom|3/100 brn|[from] Sandstorm
|-damage|p2a: Zekrom|0 fnt|[from] brn
|faint|p2a: Zekrom
|upkeep
|
|switch|p2a: Eternatus|Eternatus|76/100
|-damage|p2a: Eternatus|64/100|[from] Stealth Rock
|-ability|p2a: Eternatus|Pressure
|turn|23
|
|switch|p1a: Necrozma|Necrozma-Dusk-Mane|96/100
|-damage|p1a: Necrozma|90/100|[from] Stealth Rock
|move|p2a: Eternatus|Cosmic Power|p2a: Eternatus
|-boost|p2a: Eternatus|def|1
|-boost|p2a: Eternatus|spd|1
|
|-weather|Sandstorm|[upkeep]
|-damage|p2a: Eternatus|57/100|[from] Sandstorm
|-heal|p1a: Necrozma|96/100|[from] item: Leftovers
|upkeep
|turn|24
|
|move|p2a: Eternatus|Cosmic Power|p2a: Eternatus
|-boost|p2a: Eternatus|def|1
|-boost|p2a: Eternatus|spd|1
|move|p1a: Necrozma|Dragon Dance|p1a: Necrozma
|-boost|p1a: Necrozma|atk|1
|-boost|p1a: Necrozma|spe|1
|
|-weather|Sandstorm|[upkeep]
|-damage|p2a: Eternatus|51/100|[from] Sandstorm
|-heal|p1a: Necrozma|100/100|[from] item: Leftovers
|upkeep
|turn|25
|
|-start|p1a: Necrozma|Dynamax
|-heal|p1a: Necrozma|100/100|[silent]
|move|p2a: Eternatus|Recover|p2a: Eternatus
|-heal|p2a: Eternatus|100/100
|move|p1a: Necrozma|Max Quake|p2a: Eternatus
|-supereffective|p2a: Eternatus
|-damage|p2a: Eternatus|49/100
|-boost|p1a: Necrozma|spd|1
|
|-weather|none
|upkeep
|turn|26
|
|move|p2a: Eternatus|Recover|p2a: Eternatus
|-heal|p2a: Eternatus|99/100
|move|p1a: Necrozma|Max Quake|p2a: Eternatus
|-supereffective|p2a: Eternatus
|-damage|p2a: Eternatus|50/100
|-boost|p1a: Necrozma|spd|1
|
|upkeep
|turn|27
|
|move|p2a: Eternatus|Recover|p2a: Eternatus
|-heal|p2a: Eternatus|99/100
|move|p1a: Necrozma|Max Quake|p2a: Eternatus
|-supereffective|p2a: Eternatus
|-damage|p2a: Eternatus|53/100
|-boost|p1a: Necrozma|spd|1
|
|-end|p1a: Necrozma|Dynamax
|-heal|p1a: Necrozma|100/100|[silent]
|upkeep
|turn|28
|
|move|p2a: Eternatus|Recover|p2a: Eternatus
|-heal|p2a: Eternatus|100/100
|move|p1a: Necrozma|Dragon Dance|p1a: Necrozma
|-boost|p1a: Necrozma|atk|1
|-boost|p1a: Necrozma|spe|1
|
|upkeep
|turn|29
|
|move|p1a: Necrozma|Dragon Dance|p1a: Necrozma
|-boost|p1a: Necrozma|atk|1
|-boost|p1a: Necrozma|spe|1
|move|p2a: Eternatus|Cosmic Power|p2a: Eternatus
|-boost|p2a: Eternatus|def|1
|-boost|p2a: Eternatus|spd|1
|
|upkeep
|turn|30
|
|move|p1a: Necrozma|Earthquake|p2a: Eternatus
|-supereffective|p2a: Eternatus
|-damage|p2a: Eternatus|46/100
|move|p2a: Eternatus|Cosmic Power|p2a: Eternatus
|-boost|p2a: Eternatus|def|1
|-boost|p2a: Eternatus|spd|1
|
|upkeep
|turn|31
|
|move|p1a: Necrozma|Earthquake|p2a: Eternatus
|-supereffective|p2a: Eternatus
|-crit|p2a: Eternatus
|-damage|p2a: Eternatus|0 fnt
|faint|p2a: Eternatus
|
|upkeep
|c| Bring Back Pursuit|ez
|c|☆QiYu4|lol
|c| thundersparksdown|f
|c|☆Acey 2B|deserved
|
|switch|p2a: Ditto|Ditto|63/100
|-damage|p2a: Ditto|51/100|[from] Stealth Rock
|-transform|p2a: Ditto|p1a: Necrozma|[from] ability: Imposter
|turn|32
|c| Bring Back Pursuit|lose speed tie
|c| Bring Back Pursuit|forfeit
|
|move|p1a: Necrozma|Earthquake|p2a: Ditto
|-supereffective|p2a: Ditto
|-damage|p2a: Ditto|0 fnt
|faint|p2a: Ditto
|
|upkeep
|c| DIO-D Trixiewagon|Ez
|c|☆QiYu4|hax noob
|c|☆QiYu4|oh
|c|☆Acey 2B|NICE LOSS BRO
|c| thundersparksdown|f
|c| Bring Back Pursuit|imagine losing to vaporeon
|-message|QiYu4 forfeited.
|
|win|Acey 2B
|l|☆QiYu4
|c| DIO-D Trixiewagon|Ez points
|raw|Acey 2B's rating: 1618 &rarr; <strong>1646</strong><br />(+28 for winning)
|raw|QiYu4's rating: 1756 &rarr; <strong>1728</strong><br />(-28 for losing)
|c| thundersparksdown|he left
|c| thundersparksdown|f
|c| DIO-D Trixiewagon|Get clapped
|c| Bring Back Pursuit|FREE FUCKING POINTS
|c| thundersparksdown|how much points does ace have now
