|html|<div class="broadcast-blue"><strong>[Gen 8] Ubers is currently suspecting Zacian! For information on how to participate check out the <a href="https://www.smogon.com/forums/threads/np-ss-ubers-stage-7-heroes-zacian-hero-suspect-test.3685323/">suspect thread</a>.</strong></div>
|j|☆Ilovescaldburns
|j|☆ara
|t:|1622659491
|gametype|singles
|player|p1|Ilovescaldburns|pokemonranger-gen3rs|
|player|p2|ara|lucas|
|teamsize|p1|6
|teamsize|p2|6
|gen|8
|tier|[Gen 8] Ubers
|rule|Sleep Clause Mod: Limit one foe put to sleep
|rule|Species Clause: Limit one of each Pokémon
|rule|OHKO Clause: OHKO moves are banned
|rule|Evasion Moves Clause: Evasion moves are banned
|rule|Endless Battle Clause: Forcing endless battles is banned
|rule|HP Percentage Mod: HP is shown in percentages
|rule|Dynamax Clause: You cannot dynamax
|clearpoke
|poke|p1|Aerodactyl, M|
|poke|p1|Grimmsnarl, M|
|poke|p1|Zekrom|
|poke|p1|Calyrex-Shadow|
|poke|p1|Zacian-*|
|poke|p1|Necrozma-Dusk-Mane|
|poke|p2|Eternatus|
|poke|p2|Marshadow|
|poke|p2|Necrozma-Dusk-Mane|
|poke|p2|Zacian-*|
|poke|p2|Ho-Oh|
|poke|p2|Yveltal|
|teampreview
|inactive|Battle timer is ON: inactive players will automatically lose when time's up. (requested by ara)
|c|☆Ilovescaldburns|gimme 5 secs to link
|c|☆ara|ok
|j| HurtaDOO
|c| HurtaDOO|ARA ARAAAA
|c|☆Ilovescaldburns|/log Ilovescaldburns made this room public.
|c| HurtaDOO|ARAAAAAAAA
|inactive|Ilovescaldburns has 270 seconds left.
|inactive|ara has 270 seconds left.
|c|☆ara|<3
|c|☆ara|doo doo
|
|t:|1622659547
|start
|switch|p1a: Aerodactyl|Aerodactyl, M|100/100
|switch|p2a: hg is bad|Necrozma-Dusk-Mane|100/100
|-ability|p1a: Aerodactyl|Pressure
|turn|1
|j| Fivell
|
|t:|1622659555
|move|p1a: Aerodactyl|Taunt|p2a: hg is bad
|-start|p2a: hg is bad|move: Taunt
|move|p2a: hg is bad|Sunsteel Strike|p1a: Aerodactyl
|-supereffective|p1a: Aerodactyl
|-enditem|p1a: Aerodactyl|Focus Sash
|-damage|p1a: Aerodactyl|1/100
|
|upkeep
|turn|2
|
|t:|1622659560
|move|p1a: Aerodactyl|Stealth Rock|p2a: hg is bad
|-sidestart|p2: ara|move: Stealth Rock
|move|p2a: hg is bad|Sunsteel Strike|p1a: Aerodactyl
|-supereffective|p1a: Aerodactyl
|-damage|p1a: Aerodactyl|0 fnt
|faint|p1a: Aerodactyl
|
|upkeep
|j| PLL02 TDNT
|inactive|Ilovescaldburns has 270 seconds left.
|
|t:|1622659601
|switch|p1a: Calyrex|Calyrex-Shadow|100/100
|-ability|p1a: Calyrex|As One
|-ability|p1a: Calyrex|Unnerve
|turn|3
|
|t:|1622659607
|switch|p2a: inkpupil > hg|Yveltal|100/100
|-ability|p2a: inkpupil > hg|Dark Aura
|move|p1a: Calyrex|Nasty Plot|p1a: Calyrex
|-boost|p1a: Calyrex|spa|2
|
|upkeep
|turn|4
|
|t:|1622659612
|move|p1a: Calyrex|Draining Kiss|p2a: inkpupil > hg
|-supereffective|p2a: inkpupil > hg
|-damage|p2a: inkpupil > hg|39/100
|move|p2a: inkpupil > hg|Foul Play|p1a: Calyrex
|-supereffective|p1a: Calyrex
|-enditem|p1a: Calyrex|Focus Sash
|-damage|p1a: Calyrex|1/100
|
|upkeep
|turn|5
|
|t:|1622659617
|move|p2a: inkpupil > hg|Sucker Punch|p1a: Calyrex
|-supereffective|p1a: Calyrex
|-damage|p1a: Calyrex|0 fnt
|faint|p1a: Calyrex
|
|upkeep
|
|t:|1622659632
|switch|p1a: Zacian|Zacian|100/100
|-ability|p1a: Zacian|Intrepid Sword|boost
|-boost|p1a: Zacian|atk|1
|turn|6
|
|t:|1622659637
|switch|p2a: hg is bad|Necrozma-Dusk-Mane|100/100
|-damage|p2a: hg is bad|94/100|[from] Stealth Rock
|move|p1a: Zacian|Swords Dance|p1a: Zacian
|-boost|p1a: Zacian|atk|2
|
|upkeep
|turn|7
|
|t:|1622659664
|move|p1a: Zacian|Play Rough|p2a: hg is bad
|-resisted|p2a: hg is bad
|-damage|p2a: hg is bad|67/100
|-damage|p1a: Zacian|84/100|[from] item: Rocky Helmet|[of] p2a: hg is bad
|move|p2a: hg is bad|Thunder Wave|p1a: Zacian
|-status|p1a: Zacian|par
|
|upkeep
|turn|8
|
|t:|1622659672
|move|p1a: Zacian|Close Combat|p2a: hg is bad
|-damage|p2a: hg is bad|8/100
|-unboost|p1a: Zacian|def|1
|-unboost|p1a: Zacian|spd|1
|-damage|p1a: Zacian|67/100 par|[from] item: Rocky Helmet|[of] p2a: hg is bad
|move|p2a: hg is bad|Sunsteel Strike|p1a: Zacian
|-supereffective|p1a: Zacian
|-enditem|p1a: Zacian|Babiri Berry|[eat]
|-enditem|p1a: Zacian|Babiri Berry|[weaken]
|-damage|p1a: Zacian|0 fnt
|faint|p1a: Zacian
|
|upkeep
|
|t:|1622659686
|switch|p1a: Zekrom|Zekrom|100/100
|-ability|p1a: Zekrom|Teravolt
|turn|9
|
|t:|1622659693
|switch|p2a: holy woat|Eternatus|100/100
|-ability|p2a: holy woat|Pressure
|move|p1a: Zekrom|Substitute|p1a: Zekrom
|-start|p1a: Zekrom|Substitute
|-damage|p1a: Zekrom|76/100
|
|upkeep
|turn|10
|
|t:|1622659699
|move|p2a: holy woat|Dynamax Cannon|p1a: Zekrom
|-supereffective|p1a: Zekrom
|-end|p1a: Zekrom|Substitute
|move|p1a: Zekrom|Dragon Dance|p1a: Zekrom
|-boost|p1a: Zekrom|atk|1
|-boost|p1a: Zekrom|spe|1
|
|upkeep
|turn|11
|
|t:|1622659704
|move|p1a: Zekrom|Draco Meteor|p2a: holy woat
|-supereffective|p2a: holy woat
|-damage|p2a: holy woat|23/100
|-unboost|p1a: Zekrom|spa|2
|-damage|p1a: Zekrom|66/100|[from] item: Life Orb
|move|p2a: holy woat|Dynamax Cannon|p1a: Zekrom
|-supereffective|p1a: Zekrom
|-damage|p1a: Zekrom|0 fnt
|faint|p1a: Zekrom
|
|upkeep
|
|t:|1622659707
|switch|p1a: Necrozma|Necrozma-Dusk-Mane|100/100
|turn|12
|
|t:|1622659711
|switch|p2a: hg smells|Ho-Oh|100/100
|move|p1a: Necrozma|Dragon Dance|p1a: Necrozma
|-boost|p1a: Necrozma|atk|1
|-boost|p1a: Necrozma|spe|1
|
|upkeep
|turn|13
|
|t:|1622659717
|move|p1a: Necrozma|Dragon Dance|p1a: Necrozma
|-boost|p1a: Necrozma|atk|1
|-boost|p1a: Necrozma|spe|1
|move|p2a: hg smells|Whirlwind|p1a: Necrozma
|drag|p1a: Grimmsnarl|Grimmsnarl, M|100/100
|
|upkeep
|turn|14
|
|t:|1622659724
|move|p1a: Grimmsnarl|Reflect|p1a: Grimmsnarl
|-sidestart|p1: Ilovescaldburns|Reflect
|move|p2a: hg smells|Defog|p1a: Grimmsnarl
|-unboost|p1a: Grimmsnarl|evasion|1
|-sideend|p1: Ilovescaldburns|Reflect
|-sideend|p2: ara|Stealth Rock|[from] move: Defog|[of] p2a: hg smells
|
|upkeep
|turn|15
|
|t:|1622659729
|move|p1a: Grimmsnarl|Taunt|p2a: hg smells
|-start|p2a: hg smells|move: Taunt
|move|p2a: hg smells|Sacred Fire|p1a: Grimmsnarl
|-damage|p1a: Grimmsnarl|50/100
|
|upkeep
|turn|16
|j| Joya
|
|t:|1622659736
|switch|p2a: hg sux|Marshadow|100/100
|move|p1a: Grimmsnarl|Reflect|p1a: Grimmsnarl
|-sidestart|p1: Ilovescaldburns|Reflect
|
|upkeep
|turn|17
|
|t:|1622659740
|move|p1a: Grimmsnarl|Light Screen|p1a: Grimmsnarl
|-sidestart|p1: Ilovescaldburns|move: Light Screen
|move|p2a: hg sux|Poltergeist|p1a: Grimmsnarl
|-activate|p1a: Grimmsnarl|move: Poltergeist|Light Clay
|-resisted|p1a: Grimmsnarl
|-damage|p1a: Grimmsnarl|25/100
|-damage|p2a: hg sux|91/100|[from] item: Life Orb
|
|upkeep
|turn|18
|c| HurtaDOO|ARA
|
|t:|1622659748
|move|p1a: Grimmsnarl|Sucker Punch|p2a: hg sux
|-damage|p2a: hg sux|54/100
|move|p2a: hg sux|Poltergeist|p1a: Grimmsnarl
|-activate|p1a: Grimmsnarl|move: Poltergeist|Light Clay
|-resisted|p1a: Grimmsnarl
|-damage|p1a: Grimmsnarl|0 fnt
|faint|p1a: Grimmsnarl
|-damage|p2a: hg sux|44/100|[from] item: Life Orb
|
|upkeep
|c| HurtaDOO|I LOVE YOU
|
|t:|1622659751
|switch|p1a: Necrozma|Necrozma-Dusk-Mane|100/100
|turn|19
|
|t:|1622659755
|switch|p2a: hg smells|Ho-Oh|100/100
|move|p1a: Necrozma|Dragon Dance|p1a: Necrozma
|-boost|p1a: Necrozma|atk|1
|-boost|p1a: Necrozma|spe|1
|
|upkeep
|turn|20
|c|☆ara|i love u more doo doo
|c| PLL02 TDNT|ara ara
|
|t:|1622659767
|move|p1a: Necrozma|Dragon Dance|p1a: Necrozma
|-boost|p1a: Necrozma|atk|1
|-boost|p1a: Necrozma|spe|1
|move|p2a: hg smells|Sacred Fire|p1a: Necrozma
|-supereffective|p1a: Necrozma
|-damage|p1a: Necrozma|73/100
|-enditem|p1a: Necrozma|Weakness Policy
|-boost|p1a: Necrozma|atk|2|[from] item: Weakness Policy
|-boost|p1a: Necrozma|spa|2|[from] item: Weakness Policy
|
|upkeep
|turn|21
|c| HurtaDOO|You are my gf hand for sure (gorex)
|c| HurtaDOO|have*
|
|t:|1622659773
|move|p1a: Necrozma|Stone Edge|p2a: hg smells
|-supereffective|p2a: hg smells
|-damage|p2a: hg smells|0 fnt
|faint|p2a: hg smells
|
|upkeep
|
|t:|1622659778
|switch|p2a: hg sux|Marshadow|44/100
|turn|22
|
|t:|1622659782
|move|p2a: hg sux|Shadow Sneak|p1a: Necrozma
|-supereffective|p1a: Necrozma
|-damage|p1a: Necrozma|46/100
|-damage|p2a: hg sux|34/100|[from] item: Life Orb
|move|p1a: Necrozma|Sunsteel Strike|p2a: hg sux
|-damage|p2a: hg sux|0 fnt
|faint|p2a: hg sux
|
|upkeep
|
|t:|1622659788
|switch|p2a: inkpupil > hg|Yveltal|39/100
|-ability|p2a: inkpupil > hg|Dark Aura
|turn|23
|
|t:|1622659793
|switch|p2a: holy woat|Eternatus|23/100
|-ability|p2a: holy woat|Pressure
|move|p1a: Necrozma|Sunsteel Strike|p2a: holy woat
|-damage|p2a: holy woat|0 fnt
|faint|p2a: holy woat
|
|-sideend|p1: Ilovescaldburns|Reflect
|upkeep
|
|t:|1622659802
|switch|p2a: inkpupil > hg|Yveltal|39/100
|-ability|p2a: inkpupil > hg|Dark Aura
|turn|24
|
|t:|1622659806
|move|p2a: inkpupil > hg|Sucker Punch||[still]
|-fail|p2a: inkpupil > hg
|move|p1a: Necrozma|Dragon Dance|p1a: Necrozma
|-boost|p1a: Necrozma|atk|1
|-boost|p1a: Necrozma|spe|1
|
|-sideend|p1: Ilovescaldburns|move: Light Screen
|upkeep
|turn|25
|
|t:|1622659811
|move|p2a: inkpupil > hg|Sucker Punch||[still]
|-fail|p2a: inkpupil > hg
|move|p1a: Necrozma|Dragon Dance|p1a: Necrozma
|-boost|p1a: Necrozma|atk|1
|-boost|p1a: Necrozma|spe|1
|
|upkeep
|turn|26
|
|t:|1622659822
|move|p2a: inkpupil > hg|Sucker Punch||[still]
|-fail|p2a: inkpupil > hg
|move|p1a: Necrozma|Dragon Dance|p1a: Necrozma
|-boost|p1a: Necrozma|atk|0
|-boost|p1a: Necrozma|spe|1
|
|upkeep
|turn|27
|c| HurtaDOO|you won that
|
|t:|1622659826
|move|p2a: inkpupil > hg|Sucker Punch||[still]
|-fail|p2a: inkpupil > hg
|move|p1a: Necrozma|Dragon Dance|p1a: Necrozma
|-boost|p1a: Necrozma|atk|0
|-boost|p1a: Necrozma|spe|1
|
|upkeep
|turn|28
|
|t:|1622659830
|move|p2a: inkpupil > hg|Sucker Punch||[still]
|-fail|p2a: inkpupil > hg
|move|p1a: Necrozma|Dragon Dance|p1a: Necrozma
|-boost|p1a: Necrozma|atk|0
|-boost|p1a: Necrozma|spe|0
|
|upkeep
|turn|29
|
|t:|1622659834
|move|p1a: Necrozma|Sunsteel Strike|p2a: inkpupil > hg
|-damage|p2a: inkpupil > hg|0 fnt
|faint|p2a: inkpupil > hg
|
|upkeep
|c|☆ara|noooooo
|c| HurtaDOO|cj<n
|c| HurtaDOO|nooooooooo
|c|☆ara|LOL
|c| HurtaDOO|NOOOOOOOOO
|
|t:|1622659843
|switch|p2a: we hate hg|Zacian|100/100
|-ability|p2a: we hate hg|Intrepid Sword|boost
|-boost|p2a: we hate hg|atk|1
|turn|30
|l| Joya
|c| HurtaDOO|PERDEMOS :sob:
|
|t:|1622659848
|move|p1a: Necrozma|Sunsteel Strike|p2a: we hate hg
|-supereffective|p2a: we hate hg
|-damage|p2a: we hate hg|0 fnt
|faint|p2a: we hate hg
|
|upkeep
|
|t:|1622659850
|switch|p2a: hg is bad|Necrozma-Dusk-Mane|8/100
|turn|31
|c|☆Ilovescaldburns|gg
|l| HurtaDOO
|c|☆ara|gg
|
|t:|1622659856
|move|p1a: Necrozma|Sunsteel Strike|p2a: hg is bad
|-resisted|p2a: hg is bad
|-damage|p2a: hg is bad|0 fnt
|-damage|p1a: Necrozma|29/100|[from] item: Rocky Helmet|[of] p2a: hg is bad
|faint|p2a: hg is bad
|
|win|Ilovescaldburns
