|html|<div class="broadcast-blue"><strong>[Gen 8] Ubers is currently suspecting Calyrex-Shadow! For information on how to participate check out the <a href="https://www.smogon.com/forums/threads/np-ss-ubers-stage-8-ridin-dirty-calyrex-shadow-suspect-test.3704200/">suspect thread</a>.</strong></div>
|j|☆TogeBirlHQ
|j|☆TestingTeams02604
|t:|1657591458
|gametype|singles
|player|p1|TogeBirlHQ|jogger|1358
|player|p2|TestingTeams02604|cheren|1363
|teamsize|p1|6
|teamsize|p2|6
|gen|8
|tier|[Gen 8] Ubers
|rated|
|rule|Sleep Clause Mod: Limit one foe put to sleep
|rule|Species Clause: Limit one of each Pokémon
|rule|OHKO Clause: OHKO moves are banned
|rule|Evasion Moves Clause: Evasion moves are banned
|rule|Endless Battle Clause: Forcing endless battles is banned
|rule|HP Percentage Mod: HP is shown in percentages
|rule|Dynamax Clause: You cannot dynamax
|clearpoke
|poke|p1|Yveltal|
|poke|p1|Eternatus|
|poke|p1|Necrozma-Dusk-Mane|
|poke|p1|Ho-Oh|
|poke|p1|Darmanitan-Galar, M|
|poke|p1|Xerneas-*|
|poke|p2|Necrozma-Dusk-Mane|
|poke|p2|Yveltal|
|poke|p2|Kyurem-White|
|poke|p2|Ho-Oh|
|poke|p2|Xerneas-*|
|poke|p2|Zygarde|
|teampreview
|inactive|Battle timer is ON: inactive players will automatically lose when time's up. (requested by TestingTeams02604)
|
|t:|1657591467
|start
|switch|p1a: Darmanitan|Darmanitan-Galar, M|100/100
|switch|p2a: Necrozma|Necrozma-Dusk-Mane|100/100
|turn|1
|
|t:|1657591478
|move|p1a: Darmanitan|Icicle Crash|p2a: Necrozma
|-resisted|p2a: Necrozma
|-damage|p2a: Necrozma|66/100
|move|p2a: Necrozma|Trick Room|p2a: Necrozma
|-fieldstart|move: Trick Room|[of] p2a: Necrozma
|
|upkeep
|turn|2
|
|t:|1657591486
|switch|p1a: Ho-Oh|Ho-Oh|100/100
|move|p2a: Necrozma|Sunsteel Strike|p1a: Ho-Oh
|-resisted|p1a: Ho-Oh
|-damage|p1a: Ho-Oh|84/100
|
|upkeep
|turn|3
|inactive|TestingTeams02604 has 120 seconds left.
|
|t:|1657591516
|switch|p2a: Zygarde|Zygarde|100/100
|-ability|p2a: Zygarde|Aura Break
|switch|p1a: Necrozma|Necrozma-Dusk-Mane|100/100
|
|upkeep
|turn|4
|
|t:|1657591532
|switch|p1a: Ho-Oh|Ho-Oh|100/100
|move|p2a: Zygarde|Coil|p2a: Zygarde
|-boost|p2a: Zygarde|atk|1
|-boost|p2a: Zygarde|def|1
|-boost|p2a: Zygarde|accuracy|1
|
|upkeep
|turn|5
|inactive|TestingTeams02604 has 120 seconds left.
|
|t:|1657591548
|move|p2a: Zygarde|Glare|p1a: Ho-Oh
|-status|p1a: Ho-Oh|par
|move|p1a: Ho-Oh|Whirlwind|p2a: Zygarde
|drag|p2a: Necrozma|Necrozma-Dusk-Mane|66/100
|
|-fieldend|move: Trick Room
|upkeep
|turn|6
|inactive|TestingTeams02604 has 120 seconds left.
|
|t:|1657591561
|switch|p2a: Zygarde|Zygarde|100/100
|-ability|p2a: Zygarde|Aura Break
|move|p1a: Ho-Oh|Sacred Fire|p2a: Zygarde
|-resisted|p2a: Zygarde
|-damage|p2a: Zygarde|84/100
|
|upkeep
|turn|7
|
|t:|1657591567
|move|p2a: Zygarde|Substitute|p2a: Zygarde
|-start|p2a: Zygarde|Substitute
|-damage|p2a: Zygarde|59/100
|move|p1a: Ho-Oh|Whirlwind|p2a: Zygarde
|drag|p2a: Ho-Oh|Ho-Oh|100/100
|
|upkeep
|turn|8
|
|t:|1657591578
|move|p2a: Ho-Oh|Sacred Fire|p1a: Ho-Oh
|-resisted|p1a: Ho-Oh
|-damage|p1a: Ho-Oh|85/100 par
|move|p1a: Ho-Oh|Thunder Wave|p2a: Ho-Oh
|-status|p2a: Ho-Oh|par
|
|upkeep
|turn|9
|
|t:|1657591585
|switch|p2a: Zygarde|Zygarde|59/100
|-ability|p2a: Zygarde|Aura Break
|cant|p1a: Ho-Oh|par
|
|upkeep
|turn|10
|
|t:|1657591591
|move|p2a: Zygarde|Thousand Arrows|p1a: Ho-Oh
|-damage|p1a: Ho-Oh|55/100 par
|-start|p1a: Ho-Oh|Smack Down
|move|p1a: Ho-Oh|Whirlwind|p2a: Zygarde
|drag|p2a: Necrozma|Necrozma-Dusk-Mane|66/100
|
|upkeep
|turn|11
|
|t:|1657591603
|switch|p1a: Necrozma|Necrozma-Dusk-Mane|100/100
|move|p2a: Necrozma|Trick Room|p2a: Necrozma
|-fieldstart|move: Trick Room|[of] p2a: Necrozma
|
|upkeep
|turn|12
|
|t:|1657591609
|move|p2a: Necrozma|Heat Wave|p1a: Necrozma
|-supereffective|p1a: Necrozma
|-damage|p1a: Necrozma|68/100
|move|p1a: Necrozma|Moonlight|p1a: Necrozma
|-heal|p1a: Necrozma|100/100
|
|upkeep
|turn|13
|
|t:|1657591614
|switch|p1a: Ho-Oh|Ho-Oh|88/100 par
|move|p2a: Necrozma|Heat Wave|p1a: Ho-Oh
|-resisted|p1a: Ho-Oh
|-damage|p1a: Ho-Oh|80/100 par
|
|upkeep
|turn|14
|
|t:|1657591621
|switch|p1a: Necrozma|Necrozma-Dusk-Mane|100/100
|switch|p2a: Zygarde|Zygarde|59/100
|-ability|p2a: Zygarde|Aura Break
|
|upkeep
|turn|15
|
|t:|1657591637
|switch|p1a: Ho-Oh|Ho-Oh|100/100 par
|move|p2a: Zygarde|Coil|p2a: Zygarde
|-boost|p2a: Zygarde|atk|1
|-boost|p2a: Zygarde|def|1
|-boost|p2a: Zygarde|accuracy|1
|
|-fieldend|move: Trick Room
|upkeep
|turn|16
|
|t:|1657591643
|move|p2a: Zygarde|Thousand Arrows|p1a: Ho-Oh
|-damage|p1a: Ho-Oh|56/100 par
|-start|p1a: Ho-Oh|Smack Down
|cant|p1a: Ho-Oh|par
|
|upkeep
|turn|17
|
|t:|1657591660
|switch|p1a: Yveltal|Yveltal|100/100
|-ability|p1a: Yveltal|Dark Aura
|move|p2a: Zygarde|Thousand Arrows|p1a: Yveltal
|-damage|p1a: Yveltal|43/100
|-start|p1a: Yveltal|Smack Down
|
|upkeep
|turn|18
|
|t:|1657591669
|move|p1a: Yveltal|Foul Play|p2a: Zygarde
|-damage|p2a: Zygarde|36/100
|move|p2a: Zygarde|Thousand Arrows|p1a: Yveltal
|-damage|p1a: Yveltal|0 fnt
|faint|p1a: Yveltal
|
|upkeep
|
|t:|1657591674
|switch|p1a: Darmanitan|Darmanitan-Galar, M|100/100
|turn|19
|
|t:|1657591687
|switch|p2a: Necrozma|Necrozma-Dusk-Mane|66/100
|move|p1a: Darmanitan|Icicle Crash|p2a: Necrozma
|-resisted|p2a: Necrozma
|-damage|p2a: Necrozma|28/100
|
|upkeep
|turn|20
|
|t:|1657591693
|move|p1a: Darmanitan|Icicle Crash|p2a: Necrozma|[miss]
|-miss|p1a: Darmanitan|p2a: Necrozma
|move|p2a: Necrozma|Trick Room|p2a: Necrozma
|-fieldstart|move: Trick Room|[of] p2a: Necrozma
|
|upkeep
|turn|21
|
|t:|1657591698
|switch|p1a: Ho-Oh|Ho-Oh|90/100 par
|move|p2a: Necrozma|Sunsteel Strike|p1a: Ho-Oh
|-resisted|p1a: Ho-Oh
|-damage|p1a: Ho-Oh|72/100 par
|
|upkeep
|turn|22
|
|t:|1657591704
|move|p2a: Necrozma|Psyshock|p1a: Ho-Oh
|-damage|p1a: Ho-Oh|46/100 par
|move|p1a: Ho-Oh|Whirlwind|p2a: Necrozma
|drag|p2a: Zygarde|Zygarde|36/100
|-ability|p2a: Zygarde|Aura Break
|
|upkeep
|turn|23
|
|t:|1657591710
|move|p2a: Zygarde|Thousand Arrows|p1a: Ho-Oh
|-damage|p1a: Ho-Oh|16/100 par
|-start|p1a: Ho-Oh|Smack Down
|cant|p1a: Ho-Oh|par
|
|upkeep
|turn|24
|
|t:|1657591722
|switch|p1a: Necrozma|Necrozma-Dusk-Mane|100/100
|move|p2a: Zygarde|Substitute|p2a: Zygarde
|-start|p2a: Zygarde|Substitute
|-damage|p2a: Zygarde|11/100
|-enditem|p2a: Zygarde|Figy Berry|[eat]
|-heal|p2a: Zygarde|44/100|[from] item: Figy Berry
|
|-fieldend|move: Trick Room
|upkeep
|turn|25
|
|t:|1657591735
|switch|p1a: Ho-Oh|Ho-Oh|49/100 par
|move|p2a: Zygarde|Glare|p1a: Ho-Oh
|-fail|p1a: Ho-Oh|par
|
|upkeep
|turn|26
|
|t:|1657591742
|move|p2a: Zygarde|Thousand Arrows|p1a: Ho-Oh
|-crit|p1a: Ho-Oh
|-damage|p1a: Ho-Oh|7/100 par
|-start|p1a: Ho-Oh|Smack Down
|move|p1a: Ho-Oh|Whirlwind|p2a: Zygarde
|drag|p2a: Ho-Oh|Ho-Oh|100/100 par
|
|upkeep
|turn|27
|
|t:|1657591752
|switch|p1a: Eternatus|Eternatus|100/100
|-ability|p1a: Eternatus|Pressure
|move|p2a: Ho-Oh|Sacred Fire|p1a: Eternatus
|-resisted|p1a: Eternatus
|-damage|p1a: Eternatus|85/100
|-status|p1a: Eternatus|brn
|
|-damage|p1a: Eternatus|79/100 brn|[from] brn
|upkeep
|turn|28
|
|t:|1657591762
|switch|p1a: Ho-Oh|Ho-Oh|41/100 par
|switch|p2a: Necrozma|Necrozma-Dusk-Mane|28/100
|
|upkeep
|turn|29
|
|t:|1657591768
|move|p2a: Necrozma|Psyshock|p1a: Ho-Oh
|-damage|p1a: Ho-Oh|12/100 par
|move|p1a: Ho-Oh|Sacred Fire|p2a: Necrozma
|-supereffective|p2a: Necrozma
|-damage|p2a: Necrozma|0 fnt
|faint|p2a: Necrozma
|
|upkeep
|
|t:|1657591787
|switch|p2a: Zygarde|Zygarde|44/100
|-ability|p2a: Zygarde|Aura Break
|turn|30
|
|t:|1657591791
|switch|p1a: Darmanitan|Darmanitan-Galar, M|100/100
|move|p2a: Zygarde|Substitute|p2a: Zygarde
|-start|p2a: Zygarde|Substitute
|-damage|p2a: Zygarde|19/100
|
|upkeep
|turn|31
|
|t:|1657591796
|move|p1a: Darmanitan|U-turn|p2a: Zygarde
|-end|p2a: Zygarde|Substitute
|
|t:|1657591802
|switch|p1a: Ho-Oh|Ho-Oh|45/100 par|[from]move: U-turn
|move|p2a: Zygarde|Glare|p1a: Ho-Oh
|-fail|p1a: Ho-Oh|par
|
|upkeep
|turn|32
|
|t:|1657591811
|switch|p1a: Darmanitan|Darmanitan-Galar, M|100/100
|move|p2a: Zygarde|Thousand Arrows|p1a: Darmanitan
|-damage|p1a: Darmanitan|37/100
|
|upkeep
|turn|33
|
|t:|1657591820
|switch|p2a: Xerneas|Xerneas|100/100
|-ability|p2a: Xerneas|Fairy Aura
|move|p1a: Darmanitan|Icicle Crash|p2a: Xerneas
|-crit|p2a: Xerneas
|-damage|p2a: Xerneas|9/100
|
|upkeep
|turn|34
|
|t:|1657591832
|switch|p1a: Necrozma|Necrozma-Dusk-Mane|100/100
|move|p2a: Xerneas|Moonblast|p1a: Necrozma
|-resisted|p1a: Necrozma
|-damage|p1a: Necrozma|83/100
|-unboost|p1a: Necrozma|spa|1
|
|-heal|p1a: Necrozma|89/100|[from] item: Leftovers
|upkeep
|turn|35
|
|t:|1657591838
|move|p2a: Xerneas|Rest|p2a: Xerneas
|-status|p2a: Xerneas|slp|[from] move: Rest
|-enditem|p2a: Xerneas|Lum Berry|[eat]
|-curestatus|p2a: Xerneas|slp|[msg]
|-heal|p2a: Xerneas|100/100|[silent]
|move|p1a: Necrozma|Iron Head|p2a: Xerneas
|-supereffective|p2a: Xerneas
|-damage|p2a: Xerneas|56/100
|
|-heal|p1a: Necrozma|95/100|[from] item: Leftovers
|upkeep
|turn|36
|
|t:|1657591849
|switch|p2a: Yveltal|Yveltal|100/100
|-ability|p2a: Yveltal|Dark Aura
|move|p1a: Necrozma|Iron Head|p2a: Yveltal
|-damage|p2a: Yveltal|77/100
|
|-heal|p1a: Necrozma|100/100|[from] item: Leftovers
|upkeep
|turn|37
|
|t:|1657591867
|switch|p1a: Ho-Oh|Ho-Oh|78/100 par
|move|p2a: Yveltal|Dark Pulse|p1a: Ho-Oh
|-damage|p1a: Ho-Oh|55/100 par
|
|upkeep
|turn|38
|
|t:|1657591875
|switch|p1a: Eternatus|Eternatus|79/100 brn
|-ability|p1a: Eternatus|Pressure
|move|p2a: Yveltal|Dark Pulse|p1a: Eternatus
|-damage|p1a: Eternatus|52/100 brn
|
|-damage|p1a: Eternatus|46/100 brn|[from] brn
|upkeep
|turn|39
|
|t:|1657591882
|switch|p2a: Kyurem|Kyurem-White|100/100
|-ability|p2a: Kyurem|Turboblaze
|move|p1a: Eternatus|Recover|p1a: Eternatus
|-heal|p1a: Eternatus|96/100 brn
|
|-damage|p1a: Eternatus|89/100 brn|[from] brn
|upkeep
|turn|40
|
|t:|1657591888
|switch|p1a: Necrozma|Necrozma-Dusk-Mane|100/100
|move|p2a: Kyurem|Draco Meteor|p1a: Necrozma
|-resisted|p1a: Necrozma
|-damage|p1a: Necrozma|71/100
|-unboost|p2a: Kyurem|spa|2
|
|-heal|p1a: Necrozma|77/100|[from] item: Leftovers
|upkeep
|turn|41
|
|t:|1657591897
|switch|p2a: Zygarde|Zygarde|19/100
|-ability|p2a: Zygarde|Aura Break
|move|p1a: Necrozma|Stealth Rock|p2a: Zygarde
|-sidestart|p2: TestingTeams02604|move: Stealth Rock
|
|-heal|p1a: Necrozma|83/100|[from] item: Leftovers
|upkeep
|turn|42
|
|t:|1657591910
|switch|p1a: Ho-Oh|Ho-Oh|88/100 par
|move|p2a: Zygarde|Thousand Arrows|p1a: Ho-Oh
|-damage|p1a: Ho-Oh|58/100 par
|-start|p1a: Ho-Oh|Smack Down
|
|upkeep
|turn|43
|
|t:|1657591922
|move|p2a: Zygarde|Thousand Arrows|p1a: Ho-Oh
|-supereffective|p1a: Ho-Oh
|-damage|p1a: Ho-Oh|1/100 par
|move|p1a: Ho-Oh|Sacred Fire|p2a: Zygarde
|-resisted|p2a: Zygarde
|-damage|p2a: Zygarde|5/100
|
|upkeep
|turn|44
|
|t:|1657591932
|switch|p1a: Eternatus|Eternatus|89/100 brn
|-ability|p1a: Eternatus|Pressure
|move|p2a: Zygarde|Thousand Arrows|p1a: Eternatus
|-supereffective|p1a: Eternatus
|-damage|p1a: Eternatus|21/100 brn
|
|-damage|p1a: Eternatus|15/100 brn|[from] brn
|upkeep
|turn|45
|
|t:|1657591941
|move|p1a: Eternatus|Dynamax Cannon|p2a: Zygarde
|-supereffective|p2a: Zygarde
|-damage|p2a: Zygarde|0 fnt
|faint|p2a: Zygarde
|
|-damage|p1a: Eternatus|9/100 brn|[from] brn
|upkeep
|
|t:|1657591952
|switch|p2a: Kyurem|Kyurem-White|100/100
|-ability|p2a: Kyurem|Turboblaze
|turn|46
|
|t:|1657591958
|move|p1a: Eternatus|Dynamax Cannon|p2a: Kyurem
|-supereffective|p2a: Kyurem
|-damage|p2a: Kyurem|36/100
|move|p2a: Kyurem|Freeze-Dry|p1a: Eternatus
|-supereffective|p1a: Eternatus
|-damage|p1a: Eternatus|0 fnt
|faint|p1a: Eternatus
|
|upkeep
|
|t:|1657591968
|switch|p1a: Ho-Oh|Ho-Oh|34/100 par
|turn|47
|
|t:|1657591972
|switch|p1a: Necrozma|Necrozma-Dusk-Mane|83/100
|move|p2a: Kyurem|Roost|p2a: Kyurem
|-heal|p2a: Kyurem|86/100
|-singleturn|p2a: Kyurem|move: Roost
|
|-heal|p1a: Necrozma|89/100|[from] item: Leftovers
|upkeep
|turn|48
|
|t:|1657591979
|switch|p2a: Ho-Oh|Ho-Oh|100/100 par
|move|p1a: Necrozma|Thunder Wave|p2a: Ho-Oh
|-fail|p2a: Ho-Oh|par
|
|-heal|p1a: Necrozma|95/100|[from] item: Leftovers
|upkeep
|turn|49
|
|t:|1657591984
|switch|p1a: Ho-Oh|Ho-Oh|67/100 par
|move|p2a: Ho-Oh|Defog|p1a: Ho-Oh
|-unboost|p1a: Ho-Oh|evasion|1
|-sideend|p2: TestingTeams02604|Stealth Rock|[from] move: Defog|[of] p2a: Ho-Oh
|
|upkeep
|turn|50
|inactive|TestingTeams02604 has 120 seconds left.
|
|t:|1657592016
|switch|p2a: Kyurem|Kyurem-White|86/100
|-ability|p2a: Kyurem|Turboblaze
|move|p1a: Ho-Oh|Thunder Wave|p2a: Kyurem
|-status|p2a: Kyurem|par
|
|upkeep
|turn|51
|
|t:|1657592023
|switch|p1a: Necrozma|Necrozma-Dusk-Mane|95/100
|move|p2a: Kyurem|Freeze-Dry|p1a: Necrozma
|-resisted|p1a: Necrozma
|-damage|p1a: Necrozma|79/100
|
|-heal|p1a: Necrozma|85/100|[from] item: Leftovers
|upkeep
|turn|52
|
|t:|1657592033
|switch|p2a: Ho-Oh|Ho-Oh|100/100 par
|move|p1a: Necrozma|Stealth Rock|p2a: Ho-Oh
|-sidestart|p2: TestingTeams02604|move: Stealth Rock
|
|-heal|p1a: Necrozma|91/100|[from] item: Leftovers
|upkeep
|turn|53
|
|t:|1657592039
|switch|p1a: Ho-Oh|Ho-Oh|100/100 par
|move|p2a: Ho-Oh|Defog|p1a: Ho-Oh
|-unboost|p1a: Ho-Oh|evasion|1
|-sideend|p2: TestingTeams02604|Stealth Rock|[from] move: Defog|[of] p2a: Ho-Oh
|
|upkeep
|turn|54
|
|t:|1657592052
|move|p2a: Ho-Oh|Brave Bird|p1a: Ho-Oh
|-damage|p1a: Ho-Oh|64/100 par
|-damage|p2a: Ho-Oh|88/100 par|[from] Recoil
|cant|p1a: Ho-Oh|par
|
|upkeep
|turn|55
|
|t:|1657592058
|switch|p1a: Necrozma|Necrozma-Dusk-Mane|91/100
|move|p2a: Ho-Oh|Brave Bird|p1a: Necrozma
|-resisted|p1a: Necrozma
|-crit|p1a: Necrozma
|-damage|p1a: Necrozma|65/100
|-damage|p2a: Ho-Oh|80/100 par|[from] Recoil
|
|-heal|p1a: Necrozma|71/100|[from] item: Leftovers
|upkeep
|turn|56
|
|t:|1657592065
|switch|p1a: Ho-Oh|Ho-Oh|98/100 par
|move|p2a: Ho-Oh|Sacred Fire|p1a: Ho-Oh
|-resisted|p1a: Ho-Oh
|-damage|p1a: Ho-Oh|83/100 par
|
|upkeep
|turn|57
|
|t:|1657592089
|switch|p2a: Yveltal|Yveltal|77/100
|-ability|p2a: Yveltal|Dark Aura
|move|p1a: Ho-Oh|Whirlwind|p2a: Yveltal
|drag|p2a: Kyurem|Kyurem-White|86/100 par
|-ability|p2a: Kyurem|Turboblaze
|
|upkeep
|turn|58
|
|t:|1657592098
|switch|p1a: Necrozma|Necrozma-Dusk-Mane|71/100
|cant|p2a: Kyurem|par
|
|-heal|p1a: Necrozma|77/100|[from] item: Leftovers
|upkeep
|turn|59
|
|t:|1657592107
|switch|p1a: Darmanitan|Darmanitan-Galar, M|37/100
|switch|p2a: Ho-Oh|Ho-Oh|100/100 par
|
|upkeep
|turn|60
|
|t:|1657592114
|move|p1a: Darmanitan|Icicle Crash|p2a: Ho-Oh
|-damage|p2a: Ho-Oh|13/100 par
|move|p2a: Ho-Oh|Brave Bird|p1a: Darmanitan
|-damage|p1a: Darmanitan|0 fnt
|faint|p1a: Darmanitan
|-damage|p2a: Ho-Oh|3/100 par|[from] Recoil
|
|upkeep
|
|t:|1657592125
|switch|p1a: Necrozma|Necrozma-Dusk-Mane|77/100
|turn|61
|
|t:|1657592134
|switch|p2a: Yveltal|Yveltal|77/100
|-ability|p2a: Yveltal|Dark Aura
|move|p1a: Necrozma|Iron Head|p2a: Yveltal
|-damage|p2a: Yveltal|51/100
|
|-heal|p1a: Necrozma|83/100|[from] item: Leftovers
|upkeep
|turn|62
|
|t:|1657592138
|switch|p1a: Xerneas|Xerneas|100/100
|-ability|p1a: Xerneas|Fairy Aura
|move|p2a: Yveltal|Roost|p2a: Yveltal
|-heal|p2a: Yveltal|100/100
|-singleturn|p2a: Yveltal|move: Roost
|
|upkeep
|turn|63
|
|t:|1657592145
|switch|p2a: Ho-Oh|Ho-Oh|36/100 par
|move|p1a: Xerneas|Geomancy||[still]
|-prepare|p1a: Xerneas|Geomancy
|-enditem|p1a: Xerneas|Power Herb
|-anim|p1a: Xerneas|Geomancy|p1a: Xerneas
|-boost|p1a: Xerneas|spa|2
|-boost|p1a: Xerneas|spd|2
|-boost|p1a: Xerneas|spe|2
|
|upkeep
|turn|64
|inactive|TestingTeams02604 has 120 seconds left.
|
|t:|1657592175
|switch|p2a: Xerneas|Xerneas|56/100
|-ability|p2a: Xerneas|Fairy Aura
|move|p1a: Xerneas|Moonblast|p2a: Xerneas
|-damage|p2a: Xerneas|0 fnt
|faint|p2a: Xerneas
|
|upkeep
|
|t:|1657592178
|switch|p2a: Ho-Oh|Ho-Oh|69/100 par
|turn|65
|
|t:|1657592190
|move|p1a: Xerneas|Thunder|p2a: Ho-Oh
|-supereffective|p2a: Ho-Oh
|-damage|p2a: Ho-Oh|0 fnt
|faint|p2a: Ho-Oh
|
|upkeep
|-message|TestingTeams02604 forfeited.
|
|win|TogeBirlHQ
|raw|TogeBirlHQ's rating: 1358 &rarr; <strong>1378</strong><br />(+20 for winning)
|raw|TestingTeams02604's rating: 1363 &rarr; <strong>1343</strong><br />(-20 for losing)
|l|☆TestingTeams02604
||Ladder isn't responding, score probably updated but might not have (Request timeout).
