|j|☆yoalper
|j|☆Pkmn3443
|t:|1634678162
|gametype|singles
|player|p1|yoalper|tate|1544
|player|p2|Pkmn3443|266|1629
|teamsize|p1|6
|teamsize|p2|6
|gen|8
|tier|[Gen 8] Ubers
|rated|
|rule|Sleep Clause Mod: Limit one foe put to sleep
|rule|Species Clause: Limit one of each Pokémon
|rule|OHKO Clause: OHKO moves are banned
|rule|Evasion Moves Clause: Evasion moves are banned
|rule|Endless Battle Clause: Forcing endless battles is banned
|rule|HP Percentage Mod: HP is shown in percentages
|rule|Dynamax Clause: You cannot dynamax
|clearpoke
|poke|p1|Slurpuff, L97, M|
|poke|p1|Cloyster, M|
|poke|p1|Yveltal|
|poke|p1|Necrozma-Dusk-Mane|
|poke|p1|Eternatus|
|poke|p1|Groudon|
|poke|p2|Blissey, F|
|poke|p2|Necrozma-Dusk-Mane|
|poke|p2|Ho-Oh|
|poke|p2|Eternatus|
|poke|p2|Ditto|
|poke|p2|Yveltal|
|teampreview
|
|t:|1634678176
|start
|switch|p1a: Slurpuff|Slurpuff, L97, M|100/100
|switch|p2a: Necrozma|Necrozma-Dusk-Mane|100/100
|turn|1
|
|t:|1634678181
|move|p1a: Slurpuff|Sticky Web|p2a: Necrozma
|-sidestart|p2: Pkmn3443|move: Sticky Web
|move|p2a: Necrozma|Knock Off|p1a: Slurpuff
|-resisted|p1a: Slurpuff
|-damage|p1a: Slurpuff|72/100
|-enditem|p1a: Slurpuff|Focus Sash|[from] move: Knock Off|[of] p2a: Necrozma
|
|upkeep
|turn|2
|
|t:|1634678188
|move|p1a: Slurpuff|Misty Explosion|p2a: Necrozma
|-resisted|p2a: Necrozma
|-damage|p2a: Necrozma|85/100
|faint|p1a: Slurpuff
|move|p2a: Necrozma|Sunsteel Strike|p1: Slurpuff|[notarget]
|-fail|p2a: Necrozma
|
|upkeep
|
|t:|1634678196
|switch|p1a: Yveltal|Yveltal|100/100
|-ability|p1a: Yveltal|Dark Aura
|turn|3
|
|t:|1634678206
|switch|p2a: Eternatus|Eternatus|100/100
|-activate|p2a: Eternatus|move: Sticky Web
|-unboost|p2a: Eternatus|spe|1
|-ability|p2a: Eternatus|Pressure
|move|p1a: Yveltal|Oblivion Wing|p2a: Eternatus
|-damage|p2a: Eternatus|70/100
|-damage|p1a: Yveltal|91/100|[from] item: Life Orb
|
|-heal|p2a: Eternatus|77/100|[from] item: Black Sludge
|upkeep
|turn|4
|
|t:|1634678214
|switch|p1a: Necrozma|Necrozma-Dusk-Mane|100/100
|move|p2a: Eternatus|Recover|p2a: Eternatus
|-heal|p2a: Eternatus|100/100
|
|upkeep
|turn|5
|
|t:|1634678220
|switch|p2a: Necrozma|Necrozma-Dusk-Mane|85/100
|-activate|p2a: Necrozma|move: Sticky Web
|-unboost|p2a: Necrozma|spe|1
|move|p1a: Necrozma|Earthquake|p2a: Necrozma
|-supereffective|p2a: Necrozma
|-damage|p2a: Necrozma|48/100
|
|upkeep
|turn|6
|
|t:|1634678228
|switch|p1a: Yveltal|Yveltal|91/100
|-ability|p1a: Yveltal|Dark Aura
|move|p2a: Necrozma|Morning Sun|p2a: Necrozma
|-heal|p2a: Necrozma|98/100
|
|upkeep
|turn|7
|
|t:|1634678231
|switch|p2a: Eternatus|Eternatus|100/100
|-activate|p2a: Eternatus|move: Sticky Web
|-unboost|p2a: Eternatus|spe|1
|-ability|p2a: Eternatus|Pressure
|move|p1a: Yveltal|Dark Pulse|p2a: Eternatus
|-damage|p2a: Eternatus|60/100
|-damage|p1a: Yveltal|81/100|[from] item: Life Orb
|
|-heal|p2a: Eternatus|66/100|[from] item: Black Sludge
|upkeep
|turn|8
|
|t:|1634678235
|move|p1a: Yveltal|Dark Pulse|p2a: Eternatus
|-crit|p2a: Eternatus
|-damage|p2a: Eternatus|3/100
|-damage|p1a: Yveltal|71/100|[from] item: Life Orb
|move|p2a: Eternatus|Recover|p2a: Eternatus
|-heal|p2a: Eternatus|53/100
|
|-heal|p2a: Eternatus|59/100|[from] item: Black Sludge
|upkeep
|turn|9
|
|t:|1634678238
|switch|p1a: Necrozma|Necrozma-Dusk-Mane|100/100
|move|p2a: Eternatus|Recover|p2a: Eternatus
|-heal|p2a: Eternatus|100/100
|
|upkeep
|turn|10
|
|t:|1634678247
|switch|p1a: Groudon|Groudon|100/100
|-weather|SunnyDay|[from] ability: Drought|[of] p1a: Groudon
|switch|p2a: Ho-Oh|Ho-Oh|100/100
|
|-weather|SunnyDay|[upkeep]
|upkeep
|turn|11
|
|t:|1634678252
|switch|p2a: Necrozma|Necrozma-Dusk-Mane|98/100
|-activate|p2a: Necrozma|move: Sticky Web
|-unboost|p2a: Necrozma|spe|1
|move|p1a: Groudon|Stone Edge|p2a: Necrozma
|-resisted|p2a: Necrozma
|-damage|p2a: Necrozma|86/100
|
|-weather|SunnyDay|[upkeep]
|upkeep
|turn|12
|
|t:|1634678258
|move|p1a: Groudon|Swords Dance|p1a: Groudon
|-boost|p1a: Groudon|atk|2
|move|p2a: Necrozma|Knock Off|p1a: Groudon
|-damage|p1a: Groudon|80/100
|-enditem|p1a: Groudon|Leftovers|[from] move: Knock Off|[of] p2a: Necrozma
|
|-weather|SunnyDay|[upkeep]
|upkeep
|turn|13
|
|t:|1634678264
|move|p1a: Groudon|Precipice Blades|p2a: Necrozma
|-supereffective|p2a: Necrozma
|-damage|p2a: Necrozma|0 fnt
|faint|p2a: Necrozma
|
|-weather|SunnyDay|[upkeep]
|upkeep
|
|t:|1634678266
|switch|p2a: Ditto|Ditto|100/100
|-activate|p2a: Ditto|move: Sticky Web
|-unboost|p2a: Ditto|spe|1
|-transform|p2a: Ditto|p1a: Groudon|[from] ability: Imposter
|turn|14
|
|t:|1634678274
|switch|p1a: Yveltal|Yveltal|71/100
|-ability|p1a: Yveltal|Dark Aura
|move|p2a: Ditto|Precipice Blades|p1a: Yveltal
|-immune|p1a: Yveltal
|
|-weather|none
|upkeep
|turn|15
|
|t:|1634678284
|switch|p2a: Eternatus|Eternatus|100/100
|-activate|p2a: Eternatus|move: Sticky Web
|-unboost|p2a: Eternatus|spe|1
|-ability|p2a: Eternatus|Pressure
|switch|p1a: Groudon|Groudon|80/100
|-weather|SunnyDay|[from] ability: Drought|[of] p1a: Groudon
|
|-weather|SunnyDay|[upkeep]
|upkeep
|turn|16
|
|t:|1634678291
|switch|p2a: Yveltal|Yveltal|100/100
|-ability|p2a: Yveltal|Dark Aura
|move|p1a: Groudon|Precipice Blades|p2a: Yveltal
|-immune|p2a: Yveltal
|
|-weather|SunnyDay|[upkeep]
|upkeep
|turn|17
|
|t:|1634678296
|switch|p1a: Yveltal|Yveltal|71/100
|-ability|p1a: Yveltal|Dark Aura
|move|p2a: Yveltal|Oblivion Wing|p1a: Yveltal
|-damage|p1a: Yveltal|33/100
|
|-weather|SunnyDay|[upkeep]
|upkeep
|turn|18
|
|t:|1634678299
|move|p1a: Yveltal|Oblivion Wing|p2a: Yveltal
|-damage|p2a: Yveltal|53/100
|-heal|p1a: Yveltal|69/100|[from] drain|[of] p2a: Yveltal
|-damage|p1a: Yveltal|59/100|[from] item: Life Orb
|move|p2a: Yveltal|Oblivion Wing|p1a: Yveltal
|-damage|p1a: Yveltal|21/100
|-heal|p2a: Yveltal|82/100|[from] drain|[of] p1a: Yveltal
|
|-weather|SunnyDay|[upkeep]
|upkeep
|turn|19
|
|t:|1634678303
|move|p2a: Yveltal|Oblivion Wing|p1a: Yveltal
|-damage|p1a: Yveltal|0 fnt
|-heal|p2a: Yveltal|97/100|[from] drain|[of] p1a: Yveltal
|faint|p1a: Yveltal
|
|-weather|none
|upkeep
|
|t:|1634678310
|switch|p1a: Eternatus|Eternatus|100/100
|-ability|p1a: Eternatus|Pressure
|turn|20
|
|t:|1634678314
|switch|p2a: Blissey|Blissey, F|100/100
|-activate|p2a: Blissey|move: Sticky Web
|-unboost|p2a: Blissey|spe|1
|move|p1a: Eternatus|Meteor Beam||[still]
|-prepare|p1a: Eternatus|Meteor Beam
|-boost|p1a: Eternatus|spa|1
|-enditem|p1a: Eternatus|Power Herb
|-anim|p1a: Eternatus|Meteor Beam|p2a: Blissey
|-damage|p2a: Blissey|81/100
|
|upkeep
|turn|21
|
|t:|1634678324
|move|p1a: Eternatus|Sludge Bomb|p2a: Blissey
|-damage|p2a: Blissey|61/100
|move|p2a: Blissey|Seismic Toss|p1a: Eternatus
|-damage|p1a: Eternatus|77/100
|
|upkeep
|turn|22
|
|t:|1634678327
|switch|p1a: Cloyster|Cloyster, M|100/100
|move|p2a: Blissey|Soft-Boiled|p2a: Blissey
|-heal|p2a: Blissey|100/100
|
|upkeep
|turn|23
|
|t:|1634678336
|move|p1a: Cloyster|Rock Blast|p2a: Blissey
|-damage|p2a: Blissey|85/100
|-damage|p2a: Blissey|69/100
|-damage|p2a: Blissey|55/100
|-damage|p2a: Blissey|39/100
|-damage|p2a: Blissey|23/100
|-hitcount|p2a: Blissey|5
|move|p2a: Blissey|Seismic Toss|p1a: Cloyster
|-damage|p1a: Cloyster|59/100
|
|upkeep
|turn|24
|
|t:|1634678344
|move|p1a: Cloyster|Icicle Spear|p2a: Blissey
|-damage|p2a: Blissey|1/100
|-damage|p2a: Blissey|0 fnt
|faint|p2a: Blissey
|-hitcount|p2: Blissey|2
|
|upkeep
|
|t:|1634678349
|switch|p2a: Yveltal|Yveltal|97/100
|-ability|p2a: Yveltal|Dark Aura
|turn|25
|
|t:|1634678356
|move|p2a: Yveltal|Knock Off|p1a: Cloyster
|-damage|p1a: Cloyster|14/100
|-enditem|p1a: Cloyster|King's Rock|[from] move: Knock Off|[of] p2a: Yveltal
|move|p1a: Cloyster|Icicle Spear|p2a: Yveltal
|-supereffective|p2a: Yveltal
|-crit|p2a: Yveltal
|-damage|p2a: Yveltal|60/100
|-supereffective|p2a: Yveltal
|-damage|p2a: Yveltal|38/100
|-supereffective|p2a: Yveltal
|-damage|p2a: Yveltal|13/100
|-supereffective|p2a: Yveltal
|-damage|p2a: Yveltal|0 fnt
|faint|p2a: Yveltal
|-hitcount|p2: Yveltal|4
|
|upkeep
|
|t:|1634678359
|switch|p2a: Ditto|Ditto|100/100
|-activate|p2a: Ditto|move: Sticky Web
|-unboost|p2a: Ditto|spe|1
|-transform|p2a: Ditto|p1a: Cloyster|[from] ability: Imposter
|turn|26
|
|t:|1634678365
|move|p2a: Ditto|Icicle Spear|p1a: Cloyster
|-resisted|p1a: Cloyster
|-damage|p1a: Cloyster|12/100
|-resisted|p1a: Cloyster
|-damage|p1a: Cloyster|9/100
|-resisted|p1a: Cloyster
|-damage|p1a: Cloyster|7/100
|-resisted|p1a: Cloyster
|-damage|p1a: Cloyster|5/100
|-resisted|p1a: Cloyster
|-damage|p1a: Cloyster|3/100
|-hitcount|p1a: Cloyster|5
|move|p1a: Cloyster|Rock Blast|p2a: Ditto
|-supereffective|p2a: Ditto
|-damage|p2a: Ditto|90/100
|-supereffective|p2a: Ditto
|-damage|p2a: Ditto|79/100
|-supereffective|p2a: Ditto
|-damage|p2a: Ditto|68/100
|-supereffective|p2a: Ditto
|-damage|p2a: Ditto|56/100
|-supereffective|p2a: Ditto
|-damage|p2a: Ditto|46/100
|-hitcount|p2a: Ditto|5
|
|upkeep
|turn|27
|
|t:|1634678373
|move|p1a: Cloyster|Ice Shard|p2a: Ditto
|-resisted|p2a: Ditto
|-damage|p2a: Ditto|42/100
|move|p2a: Ditto|Icicle Spear|p1a: Cloyster
|-resisted|p1a: Cloyster
|-damage|p1a: Cloyster|0 fnt
|faint|p1a: Cloyster
|-hitcount|p1: Cloyster|1
|
|upkeep
|
|t:|1634678377
|switch|p1a: Necrozma|Necrozma-Dusk-Mane|100/100
|turn|28
|
|t:|1634678383
|switch|p2a: Ho-Oh|Ho-Oh|100/100
|move|p1a: Necrozma|Photon Geyser|p2a: Ho-Oh
|-damage|p2a: Ho-Oh|57/100
|
|upkeep
|turn|29
|
|t:|1634678391
|switch|p1a: Eternatus|Eternatus|77/100
|-ability|p1a: Eternatus|Pressure
|move|p2a: Ho-Oh|Defog|p1a: Eternatus
|-unboost|p1a: Eternatus|evasion|1
|-sideend|p2: Pkmn3443|Sticky Web|[from] move: Defog|[of] p2a: Ho-Oh
|
|upkeep
|turn|30
|
|t:|1634678400
|move|p1a: Eternatus|Dynamax Cannon|p2a: Ho-Oh
|-damage|p2a: Ho-Oh|28/100
|move|p2a: Ho-Oh|Sacred Fire|p1a: Eternatus
|-resisted|p1a: Eternatus
|-damage|p1a: Eternatus|58/100
|-status|p1a: Eternatus|brn
|
|-damage|p1a: Eternatus|52/100 brn|[from] brn
|upkeep
|turn|31
|
|t:|1634678405
|move|p1a: Eternatus|Dynamax Cannon|p2a: Ho-Oh
|-damage|p2a: Ho-Oh|0 fnt
|faint|p2a: Ho-Oh
|
|-damage|p1a: Eternatus|46/100 brn|[from] brn
|upkeep
|j| Phlippp
|
|t:|1634678409
|switch|p2a: Eternatus|Eternatus|100/100
|-ability|p2a: Eternatus|Pressure
|turn|32
|
|t:|1634678413
|move|p1a: Eternatus|Dynamax Cannon|p2a: Eternatus
|-supereffective|p2a: Eternatus
|-damage|p2a: Eternatus|41/100
|move|p2a: Eternatus|Draco Meteor|p1a: Eternatus
|-supereffective|p1a: Eternatus
|-damage|p1a: Eternatus|0 fnt
|-unboost|p2a: Eternatus|spa|2
|faint|p1a: Eternatus
|
|-heal|p2a: Eternatus|47/100|[from] item: Black Sludge
|upkeep
|
|t:|1634678415
|switch|p1a: Necrozma|Necrozma-Dusk-Mane|100/100
|turn|33
|
|t:|1634678422
|move|p2a: Eternatus|Flamethrower|p1a: Necrozma
|-supereffective|p1a: Necrozma
|-damage|p1a: Necrozma|81/100
|-enditem|p1a: Necrozma|Weakness Policy
|-boost|p1a: Necrozma|atk|2|[from] item: Weakness Policy
|-boost|p1a: Necrozma|spa|2|[from] item: Weakness Policy
|move|p1a: Necrozma|Earthquake|p2a: Eternatus
|-supereffective|p2a: Eternatus
|-damage|p2a: Eternatus|0 fnt
|faint|p2a: Eternatus
|
|upkeep
|
|t:|1634678424
|switch|p2a: Ditto|Ditto|42/100
|-transform|p2a: Ditto|p1a: Necrozma|[from] ability: Imposter
|turn|34
|
|t:|1634678427
|move|p2a: Ditto|Earthquake|p1a: Necrozma
|-supereffective|p1a: Necrozma
|-damage|p1a: Necrozma|0 fnt
|faint|p1a: Necrozma
|
|upkeep
|
|t:|1634678429
|switch|p1a: Groudon|Groudon|80/100
|-weather|SunnyDay|[from] ability: Drought|[of] p1a: Groudon
|turn|35
|
|t:|1634678431
|move|p2a: Ditto|Earthquake|p1a: Groudon
|-damage|p1a: Groudon|26/100
|move|p1a: Groudon|Precipice Blades|p2a: Ditto
|-supereffective|p2a: Ditto
|-damage|p2a: Ditto|0 fnt
|faint|p2a: Ditto
|
|win|yoalper
|raw|yoalper's rating: 1544 &rarr; <strong>1569</strong><br />(+25 for winning)
|raw|Pkmn3443's rating: 1629 &rarr; <strong>1604</strong><br />(-25 for losing)
