|j|☆cxcould
|j|☆85792195wwww
|t:|1629442446
|gametype|singles
|player|p1|cxcould|dawn|1565
|player|p2|85792195wwww|lady-gen4|1508
|teamsize|p1|6
|teamsize|p2|6
|gen|8
|tier|[Gen 8] Ubers
|rated|
|rule|Sleep Clause Mod: Limit one foe put to sleep
|rule|Species Clause: Limit one of each Pokémon
|rule|OHKO Clause: OHKO moves are banned
|rule|Evasion Moves Clause: Evasion moves are banned
|rule|Endless Battle Clause: Forcing endless battles is banned
|rule|HP Percentage Mod: HP is shown in percentages
|rule|Dynamax Clause: You cannot dynamax
|clearpoke
|poke|p1|Necrozma-Dusk-Mane|
|poke|p1|Yveltal|
|poke|p1|Gastrodon, M|
|poke|p1|Calyrex-Shadow|
|poke|p1|Zygarde|
|poke|p1|Eternatus|
|poke|p2|Rayquaza|
|poke|p2|Cinderace, F|
|poke|p2|Excadrill, M|
|poke|p2|Kyogre|
|poke|p2|Landorus-Therian, M|
|poke|p2|Tyranitar, M|
|teampreview
|inactive|Battle timer is ON: inactive players will automatically lose when time's up. (requested by cxcould)
|inactive|cxcould has 120 seconds left.
|
|t:|1629442495
|start
|switch|p1a: Zygarde|Zygarde|100/100
|switch|p2a: Excadrill|Excadrill, M|100/100
|-ability|p2a: Excadrill|Mold Breaker
|turn|1
|
|t:|1629442502
|move|p2a: Excadrill|Stealth Rock|p1a: Zygarde
|-sidestart|p1: cxcould|move: Stealth Rock
|move|p1a: Zygarde|Thousand Arrows|p2a: Excadrill
|-supereffective|p2a: Excadrill
|-damage|p2a: Excadrill|10/100
|
|upkeep
|turn|2
|
|t:|1629442510
|move|p2a: Excadrill|Bulldoze|p1a: Zygarde
|-damage|p1a: Zygarde|84/100
|-unboost|p1a: Zygarde|spe|1
|move|p1a: Zygarde|Thousand Arrows|p2a: Excadrill
|-supereffective|p2a: Excadrill
|-damage|p2a: Excadrill|0 fnt
|faint|p2a: Excadrill
|
|-heal|p1a: Zygarde|90/100|[from] item: Leftovers
|upkeep
|
|t:|1629442521
|switch|p2a: Kyogre|Kyogre|100/100
|-weather|RainDance|[from] ability: Drizzle|[of] p2a: Kyogre
|turn|3
|
|t:|1629442528
|switch|p2a: Rayquaza|Rayquaza|100/100
|-ability|p2a: Rayquaza|Air Lock
|switch|p1a: Gastrodon|Gastrodon, M|100/100
|-damage|p1a: Gastrodon|94/100|[from] Stealth Rock
|
|-weather|RainDance|[upkeep]
|-heal|p1a: Gastrodon|100/100|[from] item: Leftovers
|upkeep
|turn|4
|
|t:|1629442540
|move|p2a: Rayquaza|Dragon Dance|p2a: Rayquaza
|-boost|p2a: Rayquaza|atk|1
|-boost|p2a: Rayquaza|spe|1
|move|p1a: Gastrodon|Ice Beam|p2a: Rayquaza
|-supereffective|p2a: Rayquaza
|-damage|p2a: Rayquaza|1/100
|-status|p2a: Rayquaza|frz
|
|-weather|RainDance|[upkeep]
|upkeep
|turn|5
|
|t:|1629442550
|cant|p2a: Rayquaza|frz
|move|p1a: Gastrodon|Ice Beam|p2a: Rayquaza
|-supereffective|p2a: Rayquaza
|-damage|p2a: Rayquaza|0 fnt
|faint|p2a: Rayquaza
|
|-weather|RainDance|[upkeep]
|upkeep
|
|t:|1629442561
|switch|p2a: Tyranitar|Tyranitar, M|100/100
|-weather|Sandstorm|[from] ability: Sand Stream|[of] p2a: Tyranitar
|turn|6
|
|t:|1629442568
|move|p2a: Tyranitar|Dragon Dance|p2a: Tyranitar
|-boost|p2a: Tyranitar|atk|1
|-boost|p2a: Tyranitar|spe|1
|move|p1a: Gastrodon|Toxic|p2a: Tyranitar
|-status|p2a: Tyranitar|tox
|
|-weather|Sandstorm|[upkeep]
|-damage|p2a: Tyranitar|94/100 tox|[from] psn
|upkeep
|turn|7
|
|t:|1629442577
|switch|p1a: Zygarde|Zygarde|90/100
|-damage|p1a: Zygarde|84/100|[from] Stealth Rock
|move|p2a: Tyranitar|Crunch|p1a: Zygarde
|-damage|p1a: Zygarde|37/100
|-damage|p2a: Tyranitar|84/100 tox|[from] item: Life Orb
|
|-weather|Sandstorm|[upkeep]
|-heal|p1a: Zygarde|44/100|[from] item: Leftovers
|-damage|p2a: Tyranitar|72/100 tox|[from] psn
|-activate|p1a: Zygarde|ability: Power Construct
|detailschange|p1a: Zygarde|Zygarde-Complete
|-heal|p1a: Zygarde|63/100|[silent]
|upkeep
|turn|8
|
|t:|1629442592
|move|p2a: Tyranitar|Ice Punch|p1a: Zygarde
|-supereffective|p1a: Zygarde
|-damage|p1a: Zygarde|0 fnt
|faint|p1a: Zygarde
|-damage|p2a: Tyranitar|62/100 tox|[from] item: Life Orb
|
|-weather|Sandstorm|[upkeep]
|-damage|p2a: Tyranitar|44/100 tox|[from] psn
|upkeep
|
|t:|1629442607
|switch|p1a: Necrozma|Necrozma-Dusk-Mane|100/100
|-damage|p1a: Necrozma|94/100|[from] Stealth Rock
|turn|9
|
|t:|1629442615
|switch|p2a: Kyogre|Kyogre|100/100
|-weather|RainDance|[from] ability: Drizzle|[of] p2a: Kyogre
|move|p1a: Necrozma|Stealth Rock|p2a: Kyogre
|-sidestart|p2: 85792195wwww|move: Stealth Rock
|
|-weather|RainDance|[upkeep]
|upkeep
|turn|10
|
|t:|1629442623
|switch|p1a: Gastrodon|Gastrodon, M|100/100
|-damage|p1a: Gastrodon|94/100|[from] Stealth Rock
|move|p2a: Kyogre|Calm Mind|p2a: Kyogre
|-boost|p2a: Kyogre|spa|1
|-boost|p2a: Kyogre|spd|1
|
|-weather|RainDance|[upkeep]
|-heal|p1a: Gastrodon|100/100|[from] item: Leftovers
|upkeep
|turn|11
|
|t:|1629442633
|move|p2a: Kyogre|Ice Beam|p1a: Gastrodon
|-damage|p1a: Gastrodon|52/100
|move|p1a: Gastrodon|Toxic|p2a: Kyogre|[miss]
|-miss|p1a: Gastrodon|p2a: Kyogre
|
|-weather|RainDance|[upkeep]
|-heal|p1a: Gastrodon|58/100|[from] item: Leftovers
|upkeep
|turn|12
|
|t:|1629442642
|move|p2a: Kyogre|Ice Beam|p1a: Gastrodon
|-damage|p1a: Gastrodon|6/100
|move|p1a: Gastrodon|Toxic|p2a: Kyogre
|-status|p2a: Kyogre|tox
|-enditem|p2a: Kyogre|Lum Berry|[eat]
|-curestatus|p2a: Kyogre|tox|[msg]
|
|-weather|RainDance|[upkeep]
|-heal|p1a: Gastrodon|12/100|[from] item: Leftovers
|upkeep
|turn|13
|
|t:|1629442656
|switch|p1a: Necrozma|Necrozma-Dusk-Mane|94/100
|-damage|p1a: Necrozma|88/100|[from] Stealth Rock
|move|p2a: Kyogre|Ice Beam|p1a: Necrozma
|-resisted|p1a: Necrozma
|-damage|p1a: Necrozma|68/100
|
|-weather|none
|upkeep
|turn|14
|
|t:|1629442666
|move|p2a: Kyogre|Water Spout|p1a: Necrozma
|-damage|p1a: Necrozma|0 fnt
|faint|p1a: Necrozma
|
|upkeep
|
|t:|1629442671
|switch|p1a: Yveltal|Yveltal, shiny|100/100
|-ability|p1a: Yveltal|Dark Aura
|turn|15
|
|t:|1629442681
|move|p1a: Yveltal|Knock Off|p2a: Kyogre
|-damage|p2a: Kyogre|65/100
|move|p2a: Kyogre|Ice Beam|p1a: Yveltal
|-supereffective|p1a: Yveltal
|-damage|p1a: Yveltal|12/100
|
|upkeep
|turn|16
|
|t:|1629442688
|move|p1a: Yveltal|Oblivion Wing|p2a: Kyogre
|-damage|p2a: Kyogre|42/100
|-heal|p1a: Yveltal|27/100|[from] drain|[of] p2a: Kyogre
|move|p2a: Kyogre|Scald|p1a: Yveltal
|-damage|p1a: Yveltal|0 fnt
|faint|p1a: Yveltal
|
|upkeep
|
|t:|1629442696
|switch|p1a: Calyrex|Calyrex-Shadow|100/100
|-ability|p1a: Calyrex|As One
|-ability|p1a: Calyrex|Unnerve
|-damage|p1a: Calyrex|88/100|[from] Stealth Rock
|turn|17
|
|t:|1629442710
|move|p1a: Calyrex|Astral Barrage|p2a: Kyogre
|-damage|p2a: Kyogre|3/100
|move|p2a: Kyogre|Scald|p1a: Calyrex
|-damage|p1a: Calyrex|21/100
|
|upkeep
|turn|18
|
|t:|1629442721
|switch|p2a: Tyranitar|Tyranitar, M|44/100 tox
|-damage|p2a: Tyranitar|31/100 tox|[from] Stealth Rock
|-weather|Sandstorm|[from] ability: Sand Stream|[of] p2a: Tyranitar
|move|p1a: Calyrex|Astral Barrage|p2a: Tyranitar
|-resisted|p2a: Tyranitar
|-damage|p2a: Tyranitar|8/100 tox
|
|-weather|Sandstorm|[upkeep]
|-damage|p1a: Calyrex|15/100|[from] Sandstorm
|-damage|p2a: Tyranitar|1/100 tox|[from] psn
|upkeep
|turn|19
|
|t:|1629442735
|switch|p1a: Gastrodon|Gastrodon, M|12/100
|-damage|p1a: Gastrodon|6/100|[from] Stealth Rock
|switch|p2a: Kyogre|Kyogre|3/100
|-damage|p2a: Kyogre|0 fnt|[from] Stealth Rock
|faint|p2a: Kyogre
|
|-weather|Sandstorm|[upkeep]
|-heal|p1a: Gastrodon|12/100|[from] item: Leftovers
|upkeep
|
|t:|1629442747
|switch|p2a: Landorus|Landorus-Therian, M|100/100
|-damage|p2a: Landorus|88/100|[from] Stealth Rock
|-ability|p2a: Landorus|Intimidate|boost
|-unboost|p1a: Gastrodon|atk|1
|turn|20
|
|t:|1629442755
|move|p2a: Landorus|Earthquake|p1a: Gastrodon
|-damage|p1a: Gastrodon|0 fnt
|faint|p1a: Gastrodon
|
|-weather|Sandstorm|[upkeep]
|upkeep
|
|t:|1629442763
|switch|p1a: Calyrex|Calyrex-Shadow|15/100
|-ability|p1a: Calyrex|As One
|-ability|p1a: Calyrex|Unnerve
|-damage|p1a: Calyrex|3/100|[from] Stealth Rock
|turn|21
|
|t:|1629442770
|switch|p2a: Tyranitar|Tyranitar, M|1/100 tox
|-damage|p2a: Tyranitar|0 fnt|[from] Stealth Rock
|faint|p2a: Tyranitar
|move|p1a: Calyrex|Astral Barrage|p2: Tyranitar|[notarget]
|-fail|p1a: Calyrex
|
|-weather|Sandstorm|[upkeep]
|-damage|p1a: Calyrex|0 fnt|[from] Sandstorm
|faint|p1a: Calyrex
|upkeep
|
|t:|1629442780
|switch|p1a: Eternatus|Eternatus|100/100
|switch|p2a: Landorus|Landorus-Therian, M|88/100
|-damage|p2a: Landorus|76/100|[from] Stealth Rock
|-ability|p2a: Landorus|Intimidate|boost
|-unboost|p1a: Eternatus|atk|1
|-damage|p1a: Eternatus|88/100|[from] Stealth Rock
|-ability|p1a: Eternatus|Pressure
|turn|22
|
|t:|1629442791
|move|p2a: Landorus|Earthquake|p1a: Eternatus
|-supereffective|p1a: Eternatus
|-damage|p1a: Eternatus|0 fnt
|faint|p1a: Eternatus
|
|win|85792195wwww
|raw|cxcould's rating: 1565 &rarr; <strong>1542</strong><br />(-23 for losing)
|raw|85792195wwww's rating: 1508 &rarr; <strong>1531</strong><br />(+23 for winning)
|l|☆cxcould
