|j|☆Black Shadow 666
|j|☆Rell27
|t:|1607758514
|player|p1|Black Shadow 666|unknown|1656
|player|p2|Rell27|265|1560
|teamsize|p1|6
|teamsize|p2|6
|gametype|singles
|gen|8
|tier|[Gen 8] Ubers
|rated|
|clearpoke
|poke|p1|Calyrex-Shadow|
|poke|p1|Ho-Oh|
|poke|p1|Zacian-Crowned|
|poke|p1|Zygarde|
|poke|p1|Kyogre|
|poke|p1|Yveltal|
|poke|p2|Zacian-Crowned|
|poke|p2|Eternatus|
|poke|p2|Necrozma-Dusk-Mane|
|poke|p2|Calyrex-Shadow|
|poke|p2|Yveltal|
|poke|p2|Groudon|
|rule|Sleep Clause Mod: Limit one foe put to sleep
|rule|Species Clause: Limit one of each Pokémon
|rule|OHKO Clause: OHKO moves are banned
|rule|Evasion Moves Clause: Evasion moves are banned
|rule|Endless Battle Clause: Forcing endless battles is banned
|rule|HP Percentage Mod: HP is shown in percentages
|rule|Dynamax Clause: You cannot dynamax
|teampreview
|inactive|Battle timer is ON: inactive players will automatically lose when time's up. (requested by Black Shadow 666)
|
|t:|1607758522
|start
|switch|p1a: Kyogre|Kyogre|100/100
|switch|p2a: Groudon|Groudon|100/100
|-weather|RainDance|[from] ability: Drizzle|[of] p1a: Kyogre
|-weather|SunnyDay|[from] ability: Drought|[of] p2a: Groudon
|turn|1
|
|t:|1607758534
|switch|p1a: Zygarde|Zygarde, shiny|100/100
|move|p2a: Groudon|Precipice Blades|p1a: Zygarde
|-damage|p1a: Zygarde|65/100
|
|-weather|SunnyDay|[upkeep]
|-heal|p1a: Zygarde|72/100|[from] item: Leftovers
|upkeep
|turn|2
|
|t:|1607758539
|move|p2a: Groudon|Substitute|p2a: Groudon
|-start|p2a: Groudon|Substitute
|-damage|p2a: Groudon|76/100
|move|p1a: Zygarde|Glare||[still]
|-fail|p1a: Zygarde
|
|-weather|SunnyDay|[upkeep]
|-heal|p2a: Groudon|82/100|[from] item: Leftovers
|-heal|p1a: Zygarde|78/100|[from] item: Leftovers
|upkeep
|turn|3
|
|t:|1607758542
|move|p2a: Groudon|Swords Dance|p2a: Groudon
|-boost|p2a: Groudon|atk|2
|move|p1a: Zygarde|Substitute|p1a: Zygarde
|-start|p1a: Zygarde|Substitute
|-damage|p1a: Zygarde|53/100
|
|-weather|SunnyDay|[upkeep]
|-heal|p2a: Groudon|88/100|[from] item: Leftovers
|-heal|p1a: Zygarde|59/100|[from] item: Leftovers
|upkeep
|turn|4
|
|t:|1607758546
|move|p2a: Groudon|Precipice Blades|p1a: Zygarde
|-end|p1a: Zygarde|Substitute
|move|p1a: Zygarde|Dragon Dance|p1a: Zygarde
|-boost|p1a: Zygarde|atk|1
|-boost|p1a: Zygarde|spe|1
|
|-weather|SunnyDay|[upkeep]
|-heal|p1a: Zygarde|65/100|[from] item: Leftovers
|-heal|p2a: Groudon|94/100|[from] item: Leftovers
|upkeep
|turn|5
|
|t:|1607758550
|move|p1a: Zygarde|Substitute|p1a: Zygarde
|-start|p1a: Zygarde|Substitute
|-damage|p1a: Zygarde|40/100
|move|p2a: Groudon|Precipice Blades|p1a: Zygarde
|-end|p1a: Zygarde|Substitute
|
|-weather|none
|-heal|p1a: Zygarde|46/100|[from] item: Leftovers
|-heal|p2a: Groudon|99/100|[from] item: Leftovers
|-activate|p1a: Zygarde|ability: Power Construct
|detailschange|p1a: Zygarde|Zygarde-Complete, shiny
|-heal|p1a: Zygarde|65/100|[silent]
|upkeep
|turn|6
|
|t:|1607758553
|move|p1a: Zygarde|Thousand Arrows|p2a: Groudon
|-end|p2a: Groudon|Substitute
|move|p2a: Groudon|Precipice Blades|p1a: Zygarde
|-damage|p1a: Zygarde|20/100
|
|-heal|p1a: Zygarde|26/100|[from] item: Leftovers
|-heal|p2a: Groudon|100/100|[from] item: Leftovers
|upkeep
|turn|7
|
|t:|1607758567
|move|p1a: Zygarde|Glare|p2a: Groudon
|-status|p2a: Groudon|par
|cant|p2a: Groudon|par
|
|-heal|p1a: Zygarde|32/100|[from] item: Leftovers
|upkeep
|turn|8
|
|t:|1607758580
|move|p1a: Zygarde|Substitute|p1a: Zygarde
|-start|p1a: Zygarde|Substitute
|-damage|p1a: Zygarde|7/100
|move|p2a: Groudon|Precipice Blades|p1a: Zygarde|[miss]
|-miss|p2a: Groudon|p1a: Zygarde
|
|-heal|p1a: Zygarde|13/100|[from] item: Leftovers
|upkeep
|turn|9
|
|t:|1607758589
|move|p1a: Zygarde|Thousand Arrows|p2a: Groudon
|-damage|p2a: Groudon|71/100 par
|move|p2a: Groudon|Precipice Blades|p1a: Zygarde
|-end|p1a: Zygarde|Substitute
|
|-heal|p1a: Zygarde|19/100|[from] item: Leftovers
|-heal|p2a: Groudon|77/100 par|[from] item: Leftovers
|upkeep
|turn|10
|
|t:|1607758595
|move|p1a: Zygarde|Thousand Arrows|p2a: Groudon
|-damage|p2a: Groudon|49/100 par
|move|p2a: Groudon|Precipice Blades|p1a: Zygarde
|-damage|p1a: Zygarde|0 fnt
|faint|p1a: Zygarde
|
|-heal|p2a: Groudon|55/100 par|[from] item: Leftovers
|upkeep
|
|t:|1607758608
|switch|p1a: Calyrex|Calyrex-Shadow|100/100
|-ability|p1a: Calyrex|As One
|-ability|p1a: Calyrex|Unnerve|p2: Rell27
|turn|11
|
|t:|1607758613
|switch|p2a: Yveltal|Yveltal|100/100
|-ability|p2a: Yveltal|Dark Aura
|move|p1a: Calyrex|Astral Barrage|p2a: Yveltal
|-resisted|p2a: Yveltal
|-damage|p2a: Yveltal|74/100
|
|upkeep
|turn|12
|
|t:|1607758635
|switch|p1a: Ho-Oh|Ho-Oh, shiny|100/100
|move|p2a: Yveltal|Oblivion Wing|p1a: Ho-Oh
|-damage|p1a: Ho-Oh|69/100
|-heal|p2a: Yveltal|97/100|[from] drain|[of] p1a: Ho-Oh
|-damage|p2a: Yveltal|87/100|[from] item: Life Orb
|
|upkeep
|turn|13
|
|t:|1607758641
|switch|p2a: Groudon|Groudon|55/100 par
|-weather|SunnyDay|[from] ability: Drought|[of] p2a: Groudon
|move|p1a: Ho-Oh|Sacred Fire|p2a: Groudon
|-damage|p2a: Groudon|17/100 par
|
|-weather|SunnyDay|[upkeep]
|-heal|p2a: Groudon|23/100 par|[from] item: Leftovers
|upkeep
|turn|14
|
|t:|1607758644
|move|p1a: Ho-Oh|Sacred Fire|p2a: Groudon
|-damage|p2a: Groudon|0 fnt
|faint|p2a: Groudon
|
|-weather|SunnyDay|[upkeep]
|upkeep
|
|t:|1607758648
|switch|p2a: Zacian|Zacian-Crowned|100/100
|-ability|p2a: Zacian|Intrepid Sword|boost
|-boost|p2a: Zacian|atk|1
|turn|15
|
|t:|1607758660
|switch|p1a: Calyrex|Calyrex-Shadow|100/100
|-ability|p1a: Calyrex|As One
|-ability|p1a: Calyrex|Unnerve|p2: Rell27
|move|p2a: Zacian|Wild Charge|p1a: Calyrex
|-damage|p1a: Calyrex|33/100
|-damage|p2a: Zacian|83/100|[from] Recoil
|
|-weather|SunnyDay|[upkeep]
|upkeep
|turn|16
|
|t:|1607758670
|switch|p1a: Ho-Oh|Ho-Oh, shiny|100/100
|switch|p2a: Yveltal|Yveltal|87/100
|-ability|p2a: Yveltal|Dark Aura
|
|-weather|SunnyDay|[upkeep]
|upkeep
|turn|17
|
|t:|1607758696
|switch|p2a: Eternatus|Eternatus|100/100
|-ability|p2a: Eternatus|Pressure
|move|p1a: Ho-Oh|Sacred Fire|p2a: Eternatus
|-resisted|p2a: Eternatus
|-damage|p2a: Eternatus|74/100
|
|-weather|none
|upkeep
|turn|18
|
|t:|1607758700
|move|p2a: Eternatus|Sludge Bomb|p1a: Ho-Oh
|-damage|p1a: Ho-Oh|69/100
|-damage|p2a: Eternatus|64/100|[from] item: Life Orb
|move|p1a: Ho-Oh|Sacred Fire|p2a: Eternatus
|-resisted|p2a: Eternatus
|-damage|p2a: Eternatus|49/100
|-status|p2a: Eternatus|brn
|
|-damage|p2a: Eternatus|43/100 brn|[from] brn
|upkeep
|turn|19
|
|t:|1607758717
|switch|p1a: Calyrex|Calyrex-Shadow|33/100
|-ability|p1a: Calyrex|As One
|-ability|p1a: Calyrex|Unnerve|p2: Rell27
|move|p2a: Eternatus|Recover|p2a: Eternatus
|-heal|p2a: Eternatus|93/100 brn
|
|-damage|p2a: Eternatus|87/100 brn|[from] brn
|upkeep
|turn|20
|
|t:|1607758722
|switch|p2a: Yveltal|Yveltal|87/100
|-ability|p2a: Yveltal|Dark Aura
|move|p1a: Calyrex|Astral Barrage|p2a: Yveltal
|-resisted|p2a: Yveltal
|-damage|p2a: Yveltal|60/100
|
|upkeep
|turn|21
|j| Hi627
|
|t:|1607758734
|switch|p1a: Zacian|Zacian-Crowned|100/100
|-ability|p1a: Zacian|Intrepid Sword|boost
|-boost|p1a: Zacian|atk|1
|move|p2a: Yveltal|Oblivion Wing|p1a: Zacian
|-resisted|p1a: Zacian
|-damage|p1a: Zacian|72/100
|-heal|p2a: Yveltal|76/100|[from] drain|[of] p1a: Zacian
|-damage|p2a: Yveltal|66/100|[from] item: Life Orb
|
|upkeep
|turn|22
|
|t:|1607758737
|switch|p2a: Necrozma|Necrozma-Dusk-Mane|100/100
|move|p1a: Zacian|Close Combat|p2a: Necrozma
|-damage|p2a: Necrozma|52/100
|-unboost|p1a: Zacian|def|1
|-unboost|p1a: Zacian|spd|1
|
|upkeep
|turn|23
|
|t:|1607758742
|switch|p1a: Calyrex|Calyrex-Shadow|33/100
|-ability|p1a: Calyrex|As One
|-ability|p1a: Calyrex|Unnerve|p2: Rell27
|move|p2a: Necrozma|Stealth Rock|p1a: Calyrex
|-sidestart|p1: Black Shadow 666|move: Stealth Rock
|
|upkeep
|turn|24
|inactive|Black Shadow 666 has 120 seconds left.
|
|t:|1607758781
|switch|p2a: Yveltal|Yveltal|66/100
|-ability|p2a: Yveltal|Dark Aura
|move|p1a: Calyrex|Astral Barrage|p2a: Yveltal
|-resisted|p2a: Yveltal
|-damage|p2a: Yveltal|39/100
|
|upkeep
|turn|25
|inactive|Black Shadow 666 has 120 seconds left.
|
|t:|1607758802
|switch|p1a: Ho-Oh|Ho-Oh, shiny|100/100
|move|p2a: Yveltal|Oblivion Wing|p1a: Ho-Oh
|-damage|p1a: Ho-Oh|65/100
|-heal|p2a: Yveltal|65/100|[from] drain|[of] p1a: Ho-Oh
|-damage|p2a: Yveltal|55/100|[from] item: Life Orb
|
|upkeep
|turn|26
|inactive|Black Shadow 666 has 120 seconds left.
|
|t:|1607758812
|move|p2a: Yveltal|Dark Pulse|p1a: Ho-Oh
|-damage|p1a: Ho-Oh|21/100
|-damage|p2a: Yveltal|45/100|[from] item: Life Orb
|cant|p1a: Ho-Oh|flinch
|
|upkeep
|turn|27
|inactive|Black Shadow 666 has 120 seconds left.
|
|t:|1607758824
|switch|p1a: Calyrex|Calyrex-Shadow|33/100
|-ability|p1a: Calyrex|As One
|-ability|p1a: Calyrex|Unnerve|p2: Rell27
|-damage|p1a: Calyrex|20/100|[from] Stealth Rock
|move|p2a: Yveltal|Oblivion Wing|p1a: Calyrex
|-damage|p1a: Calyrex|0 fnt
|-heal|p2a: Yveltal|57/100|[from] drain|[of] p1a: Calyrex
|-damage|p2a: Yveltal|47/100|[from] item: Life Orb
|faint|p1a: Calyrex
|
|upkeep
|inactive|Black Shadow 666 has 120 seconds left.
|
|t:|1607758831
|switch|p1a: Ho-Oh|Ho-Oh, shiny|55/100
|turn|28
|
|t:|1607758840
|switch|p2a: Eternatus|Eternatus|87/100 brn
|-ability|p2a: Eternatus|Pressure
|move|p1a: Ho-Oh|Roost|p1a: Ho-Oh
|-heal|p1a: Ho-Oh|100/100
|-singleturn|p1a: Ho-Oh|move: Roost
|
|-damage|p2a: Eternatus|80/100 brn|[from] brn
|upkeep
|turn|29
|
|t:|1607758851
|move|p2a: Eternatus|Sludge Bomb|p1a: Ho-Oh
|-damage|p1a: Ho-Oh|65/100
|-damage|p2a: Eternatus|71/100 brn|[from] item: Life Orb
|move|p1a: Ho-Oh|Defog|p2a: Eternatus
|-unboost|p2a: Eternatus|evasion|1
|-sideend|p1: Black Shadow 666|Stealth Rock|[from] move: Defog|[of] p1a: Ho-Oh
|
|-damage|p2a: Eternatus|64/100 brn|[from] brn
|upkeep
|turn|30
|
|t:|1607758862
|move|p2a: Eternatus|Sludge Bomb|p1a: Ho-Oh
|-damage|p1a: Ho-Oh|32/100
|-damage|p2a: Eternatus|55/100 brn|[from] item: Life Orb
|move|p1a: Ho-Oh|Roost|p1a: Ho-Oh
|-heal|p1a: Ho-Oh|82/100
|-singleturn|p1a: Ho-Oh|move: Roost
|
|-damage|p2a: Eternatus|49/100 brn|[from] brn
|upkeep
|turn|31
|
|t:|1607758870
|switch|p1a: Zacian|Zacian-Crowned|72/100
|-ability|p1a: Zacian|Intrepid Sword|boost
|-boost|p1a: Zacian|atk|1
|move|p2a: Eternatus|Recover|p2a: Eternatus
|-heal|p2a: Eternatus|99/100 brn
|
|-damage|p2a: Eternatus|92/100 brn|[from] brn
|upkeep
|turn|32
|
|t:|1607758887
|switch|p2a: Necrozma|Necrozma-Dusk-Mane|52/100
|move|p1a: Zacian|Behemoth Blade|p2a: Necrozma
|-resisted|p2a: Necrozma
|-damage|p2a: Necrozma|23/100
|
|upkeep
|turn|33
|
|t:|1607758891
|move|p1a: Zacian|Behemoth Blade|p2a: Necrozma
|-resisted|p2a: Necrozma
|-crit|p2a: Necrozma
|-damage|p2a: Necrozma|0 fnt
|faint|p2a: Necrozma
|
|upkeep
|
|t:|1607758900
|switch|p2a: Calyrex|Calyrex-Shadow|100/100
|-ability|p2a: Calyrex|As One
|-ability|p2a: Calyrex|Unnerve|p1: Black Shadow 666
|turn|34
|
|t:|1607758902
|switch|p1a: Yveltal|Yveltal|100/100
|-ability|p1a: Yveltal|Dark Aura
|move|p2a: Calyrex|Astral Barrage|p1a: Yveltal
|-resisted|p1a: Yveltal
|-damage|p1a: Yveltal|66/100
|
|upkeep
|turn|35
|
|t:|1607758906
|switch|p2a: Zacian|Zacian-Crowned|83/100
|-ability|p2a: Zacian|Intrepid Sword|boost
|-boost|p2a: Zacian|atk|1
|move|p1a: Yveltal|Oblivion Wing|p2a: Zacian
|-resisted|p2a: Zacian
|-damage|p2a: Zacian|59/100
|-heal|p1a: Yveltal|82/100|[from] drain|[of] p2a: Zacian
|-damage|p1a: Yveltal|72/100|[from] item: Life Orb
|
|upkeep
|turn|36
|
|t:|1607758915
|switch|p1a: Ho-Oh|Ho-Oh, shiny|100/100
|move|p2a: Zacian|Behemoth Blade|p1a: Ho-Oh
|-resisted|p1a: Ho-Oh
|-damage|p1a: Ho-Oh|69/100
|
|upkeep
|turn|37
|
|t:|1607758934
|switch|p1a: Kyogre|Kyogre|100/100
|-weather|RainDance|[from] ability: Drizzle|[of] p1a: Kyogre
|move|p2a: Zacian|Wild Charge|p1a: Kyogre
|-supereffective|p1a: Kyogre
|-damage|p1a: Kyogre|0 fnt
|-damage|p2a: Zacian|33/100|[from] Recoil
|faint|p1a: Kyogre
|
|-weather|RainDance|[upkeep]
|upkeep
|
|t:|1607758938
|switch|p1a: Ho-Oh|Ho-Oh, shiny|100/100
|turn|38
|
|t:|1607758946
|switch|p2a: Eternatus|Eternatus|92/100 brn
|-ability|p2a: Eternatus|Pressure
|move|p1a: Ho-Oh|Roost||[still]
|-fail|p1a: Ho-Oh|heal
|
|-weather|RainDance|[upkeep]
|-damage|p2a: Eternatus|86/100 brn|[from] brn
|upkeep
|turn|39
|
|t:|1607758954
|switch|p1a: Zacian|Zacian-Crowned|72/100
|-ability|p1a: Zacian|Intrepid Sword|boost
|-boost|p1a: Zacian|atk|1
|move|p2a: Eternatus|Flamethrower|p1a: Zacian
|-supereffective|p1a: Zacian
|-damage|p1a: Zacian|34/100
|-damage|p2a: Eternatus|76/100 brn|[from] item: Life Orb
|
|-weather|RainDance|[upkeep]
|-damage|p2a: Eternatus|70/100 brn|[from] brn
|upkeep
|turn|40
|
|t:|1607758961
|switch|p2a: Yveltal|Yveltal|47/100
|-ability|p2a: Yveltal|Dark Aura
|move|p1a: Zacian|Behemoth Blade|p2a: Yveltal
|-damage|p2a: Yveltal|0 fnt
|faint|p2a: Yveltal
|
|-weather|RainDance|[upkeep]
|upkeep
|
|t:|1607758968
|switch|p2a: Calyrex|Calyrex-Shadow|100/100
|-ability|p2a: Calyrex|As One
|-ability|p2a: Calyrex|Unnerve|p1: Black Shadow 666
|turn|41
|
|t:|1607758977
|switch|p2a: Zacian|Zacian-Crowned|33/100
|-ability|p2a: Zacian|Intrepid Sword|boost
|-boost|p2a: Zacian|atk|1
|switch|p1a: Ho-Oh|Ho-Oh, shiny|100/100
|
|-weather|none
|upkeep
|turn|42
|
|t:|1607758991
|switch|p2a: Eternatus|Eternatus|70/100 brn
|-ability|p2a: Eternatus|Pressure
|move|p1a: Ho-Oh|Roost||[still]
|-fail|p1a: Ho-Oh|heal
|
|-damage|p2a: Eternatus|64/100 brn|[from] brn
|upkeep
|turn|43
|
|t:|1607758995
|move|p2a: Eternatus|Flamethrower|p1a: Ho-Oh
|-resisted|p1a: Ho-Oh
|-damage|p1a: Ho-Oh|88/100
|-damage|p2a: Eternatus|54/100 brn|[from] item: Life Orb
|move|p1a: Ho-Oh|Toxic||[still]
|-fail|p1a: Ho-Oh
|
|-damage|p2a: Eternatus|48/100 brn|[from] brn
|upkeep
|turn|44
|
|t:|1607759003
|move|p2a: Eternatus|Recover|p2a: Eternatus
|-heal|p2a: Eternatus|98/100 brn
|move|p1a: Ho-Oh|Toxic||[still]
|-fail|p1a: Ho-Oh
|
|-damage|p2a: Eternatus|92/100 brn|[from] brn
|upkeep
|turn|45
|
|t:|1607759007
|move|p2a: Eternatus|Sludge Bomb|p1a: Ho-Oh
|-damage|p1a: Ho-Oh|51/100
|-damage|p2a: Eternatus|82/100 brn|[from] item: Life Orb
|move|p1a: Ho-Oh|Roost|p1a: Ho-Oh
|-heal|p1a: Ho-Oh|100/100
|-singleturn|p1a: Ho-Oh|move: Roost
|
|-damage|p2a: Eternatus|76/100 brn|[from] brn
|upkeep
|turn|46
|
|t:|1607759011
|move|p2a: Eternatus|Flamethrower|p1a: Ho-Oh
|-resisted|p1a: Ho-Oh
|-damage|p1a: Ho-Oh|90/100
|-damage|p2a: Eternatus|66/100 brn|[from] item: Life Orb
|move|p1a: Ho-Oh|Toxic||[still]
|-fail|p1a: Ho-Oh
|
|-damage|p2a: Eternatus|60/100 brn|[from] brn
|upkeep
|turn|47
|
|t:|1607759016
|move|p2a: Eternatus|Sludge Bomb|p1a: Ho-Oh
|-damage|p1a: Ho-Oh|56/100
|-damage|p2a: Eternatus|50/100 brn|[from] item: Life Orb
|move|p1a: Ho-Oh|Roost|p1a: Ho-Oh
|-heal|p1a: Ho-Oh|100/100
|-singleturn|p1a: Ho-Oh|move: Roost
|
|-damage|p2a: Eternatus|44/100 brn|[from] brn
|upkeep
|turn|48
|
|t:|1607759026
|move|p2a: Eternatus|Recover|p2a: Eternatus
|-heal|p2a: Eternatus|94/100 brn
|move|p1a: Ho-Oh|Toxic||[still]
|-fail|p1a: Ho-Oh
|
|-damage|p2a: Eternatus|88/100 brn|[from] brn
|upkeep
|turn|49
|
|t:|1607759032
|move|p2a: Eternatus|Sludge Bomb|p1a: Ho-Oh
|-damage|p1a: Ho-Oh|65/100
|-damage|p2a: Eternatus|78/100 brn|[from] item: Life Orb
|move|p1a: Ho-Oh|Defog|p2a: Eternatus
|-unboost|p2a: Eternatus|evasion|1
|
|-damage|p2a: Eternatus|72/100 brn|[from] brn
|upkeep
|turn|50
|
|t:|1607759039
|move|p2a: Eternatus|Flamethrower|p1a: Ho-Oh
|-resisted|p1a: Ho-Oh
|-damage|p1a: Ho-Oh|53/100
|-damage|p2a: Eternatus|63/100 brn|[from] item: Life Orb
|move|p1a: Ho-Oh|Roost|p1a: Ho-Oh
|-heal|p1a: Ho-Oh|100/100
|-singleturn|p1a: Ho-Oh|move: Roost
|
|-damage|p2a: Eternatus|56/100 brn|[from] brn
|upkeep
|turn|51
|
|t:|1607759045
|move|p2a: Eternatus|Flamethrower|p1a: Ho-Oh
|-resisted|p1a: Ho-Oh
|-damage|p1a: Ho-Oh|89/100
|-damage|p2a: Eternatus|47/100 brn|[from] item: Life Orb
|move|p1a: Ho-Oh|Defog|p2a: Eternatus
|-unboost|p2a: Eternatus|evasion|1
|
|-damage|p2a: Eternatus|40/100 brn|[from] brn
|upkeep
|turn|52
|inactive|Black Shadow 666 has 120 seconds left.
|inactive|Black Shadow 666 has 90 seconds left.
|
|t:|1607759109
|switch|p1a: Zacian|Zacian-Crowned|34/100
|-ability|p1a: Zacian|Intrepid Sword|boost
|-boost|p1a: Zacian|atk|1
|move|p2a: Eternatus|Flamethrower|p1a: Zacian
|-supereffective|p1a: Zacian
|-damage|p1a: Zacian|0 fnt
|-damage|p2a: Eternatus|31/100 brn|[from] item: Life Orb
|faint|p1a: Zacian
|
|-damage|p2a: Eternatus|25/100 brn|[from] brn
|upkeep
|
|t:|1607759111
|switch|p1a: Yveltal|Yveltal|72/100
|-ability|p1a: Yveltal|Dark Aura
|turn|53
|
|t:|1607759115
|move|p2a: Eternatus|Recover|p2a: Eternatus
|-heal|p2a: Eternatus|75/100 brn
|move|p1a: Yveltal|Oblivion Wing|p2a: Eternatus
|-damage|p2a: Eternatus|28/100 brn
|-heal|p1a: Yveltal|100/100|[from] drain|[of] p2a: Eternatus
|-damage|p1a: Yveltal|91/100|[from] item: Life Orb
|
|-damage|p2a: Eternatus|22/100 brn|[from] brn
|upkeep
|turn|54
|
|t:|1607759120
|move|p2a: Eternatus|Recover|p2a: Eternatus
|-heal|p2a: Eternatus|72/100 brn
|move|p1a: Yveltal|Oblivion Wing|p2a: Eternatus
|-damage|p2a: Eternatus|27/100 brn
|-heal|p1a: Yveltal|100/100|[from] drain|[of] p2a: Eternatus
|-damage|p1a: Yveltal|91/100|[from] item: Life Orb
|
|-damage|p2a: Eternatus|21/100 brn|[from] brn
|upkeep
|turn|55
|inactive|Black Shadow 666 has 120 seconds left.
|
|t:|1607759126
|move|p2a: Eternatus|Recover|p2a: Eternatus
|-heal|p2a: Eternatus|71/100 brn
|move|p1a: Yveltal|Dark Pulse|p2a: Eternatus
|-damage|p2a: Eternatus|7/100 brn
|-damage|p1a: Yveltal|81/100|[from] item: Life Orb
|
|-damage|p2a: Eternatus|1/100 brn|[from] brn
|upkeep
|turn|56
|
|t:|1607759138
|move|p2a: Eternatus|Dynamax Cannon|p1a: Yveltal
|-damage|p1a: Yveltal|17/100
|-damage|p2a: Eternatus|0 fnt|[from] item: Life Orb
|faint|p2a: Eternatus
|move|p1a: Yveltal|Oblivion Wing|p2: Eternatus|[notarget]
|-fail|p1a: Yveltal
|
|upkeep
|
|t:|1607759141
|switch|p2a: Zacian|Zacian-Crowned|33/100
|-ability|p2a: Zacian|Intrepid Sword|boost
|-boost|p2a: Zacian|atk|1
|turn|57
|
|t:|1607759150
|move|p1a: Yveltal|Sucker Punch|p2a: Zacian
|-resisted|p2a: Zacian
|-damage|p2a: Zacian|6/100
|-damage|p1a: Yveltal|7/100|[from] item: Life Orb
|move|p2a: Zacian|Behemoth Blade|p1a: Yveltal
|-damage|p1a: Yveltal|0 fnt
|faint|p1a: Yveltal
|
|upkeep
|
|t:|1607759155
|switch|p1a: Ho-Oh|Ho-Oh, shiny|100/100
|turn|58
|
|t:|1607759159
|switch|p2a: Calyrex|Calyrex-Shadow|100/100
|-ability|p2a: Calyrex|As One
|-ability|p2a: Calyrex|Unnerve|p1: Black Shadow 666
|move|p1a: Ho-Oh|Roost||[still]
|-fail|p1a: Ho-Oh|heal
|
|upkeep
|turn|59
|
|t:|1607759162
|move|p2a: Calyrex|Psyshock|p1a: Ho-Oh
|-damage|p1a: Ho-Oh|69/100
|move|p1a: Ho-Oh|Roost|p1a: Ho-Oh
|-heal|p1a: Ho-Oh|100/100
|-singleturn|p1a: Ho-Oh|move: Roost
|
|upkeep
|turn|60
|
|t:|1607759167
|move|p2a: Calyrex|Psyshock|p1a: Ho-Oh
|-damage|p1a: Ho-Oh|72/100
|move|p1a: Ho-Oh|Sacred Fire|p2a: Calyrex
|-damage|p2a: Calyrex|49/100
|-status|p2a: Calyrex|brn
|
|-damage|p2a: Calyrex|42/100 brn|[from] brn
|upkeep
|turn|61
|
|t:|1607759179
|move|p2a: Calyrex|Psyshock|p1a: Ho-Oh
|-damage|p1a: Ho-Oh|43/100
|move|p1a: Ho-Oh|Roost|p1a: Ho-Oh
|-heal|p1a: Ho-Oh|93/100
|-singleturn|p1a: Ho-Oh|move: Roost
|
|-damage|p2a: Calyrex|36/100 brn|[from] brn
|upkeep
|turn|62
|
|t:|1607759201
|switch|p2a: Zacian|Zacian-Crowned|6/100
|-ability|p2a: Zacian|Intrepid Sword|boost
|-boost|p2a: Zacian|atk|1
|move|p1a: Ho-Oh|Roost|p1a: Ho-Oh
|-heal|p1a: Ho-Oh|100/100
|-singleturn|p1a: Ho-Oh|move: Roost
|
|upkeep
|turn|63
|
|t:|1607759217
|switch|p2a: Calyrex|Calyrex-Shadow|36/100 brn
|-ability|p2a: Calyrex|As One
|-ability|p2a: Calyrex|Unnerve|p1: Black Shadow 666
|move|p1a: Ho-Oh|Sacred Fire|p2a: Calyrex
|-damage|p2a: Calyrex|0 fnt
|faint|p2a: Calyrex
|
|upkeep
|
|t:|1607759220
|switch|p2a: Zacian|Zacian-Crowned|6/100
|-ability|p2a: Zacian|Intrepid Sword|boost
|-boost|p2a: Zacian|atk|1
|turn|64
|
|t:|1607759228
|move|p2a: Zacian|Behemoth Blade|p1a: Ho-Oh
|-resisted|p1a: Ho-Oh
|-damage|p1a: Ho-Oh|66/100
|move|p1a: Ho-Oh|Defog|p2a: Zacian
|-unboost|p2a: Zacian|evasion|1
|
|upkeep
|turn|65
|
|t:|1607759231
|move|p2a: Zacian|Behemoth Blade|p1a: Ho-Oh
|-resisted|p1a: Ho-Oh
|-damage|p1a: Ho-Oh|32/100
|move|p1a: Ho-Oh|Roost|p1a: Ho-Oh
|-heal|p1a: Ho-Oh|82/100
|-singleturn|p1a: Ho-Oh|move: Roost
|
|upkeep
|turn|66
|
|t:|1607759239
|move|p2a: Zacian|Play Rough|p1a: Ho-Oh
|-resisted|p1a: Ho-Oh
|-damage|p1a: Ho-Oh|51/100
|move|p1a: Ho-Oh|Roost|p1a: Ho-Oh
|-heal|p1a: Ho-Oh|100/100
|-singleturn|p1a: Ho-Oh|move: Roost
|
|upkeep
|turn|67
|
|t:|1607759246
|move|p2a: Zacian|Play Rough|p1a: Ho-Oh
|-resisted|p1a: Ho-Oh
|-damage|p1a: Ho-Oh|72/100
|-unboost|p1a: Ho-Oh|atk|1
|move|p1a: Ho-Oh|Defog|p2a: Zacian
|-unboost|p2a: Zacian|evasion|1
|
|upkeep
|turn|68
|
|t:|1607759255
|move|p2a: Zacian|Behemoth Blade|p1a: Ho-Oh
|-resisted|p1a: Ho-Oh
|-damage|p1a: Ho-Oh|42/100
|move|p1a: Ho-Oh|Roost|p1a: Ho-Oh
|-heal|p1a: Ho-Oh|92/100
|-singleturn|p1a: Ho-Oh|move: Roost
|
|upkeep
|turn|69
|
|t:|1607759261
|move|p2a: Zacian|Play Rough|p1a: Ho-Oh
|-resisted|p1a: Ho-Oh
|-damage|p1a: Ho-Oh|65/100
|move|p1a: Ho-Oh|Defog|p2a: Zacian
|-unboost|p2a: Zacian|evasion|1
|
|upkeep
|turn|70
|
|t:|1607759265
|move|p2a: Zacian|Play Rough|p1a: Ho-Oh
|-resisted|p1a: Ho-Oh
|-damage|p1a: Ho-Oh|35/100
|-unboost|p1a: Ho-Oh|atk|1
|move|p1a: Ho-Oh|Defog|p2a: Zacian
|-unboost|p2a: Zacian|evasion|1
|
|upkeep
|turn|71
|
|t:|1607759268
|move|p2a: Zacian|Wild Charge|p1a: Ho-Oh
|-supereffective|p1a: Ho-Oh
|-damage|p1a: Ho-Oh|0 fnt
|-damage|p2a: Zacian|0 fnt|[from] Recoil
|faint|p1a: Ho-Oh
|faint|p2a: Zacian
|
|win|Rell27
|l|☆Black Shadow 666
|raw|Black Shadow 666's rating: 1670 &rarr; <strong>1644</strong><br />(-26 for losing)
|raw|Rell27's rating: 1560 &rarr; <strong>1586</strong><br />(+26 for winning)
