|j|☆QiYu3
|j|☆Cinealma
|player|p1|QiYu3|psychic-gen4|1646
|player|p2|Cinealma|170|1367
|teamsize|p1|6
|teamsize|p2|6
|gametype|singles
|gen|8
|tier|[Gen 8] Ubers
|rated|
|clearpoke
|poke|p1|Melmetal|
|poke|p1|Reshiram|
|poke|p1|Hatterene, F|
|poke|p1|Necrozma-Dusk-Mane|
|poke|p1|Lunala|
|poke|p1|Mimikyu, L1, F|
|poke|p2|Darmanitan-Galar, F|
|poke|p2|Zacian-Crowned|
|poke|p2|Marshadow|
|poke|p2|Reshiram|
|poke|p2|Grimmsnarl, M|
|poke|p2|Ditto|
|rule|Sleep Clause Mod: Limit one foe put to sleep
|rule|Species Clause: Limit one of each Pokémon
|rule|OHKO Clause: OHKO moves are banned
|rule|Evasion Moves Clause: Evasion moves are banned
|rule|Endless Battle Clause: Forcing endless battles is banned
|rule|HP Percentage Mod: HP is shown in percentages
|teampreview
|inactive|Battle timer is ON: inactive players will automatically lose when time's up. (requested by Cinealma)
|
|start
|switch|p1a: Lunala|Lunala|100/100
|switch|p2a: Marshadow|Marshadow|100/100
|turn|1
|
|move|p2a: Marshadow|Spectral Thief|p1a: Lunala
|-supereffective|p1a: Lunala
|-damage|p1a: Lunala|0 fnt
|faint|p1a: Lunala
|
|upkeep
|
|switch|p1a: Melmetal|Melmetal|100/100
|turn|2
|
|switch|p2a: Zacian|Zacian-Crowned|100/100
|-ability|p2a: Zacian|Intrepid Sword|boost
|-boost|p2a: Zacian|atk|1
|move|p1a: Melmetal|Earthquake|p2a: Zacian
|-supereffective|p2a: Zacian
|-damage|p2a: Zacian|0 fnt
|faint|p2a: Zacian
|
|upkeep
|
|switch|p2a: Reshiram|Reshiram|100/100
|-ability|p2a: Reshiram|Turboblaze
|turn|3
|
|switch|p1a: Reshiram|Reshiram|100/100
|-ability|p1a: Reshiram|Turboblaze
|-start|p2a: Reshiram|Dynamax
|-heal|p2a: Reshiram|100/100|[silent]
|move|p2a: Reshiram|Max Flare|p1a: Reshiram
|-resisted|p1a: Reshiram
|-damage|p1a: Reshiram|87/100
|-weather|SunnyDay
|
|-weather|SunnyDay|[upkeep]
|upkeep
|turn|4
|
|switch|p1a: Hatterene|Hatterene, F|100/100
|move|p2a: Reshiram|Max Wyrmwind|p1a: Hatterene
|-immune|p1a: Hatterene
|
|-weather|SunnyDay|[upkeep]
|upkeep
|turn|5
|j| Ballfire
|
|switch|p1a: Reshiram|Reshiram|87/100
|-ability|p1a: Reshiram|Turboblaze
|move|p2a: Reshiram|Max Flare|p1a: Reshiram
|-resisted|p1a: Reshiram
|-damage|p1a: Reshiram|66/100
|
|-weather|SunnyDay|[upkeep]
|-end|p2a: Reshiram|Dynamax
|-heal|p2a: Reshiram|100/100|[silent]
|upkeep
|turn|6
|l| Ballfire
|
|switch|p1a: Hatterene|Hatterene, F|100/100
|move|p2a: Reshiram|Tailwind|p2a: Reshiram
|-sidestart|p2: Cinealma|move: Tailwind
|
|-weather|SunnyDay|[upkeep]
|upkeep
|turn|7
|
|move|p2a: Reshiram|Blue Flare|p1a: Hatterene
|-damage|p1a: Hatterene|0 fnt
|faint|p1a: Hatterene
|
|-weather|none
|upkeep
|
|switch|p1a: Necrozma|Necrozma-Dusk-Mane|100/100
|turn|8
|
|move|p2a: Reshiram|Blue Flare|p1a: Necrozma
|-supereffective|p1a: Necrozma
|-damage|p1a: Necrozma|18/100
|-enditem|p1a: Necrozma|Weakness Policy
|-boost|p1a: Necrozma|atk|2|[from] item: Weakness Policy
|-boost|p1a: Necrozma|spa|2|[from] item: Weakness Policy
|move|p1a: Necrozma|Trick Room|p1a: Necrozma
|-fieldstart|move: Trick Room|[of] p1a: Necrozma
|
|upkeep
|turn|9
|j| Ballfire
|
|move|p1a: Necrozma|Earthquake|p2a: Reshiram
|-supereffective|p2a: Reshiram
|-damage|p2a: Reshiram|0 fnt
|faint|p2a: Reshiram
|
|-sideend|p2: Cinealma|move: Tailwind
|upkeep
|
|switch|p2a: Ditto|Ditto|100/100
|-transform|p2a: Ditto|p1a: Necrozma|[from] ability: Imposter
|turn|10
|
|move|p2a: Ditto|Earthquake|p1a: Necrozma
|-supereffective|p1a: Necrozma
|-damage|p1a: Necrozma|0 fnt
|faint|p1a: Necrozma
|
|upkeep
|l| Ballfire
|
|switch|p1a: Mimikyu|Mimikyu, L1, F, shiny|100/100
|turn|11
|
|move|p1a: Mimikyu|Destiny Bond|p1a: Mimikyu
|-singlemove|p1a: Mimikyu|Destiny Bond
|move|p2a: Ditto|Earthquake|p1a: Mimikyu
|-crit|p1a: Mimikyu
|-activate|p1a: Mimikyu|ability: Disguise
|-damage|p1a: Mimikyu|100/100
|detailschange|p1a: Mimikyu|Mimikyu-Busted, L1, F, shiny
|-damage|p1a: Mimikyu|92/100|[from] pokemon: mimikyubusted
|
|upkeep
|turn|12
|
|move|p1a: Mimikyu|Curse|p2a: Ditto
|-start|p2a: Ditto|Curse|[of] p1a: Mimikyu
|-damage|p1a: Mimikyu|42/100
|move|p2a: Ditto|Sunsteel Strike|p1a: Mimikyu
|-supereffective|p1a: Mimikyu
|-damage|p1a: Mimikyu|0 fnt
|faint|p1a: Mimikyu
|
|-damage|p2a: Ditto|76/100|[from] Curse
|-fieldend|move: Trick Room
|upkeep
|
|switch|p1a: Melmetal|Melmetal|100/100
|turn|13
|
|-start|p1a: Melmetal|Dynamax
|-heal|p1a: Melmetal|100/100|[silent]
|move|p2a: Ditto|Earthquake|p1a: Melmetal
|-supereffective|p1a: Melmetal
|-damage|p1a: Melmetal|52/100
|move|p1a: Melmetal|Max Quake|p2a: Ditto
|-supereffective|p2a: Ditto
|-damage|p2a: Ditto|0 fnt
|-boost|p1a: Melmetal|spd|1
|faint|p2a: Ditto
|
|upkeep
|
|switch|p2a: Darmanitan|Darmanitan-Galar, F|100/100
|turn|14
|
|move|p2a: Darmanitan|Superpower|p1a: Melmetal
|-supereffective|p1a: Melmetal
|-damage|p1a: Melmetal|0 fnt
|-unboost|p2a: Darmanitan|atk|1
|-unboost|p2a: Darmanitan|def|1
|faint|p1a: Melmetal
|
|upkeep
|
|switch|p1a: Reshiram|Reshiram|66/100
|-ability|p1a: Reshiram|Turboblaze
|turn|15
|-message|QiYu3 forfeited.
|
|win|Cinealma
|l|☆QiYu3
|raw|QiYu3's rating: 1646 &rarr; <strong>1613</strong><br />(-33 for losing)
|raw|Cinealma's rating: 1367 &rarr; <strong>1400</strong><br />(+33 for winning)
