|j|☆hjuyttdd
|j|☆4125al41
|t:|1605431717
|player|p1|hjuyttdd|battlegirl-gen4|
|player|p2|4125al41|steven|
|teamsize|p1|6
|teamsize|p2|6
|gametype|singles
|gen|8
|tier|[Gen 8] Ubers
|rated|Tournament battle
|clearpoke
|poke|p1|Ho-Oh|
|poke|p1|Eternatus|
|poke|p1|Necrozma-Dusk-Mane|
|poke|p1|Zygarde|
|poke|p1|Kyogre|
|poke|p1|Yveltal|
|poke|p2|Zacian-Crowned|
|poke|p2|Marshadow|
|poke|p2|Eternatus|
|poke|p2|Necrozma-Dusk-Mane|
|poke|p2|Yveltal|
|poke|p2|Calyrex-Shadow|
|rule|Sleep Clause Mod: Limit one foe put to sleep
|rule|Species Clause: Limit one of each Pokémon
|rule|OHKO Clause: OHKO moves are banned
|rule|Evasion Moves Clause: Evasion moves are banned
|rule|Endless Battle Clause: Forcing endless battles is banned
|rule|HP Percentage Mod: HP is shown in percentages
|teampreview
|j| Raph369
|j| Mega zygarde-99%
|j| explodinghepatitis
|l| explodinghepatitis
|c|☆hjuyttdd|look at that defensive core
|j| DillonTheDragonite
|c|☆hjuyttdd|nasty af
|c|☆hjuyttdd|to bad zygarde fucks it
|
|t:|1605431820
|start
|switch|p1a: Yveltal|Yveltal|100/100
|switch|p2a: Yveltal|Yveltal|100/100
|-ability|p2a: Yveltal|Dark Aura
|-ability|p1a: Yveltal|Dark Aura
|turn|1
|
|t:|1605431827
|switch|p2a: WallDestructor|Zacian-Crowned|100/100
|-ability|p2a: WallDestructor|Intrepid Sword|boost
|-boost|p2a: WallDestructor|atk|1
|switch|p1a: Eternatus|Eternatus|100/100
|-ability|p1a: Eternatus|Pressure
|
|upkeep
|turn|2
|
|t:|1605431833
|switch|p1a: Necrozma|Necrozma-Dusk-Mane|100/100
|move|p2a: WallDestructor|Behemoth Blade|p1a: Necrozma
|-resisted|p1a: Necrozma
|-damage|p1a: Necrozma|77/100
|
|-heal|p1a: Necrozma|83/100|[from] item: Leftovers
|upkeep
|turn|3
|inactive|Battle timer is ON: inactive players will automatically lose when time's up. (requested by hjuyttdd)
|
|t:|1605431837
|switch|p2a: Necrozma|Necrozma-Dusk-Mane|100/100
|move|p1a: Necrozma|Stealth Rock|p2a: Necrozma
|-sidestart|p2: 4125al41|move: Stealth Rock
|
|-heal|p1a: Necrozma|89/100|[from] item: Leftovers
|upkeep
|turn|4
|
|t:|1605431842
|switch|p1a: Zygarde|Zygarde|100/100
|move|p2a: Necrozma|Stealth Rock|p1a: Zygarde
|-sidestart|p1: hjuyttdd|move: Stealth Rock
|
|upkeep
|turn|5
|
|t:|1605431848
|switch|p2a: tensa-zangetsu|Marshadow|100/100
|-damage|p2a: tensa-zangetsu|94/100|[from] Stealth Rock
|move|p1a: Zygarde|Thousand Arrows|p2a: tensa-zangetsu
|-damage|p2a: tensa-zangetsu|56/100
|
|upkeep
|turn|6
|c|☆hjuyttdd|i swear if this is
|c|☆hjuyttdd|endeavor or counter
|
|t:|1605431871
|switch|p2a: WallDestructor|Zacian-Crowned|100/100
|-damage|p2a: WallDestructor|94/100|[from] Stealth Rock
|-ability|p2a: WallDestructor|Intrepid Sword|boost
|-boost|p2a: WallDestructor|atk|1
|switch|p1a: Eternatus|Eternatus|100/100
|-damage|p1a: Eternatus|88/100|[from] Stealth Rock
|-ability|p1a: Eternatus|Pressure
|
|upkeep
|turn|7
|
|t:|1605431875
|switch|p1a: Necrozma|Necrozma-Dusk-Mane|89/100
|-damage|p1a: Necrozma|83/100|[from] Stealth Rock
|move|p2a: WallDestructor|Behemoth Blade|p1a: Necrozma
|-resisted|p1a: Necrozma
|-crit|p1a: Necrozma
|-damage|p1a: Necrozma|47/100
|
|-heal|p1a: Necrozma|53/100|[from] item: Leftovers
|upkeep
|turn|8
|
|t:|1605431881
|switch|p2a: Calyrex|Calyrex-Shadow|100/100
|-ability|p2a: Calyrex|As One
|-ability|p2a: Calyrex|Unnerve|p1: hjuyttdd
|-damage|p2a: Calyrex|88/100|[from] Stealth Rock
|move|p1a: Necrozma|Morning Sun|p1a: Necrozma
|-heal|p1a: Necrozma|100/100
|
|upkeep
|turn|9
|
|t:|1605431887
|switch|p1a: Yveltal|Yveltal|100/100
|-ability|p1a: Yveltal|Dark Aura
|move|p2a: Calyrex|Astral Barrage|p1a: Yveltal
|-resisted|p1a: Yveltal
|-damage|p1a: Yveltal|70/100
|
|upkeep
|turn|10
|
|t:|1605431895
|switch|p2a: WallDestructor|Zacian-Crowned|94/100
|-damage|p2a: WallDestructor|88/100|[from] Stealth Rock
|-ability|p2a: WallDestructor|Intrepid Sword|boost
|-boost|p2a: WallDestructor|atk|1
|move|p1a: Yveltal|U-turn|p2a: WallDestructor
|-resisted|p2a: WallDestructor
|-damage|p2a: WallDestructor|84/100
|
|t:|1605431901
|switch|p1a: Ho-Oh|Ho-Oh|100/100|[from]move: U-turn
|
|upkeep
|turn|11
|
|t:|1605431905
|move|p2a: WallDestructor|Wild Charge|p1a: Ho-Oh
|-supereffective|p1a: Ho-Oh
|-damage|p1a: Ho-Oh|13/100
|-damage|p2a: WallDestructor|56/100|[from] Recoil
|move|p1a: Ho-Oh|Sacred Fire|p2a: WallDestructor
|-supereffective|p2a: WallDestructor
|-damage|p2a: WallDestructor|0 fnt
|faint|p2a: WallDestructor
|
|upkeep
|
|t:|1605431911
|switch|p2a: Calyrex|Calyrex-Shadow|88/100
|-ability|p2a: Calyrex|As One
|-ability|p2a: Calyrex|Unnerve|p1: hjuyttdd
|-damage|p2a: Calyrex|76/100|[from] Stealth Rock
|turn|12
|
|t:|1605431914
|switch|p1a: Yveltal|Yveltal|70/100
|-ability|p1a: Yveltal|Dark Aura
|move|p2a: Calyrex|Astral Barrage|p1a: Yveltal
|-resisted|p1a: Yveltal
|-damage|p1a: Yveltal|40/100
|
|upkeep
|turn|13
|
|t:|1605431918
|-start|p2a: Calyrex|Dynamax
|-heal|p2a: Calyrex|76/100|[silent]
|move|p1a: Yveltal|Sucker Punch|p2a: Calyrex
|-supereffective|p2a: Calyrex
|-damage|p2a: Calyrex|0 fnt
|faint|p2a: Calyrex
|
|upkeep
|
|t:|1605431922
|switch|p2a: Eternatus|Eternatus|100/100
|-damage|p2a: Eternatus|88/100|[from] Stealth Rock
|-ability|p2a: Eternatus|Pressure
|turn|14
|
|t:|1605431927
|move|p2a: Eternatus|Dynamax Cannon|p1a: Yveltal
|-damage|p1a: Yveltal|0 fnt
|-damage|p2a: Eternatus|78/100|[from] item: Life Orb
|faint|p1a: Yveltal
|
|upkeep
|c|☆hjuyttdd|oh its life orb
|
|t:|1605431942
|switch|p1a: Eternatus|Eternatus|88/100
|-damage|p1a: Eternatus|76/100|[from] Stealth Rock
|-ability|p1a: Eternatus|Pressure
|turn|15
|
|t:|1605431945
|move|p2a: Eternatus|Dynamax Cannon|p1a: Eternatus
|-supereffective|p1a: Eternatus
|-enditem|p1a: Eternatus|Haban Berry|[eat]
|-enditem|p1a: Eternatus|Haban Berry|[weaken]
|-damage|p1a: Eternatus|25/100
|-damage|p2a: Eternatus|68/100|[from] item: Life Orb
|move|p1a: Eternatus|Dynamax Cannon|p2a: Eternatus
|-supereffective|p2a: Eternatus
|-damage|p2a: Eternatus|0 fnt
|faint|p2a: Eternatus
|
|upkeep
|c| Raph369|oof
|
|t:|1605431950
|switch|p2a: Yveltal|Yveltal|100/100
|-damage|p2a: Yveltal|76/100|[from] Stealth Rock
|-ability|p2a: Yveltal|Dark Aura
|turn|16
|c|☆hjuyttdd|i lost to palkia
|c|☆hjuyttdd|so i changed it a bit
|l| DillonTheDragonite
|c|☆hjuyttdd|but now stupid yveltal wins
|inactive|hjuyttdd has 120 seconds left.
|
|t:|1605431982
|move|p2a: Yveltal|Dark Pulse|p1a: Eternatus
|-damage|p1a: Eternatus|0 fnt
|faint|p1a: Eternatus
|
|upkeep
|
|t:|1605431986
|switch|p1a: Ho-Oh|Ho-Oh|47/100
|turn|17
|
|t:|1605431997
|switch|p1a: Necrozma|Necrozma-Dusk-Mane|100/100
|-damage|p1a: Necrozma|94/100|[from] Stealth Rock
|move|p2a: Yveltal|Dark Pulse|p1a: Necrozma
|-supereffective|p1a: Necrozma
|-damage|p1a: Necrozma|27/100
|
|-heal|p1a: Necrozma|33/100|[from] item: Leftovers
|upkeep
|turn|18
|c| Raph369|you can do it
|
|t:|1605432001
|move|p2a: Yveltal|Dark Pulse|p1a: Necrozma
|-supereffective|p1a: Necrozma
|-damage|p1a: Necrozma|0 fnt
|faint|p1a: Necrozma
|
|upkeep
|
|t:|1605432004
|switch|p1a: Ho-Oh|Ho-Oh|80/100
|turn|19
|
|t:|1605432009
|switch|p2a: Necrozma|Necrozma-Dusk-Mane|100/100
|-damage|p2a: Necrozma|94/100|[from] Stealth Rock
|-start|p1a: Ho-Oh|Dynamax
|-heal|p1a: Ho-Oh|80/100|[silent]
|move|p1a: Ho-Oh|Max Flare|p2a: Necrozma
|-supereffective|p2a: Necrozma
|-damage|p2a: Necrozma|44/100
|-weather|SunnyDay
|
|-weather|SunnyDay|[upkeep]
|-heal|p2a: Necrozma|50/100|[from] item: Leftovers
|upkeep
|turn|20
|
|t:|1605432013
|move|p1a: Ho-Oh|Max Flare|p2a: Necrozma
|-supereffective|p2a: Necrozma
|-damage|p2a: Necrozma|0 fnt
|faint|p2a: Necrozma
|
|-weather|SunnyDay|[upkeep]
|upkeep
|
|t:|1605432017
|switch|p2a: tensa-zangetsu|Marshadow|56/100
|-damage|p2a: tensa-zangetsu|50/100|[from] Stealth Rock
|turn|21
|c|☆hjuyttdd|oh i will now
|
|t:|1605432022
|move|p2a: tensa-zangetsu|Spectral Thief|p1a: Ho-Oh
|-damage|p1a: Ho-Oh|63/100
|move|p1a: Ho-Oh|Max Flare|p2a: tensa-zangetsu
|-damage|p2a: tensa-zangetsu|0 fnt
|faint|p2a: tensa-zangetsu
|
|-weather|SunnyDay|[upkeep]
|-end|p1a: Ho-Oh|Dynamax
|-heal|p1a: Ho-Oh|63/100|[silent]
|upkeep
|
|t:|1605432027
|switch|p2a: Yveltal|Yveltal|76/100
|-damage|p2a: Yveltal|51/100|[from] Stealth Rock
|-ability|p2a: Yveltal|Dark Aura
|turn|22
|c|☆hjuyttdd|for u
|
|t:|1605432032
|move|p2a: Yveltal|Dark Pulse|p1a: Ho-Oh
|-damage|p1a: Ho-Oh|35/100
|move|p1a: Ho-Oh|Sacred Fire|p2a: Yveltal
|-damage|p2a: Yveltal|0 fnt
|faint|p2a: Yveltal
|
|win|hjuyttdd
