|j|☆QiYu4
|j|☆gmax challenge
|player|p1|QiYu4|psychic-gen4|1670
|player|p2|gmax challenge|169|1603
|teamsize|p1|6
|teamsize|p2|6
|gametype|singles
|gen|8
|tier|[Gen 8] Ubers
|rated|
|clearpoke
|poke|p1|Melmetal|
|poke|p1|Reshiram|
|poke|p1|Hatterene, F|
|poke|p1|Necrozma-Dusk-Mane|
|poke|p1|Lunala|
|poke|p1|Mimikyu, L1, M|
|poke|p2|Mew|
|poke|p2|Necrozma-Dusk-Mane|
|poke|p2|Dracovish|
|poke|p2|Lunala|
|poke|p2|Copperajah, M|
|poke|p2|Zacian-Crowned|
|rule|Sleep Clause Mod: Limit one foe put to sleep
|rule|Species Clause: Limit one of each Pokémon
|rule|OHKO Clause: OHKO moves are banned
|rule|Evasion Moves Clause: Evasion moves are banned
|rule|Endless Battle Clause: Forcing endless battles is banned
|rule|HP Percentage Mod: HP is shown in percentages
|teampreview
|
|start
|switch|p1a: Lunala|Lunala|100/100
|switch|p2a: Mew|Mew|100/100
|turn|1
|
|move|p1a: Lunala|Moongeist Beam|p2a: Mew
|-supereffective|p2a: Mew
|-enditem|p2a: Mew|Focus Sash
|-damage|p2a: Mew|1/100
|move|p2a: Mew|Trick Room|p2a: Mew
|-fieldstart|move: Trick Room|[of] p2a: Mew
|
|upkeep
|turn|2
|
|switch|p1a: Hatterene|Hatterene, F|100/100
|move|p2a: Mew|Stealth Rock|p1a: Hatterene
|move|p1a: Hatterene|Stealth Rock|p2a: Mew|[from]Magic Bounce
|-sidestart|p2: gmax challenge|move: Stealth Rock
|
|upkeep
|turn|3
|
|move|p1a: Hatterene|Mystical Fire|p2a: Mew
|-damage|p2a: Mew|0 fnt
|-damage|p1a: Hatterene|91/100|[from] item: Life Orb
|faint|p2a: Mew
|
|upkeep
|
|switch|p2a: Copperajah|Copperajah, M|100/100
|-damage|p2a: Copperajah|94/100|[from] Stealth Rock
|turn|4
|
|-start|p2a: Copperajah|Dynamax
|-formechange|p2a: Copperajah|Copperajah-Gmax
|-heal|p2a: Copperajah|94/100|[silent]
|move|p1a: Hatterene|Mystical Fire|p2a: Copperajah
|-supereffective|p2a: Copperajah
|-damage|p2a: Copperajah|55/100
|-unboost|p2a: Copperajah|spa|1
|-damage|p1a: Hatterene|81/100|[from] item: Life Orb
|move|p2a: Copperajah|G-Max Steelsurge|p1a: Hatterene
|-supereffective|p1a: Hatterene
|-damage|p1a: Hatterene|0 fnt
|-sidestart|p1: QiYu4|move: G-Max Steelsurge
|-damage|p2a: Copperajah|50/100|[from] item: Life Orb
|faint|p1a: Hatterene
|
|upkeep
|
|switch|p1a: Necrozma|Necrozma-Dusk-Mane|100/100
|-damage|p1a: Necrozma|94/100|[from] G-Max Steelsurge
|turn|5
|
|-start|p1a: Necrozma|Dynamax
|-heal|p1a: Necrozma|94/100|[silent]
|move|p2a: Copperajah|Max Flare|p1a: Necrozma
|-supereffective|p1a: Necrozma
|-damage|p1a: Necrozma|59/100
|-enditem|p1a: Necrozma|Weakness Policy
|-boost|p1a: Necrozma|atk|2|[from] item: Weakness Policy
|-boost|p1a: Necrozma|spa|2|[from] item: Weakness Policy
|-weather|SunnyDay
|-damage|p2a: Copperajah|45/100|[from] item: Life Orb
|move|p1a: Necrozma|Max Quake|p2a: Copperajah
|-supereffective|p2a: Copperajah
|-damage|p2a: Copperajah|0 fnt
|-boost|p1a: Necrozma|spd|1
|faint|p2a: Copperajah
|
|-weather|SunnyDay|[upkeep]
|-fieldend|move: Trick Room
|upkeep
|
|switch|p2a: Lunala|Lunala|100/100
|turn|6
|
|move|p1a: Necrozma|Max Darkness|p2a: Lunala
|-supereffective|p2a: Lunala
|-damage|p2a: Lunala|0 fnt
|faint|p2a: Lunala
|
|-weather|SunnyDay|[upkeep]
|upkeep
|-message|gmax challenge forfeited.
|
|win|QiYu4
|l|☆gmax challenge
|raw|QiYu4's rating: 1670 &rarr; <strong>1686</strong><br />(+16 for winning)
|raw|gmax challenge's rating: 1603 &rarr; <strong>1587</strong><br />(-16 for losing)
|l|☆QiYu4
