|j|☆Pokemon4evers
|j|☆Malkobaran
|t:|1617698191
|gametype|singles
|player|p1|Pokemon4evers|lucas|1373
|player|p2|Malkobaran|1|1416
|teamsize|p1|6
|teamsize|p2|6
|gen|8
|tier|[Gen 8] Ubers
|rated|
|clearpoke
|poke|p1|Buzzwole|
|poke|p1|Necrozma-Dusk-Mane|
|poke|p1|Xerneas|
|poke|p1|Palkia|
|poke|p1|Yveltal|
|poke|p1|Dialga|
|poke|p2|Calyrex-Shadow|
|poke|p2|Eternatus|
|poke|p2|Ho-Oh|
|poke|p2|Necrozma-Dusk-Mane|
|poke|p2|Yveltal|
|poke|p2|Regieleki|
|rule|Sleep Clause Mod: Limit one foe put to sleep
|rule|Species Clause: Limit one of each Pokémon
|rule|OHKO Clause: OHKO moves are banned
|rule|Evasion Moves Clause: Evasion moves are banned
|rule|Endless Battle Clause: Forcing endless battles is banned
|rule|HP Percentage Mod: HP is shown in percentages
|rule|Dynamax Clause: You cannot dynamax
|teampreview
|inactive|Battle timer is ON: inactive players will automatically lose when time's up. (requested by Pokemon4evers)
|inactive|Malkobaran also wants the timer to be on.
|
|t:|1617698226
|start
|switch|p1a: Dialga|Dialga|100/100
|switch|p2a: Regieleki|Regieleki|100/100
|-ability|p1a: Dialga|Pressure
|turn|1
|
|t:|1617698235
|move|p2a: Regieleki|Volt Switch|p1a: Dialga
|-resisted|p1a: Dialga
|-damage|p1a: Dialga|72/100
|
|t:|1617698239
|switch|p2a: Yveltal|Yveltal|100/100|[from]move: Volt Switch
|-ability|p2a: Yveltal|Dark Aura
|move|p1a: Dialga|Dragon Pulse|p2a: Yveltal
|-damage|p2a: Yveltal|38/100
|
|upkeep
|turn|2
|
|t:|1617698244
|move|p1a: Dialga|Dragon Pulse|p2a: Yveltal
|-damage|p2a: Yveltal|0 fnt
|faint|p2a: Yveltal
|
|upkeep
|
|t:|1617698247
|switch|p2a: Calyrex|Calyrex-Shadow|100/100
|-ability|p2a: Calyrex|As One
|-ability|p2a: Calyrex|Unnerve
|turn|3
|
|t:|1617698256
|switch|p1a: Yveltal|Yveltal|100/100
|-ability|p1a: Yveltal|Dark Aura
|move|p2a: Calyrex|Will-O-Wisp|p1a: Yveltal|[miss]
|-miss|p2a: Calyrex|p1a: Yveltal
|
|upkeep
|turn|4
|
|t:|1617698267
|switch|p2a: Eternatus|Eternatus|100/100
|-ability|p2a: Eternatus|Pressure
|move|p1a: Yveltal|Snarl|p2a: Eternatus
|-damage|p2a: Eternatus|78/100
|-unboost|p2a: Eternatus|spa|1
|
|-heal|p2a: Eternatus|84/100|[from] item: Black Sludge
|upkeep
|turn|5
|
|t:|1617698276
|switch|p1a: Dialga|Dialga|72/100
|-ability|p1a: Dialga|Pressure
|move|p2a: Eternatus|Toxic|p1a: Dialga
|-immune|p1a: Dialga
|
|-heal|p2a: Eternatus|90/100|[from] item: Black Sludge
|upkeep
|turn|6
|
|t:|1617698287
|switch|p2a: Ho-Oh|Ho-Oh|100/100
|move|p1a: Dialga|Power Gem|p2a: Ho-Oh
|-supereffective|p2a: Ho-Oh
|-damage|p2a: Ho-Oh|7/100
|
|upkeep
|turn|7
|
|t:|1617698295
|switch|p2a: Necrozma|Necrozma-Dusk-Mane|100/100
|move|p1a: Dialga|Power Gem|p2a: Necrozma
|-resisted|p2a: Necrozma
|-damage|p2a: Necrozma|81/100
|
|-heal|p2a: Necrozma|87/100|[from] item: Leftovers
|upkeep
|turn|8
|
|t:|1617698317
|switch|p1a: Buzzwole|Buzzwole|100/100
|move|p2a: Necrozma|Stealth Rock|p1a: Buzzwole
|-sidestart|p1: Pokemon4evers|move: Stealth Rock
|
|-heal|p2a: Necrozma|93/100|[from] item: Leftovers
|upkeep
|turn|9
|
|t:|1617698339
|switch|p2a: Ho-Oh|Ho-Oh|40/100
|move|p1a: Buzzwole|Bulk Up|p1a: Buzzwole
|-boost|p1a: Buzzwole|atk|1
|-boost|p1a: Buzzwole|def|1
|
|upkeep
|turn|10
|
|t:|1617698363
|switch|p1a: Palkia|Palkia|100/100
|-damage|p1a: Palkia|88/100|[from] Stealth Rock
|-ability|p1a: Palkia|Pressure
|move|p2a: Ho-Oh|Brave Bird|p1a: Palkia
|-damage|p1a: Palkia|37/100
|-damage|p2a: Ho-Oh|27/100|[from] Recoil
|
|upkeep
|turn|11
|
|t:|1617698375
|switch|p2a: Necrozma|Necrozma-Dusk-Mane|93/100
|move|p1a: Palkia|Spacial Rend|p2a: Necrozma
|-resisted|p2a: Necrozma
|-crit|p2a: Necrozma
|-damage|p2a: Necrozma|53/100
|
|-heal|p2a: Necrozma|59/100|[from] item: Leftovers
|upkeep
|turn|12
|
|t:|1617698381
|move|p1a: Palkia|Hydro Pump|p2a: Necrozma
|-damage|p2a: Necrozma|0 fnt
|faint|p2a: Necrozma
|
|upkeep
|
|t:|1617698385
|switch|p2a: Eternatus|Eternatus|90/100
|-ability|p2a: Eternatus|Pressure
|turn|13
|
|t:|1617698393
|switch|p2a: Regieleki|Regieleki|100/100
|move|p1a: Palkia|Spacial Rend|p2a: Regieleki
|-damage|p2a: Regieleki|0 fnt
|faint|p2a: Regieleki
|
|upkeep
|-message|Malkobaran forfeited.
|
|win|Pokemon4evers
|raw|Pokemon4evers's rating: 1373 &rarr; <strong>1395</strong><br />(+22 for winning)
|raw|Malkobaran's rating: 1416 &rarr; <strong>1394</strong><br />(-22 for losing)
|l|☆Malkobaran
