|j|☆Atandyue2
|j|☆ULTW5R Mo
|player|p1|Atandyue2|twins-gen4|1551
|player|p2|ULTW5R Mo|dragontamer|1466
|teamsize|p1|6
|teamsize|p2|6
|gametype|singles
|gen|8
|tier|[Gen 8] Ubers
|rated|
|clearpoke
|poke|p1|Reshiram|
|poke|p1|Toxapex, M|
|poke|p1|Natu, F|
|poke|p1|Ferrothorn, M|
|poke|p1|Hydreigon, M|
|poke|p1|Umbreon, M|
|poke|p2|Zacian-Crowned|
|poke|p2|Eternatus|
|poke|p2|Charizard, M|
|poke|p2|Mandibuzz, F|
|poke|p2|Zamazenta-Crowned|
|poke|p2|Seismitoad, M|
|rule|Sleep Clause Mod: Limit one foe put to sleep
|rule|Species Clause: Limit one of each Pokémon
|rule|OHKO Clause: OHKO moves are banned
|rule|Evasion Moves Clause: Evasion moves are banned
|rule|Endless Battle Clause: Forcing endless battles is banned
|rule|HP Percentage Mod: HP is shown in percentages
|html|Ubers Dynamax Clause: Pokémon on the <a href="https://www.smogon.com/dex/ss/formats/uber/">Ubers Dynamax Banlist</a> cannot Dynamax.
|teampreview
|
|start
|switch|p1a: Hydreigon|Hydreigon, M|100/100
|switch|p2a: Zacian|Zacian-Crowned|100/100
|-ability|p2a: Zacian|Intrepid Sword|boost
|-boost|p2a: Zacian|atk|1
|turn|1
|
|switch|p1a: Toxapex|Toxapex, M|100/100
|move|p2a: Zacian|Play Rough|p1a: Toxapex
|-resisted|p1a: Toxapex
|-damage|p1a: Toxapex|75/100
|-damage|p2a: Zacian|84/100|[from] item: Rocky Helmet|[of] p1a: Toxapex
|
|upkeep
|turn|2
|
|switch|p2a: Seismitoad|Seismitoad, M|100/100
|switch|p1a: Reshiram|Reshiram|100/100
|-ability|p1a: Reshiram|Turboblaze
|
|upkeep
|turn|3
|
|switch|p1a: 阿炭点曰|Natu, F|100/100
|switch|p2a: Mandibuzz|Mandibuzz, F|100/100
|
|upkeep
|turn|4
|
|switch|p2a: Seismitoad|Seismitoad, M|100/100
|move|p1a: 阿炭点曰|Toxic|p2a: Seismitoad
|-status|p2a: Seismitoad|tox
|
|-damage|p2a: Seismitoad|94/100 tox|[from] psn
|upkeep
|turn|5
|
|move|p2a: Seismitoad|Scald|p1a: 阿炭点曰
|-damage|p1a: 阿炭点曰|66/100
|move|p1a: 阿炭点曰|Night Shade|p2a: Seismitoad
|-damage|p2a: Seismitoad|70/100 tox
|
|-heal|p2a: Seismitoad|76/100 tox|[from] item: Leftovers
|-damage|p2a: Seismitoad|64/100 tox|[from] psn
|upkeep
|turn|6
|
|switch|p2a: Zacian|Zacian-Crowned|84/100
|-ability|p2a: Zacian|Intrepid Sword|boost
|-boost|p2a: Zacian|atk|1
|move|p1a: 阿炭点曰|Roost|p1a: 阿炭点曰
|-heal|p1a: 阿炭点曰|100/100
|-singleturn|p1a: 阿炭点曰|move: Roost
|
|upkeep
|turn|7
|
|switch|p1a: Toxapex|Toxapex, M|100/100
|move|p2a: Zacian|Swords Dance|p2a: Zacian
|-boost|p2a: Zacian|atk|2
|
|upkeep
|turn|8
|
|move|p2a: Zacian|Behemoth Blade|p1a: Toxapex
|-resisted|p1a: Toxapex
|-damage|p1a: Toxapex|51/100
|-damage|p2a: Zacian|67/100|[from] item: Rocky Helmet|[of] p1a: Toxapex
|move|p1a: Toxapex|Haze|p1a: Toxapex
|-clearallboost
|
|upkeep
|turn|9
|
|move|p2a: Zacian|Swords Dance|p2a: Zacian
|-boost|p2a: Zacian|atk|2
|move|p1a: Toxapex|Recover|p1a: Toxapex
|-heal|p1a: Toxapex|100/100
|
|upkeep
|turn|10
|
|switch|p2a: Charizard|Charizard, M|100/100
|move|p1a: Toxapex|Haze|p1a: Toxapex
|-clearallboost
|
|upkeep
|turn|11
|
|move|p2a: Charizard|Work Up|p2a: Charizard
|-boost|p2a: Charizard|atk|1
|-boost|p2a: Charizard|spa|1
|move|p1a: Toxapex|Toxic Spikes|p2a: Charizard
|-sidestart|p2: ULTW5R Mo|move: Toxic Spikes
|
|upkeep
|turn|12
|
|-start|p2a: Charizard|Dynamax
|-formechange|p2a: Charizard|Charizard-Gmax
|-heal|p2a: Charizard|100/100|[silent]
|move|p2a: Charizard|Max Airstream|p1a: Toxapex
|-crit|p1a: Toxapex
|-damage|p1a: Toxapex|0 fnt
|-boost|p2a: Charizard|spe|1
|faint|p1a: Toxapex
|
|upkeep
|inactive|Battle timer is ON: inactive players will automatically lose when time's up. (requested by ULTW5R Mo)
|
|switch|p1a: Umbreon|Umbreon, M|100/100
|turn|13
|
|move|p2a: Charizard|G-Max Wildfire|p1a: Umbreon
|-damage|p1a: Umbreon|53/100
|-sidestart|p1: Atandyue2|G-Max Wildfire
|move|p1a: Umbreon|Wish|p1a: Umbreon
|
|-heal|p1a: Umbreon|59/100|[from] item: Leftovers
|-damage|p1a: Umbreon|43/100|[from] G-Max Wildfire
|upkeep
|turn|14
|l|☆Atandyue2
|inactive|Atandyue2 disconnected and has a minute to reconnect!
|player|p1|
|j|☆Atandyue2
|inactive|Atandyue2 reconnected and has 125 seconds left.
|player|p1|Atandyue2|twins-gen4
|inactive|Atandyue2 has 120 seconds left.
|
|move|p1a: Umbreon|Protect|p1a: Umbreon
|-singleturn|p1a: Umbreon|Protect
|move|p2a: Charizard|Max Airstream|p1a: Umbreon
|-zbroken|p1a: Umbreon
|-damage|p1a: Umbreon|31/100
|-boost|p2a: Charizard|spe|1
|
|-heal|p1a: Umbreon|81/100|[from] move: Wish|[wisher] Umbreon
|-heal|p1a: Umbreon|87/100|[from] item: Leftovers
|-damage|p1a: Umbreon|70/100|[from] G-Max Wildfire
|-end|p2a: Charizard|Dynamax
|-formechange|p2a: Charizard|Charizard
|-heal|p2a: Charizard|100/100|[silent]
|upkeep
|turn|15
|
|move|p2a: Charizard|Work Up|p2a: Charizard
|-boost|p2a: Charizard|atk|1
|-boost|p2a: Charizard|spa|1
|move|p1a: Umbreon|Wish|p1a: Umbreon
|
|-heal|p1a: Umbreon|76/100|[from] item: Leftovers
|-damage|p1a: Umbreon|60/100|[from] G-Max Wildfire
|upkeep
|turn|16
|
|move|p2a: Charizard|Work Up|p2a: Charizard
|-boost|p2a: Charizard|atk|1
|-boost|p2a: Charizard|spa|1
|move|p1a: Umbreon|Snarl|p2a: Charizard
|-damage|p2a: Charizard|83/100
|-unboost|p2a: Charizard|spa|1
|
|-heal|p1a: Umbreon|100/100|[from] move: Wish|[wisher] Umbreon
|-damage|p1a: Umbreon|84/100|[from] G-Max Wildfire
|-sideend|p1: Atandyue2|G-Max Wildfire
|upkeep
|turn|17
|
|move|p2a: Charizard|Flamethrower|p1a: Umbreon
|-damage|p1a: Umbreon|34/100
|move|p1a: Umbreon|Snarl|p2a: Charizard
|-damage|p2a: Charizard|66/100
|-unboost|p2a: Charizard|spa|1
|
|-heal|p1a: Umbreon|40/100|[from] item: Leftovers
|upkeep
|turn|18
|
|move|p2a: Charizard|Flamethrower|p1a: Umbreon
|-damage|p1a: Umbreon|3/100
|move|p1a: Umbreon|Wish|p1a: Umbreon
|
|-heal|p1a: Umbreon|9/100|[from] item: Leftovers
|upkeep
|turn|19
|
|move|p1a: Umbreon|Protect|p1a: Umbreon
|-singleturn|p1a: Umbreon|Protect
|move|p2a: Charizard|Work Up|p2a: Charizard
|-boost|p2a: Charizard|atk|1
|-boost|p2a: Charizard|spa|1
|
|-heal|p1a: Umbreon|59/100|[from] move: Wish|[wisher] Umbreon
|-heal|p1a: Umbreon|65/100|[from] item: Leftovers
|upkeep
|turn|20
|
|move|p2a: Charizard|Air Slash|p1a: Umbreon
|-damage|p1a: Umbreon|27/100
|cant|p1a: Umbreon|flinch
|
|-heal|p1a: Umbreon|33/100|[from] item: Leftovers
|upkeep
|turn|21
|
|move|p2a: Charizard|Flamethrower|p1a: Umbreon
|-damage|p1a: Umbreon|0 fnt
|faint|p1a: Umbreon
|
|upkeep
|
|switch|p1a: Hydreigon|Hydreigon, M|100/100
|turn|22
|
|-start|p1a: Hydreigon|Dynamax
|-heal|p1a: Hydreigon|100/100|[silent]
|move|p2a: Charizard|Dragon Pulse|p1a: Hydreigon
|-supereffective|p1a: Hydreigon
|-damage|p1a: Hydreigon|39/100
|move|p1a: Hydreigon|Max Wyrmwind|p2a: Charizard
|-damage|p2a: Charizard|0 fnt
|faint|p2a: Charizard
|
|-heal|p1a: Hydreigon|42/100|[from] item: Leftovers
|upkeep
|
|switch|p2a: Zacian|Zacian-Crowned|67/100
|-ability|p2a: Zacian|Intrepid Sword|boost
|-boost|p2a: Zacian|atk|1
|turn|23
|
|-end|p1a: Hydreigon|Dynamax
|-heal|p1a: Hydreigon|42/100|[silent]
|switch|p1a: Reshiram|Reshiram|100/100
|-ability|p1a: Reshiram|Turboblaze
|move|p2a: Zacian|Behemoth Blade|p1a: Reshiram
|-resisted|p1a: Reshiram
|-damage|p1a: Reshiram|72/100
|
|upkeep
|turn|24
|
|move|p2a: Zacian|Play Rough|p1a: Reshiram
|-damage|p1a: Reshiram|21/100
|-unboost|p1a: Reshiram|atk|1
|move|p1a: Reshiram|Blue Flare|p2a: Zacian
|-supereffective|p2a: Zacian
|-damage|p2a: Zacian|0 fnt
|faint|p2a: Zacian
|
|upkeep
|
|switch|p2a: Eternatus|Eternatus|100/100
|-sideend|p2: ULTW5R Mo|move: Toxic Spikes|[of] p2a: Eternatus
|-ability|p2a: Eternatus|Pressure
|turn|25
|
|move|p2a: Eternatus|Sludge Bomb|p1a: Reshiram
|-damage|p1a: Reshiram|0 fnt
|faint|p1a: Reshiram
|
|upkeep
|
|switch|p1a: 阿炭点曰|Natu, F|100/100
|turn|26
|
|switch|p2a: Mandibuzz|Mandibuzz, F|100/100
|move|p1a: 阿炭点曰|Night Shade|p2a: Mandibuzz
|-damage|p2a: Mandibuzz|77/100
|
|upkeep
|turn|27
|
|switch|p2a: Zamazenta|Zamazenta-Crowned|100/100
|-ability|p2a: Zamazenta|Dauntless Shield|boost
|-boost|p2a: Zamazenta|def|1
|move|p1a: 阿炭点曰|Teleport|p1a: 阿炭点曰
|
|switch|p1a: Hydreigon|Hydreigon, M|42/100|[from]move: Teleport
|
|-heal|p1a: Hydreigon|48/100|[from] item: Leftovers
|upkeep
|turn|28
|inactive|Atandyue2 has 120 seconds left.
|l|☆Atandyue2
|inactive|Atandyue2 disconnected and has a minute to reconnect!
|player|p1|
|inactive|Atandyue2 has 30 seconds to reconnect!
|j|☆Atandyue2
|inactive|Atandyue2 reconnected and has 85 seconds left.
|player|p1|Atandyue2|twins-gen4
|
|switch|p1a: 阿炭点曰|Natu, F|100/100
|move|p2a: Zamazenta|Behemoth Bash|p1a: 阿炭点曰
|-damage|p1a: 阿炭点曰|54/100
|
|upkeep
|turn|29
|
|move|p2a: Zamazenta|Howl|p2a: Zamazenta
|-boost|p2a: Zamazenta|atk|1
|move|p1a: 阿炭点曰|Roost|p1a: 阿炭点曰
|-heal|p1a: 阿炭点曰|100/100
|-singleturn|p1a: 阿炭点曰|move: Roost
|
|upkeep
|turn|30
|
|move|p2a: Zamazenta|Wild Charge|p1a: 阿炭点曰
|-supereffective|p1a: 阿炭点曰
|-damage|p1a: 阿炭点曰|7/100
|-damage|p2a: Zamazenta|80/100|[from] Recoil
|move|p1a: 阿炭点曰|Night Shade|p2a: Zamazenta
|-damage|p2a: Zamazenta|49/100
|
|upkeep
|turn|31
|
|switch|p1a: Ferrothorn|Ferrothorn, M|100/100
|move|p2a: Zamazenta|Behemoth Bash|p1a: Ferrothorn
|-resisted|p1a: Ferrothorn
|-damage|p1a: Ferrothorn|76/100
|-damage|p2a: Zamazenta|37/100|[from] ability: Iron Barbs|[of] p1a: Ferrothorn
|
|-heal|p1a: Ferrothorn|82/100|[from] item: Leftovers
|upkeep
|turn|32
|
|move|p2a: Zamazenta|Close Combat|p1a: Ferrothorn
|-supereffective|p1a: Ferrothorn
|-damage|p1a: Ferrothorn|0 fnt
|-unboost|p2a: Zamazenta|def|1
|-unboost|p2a: Zamazenta|spd|1
|-damage|p2a: Zamazenta|24/100|[from] ability: Iron Barbs|[of] p1a: Ferrothorn
|faint|p1a: Ferrothorn
|
|upkeep
|-message|Atandyue2 forfeited.
|
|win|ULTW5R Mo
|l|☆Atandyue2
|raw|Atandyue2's rating: 1551 &rarr; <strong>1526</strong><br />(-25 for losing)
|raw|ULTW5R Mo's rating: 1466 &rarr; <strong>1490</strong><br />(+24 for winning)
