|j|☆Liarkingg
|j|☆Zerotti
|t:|1664992814
|gametype|singles
|player|p1|Liarkingg|backpacker|
|player|p2|Zerotti|lusamine-nihilego|
|teamsize|p1|6
|teamsize|p2|6
|gen|8
|tier|[Gen 8] Ubers
|rule|Sleep Clause Mod: Limit one foe put to sleep
|rule|Species Clause: Limit one of each Pokémon
|rule|OHKO Clause: OHKO moves are banned
|rule|Evasion Items Clause: Evasion items are banned
|rule|Evasion Moves Clause: Evasion moves are banned
|rule|Endless Battle Clause: Forcing endless battles is banned
|rule|HP Percentage Mod: HP is shown in percentages
|rule|Dynamax Clause: You cannot dynamax
|clearpoke
|poke|p1|Kyogre|
|poke|p1|Xerneas-*|
|poke|p1|Necrozma-Dusk-Mane|
|poke|p1|Ho-Oh|
|poke|p1|Naganadel|
|poke|p1|Marshadow|
|poke|p2|Kyogre|
|poke|p2|Marshadow|
|poke|p2|Yveltal|
|poke|p2|Calyrex-Shadow|
|poke|p2|Necrozma-Dusk-Mane|
|poke|p2|Eternatus|
|teampreview
|inactive|Battle timer is ON: inactive players will automatically lose when time's up. (requested by Zerotti)
|
|t:|1664992895
|start
|switch|p1a: Kyogre|Kyogre|100/100
|switch|p2a: Yveltal|Yveltal|100/100
|-weather|RainDance|[from] ability: Drizzle|[of] p1a: Kyogre
|-ability|p2a: Yveltal|Dark Aura
|turn|1
|
|t:|1664992908
|switch|p2a: Eternatus|Eternatus|100/100
|-ability|p2a: Eternatus|Pressure
|move|p1a: Kyogre|Water Spout|p2a: Eternatus
|-resisted|p2a: Eternatus
|-damage|p2a: Eternatus|60/100
|
|-weather|RainDance|[upkeep]
|upkeep
|turn|2
|
|t:|1664992922
|move|p1a: Kyogre|Water Spout|p2a: Eternatus
|-resisted|p2a: Eternatus
|-damage|p2a: Eternatus|23/100
|move|p2a: Eternatus|Recover|p2a: Eternatus
|-heal|p2a: Eternatus|73/100
|
|-weather|RainDance|[upkeep]
|upkeep
|turn|3
|
|t:|1664992932
|switch|p1a: Precozma|Necrozma-Dusk-Mane|100/100
|move|p2a: Eternatus|Mystical Fire|p1a: Precozma
|-supereffective|p1a: Precozma
|-damage|p1a: Precozma|86/100
|-unboost|p1a: Precozma|spa|1
|
|-weather|RainDance|[upkeep]
|upkeep
|turn|4
|
|t:|1664992946
|switch|p2a: Yveltal|Yveltal|100/100
|-ability|p2a: Yveltal|Dark Aura
|move|p1a: Precozma|Stealth Rock|p2a: Yveltal
|-sidestart|p2: Zerotti|move: Stealth Rock
|
|-weather|RainDance|[upkeep]
|upkeep
|turn|5
|inactive|Liarkingg has 270 seconds left.
|
|t:|1664992983
|switch|p1a: X videos|Xerneas|100/100
|-ability|p1a: X videos|Fairy Aura
|move|p2a: Yveltal|Knock Off|p1a: X videos
|-resisted|p1a: X videos
|-damage|p1a: X videos|81/100
|-enditem|p1a: X videos|Power Herb|[from] move: Knock Off|[of] p2a: Yveltal
|
|-weather|none
|upkeep
|turn|6
|inactive|Liarkingg has 270 seconds left.
|
|t:|1664992998
|switch|p1a: Feliz navidad|Ho-Oh|100/100
|switch|p2a: Necrozma|Necrozma-Dusk-Mane|100/100
|-damage|p2a: Necrozma|94/100|[from] Stealth Rock
|
|-heal|p2a: Necrozma|100/100|[from] item: Leftovers
|upkeep
|turn|7
|inactive|Liarkingg has 270 seconds left.
|
|t:|1664993009
|switch|p2a: Eternatus|Eternatus|73/100
|-ability|p2a: Eternatus|Pressure
|move|p1a: Feliz navidad|Sacred Fire|p2a: Eternatus
|-resisted|p2a: Eternatus
|-damage|p2a: Eternatus|57/100
|
|upkeep
|turn|8
|inactive|Liarkingg has 270 seconds left.
|
|t:|1664993023
|move|p2a: Eternatus|Recover|p2a: Eternatus
|-heal|p2a: Eternatus|100/100
|move|p1a: Feliz navidad|Brave Bird|p2a: Eternatus
|-damage|p2a: Eternatus|63/100
|-damage|p1a: Feliz navidad|86/100|[from] Recoil
|
|upkeep
|turn|9
|inactive|Liarkingg has 270 seconds left.
|
|t:|1664993051
|move|p2a: Eternatus|Recover|p2a: Eternatus
|-heal|p2a: Eternatus|100/100
|move|p1a: Feliz navidad|Sacred Fire|p2a: Eternatus
|-resisted|p2a: Eternatus
|-damage|p2a: Eternatus|84/100
|-status|p2a: Eternatus|brn
|
|-damage|p2a: Eternatus|78/100 brn|[from] brn
|upkeep
|turn|10
|
|t:|1664993064
|switch|p1a: Kyogre|Kyogre|100/100
|-weather|RainDance|[from] ability: Drizzle|[of] p1a: Kyogre
|move|p2a: Eternatus|Toxic|p1a: Kyogre
|-status|p1a: Kyogre|tox
|
|-weather|RainDance|[upkeep]
|-damage|p1a: Kyogre|94/100 tox|[from] psn
|-damage|p2a: Eternatus|72/100 brn|[from] brn
|upkeep
|turn|11
|
|t:|1664993080
|move|p1a: Kyogre|Water Spout|p2a: Eternatus
|-resisted|p2a: Eternatus
|-damage|p2a: Eternatus|36/100 brn
|move|p2a: Eternatus|Recover|p2a: Eternatus
|-heal|p2a: Eternatus|86/100 brn
|
|-weather|RainDance|[upkeep]
|-damage|p1a: Kyogre|82/100 tox|[from] psn
|-damage|p2a: Eternatus|80/100 brn|[from] brn
|upkeep
|turn|12
|
|t:|1664993096
|switch|p1a: Precozma|Necrozma-Dusk-Mane|86/100
|switch|p2a: Necrozma|Necrozma-Dusk-Mane|100/100
|-damage|p2a: Necrozma|94/100|[from] Stealth Rock
|
|-weather|RainDance|[upkeep]
|-heal|p2a: Necrozma|100/100|[from] item: Leftovers
|upkeep
|turn|13
|
|t:|1664993107
|move|p2a: Necrozma|Stealth Rock|p1a: Precozma
|-sidestart|p1: Liarkingg|move: Stealth Rock
|move|p1a: Precozma|Earthquake|p2a: Necrozma
|-supereffective|p2a: Necrozma
|-damage|p2a: Necrozma|65/100
|
|-weather|RainDance|[upkeep]
|-heal|p2a: Necrozma|71/100|[from] item: Leftovers
|upkeep
|turn|14
|inactive|Liarkingg has 240 seconds left.
|
|t:|1664993131
|switch|p2a: Yveltal|Yveltal|100/100
|-ability|p2a: Yveltal|Dark Aura
|move|p1a: Precozma|Sunsteel Strike|p2a: Yveltal
|-damage|p2a: Yveltal|65/100
|
|-weather|none
|upkeep
|turn|15
|inactive|Liarkingg has 240 seconds left.
|
|t:|1664993153
|switch|p1a: X videos|Xerneas|81/100
|-damage|p1a: X videos|68/100|[from] Stealth Rock
|-ability|p1a: X videos|Fairy Aura
|move|p2a: Yveltal|Roost|p2a: Yveltal
|-heal|p2a: Yveltal|100/100
|-singleturn|p2a: Yveltal|move: Roost
|
|upkeep
|turn|16
|
|t:|1664993165
|switch|p2a: Necrozma|Necrozma-Dusk-Mane|71/100
|-damage|p2a: Necrozma|65/100|[from] Stealth Rock
|move|p1a: X videos|Focus Blast|p2a: Necrozma
|-damage|p2a: Necrozma|41/100
|
|-heal|p2a: Necrozma|47/100|[from] item: Leftovers
|upkeep
|turn|17
|
|t:|1664993178
|switch|p1a: Feliz navidad|Ho-Oh|100/100
|move|p2a: Necrozma|Morning Sun|p2a: Necrozma
|-heal|p2a: Necrozma|97/100
|
|-heal|p2a: Necrozma|100/100|[from] item: Leftovers
|upkeep
|turn|18
|
|t:|1664993194
|switch|p2a: Eternatus|Eternatus|80/100 brn
|-ability|p2a: Eternatus|Pressure
|move|p1a: Feliz navidad|Sacred Fire|p2a: Eternatus
|-resisted|p2a: Eternatus
|-damage|p2a: Eternatus|63/100 brn
|
|-damage|p2a: Eternatus|57/100 brn|[from] brn
|upkeep
|turn|19
|inactive|Liarkingg has 210 seconds left.
|
|t:|1664993218
|move|p2a: Eternatus|Recover|p2a: Eternatus
|-heal|p2a: Eternatus|100/100 brn
|move|p1a: Feliz navidad|Brave Bird|p2a: Eternatus
|-damage|p2a: Eternatus|64/100 brn
|-damage|p1a: Feliz navidad|87/100|[from] Recoil
|
|-damage|p2a: Eternatus|58/100 brn|[from] brn
|upkeep
|turn|20
|inactive|Liarkingg has 210 seconds left.
|
|t:|1664993237
|move|p2a: Eternatus|Toxic|p1a: Feliz navidad
|-status|p1a: Feliz navidad|tox
|move|p1a: Feliz navidad|Brave Bird|p2a: Eternatus
|-damage|p2a: Eternatus|15/100 brn
|-damage|p1a: Feliz navidad|71/100 tox|[from] Recoil
|
|-damage|p1a: Feliz navidad|65/100 tox|[from] psn
|-damage|p2a: Eternatus|9/100 brn|[from] brn
|upkeep
|turn|21
|inactive|Liarkingg has 210 seconds left.
|
|t:|1664993263
|switch|p1a: Naganadel|Naganadel|100/100
|-damage|p1a: Naganadel|88/100|[from] Stealth Rock
|move|p2a: Eternatus|Recover|p2a: Eternatus
|-heal|p2a: Eternatus|59/100 brn
|
|-damage|p2a: Eternatus|53/100 brn|[from] brn
|upkeep
|turn|22
|
|t:|1664993278
|move|p1a: Naganadel|Sludge Bomb|p2a: Eternatus
|-resisted|p2a: Eternatus
|-damage|p2a: Eternatus|33/100 brn
|move|p2a: Eternatus|Dynamax Cannon|p1a: Naganadel
|-supereffective|p1a: Naganadel
|-damage|p1a: Naganadel|0 fnt
|faint|p1a: Naganadel
|
|-damage|p2a: Eternatus|27/100 brn|[from] brn
|upkeep
|inactive|Liarkingg has 180 seconds left.
|
|t:|1664993307
|switch|p1a: Kyogre|Kyogre|82/100 tox
|-damage|p1a: Kyogre|70/100 tox|[from] Stealth Rock
|-weather|RainDance|[from] ability: Drizzle|[of] p1a: Kyogre
|turn|23
|
|t:|1664993320
|move|p1a: Kyogre|Origin Pulse|p2a: Eternatus
|-resisted|p2a: Eternatus
|-damage|p2a: Eternatus|0 fnt
|faint|p2a: Eternatus
|
|-weather|RainDance|[upkeep]
|-damage|p1a: Kyogre|64/100 tox|[from] psn
|upkeep
|
|t:|1664993331
|switch|p2a: Kyogre|Kyogre|100/100
|-damage|p2a: Kyogre|88/100|[from] Stealth Rock
|turn|24
|inactive|Liarkingg has 180 seconds left.
|
|t:|1664993343
|move|p1a: Kyogre|Origin Pulse|p2a: Kyogre
|-resisted|p2a: Kyogre
|-damage|p2a: Kyogre|55/100
|move|p2a: Kyogre|Calm Mind|p2a: Kyogre
|-boost|p2a: Kyogre|spa|1
|-boost|p2a: Kyogre|spd|1
|
|-weather|RainDance|[upkeep]
|-damage|p1a: Kyogre|51/100 tox|[from] psn
|upkeep
|turn|25
|inactive|Liarkingg has 180 seconds left.
|
|t:|1664993363
|move|p1a: Kyogre|Origin Pulse|p2a: Kyogre|[miss]
|-miss|p1a: Kyogre|p2a: Kyogre
|move|p2a: Kyogre|Calm Mind|p2a: Kyogre
|-boost|p2a: Kyogre|spa|1
|-boost|p2a: Kyogre|spd|1
|
|-weather|RainDance|[upkeep]
|-damage|p1a: Kyogre|33/100 tox|[from] psn
|upkeep
|turn|26
|inactive|Liarkingg has 180 seconds left.
|
|t:|1664993387
|move|p1a: Kyogre|Origin Pulse|p2a: Kyogre
|-resisted|p2a: Kyogre
|-damage|p2a: Kyogre|41/100
|move|p2a: Kyogre|Scald|p1a: Kyogre
|-resisted|p1a: Kyogre
|-damage|p1a: Kyogre|0 fnt
|faint|p1a: Kyogre
|
|-weather|RainDance|[upkeep]
|upkeep
|inactive|Liarkingg has 150 seconds left.
|
|t:|1664993425
|switch|p1a: Marshadow|Marshadow|100/100
|-damage|p1a: Marshadow|94/100|[from] Stealth Rock
|turn|27
|
|t:|1664993444
|move|p1a: Marshadow|Spectral Thief||[still]
|-clearpositiveboost|p2a: Kyogre|p1a: Marshadow|move: Spectral Thief
|-boost|p1a: Marshadow|spa|2
|-boost|p1a: Marshadow|spd|2
|-anim|p1a: Marshadow|Spectral Thief|p2a: Kyogre
|-crit|p2a: Kyogre
|-damage|p2a: Kyogre|0 fnt
|faint|p2a: Kyogre
|
|-weather|none
|upkeep
|
|t:|1664993450
|switch|p2a: Necrozma|Necrozma-Dusk-Mane|100/100
|-damage|p2a: Necrozma|94/100|[from] Stealth Rock
|turn|28
|inactive|Liarkingg has 120 seconds left.
|inactive|Liarkingg has 90 seconds left.
|inactive|Liarkingg has 60 seconds left.
|inactive|Liarkingg has 30 seconds left.
|inactive|Liarkingg has 20 seconds left.
|inactive|Liarkingg has 15 seconds left.
|inactive|Liarkingg has 10 seconds left.
|inactive|Liarkingg has 5 seconds left.
|-message|Liarkingg lost due to inactivity.
|
|win|Zerotti
|l|☆Zerotti
|c|☆Liarkingg|A
|j|☆Zerotti
|player|p2|Zerotti|lusamine-nihilego
