|j|☆Banda Calypso
|j|☆killer whale squa
|t:|1620750424
|gametype|singles
|player|p1|Banda Calypso|schoolkid-gen4|1249
|player|p2|killer whale squa|dawn-gen4pt|1406
|teamsize|p1|6
|teamsize|p2|6
|gen|8
|tier|[Gen 8] Ubers
|rated|
|rule|Sleep Clause Mod: Limit one foe put to sleep
|rule|Species Clause: Limit one of each Pokémon
|rule|OHKO Clause: OHKO moves are banned
|rule|Evasion Moves Clause: Evasion moves are banned
|rule|Endless Battle Clause: Forcing endless battles is banned
|rule|HP Percentage Mod: HP is shown in percentages
|rule|Dynamax Clause: You cannot dynamax
|clearpoke
|poke|p1|Tapu Lele|
|poke|p1|Mewtwo|
|poke|p1|Calyrex-Shadow|
|poke|p1|Ho-Oh|
|poke|p1|Tyranitar, M|
|poke|p1|Magearna|
|poke|p2|Necrozma-Dusk-Mane|
|poke|p2|Calyrex-Shadow|
|poke|p2|Yveltal|
|poke|p2|Eternatus|
|poke|p2|Zygarde|
|poke|p2|Xerneas-*|
|teampreview
|j| RaccoonMarioFogo
|c|☆Banda Calypso|hello
|inactive|Battle timer is ON: inactive players will automatically lose when time's up. (requested by killer whale squa)
|
|t:|1620750473
|start
|updatepoke|p2: Xerneas|Xerneas
|switch|p1a: Tapu Lele|Tapu Lele|100/100
|switch|p2a: Necrozma|Necrozma-Dusk-Mane|100/100
|-fieldstart|move: Psychic Terrain|[from] ability: Psychic Surge|[of] p1a: Tapu Lele
|turn|1
|
|t:|1620750483
|switch|p1a: Ho-Oh|Ho-Oh|100/100
|move|p2a: Necrozma|Stealth Rock|p1a: Ho-Oh
|-sidestart|p1: Banda Calypso|move: Stealth Rock
|
|upkeep
|turn|2
|
|t:|1620750490
|switch|p2a: Eternatus|Eternatus|100/100
|-ability|p2a: Eternatus|Pressure
|move|p1a: Ho-Oh|Defog|p2a: Eternatus
|-unboost|p2a: Eternatus|evasion|1
|-sideend|p1: Banda Calypso|Stealth Rock|[from] move: Defog|[of] p1a: Ho-Oh
|-fieldend|move: Psychic Terrain
|
|upkeep
|turn|3
|
|t:|1620750512
|move|p2a: Eternatus|Flamethrower|p1a: Ho-Oh
|-resisted|p1a: Ho-Oh
|-damage|p1a: Ho-Oh|91/100
|move|p1a: Ho-Oh|Thunder Wave|p2a: Eternatus
|-status|p2a: Eternatus|par
|
|upkeep
|turn|4
|
|t:|1620750527
|switch|p1a: Tapu Lele|Tapu Lele|100/100
|-fieldstart|move: Psychic Terrain|[from] ability: Psychic Surge|[of] p1a: Tapu Lele
|move|p2a: Eternatus|Meteor Beam||[still]
|-prepare|p2a: Eternatus|Meteor Beam
|-boost|p2a: Eternatus|spa|1
|-enditem|p2a: Eternatus|Power Herb
|-anim|p2a: Eternatus|Meteor Beam|p1a: Tapu Lele
|-damage|p1a: Tapu Lele|23/100
|
|upkeep
|turn|5
|
|t:|1620750537
|switch|p2a: Yveltal|Yveltal|100/100
|-ability|p2a: Yveltal|Dark Aura
|move|p1a: Tapu Lele|Psyshock|p2a: Yveltal
|-immune|p2a: Yveltal
|
|upkeep
|turn|6
|
|t:|1620750546
|switch|p2a: Necrozma|Necrozma-Dusk-Mane|100/100
|move|p1a: Tapu Lele|Moonblast|p2a: Necrozma
|-resisted|p2a: Necrozma
|-damage|p2a: Necrozma|80/100
|
|upkeep
|turn|7
|
|t:|1620750569
|switch|p1a: Calyrex|Calyrex-Shadow|100/100
|-ability|p1a: Calyrex|As One
|-ability|p1a: Calyrex|Unnerve
|move|p2a: Necrozma|Sunsteel Strike|p1a: Calyrex
|-damage|p1a: Calyrex|40/100
|
|upkeep
|turn|8
|
|t:|1620750580
|switch|p2a: Yveltal|Yveltal|100/100
|-ability|p2a: Yveltal|Dark Aura
|move|p1a: Calyrex|Astral Barrage|p2a: Yveltal
|-resisted|p2a: Yveltal
|-damage|p2a: Yveltal|80/100
|
|upkeep
|turn|9
|
|t:|1620750590
|move|p1a: Calyrex|Draining Kiss|p2a: Yveltal
|-supereffective|p2a: Yveltal
|-damage|p2a: Yveltal|56/100
|-heal|p1a: Calyrex|64/100|[from] drain|[of] p2a: Yveltal
|move|p2a: Yveltal|Knock Off|p1a: Calyrex
|-supereffective|p1a: Calyrex
|-damage|p1a: Calyrex|0 fnt
|-enditem|p1a: Calyrex|Twisted Spoon|[from] move: Knock Off|[of] p2a: Yveltal
|faint|p1a: Calyrex
|
|upkeep
|
|t:|1620750600
|switch|p1a: Tapu Lele|Tapu Lele|23/100
|turn|10
|
|t:|1620750604
|switch|p1a: Mewtwo|Mewtwo|100/100
|-ability|p1a: Mewtwo|Pressure
|switch|p2a: Necrozma|Necrozma-Dusk-Mane|80/100
|
|upkeep
|turn|11
|inactive|killer whale squa has 120 seconds left.
|
|t:|1620750662
|switch|p2a: Eternatus|Eternatus|100/100 par
|-ability|p2a: Eternatus|Pressure
|move|p1a: Mewtwo|Focus Blast|p2a: Eternatus|[miss]
|-miss|p1a: Mewtwo|p2a: Eternatus
|
|-fieldend|move: Psychic Terrain
|upkeep
|turn|12
|inactive|Banda Calypso has 120 seconds left.
|
|t:|1620750712
|move|p1a: Mewtwo|Expanding Force|p2a: Eternatus
|-supereffective|p2a: Eternatus
|-damage|p2a: Eternatus|19/100 par
|move|p2a: Eternatus|Dynamax Cannon|p1a: Mewtwo
|-damage|p1a: Mewtwo|36/100
|
|upkeep
|turn|13
|
|t:|1620750721
|move|p1a: Mewtwo|Ice Beam|p2a: Eternatus
|-supereffective|p2a: Eternatus
|-damage|p2a: Eternatus|0 fnt
|faint|p2a: Eternatus
|
|upkeep
|
|t:|1620750729
|switch|p2a: Calyrex|Calyrex-Shadow|100/100
|-ability|p2a: Calyrex|As One
|-ability|p2a: Calyrex|Unnerve
|turn|14
|inactive|Banda Calypso has 120 seconds left.
|
|t:|1620750749
|switch|p1a: Tyranitar|Tyranitar, M|100/100
|-weather|Sandstorm|[from] ability: Sand Stream|[of] p1a: Tyranitar
|move|p2a: Calyrex|Astral Barrage|p1a: Tyranitar
|-resisted|p1a: Tyranitar
|-damage|p1a: Tyranitar|85/100
|
|-weather|Sandstorm|[upkeep]
|-damage|p2a: Calyrex|94/100|[from] Sandstorm
|upkeep
|turn|15
|
|t:|1620750755
|switch|p2a: Necrozma|Necrozma-Dusk-Mane|80/100
|move|p1a: Tyranitar|Foul Play|p2a: Necrozma
|-supereffective|p2a: Necrozma
|-damage|p2a: Necrozma|41/100
|-damage|p1a: Tyranitar|69/100|[from] item: Rocky Helmet|[of] p2a: Necrozma
|
|-weather|Sandstorm|[upkeep]
|upkeep
|turn|16
|inactive|Banda Calypso has 120 seconds left.
|inactive|killer whale squa has 120 seconds left.
|
|t:|1620750777
|switch|p1a: Ho-Oh|Ho-Oh|100/100
|move|p2a: Necrozma|Sunsteel Strike|p1a: Ho-Oh
|-resisted|p1a: Ho-Oh
|-crit|p1a: Ho-Oh
|-damage|p1a: Ho-Oh|74/100
|
|-weather|Sandstorm|[upkeep]
|-damage|p1a: Ho-Oh|68/100|[from] Sandstorm
|upkeep
|turn|17
|inactive|Banda Calypso has 120 seconds left.
|
|t:|1620750813
|switch|p2a: Zygarde|Zygarde|100/100
|move|p1a: Ho-Oh|Sacred Fire|p2a: Zygarde
|-resisted|p2a: Zygarde
|-damage|p2a: Zygarde|89/100
|-status|p2a: Zygarde|brn
|
|-weather|Sandstorm|[upkeep]
|-damage|p1a: Ho-Oh|62/100|[from] Sandstorm
|-heal|p2a: Zygarde|96/100 brn|[from] item: Leftovers
|-damage|p2a: Zygarde|89/100 brn|[from] brn
|upkeep
|turn|18
|
|t:|1620750821
|switch|p1a: Tapu Lele|Tapu Lele|23/100
|-fieldstart|move: Psychic Terrain|[from] ability: Psychic Surge|[of] p1a: Tapu Lele
|move|p2a: Zygarde|Glare|p1a: Tapu Lele
|-status|p1a: Tapu Lele|par
|
|-weather|none
|-heal|p2a: Zygarde|96/100 brn|[from] item: Leftovers
|-damage|p2a: Zygarde|89/100 brn|[from] brn
|upkeep
|turn|19
|inactive|killer whale squa has 120 seconds left.
|
|t:|1620750847
|switch|p2a: Xerneas|Xerneas|100/100
|-ability|p2a: Xerneas|Fairy Aura
|move|p1a: Tapu Lele|Moonblast|p2a: Xerneas
|-damage|p2a: Xerneas|38/100
|-unboost|p2a: Xerneas|spa|1
|
|upkeep
|turn|20
|inactive|Banda Calypso has 120 seconds left.
|inactive|Banda Calypso has 90 seconds left.
|inactive|Banda Calypso has 60 seconds left.
|
|t:|1620750916
|switch|p1a: Magearna|Magearna|100/100
|move|p2a: Xerneas|Geomancy||[still]
|-prepare|p2a: Xerneas|Geomancy
|-enditem|p2a: Xerneas|Power Herb
|-anim|p2a: Xerneas|Geomancy|p2a: Xerneas
|-boost|p2a: Xerneas|spa|2
|-boost|p2a: Xerneas|spd|2
|-boost|p2a: Xerneas|spe|2
|
|upkeep
|turn|21
|
|t:|1620750927
|move|p2a: Xerneas|Thunder|p1a: Magearna|[miss]
|-miss|p2a: Xerneas|p1a: Magearna
|move|p1a: Magearna|Iron Head|p2a: Xerneas
|-supereffective|p2a: Xerneas
|-damage|p2a: Xerneas|0 fnt
|faint|p2a: Xerneas
|-ability|p1a: Magearna|Soul-Heart|boost
|-boost|p1a: Magearna|spa|1
|
|upkeep
|inactive|killer whale squa has 120 seconds left.
|
|t:|1620750939
|switch|p2a: Necrozma|Necrozma-Dusk-Mane|41/100
|turn|22
|inactive|killer whale squa has 120 seconds left.
|
|t:|1620750950
|move|p2a: Necrozma|Earthquake|p1a: Magearna
|-supereffective|p1a: Magearna
|-damage|p1a: Magearna|48/100
|move|p1a: Magearna|Volt Switch|p2a: Necrozma
|-damage|p2a: Necrozma|15/100
|
|t:|1620750953
|switch|p1a: Mewtwo|Mewtwo|36/100|[from]move: Volt Switch
|-ability|p1a: Mewtwo|Pressure
|
|upkeep
|turn|23
|inactive|Banda Calypso has 90 seconds left.
|
|t:|1620750964
|move|p1a: Mewtwo|Expanding Force|p2a: Necrozma
|-resisted|p2a: Necrozma
|-damage|p2a: Necrozma|0 fnt
|faint|p2a: Necrozma
|
|upkeep
|
|t:|1620750967
|switch|p2a: Calyrex|Calyrex-Shadow|94/100
|-ability|p2a: Calyrex|As One
|-ability|p2a: Calyrex|Unnerve
|turn|24
|inactive|killer whale squa has 120 seconds left.
|
|t:|1620750989
|switch|p1a: Tyranitar|Tyranitar, M|69/100
|-weather|Sandstorm|[from] ability: Sand Stream|[of] p1a: Tyranitar
|move|p2a: Calyrex|Grass Knot|p1a: Tyranitar
|-supereffective|p1a: Tyranitar
|-damage|p1a: Tyranitar|28/100
|
|-weather|Sandstorm|[upkeep]
|-damage|p2a: Calyrex|88/100|[from] Sandstorm
|upkeep
|turn|25
|
|t:|1620750998
|switch|p1a: Ho-Oh|Ho-Oh|95/100
|move|p2a: Calyrex|Grass Knot|p1a: Ho-Oh
|-resisted|p1a: Ho-Oh
|-damage|p1a: Ho-Oh|89/100
|
|-weather|Sandstorm|[upkeep]
|-damage|p2a: Calyrex|82/100|[from] Sandstorm
|-damage|p1a: Ho-Oh|83/100|[from] Sandstorm
|-fieldend|move: Psychic Terrain
|upkeep
|turn|26
|
|t:|1620751005
|switch|p2a: Zygarde|Zygarde|89/100 brn
|switch|p1a: Mewtwo|Mewtwo|36/100
|-ability|p1a: Mewtwo|Pressure
|
|-weather|Sandstorm|[upkeep]
|-damage|p1a: Mewtwo|30/100|[from] Sandstorm
|-heal|p2a: Zygarde|96/100 brn|[from] item: Leftovers
|-damage|p2a: Zygarde|89/100 brn|[from] brn
|upkeep
|turn|27
|
|t:|1620751018
|move|p1a: Mewtwo|Ice Beam|p2a: Zygarde
|-supereffective|p2a: Zygarde
|-damage|p2a: Zygarde|0 fnt
|faint|p2a: Zygarde
|
|-weather|Sandstorm|[upkeep]
|-damage|p1a: Mewtwo|24/100|[from] Sandstorm
|upkeep
|
|t:|1620751022
|switch|p2a: Calyrex|Calyrex-Shadow|82/100
|-ability|p2a: Calyrex|As One
|-ability|p2a: Calyrex|Unnerve
|turn|28
|
|t:|1620751028
|switch|p1a: Tyranitar|Tyranitar, M|28/100
|move|p2a: Calyrex|Astral Barrage|p1a: Tyranitar
|-resisted|p1a: Tyranitar
|-damage|p1a: Tyranitar|12/100
|
|-weather|none
|upkeep
|turn|29
|
|t:|1620751036
|move|p2a: Calyrex|Astral Barrage|p1a: Tyranitar
|-resisted|p1a: Tyranitar
|-damage|p1a: Tyranitar|0 fnt
|faint|p1a: Tyranitar
|-ability|p2a: Calyrex|Grim Neigh|boost
|-boost|p2a: Calyrex|spa|1
|
|upkeep
|
|t:|1620751038
|switch|p1a: Ho-Oh|Ho-Oh|100/100
|turn|30
|
|t:|1620751048
|move|p2a: Calyrex|Astral Barrage|p1a: Ho-Oh
|-crit|p1a: Ho-Oh
|-damage|p1a: Ho-Oh|2/100
|move|p1a: Ho-Oh|Thunder Wave|p2a: Calyrex
|-status|p2a: Calyrex|par
|
|upkeep
|turn|31
|
|t:|1620751053
|cant|p2a: Calyrex|par
|move|p1a: Ho-Oh|Sacred Fire|p2a: Calyrex
|-damage|p2a: Calyrex|27/100 par
|
|upkeep
|turn|32
|
|t:|1620751057
|move|p2a: Calyrex|Astral Barrage|p1a: Ho-Oh
|-damage|p1a: Ho-Oh|0 fnt
|faint|p1a: Ho-Oh
|-ability|p2a: Calyrex|Grim Neigh|boost
|-boost|p2a: Calyrex|spa|1
|
|upkeep
|
|t:|1620751061
|switch|p1a: Mewtwo|Mewtwo|24/100
|-ability|p1a: Mewtwo|Pressure
|turn|33
|
|t:|1620751077
|switch|p2a: Yveltal|Yveltal|56/100
|-ability|p2a: Yveltal|Dark Aura
|move|p1a: Mewtwo|Ice Beam|p2a: Yveltal
|-supereffective|p2a: Yveltal
|-damage|p2a: Yveltal|21/100
|
|upkeep
|turn|34
|
|t:|1620751086
|switch|p1a: Tapu Lele|Tapu Lele|23/100 par
|-fieldstart|move: Psychic Terrain|[from] ability: Psychic Surge|[of] p1a: Tapu Lele
|move|p2a: Yveltal|Knock Off|p1a: Tapu Lele
|-damage|p1a: Tapu Lele|0 fnt
|-enditem|p1a: Tapu Lele|Terrain Extender|[from] move: Knock Off|[of] p2a: Yveltal
|faint|p1a: Tapu Lele
|
|upkeep
|
|t:|1620751091
|switch|p1a: Magearna|Magearna|48/100
|turn|35
|
|t:|1620751101
|move|p2a: Yveltal|Roost|p2a: Yveltal
|-heal|p2a: Yveltal|71/100
|-singleturn|p2a: Yveltal|move: Roost
|move|p1a: Magearna|Volt Switch|p2a: Yveltal
|-damage|p2a: Yveltal|60/100
|
|t:|1620751106
|switch|p1a: Mewtwo|Mewtwo|24/100|[from]move: Volt Switch
|-ability|p1a: Mewtwo|Pressure
|
|upkeep
|turn|36
|
|t:|1620751111
|switch|p1a: Magearna|Magearna|48/100
|move|p2a: Yveltal|Knock Off|p1a: Magearna
|-resisted|p1a: Magearna
|-damage|p1a: Magearna|24/100
|-enditem|p1a: Magearna|Leftovers|[from] move: Knock Off|[of] p2a: Yveltal
|
|upkeep
|turn|37
|
|t:|1620751129
|move|p2a: Yveltal|Foul Play|p1a: Magearna
|-resisted|p1a: Magearna
|-damage|p1a: Magearna|6/100
|move|p1a: Magearna|Fleur Cannon|p2a: Yveltal
|-supereffective|p2a: Yveltal
|-damage|p2a: Yveltal|0 fnt
|-unboost|p1a: Magearna|spa|2
|faint|p2a: Yveltal
|-ability|p1a: Magearna|Soul-Heart|boost
|-boost|p1a: Magearna|spa|1
|
|upkeep
|
|t:|1620751133
|switch|p2a: Calyrex|Calyrex-Shadow|27/100 par
|-ability|p2a: Calyrex|As One
|-ability|p2a: Calyrex|Unnerve
|turn|38
|
|t:|1620751142
|move|p2a: Calyrex|Astral Barrage|p1a: Magearna
|-damage|p1a: Magearna|0 fnt
|faint|p1a: Magearna
|-ability|p2a: Calyrex|Grim Neigh|boost
|-boost|p2a: Calyrex|spa|1
|
|upkeep
|
|t:|1620751165
|switch|p1a: Mewtwo|Mewtwo|24/100
|-ability|p1a: Mewtwo|Pressure
|turn|39
|
|t:|1620751167
|move|p1a: Mewtwo|Ice Beam|p2a: Calyrex
|-damage|p2a: Calyrex|0 fnt
|faint|p2a: Calyrex
|
|win|Banda Calypso
|raw|Banda Calypso's rating: 1235 &rarr; <strong>1271</strong><br />(+36 for winning)
|raw|killer whale squa's rating: 1407 &rarr; <strong>1378</strong><br />(-29 for losing)
|l|☆killer whale squa
||Ladder isn't responding, score probably updated but might not have (Request timeout).
