|j|☆Kage UwU
|j|☆Grimnir007
|t:|1652819068
|gametype|singles
|player|p1|Kage UwU|psychic-gen4|1396
|player|p2|Grimnir007|fisherman-gen4|1333
|teamsize|p1|6
|teamsize|p2|6
|gen|8
|tier|[Gen 8] Ubers
|rated|
|rule|Sleep Clause Mod: Limit one foe put to sleep
|rule|Species Clause: Limit one of each Pokémon
|rule|OHKO Clause: OHKO moves are banned
|rule|Evasion Moves Clause: Evasion moves are banned
|rule|Endless Battle Clause: Forcing endless battles is banned
|rule|HP Percentage Mod: HP is shown in percentages
|rule|Dynamax Clause: You cannot dynamax
|clearpoke
|poke|p1|Xerneas-*|
|poke|p1|Yveltal|
|poke|p1|Necrozma-Dusk-Mane|
|poke|p1|Blissey, F|
|poke|p1|Marshadow|
|poke|p1|Calyrex-Ice|
|poke|p2|Zygarde|
|poke|p2|Marshadow|
|poke|p2|Kyurem-White|
|poke|p2|Necrozma-Dusk-Mane|
|poke|p2|Yveltal|
|poke|p2|Groudon|
|teampreview
|inactive|Battle timer is ON: inactive players will automatically lose when time's up. (requested by Kage UwU)
|
|t:|1652819076
|start
|switch|p1a: kirihirake!|Calyrex-Ice|100/100
|switch|p2a: Groudon|Groudon|100/100
|-ability|p1a: kirihirake!|As One
|-ability|p1a: kirihirake!|Unnerve
|-weather|SunnyDay|[from] ability: Drought|[of] p2a: Groudon
|turn|1
|
|t:|1652819086
|move|p1a: kirihirake!|Glacial Lance|p2a: Groudon
|-supereffective|p2a: Groudon
|-damage|p2a: Groudon|0 fnt
|faint|p2a: Groudon
|-ability|p1a: kirihirake!|Chilling Neigh|boost
|-boost|p1a: kirihirake!|atk|1
|
|-weather|SunnyDay|[upkeep]
|upkeep
|
|t:|1652819101
|switch|p2a: Marshadow|Marshadow|100/100
|turn|2
|
|t:|1652819124
|switch|p1a: Sasageyo!Sasageyo!|Xerneas|100/100
|-ability|p1a: Sasageyo!Sasageyo!|Fairy Aura
|move|p2a: Marshadow|Poltergeist|p1a: Sasageyo!Sasageyo!
|-activate|p1a: Sasageyo!Sasageyo!|move: Poltergeist|Power Herb
|-damage|p1a: Sasageyo!Sasageyo!|39/100
|
|-weather|SunnyDay|[upkeep]
|upkeep
|turn|3
|
|t:|1652819133
|move|p2a: Marshadow|Poltergeist|p1a: Sasageyo!Sasageyo!
|-activate|p1a: Sasageyo!Sasageyo!|move: Poltergeist|Power Herb
|-damage|p1a: Sasageyo!Sasageyo!|0 fnt
|faint|p1a: Sasageyo!Sasageyo!
|
|-weather|SunnyDay|[upkeep]
|upkeep
|
|t:|1652819139
|switch|p1a: wo sono te de|Marshadow|100/100
|turn|4
|
|t:|1652819143
|switch|p2a: Yveltal|Yveltal|100/100
|-ability|p2a: Yveltal|Dark Aura
|move|p1a: wo sono te de|Shadow Sneak|p2a: Yveltal
|-resisted|p2a: Yveltal
|-damage|p2a: Yveltal|87/100
|-damage|p1a: wo sono te de|91/100|[from] item: Life Orb
|
|-weather|SunnyDay|[upkeep]
|upkeep
|turn|5
|
|t:|1652819155
|switch|p1a: Shinzou wo|Yveltal|100/100
|-ability|p1a: Shinzou wo|Dark Aura
|move|p2a: Yveltal|Knock Off|p1a: Shinzou wo
|-resisted|p1a: Shinzou wo
|-damage|p1a: Shinzou wo|79/100
|-enditem|p1a: Shinzou wo|Heavy-Duty Boots|[from] move: Knock Off|[of] p2a: Yveltal
|
|-weather|none
|upkeep
|turn|6
|
|t:|1652819163
|move|p2a: Yveltal|U-turn|p1a: Shinzou wo
|-crit|p1a: Shinzou wo
|-damage|p1a: Shinzou wo|55/100
|
|t:|1652819169
|switch|p2a: Kyurem|Kyurem-White|100/100|[from]move: U-turn
|-ability|p2a: Kyurem|Turboblaze
|move|p1a: Shinzou wo|U-turn|p2a: Kyurem
|-damage|p2a: Kyurem|82/100
|
|t:|1652819178
|switch|p1a: kirihirake!|Calyrex-Ice|100/100|[from]move: U-turn
|-ability|p1a: kirihirake!|As One
|-ability|p1a: kirihirake!|Unnerve
|
|upkeep
|turn|7
|
|t:|1652819185
|move|p2a: Kyurem|Fusion Flare|p1a: kirihirake!
|-supereffective|p1a: kirihirake!
|-damage|p1a: kirihirake!|46/100
|move|p1a: kirihirake!|Close Combat|p2a: Kyurem
|-supereffective|p2a: Kyurem
|-damage|p2a: Kyurem|0 fnt
|-unboost|p1a: kirihirake!|def|1
|-unboost|p1a: kirihirake!|spd|1
|faint|p2a: Kyurem
|-ability|p1a: kirihirake!|Chilling Neigh|boost
|-boost|p1a: kirihirake!|atk|1
|
|upkeep
|
|t:|1652819198
|switch|p2a: Marshadow|Marshadow|100/100
|turn|8
|
|t:|1652819213
|switch|p1a: Sasageyo!|Necrozma-Dusk-Mane|100/100
|move|p2a: Marshadow|Close Combat|p1a: Sasageyo!
|-crit|p1a: Sasageyo!
|-damage|p1a: Sasageyo!|4/100
|-unboost|p2a: Marshadow|def|1
|-unboost|p2a: Marshadow|spd|1
|
|-heal|p1a: Sasageyo!|10/100|[from] item: Leftovers
|upkeep
|turn|9
|
|t:|1652819223
|move|p2a: Marshadow|Close Combat|p1a: Sasageyo!
|-damage|p1a: Sasageyo!|0 fnt
|-unboost|p2a: Marshadow|def|1
|-unboost|p2a: Marshadow|spd|1
|faint|p1a: Sasageyo!
|
|upkeep
|
|t:|1652819228
|switch|p1a: Shinzou wo|Yveltal|55/100
|-ability|p1a: Shinzou wo|Dark Aura
|turn|10
|
|t:|1652819233
|move|p2a: Marshadow|Close Combat|p1a: Shinzou wo
|-crit|p1a: Shinzou wo
|-damage|p1a: Shinzou wo|0 fnt
|-unboost|p2a: Marshadow|def|1
|-unboost|p2a: Marshadow|spd|1
|faint|p1a: Shinzou wo
|
|upkeep
|
|t:|1652819240
|switch|p1a: wo sono te de|Marshadow|91/100
|turn|11
|
|t:|1652819245
|switch|p2a: Yveltal|Yveltal|87/100
|-ability|p2a: Yveltal|Dark Aura
|move|p1a: wo sono te de|Shadow Sneak|p2a: Yveltal
|-resisted|p2a: Yveltal
|-damage|p2a: Yveltal|73/100
|-damage|p1a: wo sono te de|81/100|[from] item: Life Orb
|
|upkeep
|turn|12
|
|t:|1652819253
|move|p1a: wo sono te de|Close Combat|p2a: Yveltal
|-damage|p2a: Yveltal|13/100
|-unboost|p1a: wo sono te de|def|1
|-unboost|p1a: wo sono te de|spd|1
|-damage|p1a: wo sono te de|71/100|[from] item: Life Orb
|move|p2a: Yveltal|Knock Off|p1a: wo sono te de
|-damage|p1a: wo sono te de|0 fnt
|-enditem|p1a: wo sono te de|Life Orb|[from] move: Knock Off|[of] p2a: Yveltal
|faint|p1a: wo sono te de
|
|upkeep
|-message|Kage UwU forfeited.
|
|win|Grimnir007
|raw|Kage UwU's rating: 1396 &rarr; <strong>1372</strong><br />(-24 for losing)
|raw|Grimnir007's rating: 1333 &rarr; <strong>1357</strong><br />(+24 for winning)
|l|☆Kage UwU
