|j|☆khalil535353
|j|☆Malkobaran
|t:|1618076523
|gametype|singles
|player|p1|khalil535353|cheren-gen5bw2|1404
|player|p2|Malkobaran|1|1620
|teamsize|p1|6
|teamsize|p2|6
|gen|8
|tier|[Gen 8] Ubers
|rated|
|clearpoke
|poke|p1|Zacian|
|poke|p1|Xerneas|
|poke|p1|Necrozma-Dusk-Mane|
|poke|p1|Zarude|
|poke|p1|Eternatus|
|poke|p1|Kyogre|
|poke|p2|Calyrex-Shadow|
|poke|p2|Kyogre|
|poke|p2|Marshadow|
|poke|p2|Necrozma-Dusk-Mane|
|poke|p2|Yveltal|
|poke|p2|Regieleki|
|rule|Sleep Clause Mod: Limit one foe put to sleep
|rule|Species Clause: Limit one of each Pokémon
|rule|OHKO Clause: OHKO moves are banned
|rule|Evasion Moves Clause: Evasion moves are banned
|rule|Endless Battle Clause: Forcing endless battles is banned
|rule|HP Percentage Mod: HP is shown in percentages
|rule|Dynamax Clause: You cannot dynamax
|teampreview
|inactive|Battle timer is ON: inactive players will automatically lose when time's up. (requested by Malkobaran)
|
|t:|1618076537
|start
|switch|p1a: Zacian|Zacian|100/100
|switch|p2a: Necrozma|Necrozma-Dusk-Mane|100/100
|-ability|p1a: Zacian|Intrepid Sword|boost
|-boost|p1a: Zacian|atk|1
|turn|1
|
|t:|1618076542
|move|p1a: Zacian|Crunch|p2a: Necrozma
|-supereffective|p2a: Necrozma
|-damage|p2a: Necrozma|47/100
|move|p2a: Necrozma|Stealth Rock|p1a: Zacian
|-sidestart|p1: khalil535353|move: Stealth Rock
|
|-heal|p2a: Necrozma|53/100|[from] item: Leftovers
|upkeep
|turn|2
|
|t:|1618076547
|switch|p2a: Yveltal|Yveltal|100/100
|-ability|p2a: Yveltal|Dark Aura
|move|p1a: Zacian|Crunch|p2a: Yveltal
|-resisted|p2a: Yveltal
|-damage|p2a: Yveltal|70/100
|-unboost|p2a: Yveltal|def|1
|
|upkeep
|turn|3
|
|t:|1618076560
|switch|p1a: Necrozma|Necrozma-Dusk-Mane|100/100
|-damage|p1a: Necrozma|94/100|[from] Stealth Rock
|move|p2a: Yveltal|Roost|p2a: Yveltal
|-heal|p2a: Yveltal|100/100
|-singleturn|p2a: Yveltal|move: Roost
|
|-heal|p1a: Necrozma|100/100|[from] item: Leftovers
|upkeep
|turn|4
|
|t:|1618076564
|move|p2a: Yveltal|Knock Off|p1a: Necrozma
|-supereffective|p1a: Necrozma
|-damage|p1a: Necrozma|27/100
|-enditem|p1a: Necrozma|Leftovers|[from] move: Knock Off|[of] p2a: Yveltal
|move|p1a: Necrozma|Stealth Rock|p2a: Yveltal
|-sidestart|p2: Malkobaran|move: Stealth Rock
|
|upkeep
|turn|5
|
|t:|1618076568
|move|p2a: Yveltal|Knock Off|p1a: Necrozma
|-supereffective|p1a: Necrozma
|-damage|p1a: Necrozma|0 fnt
|faint|p1a: Necrozma
|
|upkeep
|
|t:|1618076571
|switch|p1a: Xerneas|Xerneas|100/100
|-damage|p1a: Xerneas|88/100|[from] Stealth Rock
|-ability|p1a: Xerneas|Fairy Aura
|turn|6
|
|t:|1618076579
|move|p1a: Xerneas|Moonblast|p2a: Yveltal
|-supereffective|p2a: Yveltal
|-damage|p2a: Yveltal|0 fnt
|faint|p2a: Yveltal
|
|upkeep
|
|t:|1618076583
|switch|p2a: Necrozma|Necrozma-Dusk-Mane|53/100
|-damage|p2a: Necrozma|47/100|[from] Stealth Rock
|turn|7
|
|t:|1618076587
|switch|p1a: Eternatus|Eternatus|100/100
|-damage|p1a: Eternatus|88/100|[from] Stealth Rock
|-ability|p1a: Eternatus|Pressure
|move|p2a: Necrozma|Sunsteel Strike|p1a: Eternatus
|-damage|p1a: Eternatus|54/100
|
|-heal|p1a: Eternatus|60/100|[from] item: Black Sludge
|-heal|p2a: Necrozma|53/100|[from] item: Leftovers
|upkeep
|turn|8
|
|t:|1618076593
|move|p1a: Eternatus|Flamethrower|p2a: Necrozma
|-supereffective|p2a: Necrozma
|-crit|p2a: Necrozma
|-damage|p2a: Necrozma|3/100
|move|p2a: Necrozma|Morning Sun|p2a: Necrozma
|-heal|p2a: Necrozma|53/100
|
|-heal|p1a: Eternatus|66/100|[from] item: Black Sludge
|-heal|p2a: Necrozma|59/100|[from] item: Leftovers
|upkeep
|turn|9
|
|t:|1618076600
|switch|p1a: Zacian|Zacian|100/100
|-damage|p1a: Zacian|88/100|[from] Stealth Rock
|-ability|p1a: Zacian|Intrepid Sword|boost
|-boost|p1a: Zacian|atk|1
|move|p2a: Necrozma|Morning Sun|p2a: Necrozma
|-heal|p2a: Necrozma|100/100
|
|upkeep
|turn|10
|
|t:|1618076603
|move|p1a: Zacian|Crunch|p2a: Necrozma
|-supereffective|p2a: Necrozma
|-damage|p2a: Necrozma|52/100
|move|p2a: Necrozma|Sunsteel Strike|p1a: Zacian
|-supereffective|p1a: Zacian
|-damage|p1a: Zacian|0 fnt
|faint|p1a: Zacian
|
|-heal|p2a: Necrozma|58/100|[from] item: Leftovers
|upkeep
|
|t:|1618076613
|switch|p1a: Kyogre|Kyogre|100/100
|-damage|p1a: Kyogre|88/100|[from] Stealth Rock
|-weather|RainDance|[from] ability: Drizzle|[of] p1a: Kyogre
|turn|11
|
|t:|1618076619
|move|p1a: Kyogre|Water Spout|p2a: Necrozma
|-damage|p2a: Necrozma|0 fnt
|faint|p2a: Necrozma
|
|-weather|RainDance|[upkeep]
|upkeep
|
|t:|1618076622
|switch|p2a: Regieleki|Regieleki|100/100
|turn|12
|
|t:|1618076625
|switch|p1a: Zarude|Zarude|100/100
|-damage|p1a: Zarude|88/100|[from] Stealth Rock
|move|p2a: Regieleki|Rapid Spin|p1a: Zarude
|-damage|p1a: Zarude|80/100
|-boost|p2a: Regieleki|spe|1
|-sideend|p2: Malkobaran|Stealth Rock|[from] move: Rapid Spin|[of] p2a: Regieleki
|
|-weather|RainDance|[upkeep]
|upkeep
|turn|13
|
|t:|1618076629
|move|p2a: Regieleki|Volt Switch|p1a: Zarude
|-resisted|p1a: Zarude
|-damage|p1a: Zarude|66/100
|
|t:|1618076632
|switch|p2a: Calyrex|Calyrex-Shadow|100/100|[from]move: Volt Switch
|-ability|p2a: Calyrex|As One
|-ability|p2a: Calyrex|Unnerve
|move|p1a: Zarude|Power Whip|p2a: Calyrex
|-damage|p2a: Calyrex|44/100
|
|-weather|RainDance|[upkeep]
|upkeep
|turn|14
|
|t:|1618076646
|move|p2a: Calyrex|Astral Barrage|p1a: Zarude
|-resisted|p1a: Zarude
|-damage|p1a: Zarude|31/100
|move|p1a: Zarude|Synthesis|p1a: Zarude
|-heal|p1a: Zarude|81/100
|
|-weather|RainDance|[upkeep]
|upkeep
|turn|15
|
|t:|1618076651
|move|p2a: Calyrex|Astral Barrage|p1a: Zarude
|-resisted|p1a: Zarude
|-damage|p1a: Zarude|47/100
|move|p1a: Zarude|Darkest Lariat|p2a: Calyrex
|-supereffective|p2a: Calyrex
|-damage|p2a: Calyrex|0 fnt
|faint|p2a: Calyrex
|
|-weather|none
|upkeep
|
|t:|1618076657
|switch|p2a: Marshadow|Marshadow|100/100
|turn|16
|
|t:|1618076661
|switch|p1a: Eternatus|Eternatus|66/100
|-damage|p1a: Eternatus|54/100|[from] Stealth Rock
|-ability|p1a: Eternatus|Pressure
|move|p2a: Marshadow|Close Combat|p1a: Eternatus
|-resisted|p1a: Eternatus
|-damage|p1a: Eternatus|34/100
|-unboost|p2a: Marshadow|def|1
|-unboost|p2a: Marshadow|spd|1
|
|-heal|p1a: Eternatus|41/100|[from] item: Black Sludge
|upkeep
|turn|17
|
|t:|1618076669
|switch|p2a: Kyogre|Kyogre|100/100
|-weather|RainDance|[from] ability: Drizzle|[of] p2a: Kyogre
|move|p1a: Eternatus|Recover|p1a: Eternatus
|-heal|p1a: Eternatus|91/100
|
|-weather|RainDance|[upkeep]
|-heal|p1a: Eternatus|97/100|[from] item: Black Sludge
|upkeep
|turn|18
|
|t:|1618076671
|move|p2a: Kyogre|Ice Beam|p1a: Eternatus
|-supereffective|p1a: Eternatus
|-damage|p1a: Eternatus|43/100
|-status|p1a: Eternatus|frz
|cant|p1a: Eternatus|frz
|
|-weather|RainDance|[upkeep]
|-heal|p1a: Eternatus|49/100 frz|[from] item: Black Sludge
|upkeep
|turn|19
|
|t:|1618076679
|switch|p2a: Regieleki|Regieleki|100/100
|cant|p1a: Eternatus|frz
|
|-weather|RainDance|[upkeep]
|-heal|p1a: Eternatus|55/100 frz|[from] item: Black Sludge
|upkeep
|turn|20
|
|t:|1618076682
|move|p2a: Regieleki|Thunderbolt|p1a: Eternatus
|-resisted|p1a: Eternatus
|-damage|p1a: Eternatus|35/100 frz
|-curestatus|p1a: Eternatus|frz|[msg]
|move|p1a: Eternatus|Recover|p1a: Eternatus
|-heal|p1a: Eternatus|85/100
|
|-weather|RainDance|[upkeep]
|-heal|p1a: Eternatus|91/100|[from] item: Black Sludge
|upkeep
|turn|21
|
|t:|1618076687
|move|p2a: Regieleki|Thunder Wave|p1a: Eternatus
|-status|p1a: Eternatus|par
|move|p1a: Eternatus|Dynamax Cannon|p2a: Regieleki
|-damage|p2a: Regieleki|4/100
|
|-weather|none
|-heal|p1a: Eternatus|98/100 par|[from] item: Black Sludge
|upkeep
|turn|22
|
|t:|1618076691
|move|p2a: Regieleki|Thunderbolt|p1a: Eternatus
|-resisted|p1a: Eternatus
|-damage|p1a: Eternatus|77/100 par
|move|p1a: Eternatus|Dynamax Cannon|p2a: Regieleki
|-damage|p2a: Regieleki|0 fnt
|faint|p2a: Regieleki
|
|-heal|p1a: Eternatus|83/100 par|[from] item: Black Sludge
|upkeep
|
|t:|1618076694
|switch|p2a: Kyogre|Kyogre|100/100
|-weather|RainDance|[from] ability: Drizzle|[of] p2a: Kyogre
|turn|23
|
|t:|1618076697
|move|p2a: Kyogre|Ice Beam|p1a: Eternatus
|-supereffective|p1a: Eternatus
|-damage|p1a: Eternatus|30/100 par
|cant|p1a: Eternatus|par
|
|-weather|RainDance|[upkeep]
|-heal|p1a: Eternatus|36/100 par|[from] item: Black Sludge
|upkeep
|turn|24
|
|t:|1618076701
|move|p2a: Kyogre|Ice Beam|p1a: Eternatus
|-supereffective|p1a: Eternatus
|-damage|p1a: Eternatus|0 fnt
|faint|p1a: Eternatus
|
|-weather|RainDance|[upkeep]
|upkeep
|
|t:|1618076704
|switch|p1a: Kyogre|Kyogre|88/100
|-damage|p1a: Kyogre|76/100|[from] Stealth Rock
|turn|25
|
|t:|1618076714
|move|p2a: Kyogre|Ice Beam|p1a: Kyogre
|-resisted|p1a: Kyogre
|-damage|p1a: Kyogre|62/100
|move|p1a: Kyogre|Thunder|p2a: Kyogre
|-supereffective|p2a: Kyogre
|-damage|p2a: Kyogre|39/100
|-status|p2a: Kyogre|par
|
|-weather|RainDance|[upkeep]
|upkeep
|turn|26
|
|t:|1618076721
|move|p1a: Kyogre|Thunder|p2a: Kyogre
|-supereffective|p2a: Kyogre
|-damage|p2a: Kyogre|0 fnt
|faint|p2a: Kyogre
|
|-weather|RainDance|[upkeep]
|upkeep
|
|t:|1618076724
|switch|p2a: Marshadow|Marshadow|100/100
|turn|27
|
|t:|1618076727
|switch|p1a: Zarude|Zarude|47/100
|-damage|p1a: Zarude|35/100|[from] Stealth Rock
|move|p2a: Marshadow|Spectral Thief|p1a: Zarude
|-resisted|p1a: Zarude
|-damage|p1a: Zarude|15/100
|
|-weather|none
|upkeep
|turn|28
|
|t:|1618076732
|move|p2a: Marshadow|Spectral Thief|p1a: Zarude
|-resisted|p1a: Zarude
|-damage|p1a: Zarude|0 fnt
|faint|p1a: Zarude
|
|upkeep
|
|t:|1618076734
|switch|p1a: Kyogre|Kyogre|62/100
|-damage|p1a: Kyogre|49/100|[from] Stealth Rock
|-weather|RainDance|[from] ability: Drizzle|[of] p1a: Kyogre
|turn|29
|
|t:|1618076743
|move|p1a: Kyogre|Thunder|p2a: Marshadow
|-damage|p2a: Marshadow|52/100
|move|p2a: Marshadow|Spectral Thief|p1a: Kyogre
|-damage|p1a: Kyogre|1/100
|
|-weather|RainDance|[upkeep]
|upkeep
|turn|30
|
|t:|1618076747
|move|p2a: Marshadow|Shadow Sneak|p1a: Kyogre
|-damage|p1a: Kyogre|0 fnt
|faint|p1a: Kyogre
|
|-weather|RainDance|[upkeep]
|upkeep
|
|t:|1618076749
|switch|p1a: Xerneas|Xerneas|88/100
|-damage|p1a: Xerneas|76/100|[from] Stealth Rock
|-ability|p1a: Xerneas|Fairy Aura
|turn|31
|
|t:|1618076752
|move|p2a: Marshadow|Spectral Thief|p1a: Xerneas
|-damage|p1a: Xerneas|35/100
|move|p1a: Xerneas|Moonblast|p2a: Marshadow
|-supereffective|p2a: Marshadow
|-damage|p2a: Marshadow|0 fnt
|faint|p2a: Marshadow
|
|win|khalil535353
|raw|khalil535353's rating: 1404 &rarr; <strong>1435</strong><br />(+31 for winning)
|raw|Malkobaran's rating: 1620 &rarr; <strong>1589</strong><br />(-31 for losing)
|l|☆Malkobaran
|l|☆khalil535353
||Ladder isn't responding, score probably updated but might not have (Request timeout).
|j|☆khalil535353
|player|p1|khalil535353|cheren-gen5bw2
