|j|☆fard~in
|j|☆ubersohneubers
|player|p1|fard~in|2|1596
|player|p2|ubersohneubers|cheryl|1435
|teamsize|p1|6
|teamsize|p2|6
|gametype|singles
|gen|8
|tier|[Gen 8] Ubers
|rated|
|rule|Sleep Clause Mod: Limit one foe put to sleep
|rule|Species Clause: Limit one of each Pokémon
|rule|OHKO Clause: OHKO moves are banned
|rule|Moody Clause: Moody is banned
|rule|Evasion Moves Clause: Evasion moves are banned
|rule|Endless Battle Clause: Forcing endless battles is banned
|rule|HP Percentage Mod: HP is shown in percentages
|clearpoke
|poke|p1|Tyranitar, M|item
|poke|p1|Corviknight, F|item
|poke|p1|Conkeldurr, F|item
|poke|p1|Zacian-Crowned|item
|poke|p1|Eternatus|item
|poke|p1|Quagsire, M|item
|poke|p2|Umbreon, F|item
|poke|p2|Quagsire, F|item
|poke|p2|Corviknight, F|item
|poke|p2|Ditto|item
|poke|p2|Zacian-Crowned|item
|poke|p2|Gothitelle, F|item
|teampreview
|j|‽fotown
|inactive|Battle timer is ON: inactive players will automatically lose when time's up. (requested by ubersohneubers)
|
|start
|switch|p1a: Eternatus|Eternatus|100/100
|switch|p2a: Zacian|Zacian-Crowned|100/100
|-ability|p2a: Zacian|Intrepid Sword|boost
|-boost|p2a: Zacian|atk|1
|-ability|p1a: Eternatus|Pressure
|turn|1
|
|switch|p2a: Umbreon|Umbreon, F|100/100
|move|p1a: Eternatus|Flamethrower|p2a: Umbreon
|-damage|p2a: Umbreon|86/100
|
|-heal|p2a: Umbreon|92/100|[from] item: Leftovers
|upkeep
|turn|2
|
|move|p1a: Eternatus|Toxic|p2a: Umbreon
|-status|p2a: Umbreon|tox
|-activate|p2a: Umbreon|ability: Synchronize
|-immune|p1a: Eternatus
|move|p2a: Umbreon|Wish|p2a: Umbreon
|
|-heal|p2a: Umbreon|98/100 tox|[from] item: Leftovers
|-damage|p2a: Umbreon|92/100 tox|[from] psn
|upkeep
|turn|3
|
|switch|p1a: Tyranitar|Tyranitar, M|100/100
|-weather|Sandstorm|[from] ability: Sand Stream|[of] p1a: Tyranitar
|switch|p2a: Zacian|Zacian-Crowned|100/100
|-ability|p2a: Zacian|Intrepid Sword|boost
|-boost|p2a: Zacian|atk|1
|
|-weather|Sandstorm|[upkeep]
|upkeep
|turn|4
|
|switch|p2a: Gothitelle|Gothitelle, F|100/100
|switch|p1a: Corviknight|Corviknight, F|100/100
|-ability|p1a: Corviknight|Pressure
|
|-weather|Sandstorm|[upkeep]
|-damage|p2a: Gothitelle|94/100|[from] Sandstorm
|-heal|p2a: Gothitelle|100/100|[from] item: Leftovers
|upkeep
|turn|5
|
|move|p2a: Gothitelle|Taunt|p1a: Corviknight
|-start|p1a: Corviknight|move: Taunt
|cant|p1a: Corviknight|move: Taunt|Iron Defense
|
|-weather|Sandstorm|[upkeep]
|-damage|p2a: Gothitelle|94/100|[from] Sandstorm
|-heal|p2a: Gothitelle|100/100|[from] item: Leftovers
|upkeep
|turn|6
|
|move|p2a: Gothitelle|Cosmic Power|p2a: Gothitelle
|-boost|p2a: Gothitelle|def|1
|-boost|p2a: Gothitelle|spd|1
|move|p1a: Corviknight|Body Press|p2a: Gothitelle
|-resisted|p2a: Gothitelle
|-damage|p2a: Gothitelle|94/100
|
|-weather|Sandstorm|[upkeep]
|-damage|p2a: Gothitelle|88/100|[from] Sandstorm
|-heal|p2a: Gothitelle|94/100|[from] item: Leftovers
|upkeep
|turn|7
|
|move|p2a: Gothitelle|Cosmic Power|p2a: Gothitelle
|-boost|p2a: Gothitelle|def|1
|-boost|p2a: Gothitelle|spd|1
|move|p1a: Corviknight|Body Press|p2a: Gothitelle
|-resisted|p2a: Gothitelle
|-damage|p2a: Gothitelle|89/100
|
|-weather|none
|-heal|p2a: Gothitelle|95/100|[from] item: Leftovers
|-end|p1a: Corviknight|move: Taunt
|upkeep
|turn|8
|
|move|p2a: Gothitelle|Taunt|p1a: Corviknight
|-start|p1a: Corviknight|move: Taunt
|cant|p1a: Corviknight|move: Taunt|Iron Defense
|
|-heal|p2a: Gothitelle|100/100|[from] item: Leftovers
|upkeep
|turn|9
|
|move|p2a: Gothitelle|Cosmic Power|p2a: Gothitelle
|-boost|p2a: Gothitelle|def|1
|-boost|p2a: Gothitelle|spd|1
|move|p1a: Corviknight|Body Press|p2a: Gothitelle
|-resisted|p2a: Gothitelle
|-damage|p2a: Gothitelle|96/100
|
|-heal|p2a: Gothitelle|100/100|[from] item: Leftovers
|upkeep
|turn|10
|
|move|p2a: Gothitelle|Cosmic Power|p2a: Gothitelle
|-boost|p2a: Gothitelle|def|1
|-boost|p2a: Gothitelle|spd|1
|move|p1a: Corviknight|Body Press|p2a: Gothitelle
|-resisted|p2a: Gothitelle
|-damage|p2a: Gothitelle|97/100
|
|-heal|p2a: Gothitelle|100/100|[from] item: Leftovers
|-end|p1a: Corviknight|move: Taunt
|upkeep
|turn|11
|
|move|p2a: Gothitelle|Taunt|p1a: Corviknight
|-start|p1a: Corviknight|move: Taunt
|cant|p1a: Corviknight|move: Taunt|Iron Defense
|
|upkeep
|turn|12
|
|move|p2a: Gothitelle|Cosmic Power|p2a: Gothitelle
|-boost|p2a: Gothitelle|def|1
|-boost|p2a: Gothitelle|spd|1
|move|p1a: Corviknight|Body Press|p2a: Gothitelle
|-resisted|p2a: Gothitelle
|-damage|p2a: Gothitelle|98/100
|
|-heal|p2a: Gothitelle|100/100|[from] item: Leftovers
|upkeep
|turn|13
|
|move|p2a: Gothitelle|Cosmic Power|p2a: Gothitelle
|-boost|p2a: Gothitelle|def|1
|-boost|p2a: Gothitelle|spd|1
|move|p1a: Corviknight|Body Press|p2a: Gothitelle
|-resisted|p2a: Gothitelle
|-damage|p2a: Gothitelle|98/100
|
|-heal|p2a: Gothitelle|100/100|[from] item: Leftovers
|-end|p1a: Corviknight|move: Taunt
|upkeep
|turn|14
|
|move|p2a: Gothitelle|Taunt|p1a: Corviknight
|-start|p1a: Corviknight|move: Taunt
|cant|p1a: Corviknight|move: Taunt|Iron Defense
|
|upkeep
|turn|15
|
|move|p2a: Gothitelle|Stored Power|p1a: Corviknight
|-resisted|p1a: Corviknight
|-damage|p1a: Corviknight|62/100
|move|p1a: Corviknight|Body Press|p2a: Gothitelle
|-resisted|p2a: Gothitelle
|-damage|p2a: Gothitelle|98/100
|
|-heal|p2a: Gothitelle|100/100|[from] item: Leftovers
|-heal|p1a: Corviknight|68/100|[from] item: Leftovers
|upkeep
|turn|16
|
|move|p2a: Gothitelle|Stored Power|p1a: Corviknight
|-resisted|p1a: Corviknight
|-damage|p1a: Corviknight|26/100
|move|p1a: Corviknight|Body Press|p2a: Gothitelle
|-resisted|p2a: Gothitelle
|-damage|p2a: Gothitelle|98/100
|
|-heal|p2a: Gothitelle|100/100|[from] item: Leftovers
|-heal|p1a: Corviknight|32/100|[from] item: Leftovers
|-end|p1a: Corviknight|move: Taunt
|upkeep
|turn|17
|
|move|p2a: Gothitelle|Stored Power|p1a: Corviknight
|-resisted|p1a: Corviknight
|-damage|p1a: Corviknight|0 fnt
|faint|p1a: Corviknight
|
|upkeep
|
|switch|p1a: Tyranitar|Tyranitar, M|100/100
|-weather|Sandstorm|[from] ability: Sand Stream|[of] p1a: Tyranitar
|turn|18
|
|move|p1a: Tyranitar|Stealth Rock|p2a: Gothitelle
|-sidestart|p2: ubersohneubers|move: Stealth Rock
|move|p2a: Gothitelle|Taunt|p1a: Tyranitar
|-start|p1a: Tyranitar|move: Taunt
|
|-weather|Sandstorm|[upkeep]
|-damage|p2a: Gothitelle|94/100|[from] Sandstorm
|-heal|p2a: Gothitelle|100/100|[from] item: Leftovers
|upkeep
|turn|19
|
|switch|p2a: Corviknight|Corviknight, F|100/100
|-damage|p2a: Corviknight|88/100|[from] Stealth Rock
|-ability|p2a: Corviknight|Pressure
|move|p1a: Tyranitar|Rock Blast|p2a: Corviknight
|-crit|p2a: Corviknight
|-damage|p2a: Corviknight|76/100
|-damage|p2a: Corviknight|69/100
|-hitcount|p2a: Corviknight|2
|
|-weather|Sandstorm|[upkeep]
|-heal|p2a: Corviknight|75/100|[from] item: Leftovers
|upkeep
|turn|20
|
|move|p2a: Corviknight|Defog|p1a: Tyranitar
|-unboost|p1a: Tyranitar|evasion|1
|-sideend|p2: ubersohneubers|Stealth Rock|[from] move: Defog|[of] p2a: Corviknight
|move|p1a: Tyranitar|Rock Blast|p2a: Corviknight
|-damage|p2a: Corviknight|67/100
|-damage|p2a: Corviknight|60/100
|-damage|p2a: Corviknight|51/100
|-damage|p2a: Corviknight|43/100
|-damage|p2a: Corviknight|35/100
|-hitcount|p2a: Corviknight|5
|
|-weather|Sandstorm|[upkeep]
|-heal|p2a: Corviknight|41/100|[from] item: Leftovers
|upkeep
|turn|21
|
|switch|p1a: Eternatus|Eternatus|100/100
|-ability|p1a: Eternatus|Pressure
|move|p2a: Corviknight|Roost|p2a: Corviknight
|-heal|p2a: Corviknight|91/100
|-singleturn|p2a: Corviknight|move: Roost
|
|-weather|Sandstorm|[upkeep]
|-damage|p1a: Eternatus|94/100|[from] Sandstorm
|-heal|p1a: Eternatus|100/100|[from] item: Leftovers
|-heal|p2a: Corviknight|97/100|[from] item: Leftovers
|upkeep
|turn|22
|inactive|ubersohneubers has 120 seconds left.
|inactive|ubersohneubers has 90 seconds left.
|
|switch|p2a: Umbreon|Umbreon, F|92/100 tox
|move|p1a: Eternatus|Toxic|p2a: Umbreon
|-fail|p2a: Umbreon|tox
|
|-weather|none
|-heal|p2a: Umbreon|98/100 tox|[from] item: Leftovers
|-damage|p2a: Umbreon|92/100 tox|[from] psn
|upkeep
|turn|23
|
|switch|p1a: Conkeldurr|Conkeldurr, F|100/100
|move|p2a: Umbreon|Wish|p2a: Umbreon
|
|-heal|p2a: Umbreon|98/100 tox|[from] item: Leftovers
|-damage|p2a: Umbreon|86/100 tox|[from] psn
|upkeep
|turn|24
|
|switch|p2a: Zacian|Zacian-Crowned|100/100
|-ability|p2a: Zacian|Intrepid Sword|boost
|-boost|p2a: Zacian|atk|1
|switch|p1a: Zacian|Zacian-Crowned|100/100
|-ability|p1a: Zacian|Intrepid Sword|boost
|-boost|p1a: Zacian|atk|1
|
|upkeep
|turn|25
|
|switch|p2a: Quagsire|Quagsire, F|100/100
|move|p1a: Zacian|Behemoth Blade|p2a: Quagsire
|-resisted|p2a: Quagsire
|-damage|p2a: Quagsire|78/100
|
|-heal|p2a: Quagsire|84/100|[from] item: Leftovers
|upkeep
|turn|26
|inactive|ubersohneubers has 120 seconds left.
|
|switch|p1a: Tyranitar|Tyranitar, M|100/100
|-weather|Sandstorm|[from] ability: Sand Stream|[of] p1a: Tyranitar
|move|p2a: Quagsire|Earthquake|p1a: Tyranitar
|-supereffective|p1a: Tyranitar
|-crit|p1a: Tyranitar
|-damage|p1a: Tyranitar|35/100
|
|-weather|Sandstorm|[upkeep]
|-heal|p1a: Tyranitar|41/100|[from] item: Leftovers
|-heal|p2a: Quagsire|90/100|[from] item: Leftovers
|upkeep
|turn|27
|
|switch|p1a: Conkeldurr|Conkeldurr, F|100/100
|move|p2a: Quagsire|Earthquake|p1a: Conkeldurr
|-damage|p1a: Conkeldurr|72/100
|
|-weather|Sandstorm|[upkeep]
|-damage|p1a: Conkeldurr|66/100|[from] Sandstorm
|-heal|p2a: Quagsire|96/100|[from] item: Leftovers
|upkeep
|turn|28
|
|move|p2a: Quagsire|Protect|p2a: Quagsire
|-singleturn|p2a: Quagsire|Protect
|move|p1a: Conkeldurr|Drain Punch|p2a: Quagsire
|-activate|p2a: Quagsire|move: Protect
|
|-weather|Sandstorm|[upkeep]
|-damage|p1a: Conkeldurr|60/100|[from] Sandstorm
|-heal|p2a: Quagsire|100/100|[from] item: Leftovers
|upkeep
|turn|29
|inactive|ubersohneubers has 120 seconds left.
|inactive|ubersohneubers has 90 seconds left.
|
|switch|p2a: Gothitelle|Gothitelle, F|100/100
|move|p1a: Conkeldurr|Drain Punch|p2a: Gothitelle
|-resisted|p2a: Gothitelle
|-damage|p2a: Gothitelle|78/100
|-heal|p1a: Conkeldurr|70/100|[from] drain|[of] p2a: Gothitelle
|-damage|p1a: Conkeldurr|61/100|[from] item: Life Orb
|
|-weather|Sandstorm|[upkeep]
|-damage|p1a: Conkeldurr|55/100|[from] Sandstorm
|-damage|p2a: Gothitelle|72/100|[from] Sandstorm
|-heal|p2a: Gothitelle|78/100|[from] item: Leftovers
|upkeep
|turn|30
|inactive|ubersohneubers has 90 seconds left.
|inactive|ubersohneubers has 60 seconds left.
|
|-start|p2a: Gothitelle|Dynamax
|-heal|p2a: Gothitelle|78/100|[silent]
|move|p1a: Conkeldurr|Thunder Punch|p2a: Gothitelle
|-damage|p2a: Gothitelle|57/100
|move|p2a: Gothitelle|Max Mindstorm|p1a: Conkeldurr
|-supereffective|p1a: Conkeldurr
|-damage|p1a: Conkeldurr|0 fnt
|-fieldstart|move: Psychic Terrain
|faint|p1a: Conkeldurr
|
|-weather|none
|-heal|p2a: Gothitelle|63/100|[from] item: Leftovers
|upkeep
|
|switch|p1a: Tyranitar|Tyranitar, M|41/100
|-weather|Sandstorm|[from] ability: Sand Stream|[of] p1a: Tyranitar
|turn|31
|
|-hint|Dynamax ended.
|switch|p2a: Zacian|Zacian-Crowned|100/100
|-ability|p2a: Zacian|Intrepid Sword|boost
|-boost|p2a: Zacian|atk|1
|move|p1a: Tyranitar|Stealth Rock|p2a: Zacian
|-sidestart|p2: ubersohneubers|move: Stealth Rock
|
|-weather|Sandstorm|[upkeep]
|-heal|p1a: Tyranitar|47/100|[from] item: Leftovers
|upkeep
|turn|32
|
|switch|p1a: Quagsire|Quagsire, M|100/100
|move|p2a: Zacian|Behemoth Blade|p1a: Quagsire
|-resisted|p1a: Quagsire
|-damage|p1a: Quagsire|77/100
|
|-weather|Sandstorm|[upkeep]
|-heal|p1a: Quagsire|83/100|[from] item: Leftovers
|upkeep
|turn|33
|
|switch|p2a: Corviknight|Corviknight, F|97/100
|-damage|p2a: Corviknight|85/100|[from] Stealth Rock
|-ability|p2a: Corviknight|Pressure
|switch|p1a: Zacian|Zacian-Crowned|100/100
|-ability|p1a: Zacian|Intrepid Sword|boost
|-boost|p1a: Zacian|atk|1
|
|-weather|Sandstorm|[upkeep]
|-heal|p2a: Corviknight|91/100|[from] item: Leftovers
|upkeep
|turn|34
|
|switch|p2a: Quagsire|Quagsire, F|100/100
|-damage|p2a: Quagsire|94/100|[from] Stealth Rock
|move|p1a: Zacian|Sacred Sword|p2a: Quagsire
|-damage|p2a: Quagsire|66/100
|
|-weather|Sandstorm|[upkeep]
|-heal|p2a: Quagsire|72/100|[from] item: Leftovers
|-fieldend|move: Psychic Terrain
|upkeep
|turn|35
|
|switch|p1a: Eternatus|Eternatus|100/100
|-ability|p1a: Eternatus|Pressure
|move|p2a: Quagsire|Recover|p2a: Quagsire
|-heal|p2a: Quagsire|100/100
|
|-weather|none
|upkeep
|turn|36
|
|move|p2a: Quagsire|Protect|p2a: Quagsire
|-singleturn|p2a: Quagsire|Protect
|move|p1a: Eternatus|Dragon Tail|p2a: Quagsire
|-activate|p2a: Quagsire|move: Protect
|
|upkeep
|turn|37
|inactive|ubersohneubers has 120 seconds left.
|
|switch|p2a: Zacian|Zacian-Crowned|100/100
|-ability|p2a: Zacian|Intrepid Sword|boost
|-boost|p2a: Zacian|atk|1
|-damage|p2a: Zacian|94/100|[from] Stealth Rock
|move|p1a: Eternatus|Flamethrower|p2a: Zacian
|-supereffective|p2a: Zacian
|-damage|p2a: Zacian|40/100
|-status|p2a: Zacian|brn
|
|-damage|p2a: Zacian|34/100 brn|[from] brn
|upkeep
|turn|38
|inactive|ubersohneubers has 120 seconds left.
|
|move|p2a: Zacian|Behemoth Blade|p1a: Eternatus
|-damage|p1a: Eternatus|74/100
|move|p1a: Eternatus|Flamethrower|p2a: Zacian
|-supereffective|p2a: Zacian
|-damage|p2a: Zacian|0 fnt
|faint|p2a: Zacian
|
|-heal|p1a: Eternatus|80/100|[from] item: Leftovers
|upkeep
|inactive|ubersohneubers has 120 seconds left.
|
|switch|p2a: Umbreon|Umbreon, F|86/100 tox
|-damage|p2a: Umbreon|73/100 tox|[from] Stealth Rock
|turn|39
|
|switch|p1a: Zacian|Zacian-Crowned|100/100
|-ability|p1a: Zacian|Intrepid Sword|boost
|-boost|p1a: Zacian|atk|1
|move|p2a: Umbreon|Wish|p2a: Umbreon
|
|-heal|p2a: Umbreon|79/100 tox|[from] item: Leftovers
|-damage|p2a: Umbreon|73/100 tox|[from] psn
|upkeep
|turn|40
|j| jipple
|
|switch|p1a: Eternatus|Eternatus|80/100
|-ability|p1a: Eternatus|Pressure
|switch|p2a: Corviknight|Corviknight, F|91/100
|-damage|p2a: Corviknight|79/100|[from] Stealth Rock
|-ability|p2a: Corviknight|Pressure
|
|-heal|p2a: Corviknight|100/100|[from] move: Wish|[wisher] Umbreon
|-heal|p1a: Eternatus|87/100|[from] item: Leftovers
|upkeep
|turn|41
|
|move|p1a: Eternatus|Flamethrower|p2a: Corviknight
|-supereffective|p2a: Corviknight
|-damage|p2a: Corviknight|47/100
|move|p2a: Corviknight|Defog|p1a: Eternatus
|-unboost|p1a: Eternatus|evasion|1
|-sideend|p2: ubersohneubers|Stealth Rock|[from] move: Defog|[of] p2a: Corviknight
|
|-heal|p1a: Eternatus|93/100|[from] item: Leftovers
|-heal|p2a: Corviknight|53/100|[from] item: Leftovers
|upkeep
|turn|42
|
|switch|p2a: Gothitelle|Gothitelle, F|63/100
|move|p1a: Eternatus|Flamethrower|p2a: Gothitelle
|-crit|p2a: Gothitelle
|-damage|p2a: Gothitelle|22/100
|-status|p2a: Gothitelle|brn
|
|-heal|p1a: Eternatus|99/100|[from] item: Leftovers
|-heal|p2a: Gothitelle|28/100 brn|[from] item: Leftovers
|-damage|p2a: Gothitelle|22/100 brn|[from] brn
|upkeep
|turn|43
|
|move|p1a: Eternatus|Flamethrower|p2a: Gothitelle
|-damage|p2a: Gothitelle|0 fnt
|faint|p2a: Gothitelle
|
|-heal|p1a: Eternatus|100/100|[from] item: Leftovers
|upkeep
|
|switch|p2a: Umbreon|Umbreon, F|73/100 tox
|turn|44
|
|switch|p1a: Tyranitar|Tyranitar, M|47/100
|-weather|Sandstorm|[from] ability: Sand Stream|[of] p1a: Tyranitar
|move|p2a: Umbreon|Wish|p2a: Umbreon
|
|-weather|Sandstorm|[upkeep]
|-damage|p2a: Umbreon|67/100 tox|[from] Sandstorm
|-heal|p2a: Umbreon|73/100 tox|[from] item: Leftovers
|-heal|p1a: Tyranitar|53/100|[from] item: Leftovers
|-damage|p2a: Umbreon|67/100 tox|[from] psn
|upkeep
|turn|45
|
|switch|p2a: Corviknight|Corviknight, F|53/100
|-ability|p2a: Corviknight|Pressure
|-start|p1a: Tyranitar|Dynamax
|-heal|p1a: Tyranitar|53/100|[silent]
|move|p1a: Tyranitar|Max Rockfall|p2a: Corviknight
|-damage|p2a: Corviknight|11/100
|
|-weather|Sandstorm|[upkeep]
|-heal|p2a: Corviknight|60/100|[from] move: Wish|[wisher] Umbreon
|-heal|p2a: Corviknight|67/100|[from] item: Leftovers
|-heal|p1a: Tyranitar|60/100|[from] item: Leftovers
|upkeep
|turn|46
|
|move|p2a: Corviknight|Roost|p2a: Corviknight
|-heal|p2a: Corviknight|100/100
|-singleturn|p2a: Corviknight|move: Roost
|move|p1a: Tyranitar|Max Rockfall|p2a: Corviknight
|-resisted|p2a: Corviknight
|-damage|p2a: Corviknight|79/100
|
|-weather|Sandstorm|[upkeep]
|-heal|p2a: Corviknight|85/100|[from] item: Leftovers
|-heal|p1a: Tyranitar|66/100|[from] item: Leftovers
|upkeep
|turn|47
|
|move|p2a: Corviknight|Bulk Up|p2a: Corviknight
|-boost|p2a: Corviknight|atk|1
|-boost|p2a: Corviknight|def|1
|move|p1a: Tyranitar|Max Quake|p2a: Corviknight
|-immune|p2a: Corviknight
|
|-weather|Sandstorm|[upkeep]
|-heal|p2a: Corviknight|92/100|[from] item: Leftovers
|-heal|p1a: Tyranitar|72/100|[from] item: Leftovers
|-end|p1a: Tyranitar|Dynamax
|-heal|p1a: Tyranitar|72/100|[silent]
|upkeep
|turn|48
|
|move|p2a: Corviknight|Bulk Up|p2a: Corviknight
|-boost|p2a: Corviknight|atk|1
|-boost|p2a: Corviknight|def|1
|move|p1a: Tyranitar|Stealth Rock|p2a: Corviknight
|-sidestart|p2: ubersohneubers|move: Stealth Rock
|
|-weather|none
|-heal|p2a: Corviknight|98/100|[from] item: Leftovers
|-heal|p1a: Tyranitar|78/100|[from] item: Leftovers
|upkeep
|turn|49
|
|switch|p1a: Zacian|Zacian-Crowned|100/100
|-ability|p1a: Zacian|Intrepid Sword|boost
|-boost|p1a: Zacian|atk|1
|move|p2a: Corviknight|Brave Bird|p1a: Zacian
|-resisted|p1a: Zacian
|-damage|p1a: Zacian|69/100
|-damage|p2a: Corviknight|89/100|[from] Recoil
|
|-heal|p2a: Corviknight|96/100|[from] item: Leftovers
|upkeep
|turn|50
|
|move|p1a: Zacian|Sacred Sword|p2a: Corviknight
|-damage|p2a: Corviknight|63/100
|move|p2a: Corviknight|Brave Bird|p1a: Zacian
|-resisted|p1a: Zacian
|-damage|p1a: Zacian|34/100
|-damage|p2a: Corviknight|54/100|[from] Recoil
|
|-heal|p2a: Corviknight|60/100|[from] item: Leftovers
|upkeep
|turn|51
|
|move|p1a: Zacian|Sacred Sword|p2a: Corviknight
|-damage|p2a: Corviknight|28/100
|move|p2a: Corviknight|Roost|p2a: Corviknight
|-heal|p2a: Corviknight|78/100
|-singleturn|p2a: Corviknight|move: Roost
|
|-heal|p2a: Corviknight|84/100|[from] item: Leftovers
|upkeep
|turn|52
|
|switch|p1a: Quagsire|Quagsire, M|83/100
|move|p2a: Corviknight|Defog|p1a: Quagsire
|-unboost|p1a: Quagsire|evasion|1
|-sideend|p2: ubersohneubers|Stealth Rock|[from] move: Defog|[of] p2a: Corviknight
|
|-heal|p2a: Corviknight|90/100|[from] item: Leftovers
|-heal|p1a: Quagsire|89/100|[from] item: Leftovers
|upkeep
|turn|53
|
|switch|p1a: Eternatus|Eternatus|100/100
|-ability|p1a: Eternatus|Pressure
|move|p2a: Corviknight|Brave Bird|p1a: Eternatus
|-damage|p1a: Eternatus|61/100
|-damage|p2a: Corviknight|74/100|[from] Recoil
|
|-heal|p1a: Eternatus|67/100|[from] item: Leftovers
|-heal|p2a: Corviknight|81/100|[from] item: Leftovers
|upkeep
|turn|54
|
|move|p1a: Eternatus|Flamethrower|p2a: Corviknight
|-supereffective|p2a: Corviknight
|-damage|p2a: Corviknight|26/100
|move|p2a: Corviknight|Roost|p2a: Corviknight
|-heal|p2a: Corviknight|76/100
|-singleturn|p2a: Corviknight|move: Roost
|
|-heal|p1a: Eternatus|73/100|[from] item: Leftovers
|-heal|p2a: Corviknight|82/100|[from] item: Leftovers
|upkeep
|turn|55
|
|move|p2a: Corviknight|Roost|p2a: Corviknight
|-heal|p2a: Corviknight|100/100
|-singleturn|p2a: Corviknight|move: Roost
|move|p1a: Eternatus|Dragon Tail|p2a: Corviknight
|-resisted|p2a: Corviknight
|-damage|p2a: Corviknight|98/100
|drag|p2a: Quagsire|Quagsire, F|100/100
|
|-heal|p1a: Eternatus|79/100|[from] item: Leftovers
|upkeep
|turn|56
|j| Chimpep
|
|switch|p2a: Corviknight|Corviknight, F|98/100
|-ability|p2a: Corviknight|Pressure
|move|p1a: Eternatus|Toxic|p2a: Corviknight
|-immune|p2a: Corviknight
|
|-heal|p1a: Eternatus|85/100|[from] item: Leftovers
|-heal|p2a: Corviknight|100/100|[from] item: Leftovers
|upkeep
|turn|57
|
|move|p2a: Corviknight|Roost||[still]
|-fail|p2a: Corviknight|heal
|move|p1a: Eternatus|Dragon Tail|p2a: Corviknight
|-resisted|p2a: Corviknight
|-damage|p2a: Corviknight|95/100
|drag|p2a: Ditto|Ditto|100/100
|-transform|p2a: Ditto|p1a: Eternatus|[from] ability: Imposter
|-ability|p2a: Ditto|Pressure
|
|-heal|p1a: Eternatus|92/100|[from] item: Leftovers
|upkeep
|turn|58
|
|switch|p1a: Tyranitar|Tyranitar, M|78/100
|-weather|Sandstorm|[from] ability: Sand Stream|[of] p1a: Tyranitar
|move|p2a: Ditto|Dragon Tail|p1a: Tyranitar
|-damage|p1a: Tyranitar|65/100
|drag|p1a: Quagsire|Quagsire, M|89/100
|
|-weather|Sandstorm|[upkeep]
|-damage|p2a: Ditto|94/100|[from] Sandstorm
|-heal|p1a: Quagsire|95/100|[from] item: Leftovers
|upkeep
|turn|59
|
|switch|p2a: Quagsire|Quagsire, F|100/100
|switch|p1a: Zacian|Zacian-Crowned|34/100
|-ability|p1a: Zacian|Intrepid Sword|boost
|-boost|p1a: Zacian|atk|1
|
|-weather|Sandstorm|[upkeep]
|upkeep
|turn|60
|
|switch|p1a: Quagsire|Quagsire, M|95/100
|move|p2a: Quagsire|Earthquake|p1a: Quagsire
|-damage|p1a: Quagsire|75/100
|
|-weather|Sandstorm|[upkeep]
|-heal|p1a: Quagsire|81/100|[from] item: Leftovers
|upkeep
|turn|61
|
|switch|p1a: Eternatus|Eternatus|92/100
|-ability|p1a: Eternatus|Pressure
|move|p2a: Quagsire|Scald|p1a: Eternatus
|-resisted|p1a: Eternatus
|-damage|p1a: Eternatus|85/100
|
|-weather|Sandstorm|[upkeep]
|-damage|p1a: Eternatus|79/100|[from] Sandstorm
|-heal|p1a: Eternatus|85/100|[from] item: Leftovers
|upkeep
|turn|62
|
|switch|p1a: Tyranitar|Tyranitar, M|65/100
|move|p2a: Quagsire|Earthquake|p1a: Tyranitar
|-supereffective|p1a: Tyranitar
|-damage|p1a: Tyranitar|20/100
|
|-weather|none
|-heal|p1a: Tyranitar|26/100|[from] item: Leftovers
|upkeep
|turn|63
|
|switch|p1a: Quagsire|Quagsire, M|81/100
|move|p2a: Quagsire|Earthquake|p1a: Quagsire
|-damage|p1a: Quagsire|59/100
|
|-heal|p1a: Quagsire|65/100|[from] item: Leftovers
|upkeep
|turn|64
|
|move|p1a: Quagsire|Toxic|p2a: Quagsire
|-status|p2a: Quagsire|tox
|move|p2a: Quagsire|Scald|p1a: Quagsire
|-damage|p1a: Quagsire|44/100
|-status|p1a: Quagsire|brn
|
|-heal|p1a: Quagsire|50/100 brn|[from] item: Leftovers
|-damage|p2a: Quagsire|94/100 tox|[from] psn
|-damage|p1a: Quagsire|44/100 brn|[from] brn
|upkeep
|turn|65
|
|switch|p2a: Corviknight|Corviknight, F|95/100
|-ability|p2a: Corviknight|Pressure
|move|p1a: Quagsire|Recover|p1a: Quagsire
|-heal|p1a: Quagsire|94/100 brn
|
|-heal|p2a: Corviknight|100/100|[from] item: Leftovers
|-heal|p1a: Quagsire|100/100 brn|[from] item: Leftovers
|-damage|p1a: Quagsire|94/100 brn|[from] brn
|upkeep
|turn|66
|
|switch|p1a: Eternatus|Eternatus|85/100
|-ability|p1a: Eternatus|Pressure
|move|p2a: Corviknight|Bulk Up|p2a: Corviknight
|-boost|p2a: Corviknight|atk|1
|-boost|p2a: Corviknight|def|1
|
|-heal|p1a: Eternatus|92/100|[from] item: Leftovers
|upkeep
|turn|67
|
|move|p1a: Eternatus|Flamethrower|p2a: Corviknight
|-supereffective|p2a: Corviknight
|-damage|p2a: Corviknight|49/100
|move|p2a: Corviknight|Roost|p2a: Corviknight
|-heal|p2a: Corviknight|99/100
|-singleturn|p2a: Corviknight|move: Roost
|
|-heal|p1a: Eternatus|98/100|[from] item: Leftovers
|-heal|p2a: Corviknight|100/100|[from] item: Leftovers
|upkeep
|turn|68
|
|switch|p2a: Ditto|Ditto|94/100
|-transform|p2a: Ditto|p1a: Eternatus|[from] ability: Imposter
|-ability|p2a: Ditto|Pressure
|move|p1a: Eternatus|Dragon Tail|p2a: Ditto
|-supereffective|p2a: Ditto
|-damage|p2a: Ditto|68/100
|drag|p2a: Quagsire|Quagsire, F|94/100 tox
|
|-heal|p1a: Eternatus|100/100|[from] item: Leftovers
|-heal|p2a: Quagsire|100/100 tox|[from] item: Leftovers
|-damage|p2a: Quagsire|94/100 tox|[from] psn
|upkeep
|turn|69
|
|switch|p1a: Quagsire|Quagsire, M|94/100 brn
|switch|p2a: Ditto|Ditto|68/100
|-transform|p2a: Ditto|p1a: Quagsire|[from] ability: Imposter
|
|-heal|p1a: Quagsire|100/100 brn|[from] item: Leftovers
|-damage|p1a: Quagsire|94/100 brn|[from] brn
|upkeep
|turn|70
|
|move|p2a: Ditto|Recover|p2a: Ditto
|-heal|p2a: Ditto|100/100
|move|p1a: Quagsire|Toxic|p2a: Ditto
|-status|p2a: Ditto|tox
|
|-heal|p1a: Quagsire|100/100 brn|[from] item: Leftovers
|-damage|p2a: Ditto|94/100 tox|[from] psn
|-damage|p1a: Quagsire|94/100 brn|[from] brn
|upkeep
|turn|71
|
|switch|p2a: Corviknight|Corviknight, F|100/100
|-ability|p2a: Corviknight|Pressure
|switch|p1a: Zacian|Zacian-Crowned|34/100
|-ability|p1a: Zacian|Intrepid Sword|boost
|-boost|p1a: Zacian|atk|1
|
|upkeep
|turn|72
|
|move|p1a: Zacian|Swords Dance|p1a: Zacian
|-boost|p1a: Zacian|atk|2
|move|p2a: Corviknight|Bulk Up|p2a: Corviknight
|-boost|p2a: Corviknight|atk|1
|-boost|p2a: Corviknight|def|1
|
|upkeep
|turn|73
|
|switch|p2a: Quagsire|Quagsire, F|94/100 tox
|move|p1a: Zacian|Sacred Sword|p2a: Quagsire
|-damage|p2a: Quagsire|69/100 tox
|
|-heal|p2a: Quagsire|75/100 tox|[from] item: Leftovers
|-damage|p2a: Quagsire|69/100 tox|[from] psn
|upkeep
|turn|74
|
|switch|p1a: Quagsire|Quagsire, M|94/100 brn
|move|p2a: Quagsire|Recover|p2a: Quagsire
|-heal|p2a: Quagsire|100/100 tox
|
|-heal|p1a: Quagsire|100/100 brn|[from] item: Leftovers
|-damage|p2a: Quagsire|88/100 tox|[from] psn
|-damage|p1a: Quagsire|94/100 brn|[from] brn
|upkeep
|turn|75
|
|switch|p1a: Eternatus|Eternatus|100/100
|-ability|p1a: Eternatus|Pressure
|switch|p2a: Corviknight|Corviknight, F|100/100
|-ability|p2a: Corviknight|Pressure
|
|upkeep
|turn|76
|
|switch|p1a: Quagsire|Quagsire, M|94/100 brn
|switch|p2a: Ditto|Ditto|94/100 tox
|-transform|p2a: Ditto|p1a: Quagsire|[from] ability: Imposter
|
|-heal|p1a: Quagsire|100/100 brn|[from] item: Leftovers
|-damage|p2a: Ditto|88/100 tox|[from] psn
|-damage|p1a: Quagsire|94/100 brn|[from] brn
|upkeep
|turn|77
|
|switch|p2a: Corviknight|Corviknight, F|100/100
|-ability|p2a: Corviknight|Pressure
|switch|p1a: Eternatus|Eternatus|100/100
|-ability|p1a: Eternatus|Pressure
|
|upkeep
|turn|78
|
|switch|p1a: Tyranitar|Tyranitar, M|26/100
|-weather|Sandstorm|[from] ability: Sand Stream|[of] p1a: Tyranitar
|switch|p2a: Ditto|Ditto|88/100 tox
|-transform|p2a: Ditto|p1a: Tyranitar|[from] ability: Imposter
|
|-weather|Sandstorm|[upkeep]
|-heal|p1a: Tyranitar|32/100|[from] item: Leftovers
|-damage|p2a: Ditto|82/100 tox|[from] psn
|upkeep
|turn|79
|
|switch|p1a: Eternatus|Eternatus|100/100
|-ability|p1a: Eternatus|Pressure
|move|p2a: Ditto|Stealth Rock|p1a: Eternatus
|-sidestart|p1: fard~in|move: Stealth Rock
|
|-weather|Sandstorm|[upkeep]
|-damage|p1a: Eternatus|94/100|[from] Sandstorm
|-heal|p1a: Eternatus|100/100|[from] item: Leftovers
|-damage|p2a: Ditto|70/100 tox|[from] psn
|upkeep
|turn|80
|
|switch|p2a: Umbreon|Umbreon, F|67/100 tox
|move|p1a: Eternatus|Flamethrower|p2a: Umbreon
|-damage|p2a: Umbreon|52/100 tox
|
|-weather|Sandstorm|[upkeep]
|-damage|p1a: Eternatus|94/100|[from] Sandstorm
|-damage|p2a: Umbreon|46/100 tox|[from] Sandstorm
|-heal|p1a: Eternatus|100/100|[from] item: Leftovers
|-heal|p2a: Umbreon|52/100 tox|[from] item: Leftovers
|-damage|p2a: Umbreon|46/100 tox|[from] psn
|upkeep
|turn|81
|
|switch|p1a: Tyranitar|Tyranitar, M|32/100
|-damage|p1a: Tyranitar|20/100|[from] Stealth Rock
|move|p2a: Umbreon|Wish|p2a: Umbreon
|
|-weather|Sandstorm|[upkeep]
|-damage|p2a: Umbreon|40/100 tox|[from] Sandstorm
|-heal|p2a: Umbreon|46/100 tox|[from] item: Leftovers
|-heal|p1a: Tyranitar|26/100|[from] item: Leftovers
|-damage|p2a: Umbreon|33/100 tox|[from] psn
|upkeep
|turn|82
|
|move|p2a: Umbreon|Taunt|p1a: Tyranitar
|-start|p1a: Tyranitar|move: Taunt
|cant|p1a: Tyranitar|move: Taunt|Stealth Rock
|
|-weather|none
|-heal|p2a: Umbreon|83/100 tox|[from] move: Wish|[wisher] Umbreon
|-heal|p2a: Umbreon|90/100 tox|[from] item: Leftovers
|-heal|p1a: Tyranitar|32/100|[from] item: Leftovers
|-damage|p2a: Umbreon|71/100 tox|[from] psn
|upkeep
|turn|83
|
|move|p2a: Umbreon|Wish|p2a: Umbreon
|move|p1a: Tyranitar|Rock Blast|p2a: Umbreon
|-damage|p2a: Umbreon|60/100 tox
|-damage|p2a: Umbreon|50/100 tox
|-damage|p2a: Umbreon|40/100 tox
|-damage|p2a: Umbreon|30/100 tox
|-crit|p2a: Umbreon
|-damage|p2a: Umbreon|13/100 tox
|-hitcount|p2a: Umbreon|5
|
|-heal|p2a: Umbreon|19/100 tox|[from] item: Leftovers
|-heal|p1a: Tyranitar|38/100|[from] item: Leftovers
|-damage|p2a: Umbreon|0 fnt|[from] psn
|faint|p2a: Umbreon
|upkeep
|
|switch|p2a: Corviknight|Corviknight, F|100/100
|-ability|p2a: Corviknight|Pressure
|turn|84
|
|switch|p1a: Eternatus|Eternatus|100/100
|-damage|p1a: Eternatus|88/100|[from] Stealth Rock
|-ability|p1a: Eternatus|Pressure
|move|p2a: Corviknight|Bulk Up|p2a: Corviknight
|-boost|p2a: Corviknight|atk|1
|-boost|p2a: Corviknight|def|1
|
|-heal|p1a: Eternatus|94/100|[from] item: Leftovers
|upkeep
|turn|85
|
|move|p1a: Eternatus|Toxic|p2a: Corviknight
|-immune|p2a: Corviknight
|move|p2a: Corviknight|Brave Bird|p1a: Eternatus
|-damage|p1a: Eternatus|66/100
|-damage|p2a: Corviknight|89/100|[from] Recoil
|
|-heal|p1a: Eternatus|72/100|[from] item: Leftovers
|-heal|p2a: Corviknight|95/100|[from] item: Leftovers
|upkeep
|turn|86
|
|move|p1a: Eternatus|Flamethrower|p2a: Corviknight
|-supereffective|p2a: Corviknight
|-damage|p2a: Corviknight|35/100
|move|p2a: Corviknight|Roost|p2a: Corviknight
|-heal|p2a: Corviknight|85/100
|-singleturn|p2a: Corviknight|move: Roost
|
|-heal|p1a: Eternatus|78/100|[from] item: Leftovers
|-heal|p2a: Corviknight|91/100|[from] item: Leftovers
|upkeep
|turn|87
|
|switch|p2a: Ditto|Ditto|70/100 tox
|-transform|p2a: Ditto|p1a: Eternatus|[from] ability: Imposter
|-ability|p2a: Ditto|Pressure
|move|p1a: Eternatus|Flamethrower|p2a: Ditto
|-resisted|p2a: Ditto
|-damage|p2a: Ditto|53/100 tox
|
|-heal|p1a: Eternatus|84/100|[from] item: Leftovers
|-damage|p2a: Ditto|47/100 tox|[from] psn
|upkeep
|turn|88
|
|move|p2a: Ditto|Recover|p2a: Ditto
|-heal|p2a: Ditto|97/100 tox
|move|p1a: Eternatus|Recover|p1a: Eternatus
|-heal|p1a: Eternatus|100/100
|
|-damage|p2a: Ditto|85/100 tox|[from] psn
|upkeep
|turn|89
|
|switch|p2a: Quagsire|Quagsire, F|88/100 tox
|switch|p1a: Tyranitar|Tyranitar, M|38/100
|-damage|p1a: Tyranitar|26/100|[from] Stealth Rock
|-weather|Sandstorm|[from] ability: Sand Stream|[of] p1a: Tyranitar
|
|-weather|Sandstorm|[upkeep]
|-heal|p1a: Tyranitar|32/100|[from] item: Leftovers
|-heal|p2a: Quagsire|94/100 tox|[from] item: Leftovers
|-damage|p2a: Quagsire|88/100 tox|[from] psn
|upkeep
|turn|90
|
|move|p1a: Tyranitar|Stealth Rock|p2a: Quagsire
|-sidestart|p2: ubersohneubers|move: Stealth Rock
|move|p2a: Quagsire|Earthquake|p1a: Tyranitar
|-supereffective|p1a: Tyranitar
|-damage|p1a: Tyranitar|0 fnt
|faint|p1a: Tyranitar
|
|-weather|Sandstorm|[upkeep]
|-heal|p2a: Quagsire|94/100 tox|[from] item: Leftovers
|-damage|p2a: Quagsire|82/100 tox|[from] psn
|upkeep
|
|switch|p1a: Eternatus|Eternatus|100/100
|-damage|p1a: Eternatus|88/100|[from] Stealth Rock
|-ability|p1a: Eternatus|Pressure
|turn|91
|
|move|p2a: Quagsire|Earthquake|p1a: Eternatus
|-supereffective|p1a: Eternatus
|-damage|p1a: Eternatus|57/100
|move|p1a: Eternatus|Dragon Tail|p2a: Quagsire
|-damage|p2a: Quagsire|72/100 tox
|drag|p2a: Ditto|Ditto|85/100 tox
|-damage|p2a: Ditto|73/100 tox|[from] Stealth Rock
|-transform|p2a: Ditto|p1a: Eternatus|[from] ability: Imposter
|-ability|p2a: Ditto|Pressure
|
|-weather|Sandstorm|[upkeep]
|-damage|p2a: Ditto|67/100 tox|[from] Sandstorm
|-damage|p1a: Eternatus|50/100|[from] Sandstorm
|-heal|p1a: Eternatus|57/100|[from] item: Leftovers
|-damage|p2a: Ditto|61/100 tox|[from] psn
|upkeep
|turn|92
|
|move|p1a: Eternatus|Recover|p1a: Eternatus
|-heal|p1a: Eternatus|100/100
|move|p2a: Ditto|Dragon Tail|p1a: Eternatus
|-supereffective|p1a: Eternatus
|-damage|p1a: Eternatus|84/100
|drag|p1a: Zacian|Zacian-Crowned|34/100
|-ability|p1a: Zacian|Intrepid Sword|boost
|-boost|p1a: Zacian|atk|1
|-damage|p1a: Zacian|28/100|[from] Stealth Rock
|
|-weather|Sandstorm|[upkeep]
|-damage|p2a: Ditto|55/100 tox|[from] Sandstorm
|-damage|p2a: Ditto|43/100 tox|[from] psn
|upkeep
|turn|93
|
|switch|p2a: Quagsire|Quagsire, F|72/100 tox
|-damage|p2a: Quagsire|65/100 tox|[from] Stealth Rock
|move|p1a: Zacian|Sacred Sword|p2a: Quagsire
|-damage|p2a: Quagsire|40/100 tox
|
|-weather|none
|-heal|p2a: Quagsire|46/100 tox|[from] item: Leftovers
|-damage|p2a: Quagsire|40/100 tox|[from] psn
|upkeep
|turn|94
|
|switch|p1a: Eternatus|Eternatus|84/100
|-damage|p1a: Eternatus|72/100|[from] Stealth Rock
|-ability|p1a: Eternatus|Pressure
|move|p2a: Quagsire|Recover|p2a: Quagsire
|-heal|p2a: Quagsire|90/100 tox
|
|-heal|p1a: Eternatus|78/100|[from] item: Leftovers
|-heal|p2a: Quagsire|96/100 tox|[from] item: Leftovers
|-damage|p2a: Quagsire|83/100 tox|[from] psn
|upkeep
|turn|95
|
|move|p2a: Quagsire|Scald|p1a: Eternatus
|-resisted|p1a: Eternatus
|-damage|p1a: Eternatus|72/100
|move|p1a: Eternatus|Dragon Tail|p2a: Quagsire
|-damage|p2a: Quagsire|73/100 tox
|drag|p2a: Ditto|Ditto|43/100 tox
|-damage|p2a: Ditto|30/100 tox|[from] Stealth Rock
|-transform|p2a: Ditto|p1a: Eternatus|[from] ability: Imposter
|-ability|p2a: Ditto|Pressure
|
|-heal|p1a: Eternatus|78/100|[from] item: Leftovers
|-damage|p2a: Ditto|24/100 tox|[from] psn
|upkeep
|turn|96
|
|move|p2a: Ditto|Recover|p2a: Ditto
|-heal|p2a: Ditto|74/100 tox
|move|p1a: Eternatus|Recover|p1a: Eternatus
|-heal|p1a: Eternatus|100/100
|
|-damage|p2a: Ditto|62/100 tox|[from] psn
|upkeep
|turn|97
|
|switch|p1a: Zacian|Zacian-Crowned|28/100
|-ability|p1a: Zacian|Intrepid Sword|boost
|-boost|p1a: Zacian|atk|1
|-damage|p1a: Zacian|22/100|[from] Stealth Rock
|move|p2a: Ditto|Recover|p2a: Ditto
|-heal|p2a: Ditto|100/100 tox
|
|-damage|p2a: Ditto|82/100 tox|[from] psn
|upkeep
|turn|98
|
|switch|p2a: Quagsire|Quagsire, F|73/100 tox
|-damage|p2a: Quagsire|67/100 tox|[from] Stealth Rock
|move|p1a: Zacian|Play Rough|p2a: Quagsire
|-damage|p2a: Quagsire|25/100 tox
|
|-heal|p2a: Quagsire|31/100 tox|[from] item: Leftovers
|-damage|p2a: Quagsire|25/100 tox|[from] psn
|upkeep
|turn|99
|
|switch|p2a: Corviknight|Corviknight, F|91/100
|-damage|p2a: Corviknight|78/100|[from] Stealth Rock
|-ability|p2a: Corviknight|Pressure
|move|p1a: Zacian|Play Rough|p2a: Corviknight
|-resisted|p2a: Corviknight
|-damage|p2a: Corviknight|55/100
|
|-heal|p2a: Corviknight|61/100|[from] item: Leftovers
|upkeep
|turn|100
|
|move|p1a: Zacian|Swords Dance|p1a: Zacian
|-boost|p1a: Zacian|atk|2
|move|p2a: Corviknight|Roost|p2a: Corviknight
|-heal|p2a: Corviknight|100/100
|-singleturn|p2a: Corviknight|move: Roost
|
|upkeep
|turn|101
|inactive|ubersohneubers has 120 seconds left.
|
|move|p1a: Zacian|Sacred Sword|p2a: Corviknight
|-damage|p2a: Corviknight|43/100
|move|p2a: Corviknight|Roost|p2a: Corviknight
|-heal|p2a: Corviknight|93/100
|-singleturn|p2a: Corviknight|move: Roost
|
|-heal|p2a: Corviknight|99/100|[from] item: Leftovers
|upkeep
|turn|102
|inactive|ubersohneubers has 90 seconds left.
|c|☆fard~in|lets go buddy sack quag
|c|☆fard~in|go ditto
|c|☆fard~in|then try to pp stall me wirh corvi
|c|☆ubersohneubers|it's not like you played well
|c|☆ubersohneubers|at any time this game
|c|☆ubersohneubers|and got bailed out
|c|☆ubersohneubers|over and over
|c|☆ubersohneubers|:)
|c|☆fard~in|u takaing too loong for such a simple game
|c|☆ubersohneubers|true
|inactive|ubersohneubers has 60 seconds left.
|c|☆ubersohneubers|brb
|c| Chimpep|disgusting tier
|c|☆fard~in|also yh simply bad mu
|c| Chimpep|how can u play this fardin
|c|☆ubersohneubers|ah yes
|c| Chimpep|its zugu c:
|c|☆fard~in|i just need
|c|☆fard~in|corvi
|c|☆ubersohneubers|bad matchup with that eternatus
|inactive|ubersohneubers has 30 seconds left.
|c|☆ubersohneubers|definitely
|c|☆fard~in|speed up
|c| Chimpep|did u try ag yet
|c|☆fard~in|witj like 16 ev
|c|☆fard~in|no i quit ag
|inactive|ubersohneubers has 20 seconds left.
|
|switch|p2a: Quagsire|Quagsire, F|25/100 tox
|-damage|p2a: Quagsire|19/100 tox|[from] Stealth Rock
|move|p1a: Zacian|Sacred Sword|p2a: Quagsire
|-damage|p2a: Quagsire|0 fnt
|faint|p2a: Quagsire
|
|upkeep
|inactive|ubersohneubers has 25 seconds left this turn.
|c|☆fard~in|its a shit show
|
|switch|p2a: Ditto|Ditto|82/100 tox
|-damage|p2a: Ditto|70/100 tox|[from] Stealth Rock
|-transform|p2a: Ditto|p1a: Zacian|[from] ability: Imposter
|turn|103
|inactive|ubersohneubers has 30 seconds left this turn.
|c|☆fard~in|im using my
|c|☆fard~in|gen 8 ag team tho rn
|c|☆fard~in|works great in uber
|
|switch|p1a: Quagsire|Quagsire, M|94/100 brn
|-damage|p1a: Quagsire|88/100 brn|[from] Stealth Rock
|move|p2a: Ditto|Behemoth Blade|p1a: Quagsire
|-resisted|p1a: Quagsire
|-crit|p1a: Quagsire
|-damage|p1a: Quagsire|57/100 brn
|
|-heal|p1a: Quagsire|63/100 brn|[from] item: Leftovers
|-damage|p2a: Ditto|64/100 tox|[from] psn
|-damage|p1a: Quagsire|57/100 brn|[from] brn
|upkeep
|turn|104
|inactive|ubersohneubers has 30 seconds left this turn.
|
|switch|p2a: Corviknight|Corviknight, F|99/100
|-damage|p2a: Corviknight|87/100|[from] Stealth Rock
|-ability|p2a: Corviknight|Pressure
|move|p1a: Quagsire|Recover|p1a: Quagsire
|-heal|p1a: Quagsire|100/100 brn
|
|-heal|p2a: Corviknight|93/100|[from] item: Leftovers
|-damage|p1a: Quagsire|94/100 brn|[from] brn
|upkeep
|turn|105
|inactive|ubersohneubers has 30 seconds left.
|
|switch|p1a: Eternatus|Eternatus|100/100
|-damage|p1a: Eternatus|88/100|[from] Stealth Rock
|-ability|p1a: Eternatus|Pressure
|move|p2a: Corviknight|Bulk Up|p2a: Corviknight
|-boost|p2a: Corviknight|atk|1
|-boost|p2a: Corviknight|def|1
|
|-heal|p1a: Eternatus|94/100|[from] item: Leftovers
|-heal|p2a: Corviknight|99/100|[from] item: Leftovers
|upkeep
|turn|106
|
|move|p1a: Eternatus|Toxic|p2a: Corviknight
|-immune|p2a: Corviknight
|move|p2a: Corviknight|Roost|p2a: Corviknight
|-heal|p2a: Corviknight|100/100
|-singleturn|p2a: Corviknight|move: Roost
|
|-heal|p1a: Eternatus|100/100|[from] item: Leftovers
|upkeep
|turn|107
|
|switch|p2a: Ditto|Ditto|64/100 tox
|-damage|p2a: Ditto|52/100 tox|[from] Stealth Rock
|-transform|p2a: Ditto|p1a: Eternatus|[from] ability: Imposter
|-ability|p2a: Ditto|Pressure
|move|p1a: Eternatus|Toxic|p2a: Ditto
|-fail|p2a: Ditto|tox
|
|-damage|p2a: Ditto|46/100 tox|[from] psn
|upkeep
|turn|108
|
|switch|p1a: Quagsire|Quagsire, M|94/100 brn
|-damage|p1a: Quagsire|88/100 brn|[from] Stealth Rock
|move|p2a: Ditto|Recover|p2a: Ditto
|-heal|p2a: Ditto|96/100 tox
|
|-heal|p1a: Quagsire|94/100 brn|[from] item: Leftovers
|-damage|p2a: Ditto|84/100 tox|[from] psn
|-damage|p1a: Quagsire|88/100 brn|[from] brn
|upkeep
|turn|109
|
|switch|p2a: Corviknight|Corviknight, F|100/100
|-damage|p2a: Corviknight|88/100|[from] Stealth Rock
|-ability|p2a: Corviknight|Pressure
|switch|p1a: Eternatus|Eternatus|100/100
|-damage|p1a: Eternatus|88/100|[from] Stealth Rock
|-ability|p1a: Eternatus|Pressure
|
|-heal|p1a: Eternatus|94/100|[from] item: Leftovers
|-heal|p2a: Corviknight|94/100|[from] item: Leftovers
|upkeep
|turn|110
|
|switch|p1a: Quagsire|Quagsire, M|88/100 brn
|-damage|p1a: Quagsire|82/100 brn|[from] Stealth Rock
|switch|p2a: Ditto|Ditto|84/100 tox
|-damage|p2a: Ditto|71/100 tox|[from] Stealth Rock
|-transform|p2a: Ditto|p1a: Quagsire|[from] ability: Imposter
|
|-heal|p1a: Quagsire|88/100 brn|[from] item: Leftovers
|-damage|p2a: Ditto|65/100 tox|[from] psn
|-damage|p1a: Quagsire|82/100 brn|[from] brn
|upkeep
|turn|111
|
|move|p2a: Ditto|Recover|p2a: Ditto
|-heal|p2a: Ditto|100/100 tox
|move|p1a: Quagsire|Recover|p1a: Quagsire
|-heal|p1a: Quagsire|100/100 brn
|
|-damage|p2a: Ditto|88/100 tox|[from] psn
|-damage|p1a: Quagsire|94/100 brn|[from] brn
|upkeep
|turn|112
|
|switch|p2a: Corviknight|Corviknight, F|94/100
|-damage|p2a: Corviknight|82/100|[from] Stealth Rock
|-ability|p2a: Corviknight|Pressure
|switch|p1a: Eternatus|Eternatus|94/100
|-damage|p1a: Eternatus|82/100|[from] Stealth Rock
|-ability|p1a: Eternatus|Pressure
|
|-heal|p1a: Eternatus|88/100|[from] item: Leftovers
|-heal|p2a: Corviknight|88/100|[from] item: Leftovers
|upkeep
|turn|113
|
|switch|p2a: Ditto|Ditto|88/100 tox
|-damage|p2a: Ditto|76/100 tox|[from] Stealth Rock
|-transform|p2a: Ditto|p1a: Eternatus|[from] ability: Imposter
|-ability|p2a: Ditto|Pressure
|move|p1a: Eternatus|Dragon Tail|p2a: Ditto
|-supereffective|p2a: Ditto
|-damage|p2a: Ditto|46/100 tox
|drag|p2a: Corviknight|Corviknight, F|88/100
|-damage|p2a: Corviknight|75/100|[from] Stealth Rock
|-ability|p2a: Corviknight|Pressure
|
|-heal|p1a: Eternatus|94/100|[from] item: Leftovers
|-heal|p2a: Corviknight|82/100|[from] item: Leftovers
|upkeep
|turn|114
|
|switch|p2a: Ditto|Ditto|46/100 tox
|-damage|p2a: Ditto|34/100 tox|[from] Stealth Rock
|-transform|p2a: Ditto|p1a: Eternatus|[from] ability: Imposter
|-ability|p2a: Ditto|Pressure
|move|p1a: Eternatus|Flamethrower|p2a: Ditto
|-resisted|p2a: Ditto
|-damage|p2a: Ditto|16/100 tox
|
|-heal|p1a: Eternatus|100/100|[from] item: Leftovers
|-damage|p2a: Ditto|10/100 tox|[from] psn
|upkeep
|turn|115
|
|switch|p1a: Zacian|Zacian-Crowned|22/100
|-ability|p1a: Zacian|Intrepid Sword|boost
|-boost|p1a: Zacian|atk|1
|-damage|p1a: Zacian|16/100|[from] Stealth Rock
|move|p2a: Ditto|Recover|p2a: Ditto
|-heal|p2a: Ditto|60/100 tox
|
|-damage|p2a: Ditto|48/100 tox|[from] psn
|upkeep
|turn|116
|
|switch|p2a: Corviknight|Corviknight, F|82/100
|-damage|p2a: Corviknight|69/100|[from] Stealth Rock
|-ability|p2a: Corviknight|Pressure
|move|p1a: Zacian|Swords Dance|p1a: Zacian
|-boost|p1a: Zacian|atk|2
|
|-heal|p2a: Corviknight|75/100|[from] item: Leftovers
|upkeep
|turn|117
|
|move|p1a: Zacian|Sacred Sword|p2a: Corviknight
|-damage|p2a: Corviknight|19/100
|move|p2a: Corviknight|Brave Bird|p1a: Zacian
|-resisted|p1a: Zacian
|-damage|p1a: Zacian|0 fnt
|-damage|p2a: Corviknight|15/100|[from] Recoil
|faint|p1a: Zacian
|
|-heal|p2a: Corviknight|21/100|[from] item: Leftovers
|upkeep
|
|switch|p1a: Eternatus|Eternatus|100/100
|-damage|p1a: Eternatus|88/100|[from] Stealth Rock
|-ability|p1a: Eternatus|Pressure
|turn|118
|
|switch|p2a: Ditto|Ditto|48/100 tox
|-damage|p2a: Ditto|35/100 tox|[from] Stealth Rock
|-transform|p2a: Ditto|p1a: Eternatus|[from] ability: Imposter
|-ability|p2a: Ditto|Pressure
|move|p1a: Eternatus|Flamethrower|p2a: Ditto
|-resisted|p2a: Ditto
|-damage|p2a: Ditto|19/100 tox
|
|-heal|p1a: Eternatus|94/100|[from] item: Leftovers
|-damage|p2a: Ditto|13/100 tox|[from] psn
|upkeep
|turn|119
|
|move|p2a: Ditto|Recover|p2a: Ditto
|-heal|p2a: Ditto|63/100 tox
|move|p1a: Eternatus|Dragon Tail|p2a: Ditto
|-supereffective|p2a: Ditto
|-damage|p2a: Ditto|37/100 tox
|drag|p2a: Corviknight|Corviknight, F|21/100
|-damage|p2a: Corviknight|9/100|[from] Stealth Rock
|-ability|p2a: Corviknight|Pressure
|
|-heal|p1a: Eternatus|100/100|[from] item: Leftovers
|-heal|p2a: Corviknight|15/100|[from] item: Leftovers
|upkeep
|turn|120
|l| jipple
|
|move|p1a: Eternatus|Flamethrower|p2a: Corviknight
|-supereffective|p2a: Corviknight
|-damage|p2a: Corviknight|0 fnt
|faint|p2a: Corviknight
|
|upkeep
|
|switch|p2a: Ditto|Ditto|37/100 tox
|-damage|p2a: Ditto|24/100 tox|[from] Stealth Rock
|-transform|p2a: Ditto|p1a: Eternatus|[from] ability: Imposter
|-ability|p2a: Ditto|Pressure
|turn|121
|inactive|ubersohneubers has 90 seconds left.
|
|move|p2a: Ditto|Recover|p2a: Ditto
|-heal|p2a: Ditto|74/100 tox
|move|p1a: Eternatus|Dragon Tail|p2a: Ditto
|-supereffective|p2a: Ditto
|-damage|p2a: Ditto|46/100 tox
|
|-damage|p2a: Ditto|40/100 tox|[from] psn
|upkeep
|turn|122
|
|move|p2a: Ditto|Recover|p2a: Ditto
|-heal|p2a: Ditto|90/100 tox
|move|p1a: Eternatus|Dragon Tail|p2a: Ditto
|-supereffective|p2a: Ditto
|-damage|p2a: Ditto|60/100 tox
|
|-damage|p2a: Ditto|48/100 tox|[from] psn
|upkeep
|turn|123
|
|move|p2a: Ditto|Recover|p2a: Ditto
|-heal|p2a: Ditto|98/100 tox
|move|p1a: Eternatus|Flamethrower|p2a: Ditto
|-resisted|p2a: Ditto
|-damage|p2a: Ditto|81/100 tox
|
|-damage|p2a: Ditto|63/100 tox|[from] psn
|upkeep
|turn|124
|
|switch|p1a: Quagsire|Quagsire, M|94/100 brn
|-damage|p1a: Quagsire|88/100 brn|[from] Stealth Rock
|move|p2a: Ditto|Recover|p2a: Ditto
|-heal|p2a: Ditto|100/100 tox
|
|-heal|p1a: Quagsire|94/100 brn|[from] item: Leftovers
|-damage|p2a: Ditto|76/100 tox|[from] psn
|-damage|p1a: Quagsire|88/100 brn|[from] brn
|upkeep
|turn|125
|
|move|p2a: Ditto|Recover|p2a: Ditto
|-heal|p2a: Ditto|100/100 tox
|move|p1a: Quagsire|Earthquake|p2a: Ditto
|-supereffective|p2a: Ditto
|-damage|p2a: Ditto|75/100 tox
|
|-heal|p1a: Quagsire|94/100 brn|[from] item: Leftovers
|-damage|p2a: Ditto|45/100 tox|[from] psn
|-damage|p1a: Quagsire|88/100 brn|[from] brn
|upkeep
|turn|126
|
|-activate|p2a: Ditto|move: Struggle
|move|p2a: Ditto|Struggle|p1a: Quagsire
|-damage|p1a: Quagsire|81/100 brn
|-damage|p2a: Ditto|20/100 tox|[from] recoil
|move|p1a: Quagsire|Earthquake|p2a: Ditto
|-supereffective|p2a: Ditto
|-damage|p2a: Ditto|0 fnt
|faint|p2a: Ditto
|
|win|fard~in
|l|☆fard~in
|l|‽fotown
|j|‽fotown
|l|‽fotown
||Ladder (probably) updated, but score could not be retrieved (Response not received).
