|j|☆Dun 26
|j|☆Okazakii
|t:|1664277202
|gametype|singles
|player|p1|Dun 26|skyla|1674
|player|p2|Okazakii|ethan|1547
|teamsize|p1|6
|teamsize|p2|6
|gen|8
|tier|[Gen 8] Ubers
|rated|
|rule|Sleep Clause Mod: Limit one foe put to sleep
|rule|Species Clause: Limit one of each Pokémon
|rule|OHKO Clause: OHKO moves are banned
|rule|Evasion Items Clause: Evasion items are banned
|rule|Evasion Moves Clause: Evasion moves are banned
|rule|Endless Battle Clause: Forcing endless battles is banned
|rule|HP Percentage Mod: HP is shown in percentages
|rule|Dynamax Clause: You cannot dynamax
|clearpoke
|poke|p1|Xerneas-*|
|poke|p1|Yveltal|
|poke|p1|Kyogre|
|poke|p1|Eternatus|
|poke|p1|Necrozma-Dusk-Mane|
|poke|p1|Landorus-Therian, M|
|poke|p2|Ho-Oh|
|poke|p2|Shedinja|
|poke|p2|Xerneas-*|
|poke|p2|Eternatus|
|poke|p2|Necrozma-Dusk-Mane|
|poke|p2|Yveltal|
|teampreview
|
|t:|1664277237
|start
|switch|p1a: Yveltal|Yveltal|100/100
|switch|p2a: Yveltal|Yveltal|100/100
|-ability|p2a: Yveltal|Dark Aura
|-ability|p1a: Yveltal|Dark Aura
|turn|1
|
|t:|1664277242
|switch|p1a: Landorus|Landorus-Therian, M|100/100
|-ability|p1a: Landorus|Intimidate|boost
|-unboost|p2a: Yveltal|atk|1
|move|p2a: Yveltal|U-turn|p1a: Landorus
|-resisted|p1a: Landorus
|-damage|p1a: Landorus|96/100
|-damage|p2a: Yveltal|84/100|[from] item: Rocky Helmet|[of] p1a: Landorus
|
|t:|1664277256
|switch|p2a: Ho-Oh|Ho-Oh|100/100|[from]move: U-turn
|
|upkeep
|turn|2
|
|t:|1664277259
|switch|p1a: Kyogre|Kyogre|100/100
|-weather|RainDance|[from] ability: Drizzle|[of] p1a: Kyogre
|move|p2a: Ho-Oh|Sacred Fire|p1a: Kyogre
|-resisted|p1a: Kyogre
|-damage|p1a: Kyogre|87/100
|-status|p1a: Kyogre|brn
|
|-weather|RainDance|[upkeep]
|-heal|p1a: Kyogre|94/100 brn|[from] item: Leftovers
|-damage|p1a: Kyogre|87/100 brn|[from] brn
|upkeep
|turn|3
|
|t:|1664277269
|switch|p2a: Shedinja|Shedinja|100/100
|switch|p1a: Yveltal|Yveltal|100/100
|-ability|p1a: Yveltal|Dark Aura
|
|-weather|RainDance|[upkeep]
|upkeep
|turn|4
|
|t:|1664277274
|move|p2a: Shedinja|Protect|p2a: Shedinja
|-singleturn|p2a: Shedinja|Protect
|move|p1a: Yveltal|Knock Off|p2a: Shedinja
|-activate|p2a: Shedinja|move: Protect
|
|-weather|RainDance|[upkeep]
|upkeep
|turn|5
|
|t:|1664277286
|switch|p2a: Xerneas|Xerneas|100/100
|-ability|p2a: Xerneas|Fairy Aura
|-item|p2a: Xerneas|Air Balloon
|move|p1a: Yveltal|Knock Off|p2a: Xerneas
|-resisted|p2a: Xerneas
|-damage|p2a: Xerneas|77/100
|-enditem|p2a: Xerneas|Air Balloon
|
|-weather|RainDance|[upkeep]
|upkeep
|turn|6
|
|t:|1664277294
|switch|p1a: Necrozma|Necrozma-Dusk-Mane|100/100
|switch|p2a: Yveltal|Yveltal|84/100
|-ability|p2a: Yveltal|Dark Aura
|
|-weather|none
|upkeep
|turn|7
|
|t:|1664277298
|switch|p1a: Landorus|Landorus-Therian, M|96/100
|-ability|p1a: Landorus|Intimidate|boost
|-unboost|p2a: Yveltal|atk|1
|move|p2a: Yveltal|Roost|p2a: Yveltal
|-heal|p2a: Yveltal|100/100
|-singleturn|p2a: Yveltal|move: Roost
|
|upkeep
|turn|8
|
|t:|1664277305
|move|p2a: Yveltal|Foul Play|p1a: Landorus
|-damage|p1a: Landorus|54/100
|-damage|p2a: Yveltal|84/100|[from] item: Rocky Helmet|[of] p1a: Landorus
|move|p1a: Landorus|Stealth Rock|p2a: Yveltal
|-sidestart|p2: Okazakii|move: Stealth Rock
|
|upkeep
|turn|9
|
|t:|1664277310
|move|p2a: Yveltal|Defog|p1a: Landorus
|-unboost|p1a: Landorus|evasion|1
|-sideend|p2: Okazakii|Stealth Rock|[from] move: Defog|[of] p2a: Yveltal
|move|p1a: Landorus|U-turn|p2a: Yveltal
|-damage|p2a: Yveltal|68/100
|
|t:|1664277313
|switch|p1a: Eternatus|Eternatus|100/100|[from]move: U-turn
|-ability|p1a: Eternatus|Pressure
|
|upkeep
|turn|10
|
|t:|1664277315
|switch|p1a: Yveltal|Yveltal|100/100
|-ability|p1a: Yveltal|Dark Aura
|switch|p2a: Necrozma|Necrozma-Dusk-Mane|100/100
|
|upkeep
|turn|11
|
|t:|1664277319
|switch|p2a: Yveltal|Yveltal|68/100
|-ability|p2a: Yveltal|Dark Aura
|move|p1a: Yveltal|Knock Off|p2a: Yveltal
|-resisted|p2a: Yveltal
|-damage|p2a: Yveltal|31/100
|-enditem|p2a: Yveltal|Heavy-Duty Boots|[from] move: Knock Off|[of] p1a: Yveltal
|
|upkeep
|turn|12
|
|t:|1664277324
|move|p2a: Yveltal|Roost|p2a: Yveltal
|-heal|p2a: Yveltal|81/100
|-singleturn|p2a: Yveltal|move: Roost
|move|p1a: Yveltal|U-turn|p2a: Yveltal
|-supereffective|p2a: Yveltal
|-damage|p2a: Yveltal|36/100
|
|t:|1664277331
|switch|p1a: Eternatus|Eternatus|100/100|[from]move: U-turn
|-ability|p1a: Eternatus|Pressure
|
|upkeep
|turn|13
|
|t:|1664277336
|switch|p2a: Necrozma|Necrozma-Dusk-Mane|100/100
|move|p1a: Eternatus|Dynamax Cannon|p2a: Necrozma
|-resisted|p2a: Necrozma
|-damage|p2a: Necrozma|75/100
|
|upkeep
|turn|14
|
|t:|1664277341
|switch|p1a: Landorus|Landorus-Therian, M|54/100
|-ability|p1a: Landorus|Intimidate|boost
|-unboost|p2a: Necrozma|atk|1
|move|p2a: Necrozma|Stealth Rock|p1a: Landorus
|-sidestart|p1: Dun 26|move: Stealth Rock
|
|upkeep
|turn|15
|
|t:|1664277347
|switch|p2a: Ho-Oh|Ho-Oh|100/100
|move|p1a: Landorus|Defog|p2a: Ho-Oh
|-unboost|p2a: Ho-Oh|evasion|1
|-sideend|p1: Dun 26|Stealth Rock|[from] move: Defog|[of] p1a: Landorus
|
|upkeep
|turn|16
|
|t:|1664277351
|switch|p1a: Kyogre|Kyogre|87/100 brn
|-weather|RainDance|[from] ability: Drizzle|[of] p1a: Kyogre
|move|p2a: Ho-Oh|Brave Bird|p1a: Kyogre
|-crit|p1a: Kyogre
|-damage|p1a: Kyogre|0 fnt
|faint|p1a: Kyogre
|-damage|p2a: Ho-Oh|68/100|[from] Recoil
|
|-weather|RainDance|[upkeep]
|upkeep
|
|t:|1664277355
|switch|p1a: Yveltal|Yveltal|100/100
|-ability|p1a: Yveltal|Dark Aura
|turn|17
|
|t:|1664277360
|switch|p2a: Xerneas|Xerneas|77/100
|-ability|p2a: Xerneas|Fairy Aura
|move|p1a: Yveltal|Knock Off|p2a: Xerneas
|-resisted|p2a: Xerneas
|-crit|p2a: Xerneas
|-damage|p2a: Xerneas|52/100
|
|-weather|RainDance|[upkeep]
|upkeep
|turn|18
|
|t:|1664277368
|switch|p1a: Necrozma|Necrozma-Dusk-Mane|100/100
|move|p2a: Xerneas|Rest|p2a: Xerneas
|-status|p2a: Xerneas|slp|[from] move: Rest
|-heal|p2a: Xerneas|100/100 slp|[silent]
|
|-weather|RainDance|[upkeep]
|upkeep
|turn|19
|
|t:|1664277377
|switch|p2a: Necrozma|Necrozma-Dusk-Mane|75/100
|move|p1a: Necrozma|Dragon Dance|p1a: Necrozma
|-boost|p1a: Necrozma|atk|1
|-boost|p1a: Necrozma|spe|1
|
|-weather|RainDance|[upkeep]
|upkeep
|turn|20
|
|t:|1664277386
|move|p1a: Necrozma|Earthquake|p2a: Necrozma
|-supereffective|p2a: Necrozma
|-damage|p2a: Necrozma|24/100
|move|p2a: Necrozma|Knock Off|p1a: Necrozma
|-supereffective|p1a: Necrozma
|-damage|p1a: Necrozma|62/100
|-enditem|p1a: Necrozma|Leftovers|[from] move: Knock Off|[of] p2a: Necrozma
|
|-weather|none
|upkeep
|turn|21
|
|t:|1664277393
|switch|p2a: Shedinja|Shedinja|100/100
|move|p1a: Necrozma|Sunsteel Strike|p2a: Shedinja
|-damage|p2a: Shedinja|0 fnt
|faint|p2a: Shedinja
|
|upkeep
|
|t:|1664277398
|switch|p2a: Ho-Oh|Ho-Oh|100/100
|turn|22
|
|t:|1664277407
|switch|p1a: Landorus|Landorus-Therian, M|54/100
|-ability|p1a: Landorus|Intimidate|boost
|-unboost|p2a: Ho-Oh|atk|1
|move|p2a: Ho-Oh|Sacred Fire|p1a: Landorus
|-damage|p1a: Landorus|9/100
|
|upkeep
|turn|23
|
|t:|1664277411
|move|p2a: Ho-Oh|Sacred Fire|p1a: Landorus
|-damage|p1a: Landorus|0 fnt
|faint|p1a: Landorus
|
|upkeep
|
|t:|1664277413
|switch|p1a: Eternatus|Eternatus|100/100
|-ability|p1a: Eternatus|Pressure
|turn|24
|
|t:|1664277418
|switch|p2a: Necrozma|Necrozma-Dusk-Mane|24/100
|move|p1a: Eternatus|Meteor Beam||[still]
|-prepare|p1a: Eternatus|Meteor Beam
|-boost|p1a: Eternatus|spa|1
|-enditem|p1a: Eternatus|Power Herb
|-anim|p1a: Eternatus|Meteor Beam|p2a: Necrozma
|-resisted|p2a: Necrozma
|-damage|p2a: Necrozma|0 fnt
|faint|p2a: Necrozma
|
|upkeep
|
|t:|1664277426
|switch|p2a: Eternatus|Eternatus|100/100
|-ability|p2a: Eternatus|Pressure
|turn|25
|
|t:|1664277427
|move|p2a: Eternatus|Dynamax Cannon|p1a: Eternatus
|-supereffective|p1a: Eternatus
|-damage|p1a: Eternatus|0 fnt
|faint|p1a: Eternatus
|-damage|p2a: Eternatus|91/100|[from] item: Life Orb
|
|upkeep
|
|t:|1664277436
|switch|p1a: Necrozma|Necrozma-Dusk-Mane|62/100
|turn|26
|j| no zuo no die
|
|t:|1664277443
|switch|p2a: Yveltal|Yveltal|36/100
|-ability|p2a: Yveltal|Dark Aura
|move|p1a: Necrozma|Sunsteel Strike|p2a: Yveltal
|-damage|p2a: Yveltal|0 fnt
|faint|p2a: Yveltal
|
|upkeep
|
|t:|1664277449
|switch|p2a: Ho-Oh|Ho-Oh|100/100
|turn|27
|
|t:|1664277455
|move|p2a: Ho-Oh|Sacred Fire|p1a: Necrozma
|-supereffective|p1a: Necrozma
|-damage|p1a: Necrozma|0 fnt
|faint|p1a: Necrozma
|
|upkeep
|
|t:|1664277457
|switch|p1a: Yveltal|Yveltal|100/100
|-ability|p1a: Yveltal|Dark Aura
|turn|28
|l| no zuo no die
|
|t:|1664277461
|move|p1a: Yveltal|U-turn|p2a: Ho-Oh
|-resisted|p2a: Ho-Oh
|-damage|p2a: Ho-Oh|93/100
|
|t:|1664277463
|switch|p1a: Xerneas|Xerneas|100/100|[from]move: U-turn
|-ability|p1a: Xerneas|Fairy Aura
|move|p2a: Ho-Oh|Sacred Fire|p1a: Xerneas
|-damage|p1a: Xerneas|25/100
|-status|p1a: Xerneas|brn
|
|-damage|p1a: Xerneas|19/100 brn|[from] brn
|upkeep
|turn|29
|
|t:|1664277470
|switch|p1a: Yveltal|Yveltal|100/100
|-ability|p1a: Yveltal|Dark Aura
|move|p2a: Ho-Oh|Sacred Fire|p1a: Yveltal
|-damage|p1a: Yveltal|18/100
|-status|p1a: Yveltal|brn
|
|-damage|p1a: Yveltal|12/100 brn|[from] brn
|upkeep
|turn|30
|-message|Dun 26 forfeited.
|
|win|Okazakii
|raw|Dun 26's rating: 1674 &rarr; <strong>1647</strong><br />(-27 for losing)
|raw|Okazakii's rating: 1547 &rarr; <strong>1574</strong><br />(+27 for winning)
|l|☆Dun 26
||Ladder isn't responding, score probably updated but might not have (Request timeout).
