|j|☆Dun 26
|j|☆ox04
|t:|1664788539
|gametype|singles
|player|p1|Dun 26|skyla|1706
|player|p2|ox04|red-gen7|1730
|teamsize|p1|6
|teamsize|p2|6
|gen|8
|tier|[Gen 8] Ubers
|rated|
|rule|Sleep Clause Mod: Limit one foe put to sleep
|rule|Species Clause: Limit one of each Pokémon
|rule|OHKO Clause: OHKO moves are banned
|rule|Evasion Items Clause: Evasion items are banned
|rule|Evasion Moves Clause: Evasion moves are banned
|rule|Endless Battle Clause: Forcing endless battles is banned
|rule|HP Percentage Mod: HP is shown in percentages
|rule|Dynamax Clause: You cannot dynamax
|clearpoke
|poke|p1|Kyogre|
|poke|p1|Necrozma-Dusk-Mane|
|poke|p1|Ho-Oh|
|poke|p1|Yveltal|
|poke|p1|Calyrex-Shadow|
|poke|p1|Eternatus|
|poke|p2|Marshadow|
|poke|p2|Yveltal|
|poke|p2|Kyurem-White|
|poke|p2|Necrozma-Dusk-Mane|
|poke|p2|Groudon|
|poke|p2|Cinderace, F|
|teampreview
|
|t:|1664788547
|start
|switch|p1a: Big blue|Kyogre|100/100
|switch|p2a: Cinderace|Cinderace, F|100/100
|-weather|RainDance|[from] ability: Drizzle|[of] p1a: Big blue
|turn|1
|
|t:|1664788550
|move|p2a: Cinderace|U-turn|p1a: Big blue
|-start|p2a: Cinderace|typechange|Bug|[from] ability: Libero
|-damage|p1a: Big blue|78/100
|
|t:|1664788552
|switch|p2a: Kyurem|Kyurem-White|100/100|[from]move: U-turn
|-ability|p2a: Kyurem|Turboblaze
|move|p1a: Big blue|Scald|p2a: Kyurem
|-resisted|p2a: Kyurem
|-damage|p2a: Kyurem|82/100
|
|-weather|RainDance|[upkeep]
|-heal|p1a: Big blue|84/100|[from] item: Leftovers
|upkeep
|turn|2
|
|t:|1664788558
|switch|p2a: Groudon|Groudon|100/100
|-weather|SunnyDay|[from] ability: Drought|[of] p2a: Groudon
|switch|p1a: BOOUM :)|Ho-Oh|100/100
|
|-weather|SunnyDay|[upkeep]
|upkeep
|turn|3
|
|t:|1664788563
|move|p2a: Groudon|Stone Edge|p1a: BOOUM :)
|-supereffective|p1a: BOOUM :)
|-damage|p1a: BOOUM :)|0 fnt
|faint|p1a: BOOUM :)
|-damage|p2a: Groudon|91/100|[from] item: Life Orb
|
|-weather|SunnyDay|[upkeep]
|upkeep
|
|t:|1664788567
|switch|p1a: Big blue|Kyogre|84/100
|-weather|RainDance|[from] ability: Drizzle|[of] p1a: Big blue
|turn|4
|
|t:|1664788576
|switch|p2a: Kyurem|Kyurem-White|82/100
|-ability|p2a: Kyurem|Turboblaze
|move|p1a: Big blue|Scald|p2a: Kyurem
|-resisted|p2a: Kyurem
|-crit|p2a: Kyurem
|-damage|p2a: Kyurem|57/100
|
|-weather|RainDance|[upkeep]
|-heal|p1a: Big blue|90/100|[from] item: Leftovers
|upkeep
|turn|5
|
|t:|1664788581
|move|p2a: Kyurem|Freeze-Dry|p1a: Big blue
|-supereffective|p1a: Big blue
|-damage|p1a: Big blue|30/100
|move|p1a: Big blue|Calm Mind|p1a: Big blue
|-boost|p1a: Big blue|spa|1
|-boost|p1a: Big blue|spd|1
|
|-weather|RainDance|[upkeep]
|-heal|p1a: Big blue|37/100|[from] item: Leftovers
|upkeep
|turn|6
|
|t:|1664788584
|move|p2a: Kyurem|Freeze-Dry|p1a: Big blue
|-supereffective|p1a: Big blue
|-damage|p1a: Big blue|0 fnt
|faint|p1a: Big blue
|
|-weather|RainDance|[upkeep]
|upkeep
|-message|Dun 26 forfeited.
|
|win|ox04
|raw|Dun 26's rating: 1706 &rarr; <strong>1687</strong><br />(-19 for losing)
|raw|ox04's rating: 1730 &rarr; <strong>1749</strong><br />(+19 for winning)
|l|☆Dun 26
||Ladder isn't responding, score probably updated but might not have (Request timeout).
