|j|☆Ryriss
|j|☆Skwerre
|t:|1662718484
|gametype|singles
|player|p1|Ryriss|hilbert|1437
|player|p2|Skwerre|giovanni|1308
|teamsize|p1|6
|teamsize|p2|6
|gen|8
|tier|[Gen 8] Ubers
|rated|
|rule|Sleep Clause Mod: Limit one foe put to sleep
|rule|Species Clause: Limit one of each Pokémon
|rule|OHKO Clause: OHKO moves are banned
|rule|Evasion Items Clause: Evasion items are banned
|rule|Evasion Moves Clause: Evasion moves are banned
|rule|Endless Battle Clause: Forcing endless battles is banned
|rule|HP Percentage Mod: HP is shown in percentages
|rule|Dynamax Clause: You cannot dynamax
|clearpoke
|poke|p1|Giratina-Origin|
|poke|p1|Groudon|
|poke|p1|Genesect|
|poke|p1|Kyurem-Black|
|poke|p1|Lugia|
|poke|p1|Yveltal|
|poke|p2|Blissey, F|
|poke|p2|Groudon|
|poke|p2|Yveltal|
|poke|p2|Xerneas-*|
|poke|p2|Necrozma-Dusk-Mane|
|poke|p2|Palkia|
|teampreview
|inactive|Battle timer is ON: inactive players will automatically lose when time's up. (requested by Skwerre)
|
|t:|1662718497
|start
|switch|p1a: Lugia|Lugia|100/100
|switch|p2a: Necrozma|Necrozma-Dusk-Mane|100/100
|-ability|p1a: Lugia|Pressure
|turn|1
|
|t:|1662718505
|move|p1a: Lugia|Reflect|p1a: Lugia
|-sidestart|p1: Ryriss|Reflect
|move|p2a: Necrozma|Toxic|p1a: Lugia
|-status|p1a: Lugia|tox
|
|-damage|p1a: Lugia|94/100 tox|[from] psn
|upkeep
|turn|2
|
|t:|1662718513
|move|p1a: Lugia|Light Screen|p1a: Lugia
|-sidestart|p1: Ryriss|move: Light Screen
|move|p2a: Necrozma|Stealth Rock|p1a: Lugia
|-sidestart|p1: Ryriss|move: Stealth Rock
|
|-damage|p1a: Lugia|82/100 tox|[from] psn
|upkeep
|turn|3
|
|t:|1662718526
|switch|p2a: Xerneas|Xerneas|100/100
|-ability|p2a: Xerneas|Fairy Aura
|move|p1a: Lugia|Thunder Wave|p2a: Xerneas
|-status|p2a: Xerneas|par
|
|-damage|p1a: Lugia|63/100 tox|[from] psn
|upkeep
|turn|4
|
|t:|1662718545
|move|p1a: Lugia|Safeguard|p1a: Lugia
|-sidestart|p1: Ryriss|Safeguard
|move|p2a: Xerneas|Moonblast|p1a: Lugia
|-damage|p1a: Lugia|43/100 tox
|
|-damage|p1a: Lugia|18/100 tox|[from] psn
|upkeep
|turn|5
|
|t:|1662718552
|move|p1a: Lugia|Thunder Wave|p2a: Xerneas
|-fail|p2a: Xerneas|par
|move|p2a: Xerneas|Geomancy||[still]
|-prepare|p2a: Xerneas|Geomancy
|-enditem|p2a: Xerneas|Power Herb
|-anim|p2a: Xerneas|Geomancy|p2a: Xerneas
|-boost|p2a: Xerneas|spa|2
|-boost|p2a: Xerneas|spd|2
|-boost|p2a: Xerneas|spe|2
|
|-damage|p1a: Lugia|0 fnt|[from] psn
|faint|p1a: Lugia
|upkeep
|
|t:|1662718563
|switch|p1a: Genesect|Genesect, shiny|100/100
|-ability|p1a: Genesect|Download|boost
|-boost|p1a: Genesect|atk|1
|turn|6
|
|t:|1662718574
|switch|p2a: Necrozma|Necrozma-Dusk-Mane|100/100
|move|p1a: Genesect|Shift Gear|p1a: Genesect
|-boost|p1a: Genesect|spe|2
|-boost|p1a: Genesect|atk|1
|
|upkeep
|turn|7
|
|t:|1662718588
|switch|p1a: Groudon|Groudon|100/100
|-damage|p1a: Groudon|94/100|[from] Stealth Rock
|-weather|SunnyDay|[from] ability: Drought|[of] p1a: Groudon
|move|p2a: Necrozma|Photon Geyser|p1a: Groudon
|-damage|p1a: Groudon|79/100
|
|-weather|SunnyDay|[upkeep]
|upkeep
|turn|8
|
|t:|1662718612
|move|p1a: Groudon|Swords Dance|p1a: Groudon
|-boost|p1a: Groudon|atk|2
|move|p2a: Necrozma|Sunsteel Strike|p1a: Groudon
|-damage|p1a: Groudon|63/100
|
|-weather|SunnyDay|[upkeep]
|-sideend|p1: Ryriss|Reflect
|-sideend|p1: Ryriss|Safeguard
|upkeep
|turn|9
|
|t:|1662718621
|move|p1a: Groudon|Precipice Blades|p2a: Necrozma
|-supereffective|p2a: Necrozma
|-damage|p2a: Necrozma|0 fnt
|faint|p2a: Necrozma
|
|-weather|SunnyDay|[upkeep]
|-sideend|p1: Ryriss|move: Light Screen
|upkeep
|
|t:|1662718633
|switch|p2a: Groudon|Groudon|100/100
|turn|10
|
|t:|1662718636
|move|p2a: Groudon|Earthquake|p1a: Groudon
|-damage|p1a: Groudon|4/100
|-damage|p2a: Groudon|91/100|[from] item: Life Orb
|move|p1a: Groudon|Rock Polish|p1a: Groudon
|-boost|p1a: Groudon|spe|2
|
|-weather|SunnyDay|[upkeep]
|upkeep
|turn|11
|
|t:|1662718653
|switch|p2a: Yveltal|Yveltal|100/100
|-ability|p2a: Yveltal|Dark Aura
|move|p1a: Groudon|Precipice Blades|p2a: Yveltal
|-immune|p2a: Yveltal
|
|-weather|none
|upkeep
|turn|12
|
|t:|1662718662
|move|p2a: Yveltal|Sucker Punch||[still]
|-fail|p2a: Yveltal
|move|p1a: Groudon|Rock Polish|p1a: Groudon
|-boost|p1a: Groudon|spe|2
|
|upkeep
|turn|13
|
|t:|1662718668
|move|p2a: Yveltal|Sucker Punch||[still]
|-fail|p2a: Yveltal
|move|p1a: Groudon|Swords Dance|p1a: Groudon
|-boost|p1a: Groudon|atk|2
|
|upkeep
|turn|14
|
|t:|1662718676
|move|p2a: Yveltal|Sucker Punch||[still]
|-fail|p2a: Yveltal
|move|p1a: Groudon|Rock Polish|p1a: Groudon
|-boost|p1a: Groudon|spe|2
|
|upkeep
|turn|15
|
|t:|1662718685
|move|p2a: Yveltal|Sucker Punch||[still]
|-fail|p2a: Yveltal
|move|p1a: Groudon|Swords Dance|p1a: Groudon
|-boost|p1a: Groudon|atk|2
|
|upkeep
|turn|16
|
|t:|1662718693
|move|p2a: Yveltal|Sucker Punch||[still]
|-fail|p2a: Yveltal
|move|p1a: Groudon|Rock Polish|p1a: Groudon
|-boost|p1a: Groudon|spe|0
|
|upkeep
|turn|17
|
|t:|1662718700
|move|p1a: Groudon|Swords Dance|p1a: Groudon
|-boost|p1a: Groudon|atk|0
|move|p2a: Yveltal|Knock Off|p1a: Groudon
|-damage|p1a: Groudon|0 fnt
|-enditem|p1a: Groudon|Lum Berry|[from] move: Knock Off|[of] p2a: Yveltal
|faint|p1a: Groudon
|
|upkeep
|
|t:|1662718712
|switch|p1a: Giratina|Giratina-Origin|100/100
|-damage|p1a: Giratina|88/100|[from] Stealth Rock
|turn|18
|
|t:|1662718718
|move|p2a: Yveltal|Knock Off|p1a: Giratina
|-supereffective|p1a: Giratina
|-damage|p1a: Giratina|32/100
|move|p1a: Giratina|Will-O-Wisp|p2a: Yveltal
|-status|p2a: Yveltal|brn
|
|-damage|p2a: Yveltal|94/100 brn|[from] brn
|upkeep
|turn|19
|
|t:|1662718732
|switch|p2a: Blissey|Blissey, F|100/100
|move|p1a: Giratina|Draco Meteor|p2a: Blissey
|-damage|p2a: Blissey|76/100
|-unboost|p1a: Giratina|spa|2
|
|upkeep
|turn|20
|
|t:|1662718740
|switch|p1a: Kyurem|Kyurem-Black|100/100
|-ability|p1a: Kyurem|Teravolt
|move|p2a: Blissey|Thunder Wave|p1a: Kyurem
|-status|p1a: Kyurem|par
|
|upkeep
|turn|21
|
|t:|1662718750
|cant|p1a: Kyurem|par
|move|p2a: Blissey|Aromatherapy|p2a: Blissey
|-activate|p2a: Blissey|move: Aromatherapy
|-curestatus|p2: Xerneas|par|[msg]
|-curestatus|p2: Yveltal|brn|[msg]
|
|upkeep
|turn|22
|
|t:|1662718765
|move|p1a: Kyurem|Icicle Spear|p2a: Blissey
|-damage|p2a: Blissey|63/100
|-damage|p2a: Blissey|50/100
|-damage|p2a: Blissey|35/100
|-hitcount|p2a: Blissey|3
|move|p2a: Blissey|Teleport|p2a: Blissey
|
|t:|1662718773
|switch|p2a: Xerneas|Xerneas|100/100|[from]move: Teleport
|-ability|p2a: Xerneas|Fairy Aura
|
|upkeep
|turn|23
|
|t:|1662718784
|move|p2a: Xerneas|Geomancy||[still]
|-prepare|p2a: Xerneas|Geomancy
|move|p1a: Kyurem|Icicle Spear|p2a: Xerneas
|-damage|p2a: Xerneas|87/100
|-damage|p2a: Xerneas|73/100
|-damage|p2a: Xerneas|59/100
|-damage|p2a: Xerneas|46/100
|-hitcount|p2a: Xerneas|4
|
|upkeep
|turn|24
|
|t:|1662718794
|move|p2a: Xerneas|Geomancy|p2a: Xerneas|[from]lockedmove
|-boost|p2a: Xerneas|spa|2
|-boost|p2a: Xerneas|spd|2
|-boost|p2a: Xerneas|spe|2
|move|p1a: Kyurem|Icicle Spear|p2a: Xerneas
|-damage|p2a: Xerneas|31/100
|-damage|p2a: Xerneas|16/100
|-damage|p2a: Xerneas|2/100
|-hitcount|p2a: Xerneas|3
|
|upkeep
|turn|25
|
|t:|1662718807
|switch|p1a: Giratina|Giratina-Origin|32/100
|-damage|p1a: Giratina|19/100|[from] Stealth Rock
|move|p2a: Xerneas|Moonblast|p1a: Giratina
|-supereffective|p1a: Giratina
|-damage|p1a: Giratina|0 fnt
|faint|p1a: Giratina
|
|upkeep
|
|t:|1662718809
|switch|p1a: Genesect|Genesect, shiny|100/100
|-ability|p1a: Genesect|Download|boost
|-boost|p1a: Genesect|atk|1
|turn|26
|
|t:|1662718826
|move|p2a: Xerneas|Moonblast|p1a: Genesect
|-resisted|p1a: Genesect
|-damage|p1a: Genesect|32/100
|move|p1a: Genesect|Shift Gear|p1a: Genesect
|-boost|p1a: Genesect|spe|2
|-boost|p1a: Genesect|atk|1
|
|upkeep
|turn|27
|
|t:|1662718834
|move|p1a: Genesect|Extreme Speed|p2a: Xerneas
|-damage|p2a: Xerneas|0 fnt
|faint|p2a: Xerneas
|
|upkeep
|
|t:|1662718849
|switch|p2a: Yveltal|Yveltal|94/100
|-ability|p2a: Yveltal|Dark Aura
|turn|28
|
|t:|1662718855
|move|p1a: Genesect|Extreme Speed|p2a: Yveltal
|-damage|p2a: Yveltal|54/100
|move|p2a: Yveltal|Knock Off|p1a: Genesect
|-damage|p1a: Genesect|0 fnt
|-enditem|p1a: Genesect|Heavy-Duty Boots|[from] move: Knock Off|[of] p2a: Yveltal
|faint|p1a: Genesect
|
|upkeep
|
|t:|1662718865
|switch|p1a: Kyurem|Kyurem-Black|100/100 par
|-ability|p1a: Kyurem|Teravolt
|turn|29
|
|t:|1662718884
|switch|p2a: Palkia|Palkia|100/100
|-ability|p2a: Palkia|Pressure
|cant|p1a: Kyurem|par
|
|upkeep
|turn|30
|
|t:|1662718897
|switch|p1a: Yveltal|Yveltal|100/100
|-damage|p1a: Yveltal|76/100|[from] Stealth Rock
|-ability|p1a: Yveltal|Dark Aura
|move|p2a: Palkia|Draco Meteor|p1a: Yveltal
|-damage|p1a: Yveltal|5/100
|-unboost|p2a: Palkia|spa|2
|
|upkeep
|turn|31
|
|t:|1662718907
|move|p2a: Palkia|Draco Meteor|p1a: Yveltal
|-damage|p1a: Yveltal|0 fnt
|-unboost|p2a: Palkia|spa|2
|faint|p1a: Yveltal
|
|upkeep
|
|t:|1662718909
|switch|p1a: Kyurem|Kyurem-Black|100/100 par
|-ability|p1a: Kyurem|Teravolt
|turn|32
|
|t:|1662718918
|switch|p2a: Yveltal|Yveltal|54/100
|-ability|p2a: Yveltal|Dark Aura
|cant|p1a: Kyurem|par
|
|upkeep
|turn|33
|
|t:|1662718924
|move|p2a: Yveltal|Knock Off|p1a: Kyurem
|-damage|p1a: Kyurem|44/100 par
|-enditem|p1a: Kyurem|Heavy-Duty Boots|[from] move: Knock Off|[of] p2a: Yveltal
|cant|p1a: Kyurem|par
|
|upkeep
|turn|34
|-message|Ryriss forfeited.
|
|win|Skwerre
|raw|Ryriss's rating: 1437 &rarr; <strong>1410</strong><br />(-27 for losing)
|raw|Skwerre's rating: 1308 &rarr; <strong>1335</strong><br />(+27 for winning)
|l|☆Ryriss
