|j|☆dlett2468
|j|☆Rell27
|t:|1627085857
|gametype|singles
|player|p1|dlett2468|169|1313
|player|p2|Rell27|170|1456
|teamsize|p1|6
|teamsize|p2|6
|gen|8
|tier|[Gen 8] Ubers
|rated|
|rule|Sleep Clause Mod: Limit one foe put to sleep
|rule|Species Clause: Limit one of each Pokémon
|rule|OHKO Clause: OHKO moves are banned
|rule|Evasion Moves Clause: Evasion moves are banned
|rule|Endless Battle Clause: Forcing endless battles is banned
|rule|HP Percentage Mod: HP is shown in percentages
|rule|Dynamax Clause: You cannot dynamax
|clearpoke
|poke|p1|Groudon|
|poke|p1|Xerneas-*|
|poke|p1|Necrozma-Dusk-Mane|
|poke|p1|Dialga|
|poke|p1|Lunala|
|poke|p1|Yveltal|
|poke|p2|Eternatus|
|poke|p2|Necrozma-Dusk-Mane|
|poke|p2|Marshadow|
|poke|p2|Xerneas-*|
|poke|p2|Yveltal|
|poke|p2|Ho-Oh|
|teampreview
|inactive|Battle timer is ON: inactive players will automatically lose when time's up. (requested by dlett2468)
|
|t:|1627085885
|start
|switch|p1a: Groudon|Groudon|100/100
|switch|p2a: Ho-Oh|Ho-Oh|100/100
|-weather|SunnyDay|[from] ability: Drought|[of] p1a: Groudon
|turn|1
|
|t:|1627085893
|move|p2a: Ho-Oh|Sacred Fire|p1a: Groudon
|-damage|p1a: Groudon|58/100
|move|p1a: Groudon|Stealth Rock|p2a: Ho-Oh
|-sidestart|p2: Rell27|move: Stealth Rock
|
|-weather|SunnyDay|[upkeep]
|-heal|p1a: Groudon|64/100|[from] item: Leftovers
|upkeep
|turn|2
|
|t:|1627085902
|move|p2a: Ho-Oh|Sacred Fire|p1a: Groudon
|-damage|p1a: Groudon|22/100
|-status|p1a: Groudon|brn
|move|p1a: Groudon|Stone Edge|p2a: Ho-Oh
|-supereffective|p2a: Ho-Oh
|-damage|p2a: Ho-Oh|42/100
|
|-weather|SunnyDay|[upkeep]
|-heal|p1a: Groudon|28/100 brn|[from] item: Leftovers
|-damage|p1a: Groudon|22/100 brn|[from] brn
|upkeep
|turn|3
|
|t:|1627085920
|switch|p2a: Eternatus|Eternatus|100/100
|-damage|p2a: Eternatus|88/100|[from] Stealth Rock
|-ability|p2a: Eternatus|Pressure
|move|p1a: Groudon|Stone Edge|p2a: Eternatus
|-crit|p2a: Eternatus
|-damage|p2a: Eternatus|71/100
|
|-weather|SunnyDay|[upkeep]
|-heal|p1a: Groudon|28/100 brn|[from] item: Leftovers
|-damage|p1a: Groudon|22/100 brn|[from] brn
|upkeep
|turn|4
|
|t:|1627085929
|move|p2a: Eternatus|Dynamax Cannon|p1a: Groudon
|-damage|p1a: Groudon|0 fnt
|faint|p1a: Groudon
|-damage|p2a: Eternatus|61/100|[from] item: Life Orb
|
|-weather|SunnyDay|[upkeep]
|upkeep
|
|t:|1627085934
|switch|p1a: Dialga|Dialga|100/100
|-ability|p1a: Dialga|Pressure
|turn|5
|
|t:|1627085940
|switch|p2a: Ho-Oh|Ho-Oh|76/100
|move|p1a: Dialga|Draco Meteor|p2a: Ho-Oh
|-damage|p2a: Ho-Oh|0 fnt
|-unboost|p1a: Dialga|spa|2
|faint|p2a: Ho-Oh
|
|-weather|none
|upkeep
|
|t:|1627085959
|switch|p2a: Xerneas|Xerneas|100/100
|-damage|p2a: Xerneas|88/100|[from] Stealth Rock
|-ability|p2a: Xerneas|Fairy Aura
|turn|6
|
|t:|1627085965
|switch|p1a: Necrozma|Necrozma-Dusk-Mane|100/100
|move|p2a: Xerneas|Geomancy||[still]
|-prepare|p2a: Xerneas|Geomancy
|-enditem|p2a: Xerneas|Power Herb
|-anim|p2a: Xerneas|Geomancy|p2a: Xerneas
|-boost|p2a: Xerneas|spa|2
|-boost|p2a: Xerneas|spd|2
|-boost|p2a: Xerneas|spe|2
|
|upkeep
|turn|7
|
|t:|1627085970
|move|p2a: Xerneas|Thunder|p1a: Necrozma|[miss]
|-miss|p2a: Xerneas|p1a: Necrozma
|move|p1a: Necrozma|Sunsteel Strike|p2a: Xerneas
|-supereffective|p2a: Xerneas
|-damage|p2a: Xerneas|0 fnt
|faint|p2a: Xerneas
|
|upkeep
|
|t:|1627085975
|switch|p2a: Yveltal|Yveltal|100/100
|-damage|p2a: Yveltal|76/100|[from] Stealth Rock
|-ability|p2a: Yveltal|Dark Aura
|turn|8
|
|t:|1627085996
|switch|p1a: Xerneas|Xerneas|100/100
|-ability|p1a: Xerneas|Fairy Aura
|move|p2a: Yveltal|Dark Pulse|p1a: Xerneas
|-resisted|p1a: Xerneas
|-damage|p1a: Xerneas|69/100
|-damage|p2a: Yveltal|66/100|[from] item: Life Orb
|
|upkeep
|turn|9
|inactive|dlett2468 has 120 seconds left.
|inactive|dlett2468 has 90 seconds left.
|
|t:|1627086064
|switch|p2a: Necrozma|Necrozma-Dusk-Mane|100/100
|-damage|p2a: Necrozma|94/100|[from] Stealth Rock
|move|p1a: Xerneas|Moonblast|p2a: Necrozma
|-resisted|p2a: Necrozma
|-damage|p2a: Necrozma|65/100
|
|upkeep
|turn|10
|
|t:|1627086081
|switch|p1a: Dialga|Dialga|100/100
|-ability|p1a: Dialga|Pressure
|move|p2a: Necrozma|Sunsteel Strike|p1a: Dialga
|-resisted|p1a: Dialga
|-damage|p1a: Dialga|73/100
|
|upkeep
|turn|11
|inactive|dlett2468 has 90 seconds left.
|
|t:|1627086090
|switch|p2a: Eternatus|Eternatus|61/100
|-damage|p2a: Eternatus|48/100|[from] Stealth Rock
|-ability|p2a: Eternatus|Pressure
|move|p1a: Dialga|Fire Blast|p2a: Eternatus
|-resisted|p2a: Eternatus
|-damage|p2a: Eternatus|20/100
|
|upkeep
|turn|12
|
|t:|1627086099
|switch|p1a: Necrozma|Necrozma-Dusk-Mane|100/100
|move|p2a: Eternatus|Recover|p2a: Eternatus
|-heal|p2a: Eternatus|70/100
|
|upkeep
|turn|13
|
|t:|1627086105
|switch|p2a: Necrozma|Necrozma-Dusk-Mane|65/100
|-damage|p2a: Necrozma|58/100|[from] Stealth Rock
|move|p1a: Necrozma|Thunder Wave|p2a: Necrozma
|-status|p2a: Necrozma|par
|
|upkeep
|turn|14
|
|t:|1627086118
|switch|p1a: Yveltal|Yveltal|100/100
|-ability|p1a: Yveltal|Dark Aura
|move|p2a: Necrozma|Stealth Rock|p1a: Yveltal
|-sidestart|p1: dlett2468|move: Stealth Rock
|
|upkeep
|turn|15
|
|t:|1627086126
|move|p1a: Yveltal|Defog|p2a: Necrozma
|-unboost|p2a: Necrozma|evasion|1
|-sideend|p2: Rell27|Stealth Rock|[from] move: Defog|[of] p1a: Yveltal
|-sideend|p1: dlett2468|Stealth Rock|[from] move: Defog|[of] p1a: Yveltal
|move|p2a: Necrozma|Sunsteel Strike|p1a: Yveltal
|-damage|p1a: Yveltal|54/100
|
|upkeep
|turn|16
|
|t:|1627086133
|move|p1a: Yveltal|Knock Off|p2a: Necrozma
|-supereffective|p2a: Necrozma
|-damage|p2a: Necrozma|0 fnt
|-enditem|p2a: Necrozma|Weakness Policy|[from] move: Knock Off|[of] p1a: Yveltal
|faint|p2a: Necrozma
|
|upkeep
|
|t:|1627086151
|switch|p2a: Marshadow|Marshadow|100/100
|turn|17
|
|t:|1627086157
|move|p2a: Marshadow|Bulk Up|p2a: Marshadow
|-boost|p2a: Marshadow|atk|1
|-boost|p2a: Marshadow|def|1
|move|p1a: Yveltal|Knock Off|p2a: Marshadow
|-damage|p2a: Marshadow|57/100
|-enditem|p2a: Marshadow|Muscle Band|[from] move: Knock Off|[of] p1a: Yveltal
|
|upkeep
|turn|18
|
|t:|1627086169
|move|p2a: Marshadow|Bulk Up|p2a: Marshadow
|-boost|p2a: Marshadow|atk|1
|-boost|p2a: Marshadow|def|1
|move|p1a: Yveltal|Knock Off|p2a: Marshadow
|-damage|p2a: Marshadow|35/100
|
|upkeep
|turn|19
|
|t:|1627086174
|move|p2a: Marshadow|Close Combat|p1a: Yveltal
|-damage|p1a: Yveltal|0 fnt
|-unboost|p2a: Marshadow|def|1
|-unboost|p2a: Marshadow|spd|1
|faint|p1a: Yveltal
|
|upkeep
|
|t:|1627086194
|switch|p1a: Xerneas|Xerneas|69/100
|-ability|p1a: Xerneas|Fairy Aura
|turn|20
|
|t:|1627086200
|move|p2a: Marshadow|Poltergeist|p1a: Xerneas|[miss]
|-miss|p2a: Marshadow|p1a: Xerneas
|move|p1a: Xerneas|Moonblast|p2a: Marshadow
|-supereffective|p2a: Marshadow
|-crit|p2a: Marshadow
|-damage|p2a: Marshadow|0 fnt
|faint|p2a: Marshadow
|
|upkeep
|
|t:|1627086204
|switch|p2a: Eternatus|Eternatus|70/100
|-ability|p2a: Eternatus|Pressure
|turn|21
|
|t:|1627086214
|switch|p2a: Yveltal|Yveltal|66/100
|-ability|p2a: Yveltal|Dark Aura
|switch|p1a: Necrozma|Necrozma-Dusk-Mane|100/100
|
|upkeep
|turn|22
|
|t:|1627086228
|move|p2a: Yveltal|Oblivion Wing|p1a: Necrozma
|-resisted|p1a: Necrozma
|-damage|p1a: Necrozma|84/100
|-heal|p2a: Yveltal|77/100|[from] drain|[of] p1a: Necrozma
|-damage|p2a: Yveltal|67/100|[from] item: Life Orb
|move|p1a: Necrozma|Thunder Wave|p2a: Yveltal
|-status|p2a: Yveltal|par
|
|-heal|p1a: Necrozma|90/100|[from] item: Leftovers
|upkeep
|turn|23
|
|t:|1627086241
|move|p1a: Necrozma|Sunsteel Strike|p2a: Yveltal
|-damage|p2a: Yveltal|24/100 par
|move|p2a: Yveltal|Dark Pulse|p1a: Necrozma
|-supereffective|p1a: Necrozma
|-damage|p1a: Necrozma|27/100
|-damage|p2a: Yveltal|14/100 par|[from] item: Life Orb
|
|-heal|p1a: Necrozma|33/100|[from] item: Leftovers
|upkeep
|turn|24
|
|t:|1627086256
|move|p1a: Necrozma|Sunsteel Strike|p2a: Yveltal
|-damage|p2a: Yveltal|0 fnt
|faint|p2a: Yveltal
|
|-heal|p1a: Necrozma|39/100|[from] item: Leftovers
|upkeep
|
|t:|1627086257
|switch|p2a: Eternatus|Eternatus|70/100
|-ability|p2a: Eternatus|Pressure
|turn|25
|
|t:|1627086266
|move|p2a: Eternatus|Flamethrower|p1a: Necrozma
|-supereffective|p1a: Necrozma
|-damage|p1a: Necrozma|0 fnt
|faint|p1a: Necrozma
|-damage|p2a: Eternatus|61/100|[from] item: Life Orb
|
|upkeep
|
|t:|1627086271
|switch|p1a: Dialga|Dialga|73/100
|-ability|p1a: Dialga|Pressure
|turn|26
|
|t:|1627086273
|move|p2a: Eternatus|Dynamax Cannon|p1a: Dialga
|-damage|p1a: Dialga|0 fnt
|faint|p1a: Dialga
|-damage|p2a: Eternatus|51/100|[from] item: Life Orb
|
|upkeep
|
|t:|1627086282
|switch|p1a: Lunala|Lunala|100/100
|turn|27
|
|t:|1627086290
|move|p2a: Eternatus|Recover|p2a: Eternatus
|-heal|p2a: Eternatus|100/100
|move|p1a: Lunala|Ice Beam|p2a: Eternatus
|-supereffective|p2a: Eternatus
|-damage|p2a: Eternatus|50/100
|
|upkeep
|turn|28
|
|t:|1627086299
|move|p2a: Eternatus|Recover|p2a: Eternatus
|-heal|p2a: Eternatus|99/100
|move|p1a: Lunala|Ice Beam|p2a: Eternatus
|-supereffective|p2a: Eternatus
|-damage|p2a: Eternatus|47/100
|
|upkeep
|turn|29
|
|t:|1627086306
|move|p2a: Eternatus|Recover|p2a: Eternatus
|-heal|p2a: Eternatus|97/100
|move|p1a: Lunala|Ice Beam|p2a: Eternatus
|-supereffective|p2a: Eternatus
|-damage|p2a: Eternatus|49/100
|
|upkeep
|turn|30
|
|t:|1627086313
|move|p2a: Eternatus|Recover|p2a: Eternatus
|-heal|p2a: Eternatus|99/100
|move|p1a: Lunala|Meteor Beam||[still]
|-prepare|p1a: Lunala|Meteor Beam
|-boost|p1a: Lunala|spa|1
|-enditem|p1a: Lunala|Power Herb
|-anim|p1a: Lunala|Meteor Beam|p2a: Eternatus
|-damage|p2a: Eternatus|54/100
|
|upkeep
|turn|31
|
|t:|1627086321
|move|p2a: Eternatus|Sludge Bomb|p1a: Lunala
|-resisted|p1a: Lunala
|-damage|p1a: Lunala|88/100
|-damage|p2a: Eternatus|44/100|[from] item: Life Orb
|move|p1a: Lunala|Ice Beam|p2a: Eternatus
|-supereffective|p2a: Eternatus
|-damage|p2a: Eternatus|0 fnt
|faint|p2a: Eternatus
|
|win|dlett2468
|raw|dlett2468's rating: 1313 &rarr; <strong>1341</strong><br />(+28 for winning)
|raw|Rell27's rating: 1456 &rarr; <strong>1428</strong><br />(-28 for losing)
|l|☆Rell27
