|j|☆nfaa2
|j|☆Evoisbad
|t:|1651208604
|gametype|singles
|player|p1|nfaa2|170|1238
|player|p2|Evoisbad|colress|1360
|teamsize|p1|6
|teamsize|p2|6
|gen|8
|tier|[Gen 8] Ubers
|rated|
|rule|Sleep Clause Mod: Limit one foe put to sleep
|rule|Species Clause: Limit one of each Pokémon
|rule|OHKO Clause: OHKO moves are banned
|rule|Evasion Moves Clause: Evasion moves are banned
|rule|Endless Battle Clause: Forcing endless battles is banned
|rule|HP Percentage Mod: HP is shown in percentages
|rule|Dynamax Clause: You cannot dynamax
|clearpoke
|poke|p1|Aerodactyl, F|
|poke|p1|Yveltal|
|poke|p1|Calyrex-Shadow|
|poke|p1|Necrozma-Dusk-Mane|
|poke|p1|Rayquaza|
|poke|p1|Darmanitan-Galar, F|
|poke|p2|Necrozma-Dusk-Mane|
|poke|p2|Porygon2|
|poke|p2|Hatterene, F|
|poke|p2|Dracovish|
|poke|p2|Calyrex-Ice|
|poke|p2|Magearna|
|teampreview
|inactive|Battle timer is ON: inactive players will automatically lose when time's up. (requested by Evoisbad)
|
|t:|1651208613
|start
|switch|p1a: Aerodactyl|Aerodactyl, F|100/100
|switch|p2a: Hatterene|Hatterene, F|100/100
|-ability|p1a: Aerodactyl|Pressure
|turn|1
|
|t:|1651208634
|move|p1a: Aerodactyl|Rock Tomb|p2a: Hatterene
|-damage|p2a: Hatterene|71/100
|-unboost|p2a: Hatterene|spe|1
|move|p2a: Hatterene|Trick Room|p2a: Hatterene
|-fieldstart|move: Trick Room|[of] p2a: Hatterene
|
|upkeep
|turn|2
|
|t:|1651208643
|move|p2a: Hatterene|Misty Explosion|p1a: Aerodactyl
|-damage|p1a: Aerodactyl|11/100
|faint|p2a: Hatterene
|move|p1a: Aerodactyl|Taunt|p2: Hatterene|[notarget]
|-fail|p1a: Aerodactyl
|
|upkeep
|
|t:|1651208649
|switch|p2a: Calyrex|Calyrex-Ice|100/100
|-ability|p2a: Calyrex|As One
|-ability|p2a: Calyrex|Unnerve
|turn|3
|inactive|nfaa2 has 120 seconds left.
|
|t:|1651208693
|switch|p1a: Necrozma|Necrozma-Dusk-Mane|100/100
|move|p2a: Calyrex|Throat Chop|p1a: Necrozma
|-supereffective|p1a: Necrozma
|-damage|p1a: Necrozma|46/100
|-start|p1a: Necrozma|Throat Chop|[silent]
|-enditem|p1a: Necrozma|Weakness Policy
|-boost|p1a: Necrozma|atk|2|[from] item: Weakness Policy
|-boost|p1a: Necrozma|spa|2|[from] item: Weakness Policy
|-damage|p2a: Calyrex|91/100|[from] item: Life Orb
|
|upkeep
|turn|4
|
|t:|1651208713
|switch|p1a: Yveltal|Yveltal|100/100
|-ability|p1a: Yveltal|Dark Aura
|move|p2a: Calyrex|Throat Chop|p1a: Yveltal
|-resisted|p1a: Yveltal
|-damage|p1a: Yveltal|72/100
|-start|p1a: Yveltal|Throat Chop|[silent]
|-damage|p2a: Calyrex|81/100|[from] item: Life Orb
|
|upkeep
|turn|5
|
|t:|1651208721
|move|p1a: Yveltal|Sucker Punch|p2a: Calyrex
|-supereffective|p2a: Calyrex
|-damage|p2a: Calyrex|12/100
|move|p2a: Calyrex|Glacial Lance|p1a: Yveltal
|-supereffective|p1a: Yveltal
|-damage|p1a: Yveltal|0 fnt
|faint|p1a: Yveltal
|-ability|p2a: Calyrex|Chilling Neigh|boost
|-boost|p2a: Calyrex|atk|1
|-damage|p2a: Calyrex|2/100|[from] item: Life Orb
|
|-fieldend|move: Trick Room
|upkeep
|
|t:|1651208732
|switch|p1a: Darmanitan|Darmanitan-Galar, F|100/100
|turn|6
|
|t:|1651208739
|switch|p2a: Necrozma|Necrozma-Dusk-Mane|100/100
|move|p1a: Darmanitan|Earthquake|p2a: Necrozma
|-supereffective|p2a: Necrozma
|-damage|p2a: Necrozma|54/100
|
|-heal|p2a: Necrozma|60/100|[from] item: Leftovers
|upkeep
|turn|7
|
|t:|1651208757
|switch|p1a: Rayquaza|Rayquaza|100/100
|-ability|p1a: Rayquaza|Air Lock
|move|p2a: Necrozma|Trick Room|p2a: Necrozma
|-fieldstart|move: Trick Room|[of] p2a: Necrozma
|
|-heal|p2a: Necrozma|66/100|[from] item: Leftovers
|upkeep
|turn|8
|inactive|Evoisbad has 120 seconds left.
|
|t:|1651208797
|switch|p2a: Magearna|Magearna|100/100
|move|p1a: Rayquaza|V-create|p2a: Magearna
|-supereffective|p2a: Magearna
|-damage|p2a: Magearna|0 fnt
|-unboost|p1a: Rayquaza|spe|1
|-unboost|p1a: Rayquaza|def|1
|-unboost|p1a: Rayquaza|spd|1
|faint|p2a: Magearna
|
|upkeep
|
|t:|1651208800
|switch|p2a: Dracovish|Dracovish|100/100
|turn|9
|inactive|nfaa2 has 120 seconds left.
|
|t:|1651208828
|move|p2a: Dracovish|Fishious Rend|p1a: Rayquaza
|-resisted|p1a: Rayquaza
|-enditem|p1a: Rayquaza|Focus Sash
|-damage|p1a: Rayquaza|1/100
|move|p1a: Rayquaza|Scale Shot|p2a: Dracovish
|-supereffective|p2a: Dracovish
|-damage|p2a: Dracovish|75/100
|-supereffective|p2a: Dracovish
|-damage|p2a: Dracovish|49/100
|-supereffective|p2a: Dracovish
|-damage|p2a: Dracovish|21/100
|-supereffective|p2a: Dracovish
|-damage|p2a: Dracovish|0 fnt
|faint|p2a: Dracovish
|-hitcount|p2: Dracovish|4
|-unboost|p1a: Rayquaza|def|1
|-boost|p1a: Rayquaza|spe|1
|
|upkeep
|
|t:|1651208839
|switch|p2a: Calyrex|Calyrex-Ice|2/100
|-ability|p2a: Calyrex|As One
|-ability|p2a: Calyrex|Unnerve
|turn|10
|inactive|nfaa2 has 90 seconds left.
|
|t:|1651208870
|switch|p1a: Aerodactyl|Aerodactyl, F|11/100
|-ability|p1a: Aerodactyl|Pressure
|move|p2a: Calyrex|Glacial Lance|p1a: Aerodactyl
|-supereffective|p1a: Aerodactyl
|-damage|p1a: Aerodactyl|0 fnt
|faint|p1a: Aerodactyl
|-ability|p2a: Calyrex|Chilling Neigh|boost
|-boost|p2a: Calyrex|atk|1
|-damage|p2a: Calyrex|0 fnt|[from] item: Life Orb
|faint|p2a: Calyrex
|
|upkeep
|inactive|nfaa2 has 90 seconds left.
|
|t:|1651208883
|switch|p2a: Porygon2|Porygon2|100/100
|switch|p1a: Calyrex|Calyrex-Shadow|100/100
|-ability|p1a: Calyrex|As One
|-ability|p1a: Calyrex|Unnerve
|turn|11
|inactive|nfaa2 has 90 seconds left.
|
|t:|1651208898
|move|p2a: Porygon2|Shadow Ball|p1a: Calyrex
|-supereffective|p1a: Calyrex
|-damage|p1a: Calyrex|22/100
|move|p1a: Calyrex|Nasty Plot|p1a: Calyrex
|-boost|p1a: Calyrex|spa|2
|
|-fieldend|move: Trick Room
|upkeep
|turn|12
|
|t:|1651208905
|move|p1a: Calyrex|Astral Barrage|p2a: Porygon2
|-immune|p2a: Porygon2
|move|p2a: Porygon2|Trick Room|p2a: Porygon2
|-fieldstart|move: Trick Room|[of] p2a: Porygon2
|
|upkeep
|turn|13
|inactive|nfaa2 has 90 seconds left.
|
|t:|1651208919
|move|p2a: Porygon2|Shadow Ball|p1a: Calyrex
|-supereffective|p1a: Calyrex
|-damage|p1a: Calyrex|0 fnt
|faint|p1a: Calyrex
|
|upkeep
|
|t:|1651208925
|switch|p1a: Darmanitan|Darmanitan-Galar, F|100/100
|-ability|p2a: Porygon2|Gorilla Tactics|[from] ability: Trace|[of] p1a: Darmanitan
|turn|14
|inactive|nfaa2 has 90 seconds left.
|
|t:|1651208941
|move|p1a: Darmanitan|Earthquake|p2a: Porygon2
|-damage|p2a: Porygon2|68/100
|move|p2a: Porygon2|Teleport|p2a: Porygon2
|
|t:|1651208943
|switch|p2a: Necrozma|Necrozma-Dusk-Mane|66/100|[from]move: Teleport
|
|-heal|p2a: Necrozma|72/100|[from] item: Leftovers
|upkeep
|turn|15
|inactive|nfaa2 has 90 seconds left.
|
|t:|1651208949
|move|p2a: Necrozma|Sunsteel Strike|p1a: Darmanitan
|-supereffective|p1a: Darmanitan
|-damage|p1a: Darmanitan|0 fnt
|faint|p1a: Darmanitan
|
|-heal|p2a: Necrozma|78/100|[from] item: Leftovers
|upkeep
|inactive|nfaa2 has 90 seconds left.
|
|t:|1651208955
|switch|p1a: Necrozma|Necrozma-Dusk-Mane|46/100
|turn|16
|
|t:|1651208960
|move|p2a: Necrozma|Earthquake|p1a: Necrozma
|-supereffective|p1a: Necrozma
|-damage|p1a: Necrozma|0 fnt
|faint|p1a: Necrozma
|
|-heal|p2a: Necrozma|84/100|[from] item: Leftovers
|-fieldend|move: Trick Room
|upkeep
|
|t:|1651208966
|switch|p1a: Rayquaza|Rayquaza|1/100
|-ability|p1a: Rayquaza|Air Lock
|turn|17
|
|t:|1651208972
|move|p1a: Rayquaza|V-create|p2a: Necrozma
|-supereffective|p2a: Necrozma
|-damage|p2a: Necrozma|20/100
|-unboost|p1a: Rayquaza|spe|1
|-unboost|p1a: Rayquaza|def|1
|-unboost|p1a: Rayquaza|spd|1
|move|p2a: Necrozma|Trick Room|p2a: Necrozma
|-fieldstart|move: Trick Room|[of] p2a: Necrozma
|
|-heal|p2a: Necrozma|26/100|[from] item: Leftovers
|upkeep
|turn|18
|c|☆Evoisbad|gg
|
|t:|1651208989
|move|p2a: Necrozma|Sunsteel Strike|p1a: Rayquaza
|-damage|p1a: Rayquaza|0 fnt
|faint|p1a: Rayquaza
|
|win|Evoisbad
|raw|nfaa2's rating: 1238 &rarr; <strong>1221</strong><br />(-17 for losing)
|raw|Evoisbad's rating: 1360 &rarr; <strong>1373</strong><br />(+13 for winning)
|l|☆nfaa2
|l|☆Evoisbad
