|j|☆itsoktoburn
|j|☆AdenJ
|t:|1635787706
|gametype|singles
|player|p1|itsoktoburn|emmet|1385
|player|p2|AdenJ|204|1397
|teamsize|p1|6
|teamsize|p2|6
|gen|8
|tier|[Gen 8] Ubers
|rated|
|rule|Sleep Clause Mod: Limit one foe put to sleep
|rule|Species Clause: Limit one of each Pokémon
|rule|OHKO Clause: OHKO moves are banned
|rule|Evasion Moves Clause: Evasion moves are banned
|rule|Endless Battle Clause: Forcing endless battles is banned
|rule|HP Percentage Mod: HP is shown in percentages
|rule|Dynamax Clause: You cannot dynamax
|clearpoke
|poke|p1|Slurpuff, F|
|poke|p1|Landorus, M|
|poke|p1|Calyrex-Shadow|
|poke|p1|Eternatus|
|poke|p1|Necrozma-Dusk-Mane|
|poke|p1|Yveltal|
|poke|p2|Calyrex-Shadow|
|poke|p2|Ho-Oh|
|poke|p2|Yveltal|
|poke|p2|Necrozma-Dusk-Mane|
|poke|p2|Xerneas-*|
|poke|p2|Zygarde|
|teampreview
|
|t:|1635787718
|start
|switch|p1a: Slurp|Slurpuff, F, shiny|100/100
|switch|p2a: Necrozma|Necrozma-Dusk-Mane|100/100
|turn|1
|
|t:|1635787723
|move|p1a: Slurp|Sticky Web|p2a: Necrozma
|-sidestart|p2: AdenJ|move: Sticky Web
|move|p2a: Necrozma|Sunsteel Strike|p1a: Slurp
|-supereffective|p1a: Slurp
|-enditem|p1a: Slurp|Focus Sash
|-damage|p1a: Slurp|1/100
|
|upkeep
|turn|2
|
|t:|1635787736
|move|p1a: Slurp|Misty Explosion|p2a: Necrozma
|-resisted|p2a: Necrozma
|-damage|p2a: Necrozma|85/100
|faint|p1a: Slurp
|move|p2a: Necrozma|Sunsteel Strike|p1: Slurp|[notarget]
|-fail|p2a: Necrozma
|
|upkeep
|
|t:|1635787739
|switch|p1a: Jatayu|Yveltal, shiny|100/100
|-ability|p1a: Jatayu|Dark Aura
|turn|3
|
|t:|1635787748
|switch|p2a: Ho-Oh|Ho-Oh|100/100
|move|p1a: Jatayu|Knock Off|p2a: Ho-Oh
|-damage|p2a: Ho-Oh|31/100
|-enditem|p2a: Ho-Oh|Heavy-Duty Boots|[from] move: Knock Off|[of] p1a: Jatayu
|
|upkeep
|turn|4
|
|t:|1635787756
|move|p1a: Jatayu|Knock Off|p2a: Ho-Oh
|-damage|p2a: Ho-Oh|0 fnt
|faint|p2a: Ho-Oh
|
|upkeep
|
|t:|1635787766
|switch|p2a: Necrozma|Necrozma-Dusk-Mane|85/100
|-activate|p2a: Necrozma|move: Sticky Web
|-unboost|p2a: Necrozma|spe|1
|turn|5
|
|t:|1635787769
|move|p1a: Jatayu|Knock Off|p2a: Necrozma
|-supereffective|p2a: Necrozma
|-damage|p2a: Necrozma|21/100
|-damage|p1a: Jatayu|84/100|[from] item: Rocky Helmet|[of] p2a: Necrozma
|-enditem|p2a: Necrozma|Rocky Helmet|[from] move: Knock Off|[of] p1a: Jatayu
|move|p2a: Necrozma|Stealth Rock|p1a: Jatayu
|-sidestart|p1: itsoktoburn|move: Stealth Rock
|
|upkeep
|turn|6
|
|t:|1635787778
|switch|p2a: Yveltal|Yveltal|100/100
|-ability|p2a: Yveltal|Dark Aura
|move|p1a: Jatayu|Knock Off|p2a: Yveltal
|-resisted|p2a: Yveltal
|-damage|p2a: Yveltal|66/100
|-enditem|p2a: Yveltal|Heavy-Duty Boots|[from] move: Knock Off|[of] p1a: Jatayu
|
|upkeep
|turn|7
|
|t:|1635787783
|move|p1a: Jatayu|Taunt|p2a: Yveltal
|-start|p2a: Yveltal|move: Taunt
|move|p2a: Yveltal|Knock Off|p1a: Jatayu
|-resisted|p1a: Jatayu
|-damage|p1a: Jatayu|58/100
|-enditem|p1a: Jatayu|Black Glasses|[from] move: Knock Off|[of] p2a: Yveltal
|
|upkeep
|turn|8
|
|t:|1635787789
|move|p1a: Jatayu|Roost|p1a: Jatayu
|-heal|p1a: Jatayu|100/100
|-singleturn|p1a: Jatayu|move: Roost
|move|p2a: Yveltal|Oblivion Wing|p1a: Jatayu
|-damage|p1a: Jatayu|71/100
|-heal|p2a: Yveltal|85/100|[from] drain|[of] p1a: Jatayu
|
|upkeep
|turn|9
|
|t:|1635787799
|switch|p1a: Digimon|Eternatus|100/100
|-damage|p1a: Digimon|88/100|[from] Stealth Rock
|-ability|p1a: Digimon|Pressure
|move|p2a: Yveltal|Oblivion Wing|p1a: Digimon
|-damage|p1a: Digimon|64/100
|-heal|p2a: Yveltal|100/100|[from] drain|[of] p1a: Digimon
|
|-end|p2a: Yveltal|move: Taunt
|upkeep
|turn|10
|
|t:|1635787809
|move|p1a: Digimon|Meteor Beam||[still]
|-prepare|p1a: Digimon|Meteor Beam
|-boost|p1a: Digimon|spa|1
|-enditem|p1a: Digimon|Power Herb
|-anim|p1a: Digimon|Meteor Beam|p2a: Yveltal|[miss]
|-miss|p1a: Digimon|p2a: Yveltal
|move|p2a: Yveltal|Knock Off|p1a: Digimon
|-damage|p1a: Digimon|30/100
|
|upkeep
|turn|11
|
|t:|1635787816
|move|p2a: Yveltal|Sucker Punch|p1a: Digimon
|-damage|p1a: Digimon|0 fnt
|faint|p1a: Digimon
|
|upkeep
|
|t:|1635787827
|switch|p1a: Obi-wan|Landorus, M|100/100
|-damage|p1a: Obi-wan|88/100|[from] Stealth Rock
|turn|12
|
|t:|1635787831
|move|p1a: Obi-wan|Rock Slide|p2a: Yveltal
|-supereffective|p2a: Yveltal
|-damage|p2a: Yveltal|47/100
|move|p2a: Yveltal|Knock Off|p1a: Obi-wan
|-damage|p1a: Obi-wan|26/100
|-enditem|p1a: Obi-wan|Life Orb|[from] move: Knock Off|[of] p2a: Yveltal
|
|upkeep
|turn|13
|
|t:|1635787838
|switch|p2a: Necrozma|Necrozma-Dusk-Mane|21/100
|-activate|p2a: Necrozma|move: Sticky Web
|-unboost|p2a: Necrozma|spe|1
|move|p1a: Obi-wan|Stealth Rock|p2a: Necrozma
|-sidestart|p2: AdenJ|move: Stealth Rock
|
|upkeep
|turn|14
|
|t:|1635787842
|move|p1a: Obi-wan|Earth Power|p2a: Necrozma
|-supereffective|p2a: Necrozma
|-damage|p2a: Necrozma|0 fnt
|faint|p2a: Necrozma
|
|upkeep
|
|t:|1635787846
|switch|p2a: Zygarde|Zygarde|100/100
|-activate|p2a: Zygarde|move: Sticky Web
|-unboost|p2a: Zygarde|spe|1
|-damage|p2a: Zygarde|94/100|[from] Stealth Rock
|turn|15
|
|t:|1635787850
|move|p1a: Obi-wan|Explosion|p2a: Zygarde
|-damage|p2a: Zygarde|48/100
|faint|p1a: Obi-wan
|move|p2a: Zygarde|Substitute|p2a: Zygarde
|-start|p2a: Zygarde|Substitute
|-damage|p2a: Zygarde|23/100
|
|-heal|p2a: Zygarde|29/100|[from] item: Leftovers
|-activate|p2a: Zygarde|ability: Power Construct
|detailschange|p2a: Zygarde|Zygarde-Complete
|-heal|p2a: Zygarde|56/100|[silent]
|upkeep
|
|t:|1635787856
|switch|p1a: Johnny Blaze|Calyrex-Shadow|100/100
|-ability|p1a: Johnny Blaze|As One
|-ability|p1a: Johnny Blaze|Unnerve
|-damage|p1a: Johnny Blaze|88/100|[from] Stealth Rock
|turn|16
|
|t:|1635787865
|move|p1a: Johnny Blaze|Astral Barrage|p2a: Zygarde
|-end|p2a: Zygarde|Substitute
|move|p2a: Zygarde|Glare|p1a: Johnny Blaze
|-status|p1a: Johnny Blaze|par
|
|-heal|p2a: Zygarde|62/100|[from] item: Leftovers
|upkeep
|turn|17
|
|t:|1635787876
|move|p1a: Johnny Blaze|Nasty Plot|p1a: Johnny Blaze
|-boost|p1a: Johnny Blaze|spa|2
|move|p2a: Zygarde|Substitute|p2a: Zygarde
|-start|p2a: Zygarde|Substitute
|-damage|p2a: Zygarde|37/100
|
|-heal|p2a: Zygarde|43/100|[from] item: Leftovers
|upkeep
|turn|18
|
|t:|1635787882
|cant|p1a: Johnny Blaze|par
|move|p2a: Zygarde|Dragon Dance|p2a: Zygarde
|-boost|p2a: Zygarde|atk|1
|-boost|p2a: Zygarde|spe|1
|
|-heal|p2a: Zygarde|49/100|[from] item: Leftovers
|upkeep
|turn|19
|
|t:|1635787884
|move|p2a: Zygarde|Dragon Dance|p2a: Zygarde
|-boost|p2a: Zygarde|atk|1
|-boost|p2a: Zygarde|spe|1
|move|p1a: Johnny Blaze|Draining Kiss|p2a: Zygarde
|-supereffective|p2a: Zygarde
|-end|p2a: Zygarde|Substitute
|-heal|p1a: Johnny Blaze|100/100 par|[from] drain|[of] p2a: Zygarde
|
|-heal|p2a: Zygarde|56/100|[from] item: Leftovers
|upkeep
|turn|20
|
|t:|1635787891
|move|p2a: Zygarde|Thousand Arrows|p1a: Johnny Blaze
|-damage|p1a: Johnny Blaze|14/100 par
|move|p1a: Johnny Blaze|Astral Barrage|p2a: Zygarde
|-damage|p2a: Zygarde|0 fnt
|faint|p2a: Zygarde
|-ability|p1a: Johnny Blaze|Grim Neigh|boost
|-boost|p1a: Johnny Blaze|spa|1
|
|upkeep
|
|t:|1635787901
|switch|p2a: Yveltal|Yveltal|47/100
|-damage|p2a: Yveltal|22/100|[from] Stealth Rock
|-ability|p2a: Yveltal|Dark Aura
|turn|21
|
|t:|1635787905
|move|p2a: Yveltal|Sucker Punch|p1a: Johnny Blaze
|-supereffective|p1a: Johnny Blaze
|-damage|p1a: Johnny Blaze|0 fnt
|faint|p1a: Johnny Blaze
|
|upkeep
|
|t:|1635787909
|switch|p1a: Jatayu|Yveltal, shiny|71/100
|-damage|p1a: Jatayu|46/100|[from] Stealth Rock
|-ability|p1a: Jatayu|Dark Aura
|turn|22
|
|t:|1635787915
|move|p1a: Jatayu|Knock Off|p2a: Yveltal
|-resisted|p2a: Yveltal
|-damage|p2a: Yveltal|5/100
|move|p2a: Yveltal|Roost|p2a: Yveltal
|-heal|p2a: Yveltal|55/100
|-singleturn|p2a: Yveltal|move: Roost
|
|upkeep
|turn|23
|
|t:|1635787927
|switch|p1a: Let there be light|Necrozma-Dusk-Mane|100/100
|-damage|p1a: Let there be light|95/100|[from] Stealth Rock
|move|p2a: Yveltal|Roost|p2a: Yveltal
|-heal|p2a: Yveltal|100/100
|-singleturn|p2a: Yveltal|move: Roost
|
|upkeep
|turn|24
|
|t:|1635787930
|move|p1a: Let there be light|Stone Edge|p2a: Yveltal
|-supereffective|p2a: Yveltal
|-damage|p2a: Yveltal|4/100
|-damage|p1a: Let there be light|85/100|[from] item: Life Orb
|move|p2a: Yveltal|Knock Off|p1a: Let there be light
|-supereffective|p1a: Let there be light
|-damage|p1a: Let there be light|18/100
|-enditem|p1a: Let there be light|Life Orb|[from] move: Knock Off|[of] p2a: Yveltal
|
|upkeep
|turn|25
|
|t:|1635787939
|move|p2a: Yveltal|Sucker Punch||[still]
|-fail|p2a: Yveltal
|move|p1a: Let there be light|Dragon Dance|p1a: Let there be light
|-boost|p1a: Let there be light|atk|1
|-boost|p1a: Let there be light|spe|1
|
|upkeep
|turn|26
|
|t:|1635787944
|move|p2a: Yveltal|Sucker Punch||[still]
|-fail|p2a: Yveltal
|move|p1a: Let there be light|Dragon Dance|p1a: Let there be light
|-boost|p1a: Let there be light|atk|1
|-boost|p1a: Let there be light|spe|1
|
|upkeep
|turn|27
|
|t:|1635787949
|move|p1a: Let there be light|Sunsteel Strike|p2a: Yveltal
|-damage|p2a: Yveltal|0 fnt
|faint|p2a: Yveltal
|
|upkeep
|c|☆AdenJ|you read me haha
|c|☆AdenJ|gg
|
|t:|1635787965
|switch|p2a: Calyrex|Calyrex-Shadow|100/100
|-ability|p2a: Calyrex|As One
|-ability|p2a: Calyrex|Unnerve
|-damage|p2a: Calyrex|88/100|[from] Stealth Rock
|-activate|p2a: Calyrex|move: Sticky Web
|-unboost|p2a: Calyrex|spe|1
|turn|28
|c|☆itsoktoburn|:)
|c|☆itsoktoburn|gg
|
|t:|1635787976
|move|p1a: Let there be light|Sunsteel Strike|p2a: Calyrex
|-damage|p2a: Calyrex|0 fnt
|faint|p2a: Calyrex
|
|upkeep
|
|t:|1635787978
|switch|p2a: Xerneas|Xerneas|100/100
|-damage|p2a: Xerneas|88/100|[from] Stealth Rock
|-activate|p2a: Xerneas|move: Sticky Web
|-unboost|p2a: Xerneas|spe|1
|-ability|p2a: Xerneas|Fairy Aura
|turn|29
|
|t:|1635787983
|move|p1a: Let there be light|Sunsteel Strike|p2a: Xerneas
|-supereffective|p2a: Xerneas
|-damage|p2a: Xerneas|0 fnt
|faint|p2a: Xerneas
|
|win|itsoktoburn
|raw|itsoktoburn's rating: 1385 &rarr; <strong>1406</strong><br />(+21 for winning)
|raw|AdenJ's rating: 1397 &rarr; <strong>1376</strong><br />(-21 for losing)
|l|☆AdenJ
