|j|☆Nael222
|j|☆Lyliath
|t:|1665231860
|gametype|singles
|player|p1|Nael222|265|
|player|p2|Lyliath|elesa-masters|
|teamsize|p1|6
|teamsize|p2|6
|gen|8
|tier|[Gen 8] Ubers
|rule|Sleep Clause Mod: Limit one foe put to sleep
|rule|Species Clause: Limit one of each Pokémon
|rule|OHKO Clause: OHKO moves are banned
|rule|Evasion Items Clause: Evasion items are banned
|rule|Evasion Moves Clause: Evasion moves are banned
|rule|Endless Battle Clause: Forcing endless battles is banned
|rule|HP Percentage Mod: HP is shown in percentages
|rule|Dynamax Clause: You cannot dynamax
|clearpoke
|poke|p1|Calyrex-Shadow|
|poke|p1|Zygarde|
|poke|p1|Ferrothorn, M|
|poke|p1|Eternatus|
|poke|p1|Necrozma-Dusk-Mane|
|poke|p1|Yveltal|
|poke|p2|Toxapex, F|
|poke|p2|Lunala|
|poke|p2|Yveltal|
|poke|p2|Zygarde|
|poke|p2|Blissey, F|
|poke|p2|Clefable, M|
|teampreview
|l|☆Nael222
|player|p1|
|j| Capitaine Jackson
|j| ChaFouu
|j| Phxo'
|j|☆Nael222
|player|p1|Nael222|265
|j| Menacce17
|j| the new leftiez
|c|☆Nael222|Hf
|j| Student of Sinnoh
|j|%Clementine
|j| Chose Truc
|c| ChaFouu|NAEL
|j| 4mi
|j| Osake
|l| 4mi
|j| TaoTDW
|j| Filon
|j|@ironwater
|j| Hyss
|c| Phxo'|GO NAEL
|c|%Clementine|HURTAdoo
|j| mimilimi ♫☯
|j| DL Ecca
|j| palapapop
|j| Pas Agent
|j| Banal enfer ★彡
|j| ORAS tests
|j| Priape is my gode
|j|@Lionyx
|j| Nultiprise
|j|+SFG
|l| Priape is my gode
|j| Micciu20250
|j| wertsd26
|inactive|Battle timer is ON: inactive players will automatically lose when time's up. (requested by Nael222)
|j|+Dragonillis
|
|t:|1665231953
|start
|switch|p1a: Eternatus|Eternatus|100/100
|switch|p2a: Clefable|Clefable, M|100/100
|-ability|p1a: Eternatus|Pressure
|turn|1
|j| Siamato
|j| BlessyZ
|l| Siamato
|j| MOI IRL ❤
|j| bongo_666
|j| Boulicrok
|j| Akeras
|j|+kino
|c|+Dragonillis|go go hurta !
|j|+Tuthur
|c|+kino|go both
|
|t:|1665231981
|switch|p1a: Ferrothorn|Ferrothorn, M|100/100
|switch|p2a: Blissey|Blissey, F|100/100
|
|upkeep
|turn|2
|j| let's uh go
|
|t:|1665231990
|switch|p2a: Toxapex|Toxapex, F|100/100
|move|p1a: Ferrothorn|Spikes|p2a: Toxapex
|-sidestart|p2: Lyliath|Spikes
|
|upkeep
|turn|3
|j| oretliun
|
|t:|1665231993
|switch|p1a: Eternatus|Eternatus|100/100
|-ability|p1a: Eternatus|Pressure
|move|p2a: Toxapex|Knock Off|p1a: Eternatus
|-damage|p1a: Eternatus|89/100
|-enditem|p1a: Eternatus|Heavy-Duty Boots|[from] move: Knock Off|[of] p2a: Toxapex
|
|upkeep
|turn|4
|l| oretliun
|
|t:|1665232009
|switch|p2a: Yveltal|Yveltal|100/100
|-ability|p2a: Yveltal|Dark Aura
|move|p1a: Eternatus|Dragon Tail|p2a: Yveltal
|-damage|p2a: Yveltal|88/100
|drag|p2a: Lunala|Lunala|100/100
|
|upkeep
|turn|5
|l| Akeras
|
|t:|1665232021
|move|p2a: Lunala|Will-O-Wisp|p1a: Eternatus
|-status|p1a: Eternatus|brn
|move|p1a: Eternatus|Dragon Tail|p2a: Lunala
|-damage|p2a: Lunala|98/100
|drag|p2a: Toxapex|Toxapex, F|100/100
|-damage|p2a: Toxapex|88/100|[from] Spikes
|
|-damage|p1a: Eternatus|83/100 brn|[from] brn
|upkeep
|turn|6
|
|t:|1665232031
|move|p1a: Eternatus|Dynamax Cannon|p2a: Toxapex
|-damage|p2a: Toxapex|47/100
|move|p2a: Toxapex|Knock Off|p1a: Eternatus
|-damage|p1a: Eternatus|75/100 brn
|
|-damage|p1a: Eternatus|69/100 brn|[from] brn
|upkeep
|turn|7
|
|t:|1665232037
|switch|p1a: Calyrex|Calyrex-Shadow|100/100
|-ability|p1a: Calyrex|As One
|-ability|p1a: Calyrex|Unnerve
|switch|p2a: Blissey|Blissey, F|100/100
|-damage|p2a: Blissey|88/100|[from] Spikes
|
|upkeep
|turn|8
|
|t:|1665232041
|move|p1a: Calyrex|Trick|p2a: Blissey
|-activate|p1a: Calyrex|move: Trick|[of] p2a: Blissey
|-item|p2a: Blissey|Choice Scarf|[from] move: Trick
|-item|p1a: Calyrex|Utility Umbrella|[from] move: Trick
|move|p2a: Blissey|Confide|p1a: Calyrex
|-unboost|p1a: Calyrex|spa|1
|
|upkeep
|turn|9
|
|t:|1665232053
|switch|p1a: Yveltal|Yveltal|100/100
|-ability|p1a: Yveltal|Dark Aura
|switch|p2a: Yveltal|Yveltal|88/100
|-ability|p2a: Yveltal|Dark Aura
|
|upkeep
|turn|10
|
|t:|1665232060
|move|p1a: Yveltal|Toxic|p2a: Yveltal
|-status|p2a: Yveltal|tox
|move|p2a: Yveltal|Defog|p1a: Yveltal
|-unboost|p1a: Yveltal|evasion|1
|-sideend|p2: Lyliath|Spikes|[from] move: Defog|[of] p2a: Yveltal
|
|-damage|p2a: Yveltal|81/100 tox|[from] psn
|upkeep
|turn|11
|
|t:|1665232070
|switch|p2a: Zygarde|Zygarde|100/100
|move|p1a: Yveltal|Knock Off|p2a: Zygarde
|-damage|p2a: Zygarde|71/100
|-enditem|p2a: Zygarde|Leftovers|[from] move: Knock Off|[of] p1a: Yveltal
|
|upkeep
|turn|12
|j| Dun 26
|
|t:|1665232077
|move|p1a: Yveltal|Taunt|p2a: Zygarde
|-start|p2a: Zygarde|move: Taunt
|cant|p2a: Zygarde|move: Taunt|Coil
|
|upkeep
|turn|13
|
|t:|1665232080
|switch|p2a: Toxapex|Toxapex, F|80/100
|move|p1a: Yveltal|Knock Off|p2a: Toxapex
|-damage|p2a: Toxapex|43/100
|-enditem|p2a: Toxapex|Shuca Berry|[from] move: Knock Off|[of] p1a: Yveltal
|
|upkeep
|turn|14
|
|t:|1665232087
|switch|p2a: Clefable|Clefable, M|100/100
|move|p1a: Yveltal|Taunt|p2a: Clefable
|-start|p2a: Clefable|move: Taunt
|
|upkeep
|turn|15
|l|letsuhgo
|
|t:|1665232094
|switch|p1a: Ferrothorn|Ferrothorn, M|100/100
|switch|p2a: Toxapex|Toxapex, F|76/100
|
|upkeep
|turn|16
|
|t:|1665232100
|move|p2a: Toxapex|Knock Off|p1a: Ferrothorn
|-damage|p1a: Ferrothorn|93/100
|-damage|p2a: Toxapex|63/100|[from] ability: Iron Barbs|[of] p1a: Ferrothorn
|-enditem|p1a: Ferrothorn|Leftovers|[from] move: Knock Off|[of] p2a: Toxapex
|move|p1a: Ferrothorn|Spikes|p2a: Toxapex
|-sidestart|p2: Lyliath|Spikes
|
|upkeep
|turn|17
|
|t:|1665232108
|switch|p2a: Blissey|Blissey, F|88/100
|-damage|p2a: Blissey|76/100|[from] Spikes
|move|p1a: Ferrothorn|Leech Seed|p2a: Blissey
|-start|p2a: Blissey|move: Leech Seed
|
|-damage|p2a: Blissey|63/100|[from] Leech Seed|[of] p1a: Ferrothorn
|-heal|p1a: Ferrothorn|100/100|[silent]
|upkeep
|turn|18
|
|t:|1665232115
|move|p2a: Blissey|Heal Bell|p2a: Blissey
|-activate|p2a: Blissey|move: Heal Bell
|-curestatus|p2: Yveltal|tox|[msg]
|move|p1a: Ferrothorn|Iron Defense|p1a: Ferrothorn
|-boost|p1a: Ferrothorn|def|2
|
|-damage|p2a: Blissey|51/100|[from] Leech Seed|[of] p1a: Ferrothorn
|upkeep
|turn|19
|c| Dun 26|Pete moi cette team du cancer Nael
|
|t:|1665232121
|switch|p2a: Lunala|Lunala|98/100
|move|p1a: Ferrothorn|Leech Seed|p2a: Lunala|[miss]
|-miss|p1a: Ferrothorn|p2a: Lunala
|
|upkeep
|turn|20
|
|t:|1665232133
|move|p2a: Lunala|Will-O-Wisp|p1a: Ferrothorn
|-status|p1a: Ferrothorn|brn
|move|p1a: Ferrothorn|Spikes|p2a: Lunala
|-sidestart|p2: Lyliath|Spikes
|
|-damage|p1a: Ferrothorn|94/100 brn|[from] brn
|upkeep
|turn|21
|
|t:|1665232140
|switch|p1a: Yveltal|Yveltal|100/100
|-ability|p1a: Yveltal|Dark Aura
|move|p2a: Lunala|Roar|p1a: Yveltal
|drag|p1a: Ferrothorn|Ferrothorn, M|94/100 brn
|
|-damage|p1a: Ferrothorn|88/100 brn|[from] brn
|upkeep
|turn|22
|
|t:|1665232143
|switch|p1a: Eternatus|Eternatus|69/100 brn
|-ability|p1a: Eternatus|Pressure
|move|p2a: Lunala|Roost|p2a: Lunala
|-heal|p2a: Lunala|100/100
|-singleturn|p2a: Lunala|move: Roost
|
|-damage|p1a: Eternatus|62/100 brn|[from] brn
|upkeep
|turn|23
|
|t:|1665232152
|move|p1a: Eternatus|Recover|p1a: Eternatus
|-heal|p1a: Eternatus|100/100 brn
|move|p2a: Lunala|Ice Beam|p1a: Eternatus
|-supereffective|p1a: Eternatus
|-damage|p1a: Eternatus|64/100 brn
|
|-damage|p1a: Eternatus|58/100 brn|[from] brn
|upkeep
|turn|24
|
|t:|1665232158
|move|p1a: Eternatus|Recover|p1a: Eternatus
|-heal|p1a: Eternatus|100/100 brn
|move|p2a: Lunala|Ice Beam|p1a: Eternatus
|-supereffective|p1a: Eternatus
|-damage|p1a: Eternatus|63/100 brn
|
|-damage|p1a: Eternatus|57/100 brn|[from] brn
|upkeep
|turn|25
|
|t:|1665232162
|switch|p2a: Yveltal|Yveltal|81/100
|-ability|p2a: Yveltal|Dark Aura
|move|p1a: Eternatus|Recover|p1a: Eternatus
|-heal|p1a: Eternatus|100/100 brn
|
|-damage|p1a: Eternatus|94/100 brn|[from] brn
|upkeep
|turn|26
|j| tf
|j| RoiDadadou
|
|t:|1665232169
|move|p2a: Yveltal|Defog|p1a: Eternatus
|-unboost|p1a: Eternatus|evasion|1
|-sideend|p2: Lyliath|Spikes|[from] move: Defog|[of] p2a: Yveltal
|move|p1a: Eternatus|Dragon Tail|p2a: Yveltal
|-damage|p2a: Yveltal|75/100
|drag|p2a: Toxapex|Toxapex, F|97/100
|
|-damage|p1a: Eternatus|88/100 brn|[from] brn
|upkeep
|turn|27
|j| oretliun
|j| Don Colombus
|
|t:|1665232192
|switch|p1a: Necrozma|Necrozma-Dusk-Mane|100/100
|switch|p2a: Clefable|Clefable, M|100/100
|
|upkeep
|turn|28
|c| Don Colombus|Mdrrrrr
|j| Zenadark
|
|t:|1665232209
|switch|p2a: Zygarde|Zygarde|71/100
|move|p1a: Necrozma|Stealth Rock|p2a: Zygarde
|-sidestart|p2: Lyliath|move: Stealth Rock
|
|upkeep
|turn|29
|l| Zenadark
|c| Don Colombus|A dans 200 tours ++
|l| Banal enfer ★彡
|l| oretliun
|l| Don Colombus
|
|t:|1665232217
|switch|p1a: Yveltal|Yveltal|100/100
|-ability|p1a: Yveltal|Dark Aura
|move|p2a: Zygarde|Coil|p2a: Zygarde
|-boost|p2a: Zygarde|atk|1
|-boost|p2a: Zygarde|def|1
|-boost|p2a: Zygarde|accuracy|1
|
|upkeep
|turn|30
|
|t:|1665232229
|move|p1a: Yveltal|Toxic|p2a: Zygarde
|-status|p2a: Zygarde|tox
|move|p2a: Zygarde|Stone Edge|p1a: Yveltal
|-supereffective|p1a: Yveltal
|-damage|p1a: Yveltal|39/100
|
|-damage|p2a: Zygarde|65/100 tox|[from] psn
|upkeep
|turn|31
|
|t:|1665232238
|move|p1a: Yveltal|Roost|p1a: Yveltal
|-heal|p1a: Yveltal|89/100
|-singleturn|p1a: Yveltal|move: Roost
|move|p2a: Zygarde|Thousand Waves|p1a: Yveltal
|-damage|p1a: Yveltal|46/100
|-activate|p1a: Yveltal|trapped
|
|-damage|p2a: Zygarde|53/100 tox|[from] psn
|upkeep
|turn|32
|
|t:|1665232244
|move|p1a: Yveltal|Roost|p1a: Yveltal
|-heal|p1a: Yveltal|96/100
|-singleturn|p1a: Yveltal|move: Roost
|move|p2a: Zygarde|Stone Edge|p1a: Yveltal
|-damage|p1a: Yveltal|67/100
|
|-damage|p2a: Zygarde|35/100 tox|[from] psn
|-activate|p2a: Zygarde|ability: Power Construct
|detailschange|p2a: Zygarde|Zygarde-Complete
|-heal|p2a: Zygarde|57/100 tox|[silent]
|upkeep
|turn|33
|j| Kssrr
|c| Dun 26|Y'a encore des gens qui jouent stall en ubers 8G 😅
|
|t:|1665232252
|move|p1a: Yveltal|Taunt|p2a: Zygarde
|-start|p2a: Zygarde|move: Taunt
|cant|p2a: Zygarde|move: Taunt|Rest
|
|-damage|p2a: Zygarde|33/100 tox|[from] psn
|upkeep
|turn|34
|j| BlazingDark
|l| Filon
|
|t:|1665232271
|switch|p2a: Clefable|Clefable, M|100/100
|move|p1a: Yveltal|Taunt|p2a: Clefable
|-start|p2a: Clefable|move: Taunt
|
|upkeep
|turn|35
|l|+SFG
|
|t:|1665232276
|switch|p1a: Ferrothorn|Ferrothorn, M|88/100 brn
|move|p2a: Clefable|Seismic Toss|p1a: Ferrothorn
|-damage|p1a: Ferrothorn|60/100 brn
|-activate|p1a: Ferrothorn|ability: Iron Barbs
|
|-damage|p1a: Ferrothorn|53/100 brn|[from] brn
|upkeep
|turn|36
|
|t:|1665232280
|switch|p1a: Necrozma|Necrozma-Dusk-Mane|100/100
|move|p2a: Clefable|Seismic Toss|p1a: Necrozma
|-damage|p1a: Necrozma|75/100
|
|-heal|p1a: Necrozma|81/100|[from] item: Leftovers
|-end|p2a: Clefable|move: Taunt
|upkeep
|turn|37
|j| Volcaronium
|
|t:|1665232289
|switch|p2a: Toxapex|Toxapex, F|100/100
|-damage|p2a: Toxapex|88/100|[from] Stealth Rock
|move|p1a: Necrozma|Iron Head|p2a: Toxapex
|-resisted|p2a: Toxapex
|-damage|p2a: Toxapex|76/100
|
|-heal|p1a: Necrozma|87/100|[from] item: Leftovers
|upkeep
|turn|38
|j| Siamato
|c| RoiDadadou|Il faut bien essayer des trucs.
|
|t:|1665232296
|switch|p2a: Clefable|Clefable, M|100/100
|move|p1a: Necrozma|Thunder Wave|p2a: Clefable|[miss]
|-miss|p1a: Necrozma|p2a: Clefable
|
|-heal|p1a: Necrozma|93/100|[from] item: Leftovers
|upkeep
|turn|39
|
|t:|1665232306
|switch|p1a: Zygarde|Zygarde|100/100
|switch|p2a: Toxapex|Toxapex, F|100/100
|-damage|p2a: Toxapex|88/100|[from] Stealth Rock
|
|upkeep
|turn|40
|
|t:|1665232316
|switch|p2a: Lunala|Lunala|100/100
|move|p1a: Zygarde|Substitute|p1a: Zygarde
|-start|p1a: Zygarde|Substitute
|-damage|p1a: Zygarde|76/100
|
|-heal|p1a: Zygarde|82/100|[from] item: Leftovers
|upkeep
|turn|41
|
|t:|1665232323
|move|p2a: Lunala|Ice Beam|p1a: Zygarde
|-supereffective|p1a: Zygarde
|-end|p1a: Zygarde|Substitute
|move|p1a: Zygarde|Dragon Tail|p2a: Lunala
|-damage|p2a: Lunala|93/100
|drag|p2a: Zygarde|Zygarde-Complete|33/100 tox
|-damage|p2a: Zygarde|26/100 tox|[from] Stealth Rock
|
|-heal|p1a: Zygarde|88/100|[from] item: Leftovers
|-damage|p2a: Zygarde|20/100 tox|[from] psn
|upkeep
|turn|42
|j| Banal enfer ★彡
|
|t:|1665232332
|switch|p2a: Lunala|Lunala|93/100
|move|p1a: Zygarde|Substitute|p1a: Zygarde
|-start|p1a: Zygarde|Substitute
|-damage|p1a: Zygarde|63/100
|
|-heal|p1a: Zygarde|69/100|[from] item: Leftovers
|upkeep
|turn|43
|
|t:|1665232338
|move|p2a: Lunala|Ice Beam|p1a: Zygarde
|-supereffective|p1a: Zygarde
|-end|p1a: Zygarde|Substitute
|move|p1a: Zygarde|Dragon Tail|p2a: Lunala
|-damage|p2a: Lunala|77/100
|drag|p2a: Clefable|Clefable, M|100/100
|
|-heal|p1a: Zygarde|75/100|[from] item: Leftovers
|upkeep
|turn|44
|
|t:|1665232344
|move|p1a: Zygarde|Substitute|p1a: Zygarde
|-start|p1a: Zygarde|Substitute
|-damage|p1a: Zygarde|50/100
|move|p2a: Clefable|Stealth Rock|p1a: Zygarde
|-sidestart|p1: Nael222|move: Stealth Rock
|
|-heal|p1a: Zygarde|56/100|[from] item: Leftovers
|upkeep
|turn|45
|
|t:|1665232349
|move|p1a: Zygarde|Dragon Dance|p1a: Zygarde
|-boost|p1a: Zygarde|atk|1
|-boost|p1a: Zygarde|spe|1
|move|p2a: Clefable|Moonblast|p1a: Zygarde
|-supereffective|p1a: Zygarde
|-end|p1a: Zygarde|Substitute
|
|-heal|p1a: Zygarde|62/100|[from] item: Leftovers
|upkeep
|turn|46
|
|t:|1665232353
|move|p1a: Zygarde|Substitute|p1a: Zygarde
|-start|p1a: Zygarde|Substitute
|-damage|p1a: Zygarde|37/100
|move|p2a: Clefable|Moonblast|p1a: Zygarde
|-supereffective|p1a: Zygarde
|-end|p1a: Zygarde|Substitute
|
|-heal|p1a: Zygarde|43/100|[from] item: Leftovers
|-activate|p1a: Zygarde|ability: Power Construct
|detailschange|p1a: Zygarde|Zygarde-Complete
|-heal|p1a: Zygarde|65/100|[silent]
|upkeep
|turn|47
|
|t:|1665232358
|switch|p1a: Necrozma|Necrozma-Dusk-Mane|93/100
|-damage|p1a: Necrozma|87/100|[from] Stealth Rock
|move|p2a: Clefable|Moonblast|p1a: Necrozma
|-resisted|p1a: Necrozma
|-damage|p1a: Necrozma|77/100
|
|-heal|p1a: Necrozma|83/100|[from] item: Leftovers
|upkeep
|turn|48
|
|t:|1665232367
|switch|p2a: Toxapex|Toxapex, F|100/100
|-damage|p2a: Toxapex|88/100|[from] Stealth Rock
|move|p1a: Necrozma|Iron Head|p2a: Toxapex
|-resisted|p2a: Toxapex
|-damage|p2a: Toxapex|77/100
|
|-heal|p1a: Necrozma|89/100|[from] item: Leftovers
|upkeep
|turn|49
|
|t:|1665232375
|switch|p1a: Eternatus|Eternatus|88/100 brn
|-damage|p1a: Eternatus|76/100 brn|[from] Stealth Rock
|-ability|p1a: Eternatus|Pressure
|move|p2a: Toxapex|Knock Off|p1a: Eternatus
|-damage|p1a: Eternatus|68/100 brn
|
|-damage|p1a: Eternatus|61/100 brn|[from] brn
|upkeep
|turn|50
|
|t:|1665232384
|switch|p2a: Clefable|Clefable, M|100/100
|move|p1a: Eternatus|Recover|p1a: Eternatus
|-heal|p1a: Eternatus|100/100 brn
|
|-damage|p1a: Eternatus|94/100 brn|[from] brn
|upkeep
|turn|51
|
|t:|1665232390
|move|p1a: Eternatus|Flamethrower|p2a: Clefable
|-damage|p2a: Clefable|74/100
|move|p2a: Clefable|Seismic Toss|p1a: Eternatus
|-damage|p1a: Eternatus|72/100 brn
|
|-damage|p1a: Eternatus|66/100 brn|[from] brn
|upkeep
|turn|52
|l| Siamato
|
|t:|1665232396
|move|p1a: Eternatus|Flamethrower|p2a: Clefable
|-damage|p2a: Clefable|47/100
|-status|p2a: Clefable|brn
|move|p2a: Clefable|Seismic Toss|p1a: Eternatus
|-damage|p1a: Eternatus|44/100 brn
|
|-damage|p1a: Eternatus|37/100 brn|[from] brn
|upkeep
|turn|53
|
|t:|1665232398
|move|p1a: Eternatus|Recover|p1a: Eternatus
|-heal|p1a: Eternatus|87/100 brn
|move|p2a: Clefable|Soft-Boiled|p2a: Clefable
|-heal|p2a: Clefable|97/100 brn
|
|-damage|p1a: Eternatus|81/100 brn|[from] brn
|upkeep
|turn|54
|l| palapapop
|
|t:|1665232412
|move|p1a: Eternatus|Flamethrower|p2a: Clefable
|-crit|p2a: Clefable
|-damage|p2a: Clefable|60/100 brn
|move|p2a: Clefable|Moonblast|p1a: Eternatus
|-damage|p1a: Eternatus|58/100 brn
|-unboost|p1a: Eternatus|spa|1
|
|-damage|p1a: Eternatus|52/100 brn|[from] brn
|upkeep
|turn|55
|
|t:|1665232418
|move|p1a: Eternatus|Recover|p1a: Eternatus
|-heal|p1a: Eternatus|100/100 brn
|move|p2a: Clefable|Soft-Boiled|p2a: Clefable
|-heal|p2a: Clefable|100/100 brn
|
|-damage|p1a: Eternatus|94/100 brn|[from] brn
|upkeep
|turn|56
|j| BTLT333 Zndrk
|
|t:|1665232420
|switch|p1a: Necrozma|Necrozma-Dusk-Mane|89/100
|-damage|p1a: Necrozma|83/100|[from] Stealth Rock
|move|p2a: Clefable|Seismic Toss|p1a: Necrozma
|-damage|p1a: Necrozma|58/100
|
|-heal|p1a: Necrozma|64/100|[from] item: Leftovers
|upkeep
|turn|57
|j| Daruma
|l| bongo_666
|
|t:|1665232434
|switch|p1a: Calyrex|Calyrex-Shadow|100/100
|-ability|p1a: Calyrex|As One
|-ability|p1a: Calyrex|Unnerve
|-damage|p1a: Calyrex|88/100|[from] Stealth Rock
|switch|p2a: Toxapex|Toxapex, F|100/100
|-damage|p2a: Toxapex|88/100|[from] Stealth Rock
|
|upkeep
|turn|58
|l| Dun 26
|
|t:|1665232448
|switch|p1a: Eternatus|Eternatus|94/100 brn
|-damage|p1a: Eternatus|82/100 brn|[from] Stealth Rock
|-ability|p1a: Eternatus|Pressure
|move|p2a: Toxapex|Knock Off|p1a: Eternatus
|-damage|p1a: Eternatus|74/100 brn
|
|-damage|p1a: Eternatus|68/100 brn|[from] brn
|upkeep
|turn|59
|
|t:|1665232458
|switch|p1a: Ferrothorn|Ferrothorn, M|53/100 brn
|-damage|p1a: Ferrothorn|47/100 brn|[from] Stealth Rock
|switch|p2a: Clefable|Clefable, M|100/100 brn
|
|-damage|p1a: Ferrothorn|41/100 brn|[from] brn
|upkeep
|turn|60
|
|t:|1665232461
|move|p2a: Clefable|Seismic Toss|p1a: Ferrothorn
|-damage|p1a: Ferrothorn|12/100 brn
|-activate|p1a: Ferrothorn|ability: Iron Barbs
|move|p1a: Ferrothorn|Spikes|p2a: Clefable
|-sidestart|p2: Lyliath|Spikes
|
|-damage|p1a: Ferrothorn|6/100 brn|[from] brn
|upkeep
|turn|61
|j| Dun 26
|l| Nultiprise
|
|t:|1665232487
|move|p2a: Clefable|Seismic Toss|p1a: Ferrothorn
|-damage|p1a: Ferrothorn|0 fnt
|-activate|p1a: Ferrothorn|ability: Iron Barbs
|faint|p1a: Ferrothorn
|
|upkeep
|
|t:|1665232493
|switch|p1a: Necrozma|Necrozma-Dusk-Mane|64/100
|-damage|p1a: Necrozma|58/100|[from] Stealth Rock
|turn|62
|
|t:|1665232499
|switch|p2a: Yveltal|Yveltal|75/100
|-ability|p2a: Yveltal|Dark Aura
|move|p1a: Necrozma|Thunder Wave|p2a: Yveltal
|-status|p2a: Yveltal|par
|
|-heal|p1a: Necrozma|64/100|[from] item: Leftovers
|upkeep
|turn|63
|
|t:|1665232506
|switch|p2a: Toxapex|Toxapex, F|100/100
|-damage|p2a: Toxapex|88/100|[from] Stealth Rock
|-damage|p2a: Toxapex|76/100|[from] Spikes
|move|p1a: Necrozma|Iron Head|p2a: Toxapex
|-resisted|p2a: Toxapex
|-damage|p2a: Toxapex|63/100
|
|-heal|p1a: Necrozma|70/100|[from] item: Leftovers
|upkeep
|turn|64
|
|t:|1665232512
|switch|p2a: Yveltal|Yveltal|75/100 par
|-ability|p2a: Yveltal|Dark Aura
|move|p1a: Necrozma|Thunder Wave|p2a: Yveltal
|-fail|p2a: Yveltal|par
|
|-heal|p1a: Necrozma|76/100|[from] item: Leftovers
|upkeep
|turn|65
|
|t:|1665232518
|switch|p2a: Toxapex|Toxapex, F|96/100
|-damage|p2a: Toxapex|84/100|[from] Stealth Rock
|-damage|p2a: Toxapex|72/100|[from] Spikes
|move|p1a: Necrozma|Iron Head|p2a: Toxapex
|-resisted|p2a: Toxapex
|-damage|p2a: Toxapex|59/100
|
|-heal|p1a: Necrozma|82/100|[from] item: Leftovers
|upkeep
|turn|66
|
|t:|1665232524
|move|p1a: Necrozma|Thunder Wave|p2a: Toxapex
|-status|p2a: Toxapex|par
|move|p2a: Toxapex|Knock Off|p1a: Necrozma
|-supereffective|p1a: Necrozma
|-damage|p1a: Necrozma|68/100
|-enditem|p1a: Necrozma|Leftovers|[from] move: Knock Off|[of] p2a: Toxapex
|
|upkeep
|turn|67
|
|t:|1665232531
|move|p1a: Necrozma|Iron Head|p2a: Toxapex
|-resisted|p2a: Toxapex
|-damage|p2a: Toxapex|47/100 par
|cant|p2a: Toxapex|par
|
|upkeep
|turn|68
|
|t:|1665232535
|move|p1a: Necrozma|Iron Head|p2a: Toxapex
|-resisted|p2a: Toxapex
|-damage|p2a: Toxapex|36/100 par
|move|p2a: Toxapex|Recover|p2a: Toxapex
|-heal|p2a: Toxapex|86/100 par
|
|upkeep
|turn|69
|inactive|Lyliath has 270 seconds left.
|
|t:|1665232571
|switch|p2a: Zygarde|Zygarde-Complete|20/100 tox
|-damage|p2a: Zygarde|14/100 tox|[from] Stealth Rock
|-damage|p2a: Zygarde|1/100 tox|[from] Spikes
|move|p1a: Necrozma|Morning Sun|p1a: Necrozma
|-heal|p1a: Necrozma|100/100
|
|-damage|p2a: Zygarde|0 fnt|[from] psn
|faint|p2a: Zygarde
|upkeep
|
|t:|1665232573
|switch|p2a: Blissey|Blissey, F|51/100
|-damage|p2a: Blissey|38/100|[from] Stealth Rock
|-damage|p2a: Blissey|26/100|[from] Spikes
|turn|70
|
|t:|1665232577
|move|p1a: Necrozma|Iron Head|p2a: Blissey
|-damage|p2a: Blissey|0 fnt
|faint|p2a: Blissey
|
|upkeep
|
|t:|1665232591
|switch|p2a: Yveltal|Yveltal|75/100 par
|-ability|p2a: Yveltal|Dark Aura
|turn|71
|
|t:|1665232596
|move|p1a: Necrozma|Iron Head|p2a: Yveltal
|-damage|p2a: Yveltal|46/100 par
|move|p2a: Yveltal|Defog|p1a: Necrozma
|-unboost|p1a: Necrozma|evasion|1
|-sideend|p1: Nael222|Stealth Rock|[from] move: Defog|[of] p2a: Yveltal
|-sideend|p2: Lyliath|Spikes|[from] move: Defog|[of] p2a: Yveltal
|-sideend|p2: Lyliath|Stealth Rock|[from] move: Defog|[of] p2a: Yveltal
|
|upkeep
|turn|72
|
|t:|1665232601
|switch|p2a: Toxapex|Toxapex, F|100/100 par
|move|p1a: Necrozma|Iron Head|p2a: Toxapex
|-resisted|p2a: Toxapex
|-damage|p2a: Toxapex|88/100 par
|
|upkeep
|turn|73
|
|t:|1665232608
|switch|p2a: Yveltal|Yveltal|46/100 par
|-ability|p2a: Yveltal|Dark Aura
|move|p1a: Necrozma|Stealth Rock|p2a: Yveltal
|-sidestart|p2: Lyliath|move: Stealth Rock
|
|upkeep
|turn|74
|
|t:|1665232615
|move|p2a: Yveltal|Sucker Punch|p1a: Necrozma
|-supereffective|p1a: Necrozma
|-damage|p1a: Necrozma|55/100
|move|p1a: Necrozma|Iron Head|p2a: Yveltal
|-damage|p2a: Yveltal|12/100 par
|
|upkeep
|turn|75
|
|t:|1665232620
|move|p2a: Yveltal|Sucker Punch|p1a: Necrozma
|-supereffective|p1a: Necrozma
|-damage|p1a: Necrozma|10/100
|move|p1a: Necrozma|Iron Head|p2a: Yveltal
|-damage|p2a: Yveltal|0 fnt
|faint|p2a: Yveltal
|
|upkeep
|
|t:|1665232625
|switch|p2a: Lunala|Lunala|77/100
|turn|76
|l|☆Nael222
|inactive|Nael222 disconnected and has 300 seconds to reconnect!
|player|p1|
|inactive|Nael222 has 270 seconds to reconnect!
|j|☆Nael222
|inactive|Nael222 reconnected and has 285 seconds left.
|player|p1|Nael222|265
|
|t:|1665232699
|switch|p1a: Calyrex|Calyrex-Shadow|88/100
|-ability|p1a: Calyrex|As One
|-ability|p1a: Calyrex|Unnerve
|move|p2a: Lunala|Ice Beam|p1a: Calyrex
|-damage|p1a: Calyrex|63/100
|
|upkeep
|turn|77
|
|t:|1665232715
|switch|p2a: Clefable|Clefable, M|100/100 brn
|move|p1a: Calyrex|Astral Barrage|p2a: Clefable
|-damage|p2a: Clefable|28/100 brn
|
|upkeep
|turn|78
|c|☆Lyliath|gg
|
|t:|1665232724
|move|p1a: Calyrex|Nasty Plot|p1a: Calyrex
|-boost|p1a: Calyrex|spa|2
|move|p2a: Clefable|Moonblast|p1a: Calyrex
|-damage|p1a: Calyrex|29/100
|
|upkeep
|turn|79
|
|t:|1665232731
|move|p1a: Calyrex|Astral Barrage|p2a: Clefable
|-damage|p2a: Clefable|0 fnt
|faint|p2a: Clefable
|-ability|p1a: Calyrex|Grim Neigh|boost
|-boost|p1a: Calyrex|spa|1
|
|upkeep
|
|t:|1665232733
|switch|p2a: Toxapex|Toxapex, F|100/100 par
|-damage|p2a: Toxapex|88/100 par|[from] Stealth Rock
|turn|80
|c|☆Nael222|Gg
|l|☆Nael222
|inactive|Nael222 disconnected and has 255 seconds to reconnect!
|player|p1|
|j|☆Nael222
|inactive|Nael222 reconnected and has 300 seconds left.
|player|p1|Nael222|265
|
|t:|1665232743
|move|p1a: Calyrex|Psyshock|p2a: Toxapex
|-supereffective|p2a: Toxapex
|-damage|p2a: Toxapex|0 fnt
|faint|p2a: Toxapex
|-ability|p1a: Calyrex|Grim Neigh|boost
|-boost|p1a: Calyrex|spa|1
|
|upkeep
|
|t:|1665232745
|switch|p2a: Lunala|Lunala|77/100
|turn|81
|
|t:|1665232750
|move|p1a: Calyrex|Astral Barrage|p2a: Lunala
|-supereffective|p2a: Lunala
|-crit|p2a: Lunala
|-damage|p2a: Lunala|0 fnt
|faint|p2a: Lunala
|
|win|Nael222
|c| Boulicrok|joue le chrono hurta
|c| Boulicrok|noooon
|l| Hyss
|l| Banal enfer ★彡
|l| Phxo'
|l| BTLT333 Zndrk
|l| BlazingDark
|l| DL Ecca
|l| Boulicrok
|l|☆Nael222
|l| Volcaronium
|l| ORAS tests
|l|+Tuthur
|l|☆Lyliath
|l|@ironwater
|l| Student of Sinnoh
|l| Osake
|l| TaoTDW
|l|@Lionyx
|l| MOI IRL ❤
|l| Micciu20250
|l| Dun 26
|l| tf
|l| mimilimi ♫☯
|l| Capitaine Jackson
|l| BlessyZ
|j|%Mihowk
|l|%Mihowk
|l| wertsd26
|l| ChaFouu
|l| Pas Agent
|j| bongo_666
|l| bongo_666
|j| tf
|j| bongo_666
|l| bongo_666
|l|%Clementine
|l| Daruma
|l| Kssrr
