|j|☆lirehsa
|j|☆ox084
|t:|1663948319
|gametype|singles
|player|p1|lirehsa|266|1381
|player|p2|ox084|red-gen7|1555
|teamsize|p1|6
|teamsize|p2|6
|gen|8
|tier|[Gen 8] Ubers
|rated|
|rule|Sleep Clause Mod: Limit one foe put to sleep
|rule|Species Clause: Limit one of each Pokémon
|rule|OHKO Clause: OHKO moves are banned
|rule|Evasion Items Clause: Evasion items are banned
|rule|Evasion Moves Clause: Evasion moves are banned
|rule|Endless Battle Clause: Forcing endless battles is banned
|rule|HP Percentage Mod: HP is shown in percentages
|rule|Dynamax Clause: You cannot dynamax
|clearpoke
|poke|p1|Yveltal|
|poke|p1|Kyogre|
|poke|p1|Gastrodon, M|
|poke|p1|Ditto|
|poke|p1|Xerneas-*|
|poke|p1|Calyrex-Ice|
|poke|p2|Yveltal|
|poke|p2|Eternatus|
|poke|p2|Necrozma-Dusk-Mane|
|poke|p2|Calyrex-Shadow|
|poke|p2|Groudon|
|poke|p2|Zekrom|
|teampreview
|inactive|Battle timer is ON: inactive players will automatically lose when time's up. (requested by lirehsa)
|
|t:|1663948330
|start
|switch|p1a: Calyrex|Calyrex-Ice|100/100
|switch|p2a: Calyrex|Calyrex-Shadow|100/100
|-ability|p2a: Calyrex|As One
|-ability|p2a: Calyrex|Unnerve
|-ability|p1a: Calyrex|As One
|-ability|p1a: Calyrex|Unnerve
|turn|1
|c|☆lirehsa|lets see which caly os superior
|
|t:|1663948342
|move|p2a: Calyrex|Astral Barrage|p1a: Calyrex
|-supereffective|p1a: Calyrex
|-damage|p1a: Calyrex|0 fnt
|faint|p1a: Calyrex
|-ability|p2a: Calyrex|Grim Neigh|boost
|-boost|p2a: Calyrex|spa|1
|
|upkeep
|c|☆lirehsa|oh
|c|☆ox084|yea
|c|☆ox084|not even modest
|
|t:|1663948353
|switch|p1a: Ditto|Ditto|100/100
|-transform|p1a: Ditto|p2a: Calyrex|[from] ability: Imposter
|turn|2
|
|t:|1663948357
|move|p1a: Ditto|Astral Barrage|p2a: Calyrex
|-supereffective|p2a: Calyrex
|-damage|p2a: Calyrex|0 fnt
|faint|p2a: Calyrex
|-ability|p1a: Ditto|Grim Neigh|boost
|-boost|p1a: Ditto|spa|1
|
|upkeep
|
|t:|1663948359
|switch|p2a: Yveltal|Yveltal|100/100
|-ability|p2a: Yveltal|Dark Aura
|turn|3
|c|☆ox084|Speed tie
|
|t:|1663948366
|move|p1a: Ditto|Astral Barrage|p2a: Yveltal
|-resisted|p2a: Yveltal
|-damage|p2a: Yveltal|57/100
|move|p2a: Yveltal|Foul Play|p1a: Ditto
|-supereffective|p1a: Ditto
|-damage|p1a: Ditto|0 fnt
|faint|p1a: Ditto
|
|upkeep
|
|t:|1663948368
|switch|p1a: Xerneas|Xerneas, shiny|100/100
|-ability|p1a: Xerneas|Fairy Aura
|turn|4
|c|☆ox084|but I don't give a damn
|
|t:|1663948376
|switch|p2a: Necrozma|Necrozma-Dusk-Mane|100/100
|move|p1a: Xerneas|Geomancy||[still]
|-prepare|p1a: Xerneas|Geomancy
|-enditem|p1a: Xerneas|Power Herb
|-anim|p1a: Xerneas|Geomancy|p1a: Xerneas
|-boost|p1a: Xerneas|spa|2
|-boost|p1a: Xerneas|spd|2
|-boost|p1a: Xerneas|spe|2
|
|upkeep
|turn|5
|
|t:|1663948380
|move|p1a: Xerneas|Thunderbolt|p2a: Necrozma
|-damage|p2a: Necrozma|55/100
|-status|p2a: Necrozma|par
|cant|p2a: Necrozma|par
|
|-heal|p2a: Necrozma|61/100 par|[from] item: Leftovers
|upkeep
|turn|6
|c|☆lirehsa|hah
|c|☆lirehsa|skill issue
|c|☆lirehsa|jk not really
|
|t:|1663948389
|move|p1a: Xerneas|Thunderbolt|p2a: Necrozma
|-damage|p2a: Necrozma|18/100 par
|move|p2a: Necrozma|Thunder Wave|p1a: Xerneas
|-status|p1a: Xerneas|par
|
|-heal|p2a: Necrozma|24/100 par|[from] item: Leftovers
|upkeep
|turn|7
|c|☆ox084|oh
|c|☆lirehsa|>:(
|c|☆lirehsa|mean
|
|t:|1663948398
|move|p1a: Xerneas|Thunderbolt|p2a: Necrozma
|-damage|p2a: Necrozma|0 fnt
|faint|p2a: Necrozma
|
|upkeep
|
|t:|1663948404
|switch|p2a: Zekrom|Zekrom|100/100
|-ability|p2a: Zekrom|Teravolt
|turn|8
|
|t:|1663948407
|move|p2a: Zekrom|Volt Switch|p1a: Xerneas
|-damage|p1a: Xerneas|80/100 par
|-damage|p2a: Zekrom|91/100|[from] item: Life Orb
|c|☆ox084|almost lost to this bs
|
|t:|1663948413
|switch|p2a: Yveltal|Yveltal|57/100|[from]move: Volt Switch
|-ability|p2a: Yveltal|Dark Aura
|cant|p1a: Xerneas|par
|
|upkeep
|turn|9
|c|☆lirehsa|stupid paralysis
|
|t:|1663948423
|move|p1a: Xerneas|Moonblast|p2a: Yveltal
|-supereffective|p2a: Yveltal
|-damage|p2a: Yveltal|0 fnt
|faint|p2a: Yveltal
|
|upkeep
|c|☆lirehsa|there we go
|c|☆ox084|tbolt para into full para
|
|t:|1663948432
|switch|p2a: Zekrom|Zekrom|91/100
|-ability|p2a: Zekrom|Teravolt
|turn|10
|
|t:|1663948436
|move|p2a: Zekrom|Bolt Strike|p1a: Xerneas|[miss]
|-miss|p2a: Zekrom|p1a: Xerneas
|cant|p1a: Xerneas|par
|
|upkeep
|turn|11
|
|t:|1663948439
|move|p2a: Zekrom|Bolt Strike|p1a: Xerneas
|-damage|p1a: Xerneas|0 fnt
|faint|p1a: Xerneas
|-damage|p2a: Zekrom|81/100|[from] item: Life Orb
|
|upkeep
|c|☆ox084|damn
|c|☆ox084|that killed
|
|t:|1663948449
|switch|p1a: Gastrodon|Gastrodon, M|100/100
|-item|p1a: Gastrodon|Air Balloon
|turn|12
|
|t:|1663948453
|move|p2a: Zekrom|Draco Meteor|p1a: Gastrodon
|-damage|p1a: Gastrodon|50/100
|-unboost|p2a: Zekrom|spa|2
|-enditem|p1a: Gastrodon|Air Balloon
|-damage|p2a: Zekrom|71/100|[from] item: Life Orb
|move|p1a: Gastrodon|Block|p2a: Zekrom
|-activate|p2a: Zekrom|trapped
|
|upkeep
|turn|13
|
|t:|1663948459
|move|p2a: Zekrom|Draco Meteor|p1a: Gastrodon
|-damage|p1a: Gastrodon|25/100
|-unboost|p2a: Zekrom|spa|2
|-damage|p2a: Zekrom|61/100|[from] item: Life Orb
|move|p1a: Gastrodon|Recover|p1a: Gastrodon
|-heal|p1a: Gastrodon|75/100
|
|upkeep
|turn|14
|
|t:|1663948463
|move|p2a: Zekrom|Draco Meteor|p1a: Gastrodon
|-damage|p1a: Gastrodon|54/100
|-unboost|p2a: Zekrom|spa|2
|-damage|p2a: Zekrom|51/100|[from] item: Life Orb
|move|p1a: Gastrodon|Toxic|p2a: Zekrom|[miss]
|-miss|p1a: Gastrodon|p2a: Zekrom
|
|upkeep
|turn|15
|
|t:|1663948465
|move|p2a: Zekrom|Draco Meteor|p1a: Gastrodon
|-crit|p1a: Gastrodon
|-damage|p1a: Gastrodon|0 fnt
|faint|p1a: Gastrodon
|-damage|p2a: Zekrom|41/100|[from] item: Life Orb
|
|upkeep
|c|☆lirehsa|seriously
|c|☆ox084|deserved
|c|☆lirehsa|avoid toxic and crit?
|
|t:|1663948479
|switch|p1a: Kyogre|Kyogre|100/100
|-weather|RainDance|[from] ability: Drizzle|[of] p1a: Kyogre
|turn|16
|c|☆ox084|you got a para into full para and almost won
|
|t:|1663948491
|switch|p2a: Eternatus|Eternatus|100/100
|-ability|p2a: Eternatus|Pressure
|move|p1a: Kyogre|Ice Beam|p2a: Eternatus
|-supereffective|p2a: Eternatus
|-damage|p2a: Eternatus|53/100
|-status|p2a: Eternatus|frz
|
|-weather|RainDance|[upkeep]
|upkeep
|turn|17
|c|☆lirehsa|HAH
|c|☆lirehsa|HAHAHAHAHA
|c|☆ox084|noooooooooooooooooooooooooooooooooooooooooooooooo
|c|☆lirehsa|double skill issue
|
|t:|1663948505
|move|p1a: Kyogre|Ice Beam|p2a: Eternatus
|-supereffective|p2a: Eternatus
|-damage|p2a: Eternatus|12/100 frz
|cant|p2a: Eternatus|frz
|
|-weather|RainDance|[upkeep]
|upkeep
|turn|18
|c|☆lirehsa|(jk)
|
|t:|1663948508
|move|p1a: Kyogre|Ice Beam|p2a: Eternatus
|-supereffective|p2a: Eternatus
|-damage|p2a: Eternatus|0 fnt
|faint|p2a: Eternatus
|
|-weather|RainDance|[upkeep]
|upkeep
|
|t:|1663948510
|switch|p2a: Groudon|Groudon|100/100
|-weather|SunnyDay|[from] ability: Drought|[of] p2a: Groudon
|turn|19
|c|☆ox084|this is like an anime batttle
|c|☆lirehsa|yeah
|c|☆lirehsa|i agree
|c|☆ox084|like crit him and freeze him
|c|☆lirehsa|then get paralysed twice
|c|☆ox084|intensely use ice beam till you freeze
|
|t:|1663948541
|move|p1a: Kyogre|Ice Beam|p2a: Groudon
|-supereffective|p2a: Groudon
|-damage|p2a: Groudon|50/100
|move|p2a: Groudon|Thunder Wave|p1a: Kyogre|[miss]
|-miss|p2a: Groudon|p1a: Kyogre
|
|-weather|SunnyDay|[upkeep]
|-heal|p2a: Groudon|57/100|[from] item: Leftovers
|upkeep
|turn|20
|c|☆lirehsa|ok
|
|t:|1663948546
|move|p1a: Kyogre|Ice Beam|p2a: Groudon
|-supereffective|p2a: Groudon
|-damage|p2a: Groudon|11/100
|move|p2a: Groudon|Thunder Wave|p1a: Kyogre|[miss]
|-miss|p2a: Groudon|p1a: Kyogre
|
|-weather|SunnyDay|[upkeep]
|-heal|p2a: Groudon|17/100|[from] item: Leftovers
|upkeep
|turn|21
|c|☆ox084|dodge it
|c|☆lirehsa|:)
|
|t:|1663948550
|move|p1a: Kyogre|Ice Beam|p2a: Groudon
|-supereffective|p2a: Groudon
|-damage|p2a: Groudon|0 fnt
|faint|p2a: Groudon
|
|-weather|SunnyDay|[upkeep]
|upkeep
|
|t:|1663948553
|switch|p2a: Zekrom|Zekrom|41/100
|-ability|p2a: Zekrom|Teravolt
|turn|22
|c|☆lirehsa|i believe in the heart of the kyogre
|c|☆ox084|lmaoooooo
|
|t:|1663948560
|move|p1a: Kyogre|Ice Beam|p2a: Zekrom
|-supereffective|p2a: Zekrom
|-damage|p2a: Zekrom|0 fnt
|faint|p2a: Zekrom
|
|win|lirehsa
|raw|lirehsa's rating: 1381 &rarr; <strong>1410</strong><br />(+29 for winning)
|raw|ox084's rating: 1555 &rarr; <strong>1526</strong><br />(-29 for losing)
|c|☆lirehsa|skill issuex3
|c|☆lirehsa|(jk)
|c|☆ox084|gg
|c|☆lirehsa|just get gud
|c|☆lirehsa|gg
|c|☆ox084|ez loss of my life
|c|☆lirehsa|exactly
|c|☆ox084|even tried
|c|☆lirehsa|once
|c|☆ox084|once
|c|☆lirehsa|there was solageo necrozman
||Ladder isn't responding, score probably updated but might not have (Request timeout).
|c|☆lirehsa|against my knocked of pwer herb xerneas
|c|☆ox084|used up*
|c|☆lirehsa|it was already apralyzed
|c|☆ox084|but yea
|c|☆lirehsa|yes
|c|☆lirehsa|and it got stunned twice in a row
|c|☆lirehsa|so i could get geomancy and then kill it
|c|☆ox084|next time it will be me who wins, farewell
|c|☆lirehsa|goodbye
|c|☆ox084|next season
|c|☆lirehsa|until next time
