|j|☆QiYu3
|j|☆JDUPREE
|player|p1|QiYu3|psychic-gen4|1571
|player|p2|JDUPREE|janitor|1352
|teamsize|p1|6
|teamsize|p2|6
|gametype|singles
|gen|8
|tier|[Gen 8] Ubers
|rated|
|clearpoke
|poke|p1|Melmetal|
|poke|p1|Reshiram|
|poke|p1|Hatterene, F|
|poke|p1|Necrozma-Dusk-Mane|
|poke|p1|Lunala|
|poke|p1|Mimikyu, L1, M|
|poke|p2|Ditto|
|poke|p2|Arcanine, M|
|poke|p2|Zacian-Crowned|
|poke|p2|Eternatus|
|poke|p2|Darmanitan-Galar, M|
|poke|p2|Grimmsnarl, M|
|rule|Sleep Clause Mod: Limit one foe put to sleep
|rule|Species Clause: Limit one of each Pokémon
|rule|OHKO Clause: OHKO moves are banned
|rule|Evasion Moves Clause: Evasion moves are banned
|rule|Endless Battle Clause: Forcing endless battles is banned
|rule|HP Percentage Mod: HP is shown in percentages
|teampreview
|inactive|Battle timer is ON: inactive players will automatically lose when time's up. (requested by JDUPREE)
|
|start
|switch|p1a: Lunala|Lunala|100/100
|switch|p2a: Grimmsnarl|Grimmsnarl, M|100/100
|turn|1
|j| killer whale squa
|
|move|p2a: Grimmsnarl|Light Screen|p2a: Grimmsnarl
|-sidestart|p2: JDUPREE|move: Light Screen
|move|p1a: Lunala|Trick|p2a: Grimmsnarl
|-activate|p1a: Lunala|move: Trick|[of] p2a: Grimmsnarl
|-item|p2a: Grimmsnarl|Choice Specs|[from] move: Trick
|-item|p1a: Lunala|Light Clay|[from] move: Trick
|
|upkeep
|turn|2
|
|-start|p2a: Grimmsnarl|Dynamax
|-formechange|p2a: Grimmsnarl|Grimmsnarl-Gmax
|-heal|p2a: Grimmsnarl|100/100|[silent]
|move|p2a: Grimmsnarl|Max Starfall|p1a: Lunala
|-damage|p1a: Lunala|70/100
|-fieldstart|move: Misty Terrain
|move|p1a: Lunala|Trick Room|p1a: Lunala
|-fieldstart|move: Trick Room|[of] p1a: Lunala
|
|upkeep
|turn|3
|
|switch|p1a: Melmetal|Melmetal|100/100
|move|p2a: Grimmsnarl|Max Starfall|p1a: Melmetal
|-resisted|p1a: Melmetal
|-damage|p1a: Melmetal|83/100
|
|upkeep
|turn|4
|
|move|p2a: Grimmsnarl|Max Guard|p2a: Grimmsnarl
|-singleturn|p2a: Grimmsnarl|Max Guard
|move|p1a: Melmetal|Double Iron Bash|p2a: Grimmsnarl
|-activate|p2a: Grimmsnarl|move: Max Guard
|
|-end|p2a: Grimmsnarl|Dynamax
|-formechange|p2a: Grimmsnarl|Grimmsnarl
|-heal|p2a: Grimmsnarl|100/100|[silent]
|upkeep
|turn|5
|
|move|p2a: Grimmsnarl|Reflect|p2a: Grimmsnarl
|-sidestart|p2: JDUPREE|Reflect
|move|p1a: Melmetal|Double Iron Bash|p2a: Grimmsnarl
|-supereffective|p2a: Grimmsnarl
|-damage|p2a: Grimmsnarl|12/100
|-supereffective|p2a: Grimmsnarl
|-damage|p2a: Grimmsnarl|0 fnt
|-hitcount|p2a: Grimmsnarl|2
|faint|p2a: Grimmsnarl
|
|upkeep
|
|switch|p2a: Arcanine|Arcanine, M|100/100
|-ability|p2a: Arcanine|Intimidate|boost
|-unboost|p1a: Melmetal|atk|1
|turn|6
|
|switch|p1a: Reshiram|Reshiram|100/100
|-ability|p1a: Reshiram|Turboblaze
|move|p2a: Arcanine|Flamethrower|p1a: Reshiram
|-resisted|p1a: Reshiram
|-damage|p1a: Reshiram|93/100
|-damage|p2a: Arcanine|91/100|[from] item: Life Orb
|
|-fieldend|Misty Terrain
|-fieldend|move: Trick Room
|upkeep
|turn|7
|
|switch|p2a: Ditto|Ditto|100/100
|-transform|p2a: Ditto|p1a: Reshiram|[from] ability: Imposter
|-ability|p2a: Ditto|Turboblaze
|move|p1a: Reshiram|Reflect|p1a: Reshiram
|-sidestart|p1: QiYu3|Reflect
|
|upkeep
|turn|8
|
|switch|p1a: Necrozma|Necrozma-Dusk-Mane|100/100
|move|p2a: Ditto|Dragon Pulse|p1a: Necrozma
|-resisted|p1a: Necrozma
|-damage|p1a: Necrozma|78/100
|
|-sideend|p2: JDUPREE|move: Light Screen
|upkeep
|turn|9
|
|switch|p2a: Arcanine|Arcanine, M|91/100
|-ability|p2a: Arcanine|Intimidate|boost
|-unboost|p1a: Necrozma|atk|1
|move|p1a: Necrozma|Trick Room|p1a: Necrozma
|-fieldstart|move: Trick Room|[of] p1a: Necrozma
|
|-sideend|p2: JDUPREE|Reflect
|upkeep
|turn|10
|
|switch|p1a: Reshiram|Reshiram|93/100
|-ability|p1a: Reshiram|Turboblaze
|move|p2a: Arcanine|Will-O-Wisp|p1a: Reshiram
|-immune|p1a: Reshiram
|
|upkeep
|turn|11
|
|switch|p2a: Eternatus|Eternatus|100/100
|-ability|p2a: Eternatus|Pressure
|move|p1a: Reshiram|Earth Power|p2a: Eternatus
|-supereffective|p2a: Eternatus
|-damage|p2a: Eternatus|23/100
|-damage|p1a: Reshiram|83/100|[from] item: Life Orb
|
|-sideend|p1: QiYu3|Reflect
|upkeep
|turn|12
|
|move|p1a: Reshiram|Earth Power|p2a: Eternatus
|-supereffective|p2a: Eternatus
|-damage|p2a: Eternatus|0 fnt
|-damage|p1a: Reshiram|73/100|[from] item: Life Orb
|faint|p2a: Eternatus
|
|upkeep
|
|switch|p2a: Arcanine|Arcanine, M|91/100
|-ability|p2a: Arcanine|Intimidate|boost
|-unboost|p1a: Reshiram|atk|1
|turn|13
|
|move|p1a: Reshiram|Earth Power|p2a: Arcanine
|-supereffective|p2a: Arcanine
|-damage|p2a: Arcanine|0 fnt
|-damage|p1a: Reshiram|63/100|[from] item: Life Orb
|faint|p2a: Arcanine
|
|-fieldend|move: Trick Room
|upkeep
|
|switch|p2a: Darmanitan|Darmanitan-Galar, M|100/100
|turn|14
|
|switch|p1a: Lunala|Lunala|70/100
|move|p2a: Darmanitan|Icicle Crash|p1a: Lunala|[miss]
|-miss|p2a: Darmanitan|p1a: Lunala
|
|upkeep
|turn|15
|
|move|p2a: Darmanitan|Icicle Crash|p1a: Lunala
|-damage|p1a: Lunala|4/100
|move|p1a: Lunala|Trick Room|p1a: Lunala
|-fieldstart|move: Trick Room|[of] p1a: Lunala
|
|upkeep
|turn|16
|
|move|p1a: Lunala|Moongeist Beam|p2a: Darmanitan
|-damage|p2a: Darmanitan|21/100
|move|p2a: Darmanitan|Icicle Crash|p1a: Lunala
|-damage|p1a: Lunala|0 fnt
|faint|p1a: Lunala
|
|upkeep
|
|switch|p1a: Reshiram|Reshiram|63/100
|-ability|p1a: Reshiram|Turboblaze
|turn|17
|
|move|p1a: Reshiram|Earth Power|p2a: Darmanitan
|-damage|p2a: Darmanitan|0 fnt
|-damage|p1a: Reshiram|53/100|[from] item: Life Orb
|faint|p2a: Darmanitan
|
|upkeep
|
|switch|p2a: Ditto|Ditto|100/100
|-transform|p2a: Ditto|p1a: Reshiram|[from] ability: Imposter
|-ability|p2a: Ditto|Turboblaze
|turn|18
|
|move|p1a: Reshiram|Dragon Pulse|p2a: Ditto
|-supereffective|p2a: Ditto
|-damage|p2a: Ditto|0 fnt
|-damage|p1a: Reshiram|43/100|[from] item: Life Orb
|faint|p2a: Ditto
|
|upkeep
|
|switch|p2a: Zacian|Zacian-Crowned|100/100
|-ability|p2a: Zacian|Intrepid Sword|boost
|-boost|p2a: Zacian|atk|1
|turn|19
|
|move|p1a: Reshiram|Blue Flare|p2a: Zacian
|-supereffective|p2a: Zacian
|-damage|p2a: Zacian|0 fnt
|-damage|p1a: Reshiram|33/100|[from] item: Life Orb
|faint|p2a: Zacian
|
|win|QiYu3
|raw|QiYu3's rating: 1571 &rarr; <strong>1580</strong><br />(+9 for winning)
|raw|JDUPREE's rating: 1353 &rarr; <strong>1344</strong><br />(-9 for losing)
|l|☆JDUPREE
