|raw|<div class="broadcast-blue"><strong>This battle is required to be public due to a player having a name starting with 'ult9ns'.</div>
|j|☆ult9ns fu
|j|☆I Crit My Panties
|t:|1653475697
|gametype|singles
|player|p1|ult9ns fu|lucas|1580
|player|p2|I Crit My Panties|266|1553
|teamsize|p1|6
|teamsize|p2|6
|gen|8
|tier|[Gen 8] Ubers
|rated|
|rule|Sleep Clause Mod: Limit one foe put to sleep
|rule|Species Clause: Limit one of each Pokémon
|rule|OHKO Clause: OHKO moves are banned
|rule|Evasion Moves Clause: Evasion moves are banned
|rule|Endless Battle Clause: Forcing endless battles is banned
|rule|HP Percentage Mod: HP is shown in percentages
|rule|Dynamax Clause: You cannot dynamax
|clearpoke
|poke|p1|Ditto|
|poke|p1|Kyogre|
|poke|p1|Yveltal|
|poke|p1|Eternatus|
|poke|p1|Zygarde|
|poke|p1|Necrozma-Dusk-Mane|
|poke|p2|Hatterene, F|
|poke|p2|Porygon2|
|poke|p2|Magearna|
|poke|p2|Dracovish|
|poke|p2|Calyrex-Ice|
|poke|p2|Necrozma-Dusk-Mane|
|teampreview
|j| name strange
|j| ULT9NS Fog
|j| ULT9NS Flop
|
|t:|1653475718
|start
|switch|p1a: Necrozma|Necrozma-Dusk-Mane|100/100
|switch|p2a: Dracovish|Dracovish|100/100
|turn|1
|c| name strange|owo
|j| ult9ns hoenn
|
|t:|1653475723
|move|p1a: Necrozma|Iron Head|p2a: Dracovish
|-resisted|p2a: Dracovish
|-damage|p2a: Dracovish|82/100
|move|p2a: Dracovish|Fishious Rend|p1a: Necrozma
|-damage|p1a: Necrozma|44/100
|
|-heal|p1a: Necrozma|50/100|[from] item: Leftovers
|upkeep
|turn|2
|j| Ult9ns louisix
|j| ULT9NS 369
|
|t:|1653475743
|switch|p1a: Eternatus|Eternatus|100/100
|-ability|p1a: Eternatus|Pressure
|move|p2a: Dracovish|Fishious Rend|p1a: Eternatus
|-resisted|p1a: Eternatus
|-damage|p1a: Eternatus|31/100
|
|upkeep
|turn|3
|
|t:|1653475747
|switch|p2a: Necrozma|Necrozma-Dusk-Mane|100/100
|move|p1a: Eternatus|Recover|p1a: Eternatus
|-heal|p1a: Eternatus|81/100
|
|upkeep
|turn|4
|
|t:|1653475756
|move|p1a: Eternatus|Draco Meteor|p2a: Necrozma
|-resisted|p2a: Necrozma
|-damage|p2a: Necrozma|77/100
|-unboost|p1a: Eternatus|spa|2
|-enditem|p1a: Eternatus|Eject Pack
|
|t:|1653475763
|switch|p1a: Yveltal|Yveltal|100/100
|-ability|p1a: Yveltal|Dark Aura
|move|p2a: Necrozma|Trick Room|p2a: Necrozma
|-fieldstart|move: Trick Room|[of] p2a: Necrozma
|
|upkeep
|turn|5
|j| xiaomiaomiao
|j| ULT9NS EntEx
|
|t:|1653475774
|switch|p2a: Magearna|Magearna|100/100
|move|p1a: Yveltal|Knock Off|p2a: Magearna
|-resisted|p2a: Magearna
|-damage|p2a: Magearna|72/100
|-enditem|p2a: Magearna|Leftovers|[from] move: Knock Off|[of] p1a: Yveltal
|
|upkeep
|turn|6
|
|t:|1653475778
|move|p2a: Magearna|Volt Switch|p1a: Yveltal
|-supereffective|p1a: Yveltal
|-damage|p1a: Yveltal|75/100
|j| ULT9NS MiNi
|
|t:|1653475783
|switch|p2a: Porygon2|Porygon2|100/100|[from]move: Volt Switch
|-ability|p2a: Porygon2|Dark Aura|[from] ability: Trace|[of] p1a: Yveltal
|-ability|p2a: Porygon2|Dark Aura
|move|p1a: Yveltal|U-turn|p2a: Porygon2
|-damage|p2a: Porygon2|89/100
|
|t:|1653475786
|switch|p1a: Necrozma|Necrozma-Dusk-Mane|50/100|[from]move: U-turn
|
|-heal|p1a: Necrozma|56/100|[from] item: Leftovers
|upkeep
|turn|7
|
|t:|1653475800
|switch|p2a: Dracovish|Dracovish|82/100
|move|p1a: Necrozma|Stealth Rock|p2a: Dracovish
|-sidestart|p2: I Crit My Panties|move: Stealth Rock
|
|-heal|p1a: Necrozma|62/100|[from] item: Leftovers
|upkeep
|turn|8
|
|t:|1653475805
|switch|p1a: Eternatus|Eternatus|81/100
|-ability|p1a: Eternatus|Pressure
|move|p2a: Dracovish|Fishious Rend|p1a: Eternatus
|-resisted|p1a: Eternatus
|-damage|p1a: Eternatus|12/100
|
|-fieldend|move: Trick Room
|upkeep
|turn|9
|l| ult9ns hoenn
|
|t:|1653475811
|switch|p2a: Necrozma|Necrozma-Dusk-Mane|77/100
|-damage|p2a: Necrozma|71/100|[from] Stealth Rock
|move|p1a: Eternatus|Recover|p1a: Eternatus
|-heal|p1a: Eternatus|62/100
|
|upkeep
|turn|10
|
|t:|1653475823
|move|p1a: Eternatus|Recover|p1a: Eternatus
|-heal|p1a: Eternatus|100/100
|move|p2a: Necrozma|Trick Room|p2a: Necrozma
|-fieldstart|move: Trick Room|[of] p2a: Necrozma
|
|upkeep
|turn|11
|inactive|Battle timer is ON: inactive players will automatically lose when time's up. (requested by I Crit My Panties)
|
|t:|1653475844
|switch|p2a: Calyrex|Calyrex-Ice|100/100
|-ability|p2a: Calyrex|As One
|-ability|p2a: Calyrex|Unnerve
|switch|p1a: Yveltal|Yveltal|75/100
|-ability|p1a: Yveltal|Dark Aura
|
|upkeep
|turn|12
|
|t:|1653475851
|switch|p1a: Necrozma|Necrozma-Dusk-Mane|62/100
|move|p2a: Calyrex|Glacial Lance|p1a: Necrozma
|-resisted|p1a: Necrozma
|-damage|p1a: Necrozma|33/100
|
|-heal|p1a: Necrozma|39/100|[from] item: Leftovers
|upkeep
|turn|13
|
|t:|1653475873
|switch|p1a: Zygarde|Zygarde|100/100
|move|p2a: Calyrex|High Horsepower|p1a: Zygarde
|-damage|p1a: Zygarde|75/100
|
|-heal|p1a: Zygarde|81/100|[from] item: Leftovers
|upkeep
|turn|14
|
|t:|1653475887
|switch|p1a: Necrozma|Necrozma-Dusk-Mane|39/100
|move|p2a: Calyrex|Glacial Lance|p1a: Necrozma
|-resisted|p1a: Necrozma
|-damage|p1a: Necrozma|9/100
|
|-heal|p1a: Necrozma|15/100|[from] item: Leftovers
|-fieldend|move: Trick Room
|upkeep
|turn|15
|l| ULT9NS 369
|
|t:|1653475896
|switch|p2a: Necrozma|Necrozma-Dusk-Mane|71/100
|-damage|p2a: Necrozma|65/100|[from] Stealth Rock
|move|p1a: Necrozma|Morning Sun|p1a: Necrozma
|-heal|p1a: Necrozma|65/100
|
|-heal|p1a: Necrozma|71/100|[from] item: Leftovers
|upkeep
|turn|16
|
|t:|1653475904
|switch|p1a: Yveltal|Yveltal|75/100
|-ability|p1a: Yveltal|Dark Aura
|move|p2a: Necrozma|Trick Room|p2a: Necrozma
|-fieldstart|move: Trick Room|[of] p2a: Necrozma
|
|upkeep
|turn|17
|
|t:|1653475926
|move|p2a: Necrozma|Sunsteel Strike|p1a: Yveltal
|-damage|p1a: Yveltal|14/100
|move|p1a: Yveltal|U-turn|p2a: Necrozma
|-damage|p2a: Necrozma|50/100
|l| Ult9ns louisix
|
|t:|1653475931
|switch|p1a: Zygarde|Zygarde|81/100|[from]move: U-turn
|
|-heal|p1a: Zygarde|87/100|[from] item: Leftovers
|upkeep
|turn|18
|j| Ult9ns louisix
|
|t:|1653475944
|switch|p2a: Calyrex|Calyrex-Ice|100/100
|-ability|p2a: Calyrex|As One
|-ability|p2a: Calyrex|Unnerve
|move|p1a: Zygarde|Thousand Arrows|p2a: Calyrex
|-damage|p2a: Calyrex|82/100
|
|-heal|p1a: Zygarde|93/100|[from] item: Leftovers
|upkeep
|turn|19
|l| Ult9ns louisix
|j| Marketing Head
|j| Ult9ns louisix
|
|t:|1653475956
|switch|p2a: Dracovish|Dracovish|82/100
|-damage|p2a: Dracovish|69/100|[from] Stealth Rock
|switch|p1a: Necrozma|Necrozma-Dusk-Mane|71/100
|
|-heal|p1a: Necrozma|77/100|[from] item: Leftovers
|upkeep
|turn|20
|j| ULT9NS tinseltown
|
|t:|1653475961
|switch|p1a: Eternatus|Eternatus|100/100
|-ability|p1a: Eternatus|Pressure
|move|p2a: Dracovish|Fishious Rend|p1a: Eternatus
|-resisted|p1a: Eternatus
|-damage|p1a: Eternatus|35/100
|
|-fieldend|move: Trick Room
|upkeep
|turn|21
|
|t:|1653475971
|switch|p2a: Calyrex|Calyrex-Ice|82/100
|-ability|p2a: Calyrex|As One
|-ability|p2a: Calyrex|Unnerve
|move|p1a: Eternatus|Recover|p1a: Eternatus
|-heal|p1a: Eternatus|85/100
|
|upkeep
|turn|22
|
|t:|1653475975
|switch|p1a: Necrozma|Necrozma-Dusk-Mane|77/100
|move|p2a: Calyrex|Trick Room|p2a: Calyrex
|-fieldstart|move: Trick Room|[of] p2a: Calyrex
|
|-heal|p1a: Necrozma|83/100|[from] item: Leftovers
|upkeep
|turn|23
|
|t:|1653475984
|switch|p2a: Necrozma|Necrozma-Dusk-Mane|50/100
|-damage|p2a: Necrozma|44/100|[from] Stealth Rock
|move|p1a: Necrozma|Thunder Wave|p2a: Necrozma
|-status|p2a: Necrozma|par
|
|-heal|p1a: Necrozma|89/100|[from] item: Leftovers
|upkeep
|turn|24
|l|☆I Crit My Panties
|inactive|I Crit My Panties disconnected and has a minute to reconnect!
|player|p2|
|c| name strange|F
|inactive|I Crit My Panties has 30 seconds to reconnect!
|inactive|I Crit My Panties has 20 seconds to reconnect!
|inactive|I Crit My Panties has 15 seconds to reconnect!
|inactive|I Crit My Panties has 10 seconds to reconnect!
|inactive|I Crit My Panties has 5 seconds to reconnect!
|-message|I Crit My Panties lost due to inactivity.
|
|win|ult9ns fu
|raw|ult9ns fu's rating: 1580 &rarr; <strong>1598</strong><br />(+18 for winning)
|raw|I Crit My Panties's rating: 1553 &rarr; <strong>1535</strong><br />(-18 for losing)
|l| ULT9NS Fog
|l| xiaomiaomiao
|l| Ult9ns louisix
|l|☆ult9ns fu
|l| ULT9NS MiNi
|j| reje
|l| reje
|j| Opnoob 598
|l| Opnoob 598
|j| Jojos le pipi
|l| ULT9NS tinseltown
|l| Jojos le pipi
|j| Jojos le pipi
|l| name strange
|l| ULT9NS Flop
|j| Ult9ns bad luck
|l| Ult9ns bad luck
