|j|☆March Fires
|j|☆4125al41
|t:|1655505649
|gametype|singles
|player|p1|March Fires|koga-lgpe|
|player|p2|4125al41|gambler|
|teamsize|p1|6
|teamsize|p2|6
|gen|8
|tier|[Gen 8] Ubers
|rule|Sleep Clause Mod: Limit one foe put to sleep
|rule|Species Clause: Limit one of each Pokémon
|rule|OHKO Clause: OHKO moves are banned
|rule|Evasion Moves Clause: Evasion moves are banned
|rule|Endless Battle Clause: Forcing endless battles is banned
|rule|HP Percentage Mod: HP is shown in percentages
|rule|Dynamax Clause: You cannot dynamax
|clearpoke
|poke|p1|Necrozma-Dusk-Mane|
|poke|p1|Yveltal|
|poke|p1|Eternatus|
|poke|p1|Kyogre|
|poke|p1|Landorus-Therian, M|
|poke|p1|Zekrom|
|poke|p2|Marshadow|
|poke|p2|Eternatus|
|poke|p2|Zygarde|
|poke|p2|Yveltal|
|poke|p2|Necrozma-Dusk-Mane|
|poke|p2|Ferrothorn, F|
|teampreview
|c|☆March Fires|hf
|j| pkmn cypher 2013
|
|t:|1655505718
|start
|switch|p1a: Yveltal|Yveltal|100/100
|switch|p2a: Ferrothorn|Ferrothorn, F|100/100
|-ability|p1a: Yveltal|Dark Aura
|turn|1
|j| Crazy Story
|j| TrueNora
|
|t:|1655505725
|move|p1a: Yveltal|Knock Off|p2a: Ferrothorn
|-damage|p2a: Ferrothorn|67/100
|-damage|p1a: Yveltal|88/100|[from] ability: Iron Barbs|[of] p2a: Ferrothorn
|-enditem|p2a: Ferrothorn|Leftovers|[from] move: Knock Off|[of] p1a: Yveltal
|move|p2a: Ferrothorn|Leech Seed|p1a: Yveltal
|-start|p1a: Yveltal|move: Leech Seed
|
|-damage|p1a: Yveltal|76/100|[from] Leech Seed|[of] p2a: Ferrothorn
|-heal|p2a: Ferrothorn|83/100|[silent]
|upkeep
|turn|2
|j| 64 squares
|j| Zdfgthb
|
|t:|1655505735
|switch|p1a: Eternatus|Eternatus|100/100
|-ability|p1a: Eternatus|Pressure
|move|p2a: Ferrothorn|Spikes|p1a: Eternatus
|-sidestart|p1: March Fires|Spikes
|
|upkeep
|turn|3
|l| Zdfgthb
|j| IDGAF Praise ME
|
|t:|1655505756
|switch|p1a: Landorus|Landorus-Therian, M|100/100
|-ability|p1a: Landorus|Intimidate|boost
|-unboost|p2a: Ferrothorn|atk|1
|switch|p2a: Yveltal|Yveltal|100/100
|-ability|p2a: Yveltal|Dark Aura
|
|upkeep
|turn|4
|j| Eledyr
|
|t:|1655505766
|move|p2a: Yveltal|Taunt|p1a: Landorus
|-start|p1a: Landorus|move: Taunt
|cant|p1a: Landorus|move: Taunt|Stealth Rock
|
|upkeep
|turn|5
|l| pkmn cypher 2013
|j| kroniikamisama
|
|t:|1655505781
|switch|p1a: Yveltal|Yveltal|76/100
|-ability|p1a: Yveltal|Dark Aura
|move|p2a: Yveltal|Knock Off|p1a: Yveltal
|-resisted|p1a: Yveltal
|-damage|p1a: Yveltal|52/100
|-enditem|p1a: Yveltal|Heavy-Duty Boots|[from] move: Knock Off|[of] p2a: Yveltal
|
|upkeep
|turn|6
|
|t:|1655505789
|move|p2a: Yveltal|Taunt|p1a: Yveltal
|-start|p1a: Yveltal|move: Taunt
|move|p1a: Yveltal|Knock Off|p2a: Yveltal
|-resisted|p2a: Yveltal
|-damage|p2a: Yveltal|75/100
|-enditem|p2a: Yveltal|Heavy-Duty Boots|[from] move: Knock Off|[of] p1a: Yveltal
|
|upkeep
|turn|7
|
|t:|1655505795
|move|p2a: Yveltal|Knock Off|p1a: Yveltal
|-resisted|p1a: Yveltal
|-damage|p1a: Yveltal|38/100
|move|p1a: Yveltal|U-turn|p2a: Yveltal
|-damage|p2a: Yveltal|58/100
|
|t:|1655505801
|switch|p1a: Zekrom|Zekrom|100/100|[from]move: U-turn
|-damage|p1a: Zekrom|88/100|[from] Spikes
|-ability|p1a: Zekrom|Teravolt
|
|upkeep
|turn|8
|
|t:|1655505815
|move|p2a: Yveltal|Roost|p2a: Yveltal
|-heal|p2a: Yveltal|100/100
|-singleturn|p2a: Yveltal|move: Roost
|move|p1a: Zekrom|Bolt Strike|p2a: Yveltal|[miss]
|-miss|p1a: Zekrom|p2a: Yveltal
|
|upkeep
|turn|9
|
|t:|1655505821
|switch|p2a: Ferrothorn|Ferrothorn, F|83/100
|move|p1a: Zekrom|Bolt Strike|p2a: Ferrothorn
|-resisted|p2a: Ferrothorn
|-damage|p2a: Ferrothorn|54/100
|-damage|p1a: Zekrom|76/100|[from] ability: Iron Barbs|[of] p2a: Ferrothorn
|-damage|p1a: Zekrom|66/100|[from] item: Life Orb
|
|upkeep
|turn|10
|j| Zdfgthb
|
|t:|1655505829
|move|p1a: Zekrom|Focus Blast|p2a: Ferrothorn|[miss]
|-miss|p1a: Zekrom|p2a: Ferrothorn
|move|p2a: Ferrothorn|Leech Seed|p1a: Zekrom
|-start|p1a: Zekrom|move: Leech Seed
|
|-damage|p1a: Zekrom|54/100|[from] Leech Seed|[of] p2a: Ferrothorn
|-heal|p2a: Ferrothorn|66/100|[silent]
|upkeep
|turn|11
|l| TrueNora
|
|t:|1655505864
|move|p1a: Zekrom|Scale Shot|p2a: Ferrothorn
|-resisted|p2a: Ferrothorn
|-damage|p2a: Ferrothorn|61/100
|-resisted|p2a: Ferrothorn
|-damage|p2a: Ferrothorn|56/100
|-resisted|p2a: Ferrothorn
|-damage|p2a: Ferrothorn|50/100
|-hitcount|p2a: Ferrothorn|3
|-unboost|p1a: Zekrom|def|1
|-boost|p1a: Zekrom|spe|1
|-damage|p1a: Zekrom|44/100|[from] item: Life Orb
|move|p2a: Ferrothorn|Leech Seed||[still]
|-fail|p2a: Ferrothorn
|
|-damage|p1a: Zekrom|31/100|[from] Leech Seed|[of] p2a: Ferrothorn
|-heal|p2a: Ferrothorn|62/100|[silent]
|upkeep
|turn|12
|j|+steEL?! SKITTY!?!?
|
|t:|1655505877
|switch|p2a: Necrozma|Necrozma-Dusk-Mane|100/100
|move|p1a: Zekrom|Roost|p1a: Zekrom
|-heal|p1a: Zekrom|81/100
|-singleturn|p1a: Zekrom|move: Roost
|
|-damage|p1a: Zekrom|69/100|[from] Leech Seed|[of] p2a: Necrozma
|upkeep
|turn|13
|
|t:|1655505884
|move|p1a: Zekrom|Bolt Strike|p2a: Necrozma
|-damage|p2a: Necrozma|33/100
|-damage|p1a: Zekrom|59/100|[from] item: Life Orb
|move|p2a: Necrozma|Earthquake|p1a: Zekrom
|-supereffective|p1a: Zekrom
|-damage|p1a: Zekrom|0 fnt
|faint|p1a: Zekrom
|
|-heal|p2a: Necrozma|40/100|[from] item: Leftovers
|upkeep
|c|+steEL?! SKITTY!?!?|the fuck are u playing on main for
|
|t:|1655505895
|switch|p1a: Yveltal|Yveltal|38/100
|-ability|p1a: Yveltal|Dark Aura
|turn|14
|c|☆March Fires|idk
|c|☆March Fires|opp didnt wanna do smogtours
|
|t:|1655505913
|switch|p2a: Yveltal|Yveltal|100/100
|-ability|p2a: Yveltal|Dark Aura
|move|p1a: Yveltal|Knock Off|p2a: Yveltal
|-resisted|p2a: Yveltal
|-damage|p2a: Yveltal|82/100
|
|upkeep
|turn|15
|
|t:|1655505922
|move|p2a: Yveltal|Taunt|p1a: Yveltal
|-start|p1a: Yveltal|move: Taunt
|move|p1a: Yveltal|U-turn|p2a: Yveltal
|-damage|p2a: Yveltal|65/100
|j| TrueNora
|
|t:|1655505930
|switch|p1a: Eternatus|Eternatus|100/100|[from]move: U-turn
|-damage|p1a: Eternatus|88/100|[from] Spikes
|-ability|p1a: Eternatus|Pressure
|
|upkeep
|turn|16
|
|t:|1655505945
|switch|p2a: Necrozma|Necrozma-Dusk-Mane|40/100
|move|p1a: Eternatus|Flamethrower|p2a: Necrozma
|-supereffective|p2a: Necrozma
|-damage|p2a: Necrozma|14/100
|-status|p2a: Necrozma|brn
|
|-heal|p2a: Necrozma|20/100 brn|[from] item: Leftovers
|-damage|p2a: Necrozma|14/100 brn|[from] brn
|upkeep
|turn|17
|j| Skysolo ❤
|
|t:|1655505954
|move|p1a: Eternatus|Flamethrower|p2a: Necrozma
|-supereffective|p2a: Necrozma
|-damage|p2a: Necrozma|0 fnt
|faint|p2a: Necrozma
|
|upkeep
|
|t:|1655505976
|switch|p2a: Eternatus|Eternatus|100/100
|-ability|p2a: Eternatus|Pressure
|turn|18
|
|t:|1655505994
|switch|p1a: Necrozma|Necrozma-Dusk-Mane|100/100
|-damage|p1a: Necrozma|88/100|[from] Spikes
|move|p2a: Eternatus|Dynamax Cannon|p1a: Necrozma
|-resisted|p1a: Necrozma
|-damage|p1a: Necrozma|74/100
|
|-heal|p1a: Necrozma|80/100|[from] item: Leftovers
|upkeep
|turn|19
|j|+keys
|
|t:|1655506011
|switch|p2a: Zygarde|Zygarde|100/100
|switch|p1a: Landorus|Landorus-Therian, M|100/100
|-ability|p1a: Landorus|Intimidate|boost
|-unboost|p2a: Zygarde|atk|1
|
|upkeep
|turn|20
|
|t:|1655506018
|move|p2a: Zygarde|Thousand Arrows|p1a: Landorus
|-damage|p1a: Landorus|84/100
|-start|p1a: Landorus|Smack Down
|move|p1a: Landorus|Stealth Rock|p2a: Zygarde
|-sidestart|p2: 4125al41|move: Stealth Rock
|
|-heal|p1a: Landorus|90/100|[from] item: Leftovers
|upkeep
|turn|21
|j|+Mr.378
|
|t:|1655506025
|move|p2a: Zygarde|Dragon Dance|p2a: Zygarde
|-boost|p2a: Zygarde|atk|1
|-boost|p2a: Zygarde|spe|1
|move|p1a: Landorus|U-turn|p2a: Zygarde
|-damage|p2a: Zygarde|89/100
|
|t:|1655506030
|switch|p1a: Kyogre|Kyogre|100/100|[from]move: U-turn
|-damage|p1a: Kyogre|88/100|[from] Spikes
|-weather|RainDance|[from] ability: Drizzle|[of] p1a: Kyogre
|
|-weather|RainDance|[upkeep]
|-heal|p2a: Zygarde|95/100|[from] item: Leftovers
|upkeep
|turn|22
|l|+keys
|j|+PurpleGatorade ❤
|
|t:|1655506042
|switch|p2a: Ferrothorn|Ferrothorn, F|62/100
|-damage|p2a: Ferrothorn|56/100|[from] Stealth Rock
|move|p1a: Kyogre|Scald|p2a: Ferrothorn
|-resisted|p2a: Ferrothorn
|-damage|p2a: Ferrothorn|31/100
|-status|p2a: Ferrothorn|brn
|
|-weather|RainDance|[upkeep]
|-damage|p2a: Ferrothorn|25/100 brn|[from] brn
|upkeep
|turn|23
|
|t:|1655506052
|switch|p2a: Eternatus|Eternatus|100/100
|-ability|p2a: Eternatus|Pressure
|move|p1a: Kyogre|Scald|p2a: Eternatus
|-resisted|p2a: Eternatus
|-damage|p2a: Eternatus|81/100
|-status|p2a: Eternatus|brn
|
|-weather|RainDance|[upkeep]
|-damage|p2a: Eternatus|75/100 brn|[from] brn
|upkeep
|turn|24
|
|t:|1655506067
|switch|p2a: Yveltal|Yveltal|65/100
|-damage|p2a: Yveltal|40/100|[from] Stealth Rock
|-ability|p2a: Yveltal|Dark Aura
|switch|p1a: Necrozma|Necrozma-Dusk-Mane|80/100
|-damage|p1a: Necrozma|68/100|[from] Spikes
|
|-weather|RainDance|[upkeep]
|-heal|p1a: Necrozma|74/100|[from] item: Leftovers
|upkeep
|turn|25
|j|+keys
|
|t:|1655506084
|switch|p1a: Landorus|Landorus-Therian, M|90/100
|-ability|p1a: Landorus|Intimidate|boost
|-unboost|p2a: Yveltal|atk|1
|move|p2a: Yveltal|Knock Off|p1a: Landorus
|-damage|p1a: Landorus|65/100
|-enditem|p1a: Landorus|Leftovers|[from] move: Knock Off|[of] p2a: Yveltal
|
|-weather|none
|upkeep
|turn|26
|
|t:|1655506092
|move|p2a: Yveltal|Roost|p2a: Yveltal
|-heal|p2a: Yveltal|90/100
|-singleturn|p2a: Yveltal|move: Roost
|move|p1a: Landorus|U-turn|p2a: Yveltal
|-supereffective|p2a: Yveltal
|-damage|p2a: Yveltal|54/100
|
|t:|1655506105
|switch|p1a: Eternatus|Eternatus|88/100|[from]move: U-turn
|-damage|p1a: Eternatus|76/100|[from] Spikes
|-ability|p1a: Eternatus|Pressure
|
|upkeep
|turn|27
|
|t:|1655506111
|switch|p2a: Ferrothorn|Ferrothorn, F|25/100 brn
|-damage|p2a: Ferrothorn|18/100 brn|[from] Stealth Rock
|move|p1a: Eternatus|Sludge Bomb|p2a: Ferrothorn
|-immune|p2a: Ferrothorn
|
|-damage|p2a: Ferrothorn|12/100 brn|[from] brn
|upkeep
|turn|28
|
|t:|1655506121
|move|p1a: Eternatus|Flamethrower|p2a: Ferrothorn
|-supereffective|p2a: Ferrothorn
|-damage|p2a: Ferrothorn|0 fnt
|faint|p2a: Ferrothorn
|
|upkeep
|
|t:|1655506123
|switch|p2a: Eternatus|Eternatus|75/100 brn
|-ability|p2a: Eternatus|Pressure
|turn|29
|
|t:|1655506131
|switch|p1a: Necrozma|Necrozma-Dusk-Mane|74/100
|-damage|p1a: Necrozma|61/100|[from] Spikes
|move|p2a: Eternatus|Dynamax Cannon|p1a: Necrozma
|-resisted|p1a: Necrozma
|-damage|p1a: Necrozma|47/100
|
|-heal|p1a: Necrozma|53/100|[from] item: Leftovers
|-damage|p2a: Eternatus|69/100 brn|[from] brn
|upkeep
|turn|30
|
|t:|1655506141
|switch|p2a: Marshadow|Marshadow|100/100
|-damage|p2a: Marshadow|94/100|[from] Stealth Rock
|move|p1a: Necrozma|Morning Sun|p1a: Necrozma
|-heal|p1a: Necrozma|100/100
|
|upkeep
|turn|31
|
|t:|1655506150
|switch|p1a: Yveltal|Yveltal|38/100
|-ability|p1a: Yveltal|Dark Aura
|move|p2a: Marshadow|Poltergeist||[still]
|-fail|p2a: Marshadow
|
|upkeep
|turn|32
|
|t:|1655506159
|switch|p2a: Zygarde|Zygarde|95/100
|-damage|p2a: Zygarde|89/100|[from] Stealth Rock
|move|p1a: Yveltal|U-turn|p2a: Zygarde
|-damage|p2a: Zygarde|78/100
|
|t:|1655506165
|switch|p1a: Eternatus|Eternatus|76/100|[from]move: U-turn
|-damage|p1a: Eternatus|64/100|[from] Spikes
|-ability|p1a: Eternatus|Pressure
|
|-heal|p2a: Zygarde|84/100|[from] item: Leftovers
|upkeep
|turn|33
|
|t:|1655506172
|move|p1a: Eternatus|Dynamax Cannon|p2a: Zygarde
|-supereffective|p2a: Zygarde
|-damage|p2a: Zygarde|0 fnt
|faint|p2a: Zygarde
|
|upkeep
|
|t:|1655506177
|switch|p2a: Eternatus|Eternatus|69/100 brn
|-ability|p2a: Eternatus|Pressure
|turn|34
|
|t:|1655506197
|switch|p1a: Necrozma|Necrozma-Dusk-Mane|100/100
|-damage|p1a: Necrozma|88/100|[from] Spikes
|move|p2a: Eternatus|Dynamax Cannon|p1a: Necrozma
|-resisted|p1a: Necrozma
|-damage|p1a: Necrozma|72/100
|
|-heal|p1a: Necrozma|78/100|[from] item: Leftovers
|-damage|p2a: Eternatus|63/100 brn|[from] brn
|upkeep
|turn|35
|
|t:|1655506206
|move|p2a: Eternatus|Recover|p2a: Eternatus
|-heal|p2a: Eternatus|100/100 brn
|move|p1a: Necrozma|Dragon Dance|p1a: Necrozma
|-boost|p1a: Necrozma|atk|1
|-boost|p1a: Necrozma|spe|1
|
|-heal|p1a: Necrozma|84/100|[from] item: Leftovers
|-damage|p2a: Eternatus|94/100 brn|[from] brn
|upkeep
|turn|36
|
|t:|1655506220
|switch|p2a: Yveltal|Yveltal|54/100
|-damage|p2a: Yveltal|29/100|[from] Stealth Rock
|-ability|p2a: Yveltal|Dark Aura
|move|p1a: Necrozma|Sunsteel Strike|p2a: Yveltal
|-damage|p2a: Yveltal|0 fnt
|faint|p2a: Yveltal
|
|-heal|p1a: Necrozma|90/100|[from] item: Leftovers
|upkeep
|
|t:|1655506222
|switch|p2a: Marshadow|Marshadow|94/100
|-damage|p2a: Marshadow|88/100|[from] Stealth Rock
|turn|37
|
|t:|1655506238
|switch|p1a: Landorus|Landorus-Therian, M|65/100
|-ability|p1a: Landorus|Intimidate|boost
|-unboost|p2a: Marshadow|atk|1
|move|p2a: Marshadow|Poltergeist||[still]
|-fail|p2a: Marshadow
|
|upkeep
|turn|38
|
|t:|1655506253
|switch|p2a: Eternatus|Eternatus|94/100 brn
|-ability|p2a: Eternatus|Pressure
|move|p1a: Landorus|Earthquake|p2a: Eternatus
|-supereffective|p2a: Eternatus
|-damage|p2a: Eternatus|19/100 brn
|
|-damage|p2a: Eternatus|13/100 brn|[from] brn
|upkeep
|turn|39
|
|t:|1655506266
|switch|p1a: Necrozma|Necrozma-Dusk-Mane|90/100
|-damage|p1a: Necrozma|78/100|[from] Spikes
|move|p2a: Eternatus|Flamethrower|p1a: Necrozma
|-supereffective|p1a: Necrozma
|-damage|p1a: Necrozma|52/100
|
|-heal|p1a: Necrozma|58/100|[from] item: Leftovers
|-damage|p2a: Eternatus|7/100 brn|[from] brn
|upkeep
|turn|40
|
|t:|1655506277
|switch|p2a: Marshadow|Marshadow|88/100
|-damage|p2a: Marshadow|82/100|[from] Stealth Rock
|move|p1a: Necrozma|Sunsteel Strike|p2a: Marshadow
|-damage|p2a: Marshadow|22/100
|
|-heal|p1a: Necrozma|64/100|[from] item: Leftovers
|upkeep
|turn|41
|l|+PurpleGatorade ❤
|
|t:|1655506286
|switch|p1a: Landorus|Landorus-Therian, M|65/100
|-ability|p1a: Landorus|Intimidate|boost
|-unboost|p2a: Marshadow|atk|1
|move|p2a: Marshadow|Rock Tomb|p1a: Landorus
|-damage|p1a: Landorus|42/100
|-unboost|p1a: Landorus|spe|1
|
|upkeep
|turn|42
|
|t:|1655506296
|move|p2a: Marshadow|Rock Tomb|p1a: Landorus
|-damage|p1a: Landorus|22/100
|-unboost|p1a: Landorus|spe|1
|move|p1a: Landorus|U-turn|p2a: Marshadow
|-resisted|p2a: Marshadow
|-damage|p2a: Marshadow|15/100
|
|t:|1655506310
|switch|p1a: Eternatus|Eternatus|64/100|[from]move: U-turn
|-damage|p1a: Eternatus|51/100|[from] Spikes
|-ability|p1a: Eternatus|Pressure
|
|upkeep
|turn|43
|
|t:|1655506316
|move|p2a: Marshadow|Rock Tomb|p1a: Eternatus
|-damage|p1a: Eternatus|29/100
|-unboost|p1a: Eternatus|spe|1
|-enditem|p1a: Eternatus|Sitrus Berry|[eat]
|-heal|p1a: Eternatus|54/100|[from] item: Sitrus Berry
|move|p1a: Eternatus|Recover|p1a: Eternatus
|-heal|p1a: Eternatus|100/100
|
|upkeep
|turn|44
|
|t:|1655506324
|move|p2a: Marshadow|Rock Tomb|p1a: Eternatus
|-damage|p1a: Eternatus|78/100
|-unboost|p1a: Eternatus|spe|1
|move|p1a: Eternatus|Dynamax Cannon|p2a: Marshadow
|-damage|p2a: Marshadow|0 fnt
|faint|p2a: Marshadow
|
|upkeep
|
|t:|1655506327
|switch|p2a: Eternatus|Eternatus|7/100 brn
|-ability|p2a: Eternatus|Pressure
|turn|45
|
|t:|1655506337
|move|p2a: Eternatus|Recover|p2a: Eternatus
|-heal|p2a: Eternatus|57/100 brn
|move|p1a: Eternatus|Dynamax Cannon|p2a: Eternatus
|-supereffective|p2a: Eternatus
|-damage|p2a: Eternatus|2/100 brn
|
|-damage|p2a: Eternatus|0 fnt|[from] brn
|faint|p2a: Eternatus
|
|win|March Fires
|upkeep
|c|☆March Fires|gg
|l| Zdfgthb
|l| Skysolo ❤
|l|+keys
|c|☆4125al41|gg
|l|☆4125al41
|l|+steEL?! SKITTY!?!?
|l| Crazy Story
|j| Inder
|j|+steEL?! SKITTY!?!?
|l|+steEL?! SKITTY!?!?
|l| kroniikamisama
|l|+Mr.378
|l| Inder
|j| Skysolo ❤
|j| Inder
|l| Skysolo ❤
|l| Inder
|j|+Stallion
|l|+Stallion
|j|+Stallion
|l| IDGAF Praise ME
|l|+Stallion
|l| 64 squares
|l| TrueNora
