|j|☆Kage UwU
|j|☆MegaTygnonGucci
|t:|1648564899
|gametype|singles
|player|p1|Kage UwU|265|1295
|player|p2|MegaTygnonGucci|parasollady|1330
|teamsize|p1|6
|teamsize|p2|6
|gen|8
|tier|[Gen 8] Ubers
|rated|
|rule|Sleep Clause Mod: Limit one foe put to sleep
|rule|Species Clause: Limit one of each Pokémon
|rule|OHKO Clause: OHKO moves are banned
|rule|Evasion Moves Clause: Evasion moves are banned
|rule|Endless Battle Clause: Forcing endless battles is banned
|rule|HP Percentage Mod: HP is shown in percentages
|rule|Dynamax Clause: You cannot dynamax
|clearpoke
|poke|p1|Necrozma-Dusk-Mane|
|poke|p1|Ho-Oh|
|poke|p1|Xerneas-*|
|poke|p1|Yveltal|
|poke|p1|Zekrom|
|poke|p1|Marshadow|
|poke|p2|Galvantula, F|
|poke|p2|Darmanitan-Galar, M|
|poke|p2|Calyrex-Shadow|
|poke|p2|Palkia|
|poke|p2|Zygarde|
|poke|p2|Cinderace, M|
|teampreview
|inactive|Battle timer is ON: inactive players will automatically lose when time's up. (requested by Kage UwU)
|
|t:|1648564905
|start
|switch|p1a: Zekrom|Zekrom|100/100
|switch|p2a: Galvantula|Galvantula, F, shiny|100/100
|-ability|p1a: Zekrom|Teravolt
|turn|1
|
|t:|1648564911
|move|p2a: Galvantula|Toxic|p1a: Zekrom
|-status|p1a: Zekrom|tox
|move|p1a: Zekrom|Dragon Claw|p2a: Galvantula
|-damage|p2a: Galvantula|15/100
|
|-damage|p1a: Zekrom|94/100 tox|[from] psn
|upkeep
|turn|2
|
|t:|1648564918
|move|p2a: Galvantula|Sticky Web|p1a: Zekrom
|-sidestart|p1: Kage UwU|move: Sticky Web
|move|p1a: Zekrom|Dragon Claw|p2a: Galvantula
|-damage|p2a: Galvantula|0 fnt
|faint|p2a: Galvantula
|
|-heal|p1a: Zekrom|100/100 tox|[from] item: Leftovers
|-damage|p1a: Zekrom|88/100 tox|[from] psn
|upkeep
|
|t:|1648564924
|switch|p2a: Palkia|Palkia|100/100
|-ability|p2a: Palkia|Pressure
|turn|3
|
|t:|1648564939
|move|p2a: Palkia|Hydro Pump|p1a: Zekrom
|-resisted|p1a: Zekrom
|-damage|p1a: Zekrom|49/100 tox
|move|p1a: Zekrom|Dragon Claw|p2a: Palkia
|-supereffective|p2a: Palkia
|-damage|p2a: Palkia|0 fnt
|faint|p2a: Palkia
|
|-heal|p1a: Zekrom|55/100 tox|[from] item: Leftovers
|-damage|p1a: Zekrom|37/100 tox|[from] psn
|upkeep
|
|t:|1648564946
|switch|p2a: Darmanitan|Darmanitan-Galar, M|100/100
|turn|4
|
|t:|1648564958
|move|p2a: Darmanitan|Icicle Crash|p1a: Zekrom
|-supereffective|p1a: Zekrom
|-damage|p1a: Zekrom|0 fnt
|faint|p1a: Zekrom
|
|upkeep
|
|t:|1648564974
|switch|p1a: Necrozma|Necrozma-Dusk-Mane|100/100
|-activate|p1a: Necrozma|move: Sticky Web
|-unboost|p1a: Necrozma|spe|1
|turn|5
|
|t:|1648564978
|switch|p2a: Zygarde|Zygarde, shiny|100/100
|move|p1a: Necrozma|Earthquake|p2a: Zygarde
|-damage|p2a: Zygarde|77/100
|
|-heal|p2a: Zygarde|83/100|[from] item: Leftovers
|upkeep
|turn|6
|
|t:|1648564991
|switch|p1a: Ho-Oh|Ho-Oh|100/100
|move|p2a: Zygarde|Glare|p1a: Ho-Oh
|-status|p1a: Ho-Oh|par
|
|-heal|p2a: Zygarde|89/100|[from] item: Leftovers
|upkeep
|turn|7
|
|t:|1648564998
|move|p2a: Zygarde|Substitute|p2a: Zygarde
|-start|p2a: Zygarde|Substitute
|-damage|p2a: Zygarde|65/100
|cant|p1a: Ho-Oh|par
|
|-heal|p2a: Zygarde|71/100|[from] item: Leftovers
|upkeep
|turn|8
|
|t:|1648565007
|move|p2a: Zygarde|Dragon Dance|p2a: Zygarde
|-boost|p2a: Zygarde|atk|1
|-boost|p2a: Zygarde|spe|1
|move|p1a: Ho-Oh|Brave Bird|p2a: Zygarde
|-end|p2a: Zygarde|Substitute
|-damage|p1a: Ho-Oh|91/100 par|[from] Recoil|[of] p2a: Zygarde
|
|-heal|p2a: Zygarde|77/100|[from] item: Leftovers
|upkeep
|turn|9
|
|t:|1648565017
|move|p2a: Zygarde|Substitute|p2a: Zygarde
|-start|p2a: Zygarde|Substitute
|-damage|p2a: Zygarde|52/100
|move|p1a: Ho-Oh|Brave Bird|p2a: Zygarde
|-end|p2a: Zygarde|Substitute
|-damage|p1a: Ho-Oh|81/100 par|[from] Recoil|[of] p2a: Zygarde
|
|-heal|p2a: Zygarde|58/100|[from] item: Leftovers
|upkeep
|turn|10
|
|t:|1648565031
|switch|p1a: Yveltal|Yveltal|100/100
|-ability|p1a: Yveltal|Dark Aura
|move|p2a: Zygarde|Substitute|p2a: Zygarde
|-start|p2a: Zygarde|Substitute
|-damage|p2a: Zygarde|33/100
|
|-heal|p2a: Zygarde|39/100|[from] item: Leftovers
|-activate|p2a: Zygarde|ability: Power Construct
|detailschange|p2a: Zygarde|Zygarde-Complete, shiny
|-heal|p2a: Zygarde|60/100|[silent]
|upkeep
|turn|11
|
|t:|1648565046
|move|p2a: Zygarde|Glare|p1a: Yveltal
|-status|p1a: Yveltal|par
|move|p1a: Yveltal|Dark Pulse|p2a: Zygarde
|-end|p2a: Zygarde|Substitute
|-damage|p1a: Yveltal|91/100 par|[from] item: Life Orb
|
|-heal|p2a: Zygarde|67/100|[from] item: Leftovers
|upkeep
|turn|12
|
|t:|1648565063
|move|p2a: Zygarde|Substitute|p2a: Zygarde
|-start|p2a: Zygarde|Substitute
|-damage|p2a: Zygarde|42/100
|move|p1a: Yveltal|Dark Pulse|p2a: Zygarde
|-end|p2a: Zygarde|Substitute
|-damage|p1a: Yveltal|81/100 par|[from] item: Life Orb
|
|-heal|p2a: Zygarde|48/100|[from] item: Leftovers
|upkeep
|turn|13
|
|t:|1648565071
|move|p2a: Zygarde|Substitute|p2a: Zygarde
|-start|p2a: Zygarde|Substitute
|-damage|p2a: Zygarde|23/100
|move|p1a: Yveltal|Oblivion Wing|p2a: Zygarde
|-end|p2a: Zygarde|Substitute
|-heal|p1a: Yveltal|100/100 par|[from] drain|[of] p2a: Zygarde
|-damage|p1a: Yveltal|91/100 par|[from] item: Life Orb
|
|-heal|p2a: Zygarde|29/100|[from] item: Leftovers
|upkeep
|turn|14
|
|t:|1648565081
|move|p2a: Zygarde|Substitute|p2a: Zygarde
|-start|p2a: Zygarde|Substitute
|-damage|p2a: Zygarde|4/100
|move|p1a: Yveltal|Knock Off|p2a: Zygarde
|-activate|p2a: Zygarde|move: Substitute|[damage]
|-damage|p1a: Yveltal|81/100 par|[from] item: Life Orb
|
|-heal|p2a: Zygarde|10/100|[from] item: Leftovers
|upkeep
|turn|15
|
|t:|1648565088
|move|p2a: Zygarde|Thousand Arrows|p1a: Yveltal
|-damage|p1a: Yveltal|41/100 par
|-start|p1a: Yveltal|Smack Down
|move|p1a: Yveltal|Oblivion Wing|p2a: Zygarde
|-end|p2a: Zygarde|Substitute
|-heal|p1a: Yveltal|41/100 par|[from] drain|[of] p2a: Zygarde
|-damage|p1a: Yveltal|32/100 par|[from] item: Life Orb
|
|-heal|p2a: Zygarde|17/100|[from] item: Leftovers
|upkeep
|turn|16
|
|t:|1648565100
|cant|p1a: Yveltal|par
|move|p2a: Zygarde|Thousand Arrows|p1a: Yveltal
|-damage|p1a: Yveltal|0 fnt
|faint|p1a: Yveltal
|
|-heal|p2a: Zygarde|23/100|[from] item: Leftovers
|upkeep
|
|t:|1648565109
|switch|p1a: Life Orb Attacker|Marshadow|100/100
|-activate|p1a: Life Orb Attacker|move: Sticky Web
|-unboost|p1a: Life Orb Attacker|spe|1
|turn|17
|
|t:|1648565117
|move|p1a: Life Orb Attacker|Shadow Sneak|p2a: Zygarde
|-damage|p2a: Zygarde|9/100
|-damage|p1a: Life Orb Attacker|91/100|[from] item: Life Orb
|move|p2a: Zygarde|Thousand Arrows|p1a: Life Orb Attacker
|-damage|p1a: Life Orb Attacker|34/100
|
|-heal|p2a: Zygarde|15/100|[from] item: Leftovers
|upkeep
|turn|18
|
|t:|1648565126
|move|p1a: Life Orb Attacker|Shadow Sneak|p2a: Zygarde
|-damage|p2a: Zygarde|1/100
|-damage|p1a: Life Orb Attacker|24/100|[from] item: Life Orb
|move|p2a: Zygarde|Thousand Arrows|p1a: Life Orb Attacker
|-damage|p1a: Life Orb Attacker|0 fnt
|faint|p1a: Life Orb Attacker
|
|-heal|p2a: Zygarde|7/100|[from] item: Leftovers
|upkeep
|
|t:|1648565135
|switch|p1a: Ho-Oh|Ho-Oh|100/100 par
|turn|19
|
|t:|1648565139
|move|p2a: Zygarde|Thousand Arrows|p1a: Ho-Oh
|-damage|p1a: Ho-Oh|50/100 par
|-start|p1a: Ho-Oh|Smack Down
|move|p1a: Ho-Oh|Earthquake|p2a: Zygarde
|-damage|p2a: Zygarde|0 fnt
|faint|p2a: Zygarde
|
|upkeep
|
|t:|1648565146
|switch|p2a: Calyrex|Calyrex-Shadow|100/100
|-ability|p2a: Calyrex|As One
|-ability|p2a: Calyrex|Unnerve
|turn|20
|
|t:|1648565155
|move|p2a: Calyrex|Nasty Plot|p2a: Calyrex
|-boost|p2a: Calyrex|spa|2
|cant|p1a: Ho-Oh|par
|
|upkeep
|turn|21
|
|t:|1648565160
|move|p2a: Calyrex|Astral Barrage|p1a: Ho-Oh
|-damage|p1a: Ho-Oh|0 fnt
|faint|p1a: Ho-Oh
|-ability|p2a: Calyrex|Grim Neigh|boost
|-boost|p2a: Calyrex|spa|1
|
|upkeep
|
|t:|1648565167
|switch|p1a: Necrozma|Necrozma-Dusk-Mane|100/100
|-activate|p1a: Necrozma|move: Sticky Web
|-unboost|p1a: Necrozma|spe|1
|turn|22
|
|t:|1648565173
|move|p2a: Calyrex|Astral Barrage|p1a: Necrozma
|-supereffective|p1a: Necrozma
|-damage|p1a: Necrozma|0 fnt
|faint|p1a: Necrozma
|-ability|p2a: Calyrex|Grim Neigh|boost
|-boost|p2a: Calyrex|spa|1
|
|upkeep
|-message|Kage UwU forfeited.
|
|win|MegaTygnonGucci
|raw|Kage UwU's rating: 1295 &rarr; <strong>1273</strong><br />(-22 for losing)
|raw|MegaTygnonGucci's rating: 1330 &rarr; <strong>1348</strong><br />(+18 for winning)
|l|☆Kage UwU
