|j|☆RamK811
|j|☆killer whale squa
|player|p1|RamK811|sailor|1525
|player|p2|killer whale squa|216|1425
|teamsize|p1|6
|teamsize|p2|6
|gametype|singles
|gen|8
|tier|[Gen 8] Ubers
|rated|
|clearpoke
|poke|p1|Charizard, M|
|poke|p1|Torkoal, F|
|poke|p1|Reshiram|
|poke|p1|Zacian-Crowned|
|poke|p1|Excadrill, F|
|poke|p1|Marshadow|
|poke|p2|Quagsire, F|
|poke|p2|Mandibuzz, F|
|poke|p2|Eternatus|
|poke|p2|Necrozma-Dusk-Mane|
|poke|p2|Marshadow|
|poke|p2|Darmanitan-Galar, M|
|rule|Sleep Clause Mod: Limit one foe put to sleep
|rule|Species Clause: Limit one of each Pokémon
|rule|OHKO Clause: OHKO moves are banned
|rule|Evasion Moves Clause: Evasion moves are banned
|rule|Endless Battle Clause: Forcing endless battles is banned
|rule|HP Percentage Mod: HP is shown in percentages
|teampreview
|j| AgressivEbolAidCOV
|l| AgressivEbolAidCOV
|inactive|Battle timer is ON: inactive players will automatically lose when time's up. (requested by RamK811)
|j| AgressivEbolAidCOV
|l| AgressivEbolAidCOV
|
|start
|switch|p1a: Excadrill|Excadrill, F|100/100
|switch|p2a: Darmanitan|Darmanitan-Galar, M|100/100
|-ability|p1a: Excadrill|Mold Breaker
|turn|1
|
|move|p2a: Darmanitan|U-turn|p1a: Excadrill
|-resisted|p1a: Excadrill
|-damage|p1a: Excadrill|68/100
|
|switch|p2a: Mandibuzz|Mandibuzz, F|100/100|[from]move: U-turn
|move|p1a: Excadrill|Stealth Rock|p2a: Mandibuzz
|-sidestart|p2: killer whale squa|move: Stealth Rock
|
|upkeep
|turn|2
|j| blackdarkness1
|l| blackdarkness1
|
|switch|p1a: Torkoal|Torkoal, F|100/100
|-weather|SunnyDay|[from] ability: Drought|[of] p1a: Torkoal
|move|p2a: Mandibuzz|Defog|p1a: Torkoal
|-unboost|p1a: Torkoal|evasion|1
|-sideend|p2: killer whale squa|Stealth Rock|[from] move: Defog|[of] p2a: Mandibuzz
|
|-weather|SunnyDay|[upkeep]
|upkeep
|turn|3
|j| AgressivEbolAidCOV
|
|move|p2a: Mandibuzz|U-turn|p1a: Torkoal
|-resisted|p1a: Torkoal
|-damage|p1a: Torkoal|96/100
|
|switch|p2a: Eternatus|Eternatus|100/100|[from]move: U-turn
|-ability|p2a: Eternatus|Pressure
|move|p1a: Torkoal|Lava Plume|p2a: Eternatus
|-resisted|p2a: Eternatus
|-damage|p2a: Eternatus|83/100
|
|-weather|SunnyDay|[upkeep]
|-heal|p2a: Eternatus|89/100|[from] item: Black Sludge
|upkeep
|turn|4
|
|switch|p1a: Zacian|Zacian-Crowned|100/100
|-ability|p1a: Zacian|Intrepid Sword|boost
|-boost|p1a: Zacian|atk|1
|move|p2a: Eternatus|Toxic|p1a: Zacian
|-immune|p1a: Zacian
|
|-weather|SunnyDay|[upkeep]
|-heal|p2a: Eternatus|96/100|[from] item: Black Sludge
|upkeep
|turn|5
|
|switch|p2a: Necrozma|Necrozma-Dusk-Mane|100/100
|move|p1a: Zacian|Solar Blade||[still]
|-prepare|p1a: Zacian|Solar Blade|p2a: Necrozma
|-anim|p1a: Zacian|Solar Blade|p2a: Necrozma
|-resisted|p2a: Necrozma
|-damage|p2a: Necrozma|78/100
|
|-weather|SunnyDay|[upkeep]
|upkeep
|turn|6
|
|switch|p1a: Charizard|Charizard, M, shiny|100/100
|move|p2a: Necrozma|Earthquake|p1a: Charizard
|-immune|p1a: Charizard
|
|-weather|SunnyDay|[upkeep]
|-damage|p1a: Charizard|88/100|[from] ability: Solar Power|[of] p1a: Charizard
|upkeep
|turn|7
|c| AgressivEbolAidCOV|gg
|inactive|killer whale squa has 120 seconds left.
|
|switch|p2a: Eternatus|Eternatus|96/100
|-ability|p2a: Eternatus|Pressure
|move|p1a: Charizard|Fire Blast|p2a: Eternatus
|-resisted|p2a: Eternatus
|-damage|p2a: Eternatus|54/100
|
|-weather|SunnyDay|[upkeep]
|-damage|p1a: Charizard|76/100|[from] ability: Solar Power|[of] p1a: Charizard
|-heal|p2a: Eternatus|60/100|[from] item: Black Sludge
|upkeep
|turn|8
|inactive|killer whale squa has 120 seconds left.
|c|☆RamK811|what?
|j| BeCrista02
|
|switch|p1a: Zacian|Zacian-Crowned|100/100
|-ability|p1a: Zacian|Intrepid Sword|boost
|-boost|p1a: Zacian|atk|1
|move|p2a: Eternatus|Recover|p2a: Eternatus
|-heal|p2a: Eternatus|100/100
|
|-weather|SunnyDay|[upkeep]
|upkeep
|turn|9
|inactive|killer whale squa has 120 seconds left.
|
|move|p1a: Zacian|Swords Dance|p1a: Zacian
|-boost|p1a: Zacian|atk|2
|move|p2a: Eternatus|Flamethrower|p1a: Zacian
|-supereffective|p1a: Zacian
|-damage|p1a: Zacian|15/100
|
|-weather|none
|upkeep
|turn|10
|
|switch|p2a: Quagsire|Quagsire, F|100/100
|move|p1a: Zacian|Behemoth Blade|p2a: Quagsire
|-resisted|p2a: Quagsire
|-damage|p2a: Quagsire|79/100
|
|upkeep
|turn|11
|
|switch|p1a: Torkoal|Torkoal, F|96/100
|-weather|SunnyDay|[from] ability: Drought|[of] p1a: Torkoal
|move|p2a: Quagsire|Recover|p2a: Quagsire
|-heal|p2a: Quagsire|100/100
|
|-weather|SunnyDay|[upkeep]
|upkeep
|turn|12
|
|switch|p2a: Eternatus|Eternatus|100/100
|-ability|p2a: Eternatus|Pressure
|move|p1a: Torkoal|Solar Beam||[still]
|-prepare|p1a: Torkoal|Solar Beam|p2a: Eternatus
|-anim|p1a: Torkoal|Solar Beam|p2a: Eternatus
|-resisted|p2a: Eternatus
|-damage|p2a: Eternatus|94/100
|
|-weather|SunnyDay|[upkeep]
|-heal|p2a: Eternatus|99/100|[from] item: Black Sludge
|upkeep
|turn|13
|l| BeCrista02
|
|switch|p1a: Reshiram|Reshiram|100/100
|-ability|p1a: Reshiram|Turboblaze
|move|p2a: Eternatus|Toxic|p1a: Reshiram
|-status|p1a: Reshiram|tox
|
|-weather|SunnyDay|[upkeep]
|-heal|p2a: Eternatus|100/100|[from] item: Black Sludge
|-damage|p1a: Reshiram|94/100 tox|[from] psn
|upkeep
|turn|14
|
|switch|p2a: Mandibuzz|Mandibuzz, F|100/100
|move|p1a: Reshiram|Blue Flare|p2a: Mandibuzz
|-damage|p2a: Mandibuzz|36/100
|
|-weather|SunnyDay|[upkeep]
|-damage|p1a: Reshiram|82/100 tox|[from] psn
|upkeep
|turn|15
|inactive|killer whale squa has 90 seconds left.
|
|move|p1a: Reshiram|Blue Flare|p2a: Mandibuzz
|-damage|p2a: Mandibuzz|0 fnt
|faint|p2a: Mandibuzz
|
|-weather|SunnyDay|[upkeep]
|-damage|p1a: Reshiram|64/100 tox|[from] psn
|upkeep
|
|switch|p2a: Eternatus|Eternatus|100/100
|-ability|p2a: Eternatus|Pressure
|turn|16
|c| AgressivEbolAidCOV|you struggle vs weather
|
|switch|p1a: Torkoal|Torkoal, F|96/100
|move|p2a: Eternatus|Dynamax Cannon|p1a: Torkoal
|-damage|p1a: Torkoal|38/100
|
|-weather|SunnyDay|[upkeep]
|upkeep
|turn|17
|c|☆RamK811|me?
|c|☆RamK811|or him
|c| AgressivEbolAidCOV|killer
|c| AgressivEbolAidCOV|he cant handle that
|
|switch|p1a: Zacian|Zacian-Crowned|15/100
|-ability|p1a: Zacian|Intrepid Sword|boost
|-boost|p1a: Zacian|atk|1
|move|p2a: Eternatus|Toxic|p1a: Zacian
|-immune|p1a: Zacian
|
|-weather|SunnyDay|[upkeep]
|upkeep
|turn|18
|inactive|killer whale squa has 90 seconds left.
|
|switch|p2a: Quagsire|Quagsire, F|100/100
|move|p1a: Zacian|Behemoth Blade|p2a: Quagsire
|-resisted|p2a: Quagsire
|-damage|p2a: Quagsire|79/100
|
|-weather|none
|upkeep
|turn|19
|
|switch|p1a: Torkoal|Torkoal, F|38/100
|-weather|SunnyDay|[from] ability: Drought|[of] p1a: Torkoal
|move|p2a: Quagsire|Scald|p1a: Torkoal
|-supereffective|p1a: Torkoal
|-damage|p1a: Torkoal|13/100
|
|-weather|SunnyDay|[upkeep]
|upkeep
|turn|20
|
|switch|p1a: Charizard|Charizard, M, shiny|76/100
|move|p2a: Quagsire|Scald|p1a: Charizard
|-supereffective|p1a: Charizard
|-damage|p1a: Charizard|51/100
|
|-weather|SunnyDay|[upkeep]
|-damage|p1a: Charizard|39/100|[from] ability: Solar Power|[of] p1a: Charizard
|upkeep
|turn|21
|
|switch|p2a: Eternatus|Eternatus|100/100
|-ability|p2a: Eternatus|Pressure
|-start|p1a: Charizard|Dynamax
|-formechange|p1a: Charizard|Charizard-Gmax
|-heal|p1a: Charizard|39/100|[silent]
|move|p1a: Charizard|Max Airstream|p2a: Eternatus
|-damage|p2a: Eternatus|34/100
|-boost|p1a: Charizard|spe|1
|
|-weather|SunnyDay|[upkeep]
|-damage|p1a: Charizard|33/100|[from] ability: Solar Power|[of] p1a: Charizard
|-heal|p2a: Eternatus|40/100|[from] item: Black Sludge
|upkeep
|turn|22
|inactive|killer whale squa has 90 seconds left.
|inactive|killer whale squa has 60 seconds left.
|
|switch|p2a: Quagsire|Quagsire, F|79/100
|move|p1a: Charizard|G-Max Wildfire|p2a: Quagsire
|-resisted|p2a: Quagsire
|-damage|p2a: Quagsire|0 fnt
|-sidestart|p2: killer whale squa|G-Max Wildfire
|faint|p2a: Quagsire
|
|-weather|SunnyDay|[upkeep]
|-damage|p1a: Charizard|26/100|[from] ability: Solar Power|[of] p1a: Charizard
|upkeep
|inactive|killer whale squa has 60 seconds left.
|
|switch|p2a: Marshadow|Marshadow|100/100
|turn|23
|c|☆RamK811|idk marshadow a pain tho
|
|move|p2a: Marshadow|Shadow Sneak|p1a: Charizard
|-damage|p1a: Charizard|0 fnt
|-damage|p2a: Marshadow|91/100|[from] item: Life Orb
|faint|p1a: Charizard
|
|-weather|SunnyDay|[upkeep]
|-damage|p2a: Marshadow|74/100|[from] G-Max Wildfire
|upkeep
|
|switch|p1a: Reshiram|Reshiram|64/100 tox
|-ability|p1a: Reshiram|Turboblaze
|turn|24
|inactive|killer whale squa has 60 seconds left.
|
|move|p1a: Reshiram|Flamethrower|p2a: Marshadow
|-damage|p2a: Marshadow|0 fnt
|faint|p2a: Marshadow
|
|-weather|SunnyDay|[upkeep]
|-damage|p1a: Reshiram|57/100 tox|[from] psn
|upkeep
|inactive|killer whale squa has 30 seconds left.
|
|switch|p2a: Eternatus|Eternatus|40/100
|-ability|p2a: Eternatus|Pressure
|turn|25
|
|switch|p1a: Excadrill|Excadrill, F|68/100
|-ability|p1a: Excadrill|Mold Breaker
|move|p2a: Eternatus|Recover|p2a: Eternatus
|-heal|p2a: Eternatus|90/100
|
|-weather|SunnyDay|[upkeep]
|-heal|p2a: Eternatus|97/100|[from] item: Black Sludge
|-damage|p2a: Eternatus|80/100|[from] G-Max Wildfire
|-sideend|p2: killer whale squa|G-Max Wildfire
|upkeep
|turn|26
|j| Fogbound Lake
|
|move|p2a: Eternatus|Flamethrower|p1a: Excadrill
|-supereffective|p1a: Excadrill
|-damage|p1a: Excadrill|0 fnt
|faint|p1a: Excadrill
|
|-weather|none
|-heal|p2a: Eternatus|86/100|[from] item: Black Sludge
|upkeep
|
|switch|p1a: Torkoal|Torkoal, F|13/100
|-weather|SunnyDay|[from] ability: Drought|[of] p1a: Torkoal
|turn|27
|
|move|p2a: Eternatus|Dynamax Cannon|p1a: Torkoal
|-damage|p1a: Torkoal|0 fnt
|faint|p1a: Torkoal
|
|-weather|SunnyDay|[upkeep]
|-heal|p2a: Eternatus|92/100|[from] item: Black Sludge
|upkeep
|
|switch|p1a: Reshiram|Reshiram|57/100 tox
|-ability|p1a: Reshiram|Turboblaze
|turn|28
|
|switch|p2a: Necrozma|Necrozma-Dusk-Mane|78/100
|move|p1a: Reshiram|Draco Meteor|p2a: Necrozma
|-resisted|p2a: Necrozma
|-damage|p2a: Necrozma|50/100
|-unboost|p1a: Reshiram|spa|2
|
|-weather|SunnyDay|[upkeep]
|-damage|p1a: Reshiram|51/100 tox|[from] psn
|upkeep
|turn|29
|inactive|killer whale squa has 60 seconds left.
|
|switch|p1a: Zacian|Zacian-Crowned|15/100
|-ability|p1a: Zacian|Intrepid Sword|boost
|-boost|p1a: Zacian|atk|1
|move|p2a: Necrozma|Morning Sun|p2a: Necrozma
|-heal|p2a: Necrozma|100/100
|
|-weather|SunnyDay|[upkeep]
|upkeep
|turn|30
|inactive|killer whale squa has 60 seconds left.
|
|move|p1a: Zacian|Close Combat|p2a: Necrozma
|-damage|p2a: Necrozma|57/100
|-unboost|p1a: Zacian|def|1
|-unboost|p1a: Zacian|spd|1
|move|p2a: Necrozma|Earthquake|p1a: Zacian
|-supereffective|p1a: Zacian
|-damage|p1a: Zacian|0 fnt
|faint|p1a: Zacian
|
|-weather|SunnyDay|[upkeep]
|upkeep
|
|switch|p1a: Reshiram|Reshiram|51/100 tox
|-ability|p1a: Reshiram|Turboblaze
|turn|31
|inactive|killer whale squa has 60 seconds left.
|
|move|p1a: Reshiram|Draco Meteor|p2a: Necrozma|[miss]
|-miss|p1a: Reshiram|p2a: Necrozma
|move|p2a: Necrozma|Earthquake|p1a: Reshiram
|-supereffective|p1a: Reshiram
|-damage|p1a: Reshiram|0 fnt
|faint|p1a: Reshiram
|
|-weather|SunnyDay|[upkeep]
|upkeep
|
|switch|p1a: Marshadow|Marshadow|100/100
|turn|32
|c| AgressivEbolAidCOV|bruh
|inactive|killer whale squa has 60 seconds left.
|c|☆RamK811|bruh
|c|☆RamK811|99% of players switch there
|c| AgressivEbolAidCOV|yh thats weird playing
|
|move|p1a: Marshadow|Spectral Thief|p2a: Necrozma
|-supereffective|p2a: Necrozma
|-damage|p2a: Necrozma|20/100
|-enditem|p2a: Necrozma|Weakness Policy
|-boost|p2a: Necrozma|atk|2|[from] item: Weakness Policy
|-boost|p2a: Necrozma|spa|2|[from] item: Weakness Policy
|move|p2a: Necrozma|Earthquake|p1a: Marshadow
|-damage|p1a: Marshadow|12/100
|
|-weather|SunnyDay|[upkeep]
|upkeep
|turn|33
|
|move|p1a: Marshadow|Spectral Thief||[still]
|-clearpositiveboost|p2a: Necrozma|p1a: Marshadow|move: Spectral Thief
|-boost|p1a: Marshadow|atk|2
|-boost|p1a: Marshadow|spa|2
|-anim|p1a: Marshadow|Spectral Thief|p2a: Necrozma
|-supereffective|p2a: Necrozma
|-damage|p2a: Necrozma|0 fnt
|faint|p2a: Necrozma
|
|-weather|SunnyDay|[upkeep]
|upkeep
|inactive|killer whale squa has 30 seconds left.
|
|switch|p2a: Eternatus|Eternatus|92/100
|-ability|p2a: Eternatus|Pressure
|turn|34
|inactive|killer whale squa has 30 seconds left.
|c|☆RamK811|idk I went for a play
|c|☆RamK811|gg
|
|move|p1a: Marshadow|Shadow Sneak|p2a: Eternatus
|-damage|p2a: Eternatus|60/100
|move|p2a: Eternatus|Dynamax Cannon|p1a: Marshadow
|-damage|p1a: Marshadow|0 fnt
|faint|p1a: Marshadow
|
|win|killer whale squa
|inactive|killer whale squa has 30 seconds left this turn.
|l|☆RamK811
|l| Fogbound Lake
|c|☆killer whale squa|gg
|l|☆killer whale squa
||Ladder (probably) updated, but score could not be retrieved (Response not received).
