|j|☆TogeBirlHQ
|j|☆Kamzz Test
|t:|1660427659
|gametype|singles
|player|p1|TogeBirlHQ|nate|1616
|player|p2|Kamzz Test|1|1515
|teamsize|p1|6
|teamsize|p2|6
|gen|8
|tier|[Gen 8] Ubers
|rated|
|rule|Sleep Clause Mod: Limit one foe put to sleep
|rule|Species Clause: Limit one of each Pokémon
|rule|OHKO Clause: OHKO moves are banned
|rule|Evasion Items Clause: Evasion items are banned
|rule|Evasion Moves Clause: Evasion moves are banned
|rule|Endless Battle Clause: Forcing endless battles is banned
|rule|HP Percentage Mod: HP is shown in percentages
|rule|Dynamax Clause: You cannot dynamax
|clearpoke
|poke|p1|Calyrex-Shadow|
|poke|p1|Urshifu-*, M|
|poke|p1|Ho-Oh|
|poke|p1|Yveltal|
|poke|p1|Eternatus|
|poke|p1|Necrozma-Dusk-Mane|
|poke|p2|Grimmsnarl, M|
|poke|p2|Marshadow|
|poke|p2|Necrozma-Dusk-Mane|
|poke|p2|Eternatus|
|poke|p2|Calyrex-Shadow|
|poke|p2|Yveltal|
|teampreview
|
|t:|1660427668
|start
|switch|p1a: Calyrex|Calyrex-Shadow|100/100
|switch|p2a: Yveltal|Yveltal|100/100
|-ability|p1a: Calyrex|As One
|-ability|p1a: Calyrex|Unnerve
|-ability|p2a: Yveltal|Dark Aura
|turn|1
|
|t:|1660427676
|switch|p1a: Eternatus|Eternatus|100/100
|-ability|p1a: Eternatus|Pressure
|move|p2a: Yveltal|Knock Off|p1a: Eternatus
|-damage|p1a: Eternatus|48/100
|-enditem|p1a: Eternatus|Haban Berry|[from] move: Knock Off|[of] p2a: Yveltal
|
|upkeep
|turn|2
|
|t:|1660427685
|switch|p2a: Necrozma|Necrozma-Dusk-Mane|100/100
|move|p1a: Eternatus|Toxic|p2a: Necrozma
|-immune|p2a: Necrozma
|
|upkeep
|turn|3
|
|t:|1660427692
|move|p1a: Eternatus|Recover|p1a: Eternatus
|-heal|p1a: Eternatus|98/100
|move|p2a: Necrozma|Stealth Rock|p1a: Eternatus
|-sidestart|p1: TogeBirlHQ|move: Stealth Rock
|
|upkeep
|turn|4
|
|t:|1660427699
|switch|p1a: Ho-Oh|Ho-Oh|100/100
|switch|p2a: Grimmsnarl|Grimmsnarl, M|100/100
|
|upkeep
|turn|5
|
|t:|1660427705
|move|p2a: Grimmsnarl|Taunt|p1a: Ho-Oh
|-start|p1a: Ho-Oh|move: Taunt
|move|p1a: Ho-Oh|Sacred Fire|p2a: Grimmsnarl
|-damage|p2a: Grimmsnarl|39/100
|
|upkeep
|turn|6
|
|t:|1660427711
|move|p2a: Grimmsnarl|Reflect|p2a: Grimmsnarl
|-sidestart|p2: Kamzz Test|Reflect
|move|p1a: Ho-Oh|Sacred Fire|p2a: Grimmsnarl
|-damage|p2a: Grimmsnarl|8/100
|-status|p2a: Grimmsnarl|brn
|
|-damage|p2a: Grimmsnarl|2/100 brn|[from] brn
|upkeep
|turn|7
|
|t:|1660427727
|switch|p1a: Eternatus|Eternatus|98/100
|-damage|p1a: Eternatus|86/100|[from] Stealth Rock
|-ability|p1a: Eternatus|Pressure
|move|p2a: Grimmsnarl|Light Screen|p2a: Grimmsnarl
|-sidestart|p2: Kamzz Test|move: Light Screen
|
|-damage|p2a: Grimmsnarl|0 fnt|[from] brn
|faint|p2a: Grimmsnarl
|upkeep
|
|t:|1660427736
|switch|p2a: Eternatus|Eternatus|100/100
|-ability|p2a: Eternatus|Pressure
|turn|8
|
|t:|1660427741
|switch|p1a: Necrozma|Necrozma-Dusk-Mane|100/100
|-damage|p1a: Necrozma|94/100|[from] Stealth Rock
|move|p2a: Eternatus|Meteor Beam||[still]
|-prepare|p2a: Eternatus|Meteor Beam
|-boost|p2a: Eternatus|spa|1
|-enditem|p2a: Eternatus|Power Herb
|-anim|p2a: Eternatus|Meteor Beam|p1a: Necrozma
|-resisted|p1a: Necrozma
|-damage|p1a: Necrozma|71/100
|
|-heal|p1a: Necrozma|77/100|[from] item: Leftovers
|upkeep
|turn|9
|
|t:|1660427752
|switch|p1a: Ho-Oh|Ho-Oh|100/100
|move|p2a: Eternatus|Flamethrower|p1a: Ho-Oh
|-resisted|p1a: Ho-Oh
|-damage|p1a: Ho-Oh|87/100
|
|upkeep
|turn|10
|
|t:|1660427761
|move|p2a: Eternatus|Meteor Beam||[still]
|-prepare|p2a: Eternatus|Meteor Beam
|-boost|p2a: Eternatus|spa|1
|move|p1a: Ho-Oh|Defog|p2a: Eternatus
|-unboost|p2a: Eternatus|evasion|1
|-sideend|p2: Kamzz Test|Reflect
|-sideend|p2: Kamzz Test|move: Light Screen
|-sideend|p1: TogeBirlHQ|Stealth Rock|[from] move: Defog|[of] p1a: Ho-Oh
|
|upkeep
|turn|11
|
|t:|1660427768
|switch|p1a: Necrozma|Necrozma-Dusk-Mane|77/100
|move|p2a: Eternatus|Meteor Beam|p1a: Necrozma|[from]lockedmove
|-resisted|p1a: Necrozma
|-damage|p1a: Necrozma|49/100
|
|-heal|p1a: Necrozma|56/100|[from] item: Leftovers
|upkeep
|turn|12
|
|t:|1660427777
|move|p2a: Eternatus|Flamethrower|p1a: Necrozma
|-supereffective|p1a: Necrozma
|-crit|p1a: Necrozma
|-damage|p1a: Necrozma|0 fnt
|faint|p1a: Necrozma
|
|upkeep
|
|t:|1660427781
|switch|p1a: Calyrex|Calyrex-Shadow|100/100
|-ability|p1a: Calyrex|As One
|-ability|p1a: Calyrex|Unnerve
|turn|13
|
|t:|1660427828
|move|p1a: Calyrex|Astral Barrage|p2a: Eternatus
|-damage|p2a: Eternatus|0 fnt
|faint|p2a: Eternatus
|-ability|p1a: Calyrex|Grim Neigh|boost
|-boost|p1a: Calyrex|spa|1
|
|upkeep
|
|t:|1660427837
|switch|p2a: Yveltal|Yveltal|100/100
|-ability|p2a: Yveltal|Dark Aura
|turn|14
|
|t:|1660427846
|switch|p1a: Eternatus|Eternatus|86/100
|-ability|p1a: Eternatus|Pressure
|move|p2a: Yveltal|U-turn|p1a: Eternatus
|-resisted|p1a: Eternatus
|-damage|p1a: Eternatus|77/100
|
|t:|1660427854
|switch|p2a: Calyrex|Calyrex-Shadow|100/100|[from]move: U-turn
|-ability|p2a: Calyrex|As One
|-ability|p2a: Calyrex|Unnerve
|
|upkeep
|turn|15
|
|t:|1660427860
|switch|p2a: Necrozma|Necrozma-Dusk-Mane|100/100
|switch|p1a: Yveltal|Yveltal|100/100
|-ability|p1a: Yveltal|Dark Aura
|
|upkeep
|turn|16
|
|t:|1660427869
|move|p1a: Yveltal|Foul Play|p2a: Necrozma
|-supereffective|p2a: Necrozma
|-damage|p2a: Necrozma|4/100
|move|p2a: Necrozma|Sunsteel Strike|p1a: Yveltal
|-damage|p1a: Yveltal|56/100
|
|-heal|p2a: Necrozma|11/100|[from] item: Leftovers
|upkeep
|turn|17
|
|t:|1660427878
|switch|p2a: Yveltal|Yveltal|100/100
|-ability|p2a: Yveltal|Dark Aura
|move|p1a: Yveltal|Foul Play|p2a: Yveltal
|-resisted|p2a: Yveltal
|-crit|p2a: Yveltal
|-damage|p2a: Yveltal|59/100
|
|upkeep
|turn|18
|
|t:|1660427886
|switch|p1a: Urshifu|Urshifu, M|100/100
|move|p2a: Yveltal|U-turn|p1a: Urshifu
|-damage|p1a: Urshifu|78/100
|
|t:|1660427891
|switch|p2a: Marshadow|Marshadow|100/100|[from]move: U-turn
|
|upkeep
|turn|19
|-message|Kamzz Test forfeited.
|
|win|TogeBirlHQ
|raw|TogeBirlHQ's rating: 1616 &rarr; <strong>1630</strong><br />(+14 for winning)
|raw|Kamzz Test's rating: 1515 &rarr; <strong>1501</strong><br />(-14 for losing)
|l|☆Kamzz Test
