|j|☆Royal1604
|j|☆Nael222
|t:|1650391660
|gametype|singles
|player|p1|Royal1604|#stt4toxicboys|
|player|p2|Nael222|102|
|teamsize|p1|6
|teamsize|p2|6
|gen|8
|tier|[Gen 8] Ubers
|rule|Sleep Clause Mod: Limit one foe put to sleep
|rule|Species Clause: Limit one of each Pokémon
|rule|OHKO Clause: OHKO moves are banned
|rule|Evasion Moves Clause: Evasion moves are banned
|rule|Endless Battle Clause: Forcing endless battles is banned
|rule|HP Percentage Mod: HP is shown in percentages
|rule|Dynamax Clause: You cannot dynamax
|clearpoke
|poke|p1|Skarmory, M|
|poke|p1|Blissey, F|
|poke|p1|Calyrex-Ice|
|poke|p1|Xerneas-*|
|poke|p1|Necrozma-Dusk-Mane|
|poke|p1|Yveltal|
|poke|p2|Kyogre|
|poke|p2|Eternatus|
|poke|p2|Yveltal|
|poke|p2|Necrozma-Dusk-Mane|
|poke|p2|Landorus-Therian, M|
|poke|p2|Marshadow|
|teampreview
|inactive|Battle timer is ON: inactive players will automatically lose when time's up. (requested by Royal1604)
|c|☆Royal1604|hf
|c|☆Nael222|hf
|j| Xeltal
|inactive|Royal1604 has 270 seconds left.
|inactive|Nael222 has 270 seconds left.
|j| poulay sacre
|j| Neco0s
|j| Mouscouteau
|j| Leroiluxrayps
|j| qlfpaz
|j| fraises des bo as
|j|+Akai
|j| Dark★Shionツ
|l| qlfpaz
|j| Sharow 水上
|j| Alzozo
|inactive|Nael222 has 240 seconds left.
|j| Darky~Samaa'
|j| oretliun
|l| Darky~Samaa'
|
|t:|1650391733
|start
|switch|p1a: Yveltal|Yveltal|100/100
|switch|p2a: Yveltal|Yveltal|100/100
|-ability|p2a: Yveltal|Dark Aura
|-ability|p1a: Yveltal|Dark Aura
|turn|1
|j| Sirwings
|j| Darky~Samaa'
|j| formido
|j| Dieu Amphibien
|l| Darky~Samaa'
|j| Lauriane
|j| Inder
|
|t:|1650391747
|move|p2a: Yveltal|U-turn|p1a: Yveltal
|-damage|p1a: Yveltal|81/100
|j| Astreau
|j| Alkione
|
|t:|1650391750
|switch|p2a: Eternatus|Eternatus|100/100|[from]move: U-turn
|-ability|p2a: Eternatus|Pressure
|move|p1a: Yveltal|Knock Off|p2a: Eternatus
|-damage|p2a: Eternatus|55/100
|-enditem|p2a: Eternatus|Heavy-Duty Boots|[from] move: Knock Off|[of] p1a: Yveltal
|
|upkeep
|turn|2
|j| Darky~Samaa'
|j| Lou_Crl
|c| Astreau|nael deux cent vingt deux
|
|t:|1650391754
|move|p2a: Eternatus|Recover|p2a: Eternatus
|-heal|p2a: Eternatus|100/100
|move|p1a: Yveltal|U-turn|p2a: Eternatus
|-resisted|p2a: Eternatus
|-damage|p2a: Eternatus|93/100
|j| Squash
|
|t:|1650391755
|switch|p1a: Blissey|Blissey, F|100/100|[from]move: U-turn
|
|upkeep
|turn|3
|j| BIHI
|j| Toadow
|c| Squash|allez royal
|l| Darky~Samaa'
|j| Darky~Samaa'
|j| Fekir
|inactive|Nael222 has 270 seconds left.
|
|t:|1650391786
|switch|p2a: Necrozma|Necrozma-Dusk-Mane|100/100
|move|p1a: Blissey|Stealth Rock|p2a: Necrozma
|-sidestart|p2: Nael222|move: Stealth Rock
|
|upkeep
|turn|4
|
|t:|1650391792
|switch|p1a: Skarmory|Skarmory, M|100/100
|move|p2a: Necrozma|Stealth Rock|p1a: Skarmory
|-sidestart|p1: Royal1604|move: Stealth Rock
|
|upkeep
|turn|5
|j| eldobeman
|
|t:|1650391798
|move|p2a: Necrozma|Knock Off|p1a: Skarmory
|-damage|p1a: Skarmory|80/100
|-damage|p2a: Necrozma|84/100|[from] item: Rocky Helmet|[of] p1a: Skarmory
|-enditem|p1a: Skarmory|Rocky Helmet|[from] move: Knock Off|[of] p2a: Necrozma
|move|p1a: Skarmory|Toxic|p2a: Necrozma
|-immune|p2a: Necrozma
|
|-heal|p2a: Necrozma|90/100|[from] item: Leftovers
|upkeep
|turn|6
|l| Inder
|l| oretliun
|
|t:|1650391822
|switch|p2a: Eternatus|Eternatus|93/100
|-damage|p2a: Eternatus|80/100|[from] Stealth Rock
|-ability|p2a: Eternatus|Pressure
|move|p1a: Skarmory|Spikes|p2a: Eternatus
|-sidestart|p2: Nael222|Spikes
|
|upkeep
|turn|7
|j| SchizoLab
|l| Darky~Samaa'
|j| Inder
|inactive|Nael222 has 270 seconds left.
|l| Squash
|
|t:|1650391845
|switch|p2a: Landorus|Landorus-Therian, M|100/100
|-damage|p2a: Landorus|88/100|[from] Stealth Rock
|-ability|p2a: Landorus|Intimidate|boost
|-unboost|p1a: Skarmory|atk|1
|switch|p1a: Blissey|Blissey, F|100/100
|-damage|p1a: Blissey|88/100|[from] Stealth Rock
|
|-heal|p2a: Landorus|94/100|[from] item: Leftovers
|upkeep
|turn|8
|j| Kridane
|
|t:|1650391850
|switch|p1a: Skarmory|Skarmory, M|80/100
|-damage|p1a: Skarmory|68/100|[from] Stealth Rock
|move|p2a: Landorus|Defog|p1a: Skarmory
|-unboost|p1a: Skarmory|evasion|1
|-sideend|p1: Royal1604|Stealth Rock|[from] move: Defog|[of] p2a: Landorus
|-sideend|p2: Nael222|Spikes|[from] move: Defog|[of] p2a: Landorus
|-sideend|p2: Nael222|Stealth Rock|[from] move: Defog|[of] p2a: Landorus
|
|-heal|p2a: Landorus|99/100|[from] item: Leftovers
|upkeep
|turn|9
|
|t:|1650391855
|move|p2a: Landorus|U-turn|p1a: Skarmory
|-resisted|p1a: Skarmory
|-damage|p1a: Skarmory|64/100
|j| congelateur-sama
|l| SchizoLab
|j| Darky~Samaa'
|c| Inder|Nael ff
|c| Inder|tu passes pas
|c| Inder|mdrrrr
|j| SchizoLab
|c|☆Nael222|csc
|inactive|Nael222 has 270 seconds left.
|j| Calcias
|
|t:|1650391888
|switch|p2a: Eternatus|Eternatus|80/100|[from]move: U-turn
|-ability|p2a: Eternatus|Pressure
|move|p1a: Skarmory|Roost|p1a: Skarmory
|-heal|p1a: Skarmory|100/100
|-singleturn|p1a: Skarmory|move: Roost
|
|upkeep
|turn|10
|c| Inder|comment ça csc
|j| Mimilucha
|c| Neco0s|Dis rien et observe, inder.
|l| Darky~Samaa'
|c| Mouscouteau|dis surtout rien !!
|inactive|Nael222 has 240 seconds left.
|c| Neco0s|Ça n'en sera que plus savoureux.
|c| Astreau|oui tais toi xd
|c| Astreau|tsais lmec méchant
|
|t:|1650391928
|switch|p2a: Yveltal|Yveltal|100/100
|-ability|p2a: Yveltal|Dark Aura
|switch|p1a: Blissey|Blissey, F|88/100
|
|upkeep
|turn|11
|j| Darky~Samaa'
|j| Micciu20250
|
|t:|1650391942
|switch|p1a: Skarmory|Skarmory, M|100/100
|move|p2a: Yveltal|U-turn|p1a: Skarmory
|-resisted|p1a: Skarmory
|-damage|p1a: Skarmory|98/100
|c| Inder|Le monde est vraiment méchant c abuse
|
|t:|1650391947
|switch|p2a: Kyogre|Kyogre|100/100|[from]move: U-turn
|-weather|RainDance|[from] ability: Drizzle|[of] p2a: Kyogre
|
|-weather|RainDance|[upkeep]
|upkeep
|turn|12
|inactive|Nael222 has 240 seconds left.
|
|t:|1650391965
|switch|p2a: Yveltal|Yveltal|100/100
|-ability|p2a: Yveltal|Dark Aura
|switch|p1a: Blissey|Blissey, F|88/100
|
|-weather|RainDance|[upkeep]
|upkeep
|turn|13
|
|t:|1650391968
|switch|p1a: Skarmory|Skarmory, M|98/100
|move|p2a: Yveltal|Knock Off|p1a: Skarmory
|-damage|p1a: Skarmory|76/100
|
|-weather|RainDance|[upkeep]
|upkeep
|turn|14
|l| Darky~Samaa'
|c| Neco0s|La vie n'est qu'une aw.
|
|t:|1650391972
|move|p2a: Yveltal|Taunt|p1a: Skarmory
|-start|p1a: Skarmory|move: Taunt
|cant|p1a: Skarmory|move: Taunt|Roost
|
|-weather|RainDance|[upkeep]
|upkeep
|turn|15
|j| Darky~Samaa'
|l| Inder
|
|t:|1650391987
|switch|p1a: Yveltal|Yveltal|81/100
|-ability|p1a: Yveltal|Dark Aura
|move|p2a: Yveltal|U-turn|p1a: Yveltal
|-damage|p1a: Yveltal|63/100
|l| Darky~Samaa'
|j| Darky~Samaa'
|l| Darky~Samaa'
|inactive|Nael222 has 240 seconds left.
|l| Lou_Crl
|
|t:|1650392033
|switch|p2a: Marshadow|Marshadow|100/100|[from]move: U-turn
|
|-weather|none
|upkeep
|turn|16
|inactive|Nael222 has 210 seconds left.
|
|t:|1650392060
|switch|p1a: Xerneas|Xerneas|100/100
|-ability|p1a: Xerneas|Fairy Aura
|-item|p1a: Xerneas|Air Balloon
|move|p2a: Marshadow|Close Combat|p1a: Xerneas
|-resisted|p1a: Xerneas
|-damage|p1a: Xerneas|77/100
|-unboost|p2a: Marshadow|def|1
|-unboost|p2a: Marshadow|spd|1
|-enditem|p1a: Xerneas|Air Balloon
|-damage|p2a: Marshadow|91/100|[from] item: Life Orb
|
|upkeep
|turn|17
|inactive|Nael222 has 210 seconds left.
|
|t:|1650392072
|switch|p2a: Necrozma|Necrozma-Dusk-Mane|90/100
|switch|p1a: Yveltal|Yveltal|63/100
|-ability|p1a: Yveltal|Dark Aura
|
|-heal|p2a: Necrozma|96/100|[from] item: Leftovers
|upkeep
|turn|18
|j| Givrix
|inactive|Nael222 has 210 seconds left.
|l| SchizoLab
|
|t:|1650392084
|switch|p2a: Eternatus|Eternatus|80/100
|-ability|p2a: Eternatus|Pressure
|move|p1a: Yveltal|Roost|p1a: Yveltal
|-heal|p1a: Yveltal|100/100
|-singleturn|p1a: Yveltal|move: Roost
|
|upkeep
|turn|19
|
|t:|1650392087
|switch|p1a: Blissey|Blissey, F|88/100
|move|p2a: Eternatus|Sludge Bomb|p1a: Blissey
|-damage|p1a: Blissey|75/100
|
|upkeep
|turn|20
|inactive|Nael222 has 210 seconds left.
|
|t:|1650392110
|switch|p2a: Yveltal|Yveltal|100/100
|-ability|p2a: Yveltal|Dark Aura
|move|p1a: Blissey|Stealth Rock|p2a: Yveltal
|-sidestart|p2: Nael222|move: Stealth Rock
|
|upkeep
|turn|21
|
|t:|1650392119
|switch|p1a: Xerneas|Xerneas|77/100
|-ability|p1a: Xerneas|Fairy Aura
|move|p2a: Yveltal|Knock Off|p1a: Xerneas
|-resisted|p1a: Xerneas
|-damage|p1a: Xerneas|65/100
|
|upkeep
|turn|22
|
|t:|1650392123
|move|p2a: Yveltal|U-turn|p1a: Xerneas
|-resisted|p1a: Xerneas
|-damage|p1a: Xerneas|60/100
|
|t:|1650392126
|switch|p2a: Necrozma|Necrozma-Dusk-Mane|96/100|[from]move: U-turn
|-damage|p2a: Necrozma|90/100|[from] Stealth Rock
|move|p1a: Xerneas|Moonblast|p2a: Necrozma
|-resisted|p2a: Necrozma
|-damage|p2a: Necrozma|72/100
|-unboost|p2a: Necrozma|spa|1
|
|-heal|p2a: Necrozma|78/100|[from] item: Leftovers
|upkeep
|turn|23
|j| SGKI
|j| Squash
|j| Heika
|l| Heika
|inactive|Nael222 has 210 seconds left.
|j| msnt
|c| SGKI|lgi royal
|j| Ksrz
|
|t:|1650392167
|switch|p2a: Yveltal|Yveltal|100/100
|-ability|p2a: Yveltal|Dark Aura
|move|p1a: Xerneas|Rest|p1a: Xerneas
|-status|p1a: Xerneas|slp|[from] move: Rest
|-heal|p1a: Xerneas|100/100 slp|[silent]
|
|upkeep
|turn|24
|
|t:|1650392172
|move|p2a: Yveltal|U-turn|p1a: Xerneas
|-resisted|p1a: Xerneas
|-damage|p1a: Xerneas|95/100 slp
|
|t:|1650392175
|switch|p2a: Necrozma|Necrozma-Dusk-Mane|78/100|[from]move: U-turn
|-damage|p2a: Necrozma|72/100|[from] Stealth Rock
|cant|p1a: Xerneas|slp
|move|p1a: Xerneas|Sleep Talk|p1a: Xerneas
|move|p1a: Xerneas|Moonblast|p2a: Necrozma|[from]move: Sleep Talk
|-resisted|p2a: Necrozma
|-crit|p2a: Necrozma
|-damage|p2a: Necrozma|49/100
|
|-heal|p2a: Necrozma|55/100|[from] item: Leftovers
|upkeep
|turn|25
|j| Inder
|
|t:|1650392180
|switch|p1a: Yveltal|Yveltal|100/100
|-ability|p1a: Yveltal|Dark Aura
|move|p2a: Necrozma|Morning Sun|p2a: Necrozma
|-heal|p2a: Necrozma|100/100
|
|upkeep
|turn|26
|j| wertsd26
|l| Inder
|l| Squash
|j| Masskeauuu
|j| FPace
|j| Inder
|l|fpace
|inactive|Nael222 has 210 seconds left.
|l| Inder
|l| wertsd26
|l| formido
|inactive|Nael222 has 180 seconds left.
|j| Squash
|
|t:|1650392252
|switch|p2a: Eternatus|Eternatus|80/100
|-damage|p2a: Eternatus|68/100|[from] Stealth Rock
|-ability|p2a: Eternatus|Pressure
|move|p1a: Yveltal|Knock Off|p2a: Eternatus
|-damage|p2a: Eternatus|39/100
|
|upkeep
|turn|27
|j| Inder
|
|t:|1650392256
|move|p2a: Eternatus|Recover|p2a: Eternatus
|-heal|p2a: Eternatus|89/100
|move|p1a: Yveltal|U-turn|p2a: Eternatus
|-resisted|p2a: Eternatus
|-damage|p2a: Eternatus|82/100
|
|t:|1650392258
|switch|p1a: Calyrex|Calyrex-Ice|100/100|[from]move: U-turn
|-ability|p1a: Calyrex|As One
|-ability|p1a: Calyrex|Unnerve
|
|upkeep
|turn|28
|inactive|Nael222 has 180 seconds left.
|l| Inder
|
|t:|1650392265
|switch|p2a: Necrozma|Necrozma-Dusk-Mane|100/100
|-damage|p2a: Necrozma|94/100|[from] Stealth Rock
|move|p1a: Calyrex|Substitute|p1a: Calyrex
|-start|p1a: Calyrex|Substitute
|-damage|p1a: Calyrex|76/100
|
|-heal|p1a: Calyrex|82/100|[from] item: Leftovers
|-heal|p2a: Necrozma|100/100|[from] item: Leftovers
|upkeep
|turn|29
|j| Inder
|inactive|Nael222 has 180 seconds left.
|l| Inder
|j| Degrestrider
|
|t:|1650392286
|move|p1a: Calyrex|Iron Defense|p1a: Calyrex
|-boost|p1a: Calyrex|def|2
|move|p2a: Necrozma|Knock Off|p1a: Calyrex
|-supereffective|p1a: Calyrex
|-activate|p1a: Calyrex|move: Substitute|[damage]
|
|-heal|p1a: Calyrex|88/100|[from] item: Leftovers
|upkeep
|turn|30
|j| Hoshibi
|
|t:|1650392298
|move|p1a: Calyrex|Iron Defense|p1a: Calyrex
|-boost|p1a: Calyrex|def|2
|move|p2a: Necrozma|Sunsteel Strike|p1a: Calyrex
|-supereffective|p1a: Calyrex
|-end|p1a: Calyrex|Substitute
|
|-heal|p1a: Calyrex|94/100|[from] item: Leftovers
|upkeep
|turn|31
|j| wertsd26
|c| Hoshibi|GO ROYAL
|
|t:|1650392305
|switch|p2a: Marshadow|Marshadow|91/100
|-damage|p2a: Marshadow|84/100|[from] Stealth Rock
|move|p1a: Calyrex|Glacial Lance|p2a: Marshadow
|-damage|p2a: Marshadow|0 fnt
|faint|p2a: Marshadow
|-ability|p1a: Calyrex|Chilling Neigh|boost
|-boost|p1a: Calyrex|atk|1
|
|-heal|p1a: Calyrex|99/100|[from] item: Leftovers
|upkeep
|c| Hoshibi|OWO
|j| Carmin
|c| Squash|euh
|c| Squash|-livre ?
|inactive|Nael222 has 180 seconds left.
|c| Neco0s|-outplay
|c| Carmin|nul le ubers
|
|t:|1650392326
|switch|p2a: Kyogre|Kyogre|100/100
|-damage|p2a: Kyogre|88/100|[from] Stealth Rock
|-weather|RainDance|[from] ability: Drizzle|[of] p2a: Kyogre
|turn|32
|j| Daruma
|l| wertsd26
|
|t:|1650392332
|switch|p1a: Blissey|Blissey, F|75/100
|move|p2a: Kyogre|Surf|p1a: Blissey
|-damage|p1a: Blissey|60/100
|
|-weather|RainDance|[upkeep]
|-heal|p2a: Kyogre|94/100|[from] item: Leftovers
|upkeep
|turn|33
|inactive|Nael222 has 180 seconds left.
|
|t:|1650392338
|move|p2a: Kyogre|Thunder Wave|p1a: Blissey
|-status|p1a: Blissey|par
|move|p1a: Blissey|Soft-Boiled|p1a: Blissey
|-heal|p1a: Blissey|100/100 par
|
|-weather|RainDance|[upkeep]
|-heal|p2a: Kyogre|100/100|[from] item: Leftovers
|upkeep
|turn|34
|
|t:|1650392345
|move|p2a: Kyogre|Substitute|p2a: Kyogre
|-start|p2a: Kyogre|Substitute
|-damage|p2a: Kyogre|75/100
|cant|p1a: Blissey|par
|
|-weather|RainDance|[upkeep]
|-heal|p2a: Kyogre|82/100|[from] item: Leftovers
|upkeep
|turn|35
|
|t:|1650392350
|move|p2a: Kyogre|Calm Mind|p2a: Kyogre
|-boost|p2a: Kyogre|spa|1
|-boost|p2a: Kyogre|spd|1
|cant|p1a: Blissey|par
|
|-weather|RainDance|[upkeep]
|-heal|p2a: Kyogre|88/100|[from] item: Leftovers
|upkeep
|turn|36
|
|t:|1650392357
|move|p2a: Kyogre|Surf|p1a: Blissey
|-damage|p1a: Blissey|81/100 par
|cant|p1a: Blissey|par
|
|-weather|none
|-heal|p2a: Kyogre|94/100|[from] item: Leftovers
|upkeep
|turn|37
|
|t:|1650392362
|move|p2a: Kyogre|Calm Mind|p2a: Kyogre
|-boost|p2a: Kyogre|spa|1
|-boost|p2a: Kyogre|spd|1
|move|p1a: Blissey|Confide|p2a: Kyogre
|-unboost|p2a: Kyogre|spa|1
|
|-heal|p2a: Kyogre|99/100|[from] item: Leftovers
|upkeep
|turn|38
|j| SiTuM.
|j| wertsd26
|j| HaxxSel♔
|
|t:|1650392370
|move|p2a: Kyogre|Calm Mind|p2a: Kyogre
|-boost|p2a: Kyogre|spa|1
|-boost|p2a: Kyogre|spd|1
|move|p1a: Blissey|Confide|p2a: Kyogre
|-unboost|p2a: Kyogre|spa|1
|
|-heal|p2a: Kyogre|100/100|[from] item: Leftovers
|upkeep
|turn|39
|l| Squash
|
|t:|1650392374
|move|p2a: Kyogre|Calm Mind|p2a: Kyogre
|-boost|p2a: Kyogre|spa|1
|-boost|p2a: Kyogre|spd|1
|move|p1a: Blissey|Confide|p2a: Kyogre
|-unboost|p2a: Kyogre|spa|1
|
|upkeep
|turn|40
|
|t:|1650392379
|move|p2a: Kyogre|Calm Mind|p2a: Kyogre
|-boost|p2a: Kyogre|spa|1
|-boost|p2a: Kyogre|spd|1
|move|p1a: Blissey|Confide|p2a: Kyogre
|-unboost|p2a: Kyogre|spa|1
|
|upkeep
|turn|41
|j| SchizoLab
|
|t:|1650392385
|move|p2a: Kyogre|Calm Mind|p2a: Kyogre
|-boost|p2a: Kyogre|spa|1
|-boost|p2a: Kyogre|spd|1
|move|p1a: Blissey|Confide|p2a: Kyogre
|-unboost|p2a: Kyogre|spa|1
|
|upkeep
|turn|42
|j| Squash
|
|t:|1650392390
|move|p2a: Kyogre|Calm Mind|p2a: Kyogre
|-boost|p2a: Kyogre|spa|1
|-boost|p2a: Kyogre|spd|0
|move|p1a: Blissey|Confide|p2a: Kyogre
|-unboost|p2a: Kyogre|spa|1
|
|upkeep
|turn|43
|inactive|Nael222 has 240 seconds left.
|
|t:|1650392395
|move|p2a: Kyogre|Calm Mind|p2a: Kyogre
|-boost|p2a: Kyogre|spa|1
|-boost|p2a: Kyogre|spd|0
|move|p1a: Blissey|Confide|p2a: Kyogre
|-unboost|p2a: Kyogre|spa|1
|
|upkeep
|turn|44
|
|t:|1650392400
|move|p2a: Kyogre|Calm Mind|p2a: Kyogre
|-boost|p2a: Kyogre|spa|1
|-boost|p2a: Kyogre|spd|0
|move|p1a: Blissey|Confide|p2a: Kyogre
|-unboost|p2a: Kyogre|spa|1
|
|upkeep
|turn|45
|
|t:|1650392405
|move|p2a: Kyogre|Calm Mind|p2a: Kyogre
|-boost|p2a: Kyogre|spa|1
|-boost|p2a: Kyogre|spd|0
|move|p1a: Blissey|Confide|p2a: Kyogre
|-unboost|p2a: Kyogre|spa|1
|
|upkeep
|turn|46
|
|t:|1650392410
|move|p2a: Kyogre|Calm Mind|p2a: Kyogre
|-boost|p2a: Kyogre|spa|1
|-boost|p2a: Kyogre|spd|0
|cant|p1a: Blissey|par
|
|upkeep
|turn|47
|
|t:|1650392415
|move|p2a: Kyogre|Calm Mind|p2a: Kyogre
|-boost|p2a: Kyogre|spa|1
|-boost|p2a: Kyogre|spd|0
|cant|p1a: Blissey|par
|
|upkeep
|turn|48
|
|t:|1650392421
|move|p2a: Kyogre|Calm Mind|p2a: Kyogre
|-boost|p2a: Kyogre|spa|1
|-boost|p2a: Kyogre|spd|0
|move|p1a: Blissey|Confide|p2a: Kyogre
|-unboost|p2a: Kyogre|spa|1
|
|upkeep
|turn|49
|j| Inder
|j| Chose Truc ◇
|inactive|Nael222 has 270 seconds left.
|j|+Brumirage
|j| Shafofficiel
|l| SGKI
|
|t:|1650392460
|move|p2a: Kyogre|Calm Mind|p2a: Kyogre
|-boost|p2a: Kyogre|spa|1
|-boost|p2a: Kyogre|spd|0
|move|p1a: Blissey|Confide|p2a: Kyogre
|-unboost|p2a: Kyogre|spa|1
|
|upkeep
|turn|50
|l| Inder
|
|t:|1650392467
|move|p2a: Kyogre|Calm Mind|p2a: Kyogre
|-boost|p2a: Kyogre|spa|1
|-boost|p2a: Kyogre|spd|0
|move|p1a: Blissey|Confide|p2a: Kyogre
|-unboost|p2a: Kyogre|spa|1
|
|upkeep
|turn|51
|j| Inder
|inactive|Nael222 has 240 seconds left.
|
|t:|1650392494
|move|p2a: Kyogre|Calm Mind|p2a: Kyogre
|-boost|p2a: Kyogre|spa|1
|-boost|p2a: Kyogre|spd|0
|move|p1a: Blissey|Confide|p2a: Kyogre
|-unboost|p2a: Kyogre|spa|1
|
|upkeep
|turn|52
|l| Inder
|
|t:|1650392499
|move|p2a: Kyogre|Calm Mind|p2a: Kyogre
|-boost|p2a: Kyogre|spa|1
|-boost|p2a: Kyogre|spd|0
|move|p1a: Blissey|Confide|p2a: Kyogre
|-unboost|p2a: Kyogre|spa|1
|
|upkeep
|turn|53
|
|t:|1650392504
|move|p2a: Kyogre|Calm Mind|p2a: Kyogre
|-boost|p2a: Kyogre|spa|1
|-boost|p2a: Kyogre|spd|0
|move|p1a: Blissey|Confide|p2a: Kyogre
|-unboost|p2a: Kyogre|spa|1
|
|upkeep
|turn|54
|
|t:|1650392509
|move|p2a: Kyogre|Calm Mind|p2a: Kyogre
|-boost|p2a: Kyogre|spa|1
|-boost|p2a: Kyogre|spd|0
|move|p1a: Blissey|Confide|p2a: Kyogre
|-unboost|p2a: Kyogre|spa|1
|
|upkeep
|turn|55
|
|t:|1650392514
|move|p2a: Kyogre|Calm Mind|p2a: Kyogre
|-boost|p2a: Kyogre|spa|1
|-boost|p2a: Kyogre|spd|0
|cant|p1a: Blissey|par
|
|upkeep
|turn|56
|inactive|Nael222 has 270 seconds left.
|j| Tnx_Zenter
|l| Fekir
|
|t:|1650392525
|move|p2a: Kyogre|Calm Mind|p2a: Kyogre
|-boost|p2a: Kyogre|spa|1
|-boost|p2a: Kyogre|spd|0
|move|p1a: Blissey|Confide|p2a: Kyogre
|-unboost|p2a: Kyogre|spa|1
|
|upkeep
|turn|57
|j| Inder
|
|t:|1650392530
|move|p2a: Kyogre|Calm Mind|p2a: Kyogre
|-boost|p2a: Kyogre|spa|1
|-boost|p2a: Kyogre|spd|0
|cant|p1a: Blissey|par
|
|upkeep
|turn|58
|l| Inder
|inactive|Nael222 has 270 seconds left.
|l| Daruma
|j| SGKI
|
|t:|1650392549
|move|p2a: Kyogre|Calm Mind|p2a: Kyogre
|-boost|p2a: Kyogre|spa|1
|-boost|p2a: Kyogre|spd|0
|move|p1a: Blissey|Soft-Boiled|p1a: Blissey
|-heal|p1a: Blissey|100/100 par
|
|upkeep
|turn|59
|j| Inder
|j| Daruma
|
|t:|1650392555
|move|p2a: Kyogre|Surf|p1a: Blissey
|-damage|p1a: Blissey|45/100 par
|cant|p1a: Blissey|par
|
|upkeep
|turn|60
|l| SGKI
|j| DLTCT gataen42
|l| eldobeman
|
|t:|1650392567
|move|p2a: Kyogre|Surf|p1a: Blissey
|-damage|p1a: Blissey|0 fnt
|faint|p1a: Blissey
|
|upkeep
|c| Inder|Il a defonce
|
|t:|1650392570
|switch|p1a: Yveltal|Yveltal|100/100
|-ability|p1a: Yveltal|Dark Aura
|turn|61
|j| SGKI
|j| Infini ephemere
|l| Inder
|l| SGKI
|j| Inder
|inactive|Nael222 has 270 seconds left.
|
|t:|1650392599
|move|p1a: Yveltal|U-turn|p2a: Kyogre
|-activate|p2a: Kyogre|move: Substitute|[damage]
|
|t:|1650392603
|switch|p1a: Skarmory|Skarmory, M|76/100|[from]move: U-turn
|move|p2a: Kyogre|Surf|p1a: Skarmory
|-damage|p1a: Skarmory|0 fnt
|faint|p1a: Skarmory
|
|upkeep
|
|t:|1650392604
|switch|p1a: Yveltal|Yveltal|100/100
|-ability|p1a: Yveltal|Dark Aura
|turn|62
|
|t:|1650392608
|move|p1a: Yveltal|Knock Off|p2a: Kyogre
|-end|p2a: Kyogre|Substitute
|move|p2a: Kyogre|Substitute|p2a: Kyogre
|-start|p2a: Kyogre|Substitute
|-damage|p2a: Kyogre|75/100
|
|-heal|p2a: Kyogre|82/100|[from] item: Leftovers
|upkeep
|turn|63
|
|t:|1650392611
|move|p1a: Yveltal|Knock Off|p2a: Kyogre
|-end|p2a: Kyogre|Substitute
|move|p2a: Kyogre|Surf|p1a: Yveltal
|-damage|p1a: Yveltal|0 fnt
|faint|p1a: Yveltal
|
|-heal|p2a: Kyogre|88/100|[from] item: Leftovers
|upkeep
|
|t:|1650392613
|switch|p1a: Calyrex|Calyrex-Ice|99/100
|-ability|p1a: Calyrex|As One
|-ability|p1a: Calyrex|Unnerve
|turn|64
|
|t:|1650392619
|move|p2a: Kyogre|Surf|p1a: Calyrex
|-damage|p1a: Calyrex|0 fnt
|faint|p1a: Calyrex
|
|-heal|p2a: Kyogre|94/100|[from] item: Leftovers
|upkeep
|
|t:|1650392622
|switch|p1a: Necrozma|Necrozma-Dusk-Mane|100/100
|turn|65
|j| SGKI
|c| Sharow 水上|la chatte
|l| Inder
|c| Mouscouteau|moui la chatte moui
|j| Inder
|
|t:|1650392640
|move|p2a: Kyogre|Surf|p1a: Necrozma
|-damage|p1a: Necrozma|0 fnt
|faint|p1a: Necrozma
|
|-heal|p2a: Kyogre|99/100|[from] item: Leftovers
|upkeep
|
|t:|1650392643
|switch|p1a: Xerneas|Xerneas|95/100 slp
|-ability|p1a: Xerneas|Fairy Aura
|turn|66
|c| Sharow 水上|après fallait sac
|c| Carmin|quelle chatte ?
|c| Carmin|ratio oui
|
|t:|1650392648
|move|p2a: Kyogre|Surf|p1a: Xerneas
|-damage|p1a: Xerneas|0 fnt
|faint|p1a: Xerneas
|
|win|Nael222
|c| Infini ephemere|ez
|c|☆Royal1604|gg
|c|☆Nael222|gg
|l|☆Royal1604
|l| Degrestrider
|l| Sharow 水上
|l| Carmin
|l| Daruma
|l|+Brumirage
|l| SGKI
