|j|☆Goose Cooker
|j|☆Os4ke
|t:|1611261074
|player|p1|Goose Cooker|reporter|
|player|p2|Os4ke|101|
|teamsize|p1|6
|teamsize|p2|6
|gametype|singles
|gen|8
|tier|[Gen 8] Ubers
|clearpoke
|poke|p1|Groudon|
|poke|p1|Zekrom|
|poke|p1|Necrozma-Dusk-Mane|
|poke|p1|Xerneas|
|poke|p1|Eternatus|
|poke|p1|Yveltal|
|poke|p2|Shuckle, F|
|poke|p2|Zacian|
|poke|p2|Regieleki|
|poke|p2|Yveltal|
|poke|p2|Kyogre|
|poke|p2|Calyrex-Shadow|
|rule|Sleep Clause Mod: Limit one foe put to sleep
|rule|Species Clause: Limit one of each Pokémon
|rule|OHKO Clause: OHKO moves are banned
|rule|Evasion Moves Clause: Evasion moves are banned
|rule|Endless Battle Clause: Forcing endless battles is banned
|rule|HP Percentage Mod: HP is shown in percentages
|rule|Dynamax Clause: You cannot dynamax
|teampreview
|inactive|Battle timer is ON: inactive players will automatically lose when time's up. (requested by Os4ke)
|c|☆Os4ke|hf !
|c|☆Goose Cooker|hf
|inactive|Goose Cooker has 270 seconds left.
|
|t:|1611261113
|start
|switch|p1a: Necrozma|Necrozma-Dusk-Mane|100/100
|switch|p2a: Shuckle|Shuckle, F|100/100
|turn|1
|
|t:|1611261120
|move|p1a: Necrozma|Sunsteel Strike|p2a: Shuckle
|-supereffective|p2a: Shuckle
|-damage|p2a: Shuckle|23/100
|-enditem|p2a: Shuckle|Red Card|[of] p1a: Necrozma
|drag|p1a: Yveltal|Yveltal|100/100
|-ability|p1a: Yveltal|Dark Aura
|move|p2a: Shuckle|Sticky Web|p1a: Yveltal
|-sidestart|p1: Goose Cooker|move: Sticky Web
|
|upkeep
|turn|2
|
|t:|1611261128
|move|p1a: Yveltal|Knock Off|p2a: Shuckle
|-damage|p2a: Shuckle|0 fnt
|faint|p2a: Shuckle
|
|upkeep
|
|t:|1611261136
|switch|p2a: Zacian|Zacian|100/100
|-ability|p2a: Zacian|Intrepid Sword|boost
|-boost|p2a: Zacian|atk|1
|turn|3
|
|t:|1611261147
|move|p2a: Zacian|Swords Dance|p2a: Zacian
|-boost|p2a: Zacian|atk|2
|move|p1a: Yveltal|Foul Play|p2a: Zacian
|-resisted|p2a: Zacian
|-damage|p2a: Zacian|7/100
|
|upkeep
|turn|4
|
|t:|1611261154
|move|p1a: Yveltal|Sucker Punch|p2a: Zacian
|-resisted|p2a: Zacian
|-damage|p2a: Zacian|0 fnt
|faint|p2a: Zacian
|
|upkeep
|
|t:|1611261160
|switch|p2a: Yveltal|Yveltal|100/100
|-ability|p2a: Yveltal|Dark Aura
|turn|5
|
|t:|1611261164
|move|p1a: Yveltal|Knock Off|p2a: Yveltal
|-resisted|p2a: Yveltal
|-damage|p2a: Yveltal|58/100
|-enditem|p2a: Yveltal|Life Orb|[from] move: Knock Off|[of] p1a: Yveltal
|move|p2a: Yveltal|Oblivion Wing|p1a: Yveltal
|-damage|p1a: Yveltal|62/100
|-heal|p2a: Yveltal|87/100|[from] drain|[of] p1a: Yveltal
|
|upkeep
|turn|6
|
|t:|1611261171
|move|p1a: Yveltal|Roost|p1a: Yveltal
|-heal|p1a: Yveltal|100/100
|-singleturn|p1a: Yveltal|move: Roost
|move|p2a: Yveltal|Oblivion Wing|p1a: Yveltal
|-damage|p1a: Yveltal|57/100
|-heal|p2a: Yveltal|100/100|[from] drain|[of] p1a: Yveltal
|
|upkeep
|turn|7
|
|t:|1611261178
|move|p1a: Yveltal|Roost|p1a: Yveltal
|-heal|p1a: Yveltal|100/100
|-singleturn|p1a: Yveltal|move: Roost
|move|p2a: Yveltal|Taunt|p1a: Yveltal
|-start|p1a: Yveltal|move: Taunt
|
|upkeep
|turn|8
|
|t:|1611261181
|switch|p1a: Xerneas|Xerneas|100/100
|-activate|p1a: Xerneas|move: Sticky Web
|-unboost|p1a: Xerneas|spe|1
|-ability|p1a: Xerneas|Fairy Aura
|move|p2a: Yveltal|Oblivion Wing|p1a: Xerneas
|-damage|p1a: Xerneas|62/100
|
|upkeep
|turn|9
|
|t:|1611261186
|move|p2a: Yveltal|Taunt|p1a: Xerneas
|-start|p1a: Xerneas|move: Taunt
|move|p1a: Xerneas|Moonblast|p2a: Yveltal
|-supereffective|p2a: Yveltal
|-damage|p2a: Yveltal|0 fnt
|faint|p2a: Yveltal
|
|upkeep
|
|t:|1611261194
|switch|p2a: Kyogre|Kyogre|100/100
|-weather|RainDance|[from] ability: Drizzle|[of] p2a: Kyogre
|turn|10
|
|t:|1611261198
|move|p2a: Kyogre|Water Spout|p1a: Xerneas
|-damage|p1a: Xerneas|0 fnt
|faint|p1a: Xerneas
|
|-weather|RainDance|[upkeep]
|upkeep
|
|t:|1611261203
|switch|p1a: Eternatus|Eternatus|100/100
|-activate|p1a: Eternatus|move: Sticky Web
|-unboost|p1a: Eternatus|spe|1
|-ability|p1a: Eternatus|Pressure
|turn|11
|
|t:|1611261207
|switch|p2a: Regieleki|Regieleki|100/100
|move|p1a: Eternatus|Dynamax Cannon|p2a: Regieleki
|-damage|p2a: Regieleki|0 fnt
|faint|p2a: Regieleki
|
|-weather|RainDance|[upkeep]
|upkeep
|
|t:|1611261211
|switch|p2a: Calyrex|Calyrex-Shadow|100/100
|-ability|p2a: Calyrex|As One
|-ability|p2a: Calyrex|Unnerve|p1: Goose Cooker
|turn|12
|
|t:|1611261218
|switch|p1a: Yveltal|Yveltal|100/100
|-ability|p1a: Yveltal|Dark Aura
|move|p2a: Calyrex|Nasty Plot|p2a: Calyrex
|-boost|p2a: Calyrex|spa|2
|
|-weather|RainDance|[upkeep]
|upkeep
|turn|13
|
|t:|1611261223
|move|p2a: Calyrex|Draining Kiss|p1a: Yveltal
|-supereffective|p1a: Yveltal
|-damage|p1a: Yveltal|30/100
|move|p1a: Yveltal|Knock Off|p2a: Calyrex
|-supereffective|p2a: Calyrex
|-enditem|p2a: Calyrex|Focus Sash
|-damage|p2a: Calyrex|1/100
|
|-weather|RainDance|[upkeep]
|upkeep
|turn|14
|
|t:|1611261232
|move|p1a: Yveltal|Sucker Punch||[still]
|-fail|p1a: Yveltal
|move|p2a: Calyrex|Nasty Plot|p2a: Calyrex
|-boost|p2a: Calyrex|spa|2
|
|-weather|none
|upkeep
|turn|15
|
|t:|1611261237
|move|p1a: Yveltal|Sucker Punch||[still]
|-fail|p1a: Yveltal
|move|p2a: Calyrex|Nasty Plot|p2a: Calyrex
|-boost|p2a: Calyrex|spa|2
|
|upkeep
|turn|16
|
|t:|1611261240
|move|p1a: Yveltal|Sucker Punch||[still]
|-fail|p1a: Yveltal
|move|p2a: Calyrex|Nasty Plot|p2a: Calyrex
|-boost|p2a: Calyrex|spa|0
|
|upkeep
|turn|17
|
|t:|1611261244
|move|p1a: Yveltal|Sucker Punch|p2a: Calyrex
|-supereffective|p2a: Calyrex
|-damage|p2a: Calyrex|0 fnt
|faint|p2a: Calyrex
|
|upkeep
|
|t:|1611261246
|switch|p2a: Kyogre|Kyogre|100/100
|-weather|RainDance|[from] ability: Drizzle|[of] p2a: Kyogre
|turn|18
|
|t:|1611261250
|move|p1a: Yveltal|Knock Off|p2a: Kyogre
|-damage|p2a: Kyogre|7/100
|-enditem|p2a: Kyogre|Choice Specs|[from] move: Knock Off|[of] p1a: Yveltal
|move|p2a: Kyogre|Water Spout|p1a: Yveltal
|-damage|p1a: Yveltal|22/100
|
|-weather|RainDance|[upkeep]
|upkeep
|turn|19
|c|☆Os4ke|gg
|c|☆Goose Cooker|gg
|-message|Os4ke forfeited.
|
|win|Goose Cooker
|l|☆Goose Cooker
