|html|<div class="broadcast-blue"><strong>[Gen 8] Ubers is currently suspecting Zacian-Crowned! For information on how to participate check out the <a href="https://www.smogon.com/forums/threads/np-ss-ubers-stage-5-hound-dog.3675589/">suspect thread</a>.</strong></div>
|j|☆Chunkomucho
|j|☆uz4 trash
|t:|1609860547
|player|p1|Chunkomucho|erika|1469
|player|p2|uz4 trash|shelly|1411
|teamsize|p1|6
|teamsize|p2|6
|gametype|singles
|gen|8
|tier|[Gen 8] Ubers
|rated|
|clearpoke
|poke|p1|Gothitelle, F|
|poke|p1|Zacian-Crowned|
|poke|p1|Necrozma-Dusk-Mane|
|poke|p1|Yveltal|
|poke|p1|Buzzwole|
|poke|p1|Blissey, F|
|poke|p2|Shuckle, M|
|poke|p2|Yveltal|
|poke|p2|Calyrex-Shadow|
|poke|p2|Kyogre|
|poke|p2|Zacian-Crowned|
|poke|p2|Regieleki|
|rule|Sleep Clause Mod: Limit one foe put to sleep
|rule|Species Clause: Limit one of each Pokémon
|rule|OHKO Clause: OHKO moves are banned
|rule|Evasion Moves Clause: Evasion moves are banned
|rule|Endless Battle Clause: Forcing endless battles is banned
|rule|HP Percentage Mod: HP is shown in percentages
|rule|Dynamax Clause: You cannot dynamax
|teampreview
|inactive|Battle timer is ON: inactive players will automatically lose when time's up. (requested by uz4 trash)
|
|t:|1609860552
|start
|switch|p1a: Celestia|Gothitelle, F, shiny|100/100
|switch|p2a: Shuckle|Shuckle, M|100/100
|turn|1
|
|t:|1609860555
|move|p1a: Celestia|Taunt|p2a: Shuckle
|-start|p2a: Shuckle|move: Taunt
|move|p2a: Shuckle|Final Gambit|p1a: Celestia
|-damage|p1a: Celestia|27/100
|faint|p2a: Shuckle
|
|-heal|p1a: Celestia|33/100|[from] item: Leftovers
|upkeep
|
|t:|1609860576
|switch|p2a: Kyogre|Kyogre|100/100
|-weather|RainDance|[from] ability: Drizzle|[of] p2a: Kyogre
|turn|2
|
|t:|1609860597
|switch|p1a: Blissey|Blissey, F|100/100
|move|p2a: Kyogre|Water Spout|p1a: Blissey
|-damage|p1a: Blissey|57/100
|
|-weather|RainDance|[upkeep]
|upkeep
|turn|3
|j| reje
|
|t:|1609860623
|switch|p2a: Calyrex|Calyrex-Shadow|100/100
|-ability|p2a: Calyrex|As One
|-ability|p2a: Calyrex|Unnerve|p1: Chunkomucho
|move|p1a: Blissey|Soft-Boiled|p1a: Blissey
|-heal|p1a: Blissey|100/100
|
|-weather|RainDance|[upkeep]
|upkeep
|turn|4
|
|t:|1609860627
|switch|p1a: Yveltal|Yveltal|100/100
|-ability|p1a: Yveltal|Dark Aura
|move|p2a: Calyrex|Trick|p1a: Yveltal
|-activate|p2a: Calyrex|move: Trick|[of] p1a: Yveltal
|-item|p1a: Yveltal|Choice Scarf|[from] move: Trick
|-item|p2a: Calyrex|Heavy-Duty Boots|[from] move: Trick
|
|-weather|RainDance|[upkeep]
|upkeep
|turn|5
|
|t:|1609860644
|switch|p2a: Yveltal|Yveltal|100/100
|-ability|p2a: Yveltal|Dark Aura
|move|p1a: Yveltal|Foul Play|p2a: Yveltal
|-resisted|p2a: Yveltal
|-damage|p2a: Yveltal|73/100
|
|-weather|RainDance|[upkeep]
|upkeep
|turn|6
|
|t:|1609860660
|switch|p1a: Zacian|Zacian-Crowned|100/100
|-ability|p1a: Zacian|Intrepid Sword|boost
|-boost|p1a: Zacian|atk|1
|move|p2a: Yveltal|Oblivion Wing|p1a: Zacian
|-resisted|p1a: Zacian
|-damage|p1a: Zacian|73/100
|-heal|p2a: Yveltal|90/100|[from] drain|[of] p1a: Zacian
|-damage|p2a: Yveltal|80/100|[from] item: Life Orb
|
|-weather|none
|upkeep
|turn|7
|
|t:|1609860675
|switch|p2a: Regieleki|Regieleki|100/100
|move|p1a: Zacian|Play Rough|p2a: Regieleki
|-damage|p2a: Regieleki|0 fnt
|faint|p2a: Regieleki
|
|upkeep
|
|t:|1609860679
|switch|p2a: Calyrex|Calyrex-Shadow|100/100
|-ability|p2a: Calyrex|As One
|-ability|p2a: Calyrex|Unnerve|p1: Chunkomucho
|turn|8
|
|t:|1609860682
|switch|p1a: Celestia|Gothitelle, F, shiny|33/100
|switch|p2a: Zacian|Zacian-Crowned|100/100
|-ability|p2a: Zacian|Intrepid Sword|boost
|-boost|p2a: Zacian|atk|1
|
|-heal|p1a: Celestia|39/100|[from] item: Leftovers
|upkeep
|turn|9
|
|t:|1609860690
|switch|p1a: Necrozma|Necrozma-Dusk-Mane|100/100
|move|p2a: Zacian|Close Combat|p1a: Necrozma
|-damage|p1a: Necrozma|57/100
|-unboost|p2a: Zacian|def|1
|-unboost|p2a: Zacian|spd|1
|
|-heal|p1a: Necrozma|63/100|[from] item: Leftovers
|upkeep
|turn|10
|
|t:|1609860694
|switch|p2a: Kyogre|Kyogre|100/100
|-weather|RainDance|[from] ability: Drizzle|[of] p2a: Kyogre
|move|p1a: Necrozma|Moonlight|p1a: Necrozma
|-heal|p1a: Necrozma|87/100
|
|-weather|RainDance|[upkeep]
|-heal|p1a: Necrozma|93/100|[from] item: Leftovers
|upkeep
|turn|11
|
|t:|1609860717
|switch|p2a: Calyrex|Calyrex-Shadow|100/100
|-ability|p2a: Calyrex|As One
|-ability|p2a: Calyrex|Unnerve|p1: Chunkomucho
|switch|p1a: Blissey|Blissey, F|100/100
|
|-weather|RainDance|[upkeep]
|upkeep
|turn|12
|
|t:|1609860726
|move|p2a: Calyrex|Nasty Plot|p2a: Calyrex
|-boost|p2a: Calyrex|spa|2
|move|p1a: Blissey|Toxic|p2a: Calyrex
|-status|p2a: Calyrex|tox
|
|-weather|RainDance|[upkeep]
|-damage|p2a: Calyrex|94/100 tox|[from] psn
|upkeep
|turn|13
|
|t:|1609860729
|switch|p1a: Yveltal|Yveltal|100/100
|-ability|p1a: Yveltal|Dark Aura
|move|p2a: Calyrex|Nasty Plot|p2a: Calyrex
|-boost|p2a: Calyrex|spa|2
|
|-weather|RainDance|[upkeep]
|-damage|p2a: Calyrex|82/100 tox|[from] psn
|upkeep
|turn|14
|
|t:|1609860736
|move|p1a: Yveltal|Foul Play|p2a: Calyrex
|-supereffective|p2a: Calyrex
|-damage|p2a: Calyrex|0 fnt
|faint|p2a: Calyrex
|
|-weather|none
|upkeep
|-message|uz4 trash forfeited.
|
|win|Chunkomucho
|l|☆uz4 trash
||Ladder (probably) updated, but score could not be retrieved (Request timeout).
