|j|☆Vwood
|j|☆8142e
|t:|1629270781
|gametype|singles
|player|p1|Vwood|elesa|
|player|p2|8142e|101|
|teamsize|p1|6
|teamsize|p2|6
|gen|8
|tier|[Gen 8] Ubers
|rated|Tournament battle
|rule|Sleep Clause Mod: Limit one foe put to sleep
|rule|Species Clause: Limit one of each Pokémon
|rule|OHKO Clause: OHKO moves are banned
|rule|Evasion Moves Clause: Evasion moves are banned
|rule|Endless Battle Clause: Forcing endless battles is banned
|rule|HP Percentage Mod: HP is shown in percentages
|rule|Dynamax Clause: You cannot dynamax
|clearpoke
|poke|p1|Yveltal|
|poke|p1|Necrozma-Dusk-Mane|
|poke|p1|Calyrex-Shadow|
|poke|p1|Marshadow|
|poke|p1|Giratina-Origin|
|poke|p1|Zekrom|
|poke|p2|Blaziken, F|
|poke|p2|Darmanitan-Galar, F|
|poke|p2|Yveltal|
|poke|p2|Necrozma-Dusk-Mane|
|poke|p2|Eternatus|
|poke|p2|Groudon|
|teampreview
|j|+Rhmsitb
|c|+Rhmsitb|Rip blaze
|
|t:|1629270794
|start
|switch|p1a: Marshadow|Marshadow|100/100
|switch|p2a: Lal meri pat|Darmanitan-Galar, F|100/100
|turn|1
|c|☆8142e|Giratina :(
|
|t:|1629270800
|switch|p2a: Ali da malang|Eternatus|100/100
|-ability|p2a: Ali da malang|Pressure
|move|p1a: Marshadow|Shadow Sneak|p2a: Ali da malang
|-damage|p2a: Ali da malang|79/100
|
|upkeep
|turn|2
|j|^Hoennseptile
|
|t:|1629270808
|switch|p2a: Ali da 1st number|Groudon|100/100
|-weather|SunnyDay|[from] ability: Drought|[of] p2a: Ali da 1st number
|move|p1a: Marshadow|Rock Tomb|p2a: Ali da 1st number
|-resisted|p2a: Ali da 1st number
|-damage|p2a: Ali da 1st number|90/100
|-unboost|p2a: Ali da 1st number|spe|1
|
|-weather|SunnyDay|[upkeep]
|-heal|p2a: Ali da 1st number|96/100|[from] item: Leftovers
|upkeep
|turn|3
|
|t:|1629270812
|switch|p1a: Giratina|Giratina-Origin|100/100
|move|p2a: Ali da 1st number|Thunder Wave|p1a: Giratina
|-status|p1a: Giratina|par
|
|-weather|SunnyDay|[upkeep]
|-heal|p2a: Ali da 1st number|100/100|[from] item: Leftovers
|upkeep
|turn|4
|j| Hrishioo7
|c| Hrishioo7|Hey kid reply
|c| Hrishioo7|Bo3 or not
|c|☆8142e|Bro y u use giratina :(
|c|^Hoennseptile|why are u asking
|c|^Hoennseptile|its obv
|c|^Hoennseptile|bo3
|c|^Hoennseptile|:>
|c|^Hoennseptile|8142e
|c|^Hoennseptile|8142e
|c|^Hoennseptile|8142e
|c|+Rhmsitb|Oo bo3
|c|^Hoennseptile|ur playing bo3
|c|☆8142e|M too busy for that
|c|+Rhmsitb|Autolose to him
|c|^Hoennseptile|your options are
|c|+Rhmsitb|He'll not look cool
|c|☆8142e|If u can john till 25
|c|^Hoennseptile|Yes/Yes?yeah/Ofc/sure
|c|☆8142e|Ill do it
|c|^Hoennseptile|pick one 8142e
|c|^Hoennseptile|8142e
|
|t:|1629270887
|switch|p2a: Shahbaz qalandar|Yveltal|100/100
|-ability|p2a: Shahbaz qalandar|Dark Aura
|move|p1a: Giratina|Stone Edge|p2a: Shahbaz qalandar
|-supereffective|p2a: Shahbaz qalandar
|-damage|p2a: Shahbaz qalandar|53/100
|
|-weather|SunnyDay|[upkeep]
|upkeep
|turn|5
|c|☆8142e|Weak shit
|
|t:|1629270897
|move|p2a: Shahbaz qalandar|Roost|p2a: Shahbaz qalandar
|-heal|p2a: Shahbaz qalandar|100/100
|-singleturn|p2a: Shahbaz qalandar|move: Roost
|move|p1a: Giratina|Draco Meteor|p2a: Shahbaz qalandar
|-damage|p2a: Shahbaz qalandar|57/100
|-unboost|p1a: Giratina|spa|2
|
|-weather|SunnyDay|[upkeep]
|upkeep
|turn|6
|
|t:|1629270902
|switch|p1a: Zekrom|Zekrom|100/100
|-ability|p1a: Zekrom|Teravolt
|move|p2a: Shahbaz qalandar|Roost|p2a: Shahbaz qalandar
|-heal|p2a: Shahbaz qalandar|100/100
|-singleturn|p2a: Shahbaz qalandar|move: Roost
|
|-weather|none
|upkeep
|turn|7
|c|+Rhmsitb|Bad name
|
|t:|1629270910
|switch|p2a: Ali da 1st number|Groudon|100/100
|-weather|SunnyDay|[from] ability: Drought|[of] p2a: Ali da 1st number
|move|p1a: Zekrom|Dragon Dance|p1a: Zekrom
|-boost|p1a: Zekrom|atk|1
|-boost|p1a: Zekrom|spe|1
|
|-weather|SunnyDay|[upkeep]
|upkeep
|turn|8
|
|t:|1629270920
|switch|p1a: Giratina|Giratina-Origin|100/100 par
|move|p2a: Ali da 1st number|Precipice Blades|p1a: Giratina
|-immune|p1a: Giratina|[from] ability: Levitate
|
|-weather|SunnyDay|[upkeep]
|upkeep
|turn|9
|c|☆8142e|Qalandar is the best
|
|t:|1629270928
|switch|p2a: Shahbaz qalandar|Yveltal|100/100
|-ability|p2a: Shahbaz qalandar|Dark Aura
|cant|p1a: Giratina|par
|
|-weather|SunnyDay|[upkeep]
|upkeep
|turn|10
|
|t:|1629270933
|switch|p1a: Yveltal|Yveltal, shiny|100/100
|-ability|p1a: Yveltal|Dark Aura
|move|p2a: Shahbaz qalandar|Foul Play|p1a: Yveltal
|-resisted|p1a: Yveltal
|-damage|p1a: Yveltal|76/100
|
|-weather|SunnyDay|[upkeep]
|upkeep
|turn|11
|
|t:|1629270939
|switch|p2a: Ali da malang|Eternatus|79/100
|-ability|p2a: Ali da malang|Pressure
|move|p1a: Yveltal|Toxic|p2a: Ali da malang
|-immune|p2a: Ali da malang
|
|-weather|none
|upkeep
|turn|12
|
|t:|1629270945
|switch|p2a: Dam-a-dam mast|Blaziken, F|100/100
|switch|p1a: Giratina|Giratina-Origin|100/100 par
|
|upkeep
|turn|13
|
|t:|1629270956
|switch|p2a: Shahbaz qalandar|Yveltal|100/100
|-ability|p2a: Shahbaz qalandar|Dark Aura
|move|p1a: Giratina|Draco Meteor|p2a: Shahbaz qalandar
|-damage|p2a: Shahbaz qalandar|62/100
|-unboost|p1a: Giratina|spa|2
|
|upkeep
|turn|14
|l|^Hoennseptile
|c|+Rhmsitb|Everything is good in this team except blaze
|
|t:|1629270964
|switch|p1a: Necrozma|Necrozma-Dusk-Mane|100/100
|move|p2a: Shahbaz qalandar|Roost|p2a: Shahbaz qalandar
|-heal|p2a: Shahbaz qalandar|100/100
|-singleturn|p2a: Shahbaz qalandar|move: Roost
|
|upkeep
|turn|15
|
|t:|1629270969
|switch|p2a: Dam-a-dam mast|Blaziken, F|100/100
|move|p1a: Necrozma|Stealth Rock|p2a: Dam-a-dam mast
|-sidestart|p2: 8142e|move: Stealth Rock
|
|upkeep
|turn|16
|
|t:|1629270973
|switch|p1a: Giratina|Giratina-Origin|100/100 par
|move|p2a: Dam-a-dam mast|Swords Dance|p2a: Dam-a-dam mast
|-boost|p2a: Dam-a-dam mast|atk|2
|
|-ability|p2a: Dam-a-dam mast|Speed Boost|boost
|-boost|p2a: Dam-a-dam mast|spe|1
|upkeep
|turn|17
|
|t:|1629270978
|move|p2a: Dam-a-dam mast|Stone Edge|p1a: Giratina
|-crit|p1a: Giratina
|-damage|p1a: Giratina|13/100 par
|-damage|p2a: Dam-a-dam mast|91/100|[from] item: Life Orb
|cant|p1a: Giratina|par
|
|-ability|p2a: Dam-a-dam mast|Speed Boost|boost
|-boost|p2a: Dam-a-dam mast|spe|1
|upkeep
|turn|18
|c|☆8142e|Ez
|
|t:|1629270985
|move|p1a: Giratina|Shadow Sneak|p2a: Dam-a-dam mast
|-damage|p2a: Dam-a-dam mast|58/100
|move|p2a: Dam-a-dam mast|Stone Edge|p1a: Giratina
|-damage|p1a: Giratina|0 fnt
|faint|p1a: Giratina
|-damage|p2a: Dam-a-dam mast|48/100|[from] item: Life Orb
|
|-ability|p2a: Dam-a-dam mast|Speed Boost|boost
|-boost|p2a: Dam-a-dam mast|spe|1
|upkeep
|
|t:|1629270988
|switch|p1a: Marshadow|Marshadow|100/100
|turn|19
|c|+Rhmsitb|Ez
|c|+Rhmsitb|Lol
|
|t:|1629271001
|switch|p2a: Ali da 1st number|Groudon|100/100
|-damage|p2a: Ali da 1st number|94/100|[from] Stealth Rock
|-weather|SunnyDay|[from] ability: Drought|[of] p2a: Ali da 1st number
|move|p1a: Marshadow|Shadow Sneak|p2a: Ali da 1st number
|-damage|p2a: Ali da 1st number|76/100
|
|-weather|SunnyDay|[upkeep]
|-heal|p2a: Ali da 1st number|82/100|[from] item: Leftovers
|upkeep
|turn|20
|
|t:|1629271011
|move|p1a: Marshadow|Ice Punch|p2a: Ali da 1st number
|-supereffective|p2a: Ali da 1st number
|-damage|p2a: Ali da 1st number|50/100
|move|p2a: Ali da 1st number|Thunder Wave|p1a: Marshadow|[miss]
|-miss|p2a: Ali da 1st number|p1a: Marshadow
|
|-weather|SunnyDay|[upkeep]
|-heal|p2a: Ali da 1st number|56/100|[from] item: Leftovers
|upkeep
|turn|21
|
|t:|1629271019
|switch|p1a: Zekrom|Zekrom|100/100
|-ability|p1a: Zekrom|Teravolt
|move|p2a: Ali da 1st number|Thunder Wave|p1a: Zekrom|[miss]
|-miss|p2a: Ali da 1st number|p1a: Zekrom
|
|-weather|SunnyDay|[upkeep]
|-heal|p2a: Ali da 1st number|62/100|[from] item: Leftovers
|upkeep
|turn|22
|
|t:|1629271023
|switch|p1a: Yveltal|Yveltal, shiny|76/100
|-ability|p1a: Yveltal|Dark Aura
|move|p2a: Ali da 1st number|Thunder Wave|p1a: Yveltal
|-status|p1a: Yveltal|par
|
|-weather|SunnyDay|[upkeep]
|-heal|p2a: Ali da 1st number|68/100|[from] item: Leftovers
|upkeep
|turn|23
|
|t:|1629271031
|move|p2a: Ali da 1st number|Stone Edge|p1a: Yveltal|[miss]
|-miss|p2a: Ali da 1st number|p1a: Yveltal
|move|p1a: Yveltal|Toxic|p2a: Ali da 1st number
|-status|p2a: Ali da 1st number|tox
|
|-weather|none
|-heal|p2a: Ali da 1st number|74/100 tox|[from] item: Leftovers
|-damage|p2a: Ali da 1st number|68/100 tox|[from] psn
|upkeep
|turn|24
|c|+Rhmsitb|Ez predict
|c|+Rhmsitb|Lol
|c|☆8142e|Sed
|
|t:|1629271044
|move|p2a: Ali da 1st number|Stone Edge|p1a: Yveltal|[miss]
|-miss|p2a: Ali da 1st number|p1a: Yveltal
|move|p1a: Yveltal|U-turn|p2a: Ali da 1st number
|-damage|p2a: Ali da 1st number|54/100 tox
|
|t:|1629271049
|switch|p1a: Calyrex|Calyrex-Shadow|100/100|[from]move: U-turn
|-ability|p1a: Calyrex|As One
|-ability|p1a: Calyrex|Unnerve
|
|-heal|p2a: Ali da 1st number|60/100 tox|[from] item: Leftovers
|-damage|p2a: Ali da 1st number|48/100 tox|[from] psn
|upkeep
|turn|25
|c|+Rhmsitb|Haha
|c|☆8142e|Lol
|
|t:|1629271056
|switch|p2a: Shahbaz qalandar|Yveltal|100/100
|-ability|p2a: Shahbaz qalandar|Dark Aura
|move|p1a: Calyrex|Astral Barrage|p2a: Shahbaz qalandar
|-resisted|p2a: Shahbaz qalandar
|-damage|p2a: Shahbaz qalandar|75/100
|
|upkeep
|turn|26
|
|t:|1629271060
|switch|p1a: Zekrom|Zekrom|100/100
|-ability|p1a: Zekrom|Teravolt
|move|p2a: Shahbaz qalandar|Defog|p1a: Zekrom
|-unboost|p1a: Zekrom|evasion|1
|-sideend|p2: 8142e|Stealth Rock|[from] move: Defog|[of] p2a: Shahbaz qalandar
|
|upkeep
|turn|27
|
|t:|1629271068
|switch|p2a: Dam-a-dam mast|Blaziken, F|48/100
|switch|p1a: Calyrex|Calyrex-Shadow|100/100
|-ability|p1a: Calyrex|As One
|-ability|p1a: Calyrex|Unnerve
|
|upkeep
|turn|28
|
|t:|1629271073
|switch|p2a: Shahbaz qalandar|Yveltal|75/100
|-ability|p2a: Shahbaz qalandar|Dark Aura
|move|p1a: Calyrex|Substitute|p1a: Calyrex
|-start|p1a: Calyrex|Substitute
|-damage|p1a: Calyrex|76/100
|
|upkeep
|turn|29
|
|t:|1629271079
|move|p1a: Calyrex|Nasty Plot|p1a: Calyrex
|-boost|p1a: Calyrex|spa|2
|move|p2a: Shahbaz qalandar|Foul Play|p1a: Calyrex
|-supereffective|p1a: Calyrex
|-end|p1a: Calyrex|Substitute
|
|upkeep
|turn|30
|
|t:|1629271083
|move|p1a: Calyrex|Draining Kiss|p2a: Shahbaz qalandar
|-supereffective|p2a: Shahbaz qalandar
|-damage|p2a: Shahbaz qalandar|17/100
|-heal|p1a: Calyrex|100/100|[from] drain|[of] p2a: Shahbaz qalandar
|move|p2a: Shahbaz qalandar|Foul Play|p1a: Calyrex
|-supereffective|p1a: Calyrex
|-enditem|p1a: Calyrex|Focus Sash
|-damage|p1a: Calyrex|1/100
|
|upkeep
|turn|31
|
|t:|1629271098
|switch|p2a: Dam-a-dam mast|Blaziken, F|48/100
|move|p1a: Calyrex|Draining Kiss|p2a: Dam-a-dam mast
|-damage|p2a: Dam-a-dam mast|0 fnt
|-heal|p1a: Calyrex|32/100|[from] drain|[of] p2a: Dam-a-dam mast
|faint|p2a: Dam-a-dam mast
|-ability|p1a: Calyrex|Grim Neigh|boost
|-boost|p1a: Calyrex|spa|1
|
|upkeep
|
|t:|1629271101
|switch|p2a: Lal meri pat|Darmanitan-Galar, F|100/100
|turn|32
|l| Hrishioo7
|
|t:|1629271117
|switch|p1a: Necrozma|Necrozma-Dusk-Mane|100/100
|move|p2a: Lal meri pat|Flare Blitz|p1a: Necrozma
|-supereffective|p1a: Necrozma
|-damage|p1a: Necrozma|30/100
|-damage|p2a: Lal meri pat|84/100|[from] item: Rocky Helmet|[of] p1a: Necrozma
|-damage|p2a: Lal meri pat|57/100|[from] Recoil
|
|upkeep
|turn|33
|
|t:|1629271123
|move|p2a: Lal meri pat|Flare Blitz|p1a: Necrozma
|-supereffective|p1a: Necrozma
|-damage|p1a: Necrozma|0 fnt
|-damage|p2a: Lal meri pat|41/100|[from] item: Rocky Helmet|[of] p1a: Necrozma
|faint|p1a: Necrozma
|-damage|p2a: Lal meri pat|30/100|[from] Recoil
|
|upkeep
|
|t:|1629271126
|switch|p1a: Marshadow|Marshadow|100/100
|turn|34
|
|t:|1629271136
|switch|p2a: Ali da 1st number|Groudon|48/100 tox
|-weather|SunnyDay|[from] ability: Drought|[of] p2a: Ali da 1st number
|move|p1a: Marshadow|Shadow Sneak|p2a: Ali da 1st number
|-damage|p2a: Ali da 1st number|27/100 tox
|
|-weather|SunnyDay|[upkeep]
|-heal|p2a: Ali da 1st number|33/100 tox|[from] item: Leftovers
|-damage|p2a: Ali da 1st number|27/100 tox|[from] psn
|upkeep
|turn|35
|
|t:|1629271139
|move|p1a: Marshadow|Ice Punch|p2a: Ali da 1st number
|-supereffective|p2a: Ali da 1st number
|-damage|p2a: Ali da 1st number|0 fnt
|faint|p2a: Ali da 1st number
|
|-weather|SunnyDay|[upkeep]
|upkeep
|c|+Rhmsitb|This kid is good
|
|t:|1629271141
|switch|p2a: Ali da malang|Eternatus|79/100
|-ability|p2a: Ali da malang|Pressure
|turn|36
|
|t:|1629271144
|move|p1a: Marshadow|Ice Punch|p2a: Ali da malang
|-supereffective|p2a: Ali da malang
|-damage|p2a: Ali da malang|41/100
|move|p2a: Ali da malang|Dynamax Cannon|p1a: Marshadow
|-damage|p1a: Marshadow|47/100
|
|-weather|SunnyDay|[upkeep]
|upkeep
|turn|37
|
|t:|1629271148
|move|p1a: Marshadow|Ice Punch|p2a: Ali da malang
|-supereffective|p2a: Ali da malang
|-damage|p2a: Ali da malang|4/100
|move|p2a: Ali da malang|Recover|p2a: Ali da malang
|-heal|p2a: Ali da malang|54/100
|
|-weather|SunnyDay|[upkeep]
|upkeep
|turn|38
|
|t:|1629271153
|switch|p1a: Calyrex|Calyrex-Shadow|32/100
|-ability|p1a: Calyrex|As One
|-ability|p1a: Calyrex|Unnerve
|move|p2a: Ali da malang|Recover|p2a: Ali da malang
|-heal|p2a: Ali da malang|100/100
|
|-weather|none
|upkeep
|turn|39
|
|t:|1629271156
|move|p1a: Calyrex|Astral Barrage|p2a: Ali da malang
|-damage|p2a: Ali da malang|56/100
|move|p2a: Ali da malang|Dynamax Cannon|p1a: Calyrex
|-damage|p1a: Calyrex|0 fnt
|faint|p1a: Calyrex
|
|upkeep
|
|t:|1629271160
|switch|p1a: Zekrom|Zekrom|100/100
|-ability|p1a: Zekrom|Teravolt
|turn|40
|
|t:|1629271185
|switch|p2a: Shahbaz qalandar|Yveltal|17/100
|-ability|p2a: Shahbaz qalandar|Dark Aura
|move|p1a: Zekrom|Dragon Dance|p1a: Zekrom
|-boost|p1a: Zekrom|atk|1
|-boost|p1a: Zekrom|spe|1
|
|upkeep
|turn|41
|
|t:|1629271188
|move|p1a: Zekrom|Dragon Claw|p2a: Shahbaz qalandar
|-damage|p2a: Shahbaz qalandar|0 fnt
|faint|p2a: Shahbaz qalandar
|
|upkeep
|
|t:|1629271191
|switch|p2a: Lal meri pat|Darmanitan-Galar, F|30/100
|turn|42
|
|t:|1629271195
|move|p2a: Lal meri pat|U-turn|p1a: Zekrom
|-damage|p1a: Zekrom|68/100
|
|t:|1629271197
|switch|p2a: Ali har dam andar|Necrozma-Dusk-Mane|100/100|[from]move: U-turn
|move|p1a: Zekrom|Dragon Claw|p2a: Ali har dam andar
|-resisted|p2a: Ali har dam andar
|-damage|p2a: Ali har dam andar|76/100
|
|-heal|p2a: Ali har dam andar|82/100|[from] item: Leftovers
|upkeep
|turn|43
|c|☆8142e|Oh
|c|☆8142e|Lol
|
|t:|1629271214
|switch|p2a: Ali da malang|Eternatus|56/100
|-ability|p2a: Ali da malang|Pressure
|move|p1a: Zekrom|Bolt Strike|p2a: Ali da malang
|-resisted|p2a: Ali da malang
|-damage|p2a: Ali da malang|10/100
|
|upkeep
|turn|44
|c|+Rhmsitb|Bad play
|
|t:|1629271223
|switch|p2a: Ali har dam andar|Necrozma-Dusk-Mane|82/100
|move|p1a: Zekrom|Dragon Claw|p2a: Ali har dam andar
|-resisted|p2a: Ali har dam andar
|-damage|p2a: Ali har dam andar|56/100
|
|-heal|p2a: Ali har dam andar|62/100|[from] item: Leftovers
|upkeep
|turn|45
|c|+Rhmsitb|But saved
|
|t:|1629271227
|move|p1a: Zekrom|Bolt Strike|p2a: Ali har dam andar
|-damage|p2a: Ali har dam andar|0 fnt
|faint|p2a: Ali har dam andar
|
|upkeep
|
|t:|1629271229
|switch|p2a: Lal meri pat|Darmanitan-Galar, F|30/100
|turn|46
|j| Hrishioo7
|
|t:|1629271233
|move|p2a: Lal meri pat|Icicle Crash|p1a: Zekrom
|-supereffective|p1a: Zekrom
|-damage|p1a: Zekrom|0 fnt
|faint|p1a: Zekrom
|
|upkeep
|
|t:|1629271235
|switch|p1a: Marshadow|Marshadow|47/100
|turn|47
|j| Knight Dragon9
|
|t:|1629271238
|move|p1a: Marshadow|Shadow Sneak|p2a: Lal meri pat
|-damage|p2a: Lal meri pat|0 fnt
|faint|p2a: Lal meri pat
|
|upkeep
|c|+Rhmsitb|Oh
|
|t:|1629271240
|switch|p2a: Ali da malang|Eternatus|10/100
|-ability|p2a: Ali da malang|Pressure
|turn|48
|c|+Rhmsitb|Rip
|
|t:|1629271242
|move|p1a: Marshadow|Ice Punch|p2a: Ali da malang
|-supereffective|p2a: Ali da malang
|-damage|p2a: Ali da malang|0 fnt
|faint|p2a: Ali da malang
|
|win|Vwood
|n|☆Vwood|vwood
|n|☆8142e|8142e
|n| Rhmsitb|rhmsitb
|n| Hrishioo7|hrishioo7
|n| Knight Dragon9|knightdragon9
