|j|☆Vishnu Teja
|j|☆RIP_Player
|inactive|Battle timer is ON: inactive players will automatically lose when time's up.
|t:|1624458316
|gametype|singles
|player|p1|Vishnu Teja|102|
|player|p2|RIP_Player|firebreather|
|teamsize|p1|6
|teamsize|p2|6
|gen|8
|tier|[Gen 8] Ubers
|rated|Tournament battle
|rule|Sleep Clause Mod: Limit one foe put to sleep
|rule|Species Clause: Limit one of each Pokémon
|rule|OHKO Clause: OHKO moves are banned
|rule|Evasion Moves Clause: Evasion moves are banned
|rule|Endless Battle Clause: Forcing endless battles is banned
|rule|HP Percentage Mod: HP is shown in percentages
|rule|Dynamax Clause: You cannot dynamax
|clearpoke
|poke|p1|Slurpuff, M|
|poke|p1|Calyrex-Shadow|
|poke|p1|Yveltal|
|poke|p1|Xerneas-*|
|poke|p1|Necrozma-Dusk-Mane|
|poke|p1|Kyogre|
|poke|p2|Umbreon, M|
|poke|p2|Toxapex, F|
|poke|p2|Yveltal|
|poke|p2|Xerneas-*|
|poke|p2|Marshadow|
|poke|p2|Heatran, F|
|teampreview
|j|*Lady Monita
|inactive|RIP_Player also wants the timer to be on.
|inactive|Vishnu Teja also wants the timer to be on.
|j| Chrus is nub
|j| metjet111
|
|t:|1624458326
|start
|switch|p1a: Slurpuff|Slurpuff, M|100/100
|switch|p2a: Yveltal|Yveltal|100/100
|-ability|p2a: Yveltal|Dark Aura
|turn|1
|
|t:|1624458336
|move|p2a: Yveltal|Knock Off|p1a: Slurpuff
|-resisted|p1a: Slurpuff
|-damage|p1a: Slurpuff|47/100
|-enditem|p1a: Slurpuff|Focus Sash|[from] move: Knock Off|[of] p2a: Yveltal
|move|p1a: Slurpuff|Sticky Web|p2a: Yveltal
|-sidestart|p2: RIP_Player|move: Sticky Web
|
|upkeep
|turn|2
|
|t:|1624458342
|switch|p2a: Heatran|Heatran, F|100/100
|-activate|p2a: Heatran|move: Sticky Web
|-unboost|p2a: Heatran|spe|1
|move|p1a: Slurpuff|Misty Explosion|p2a: Heatran
|-resisted|p2a: Heatran
|-damage|p2a: Heatran|96/100
|faint|p1a: Slurpuff
|
|-heal|p2a: Heatran|100/100|[from] item: Leftovers
|upkeep
|j| Meminger21
|j| venson04
|
|t:|1624458349
|switch|p1a: Kyogre|Kyogre|100/100
|-weather|RainDance|[from] ability: Drizzle|[of] p1a: Kyogre
|turn|3
|
|t:|1624458353
|switch|p2a: Toxapex|Toxapex, F|100/100
|-activate|p2a: Toxapex|move: Sticky Web
|-unboost|p2a: Toxapex|spe|1
|move|p1a: Kyogre|Water Spout|p2a: Toxapex
|-resisted|p2a: Toxapex
|-damage|p2a: Toxapex|20/100
|
|-weather|RainDance|[upkeep]
|-heal|p2a: Toxapex|26/100|[from] item: Black Sludge
|upkeep
|turn|4
|
|t:|1624458362
|move|p1a: Kyogre|Water Spout|p2a: Toxapex
|-resisted|p2a: Toxapex
|-damage|p2a: Toxapex|0 fnt
|faint|p2a: Toxapex
|
|-weather|RainDance|[upkeep]
|upkeep
|j| Theredcaterpillar
|
|t:|1624458365
|switch|p2a: Yveltal|Yveltal|100/100
|-ability|p2a: Yveltal|Dark Aura
|turn|5
|
|t:|1624458369
|switch|p1a: Xerneas|Xerneas|100/100
|-ability|p1a: Xerneas|Fairy Aura
|move|p2a: Yveltal|Knock Off|p1a: Xerneas
|-resisted|p1a: Xerneas
|-damage|p1a: Xerneas|56/100
|-enditem|p1a: Xerneas|Power Herb|[from] move: Knock Off|[of] p2a: Yveltal
|
|-weather|RainDance|[upkeep]
|upkeep
|turn|6
|j| Mak the ZekLord
|
|t:|1624458390
|switch|p2a: Heatran|Heatran, F|100/100
|-activate|p2a: Heatran|move: Sticky Web
|-unboost|p2a: Heatran|spe|1
|switch|p1a: Kyogre|Kyogre|100/100
|
|-weather|RainDance|[upkeep]
|upkeep
|turn|7
|
|t:|1624458396
|switch|p2a: Umbreon|Umbreon, M|100/100
|-activate|p2a: Umbreon|move: Sticky Web
|-unboost|p2a: Umbreon|spe|1
|move|p1a: Kyogre|Water Spout|p2a: Umbreon
|-crit|p2a: Umbreon
|-damage|p2a: Umbreon|0 fnt
|faint|p2a: Umbreon
|
|-weather|none
|upkeep
|
|t:|1624458398
|switch|p2a: Yveltal|Yveltal|100/100
|-ability|p2a: Yveltal|Dark Aura
|turn|8
|
|t:|1624458401
|switch|p1a: Xerneas|Xerneas|56/100
|-ability|p1a: Xerneas|Fairy Aura
|move|p2a: Yveltal|Knock Off|p1a: Xerneas
|-resisted|p1a: Xerneas
|-damage|p1a: Xerneas|28/100
|
|upkeep
|turn|9
|
|t:|1624458411
|move|p2a: Yveltal|Knock Off|p1a: Xerneas
|-resisted|p1a: Xerneas
|-damage|p1a: Xerneas|0 fnt
|faint|p1a: Xerneas
|
|upkeep
|
|t:|1624458420
|switch|p1a: Necrozma|Necrozma-Dusk-Mane|100/100
|turn|10
|j| SaberSerenity
|j| Timpasstrategique
|
|t:|1624458423
|move|p2a: Yveltal|Knock Off|p1a: Necrozma
|-supereffective|p1a: Necrozma
|-damage|p1a: Necrozma|0 fnt
|-enditem|p1a: Necrozma|Weakness Policy|[from] move: Knock Off|[of] p2a: Yveltal
|faint|p1a: Necrozma
|
|upkeep
|
|t:|1624458431
|switch|p1a: Yveltal|Yveltal|100/100
|-ability|p1a: Yveltal|Dark Aura
|turn|11
|
|t:|1624458433
|move|p2a: Yveltal|Knock Off|p1a: Yveltal
|-resisted|p1a: Yveltal
|-damage|p1a: Yveltal|52/100
|-enditem|p1a: Yveltal|Heavy-Duty Boots|[from] move: Knock Off|[of] p2a: Yveltal
|move|p1a: Yveltal|Knock Off|p2a: Yveltal
|-resisted|p2a: Yveltal
|-damage|p2a: Yveltal|71/100
|-enditem|p2a: Yveltal|Choice Band|[from] move: Knock Off|[of] p1a: Yveltal
|
|upkeep
|turn|12
|
|t:|1624458440
|move|p2a: Yveltal|Rock Slide|p1a: Yveltal|[miss]
|-miss|p2a: Yveltal|p1a: Yveltal
|move|p1a: Yveltal|Roost|p1a: Yveltal
|-heal|p1a: Yveltal|100/100
|-singleturn|p1a: Yveltal|move: Roost
|
|upkeep
|turn|13
|j| Nael222
|
|t:|1624458455
|move|p2a: Yveltal|Rock Slide|p1a: Yveltal
|-supereffective|p1a: Yveltal
|-damage|p1a: Yveltal|57/100
|move|p1a: Yveltal|Knock Off|p2a: Yveltal
|-resisted|p2a: Yveltal
|-damage|p2a: Yveltal|52/100
|
|upkeep
|turn|14
|
|t:|1624458461
|switch|p2a: Xerneas|Xerneas|100/100
|-activate|p2a: Xerneas|move: Sticky Web
|-unboost|p2a: Xerneas|spe|1
|-ability|p2a: Xerneas|Fairy Aura
|move|p1a: Yveltal|Roost|p1a: Yveltal
|-heal|p1a: Yveltal|100/100
|-singleturn|p1a: Yveltal|move: Roost
|
|upkeep
|turn|15
|l| Mak the ZekLord
|
|t:|1624458464
|move|p1a: Yveltal|U-turn|p2a: Xerneas
|-resisted|p2a: Xerneas
|-damage|p2a: Xerneas|93/100
|
|t:|1624458467
|switch|p1a: Calyrex|Calyrex-Shadow|100/100|[from]move: U-turn
|-ability|p1a: Calyrex|As One
|-ability|p1a: Calyrex|Unnerve
|move|p2a: Xerneas|Thunder Wave|p1a: Calyrex
|-status|p1a: Calyrex|par
|
|-heal|p2a: Xerneas|99/100|[from] item: Leftovers
|upkeep
|turn|16
|j| TheSilentDragon
|j| JacobJMU
|
|t:|1624458479
|move|p1a: Calyrex|Astral Barrage|p2a: Xerneas
|-damage|p2a: Xerneas|21/100
|move|p2a: Xerneas|Defog|p1a: Calyrex
|-unboost|p1a: Calyrex|evasion|1
|-sideend|p2: RIP_Player|Sticky Web|[from] move: Defog|[of] p2a: Xerneas
|
|-heal|p2a: Xerneas|27/100|[from] item: Leftovers
|upkeep
|turn|17
|
|t:|1624458486
|switch|p2a: Heatran|Heatran, F|100/100
|move|p1a: Calyrex|Astral Barrage|p2a: Heatran
|-damage|p2a: Heatran|28/100
|
|-heal|p2a: Heatran|34/100|[from] item: Leftovers
|upkeep
|turn|18
|l| TheSilentDragon
|
|t:|1624458492
|move|p1a: Calyrex|Astral Barrage|p2a: Heatran
|-damage|p2a: Heatran|0 fnt
|faint|p2a: Heatran
|-ability|p1a: Calyrex|Grim Neigh|boost
|-boost|p1a: Calyrex|spa|1
|
|upkeep
|
|t:|1624458497
|switch|p2a: Marshadow|Marshadow|100/100
|turn|19
|
|t:|1624458504
|move|p2a: Marshadow|Spectral Thief||[still]
|-clearpositiveboost|p1a: Calyrex|p2a: Marshadow|move: Spectral Thief
|-boost|p2a: Marshadow|spa|1
|-anim|p2a: Marshadow|Spectral Thief|p1a: Calyrex
|-supereffective|p1a: Calyrex
|-damage|p1a: Calyrex|0 fnt
|faint|p1a: Calyrex
|
|upkeep
|
|t:|1624458507
|switch|p1a: Yveltal|Yveltal|100/100
|-ability|p1a: Yveltal|Dark Aura
|turn|20
|
|t:|1624458521
|move|p2a: Marshadow|Swagger|p1a: Yveltal
|-boost|p1a: Yveltal|atk|2
|-start|p1a: Yveltal|confusion
|-activate|p1a: Yveltal|confusion
|move|p1a: Yveltal|Knock Off|p2a: Marshadow
|-enditem|p2a: Marshadow|Focus Sash
|-damage|p2a: Marshadow|1/100
|
|upkeep
|turn|21
|
|t:|1624458536
|-activate|p1a: Yveltal|confusion
|move|p1a: Yveltal|Sucker Punch|p2a: Marshadow
|-damage|p2a: Marshadow|0 fnt
|faint|p2a: Marshadow
|
|upkeep
|
|t:|1624458541
|switch|p2a: Xerneas|Xerneas|27/100
|-ability|p2a: Xerneas|Fairy Aura
|turn|22
|
|t:|1624458545
|-end|p1a: Yveltal|confusion
|move|p1a: Yveltal|Knock Off|p2a: Xerneas
|-resisted|p2a: Xerneas
|-damage|p2a: Xerneas|0 fnt
|-enditem|p2a: Xerneas|Leftovers|[from] move: Knock Off|[of] p1a: Yveltal
|faint|p2a: Xerneas
|
|upkeep
|
|t:|1624458548
|switch|p2a: Yveltal|Yveltal|52/100
|-ability|p2a: Yveltal|Dark Aura
|turn|23
|
|t:|1624458552
|move|p1a: Yveltal|Sucker Punch|p2a: Yveltal
|-resisted|p2a: Yveltal
|-damage|p2a: Yveltal|7/100
|move|p2a: Yveltal|Body Slam|p1a: Yveltal
|-damage|p1a: Yveltal|73/100
|-status|p1a: Yveltal|par
|
|upkeep
|turn|24
|
|t:|1624458559
|cant|p1a: Yveltal|par
|move|p2a: Yveltal|Rock Slide|p1a: Yveltal
|-supereffective|p1a: Yveltal
|-damage|p1a: Yveltal|27/100 par
|
|upkeep
|turn|25
|l| Theredcaterpillar
|
|t:|1624458565
|move|p1a: Yveltal|Sucker Punch|p2a: Yveltal
|-resisted|p2a: Yveltal
|-damage|p2a: Yveltal|0 fnt
|faint|p2a: Yveltal
|
|win|Vishnu Teja
|n|☆Vishnu Teja|vishnuteja
|n|☆RIP_Player|ripplayer
|n|*Lady Monita|ladymonita
|n| Chrus is nub|chrusisnub
|n| metjet111|metjet111
|n| Meminger21|meminger21
|n| venson04|venson04
|n| SaberSerenity|saberserenity
|n| Timpasstrategique|timpasstrategique
|n| Nael222|nael222
|n| JacobJMU|jacobjmu
