|j|☆TheSunGod_Helios
|j|☆bald ben
|t:|1637423010
|gametype|singles
|player|p1|TheSunGod_Helios|iris-gen5bw2|
|player|p2|bald ben|pokekid|
|teamsize|p1|6
|teamsize|p2|6
|gen|8
|tier|[Gen 8] Ubers
|rated|Tournament battle
|rule|Sleep Clause Mod: Limit one foe put to sleep
|rule|Species Clause: Limit one of each Pokémon
|rule|OHKO Clause: OHKO moves are banned
|rule|Evasion Moves Clause: Evasion moves are banned
|rule|Endless Battle Clause: Forcing endless battles is banned
|rule|HP Percentage Mod: HP is shown in percentages
|rule|Dynamax Clause: You cannot dynamax
|clearpoke
|poke|p1|Regieleki|
|poke|p1|Thundurus-Therian, M|
|poke|p1|Tapu Bulu|
|poke|p1|Necrozma-Dusk-Mane|
|poke|p1|Blissey, F|
|poke|p1|Yveltal|
|poke|p2|Groudon|
|poke|p2|Blissey, F|
|poke|p2|Eternatus|
|poke|p2|Lunala|
|poke|p2|Ho-Oh|
|poke|p2|Heatran, M|
|teampreview
|inactive|Battle timer is ON: inactive players will automatically lose when time's up. (requested by TheSunGod_Helios)
|inactive|bald ben also wants the timer to be on.
|
|t:|1637423031
|start
|switch|p1a: Regieleki|Regieleki|100/100
|switch|p2a: Eternatus|Eternatus|100/100
|-ability|p2a: Eternatus|Pressure
|turn|1
|
|t:|1637423034
|move|p1a: Regieleki|Volt Switch|p2a: Eternatus
|-resisted|p2a: Eternatus
|-damage|p2a: Eternatus|77/100
|
|t:|1637423036
|switch|p1a: Blissey|Blissey, F|100/100|[from]move: Volt Switch
|move|p2a: Eternatus|Toxic Spikes|p1a: Blissey
|-sidestart|p1: TheSunGod_Helios|move: Toxic Spikes
|
|-heal|p2a: Eternatus|83/100|[from] item: Black Sludge
|upkeep
|turn|2
|j| emeric pokemon
|
|t:|1637423063
|switch|p2a: Groudon|Groudon|100/100
|-weather|SunnyDay|[from] ability: Drought|[of] p2a: Groudon
|move|p1a: Blissey|Thunder Wave|p2a: Groudon
|-immune|p2a: Groudon
|
|-weather|SunnyDay|[upkeep]
|upkeep
|turn|3
|
|t:|1637423068
|switch|p1a: Tapu Bulu|Tapu Bulu|100/100
|-status|p1a: Tapu Bulu|psn
|-fieldstart|move: Grassy Terrain|[from] ability: Grassy Surge|[of] p1a: Tapu Bulu
|move|p2a: Groudon|Precipice Blades|p1a: Tapu Bulu
|-resisted|p1a: Tapu Bulu
|-damage|p1a: Tapu Bulu|79/100 psn
|
|-weather|SunnyDay|[upkeep]
|-heal|p1a: Tapu Bulu|86/100 psn|[from] Grassy Terrain
|-heal|p1a: Tapu Bulu|92/100 psn|[from] item: Leftovers
|-damage|p1a: Tapu Bulu|79/100 psn|[from] psn
|upkeep
|turn|4
|
|t:|1637423083
|switch|p2a: Heatran|Heatran, M|100/100
|switch|p1a: Thundurus|Thundurus-Therian, M|100/100
|
|-weather|SunnyDay|[upkeep]
|upkeep
|turn|5
|
|t:|1637423096
|move|p1a: Thundurus|Volt Switch|p2a: Heatran
|-damage|p2a: Heatran|70/100
|-damage|p1a: Thundurus|91/100|[from] item: Life Orb
|
|t:|1637423100
|switch|p1a: Yveltal|Yveltal|100/100|[from]move: Volt Switch
|-ability|p1a: Yveltal|Dark Aura
|move|p2a: Heatran|Magma Storm|p1a: Yveltal
|-damage|p1a: Yveltal|65/100
|-activate|p1a: Yveltal|move: Magma Storm|[of] p2a: Heatran
|
|-weather|SunnyDay|[upkeep]
|-heal|p2a: Heatran|76/100|[from] Grassy Terrain
|-heal|p2a: Heatran|82/100|[from] item: Leftovers
|-damage|p1a: Yveltal|53/100|[from] move: Magma Storm|[partiallytrapped]
|upkeep
|turn|6
|j|+AM
|inactive|TheSunGod_Helios has 120 seconds left.
|
|t:|1637423128
|move|p2a: Heatran|Protect|p2a: Heatran
|-singleturn|p2a: Heatran|Protect
|move|p1a: Yveltal|U-turn|p2a: Heatran
|-activate|p2a: Heatran|move: Protect
|
|-weather|none
|-heal|p2a: Heatran|89/100|[from] Grassy Terrain
|-heal|p2a: Heatran|95/100|[from] item: Leftovers
|-damage|p1a: Yveltal|41/100|[from] move: Magma Storm|[partiallytrapped]
|upkeep
|turn|7
|
|t:|1637423137
|move|p1a: Yveltal|Roost|p1a: Yveltal
|-heal|p1a: Yveltal|91/100
|-singleturn|p1a: Yveltal|move: Roost
|move|p2a: Heatran|Magma Storm|p1a: Yveltal
|-damage|p1a: Yveltal|65/100
|
|-heal|p1a: Yveltal|71/100|[from] Grassy Terrain
|-heal|p2a: Heatran|100/100|[from] Grassy Terrain
|-damage|p1a: Yveltal|59/100|[from] move: Magma Storm|[partiallytrapped]
|-fieldend|move: Grassy Terrain
|upkeep
|turn|8
|
|t:|1637423148
|move|p1a: Yveltal|Roost|p1a: Yveltal
|-heal|p1a: Yveltal|100/100
|-singleturn|p1a: Yveltal|move: Roost
|move|p2a: Heatran|Stealth Rock|p1a: Yveltal
|-sidestart|p1: TheSunGod_Helios|move: Stealth Rock
|
|-damage|p1a: Yveltal|88/100|[from] move: Magma Storm|[partiallytrapped]
|upkeep
|turn|9
|
|t:|1637423156
|switch|p2a: Eternatus|Eternatus|83/100
|-ability|p2a: Eternatus|Pressure
|move|p1a: Yveltal|Defog|p2a: Eternatus
|-unboost|p2a: Eternatus|evasion|1
|-sideend|p1: TheSunGod_Helios|Toxic Spikes|[from] move: Defog|[of] p1a: Yveltal
|-sideend|p1: TheSunGod_Helios|Stealth Rock|[from] move: Defog|[of] p1a: Yveltal
|
|-heal|p2a: Eternatus|89/100|[from] item: Black Sludge
|-end|p1a: Yveltal|Magma Storm|[partiallytrapped]
|upkeep
|turn|10
|j| steve77s
|
|t:|1637423173
|move|p2a: Eternatus|Toxic Spikes|p1a: Yveltal
|-sidestart|p1: TheSunGod_Helios|move: Toxic Spikes
|move|p1a: Yveltal|Knock Off|p2a: Eternatus
|-crit|p2a: Eternatus
|-damage|p2a: Eternatus|40/100
|-enditem|p2a: Eternatus|Black Sludge|[from] move: Knock Off|[of] p1a: Yveltal
|
|upkeep
|turn|11
|
|t:|1637423194
|move|p2a: Eternatus|Recover|p2a: Eternatus
|-heal|p2a: Eternatus|90/100
|move|p1a: Yveltal|U-turn|p2a: Eternatus
|-resisted|p2a: Eternatus
|-damage|p2a: Eternatus|84/100
|inactive|TheSunGod_Helios has 120 seconds left.
|
|t:|1637423205
|switch|p1a: Necrozma|Necrozma-Dusk-Mane|100/100|[from]move: U-turn
|
|upkeep
|turn|12
|
|t:|1637423209
|switch|p2a: Groudon|Groudon|100/100
|-weather|SunnyDay|[from] ability: Drought|[of] p2a: Groudon
|move|p1a: Necrozma|Thunder Wave|p2a: Groudon
|-immune|p2a: Groudon
|
|-weather|SunnyDay|[upkeep]
|upkeep
|turn|13
|inactive|TheSunGod_Helios has 120 seconds left.
|
|t:|1637423231
|switch|p1a: Yveltal|Yveltal|88/100
|-ability|p1a: Yveltal|Dark Aura
|move|p2a: Groudon|Precipice Blades|p1a: Yveltal
|-immune|p1a: Yveltal
|
|-weather|SunnyDay|[upkeep]
|upkeep
|turn|14
|
|t:|1637423238
|switch|p1a: Tapu Bulu|Tapu Bulu|79/100 psn
|-fieldstart|move: Grassy Terrain|[from] ability: Grassy Surge|[of] p1a: Tapu Bulu
|move|p2a: Groudon|Swords Dance|p2a: Groudon
|-boost|p2a: Groudon|atk|2
|
|-weather|SunnyDay|[upkeep]
|-heal|p1a: Tapu Bulu|86/100 psn|[from] Grassy Terrain
|-heal|p1a: Tapu Bulu|92/100 psn|[from] item: Leftovers
|-damage|p1a: Tapu Bulu|79/100 psn|[from] psn
|upkeep
|turn|15
|
|t:|1637423245
|switch|p2a: Ho-Oh|Ho-Oh|100/100
|move|p1a: Tapu Bulu|Horn Leech|p2a: Ho-Oh
|-resisted|p2a: Ho-Oh
|-damage|p2a: Ho-Oh|94/100
|-heal|p1a: Tapu Bulu|84/100 psn|[from] drain|[of] p2a: Ho-Oh
|
|-weather|SunnyDay|[upkeep]
|-heal|p1a: Tapu Bulu|90/100 psn|[from] Grassy Terrain
|-heal|p1a: Tapu Bulu|96/100 psn|[from] item: Leftovers
|-damage|p1a: Tapu Bulu|84/100 psn|[from] psn
|upkeep
|turn|16
|inactive|TheSunGod_Helios has 120 seconds left.
|
|t:|1637423273
|switch|p1a: Thundurus|Thundurus-Therian, M|91/100
|move|p2a: Ho-Oh|Sacred Fire|p1a: Thundurus
|-damage|p1a: Thundurus|0 fnt
|faint|p1a: Thundurus
|
|-weather|none
|upkeep
|
|t:|1637423295
|switch|p1a: Regieleki|Regieleki|100/100
|-status|p1a: Regieleki|psn
|turn|17
|
|t:|1637423309
|switch|p2a: Groudon|Groudon|100/100
|-weather|SunnyDay|[from] ability: Drought|[of] p2a: Groudon
|move|p1a: Regieleki|Reflect|p1a: Regieleki
|-sidestart|p1: TheSunGod_Helios|Reflect
|
|-weather|SunnyDay|[upkeep]
|-damage|p1a: Regieleki|88/100 psn|[from] psn
|upkeep
|turn|18
|inactive|TheSunGod_Helios has 90 seconds left.
|
|t:|1637423339
|switch|p1a: Tapu Bulu|Tapu Bulu|84/100 psn
|move|p2a: Groudon|Rock Tomb|p1a: Tapu Bulu|[miss]
|-miss|p2a: Groudon|p1a: Tapu Bulu
|
|-weather|SunnyDay|[upkeep]
|-heal|p1a: Tapu Bulu|90/100 psn|[from] Grassy Terrain
|-heal|p1a: Tapu Bulu|96/100 psn|[from] item: Leftovers
|-damage|p1a: Tapu Bulu|84/100 psn|[from] psn
|-fieldend|move: Grassy Terrain
|upkeep
|turn|19
|inactive|TheSunGod_Helios has 90 seconds left.
|j| Mila Jaymes
|
|t:|1637423369
|switch|p2a: Heatran|Heatran, M|100/100
|move|p1a: Tapu Bulu|Horn Leech|p2a: Heatran
|-resisted|p2a: Heatran
|-damage|p2a: Heatran|94/100
|-heal|p1a: Tapu Bulu|87/100 psn|[from] drain|[of] p2a: Heatran
|
|-weather|SunnyDay|[upkeep]
|-heal|p2a: Heatran|99/100|[from] item: Leftovers
|-heal|p1a: Tapu Bulu|94/100 psn|[from] item: Leftovers
|-damage|p1a: Tapu Bulu|81/100 psn|[from] psn
|upkeep
|turn|20
|l| Mila Jaymes
|
|t:|1637423383
|switch|p1a: Blissey|Blissey, F|100/100
|-status|p1a: Blissey|psn
|move|p2a: Heatran|Protect||[still]
|-fail|p2a: Heatran
|
|-weather|SunnyDay|[upkeep]
|-heal|p2a: Heatran|100/100|[from] item: Leftovers
|-damage|p1a: Blissey|88/100 psn|[from] psn
|upkeep
|turn|21
|
|t:|1637423386
|move|p2a: Heatran|Stealth Rock|p1a: Blissey
|-sidestart|p1: TheSunGod_Helios|move: Stealth Rock
|move|p1a: Blissey|Teleport|p1a: Blissey
|
|t:|1637423388
|-curestatus|p1a: Blissey|psn|[from] ability: Natural Cure
|switch|p1a: Yveltal|Yveltal|88/100|[from]move: Teleport
|-ability|p1a: Yveltal|Dark Aura
|
|-weather|none
|-sideend|p1: TheSunGod_Helios|Reflect
|upkeep
|turn|22
|
|t:|1637423394
|switch|p2a: Groudon|Groudon|100/100
|-weather|SunnyDay|[from] ability: Drought|[of] p2a: Groudon
|move|p1a: Yveltal|Defog|p2a: Groudon
|-unboost|p2a: Groudon|evasion|1
|-sideend|p1: TheSunGod_Helios|Toxic Spikes|[from] move: Defog|[of] p1a: Yveltal
|-sideend|p1: TheSunGod_Helios|Stealth Rock|[from] move: Defog|[of] p1a: Yveltal
|
|-weather|SunnyDay|[upkeep]
|upkeep
|turn|23
|
|t:|1637423399
|switch|p1a: Tapu Bulu|Tapu Bulu|81/100 psn
|-fieldstart|move: Grassy Terrain|[from] ability: Grassy Surge|[of] p1a: Tapu Bulu
|move|p2a: Groudon|Rock Tomb|p1a: Tapu Bulu
|-damage|p1a: Tapu Bulu|68/100 psn
|-unboost|p1a: Tapu Bulu|spe|1
|
|-weather|SunnyDay|[upkeep]
|-heal|p1a: Tapu Bulu|75/100 psn|[from] Grassy Terrain
|-heal|p1a: Tapu Bulu|81/100 psn|[from] item: Leftovers
|-damage|p1a: Tapu Bulu|68/100 psn|[from] psn
|upkeep
|turn|24
|
|t:|1637423421
|switch|p2a: Ho-Oh|Ho-Oh|100/100
|switch|p1a: Regieleki|Regieleki|88/100 psn
|
|-weather|SunnyDay|[upkeep]
|-heal|p1a: Regieleki|94/100 psn|[from] Grassy Terrain
|-damage|p1a: Regieleki|82/100 psn|[from] psn
|upkeep
|turn|25
|
|t:|1637423429
|move|p1a: Regieleki|Reflect|p1a: Regieleki
|-sidestart|p1: TheSunGod_Helios|Reflect
|move|p2a: Ho-Oh|Sacred Fire|p1a: Regieleki
|-damage|p1a: Regieleki|18/100 psn
|
|-weather|SunnyDay|[upkeep]
|-heal|p1a: Regieleki|24/100 psn|[from] Grassy Terrain
|-damage|p1a: Regieleki|12/100 psn|[from] psn
|upkeep
|turn|26
|j| gfssggregr
|
|t:|1637423437
|switch|p1a: Tapu Bulu|Tapu Bulu|68/100 psn
|switch|p2a: Groudon|Groudon|100/100
|
|-weather|none
|-heal|p1a: Tapu Bulu|75/100 psn|[from] Grassy Terrain
|-heal|p1a: Tapu Bulu|81/100 psn|[from] item: Leftovers
|-damage|p1a: Tapu Bulu|68/100 psn|[from] psn
|upkeep
|turn|27
|
|t:|1637423443
|switch|p2a: Eternatus|Eternatus|84/100
|-ability|p2a: Eternatus|Pressure
|move|p1a: Tapu Bulu|Bulk Up|p1a: Tapu Bulu
|-boost|p1a: Tapu Bulu|atk|1
|-boost|p1a: Tapu Bulu|def|1
|
|-heal|p2a: Eternatus|90/100|[from] Grassy Terrain
|-heal|p1a: Tapu Bulu|75/100 psn|[from] Grassy Terrain
|-heal|p1a: Tapu Bulu|81/100 psn|[from] item: Leftovers
|-damage|p1a: Tapu Bulu|68/100 psn|[from] psn
|-fieldend|move: Grassy Terrain
|upkeep
|turn|28
|
|t:|1637423450
|switch|p2a: Ho-Oh|Ho-Oh|100/100
|move|p1a: Tapu Bulu|Bulk Up|p1a: Tapu Bulu
|-boost|p1a: Tapu Bulu|atk|1
|-boost|p1a: Tapu Bulu|def|1
|
|-heal|p1a: Tapu Bulu|75/100 psn|[from] item: Leftovers
|-damage|p1a: Tapu Bulu|62/100 psn|[from] psn
|upkeep
|turn|29
|
|t:|1637423455
|move|p1a: Tapu Bulu|Bulk Up|p1a: Tapu Bulu
|-boost|p1a: Tapu Bulu|atk|1
|-boost|p1a: Tapu Bulu|def|1
|move|p2a: Ho-Oh|Whirlwind|p1a: Tapu Bulu
|drag|p1a: Yveltal|Yveltal|88/100
|-ability|p1a: Yveltal|Dark Aura
|
|-sideend|p1: TheSunGod_Helios|Reflect
|upkeep
|turn|30
|
|t:|1637423462
|switch|p2a: Eternatus|Eternatus|90/100
|-ability|p2a: Eternatus|Pressure
|move|p1a: Yveltal|Knock Off|p2a: Eternatus
|-damage|p2a: Eternatus|70/100
|
|upkeep
|turn|31
|
|t:|1637423465
|switch|p1a: Necrozma|Necrozma-Dusk-Mane|100/100
|move|p2a: Eternatus|Toxic Spikes|p1a: Necrozma
|-sidestart|p1: TheSunGod_Helios|move: Toxic Spikes
|
|upkeep
|turn|32
|
|t:|1637423469
|switch|p2a: Groudon|Groudon|100/100
|-weather|SunnyDay|[from] ability: Drought|[of] p2a: Groudon
|move|p1a: Necrozma|Stealth Rock|p2a: Groudon
|-sidestart|p2: bald ben|move: Stealth Rock
|
|-weather|SunnyDay|[upkeep]
|upkeep
|turn|33
|
|t:|1637423478
|switch|p1a: Tapu Bulu|Tapu Bulu|62/100 psn
|-fieldstart|move: Grassy Terrain|[from] ability: Grassy Surge|[of] p1a: Tapu Bulu
|move|p2a: Groudon|Rock Tomb|p1a: Tapu Bulu
|-damage|p1a: Tapu Bulu|49/100 psn
|-unboost|p1a: Tapu Bulu|spe|1
|
|-weather|SunnyDay|[upkeep]
|-heal|p1a: Tapu Bulu|55/100 psn|[from] Grassy Terrain
|-heal|p1a: Tapu Bulu|61/100 psn|[from] item: Leftovers
|-damage|p1a: Tapu Bulu|49/100 psn|[from] psn
|upkeep
|turn|34
|
|t:|1637423488
|switch|p2a: Ho-Oh|Ho-Oh|100/100
|move|p1a: Tapu Bulu|Synthesis|p1a: Tapu Bulu
|-heal|p1a: Tapu Bulu|100/100 psn
|
|-weather|SunnyDay|[upkeep]
|-damage|p1a: Tapu Bulu|88/100 psn|[from] psn
|upkeep
|turn|35
|inactive|TheSunGod_Helios has 120 seconds left.
|
|t:|1637423538
|switch|p1a: Yveltal|Yveltal|88/100
|-ability|p1a: Yveltal|Dark Aura
|move|p2a: Ho-Oh|Sacred Fire|p1a: Yveltal
|-damage|p1a: Yveltal|39/100
|-status|p1a: Yveltal|brn
|
|-weather|SunnyDay|[upkeep]
|-damage|p1a: Yveltal|32/100 brn|[from] brn
|upkeep
|turn|36
|
|t:|1637423555
|move|p1a: Yveltal|Roost|p1a: Yveltal
|-heal|p1a: Yveltal|82/100 brn
|-singleturn|p1a: Yveltal|move: Roost
|move|p2a: Ho-Oh|Sacred Fire|p1a: Yveltal
|-damage|p1a: Yveltal|33/100 brn
|
|-weather|none
|-heal|p1a: Yveltal|40/100 brn|[from] Grassy Terrain
|-damage|p1a: Yveltal|33/100 brn|[from] brn
|upkeep
|turn|37
|
|t:|1637423565
|switch|p2a: Eternatus|Eternatus|70/100
|-damage|p2a: Eternatus|57/100|[from] Stealth Rock
|-ability|p2a: Eternatus|Pressure
|move|p1a: Yveltal|Roost|p1a: Yveltal
|-heal|p1a: Yveltal|84/100 brn
|-singleturn|p1a: Yveltal|move: Roost
|
|-heal|p2a: Eternatus|64/100|[from] Grassy Terrain
|-heal|p1a: Yveltal|90/100 brn|[from] Grassy Terrain
|-damage|p1a: Yveltal|84/100 brn|[from] brn
|-fieldend|move: Grassy Terrain
|upkeep
|turn|38
|
|t:|1637423577
|switch|p1a: Necrozma|Necrozma-Dusk-Mane|100/100
|move|p2a: Eternatus|Recover|p2a: Eternatus
|-heal|p2a: Eternatus|100/100
|
|upkeep
|turn|39
|inactive|TheSunGod_Helios has 120 seconds left.
|
|t:|1637423602
|switch|p2a: Groudon|Groudon|100/100
|-damage|p2a: Groudon|94/100|[from] Stealth Rock
|-weather|SunnyDay|[from] ability: Drought|[of] p2a: Groudon
|switch|p1a: Tapu Bulu|Tapu Bulu|88/100 psn
|-fieldstart|move: Grassy Terrain|[from] ability: Grassy Surge|[of] p1a: Tapu Bulu
|
|-weather|SunnyDay|[upkeep]
|-heal|p2a: Groudon|100/100|[from] Grassy Terrain
|-heal|p1a: Tapu Bulu|94/100 psn|[from] Grassy Terrain
|-heal|p1a: Tapu Bulu|100/100 psn|[from] item: Leftovers
|-damage|p1a: Tapu Bulu|88/100 psn|[from] psn
|upkeep
|turn|40
|
|t:|1637423616
|switch|p2a: Heatran|Heatran, M|100/100
|-damage|p2a: Heatran|88/100|[from] Stealth Rock
|switch|p1a: Yveltal|Yveltal|84/100 brn
|-ability|p1a: Yveltal|Dark Aura
|
|-weather|SunnyDay|[upkeep]
|-heal|p2a: Heatran|94/100|[from] Grassy Terrain
|-heal|p2a: Heatran|100/100|[from] item: Leftovers
|-damage|p1a: Yveltal|77/100 brn|[from] brn
|upkeep
|turn|41
|
|t:|1637423620
|move|p1a: Yveltal|Knock Off|p2a: Heatran
|-damage|p2a: Heatran|77/100
|-enditem|p2a: Heatran|Leftovers|[from] move: Knock Off|[of] p1a: Yveltal
|move|p2a: Heatran|Magma Storm|p1a: Yveltal
|-damage|p1a: Yveltal|44/100 brn
|-activate|p1a: Yveltal|move: Magma Storm|[of] p2a: Heatran
|
|-weather|SunnyDay|[upkeep]
|-heal|p2a: Heatran|84/100|[from] Grassy Terrain
|-damage|p1a: Yveltal|38/100 brn|[from] brn
|-damage|p1a: Yveltal|25/100 brn|[from] move: Magma Storm|[partiallytrapped]
|upkeep
|turn|42
|
|t:|1637423627
|move|p1a: Yveltal|Roost|p1a: Yveltal
|-heal|p1a: Yveltal|75/100 brn
|-singleturn|p1a: Yveltal|move: Roost
|move|p2a: Heatran|Stealth Rock|p1a: Yveltal
|-sidestart|p1: TheSunGod_Helios|move: Stealth Rock
|
|-weather|SunnyDay|[upkeep]
|-heal|p1a: Yveltal|82/100 brn|[from] Grassy Terrain
|-heal|p2a: Heatran|90/100|[from] Grassy Terrain
|-damage|p1a: Yveltal|75/100 brn|[from] brn
|-damage|p1a: Yveltal|63/100 brn|[from] move: Magma Storm|[partiallytrapped]
|upkeep
|turn|43
|
|t:|1637423633
|move|p1a: Yveltal|Defog|p2a: Heatran
|-unboost|p2a: Heatran|evasion|1
|-sideend|p2: bald ben|Stealth Rock|[from] move: Defog|[of] p1a: Yveltal
|-sideend|p1: TheSunGod_Helios|Toxic Spikes|[from] move: Defog|[of] p1a: Yveltal
|-sideend|p1: TheSunGod_Helios|Stealth Rock|[from] move: Defog|[of] p1a: Yveltal
|-fieldend|move: Grassy Terrain
|move|p2a: Heatran|Magma Storm|p1a: Yveltal
|-damage|p1a: Yveltal|30/100 brn
|
|-weather|none
|-damage|p1a: Yveltal|23/100 brn|[from] brn
|-damage|p1a: Yveltal|11/100 brn|[from] move: Magma Storm|[partiallytrapped]
|upkeep
|turn|44
|
|t:|1637423643
|move|p1a: Yveltal|Roost|p1a: Yveltal
|-heal|p1a: Yveltal|61/100 brn
|-singleturn|p1a: Yveltal|move: Roost
|move|p2a: Heatran|Stealth Rock|p1a: Yveltal
|-sidestart|p1: TheSunGod_Helios|move: Stealth Rock
|
|-damage|p1a: Yveltal|55/100 brn|[from] brn
|-damage|p1a: Yveltal|43/100 brn|[from] move: Magma Storm|[partiallytrapped]
|upkeep
|turn|45
|
|t:|1637423660
|switch|p2a: Groudon|Groudon|100/100
|-weather|SunnyDay|[from] ability: Drought|[of] p2a: Groudon
|move|p1a: Yveltal|Roost|p1a: Yveltal
|-heal|p1a: Yveltal|93/100 brn
|-singleturn|p1a: Yveltal|move: Roost
|
|-weather|SunnyDay|[upkeep]
|-damage|p1a: Yveltal|87/100 brn|[from] brn
|-end|p1a: Yveltal|Magma Storm|[partiallytrapped]|[silent]
|upkeep
|turn|46
|
|t:|1637423680
|move|p1a: Yveltal|Defog|p2a: Groudon
|-unboost|p2a: Groudon|evasion|1
|-sideend|p1: TheSunGod_Helios|Stealth Rock|[from] move: Defog|[of] p1a: Yveltal
|move|p2a: Groudon|Swords Dance|p2a: Groudon
|-boost|p2a: Groudon|atk|2
|
|-weather|SunnyDay|[upkeep]
|-damage|p1a: Yveltal|80/100 brn|[from] brn
|upkeep
|turn|47
|
|t:|1637423692
|switch|p1a: Regieleki|Regieleki|12/100 psn
|move|p2a: Groudon|Swords Dance|p2a: Groudon
|-boost|p2a: Groudon|atk|2
|
|-weather|SunnyDay|[upkeep]
|-damage|p1a: Regieleki|0 fnt|[from] psn
|faint|p1a: Regieleki
|upkeep
|
|t:|1637423696
|switch|p1a: Tapu Bulu|Tapu Bulu|88/100 psn
|-fieldstart|move: Grassy Terrain|[from] ability: Grassy Surge|[of] p1a: Tapu Bulu
|turn|48
|
|t:|1637423700
|move|p2a: Groudon|Precipice Blades|p1a: Tapu Bulu
|-resisted|p1a: Tapu Bulu
|-damage|p1a: Tapu Bulu|30/100 psn
|move|p1a: Tapu Bulu|Horn Leech|p2a: Groudon
|-supereffective|p2a: Groudon
|-damage|p2a: Groudon|56/100
|-heal|p1a: Tapu Bulu|56/100 psn|[from] drain|[of] p2a: Groudon
|
|-weather|SunnyDay|[upkeep]
|-heal|p2a: Groudon|62/100|[from] Grassy Terrain
|-heal|p2a: Groudon|68/100|[from] item: Leftovers
|-heal|p1a: Tapu Bulu|63/100 psn|[from] Grassy Terrain
|-heal|p1a: Tapu Bulu|69/100 psn|[from] item: Leftovers
|-damage|p1a: Tapu Bulu|56/100 psn|[from] psn
|upkeep
|turn|49
|
|t:|1637423707
|move|p2a: Groudon|Precipice Blades|p1a: Tapu Bulu
|-resisted|p1a: Tapu Bulu
|-damage|p1a: Tapu Bulu|0 fnt
|faint|p1a: Tapu Bulu
|
|-weather|none
|-heal|p2a: Groudon|74/100|[from] Grassy Terrain
|-heal|p2a: Groudon|81/100|[from] item: Leftovers
|upkeep
|c|☆TheSunGod_Helios|gg
|c|☆bald ben|gg
|-message|TheSunGod_Helios forfeited.
|
|win|bald ben
|n|☆TheSunGod_Helios|thesungodhelios
|n|☆bald ben|baldben
|n| emeric pokemon|emericpokemon
|n|+AM|am
|n| steve77s|steve77s
|n| gfssggregr|gfssggregr
|l|☆TheSunGod_Helios
|l|+AM
|l| gfssggregr
|l|☆bald ben
