|j|☆Dun 26
|j|☆Ryuk7988
|t:|1667654360
|gametype|singles
|player|p1|Dun 26|skyla|
|player|p2|Ryuk7988|benga|
|teamsize|p1|6
|teamsize|p2|6
|gen|8
|tier|[Gen 8] Ubers
|rated|Tournament battle
|rule|Sleep Clause Mod: Limit one foe put to sleep
|rule|Species Clause: Limit one of each Pokémon
|rule|OHKO Clause: OHKO moves are banned
|rule|Evasion Items Clause: Evasion items are banned
|rule|Evasion Moves Clause: Evasion moves are banned
|rule|Endless Battle Clause: Forcing endless battles is banned
|rule|HP Percentage Mod: HP is shown in percentages
|rule|Dynamax Clause: You cannot dynamax
|clearpoke
|poke|p1|Shuckle, M|
|poke|p1|Yveltal|
|poke|p1|Zekrom|
|poke|p1|Necrozma-Dusk-Mane|
|poke|p1|Ho-Oh|
|poke|p1|Marshadow|
|poke|p2|Kyogre|
|poke|p2|Calyrex-Shadow|
|poke|p2|Eternatus|
|poke|p2|Necrozma-Dusk-Mane|
|poke|p2|Zygarde|
|poke|p2|Yveltal|
|teampreview
|j| iamnotagenius
|c|☆Dun 26|Gl
|c|☆Dun 26|Let's have fun
|
|t:|1667654378
|start
|switch|p1a: Mini-torti|Shuckle, M|100/100
|switch|p2a: Necrozma|Necrozma-Dusk-Mane|100/100
|turn|1
|
|t:|1667654384
|move|p2a: Necrozma|Stealth Rock|p1a: Mini-torti
|-sidestart|p1: Dun 26|move: Stealth Rock
|move|p1a: Mini-torti|Sticky Web|p2a: Necrozma
|-sidestart|p2: Ryuk7988|move: Sticky Web
|
|upkeep
|turn|2
|
|t:|1667654389
|move|p2a: Necrozma|Iron Head|p1a: Mini-torti
|-supereffective|p1a: Mini-torti
|-damage|p1a: Mini-torti|54/100
|move|p1a: Mini-torti|Sticky Web||[still]
|-fail|p1a: Mini-torti
|
|upkeep
|turn|3
|
|t:|1667654396
|move|p2a: Necrozma|Iron Head|p1a: Mini-torti
|-supereffective|p1a: Mini-torti
|-damage|p1a: Mini-torti|11/100
|move|p1a: Mini-torti|Stealth Rock|p2a: Necrozma
|-sidestart|p2: Ryuk7988|move: Stealth Rock
|
|upkeep
|turn|4
|
|t:|1667654402
|move|p2a: Necrozma|Iron Head|p1a: Mini-torti
|-supereffective|p1a: Mini-torti
|-damage|p1a: Mini-torti|0 fnt
|faint|p1a: Mini-torti
|
|upkeep
|
|t:|1667654404
|switch|p1a: NTR|Yveltal|100/100
|-damage|p1a: NTR|76/100|[from] Stealth Rock
|-ability|p1a: NTR|Dark Aura
|turn|5
|
|t:|1667654411
|move|p1a: NTR|Knock Off|p2a: Necrozma
|-supereffective|p2a: Necrozma
|-crit|p2a: Necrozma
|-damage|p2a: Necrozma|0 fnt
|-enditem|p2a: Necrozma|Leftovers|[from] move: Knock Off|[of] p1a: NTR
|faint|p2a: Necrozma
|
|upkeep
|
|t:|1667654417
|switch|p2a: Yveltal|Yveltal|100/100
|-ability|p2a: Yveltal|Dark Aura
|turn|6
|
|t:|1667654423
|move|p2a: Yveltal|Defog|p1a: NTR
|-unboost|p1a: NTR|evasion|1
|-sideend|p1: Dun 26|Stealth Rock|[from] move: Defog|[of] p2a: Yveltal
|-sideend|p2: Ryuk7988|Stealth Rock|[from] move: Defog|[of] p2a: Yveltal
|-sideend|p2: Ryuk7988|Sticky Web|[from] move: Defog|[of] p2a: Yveltal
|move|p1a: NTR|Knock Off|p2a: Yveltal
|-resisted|p2a: Yveltal
|-damage|p2a: Yveltal|49/100
|-enditem|p2a: Yveltal|Heavy-Duty Boots|[from] move: Knock Off|[of] p1a: NTR
|
|upkeep
|turn|7
|
|t:|1667654434
|switch|p1a: RIP la méta|Zekrom|100/100
|-ability|p1a: RIP la méta|Teravolt
|move|p2a: Yveltal|U-turn|p1a: RIP la méta
|-damage|p1a: RIP la méta|82/100
|
|t:|1667654442
|switch|p2a: Zygarde|Zygarde|100/100|[from]move: U-turn
|
|upkeep
|turn|8
|
|t:|1667654447
|move|p1a: RIP la méta|Outrage|p2a: Zygarde
|-supereffective|p2a: Zygarde
|-crit|p2a: Zygarde
|-damage|p2a: Zygarde|0 fnt
|faint|p2a: Zygarde
|
|upkeep
|
|t:|1667654454
|switch|p2a: Eternatus|Eternatus|100/100
|-ability|p2a: Eternatus|Pressure
|turn|9
|
|t:|1667654462
|move|p2a: Eternatus|Mystical Fire|p1a: RIP la méta
|-resisted|p1a: RIP la méta
|-damage|p1a: RIP la méta|71/100
|-unboost|p1a: RIP la méta|spa|1
|move|p1a: RIP la méta|Outrage|p2a: Eternatus|[from]lockedmove
|-supereffective|p2a: Eternatus
|-enditem|p2a: Eternatus|Haban Berry|[eat]
|-enditem|p2a: Eternatus|Haban Berry|[weaken]
|-damage|p2a: Eternatus|22/100
|-start|p1a: RIP la méta|confusion|[fatigue]
|
|upkeep
|turn|10
|j|+Hoennseptile
|
|t:|1667654472
|switch|p1a: BOOUM :)|Ho-Oh|100/100
|move|p2a: Eternatus|Dynamax Cannon|p1a: BOOUM :)
|-damage|p1a: BOOUM :)|72/100
|
|upkeep
|turn|11
|
|t:|1667654478
|switch|p2a: Kyogre|Kyogre|100/100
|-weather|RainDance|[from] ability: Drizzle|[of] p2a: Kyogre
|move|p1a: BOOUM :)|Brave Bird|p2a: Kyogre
|-damage|p2a: Kyogre|9/100
|-damage|p1a: BOOUM :)|37/100|[from] Recoil
|
|-weather|RainDance|[upkeep]
|-heal|p2a: Kyogre|15/100|[from] item: Leftovers
|upkeep
|turn|12
|
|t:|1667654488
|move|p1a: BOOUM :)|Brave Bird|p2a: Kyogre
|-damage|p2a: Kyogre|0 fnt
|faint|p2a: Kyogre
|-damage|p1a: BOOUM :)|32/100|[from] Recoil
|
|-weather|RainDance|[upkeep]
|upkeep
|
|t:|1667654496
|switch|p2a: Calyrex|Calyrex-Shadow|100/100
|-ability|p2a: Calyrex|As One
|-ability|p2a: Calyrex|Unnerve
|turn|13
|
|t:|1667654505
|switch|p1a: NTR|Yveltal|76/100
|-ability|p1a: NTR|Dark Aura
|move|p2a: Calyrex|Astral Barrage|p1a: NTR
|-resisted|p1a: NTR
|-crit|p1a: NTR
|-damage|p1a: NTR|39/100
|
|-weather|RainDance|[upkeep]
|upkeep
|turn|14
|
|t:|1667654523
|move|p2a: Calyrex|Astral Barrage|p1a: NTR
|-resisted|p1a: NTR
|-damage|p1a: NTR|12/100
|move|p1a: NTR|Knock Off|p2a: Calyrex
|-supereffective|p2a: Calyrex
|-damage|p2a: Calyrex|0 fnt
|-enditem|p2a: Calyrex|Choice Scarf|[from] move: Knock Off|[of] p1a: NTR
|faint|p2a: Calyrex
|
|-weather|RainDance|[upkeep]
|upkeep
|
|t:|1667654533
|switch|p2a: Yveltal|Yveltal|49/100
|-ability|p2a: Yveltal|Dark Aura
|turn|15
|
|t:|1667654540
|switch|p1a: BOOUM :)|Ho-Oh|65/100
|move|p2a: Yveltal|Knock Off|p1a: BOOUM :)
|-damage|p1a: BOOUM :)|10/100
|-enditem|p1a: BOOUM :)|Choice Band|[from] move: Knock Off|[of] p2a: Yveltal
|
|-weather|none
|upkeep
|turn|16
|c|☆Dun 26|Gg
|
|t:|1667654560
|move|p2a: Yveltal|Roost|p2a: Yveltal
|-heal|p2a: Yveltal|99/100
|-singleturn|p2a: Yveltal|move: Roost
|move|p1a: BOOUM :)|Brave Bird|p2a: Yveltal
|-damage|p2a: Yveltal|42/100
|-damage|p1a: BOOUM :)|0 fnt|[from] Recoil
|faint|p1a: BOOUM :)
|
|upkeep
|
|t:|1667654563
|switch|p1a: Jason Stattam|Marshadow|100/100
|turn|17
|
|t:|1667654571
|move|p1a: Jason Stattam|Close Combat|p2a: Yveltal
|-damage|p2a: Yveltal|0 fnt
|-unboost|p1a: Jason Stattam|def|1
|-unboost|p1a: Jason Stattam|spd|1
|faint|p2a: Yveltal
|
|upkeep
|
|t:|1667654578
|switch|p2a: Eternatus|Eternatus|22/100
|-ability|p2a: Eternatus|Pressure
|turn|18
|
|t:|1667654583
|move|p1a: Jason Stattam|Close Combat|p2a: Eternatus
|-resisted|p2a: Eternatus
|-damage|p2a: Eternatus|0 fnt
|-unboost|p1a: Jason Stattam|def|1
|-unboost|p1a: Jason Stattam|spd|1
|faint|p2a: Eternatus
|
|win|Dun 26
|n|☆Dun 26|dun26
|n|☆Ryuk7988|ryuk7988
|n| iamnotagenius|iamnotagenius
|n| Hoennseptile|hoennseptile
