|j|☆Rell27
|j|☆Nintendoman1998
|t:|1616531465
|player|p1|Rell27|1|1676
|player|p2|Nintendoman1998|colress|1539
|teamsize|p1|6
|teamsize|p2|6
|gametype|singles
|gen|8
|tier|[Gen 8] Ubers
|rated|
|clearpoke
|poke|p1|Eternatus|
|poke|p1|Necrozma-Dusk-Mane|
|poke|p1|Calyrex-Shadow|
|poke|p1|Yveltal|
|poke|p1|Zygarde|
|poke|p1|Xerneas|
|poke|p2|Slurpuff, M|
|poke|p2|Eternatus|
|poke|p2|Yveltal|
|poke|p2|Necrozma-Dusk-Mane|
|poke|p2|Kyogre|
|poke|p2|Calyrex-Shadow|
|rule|Sleep Clause Mod: Limit one foe put to sleep
|rule|Species Clause: Limit one of each Pokémon
|rule|OHKO Clause: OHKO moves are banned
|rule|Evasion Moves Clause: Evasion moves are banned
|rule|Endless Battle Clause: Forcing endless battles is banned
|rule|HP Percentage Mod: HP is shown in percentages
|rule|Dynamax Clause: You cannot dynamax
|teampreview
|
|t:|1616531484
|start
|switch|p1a: Calyrex|Calyrex-Shadow|100/100
|switch|p2a: Slurpuff|Slurpuff, M|100/100
|-ability|p1a: Calyrex|As One
|-ability|p1a: Calyrex|Unnerve|p2: Nintendoman1998
|turn|1
|
|t:|1616531489
|move|p1a: Calyrex|Substitute|p1a: Calyrex
|-start|p1a: Calyrex|Substitute
|-damage|p1a: Calyrex|76/100
|move|p2a: Slurpuff|Sticky Web|p1a: Calyrex
|-sidestart|p1: Rell27|move: Sticky Web
|
|upkeep
|turn|2
|
|t:|1616531494
|move|p1a: Calyrex|Leech Seed|p2a: Slurpuff
|-start|p2a: Slurpuff|move: Leech Seed
|move|p2a: Slurpuff|Misty Explosion|p1a: Calyrex
|-end|p1a: Calyrex|Substitute
|faint|p2a: Slurpuff
|
|upkeep
|
|t:|1616531514
|switch|p2a: Yveltal|Yveltal|100/100
|-ability|p2a: Yveltal|Dark Aura
|turn|3
|
|t:|1616531524
|switch|p1a: Xerneas|Xerneas|100/100
|-activate|p1a: Xerneas|move: Sticky Web
|-unboost|p1a: Xerneas|spe|1
|-ability|p1a: Xerneas|Fairy Aura
|move|p2a: Yveltal|Dark Pulse|p1a: Xerneas
|-resisted|p1a: Xerneas
|-damage|p1a: Xerneas|74/100
|-damage|p2a: Yveltal|91/100|[from] item: Life Orb
|
|upkeep
|turn|4
|
|t:|1616531534
|switch|p2a: Necrozma|Necrozma-Dusk-Mane|100/100
|move|p1a: Xerneas|Defog|p2a: Necrozma
|-unboost|p2a: Necrozma|evasion|1
|-sideend|p1: Rell27|Sticky Web|[from] move: Defog|[of] p1a: Xerneas
|
|upkeep
|turn|5
|
|t:|1616531543
|switch|p1a: Zygarde|Zygarde|100/100
|move|p2a: Necrozma|Sunsteel Strike|p1a: Zygarde
|-damage|p1a: Zygarde|54/100
|-damage|p2a: Necrozma|91/100|[from] item: Life Orb
|
|-heal|p1a: Zygarde|60/100|[from] item: Leftovers
|upkeep
|turn|6
|
|t:|1616531612
|move|p1a: Zygarde|Thousand Waves|p2a: Necrozma
|-supereffective|p2a: Necrozma
|-damage|p2a: Necrozma|56/100
|-activate|p2a: Necrozma|trapped
|move|p2a: Necrozma|Dragon Dance|p2a: Necrozma
|-boost|p2a: Necrozma|atk|1
|-boost|p2a: Necrozma|spe|1
|
|-heal|p1a: Zygarde|67/100|[from] item: Leftovers
|upkeep
|turn|7
|
|t:|1616531619
|move|p2a: Necrozma|Sunsteel Strike|p1a: Zygarde
|-damage|p1a: Zygarde|0 fnt
|-damage|p2a: Necrozma|46/100|[from] item: Life Orb
|faint|p1a: Zygarde
|
|upkeep
|
|t:|1616531624
|switch|p1a: Calyrex|Calyrex-Shadow|76/100
|-ability|p1a: Calyrex|As One
|-ability|p1a: Calyrex|Unnerve|p2: Nintendoman1998
|turn|8
|
|t:|1616531632
|switch|p2a: Yveltal|Yveltal|91/100
|-ability|p2a: Yveltal|Dark Aura
|move|p1a: Calyrex|Substitute|p1a: Calyrex
|-start|p1a: Calyrex|Substitute
|-damage|p1a: Calyrex|51/100
|
|upkeep
|turn|9
|
|t:|1616531638
|move|p1a: Calyrex|Leech Seed|p2a: Yveltal
|-start|p2a: Yveltal|move: Leech Seed
|move|p2a: Yveltal|Oblivion Wing|p1a: Calyrex
|-end|p1a: Calyrex|Substitute
|-heal|p2a: Yveltal|100/100|[from] drain|[of] p1a: Calyrex
|-damage|p2a: Yveltal|91/100|[from] item: Life Orb
|
|-damage|p2a: Yveltal|78/100|[from] Leech Seed|[of] p1a: Calyrex
|-heal|p1a: Calyrex|64/100|[silent]
|upkeep
|turn|10
|
|t:|1616531645
|switch|p2a: Necrozma|Necrozma-Dusk-Mane|46/100
|move|p1a: Calyrex|Substitute|p1a: Calyrex
|-start|p1a: Calyrex|Substitute
|-damage|p1a: Calyrex|39/100
|
|upkeep
|turn|11
|
|t:|1616531649
|move|p1a: Calyrex|Astral Barrage|p2a: Necrozma
|-supereffective|p2a: Necrozma
|-damage|p2a: Necrozma|0 fnt
|faint|p2a: Necrozma
|-ability|p1a: Calyrex|Grim Neigh|boost
|-boost|p1a: Calyrex|spa|1
|
|upkeep
|
|t:|1616531652
|switch|p2a: Yveltal|Yveltal|78/100
|-ability|p2a: Yveltal|Dark Aura
|turn|12
|
|t:|1616531655
|move|p1a: Calyrex|Leech Seed|p2a: Yveltal
|-start|p2a: Yveltal|move: Leech Seed
|move|p2a: Yveltal|Oblivion Wing|p1a: Calyrex
|-end|p1a: Calyrex|Substitute
|-heal|p2a: Yveltal|96/100|[from] drain|[of] p1a: Calyrex
|-damage|p2a: Yveltal|86/100|[from] item: Life Orb
|
|-damage|p2a: Yveltal|74/100|[from] Leech Seed|[of] p1a: Calyrex
|-heal|p1a: Calyrex|52/100|[silent]
|upkeep
|turn|13
|
|t:|1616531658
|move|p1a: Calyrex|Substitute|p1a: Calyrex
|-start|p1a: Calyrex|Substitute
|-damage|p1a: Calyrex|27/100
|move|p2a: Yveltal|Dark Pulse|p1a: Calyrex
|-supereffective|p1a: Calyrex
|-end|p1a: Calyrex|Substitute
|-damage|p2a: Yveltal|64/100|[from] item: Life Orb
|
|-damage|p2a: Yveltal|51/100|[from] Leech Seed|[of] p1a: Calyrex
|-heal|p1a: Calyrex|40/100|[silent]
|upkeep
|turn|14
|
|t:|1616531661
|move|p1a: Calyrex|Substitute|p1a: Calyrex
|-start|p1a: Calyrex|Substitute
|-damage|p1a: Calyrex|15/100
|move|p2a: Yveltal|Oblivion Wing|p1a: Calyrex
|-end|p1a: Calyrex|Substitute
|-heal|p2a: Yveltal|69/100|[from] drain|[of] p1a: Calyrex
|-damage|p2a: Yveltal|59/100|[from] item: Life Orb
|
|-damage|p2a: Yveltal|47/100|[from] Leech Seed|[of] p1a: Calyrex
|-heal|p1a: Calyrex|28/100|[silent]
|upkeep
|turn|15
|
|t:|1616531675
|switch|p1a: Yveltal|Yveltal|100/100
|-ability|p1a: Yveltal|Dark Aura
|move|p2a: Yveltal|Oblivion Wing|p1a: Yveltal
|-damage|p1a: Yveltal|53/100
|-heal|p2a: Yveltal|85/100|[from] drain|[of] p1a: Yveltal
|-damage|p2a: Yveltal|75/100|[from] item: Life Orb
|
|-damage|p2a: Yveltal|63/100|[from] Leech Seed|[of] p1a: Yveltal
|-heal|p1a: Yveltal|65/100|[silent]
|upkeep
|turn|16
|
|t:|1616531680
|switch|p2a: Eternatus|Eternatus|100/100
|-ability|p2a: Eternatus|Pressure
|move|p1a: Yveltal|Oblivion Wing|p2a: Eternatus
|-damage|p2a: Eternatus|58/100
|-heal|p1a: Yveltal|97/100|[from] drain|[of] p2a: Eternatus
|-damage|p1a: Yveltal|87/100|[from] item: Life Orb
|
|upkeep
|turn|17
|
|t:|1616531686
|switch|p1a: Necrozma|Necrozma-Dusk-Mane|100/100
|move|p2a: Eternatus|Meteor Beam||[still]
|-prepare|p2a: Eternatus|Meteor Beam
|-boost|p2a: Eternatus|spa|1
|-enditem|p2a: Eternatus|Power Herb
|-anim|p2a: Eternatus|Meteor Beam|p1a: Necrozma
|-resisted|p1a: Necrozma
|-damage|p1a: Necrozma|72/100
|
|upkeep
|turn|18
|
|t:|1616531690
|move|p2a: Eternatus|Flamethrower|p1a: Necrozma
|-supereffective|p1a: Necrozma
|-damage|p1a: Necrozma|7/100
|move|p1a: Necrozma|Thunder Wave|p2a: Eternatus
|-status|p2a: Eternatus|par
|
|upkeep
|turn|19
|
|t:|1616531694
|move|p2a: Eternatus|Flamethrower|p1a: Necrozma
|-supereffective|p1a: Necrozma
|-damage|p1a: Necrozma|0 fnt
|faint|p1a: Necrozma
|
|upkeep
|
|t:|1616531702
|switch|p1a: Xerneas|Xerneas|74/100
|-ability|p1a: Xerneas|Fairy Aura
|turn|20
|
|t:|1616531705
|move|p1a: Xerneas|Geomancy||[still]
|-prepare|p1a: Xerneas|Geomancy
|-enditem|p1a: Xerneas|Power Herb
|-anim|p1a: Xerneas|Geomancy|p1a: Xerneas
|-boost|p1a: Xerneas|spa|2
|-boost|p1a: Xerneas|spd|2
|-boost|p1a: Xerneas|spe|2
|move|p2a: Eternatus|Sludge Bomb|p1a: Xerneas
|-supereffective|p1a: Xerneas
|-damage|p1a: Xerneas|3/100
|-status|p1a: Xerneas|psn
|
|-damage|p1a: Xerneas|0 fnt|[from] psn
|faint|p1a: Xerneas
|upkeep
|
|t:|1616531717
|switch|p1a: Eternatus|Eternatus|100/100
|-ability|p1a: Eternatus|Pressure
|turn|21
|
|t:|1616531721
|move|p1a: Eternatus|Dynamax Cannon|p2a: Eternatus
|-supereffective|p2a: Eternatus
|-damage|p2a: Eternatus|0 fnt
|-damage|p1a: Eternatus|91/100|[from] item: Life Orb
|faint|p2a: Eternatus
|
|upkeep
|
|t:|1616531752
|switch|p2a: Kyogre|Kyogre|100/100
|-weather|RainDance|[from] ability: Drizzle|[of] p2a: Kyogre
|turn|22
|
|t:|1616531756
|move|p1a: Eternatus|Recover|p1a: Eternatus
|-heal|p1a: Eternatus|100/100
|move|p2a: Kyogre|Ice Beam|p1a: Eternatus
|-supereffective|p1a: Eternatus
|-damage|p1a: Eternatus|37/100
|
|-weather|RainDance|[upkeep]
|upkeep
|turn|23
|
|t:|1616531763
|move|p1a: Eternatus|Sludge Bomb|p2a: Kyogre
|-damage|p2a: Kyogre|56/100
|-damage|p1a: Eternatus|27/100|[from] item: Life Orb
|move|p2a: Kyogre|Ice Beam|p1a: Eternatus
|-supereffective|p1a: Eternatus
|-damage|p1a: Eternatus|0 fnt
|faint|p1a: Eternatus
|
|-weather|RainDance|[upkeep]
|upkeep
|
|t:|1616531770
|switch|p1a: Calyrex|Calyrex-Shadow|28/100
|-ability|p1a: Calyrex|As One
|-ability|p1a: Calyrex|Unnerve|p2: Nintendoman1998
|turn|24
|
|t:|1616531806
|switch|p2a: Yveltal|Yveltal|63/100
|-ability|p2a: Yveltal|Dark Aura
|move|p1a: Calyrex|Substitute|p1a: Calyrex
|-start|p1a: Calyrex|Substitute
|-damage|p1a: Calyrex|3/100
|
|-weather|RainDance|[upkeep]
|upkeep
|turn|25
|
|t:|1616531810
|move|p1a: Calyrex|Leech Seed|p2a: Yveltal
|-start|p2a: Yveltal|move: Leech Seed
|move|p2a: Yveltal|Oblivion Wing|p1a: Calyrex
|-end|p1a: Calyrex|Substitute
|-heal|p2a: Yveltal|80/100|[from] drain|[of] p1a: Calyrex
|-damage|p2a: Yveltal|70/100|[from] item: Life Orb
|
|-weather|RainDance|[upkeep]
|-damage|p2a: Yveltal|58/100|[from] Leech Seed|[of] p1a: Calyrex
|-heal|p1a: Calyrex|16/100|[silent]
|upkeep
|turn|26
|j| Du Hast kk
|l| Du Hast kk
|
|t:|1616531824
|move|p1a: Calyrex|Astral Barrage|p2a: Yveltal
|-resisted|p2a: Yveltal
|-damage|p2a: Yveltal|30/100
|move|p2a: Yveltal|Oblivion Wing|p1a: Calyrex
|-damage|p1a: Calyrex|0 fnt
|-heal|p2a: Yveltal|41/100|[from] drain|[of] p1a: Calyrex
|-damage|p2a: Yveltal|31/100|[from] item: Life Orb
|faint|p1a: Calyrex
|
|-weather|none
|upkeep
|
|t:|1616531826
|switch|p1a: Yveltal|Yveltal|87/100
|-ability|p1a: Yveltal|Dark Aura
|turn|27
|
|t:|1616531848
|move|p2a: Yveltal|Sucker Punch|p1a: Yveltal
|-resisted|p1a: Yveltal
|-damage|p1a: Yveltal|68/100
|-damage|p2a: Yveltal|21/100|[from] item: Life Orb
|move|p1a: Yveltal|Oblivion Wing|p2a: Yveltal
|-damage|p2a: Yveltal|0 fnt
|-heal|p1a: Yveltal|82/100|[from] drain|[of] p2a: Yveltal
|-damage|p1a: Yveltal|72/100|[from] item: Life Orb
|faint|p2a: Yveltal
|
|upkeep
|
|t:|1616531853
|switch|p2a: Kyogre|Kyogre|56/100
|-weather|RainDance|[from] ability: Drizzle|[of] p2a: Kyogre
|turn|28
|
|t:|1616531858
|move|p1a: Yveltal|Sucker Punch|p2a: Kyogre
|-damage|p2a: Kyogre|0 fnt
|-damage|p1a: Yveltal|62/100|[from] item: Life Orb
|faint|p2a: Kyogre
|
|-weather|RainDance|[upkeep]
|upkeep
|
|t:|1616531861
|switch|p2a: Calyrex|Calyrex-Shadow|100/100
|-ability|p2a: Calyrex|As One
|-ability|p2a: Calyrex|Unnerve|p1: Rell27
|turn|29
|
|t:|1616531869
|move|p2a: Calyrex|Nasty Plot|p2a: Calyrex
|-boost|p2a: Calyrex|spa|2
|move|p1a: Yveltal|Dark Pulse|p2a: Calyrex
|-supereffective|p2a: Calyrex
|-enditem|p2a: Calyrex|Focus Sash
|-damage|p2a: Calyrex|1/100
|-damage|p1a: Yveltal|52/100|[from] item: Life Orb
|
|-weather|RainDance|[upkeep]
|upkeep
|turn|30
|
|t:|1616531874
|move|p1a: Yveltal|Sucker Punch||[still]
|-fail|p1a: Yveltal
|move|p2a: Calyrex|Nasty Plot|p2a: Calyrex
|-boost|p2a: Calyrex|spa|2
|
|-weather|RainDance|[upkeep]
|upkeep
|turn|31
|
|t:|1616531878
|move|p1a: Yveltal|Sucker Punch||[still]
|-fail|p1a: Yveltal
|move|p2a: Calyrex|Nasty Plot|p2a: Calyrex
|-boost|p2a: Calyrex|spa|2
|
|-weather|RainDance|[upkeep]
|upkeep
|turn|32
|
|t:|1616531880
|move|p1a: Yveltal|Sucker Punch||[still]
|-fail|p1a: Yveltal
|move|p2a: Calyrex|Nasty Plot|p2a: Calyrex
|-boost|p2a: Calyrex|spa|0
|
|-weather|none
|upkeep
|turn|33
|
|t:|1616531884
|move|p1a: Yveltal|Sucker Punch||[still]
|-fail|p1a: Yveltal
|move|p2a: Calyrex|Nasty Plot|p2a: Calyrex
|-boost|p2a: Calyrex|spa|0
|
|upkeep
|turn|34
|
|t:|1616531891
|move|p1a: Yveltal|Sucker Punch||[still]
|-fail|p1a: Yveltal
|move|p2a: Calyrex|Nasty Plot|p2a: Calyrex
|-boost|p2a: Calyrex|spa|0
|
|upkeep
|turn|35
|
|t:|1616531895
|move|p2a: Calyrex|Draining Kiss|p1a: Yveltal
|-supereffective|p1a: Yveltal
|-damage|p1a: Yveltal|0 fnt
|-heal|p2a: Calyrex|49/100|[from] drain|[of] p1a: Yveltal
|faint|p1a: Yveltal
|
|win|Nintendoman1998
|l|☆Rell27
|c|☆Nintendoman1998|gg
|raw|Rell27's rating: 1676 &rarr; <strong>1648</strong><br />(-28 for losing)
|raw|Nintendoman1998's rating: 1539 &rarr; <strong>1567</strong><br />(+28 for winning)
