|j|☆IMPAQT
|j|☆QiYu4
|player|p1|IMPAQT|elesa|1625
|player|p2|QiYu4|psychic-gen4|1554
|teamsize|p1|6
|teamsize|p2|6
|gametype|singles
|gen|8
|tier|[Gen 8] Ubers
|rated|
|clearpoke
|poke|p1|Eternatus|
|poke|p1|Lunala|
|poke|p1|Necrozma-Dusk-Mane|
|poke|p1|Mandibuzz, F|
|poke|p1|Toxapex, M|
|poke|p1|Ditto|
|poke|p2|Zacian-Crowned|
|poke|p2|Eternatus|
|poke|p2|Necrozma-Dusk-Mane|
|poke|p2|Mewtwo|
|poke|p2|Marshadow|
|poke|p2|Lunala|
|rule|Sleep Clause Mod: Limit one foe put to sleep
|rule|Species Clause: Limit one of each Pokémon
|rule|OHKO Clause: OHKO moves are banned
|rule|Evasion Moves Clause: Evasion moves are banned
|rule|Endless Battle Clause: Forcing endless battles is banned
|rule|HP Percentage Mod: HP is shown in percentages
|teampreview
|inactive|Battle timer is ON: inactive players will automatically lose when time's up. (requested by IMPAQT)
|inactive|QiYu4 has 120 seconds left.
|
|start
|switch|p1a: Mandibuzz|Mandibuzz, F|100/100
|switch|p2a: Necrozma|Necrozma-Dusk-Mane|100/100
|turn|1
|l|☆QiYu4
|inactive|QiYu4 disconnected and has a minute to reconnect!
|player|p2|
|j|☆QiYu4
|inactive|QiYu4 reconnected and has 115 seconds left.
|player|p2|QiYu4|psychic-gen4
|
|switch|p2a: Eternatus|Eternatus|100/100
|-ability|p2a: Eternatus|Pressure
|move|p1a: Mandibuzz|Knock Off|p2a: Eternatus
|-damage|p2a: Eternatus|89/100
|-enditem|p2a: Eternatus|Black Sludge|[from] move: Knock Off|[of] p1a: Mandibuzz
|
|upkeep
|turn|2
|
|switch|p1a: Lunala|Lunala|100/100
|move|p2a: Eternatus|Toxic|p1a: Lunala
|-status|p1a: Lunala|tox
|
|-damage|p1a: Lunala|94/100 tox|[from] psn
|upkeep
|turn|3
|inactive|QiYu4 has 120 seconds left.
|
|switch|p2a: Necrozma|Necrozma-Dusk-Mane|100/100
|move|p1a: Lunala|Moongeist Beam|p2a: Necrozma
|-supereffective|p2a: Necrozma
|-damage|p2a: Necrozma|41/100
|
|-heal|p2a: Necrozma|47/100|[from] item: Leftovers
|-damage|p1a: Lunala|82/100 tox|[from] psn
|upkeep
|turn|4
|inactive|QiYu4 has 120 seconds left.
|
|switch|p2a: Eternatus|Eternatus|89/100
|-ability|p2a: Eternatus|Pressure
|move|p1a: Lunala|Moongeist Beam|p2a: Eternatus
|-damage|p2a: Eternatus|49/100
|
|-damage|p1a: Lunala|64/100 tox|[from] psn
|upkeep
|turn|5
|inactive|QiYu4 has 120 seconds left.
|
|switch|p1a: Eternatus|Eternatus|100/100
|-ability|p1a: Eternatus|Pressure
|move|p2a: Eternatus|Recover|p2a: Eternatus
|-heal|p2a: Eternatus|99/100
|
|upkeep
|turn|6
|
|switch|p2a: Zacian|Zacian-Crowned|100/100
|-ability|p2a: Zacian|Intrepid Sword|boost
|-boost|p2a: Zacian|atk|1
|move|p1a: Eternatus|Dynamax Cannon|p2a: Zacian
|-immune|p2a: Zacian
|
|upkeep
|turn|7
|
|switch|p1a: Toxapex|Toxapex, M|100/100
|move|p2a: Zacian|Swords Dance|p2a: Zacian
|-boost|p2a: Zacian|atk|2
|
|upkeep
|turn|8
|
|move|p2a: Zacian|Behemoth Blade|p1a: Toxapex
|-resisted|p1a: Toxapex
|-damage|p1a: Toxapex|50/100
|-damage|p2a: Zacian|84/100|[from] item: Rocky Helmet|[of] p1a: Toxapex
|move|p1a: Toxapex|Haze|p1a: Toxapex
|-clearallboost
|
|upkeep
|turn|9
|
|switch|p2a: Necrozma|Necrozma-Dusk-Mane|47/100
|move|p1a: Toxapex|Recover|p1a: Toxapex
|-heal|p1a: Toxapex|100/100
|
|-heal|p2a: Necrozma|53/100|[from] item: Leftovers
|upkeep
|turn|10
|
|switch|p1a: Lunala|Lunala|64/100 tox
|move|p2a: Necrozma|Stealth Rock|p1a: Lunala
|-sidestart|p1: IMPAQT|move: Stealth Rock
|
|-heal|p2a: Necrozma|59/100|[from] item: Leftovers
|-damage|p1a: Lunala|58/100 tox|[from] psn
|upkeep
|turn|11
|
|-start|p1a: Lunala|Dynamax
|-heal|p1a: Lunala|58/100 tox|[silent]
|move|p1a: Lunala|Max Phantasm|p2a: Necrozma
|-supereffective|p2a: Necrozma
|-crit|p2a: Necrozma
|-damage|p2a: Necrozma|0 fnt
|faint|p2a: Necrozma
|
|-damage|p1a: Lunala|46/100 tox|[from] psn
|upkeep
|
|switch|p2a: Mewtwo|Mewtwo|100/100
|-ability|p2a: Mewtwo|Pressure
|turn|12
|
|-start|p2a: Mewtwo|Dynamax
|-heal|p2a: Mewtwo|100/100|[silent]
|move|p2a: Mewtwo|Max Phantasm|p1a: Lunala
|-supereffective|p1a: Lunala
|-damage|p1a: Lunala|0 fnt
|faint|p1a: Lunala
|
|upkeep
|
|switch|p1a: Necrozma|Necrozma-Dusk-Mane|100/100
|-damage|p1a: Necrozma|94/100|[from] Stealth Rock
|turn|13
|
|move|p2a: Mewtwo|Max Flare|p1a: Necrozma
|-supereffective|p1a: Necrozma
|-damage|p1a: Necrozma|34/100
|-weather|SunnyDay
|move|p1a: Necrozma|Toxic|p2a: Mewtwo
|-status|p2a: Mewtwo|tox
|
|-weather|SunnyDay|[upkeep]
|-heal|p1a: Necrozma|40/100|[from] item: Leftovers
|-damage|p2a: Mewtwo|94/100 tox|[from] psn
|upkeep
|turn|14
|
|switch|p1a: Mandibuzz|Mandibuzz, F|100/100
|move|p2a: Mewtwo|Max Flare|p1a: Mandibuzz
|-damage|p1a: Mandibuzz|44/100
|
|-weather|SunnyDay|[upkeep]
|-damage|p2a: Mewtwo|82/100 tox|[from] psn
|-end|p2a: Mewtwo|Dynamax
|-heal|p2a: Mewtwo|82/100 tox|[silent]
|upkeep
|turn|15
|
|move|p2a: Mewtwo|Fire Blast|p1a: Mandibuzz
|-damage|p1a: Mandibuzz|0 fnt
|faint|p1a: Mandibuzz
|
|-weather|SunnyDay|[upkeep]
|-damage|p2a: Mewtwo|63/100 tox|[from] psn
|upkeep
|
|switch|p1a: Ditto|Ditto|100/100
|-damage|p1a: Ditto|88/100|[from] Stealth Rock
|-transform|p1a: Ditto|p2a: Mewtwo|[from] ability: Imposter
|-ability|p1a: Ditto|Pressure
|turn|16
|
|switch|p2a: Eternatus|Eternatus|99/100
|-ability|p2a: Eternatus|Pressure
|move|p1a: Ditto|Shadow Ball|p2a: Eternatus
|-damage|p2a: Eternatus|77/100
|-unboost|p2a: Eternatus|spd|1
|
|-weather|SunnyDay|[upkeep]
|upkeep
|turn|17
|
|switch|p1a: Necrozma|Necrozma-Dusk-Mane|40/100
|-damage|p1a: Necrozma|34/100|[from] Stealth Rock
|move|p2a: Eternatus|Dragon Tail|p1a: Necrozma
|-resisted|p1a: Necrozma
|-damage|p1a: Necrozma|30/100
|drag|p1a: Toxapex|Toxapex, M|100/100
|-damage|p1a: Toxapex|88/100|[from] Stealth Rock
|
|-weather|none
|upkeep
|turn|18
|
|move|p1a: Toxapex|Scald|p2a: Eternatus
|-resisted|p2a: Eternatus
|-damage|p2a: Eternatus|67/100
|move|p2a: Eternatus|Dragon Tail|p1a: Toxapex
|-damage|p1a: Toxapex|78/100
|-damage|p2a: Eternatus|51/100|[from] item: Rocky Helmet|[of] p1a: Toxapex
|drag|p1a: Eternatus|Eternatus|100/100
|-damage|p1a: Eternatus|88/100|[from] Stealth Rock
|-ability|p1a: Eternatus|Pressure
|
|upkeep
|turn|19
|
|switch|p2a: Zacian|Zacian-Crowned|84/100
|-ability|p2a: Zacian|Intrepid Sword|boost
|-boost|p2a: Zacian|atk|1
|move|p1a: Eternatus|Flamethrower|p2a: Zacian
|-supereffective|p2a: Zacian
|-damage|p2a: Zacian|5/100
|-status|p2a: Zacian|brn
|-damage|p1a: Eternatus|78/100|[from] item: Life Orb
|
|-damage|p2a: Zacian|0 fnt|[from] brn
|faint|p2a: Zacian
|upkeep
|
|switch|p2a: Mewtwo|Mewtwo|63/100 tox
|-ability|p2a: Mewtwo|Pressure
|turn|20
|
|switch|p1a: Ditto|Ditto|88/100
|-damage|p1a: Ditto|76/100|[from] Stealth Rock
|-transform|p1a: Ditto|p2a: Mewtwo|[from] ability: Imposter
|-ability|p1a: Ditto|Pressure
|move|p2a: Mewtwo|Psystrike|p1a: Ditto
|-resisted|p1a: Ditto
|-damage|p1a: Ditto|42/100
|
|-damage|p2a: Mewtwo|57/100 tox|[from] psn
|upkeep
|turn|21
|
|move|p1a: Ditto|Psystrike|p2a: Mewtwo
|-resisted|p2a: Mewtwo
|-damage|p2a: Mewtwo|23/100 tox
|move|p2a: Mewtwo|Shadow Ball|p1a: Ditto
|-supereffective|p1a: Ditto
|-damage|p1a: Ditto|0 fnt
|faint|p1a: Ditto
|
|-damage|p2a: Mewtwo|11/100 tox|[from] psn
|upkeep
|
|switch|p1a: Necrozma|Necrozma-Dusk-Mane|30/100
|-damage|p1a: Necrozma|24/100|[from] Stealth Rock
|turn|22
|j| Faisal Shourov
|l|☆QiYu4
|inactive|QiYu4 disconnected and has a minute to reconnect!
|player|p2|
|inactive|QiYu4 has 30 seconds to reconnect!
|c| Faisal Shourov|IMPAQT Do you think Necrozma DM will be ranked above Zacian in next VR update for Natdex AG?
|j|☆QiYu4
|inactive|QiYu4 reconnected and has 100 seconds left.
|player|p2|QiYu4|psychic-gen4
|c|☆IMPAQT|idk
|c| Faisal Shourov|I think it will
|inactive|QiYu4 has 90 seconds left.
|
|switch|p1a: Toxapex|Toxapex, M|100/100
|-damage|p1a: Toxapex|88/100|[from] Stealth Rock
|move|p2a: Mewtwo|Fire Blast|p1a: Toxapex
|-resisted|p1a: Toxapex
|-damage|p1a: Toxapex|70/100
|
|-damage|p2a: Mewtwo|0 fnt|[from] psn
|faint|p2a: Mewtwo
|upkeep
|j| Fogbound Lake
|inactive|QiYu4 has 90 seconds left.
|
|switch|p2a: Lunala|Lunala|100/100
|turn|23
|
|move|p2a: Lunala|Thunder Wave|p1a: Toxapex
|-status|p1a: Toxapex|par
|cant|p1a: Toxapex|par
|
|upkeep
|turn|24
|
|move|p2a: Lunala|Moongeist Beam|p1a: Toxapex
|-damage|p1a: Toxapex|34/100 par
|move|p1a: Toxapex|Toxic|p2a: Lunala
|-status|p2a: Lunala|tox
|
|-damage|p2a: Lunala|94/100 tox|[from] psn
|upkeep
|turn|25
|
|switch|p1a: Necrozma|Necrozma-Dusk-Mane|24/100
|-damage|p1a: Necrozma|18/100|[from] Stealth Rock
|move|p2a: Lunala|Moongeist Beam|p1a: Necrozma
|-supereffective|p1a: Necrozma
|-damage|p1a: Necrozma|0 fnt
|faint|p1a: Necrozma
|
|-damage|p2a: Lunala|82/100 tox|[from] psn
|upkeep
|
|switch|p1a: Toxapex|Toxapex, M|67/100 par
|-damage|p1a: Toxapex|55/100 par|[from] Stealth Rock
|turn|26
|
|move|p2a: Lunala|Moongeist Beam|p1a: Toxapex
|-damage|p1a: Toxapex|20/100 par
|move|p1a: Toxapex|Recover|p1a: Toxapex
|-heal|p1a: Toxapex|70/100 par
|
|-damage|p2a: Lunala|64/100 tox|[from] psn
|upkeep
|turn|27
|j| bigblays
|
|move|p2a: Lunala|Roost|p2a: Lunala
|-heal|p2a: Lunala|100/100 tox
|-singleturn|p2a: Lunala|move: Roost
|move|p1a: Toxapex|Recover|p1a: Toxapex
|-heal|p1a: Toxapex|100/100 par
|
|-damage|p2a: Lunala|76/100 tox|[from] psn
|upkeep
|turn|28
|
|switch|p2a: Eternatus|Eternatus|51/100
|-ability|p2a: Eternatus|Pressure
|move|p1a: Toxapex|Scald|p2a: Eternatus
|-resisted|p2a: Eternatus
|-damage|p2a: Eternatus|44/100
|
|upkeep
|turn|29
|
|switch|p1a: Eternatus|Eternatus|78/100
|-damage|p1a: Eternatus|66/100|[from] Stealth Rock
|-ability|p1a: Eternatus|Pressure
|move|p2a: Eternatus|Recover|p2a: Eternatus
|-heal|p2a: Eternatus|94/100
|
|upkeep
|turn|30
|
|move|p1a: Eternatus|Dynamax Cannon|p2a: Eternatus
|-supereffective|p2a: Eternatus
|-damage|p2a: Eternatus|0 fnt
|-damage|p1a: Eternatus|56/100|[from] item: Life Orb
|faint|p2a: Eternatus
|
|upkeep
|
|switch|p2a: Marshadow|Marshadow|100/100
|turn|31
|
|switch|p1a: Toxapex|Toxapex, M|100/100 par
|-damage|p1a: Toxapex|88/100 par|[from] Stealth Rock
|move|p2a: Marshadow|Zen Headbutt|p1a: Toxapex
|-supereffective|p1a: Toxapex
|-damage|p1a: Toxapex|57/100 par
|-damage|p2a: Marshadow|84/100|[from] item: Rocky Helmet|[of] p1a: Toxapex
|
|upkeep
|turn|32
|
|move|p2a: Marshadow|Zen Headbutt|p1a: Toxapex
|-supereffective|p1a: Toxapex
|-damage|p1a: Toxapex|22/100 par
|-damage|p2a: Marshadow|67/100|[from] item: Rocky Helmet|[of] p1a: Toxapex
|move|p1a: Toxapex|Recover|p1a: Toxapex
|-heal|p1a: Toxapex|72/100 par
|
|upkeep
|turn|33
|
|move|p2a: Marshadow|Zen Headbutt|p1a: Toxapex
|-supereffective|p1a: Toxapex
|-damage|p1a: Toxapex|38/100 par
|-damage|p2a: Marshadow|51/100|[from] item: Rocky Helmet|[of] p1a: Toxapex
|cant|p1a: Toxapex|par
|
|upkeep
|turn|34
|
|move|p2a: Marshadow|Zen Headbutt|p1a: Toxapex
|-supereffective|p1a: Toxapex
|-damage|p1a: Toxapex|3/100 par
|-damage|p2a: Marshadow|34/100|[from] item: Rocky Helmet|[of] p1a: Toxapex
|move|p1a: Toxapex|Recover|p1a: Toxapex
|-heal|p1a: Toxapex|53/100 par
|
|upkeep
|turn|35
|
|move|p2a: Marshadow|Zen Headbutt|p1a: Toxapex|[miss]
|-miss|p2a: Marshadow|p1a: Toxapex
|cant|p1a: Toxapex|par
|
|upkeep
|turn|36
|
|move|p2a: Marshadow|Zen Headbutt|p1a: Toxapex
|-supereffective|p1a: Toxapex
|-damage|p1a: Toxapex|20/100 par
|-damage|p2a: Marshadow|18/100|[from] item: Rocky Helmet|[of] p1a: Toxapex
|cant|p1a: Toxapex|par
|
|upkeep
|turn|37
|
|switch|p1a: Eternatus|Eternatus|56/100
|-damage|p1a: Eternatus|43/100|[from] Stealth Rock
|-ability|p1a: Eternatus|Pressure
|move|p2a: Marshadow|Zen Headbutt|p1a: Eternatus
|-supereffective|p1a: Eternatus
|-damage|p1a: Eternatus|0 fnt
|faint|p1a: Eternatus
|
|upkeep
|
|switch|p1a: Toxapex|Toxapex, M|53/100 par
|-damage|p1a: Toxapex|41/100 par|[from] Stealth Rock
|turn|38
|
|move|p2a: Marshadow|Zen Headbutt|p1a: Toxapex
|-supereffective|p1a: Toxapex
|-damage|p1a: Toxapex|10/100 par
|-damage|p2a: Marshadow|1/100|[from] item: Rocky Helmet|[of] p1a: Toxapex
|cant|p1a: Toxapex|flinch
|
|upkeep
|turn|39
|
|move|p2a: Marshadow|Zen Headbutt|p1a: Toxapex
|-supereffective|p1a: Toxapex
|-damage|p1a: Toxapex|0 fnt
|-damage|p2a: Marshadow|0 fnt|[from] item: Rocky Helmet|[of] p1a: Toxapex
|faint|p1a: Toxapex
|faint|p2a: Marshadow
|
|win|QiYu4
|l|☆IMPAQT
|raw|IMPAQT's rating: 1604 &rarr; <strong>1581</strong><br />(-23 for losing)
|raw|QiYu4's rating: 1554 &rarr; <strong>1577</strong><br />(+23 for winning)
