|j|☆Dontrion
|j|☆Fumi1
|t:|1670289065
|gametype|singles
|player|p1|Dontrion|acetrainer-gen4dp|1492
|player|p2|Fumi1|265|1350
|teamsize|p1|6
|teamsize|p2|6
|gen|8
|tier|[Gen 8] Ubers
|rated|
|rule|Sleep Clause Mod: Limit one foe put to sleep
|rule|Species Clause: Limit one of each Pokémon
|rule|OHKO Clause: OHKO moves are banned
|rule|Evasion Items Clause: Evasion items are banned
|rule|Evasion Moves Clause: Evasion moves are banned
|rule|Endless Battle Clause: Forcing endless battles is banned
|rule|HP Percentage Mod: HP is shown in percentages
|rule|Dynamax Clause: You cannot dynamax
|clearpoke
|poke|p1|Ho-Oh|
|poke|p1|Zygarde|
|poke|p1|Yveltal|
|poke|p1|Xerneas-*|
|poke|p1|Chansey, F|
|poke|p1|Ferrothorn, F|
|poke|p2|Calyrex-Shadow|
|poke|p2|Zygarde|
|poke|p2|Necrozma-Dusk-Mane|
|poke|p2|Xerneas-*|
|poke|p2|Yveltal|
|poke|p2|Blissey, F|
|teampreview
|inactive|Battle timer is ON: inactive players will automatically lose when time's up. (requested by Dontrion)
|c|☆Fumi1|I see.
|c|☆Fumi1|gl hf
|c|☆Dontrion|omg
|c|☆Dontrion|why this again
|inactive|Dontrion has 120 seconds left.
|c|☆Dontrion|dont leak again
|c|☆Dontrion|still not final tho so idk
|c|☆Fumi1|sames
|c|☆Fumi1|i changed so many times
|c|☆Fumi1|but i defo know i want PC zygarde
|
|t:|1670289122
|start
|switch|p1a: Xerneas|Xerneas|100/100
|switch|p2a: Calyrex|Calyrex-Shadow|100/100
|-ability|p2a: Calyrex|As One
|-ability|p2a: Calyrex|Unnerve
|-ability|p1a: Xerneas|Fairy Aura
|turn|1
|c|☆Fumi1|that hsit is op
|c|☆Dontrion|its pretty good yea
|
|t:|1670289139
|switch|p1a: Yveltal|Yveltal|100/100
|-ability|p1a: Yveltal|Dark Aura
|move|p2a: Calyrex|Substitute|p2a: Calyrex
|-start|p2a: Calyrex|Substitute
|-damage|p2a: Calyrex|75/100
|
|-heal|p2a: Calyrex|82/100|[from] item: Leftovers
|upkeep
|turn|2
|
|t:|1670289144
|move|p2a: Calyrex|Leech Seed|p1a: Yveltal
|-start|p1a: Yveltal|move: Leech Seed
|move|p1a: Yveltal|U-turn|p2a: Calyrex
|-activate|p2a: Calyrex|move: Substitute|[damage]
|
|t:|1670289147
|switch|p1a: Chansey|Chansey, F|100/100|[from] U-turn
|
|-heal|p2a: Calyrex|88/100|[from] item: Leftovers
|upkeep
|turn|3
|
|t:|1670289150
|move|p2a: Calyrex|Leech Seed|p1a: Chansey
|-start|p1a: Chansey|move: Leech Seed
|move|p1a: Chansey|Confide|p2a: Calyrex
|-unboost|p2a: Calyrex|spa|1
|
|-heal|p2a: Calyrex|94/100|[from] item: Leftovers
|-damage|p1a: Chansey|88/100|[from] Leech Seed|[of] p2a: Calyrex
|-heal|p2a: Calyrex|100/100|[silent]
|upkeep
|turn|4
|
|t:|1670289158
|switch|p1a: Ferrothorn|Ferrothorn, F|100/100
|move|p2a: Calyrex|Nasty Plot|p2a: Calyrex
|-boost|p2a: Calyrex|spa|2
|
|upkeep
|turn|5
|
|t:|1670289168
|switch|p2a: Zygarde|Zygarde|100/100
|move|p1a: Ferrothorn|Knock Off|p2a: Zygarde
|-damage|p2a: Zygarde|89/100
|-enditem|p2a: Zygarde|Leftovers|[from] move: Knock Off|[of] p1a: Ferrothorn
|
|upkeep
|turn|6
|
|t:|1670289174
|move|p2a: Zygarde|Glare|p1a: Ferrothorn
|-status|p1a: Ferrothorn|par
|cant|p1a: Ferrothorn|par
|
|upkeep
|turn|7
|
|t:|1670289177
|move|p2a: Zygarde|Coil|p2a: Zygarde
|-boost|p2a: Zygarde|atk|1
|-boost|p2a: Zygarde|def|1
|-boost|p2a: Zygarde|accuracy|1
|move|p1a: Ferrothorn|Leech Seed|p2a: Zygarde
|-start|p2a: Zygarde|move: Leech Seed
|
|-damage|p2a: Zygarde|76/100|[from] Leech Seed|[of] p1a: Ferrothorn
|upkeep
|turn|8
|
|t:|1670289181
|move|p2a: Zygarde|Thousand Arrows|p1a: Ferrothorn
|-damage|p1a: Ferrothorn|72/100 par
|move|p1a: Ferrothorn|Curse|p1a: Ferrothorn
|-unboost|p1a: Ferrothorn|spe|1
|-boost|p1a: Ferrothorn|atk|1
|-boost|p1a: Ferrothorn|def|1
|
|-heal|p1a: Ferrothorn|78/100 par|[from] item: Leftovers
|-damage|p2a: Zygarde|64/100|[from] Leech Seed|[of] p1a: Ferrothorn
|-heal|p1a: Ferrothorn|91/100 par|[silent]
|upkeep
|turn|9
|
|t:|1670289195
|switch|p2a: Yveltal|Yveltal|100/100
|-ability|p2a: Yveltal|Dark Aura
|cant|p1a: Ferrothorn|par
|
|-heal|p1a: Ferrothorn|98/100 par|[from] item: Leftovers
|upkeep
|turn|10
|
|t:|1670289202
|switch|p1a: Yveltal|Yveltal|100/100
|-ability|p1a: Yveltal|Dark Aura
|move|p2a: Yveltal|Taunt|p1a: Yveltal
|-start|p1a: Yveltal|move: Taunt
|
|upkeep
|turn|11
|
|t:|1670289205
|move|p1a: Yveltal|Knock Off|p2a: Yveltal
|-resisted|p2a: Yveltal
|-crit|p2a: Yveltal
|-damage|p2a: Yveltal|67/100
|-enditem|p2a: Yveltal|Heavy-Duty Boots|[from] move: Knock Off|[of] p1a: Yveltal
|move|p2a: Yveltal|Knock Off|p1a: Yveltal
|-resisted|p1a: Yveltal
|-damage|p1a: Yveltal|80/100
|-enditem|p1a: Yveltal|Heavy-Duty Boots|[from] move: Knock Off|[of] p2a: Yveltal
|
|upkeep
|turn|12
|
|t:|1670289215
|move|p1a: Yveltal|Knock Off|p2a: Yveltal
|-resisted|p2a: Yveltal
|-damage|p2a: Yveltal|51/100
|move|p2a: Yveltal|Roost|p2a: Yveltal
|-heal|p2a: Yveltal|100/100
|-singleturn|p2a: Yveltal|move: Roost
|
|-end|p1a: Yveltal|move: Taunt
|upkeep
|turn|13
|
|t:|1670289233
|switch|p2a: Xerneas|Xerneas|100/100
|-ability|p2a: Xerneas|Fairy Aura
|move|p1a: Yveltal|U-turn|p2a: Xerneas
|-resisted|p2a: Xerneas
|-damage|p2a: Xerneas|94/100
|
|t:|1670289240
|switch|p1a: Chansey|Chansey, F|88/100|[from] U-turn
|
|upkeep
|turn|14
|
|t:|1670289250
|switch|p2a: Zygarde|Zygarde|64/100
|move|p1a: Chansey|Aromatherapy|p1a: Chansey
|-activate|p1a: Chansey|move: Aromatherapy
|-curestatus|p1: Ferrothorn|par|[msg]
|
|upkeep
|turn|15
|
|t:|1670289259
|move|p2a: Zygarde|Coil|p2a: Zygarde
|-boost|p2a: Zygarde|atk|1
|-boost|p2a: Zygarde|def|1
|-boost|p2a: Zygarde|accuracy|1
|move|p1a: Chansey|Seismic Toss|p2a: Zygarde
|-damage|p2a: Zygarde|37/100
|
|-activate|p2a: Zygarde|ability: Power Construct
|detailschange|p2a: Zygarde|Zygarde-Complete
|-heal|p2a: Zygarde|60/100|[silent]
|upkeep
|turn|16
|
|t:|1670289264
|switch|p1a: Ferrothorn|Ferrothorn, F|98/100
|move|p2a: Zygarde|Glare|p1a: Ferrothorn
|-status|p1a: Ferrothorn|par
|
|-heal|p1a: Ferrothorn|100/100 par|[from] item: Leftovers
|upkeep
|turn|17
|
|t:|1670289268
|move|p2a: Zygarde|Coil|p2a: Zygarde
|-boost|p2a: Zygarde|atk|1
|-boost|p2a: Zygarde|def|1
|-boost|p2a: Zygarde|accuracy|1
|move|p1a: Ferrothorn|Leech Seed|p2a: Zygarde
|-start|p2a: Zygarde|move: Leech Seed
|
|-damage|p2a: Zygarde|48/100|[from] Leech Seed|[of] p1a: Ferrothorn
|upkeep
|turn|18
|
|t:|1670289272
|move|p2a: Zygarde|Thousand Arrows|p1a: Ferrothorn
|-damage|p1a: Ferrothorn|62/100 par
|move|p1a: Ferrothorn|Curse|p1a: Ferrothorn
|-unboost|p1a: Ferrothorn|spe|1
|-boost|p1a: Ferrothorn|atk|1
|-boost|p1a: Ferrothorn|def|1
|
|-heal|p1a: Ferrothorn|68/100 par|[from] item: Leftovers
|-damage|p2a: Zygarde|35/100|[from] Leech Seed|[of] p1a: Ferrothorn
|-heal|p1a: Ferrothorn|89/100 par|[silent]
|upkeep
|turn|19
|
|t:|1670289279
|switch|p2a: Yveltal|Yveltal|100/100
|-ability|p2a: Yveltal|Dark Aura
|cant|p1a: Ferrothorn|par
|
|-heal|p1a: Ferrothorn|96/100 par|[from] item: Leftovers
|upkeep
|turn|20
|
|t:|1670289286
|switch|p1a: Yveltal|Yveltal|80/100
|-ability|p1a: Yveltal|Dark Aura
|move|p2a: Yveltal|Taunt|p1a: Yveltal
|-start|p1a: Yveltal|move: Taunt
|
|upkeep
|turn|21
|
|t:|1670289299
|move|p1a: Yveltal|U-turn|p2a: Yveltal
|-damage|p2a: Yveltal|86/100
|
|t:|1670289324
|switch|p1a: Ferrothorn|Ferrothorn, F|96/100 par|[from] U-turn
|move|p2a: Yveltal|Knock Off|p1a: Ferrothorn
|-damage|p1a: Ferrothorn|63/100 par
|-damage|p2a: Yveltal|73/100|[from] ability: Iron Barbs|[of] p1a: Ferrothorn
|-enditem|p1a: Ferrothorn|Leftovers|[from] move: Knock Off|[of] p2a: Yveltal
|
|upkeep
|turn|22
|
|t:|1670289327
|move|p2a: Yveltal|Taunt|p1a: Ferrothorn
|-start|p1a: Ferrothorn|move: Taunt
|cant|p1a: Ferrothorn|move: Taunt|Leech Seed
|
|upkeep
|turn|23
|
|t:|1670289333
|switch|p1a: Yveltal|Yveltal|80/100
|-ability|p1a: Yveltal|Dark Aura
|move|p2a: Yveltal|Knock Off|p1a: Yveltal
|-resisted|p1a: Yveltal
|-damage|p1a: Yveltal|67/100
|
|upkeep
|turn|24
|
|t:|1670289338
|move|p2a: Yveltal|Taunt|p1a: Yveltal
|-start|p1a: Yveltal|move: Taunt
|cant|p1a: Yveltal|move: Taunt|Roost
|
|upkeep
|turn|25
|
|t:|1670289342
|move|p1a: Yveltal|Knock Off|p2a: Yveltal
|-resisted|p2a: Yveltal
|-damage|p2a: Yveltal|60/100
|move|p2a: Yveltal|Knock Off|p1a: Yveltal
|-resisted|p1a: Yveltal
|-damage|p1a: Yveltal|54/100
|
|upkeep
|turn|26
|
|t:|1670289347
|move|p2a: Yveltal|Roost|p2a: Yveltal
|-heal|p2a: Yveltal|100/100
|-singleturn|p2a: Yveltal|move: Roost
|move|p1a: Yveltal|Knock Off|p2a: Yveltal
|-resisted|p2a: Yveltal
|-damage|p2a: Yveltal|86/100
|
|-end|p1a: Yveltal|move: Taunt
|upkeep
|turn|27
|
|t:|1670289376
|move|p1a: Yveltal|Roost|p1a: Yveltal
|-heal|p1a: Yveltal|100/100
|-singleturn|p1a: Yveltal|move: Roost
|move|p2a: Yveltal|Taunt|p1a: Yveltal
|-start|p1a: Yveltal|move: Taunt
|
|upkeep
|turn|28
|
|t:|1670289389
|switch|p2a: Xerneas|Xerneas|94/100
|-ability|p2a: Xerneas|Fairy Aura
|switch|p1a: Zygarde|Zygarde|100/100
|
|upkeep
|turn|29
|c|☆Fumi1|this is gona be a long match don
|c|☆Dontrion|I know
|
|t:|1670289400
|switch|p1a: Ho-Oh|Ho-Oh|100/100
|move|p2a: Xerneas|Moonblast|p1a: Ho-Oh
|-resisted|p1a: Ho-Oh
|-damage|p1a: Ho-Oh|85/100
|
|upkeep
|turn|30
|
|t:|1670289407
|move|p2a: Xerneas|Thunder Wave|p1a: Ho-Oh
|-status|p1a: Ho-Oh|par
|move|p1a: Ho-Oh|Toxic|p2a: Xerneas|[miss]
|-miss|p1a: Ho-Oh|p2a: Xerneas
|
|upkeep
|turn|31
|c|☆Dontrion|that miss sucks
|c|☆Fumi1|yup
|
|t:|1670289425
|switch|p2a: Zygarde|Zygarde-Complete|35/100
|move|p1a: Ho-Oh|Sacred Fire|p2a: Zygarde
|-resisted|p2a: Zygarde
|-damage|p2a: Zygarde|27/100
|-status|p2a: Zygarde|brn
|
|-damage|p2a: Zygarde|21/100 brn|[from] brn
|upkeep
|turn|32
|
|t:|1670289431
|switch|p1a: Zygarde|Zygarde|100/100
|move|p2a: Zygarde|Rest|p2a: Zygarde
|-status|p2a: Zygarde|slp|[from] move: Rest
|-heal|p2a: Zygarde|100/100 slp|[silent]
|
|upkeep
|turn|33
|
|t:|1670289436
|switch|p2a: Xerneas|Xerneas|94/100
|-ability|p2a: Xerneas|Fairy Aura
|move|p1a: Zygarde|Coil|p1a: Zygarde
|-boost|p1a: Zygarde|atk|1
|-boost|p1a: Zygarde|def|1
|-boost|p1a: Zygarde|accuracy|1
|
|upkeep
|turn|34
|
|t:|1670289440
|switch|p1a: Ho-Oh|Ho-Oh|100/100 par
|move|p2a: Xerneas|Moonblast|p1a: Ho-Oh
|-resisted|p1a: Ho-Oh
|-damage|p1a: Ho-Oh|87/100 par
|
|upkeep
|turn|35
|
|t:|1670289452
|switch|p2a: Zygarde|Zygarde-Complete|100/100 slp
|move|p1a: Ho-Oh|Toxic||[still]
|-fail|p1a: Ho-Oh
|
|upkeep
|turn|36
|
|t:|1670289457
|switch|p1a: Ferrothorn|Ferrothorn, F|63/100 par
|cant|p2a: Zygarde|slp
|
|upkeep
|turn|37
|
|t:|1670289463
|switch|p2a: Yveltal|Yveltal|86/100
|-ability|p2a: Yveltal|Dark Aura
|move|p1a: Ferrothorn|Leech Seed|p2a: Yveltal
|-start|p2a: Yveltal|move: Leech Seed
|
|-damage|p2a: Yveltal|73/100|[from] Leech Seed|[of] p1a: Ferrothorn
|-heal|p1a: Ferrothorn|79/100 par|[silent]
|upkeep
|turn|38
|
|t:|1670289469
|move|p2a: Yveltal|Taunt|p1a: Ferrothorn
|-start|p1a: Ferrothorn|move: Taunt
|cant|p1a: Ferrothorn|move: Taunt|Curse
|
|-damage|p2a: Yveltal|61/100|[from] Leech Seed|[of] p1a: Ferrothorn
|-heal|p1a: Ferrothorn|96/100 par|[silent]
|upkeep
|turn|39
|
|t:|1670289492
|switch|p2a: Zygarde|Zygarde-Complete|100/100 slp
|move|p1a: Ferrothorn|Knock Off|p2a: Zygarde
|-damage|p2a: Zygarde|96/100 slp
|
|upkeep
|turn|40
|
|t:|1670289503
|switch|p2a: Yveltal|Yveltal|61/100
|-ability|p2a: Yveltal|Dark Aura
|switch|p1a: Xerneas|Xerneas|100/100
|-ability|p1a: Xerneas|Fairy Aura
|
|upkeep
|turn|41
|
|t:|1670289507
|switch|p2a: Blissey|Blissey, F|100/100
|move|p1a: Xerneas|Moonblast|p2a: Blissey
|-damage|p2a: Blissey|76/100
|
|upkeep
|turn|42
|
|t:|1670289512
|move|p1a: Xerneas|Substitute|p1a: Xerneas
|-start|p1a: Xerneas|Substitute
|-damage|p1a: Xerneas|76/100
|move|p2a: Blissey|Stealth Rock|p1a: Xerneas
|-sidestart|p1: Dontrion|move: Stealth Rock
|
|upkeep
|turn|43
|
|t:|1670289521
|move|p1a: Xerneas|Geomancy||[still]
|-prepare|p1a: Xerneas|Geomancy
|-enditem|p1a: Xerneas|Power Herb
|-anim|p1a: Xerneas|Geomancy|p1a: Xerneas
|-boost|p1a: Xerneas|spa|2
|-boost|p1a: Xerneas|spd|2
|-boost|p1a: Xerneas|spe|2
|move|p2a: Blissey|Confide|p1a: Xerneas
|-unboost|p1a: Xerneas|spa|1
|
|upkeep
|turn|44
|
|t:|1670289526
|move|p1a: Xerneas|Geomancy||[still]
|-prepare|p1a: Xerneas|Geomancy
|move|p2a: Blissey|Confide|p1a: Xerneas
|-unboost|p1a: Xerneas|spa|1
|
|upkeep
|turn|45
|
|t:|1670289532
|move|p1a: Xerneas|Geomancy|p1a: Xerneas|[from]lockedmove
|-boost|p1a: Xerneas|spa|2
|-boost|p1a: Xerneas|spd|2
|-boost|p1a: Xerneas|spe|2
|move|p2a: Blissey|Confide|p1a: Xerneas
|-unboost|p1a: Xerneas|spa|1
|
|upkeep
|turn|46
|c|☆Dontrion|bruh\
|c|☆Dontrion|you really copied my team lmfao
|
|t:|1670289542
|move|p1a: Xerneas|Moonblast|p2a: Blissey
|-damage|p2a: Blissey|43/100
|move|p2a: Blissey|Confide|p1a: Xerneas
|-unboost|p1a: Xerneas|spa|1
|
|upkeep
|turn|47
|c|☆Fumi1|nah
|c|☆Fumi1|didnt copy intentionally
|inactive|Dontrion has 120 seconds left.
|c|☆Dontrion|mhmmmm
|
|t:|1670289583
|move|p1a: Xerneas|Thunder|p2a: Blissey
|-damage|p2a: Blissey|30/100
|move|p2a: Blissey|Soft-Boiled|p2a: Blissey
|-heal|p2a: Blissey|80/100
|
|upkeep
|turn|48
|c|☆Fumi1|its a c+p online
|
|t:|1670289590
|switch|p1a: Ferrothorn|Ferrothorn, F|96/100 par
|-damage|p1a: Ferrothorn|89/100 par|[from] Stealth Rock
|move|p2a: Blissey|Confide|p1a: Ferrothorn
|-unboost|p1a: Ferrothorn|spa|1
|
|upkeep
|turn|49
|
|t:|1670289594
|switch|p2a: Yveltal|Yveltal|61/100
|-ability|p2a: Yveltal|Dark Aura
|switch|p1a: Ho-Oh|Ho-Oh|100/100 par
|
|upkeep
|turn|50
|
|t:|1670289602
|switch|p1a: Yveltal|Yveltal|100/100
|-damage|p1a: Yveltal|76/100|[from] Stealth Rock
|-ability|p1a: Yveltal|Dark Aura
|move|p2a: Yveltal|Taunt|p1a: Yveltal
|-start|p1a: Yveltal|move: Taunt
|
|upkeep
|turn|51
|
|t:|1670289612
|switch|p1a: Zygarde|Zygarde|100/100
|-damage|p1a: Zygarde|94/100|[from] Stealth Rock
|move|p2a: Yveltal|Roost|p2a: Yveltal
|-heal|p2a: Yveltal|100/100
|-singleturn|p2a: Yveltal|move: Roost
|
|-heal|p1a: Zygarde|100/100|[from] item: Leftovers
|upkeep
|turn|52
|
|t:|1670289616
|move|p1a: Zygarde|Glare|p2a: Yveltal
|-status|p2a: Yveltal|par
|move|p2a: Yveltal|Taunt|p1a: Zygarde
|-start|p1a: Zygarde|move: Taunt
|
|upkeep
|turn|53
|
|t:|1670289626
|switch|p1a: Yveltal|Yveltal|76/100
|-damage|p1a: Yveltal|51/100|[from] Stealth Rock
|-ability|p1a: Yveltal|Dark Aura
|switch|p2a: Zygarde|Zygarde-Complete|96/100 slp
|
|upkeep
|turn|54
|
|t:|1670289636
|cant|p2a: Zygarde|slp
|move|p1a: Yveltal|Defog|p2a: Zygarde
|-unboost|p2a: Zygarde|evasion|1
|-sideend|p1: Dontrion|Stealth Rock|[from] move: Defog|[of] p1a: Yveltal
|
|upkeep
|turn|55
|
|t:|1670289641
|switch|p2a: Yveltal|Yveltal|100/100 par
|-ability|p2a: Yveltal|Dark Aura
|move|p1a: Yveltal|Roost|p1a: Yveltal
|-heal|p1a: Yveltal|100/100
|-singleturn|p1a: Yveltal|move: Roost
|
|upkeep
|turn|56
|
|t:|1670289651
|move|p1a: Yveltal|U-turn|p2a: Yveltal
|-damage|p2a: Yveltal|84/100 par
|
|t:|1670289653
|switch|p1a: Xerneas|Xerneas|76/100|[from] U-turn
|-ability|p1a: Xerneas|Fairy Aura
|move|p2a: Yveltal|Taunt|p1a: Xerneas
|-start|p1a: Xerneas|move: Taunt
|
|upkeep
|turn|57
|
|t:|1670289659
|switch|p1a: Ferrothorn|Ferrothorn, F|89/100 par
|switch|p2a: Blissey|Blissey, F|80/100
|
|upkeep
|turn|58
|
|t:|1670289671
|move|p2a: Blissey|Stealth Rock|p1a: Ferrothorn
|-sidestart|p1: Dontrion|move: Stealth Rock
|move|p1a: Ferrothorn|Spikes|p2a: Blissey
|-sidestart|p2: Fumi1|Spikes
|
|upkeep
|turn|59
|
|t:|1670289674
|switch|p2a: Yveltal|Yveltal|84/100 par
|-ability|p2a: Yveltal|Dark Aura
|cant|p1a: Ferrothorn|par
|
|upkeep
|turn|60
|
|t:|1670289677
|move|p2a: Yveltal|Taunt|p1a: Ferrothorn
|-start|p1a: Ferrothorn|move: Taunt
|cant|p1a: Ferrothorn|move: Taunt|Spikes
|
|upkeep
|turn|61
|
|t:|1670289686
|switch|p1a: Xerneas|Xerneas|76/100
|-damage|p1a: Xerneas|63/100|[from] Stealth Rock
|-ability|p1a: Xerneas|Fairy Aura
|move|p2a: Yveltal|Defog|p1a: Xerneas
|-unboost|p1a: Xerneas|evasion|1
|-sideend|p1: Dontrion|Stealth Rock|[from] move: Defog|[of] p2a: Yveltal
|-sideend|p2: Fumi1|Spikes|[from] move: Defog|[of] p2a: Yveltal
|
|upkeep
|turn|62
|
|t:|1670289695
|switch|p1a: Yveltal|Yveltal|100/100
|-ability|p1a: Yveltal|Dark Aura
|switch|p2a: Blissey|Blissey, F|80/100
|
|upkeep
|turn|63
|
|t:|1670289704
|switch|p2a: Zygarde|Zygarde-Complete|96/100 slp
|move|p1a: Yveltal|U-turn|p2a: Zygarde
|-damage|p2a: Zygarde|88/100 slp
|
|t:|1670289706
|switch|p1a: Xerneas|Xerneas|63/100|[from] U-turn
|-ability|p1a: Xerneas|Fairy Aura
|
|upkeep
|turn|64
|
|t:|1670289710
|switch|p1a: Yveltal|Yveltal|100/100
|-ability|p1a: Yveltal|Dark Aura
|switch|p2a: Blissey|Blissey, F|80/100
|
|upkeep
|turn|65
|
|t:|1670289716
|switch|p2a: Zygarde|Zygarde-Complete|88/100 slp
|move|p1a: Yveltal|Knock Off|p2a: Zygarde
|-damage|p2a: Zygarde|73/100 slp
|
|upkeep
|turn|66
|
|t:|1670289722
|switch|p1a: Ferrothorn|Ferrothorn, F|89/100 par
|-curestatus|p2a: Zygarde|slp|[msg]
|move|p2a: Zygarde|Glare|p1a: Ferrothorn
|-fail|p1a: Ferrothorn|par
|
|upkeep
|turn|67
|
|t:|1670289731
|switch|p2a: Yveltal|Yveltal|84/100 par
|-ability|p2a: Yveltal|Dark Aura
|cant|p1a: Ferrothorn|par
|
|upkeep
|turn|68
|
|t:|1670289737
|switch|p1a: Xerneas|Xerneas|63/100
|-ability|p1a: Xerneas|Fairy Aura
|move|p2a: Yveltal|Taunt|p1a: Xerneas
|-start|p1a: Xerneas|move: Taunt
|
|upkeep
|turn|69
|
|t:|1670289740
|switch|p1a: Yveltal|Yveltal|100/100
|-ability|p1a: Yveltal|Dark Aura
|move|p2a: Yveltal|Taunt|p1a: Yveltal
|-start|p1a: Yveltal|move: Taunt
|
|upkeep
|turn|70
|
|t:|1670289745
|switch|p1a: Xerneas|Xerneas|63/100
|-ability|p1a: Xerneas|Fairy Aura
|switch|p2a: Xerneas|Xerneas|94/100
|-ability|p2a: Xerneas|Fairy Aura
|
|upkeep
|turn|71
|
|t:|1670289749
|switch|p1a: Chansey|Chansey, F|88/100
|move|p2a: Xerneas|Thunder Wave|p1a: Chansey|[miss]
|-miss|p2a: Xerneas|p1a: Chansey
|
|upkeep
|turn|72
|
|t:|1670289761
|switch|p2a: Zygarde|Zygarde-Complete|73/100
|move|p1a: Chansey|Aromatherapy|p1a: Chansey
|-activate|p1a: Chansey|move: Aromatherapy
|-curestatus|p1: Ho-Oh|par|[msg]
|-curestatus|p1: Ferrothorn|par|[msg]
|
|upkeep
|turn|73
|
|t:|1670289770
|move|p2a: Zygarde|Thousand Arrows|p1a: Chansey
|-damage|p1a: Chansey|65/100
|move|p1a: Chansey|Seismic Toss|p2a: Zygarde
|-damage|p2a: Zygarde|57/100
|
|upkeep
|turn|74
|c|☆Fumi1|what a tank
|
|t:|1670289776
|move|p2a: Zygarde|Coil|p2a: Zygarde
|-boost|p2a: Zygarde|atk|1
|-boost|p2a: Zygarde|def|1
|-boost|p2a: Zygarde|accuracy|1
|move|p1a: Chansey|Soft-Boiled|p1a: Chansey
|-heal|p1a: Chansey|100/100
|
|upkeep
|turn|75
|
|t:|1670289781
|switch|p1a: Ferrothorn|Ferrothorn, F|89/100
|move|p2a: Zygarde|Rest|p2a: Zygarde
|-status|p2a: Zygarde|slp|[from] move: Rest
|-heal|p2a: Zygarde|100/100 slp|[silent]
|
|upkeep
|turn|76
|
|t:|1670289784
|switch|p2a: Yveltal|Yveltal|84/100 par
|-ability|p2a: Yveltal|Dark Aura
|move|p1a: Ferrothorn|Leech Seed|p2a: Yveltal
|-start|p2a: Yveltal|move: Leech Seed
|
|-damage|p2a: Yveltal|72/100 par|[from] Leech Seed|[of] p1a: Ferrothorn
|-heal|p1a: Ferrothorn|100/100|[silent]
|upkeep
|turn|77
|
|t:|1670289789
|switch|p1a: Xerneas|Xerneas|63/100
|-ability|p1a: Xerneas|Fairy Aura
|move|p2a: Yveltal|Taunt|p1a: Xerneas
|-start|p1a: Xerneas|move: Taunt
|
|-damage|p2a: Yveltal|59/100 par|[from] Leech Seed|[of] p1a: Xerneas
|-heal|p1a: Xerneas|78/100|[silent]
|upkeep
|turn|78
|
|t:|1670289799
|switch|p2a: Blissey|Blissey, F|80/100
|move|p1a: Xerneas|Moonblast|p2a: Blissey
|-damage|p2a: Blissey|58/100
|
|upkeep
|turn|79
|
|t:|1670289804
|switch|p1a: Ferrothorn|Ferrothorn, F|100/100
|move|p2a: Blissey|Stealth Rock|p1a: Ferrothorn
|-sidestart|p1: Dontrion|move: Stealth Rock
|
|upkeep
|turn|80
|
|t:|1670289821
|switch|p2a: Necrozma|Necrozma-Dusk-Mane|100/100
|move|p1a: Ferrothorn|Spikes|p2a: Necrozma
|-sidestart|p2: Fumi1|Spikes
|
|upkeep
|turn|81
|
|t:|1670289826
|move|p2a: Necrozma|Thunder Wave|p1a: Ferrothorn
|-status|p1a: Ferrothorn|par
|move|p1a: Ferrothorn|Curse|p1a: Ferrothorn
|-unboost|p1a: Ferrothorn|spe|1
|-boost|p1a: Ferrothorn|atk|1
|-boost|p1a: Ferrothorn|def|1
|
|upkeep
|turn|82
|
|t:|1670289830
|switch|p2a: Yveltal|Yveltal|59/100 par
|-ability|p2a: Yveltal|Dark Aura
|cant|p1a: Ferrothorn|par
|
|upkeep
|turn|83
|
|t:|1670289841
|move|p2a: Yveltal|Taunt|p1a: Ferrothorn
|-start|p1a: Ferrothorn|move: Taunt
|move|p1a: Ferrothorn|Knock Off|p2a: Yveltal
|-resisted|p2a: Yveltal
|-damage|p2a: Yveltal|48/100 par
|
|upkeep
|turn|84
|
|t:|1670289845
|switch|p1a: Xerneas|Xerneas|78/100
|-damage|p1a: Xerneas|65/100|[from] Stealth Rock
|-ability|p1a: Xerneas|Fairy Aura
|move|p2a: Yveltal|Roost|p2a: Yveltal
|-heal|p2a: Yveltal|98/100 par
|-singleturn|p2a: Yveltal|move: Roost
|
|upkeep
|turn|85
|
|t:|1670289853
|switch|p1a: Ho-Oh|Ho-Oh|100/100
|switch|p2a: Blissey|Blissey, F|58/100
|-damage|p2a: Blissey|45/100|[from] Spikes
|
|upkeep
|turn|86
|
|t:|1670289862
|switch|p2a: Zygarde|Zygarde-Complete|100/100 slp
|-damage|p2a: Zygarde|88/100 slp|[from] Spikes
|move|p1a: Ho-Oh|Toxic||[still]
|-fail|p1a: Ho-Oh
|
|upkeep
|turn|87
|
|t:|1670289872
|cant|p2a: Zygarde|slp
|move|p1a: Ho-Oh|Whirlwind|p2a: Zygarde
|drag|p2a: Xerneas|Xerneas|94/100
|-ability|p2a: Xerneas|Fairy Aura
|
|upkeep
|turn|88
|
|t:|1670289883
|switch|p2a: Zygarde|Zygarde-Complete|88/100 slp
|-damage|p2a: Zygarde|75/100 slp|[from] Spikes
|move|p1a: Ho-Oh|Toxic||[still]
|-fail|p1a: Ho-Oh
|
|upkeep
|turn|89
|
|t:|1670289890
|switch|p1a: Ferrothorn|Ferrothorn, F|100/100 par
|-damage|p1a: Ferrothorn|94/100 par|[from] Stealth Rock
|cant|p2a: Zygarde|slp
|
|upkeep
|turn|90
|
|t:|1670289902
|switch|p2a: Yveltal|Yveltal|98/100 par
|-ability|p2a: Yveltal|Dark Aura
|cant|p1a: Ferrothorn|par
|
|upkeep
|turn|91
|c|☆Fumi1|pretty sure u out stall me
|
|t:|1670289917
|switch|p2a: Blissey|Blissey, F|45/100
|-damage|p2a: Blissey|33/100|[from] Spikes
|switch|p1a: Xerneas|Xerneas|65/100
|-damage|p1a: Xerneas|53/100|[from] Stealth Rock
|-ability|p1a: Xerneas|Fairy Aura
|
|upkeep
|turn|92
|
|t:|1670289920
|move|p1a: Xerneas|Moonblast|p2a: Blissey
|-damage|p2a: Blissey|10/100
|-unboost|p2a: Blissey|spa|1
|move|p2a: Blissey|Soft-Boiled|p2a: Blissey
|-heal|p2a: Blissey|60/100
|
|upkeep
|turn|93
|c|☆Dontrion|oof
|c|☆Fumi1|too risky
|c|☆Fumi1|that would've ended it all
|c|☆Dontrion|im getting there
|
|t:|1670289935
|switch|p1a: Ho-Oh|Ho-Oh|100/100
|move|p2a: Blissey|Soft-Boiled|p2a: Blissey
|-heal|p2a: Blissey|100/100
|
|upkeep
|turn|94
|c|☆Dontrion|im outstalling this which is good
|
|t:|1670289944
|switch|p2a: Yveltal|Yveltal|98/100 par
|-ability|p2a: Yveltal|Dark Aura
|move|p1a: Ho-Oh|Defog|p2a: Yveltal
|-unboost|p2a: Yveltal|evasion|1
|-sideend|p2: Fumi1|Spikes|[from] move: Defog|[of] p1a: Ho-Oh
|-sideend|p1: Dontrion|Stealth Rock|[from] move: Defog|[of] p1a: Ho-Oh
|
|upkeep
|turn|95
|
|t:|1670289960
|switch|p1a: Xerneas|Xerneas|53/100
|-ability|p1a: Xerneas|Fairy Aura
|move|p2a: Yveltal|Knock Off|p1a: Xerneas
|-resisted|p1a: Xerneas
|-damage|p1a: Xerneas|38/100
|
|upkeep
|turn|96
|
|t:|1670289966
|switch|p1a: Yveltal|Yveltal|100/100
|-ability|p1a: Yveltal|Dark Aura
|switch|p2a: Blissey|Blissey, F|100/100
|
|upkeep
|turn|97
|
|t:|1670289971
|switch|p2a: Zygarde|Zygarde-Complete|75/100 slp
|move|p1a: Yveltal|Knock Off|p2a: Zygarde
|-damage|p2a: Zygarde|62/100 slp
|
|upkeep
|turn|98
|
|t:|1670289992
|switch|p2a: Necrozma|Necrozma-Dusk-Mane|100/100
|switch|p1a: Ferrothorn|Ferrothorn, F|94/100 par
|
|upkeep
|turn|99
|
|t:|1670289998
|move|p2a: Necrozma|Earthquake|p1a: Ferrothorn
|-damage|p1a: Ferrothorn|74/100 par
|move|p1a: Ferrothorn|Spikes|p2a: Necrozma
|-sidestart|p2: Fumi1|Spikes
|
|upkeep
|turn|100
|
|t:|1670290005
|switch|p2a: Yveltal|Yveltal|98/100 par
|-ability|p2a: Yveltal|Dark Aura
|move|p1a: Ferrothorn|Leech Seed|p2a: Yveltal
|-start|p2a: Yveltal|move: Leech Seed
|
|-damage|p2a: Yveltal|86/100 par|[from] Leech Seed|[of] p1a: Ferrothorn
|-heal|p1a: Ferrothorn|90/100 par|[silent]
|upkeep
|turn|101
|
|t:|1670290011
|switch|p1a: Xerneas|Xerneas|38/100
|-ability|p1a: Xerneas|Fairy Aura
|move|p2a: Yveltal|Defog|p1a: Xerneas
|-unboost|p1a: Xerneas|evasion|1
|-sideend|p2: Fumi1|Spikes|[from] move: Defog|[of] p2a: Yveltal
|
|-damage|p2a: Yveltal|73/100 par|[from] Leech Seed|[of] p1a: Xerneas
|-heal|p1a: Xerneas|53/100|[silent]
|upkeep
|turn|102
|c|☆Dontrion|:3
|
|t:|1670290028
|switch|p1a: Ho-Oh|Ho-Oh|100/100
|switch|p2a: Blissey|Blissey, F|100/100
|
|upkeep
|turn|103
|
|t:|1670290034
|switch|p2a: Zygarde|Zygarde-Complete|62/100 slp
|move|p1a: Ho-Oh|Whirlwind|p2a: Zygarde
|drag|p2a: Yveltal|Yveltal|73/100 par
|-ability|p2a: Yveltal|Dark Aura
|
|upkeep
|turn|104
|
|t:|1670290039
|switch|p1a: Ferrothorn|Ferrothorn, F|90/100 par
|move|p2a: Yveltal|Knock Off|p1a: Ferrothorn
|-damage|p1a: Ferrothorn|68/100 par
|-damage|p2a: Yveltal|61/100 par|[from] ability: Iron Barbs|[of] p1a: Ferrothorn
|
|upkeep
|turn|105
|
|t:|1670290043
|switch|p1a: Xerneas|Xerneas|53/100
|-ability|p1a: Xerneas|Fairy Aura
|move|p2a: Yveltal|Taunt|p1a: Xerneas
|-start|p1a: Xerneas|move: Taunt
|
|upkeep
|turn|106
|inactive|Dontrion has 120 seconds left.
|
|t:|1670290082
|switch|p1a: Zygarde|Zygarde|100/100
|switch|p2a: Xerneas|Xerneas|94/100
|-ability|p2a: Xerneas|Fairy Aura
|
|upkeep
|turn|107
|
|t:|1670290085
|switch|p1a: Chansey|Chansey, F|100/100
|move|p2a: Xerneas|Moonblast|p1a: Chansey
|-damage|p1a: Chansey|87/100
|
|upkeep
|turn|108
|
|t:|1670290093
|switch|p2a: Zygarde|Zygarde-Complete|62/100 slp
|move|p1a: Chansey|Seismic Toss|p2a: Zygarde
|-damage|p2a: Zygarde|46/100 slp
|
|upkeep
|turn|109
|
|t:|1670290098
|-curestatus|p2a: Zygarde|slp|[msg]
|move|p2a: Zygarde|Rest|p2a: Zygarde
|-status|p2a: Zygarde|slp|[from] move: Rest
|-heal|p2a: Zygarde|100/100 slp|[silent]
|move|p1a: Chansey|Seismic Toss|p2a: Zygarde
|-damage|p2a: Zygarde|84/100 slp
|
|upkeep
|turn|110
|inactive|Dontrion has 120 seconds left.
|
|t:|1670290113
|switch|p2a: Calyrex|Calyrex-Shadow|100/100
|-ability|p2a: Calyrex|As One
|-ability|p2a: Calyrex|Unnerve
|switch|p1a: Zygarde|Zygarde|100/100
|
|upkeep
|turn|111
|
|t:|1670290118
|switch|p2a: Xerneas|Xerneas|94/100
|-ability|p2a: Xerneas|Fairy Aura
|switch|p1a: Ho-Oh|Ho-Oh|100/100
|
|upkeep
|turn|112
|
|t:|1670290123
|switch|p2a: Zygarde|Zygarde-Complete|84/100 slp
|move|p1a: Ho-Oh|Toxic||[still]
|-fail|p1a: Ho-Oh
|
|upkeep
|turn|113
|
|t:|1670290129
|switch|p1a: Ferrothorn|Ferrothorn, F|68/100 par
|cant|p2a: Zygarde|slp
|
|upkeep
|turn|114
|
|t:|1670290133
|switch|p2a: Yveltal|Yveltal|61/100 par
|-ability|p2a: Yveltal|Dark Aura
|move|p1a: Ferrothorn|Leech Seed|p2a: Yveltal
|-start|p2a: Yveltal|move: Leech Seed
|
|-damage|p2a: Yveltal|48/100 par|[from] Leech Seed|[of] p1a: Ferrothorn
|-heal|p1a: Ferrothorn|84/100 par|[silent]
|upkeep
|turn|115
|
|t:|1670290149
|move|p2a: Yveltal|Roost|p2a: Yveltal
|-heal|p2a: Yveltal|98/100 par
|-singleturn|p2a: Yveltal|move: Roost
|move|p1a: Ferrothorn|Spikes|p2a: Yveltal
|-sidestart|p2: Fumi1|Spikes
|
|-damage|p2a: Yveltal|86/100 par|[from] Leech Seed|[of] p1a: Ferrothorn
|-heal|p1a: Ferrothorn|100/100 par|[silent]
|upkeep
|turn|116
|
|t:|1670290154
|switch|p1a: Xerneas|Xerneas|53/100
|-ability|p1a: Xerneas|Fairy Aura
|move|p2a: Yveltal|Taunt|p1a: Xerneas
|-start|p1a: Xerneas|move: Taunt
|
|-damage|p2a: Yveltal|73/100 par|[from] Leech Seed|[of] p1a: Xerneas
|-heal|p1a: Xerneas|67/100|[silent]
|upkeep
|turn|117
|c|☆Fumi1|interesting..
|
|t:|1670290163
|switch|p1a: Ferrothorn|Ferrothorn, F|100/100 par
|switch|p2a: Blissey|Blissey, F|100/100
|-damage|p2a: Blissey|88/100|[from] Spikes
|
|upkeep
|turn|118
|c|☆Dontrion|what is
|
|t:|1670290179
|switch|p2a: Zygarde|Zygarde-Complete|84/100 slp
|-damage|p2a: Zygarde|71/100 slp|[from] Spikes
|cant|p1a: Ferrothorn|par
|
|upkeep
|turn|119
|
|t:|1670290182
|cant|p2a: Zygarde|slp
|cant|p1a: Ferrothorn|par
|
|upkeep
|turn|120
|
|t:|1670290184
|-curestatus|p2a: Zygarde|slp|[msg]
|move|p2a: Zygarde|Thousand Arrows|p1a: Ferrothorn
|-damage|p1a: Ferrothorn|82/100 par
|cant|p1a: Ferrothorn|par
|
|upkeep
|turn|121
|
|t:|1670290198
|switch|p2a: Yveltal|Yveltal|73/100 par
|-ability|p2a: Yveltal|Dark Aura
|move|p1a: Ferrothorn|Leech Seed|p2a: Yveltal
|-start|p2a: Yveltal|move: Leech Seed
|
|-damage|p2a: Yveltal|61/100 par|[from] Leech Seed|[of] p1a: Ferrothorn
|-heal|p1a: Ferrothorn|99/100 par|[silent]
|upkeep
|turn|122
|
|t:|1670290212
|switch|p2a: Necrozma|Necrozma-Dusk-Mane|100/100
|switch|p1a: Xerneas|Xerneas|67/100
|-ability|p1a: Xerneas|Fairy Aura
|
|upkeep
|turn|123
|
|t:|1670290219
|switch|p1a: Zygarde|Zygarde|100/100
|move|p2a: Necrozma|Knock Off|p1a: Zygarde
|-damage|p1a: Zygarde|84/100
|-enditem|p1a: Zygarde|Leftovers|[from] move: Knock Off|[of] p2a: Necrozma
|
|upkeep
|turn|124
|
|t:|1670290226
|switch|p2a: Xerneas|Xerneas|94/100
|-ability|p2a: Xerneas|Fairy Aura
|move|p1a: Zygarde|Glare|p2a: Xerneas
|-status|p2a: Xerneas|par
|
|upkeep
|turn|125
|c|☆Dontrion|finally some good
|
|t:|1670290242
|switch|p1a: Ho-Oh|Ho-Oh|100/100
|move|p2a: Xerneas|Moonblast|p1a: Ho-Oh
|-resisted|p1a: Ho-Oh
|-damage|p1a: Ho-Oh|85/100
|
|upkeep
|turn|126
|c|☆Fumi1|too good for u
|
|t:|1670290252
|move|p1a: Ho-Oh|Toxic|p2a: Xerneas|[miss]
|-miss|p1a: Ho-Oh|p2a: Xerneas
|cant|p2a: Xerneas|par
|
|upkeep
|turn|127
|
|t:|1670290261
|switch|p1a: Ferrothorn|Ferrothorn, F|99/100 par
|move|p2a: Xerneas|Thunder Wave|p1a: Ferrothorn
|-fail|p1a: Ferrothorn|par
|
|upkeep
|turn|128
|
|t:|1670290268
|move|p2a: Xerneas|Rest|p2a: Xerneas
|-status|p2a: Xerneas|slp|[from] move: Rest
|-heal|p2a: Xerneas|100/100 slp|[silent]
|cant|p1a: Ferrothorn|par
|
|upkeep
|turn|129
|c|☆Dontrion|oh
|
|t:|1670290275
|switch|p2a: Yveltal|Yveltal|61/100 par
|-ability|p2a: Yveltal|Dark Aura
|move|p1a: Ferrothorn|Spikes|p2a: Yveltal
|-sidestart|p2: Fumi1|Spikes
|
|upkeep
|turn|130
|
|t:|1670290282
|move|p2a: Yveltal|Roost|p2a: Yveltal
|-heal|p2a: Yveltal|100/100 par
|-singleturn|p2a: Yveltal|move: Roost
|move|p1a: Ferrothorn|Spikes|p2a: Yveltal
|-sidestart|p2: Fumi1|Spikes
|
|upkeep
|turn|131
|
|t:|1670290284
|switch|p1a: Xerneas|Xerneas|67/100
|-ability|p1a: Xerneas|Fairy Aura
|move|p2a: Yveltal|Taunt|p1a: Xerneas
|-start|p1a: Xerneas|move: Taunt
|
|upkeep
|turn|132
|
|t:|1670290294
|switch|p2a: Blissey|Blissey, F|88/100
|-damage|p2a: Blissey|63/100|[from] Spikes
|move|p1a: Xerneas|Moonblast|p2a: Blissey
|-damage|p2a: Blissey|41/100
|-unboost|p2a: Blissey|spa|1
|
|upkeep
|turn|133
|
|t:|1670290302
|switch|p1a: Yveltal|Yveltal|100/100
|-ability|p1a: Yveltal|Dark Aura
|move|p2a: Blissey|Soft-Boiled|p2a: Blissey
|-heal|p2a: Blissey|91/100
|
|upkeep
|turn|134
|
|t:|1670290313
|switch|p2a: Zygarde|Zygarde-Complete|71/100
|-damage|p2a: Zygarde|46/100|[from] Spikes
|move|p1a: Yveltal|U-turn|p2a: Zygarde
|-damage|p2a: Zygarde|39/100
|
|t:|1670290316
|switch|p1a: Xerneas|Xerneas|67/100|[from] U-turn
|-ability|p1a: Xerneas|Fairy Aura
|
|upkeep
|turn|135
|c|☆Fumi1|dang
|c|☆Fumi1|thats not good
|c|☆Dontrion|yup
|c|☆Fumi1|prety sure u out stall and win
|c|☆Dontrion|mhm
|
|t:|1670290343
|switch|p1a: Yveltal|Yveltal|100/100
|-ability|p1a: Yveltal|Dark Aura
|switch|p2a: Blissey|Blissey, F|91/100
|-damage|p2a: Blissey|66/100|[from] Spikes
|
|upkeep
|turn|136
|
|t:|1670290350
|switch|p2a: Yveltal|Yveltal|100/100 par
|-ability|p2a: Yveltal|Dark Aura
|move|p1a: Yveltal|U-turn|p2a: Yveltal
|-damage|p2a: Yveltal|85/100 par
|
|t:|1670290352
|switch|p1a: Xerneas|Xerneas|67/100|[from] U-turn
|-ability|p1a: Xerneas|Fairy Aura
|
|upkeep
|turn|137
|
|t:|1670290366
|move|p1a: Xerneas|Moonblast|p2a: Yveltal
|-supereffective|p2a: Yveltal
|-damage|p2a: Yveltal|8/100 par
|-unboost|p2a: Yveltal|spa|1
|move|p2a: Yveltal|Defog|p1a: Xerneas
|-unboost|p1a: Xerneas|evasion|1
|-sideend|p2: Fumi1|Spikes|[from] move: Defog|[of] p2a: Yveltal
|
|upkeep
|turn|138
|c|☆Dontrion|ofc
|
|t:|1670290381
|switch|p2a: Blissey|Blissey, F|66/100
|move|p1a: Xerneas|Moonblast|p2a: Blissey
|-damage|p2a: Blissey|44/100
|
|upkeep
|turn|139
|
|t:|1670290386
|switch|p1a: Ferrothorn|Ferrothorn, F|99/100 par
|move|p2a: Blissey|Soft-Boiled|p2a: Blissey
|-heal|p2a: Blissey|94/100
|
|upkeep
|turn|140
|inactive|Fumi1 has 120 seconds left.
|
|t:|1670290409
|switch|p2a: Xerneas|Xerneas|100/100 slp
|-ability|p2a: Xerneas|Fairy Aura
|move|p1a: Ferrothorn|Leech Seed|p2a: Xerneas|[miss]
|-miss|p1a: Ferrothorn|p2a: Xerneas
|
|upkeep
|turn|141
|inactive|Fumi1 has 90 seconds left.
|
|t:|1670290451
|switch|p2a: Necrozma|Necrozma-Dusk-Mane|100/100
|cant|p1a: Ferrothorn|par
|
|upkeep
|turn|142
|
|t:|1670290458
|move|p2a: Necrozma|Earthquake|p1a: Ferrothorn
|-damage|p1a: Ferrothorn|80/100 par
|move|p1a: Ferrothorn|Leech Seed|p2a: Necrozma
|-start|p2a: Necrozma|move: Leech Seed
|
|-damage|p2a: Necrozma|88/100|[from] Leech Seed|[of] p1a: Ferrothorn
|-heal|p1a: Ferrothorn|94/100 par|[silent]
|upkeep
|turn|143
|
|t:|1670290468
|switch|p2a: Xerneas|Xerneas|100/100 slp
|-ability|p2a: Xerneas|Fairy Aura
|move|p1a: Ferrothorn|Knock Off|p2a: Xerneas
|-resisted|p2a: Xerneas
|-damage|p2a: Xerneas|94/100 slp
|-enditem|p2a: Xerneas|Heavy-Duty Boots|[from] move: Knock Off|[of] p1a: Ferrothorn
|
|upkeep
|turn|144
|
|t:|1670290480
|switch|p2a: Zygarde|Zygarde-Complete|39/100
|move|p1a: Ferrothorn|Spikes|p2a: Zygarde
|-sidestart|p2: Fumi1|Spikes
|
|upkeep
|turn|145
|
|t:|1670290485
|move|p2a: Zygarde|Rest|p2a: Zygarde
|-status|p2a: Zygarde|slp|[from] move: Rest
|-heal|p2a: Zygarde|100/100 slp|[silent]
|cant|p1a: Ferrothorn|par
|
|upkeep
|turn|146
|
|t:|1670290494
|switch|p2a: Calyrex|Calyrex-Shadow|100/100
|-ability|p2a: Calyrex|As One
|-ability|p2a: Calyrex|Unnerve
|-damage|p2a: Calyrex|88/100|[from] Spikes
|switch|p1a: Xerneas|Xerneas|67/100
|-ability|p1a: Xerneas|Fairy Aura
|
|-heal|p2a: Calyrex|94/100|[from] item: Leftovers
|upkeep
|turn|147
|inactive|Fumi1 has 60 seconds left.
|
|t:|1670290530
|switch|p1a: Yveltal|Yveltal|100/100
|-ability|p1a: Yveltal|Dark Aura
|move|p2a: Calyrex|Substitute|p2a: Calyrex
|-start|p2a: Calyrex|Substitute
|-damage|p2a: Calyrex|69/100
|
|-heal|p2a: Calyrex|75/100|[from] item: Leftovers
|upkeep
|turn|148
|
|t:|1670290540
|switch|p1a: Chansey|Chansey, F|87/100
|move|p2a: Calyrex|Leech Seed|p1a: Chansey
|-start|p1a: Chansey|move: Leech Seed
|
|-heal|p2a: Calyrex|82/100|[from] item: Leftovers
|-damage|p1a: Chansey|74/100|[from] Leech Seed|[of] p2a: Calyrex
|-heal|p2a: Calyrex|100/100|[silent]
|upkeep
|turn|149
|
|t:|1670290547
|move|p2a: Calyrex|Nasty Plot|p2a: Calyrex
|-boost|p2a: Calyrex|spa|2
|move|p1a: Chansey|Aromatherapy|p1a: Chansey
|-activate|p1a: Chansey|move: Aromatherapy
|-curestatus|p1: Ferrothorn|par|[msg]
|
|-damage|p1a: Chansey|62/100|[from] Leech Seed|[of] p2a: Calyrex
|upkeep
|turn|150
|
|t:|1670290570
|move|p2a: Calyrex|Nasty Plot|p2a: Calyrex
|-boost|p2a: Calyrex|spa|2
|move|p1a: Chansey|Soft-Boiled|p1a: Chansey
|-heal|p1a: Chansey|100/100
|
|-damage|p1a: Chansey|88/100|[from] Leech Seed|[of] p2a: Calyrex
|upkeep
|turn|151
|c|☆Dontrion|this is scaring me
|c|☆Dontrion|idk what move this is
|
|t:|1670290583
|move|p2a: Calyrex|Nasty Plot|p2a: Calyrex
|-boost|p2a: Calyrex|spa|2
|move|p1a: Chansey|Confide|p2a: Calyrex
|-unboost|p2a: Calyrex|spa|1
|
|-damage|p1a: Chansey|76/100|[from] Leech Seed|[of] p2a: Calyrex
|upkeep
|turn|152
|
|t:|1670290590
|move|p2a: Calyrex|Nasty Plot|p2a: Calyrex
|-boost|p2a: Calyrex|spa|1
|move|p1a: Chansey|Confide|p2a: Calyrex
|-unboost|p2a: Calyrex|spa|1
|
|-damage|p1a: Chansey|63/100|[from] Leech Seed|[of] p2a: Calyrex
|upkeep
|turn|153
|
|t:|1670290598
|switch|p1a: Yveltal|Yveltal|100/100
|-ability|p1a: Yveltal|Dark Aura
|move|p2a: Calyrex|Nasty Plot|p2a: Calyrex
|-boost|p2a: Calyrex|spa|1
|
|upkeep
|turn|154
|inactive|Dontrion has 120 seconds left.
|inactive|Fumi1 has 60 seconds left.
|c|☆Fumi1|:)
|
|t:|1670290621
|move|p2a: Calyrex|Astral Barrage|p1a: Yveltal
|-resisted|p1a: Yveltal
|-damage|p1a: Yveltal|21/100
|move|p1a: Yveltal|U-turn|p2a: Calyrex
|-activate|p2a: Calyrex|move: Substitute|[damage]
|
|t:|1670290624
|switch|p1a: Chansey|Chansey, F|63/100|[from] U-turn
|
|upkeep
|turn|155
|c|☆Dontrion|ok so im fine here
|c|☆Dontrion|lol
|inactive|Dontrion has 120 seconds left.
|
|t:|1670290639
|switch|p1a: Yveltal|Yveltal|21/100
|-ability|p1a: Yveltal|Dark Aura
|move|p2a: Calyrex|Leech Seed|p1a: Yveltal|[miss]
|-miss|p2a: Calyrex|p1a: Yveltal
|
|upkeep
|turn|156
|
|t:|1670290645
|switch|p1a: Chansey|Chansey, F|63/100
|move|p2a: Calyrex|Leech Seed|p1a: Chansey|[miss]
|-miss|p2a: Calyrex|p1a: Chansey
|
|upkeep
|turn|157
|inactive|Dontrion has 120 seconds left.
|c|☆Fumi1|?!
|c|☆Dontrion|what
|
|t:|1670290659
|move|p2a: Calyrex|Leech Seed|p1a: Chansey
|-start|p1a: Chansey|move: Leech Seed
|move|p1a: Chansey|Confide|p2a: Calyrex
|-unboost|p2a: Calyrex|spa|1
|
|-damage|p1a: Chansey|51/100|[from] Leech Seed|[of] p2a: Calyrex
|upkeep
|turn|158
|
|t:|1670290662
|move|p2a: Calyrex|Nasty Plot|p2a: Calyrex
|-boost|p2a: Calyrex|spa|1
|move|p1a: Chansey|Confide|p2a: Calyrex
|-unboost|p2a: Calyrex|spa|1
|
|-damage|p1a: Chansey|38/100|[from] Leech Seed|[of] p2a: Calyrex
|upkeep
|turn|159
|
|t:|1670290671
|move|p2a: Calyrex|Nasty Plot|p2a: Calyrex
|-boost|p2a: Calyrex|spa|1
|move|p1a: Chansey|Soft-Boiled|p1a: Chansey
|-heal|p1a: Chansey|88/100
|
|-damage|p1a: Chansey|76/100|[from] Leech Seed|[of] p2a: Calyrex
|upkeep
|turn|160
|
|t:|1670290683
|switch|p1a: Yveltal|Yveltal|21/100
|-ability|p1a: Yveltal|Dark Aura
|move|p2a: Calyrex|Nasty Plot|p2a: Calyrex
|-boost|p2a: Calyrex|spa|0
|
|upkeep
|turn|161
|
|t:|1670290686
|switch|p1a: Chansey|Chansey, F|76/100
|move|p2a: Calyrex|Astral Barrage|p1a: Chansey
|-immune|p1a: Chansey
|
|upkeep
|turn|162
|
|t:|1670290689
|switch|p1a: Yveltal|Yveltal|21/100
|-ability|p1a: Yveltal|Dark Aura
|move|p2a: Calyrex|Substitute|p2a: Calyrex
|-fail|p2a: Calyrex|move: Substitute
|
|upkeep
|turn|163
|
|t:|1670290692
|switch|p1a: Chansey|Chansey, F|76/100
|move|p2a: Calyrex|Leech Seed|p1a: Chansey
|-start|p1a: Chansey|move: Leech Seed
|
|-damage|p1a: Chansey|63/100|[from] Leech Seed|[of] p2a: Calyrex
|upkeep
|turn|164
|
|t:|1670290698
|move|p2a: Calyrex|Nasty Plot|p2a: Calyrex
|-boost|p2a: Calyrex|spa|0
|move|p1a: Chansey|Confide|p2a: Calyrex
|-unboost|p2a: Calyrex|spa|1
|
|-damage|p1a: Chansey|51/100|[from] Leech Seed|[of] p2a: Calyrex
|upkeep
|turn|165
|
|t:|1670290700
|move|p2a: Calyrex|Nasty Plot|p2a: Calyrex
|-boost|p2a: Calyrex|spa|1
|move|p1a: Chansey|Soft-Boiled|p1a: Chansey
|-heal|p1a: Chansey|100/100
|
|-damage|p1a: Chansey|88/100|[from] Leech Seed|[of] p2a: Calyrex
|upkeep
|turn|166
|inactive|Fumi1 has 90 seconds left.
|
|t:|1670290712
|switch|p1a: Yveltal|Yveltal|21/100
|-ability|p1a: Yveltal|Dark Aura
|move|p2a: Calyrex|Nasty Plot|p2a: Calyrex
|-boost|p2a: Calyrex|spa|0
|
|upkeep
|turn|167
|inactive|Fumi1 has 90 seconds left.
|
|t:|1670290718
|switch|p1a: Chansey|Chansey, F|88/100
|move|p2a: Calyrex|Leech Seed|p1a: Chansey
|-start|p1a: Chansey|move: Leech Seed
|
|-damage|p1a: Chansey|76/100|[from] Leech Seed|[of] p2a: Calyrex
|upkeep
|turn|168
|inactive|Fumi1 has 90 seconds left.
|
|t:|1670290729
|move|p2a: Calyrex|Astral Barrage|p1a: Chansey
|-immune|p1a: Chansey
|move|p1a: Chansey|Confide|p2a: Calyrex
|-unboost|p2a: Calyrex|spa|1
|
|-damage|p1a: Chansey|63/100|[from] Leech Seed|[of] p2a: Calyrex
|upkeep
|turn|169
|c|☆Dontrion|:3
|
|t:|1670290734
|switch|p1a: Yveltal|Yveltal|21/100
|-ability|p1a: Yveltal|Dark Aura
|move|p2a: Calyrex|Nasty Plot|p2a: Calyrex
|-boost|p2a: Calyrex|spa|1
|
|upkeep
|turn|170
|c|☆Fumi1|the mind games
|inactive|Fumi1 has 90 seconds left.
|c|☆Dontrion|lol
|
|t:|1670290746
|move|p2a: Calyrex|Leech Seed|p1a: Yveltal
|-start|p1a: Yveltal|move: Leech Seed
|move|p1a: Yveltal|Knock Off|p2a: Calyrex
|-supereffective|p2a: Calyrex
|-end|p2a: Calyrex|Substitute
|
|-damage|p1a: Yveltal|9/100|[from] Leech Seed|[of] p2a: Calyrex
|upkeep
|turn|171
|inactive|Fumi1 has 90 seconds left.
|
|t:|1670290754
|move|p2a: Calyrex|Substitute|p2a: Calyrex
|-start|p2a: Calyrex|Substitute
|-damage|p2a: Calyrex|75/100
|move|p1a: Yveltal|Roost|p1a: Yveltal
|-heal|p1a: Yveltal|59/100
|-singleturn|p1a: Yveltal|move: Roost
|
|-heal|p2a: Calyrex|82/100|[from] item: Leftovers
|-damage|p1a: Yveltal|47/100|[from] Leech Seed|[of] p2a: Calyrex
|-heal|p2a: Calyrex|98/100|[silent]
|upkeep
|turn|172
|
|t:|1670290756
|switch|p1a: Chansey|Chansey, F|63/100
|move|p2a: Calyrex|Astral Barrage|p1a: Chansey
|-immune|p1a: Chansey
|
|-heal|p2a: Calyrex|100/100|[from] item: Leftovers
|upkeep
|turn|173
|c|☆Dontrion|hahaha
|
|t:|1670290781
|move|p2a: Calyrex|Leech Seed|p1a: Chansey
|-start|p1a: Chansey|move: Leech Seed
|move|p1a: Chansey|Seismic Toss|p2a: Calyrex
|-immune|p2a: Calyrex
|
|-damage|p1a: Chansey|51/100|[from] Leech Seed|[of] p2a: Calyrex
|upkeep
|turn|174
|
|t:|1670290789
|move|p2a: Calyrex|Nasty Plot|p2a: Calyrex
|-boost|p2a: Calyrex|spa|0
|move|p1a: Chansey|Soft-Boiled|p1a: Chansey
|-heal|p1a: Chansey|100/100
|
|-damage|p1a: Chansey|88/100|[from] Leech Seed|[of] p2a: Calyrex
|upkeep
|turn|175
|
|t:|1670290798
|switch|p1a: Ferrothorn|Ferrothorn, F|94/100
|move|p2a: Calyrex|Leech Seed|p1a: Ferrothorn
|-immune|p1a: Ferrothorn
|
|upkeep
|turn|176
|
|t:|1670290808
|switch|p1a: Chansey|Chansey, F|88/100
|move|p2a: Calyrex|Astral Barrage|p1a: Chansey
|-immune|p1a: Chansey
|
|upkeep
|turn|177
|c|☆Fumi1|LMFAO
|
|t:|1670290817
|switch|p1a: Ferrothorn|Ferrothorn, F|94/100
|move|p2a: Calyrex|Nasty Plot|p2a: Calyrex
|-boost|p2a: Calyrex|spa|0
|
|upkeep
|turn|178
|inactive|Fumi1 has 90 seconds left.
|c|☆Dontrion|this is great
|inactive|Fumi1 has 60 seconds left.
|
|t:|1670290868
|move|p2a: Calyrex|Substitute|p2a: Calyrex
|-fail|p2a: Calyrex|move: Substitute
|move|p1a: Ferrothorn|Knock Off|p2a: Calyrex
|-supereffective|p2a: Calyrex
|-end|p2a: Calyrex|Substitute
|
|upkeep
|turn|179
|c|☆Dontrion|who is grc
|
|t:|1670290879
|move|p2a: Calyrex|Substitute|p2a: Calyrex
|-start|p2a: Calyrex|Substitute
|-damage|p2a: Calyrex|75/100
|move|p1a: Ferrothorn|Spikes|p2a: Calyrex
|-sidestart|p2: Fumi1|Spikes
|
|-heal|p2a: Calyrex|82/100|[from] item: Leftovers
|upkeep
|turn|180
|c|☆Fumi1|idk
|inactive|Fumi1 has 60 seconds left.
|c|☆Dontrion|kek
|
|t:|1670290911
|switch|p1a: Chansey|Chansey, F|88/100
|move|p2a: Calyrex|Astral Barrage|p1a: Chansey
|-immune|p1a: Chansey
|
|-heal|p2a: Calyrex|88/100|[from] item: Leftovers
|upkeep
|turn|181
|c|☆Fumi1|LMFAO
|c|☆Fumi1|ggs
|
|t:|1670290920
|move|p2a: Calyrex|Leech Seed|p1a: Chansey
|-start|p1a: Chansey|move: Leech Seed
|move|p1a: Chansey|Confide|p2a: Calyrex
|-unboost|p2a: Calyrex|spa|1
|
|-heal|p2a: Calyrex|94/100|[from] item: Leftovers
|-damage|p1a: Chansey|76/100|[from] Leech Seed|[of] p2a: Calyrex
|-heal|p2a: Calyrex|100/100|[silent]
|upkeep
|turn|182
|c|☆Fumi1|outplays
|
|t:|1670290924
|move|p2a: Calyrex|Nasty Plot|p2a: Calyrex
|-boost|p2a: Calyrex|spa|1
|move|p1a: Chansey|Confide|p2a: Calyrex
|-unboost|p2a: Calyrex|spa|1
|
|-damage|p1a: Chansey|63/100|[from] Leech Seed|[of] p2a: Calyrex
|upkeep
|turn|183
|
|t:|1670290935
|move|p2a: Calyrex|Substitute|p2a: Calyrex
|-fail|p2a: Calyrex|move: Substitute
|move|p1a: Chansey|Confide|p2a: Calyrex
|-unboost|p2a: Calyrex|spa|1
|
|-damage|p1a: Chansey|51/100|[from] Leech Seed|[of] p2a: Calyrex
|upkeep
|turn|184
|
|t:|1670290939
|move|p2a: Calyrex|Nasty Plot|p2a: Calyrex
|-boost|p2a: Calyrex|spa|2
|move|p1a: Chansey|Soft-Boiled|p1a: Chansey
|-heal|p1a: Chansey|100/100
|
|-damage|p1a: Chansey|88/100|[from] Leech Seed|[of] p2a: Calyrex
|upkeep
|turn|185
|
|t:|1670290949
|move|p2a: Calyrex|Nasty Plot|p2a: Calyrex
|-boost|p2a: Calyrex|spa|0
|move|p1a: Chansey|Confide|p2a: Calyrex
|-unboost|p2a: Calyrex|spa|1
|
|-damage|p1a: Chansey|76/100|[from] Leech Seed|[of] p2a: Calyrex
|upkeep
|turn|186
|
|t:|1670290951
|switch|p1a: Ferrothorn|Ferrothorn, F|94/100
|move|p2a: Calyrex|Nasty Plot|p2a: Calyrex
|-boost|p2a: Calyrex|spa|1
|
|upkeep
|turn|187
|
|t:|1670290955
|switch|p1a: Chansey|Chansey, F|76/100
|move|p2a: Calyrex|Nasty Plot|p2a: Calyrex
|-boost|p2a: Calyrex|spa|0
|
|upkeep
|turn|188
|
|t:|1670290961
|switch|p1a: Ferrothorn|Ferrothorn, F|94/100
|move|p2a: Calyrex|Leech Seed|p1a: Ferrothorn
|-immune|p1a: Ferrothorn
|
|upkeep
|turn|189
|
|t:|1670290964
|switch|p1a: Chansey|Chansey, F|76/100
|move|p2a: Calyrex|Substitute|p2a: Calyrex
|-fail|p2a: Calyrex|move: Substitute
|
|upkeep
|turn|190
|
|t:|1670290970
|switch|p1a: Ferrothorn|Ferrothorn, F|94/100
|move|p2a: Calyrex|Nasty Plot|p2a: Calyrex
|-boost|p2a: Calyrex|spa|0
|
|upkeep
|turn|191
|
|t:|1670290978
|move|p2a: Calyrex|Substitute|p2a: Calyrex
|-fail|p2a: Calyrex|move: Substitute
|move|p1a: Ferrothorn|Knock Off|p2a: Calyrex
|-supereffective|p2a: Calyrex
|-end|p2a: Calyrex|Substitute
|
|upkeep
|turn|192
|
|t:|1670290981
|switch|p1a: Chansey|Chansey, F|76/100
|move|p2a: Calyrex|Substitute|p2a: Calyrex
|-start|p2a: Calyrex|Substitute
|-damage|p2a: Calyrex|75/100
|
|-heal|p2a: Calyrex|82/100|[from] item: Leftovers
|upkeep
|turn|193
|
|t:|1670290988
|move|p2a: Calyrex|Nasty Plot|p2a: Calyrex
|-boost|p2a: Calyrex|spa|0
|move|p1a: Chansey|Seismic Toss|p2a: Calyrex
|-immune|p2a: Calyrex
|
|-heal|p2a: Calyrex|88/100|[from] item: Leftovers
|upkeep
|turn|194
|
|t:|1670290999
|move|p2a: Calyrex|Astral Barrage|p1a: Chansey
|-immune|p1a: Chansey
|move|p1a: Chansey|Confide|p2a: Calyrex
|-unboost|p2a: Calyrex|spa|1
|
|-heal|p2a: Calyrex|94/100|[from] item: Leftovers
|upkeep
|turn|195
|
|t:|1670291010
|switch|p1a: Ferrothorn|Ferrothorn, F|94/100
|move|p2a: Calyrex|Astral Barrage|p1a: Ferrothorn
|-damage|p1a: Ferrothorn|0 fnt
|faint|p1a: Ferrothorn
|-ability|p2a: Calyrex|Grim Neigh|boost
|-boost|p2a: Calyrex|spa|1
|
|-heal|p2a: Calyrex|100/100|[from] item: Leftovers
|upkeep
|c|☆Dontrion|NOOOOOO
|c|☆Fumi1|LMFAOOOOOOOOOOOOOOOOOOOOO
|c|☆Dontrion|im chilling tho
|c|☆Dontrion|I think
|c|☆Dontrion|I hope
|c|☆Fumi1|facts
|
|t:|1670291025
|switch|p1a: Xerneas|Xerneas|67/100
|-ability|p1a: Xerneas|Fairy Aura
|turn|196
|c|☆Fumi1|caly is useless now
|inactive|Dontrion has 120 seconds left.
|
|t:|1670291037
|switch|p1a: Zygarde|Zygarde|84/100
|move|p2a: Calyrex|Leech Seed|p1a: Zygarde
|-start|p1a: Zygarde|move: Leech Seed
|
|-damage|p1a: Zygarde|72/100|[from] Leech Seed|[of] p2a: Calyrex
|upkeep
|turn|197
|
|t:|1670291051
|switch|p2a: Xerneas|Xerneas|94/100 slp
|-damage|p2a: Xerneas|78/100 slp|[from] Spikes
|-ability|p2a: Xerneas|Fairy Aura
|switch|p1a: Yveltal|Yveltal|47/100
|-ability|p1a: Yveltal|Dark Aura
|
|upkeep
|turn|198
|
|t:|1670291067
|cant|p2a: Xerneas|slp
|move|p1a: Yveltal|Roost|p1a: Yveltal
|-heal|p1a: Yveltal|97/100
|-singleturn|p1a: Yveltal|move: Roost
|
|upkeep
|turn|199
|
|t:|1670291070
|switch|p1a: Chansey|Chansey, F|76/100
|cant|p2a: Xerneas|slp
|
|upkeep
|turn|200
|
|t:|1670291078
|-curestatus|p2a: Xerneas|slp|[msg]
|move|p2a: Xerneas|Calm Mind|p2a: Xerneas
|-boost|p2a: Xerneas|spa|1
|-boost|p2a: Xerneas|spd|1
|move|p1a: Chansey|Confide|p2a: Xerneas
|-unboost|p2a: Xerneas|spa|1
|
|upkeep
|turn|201
|inactive|Fumi1 has 30 seconds left.
|
|t:|1670291084
|move|p2a: Xerneas|Thunder Wave|p1a: Chansey
|-status|p1a: Chansey|par
|move|p1a: Chansey|Confide|p2a: Xerneas
|-unboost|p2a: Xerneas|spa|1
|
|upkeep
|turn|202
|
|t:|1670291087
|-curestatus|p1a: Chansey|par|[from] ability: Natural Cure
|switch|p1a: Ho-Oh|Ho-Oh|100/100
|move|p2a: Xerneas|Calm Mind|p2a: Xerneas
|-boost|p2a: Xerneas|spa|1
|-boost|p2a: Xerneas|spd|1
|
|upkeep
|turn|203
|
|t:|1670291092
|switch|p2a: Zygarde|Zygarde-Complete|100/100 slp
|-damage|p2a: Zygarde|84/100 slp|[from] Spikes
|move|p1a: Ho-Oh|Whirlwind|p2a: Zygarde
|drag|p2a: Xerneas|Xerneas|78/100
|-damage|p2a: Xerneas|61/100|[from] Spikes
|-ability|p2a: Xerneas|Fairy Aura
|
|upkeep
|turn|204
|
|t:|1670291100
|move|p2a: Xerneas|Thunder Wave|p1a: Ho-Oh
|-status|p1a: Ho-Oh|par
|move|p1a: Ho-Oh|Whirlwind|p2a: Xerneas
|drag|p2a: Zygarde|Zygarde-Complete|84/100 slp
|-damage|p2a: Zygarde|67/100 slp|[from] Spikes
|
|upkeep
|turn|205
|inactive|Fumi1 has 30 seconds left.
|
|t:|1670291108
|switch|p1a: Zygarde|Zygarde|72/100
|cant|p2a: Zygarde|slp
|
|upkeep
|turn|206
|inactive|Fumi1 has 30 seconds left.
|inactive|Fumi1 has 20 seconds left.
|
|t:|1670291125
|switch|p2a: Calyrex|Calyrex-Shadow|100/100
|-ability|p2a: Calyrex|As One
|-ability|p2a: Calyrex|Unnerve
|-damage|p2a: Calyrex|84/100|[from] Spikes
|move|p1a: Zygarde|Coil|p1a: Zygarde
|-boost|p1a: Zygarde|atk|1
|-boost|p1a: Zygarde|def|1
|-boost|p1a: Zygarde|accuracy|1
|
|-heal|p2a: Calyrex|90/100|[from] item: Leftovers
|upkeep
|turn|207
|inactive|Fumi1 has 20 seconds left this turn.
|inactive|Dontrion has 120 seconds left.
|
|t:|1670291147
|move|p2a: Calyrex|Substitute|p2a: Calyrex
|-start|p2a: Calyrex|Substitute
|-damage|p2a: Calyrex|65/100
|move|p1a: Zygarde|Glare||[still]
|-fail|p1a: Zygarde
|
|-heal|p2a: Calyrex|72/100|[from] item: Leftovers
|upkeep
|turn|208
|inactive|Fumi1 has 25 seconds left this turn.
|
|t:|1670291151
|switch|p1a: Ho-Oh|Ho-Oh|100/100 par
|move|p2a: Calyrex|Leech Seed|p1a: Ho-Oh
|-start|p1a: Ho-Oh|move: Leech Seed
|
|-heal|p2a: Calyrex|78/100|[from] item: Leftovers
|-damage|p1a: Ho-Oh|88/100 par|[from] Leech Seed|[of] p2a: Calyrex
|-heal|p2a: Calyrex|92/100|[silent]
|upkeep
|turn|209
|inactive|Fumi1 has 25 seconds left this turn.
|inactive|Fumi1 has 20 seconds left.
|inactive|Fumi1 has 15 seconds left.
|
|t:|1670291164
|switch|p1a: Xerneas|Xerneas|67/100
|-ability|p1a: Xerneas|Fairy Aura
|move|p2a: Calyrex|Nasty Plot|p2a: Calyrex
|-boost|p2a: Calyrex|spa|2
|
|-heal|p2a: Calyrex|99/100|[from] item: Leftovers
|upkeep
|turn|210
|inactive|Fumi1 has 20 seconds left this turn.
|
|t:|1670291172
|switch|p1a: Yveltal|Yveltal|97/100
|-ability|p1a: Yveltal|Dark Aura
|move|p2a: Calyrex|Leech Seed|p1a: Yveltal
|-start|p1a: Yveltal|move: Leech Seed
|
|-heal|p2a: Calyrex|100/100|[from] item: Leftovers
|-damage|p1a: Yveltal|85/100|[from] Leech Seed|[of] p2a: Calyrex
|upkeep
|turn|211
|inactive|Fumi1 has 20 seconds left this turn.
|inactive|Fumi1 has 15 seconds left.
|
|t:|1670291180
|switch|p2a: Xerneas|Xerneas|61/100
|-damage|p2a: Xerneas|44/100|[from] Spikes
|-ability|p2a: Xerneas|Fairy Aura
|switch|p1a: Zygarde|Zygarde|72/100
|
|upkeep
|turn|212
|inactive|Fumi1 has 20 seconds left this turn.
|inactive|Fumi1 has 15 seconds left.
|
|t:|1670291186
|switch|p1a: Chansey|Chansey, F|76/100
|move|p2a: Xerneas|Moonblast|p1a: Chansey
|-damage|p1a: Chansey|62/100
|
|upkeep
|turn|213
|inactive|Fumi1 has 15 seconds left this turn.
|
|t:|1670291189
|move|p2a: Xerneas|Rest|p2a: Xerneas
|-status|p2a: Xerneas|slp|[from] move: Rest
|-heal|p2a: Xerneas|100/100 slp|[silent]
|move|p1a: Chansey|Soft-Boiled|p1a: Chansey
|-heal|p1a: Chansey|100/100
|
|upkeep
|turn|214
|inactive|Fumi1 has 20 seconds left this turn.
|inactive|Fumi1 has 15 seconds left.
|
|t:|1670291196
|switch|p2a: Zygarde|Zygarde-Complete|67/100 slp
|-damage|p2a: Zygarde|50/100 slp|[from] Spikes
|switch|p1a: Xerneas|Xerneas|67/100
|-ability|p1a: Xerneas|Fairy Aura
|
|upkeep
|turn|215
|inactive|Fumi1 has 15 seconds left this turn.
|inactive|Dontrion has 120 seconds left.
|inactive|Fumi1 has 10 seconds left.
|
|t:|1670291202
|switch|p2a: Yveltal|Yveltal|8/100 par
|-ability|p2a: Yveltal|Dark Aura
|move|p1a: Xerneas|Moonblast|p2a: Yveltal
|-supereffective|p2a: Yveltal
|-damage|p2a: Yveltal|0 fnt
|faint|p2a: Yveltal
|
|upkeep
|inactive|Fumi1 has 15 seconds left this turn.
|
|t:|1670291206
|switch|p2a: Necrozma|Necrozma-Dusk-Mane|88/100
|turn|216
|inactive|Fumi1 has 15 seconds left this turn.
|
|t:|1670291209
|switch|p1a: Ho-Oh|Ho-Oh|100/100 par
|move|p2a: Necrozma|Thunder Wave|p1a: Ho-Oh
|-fail|p1a: Ho-Oh|par
|
|upkeep
|turn|217
|inactive|Fumi1 has 20 seconds left this turn.
|inactive|Fumi1 has 15 seconds left.
|
|t:|1670291216
|switch|p2a: Zygarde|Zygarde-Complete|50/100 slp
|-damage|p2a: Zygarde|34/100 slp|[from] Spikes
|move|p1a: Ho-Oh|Sacred Fire|p2a: Zygarde
|-resisted|p2a: Zygarde
|-damage|p2a: Zygarde|26/100 slp
|
|upkeep
|turn|218
|inactive|Fumi1 has 15 seconds left this turn.
|
|t:|1670291221
|switch|p1a: Xerneas|Xerneas|67/100
|-ability|p1a: Xerneas|Fairy Aura
|cant|p2a: Zygarde|slp
|
|upkeep
|turn|219
|inactive|Fumi1 has 20 seconds left this turn.
|inactive|Fumi1 has 15 seconds left.
|
|t:|1670291226
|switch|p2a: Blissey|Blissey, F|94/100
|-damage|p2a: Blissey|78/100|[from] Spikes
|move|p1a: Xerneas|Moonblast|p2a: Blissey
|-damage|p2a: Blissey|56/100
|
|upkeep
|turn|220
|inactive|Fumi1 has 15 seconds left this turn.
|inactive|Fumi1 has 10 seconds left.
|
|t:|1670291233
|switch|p1a: Yveltal|Yveltal|85/100
|-ability|p1a: Yveltal|Dark Aura
|move|p2a: Blissey|Soft-Boiled|p2a: Blissey
|-heal|p2a: Blissey|100/100
|
|upkeep
|turn|221
|inactive|Fumi1 has 15 seconds left this turn.
|inactive|Fumi1 has 10 seconds left.
|
|t:|1670291238
|switch|p2a: Calyrex|Calyrex-Shadow|100/100
|-ability|p2a: Calyrex|As One
|-ability|p2a: Calyrex|Unnerve
|-damage|p2a: Calyrex|84/100|[from] Spikes
|move|p1a: Yveltal|Knock Off|p2a: Calyrex
|-supereffective|p2a: Calyrex
|-damage|p2a: Calyrex|0 fnt
|-enditem|p2a: Calyrex|Leftovers|[from] move: Knock Off|[of] p1a: Yveltal
|faint|p2a: Calyrex
|
|upkeep
|inactive|Fumi1 has 10 seconds left this turn.
|
|t:|1670291243
|switch|p2a: Xerneas|Xerneas|100/100 slp
|-damage|p2a: Xerneas|84/100 slp|[from] Spikes
|-ability|p2a: Xerneas|Fairy Aura
|turn|222
|inactive|Fumi1 has 15 seconds left this turn.
|inactive|Fumi1 has 10 seconds left.
|
|t:|1670291249
|switch|p1a: Chansey|Chansey, F|100/100
|cant|p2a: Xerneas|slp
|
|upkeep
|turn|223
|inactive|Fumi1 has 10 seconds left this turn.
|
|t:|1670291253
|cant|p2a: Xerneas|slp
|move|p1a: Chansey|Seismic Toss|p2a: Xerneas
|-damage|p2a: Xerneas|62/100 slp
|
|upkeep
|turn|224
|inactive|Fumi1 has 15 seconds left this turn.
|inactive|Fumi1 has 10 seconds left.
|
|t:|1670291258
|switch|p2a: Necrozma|Necrozma-Dusk-Mane|88/100
|move|p1a: Chansey|Seismic Toss|p2a: Necrozma
|-damage|p2a: Necrozma|63/100
|
|upkeep
|turn|225
|inactive|Fumi1 has 10 seconds left this turn.
|
|t:|1670291263
|switch|p1a: Ho-Oh|Ho-Oh|100/100 par
|move|p2a: Necrozma|Earthquake|p1a: Ho-Oh
|-immune|p1a: Ho-Oh
|
|upkeep
|turn|226
|inactive|Fumi1 has 15 seconds left this turn.
|
|t:|1670291265
|move|p2a: Necrozma|Moonlight|p2a: Necrozma
|-heal|p2a: Necrozma|100/100
|cant|p1a: Ho-Oh|par
|
|upkeep
|turn|227
|inactive|Fumi1 has 15 seconds left this turn.
|
|t:|1670291268
|move|p2a: Necrozma|Thunder Wave|p1a: Ho-Oh
|-fail|p1a: Ho-Oh|par
|move|p1a: Ho-Oh|Whirlwind|p2a: Necrozma
|drag|p2a: Zygarde|Zygarde-Complete|26/100 slp
|-damage|p2a: Zygarde|10/100 slp|[from] Spikes
|
|upkeep
|turn|228
|inactive|Fumi1 has 20 seconds left this turn.
|
|t:|1670291271
|-curestatus|p2a: Zygarde|slp|[msg]
|move|p2a: Zygarde|Rest|p2a: Zygarde
|-status|p2a: Zygarde|slp|[from] move: Rest
|-heal|p2a: Zygarde|100/100 slp|[silent]
|move|p1a: Ho-Oh|Whirlwind|p2a: Zygarde
|drag|p2a: Blissey|Blissey, F|100/100
|-damage|p2a: Blissey|84/100|[from] Spikes
|
|upkeep
|turn|229
|inactive|Fumi1 has 20 seconds left this turn.
|c|☆Fumi1|gg
|inactive|Fumi1 has 15 seconds left.
|
|t:|1670291286
|move|p2a: Blissey|Stealth Rock|p1a: Ho-Oh
|-sidestart|p1: Dontrion|move: Stealth Rock
|cant|p1a: Ho-Oh|par
|
|upkeep
|turn|230
|inactive|Fumi1 has 20 seconds left this turn.
|inactive|Fumi1 has 15 seconds left.
|
|t:|1670291294
|switch|p2a: Xerneas|Xerneas|62/100 slp
|-damage|p2a: Xerneas|45/100 slp|[from] Spikes
|-ability|p2a: Xerneas|Fairy Aura
|cant|p1a: Ho-Oh|par
|
|upkeep
|turn|231
|inactive|Fumi1 has 15 seconds left this turn.
|inactive|Fumi1 has 10 seconds left.
|
|t:|1670291300
|-curestatus|p2a: Xerneas|slp|[msg]
|move|p2a: Xerneas|Moonblast|p1a: Ho-Oh
|-resisted|p1a: Ho-Oh
|-damage|p1a: Ho-Oh|85/100 par
|move|p1a: Ho-Oh|Defog|p2a: Xerneas
|-unboost|p2a: Xerneas|evasion|1
|-sideend|p2: Fumi1|Spikes|[from] move: Defog|[of] p1a: Ho-Oh
|-sideend|p1: Dontrion|Stealth Rock|[from] move: Defog|[of] p1a: Ho-Oh
|
|upkeep
|turn|232
|inactive|Fumi1 has 15 seconds left this turn.
|
|t:|1670291304
|move|p2a: Xerneas|Rest|p2a: Xerneas
|-status|p2a: Xerneas|slp|[from] move: Rest
|-heal|p2a: Xerneas|100/100 slp|[silent]
|cant|p1a: Ho-Oh|par
|
|upkeep
|turn|233
|inactive|Fumi1 has 15 seconds left this turn.
|inactive|Fumi1 has 10 seconds left.
|
|t:|1670291310
|switch|p2a: Zygarde|Zygarde-Complete|100/100 slp
|move|p1a: Ho-Oh|Whirlwind|p2a: Zygarde
|drag|p2a: Necrozma|Necrozma-Dusk-Mane|100/100
|
|upkeep
|turn|234
|inactive|Fumi1 has 15 seconds left this turn.
|
|t:|1670291314
|move|p2a: Necrozma|Knock Off|p1a: Ho-Oh
|-damage|p1a: Ho-Oh|62/100 par
|-enditem|p1a: Ho-Oh|Heavy-Duty Boots|[from] move: Knock Off|[of] p2a: Necrozma
|move|p1a: Ho-Oh|Sacred Fire|p2a: Necrozma
|-supereffective|p2a: Necrozma
|-damage|p2a: Necrozma|64/100
|
|upkeep
|turn|235
|inactive|Fumi1 has 15 seconds left this turn.
|
|t:|1670291324
|switch|p1a: Yveltal|Yveltal|85/100
|-ability|p1a: Yveltal|Dark Aura
|move|p2a: Necrozma|Moonlight|p2a: Necrozma
|-heal|p2a: Necrozma|100/100
|
|upkeep
|turn|236
|inactive|Fumi1 has 20 seconds left this turn.
|
|t:|1670291329
|move|p1a: Yveltal|U-turn|p2a: Necrozma
|-damage|p2a: Necrozma|88/100
|inactive|Fumi1 has 20 seconds left this turn.
|
|t:|1670291331
|switch|p1a: Ho-Oh|Ho-Oh|95/100 par|[from] U-turn
|move|p2a: Necrozma|Knock Off|p1a: Ho-Oh
|-damage|p1a: Ho-Oh|81/100 par
|
|upkeep
|turn|237
|inactive|Fumi1 has 25 seconds left this turn.
|inactive|Fumi1 has 20 seconds left.
|
|t:|1670291338
|switch|p2a: Blissey|Blissey, F|84/100
|move|p1a: Ho-Oh|Sacred Fire|p2a: Blissey
|-damage|p2a: Blissey|36/100
|
|upkeep
|turn|238
|inactive|Fumi1 has 20 seconds left this turn.
|
|t:|1670291344
|move|p2a: Blissey|Soft-Boiled|p2a: Blissey
|-heal|p2a: Blissey|86/100
|move|p1a: Ho-Oh|Sacred Fire|p2a: Blissey
|-damage|p2a: Blissey|39/100
|-status|p2a: Blissey|brn
|
|-damage|p2a: Blissey|33/100 brn|[from] brn
|upkeep
|turn|239
|inactive|Fumi1 has 25 seconds left this turn.
|c|☆Fumi1|ggs
|
|t:|1670291353
|-curestatus|p2a: Blissey|brn|[from] ability: Natural Cure
|switch|p2a: Necrozma|Necrozma-Dusk-Mane|88/100
|switch|p1a: Zygarde|Zygarde|72/100
|
|upkeep
|turn|240
|inactive|Fumi1 has 25 seconds left this turn.
|inactive|Fumi1 has 20 seconds left.
|
|t:|1670291362
|move|p1a: Zygarde|Coil|p1a: Zygarde
|-boost|p1a: Zygarde|atk|1
|-boost|p1a: Zygarde|def|1
|-boost|p1a: Zygarde|accuracy|1
|move|p2a: Necrozma|Earthquake|p1a: Zygarde
|-damage|p1a: Zygarde|59/100
|
|upkeep
|turn|241
|inactive|Fumi1 has 25 seconds left this turn.
|
|t:|1670291365
|switch|p2a: Xerneas|Xerneas|100/100 slp
|-ability|p2a: Xerneas|Fairy Aura
|move|p1a: Zygarde|Thousand Arrows|p2a: Xerneas
|-damage|p2a: Xerneas|74/100 slp
|
|upkeep
|turn|242
|inactive|Fumi1 has 25 seconds left this turn.
|
|t:|1670291369
|switch|p1a: Chansey|Chansey, F|100/100
|cant|p2a: Xerneas|slp
|
|upkeep
|turn|243
|inactive|Fumi1 has 30 seconds left this turn.
|
|t:|1670291371
|switch|p2a: Zygarde|Zygarde-Complete|100/100 slp
|move|p1a: Chansey|Seismic Toss|p2a: Zygarde
|-damage|p2a: Zygarde|84/100 slp
|
|upkeep
|turn|244
|inactive|Fumi1 has 30 seconds left this turn.
|
|t:|1670291375
|switch|p1a: Zygarde|Zygarde|59/100
|cant|p2a: Zygarde|slp
|
|upkeep
|turn|245
|
|t:|1670291378
|cant|p2a: Zygarde|slp
|move|p1a: Zygarde|Coil|p1a: Zygarde
|-boost|p1a: Zygarde|atk|1
|-boost|p1a: Zygarde|def|1
|-boost|p1a: Zygarde|accuracy|1
|
|upkeep
|turn|246
|inactive|Fumi1 has 30 seconds left.
|
|t:|1670291383
|-curestatus|p2a: Zygarde|slp|[msg]
|move|p2a: Zygarde|Glare|p1a: Zygarde
|-status|p1a: Zygarde|par
|move|p1a: Zygarde|Coil|p1a: Zygarde
|-boost|p1a: Zygarde|atk|1
|-boost|p1a: Zygarde|def|1
|-boost|p1a: Zygarde|accuracy|1
|
|upkeep
|turn|247
|
|t:|1670291387
|switch|p2a: Xerneas|Xerneas|74/100 slp
|-ability|p2a: Xerneas|Fairy Aura
|move|p1a: Zygarde|Glare||[still]
|-fail|p1a: Zygarde
|
|upkeep
|turn|248
|
|t:|1670291390
|switch|p1a: Chansey|Chansey, F|100/100
|cant|p2a: Xerneas|slp
|
|upkeep
|turn|249
|
|t:|1670291394
|switch|p2a: Blissey|Blissey, F|33/100
|move|p1a: Chansey|Aromatherapy|p1a: Chansey
|-activate|p1a: Chansey|move: Aromatherapy
|-curestatus|p1: Ho-Oh|par|[msg]
|-curestatus|p1: Zygarde|par|[msg]
|
|upkeep
|turn|250
|
|t:|1670291400
|switch|p1a: Yveltal|Yveltal|85/100
|-ability|p1a: Yveltal|Dark Aura
|move|p2a: Blissey|Soft-Boiled|p2a: Blissey
|-heal|p2a: Blissey|83/100
|
|upkeep
|turn|251
|
|t:|1670291404
|switch|p2a: Necrozma|Necrozma-Dusk-Mane|88/100
|move|p1a: Yveltal|U-turn|p2a: Necrozma
|-damage|p2a: Necrozma|77/100
|
|t:|1670291406
|switch|p1a: Ho-Oh|Ho-Oh|100/100|[from] U-turn
|
|upkeep
|turn|252
|
|t:|1670291409
|switch|p1a: Zygarde|Zygarde|59/100
|move|p2a: Necrozma|Thunder Wave|p1a: Zygarde
|-immune|p1a: Zygarde
|
|upkeep
|turn|253
|
|t:|1670291412
|switch|p2a: Xerneas|Xerneas|74/100 slp
|-ability|p2a: Xerneas|Fairy Aura
|move|p1a: Zygarde|Glare||[still]
|-fail|p1a: Zygarde
|
|upkeep
|turn|254
|
|t:|1670291414
|switch|p1a: Chansey|Chansey, F|100/100
|-curestatus|p2a: Xerneas|slp|[msg]
|move|p2a: Xerneas|Moonblast|p1a: Chansey
|-damage|p1a: Chansey|87/100
|
|upkeep
|turn|255
|
|t:|1670291427
|move|p2a: Xerneas|Thunder Wave|p1a: Chansey
|-status|p1a: Chansey|par
|move|p1a: Chansey|Confide|p2a: Xerneas
|-unboost|p2a: Xerneas|spa|1
|
|upkeep
|turn|256
|
|t:|1670291434
|switch|p2a: Zygarde|Zygarde-Complete|84/100
|-curestatus|p1a: Chansey|par|[from] ability: Natural Cure
|switch|p1a: Zygarde|Zygarde|59/100
|
|upkeep
|turn|257
|
|t:|1670291436
|move|p2a: Zygarde|Glare|p1a: Zygarde
|-status|p1a: Zygarde|par
|move|p1a: Zygarde|Glare|p2a: Zygarde
|-status|p2a: Zygarde|par
|
|upkeep
|turn|258
|
|t:|1670291444
|switch|p2a: Xerneas|Xerneas|74/100
|-ability|p2a: Xerneas|Fairy Aura
|switch|p1a: Xerneas|Xerneas|67/100
|-ability|p1a: Xerneas|Fairy Aura
|
|upkeep
|turn|259
|
|t:|1670291451
|move|p1a: Xerneas|Moonblast|p2a: Xerneas
|-damage|p2a: Xerneas|22/100
|-unboost|p2a: Xerneas|spa|1
|move|p2a: Xerneas|Moonblast|p1a: Xerneas
|-damage|p1a: Xerneas|37/100
|
|upkeep
|turn|260
|
|t:|1670291457
|switch|p2a: Necrozma|Necrozma-Dusk-Mane|77/100
|move|p1a: Xerneas|Moonblast|p2a: Necrozma
|-resisted|p2a: Necrozma
|-damage|p2a: Necrozma|47/100
|
|upkeep
|turn|261
|c|☆Fumi1|gg!
|
|t:|1670291463
|switch|p1a: Yveltal|Yveltal|85/100
|-ability|p1a: Yveltal|Dark Aura
|move|p2a: Necrozma|Moonlight|p2a: Necrozma
|-heal|p2a: Necrozma|97/100
|
|upkeep
|turn|262
|c|☆Dontrion|still dont think its over :C
|c|☆Dontrion|kek
|c|☆Fumi1|you've won
|
|t:|1670291478
|move|p1a: Yveltal|U-turn|p2a: Necrozma
|-damage|p2a: Necrozma|86/100
|c|☆Fumi1|lmfao
|
|t:|1670291480
|switch|p1a: Ho-Oh|Ho-Oh|100/100|[from] U-turn
|move|p2a: Necrozma|Thunder Wave|p1a: Ho-Oh
|-status|p1a: Ho-Oh|par
|
|upkeep
|turn|263
|
|t:|1670291484
|switch|p2a: Zygarde|Zygarde-Complete|84/100 par
|move|p1a: Ho-Oh|Sacred Fire|p2a: Zygarde
|-resisted|p2a: Zygarde
|-damage|p2a: Zygarde|76/100 par
|
|upkeep
|turn|264
|
|t:|1670291488
|switch|p1a: Zygarde|Zygarde|59/100 par
|move|p2a: Zygarde|Glare|p1a: Zygarde
|-fail|p1a: Zygarde|par
|
|upkeep
|turn|265
|
|t:|1670291492
|move|p2a: Zygarde|Coil|p2a: Zygarde
|-boost|p2a: Zygarde|atk|1
|-boost|p2a: Zygarde|def|1
|-boost|p2a: Zygarde|accuracy|1
|cant|p1a: Zygarde|par
|
|upkeep
|turn|266
|
|t:|1670291497
|switch|p1a: Chansey|Chansey, F|87/100
|cant|p2a: Zygarde|par
|
|upkeep
|turn|267
|
|t:|1670291501
|move|p1a: Chansey|Aromatherapy|p1a: Chansey
|-activate|p1a: Chansey|move: Aromatherapy
|-curestatus|p1: Ho-Oh|par|[msg]
|-curestatus|p1: Zygarde|par|[msg]
|move|p2a: Zygarde|Glare|p1a: Chansey
|-status|p1a: Chansey|par
|
|upkeep
|turn|268
|
|t:|1670291506
|-curestatus|p1a: Chansey|par|[from] ability: Natural Cure
|switch|p1a: Ho-Oh|Ho-Oh|100/100
|move|p2a: Zygarde|Thousand Arrows|p1a: Ho-Oh
|-damage|p1a: Ho-Oh|67/100
|-start|p1a: Ho-Oh|Smack Down
|
|upkeep
|turn|269
|c|☆Dontrion|i lose
|c|☆Fumi1|no
|c|☆Dontrion|yes...
|
|t:|1670291525
|switch|p1a: Zygarde|Zygarde|59/100
|move|p2a: Zygarde|Glare|p1a: Zygarde
|-status|p1a: Zygarde|par
|
|upkeep
|turn|270
|inactive|Fumi1 has 60 seconds left.
|
|t:|1670291537
|move|p2a: Zygarde|Thousand Arrows|p1a: Zygarde
|-damage|p1a: Zygarde|34/100 par
|move|p1a: Zygarde|Coil|p1a: Zygarde
|-boost|p1a: Zygarde|atk|1
|-boost|p1a: Zygarde|def|1
|-boost|p1a: Zygarde|accuracy|1
|
|-activate|p1a: Zygarde|ability: Power Construct
|detailschange|p1a: Zygarde|Zygarde-Complete
|-heal|p1a: Zygarde|57/100 par|[silent]
|upkeep
|turn|271
|
|t:|1670291541
|cant|p2a: Zygarde|par
|move|p1a: Zygarde|Coil|p1a: Zygarde
|-boost|p1a: Zygarde|atk|1
|-boost|p1a: Zygarde|def|1
|-boost|p1a: Zygarde|accuracy|1
|
|upkeep
|turn|272
|
|t:|1670291544
|move|p2a: Zygarde|Coil|p2a: Zygarde
|-boost|p2a: Zygarde|atk|1
|-boost|p2a: Zygarde|def|1
|-boost|p2a: Zygarde|accuracy|1
|cant|p1a: Zygarde|par
|
|upkeep
|turn|273
|
|t:|1670291546
|move|p2a: Zygarde|Coil|p2a: Zygarde
|-boost|p2a: Zygarde|atk|1
|-boost|p2a: Zygarde|def|1
|-boost|p2a: Zygarde|accuracy|1
|move|p1a: Zygarde|Coil|p1a: Zygarde
|-boost|p1a: Zygarde|atk|1
|-boost|p1a: Zygarde|def|1
|-boost|p1a: Zygarde|accuracy|1
|
|upkeep
|turn|274
|
|t:|1670291549
|move|p2a: Zygarde|Coil|p2a: Zygarde
|-boost|p2a: Zygarde|atk|1
|-boost|p2a: Zygarde|def|1
|-boost|p2a: Zygarde|accuracy|1
|cant|p1a: Zygarde|par
|
|upkeep
|turn|275
|
|t:|1670291552
|switch|p2a: Xerneas|Xerneas|22/100
|-ability|p2a: Xerneas|Fairy Aura
|move|p1a: Zygarde|Coil|p1a: Zygarde
|-boost|p1a: Zygarde|atk|1
|-boost|p1a: Zygarde|def|1
|-boost|p1a: Zygarde|accuracy|1
|
|upkeep
|turn|276
|
|t:|1670291559
|move|p2a: Xerneas|Rest|p2a: Xerneas
|-status|p2a: Xerneas|slp|[from] move: Rest
|-heal|p2a: Xerneas|100/100 slp|[silent]
|move|p1a: Zygarde|Thousand Arrows|p2a: Xerneas
|-damage|p2a: Xerneas|44/100 slp
|
|upkeep
|turn|277
|c|☆Fumi1|DANG
|c|☆Fumi1|gg
|c|☆Fumi1|i messed up
|
|t:|1670291569
|switch|p2a: Zygarde|Zygarde-Complete|76/100 par
|move|p1a: Zygarde|Thousand Arrows|p2a: Zygarde
|-damage|p2a: Zygarde|43/100 par
|
|upkeep
|turn|278
|c|☆Dontrion|now its ggs i think
|c|☆Fumi1|shoudlve' just stalled smh
|
|t:|1670291576
|cant|p2a: Zygarde|par
|move|p1a: Zygarde|Coil|p1a: Zygarde
|-boost|p1a: Zygarde|atk|1
|-boost|p1a: Zygarde|def|1
|-boost|p1a: Zygarde|accuracy|1
|
|upkeep
|turn|279
|
|t:|1670291579
|move|p2a: Zygarde|Rest|p2a: Zygarde
|-status|p2a: Zygarde|slp|[from] move: Rest
|-heal|p2a: Zygarde|100/100 slp|[silent]
|move|p1a: Zygarde|Coil|p1a: Zygarde
|-boost|p1a: Zygarde|atk|1
|-boost|p1a: Zygarde|def|1
|-boost|p1a: Zygarde|accuracy|1
|
|upkeep
|turn|280
|
|t:|1670291582
|cant|p2a: Zygarde|slp
|cant|p1a: Zygarde|par
|
|upkeep
|turn|281
|
|t:|1670291584
|cant|p2a: Zygarde|slp
|move|p1a: Zygarde|Rest|p1a: Zygarde
|-status|p1a: Zygarde|slp|[from] move: Rest
|-heal|p1a: Zygarde|100/100 slp|[silent]
|
|upkeep
|turn|282
|
|t:|1670291585
|-curestatus|p2a: Zygarde|slp|[msg]
|move|p2a: Zygarde|Coil|p2a: Zygarde
|-boost|p2a: Zygarde|atk|1
|-boost|p2a: Zygarde|def|1
|-boost|p2a: Zygarde|accuracy|1
|cant|p1a: Zygarde|slp
|
|upkeep
|turn|283
|
|t:|1670291590
|move|p2a: Zygarde|Coil|p2a: Zygarde
|-boost|p2a: Zygarde|atk|1
|-boost|p2a: Zygarde|def|1
|-boost|p2a: Zygarde|accuracy|1
|cant|p1a: Zygarde|slp
|
|upkeep
|turn|284
|
|t:|1670291596
|move|p2a: Zygarde|Coil|p2a: Zygarde
|-boost|p2a: Zygarde|atk|1
|-boost|p2a: Zygarde|def|1
|-boost|p2a: Zygarde|accuracy|1
|-curestatus|p1a: Zygarde|slp|[msg]
|move|p1a: Zygarde|Glare|p2a: Zygarde
|-status|p2a: Zygarde|par
|
|upkeep
|turn|285
|
|t:|1670291601
|move|p1a: Zygarde|Glare|p2a: Zygarde
|-fail|p2a: Zygarde|par
|move|p2a: Zygarde|Glare|p1a: Zygarde
|-status|p1a: Zygarde|par
|
|upkeep
|turn|286
|
|t:|1670291605
|move|p2a: Zygarde|Coil|p2a: Zygarde
|-boost|p2a: Zygarde|atk|1
|-boost|p2a: Zygarde|def|1
|-boost|p2a: Zygarde|accuracy|1
|move|p1a: Zygarde|Glare|p2a: Zygarde
|-fail|p2a: Zygarde|par
|
|upkeep
|turn|287
|
|t:|1670291608
|cant|p2a: Zygarde|par
|move|p1a: Zygarde|Glare|p2a: Zygarde
|-fail|p2a: Zygarde|par
|
|upkeep
|turn|288
|inactive|Fumi1 has 90 seconds left.
|c|☆Fumi1|dude this has gone on for an hour
|
|t:|1670291616
|move|p2a: Zygarde|Coil|p2a: Zygarde
|-boost|p2a: Zygarde|atk|1
|-boost|p2a: Zygarde|def|1
|-boost|p2a: Zygarde|accuracy|1
|move|p1a: Zygarde|Glare|p2a: Zygarde
|-fail|p2a: Zygarde|par
|
|upkeep
|turn|289
|c|☆Dontrion|yep
|
|t:|1670291623
|cant|p2a: Zygarde|par
|move|p1a: Zygarde|Glare|p2a: Zygarde
|-fail|p2a: Zygarde|par
|
|upkeep
|turn|290
|c|☆Fumi1|its 2 am man
|c|☆Fumi1|xD
|inactive|Fumi1 has 90 seconds left.
|
|t:|1670291630
|switch|p1a: Xerneas|Xerneas|37/100
|-ability|p1a: Xerneas|Fairy Aura
|cant|p2a: Zygarde|par
|
|upkeep
|turn|291
|c|☆Dontrion|xD
|
|t:|1670291632
|move|p1a: Xerneas|Moonblast|p2a: Zygarde
|-supereffective|p2a: Zygarde
|-damage|p2a: Zygarde|21/100 par
|-unboost|p2a: Zygarde|spa|1
|move|p2a: Zygarde|Thousand Arrows|p1a: Xerneas
|-damage|p1a: Xerneas|0 fnt
|faint|p1a: Xerneas
|
|upkeep
|c|☆Fumi1|w
|c|☆Dontrion|wait
|c|☆Dontrion|i just threw
|c|☆Dontrion|FAWK
|
|t:|1670291646
|switch|p1a: Zygarde|Zygarde-Complete|100/100 par
|turn|292
|c|☆Fumi1|why
|c|☆Fumi1|LOL
|
|t:|1670291649
|move|p2a: Zygarde|Thousand Arrows|p1a: Zygarde
|-damage|p1a: Zygarde|63/100 par
|cant|p1a: Zygarde|par
|
|upkeep
|turn|293
|
|t:|1670291654
|cant|p2a: Zygarde|par
|move|p1a: Zygarde|Coil|p1a: Zygarde
|-boost|p1a: Zygarde|atk|1
|-boost|p1a: Zygarde|def|1
|-boost|p1a: Zygarde|accuracy|1
|
|upkeep
|turn|294
|
|t:|1670291659
|cant|p2a: Zygarde|par
|move|p1a: Zygarde|Coil|p1a: Zygarde
|-boost|p1a: Zygarde|atk|1
|-boost|p1a: Zygarde|def|1
|-boost|p1a: Zygarde|accuracy|1
|
|upkeep
|turn|295
|c|☆Fumi1|winnable
|c|☆Dontrion|nvm
|c|☆Dontrion|para hax saved me
|
|t:|1670291670
|cant|p2a: Zygarde|par
|move|p1a: Zygarde|Coil|p1a: Zygarde
|-boost|p1a: Zygarde|atk|1
|-boost|p1a: Zygarde|def|1
|-boost|p1a: Zygarde|accuracy|1
|
|upkeep
|turn|296
|
|t:|1670291672
|cant|p2a: Zygarde|par
|move|p1a: Zygarde|Coil|p1a: Zygarde
|-boost|p1a: Zygarde|atk|1
|-boost|p1a: Zygarde|def|1
|-boost|p1a: Zygarde|accuracy|1
|
|upkeep
|turn|297
|
|t:|1670291681
|move|p2a: Zygarde|Rest|p2a: Zygarde
|-status|p2a: Zygarde|slp|[from] move: Rest
|-heal|p2a: Zygarde|100/100 slp|[silent]
|move|p1a: Zygarde|Coil|p1a: Zygarde
|-boost|p1a: Zygarde|atk|1
|-boost|p1a: Zygarde|def|1
|-boost|p1a: Zygarde|accuracy|1
|
|upkeep
|turn|298
|c|☆Fumi1|whats ur speed
|
|t:|1670291693
|cant|p2a: Zygarde|slp
|cant|p1a: Zygarde|par
|
|upkeep
|turn|299
|c|☆Dontrion|110
|c|☆Dontrion|or is it
|c|☆Fumi1|lol
|
|t:|1670291707
|cant|p2a: Zygarde|slp
|cant|p1a: Zygarde|par
|
|upkeep
|turn|300
|
|t:|1670291712
|-curestatus|p2a: Zygarde|slp|[msg]
|move|p2a: Zygarde|Coil|p2a: Zygarde
|-boost|p2a: Zygarde|atk|1
|-boost|p2a: Zygarde|def|1
|-boost|p2a: Zygarde|accuracy|1
|move|p1a: Zygarde|Rest|p1a: Zygarde
|-status|p1a: Zygarde|slp|[from] move: Rest
|-heal|p1a: Zygarde|100/100 slp|[silent]
|
|upkeep
|turn|301
|j| Nyq
|inactive|Fumi1 has 90 seconds left.
|
|t:|1670291718
|move|p2a: Zygarde|Thousand Arrows|p1a: Zygarde
|-damage|p1a: Zygarde|88/100 slp
|cant|p1a: Zygarde|slp
|
|upkeep
|turn|302
|c|☆Fumi1|yea no
|inactive|Fumi1 has 90 seconds left.
|c|☆Fumi1|hi nyq
|
|t:|1670291726
|move|p2a: Zygarde|Glare||[still]
|-fail|p2a: Zygarde
|cant|p1a: Zygarde|slp
|
|upkeep
|turn|303
|c| Nyq|what is this
|
|t:|1670291730
|move|p2a: Zygarde|Glare||[still]
|-fail|p2a: Zygarde
|-curestatus|p1a: Zygarde|slp|[msg]
|move|p1a: Zygarde|Glare|p2a: Zygarde
|-status|p2a: Zygarde|par
|
|upkeep
|turn|304
|inactive|Fumi1 has 90 seconds left.
|
|t:|1670291736
|move|p1a: Zygarde|Coil|p1a: Zygarde
|-boost|p1a: Zygarde|atk|1
|-boost|p1a: Zygarde|def|1
|-boost|p1a: Zygarde|accuracy|1
|move|p2a: Zygarde|Glare|p1a: Zygarde
|-status|p1a: Zygarde|par
|
|upkeep
|turn|305
|c|☆Fumi1|rather
|c|☆Fumi1|uh
|c|☆Fumi1|long battle..
|c| Nyq|whos winning
|inactive|Dontrion has 120 seconds left.
|c|☆Dontrion|hard to tell
|c|☆Fumi1|^
|c|☆Dontrion|its whover gets parad more wins
|
|t:|1670291782
|cant|p2a: Zygarde|par
|move|p1a: Zygarde|Glare|p2a: Zygarde
|-fail|p2a: Zygarde|par
|
|upkeep
|turn|306
|c|☆Fumi1|I think para is good tbh
|c|☆Dontrion|it is
|
|t:|1670291792
|move|p2a: Zygarde|Glare|p1a: Zygarde
|-fail|p1a: Zygarde|par
|move|p1a: Zygarde|Glare|p2a: Zygarde
|-fail|p2a: Zygarde|par
|
|upkeep
|turn|307
|
|t:|1670291796
|move|p2a: Zygarde|Glare|p1a: Zygarde
|-fail|p1a: Zygarde|par
|move|p1a: Zygarde|Glare|p2a: Zygarde
|-fail|p2a: Zygarde|par
|
|upkeep
|turn|308
|
|t:|1670291802
|move|p2a: Zygarde|Glare|p1a: Zygarde
|-fail|p1a: Zygarde|par
|move|p1a: Zygarde|Glare|p2a: Zygarde
|-fail|p2a: Zygarde|par
|
|upkeep
|turn|309
|inactive|Dontrion has 90 seconds left.
|c|☆Dontrion|i should out stall with 14 rest
|
|t:|1670291813
|move|p2a: Zygarde|Glare|p1a: Zygarde
|-fail|p1a: Zygarde|par
|move|p1a: Zygarde|Rest|p1a: Zygarde
|-status|p1a: Zygarde|slp|[from] move: Rest
|-heal|p1a: Zygarde|100/100 slp|[silent]
|
|upkeep
|turn|310
|l| Nyq
|
|t:|1670291829
|cant|p1a: Zygarde|slp
|move|p2a: Zygarde|Glare||[still]
|-fail|p2a: Zygarde
|
|upkeep
|turn|311
|inactive|Fumi1 has 60 seconds left.
|
|t:|1670291839
|cant|p1a: Zygarde|slp
|move|p2a: Zygarde|Coil|p2a: Zygarde
|-boost|p2a: Zygarde|atk|0
|-boost|p2a: Zygarde|def|0
|-boost|p2a: Zygarde|accuracy|0
|
|upkeep
|turn|312
|inactive|Fumi1 has 60 seconds left.
|
|t:|1670291844
|-curestatus|p1a: Zygarde|slp|[msg]
|move|p1a: Zygarde|Glare|p2a: Zygarde
|-fail|p2a: Zygarde|par
|move|p2a: Zygarde|Coil|p2a: Zygarde
|-boost|p2a: Zygarde|atk|0
|-boost|p2a: Zygarde|def|0
|-boost|p2a: Zygarde|accuracy|0
|
|upkeep
|turn|313
|
|t:|1670291855
|move|p1a: Zygarde|Glare|p2a: Zygarde
|-fail|p2a: Zygarde|par
|move|p2a: Zygarde|Coil|p2a: Zygarde
|-boost|p2a: Zygarde|atk|0
|-boost|p2a: Zygarde|def|0
|-boost|p2a: Zygarde|accuracy|0
|
|upkeep
|turn|314
|
|t:|1670291862
|move|p1a: Zygarde|Coil|p1a: Zygarde
|-boost|p1a: Zygarde|atk|0
|-boost|p1a: Zygarde|def|0
|-boost|p1a: Zygarde|accuracy|0
|move|p2a: Zygarde|Glare|p1a: Zygarde
|-status|p1a: Zygarde|par
|
|upkeep
|turn|315
|
|t:|1670291875
|move|p2a: Zygarde|Glare|p1a: Zygarde
|-fail|p1a: Zygarde|par
|move|p1a: Zygarde|Glare|p2a: Zygarde
|-fail|p2a: Zygarde|par
|
|upkeep
|turn|316
|c|☆Dontrion|shouldnt have glared me
|c|☆Dontrion|should have used all ur coil first
|
|t:|1670291888
|cant|p2a: Zygarde|par
|move|p1a: Zygarde|Glare|p2a: Zygarde
|-fail|p2a: Zygarde|par
|
|upkeep
|turn|317
|c|☆Fumi1|cap
|inactive|Fumi1 has 30 seconds left.
|
|t:|1670291901
|move|p2a: Zygarde|Glare|p1a: Zygarde
|-fail|p1a: Zygarde|par
|move|p1a: Zygarde|Glare|p2a: Zygarde
|-fail|p2a: Zygarde|par
|
|upkeep
|turn|318
|c|☆Dontrion|Would have stalled more if you did
|inactive|Fumi1 has 30 seconds left.
|c|☆Fumi1|nope
|c|☆Dontrion|without chance of para
|c|☆Dontrion|ye
|inactive|Fumi1 has 20 seconds left.
|
|t:|1670291917
|move|p2a: Zygarde|Coil|p2a: Zygarde
|-boost|p2a: Zygarde|atk|0
|-boost|p2a: Zygarde|def|0
|-boost|p2a: Zygarde|accuracy|0
|cant|p1a: Zygarde|par
|
|upkeep
|turn|319
|inactive|Fumi1 has 20 seconds left this turn.
|inactive|Dontrion has 90 seconds left.
|inactive|Fumi1 has 15 seconds left.
|c|☆Dontrion|see
|inactive|Fumi1 has 10 seconds left.
|
|t:|1670291928
|move|p2a: Zygarde|Coil|p2a: Zygarde
|-boost|p2a: Zygarde|atk|0
|-boost|p2a: Zygarde|def|0
|-boost|p2a: Zygarde|accuracy|0
|move|p1a: Zygarde|Glare|p2a: Zygarde
|-fail|p2a: Zygarde|par
|
|upkeep
|turn|320
|inactive|Fumi1 has 15 seconds left this turn.
|c|☆Fumi1|wtf
|c|☆Fumi1|my timer
|inactive|Fumi1 has 10 seconds left.
|
|t:|1670291935
|cant|p2a: Zygarde|par
|move|p1a: Zygarde|Glare|p2a: Zygarde
|-fail|p2a: Zygarde|par
|
|upkeep
|turn|321
|inactive|Fumi1 has 10 seconds left this turn.
|c|☆Dontrion|hurry up :P
|c|☆Fumi1|ur doinmg that on purpose
|
|t:|1670291939
|move|p2a: Zygarde|Glare|p1a: Zygarde
|-fail|p1a: Zygarde|par
|move|p1a: Zygarde|Glare|p2a: Zygarde
|-fail|p2a: Zygarde|par
|
|upkeep
|turn|322
|inactive|Fumi1 has 15 seconds left this turn.
|inactive|Fumi1 has 10 seconds left.
|c|☆Dontrion|doing what on purpose
|
|t:|1670291947
|cant|p2a: Zygarde|par
|move|p1a: Zygarde|Glare|p2a: Zygarde
|-fail|p2a: Zygarde|par
|
|upkeep
|turn|323
|inactive|Fumi1 has 10 seconds left this turn.
|c|☆Fumi1|making me type
|inactive|Fumi1 has 5 seconds left.
|
|t:|1670291952
|move|p2a: Zygarde|Glare|p1a: Zygarde
|-fail|p1a: Zygarde|par
|move|p1a: Zygarde|Glare|p2a: Zygarde
|-fail|p2a: Zygarde|par
|
|upkeep
|turn|324
|inactive|Fumi1 has 10 seconds left this turn.
|c|☆Dontrion|no
|
|t:|1670291955
|move|p2a: Zygarde|Glare|p1a: Zygarde
|-fail|p1a: Zygarde|par
|move|p1a: Zygarde|Glare|p2a: Zygarde
|-fail|p2a: Zygarde|par
|
|upkeep
|turn|325
|inactive|Fumi1 has 10 seconds left this turn.
|
|t:|1670291956
|move|p2a: Zygarde|Coil|p2a: Zygarde
|-boost|p2a: Zygarde|atk|0
|-boost|p2a: Zygarde|def|0
|-boost|p2a: Zygarde|accuracy|0
|cant|p1a: Zygarde|par
|
|upkeep
|turn|326
|inactive|Fumi1 has 15 seconds left this turn.
|
|t:|1670291958
|cant|p2a: Zygarde|par
|move|p1a: Zygarde|Coil|p1a: Zygarde
|-boost|p1a: Zygarde|atk|0
|-boost|p1a: Zygarde|def|0
|-boost|p1a: Zygarde|accuracy|0
|
|upkeep
|turn|327
|inactive|Fumi1 has 15 seconds left this turn.
|
|t:|1670291959
|move|p2a: Zygarde|Glare|p1a: Zygarde
|-fail|p1a: Zygarde|par
|cant|p1a: Zygarde|par
|
|upkeep
|turn|328
|inactive|Fumi1 has 20 seconds left this turn.
|c|☆Dontrion|that faster for you
|
|t:|1670291965
|move|p2a: Zygarde|Coil|p2a: Zygarde
|-boost|p2a: Zygarde|atk|0
|-boost|p2a: Zygarde|def|0
|-boost|p2a: Zygarde|accuracy|0
|move|p1a: Zygarde|Glare|p2a: Zygarde
|-fail|p2a: Zygarde|par
|
|upkeep
|turn|329
|inactive|Fumi1 has 20 seconds left this turn.
|
|t:|1670291969
|cant|p2a: Zygarde|par
|cant|p1a: Zygarde|par
|
|upkeep
|turn|330
|inactive|Fumi1 has 25 seconds left this turn.
|
|t:|1670291970
|move|p2a: Zygarde|Coil|p2a: Zygarde
|-boost|p2a: Zygarde|atk|0
|-boost|p2a: Zygarde|def|0
|-boost|p2a: Zygarde|accuracy|0
|move|p1a: Zygarde|Glare|p2a: Zygarde
|-fail|p2a: Zygarde|par
|
|upkeep
|turn|331
|inactive|Fumi1 has 25 seconds left this turn.
|
|t:|1670291972
|move|p2a: Zygarde|Glare|p1a: Zygarde
|-fail|p1a: Zygarde|par
|move|p1a: Zygarde|Glare|p2a: Zygarde
|-fail|p2a: Zygarde|par
|
|upkeep
|turn|332
|inactive|Fumi1 has 30 seconds left this turn.
|
|t:|1670291973
|move|p2a: Zygarde|Glare|p1a: Zygarde
|-fail|p1a: Zygarde|par
|move|p1a: Zygarde|Glare|p2a: Zygarde
|-fail|p2a: Zygarde|par
|
|upkeep
|turn|333
|inactive|Fumi1 has 30 seconds left this turn.
|
|t:|1670291975
|cant|p2a: Zygarde|par
|move|p1a: Zygarde|Glare|p2a: Zygarde
|-fail|p2a: Zygarde|par
|
|upkeep
|turn|334
|
|t:|1670291976
|cant|p2a: Zygarde|par
|move|p1a: Zygarde|Glare|p2a: Zygarde
|-fail|p2a: Zygarde|par
|
|upkeep
|turn|335
|
|t:|1670291978
|move|p2a: Zygarde|Rest|p2a: Zygarde
|-fail|p2a: Zygarde|heal
|cant|p1a: Zygarde|par
|
|upkeep
|turn|336
|
|t:|1670291982
|move|p2a: Zygarde|Glare|p1a: Zygarde
|-fail|p1a: Zygarde|par
|move|p1a: Zygarde|Glare|p2a: Zygarde
|-fail|p2a: Zygarde|par
|
|upkeep
|turn|337
|inactive|Dontrion has 120 seconds left.
|
|t:|1670291990
|move|p2a: Zygarde|Coil|p2a: Zygarde
|-boost|p2a: Zygarde|atk|0
|-boost|p2a: Zygarde|def|0
|-boost|p2a: Zygarde|accuracy|0
|move|p1a: Zygarde|Glare|p2a: Zygarde
|-fail|p2a: Zygarde|par
|
|upkeep
|turn|338
|inactive|Fumi1 has 30 seconds left.
|
|t:|1670292005
|cant|p2a: Zygarde|par
|move|p1a: Zygarde|Glare|p2a: Zygarde
|-fail|p2a: Zygarde|par
|
|upkeep
|turn|339
|inactive|Fumi1 has 30 seconds left this turn.
|inactive|Dontrion has 120 seconds left.
|
|t:|1670292015
|cant|p2a: Zygarde|par
|move|p1a: Zygarde|Glare|p2a: Zygarde
|-fail|p2a: Zygarde|par
|
|upkeep
|turn|340
|
|t:|1670292016
|move|p2a: Zygarde|Glare|p1a: Zygarde
|-fail|p1a: Zygarde|par
|move|p1a: Zygarde|Glare|p2a: Zygarde
|-fail|p2a: Zygarde|par
|
|upkeep
|turn|341
|
|t:|1670292018
|move|p2a: Zygarde|Glare|p1a: Zygarde
|-fail|p1a: Zygarde|par
|move|p1a: Zygarde|Glare|p2a: Zygarde
|-fail|p2a: Zygarde|par
|
|upkeep
|turn|342
|
|t:|1670292019
|move|p2a: Zygarde|Glare|p1a: Zygarde
|-fail|p1a: Zygarde|par
|move|p1a: Zygarde|Glare|p2a: Zygarde
|-fail|p2a: Zygarde|par
|
|upkeep
|turn|343
|
|t:|1670292021
|move|p2a: Zygarde|Glare|p1a: Zygarde
|-fail|p1a: Zygarde|par
|cant|p1a: Zygarde|par
|
|upkeep
|turn|344
|
|t:|1670292024
|move|p2a: Zygarde|Glare|p1a: Zygarde
|-fail|p1a: Zygarde|par
|move|p1a: Zygarde|Glare|p2a: Zygarde
|-fail|p2a: Zygarde|par
|
|upkeep
|turn|345
|
|t:|1670292030
|move|p2a: Zygarde|Glare|p1a: Zygarde
|-fail|p1a: Zygarde|par
|cant|p1a: Zygarde|par
|
|upkeep
|turn|346
|
|t:|1670292035
|move|p2a: Zygarde|Glare|p1a: Zygarde
|-fail|p1a: Zygarde|par
|move|p1a: Zygarde|Glare|p2a: Zygarde
|-fail|p2a: Zygarde|par
|
|upkeep
|turn|347
|
|t:|1670292049
|move|p2a: Zygarde|Coil|p2a: Zygarde
|-boost|p2a: Zygarde|atk|0
|-boost|p2a: Zygarde|def|0
|-boost|p2a: Zygarde|accuracy|0
|move|p1a: Zygarde|Glare|p2a: Zygarde
|-fail|p2a: Zygarde|par
|
|upkeep
|turn|348
|
|t:|1670292058
|move|p2a: Zygarde|Thousand Arrows|p1a: Zygarde
|-damage|p1a: Zygarde|89/100 par
|cant|p1a: Zygarde|par
|
|upkeep
|turn|349
|
|t:|1670292064
|move|p2a: Zygarde|Glare|p1a: Zygarde
|-fail|p1a: Zygarde|par
|move|p1a: Zygarde|Coil|p1a: Zygarde
|-boost|p1a: Zygarde|atk|0
|-boost|p1a: Zygarde|def|0
|-boost|p1a: Zygarde|accuracy|0
|
|upkeep
|turn|350
|
|t:|1670292074
|move|p2a: Zygarde|Glare|p1a: Zygarde
|-fail|p1a: Zygarde|par
|move|p1a: Zygarde|Coil|p1a: Zygarde
|-boost|p1a: Zygarde|atk|0
|-boost|p1a: Zygarde|def|0
|-boost|p1a: Zygarde|accuracy|0
|
|upkeep
|turn|351
|
|t:|1670292078
|move|p2a: Zygarde|Glare|p1a: Zygarde
|-fail|p1a: Zygarde|par
|cant|p1a: Zygarde|par
|
|upkeep
|turn|352
|
|t:|1670292079
|move|p2a: Zygarde|Glare|p1a: Zygarde
|-fail|p1a: Zygarde|par
|move|p1a: Zygarde|Rest|p1a: Zygarde
|-status|p1a: Zygarde|slp|[from] move: Rest
|-heal|p1a: Zygarde|100/100 slp|[silent]
|
|upkeep
|turn|353
|
|t:|1670292086
|cant|p1a: Zygarde|slp
|move|p2a: Zygarde|Glare||[still]
|-fail|p2a: Zygarde
|
|upkeep
|turn|354
|
|t:|1670292096
|cant|p1a: Zygarde|slp
|move|p2a: Zygarde|Coil|p2a: Zygarde
|-boost|p2a: Zygarde|atk|0
|-boost|p2a: Zygarde|def|0
|-boost|p2a: Zygarde|accuracy|0
|
|upkeep
|turn|355
|inactive|Fumi1 has 30 seconds left.
|
|t:|1670292102
|-curestatus|p1a: Zygarde|slp|[msg]
|move|p1a: Zygarde|Coil|p1a: Zygarde
|-boost|p1a: Zygarde|atk|0
|-boost|p1a: Zygarde|def|0
|-boost|p1a: Zygarde|accuracy|0
|move|p2a: Zygarde|Glare|p1a: Zygarde
|-status|p1a: Zygarde|par
|
|upkeep
|turn|356
|
|t:|1670292111
|move|p2a: Zygarde|Coil|p2a: Zygarde
|-boost|p2a: Zygarde|atk|0
|-boost|p2a: Zygarde|def|0
|-boost|p2a: Zygarde|accuracy|0
|move|p1a: Zygarde|Coil|p1a: Zygarde
|-boost|p1a: Zygarde|atk|0
|-boost|p1a: Zygarde|def|0
|-boost|p1a: Zygarde|accuracy|0
|
|upkeep
|turn|357
|inactive|Fumi1 has 30 seconds left.
|
|t:|1670292117
|move|p2a: Zygarde|Thousand Arrows|p1a: Zygarde
|-damage|p1a: Zygarde|90/100 par
|move|p1a: Zygarde|Coil|p1a: Zygarde
|-boost|p1a: Zygarde|atk|0
|-boost|p1a: Zygarde|def|0
|-boost|p1a: Zygarde|accuracy|0
|
|upkeep
|turn|358
|inactive|Fumi1 has 30 seconds left.
|
|t:|1670292125
|move|p2a: Zygarde|Glare|p1a: Zygarde
|-fail|p1a: Zygarde|par
|cant|p1a: Zygarde|par
|
|upkeep
|turn|359
|inactive|Fumi1 has 30 seconds left this turn.
|
|t:|1670292131
|move|p2a: Zygarde|Glare|p1a: Zygarde
|-fail|p1a: Zygarde|par
|move|p1a: Zygarde|Coil|p1a: Zygarde
|-boost|p1a: Zygarde|atk|0
|-boost|p1a: Zygarde|def|0
|-boost|p1a: Zygarde|accuracy|0
|
|upkeep
|turn|360
|inactive|Fumi1 has 30 seconds left this turn.
|
|t:|1670292138
|move|p2a: Zygarde|Glare|p1a: Zygarde
|-fail|p1a: Zygarde|par
|cant|p1a: Zygarde|par
|
|upkeep
|turn|361
|inactive|Fumi1 has 25 seconds left this turn.
|inactive|Fumi1 has 20 seconds left.
|c|☆Fumi1|stupidity
|
|t:|1670292146
|cant|p2a: Zygarde|par
|move|p1a: Zygarde|Rest|p1a: Zygarde
|-status|p1a: Zygarde|slp|[from] move: Rest
|-heal|p1a: Zygarde|100/100 slp|[silent]
|
|upkeep
|turn|362
|inactive|Fumi1 has 25 seconds left this turn.
|c|☆Dontrion|agreed
|
|t:|1670292153
|cant|p1a: Zygarde|slp
|move|p2a: Zygarde|Glare||[still]
|-fail|p2a: Zygarde
|
|upkeep
|turn|363
|inactive|Fumi1 has 25 seconds left this turn.
|
|t:|1670292158
|cant|p1a: Zygarde|slp
|move|p2a: Zygarde|Glare||[still]
|-fail|p2a: Zygarde
|
|upkeep
|turn|364
|inactive|Fumi1 has 30 seconds left this turn.
|
|t:|1670292164
|-curestatus|p1a: Zygarde|slp|[msg]
|move|p1a: Zygarde|Coil|p1a: Zygarde
|-boost|p1a: Zygarde|atk|0
|-boost|p1a: Zygarde|def|0
|-boost|p1a: Zygarde|accuracy|0
|move|p2a: Zygarde|Rest|p2a: Zygarde
|-fail|p2a: Zygarde|heal
|
|upkeep
|turn|365
|inactive|Fumi1 has 25 seconds left this turn.
|inactive|Fumi1 has 20 seconds left.
|
|t:|1670292175
|move|p1a: Zygarde|Coil|p1a: Zygarde
|-boost|p1a: Zygarde|atk|0
|-boost|p1a: Zygarde|def|0
|-boost|p1a: Zygarde|accuracy|0
|move|p2a: Zygarde|Thousand Arrows|p1a: Zygarde
|-damage|p1a: Zygarde|89/100
|
|upkeep
|turn|366
|inactive|Fumi1 has 25 seconds left this turn.
|
|t:|1670292179
|move|p1a: Zygarde|Rest|p1a: Zygarde
|-status|p1a: Zygarde|slp|[from] move: Rest
|-heal|p1a: Zygarde|100/100 slp|[silent]
|move|p2a: Zygarde|Thousand Arrows|p1a: Zygarde
|-damage|p1a: Zygarde|89/100 slp
|
|upkeep
|turn|367
|inactive|Fumi1 has 25 seconds left this turn.
|
|t:|1670292182
|cant|p1a: Zygarde|slp
|move|p2a: Zygarde|Glare||[still]
|-fail|p2a: Zygarde
|
|upkeep
|turn|368
|inactive|Fumi1 has 30 seconds left this turn.
|
|t:|1670292183
|cant|p1a: Zygarde|slp
|cant|p2a: Zygarde|par
|
|upkeep
|turn|369
|inactive|Fumi1 has 30 seconds left this turn.
|
|t:|1670292187
|-curestatus|p1a: Zygarde|slp|[msg]
|move|p1a: Zygarde|Coil|p1a: Zygarde
|-boost|p1a: Zygarde|atk|0
|-boost|p1a: Zygarde|def|0
|-boost|p1a: Zygarde|accuracy|0
|cant|p2a: Zygarde|par
|
|upkeep
|turn|370
|inactive|Fumi1 has 30 seconds left.
|
|t:|1670292195
|move|p1a: Zygarde|Rest|p1a: Zygarde
|-status|p1a: Zygarde|slp|[from] move: Rest
|-heal|p1a: Zygarde|100/100 slp|[silent]
|move|p2a: Zygarde|Coil|p2a: Zygarde
|-boost|p2a: Zygarde|atk|0
|-boost|p2a: Zygarde|def|0
|-boost|p2a: Zygarde|accuracy|0
|
|upkeep
|turn|371
|inactive|Fumi1 has 30 seconds left this turn.
|
|t:|1670292202
|cant|p1a: Zygarde|slp
|move|p2a: Zygarde|Coil|p2a: Zygarde
|-boost|p2a: Zygarde|atk|0
|-boost|p2a: Zygarde|def|0
|-boost|p2a: Zygarde|accuracy|0
|
|upkeep
|turn|372
|inactive|Fumi1 has 30 seconds left this turn.
|
|t:|1670292210
|cant|p1a: Zygarde|slp
|cant|p2a: Zygarde|par
|
|upkeep
|turn|373
|inactive|Fumi1 has 25 seconds left this turn.
|inactive|Fumi1 has 20 seconds left.
|
|t:|1670292217
|-curestatus|p1a: Zygarde|slp|[msg]
|move|p1a: Zygarde|Coil|p1a: Zygarde
|-boost|p1a: Zygarde|atk|0
|-boost|p1a: Zygarde|def|0
|-boost|p1a: Zygarde|accuracy|0
|move|p2a: Zygarde|Thousand Arrows|p1a: Zygarde
|-damage|p1a: Zygarde|89/100
|
|upkeep
|turn|374
|inactive|Fumi1 has 25 seconds left this turn.
|inactive|Fumi1 has 20 seconds left.
|
|t:|1670292230
|move|p1a: Zygarde|Rest|p1a: Zygarde
|-status|p1a: Zygarde|slp|[from] move: Rest
|-heal|p1a: Zygarde|100/100 slp|[silent]
|cant|p2a: Zygarde|par
|
|upkeep
|turn|375
|inactive|Fumi1 has 20 seconds left this turn.
|
|t:|1670292249
|switch|p2a: Xerneas|Xerneas|44/100 slp
|-ability|p2a: Xerneas|Fairy Aura
|cant|p1a: Zygarde|slp
|
|upkeep
|turn|376
|inactive|Fumi1 has 25 seconds left this turn.
|
|t:|1670292252
|cant|p2a: Xerneas|slp
|cant|p1a: Zygarde|slp
|
|upkeep
|turn|377
|inactive|Fumi1 has 25 seconds left this turn.
|
|t:|1670292254
|cant|p2a: Xerneas|slp
|-curestatus|p1a: Zygarde|slp|[msg]
|move|p1a: Zygarde|Thousand Arrows|p2a: Xerneas
|-damage|p2a: Xerneas|0 fnt
|faint|p2a: Xerneas
|
|upkeep
|inactive|Fumi1 has 30 seconds left this turn.
|c|☆Dontrion|gg
|c|☆Fumi1|gg!
|
|t:|1670292261
|switch|p2a: Zygarde|Zygarde-Complete|100/100 par
|turn|378
|inactive|Fumi1 has 25 seconds left this turn.
|c|☆Dontrion|thank god lol
|
|t:|1670292266
|move|p1a: Zygarde|Thousand Arrows|p2a: Zygarde
|-damage|p2a: Zygarde|60/100 par
|cant|p2a: Zygarde|par
|
|upkeep
|turn|379
|inactive|Fumi1 has 30 seconds left this turn.
|c|☆Fumi1|only if xern wasnt asleep
|c|☆Dontrion|oh
|
|t:|1670292277
|move|p1a: Zygarde|Coil|p1a: Zygarde
|-boost|p1a: Zygarde|atk|0
|-boost|p1a: Zygarde|def|0
|-boost|p1a: Zygarde|accuracy|0
|cant|p2a: Zygarde|par
|
|upkeep
|turn|380
|inactive|Fumi1 has 30 seconds left this turn.
|
|t:|1670292281
|move|p1a: Zygarde|Thousand Arrows|p2a: Zygarde
|-damage|p2a: Zygarde|17/100 par
|move|p2a: Zygarde|Coil|p2a: Zygarde
|-boost|p2a: Zygarde|atk|1
|-boost|p2a: Zygarde|def|1
|-boost|p2a: Zygarde|accuracy|1
|
|upkeep
|turn|381
|inactive|Fumi1 has 30 seconds left.
|
|t:|1670292288
|move|p1a: Zygarde|Thousand Arrows|p2a: Zygarde
|-damage|p2a: Zygarde|0 fnt
|faint|p2a: Zygarde
|
|upkeep
|inactive|Fumi1 has 30 seconds left this turn.
|
|t:|1670292292
|switch|p2a: Blissey|Blissey, F|83/100
|turn|382
|
|t:|1670292295
|move|p1a: Zygarde|Thousand Arrows|p2a: Blissey
|-damage|p2a: Blissey|0 fnt
|faint|p2a: Blissey
|
|upkeep
|
|t:|1670292297
|switch|p2a: Necrozma|Necrozma-Dusk-Mane|86/100
|turn|383
|
|t:|1670292300
|move|p2a: Necrozma|Earthquake|p1a: Zygarde
|-damage|p1a: Zygarde|97/100
|move|p1a: Zygarde|Thousand Arrows|p2a: Necrozma
|-supereffective|p2a: Necrozma
|-damage|p2a: Necrozma|0 fnt
|faint|p2a: Necrozma
|
|win|Dontrion
|raw|Dontrion's rating: 1492 &rarr; <strong>1504</strong><br />(+12 for winning)
|raw|Fumi1's rating: 1350 &rarr; <strong>1338</strong><br />(-12 for losing)
|c|☆Fumi1|gg
|c|☆Dontrion|gg <3
|c|☆Fumi1|if my xern wasnt sleep
|c|☆Fumi1|i think i would've had a chance
|c|☆Dontrion|maybe yea
||Ladder isn't responding, score probably updated but might not have (Request timeout).
