|j|☆random random alt
|j|☆ox04
|t:|1665470868
|gametype|singles
|player|p1|random random alt|ballguy|1400
|player|p2|ox04|red-gen7|1648
|teamsize|p1|6
|teamsize|p2|6
|gen|8
|tier|[Gen 8] Ubers
|rated|
|rule|Sleep Clause Mod: Limit one foe put to sleep
|rule|Species Clause: Limit one of each Pokémon
|rule|OHKO Clause: OHKO moves are banned
|rule|Evasion Items Clause: Evasion items are banned
|rule|Evasion Moves Clause: Evasion moves are banned
|rule|Endless Battle Clause: Forcing endless battles is banned
|rule|HP Percentage Mod: HP is shown in percentages
|rule|Dynamax Clause: You cannot dynamax
|clearpoke
|poke|p1|Zekrom|
|poke|p1|Necrozma-Dusk-Mane|
|poke|p1|Yveltal|
|poke|p1|Eternatus|
|poke|p1|Lunala|
|poke|p1|Kyogre|
|poke|p2|Excadrill, M|
|poke|p2|Yveltal|
|poke|p2|Palkia|
|poke|p2|Necrozma-Dusk-Mane|
|poke|p2|Eternatus|
|poke|p2|Calyrex-Shadow|
|teampreview
|inactive|Battle timer is ON: inactive players will automatically lose when time's up. (requested by ox04)
|
|t:|1665470874
|start
|switch|p1a: Eternatus|Eternatus|100/100
|switch|p2a: Excadrill|Excadrill, M|100/100
|-ability|p1a: Eternatus|Pressure
|-ability|p2a: Excadrill|Mold Breaker
|turn|1
|inactive|random random alt has 120 seconds left.
|
|t:|1665470905
|move|p1a: Eternatus|Flamethrower|p2a: Excadrill
|-supereffective|p2a: Excadrill
|-damage|p2a: Excadrill|18/100
|move|p2a: Excadrill|Rapid Spin|p1a: Eternatus
|-damage|p1a: Eternatus|88/100
|-boost|p2a: Excadrill|spe|1
|
|upkeep
|turn|2
|
|t:|1665470928
|move|p2a: Excadrill|Stealth Rock|p1a: Eternatus
|-sidestart|p1: random random alt|move: Stealth Rock
|move|p1a: Eternatus|Flamethrower|p2a: Excadrill
|-supereffective|p2a: Excadrill
|-damage|p2a: Excadrill|0 fnt
|faint|p2a: Excadrill
|
|upkeep
|
|t:|1665470939
|switch|p2a: Calyrex|Calyrex-Shadow|100/100
|-ability|p2a: Calyrex|As One
|-ability|p2a: Calyrex|Unnerve
|turn|3
|inactive|random random alt has 120 seconds left.
|inactive|random random alt has 90 seconds left.
|inactive|random random alt has 60 seconds left.
|
|t:|1665471051
|move|p2a: Calyrex|Nasty Plot|p2a: Calyrex
|-boost|p2a: Calyrex|spa|2
|move|p1a: Eternatus|Dynamax Cannon|p2a: Calyrex
|-damage|p2a: Calyrex|57/100
|
|upkeep
|turn|4
|
|t:|1665471060
|switch|p1a: Yveltal|Yveltal|100/100
|-ability|p1a: Yveltal|Dark Aura
|move|p2a: Calyrex|Astral Barrage|p1a: Yveltal
|-resisted|p1a: Yveltal
|-damage|p1a: Yveltal|49/100
|
|upkeep
|turn|5
|
|t:|1665471064
|move|p1a: Yveltal|Sucker Punch|p2a: Calyrex
|-supereffective|p2a: Calyrex
|-damage|p2a: Calyrex|0 fnt
|faint|p2a: Calyrex
|
|upkeep
|
|t:|1665471068
|switch|p2a: Eternatus|Eternatus|100/100
|-ability|p2a: Eternatus|Pressure
|turn|6
|inactive|random random alt has 60 seconds left.
|
|t:|1665471082
|switch|p1a: Necrozma|Necrozma-Dusk-Mane|100/100
|-damage|p1a: Necrozma|94/100|[from] Stealth Rock
|move|p2a: Eternatus|Meteor Beam||[still]
|-prepare|p2a: Eternatus|Meteor Beam
|-boost|p2a: Eternatus|spa|1
|-enditem|p2a: Eternatus|Power Herb
|-anim|p2a: Eternatus|Meteor Beam|p1a: Necrozma
|-resisted|p1a: Necrozma
|-damage|p1a: Necrozma|75/100
|
|-heal|p1a: Necrozma|81/100|[from] item: Leftovers
|upkeep
|turn|7
|
|t:|1665471084
|move|p2a: Eternatus|Flamethrower|p1a: Necrozma
|-supereffective|p1a: Necrozma
|-damage|p1a: Necrozma|33/100
|move|p1a: Necrozma|Thunder Wave|p2a: Eternatus
|-status|p2a: Eternatus|par
|
|-heal|p1a: Necrozma|39/100|[from] item: Leftovers
|upkeep
|turn|8
|
|t:|1665471095
|move|p1a: Necrozma|Stealth Rock|p2a: Eternatus
|-sidestart|p2: ox04|move: Stealth Rock
|move|p2a: Eternatus|Flamethrower|p1a: Necrozma
|-supereffective|p1a: Necrozma
|-damage|p1a: Necrozma|0 fnt
|faint|p1a: Necrozma
|
|upkeep
|inactive|random random alt has 60 seconds left.
|
|t:|1665471106
|switch|p1a: Lunala|Lunala|100/100
|turn|9
|
|t:|1665471110
|move|p1a: Lunala|Hex|p2a: Eternatus
|-crit|p2a: Eternatus
|-damage|p2a: Eternatus|31/100 par
|move|p2a: Eternatus|Sludge Bomb|p1a: Lunala
|-resisted|p1a: Lunala
|-damage|p1a: Lunala|89/100
|-status|p1a: Lunala|psn
|
|-damage|p1a: Lunala|76/100 psn|[from] psn
|upkeep
|turn|10
|
|t:|1665471114
|move|p1a: Lunala|Ice Beam|p2a: Eternatus
|-supereffective|p2a: Eternatus
|-damage|p2a: Eternatus|0 fnt
|faint|p2a: Eternatus
|
|-damage|p1a: Lunala|64/100 psn|[from] psn
|upkeep
|
|t:|1665471119
|switch|p2a: Palkia|Palkia|100/100
|-damage|p2a: Palkia|88/100|[from] Stealth Rock
|-ability|p2a: Palkia|Pressure
|turn|11
|
|t:|1665471123
|move|p2a: Palkia|Substitute|p2a: Palkia
|-start|p2a: Palkia|Substitute
|-damage|p2a: Palkia|63/100
|move|p1a: Lunala|Will-O-Wisp||[still]
|-fail|p1a: Lunala
|
|-damage|p1a: Lunala|52/100 psn|[from] psn
|upkeep
|turn|12
|
|t:|1665471127
|move|p2a: Palkia|Hydro Pump|p1a: Lunala
|-damage|p1a: Lunala|2/100 psn
|move|p1a: Lunala|Hex|p2a: Palkia
|-end|p2a: Palkia|Substitute
|
|-damage|p1a: Lunala|0 fnt|[from] psn
|faint|p1a: Lunala
|upkeep
|
|t:|1665471135
|switch|p1a: Eternatus|Eternatus|88/100
|-ability|p1a: Eternatus|Pressure
|turn|13
|
|t:|1665471138
|switch|p2a: Necrozma|Necrozma-Dusk-Mane|100/100
|-damage|p2a: Necrozma|94/100|[from] Stealth Rock
|move|p1a: Eternatus|Dynamax Cannon|p2a: Necrozma
|-resisted|p2a: Necrozma
|-damage|p2a: Necrozma|73/100
|
|upkeep
|turn|14
|
|t:|1665471143
|switch|p1a: Zekrom|Zekrom|100/100
|-damage|p1a: Zekrom|88/100|[from] Stealth Rock
|-ability|p1a: Zekrom|Teravolt
|move|p2a: Necrozma|Dragon Dance|p2a: Necrozma
|-boost|p2a: Necrozma|atk|1
|-boost|p2a: Necrozma|spe|1
|
|upkeep
|turn|15
|
|t:|1665471146
|move|p2a: Necrozma|Earthquake|p1a: Zekrom
|-supereffective|p1a: Zekrom
|-damage|p1a: Zekrom|0 fnt
|faint|p1a: Zekrom
|-damage|p2a: Necrozma|63/100|[from] item: Life Orb
|
|upkeep
|
|t:|1665471151
|switch|p1a: Kyogre|Kyogre|100/100
|-damage|p1a: Kyogre|88/100|[from] Stealth Rock
|-weather|RainDance|[from] ability: Drizzle|[of] p1a: Kyogre
|turn|16
|
|t:|1665471155
|switch|p2a: Yveltal|Yveltal, shiny|100/100
|-damage|p2a: Yveltal|76/100|[from] Stealth Rock
|-ability|p2a: Yveltal|Dark Aura
|move|p1a: Kyogre|Origin Pulse|p2a: Yveltal
|-damage|p2a: Yveltal|0 fnt
|faint|p2a: Yveltal
|
|-weather|RainDance|[upkeep]
|upkeep
|
|t:|1665471157
|switch|p2a: Palkia|Palkia|63/100
|-damage|p2a: Palkia|51/100|[from] Stealth Rock
|-ability|p2a: Palkia|Pressure
|turn|17
|
|t:|1665471167
|switch|p1a: Yveltal|Yveltal|49/100
|-ability|p1a: Yveltal|Dark Aura
|move|p2a: Palkia|Spacial Rend|p1a: Yveltal|[miss]
|-miss|p2a: Palkia|p1a: Yveltal
|
|-weather|RainDance|[upkeep]
|upkeep
|turn|18
|
|t:|1665471175
|move|p2a: Palkia|Hydro Pump|p1a: Yveltal|[miss]
|-miss|p2a: Palkia|p1a: Yveltal
|move|p1a: Yveltal|Roost|p1a: Yveltal
|-heal|p1a: Yveltal|99/100
|-singleturn|p1a: Yveltal|move: Roost
|
|-weather|RainDance|[upkeep]
|upkeep
|turn|19
|
|t:|1665471178
|switch|p1a: Eternatus|Eternatus|88/100
|-ability|p1a: Eternatus|Pressure
|move|p2a: Palkia|Hydro Pump|p1a: Eternatus
|-resisted|p1a: Eternatus
|-damage|p1a: Eternatus|53/100
|
|-weather|RainDance|[upkeep]
|upkeep
|turn|20
|
|t:|1665471183
|switch|p2a: Necrozma|Necrozma-Dusk-Mane|63/100
|-damage|p2a: Necrozma|57/100|[from] Stealth Rock
|move|p1a: Eternatus|Dynamax Cannon|p2a: Necrozma
|-resisted|p2a: Necrozma
|-damage|p2a: Necrozma|35/100
|
|-weather|none
|upkeep
|turn|21
|
|t:|1665471185
|move|p1a: Eternatus|Flamethrower|p2a: Necrozma
|-supereffective|p2a: Necrozma
|-damage|p2a: Necrozma|0 fnt
|faint|p2a: Necrozma
|
|upkeep
|
|t:|1665471191
|switch|p2a: Palkia|Palkia|51/100
|-damage|p2a: Palkia|38/100|[from] Stealth Rock
|-ability|p2a: Palkia|Pressure
|turn|22
|
|t:|1665471193
|move|p1a: Eternatus|Dynamax Cannon|p2a: Palkia
|-supereffective|p2a: Palkia
|-damage|p2a: Palkia|0 fnt
|faint|p2a: Palkia
|
|win|random random alt
|raw|random random alt's rating: 1400 &rarr; <strong>1432</strong><br />(+32 for winning)
|raw|ox04's rating: 1648 &rarr; <strong>1616</strong><br />(-32 for losing)
|c|☆ox04|gg
