|j|☆SarcasmAndSalt
|j|☆TaKuTo-SeNpAi
|player|p1|SarcasmAndSalt|ruinmaniac|
|player|p2|TaKuTo-SeNpAi|anabel|
|teamsize|p1|6
|teamsize|p2|6
|gametype|singles
|gen|8
|tier|[Gen 8] Ubers
|rated|Tournament battle
|clearpoke
|poke|p1|Zacian-Crowned|
|poke|p1|Aegislash, F|
|poke|p1|Dragapult, F|
|poke|p1|Hatterene, F|
|poke|p1|Ditto|
|poke|p1|Corsola-Galar, M|
|poke|p2|Reshiram|
|poke|p2|Zekrom|
|poke|p2|Necrozma-Dusk-Mane|
|poke|p2|Lunala|
|poke|p2|Eternatus|
|poke|p2|Ditto|
|rule|Sleep Clause Mod: Limit one foe put to sleep
|rule|Species Clause: Limit one of each Pokémon
|rule|OHKO Clause: OHKO moves are banned
|rule|Evasion Moves Clause: Evasion moves are banned
|rule|Endless Battle Clause: Forcing endless battles is banned
|rule|HP Percentage Mod: HP is shown in percentages
|teampreview
|c|☆SarcasmAndSalt|glhf
|inactive|Battle timer is ON: inactive players will automatically lose when time's up. (requested by SarcasmAndSalt)
|c|☆TaKuTo-SeNpAi|glhf
|inactive|TaKuTo-SeNpAi has 120 seconds left.
|
|start
|switch|p1a: Corsola|Corsola-Galar, M|100/100
|switch|p2a: Lunala|Lunala, shiny|100/100
|turn|1
|
|move|p2a: Lunala|Hex|p1a: Corsola
|-supereffective|p1a: Corsola
|-damage|p1a: Corsola|69/100
|-start|p2a: Lunala|Disable|Hex|[from] ability: Cursed Body|[of] p1a: Corsola
|move|p1a: Corsola|Will-O-Wisp|p2a: Lunala
|-status|p2a: Lunala|brn
|
|-damage|p2a: Lunala|94/100 brn|[from] brn
|upkeep
|turn|2
|
|move|p2a: Lunala|Thunder Wave|p1a: Corsola
|-status|p1a: Corsola|par
|move|p1a: Corsola|Hex|p2a: Lunala
|-supereffective|p2a: Lunala
|-damage|p2a: Lunala|31/100 brn
|
|-damage|p2a: Lunala|25/100 brn|[from] brn
|upkeep
|turn|3
|j|%shrang
|
|switch|p2a: Reshiram|Reshiram, shiny|100/100
|-ability|p2a: Reshiram|Turboblaze
|cant|p1a: Corsola|par
|
|upkeep
|turn|4
|
|move|p2a: Reshiram|Mystical Fire|p1a: Corsola
|-damage|p1a: Corsola|49/100 par
|-unboost|p1a: Corsola|spa|1
|-start|p2a: Reshiram|Disable|Mystical Fire|[from] ability: Cursed Body|[of] p1a: Corsola
|move|p1a: Corsola|Stealth Rock|p2a: Reshiram
|-sidestart|p2: TaKuTo-SeNpAi|move: Stealth Rock
|
|upkeep
|turn|5
|j| DrTefixx
|
|move|p2a: Reshiram|Defog|p1a: Corsola
|-unboost|p1a: Corsola|evasion|1
|-sideend|p2: TaKuTo-SeNpAi|Stealth Rock|[from] move: Defog|[of] p2a: Reshiram
|move|p1a: Corsola|Strength Sap|p2a: Reshiram
|-unboost|p2a: Reshiram|atk|1
|-heal|p1a: Corsola|100/100 par
|
|upkeep
|turn|6
|l| DrTefixx
|inactive|SarcasmAndSalt has 120 seconds left.
|inactive|TaKuTo-SeNpAi has 120 seconds left.
|
|switch|p2a: Eternatus|Eternatus|100/100
|-ability|p2a: Eternatus|Pressure
|move|p1a: Corsola|Hex|p2a: Eternatus
|-damage|p2a: Eternatus|91/100
|
|upkeep
|turn|7
|inactive|SarcasmAndSalt has 120 seconds left.
|
|move|p2a: Eternatus|Shadow Ball|p1a: Corsola
|-supereffective|p1a: Corsola
|-damage|p1a: Corsola|66/100 par
|-start|p2a: Eternatus|Disable|Shadow Ball|[from] ability: Cursed Body|[of] p1a: Corsola
|move|p1a: Corsola|Will-O-Wisp|p2a: Eternatus|[miss]
|-miss|p1a: Corsola|p2a: Eternatus
|
|upkeep
|turn|8
|
|switch|p2a: Reshiram|Reshiram, shiny|100/100
|-ability|p2a: Reshiram|Turboblaze
|move|p1a: Corsola|Hex|p2a: Reshiram
|-damage|p2a: Reshiram|95/100
|
|-heal|p2a: Reshiram|100/100|[from] item: Leftovers
|upkeep
|turn|9
|inactive|TaKuTo-SeNpAi has 120 seconds left.
|
|switch|p2a: Eternatus|Eternatus|91/100
|-ability|p2a: Eternatus|Pressure
|move|p1a: Corsola|Strength Sap|p2a: Eternatus
|-unboost|p2a: Eternatus|atk|1
|-heal|p1a: Corsola|100/100 par
|
|upkeep
|turn|10
|
|move|p2a: Eternatus|Shadow Ball|p1a: Corsola
|-supereffective|p1a: Corsola
|-damage|p1a: Corsola|64/100 par
|-unboost|p1a: Corsola|spd|1
|cant|p1a: Corsola|par
|
|upkeep
|turn|11
|
|move|p2a: Eternatus|Shadow Ball|p1a: Corsola
|-supereffective|p1a: Corsola
|-damage|p1a: Corsola|15/100 par
|move|p1a: Corsola|Will-O-Wisp|p2a: Eternatus
|-status|p2a: Eternatus|brn
|
|-damage|p2a: Eternatus|85/100 brn|[from] brn
|upkeep
|turn|12
|inactive|TaKuTo-SeNpAi has 120 seconds left.
|
|switch|p1a: Zacian|Zacian-Crowned|100/100
|-ability|p1a: Zacian|Intrepid Sword|boost
|-boost|p1a: Zacian|atk|1
|move|p2a: Eternatus|Shadow Ball|p1a: Zacian
|-damage|p1a: Zacian|69/100
|
|-damage|p2a: Eternatus|79/100 brn|[from] brn
|upkeep
|turn|13
|inactive|TaKuTo-SeNpAi has 120 seconds left.
|
|switch|p2a: Lunala|Lunala, shiny|25/100 brn
|move|p1a: Zacian|Behemoth Blade|p2a: Lunala
|-damage|p2a: Lunala|0 fnt
|faint|p2a: Lunala
|
|upkeep
|inactive|TaKuTo-SeNpAi has 120 seconds left.
|
|switch|p2a: Ditto|Ditto, shiny|100/100
|-transform|p2a: Ditto|p1a: Zacian|[from] ability: Imposter
|-ability|p2a: Ditto|Intrepid Sword|boost
|-boost|p2a: Ditto|atk|1
|turn|14
|
|move|p2a: Ditto|Behemoth Blade|p1a: Zacian
|-damage|p1a: Zacian|0 fnt
|faint|p1a: Zacian
|
|upkeep
|
|switch|p1a: Ditto|Ditto|100/100
|turn|15
|j|+kingbaruk
|c|☆SarcasmAndSalt|oh yea ditto cant do that
|
|switch|p1a: Aegislash|Aegislash, F|100/100
|move|p2a: Ditto|Behemoth Blade|p1a: Aegislash
|-resisted|p1a: Aegislash
|-damage|p1a: Aegislash|51/100
|
|upkeep
|turn|16
|
|move|p1a: Aegislash|King's Shield|p1a: Aegislash
|-singleturn|p1a: Aegislash|Protect
|move|p2a: Ditto|Behemoth Blade|p1a: Aegislash
|-activate|p1a: Aegislash|move: Protect
|-unboost|p2a: Ditto|atk|1
|
|upkeep
|turn|17
|
|switch|p2a: Reshiram|Reshiram, shiny|100/100
|-ability|p2a: Reshiram|Turboblaze
|-formechange|p1a: Aegislash|Aegislash-Blade||[from] ability: Stance Change
|move|p1a: Aegislash|Sacred Sword|p2a: Reshiram
|-damage|p2a: Reshiram|79/100
|
|-heal|p2a: Reshiram|86/100|[from] item: Leftovers
|upkeep
|turn|18
|
|-formechange|p1a: Aegislash|Aegislash||[from] ability: Stance Change
|move|p1a: Aegislash|King's Shield|p1a: Aegislash
|-singleturn|p1a: Aegislash|Protect
|move|p2a: Reshiram|Mystical Fire|p1a: Aegislash
|-activate|p1a: Aegislash|move: Protect
|
|-heal|p2a: Reshiram|92/100|[from] item: Leftovers
|upkeep
|turn|19
|
|move|p2a: Reshiram|Mystical Fire|p1a: Aegislash
|-supereffective|p1a: Aegislash
|-damage|p1a: Aegislash|4/100
|-enditem|p1a: Aegislash|Weakness Policy
|-boost|p1a: Aegislash|atk|2|[from] item: Weakness Policy
|-boost|p1a: Aegislash|spa|2|[from] item: Weakness Policy
|-unboost|p1a: Aegislash|spa|1
|-formechange|p1a: Aegislash|Aegislash-Blade||[from] ability: Stance Change
|move|p1a: Aegislash|Sacred Sword|p2a: Reshiram
|-crit|p2a: Reshiram
|-damage|p2a: Reshiram|32/100
|
|-heal|p2a: Reshiram|38/100|[from] item: Leftovers
|upkeep
|turn|20
|
|move|p1a: Aegislash|Shadow Sneak|p2a: Reshiram
|-crit|p2a: Reshiram
|-damage|p2a: Reshiram|0 fnt
|faint|p2a: Reshiram
|
|upkeep
|
|switch|p2a: Ditto|Ditto, shiny|100/100
|-transform|p2a: Ditto|p1a: Aegislash|[from] ability: Imposter
|turn|21
|
|-formechange|p1a: Aegislash|Aegislash||[from] ability: Stance Change
|move|p1a: Aegislash|King's Shield|p1a: Aegislash
|-singleturn|p1a: Aegislash|Protect
|move|p2a: Ditto|Shadow Sneak|p1a: Aegislash
|-activate|p1a: Aegislash|move: Protect
|-unboost|p2a: Ditto|atk|1
|
|upkeep
|turn|22
|
|move|p2a: Ditto|Shadow Sneak|p1a: Aegislash
|-supereffective|p1a: Aegislash
|-damage|p1a: Aegislash|0 fnt
|faint|p1a: Aegislash
|
|upkeep
|
|switch|p1a: Dragapult|Dragapult, F|100/100
|turn|23
|
|move|p1a: Dragapult|Sucker Punch|p2a: Ditto
|-supereffective|p2a: Ditto
|-damage|p2a: Ditto|0 fnt
|faint|p2a: Ditto
|
|upkeep
|
|switch|p2a: Necrozma|Necrozma-Dusk-Mane, shiny|100/100
|turn|24
|
|switch|p1a: Ditto|Ditto|100/100
|-transform|p1a: Ditto|p2a: Necrozma|[from] ability: Imposter
|move|p2a: Necrozma|Stealth Rock|p1a: Ditto
|-sidestart|p1: SarcasmAndSalt|move: Stealth Rock
|
|upkeep
|turn|25
|
|switch|p1a: Hatterene|Hatterene, F|100/100
|-damage|p1a: Hatterene|88/100|[from] Stealth Rock
|move|p2a: Necrozma|Thunder Wave|p1a: Hatterene
|move|p1a: Hatterene|Thunder Wave|p2a: Necrozma|[from]Magic Bounce
|-status|p2a: Necrozma|par
|
|upkeep
|turn|26
|
|move|p2a: Necrozma|Earthquake|p1a: Hatterene
|-damage|p1a: Hatterene|47/100
|move|p1a: Hatterene|Trick Room|p1a: Hatterene
|-fieldstart|move: Trick Room|[of] p1a: Hatterene
|
|upkeep
|turn|27
|
|move|p1a: Hatterene|Dark Pulse|p2a: Necrozma
|-supereffective|p2a: Necrozma
|-damage|p2a: Necrozma|53/100 par
|-damage|p1a: Hatterene|38/100|[from] item: Life Orb
|move|p2a: Necrozma|Earthquake|p1a: Hatterene
|-damage|p1a: Hatterene|0 fnt
|faint|p1a: Hatterene
|
|-heal|p2a: Necrozma|59/100 par|[from] item: Leftovers
|upkeep
|
|switch|p1a: Ditto|Ditto|100/100
|-damage|p1a: Ditto|88/100|[from] Stealth Rock
|-transform|p1a: Ditto|p2a: Necrozma|[from] ability: Imposter
|turn|28
|
|move|p2a: Necrozma|Morning Sun|p2a: Necrozma
|-heal|p2a: Necrozma|100/100 par
|move|p1a: Ditto|Earthquake|p2a: Necrozma
|-supereffective|p2a: Necrozma
|-damage|p2a: Necrozma|75/100 par
|
|-heal|p2a: Necrozma|81/100 par|[from] item: Leftovers
|upkeep
|turn|29
|
|switch|p1a: Corsola|Corsola-Galar, M|15/100 par
|-damage|p1a: Corsola|2/100 par|[from] Stealth Rock
|move|p2a: Necrozma|Thunder Wave|p1a: Corsola
|-fail|p1a: Corsola|par
|
|-heal|p2a: Necrozma|87/100 par|[from] item: Leftovers
|upkeep
|turn|30
|
|-start|p2a: Necrozma|Dynamax
|-heal|p2a: Necrozma|87/100 par|[silent]
|cant|p2a: Necrozma|par
|move|p1a: Corsola|Strength Sap|p2a: Necrozma
|-unboost|p2a: Necrozma|atk|1
|-heal|p1a: Corsola|100/100 par
|
|-heal|p2a: Necrozma|90/100 par|[from] item: Leftovers
|-fieldend|move: Trick Room
|upkeep
|turn|31
|
|-end|p2a: Necrozma|Dynamax
|-heal|p2a: Necrozma|90/100 par|[silent]
|switch|p2a: Zekrom|Zekrom, shiny|100/100
|-ability|p2a: Zekrom|Teravolt
|move|p1a: Corsola|Hex|p2a: Zekrom
|-damage|p2a: Zekrom|86/100
|
|-heal|p2a: Zekrom|92/100|[from] item: Leftovers
|upkeep
|turn|32
|
|move|p2a: Zekrom|Substitute|p2a: Zekrom
|-start|p2a: Zekrom|Substitute
|-damage|p2a: Zekrom|67/100
|cant|p1a: Corsola|par
|
|-heal|p2a: Zekrom|73/100|[from] item: Leftovers
|upkeep
|turn|33
|
|move|p2a: Zekrom|Dragon Dance|p2a: Zekrom
|-boost|p2a: Zekrom|atk|1
|-boost|p2a: Zekrom|spe|1
|cant|p1a: Corsola|par
|
|-heal|p2a: Zekrom|79/100|[from] item: Leftovers
|upkeep
|turn|34
|
|move|p2a: Zekrom|Dragon Dance|p2a: Zekrom
|-boost|p2a: Zekrom|atk|1
|-boost|p2a: Zekrom|spe|1
|move|p1a: Corsola|Hex|p2a: Zekrom
|-activate|p2a: Zekrom|move: Substitute|[damage]
|
|-heal|p2a: Zekrom|85/100|[from] item: Leftovers
|upkeep
|turn|35
|-message|SarcasmAndSalt forfeited.
|
|win|TaKuTo-SeNpAi
|l|☆SarcasmAndSalt
|l| shrang
