|j|☆Rell27
|j|☆dynze
|t:|1617942798
|gametype|singles
|player|p1|Rell27|101|1477
|player|p2|dynze|lucas-gen4pt|1380
|teamsize|p1|6
|teamsize|p2|6
|gen|8
|tier|[Gen 8] Ubers
|rated|
|clearpoke
|poke|p1|Eternatus|
|poke|p1|Necrozma-Dusk-Mane|
|poke|p1|Calyrex-Shadow|
|poke|p1|Yveltal|
|poke|p1|Zygarde|
|poke|p1|Xerneas|
|poke|p2|Xerneas|
|poke|p2|Zacian|
|poke|p2|Calyrex-Shadow|
|poke|p2|Dialga|
|poke|p2|Yveltal|
|poke|p2|Zygarde|
|rule|Sleep Clause Mod: Limit one foe put to sleep
|rule|Species Clause: Limit one of each Pokémon
|rule|OHKO Clause: OHKO moves are banned
|rule|Evasion Moves Clause: Evasion moves are banned
|rule|Endless Battle Clause: Forcing endless battles is banned
|rule|HP Percentage Mod: HP is shown in percentages
|rule|Dynamax Clause: You cannot dynamax
|teampreview
|
|t:|1617942829
|start
|switch|p1a: Yveltal|Yveltal|100/100
|switch|p2a: Dialga|Dialga|100/100
|-ability|p1a: Yveltal|Dark Aura
|-ability|p2a: Dialga|Pressure
|turn|1
|
|t:|1617942848
|move|p1a: Yveltal|Knock Off|p2a: Dialga
|-damage|p2a: Dialga|48/100
|-enditem|p2a: Dialga|Leftovers|[from] move: Knock Off|[of] p1a: Yveltal
|-damage|p1a: Yveltal|91/100|[from] item: Life Orb
|move|p2a: Dialga|Thunder Wave|p1a: Yveltal
|-status|p1a: Yveltal|par
|
|upkeep
|turn|2
|
|t:|1617942856
|move|p2a: Dialga|Stealth Rock|p1a: Yveltal
|-sidestart|p1: Rell27|move: Stealth Rock
|move|p1a: Yveltal|Dark Pulse|p2a: Dialga
|-damage|p2a: Dialga|0 fnt
|-damage|p1a: Yveltal|81/100 par|[from] item: Life Orb
|faint|p2a: Dialga
|
|upkeep
|
|t:|1617942875
|switch|p2a: Zygarde|Zygarde|100/100
|turn|3
|
|t:|1617942889
|move|p2a: Zygarde|Substitute|p2a: Zygarde
|-start|p2a: Zygarde|Substitute
|-damage|p2a: Zygarde|75/100
|move|p1a: Yveltal|Dark Pulse|p2a: Zygarde
|-end|p2a: Zygarde|Substitute
|-damage|p1a: Yveltal|71/100 par|[from] item: Life Orb
|
|-heal|p2a: Zygarde|82/100|[from] item: Leftovers
|upkeep
|turn|4
|
|t:|1617942918
|switch|p1a: Zygarde|Zygarde|100/100
|-damage|p1a: Zygarde|94/100|[from] Stealth Rock
|move|p2a: Zygarde|Substitute|p2a: Zygarde
|-start|p2a: Zygarde|Substitute
|-damage|p2a: Zygarde|57/100
|
|-heal|p2a: Zygarde|63/100|[from] item: Leftovers
|-heal|p1a: Zygarde|100/100|[from] item: Leftovers
|upkeep
|turn|5
|
|t:|1617942923
|move|p2a: Zygarde|Glare|p1a: Zygarde
|-status|p1a: Zygarde|par
|move|p1a: Zygarde|Coil|p1a: Zygarde
|-boost|p1a: Zygarde|atk|1
|-boost|p1a: Zygarde|def|1
|-boost|p1a: Zygarde|accuracy|1
|
|-heal|p2a: Zygarde|69/100|[from] item: Leftovers
|upkeep
|turn|6
|
|t:|1617942940
|switch|p2a: Xerneas|Xerneas|100/100
|-ability|p2a: Xerneas|Fairy Aura
|move|p1a: Zygarde|Scale Shot|p2a: Xerneas
|-immune|p2a: Xerneas
|
|upkeep
|turn|7
|
|t:|1617942951
|switch|p1a: Necrozma|Necrozma-Dusk-Mane|100/100
|-damage|p1a: Necrozma|94/100|[from] Stealth Rock
|move|p2a: Xerneas|Moonblast|p1a: Necrozma
|-resisted|p1a: Necrozma
|-damage|p1a: Necrozma|67/100
|
|upkeep
|turn|8
|
|t:|1617942961
|switch|p2a: Yveltal|Yveltal|100/100
|-ability|p2a: Yveltal|Dark Aura
|switch|p1a: Xerneas|Xerneas|100/100
|-damage|p1a: Xerneas|88/100|[from] Stealth Rock
|-ability|p1a: Xerneas|Fairy Aura
|
|upkeep
|turn|9
|
|t:|1617942971
|move|p2a: Yveltal|Knock Off|p1a: Xerneas
|-resisted|p1a: Xerneas
|-damage|p1a: Xerneas|63/100
|-enditem|p1a: Xerneas|Power Herb|[from] move: Knock Off|[of] p2a: Yveltal
|move|p1a: Xerneas|Geomancy||[still]
|-prepare|p1a: Xerneas|Geomancy
|
|upkeep
|turn|10
|
|t:|1617942994
|switch|p2a: Zygarde|Zygarde|69/100
|move|p1a: Xerneas|Geomancy|p1a: Xerneas|[from]lockedmove
|-boost|p1a: Xerneas|spa|2
|-boost|p1a: Xerneas|spd|2
|-boost|p1a: Xerneas|spe|2
|
|-heal|p2a: Zygarde|75/100|[from] item: Leftovers
|upkeep
|turn|11
|
|t:|1617942999
|move|p1a: Xerneas|Moonblast|p2a: Zygarde
|-supereffective|p2a: Zygarde
|-damage|p2a: Zygarde|0 fnt
|faint|p2a: Zygarde
|
|upkeep
|
|t:|1617943010
|switch|p2a: Calyrex|Calyrex-Shadow|100/100
|-ability|p2a: Calyrex|As One
|-ability|p2a: Calyrex|Unnerve
|turn|12
|
|t:|1617943014
|move|p2a: Calyrex|Astral Barrage|p1a: Xerneas
|-damage|p1a: Xerneas|34/100
|move|p1a: Xerneas|Moonblast|p2a: Calyrex
|-damage|p2a: Calyrex|0 fnt
|faint|p2a: Calyrex
|
|upkeep
|
|t:|1617943017
|switch|p2a: Yveltal|Yveltal|100/100
|-ability|p2a: Yveltal|Dark Aura
|turn|13
|
|t:|1617943019
|move|p2a: Yveltal|Sucker Punch|p1a: Xerneas
|-resisted|p1a: Xerneas
|-damage|p1a: Xerneas|18/100
|move|p1a: Xerneas|Moonblast|p2a: Yveltal
|-supereffective|p2a: Yveltal
|-damage|p2a: Yveltal|0 fnt
|faint|p2a: Yveltal
|
|upkeep
|
|t:|1617943025
|switch|p2a: Zacian|Zacian|100/100
|-ability|p2a: Zacian|Intrepid Sword|boost
|-boost|p2a: Zacian|atk|1
|turn|14
|
|t:|1617943028
|move|p1a: Xerneas|Moonblast|p2a: Zacian
|-damage|p2a: Zacian|0 fnt
|faint|p2a: Zacian
|
|upkeep
|
|t:|1617943030
|switch|p2a: Xerneas|Xerneas|100/100
|-ability|p2a: Xerneas|Fairy Aura
|turn|15
|
|t:|1617943032
|move|p1a: Xerneas|Moonblast|p2a: Xerneas
|-damage|p2a: Xerneas|0 fnt
|faint|p2a: Xerneas
|
|win|Rell27
|raw|Rell27's rating: 1477 &rarr; <strong>1492</strong><br />(+15 for winning)
|raw|dynze's rating: 1380 &rarr; <strong>1365</strong><br />(-15 for losing)
|l|☆dynze
