|j|☆galacticguck300
|j|☆Ryrissu
|t:|1666540253
|gametype|singles
|player|p1|galacticguck300|mars|1230
|player|p2|Ryrissu|hilbert-wonderlauncher|1525
|teamsize|p1|6
|teamsize|p2|6
|gen|8
|tier|[Gen 8] Ubers
|rated|
|rule|Sleep Clause Mod: Limit one foe put to sleep
|rule|Species Clause: Limit one of each Pokémon
|rule|OHKO Clause: OHKO moves are banned
|rule|Evasion Items Clause: Evasion items are banned
|rule|Evasion Moves Clause: Evasion moves are banned
|rule|Endless Battle Clause: Forcing endless battles is banned
|rule|HP Percentage Mod: HP is shown in percentages
|rule|Dynamax Clause: You cannot dynamax
|clearpoke
|poke|p1|Dragapult, M|
|poke|p1|Uxie|
|poke|p1|Garchomp, F|
|poke|p1|Tyranitar, F|
|poke|p1|Urshifu-*, F|
|poke|p1|Scizor, M|
|poke|p2|Zekrom|
|poke|p2|Kyogre|
|poke|p2|Kyurem-Black|
|poke|p2|Necrozma-Dusk-Mane|
|poke|p2|Palkia|
|poke|p2|Yveltal|
|teampreview
|inactive|Battle timer is ON: inactive players will automatically lose when time's up. (requested by galacticguck300)
|
|t:|1666540268
|start
|switch|p1a: Uxie|Uxie|100/100
|switch|p2a: Kyogre|Kyogre|100/100
|-weather|RainDance|[from] ability: Drizzle|[of] p2a: Kyogre
|turn|1
|
|t:|1666540288
|move|p1a: Uxie|Yawn|p2a: Kyogre
|-start|p2a: Kyogre|move: Yawn|[of] p1a: Uxie
|move|p2a: Kyogre|Origin Pulse|p1a: Uxie
|-damage|p1a: Uxie|43/100
|
|-weather|RainDance|[upkeep]
|upkeep
|turn|2
|
|t:|1666540300
|switch|p2a: Zekrom|Zekrom|100/100
|-ability|p2a: Zekrom|Teravolt
|move|p1a: Uxie|Light Screen|p1a: Uxie
|-sidestart|p1: galacticguck300|move: Light Screen
|
|-weather|RainDance|[upkeep]
|upkeep
|turn|3
|
|t:|1666540307
|move|p1a: Uxie|Reflect|p1a: Uxie
|-sidestart|p1: galacticguck300|Reflect
|move|p2a: Zekrom|Dragon Dance|p2a: Zekrom
|-boost|p2a: Zekrom|atk|1
|-boost|p2a: Zekrom|spe|1
|
|-weather|RainDance|[upkeep]
|upkeep
|turn|4
|
|t:|1666540311
|move|p2a: Zekrom|Bolt Strike|p1a: Uxie
|-damage|p1a: Uxie|0 fnt
|faint|p1a: Uxie
|
|-weather|RainDance|[upkeep]
|upkeep
|
|t:|1666540318
|switch|p1a: Garchomp|Garchomp, F|100/100
|turn|5
|
|t:|1666540321
|move|p1a: Garchomp|Scale Shot|p2a: Zekrom
|-supereffective|p2a: Zekrom
|-damage|p2a: Zekrom|82/100
|-supereffective|p2a: Zekrom
|-damage|p2a: Zekrom|62/100
|-hitcount|p2a: Zekrom|2
|-unboost|p1a: Garchomp|def|1
|-boost|p1a: Garchomp|spe|1
|-enditem|p1a: Garchomp|White Herb
|-clearnegativeboost|p1a: Garchomp|[silent]
|move|p2a: Zekrom|Dragon Claw|p1a: Garchomp
|-supereffective|p1a: Garchomp
|-damage|p1a: Garchomp|20/100
|-damage|p2a: Zekrom|50/100|[from] ability: Rough Skin|[of] p1a: Garchomp
|
|-weather|none
|upkeep
|turn|6
|
|t:|1666540350
|move|p1a: Garchomp|Earthquake|p2a: Zekrom
|-supereffective|p2a: Zekrom
|-crit|p2a: Zekrom
|-damage|p2a: Zekrom|0 fnt
|faint|p2a: Zekrom
|
|upkeep
|
|t:|1666540357
|switch|p2a: Yveltal|Yveltal|100/100
|-ability|p2a: Yveltal|Dark Aura
|turn|7
|
|t:|1666540359
|move|p2a: Yveltal|Sucker Punch||[still]
|-fail|p2a: Yveltal
|move|p1a: Garchomp|Swords Dance|p1a: Garchomp
|-boost|p1a: Garchomp|atk|2
|
|upkeep
|turn|8
|
|t:|1666540363
|move|p2a: Yveltal|Sucker Punch||[still]
|-fail|p2a: Yveltal
|move|p1a: Garchomp|Swords Dance|p1a: Garchomp
|-boost|p1a: Garchomp|atk|2
|
|upkeep
|turn|9
|
|t:|1666540367
|move|p2a: Yveltal|Sucker Punch|p1a: Garchomp
|-damage|p1a: Garchomp|1/100
|-damage|p2a: Yveltal|88/100|[from] ability: Rough Skin|[of] p1a: Garchomp
|move|p1a: Garchomp|Stone Edge|p2a: Yveltal
|-supereffective|p2a: Yveltal
|-damage|p2a: Yveltal|0 fnt
|faint|p2a: Yveltal
|
|-sideend|p1: galacticguck300|move: Light Screen
|upkeep
|c|☆galacticguck300|uau
|c|☆galacticguck300|yay
|-message|Ryrissu forfeited.
|
|win|galacticguck300
|raw|galacticguck300's rating: 1230 &rarr; <strong>1272</strong><br />(+42 for winning)
|raw|Ryrissu's rating: 1525 &rarr; <strong>1491</strong><br />(-34 for losing)
|l|☆Ryrissu
