|j|☆Dun 26
|j|☆Nocterem
|t:|1650042175
|gametype|singles
|player|p1|Dun 26|skyla|1662
|player|p2|Nocterem|blue-gen2|1465
|teamsize|p1|6
|teamsize|p2|6
|gen|8
|tier|[Gen 8] Ubers
|rated|
|rule|Sleep Clause Mod: Limit one foe put to sleep
|rule|Species Clause: Limit one of each Pokémon
|rule|OHKO Clause: OHKO moves are banned
|rule|Evasion Moves Clause: Evasion moves are banned
|rule|Endless Battle Clause: Forcing endless battles is banned
|rule|HP Percentage Mod: HP is shown in percentages
|rule|Dynamax Clause: You cannot dynamax
|clearpoke
|poke|p1|Lugia|
|poke|p1|Groudon|
|poke|p1|Yveltal|
|poke|p1|Zygarde|
|poke|p1|Necrozma-Dusk-Mane|
|poke|p1|Eternatus|
|poke|p2|Cloyster, M|
|poke|p2|Blaziken, M|
|poke|p2|Regieleki|
|poke|p2|Shuckle, M|
|poke|p2|Lycanroc-Dusk, M|
|poke|p2|Crawdaunt, M|
|teampreview
|
|t:|1650042188
|start
|switch|p1a: Lugia|Lugia|100/100
|switch|p2a: Crawdaunt|Crawdaunt, M, shiny|100/100
|-ability|p1a: Lugia|Pressure
|turn|1
|
|t:|1650042199
|switch|p1a: Zygarde|Zygarde|100/100
|move|p2a: Crawdaunt|Crabhammer|p1a: Zygarde
|-damage|p1a: Zygarde|64/100
|
|-heal|p1a: Zygarde|70/100|[from] item: Leftovers
|upkeep
|turn|2
|
|t:|1650042202
|switch|p2a: Shuckle|Shuckle, M, shiny|100/100
|move|p1a: Zygarde|Glare|p2a: Shuckle
|-status|p2a: Shuckle|par
|
|-heal|p1a: Zygarde|77/100|[from] item: Leftovers
|upkeep
|turn|3
|
|t:|1650042206
|switch|p1a: Lugia|Lugia|100/100
|-ability|p1a: Lugia|Pressure
|move|p2a: Shuckle|Encore||[still]
|-fail|p2a: Shuckle
|
|upkeep
|turn|4
|
|t:|1650042211
|move|p1a: Lugia|Substitute|p1a: Lugia
|-start|p1a: Lugia|Substitute
|-damage|p1a: Lugia|76/100
|cant|p2a: Shuckle|par
|
|-heal|p1a: Lugia|82/100|[from] item: Leftovers
|upkeep
|turn|5
|
|t:|1650042225
|move|p1a: Lugia|Calm Mind|p1a: Lugia
|-boost|p1a: Lugia|spa|1
|-boost|p1a: Lugia|spd|1
|cant|p2a: Shuckle|par
|
|-heal|p1a: Lugia|88/100|[from] item: Leftovers
|upkeep
|turn|6
|
|t:|1650042230
|move|p1a: Lugia|Calm Mind|p1a: Lugia
|-boost|p1a: Lugia|spa|1
|-boost|p1a: Lugia|spd|1
|move|p2a: Shuckle|Encore|p1a: Lugia
|-start|p1a: Lugia|Encore
|
|-heal|p1a: Lugia|94/100|[from] item: Leftovers
|upkeep
|turn|7
|
|t:|1650042232
|switch|p2a: Cloyster|Cloyster, M|100/100
|move|p1a: Lugia|Calm Mind|p1a: Lugia
|-boost|p1a: Lugia|spa|1
|-boost|p1a: Lugia|spd|1
|
|-heal|p1a: Lugia|100/100|[from] item: Leftovers
|upkeep
|turn|8
|
|t:|1650042235
|move|p1a: Lugia|Calm Mind|p1a: Lugia
|-boost|p1a: Lugia|spa|1
|-boost|p1a: Lugia|spd|1
|move|p2a: Cloyster|Shell Smash|p2a: Cloyster
|-unboost|p2a: Cloyster|def|1
|-unboost|p2a: Cloyster|spd|1
|-boost|p2a: Cloyster|atk|2
|-boost|p2a: Cloyster|spa|2
|-boost|p2a: Cloyster|spe|2
|
|upkeep
|turn|9
|
|t:|1650042239
|move|p2a: Cloyster|Shell Smash|p2a: Cloyster
|-unboost|p2a: Cloyster|def|1
|-unboost|p2a: Cloyster|spd|1
|-boost|p2a: Cloyster|atk|2
|-boost|p2a: Cloyster|spa|2
|-boost|p2a: Cloyster|spe|2
|move|p1a: Lugia|Calm Mind|p1a: Lugia
|-boost|p1a: Lugia|spa|1
|-boost|p1a: Lugia|spd|1
|
|-end|p1a: Lugia|Encore
|upkeep
|turn|10
|
|t:|1650042242
|move|p2a: Cloyster|Icicle Spear|p1a: Lugia
|-supereffective|p1a: Lugia
|-end|p1a: Lugia|Substitute
|-supereffective|p1a: Lugia
|-damage|p1a: Lugia|50/100
|-supereffective|p1a: Lugia
|-damage|p1a: Lugia|0 fnt
|faint|p1a: Lugia
|-hitcount|p1: Lugia|3
|
|upkeep
|
|t:|1650042249
|switch|p1a: Necrozma|Necrozma-Dusk-Mane|100/100
|turn|11
|
|t:|1650042251
|move|p2a: Cloyster|Liquidation|p1a: Necrozma
|-damage|p1a: Necrozma|11/100
|-unboost|p1a: Necrozma|def|1
|move|p1a: Necrozma|Thunder Wave|p2a: Cloyster
|-status|p2a: Cloyster|par
|
|-heal|p1a: Necrozma|18/100|[from] item: Leftovers
|upkeep
|turn|12
|
|t:|1650042256
|move|p2a: Cloyster|Icicle Spear|p1a: Necrozma
|-resisted|p1a: Necrozma
|-damage|p1a: Necrozma|0 fnt
|faint|p1a: Necrozma
|-hitcount|p1: Necrozma|1
|
|upkeep
|
|t:|1650042259
|switch|p1a: Yveltal|Yveltal|100/100
|-ability|p1a: Yveltal|Dark Aura
|turn|13
|
|t:|1650042261
|move|p2a: Cloyster|Icicle Spear|p1a: Yveltal
|-supereffective|p1a: Yveltal
|-damage|p1a: Yveltal|49/100
|-supereffective|p1a: Yveltal
|-damage|p1a: Yveltal|0 fnt
|faint|p1a: Yveltal
|-hitcount|p1: Yveltal|2
|
|upkeep
|-message|Dun 26 forfeited.
|
|win|Nocterem
|raw|Dun 26's rating: 1662 &rarr; <strong>1632</strong><br />(-30 for losing)
|raw|Nocterem's rating: 1465 &rarr; <strong>1495</strong><br />(+30 for winning)
|l|☆Dun 26
