|raw|<div class="broadcast-blue"><strong>This battle is required to be public due to a player having a name starting with 'ult9ns'.</div>
|j|☆Ult9ns Kohli
|j|☆drakemaster524
|t:|1653384222
|gametype|singles
|player|p1|Ult9ns Kohli|ethan|1541
|player|p2|drakemaster524|lyra|1523
|teamsize|p1|6
|teamsize|p2|6
|gen|8
|tier|[Gen 8] Ubers
|rated|
|rule|Sleep Clause Mod: Limit one foe put to sleep
|rule|Species Clause: Limit one of each Pokémon
|rule|OHKO Clause: OHKO moves are banned
|rule|Evasion Moves Clause: Evasion moves are banned
|rule|Endless Battle Clause: Forcing endless battles is banned
|rule|HP Percentage Mod: HP is shown in percentages
|rule|Dynamax Clause: You cannot dynamax
|clearpoke
|poke|p1|Rayquaza|
|poke|p1|Calyrex-Shadow|
|poke|p1|Yveltal|
|poke|p1|Kyogre|
|poke|p1|Necrozma-Dusk-Mane|
|poke|p1|Slurpuff, M|
|poke|p2|Flygon, F|
|poke|p2|Xatu, M|
|poke|p2|Arcanine, F|
|poke|p2|Audino, M|
|poke|p2|Shedinja|
|poke|p2|Diancie|
|teampreview
|c|☆Ult9ns Kohli|epic
|c|☆drakemaster524|i got u in pity
|c|☆drakemaster524|:'(
|c|☆Ult9ns Kohli|i will just click x
|c|☆Ult9ns Kohli|tbh
|c|☆drakemaster524|huh
|c|☆drakemaster524|u gave up
|
|t:|1653384285
|start
|switch|p1a: Slurpuff|Slurpuff, M|100/100
|switch|p2a: Arcanine|Arcanine, F|100/100
|-ability|p2a: Arcanine|Intimidate|boost
|-unboost|p1a: Slurpuff|atk|1
|turn|1
|
|t:|1653384299
|move|p1a: Slurpuff|Misty Explosion|p2a: Arcanine
|-resisted|p2a: Arcanine
|-damage|p2a: Arcanine|79/100
|faint|p1a: Slurpuff
|move|p2a: Arcanine|Will-O-Wisp|p1: Slurpuff|[notarget]
|-fail|p2a: Arcanine
|
|upkeep
|
|t:|1653384315
|switch|p1a: Necrozma|Necrozma-Dusk-Mane|100/100
|turn|2
|
|t:|1653384320
|switch|p1a: Kyogre|Kyogre|100/100
|-weather|RainDance|[from] ability: Drizzle|[of] p1a: Kyogre
|move|p2a: Arcanine|Will-O-Wisp|p1a: Kyogre
|-status|p1a: Kyogre|brn
|
|-weather|RainDance|[upkeep]
|-damage|p1a: Kyogre|94/100 brn|[from] brn
|upkeep
|turn|3
|
|t:|1653384331
|switch|p1a: Rayquaza|Rayquaza|100/100
|-ability|p1a: Rayquaza|Air Lock
|move|p2a: Arcanine|Will-O-Wisp|p1a: Rayquaza|[miss]
|-miss|p2a: Arcanine|p1a: Rayquaza
|
|-weather|RainDance|[upkeep]
|upkeep
|turn|4
|c|☆drakemaster524|huh
|c|☆drakemaster524|lame
|
|t:|1653384339
|move|p1a: Rayquaza|Dragon Ascent|p2a: Arcanine
|-damage|p2a: Arcanine|29/100
|-unboost|p1a: Rayquaza|def|1
|-unboost|p1a: Rayquaza|spd|1
|-damage|p1a: Rayquaza|84/100|[from] item: Rocky Helmet|[of] p2a: Arcanine
|move|p2a: Arcanine|Will-O-Wisp|p1a: Rayquaza
|-status|p1a: Rayquaza|brn
|
|-weather|RainDance|[upkeep]
|-damage|p1a: Rayquaza|78/100 brn|[from] brn
|upkeep
|turn|5
|
|t:|1653384344
|move|p1a: Rayquaza|Dragon Ascent|p2a: Arcanine
|-damage|p2a: Arcanine|4/100
|-unboost|p1a: Rayquaza|def|1
|-unboost|p1a: Rayquaza|spd|1
|-damage|p1a: Rayquaza|61/100 brn|[from] item: Rocky Helmet|[of] p2a: Arcanine
|move|p2a: Arcanine|Morning Sun|p2a: Arcanine
|-heal|p2a: Arcanine|54/100
|
|-weather|RainDance|[upkeep]
|-damage|p1a: Rayquaza|55/100 brn|[from] brn
|upkeep
|turn|6
|
|t:|1653384347
|move|p1a: Rayquaza|Swords Dance|p1a: Rayquaza
|-boost|p1a: Rayquaza|atk|2
|move|p2a: Arcanine|Morning Sun|p2a: Arcanine
|-heal|p2a: Arcanine|100/100
|
|-weather|none
|-damage|p1a: Rayquaza|50/100 brn|[from] brn
|upkeep
|turn|7
|
|t:|1653384359
|move|p1a: Rayquaza|Dragon Ascent|p2a: Arcanine
|-damage|p2a: Arcanine|49/100
|-unboost|p1a: Rayquaza|def|1
|-unboost|p1a: Rayquaza|spd|1
|-damage|p1a: Rayquaza|33/100 brn|[from] item: Rocky Helmet|[of] p2a: Arcanine
|move|p2a: Arcanine|Flamethrower|p1a: Rayquaza
|-resisted|p1a: Rayquaza
|-damage|p1a: Rayquaza|0 fnt
|faint|p1a: Rayquaza
|
|upkeep
|
|t:|1653384376
|switch|p1a: Calyrex|Calyrex-Shadow|100/100
|-ability|p1a: Calyrex|As One
|-ability|p1a: Calyrex|Unnerve
|turn|8
|
|t:|1653384378
|switch|p2a: Audino|Audino, M|100/100
|move|p1a: Calyrex|Nasty Plot|p1a: Calyrex
|-boost|p1a: Calyrex|spa|2
|
|upkeep
|turn|9
|
|t:|1653384381
|move|p1a: Calyrex|Psyshock|p2a: Audino
|-damage|p2a: Audino|31/100
|move|p2a: Audino|Knock Off|p1a: Calyrex
|-supereffective|p1a: Calyrex
|-damage|p1a: Calyrex|34/100
|-enditem|p1a: Calyrex|Focus Sash|[from] move: Knock Off|[of] p2a: Audino
|
|-heal|p2a: Audino|37/100|[from] item: Leftovers
|upkeep
|turn|10
|
|t:|1653384386
|move|p1a: Calyrex|Psyshock|p2a: Audino
|-damage|p2a: Audino|0 fnt
|faint|p2a: Audino
|-ability|p1a: Calyrex|Grim Neigh|boost
|-boost|p1a: Calyrex|spa|1
|
|upkeep
|
|t:|1653384388
|switch|p2a: Shedinja|Shedinja|100/100
|turn|11
|
|t:|1653384391
|switch|p1a: Yveltal|Yveltal|100/100
|-ability|p1a: Yveltal|Dark Aura
|move|p2a: Shedinja|Will-O-Wisp|p1a: Yveltal
|-status|p1a: Yveltal|brn
|
|-damage|p1a: Yveltal|94/100 brn|[from] brn
|upkeep
|turn|12
|
|t:|1653384399
|switch|p1a: Calyrex|Calyrex-Shadow|34/100
|-ability|p1a: Calyrex|As One
|-ability|p1a: Calyrex|Unnerve
|move|p2a: Shedinja|Protect||[still]
|-fail|p2a: Shedinja
|
|upkeep
|turn|13
|
|t:|1653384407
|switch|p1a: Yveltal|Yveltal|94/100 brn
|-ability|p1a: Yveltal|Dark Aura
|switch|p2a: Diancie|Diancie|100/100
|
|-damage|p1a: Yveltal|88/100 brn|[from] brn
|upkeep
|turn|14
|
|t:|1653384419
|switch|p1a: Kyogre|Kyogre|94/100 brn
|-weather|RainDance|[from] ability: Drizzle|[of] p1a: Kyogre
|move|p2a: Diancie|Stealth Rock|p1a: Kyogre
|-sidestart|p1: Ult9ns Kohli|move: Stealth Rock
|
|-weather|RainDance|[upkeep]
|-damage|p1a: Kyogre|88/100 brn|[from] brn
|upkeep
|turn|15
|
|t:|1653384428
|switch|p1a: Necrozma|Necrozma-Dusk-Mane|100/100
|-damage|p1a: Necrozma|95/100|[from] Stealth Rock
|switch|p2a: Arcanine|Arcanine, F|49/100
|-ability|p2a: Arcanine|Intimidate|boost
|-unboost|p1a: Necrozma|atk|1
|
|-weather|RainDance|[upkeep]
|upkeep
|turn|16
|
|t:|1653384435
|switch|p1a: Kyogre|Kyogre|88/100 brn
|-damage|p1a: Kyogre|76/100 brn|[from] Stealth Rock
|move|p2a: Arcanine|Morning Sun|p2a: Arcanine
|-heal|p2a: Arcanine|74/100
|
|-weather|RainDance|[upkeep]
|-damage|p1a: Kyogre|70/100 brn|[from] brn
|upkeep
|turn|17
|
|t:|1653384441
|switch|p2a: Shedinja|Shedinja|100/100
|move|p1a: Kyogre|Origin Pulse|p2a: Shedinja
|-immune|p2a: Shedinja|[from] ability: Wonder Guard
|
|-weather|RainDance|[upkeep]
|-damage|p1a: Kyogre|64/100 brn|[from] brn
|upkeep
|turn|18
|
|t:|1653384445
|move|p1a: Kyogre|Origin Pulse|p2a: Shedinja
|-immune|p2a: Shedinja|[from] ability: Wonder Guard
|move|p2a: Shedinja|Will-O-Wisp|p1a: Kyogre
|-fail|p1a: Kyogre|brn
|
|-weather|none
|-damage|p1a: Kyogre|57/100 brn|[from] brn
|upkeep
|turn|19
|
|t:|1653384451
|move|p1a: Kyogre|Origin Pulse|p2a: Shedinja
|-immune|p2a: Shedinja|[from] ability: Wonder Guard
|move|p2a: Shedinja|Will-O-Wisp|p1a: Kyogre
|-fail|p1a: Kyogre|brn
|
|-damage|p1a: Kyogre|51/100 brn|[from] brn
|upkeep
|turn|20
|
|t:|1653384455
|switch|p1a: Yveltal|Yveltal|88/100 brn
|-ability|p1a: Yveltal|Dark Aura
|move|p2a: Shedinja|Swords Dance|p2a: Shedinja
|-boost|p2a: Shedinja|atk|2
|
|-damage|p1a: Yveltal|82/100 brn|[from] brn
|upkeep
|turn|21
|
|t:|1653384461
|move|p2a: Shedinja|Protect|p2a: Shedinja
|-singleturn|p2a: Shedinja|Protect
|move|p1a: Yveltal|Knock Off|p2a: Shedinja
|-activate|p2a: Shedinja|move: Protect
|
|-damage|p1a: Yveltal|76/100 brn|[from] brn
|upkeep
|turn|22
|
|t:|1653384465
|switch|p2a: Diancie|Diancie|100/100
|move|p1a: Yveltal|Knock Off|p2a: Diancie
|-resisted|p2a: Diancie
|-damage|p2a: Diancie|87/100
|-enditem|p2a: Diancie|Leftovers|[from] move: Knock Off|[of] p1a: Yveltal
|
|-damage|p1a: Yveltal|70/100 brn|[from] brn
|upkeep
|turn|23
|
|t:|1653384470
|switch|p1a: Necrozma|Necrozma-Dusk-Mane|95/100
|-damage|p1a: Necrozma|89/100|[from] Stealth Rock
|switch|p2a: Arcanine|Arcanine, F|74/100
|-ability|p2a: Arcanine|Intimidate|boost
|-unboost|p1a: Necrozma|atk|1
|
|upkeep
|turn|24
|
|t:|1653384476
|switch|p1a: Kyogre|Kyogre|51/100 brn
|-damage|p1a: Kyogre|39/100 brn|[from] Stealth Rock
|-weather|RainDance|[from] ability: Drizzle|[of] p1a: Kyogre
|move|p2a: Arcanine|Morning Sun|p2a: Arcanine
|-heal|p2a: Arcanine|99/100
|
|-weather|RainDance|[upkeep]
|-damage|p1a: Kyogre|33/100 brn|[from] brn
|upkeep
|turn|25
|
|t:|1653384479
|switch|p2a: Shedinja|Shedinja|100/100
|move|p1a: Kyogre|Origin Pulse|p2a: Shedinja
|-immune|p2a: Shedinja|[from] ability: Wonder Guard
|
|-weather|RainDance|[upkeep]
|-damage|p1a: Kyogre|27/100 brn|[from] brn
|upkeep
|turn|26
|
|t:|1653384482
|move|p1a: Kyogre|Origin Pulse|p2a: Shedinja
|-immune|p2a: Shedinja|[from] ability: Wonder Guard
|move|p2a: Shedinja|Swords Dance|p2a: Shedinja
|-boost|p2a: Shedinja|atk|2
|
|-weather|RainDance|[upkeep]
|-damage|p1a: Kyogre|20/100 brn|[from] brn
|upkeep
|turn|27
|
|t:|1653384485
|switch|p1a: Yveltal|Yveltal|70/100 brn
|-ability|p1a: Yveltal|Dark Aura
|move|p2a: Shedinja|Shadow Sneak|p1a: Yveltal
|-resisted|p1a: Yveltal
|-damage|p1a: Yveltal|55/100 brn
|
|-weather|RainDance|[upkeep]
|-damage|p1a: Yveltal|49/100 brn|[from] brn
|upkeep
|turn|28
|
|t:|1653384489
|switch|p2a: Diancie|Diancie|87/100
|move|p1a: Yveltal|Roost|p1a: Yveltal
|-heal|p1a: Yveltal|99/100 brn
|-singleturn|p1a: Yveltal|move: Roost
|
|-weather|none
|-damage|p1a: Yveltal|93/100 brn|[from] brn
|upkeep
|turn|29
|
|t:|1653384492
|move|p1a: Yveltal|Knock Off|p2a: Diancie
|-resisted|p2a: Diancie
|-damage|p2a: Diancie|78/100
|move|p2a: Diancie|Moonblast|p1a: Yveltal
|-supereffective|p1a: Yveltal
|-damage|p1a: Yveltal|39/100 brn
|-unboost|p1a: Yveltal|spa|1
|
|-damage|p1a: Yveltal|33/100 brn|[from] brn
|upkeep
|turn|30
|
|t:|1653384497
|move|p1a: Yveltal|Roost|p1a: Yveltal
|-heal|p1a: Yveltal|83/100 brn
|-singleturn|p1a: Yveltal|move: Roost
|move|p2a: Diancie|Moonblast|p1a: Yveltal
|-supereffective|p1a: Yveltal
|-damage|p1a: Yveltal|34/100 brn
|
|-damage|p1a: Yveltal|28/100 brn|[from] brn
|upkeep
|turn|31
|
|t:|1653384499
|move|p1a: Yveltal|Roost|p1a: Yveltal
|-heal|p1a: Yveltal|78/100 brn
|-singleturn|p1a: Yveltal|move: Roost
|move|p2a: Diancie|Moonblast|p1a: Yveltal
|-supereffective|p1a: Yveltal
|-damage|p1a: Yveltal|26/100 brn
|
|-damage|p1a: Yveltal|20/100 brn|[from] brn
|upkeep
|turn|32
|
|t:|1653384502
|move|p1a: Yveltal|Roost|p1a: Yveltal
|-heal|p1a: Yveltal|70/100 brn
|-singleturn|p1a: Yveltal|move: Roost
|move|p2a: Diancie|Moonblast|p1a: Yveltal
|-supereffective|p1a: Yveltal
|-damage|p1a: Yveltal|16/100 brn
|
|-damage|p1a: Yveltal|10/100 brn|[from] brn
|upkeep
|turn|33
|
|t:|1653384505
|move|p1a: Yveltal|Roost|p1a: Yveltal
|-heal|p1a: Yveltal|60/100 brn
|-singleturn|p1a: Yveltal|move: Roost
|move|p2a: Diancie|Moonblast|p1a: Yveltal
|-supereffective|p1a: Yveltal
|-damage|p1a: Yveltal|6/100 brn
|
|-damage|p1a: Yveltal|0 fnt|[from] brn
|faint|p1a: Yveltal
|upkeep
|
|t:|1653384507
|switch|p1a: Necrozma|Necrozma-Dusk-Mane|89/100
|-damage|p1a: Necrozma|83/100|[from] Stealth Rock
|turn|34
|
|t:|1653384510
|switch|p2a: Arcanine|Arcanine, F|99/100
|-ability|p2a: Arcanine|Intimidate|boost
|-unboost|p1a: Necrozma|atk|1
|move|p1a: Necrozma|Dragon Dance|p1a: Necrozma
|-boost|p1a: Necrozma|atk|1
|-boost|p1a: Necrozma|spe|1
|
|upkeep
|turn|35
|
|t:|1653384513
|move|p1a: Necrozma|Dragon Dance|p1a: Necrozma
|-boost|p1a: Necrozma|atk|1
|-boost|p1a: Necrozma|spe|1
|move|p2a: Arcanine|Will-O-Wisp|p1a: Necrozma
|-status|p1a: Necrozma|brn
|
|-damage|p1a: Necrozma|77/100 brn|[from] brn
|upkeep
|turn|36
|
|t:|1653384518
|move|p1a: Necrozma|Dragon Dance|p1a: Necrozma
|-boost|p1a: Necrozma|atk|1
|-boost|p1a: Necrozma|spe|1
|move|p2a: Arcanine|Flamethrower|p1a: Necrozma
|-supereffective|p1a: Necrozma
|-damage|p1a: Necrozma|35/100 brn
|
|-damage|p1a: Necrozma|29/100 brn|[from] brn
|upkeep
|turn|37
|
|t:|1653384522
|move|p1a: Necrozma|Earthquake|p2a: Arcanine
|-supereffective|p2a: Arcanine
|-crit|p2a: Arcanine
|-damage|p2a: Arcanine|0 fnt
|faint|p2a: Arcanine
|-damage|p1a: Necrozma|19/100 brn|[from] item: Life Orb
|
|-damage|p1a: Necrozma|13/100 brn|[from] brn
|upkeep
|
|t:|1653384524
|switch|p2a: Shedinja|Shedinja|100/100
|turn|38
|
|t:|1653384527
|move|p2a: Shedinja|Protect|p2a: Shedinja
|-singleturn|p2a: Shedinja|Protect
|move|p1a: Necrozma|Stone Edge|p2a: Shedinja
|-activate|p2a: Shedinja|move: Protect
|
|-damage|p1a: Necrozma|7/100 brn|[from] brn
|upkeep
|turn|39
|
|t:|1653384530
|move|p2a: Shedinja|Shadow Sneak|p1a: Necrozma
|-supereffective|p1a: Necrozma
|-damage|p1a: Necrozma|0 fnt
|faint|p1a: Necrozma
|
|upkeep
|
|t:|1653384533
|switch|p1a: Kyogre|Kyogre|20/100 brn
|-damage|p1a: Kyogre|8/100 brn|[from] Stealth Rock
|-weather|RainDance|[from] ability: Drizzle|[of] p1a: Kyogre
|turn|40
|
|t:|1653384535
|move|p2a: Shedinja|Shadow Sneak|p1a: Kyogre
|-damage|p1a: Kyogre|0 fnt
|faint|p1a: Kyogre
|
|-weather|RainDance|[upkeep]
|upkeep
|
|t:|1653384537
|switch|p1a: Calyrex|Calyrex-Shadow|34/100
|-ability|p1a: Calyrex|As One
|-ability|p1a: Calyrex|Unnerve
|-damage|p1a: Calyrex|21/100|[from] Stealth Rock
|turn|41
|
|t:|1653384538
|move|p2a: Shedinja|Shadow Sneak|p1a: Calyrex
|-supereffective|p1a: Calyrex
|-damage|p1a: Calyrex|0 fnt
|faint|p1a: Calyrex
|
|win|drakemaster524
|raw|Ult9ns Kohli's rating: 1541 &rarr; <strong>1520</strong><br />(-21 for losing)
|raw|drakemaster524's rating: 1523 &rarr; <strong>1544</strong><br />(+21 for winning)
|l|☆Ult9ns Kohli
