|raw|<div class="broadcast-blue"><strong>This battle is required to be public due to a player having a name starting with 'ult4pdr'.</div>
|j|☆Kage UwU
|j|☆ult4pdr Silk Road
|t:|1654338723
|gametype|singles
|player|p1|Kage UwU|169|1576
|player|p2|ult4pdr Silk Road|may|1624
|teamsize|p1|6
|teamsize|p2|6
|gen|8
|tier|[Gen 8] Ubers
|rated|
|rule|Sleep Clause Mod: Limit one foe put to sleep
|rule|Species Clause: Limit one of each Pokémon
|rule|OHKO Clause: OHKO moves are banned
|rule|Evasion Moves Clause: Evasion moves are banned
|rule|Endless Battle Clause: Forcing endless battles is banned
|rule|HP Percentage Mod: HP is shown in percentages
|rule|Dynamax Clause: You cannot dynamax
|clearpoke
|poke|p1|Xerneas-*|
|poke|p1|Yveltal|
|poke|p1|Necrozma-Dusk-Mane|
|poke|p1|Kyogre|
|poke|p1|Zygarde|
|poke|p1|Marshadow|
|poke|p2|Azelf|
|poke|p2|Yveltal|
|poke|p2|Eternatus|
|poke|p2|Palkia|
|poke|p2|Marshadow|
|poke|p2|Necrozma-Dusk-Mane|
|teampreview
|c|☆ult4pdr Silk Road|uwu?
|
|t:|1654338763
|start
|switch|p1a: Shinzou wo|Yveltal|100/100
|switch|p2a: Azelf|Azelf|100/100
|-ability|p1a: Shinzou wo|Dark Aura
|turn|1
|
|t:|1654338770
|move|p2a: Azelf|Thunder Wave|p1a: Shinzou wo
|-status|p1a: Shinzou wo|par
|move|p1a: Shinzou wo|Foul Play|p2a: Azelf
|-supereffective|p2a: Azelf
|-enditem|p2a: Azelf|Focus Sash
|-damage|p2a: Azelf|1/100
|
|upkeep
|turn|2
|j| Lioner
|
|t:|1654338778
|move|p2a: Azelf|Stealth Rock|p1a: Shinzou wo
|-sidestart|p1: Kage UwU|move: Stealth Rock
|cant|p1a: Shinzou wo|par
|
|upkeep
|turn|3
|
|t:|1654338782
|move|p2a: Azelf|Taunt|p1a: Shinzou wo
|-start|p1a: Shinzou wo|move: Taunt
|move|p1a: Shinzou wo|U-turn|p2a: Azelf
|-supereffective|p2a: Azelf
|-damage|p2a: Azelf|0 fnt
|faint|p2a: Azelf
|
|t:|1654338789
|switch|p1a: Susumu beki mirai|Kyogre|100/100|[from]move: U-turn
|-damage|p1a: Susumu beki mirai|88/100|[from] Stealth Rock
|-weather|RainDance|[from] ability: Drizzle|[of] p1a: Susumu beki mirai
|
|-weather|RainDance|[upkeep]
|-heal|p1a: Susumu beki mirai|94/100|[from] item: Leftovers
|upkeep
|
|t:|1654338798
|switch|p2a: Palkia|Palkia|100/100
|-ability|p2a: Palkia|Pressure
|turn|4
|
|t:|1654338808
|move|p2a: Palkia|Bulk Up|p2a: Palkia
|-boost|p2a: Palkia|atk|1
|-boost|p2a: Palkia|def|1
|move|p1a: Susumu beki mirai|Thunder|p2a: Palkia
|-damage|p2a: Palkia|72/100
|
|-weather|RainDance|[upkeep]
|-heal|p2a: Palkia|78/100|[from] item: Leftovers
|-heal|p1a: Susumu beki mirai|100/100|[from] item: Leftovers
|upkeep
|turn|5
|
|t:|1654338821
|move|p2a: Palkia|Liquidation|p1a: Susumu beki mirai
|-resisted|p1a: Susumu beki mirai
|-damage|p1a: Susumu beki mirai|77/100
|move|p1a: Susumu beki mirai|Calm Mind|p1a: Susumu beki mirai
|-boost|p1a: Susumu beki mirai|spa|1
|-boost|p1a: Susumu beki mirai|spd|1
|
|-weather|RainDance|[upkeep]
|-heal|p2a: Palkia|84/100|[from] item: Leftovers
|-heal|p1a: Susumu beki mirai|83/100|[from] item: Leftovers
|upkeep
|turn|6
|
|t:|1654338830
|move|p2a: Palkia|Liquidation|p1a: Susumu beki mirai
|-resisted|p1a: Susumu beki mirai
|-damage|p1a: Susumu beki mirai|58/100
|move|p1a: Susumu beki mirai|Calm Mind|p1a: Susumu beki mirai
|-boost|p1a: Susumu beki mirai|spa|1
|-boost|p1a: Susumu beki mirai|spd|1
|
|-weather|RainDance|[upkeep]
|-heal|p2a: Palkia|90/100|[from] item: Leftovers
|-heal|p1a: Susumu beki mirai|64/100|[from] item: Leftovers
|upkeep
|turn|7
|
|t:|1654338839
|move|p2a: Palkia|Bulk Up|p2a: Palkia
|-boost|p2a: Palkia|atk|1
|-boost|p2a: Palkia|def|1
|move|p1a: Susumu beki mirai|Calm Mind|p1a: Susumu beki mirai
|-boost|p1a: Susumu beki mirai|spa|1
|-boost|p1a: Susumu beki mirai|spd|1
|
|-weather|none
|-heal|p2a: Palkia|96/100|[from] item: Leftovers
|-heal|p1a: Susumu beki mirai|71/100|[from] item: Leftovers
|upkeep
|turn|8
|
|t:|1654338849
|move|p2a: Palkia|Scale Shot|p1a: Susumu beki mirai
|-damage|p1a: Susumu beki mirai|58/100
|-damage|p1a: Susumu beki mirai|45/100
|-damage|p1a: Susumu beki mirai|32/100
|-hitcount|p1a: Susumu beki mirai|3
|-unboost|p2a: Palkia|def|1
|-boost|p2a: Palkia|spe|1
|move|p1a: Susumu beki mirai|Ice Beam|p2a: Palkia
|-damage|p2a: Palkia|41/100
|
|-heal|p2a: Palkia|47/100|[from] item: Leftovers
|-heal|p1a: Susumu beki mirai|38/100|[from] item: Leftovers
|upkeep
|turn|9
|
|t:|1654338861
|move|p2a: Palkia|Scale Shot|p1a: Susumu beki mirai
|-crit|p1a: Susumu beki mirai
|-damage|p1a: Susumu beki mirai|18/100
|-damage|p1a: Susumu beki mirai|5/100
|-damage|p1a: Susumu beki mirai|0 fnt
|faint|p1a: Susumu beki mirai
|-hitcount|p1: Susumu beki mirai|3
|-unboost|p2a: Palkia|def|1
|-boost|p2a: Palkia|spe|1
|
|-heal|p2a: Palkia|54/100|[from] item: Leftovers
|upkeep
|
|t:|1654338872
|switch|p1a: kirihirake!|Marshadow|100/100
|-damage|p1a: kirihirake!|94/100|[from] Stealth Rock
|turn|10
|
|t:|1654338877
|move|p1a: kirihirake!|Shadow Sneak|p2a: Palkia
|-damage|p2a: Palkia|15/100
|move|p2a: Palkia|Liquidation|p1a: kirihirake!
|-damage|p1a: kirihirake!|6/100
|
|-heal|p2a: Palkia|21/100|[from] item: Leftovers
|upkeep
|turn|11
|
|t:|1654338883
|switch|p2a: Eternatus|Eternatus|100/100
|-ability|p2a: Eternatus|Pressure
|move|p1a: kirihirake!|Shadow Sneak|p2a: Eternatus
|-damage|p2a: Eternatus|76/100
|-damage|p1a: kirihirake!|0 fnt|[from] item: Rocky Helmet|[of] p2a: Eternatus
|faint|p1a: kirihirake!
|
|upkeep
|
|t:|1654338892
|switch|p1a: Shinzou wo|Yveltal|100/100 par
|-ability|p1a: Shinzou wo|Dark Aura
|turn|12
|
|t:|1654338896
|move|p2a: Eternatus|Dynamax Cannon|p1a: Shinzou wo
|-damage|p1a: Shinzou wo|74/100 par
|move|p1a: Shinzou wo|Defog|p2a: Eternatus
|-unboost|p2a: Eternatus|evasion|1
|-sideend|p1: Kage UwU|Stealth Rock|[from] move: Defog|[of] p1a: Shinzou wo
|
|upkeep
|turn|13
|
|t:|1654338904
|move|p2a: Eternatus|Dynamax Cannon|p1a: Shinzou wo
|-damage|p1a: Shinzou wo|49/100 par
|move|p1a: Shinzou wo|U-turn|p2a: Eternatus
|-resisted|p2a: Eternatus
|-damage|p2a: Eternatus|70/100
|-damage|p1a: Shinzou wo|32/100 par|[from] item: Rocky Helmet|[of] p2a: Eternatus
|
|t:|1654338910
|switch|p1a: Sasageyo!|Necrozma-Dusk-Mane|100/100|[from]move: U-turn
|
|upkeep
|turn|14
|
|t:|1654338917
|switch|p2a: Marshadow|Marshadow|100/100
|move|p1a: Sasageyo!|Thunder Wave|p2a: Marshadow
|-status|p2a: Marshadow|par
|
|upkeep
|turn|15
|j| ULT4PDR teqoufi.
|
|t:|1654338925
|move|p1a: Sasageyo!|Iron Head|p2a: Marshadow
|-damage|p2a: Marshadow|45/100 par
|move|p2a: Marshadow|Close Combat|p1a: Sasageyo!
|-damage|p1a: Sasageyo!|36/100
|-unboost|p2a: Marshadow|def|1
|-unboost|p2a: Marshadow|spd|1
|
|upkeep
|turn|16
|
|t:|1654338932
|move|p1a: Sasageyo!|Iron Head|p2a: Marshadow
|-damage|p2a: Marshadow|0 fnt
|faint|p2a: Marshadow
|
|upkeep
|
|t:|1654338934
|switch|p2a: Yveltal|Yveltal|100/100
|-ability|p2a: Yveltal|Dark Aura
|turn|17
|
|t:|1654338940
|switch|p1a: Shinzou wo|Yveltal|32/100 par
|-ability|p1a: Shinzou wo|Dark Aura
|move|p2a: Yveltal|Substitute|p2a: Yveltal
|-start|p2a: Yveltal|Substitute
|-damage|p2a: Yveltal|76/100
|
|upkeep
|turn|18
|j| ULT4PDR QLS
|
|t:|1654338947
|move|p2a: Yveltal|Oblivion Wing|p1a: Shinzou wo
|-damage|p1a: Shinzou wo|1/100 par
|-heal|p2a: Yveltal|100/100|[from] drain|[of] p1a: Shinzou wo
|-damage|p2a: Yveltal|91/100|[from] item: Life Orb
|cant|p1a: Shinzou wo|par
|
|upkeep
|turn|19
|
|t:|1654338955
|move|p2a: Yveltal|Oblivion Wing|p1a: Shinzou wo
|-damage|p1a: Shinzou wo|0 fnt
|-heal|p2a: Yveltal|91/100|[from] drain|[of] p1a: Shinzou wo
|faint|p1a: Shinzou wo
|-damage|p2a: Yveltal|81/100|[from] item: Life Orb
|
|upkeep
|
|t:|1654338963
|switch|p1a: wo sono te de|Zygarde|100/100
|turn|20
|
|t:|1654338966
|move|p2a: Yveltal|Dark Pulse|p1a: wo sono te de
|-damage|p1a: wo sono te de|30/100
|-damage|p2a: Yveltal|71/100|[from] item: Life Orb
|move|p1a: wo sono te de|Thousand Arrows|p2a: Yveltal
|-end|p2a: Yveltal|Substitute
|
|-heal|p1a: wo sono te de|37/100|[from] item: Leftovers
|-activate|p1a: wo sono te de|ability: Power Construct
|detailschange|p1a: wo sono te de|Zygarde-Complete
|-heal|p1a: wo sono te de|60/100|[silent]
|upkeep
|turn|21
|
|t:|1654338978
|move|p2a: Yveltal|Taunt|p1a: wo sono te de
|-start|p1a: wo sono te de|move: Taunt
|move|p1a: wo sono te de|Thousand Arrows|p2a: Yveltal
|-damage|p2a: Yveltal|31/100
|-start|p2a: Yveltal|Smack Down
|
|-heal|p1a: wo sono te de|67/100|[from] item: Leftovers
|upkeep
|turn|22
|
|t:|1654338987
|move|p2a: Yveltal|Oblivion Wing|p1a: wo sono te de
|-damage|p1a: wo sono te de|36/100
|-heal|p2a: Yveltal|64/100|[from] drain|[of] p1a: wo sono te de
|-damage|p2a: Yveltal|54/100|[from] item: Life Orb
|move|p1a: wo sono te de|Thousand Arrows|p2a: Yveltal
|-damage|p2a: Yveltal|17/100
|
|-heal|p1a: wo sono te de|42/100|[from] item: Leftovers
|upkeep
|turn|23
|
|t:|1654338997
|move|p2a: Yveltal|Dark Pulse|p1a: wo sono te de
|-damage|p1a: wo sono te de|2/100
|-damage|p2a: Yveltal|7/100|[from] item: Life Orb
|move|p1a: wo sono te de|Thousand Arrows|p2a: Yveltal
|-damage|p2a: Yveltal|0 fnt
|faint|p2a: Yveltal
|
|-heal|p1a: wo sono te de|8/100|[from] item: Leftovers
|-end|p1a: wo sono te de|move: Taunt
|upkeep
|
|t:|1654339011
|switch|p2a: Eternatus|Eternatus|70/100
|-ability|p2a: Eternatus|Pressure
|turn|24
|
|t:|1654339015
|move|p2a: Eternatus|Dynamax Cannon|p1a: wo sono te de
|-supereffective|p1a: wo sono te de
|-damage|p1a: wo sono te de|0 fnt
|faint|p1a: wo sono te de
|
|upkeep
|
|t:|1654339019
|switch|p1a: Sasageyo!Sasageyo!|Xerneas|100/100
|-ability|p1a: Sasageyo!Sasageyo!|Fairy Aura
|turn|25
|
|t:|1654339023
|move|p2a: Eternatus|Sludge Bomb|p1a: Sasageyo!Sasageyo!
|-supereffective|p1a: Sasageyo!Sasageyo!
|-damage|p1a: Sasageyo!Sasageyo!|40/100
|move|p1a: Sasageyo!Sasageyo!|Geomancy||[still]
|-prepare|p1a: Sasageyo!Sasageyo!|Geomancy
|-enditem|p1a: Sasageyo!Sasageyo!|Power Herb
|-anim|p1a: Sasageyo!Sasageyo!|Geomancy|p1a: Sasageyo!Sasageyo!
|-boost|p1a: Sasageyo!Sasageyo!|spa|2
|-boost|p1a: Sasageyo!Sasageyo!|spd|2
|-boost|p1a: Sasageyo!Sasageyo!|spe|2
|
|upkeep
|turn|26
|
|t:|1654339031
|move|p1a: Sasageyo!Sasageyo!|Moonblast|p2a: Eternatus
|-damage|p2a: Eternatus|0 fnt
|faint|p2a: Eternatus
|
|upkeep
|
|t:|1654339033
|switch|p2a: Necrozma|Necrozma-Dusk-Mane|100/100
|turn|27
|
|t:|1654339037
|move|p1a: Sasageyo!Sasageyo!|Thunder|p2a: Necrozma|[miss]
|-miss|p1a: Sasageyo!Sasageyo!|p2a: Necrozma
|move|p2a: Necrozma|Sunsteel Strike|p1a: Sasageyo!Sasageyo!
|-supereffective|p1a: Sasageyo!Sasageyo!
|-damage|p1a: Sasageyo!Sasageyo!|0 fnt
|faint|p1a: Sasageyo!Sasageyo!
|
|upkeep
|
|t:|1654339045
|switch|p1a: Sasageyo!|Necrozma-Dusk-Mane|36/100
|turn|28
|
|t:|1654339048
|move|p2a: Necrozma|Dragon Dance|p2a: Necrozma
|-boost|p2a: Necrozma|atk|1
|-boost|p2a: Necrozma|spe|1
|move|p1a: Sasageyo!|Moonlight|p1a: Sasageyo!
|-heal|p1a: Sasageyo!|86/100
|
|upkeep
|turn|29
|
|t:|1654339054
|move|p2a: Necrozma|Dragon Dance|p2a: Necrozma
|-boost|p2a: Necrozma|atk|1
|-boost|p2a: Necrozma|spe|1
|move|p1a: Sasageyo!|Thunder Wave|p2a: Necrozma
|-status|p2a: Necrozma|par
|
|upkeep
|turn|30
|
|t:|1654339060
|move|p2a: Necrozma|Dragon Dance|p2a: Necrozma
|-boost|p2a: Necrozma|atk|1
|-boost|p2a: Necrozma|spe|1
|move|p1a: Sasageyo!|Iron Head|p2a: Necrozma
|-resisted|p2a: Necrozma
|-damage|p2a: Necrozma|87/100 par
|
|-heal|p2a: Necrozma|93/100 par|[from] item: Leftovers
|upkeep
|turn|31
|-message|Kage UwU forfeited.
|
|win|ult4pdr Silk Road
|raw|Kage UwU's rating: 1576 &rarr; <strong>1559</strong><br />(-17 for losing)
|raw|ult4pdr Silk Road's rating: 1624 &rarr; <strong>1641</strong><br />(+17 for winning)
|l|☆Kage UwU
|l| ULT4PDR QLS
|c|☆ult4pdr Silk Road|uwu
|j| ULT4PDR lost
|l|☆ult4pdr Silk Road
