|j|☆Meminger21
|j|☆Rampant Fury
|t:|1639070379
|gametype|singles
|player|p1|Meminger21|liza|
|player|p2|Rampant Fury|lucas|
|teamsize|p1|6
|teamsize|p2|6
|gen|8
|tier|[Gen 8] Ubers
|rated|Tournament battle
|rule|Sleep Clause Mod: Limit one foe put to sleep
|rule|Species Clause: Limit one of each Pokémon
|rule|OHKO Clause: OHKO moves are banned
|rule|Evasion Moves Clause: Evasion moves are banned
|rule|Endless Battle Clause: Forcing endless battles is banned
|rule|HP Percentage Mod: HP is shown in percentages
|rule|Dynamax Clause: You cannot dynamax
|clearpoke
|poke|p1|Zekrom|
|poke|p1|Giratina-Origin|
|poke|p1|Yveltal|
|poke|p1|Necrozma-Dusk-Mane|
|poke|p1|Xerneas-*|
|poke|p1|Eternatus|
|poke|p2|Eternatus|
|poke|p2|Calyrex-Shadow|
|poke|p2|Yveltal|
|poke|p2|Xerneas-*|
|poke|p2|Zygarde|
|poke|p2|Necrozma-Dusk-Mane|
|teampreview
|c|☆Meminger21|hf
|c|☆Rampant Fury|you too
|
|t:|1639070399
|start
|switch|p1a: Zekrom|Zekrom|100/100
|switch|p2a: Yveltal|Yveltal|100/100
|-ability|p2a: Yveltal|Dark Aura
|-ability|p1a: Zekrom|Teravolt
|turn|1
|
|t:|1639070408
|move|p2a: Yveltal|Foul Play|p1a: Zekrom
|-damage|p1a: Zekrom|35/100
|move|p1a: Zekrom|Dragon Claw|p2a: Yveltal
|-damage|p2a: Yveltal|51/100
|-damage|p1a: Zekrom|25/100|[from] item: Life Orb
|
|upkeep
|turn|2
|
|t:|1639070417
|switch|p1a: Xerneas|Xerneas|100/100
|-ability|p1a: Xerneas|Fairy Aura
|move|p2a: Yveltal|Roost|p2a: Yveltal
|-heal|p2a: Yveltal|100/100
|-singleturn|p2a: Yveltal|move: Roost
|
|upkeep
|turn|3
|
|t:|1639070421
|switch|p2a: Necrozma|Necrozma-Dusk-Mane|100/100
|move|p1a: Xerneas|Moonblast|p2a: Necrozma
|-resisted|p2a: Necrozma
|-damage|p2a: Necrozma|82/100
|-unboost|p2a: Necrozma|spa|1
|
|-heal|p2a: Necrozma|88/100|[from] item: Leftovers
|upkeep
|turn|4
|
|t:|1639070425
|switch|p1a: Yveltal|Yveltal|100/100
|-ability|p1a: Yveltal|Dark Aura
|move|p2a: Necrozma|Stealth Rock|p1a: Yveltal
|-sidestart|p1: Meminger21|move: Stealth Rock
|
|-heal|p2a: Necrozma|94/100|[from] item: Leftovers
|upkeep
|turn|5
|
|t:|1639070428
|move|p1a: Yveltal|Defog|p2a: Necrozma
|-unboost|p2a: Necrozma|evasion|1
|-sideend|p1: Meminger21|Stealth Rock|[from] move: Defog|[of] p1a: Yveltal
|move|p2a: Necrozma|Thunder Wave|p1a: Yveltal
|-status|p1a: Yveltal|par
|
|-heal|p2a: Necrozma|99/100|[from] item: Leftovers
|upkeep
|turn|6
|
|t:|1639070432
|move|p2a: Necrozma|Iron Head|p1a: Yveltal
|-damage|p1a: Yveltal|70/100 par
|cant|p1a: Yveltal|flinch
|
|-heal|p2a: Necrozma|100/100|[from] item: Leftovers
|upkeep
|turn|7
|
|t:|1639070435
|move|p2a: Necrozma|Stealth Rock|p1a: Yveltal
|-sidestart|p1: Meminger21|move: Stealth Rock
|move|p1a: Yveltal|Roost|p1a: Yveltal
|-heal|p1a: Yveltal|100/100 par
|-singleturn|p1a: Yveltal|move: Roost
|
|upkeep
|turn|8
|
|t:|1639070440
|move|p2a: Necrozma|Iron Head|p1a: Yveltal
|-damage|p1a: Yveltal|67/100 par
|move|p1a: Yveltal|Knock Off|p2a: Necrozma
|-supereffective|p2a: Necrozma
|-damage|p2a: Necrozma|38/100
|-enditem|p2a: Necrozma|Leftovers|[from] move: Knock Off|[of] p1a: Yveltal
|
|upkeep
|turn|9
|
|t:|1639070443
|move|p2a: Necrozma|Morning Sun|p2a: Necrozma
|-heal|p2a: Necrozma|88/100
|move|p1a: Yveltal|Defog|p2a: Necrozma
|-unboost|p2a: Necrozma|evasion|1
|-sideend|p1: Meminger21|Stealth Rock|[from] move: Defog|[of] p1a: Yveltal
|
|upkeep
|turn|10
|
|t:|1639070446
|switch|p1a: Zekrom|Zekrom|25/100
|-ability|p1a: Zekrom|Teravolt
|move|p2a: Necrozma|Stealth Rock|p1a: Zekrom
|-sidestart|p1: Meminger21|move: Stealth Rock
|
|upkeep
|turn|11
|
|t:|1639070449
|switch|p2a: Eternatus|Eternatus|100/100
|-ability|p2a: Eternatus|Pressure
|move|p1a: Zekrom|Roost|p1a: Zekrom
|-heal|p1a: Zekrom|75/100
|-singleturn|p1a: Zekrom|move: Roost
|
|upkeep
|turn|12
|
|t:|1639070455
|switch|p2a: Calyrex|Calyrex-Shadow|100/100
|-ability|p2a: Calyrex|As One
|-ability|p2a: Calyrex|Unnerve
|switch|p1a: Necrozma|Necrozma-Dusk-Mane|100/100
|-damage|p1a: Necrozma|94/100|[from] Stealth Rock
|
|-heal|p1a: Necrozma|100/100|[from] item: Leftovers
|upkeep
|turn|13
|
|t:|1639070462
|switch|p1a: Eternatus|Eternatus|100/100
|-damage|p1a: Eternatus|88/100|[from] Stealth Rock
|-ability|p1a: Eternatus|Pressure
|move|p2a: Calyrex|Substitute|p2a: Calyrex
|-start|p2a: Calyrex|Substitute
|-damage|p2a: Calyrex|76/100
|
|-heal|p2a: Calyrex|82/100|[from] item: Leftovers
|upkeep
|turn|14
|
|t:|1639070468
|move|p2a: Calyrex|Leech Seed|p1a: Eternatus
|-start|p1a: Eternatus|move: Leech Seed
|move|p1a: Eternatus|Dynamax Cannon|p2a: Calyrex
|-crit|p2a: Calyrex
|-end|p2a: Calyrex|Substitute
|
|-heal|p2a: Calyrex|88/100|[from] item: Leftovers
|-damage|p1a: Eternatus|76/100|[from] Leech Seed|[of] p2a: Calyrex
|-heal|p2a: Calyrex|100/100|[silent]
|upkeep
|turn|15
|
|t:|1639070482
|switch|p1a: Xerneas|Xerneas|100/100
|-damage|p1a: Xerneas|88/100|[from] Stealth Rock
|-ability|p1a: Xerneas|Fairy Aura
|move|p2a: Calyrex|Substitute|p2a: Calyrex
|-start|p2a: Calyrex|Substitute
|-damage|p2a: Calyrex|76/100
|
|-heal|p2a: Calyrex|82/100|[from] item: Leftovers
|upkeep
|turn|16
|
|t:|1639070486
|move|p1a: Xerneas|Moonblast|p2a: Calyrex
|-end|p2a: Calyrex|Substitute
|move|p2a: Calyrex|Astral Barrage|p1a: Xerneas
|-damage|p1a: Xerneas|21/100
|
|-heal|p2a: Calyrex|88/100|[from] item: Leftovers
|upkeep
|turn|17
|
|t:|1639070492
|switch|p1a: Zekrom|Zekrom|75/100
|-damage|p1a: Zekrom|63/100|[from] Stealth Rock
|-ability|p1a: Zekrom|Teravolt
|switch|p2a: Necrozma|Necrozma-Dusk-Mane|88/100
|
|upkeep
|turn|18
|
|t:|1639070502
|switch|p1a: Necrozma|Necrozma-Dusk-Mane|100/100
|-damage|p1a: Necrozma|94/100|[from] Stealth Rock
|switch|p2a: Xerneas|Xerneas|100/100
|-ability|p2a: Xerneas|Fairy Aura
|-item|p2a: Xerneas|Air Balloon
|
|-heal|p1a: Necrozma|100/100|[from] item: Leftovers
|upkeep
|turn|19
|
|t:|1639070504
|switch|p2a: Zygarde|Zygarde|100/100
|move|p1a: Necrozma|Stealth Rock|p2a: Zygarde
|-sidestart|p2: Rampant Fury|move: Stealth Rock
|
|upkeep
|turn|20
|
|t:|1639070515
|switch|p1a: Yveltal|Yveltal|67/100 par
|-ability|p1a: Yveltal|Dark Aura
|move|p2a: Zygarde|Thousand Waves|p1a: Yveltal
|-immune|p1a: Yveltal
|
|upkeep
|turn|21
|
|t:|1639070521
|move|p2a: Zygarde|Coil|p2a: Zygarde
|-boost|p2a: Zygarde|atk|1
|-boost|p2a: Zygarde|def|1
|-boost|p2a: Zygarde|accuracy|1
|move|p1a: Yveltal|U-turn|p2a: Zygarde
|-crit|p2a: Zygarde
|-damage|p2a: Zygarde|85/100
|
|t:|1639070525
|switch|p1a: Eternatus|Eternatus|76/100|[from]move: U-turn
|-damage|p1a: Eternatus|63/100|[from] Stealth Rock
|-ability|p1a: Eternatus|Pressure
|
|-heal|p2a: Zygarde|92/100|[from] item: Leftovers
|upkeep
|turn|22
|
|t:|1639070545
|move|p1a: Eternatus|Dynamax Cannon|p2a: Zygarde
|-supereffective|p2a: Zygarde
|-damage|p2a: Zygarde|18/100
|move|p2a: Zygarde|Thousand Waves|p1a: Eternatus
|-supereffective|p1a: Eternatus
|-damage|p1a: Eternatus|0 fnt
|faint|p1a: Eternatus
|
|-heal|p2a: Zygarde|24/100|[from] item: Leftovers
|-activate|p2a: Zygarde|ability: Power Construct
|detailschange|p2a: Zygarde|Zygarde-Complete
|-heal|p2a: Zygarde|50/100|[silent]
|upkeep
|
|t:|1639070560
|switch|p1a: Giratina|Giratina-Origin|100/100
|-damage|p1a: Giratina|88/100|[from] Stealth Rock
|turn|23
|
|t:|1639070567
|move|p1a: Giratina|Draco Meteor|p2a: Zygarde
|-supereffective|p2a: Zygarde
|-crit|p2a: Zygarde
|-damage|p2a: Zygarde|0 fnt
|-unboost|p1a: Giratina|spa|2
|faint|p2a: Zygarde
|
|upkeep
|
|t:|1639070570
|switch|p2a: Yveltal|Yveltal|100/100
|-ability|p2a: Yveltal|Dark Aura
|turn|24
|
|t:|1639070576
|switch|p1a: Yveltal|Yveltal|67/100 par
|-ability|p1a: Yveltal|Dark Aura
|move|p2a: Yveltal|U-turn|p1a: Yveltal
|-damage|p1a: Yveltal|53/100 par
|
|t:|1639070584
|switch|p2a: Calyrex|Calyrex-Shadow|88/100|[from]move: U-turn
|-ability|p2a: Calyrex|As One
|-ability|p2a: Calyrex|Unnerve
|-damage|p2a: Calyrex|76/100|[from] Stealth Rock
|
|-heal|p2a: Calyrex|82/100|[from] item: Leftovers
|upkeep
|turn|25
|
|t:|1639070587
|move|p2a: Calyrex|Substitute|p2a: Calyrex
|-start|p2a: Calyrex|Substitute
|-damage|p2a: Calyrex|57/100
|cant|p1a: Yveltal|par
|
|-heal|p2a: Calyrex|63/100|[from] item: Leftovers
|upkeep
|turn|26
|
|t:|1639070591
|move|p2a: Calyrex|Leech Seed|p1a: Yveltal
|-start|p1a: Yveltal|move: Leech Seed
|move|p1a: Yveltal|Knock Off|p2a: Calyrex
|-supereffective|p2a: Calyrex
|-end|p2a: Calyrex|Substitute
|
|-heal|p2a: Calyrex|69/100|[from] item: Leftovers
|-damage|p1a: Yveltal|40/100 par|[from] Leech Seed|[of] p2a: Calyrex
|-heal|p2a: Calyrex|86/100|[silent]
|upkeep
|turn|27
|
|t:|1639070593
|move|p2a: Calyrex|Substitute|p2a: Calyrex
|-start|p2a: Calyrex|Substitute
|-damage|p2a: Calyrex|61/100
|move|p1a: Yveltal|Knock Off|p2a: Calyrex
|-supereffective|p2a: Calyrex
|-end|p2a: Calyrex|Substitute
|
|-heal|p2a: Calyrex|67/100|[from] item: Leftovers
|-damage|p1a: Yveltal|28/100 par|[from] Leech Seed|[of] p2a: Calyrex
|-heal|p2a: Calyrex|84/100|[silent]
|upkeep
|turn|28
|
|t:|1639070595
|move|p2a: Calyrex|Substitute|p2a: Calyrex
|-start|p2a: Calyrex|Substitute
|-damage|p2a: Calyrex|59/100
|cant|p1a: Yveltal|par
|
|-heal|p2a: Calyrex|65/100|[from] item: Leftovers
|-damage|p1a: Yveltal|15/100 par|[from] Leech Seed|[of] p2a: Calyrex
|-heal|p2a: Calyrex|82/100|[silent]
|upkeep
|turn|29
|
|t:|1639070598
|move|p2a: Calyrex|Astral Barrage|p1a: Yveltal
|-resisted|p1a: Yveltal
|-damage|p1a: Yveltal|0 fnt
|faint|p1a: Yveltal
|-ability|p2a: Calyrex|Grim Neigh|boost
|-boost|p2a: Calyrex|spa|1
|
|-heal|p2a: Calyrex|88/100|[from] item: Leftovers
|upkeep
|
|t:|1639070604
|switch|p1a: Xerneas|Xerneas|21/100
|-damage|p1a: Xerneas|9/100|[from] Stealth Rock
|-ability|p1a: Xerneas|Fairy Aura
|turn|30
|
|t:|1639070610
|move|p1a: Xerneas|Moonblast|p2a: Calyrex
|-end|p2a: Calyrex|Substitute
|move|p2a: Calyrex|Astral Barrage|p1a: Xerneas
|-damage|p1a: Xerneas|0 fnt
|faint|p1a: Xerneas
|-ability|p2a: Calyrex|Grim Neigh|boost
|-boost|p2a: Calyrex|spa|1
|
|-heal|p2a: Calyrex|94/100|[from] item: Leftovers
|upkeep
|
|t:|1639070614
|switch|p1a: Giratina|Giratina-Origin|88/100
|-damage|p1a: Giratina|76/100|[from] Stealth Rock
|turn|31
|
|t:|1639070622
|move|p1a: Giratina|Shadow Sneak|p2a: Calyrex
|-supereffective|p2a: Calyrex
|-damage|p2a: Calyrex|6/100
|move|p2a: Calyrex|Astral Barrage|p1a: Giratina
|-supereffective|p1a: Giratina
|-damage|p1a: Giratina|0 fnt
|faint|p1a: Giratina
|-ability|p2a: Calyrex|Grim Neigh|boost
|-boost|p2a: Calyrex|spa|1
|
|-heal|p2a: Calyrex|12/100|[from] item: Leftovers
|upkeep
|c|☆Meminger21|gg
|c|☆Rampant Fury|gg
|-message|Meminger21 forfeited.
|
|win|Rampant Fury
|n|☆Meminger21|meminger21
|n|☆Rampant Fury|rampantfury
