|j|☆neptune732
|j|☆rooopos
|t:|1601441493
|player|p1|neptune732|2|1470
|player|p2|rooopos|bertha|1279
|teamsize|p1|6
|teamsize|p2|6
|gametype|singles
|gen|8
|tier|[Gen 8] Ubers
|rated|
|clearpoke
|poke|p1|Torkoal, M|
|poke|p1|Charizard, M|
|poke|p1|Reshiram|
|poke|p1|Zacian-Crowned|
|poke|p1|Shiftry, M|
|poke|p1|Eternatus|
|poke|p2|Tyranitar, M|
|poke|p2|Excadrill, M|
|poke|p2|Gothitelle, M|
|poke|p2|Eternatus|
|poke|p2|Zacian-Crowned|
|poke|p2|Quagsire, M|
|rule|Sleep Clause Mod: Limit one foe put to sleep
|rule|Species Clause: Limit one of each Pokémon
|rule|OHKO Clause: OHKO moves are banned
|rule|Evasion Moves Clause: Evasion moves are banned
|rule|Endless Battle Clause: Forcing endless battles is banned
|rule|HP Percentage Mod: HP is shown in percentages
|html|Ubers Dynamax Clause: Pokémon on the <a href="https://www.smogon.com/dex/ss/formats/uber/">Ubers Dynamax Banlist</a> cannot Dynamax.
|teampreview
|
|t:|1601441511
|start
|switch|p1a: Torkoal|Torkoal, M|100/100
|switch|p2a: Gothitelle|Gothitelle, M|100/100
|-weather|SunnyDay|[from] ability: Drought|[of] p1a: Torkoal
|turn|1
|
|t:|1601441524
|move|p2a: Gothitelle|Psychic|p1a: Torkoal
|-damage|p1a: Torkoal|21/100
|move|p1a: Torkoal|Stealth Rock|p2a: Gothitelle
|-sidestart|p2: rooopos|move: Stealth Rock
|
|-weather|SunnyDay|[upkeep]
|upkeep
|turn|2
|
|t:|1601441540
|move|p2a: Gothitelle|Psychic|p1a: Torkoal
|-damage|p1a: Torkoal|0 fnt
|faint|p1a: Torkoal
|
|-weather|SunnyDay|[upkeep]
|upkeep
|
|t:|1601441547
|switch|p1a: Shiftry|Shiftry, M|100/100
|turn|3
|
|t:|1601441555
|switch|p2a: Eternatus|Eternatus|100/100
|-damage|p2a: Eternatus|88/100|[from] Stealth Rock
|-ability|p2a: Eternatus|Pressure
|move|p1a: Shiftry|Knock Off|p2a: Eternatus
|-damage|p2a: Eternatus|52/100
|-enditem|p2a: Eternatus|Payapa Berry|[from] move: Knock Off|[of] p1a: Shiftry
|-damage|p1a: Shiftry|91/100|[from] item: Life Orb
|
|-weather|SunnyDay|[upkeep]
|upkeep
|turn|4
|
|t:|1601441600
|switch|p2a: Tyranitar|Tyranitar, M|100/100
|-damage|p2a: Tyranitar|88/100|[from] Stealth Rock
|-weather|Sandstorm|[from] ability: Sand Stream|[of] p2a: Tyranitar
|move|p1a: Shiftry|Explosion|p2a: Tyranitar
|-resisted|p2a: Tyranitar
|-crit|p2a: Tyranitar
|-damage|p2a: Tyranitar|25/100
|faint|p1a: Shiftry
|
|-weather|Sandstorm|[upkeep]
|upkeep
|c|☆rooopos|bruh
|
|t:|1601441621
|switch|p1a: Reshiram|Reshiram|100/100
|-ability|p1a: Reshiram|Turboblaze
|turn|5
|
|t:|1601441630
|move|p1a: Reshiram|Earth Power|p2a: Tyranitar
|-supereffective|p2a: Tyranitar
|-damage|p2a: Tyranitar|0 fnt
|faint|p2a: Tyranitar
|
|-weather|Sandstorm|[upkeep]
|-damage|p1a: Reshiram|94/100|[from] Sandstorm
|upkeep
|
|t:|1601441636
|switch|p2a: Excadrill|Excadrill, M|100/100
|-damage|p2a: Excadrill|97/100|[from] Stealth Rock
|turn|6
|
|t:|1601441642
|-start|p2a: Excadrill|Dynamax
|-heal|p2a: Excadrill|97/100|[silent]
|move|p2a: Excadrill|Max Quake|p1a: Reshiram
|-supereffective|p1a: Reshiram
|-damage|p1a: Reshiram|0 fnt
|-boost|p2a: Excadrill|spd|1
|-damage|p2a: Excadrill|92/100|[from] item: Life Orb
|faint|p1a: Reshiram
|
|-weather|Sandstorm|[upkeep]
|upkeep
|
|t:|1601441668
|switch|p1a: Zacian|Zacian-Crowned|100/100
|-ability|p1a: Zacian|Intrepid Sword|boost
|-boost|p1a: Zacian|atk|1
|turn|7
|
|t:|1601441673
|switch|p1a: Charizard|Charizard, M|100/100
|move|p2a: Excadrill|Max Quake|p1a: Charizard
|-immune|p1a: Charizard
|
|-weather|Sandstorm|[upkeep]
|-damage|p1a: Charizard|94/100|[from] Sandstorm
|upkeep
|turn|8
|
|t:|1601441685
|switch|p1a: Zacian|Zacian-Crowned|100/100
|-ability|p1a: Zacian|Intrepid Sword|boost
|-boost|p1a: Zacian|atk|1
|move|p2a: Excadrill|Max Rockfall|p1a: Zacian
|-resisted|p1a: Zacian
|-damage|p1a: Zacian|73/100
|-damage|p2a: Excadrill|87/100|[from] item: Life Orb
|
|-weather|Sandstorm|[upkeep]
|-end|p2a: Excadrill|Dynamax
|-heal|p2a: Excadrill|87/100|[silent]
|upkeep
|turn|9
|
|t:|1601441712
|switch|p1a: Charizard|Charizard, M|94/100
|move|p2a: Excadrill|Earthquake|p1a: Charizard
|-immune|p1a: Charizard
|
|-weather|Sandstorm|[upkeep]
|-damage|p1a: Charizard|88/100|[from] Sandstorm
|upkeep
|turn|10
|
|t:|1601441719
|switch|p1a: Zacian|Zacian-Crowned|73/100
|-ability|p1a: Zacian|Intrepid Sword|boost
|-boost|p1a: Zacian|atk|1
|move|p2a: Excadrill|Earthquake|p1a: Zacian
|-supereffective|p1a: Zacian
|-damage|p1a: Zacian|0 fnt
|-damage|p2a: Excadrill|78/100|[from] item: Life Orb
|faint|p1a: Zacian
|
|-weather|Sandstorm|[upkeep]
|upkeep
|
|t:|1601441730
|switch|p1a: Eternatus|Eternatus|100/100
|-ability|p1a: Eternatus|Pressure
|turn|11
|
|t:|1601441737
|move|p2a: Excadrill|Earthquake|p1a: Eternatus
|-supereffective|p1a: Eternatus
|-damage|p1a: Eternatus|0 fnt
|-damage|p2a: Excadrill|68/100|[from] item: Life Orb
|faint|p1a: Eternatus
|
|-weather|none
|upkeep
|
|t:|1601441743
|switch|p1a: Charizard|Charizard, M|88/100
|turn|12
|
|t:|1601441751
|-start|p1a: Charizard|Dynamax
|-formechange|p1a: Charizard|Charizard-Gmax
|-heal|p1a: Charizard|88/100|[silent]
|move|p1a: Charizard|G-Max Wildfire|p2a: Excadrill
|-supereffective|p2a: Excadrill
|-damage|p2a: Excadrill|0 fnt
|-sidestart|p2: rooopos|G-Max Wildfire
|-damage|p1a: Charizard|83/100|[from] item: Life Orb
|faint|p2a: Excadrill
|
|upkeep
|
|t:|1601441762
|switch|p2a: Gothitelle|Gothitelle, M|100/100
|-damage|p2a: Gothitelle|88/100|[from] Stealth Rock
|turn|13
|
|t:|1601441767
|move|p1a: Charizard|Max Airstream|p2a: Gothitelle
|-damage|p2a: Gothitelle|0 fnt
|-boost|p1a: Charizard|spe|1
|-damage|p1a: Charizard|79/100|[from] item: Life Orb
|faint|p2a: Gothitelle
|
|upkeep
|
|t:|1601441772
|switch|p2a: Quagsire|Quagsire, M|100/100
|-damage|p2a: Quagsire|94/100|[from] Stealth Rock
|turn|14
|
|t:|1601441781
|move|p1a: Charizard|Max Airstream|p2a: Quagsire
|-damage|p2a: Quagsire|0 fnt
|-boost|p1a: Charizard|spe|1
|-damage|p1a: Charizard|74/100|[from] item: Life Orb
|faint|p2a: Quagsire
|
|-end|p1a: Charizard|Dynamax
|-formechange|p1a: Charizard|Charizard
|-heal|p1a: Charizard|74/100|[silent]
|upkeep
|
|t:|1601441791
|switch|p2a: Eternatus|Eternatus|52/100
|-damage|p2a: Eternatus|40/100|[from] Stealth Rock
|-ability|p2a: Eternatus|Pressure
|turn|15
|
|t:|1601441797
|move|p1a: Charizard|Dragon Pulse|p2a: Eternatus
|-supereffective|p2a: Eternatus
|-damage|p2a: Eternatus|0 fnt
|-damage|p1a: Charizard|64/100|[from] item: Life Orb
|faint|p2a: Eternatus
|
|-sideend|p2: rooopos|G-Max Wildfire
|upkeep
|
|t:|1601441804
|switch|p2a: Zacian|Zacian-Crowned|100/100
|-damage|p2a: Zacian|94/100|[from] Stealth Rock
|-ability|p2a: Zacian|Intrepid Sword|boost
|-boost|p2a: Zacian|atk|1
|turn|16
|
|t:|1601441811
|move|p1a: Charizard|Fire Blast|p2a: Zacian
|-supereffective|p2a: Zacian
|-damage|p2a: Zacian|0 fnt
|-damage|p1a: Charizard|54/100|[from] item: Life Orb
|faint|p2a: Zacian
|
|win|neptune732
|raw|neptune732's rating: 1470 &rarr; <strong>1480</strong><br />(+10 for winning)
|raw|rooopos's rating: 1279 &rarr; <strong>1266</strong><br />(-13 for losing)
