|j|☆DreamPrince
|j|☆I Crit My Panties
|t:|1614160565
|player|p1|DreamPrince|acetrainersnow|1567
|player|p2|I Crit My Panties|170|1432
|teamsize|p1|6
|teamsize|p2|6
|gametype|singles
|gen|8
|tier|[Gen 8] Ubers
|rated|
|clearpoke
|poke|p1|Dialga|
|poke|p1|Necrozma-Dusk-Mane|
|poke|p1|Calyrex-Ice|
|poke|p1|Dracovish|
|poke|p1|Porygon2|
|poke|p1|Kyogre|
|poke|p2|Yveltal|
|poke|p2|Necrozma-Dusk-Mane|
|poke|p2|Eternatus|
|poke|p2|Xerneas|
|poke|p2|Ho-Oh|
|poke|p2|Calyrex-Shadow|
|rule|Sleep Clause Mod: Limit one foe put to sleep
|rule|Species Clause: Limit one of each Pokémon
|rule|OHKO Clause: OHKO moves are banned
|rule|Evasion Moves Clause: Evasion moves are banned
|rule|Endless Battle Clause: Forcing endless battles is banned
|rule|HP Percentage Mod: HP is shown in percentages
|rule|Dynamax Clause: You cannot dynamax
|teampreview
|
|t:|1614160578
|start
|switch|p1a: Dialga|Dialga|100/100
|switch|p2a: Necrozma|Necrozma-Dusk-Mane|100/100
|-ability|p1a: Dialga|Pressure
|turn|1
|
|t:|1614160585
|move|p2a: Necrozma|Earthquake|p1a: Dialga
|-supereffective|p1a: Dialga
|-damage|p1a: Dialga|49/100
|move|p1a: Dialga|Stealth Rock|p2a: Necrozma
|-sidestart|p2: I Crit My Panties|move: Stealth Rock
|
|upkeep
|turn|2
|
|t:|1614160594
|switch|p1a: Porygon2|Porygon2|100/100
|-ability|p1a: Porygon2|Download|boost
|-boost|p1a: Porygon2|spa|1
|move|p2a: Necrozma|Earthquake|p1a: Porygon2
|-damage|p1a: Porygon2|84/100
|
|upkeep
|turn|3
|
|t:|1614160601
|move|p2a: Necrozma|Stealth Rock|p1a: Porygon2
|-sidestart|p1: DreamPrince|move: Stealth Rock
|move|p1a: Porygon2|Trick Room|p1a: Porygon2
|-fieldstart|move: Trick Room|[of] p1a: Porygon2
|
|upkeep
|turn|4
|
|t:|1614160612
|move|p2a: Necrozma|Earthquake|p1a: Porygon2
|-damage|p1a: Porygon2|68/100
|move|p1a: Porygon2|Teleport|p1a: Porygon2
|
|t:|1614160614
|switch|p1a: Dracovish|Dracovish|100/100|[from]move: Teleport
|-damage|p1a: Dracovish|88/100|[from] Stealth Rock
|
|upkeep
|turn|5
|
|t:|1614160618
|move|p1a: Dracovish|Fishious Rend|p2a: Necrozma
|-damage|p2a: Necrozma|19/100
|-damage|p1a: Dracovish|72/100|[from] item: Rocky Helmet|[of] p2a: Necrozma
|move|p2a: Necrozma|Earthquake|p1a: Dracovish
|-damage|p1a: Dracovish|43/100
|
|upkeep
|turn|6
|
|t:|1614160630
|switch|p2a: Eternatus|Eternatus|100/100
|-damage|p2a: Eternatus|88/100|[from] Stealth Rock
|-ability|p2a: Eternatus|Pressure
|move|p1a: Dracovish|Fishious Rend|p2a: Eternatus
|-resisted|p2a: Eternatus
|-damage|p2a: Eternatus|22/100
|
|-heal|p2a: Eternatus|28/100|[from] item: Black Sludge
|upkeep
|turn|7
|
|t:|1614160640
|switch|p2a: Necrozma|Necrozma-Dusk-Mane|19/100
|-damage|p2a: Necrozma|13/100|[from] Stealth Rock
|move|p1a: Dracovish|Fishious Rend|p2a: Necrozma
|-damage|p2a: Necrozma|0 fnt
|-damage|p1a: Dracovish|27/100|[from] item: Rocky Helmet|[of] p2a: Necrozma
|faint|p2a: Necrozma
|
|-fieldend|move: Trick Room
|upkeep
|
|t:|1614160648
|switch|p2a: Eternatus|Eternatus|28/100
|-damage|p2a: Eternatus|16/100|[from] Stealth Rock
|-ability|p2a: Eternatus|Pressure
|turn|8
|
|t:|1614160654
|switch|p1a: Calyrex|Calyrex-Ice|100/100
|-ability|p1a: Calyrex|As One
|-ability|p1a: Calyrex|Unnerve|p2: I Crit My Panties
|move|p2a: Eternatus|Recover|p2a: Eternatus
|-heal|p2a: Eternatus|66/100
|
|-heal|p2a: Eternatus|72/100|[from] item: Black Sludge
|upkeep
|turn|9
|
|t:|1614160662
|switch|p2a: Ho-Oh|Ho-Oh|100/100
|move|p1a: Calyrex|Trick Room|p1a: Calyrex
|-fieldstart|move: Trick Room|[of] p1a: Calyrex
|
|upkeep
|turn|10
|
|t:|1614160668
|switch|p1a: Kyogre|Kyogre|100/100
|-damage|p1a: Kyogre|88/100|[from] Stealth Rock
|-weather|RainDance|[from] ability: Drizzle|[of] p1a: Kyogre
|move|p2a: Ho-Oh|Whirlwind|p1a: Kyogre
|drag|p1a: Calyrex|Calyrex-Ice|100/100
|-ability|p1a: Calyrex|As One
|-ability|p1a: Calyrex|Unnerve|p2: I Crit My Panties
|
|-weather|RainDance|[upkeep]
|upkeep
|turn|11
|j| olpy123
|
|t:|1614160676
|move|p1a: Calyrex|Glacial Lance|p2a: Ho-Oh
|-crit|p2a: Ho-Oh
|-damage|p2a: Ho-Oh|12/100
|move|p2a: Ho-Oh|Thunder Wave|p1a: Calyrex
|-status|p1a: Calyrex|par
|
|-weather|RainDance|[upkeep]
|upkeep
|turn|12
|
|t:|1614160682
|switch|p2a: Xerneas|Xerneas|100/100
|-damage|p2a: Xerneas|88/100|[from] Stealth Rock
|-ability|p2a: Xerneas|Fairy Aura
|move|p1a: Calyrex|Glacial Lance|p2a: Xerneas
|-damage|p2a: Xerneas|41/100
|
|-weather|RainDance|[upkeep]
|-heal|p2a: Xerneas|47/100|[from] item: Leftovers
|upkeep
|turn|13
|
|t:|1614160686
|move|p1a: Calyrex|Glacial Lance|p2a: Xerneas
|-damage|p2a: Xerneas|0 fnt
|faint|p2a: Xerneas
|-ability|p1a: Calyrex|Chilling Neigh|boost
|-boost|p1a: Calyrex|atk|1
|
|-weather|RainDance|[upkeep]
|-fieldend|move: Trick Room
|upkeep
|
|t:|1614160688
|switch|p2a: Calyrex|Calyrex-Shadow|100/100
|-ability|p2a: Calyrex|As One
|-ability|p2a: Calyrex|Unnerve|p1: DreamPrince
|-damage|p2a: Calyrex|88/100|[from] Stealth Rock
|turn|14
|
|t:|1614160694
|move|p2a: Calyrex|Trick|p1a: Calyrex
|-activate|p2a: Calyrex|move: Trick|[of] p1a: Calyrex
|-item|p1a: Calyrex|Choice Scarf|[from] move: Trick
|-item|p2a: Calyrex|Heavy-Duty Boots|[from] move: Trick
|move|p1a: Calyrex|Glacial Lance|p2a: Calyrex
|-damage|p2a: Calyrex|0 fnt
|faint|p2a: Calyrex
|-ability|p1a: Calyrex|Chilling Neigh|boost
|-boost|p1a: Calyrex|atk|1
|
|-weather|none
|upkeep
|-message|I Crit My Panties forfeited.
|
|win|DreamPrince
|l|☆I Crit My Panties
|raw|DreamPrince's rating: 1567 &rarr; <strong>1579</strong><br />(+12 for winning)
|raw|I Crit My Panties's rating: 1419 &rarr; <strong>1407</strong><br />(-12 for losing)
