|j|☆SUPER_CJYAJIN
|j|☆nachocheesedude
|t:|1634317295
|gametype|singles
|player|p1|SUPER_CJYAJIN|ash|1400
|player|p2|nachocheesedude|cameraman|1382
|teamsize|p1|6
|teamsize|p2|6
|gen|8
|tier|[Gen 8] Ubers
|rated|
|rule|Sleep Clause Mod: Limit one foe put to sleep
|rule|Species Clause: Limit one of each Pokémon
|rule|OHKO Clause: OHKO moves are banned
|rule|Evasion Moves Clause: Evasion moves are banned
|rule|Endless Battle Clause: Forcing endless battles is banned
|rule|HP Percentage Mod: HP is shown in percentages
|rule|Dynamax Clause: You cannot dynamax
|clearpoke
|poke|p1|Necrozma-Dusk-Mane|
|poke|p1|Calyrex-Shadow|
|poke|p1|Ho-Oh|
|poke|p1|Eternatus|
|poke|p1|Marshadow|
|poke|p1|Yveltal|
|poke|p2|Groudon|
|poke|p2|Kyogre|
|poke|p2|Necrozma-Dusk-Mane|
|poke|p2|Eternatus|
|poke|p2|Xerneas-*|
|poke|p2|Ho-Oh|
|teampreview
|
|t:|1634317320
|start
|switch|p1a: Eternatus|Eternatus|100/100
|switch|p2a: Where my orb at|Groudon|100/100
|-ability|p1a: Eternatus|Pressure
|-weather|SunnyDay|[from] ability: Drought|[of] p2a: Where my orb at
|turn|1
|
|t:|1634317329
|move|p1a: Eternatus|Toxic Spikes|p2a: Where my orb at
|-sidestart|p2: nachocheesedude|move: Toxic Spikes
|move|p2a: Where my orb at|Stealth Rock|p1a: Eternatus
|-sidestart|p1: SUPER_CJYAJIN|move: Stealth Rock
|
|-weather|SunnyDay|[upkeep]
|upkeep
|turn|2
|
|t:|1634317334
|switch|p1a: Ho-Oh|Ho-Oh|100/100
|move|p2a: Where my orb at|Earthquake|p1a: Ho-Oh
|-immune|p1a: Ho-Oh
|
|-weather|SunnyDay|[upkeep]
|upkeep
|turn|3
|
|t:|1634317345
|move|p1a: Ho-Oh|Sacred Fire|p2a: Where my orb at
|-damage|p2a: Where my orb at|61/100
|-status|p2a: Where my orb at|brn
|move|p2a: Where my orb at|Thunder Wave|p1a: Ho-Oh
|-status|p1a: Ho-Oh|par
|
|-weather|SunnyDay|[upkeep]
|-heal|p2a: Where my orb at|67/100 brn|[from] item: Leftovers
|-damage|p2a: Where my orb at|61/100 brn|[from] brn
|upkeep
|turn|4
|
|t:|1634317360
|move|p1a: Ho-Oh|Brave Bird|p2a: Where my orb at
|-damage|p2a: Where my orb at|30/100 brn
|-damage|p1a: Ho-Oh|90/100 par|[from] Recoil
|move|p2a: Where my orb at|Roar|p1a: Ho-Oh
|drag|p1a: Marshadow|Marshadow|100/100
|-damage|p1a: Marshadow|94/100|[from] Stealth Rock
|
|-weather|SunnyDay|[upkeep]
|-heal|p2a: Where my orb at|36/100 brn|[from] item: Leftovers
|-damage|p2a: Where my orb at|30/100 brn|[from] brn
|upkeep
|turn|5
|
|t:|1634317371
|move|p1a: Marshadow|Spectral Thief|p2a: Where my orb at
|-damage|p2a: Where my orb at|0 fnt
|faint|p2a: Where my orb at
|-damage|p1a: Marshadow|84/100|[from] item: Life Orb
|
|-weather|none
|upkeep
|
|t:|1634317379
|switch|p2a: Rathian|Eternatus|100/100
|-sideend|p2: nachocheesedude|move: Toxic Spikes|[of] p2a: Rathian
|-ability|p2a: Rathian|Pressure
|turn|6
|
|t:|1634317388
|switch|p1a: Ho-Oh|Ho-Oh|100/100 par
|move|p2a: Rathian|Dynamax Cannon|p1a: Ho-Oh
|-damage|p1a: Ho-Oh|69/100 par
|
|upkeep
|turn|7
|
|t:|1634317396
|move|p2a: Rathian|Toxic Spikes|p1a: Ho-Oh
|-sidestart|p1: SUPER_CJYAJIN|move: Toxic Spikes
|move|p1a: Ho-Oh|Defog|p2a: Rathian
|-unboost|p2a: Rathian|evasion|1
|-sideend|p1: SUPER_CJYAJIN|Toxic Spikes|[from] move: Defog|[of] p1a: Ho-Oh
|-sideend|p1: SUPER_CJYAJIN|Stealth Rock|[from] move: Defog|[of] p1a: Ho-Oh
|
|upkeep
|turn|8
|
|t:|1634317403
|switch|p2a: Smash Mouth|Kyogre|100/100
|-weather|RainDance|[from] ability: Drizzle|[of] p2a: Smash Mouth
|switch|p1a: Necrozma|Necrozma-Dusk-Mane|100/100
|
|-weather|RainDance|[upkeep]
|upkeep
|turn|9
|
|t:|1634317410
|switch|p1a: Eternatus|Eternatus|100/100
|-ability|p1a: Eternatus|Pressure
|move|p2a: Smash Mouth|Scald|p1a: Eternatus
|-resisted|p1a: Eternatus
|-damage|p1a: Eternatus|84/100
|
|-weather|RainDance|[upkeep]
|-heal|p1a: Eternatus|91/100|[from] item: Black Sludge
|upkeep
|turn|10
|
|t:|1634317420
|move|p1a: Eternatus|Toxic Spikes|p2a: Smash Mouth
|-sidestart|p2: nachocheesedude|move: Toxic Spikes
|move|p2a: Smash Mouth|Ice Beam|p1a: Eternatus
|-supereffective|p1a: Eternatus
|-damage|p1a: Eternatus|58/100
|
|-weather|RainDance|[upkeep]
|-heal|p1a: Eternatus|65/100|[from] item: Black Sludge
|upkeep
|turn|11
|
|t:|1634317427
|move|p1a: Eternatus|Dynamax Cannon|p2a: Smash Mouth
|-damage|p2a: Smash Mouth|72/100
|move|p2a: Smash Mouth|Thunder|p1a: Eternatus
|-resisted|p1a: Eternatus
|-crit|p1a: Eternatus
|-damage|p1a: Eternatus|48/100
|
|-weather|RainDance|[upkeep]
|-heal|p1a: Eternatus|54/100|[from] item: Black Sludge
|-heal|p2a: Smash Mouth|78/100|[from] item: Leftovers
|upkeep
|turn|12
|
|t:|1634317435
|move|p1a: Eternatus|Recover|p1a: Eternatus
|-heal|p1a: Eternatus|100/100
|move|p2a: Smash Mouth|Thunder|p1a: Eternatus
|-resisted|p1a: Eternatus
|-damage|p1a: Eternatus|90/100
|-status|p1a: Eternatus|par
|
|-weather|none
|-heal|p2a: Smash Mouth|84/100|[from] item: Leftovers
|-heal|p1a: Eternatus|97/100 par|[from] item: Black Sludge
|upkeep
|turn|13
|
|t:|1634317445
|move|p2a: Smash Mouth|Ice Beam|p1a: Eternatus
|-supereffective|p1a: Eternatus
|-damage|p1a: Eternatus|63/100 par
|cant|p1a: Eternatus|par
|
|-heal|p2a: Smash Mouth|90/100|[from] item: Leftovers
|-heal|p1a: Eternatus|69/100 par|[from] item: Black Sludge
|upkeep
|turn|14
|
|t:|1634317452
|switch|p1a: Ho-Oh|Ho-Oh|100/100 par
|move|p2a: Smash Mouth|Ice Beam|p1a: Ho-Oh
|-damage|p1a: Ho-Oh|87/100 par
|
|-heal|p2a: Smash Mouth|96/100|[from] item: Leftovers
|upkeep
|turn|15
|
|t:|1634317460
|switch|p1a: Eternatus|Eternatus|69/100 par
|-ability|p1a: Eternatus|Pressure
|move|p2a: Smash Mouth|Origin Pulse|p1a: Eternatus
|-resisted|p1a: Eternatus
|-damage|p1a: Eternatus|54/100 par
|
|-heal|p2a: Smash Mouth|100/100|[from] item: Leftovers
|-heal|p1a: Eternatus|60/100 par|[from] item: Black Sludge
|upkeep
|turn|16
|
|t:|1634317469
|switch|p2a: Rathian|Eternatus|100/100
|-sideend|p2: nachocheesedude|move: Toxic Spikes|[of] p2a: Rathian
|-ability|p2a: Rathian|Pressure
|cant|p1a: Eternatus|par
|
|-heal|p1a: Eternatus|66/100 par|[from] item: Black Sludge
|upkeep
|turn|17
|
|t:|1634317476
|switch|p1a: Yveltal|Yveltal|100/100
|-ability|p1a: Yveltal|Dark Aura
|move|p2a: Rathian|Dynamax Cannon|p1a: Yveltal
|-damage|p1a: Yveltal|36/100
|
|upkeep
|turn|18
|
|t:|1634317484
|move|p1a: Yveltal|Sucker Punch|p2a: Rathian
|-damage|p2a: Rathian|47/100
|-damage|p1a: Yveltal|26/100|[from] item: Life Orb
|move|p2a: Rathian|Sludge Bomb|p1a: Yveltal
|-damage|p1a: Yveltal|0 fnt
|faint|p1a: Yveltal
|
|upkeep
|
|t:|1634317490
|switch|p1a: Calyrex|Calyrex-Shadow|100/100
|-ability|p1a: Calyrex|As One
|-ability|p1a: Calyrex|Unnerve
|turn|19
|
|t:|1634317504
|switch|p2a: Smash Mouth|Kyogre|100/100
|-weather|RainDance|[from] ability: Drizzle|[of] p2a: Smash Mouth
|move|p1a: Calyrex|Astral Barrage|p2a: Smash Mouth
|-damage|p2a: Smash Mouth|40/100
|-damage|p1a: Calyrex|91/100|[from] item: Life Orb
|
|-weather|RainDance|[upkeep]
|-heal|p2a: Smash Mouth|46/100|[from] item: Leftovers
|upkeep
|turn|20
|
|t:|1634317514
|move|p1a: Calyrex|Astral Barrage|p2a: Smash Mouth
|-damage|p2a: Smash Mouth|0 fnt
|faint|p2a: Smash Mouth
|-ability|p1a: Calyrex|Grim Neigh|boost
|-boost|p1a: Calyrex|spa|1
|-damage|p1a: Calyrex|81/100|[from] item: Life Orb
|
|-weather|RainDance|[upkeep]
|upkeep
|
|t:|1634317525
|switch|p2a: Ho-Oh|Ho-Oh|100/100
|turn|21
|
|t:|1634317530
|move|p1a: Calyrex|Psyshock|p2a: Ho-Oh
|-damage|p2a: Ho-Oh|14/100
|-damage|p1a: Calyrex|71/100|[from] item: Life Orb
|move|p2a: Ho-Oh|Brave Bird|p1a: Calyrex
|-damage|p1a: Calyrex|0 fnt
|faint|p1a: Calyrex
|-damage|p2a: Ho-Oh|0 fnt|[from] Recoil
|faint|p2a: Ho-Oh
|
|-weather|RainDance|[upkeep]
|upkeep
|
|t:|1634317543
|switch|p1a: Necrozma|Necrozma-Dusk-Mane|100/100
|switch|p2a: Bambi|Xerneas|100/100
|-ability|p2a: Bambi|Fairy Aura
|turn|22
|
|t:|1634317549
|move|p2a: Bambi|Thunder Wave|p1a: Necrozma|[miss]
|-miss|p2a: Bambi|p1a: Necrozma
|move|p1a: Necrozma|Sunsteel Strike|p2a: Bambi
|-supereffective|p2a: Bambi
|-damage|p2a: Bambi|38/100
|
|-weather|RainDance|[upkeep]
|upkeep
|turn|23
|
|t:|1634317560
|move|p2a: Bambi|Thunder Wave|p1a: Necrozma
|-status|p1a: Necrozma|par
|move|p1a: Necrozma|Thunder Wave|p2a: Bambi
|-status|p2a: Bambi|par
|
|-weather|none
|upkeep
|turn|24
|
|t:|1634317567
|move|p2a: Bambi|Moonblast|p1a: Necrozma
|-resisted|p1a: Necrozma
|-damage|p1a: Necrozma|79/100 par
|move|p1a: Necrozma|Stealth Rock|p2a: Bambi
|-sidestart|p2: nachocheesedude|move: Stealth Rock
|
|upkeep
|turn|25
|
|t:|1634317577
|switch|p1a: Ho-Oh|Ho-Oh|100/100 par
|move|p2a: Bambi|Moonblast|p1a: Ho-Oh
|-resisted|p1a: Ho-Oh
|-damage|p1a: Ho-Oh|88/100 par
|-unboost|p1a: Ho-Oh|spa|1
|
|upkeep
|turn|26
|
|t:|1634317585
|move|p2a: Bambi|Aromatherapy|p2a: Bambi
|-activate|p2a: Bambi|move: Aromatherapy
|-curestatus|p2a: Bambi|par|[msg]
|cant|p1a: Ho-Oh|par
|
|upkeep
|turn|27
|
|t:|1634317598
|move|p2a: Bambi|Moonblast|p1a: Ho-Oh
|-resisted|p1a: Ho-Oh
|-damage|p1a: Ho-Oh|76/100 par
|cant|p1a: Ho-Oh|par
|
|upkeep
|turn|28
|
|t:|1634317610
|move|p2a: Bambi|Moonblast|p1a: Ho-Oh
|-resisted|p1a: Ho-Oh
|-damage|p1a: Ho-Oh|64/100 par
|-unboost|p1a: Ho-Oh|spa|1
|cant|p1a: Ho-Oh|par
|
|upkeep
|turn|29
|
|t:|1634317617
|move|p2a: Bambi|Moonblast|p1a: Ho-Oh
|-resisted|p1a: Ho-Oh
|-damage|p1a: Ho-Oh|52/100 par
|-unboost|p1a: Ho-Oh|spa|1
|cant|p1a: Ho-Oh|par
|
|upkeep
|turn|30
|
|t:|1634317623
|move|p2a: Bambi|Moonblast|p1a: Ho-Oh
|-resisted|p1a: Ho-Oh
|-damage|p1a: Ho-Oh|40/100 par
|move|p1a: Ho-Oh|Roost|p1a: Ho-Oh
|-heal|p1a: Ho-Oh|90/100 par
|-singleturn|p1a: Ho-Oh|move: Roost
|
|upkeep
|turn|31
|
|t:|1634317633
|move|p2a: Bambi|Moonblast|p1a: Ho-Oh
|-resisted|p1a: Ho-Oh
|-damage|p1a: Ho-Oh|79/100 par
|move|p1a: Ho-Oh|Brave Bird|p2a: Bambi
|-damage|p2a: Bambi|10/100
|-damage|p1a: Ho-Oh|69/100 par|[from] Recoil
|
|upkeep
|turn|32
|
|t:|1634317643
|move|p2a: Bambi|Moonblast|p1a: Ho-Oh
|-resisted|p1a: Ho-Oh
|-damage|p1a: Ho-Oh|56/100 par
|move|p1a: Ho-Oh|Sacred Fire|p2a: Bambi
|-damage|p2a: Bambi|0 fnt
|faint|p2a: Bambi
|
|upkeep
|
|t:|1634317651
|switch|p2a: Necros|Necrozma-Dusk-Mane|100/100
|-damage|p2a: Necros|95/100|[from] Stealth Rock
|turn|33
|
|t:|1634317657
|switch|p1a: Necrozma|Necrozma-Dusk-Mane|79/100 par
|move|p2a: Necros|Photon Geyser|p1a: Necrozma
|-resisted|p1a: Necrozma
|-crit|p1a: Necrozma
|-damage|p1a: Necrozma|65/100 par
|
|upkeep
|turn|34
|
|t:|1634317669
|move|p2a: Necros|Earthquake|p1a: Necrozma
|-supereffective|p1a: Necrozma
|-damage|p1a: Necrozma|27/100 par
|move|p1a: Necrozma|Thunder Wave|p2a: Necros
|-status|p2a: Necros|par
|
|upkeep
|turn|35
|
|t:|1634317678
|move|p2a: Necros|Rock Polish|p2a: Necros
|-boost|p2a: Necros|spe|2
|move|p1a: Necrozma|Morning Sun|p1a: Necrozma
|-heal|p1a: Necrozma|77/100 par
|
|upkeep
|turn|36
|
|t:|1634317692
|switch|p1a: Ho-Oh|Ho-Oh|89/100 par
|move|p2a: Necros|Rock Polish|p2a: Necros
|-boost|p2a: Necros|spe|2
|
|upkeep
|turn|37
|
|t:|1634317698
|move|p2a: Necros|Photon Geyser|p1a: Ho-Oh
|-damage|p1a: Ho-Oh|35/100 par
|move|p1a: Ho-Oh|Sacred Fire|p2a: Necros
|-supereffective|p2a: Necros
|-damage|p2a: Necros|37/100 par
|-enditem|p2a: Necros|Weakness Policy
|-boost|p2a: Necros|atk|2|[from] item: Weakness Policy
|-boost|p2a: Necros|spa|2|[from] item: Weakness Policy
|
|upkeep
|turn|38
|
|t:|1634317711
|switch|p1a: Necrozma|Necrozma-Dusk-Mane|77/100 par
|move|p2a: Necros|Photon Geyser|p1a: Necrozma
|-resisted|p1a: Necrozma
|-damage|p1a: Necrozma|61/100 par
|
|upkeep
|turn|39
|
|t:|1634317718
|move|p2a: Necros|Earthquake|p1a: Necrozma
|-supereffective|p1a: Necrozma
|-damage|p1a: Necrozma|0 fnt
|faint|p1a: Necrozma
|
|upkeep
|
|t:|1634317722
|switch|p1a: Marshadow|Marshadow|84/100
|turn|40
|
|t:|1634317730
|move|p1a: Marshadow|Shadow Sneak|p2a: Necros
|-supereffective|p2a: Necros
|-damage|p2a: Necros|0 fnt
|faint|p2a: Necros
|-damage|p1a: Marshadow|74/100|[from] item: Life Orb
|
|upkeep
|
|t:|1634317734
|switch|p2a: Rathian|Eternatus|47/100
|-damage|p2a: Rathian|34/100|[from] Stealth Rock
|-ability|p2a: Rathian|Pressure
|turn|41
|
|t:|1634317739
|move|p2a: Rathian|Dynamax Cannon|p1a: Marshadow
|-damage|p1a: Marshadow|0 fnt
|faint|p1a: Marshadow
|
|upkeep
|
|t:|1634317747
|switch|p1a: Ho-Oh|Ho-Oh|68/100 par
|turn|42
|
|t:|1634317753
|move|p2a: Rathian|Dynamax Cannon|p1a: Ho-Oh
|-damage|p1a: Ho-Oh|38/100 par
|move|p1a: Ho-Oh|Roost|p1a: Ho-Oh
|-heal|p1a: Ho-Oh|88/100 par
|-singleturn|p1a: Ho-Oh|move: Roost
|
|upkeep
|turn|43
|
|t:|1634317765
|move|p2a: Rathian|Dynamax Cannon|p1a: Ho-Oh
|-damage|p1a: Ho-Oh|58/100 par
|move|p1a: Ho-Oh|Sacred Fire|p2a: Rathian
|-resisted|p2a: Rathian
|-damage|p2a: Rathian|16/100
|-status|p2a: Rathian|brn
|
|-damage|p2a: Rathian|10/100 brn|[from] brn
|upkeep
|turn|44
|-message|nachocheesedude forfeited.
|
|win|SUPER_CJYAJIN
|raw|SUPER_CJYAJIN's rating: 1400 &rarr; <strong>1419</strong><br />(+19 for winning)
|raw|nachocheesedude's rating: 1382 &rarr; <strong>1363</strong><br />(-19 for losing)
|l|☆nachocheesedude
||Ladder isn't responding, score probably updated but might not have (Request timeout).
|c|☆SUPER_CJYAJIN|Segunda luta feito no PC, e Segunda VITÓRIA!!!
