|j|☆ray712
|j|☆ubersohneubers
|player|p1|ray712|ethan|1525
|player|p2|ubersohneubers|cheryl|1754
|teamsize|p1|6
|teamsize|p2|6
|gametype|singles
|gen|8
|tier|[Gen 8] Ubers
|rated|
|clearpoke
|poke|p1|Dracovish|
|poke|p1|Seismitoad, F|
|poke|p1|Togekiss, M|
|poke|p1|Snorlax, M|
|poke|p1|Corviknight, M|
|poke|p1|Dugtrio, M|
|poke|p2|Corviknight, F|
|poke|p2|Eternatus|
|poke|p2|Gothitelle, M|
|poke|p2|Dugtrio, M|
|poke|p2|Umbreon, M|
|poke|p2|Darmanitan-Galar, F|
|rule|Sleep Clause Mod: Limit one foe put to sleep
|rule|Species Clause: Limit one of each Pokémon
|rule|OHKO Clause: OHKO moves are banned
|rule|Evasion Moves Clause: Evasion moves are banned
|rule|Endless Battle Clause: Forcing endless battles is banned
|rule|HP Percentage Mod: HP is shown in percentages
|teampreview
|
|start
|switch|p1a: Seismitoad|Seismitoad, F|100/100
|switch|p2a: Darmanitan|Darmanitan-Galar, F|100/100
|turn|1
|
|switch|p1a: Snorlax|Snorlax, M|100/100
|move|p2a: Darmanitan|Icicle Crash|p1a: Snorlax
|-damage|p1a: Snorlax|68/100
|
|-heal|p1a: Snorlax|74/100|[from] item: Leftovers
|upkeep
|turn|2
|
|switch|p2a: Corviknight|Corviknight, F|100/100
|-ability|p2a: Corviknight|Pressure
|move|p1a: Snorlax|Body Slam|p2a: Corviknight
|-resisted|p2a: Corviknight
|-damage|p2a: Corviknight|90/100
|-damage|p1a: Snorlax|57/100|[from] item: Rocky Helmet|[of] p2a: Corviknight
|
|-heal|p1a: Snorlax|63/100|[from] item: Leftovers
|upkeep
|turn|3
|
|move|p2a: Corviknight|U-turn|p1a: Snorlax
|-damage|p1a: Snorlax|50/100
|
|switch|p2a: Eternatus|Eternatus|100/100|[from]move: U-turn
|-ability|p2a: Eternatus|Pressure
|move|p1a: Snorlax|Rest|p1a: Snorlax
|-status|p1a: Snorlax|slp|[from] move: Rest
|-heal|p1a: Snorlax|100/100 slp|[silent]
|
|upkeep
|turn|4
|
|switch|p2a: Corviknight|Corviknight, F|90/100
|-ability|p2a: Corviknight|Pressure
|cant|p1a: Snorlax|slp
|
|upkeep
|turn|5
|
|switch|p1a: Corviknight|Corviknight, M|100/100
|-ability|p1a: Corviknight|Pressure
|move|p2a: Corviknight|Body Press|p1a: Corviknight
|-damage|p1a: Corviknight|85/100
|-damage|p2a: Corviknight|74/100|[from] item: Rocky Helmet|[of] p1a: Corviknight
|
|upkeep
|turn|6
|inactive|Battle timer is ON: inactive players will automatically lose when time's up. (requested by ubersohneubers)
|
|switch|p1a: Dracovish|Dracovish|100/100
|move|p2a: Corviknight|Roost|p2a: Corviknight
|-heal|p2a: Corviknight|100/100
|-singleturn|p2a: Corviknight|move: Roost
|
|upkeep
|turn|7
|
|switch|p2a: Eternatus|Eternatus|100/100
|-ability|p2a: Eternatus|Pressure
|move|p1a: Dracovish|Fishious Rend|p2a: Eternatus
|-resisted|p2a: Eternatus
|-damage|p2a: Eternatus|52/100
|
|upkeep
|turn|8
|
|switch|p1a: Snorlax|Snorlax, M|100/100 slp
|move|p2a: Eternatus|Recover|p2a: Eternatus
|-heal|p2a: Eternatus|100/100
|
|upkeep
|turn|9
|
|switch|p2a: Corviknight|Corviknight, F|100/100
|-ability|p2a: Corviknight|Pressure
|cant|p1a: Snorlax|slp
|
|upkeep
|turn|10
|
|switch|p1a: Corviknight|Corviknight, M|85/100
|-ability|p1a: Corviknight|Pressure
|move|p2a: Corviknight|Body Press|p1a: Corviknight
|-damage|p1a: Corviknight|69/100
|-damage|p2a: Corviknight|84/100|[from] item: Rocky Helmet|[of] p1a: Corviknight
|
|upkeep
|turn|11
|
|switch|p2a: Eternatus|Eternatus|100/100
|-ability|p2a: Eternatus|Pressure
|move|p1a: Corviknight|Roost|p1a: Corviknight
|-heal|p1a: Corviknight|100/100
|-singleturn|p1a: Corviknight|move: Roost
|
|upkeep
|turn|12
|
|switch|p2a: Gothitelle|Gothitelle, M|100/100
|switch|p1a: Snorlax|Snorlax, M|100/100 slp
|
|upkeep
|turn|13
|
|move|p2a: Gothitelle|Trick|p1a: Snorlax
|-activate|p2a: Gothitelle|move: Trick|[of] p1a: Snorlax
|-item|p1a: Snorlax|Choice Scarf|[from] move: Trick
|-item|p2a: Gothitelle|Leftovers|[from] move: Trick
|-curestatus|p1a: Snorlax|slp|[msg]
|move|p1a: Snorlax|Curse|p1a: Snorlax
|-unboost|p1a: Snorlax|spe|1
|-boost|p1a: Snorlax|atk|1
|-boost|p1a: Snorlax|def|1
|
|upkeep
|turn|14
|
|switch|p2a: Corviknight|Corviknight, F|84/100
|-ability|p2a: Corviknight|Pressure
|move|p1a: Snorlax|Curse|p1a: Snorlax
|-unboost|p1a: Snorlax|spe|1
|-boost|p1a: Snorlax|atk|1
|-boost|p1a: Snorlax|def|1
|
|upkeep
|turn|15
|
|switch|p1a: Corviknight|Corviknight, M|100/100
|-ability|p1a: Corviknight|Pressure
|move|p2a: Corviknight|U-turn|p1a: Corviknight
|-resisted|p1a: Corviknight
|-damage|p1a: Corviknight|98/100
|-damage|p2a: Corviknight|67/100|[from] item: Rocky Helmet|[of] p1a: Corviknight
|
|switch|p2a: Eternatus|Eternatus|100/100|[from]move: U-turn
|-ability|p2a: Eternatus|Pressure
|
|upkeep
|turn|16
|
|switch|p1a: Snorlax|Snorlax, M|100/100
|move|p2a: Eternatus|Flamethrower|p1a: Snorlax
|-damage|p1a: Snorlax|94/100
|
|upkeep
|turn|17
|
|move|p2a: Eternatus|Toxic|p1a: Snorlax
|-status|p1a: Snorlax|tox
|move|p1a: Snorlax|Body Slam|p2a: Eternatus
|-damage|p2a: Eternatus|82/100
|
|-damage|p1a: Snorlax|88/100 tox|[from] psn
|upkeep
|turn|18
|
|switch|p2a: Corviknight|Corviknight, F|67/100
|-ability|p2a: Corviknight|Pressure
|move|p1a: Snorlax|Body Slam|p2a: Corviknight
|-resisted|p2a: Corviknight
|-damage|p2a: Corviknight|58/100
|-damage|p1a: Snorlax|71/100 tox|[from] item: Rocky Helmet|[of] p2a: Corviknight
|
|-damage|p1a: Snorlax|59/100 tox|[from] psn
|upkeep
|turn|19
|
|switch|p1a: Dracovish|Dracovish|100/100
|move|p2a: Corviknight|U-turn|p1a: Dracovish
|-damage|p1a: Dracovish|85/100
|
|switch|p2a: Darmanitan|Darmanitan-Galar, F|100/100|[from]move: U-turn
|
|upkeep
|turn|20
|
|-start|p1a: Dracovish|Dynamax
|-heal|p1a: Dracovish|85/100|[silent]
|move|p2a: Darmanitan|U-turn|p1a: Dracovish
|-damage|p1a: Dracovish|64/100
|
|switch|p2a: Umbreon|Umbreon, M|100/100|[from]move: U-turn
|move|p1a: Dracovish|Max Knuckle|p2a: Umbreon
|-supereffective|p2a: Umbreon
|-damage|p2a: Umbreon|52/100
|-boost|p1a: Dracovish|atk|1
|
|-heal|p2a: Umbreon|58/100|[from] item: Leftovers
|upkeep
|turn|21
|
|move|p2a: Umbreon|Protect|p2a: Umbreon
|-singleturn|p2a: Umbreon|Protect
|move|p1a: Dracovish|Max Geyser|p2a: Umbreon
|-zbroken|p2a: Umbreon
|-damage|p2a: Umbreon|42/100
|-weather|RainDance
|
|-weather|RainDance|[upkeep]
|-heal|p2a: Umbreon|48/100|[from] item: Leftovers
|upkeep
|turn|22
|
|move|p1a: Dracovish|Max Wyrmwind|p2a: Umbreon
|-damage|p2a: Umbreon|0 fnt
|faint|p2a: Umbreon
|
|-weather|RainDance|[upkeep]
|-end|p1a: Dracovish|Dynamax
|-heal|p1a: Dracovish|64/100|[silent]
|upkeep
|
|switch|p2a: Dugtrio|Dugtrio, M|100/100
|turn|23
|
|-start|p2a: Dugtrio|Dynamax
|-heal|p2a: Dugtrio|100/100|[silent]
|move|p2a: Dugtrio|Max Quake|p1a: Dracovish
|-damage|p1a: Dracovish|1/100
|-boost|p2a: Dugtrio|spd|1
|move|p1a: Dracovish|Fishious Rend|p2a: Dugtrio
|-supereffective|p2a: Dugtrio
|-damage|p2a: Dugtrio|0 fnt
|faint|p2a: Dugtrio
|
|-weather|RainDance|[upkeep]
|upkeep
|
|switch|p2a: Darmanitan|Darmanitan-Galar, F|100/100
|turn|24
|
|move|p2a: Darmanitan|U-turn|p1a: Dracovish
|-damage|p1a: Dracovish|0 fnt
|faint|p1a: Dracovish
|
|switch|p2a: Eternatus|Eternatus|82/100|[from]move: U-turn
|-ability|p2a: Eternatus|Pressure
|
|-weather|RainDance|[upkeep]
|upkeep
|
|switch|p1a: Snorlax|Snorlax, M|59/100 tox
|turn|25
|
|switch|p2a: Corviknight|Corviknight, F|58/100
|-ability|p2a: Corviknight|Pressure
|move|p1a: Snorlax|Rest|p1a: Snorlax
|-status|p1a: Snorlax|slp|[from] move: Rest
|-heal|p1a: Snorlax|100/100 slp|[silent]
|
|-weather|none
|upkeep
|turn|26
|
|switch|p1a: Corviknight|Corviknight, M|98/100
|-ability|p1a: Corviknight|Pressure
|move|p2a: Corviknight|Roost|p2a: Corviknight
|-heal|p2a: Corviknight|100/100
|-singleturn|p2a: Corviknight|move: Roost
|
|upkeep
|turn|27
|
|switch|p2a: Eternatus|Eternatus|82/100
|-ability|p2a: Eternatus|Pressure
|move|p1a: Corviknight|Iron Defense|p1a: Corviknight
|-boost|p1a: Corviknight|def|2
|
|upkeep
|turn|28
|
|switch|p1a: Snorlax|Snorlax, M|100/100 slp
|move|p2a: Eternatus|Flamethrower|p1a: Snorlax
|-damage|p1a: Snorlax|94/100 slp
|
|upkeep
|turn|29
|
|switch|p2a: Gothitelle|Gothitelle, M|100/100
|switch|p1a: Togekiss|Togekiss, M|100/100
|
|upkeep
|turn|30
|
|switch|p2a: Eternatus|Eternatus|82/100
|-ability|p2a: Eternatus|Pressure
|move|p1a: Togekiss|Thunder Wave|p2a: Eternatus
|-status|p2a: Eternatus|par
|
|upkeep
|turn|31
|
|switch|p1a: Snorlax|Snorlax, M|94/100 slp
|cant|p2a: Eternatus|par
|
|upkeep
|turn|32
|
|switch|p2a: Gothitelle|Gothitelle, M|100/100
|cant|p1a: Snorlax|slp
|
|upkeep
|turn|33
|
|move|p2a: Gothitelle|Cosmic Power|p2a: Gothitelle
|-boost|p2a: Gothitelle|def|1
|-boost|p2a: Gothitelle|spd|1
|cant|p1a: Snorlax|slp
|
|upkeep
|turn|34
|
|move|p2a: Gothitelle|Cosmic Power|p2a: Gothitelle
|-boost|p2a: Gothitelle|def|1
|-boost|p2a: Gothitelle|spd|1
|-curestatus|p1a: Snorlax|slp|[msg]
|move|p1a: Snorlax|Darkest Lariat|p2a: Gothitelle
|-supereffective|p2a: Gothitelle
|-damage|p2a: Gothitelle|55/100
|
|-heal|p2a: Gothitelle|61/100|[from] item: Leftovers
|upkeep
|turn|35
|
|move|p2a: Gothitelle|Cosmic Power|p2a: Gothitelle
|-boost|p2a: Gothitelle|def|1
|-boost|p2a: Gothitelle|spd|1
|move|p1a: Snorlax|Darkest Lariat|p2a: Gothitelle
|-supereffective|p2a: Gothitelle
|-damage|p2a: Gothitelle|17/100
|
|-heal|p2a: Gothitelle|23/100|[from] item: Leftovers
|upkeep
|turn|36
|
|switch|p2a: Corviknight|Corviknight, F|100/100
|-ability|p2a: Corviknight|Pressure
|move|p1a: Snorlax|Darkest Lariat|p2a: Corviknight
|-crit|p2a: Corviknight
|-damage|p2a: Corviknight|82/100
|-damage|p1a: Snorlax|78/100|[from] item: Rocky Helmet|[of] p2a: Corviknight
|
|upkeep
|turn|37
|
|switch|p1a: Corviknight|Corviknight, M|98/100
|-ability|p1a: Corviknight|Pressure
|move|p2a: Corviknight|U-turn|p1a: Corviknight
|-resisted|p1a: Corviknight
|-damage|p1a: Corviknight|96/100
|-damage|p2a: Corviknight|65/100|[from] item: Rocky Helmet|[of] p1a: Corviknight
|
|switch|p2a: Eternatus|Eternatus|82/100 par|[from]move: U-turn
|-ability|p2a: Eternatus|Pressure
|
|upkeep
|turn|38
|
|switch|p1a: Togekiss|Togekiss, M|100/100
|move|p2a: Eternatus|Toxic|p1a: Togekiss
|-status|p1a: Togekiss|tox
|
|-damage|p1a: Togekiss|95/100 tox|[from] psn
|upkeep
|turn|39
|
|move|p1a: Togekiss|Air Slash|p2a: Eternatus
|-damage|p2a: Eternatus|49/100 par
|cant|p2a: Eternatus|flinch
|
|-heal|p1a: Togekiss|100/100 tox|[from] item: Leftovers
|-damage|p1a: Togekiss|89/100 tox|[from] psn
|upkeep
|turn|40
|
|move|p1a: Togekiss|Air Slash|p2a: Eternatus
|-damage|p2a: Eternatus|17/100 par
|cant|p2a: Eternatus|flinch
|
|-heal|p1a: Togekiss|95/100 tox|[from] item: Leftovers
|-damage|p1a: Togekiss|77/100 tox|[from] psn
|upkeep
|turn|41
|
|move|p1a: Togekiss|Air Slash|p2a: Eternatus
|-damage|p2a: Eternatus|0 fnt
|faint|p2a: Eternatus
|
|-heal|p1a: Togekiss|83/100 tox|[from] item: Leftovers
|-damage|p1a: Togekiss|59/100 tox|[from] psn
|upkeep
|
|switch|p2a: Corviknight|Corviknight, F|65/100
|-ability|p2a: Corviknight|Pressure
|turn|42
|
|move|p1a: Togekiss|Thunder Wave|p2a: Corviknight
|-status|p2a: Corviknight|par
|move|p2a: Corviknight|Roost|p2a: Corviknight
|-heal|p2a: Corviknight|100/100 par
|-singleturn|p2a: Corviknight|move: Roost
|
|-heal|p1a: Togekiss|65/100 tox|[from] item: Leftovers
|-damage|p1a: Togekiss|35/100 tox|[from] psn
|upkeep
|turn|43
|
|switch|p1a: Seismitoad|Seismitoad, F|100/100
|move|p2a: Corviknight|U-turn|p1a: Seismitoad
|-damage|p1a: Seismitoad|84/100
|
|switch|p2a: Darmanitan|Darmanitan-Galar, F|100/100|[from]move: U-turn
|
|upkeep
|turn|44
|
|switch|p1a: Snorlax|Snorlax, M|78/100
|move|p2a: Darmanitan|Icicle Crash|p1a: Snorlax
|-damage|p1a: Snorlax|48/100
|
|upkeep
|turn|45
|
|switch|p2a: Corviknight|Corviknight, F|100/100 par
|-ability|p2a: Corviknight|Pressure
|move|p1a: Snorlax|Body Slam|p2a: Corviknight
|-resisted|p2a: Corviknight
|-damage|p2a: Corviknight|91/100 par
|-damage|p1a: Snorlax|31/100|[from] item: Rocky Helmet|[of] p2a: Corviknight
|
|upkeep
|turn|46
|
|switch|p1a: Corviknight|Corviknight, M|96/100
|-ability|p1a: Corviknight|Pressure
|cant|p2a: Corviknight|par
|
|upkeep
|turn|47
|
|move|p1a: Corviknight|Iron Defense|p1a: Corviknight
|-boost|p1a: Corviknight|def|2
|cant|p2a: Corviknight|par
|
|upkeep
|turn|48
|
|move|p1a: Corviknight|Iron Defense|p1a: Corviknight
|-boost|p1a: Corviknight|def|2
|move|p2a: Corviknight|U-turn|p1a: Corviknight
|-resisted|p1a: Corviknight
|-damage|p1a: Corviknight|96/100
|-damage|p2a: Corviknight|75/100 par|[from] item: Rocky Helmet|[of] p1a: Corviknight
|
|switch|p2a: Gothitelle|Gothitelle, M|23/100|[from]move: U-turn
|
|-heal|p2a: Gothitelle|29/100|[from] item: Leftovers
|upkeep
|turn|49
|
|move|p2a: Gothitelle|Cosmic Power|p2a: Gothitelle
|-boost|p2a: Gothitelle|def|1
|-boost|p2a: Gothitelle|spd|1
|move|p1a: Corviknight|Body Press|p2a: Gothitelle
|-resisted|p2a: Gothitelle
|-damage|p2a: Gothitelle|2/100
|
|-heal|p2a: Gothitelle|8/100|[from] item: Leftovers
|upkeep
|turn|50
|
|move|p2a: Gothitelle|Rest|p2a: Gothitelle
|-status|p2a: Gothitelle|slp|[from] move: Rest
|-heal|p2a: Gothitelle|100/100 slp|[silent]
|move|p1a: Corviknight|Iron Defense|p1a: Corviknight
|-boost|p1a: Corviknight|def|2
|
|upkeep
|turn|51
|
|cant|p2a: Gothitelle|slp
|move|p1a: Corviknight|Body Press|p2a: Gothitelle
|-resisted|p2a: Gothitelle
|-damage|p2a: Gothitelle|64/100 slp
|
|-heal|p2a: Gothitelle|71/100 slp|[from] item: Leftovers
|upkeep
|turn|52
|
|cant|p2a: Gothitelle|slp
|move|p1a: Corviknight|Body Press|p2a: Gothitelle
|-resisted|p2a: Gothitelle
|-damage|p2a: Gothitelle|37/100 slp
|
|-heal|p2a: Gothitelle|43/100 slp|[from] item: Leftovers
|upkeep
|turn|53
|
|-curestatus|p2a: Gothitelle|slp|[msg]
|move|p2a: Gothitelle|Cosmic Power|p2a: Gothitelle
|-boost|p2a: Gothitelle|def|1
|-boost|p2a: Gothitelle|spd|1
|move|p1a: Corviknight|Body Press|p2a: Gothitelle
|-resisted|p2a: Gothitelle
|-damage|p2a: Gothitelle|14/100
|
|-heal|p2a: Gothitelle|20/100|[from] item: Leftovers
|upkeep
|turn|54
|
|move|p2a: Gothitelle|Rest|p2a: Gothitelle
|-status|p2a: Gothitelle|slp|[from] move: Rest
|-heal|p2a: Gothitelle|100/100 slp|[silent]
|move|p1a: Corviknight|Body Press|p2a: Gothitelle
|-resisted|p2a: Gothitelle
|-damage|p2a: Gothitelle|72/100 slp
|
|-heal|p2a: Gothitelle|78/100 slp|[from] item: Leftovers
|upkeep
|turn|55
|
|cant|p2a: Gothitelle|slp
|move|p1a: Corviknight|Body Press|p2a: Gothitelle
|-resisted|p2a: Gothitelle
|-damage|p2a: Gothitelle|51/100 slp
|
|-heal|p2a: Gothitelle|57/100 slp|[from] item: Leftovers
|upkeep
|turn|56
|
|cant|p2a: Gothitelle|slp
|move|p1a: Corviknight|Body Press|p2a: Gothitelle
|-resisted|p2a: Gothitelle
|-damage|p2a: Gothitelle|32/100 slp
|
|-heal|p2a: Gothitelle|38/100 slp|[from] item: Leftovers
|upkeep
|turn|57
|
|-curestatus|p2a: Gothitelle|slp|[msg]
|move|p2a: Gothitelle|Rest|p2a: Gothitelle
|-status|p2a: Gothitelle|slp|[from] move: Rest
|-heal|p2a: Gothitelle|100/100 slp|[silent]
|move|p1a: Corviknight|Body Press|p2a: Gothitelle
|-resisted|p2a: Gothitelle
|-damage|p2a: Gothitelle|75/100 slp
|
|-heal|p2a: Gothitelle|81/100 slp|[from] item: Leftovers
|upkeep
|turn|58
|
|cant|p2a: Gothitelle|slp
|move|p1a: Corviknight|Body Press|p2a: Gothitelle
|-resisted|p2a: Gothitelle
|-damage|p2a: Gothitelle|54/100 slp
|
|-heal|p2a: Gothitelle|60/100 slp|[from] item: Leftovers
|upkeep
|turn|59
|
|cant|p2a: Gothitelle|slp
|move|p1a: Corviknight|Body Press|p2a: Gothitelle
|-resisted|p2a: Gothitelle
|-damage|p2a: Gothitelle|32/100 slp
|
|-heal|p2a: Gothitelle|38/100 slp|[from] item: Leftovers
|upkeep
|turn|60
|
|-curestatus|p2a: Gothitelle|slp|[msg]
|move|p2a: Gothitelle|Cosmic Power|p2a: Gothitelle
|-boost|p2a: Gothitelle|def|1
|-boost|p2a: Gothitelle|spd|1
|move|p1a: Corviknight|Body Press|p2a: Gothitelle
|-resisted|p2a: Gothitelle
|-damage|p2a: Gothitelle|18/100
|
|-heal|p2a: Gothitelle|24/100|[from] item: Leftovers
|upkeep
|turn|61
|
|move|p2a: Gothitelle|Rest|p2a: Gothitelle
|-status|p2a: Gothitelle|slp|[from] move: Rest
|-heal|p2a: Gothitelle|100/100 slp|[silent]
|move|p1a: Corviknight|Body Press|p2a: Gothitelle
|-resisted|p2a: Gothitelle
|-damage|p2a: Gothitelle|79/100 slp
|
|-heal|p2a: Gothitelle|85/100 slp|[from] item: Leftovers
|upkeep
|turn|62
|
|cant|p2a: Gothitelle|slp
|move|p1a: Corviknight|Body Press|p2a: Gothitelle
|-resisted|p2a: Gothitelle
|-damage|p2a: Gothitelle|62/100 slp
|
|-heal|p2a: Gothitelle|69/100 slp|[from] item: Leftovers
|upkeep
|turn|63
|inactive|ubersohneubers has 120 seconds left.
|
|cant|p2a: Gothitelle|slp
|move|p1a: Corviknight|Body Press|p2a: Gothitelle
|-resisted|p2a: Gothitelle
|-damage|p2a: Gothitelle|45/100 slp
|
|-heal|p2a: Gothitelle|51/100 slp|[from] item: Leftovers
|upkeep
|turn|64
|
|-curestatus|p2a: Gothitelle|slp|[msg]
|move|p2a: Gothitelle|Rest|p2a: Gothitelle
|-status|p2a: Gothitelle|slp|[from] move: Rest
|-heal|p2a: Gothitelle|100/100 slp|[silent]
|move|p1a: Corviknight|Body Press|p2a: Gothitelle
|-resisted|p2a: Gothitelle
|-damage|p2a: Gothitelle|77/100 slp
|
|-heal|p2a: Gothitelle|83/100 slp|[from] item: Leftovers
|upkeep
|turn|65
|
|cant|p2a: Gothitelle|slp
|move|p1a: Corviknight|Body Press|p2a: Gothitelle
|-resisted|p2a: Gothitelle
|-damage|p2a: Gothitelle|62/100 slp
|
|-heal|p2a: Gothitelle|68/100 slp|[from] item: Leftovers
|upkeep
|turn|66
|
|cant|p2a: Gothitelle|slp
|move|p1a: Corviknight|Defog|p2a: Gothitelle
|-unboost|p2a: Gothitelle|evasion|1
|
|-heal|p2a: Gothitelle|74/100 slp|[from] item: Leftovers
|upkeep
|turn|67
|
|-curestatus|p2a: Gothitelle|slp|[msg]
|move|p2a: Gothitelle|Cosmic Power|p2a: Gothitelle
|-boost|p2a: Gothitelle|def|1
|-boost|p2a: Gothitelle|spd|1
|move|p1a: Corviknight|Defog|p2a: Gothitelle
|-unboost|p2a: Gothitelle|evasion|1
|
|-heal|p2a: Gothitelle|80/100|[from] item: Leftovers
|upkeep
|turn|68
|
|move|p2a: Gothitelle|Cosmic Power|p2a: Gothitelle
|-boost|p2a: Gothitelle|def|1
|-boost|p2a: Gothitelle|spd|1
|move|p1a: Corviknight|Defog|p2a: Gothitelle
|-unboost|p2a: Gothitelle|evasion|1
|
|-heal|p2a: Gothitelle|86/100|[from] item: Leftovers
|upkeep
|turn|69
|
|move|p2a: Gothitelle|Cosmic Power|p2a: Gothitelle
|-boost|p2a: Gothitelle|def|1
|-boost|p2a: Gothitelle|spd|1
|move|p1a: Corviknight|Defog|p2a: Gothitelle
|-unboost|p2a: Gothitelle|evasion|1
|
|-heal|p2a: Gothitelle|92/100|[from] item: Leftovers
|upkeep
|turn|70
|
|move|p2a: Gothitelle|Stored Power|p1a: Corviknight
|-resisted|p1a: Corviknight
|-damage|p1a: Corviknight|55/100
|move|p1a: Corviknight|Defog|p2a: Gothitelle
|-unboost|p2a: Gothitelle|evasion|1
|
|-heal|p2a: Gothitelle|98/100|[from] item: Leftovers
|upkeep
|turn|71
|
|move|p2a: Gothitelle|Rest|p2a: Gothitelle
|-status|p2a: Gothitelle|slp|[from] move: Rest
|-heal|p2a: Gothitelle|100/100 slp|[silent]
|move|p1a: Corviknight|Roost|p1a: Corviknight
|-heal|p1a: Corviknight|100/100
|-singleturn|p1a: Corviknight|move: Roost
|
|upkeep
|turn|72
|
|cant|p2a: Gothitelle|slp
|move|p1a: Corviknight|Iron Defense|p1a: Corviknight
|-boost|p1a: Corviknight|def|0
|
|upkeep
|turn|73
|
|cant|p2a: Gothitelle|slp
|move|p1a: Corviknight|Iron Defense|p1a: Corviknight
|-boost|p1a: Corviknight|def|0
|
|upkeep
|turn|74
|
|-curestatus|p2a: Gothitelle|slp|[msg]
|move|p2a: Gothitelle|Cosmic Power|p2a: Gothitelle
|-boost|p2a: Gothitelle|def|0
|-boost|p2a: Gothitelle|spd|0
|move|p1a: Corviknight|Iron Defense|p1a: Corviknight
|-boost|p1a: Corviknight|def|0
|
|upkeep
|turn|75
|
|move|p2a: Gothitelle|Cosmic Power|p2a: Gothitelle
|-boost|p2a: Gothitelle|def|0
|-boost|p2a: Gothitelle|spd|0
|move|p1a: Corviknight|Defog|p2a: Gothitelle
|-unboost|p2a: Gothitelle|evasion|1
|
|upkeep
|turn|76
|
|move|p2a: Gothitelle|Cosmic Power|p2a: Gothitelle
|-boost|p2a: Gothitelle|def|0
|-boost|p2a: Gothitelle|spd|0
|move|p1a: Corviknight|Defog||[still]
|-unboost|p2a: Gothitelle|evasion|0
|-fail|p1a: Corviknight
|
|upkeep
|turn|77
|
|move|p2a: Gothitelle|Cosmic Power|p2a: Gothitelle
|-boost|p2a: Gothitelle|def|0
|-boost|p2a: Gothitelle|spd|0
|move|p1a: Corviknight|Defog||[still]
|-unboost|p2a: Gothitelle|evasion|0
|-fail|p1a: Corviknight
|
|upkeep
|turn|78
|
|move|p2a: Gothitelle|Cosmic Power|p2a: Gothitelle
|-boost|p2a: Gothitelle|def|0
|-boost|p2a: Gothitelle|spd|0
|move|p1a: Corviknight|Defog||[still]
|-unboost|p2a: Gothitelle|evasion|0
|-fail|p1a: Corviknight
|
|upkeep
|turn|79
|
|move|p2a: Gothitelle|Cosmic Power|p2a: Gothitelle
|-boost|p2a: Gothitelle|def|0
|-boost|p2a: Gothitelle|spd|0
|move|p1a: Corviknight|Defog||[still]
|-unboost|p2a: Gothitelle|evasion|0
|-fail|p1a: Corviknight
|
|upkeep
|turn|80
|inactive|ubersohneubers has 120 seconds left.
|
|move|p2a: Gothitelle|Cosmic Power|p2a: Gothitelle
|-boost|p2a: Gothitelle|def|0
|-boost|p2a: Gothitelle|spd|0
|move|p1a: Corviknight|Iron Defense|p1a: Corviknight
|-boost|p1a: Corviknight|def|0
|
|upkeep
|turn|81
|
|move|p2a: Gothitelle|Cosmic Power|p2a: Gothitelle
|-boost|p2a: Gothitelle|def|0
|-boost|p2a: Gothitelle|spd|0
|move|p1a: Corviknight|Iron Defense|p1a: Corviknight
|-boost|p1a: Corviknight|def|0
|
|upkeep
|turn|82
|
|move|p2a: Gothitelle|Cosmic Power|p2a: Gothitelle
|-boost|p2a: Gothitelle|def|0
|-boost|p2a: Gothitelle|spd|0
|move|p1a: Corviknight|Iron Defense|p1a: Corviknight
|-boost|p1a: Corviknight|def|0
|
|upkeep
|turn|83
|
|move|p2a: Gothitelle|Cosmic Power|p2a: Gothitelle
|-boost|p2a: Gothitelle|def|0
|-boost|p2a: Gothitelle|spd|0
|move|p1a: Corviknight|Iron Defense|p1a: Corviknight
|-boost|p1a: Corviknight|def|0
|
|upkeep
|turn|84
|
|move|p2a: Gothitelle|Cosmic Power|p2a: Gothitelle
|-boost|p2a: Gothitelle|def|0
|-boost|p2a: Gothitelle|spd|0
|move|p1a: Corviknight|Iron Defense|p1a: Corviknight
|-boost|p1a: Corviknight|def|0
|
|upkeep
|turn|85
|
|move|p2a: Gothitelle|Cosmic Power|p2a: Gothitelle
|-boost|p2a: Gothitelle|def|0
|-boost|p2a: Gothitelle|spd|0
|move|p1a: Corviknight|Iron Defense|p1a: Corviknight
|-boost|p1a: Corviknight|def|0
|
|upkeep
|turn|86
|
|move|p2a: Gothitelle|Cosmic Power|p2a: Gothitelle
|-boost|p2a: Gothitelle|def|0
|-boost|p2a: Gothitelle|spd|0
|move|p1a: Corviknight|Iron Defense|p1a: Corviknight
|-boost|p1a: Corviknight|def|0
|
|upkeep
|turn|87
|
|move|p2a: Gothitelle|Cosmic Power|p2a: Gothitelle
|-boost|p2a: Gothitelle|def|0
|-boost|p2a: Gothitelle|spd|0
|move|p1a: Corviknight|Iron Defense|p1a: Corviknight
|-boost|p1a: Corviknight|def|0
|
|upkeep
|turn|88
|
|move|p2a: Gothitelle|Cosmic Power|p2a: Gothitelle
|-boost|p2a: Gothitelle|def|0
|-boost|p2a: Gothitelle|spd|0
|move|p1a: Corviknight|Iron Defense|p1a: Corviknight
|-boost|p1a: Corviknight|def|0
|
|upkeep
|turn|89
|
|move|p2a: Gothitelle|Cosmic Power|p2a: Gothitelle
|-boost|p2a: Gothitelle|def|0
|-boost|p2a: Gothitelle|spd|0
|move|p1a: Corviknight|Iron Defense|p1a: Corviknight
|-boost|p1a: Corviknight|def|0
|
|upkeep
|turn|90
|
|move|p2a: Gothitelle|Cosmic Power|p2a: Gothitelle
|-boost|p2a: Gothitelle|def|0
|-boost|p2a: Gothitelle|spd|0
|move|p1a: Corviknight|Iron Defense|p1a: Corviknight
|-boost|p1a: Corviknight|def|0
|
|upkeep
|turn|91
|
|move|p2a: Gothitelle|Cosmic Power|p2a: Gothitelle
|-boost|p2a: Gothitelle|def|0
|-boost|p2a: Gothitelle|spd|0
|move|p1a: Corviknight|Iron Defense|p1a: Corviknight
|-boost|p1a: Corviknight|def|0
|
|upkeep
|turn|92
|
|move|p2a: Gothitelle|Cosmic Power|p2a: Gothitelle
|-boost|p2a: Gothitelle|def|0
|-boost|p2a: Gothitelle|spd|0
|move|p1a: Corviknight|Iron Defense|p1a: Corviknight
|-boost|p1a: Corviknight|def|0
|
|upkeep
|turn|93
|
|move|p2a: Gothitelle|Cosmic Power|p2a: Gothitelle
|-boost|p2a: Gothitelle|def|0
|-boost|p2a: Gothitelle|spd|0
|move|p1a: Corviknight|Iron Defense|p1a: Corviknight
|-boost|p1a: Corviknight|def|0
|
|upkeep
|turn|94
|
|move|p2a: Gothitelle|Cosmic Power|p2a: Gothitelle
|-boost|p2a: Gothitelle|def|0
|-boost|p2a: Gothitelle|spd|0
|move|p1a: Corviknight|Iron Defense|p1a: Corviknight
|-boost|p1a: Corviknight|def|0
|
|upkeep
|turn|95
|
|move|p2a: Gothitelle|Cosmic Power|p2a: Gothitelle
|-boost|p2a: Gothitelle|def|0
|-boost|p2a: Gothitelle|spd|0
|move|p1a: Corviknight|Iron Defense|p1a: Corviknight
|-boost|p1a: Corviknight|def|0
|
|upkeep
|turn|96
|
|move|p2a: Gothitelle|Cosmic Power|p2a: Gothitelle
|-boost|p2a: Gothitelle|def|0
|-boost|p2a: Gothitelle|spd|0
|move|p1a: Corviknight|Iron Defense|p1a: Corviknight
|-boost|p1a: Corviknight|def|0
|
|upkeep
|turn|97
|
|move|p2a: Gothitelle|Trick|p1a: Corviknight
|-activate|p2a: Gothitelle|move: Trick|[of] p1a: Corviknight
|-item|p1a: Corviknight|Leftovers|[from] move: Trick
|-item|p2a: Gothitelle|Rocky Helmet|[from] move: Trick
|move|p1a: Corviknight|Defog||[still]
|-unboost|p2a: Gothitelle|evasion|0
|-fail|p1a: Corviknight
|
|upkeep
|turn|98
|
|move|p2a: Gothitelle|Trick|p1a: Corviknight
|-activate|p2a: Gothitelle|move: Trick|[of] p1a: Corviknight
|-item|p1a: Corviknight|Rocky Helmet|[from] move: Trick
|-item|p2a: Gothitelle|Leftovers|[from] move: Trick
|move|p1a: Corviknight|Defog||[still]
|-unboost|p2a: Gothitelle|evasion|0
|-fail|p1a: Corviknight
|
|upkeep
|turn|99
|
|move|p2a: Gothitelle|Trick|p1a: Corviknight
|-activate|p2a: Gothitelle|move: Trick|[of] p1a: Corviknight
|-item|p1a: Corviknight|Leftovers|[from] move: Trick
|-item|p2a: Gothitelle|Rocky Helmet|[from] move: Trick
|move|p1a: Corviknight|Defog||[still]
|-unboost|p2a: Gothitelle|evasion|0
|-fail|p1a: Corviknight
|
|upkeep
|turn|100
|
|move|p2a: Gothitelle|Stored Power|p1a: Corviknight
|-resisted|p1a: Corviknight
|-damage|p1a: Corviknight|62/100
|move|p1a: Corviknight|Defog||[still]
|-unboost|p2a: Gothitelle|evasion|0
|-fail|p1a: Corviknight
|
|-heal|p1a: Corviknight|68/100|[from] item: Leftovers
|upkeep
|turn|101
|
|move|p2a: Gothitelle|Trick|p1a: Corviknight
|-activate|p2a: Gothitelle|move: Trick|[of] p1a: Corviknight
|-item|p1a: Corviknight|Rocky Helmet|[from] move: Trick
|-item|p2a: Gothitelle|Leftovers|[from] move: Trick
|move|p1a: Corviknight|Defog||[still]
|-unboost|p2a: Gothitelle|evasion|0
|-fail|p1a: Corviknight
|
|upkeep
|turn|102
|
|move|p2a: Gothitelle|Stored Power|p1a: Corviknight
|-resisted|p1a: Corviknight
|-damage|p1a: Corviknight|25/100
|move|p1a: Corviknight|Defog||[still]
|-unboost|p2a: Gothitelle|evasion|0
|-fail|p1a: Corviknight
|
|upkeep
|turn|103
|
|move|p2a: Gothitelle|Stored Power|p1a: Corviknight
|-resisted|p1a: Corviknight
|-damage|p1a: Corviknight|0 fnt
|faint|p1a: Corviknight
|
|upkeep
|
|switch|p1a: Dugtrio|Dugtrio, M|100/100
|turn|104
|
|move|p1a: Dugtrio|Memento|p2a: Gothitelle
|-unboost|p2a: Gothitelle|atk|2
|-unboost|p2a: Gothitelle|spa|2
|faint|p1a: Dugtrio
|move|p2a: Gothitelle|Stored Power|p1: Dugtrio|[notarget]
|-fail|p2a: Gothitelle
|
|upkeep
|
|switch|p1a: Togekiss|Togekiss, M|35/100 tox
|turn|105
|
|move|p1a: Togekiss|Thunder Wave|p2a: Gothitelle
|-status|p2a: Gothitelle|par
|cant|p2a: Gothitelle|par
|
|-heal|p1a: Togekiss|41/100 tox|[from] item: Leftovers
|-damage|p1a: Togekiss|35/100 tox|[from] psn
|upkeep
|turn|106
|
|move|p1a: Togekiss|Air Slash|p2a: Gothitelle
|-damage|p2a: Gothitelle|93/100 par
|move|p2a: Gothitelle|Stored Power|p1a: Togekiss
|-damage|p1a: Togekiss|0 fnt
|faint|p1a: Togekiss
|
|-heal|p2a: Gothitelle|99/100 par|[from] item: Leftovers
|upkeep
|
|switch|p1a: Snorlax|Snorlax, M|31/100
|turn|107
|
|move|p1a: Snorlax|Darkest Lariat|p2a: Gothitelle
|-supereffective|p2a: Gothitelle
|-crit|p2a: Gothitelle
|-damage|p2a: Gothitelle|37/100 par
|move|p2a: Gothitelle|Stored Power|p1a: Snorlax
|-damage|p1a: Snorlax|12/100
|
|-heal|p2a: Gothitelle|43/100 par|[from] item: Leftovers
|upkeep
|turn|108
|
|switch|p2a: Corviknight|Corviknight, F|75/100 par
|-ability|p2a: Corviknight|Pressure
|move|p1a: Snorlax|Darkest Lariat|p2a: Corviknight
|-damage|p2a: Corviknight|61/100 par
|-damage|p1a: Snorlax|0 fnt|[from] item: Rocky Helmet|[of] p2a: Corviknight
|faint|p1a: Snorlax
|
|upkeep
|
|switch|p1a: Seismitoad|Seismitoad, F|84/100
|turn|109
|
|move|p1a: Seismitoad|Scald|p2a: Corviknight
|-damage|p2a: Corviknight|19/100 par
|-damage|p1a: Seismitoad|74/100|[from] item: Life Orb
|cant|p2a: Corviknight|par
|
|upkeep
|turn|110
|
|move|p1a: Seismitoad|Scald|p2a: Corviknight
|-damage|p2a: Corviknight|0 fnt
|-damage|p1a: Seismitoad|64/100|[from] item: Life Orb
|faint|p2a: Corviknight
|
|upkeep
|
|switch|p2a: Darmanitan|Darmanitan-Galar, F|100/100
|turn|111
|
|move|p2a: Darmanitan|U-turn|p1a: Seismitoad
|-damage|p1a: Seismitoad|24/100
|
|switch|p2a: Gothitelle|Gothitelle, M|43/100 par|[from]move: U-turn
|move|p1a: Seismitoad|Scald|p2a: Gothitelle
|-damage|p2a: Gothitelle|12/100 par
|-damage|p1a: Seismitoad|14/100|[from] item: Life Orb
|
|-heal|p2a: Gothitelle|18/100 par|[from] item: Leftovers
|upkeep
|turn|112
|
|move|p1a: Seismitoad|Scald|p2a: Gothitelle
|-damage|p2a: Gothitelle|0 fnt
|-damage|p1a: Seismitoad|4/100|[from] item: Life Orb
|faint|p2a: Gothitelle
|
|upkeep
|
|switch|p2a: Darmanitan|Darmanitan-Galar, F|100/100
|turn|113
|
|move|p2a: Darmanitan|Earthquake|p1a: Seismitoad
|-damage|p1a: Seismitoad|0 fnt
|faint|p1a: Seismitoad
|
|win|ubersohneubers
|raw|ray712's rating: 1525 &rarr; <strong>1517</strong><br />(-8 for losing)
|raw|ubersohneubers's rating: 1754 &rarr; <strong>1763</strong><br />(+9 for winning)
|l|☆ray712
|l|☆ubersohneubers
