|j|☆Stog XI
|j|☆ULTN7U durag
|player|p1|Stog XI|lucas-gen4pt|1592
|player|p2|ULTN7U durag|youngster-gen7|1376
|teamsize|p1|6
|teamsize|p2|6
|gametype|singles
|gen|8
|tier|[Gen 8] Ubers
|rated|
|clearpoke
|poke|p1|Lunala|
|poke|p1|Zacian-Crowned|
|poke|p1|Mandibuzz, F|
|poke|p1|Toxapex, M|
|poke|p1|Ferrothorn, F|
|poke|p1|Necrozma-Dusk-Mane|
|poke|p2|Kyurem-White|
|poke|p2|Lunala|
|poke|p2|Dugtrio, F|
|poke|p2|Tyranitar, F|
|poke|p2|Corviknight, M|
|poke|p2|Eternatus|
|rule|Sleep Clause Mod: Limit one foe put to sleep
|rule|Species Clause: Limit one of each Pokémon
|rule|OHKO Clause: OHKO moves are banned
|rule|Evasion Moves Clause: Evasion moves are banned
|rule|Endless Battle Clause: Forcing endless battles is banned
|rule|HP Percentage Mod: HP is shown in percentages
|html|Ubers Dynamax Clause: Pokémon on the <a href="https://www.smogon.com/dex/ss/formats/uber/">Ubers Dynamax Banlist</a> cannot Dynamax.
|teampreview
|inactive|Battle timer is ON: inactive players will automatically lose when time's up. (requested by Stog XI)
|
|start
|switch|p1a: Lunala|Lunala|100/100
|switch|p2a: Kyurem|Kyurem-White|100/100
|-ability|p2a: Kyurem|Turboblaze
|turn|1
|j| palapapop
|
|switch|p2a: Tyranitar|Tyranitar, F|100/100
|-weather|Sandstorm|[from] ability: Sand Stream|[of] p2a: Tyranitar
|move|p1a: Lunala|Will-O-Wisp|p2a: Tyranitar
|-status|p2a: Tyranitar|brn
|
|-weather|Sandstorm|[upkeep]
|-damage|p1a: Lunala|94/100|[from] Sandstorm
|-damage|p2a: Tyranitar|94/100 brn|[from] brn
|upkeep
|turn|2
|
|switch|p1a: Ferrothorn|Ferrothorn, F|100/100
|move|p2a: Tyranitar|Thunder Wave|p1a: Ferrothorn
|-status|p1a: Ferrothorn|par
|
|-weather|Sandstorm|[upkeep]
|-damage|p2a: Tyranitar|88/100 brn|[from] brn
|upkeep
|turn|3
|
|move|p2a: Tyranitar|Flamethrower|p1a: Ferrothorn
|-supereffective|p1a: Ferrothorn
|-damage|p1a: Ferrothorn|35/100 par
|move|p1a: Ferrothorn|Knock Off|p2a: Tyranitar
|-resisted|p2a: Tyranitar
|-damage|p2a: Tyranitar|79/100 brn
|-enditem|p2a: Tyranitar|Chople Berry|[from] move: Knock Off|[of] p1a: Ferrothorn
|
|-weather|Sandstorm|[upkeep]
|-heal|p1a: Ferrothorn|41/100 par|[from] item: Leftovers
|-damage|p2a: Tyranitar|73/100 brn|[from] brn
|upkeep
|turn|4
|
|switch|p1a: Necrozma|Necrozma-Dusk-Mane|100/100
|move|p2a: Tyranitar|Stealth Rock|p1a: Necrozma
|-sidestart|p1: Stog XI|move: Stealth Rock
|
|-weather|Sandstorm|[upkeep]
|-damage|p2a: Tyranitar|67/100 brn|[from] brn
|upkeep
|turn|5
|
|switch|p2a: Corviknight|Corviknight, M|100/100
|-ability|p2a: Corviknight|Pressure
|move|p1a: Necrozma|Sunsteel Strike|p2a: Corviknight
|-resisted|p2a: Corviknight
|-damage|p2a: Corviknight|85/100
|-damage|p1a: Necrozma|84/100|[from] item: Rocky Helmet|[of] p2a: Corviknight
|
|-weather|none
|-heal|p1a: Necrozma|90/100|[from] item: Leftovers
|upkeep
|turn|6
|l| palapapop
|
|move|p1a: Necrozma|Stealth Rock|p2a: Corviknight
|-sidestart|p2: ULTN7U durag|move: Stealth Rock
|move|p2a: Corviknight|U-turn|p1a: Necrozma
|-damage|p1a: Necrozma|83/100
|
|switch|p2a: Lunala|Lunala|100/100|[from]move: U-turn
|-damage|p2a: Lunala|88/100|[from] Stealth Rock
|
|-heal|p1a: Necrozma|89/100|[from] item: Leftovers
|upkeep
|turn|7
|
|switch|p1a: Mandibuzz|Mandibuzz, F|100/100
|move|p2a: Lunala|Trick|p1a: Mandibuzz
|-activate|p2a: Lunala|move: Trick|[of] p1a: Mandibuzz
|-item|p1a: Mandibuzz|Choice Specs|[from] move: Trick
|-item|p2a: Lunala|Heavy-Duty Boots|[from] move: Trick
|
|upkeep
|turn|8
|
|switch|p2a: Corviknight|Corviknight, M|85/100
|-damage|p2a: Corviknight|72/100|[from] Stealth Rock
|-ability|p2a: Corviknight|Pressure
|move|p1a: Mandibuzz|U-turn|p2a: Corviknight
|-resisted|p2a: Corviknight
|-damage|p2a: Corviknight|71/100
|-damage|p1a: Mandibuzz|84/100|[from] item: Rocky Helmet|[of] p2a: Corviknight
|
|switch|p1a: Ferrothorn|Ferrothorn, F|41/100 par|[from]move: U-turn
|-damage|p1a: Ferrothorn|35/100 par|[from] Stealth Rock
|
|-heal|p1a: Ferrothorn|41/100 par|[from] item: Leftovers
|upkeep
|turn|9
|
|move|p2a: Corviknight|Body Press|p1a: Ferrothorn
|-supereffective|p1a: Ferrothorn
|-damage|p1a: Ferrothorn|10/100 par
|-damage|p2a: Corviknight|58/100|[from] ability: Iron Barbs|[of] p1a: Ferrothorn
|move|p1a: Ferrothorn|Leech Seed|p2a: Corviknight
|-start|p2a: Corviknight|move: Leech Seed
|
|-heal|p1a: Ferrothorn|16/100 par|[from] item: Leftovers
|-damage|p2a: Corviknight|46/100|[from] Leech Seed|[of] p1a: Ferrothorn
|-heal|p1a: Ferrothorn|30/100 par|[silent]
|upkeep
|turn|10
|
|switch|p2a: Lunala|Lunala|88/100
|cant|p1a: Ferrothorn|par
|
|-heal|p1a: Ferrothorn|36/100 par|[from] item: Leftovers
|upkeep
|turn|11
|
|switch|p1a: Mandibuzz|Mandibuzz, F|84/100
|-damage|p1a: Mandibuzz|59/100|[from] Stealth Rock
|move|p2a: Lunala|Moongeist Beam|p1a: Mandibuzz
|-resisted|p1a: Mandibuzz
|-damage|p1a: Mandibuzz|43/100
|
|upkeep
|turn|12
|
|move|p2a: Lunala|Moonblast|p1a: Mandibuzz
|-supereffective|p1a: Mandibuzz
|-damage|p1a: Mandibuzz|0 fnt
|faint|p1a: Mandibuzz
|
|upkeep
|
|switch|p1a: Zacian|Zacian-Crowned|100/100
|-damage|p1a: Zacian|94/100|[from] Stealth Rock
|-ability|p1a: Zacian|Intrepid Sword|boost
|-boost|p1a: Zacian|atk|1
|turn|13
|
|switch|p2a: Corviknight|Corviknight, M|46/100
|-damage|p2a: Corviknight|34/100|[from] Stealth Rock
|-ability|p2a: Corviknight|Pressure
|move|p1a: Zacian|Behemoth Blade|p2a: Corviknight
|-resisted|p2a: Corviknight
|-damage|p2a: Corviknight|7/100
|-damage|p1a: Zacian|78/100|[from] item: Rocky Helmet|[of] p2a: Corviknight
|
|upkeep
|turn|14
|
|move|p1a: Zacian|Behemoth Blade|p2a: Corviknight
|-resisted|p2a: Corviknight
|-damage|p2a: Corviknight|0 fnt
|-damage|p1a: Zacian|61/100|[from] item: Rocky Helmet|[of] p2a: Corviknight
|faint|p2a: Corviknight
|
|upkeep
|
|switch|p2a: Dugtrio|Dugtrio, F|100/100
|-damage|p2a: Dugtrio|94/100|[from] Stealth Rock
|turn|15
|
|move|p1a: Zacian|Protect|p1a: Zacian
|-singleturn|p1a: Zacian|Protect
|move|p2a: Dugtrio|Earthquake|p1a: Zacian
|-activate|p1a: Zacian|move: Protect
|
|upkeep
|turn|16
|
|move|p2a: Dugtrio|Earthquake|p1a: Zacian
|-supereffective|p1a: Zacian
|-damage|p1a: Zacian|0 fnt
|faint|p1a: Zacian
|
|upkeep
|
|switch|p1a: Ferrothorn|Ferrothorn, F|36/100 par
|-damage|p1a: Ferrothorn|30/100 par|[from] Stealth Rock
|turn|17
|
|switch|p2a: Kyurem|Kyurem-White|100/100
|-damage|p2a: Kyurem|76/100|[from] Stealth Rock
|-ability|p2a: Kyurem|Turboblaze
|-start|p1a: Ferrothorn|Dynamax
|-heal|p1a: Ferrothorn|30/100 par|[silent]
|move|p1a: Ferrothorn|Max Darkness|p2a: Kyurem
|-damage|p2a: Kyurem|50/100
|-unboost|p2a: Kyurem|spd|1
|
|-heal|p1a: Ferrothorn|33/100 par|[from] item: Leftovers
|upkeep
|turn|18
|
|move|p2a: Kyurem|Fusion Flare|p1a: Ferrothorn
|-supereffective|p1a: Ferrothorn
|-damage|p1a: Ferrothorn|0 fnt
|faint|p1a: Ferrothorn
|
|upkeep
|
|switch|p1a: Lunala|Lunala|94/100
|turn|19
|
|switch|p1a: Necrozma|Necrozma-Dusk-Mane|89/100
|-damage|p1a: Necrozma|83/100|[from] Stealth Rock
|move|p2a: Kyurem|Fusion Flare|p1a: Necrozma
|-supereffective|p1a: Necrozma
|-damage|p1a: Necrozma|3/100
|
|-heal|p1a: Necrozma|9/100|[from] item: Leftovers
|upkeep
|turn|20
|
|move|p2a: Kyurem|Fusion Flare|p1a: Necrozma
|-supereffective|p1a: Necrozma
|-damage|p1a: Necrozma|0 fnt
|faint|p1a: Necrozma
|
|upkeep
|
|switch|p1a: Lunala|Lunala|94/100
|turn|21
|
|switch|p2a: Tyranitar|Tyranitar, F|67/100 brn
|-damage|p2a: Tyranitar|55/100 brn|[from] Stealth Rock
|-weather|Sandstorm|[from] ability: Sand Stream|[of] p2a: Tyranitar
|move|p1a: Lunala|Roost|p1a: Lunala
|-heal|p1a: Lunala|100/100
|-singleturn|p1a: Lunala|move: Roost
|
|-weather|Sandstorm|[upkeep]
|-damage|p1a: Lunala|94/100|[from] Sandstorm
|-damage|p2a: Tyranitar|49/100 brn|[from] brn
|upkeep
|turn|22
|
|switch|p1a: Toxapex|Toxapex, M|100/100
|-damage|p1a: Toxapex|88/100|[from] Stealth Rock
|move|p2a: Tyranitar|Thunder Wave|p1a: Toxapex
|-status|p1a: Toxapex|par
|
|-weather|Sandstorm|[upkeep]
|-damage|p1a: Toxapex|82/100 par|[from] Sandstorm
|-heal|p1a: Toxapex|88/100 par|[from] item: Black Sludge
|-damage|p2a: Tyranitar|42/100 brn|[from] brn
|upkeep
|turn|23
|
|switch|p2a: Kyurem|Kyurem-White|50/100
|-damage|p2a: Kyurem|25/100|[from] Stealth Rock
|-ability|p2a: Kyurem|Turboblaze
|move|p1a: Toxapex|Scald|p2a: Kyurem
|-resisted|p2a: Kyurem
|-damage|p2a: Kyurem|17/100
|
|-weather|Sandstorm|[upkeep]
|-damage|p2a: Kyurem|11/100|[from] Sandstorm
|-damage|p1a: Toxapex|82/100 par|[from] Sandstorm
|-heal|p1a: Toxapex|88/100 par|[from] item: Black Sludge
|upkeep
|turn|24
|
|switch|p1a: Lunala|Lunala|94/100
|move|p2a: Kyurem|Freeze-Dry|p1a: Lunala
|-damage|p1a: Lunala|51/100
|-status|p1a: Lunala|frz
|
|-weather|Sandstorm|[upkeep]
|-damage|p1a: Lunala|45/100 frz|[from] Sandstorm
|-damage|p2a: Kyurem|5/100|[from] Sandstorm
|upkeep
|turn|25
|
|-curestatus|p1a: Lunala|frz|[msg]
|move|p1a: Lunala|Roost|p1a: Lunala
|-heal|p1a: Lunala|95/100
|-singleturn|p1a: Lunala|move: Roost
|move|p2a: Kyurem|Freeze-Dry|p1a: Lunala
|-damage|p1a: Lunala|51/100
|
|-weather|none
|upkeep
|turn|26
|
|move|p1a: Lunala|Roost|p1a: Lunala
|-heal|p1a: Lunala|100/100
|-singleturn|p1a: Lunala|move: Roost
|move|p2a: Kyurem|Freeze-Dry|p1a: Lunala
|-crit|p1a: Lunala
|-damage|p1a: Lunala|65/100
|
|upkeep
|turn|27
|
|move|p1a: Lunala|Roost|p1a: Lunala
|-heal|p1a: Lunala|100/100
|-singleturn|p1a: Lunala|move: Roost
|move|p2a: Kyurem|Freeze-Dry|p1a: Lunala
|-damage|p1a: Lunala|76/100
|
|upkeep
|turn|28
|
|move|p1a: Lunala|Hex|p2a: Kyurem
|-damage|p2a: Kyurem|0 fnt
|faint|p2a: Kyurem
|
|upkeep
|
|switch|p2a: Dugtrio|Dugtrio, F|94/100
|-damage|p2a: Dugtrio|88/100|[from] Stealth Rock
|turn|29
|
|switch|p1a: Toxapex|Toxapex, M|100/100 par
|-damage|p1a: Toxapex|88/100 par|[from] Stealth Rock
|-start|p2a: Dugtrio|Dynamax
|-heal|p2a: Dugtrio|88/100|[silent]
|move|p2a: Dugtrio|Max Phantasm|p1a: Toxapex
|-damage|p1a: Toxapex|59/100 par
|-unboost|p1a: Toxapex|def|1
|
|-heal|p1a: Toxapex|66/100 par|[from] item: Black Sludge
|upkeep
|turn|30
|
|move|p2a: Dugtrio|Max Quake|p1a: Toxapex
|-supereffective|p1a: Toxapex
|-damage|p1a: Toxapex|0 fnt
|-boost|p2a: Dugtrio|spd|1
|faint|p1a: Toxapex
|
|upkeep
|-message|Stog XI forfeited.
|
|win|ULTN7U durag
|l|☆Stog XI
|raw|Stog XI's rating: 1604 &rarr; <strong>1572</strong><br />(-32 for losing)
|raw|ULTN7U durag's rating: 1376 &rarr; <strong>1407</strong><br />(+31 for winning)
