|j|☆TADTTT6A48
|j|☆MeGR
|t:|1622101958
|gametype|singles
|player|p1|TADTTT6A48|hilda-dueldisk|1144
|player|p2|MeGR|101|1000
|teamsize|p1|6
|teamsize|p2|6
|gen|8
|tier|[Gen 8] Ubers
|rated|
|rule|Sleep Clause Mod: Limit one foe put to sleep
|rule|Species Clause: Limit one of each Pokémon
|rule|OHKO Clause: OHKO moves are banned
|rule|Evasion Moves Clause: Evasion moves are banned
|rule|Endless Battle Clause: Forcing endless battles is banned
|rule|HP Percentage Mod: HP is shown in percentages
|rule|Dynamax Clause: You cannot dynamax
|clearpoke
|poke|p1|Calyrex-Shadow|
|poke|p1|Darmanitan-Galar, F|
|poke|p1|Marshadow|
|poke|p1|Kyogre|
|poke|p1|Yveltal|
|poke|p1|Xerneas-*|
|poke|p2|Dracovish|
|poke|p2|Rayquaza|
|poke|p2|Landorus, M|
|poke|p2|Metagross|
|poke|p2|Xerneas-*|
|poke|p2|Urshifu-*, F|
|teampreview
|inactive|Battle timer is ON: inactive players will automatically lose when time's up. (requested by TADTTT6A48)
|
|t:|1622101983
|start
|switch|p1a: Calyrex|Calyrex-Shadow|100/100
|switch|p2a: Xerneas|Xerneas|100/100
|-ability|p1a: Calyrex|As One
|-ability|p1a: Calyrex|Unnerve
|-ability|p2a: Xerneas|Fairy Aura
|turn|1
|
|t:|1622101996
|move|p1a: Calyrex|Astral Barrage|p2a: Xerneas
|-crit|p2a: Xerneas
|-damage|p2a: Xerneas|13/100
|move|p2a: Xerneas|Geomancy||[still]
|-prepare|p2a: Xerneas|Geomancy
|
|upkeep
|turn|2
|
|t:|1622102004
|move|p1a: Calyrex|Astral Barrage|p2a: Xerneas
|-damage|p2a: Xerneas|0 fnt
|faint|p2a: Xerneas
|-ability|p1a: Calyrex|Grim Neigh|boost
|-boost|p1a: Calyrex|spa|1
|
|upkeep
|
|t:|1622102014
|switch|p2a: Dracovish|Dracovish|100/100
|turn|3
|
|t:|1622102018
|move|p1a: Calyrex|Astral Barrage|p2a: Dracovish
|-damage|p2a: Dracovish|0 fnt
|faint|p2a: Dracovish
|-ability|p1a: Calyrex|Grim Neigh|boost
|-boost|p1a: Calyrex|spa|1
|
|upkeep
|
|t:|1622102045
|switch|p2a: Metagross|Metagross, shiny|100/100
|turn|4
|inactive|MeGR has 120 seconds left.
|
|t:|1622102062
|move|p1a: Calyrex|Astral Barrage|p2a: Metagross
|-supereffective|p2a: Metagross
|-damage|p2a: Metagross|0 fnt
|faint|p2a: Metagross
|-ability|p1a: Calyrex|Grim Neigh|boost
|-boost|p1a: Calyrex|spa|1
|
|upkeep
|inactive|MeGR has 120 seconds left.
|
|t:|1622102069
|switch|p2a: Landorus|Landorus, M|100/100
|turn|5
|
|t:|1622102075
|move|p1a: Calyrex|Astral Barrage|p2a: Landorus
|-damage|p2a: Landorus|0 fnt
|faint|p2a: Landorus
|-ability|p1a: Calyrex|Grim Neigh|boost
|-boost|p1a: Calyrex|spa|1
|
|upkeep
|
|t:|1622102081
|switch|p2a: Urshifu|Urshifu, F|100/100
|turn|6
|
|t:|1622102085
|move|p1a: Calyrex|Astral Barrage|p2a: Urshifu
|-resisted|p2a: Urshifu
|-damage|p2a: Urshifu|0 fnt
|faint|p2a: Urshifu
|-ability|p1a: Calyrex|Grim Neigh|boost
|-boost|p1a: Calyrex|spa|1
|
|upkeep
|
|t:|1622102103
|switch|p2a: Rayquaza|Rayquaza, shiny|100/100
|-ability|p2a: Rayquaza|Air Lock
|turn|7
|
|t:|1622102109
|move|p1a: Calyrex|Astral Barrage|p2a: Rayquaza
|-enditem|p2a: Rayquaza|Focus Sash
|-damage|p2a: Rayquaza|1/100
|move|p2a: Rayquaza|Ancient Power|p1a: Calyrex
|-damage|p1a: Calyrex|79/100
|
|upkeep
|turn|8
|
|t:|1622102118
|move|p1a: Calyrex|Astral Barrage|p2a: Rayquaza
|-damage|p2a: Rayquaza|0 fnt
|faint|p2a: Rayquaza
|
|win|TADTTT6A48
|raw|TADTTT6A48's rating: 1144 &rarr; <strong>1159</strong><br />(+15 for winning)
|raw|MeGR's rating: 1000 &rarr; <strong>1000</strong><br />(+0 for losing)
|l|☆MeGR
