|j|☆ICVR
|j|☆Reeeee131
|t:|1628272881
|gametype|singles
|player|p1|ICVR|ethan|
|player|p2|Reeeee131|medium|
|teamsize|p1|6
|teamsize|p2|6
|gen|8
|tier|[Gen 8] Ubers
|rated|Tournament battle
|rule|Sleep Clause Mod: Limit one foe put to sleep
|rule|Species Clause: Limit one of each Pokémon
|rule|OHKO Clause: OHKO moves are banned
|rule|Evasion Moves Clause: Evasion moves are banned
|rule|Endless Battle Clause: Forcing endless battles is banned
|rule|HP Percentage Mod: HP is shown in percentages
|rule|Dynamax Clause: You cannot dynamax
|clearpoke
|poke|p1|Slurpuff, F|
|poke|p1|Weavile, F|
|poke|p1|Yveltal|
|poke|p1|Calyrex-Shadow|
|poke|p1|Landorus, M|
|poke|p1|Necrozma-Dusk-Mane|
|poke|p2|Kyogre|
|poke|p2|Excadrill, M|
|poke|p2|Marshadow|
|poke|p2|Yveltal|
|poke|p2|Darmanitan-Galar, M|
|poke|p2|Zygarde|
|teampreview
|inactive|Battle timer is ON: inactive players will automatically lose when time's up. (requested by ICVR)
|inactive|Reeeee131 also wants the timer to be on.
|c|☆Reeeee131|glhf
|c|☆Reeeee131|oh u switched teams lol
|c|☆ICVR|hf
|j| Kirito_Tenshi
|
|t:|1628272903
|start
|switch|p1a: Weavile|Weavile, F|100/100
|switch|p2a: Excadrill|Excadrill, M|100/100
|-ability|p2a: Excadrill|Mold Breaker
|turn|1
|c|☆ICVR|I don't have only one team in my builder lmao
|
|t:|1628272925
|move|p1a: Weavile|Triple Axel|p2a: Excadrill
|-damage|p2a: Excadrill|85/100
|-damage|p2a: Excadrill|59/100
|-damage|p2a: Excadrill|15/100
|-hitcount|p2a: Excadrill|3
|move|p2a: Excadrill|Stealth Rock|p1a: Weavile
|-sidestart|p1: ICVR|move: Stealth Rock
|
|upkeep
|turn|2
|c|☆Reeeee131|lol
|c| Kirito_Tenshi|why icvr use weavile
|c|☆Reeeee131|same for me but most of mine r bad
|c| Kirito_Tenshi|in uber
|
|t:|1628272942
|move|p1a: Weavile|Knock Off|p2a: Excadrill
|-damage|p2a: Excadrill|0 fnt
|-enditem|p2a: Excadrill|Focus Sash|[from] move: Knock Off|[of] p1a: Weavile
|faint|p2a: Excadrill
|
|upkeep
|c|☆ICVR|cuz weavile is op ?
|c|☆Reeeee131|weavile has its purposes
|
|t:|1628272961
|switch|p2a: Darmanitan|Darmanitan-Galar, M|100/100
|turn|3
|
|t:|1628272968
|move|p2a: Darmanitan|Flare Blitz|p1a: Weavile
|-supereffective|p1a: Weavile
|-enditem|p1a: Weavile|Focus Sash
|-damage|p1a: Weavile|1/100
|-damage|p2a: Darmanitan|74/100|[from] Recoil
|-enditem|p2a: Darmanitan|Choice Scarf|[silent]|[from] ability: Pickpocket|[of] p2a: Darmanitan
|-item|p1a: Weavile|Choice Scarf|[from] ability: Pickpocket|[of] p2a: Darmanitan
|move|p1a: Weavile|Knock Off|p2a: Darmanitan
|-damage|p2a: Darmanitan|21/100
|
|upkeep
|turn|4
|
|t:|1628272978
|move|p1a: Weavile|Knock Off|p2a: Darmanitan
|-damage|p2a: Darmanitan|0 fnt
|faint|p2a: Darmanitan
|
|upkeep
|c|☆ICVR|Weavile moment
|
|t:|1628272984
|switch|p2a: Marshadow|Marshadow|100/100
|turn|5
|
|t:|1628272987
|move|p2a: Marshadow|Shadow Sneak|p1a: Weavile
|-resisted|p1a: Weavile
|-damage|p1a: Weavile|0 fnt
|faint|p1a: Weavile
|-damage|p2a: Marshadow|91/100|[from] item: Life Orb
|
|upkeep
|
|t:|1628272997
|switch|p1a: Necrozma|Necrozma-Dusk-Mane|100/100
|-damage|p1a: Necrozma|95/100|[from] Stealth Rock
|turn|6
|
|t:|1628273001
|move|p2a: Marshadow|Spectral Thief|p1a: Necrozma
|-supereffective|p1a: Necrozma
|-damage|p1a: Necrozma|19/100
|-damage|p2a: Marshadow|81/100|[from] item: Life Orb
|move|p1a: Necrozma|Sunsteel Strike|p2a: Marshadow
|-damage|p2a: Marshadow|0 fnt
|faint|p2a: Marshadow
|
|upkeep
|
|t:|1628273009
|switch|p2a: Zygarde|Zygarde|100/100
|turn|7
|
|t:|1628273017
|switch|p1a: Slurpuff|Slurpuff, F, shiny|100/100
|-damage|p1a: Slurpuff|88/100|[from] Stealth Rock
|move|p2a: Zygarde|Substitute|p2a: Zygarde
|-start|p2a: Zygarde|Substitute
|-damage|p2a: Zygarde|76/100
|
|-heal|p2a: Zygarde|82/100|[from] item: Leftovers
|upkeep
|turn|8
|
|t:|1628273022
|move|p2a: Zygarde|Dragon Dance|p2a: Zygarde
|-boost|p2a: Zygarde|atk|1
|-boost|p2a: Zygarde|spe|1
|move|p1a: Slurpuff|Misty Explosion|p2a: Zygarde
|-supereffective|p2a: Zygarde
|-end|p2a: Zygarde|Substitute
|faint|p1a: Slurpuff
|
|-heal|p2a: Zygarde|88/100|[from] item: Leftovers
|upkeep
|
|t:|1628273027
|switch|p1a: Landorus|Landorus, M|100/100
|-damage|p1a: Landorus|88/100|[from] Stealth Rock
|turn|9
|
|t:|1628273035
|move|p2a: Zygarde|Substitute|p2a: Zygarde
|-start|p2a: Zygarde|Substitute
|-damage|p2a: Zygarde|63/100
|move|p1a: Landorus|Earth Power|p2a: Zygarde
|-end|p2a: Zygarde|Substitute
|
|-heal|p2a: Zygarde|69/100|[from] item: Leftovers
|upkeep
|turn|10
|
|t:|1628273039
|move|p2a: Zygarde|Substitute|p2a: Zygarde
|-start|p2a: Zygarde|Substitute
|-damage|p2a: Zygarde|44/100
|move|p1a: Landorus|Earth Power|p2a: Zygarde
|-end|p2a: Zygarde|Substitute
|
|-heal|p2a: Zygarde|50/100|[from] item: Leftovers
|-activate|p2a: Zygarde|ability: Power Construct
|detailschange|p2a: Zygarde|Zygarde-Complete
|-heal|p2a: Zygarde|69/100|[silent]
|upkeep
|turn|11
|
|t:|1628273043
|move|p2a: Zygarde|Toxic|p1a: Landorus
|-status|p1a: Landorus|tox
|move|p1a: Landorus|Earth Power|p2a: Zygarde
|-damage|p2a: Zygarde|26/100
|
|-heal|p2a: Zygarde|33/100|[from] item: Leftovers
|-damage|p1a: Landorus|82/100 tox|[from] psn
|upkeep
|turn|12
|
|t:|1628273050
|move|p2a: Zygarde|Dragon Dance|p2a: Zygarde
|-boost|p2a: Zygarde|atk|1
|-boost|p2a: Zygarde|spe|1
|move|p1a: Landorus|Earth Power|p2a: Zygarde
|-damage|p2a: Zygarde|0 fnt
|faint|p2a: Zygarde
|
|-damage|p1a: Landorus|70/100 tox|[from] psn
|upkeep
|c|☆Reeeee131|damn misclick
|
|t:|1628273066
|switch|p2a: Kyogre|Kyogre|100/100
|-weather|RainDance|[from] ability: Drizzle|[of] p2a: Kyogre
|turn|13
|
|t:|1628273070
|move|p1a: Landorus|Explosion|p2a: Kyogre
|-damage|p2a: Kyogre|9/100
|faint|p1a: Landorus
|move|p2a: Kyogre|Ice Beam|p1: Landorus|[notarget]
|-fail|p2a: Kyogre
|
|-weather|RainDance|[upkeep]
|upkeep
|
|t:|1628273074
|switch|p1a: Calyrex|Calyrex-Shadow|100/100
|-ability|p1a: Calyrex|As One
|-ability|p1a: Calyrex|Unnerve
|-damage|p1a: Calyrex|88/100|[from] Stealth Rock
|turn|14
|
|t:|1628273078
|move|p1a: Calyrex|Draining Kiss|p2a: Kyogre
|-damage|p2a: Kyogre|0 fnt
|-heal|p1a: Calyrex|94/100|[from] drain|[of] p2a: Kyogre
|faint|p2a: Kyogre
|-ability|p1a: Calyrex|Grim Neigh|boost
|-boost|p1a: Calyrex|spa|1
|
|-weather|RainDance|[upkeep]
|upkeep
|
|t:|1628273080
|switch|p2a: Yveltal|Yveltal|100/100
|-ability|p2a: Yveltal|Dark Aura
|turn|15
|
|t:|1628273085
|move|p1a: Calyrex|Draining Kiss|p2a: Yveltal
|-supereffective|p2a: Yveltal
|-damage|p2a: Yveltal|49/100
|-heal|p1a: Calyrex|100/100|[from] drain|[of] p2a: Yveltal
|move|p2a: Yveltal|Dark Pulse|p1a: Calyrex
|-supereffective|p1a: Calyrex
|-enditem|p1a: Calyrex|Focus Sash
|-damage|p1a: Calyrex|1/100
|-damage|p2a: Yveltal|39/100|[from] item: Life Orb
|
|-weather|RainDance|[upkeep]
|upkeep
|turn|16
|
|t:|1628273093
|move|p1a: Calyrex|Draining Kiss|p2a: Yveltal
|-supereffective|p2a: Yveltal
|-damage|p2a: Yveltal|0 fnt
|-heal|p1a: Calyrex|35/100|[from] drain|[of] p2a: Yveltal
|faint|p2a: Yveltal
|
|win|ICVR
|n|☆ICVR|icvr
|n|☆Reeeee131|reeeee131
|n| Kirito_Tenshi|kiritotenshi
