|raw|<div class="broadcast-blue"><strong>This battle is required to be public due to a player having a name starting with 'ULTBG7V'.</div>
|j|☆ULTBG7V qrts
|j|☆punchthroughtheair
|t:|1621613877
|gametype|singles
|player|p1|ULTBG7V qrts|drayden|1646
|player|p2|punchthroughtheair|170|1475
|teamsize|p1|6
|teamsize|p2|6
|gen|8
|tier|[Gen 8] Ubers
|rated|
|rule|Sleep Clause Mod: Limit one foe put to sleep
|rule|Species Clause: Limit one of each Pokémon
|rule|OHKO Clause: OHKO moves are banned
|rule|Evasion Moves Clause: Evasion moves are banned
|rule|Endless Battle Clause: Forcing endless battles is banned
|rule|HP Percentage Mod: HP is shown in percentages
|rule|Dynamax Clause: You cannot dynamax
|clearpoke
|poke|p1|Marshadow|
|poke|p1|Ferrothorn, F|
|poke|p1|Necrozma-Dusk-Mane|
|poke|p1|Lunala|
|poke|p1|Eternatus|
|poke|p1|Yveltal|
|poke|p2|Eternatus|
|poke|p2|Regieleki|
|poke|p2|Calyrex-Shadow|
|poke|p2|Yveltal|
|poke|p2|Ho-Oh|
|poke|p2|Pheromosa|
|teampreview
|
|t:|1621613902
|start
|switch|p1a: Lunala|Lunala|100/100
|switch|p2a: Regieleki|Regieleki|100/100
|turn|1
|
|t:|1621613906
|move|p2a: Regieleki|Volt Switch|p1a: Lunala
|-damage|p1a: Lunala|74/100
|
|t:|1621613909
|switch|p2a: Yveltal|Yveltal|100/100|[from]move: Volt Switch
|-ability|p2a: Yveltal|Dark Aura
|move|p1a: Lunala|Will-O-Wisp|p2a: Yveltal|[miss]
|-miss|p1a: Lunala|p2a: Yveltal
|
|upkeep
|turn|2
|
|t:|1621613913
|switch|p1a: Eternatus|Eternatus|100/100
|-ability|p1a: Eternatus|Pressure
|move|p2a: Yveltal|Foul Play|p1a: Eternatus
|-damage|p1a: Eternatus|78/100
|
|upkeep
|turn|3
|
|t:|1621613919
|switch|p2a: Ho-Oh|Ho-Oh|100/100
|move|p1a: Eternatus|Toxic Spikes|p2a: Ho-Oh
|-sidestart|p2: punchthroughtheair|move: Toxic Spikes
|
|upkeep
|turn|4
|
|t:|1621613929
|move|p1a: Eternatus|Recover|p1a: Eternatus
|-heal|p1a: Eternatus|100/100
|move|p2a: Ho-Oh|Defog|p1a: Eternatus
|-unboost|p1a: Eternatus|evasion|1
|-sideend|p2: punchthroughtheair|Toxic Spikes|[from] move: Defog|[of] p2a: Ho-Oh
|
|upkeep
|turn|5
|
|t:|1621613936
|move|p1a: Eternatus|Toxic Spikes|p2a: Ho-Oh
|-sidestart|p2: punchthroughtheair|move: Toxic Spikes
|move|p2a: Ho-Oh|Brave Bird|p1a: Eternatus
|-damage|p1a: Eternatus|68/100
|-damage|p2a: Ho-Oh|88/100|[from] Recoil
|
|upkeep
|turn|6
|
|t:|1621613941
|move|p1a: Eternatus|Recover|p1a: Eternatus
|-heal|p1a: Eternatus|100/100
|move|p2a: Ho-Oh|Defog|p1a: Eternatus
|-unboost|p1a: Eternatus|evasion|1
|-sideend|p2: punchthroughtheair|Toxic Spikes|[from] move: Defog|[of] p2a: Ho-Oh
|
|upkeep
|turn|7
|
|t:|1621613945
|switch|p2a: Calyrex|Calyrex-Shadow|100/100
|-ability|p2a: Calyrex|As One
|-ability|p2a: Calyrex|Unnerve
|move|p1a: Eternatus|Toxic Spikes|p2a: Calyrex
|-sidestart|p2: punchthroughtheair|move: Toxic Spikes
|
|upkeep
|turn|8
|
|t:|1621613949
|switch|p1a: Yveltal|Yveltal|100/100
|-ability|p1a: Yveltal|Dark Aura
|move|p2a: Calyrex|Substitute|p2a: Calyrex
|-start|p2a: Calyrex|Substitute
|-damage|p2a: Calyrex|76/100
|
|-heal|p2a: Calyrex|82/100|[from] item: Leftovers
|upkeep
|turn|9
|
|t:|1621613951
|move|p2a: Calyrex|Draining Kiss|p1a: Yveltal
|-supereffective|p1a: Yveltal
|-damage|p1a: Yveltal|73/100
|-heal|p2a: Calyrex|100/100|[from] drain|[of] p1a: Yveltal
|move|p1a: Yveltal|Foul Play|p2a: Calyrex
|-supereffective|p2a: Calyrex
|-end|p2a: Calyrex|Substitute
|
|upkeep
|turn|10
|
|t:|1621613955
|move|p2a: Calyrex|Substitute|p2a: Calyrex
|-start|p2a: Calyrex|Substitute
|-damage|p2a: Calyrex|76/100
|move|p1a: Yveltal|Roost|p1a: Yveltal
|-heal|p1a: Yveltal|100/100
|-singleturn|p1a: Yveltal|move: Roost
|
|-heal|p2a: Calyrex|82/100|[from] item: Leftovers
|upkeep
|turn|11
|
|t:|1621613959
|move|p2a: Calyrex|Calm Mind|p2a: Calyrex
|-boost|p2a: Calyrex|spa|1
|-boost|p2a: Calyrex|spd|1
|move|p1a: Yveltal|Foul Play|p2a: Calyrex
|-supereffective|p2a: Calyrex
|-end|p2a: Calyrex|Substitute
|
|-heal|p2a: Calyrex|88/100|[from] item: Leftovers
|upkeep
|turn|12
|
|t:|1621613963
|move|p2a: Calyrex|Substitute|p2a: Calyrex
|-start|p2a: Calyrex|Substitute
|-damage|p2a: Calyrex|63/100
|move|p1a: Yveltal|Foul Play|p2a: Calyrex
|-supereffective|p2a: Calyrex
|-end|p2a: Calyrex|Substitute
|
|-heal|p2a: Calyrex|69/100|[from] item: Leftovers
|upkeep
|turn|13
|
|t:|1621613968
|switch|p2a: Ho-Oh|Ho-Oh|100/100
|move|p1a: Yveltal|Foul Play|p2a: Ho-Oh
|-damage|p2a: Ho-Oh|49/100
|
|upkeep
|turn|14
|
|t:|1621613970
|move|p1a: Yveltal|Foul Play|p2a: Ho-Oh
|-damage|p2a: Ho-Oh|2/100
|move|p2a: Ho-Oh|Defog|p1a: Yveltal
|-unboost|p1a: Yveltal|evasion|1
|-sideend|p2: punchthroughtheair|Toxic Spikes|[from] move: Defog|[of] p2a: Ho-Oh
|
|upkeep
|turn|15
|j| MorSpark_GAMING
|
|t:|1621613974
|switch|p2a: Eternatus|Eternatus|100/100
|-ability|p2a: Eternatus|Pressure
|move|p1a: Yveltal|U-turn|p2a: Eternatus
|-resisted|p2a: Eternatus
|-damage|p2a: Eternatus|96/100
|
|t:|1621613979
|switch|p1a: Necrozma|Necrozma-Dusk-Mane|100/100|[from]move: U-turn
|
|-heal|p2a: Eternatus|100/100|[from] item: Black Sludge
|upkeep
|turn|16
|
|t:|1621613983
|move|p2a: Eternatus|Flamethrower|p1a: Necrozma
|-supereffective|p1a: Necrozma
|-damage|p1a: Necrozma|71/100
|-status|p1a: Necrozma|brn
|move|p1a: Necrozma|Stealth Rock|p2a: Eternatus
|-sidestart|p2: punchthroughtheair|move: Stealth Rock
|
|-heal|p1a: Necrozma|77/100 brn|[from] item: Leftovers
|-damage|p1a: Necrozma|71/100 brn|[from] brn
|upkeep
|turn|17
|j| hjuyttdd
|
|t:|1621613995
|move|p2a: Eternatus|Flamethrower|p1a: Necrozma
|-supereffective|p1a: Necrozma
|-damage|p1a: Necrozma|40/100 brn
|move|p1a: Necrozma|Earthquake|p2a: Eternatus
|-supereffective|p2a: Eternatus
|-damage|p2a: Eternatus|84/100
|
|-heal|p2a: Eternatus|90/100|[from] item: Black Sludge
|-heal|p1a: Necrozma|46/100 brn|[from] item: Leftovers
|-damage|p1a: Necrozma|40/100 brn|[from] brn
|upkeep
|turn|18
|
|t:|1621614004
|switch|p2a: Pheromosa|Pheromosa|100/100
|-damage|p2a: Pheromosa|88/100|[from] Stealth Rock
|move|p1a: Necrozma|Morning Sun|p1a: Necrozma
|-heal|p1a: Necrozma|90/100 brn
|
|-heal|p1a: Necrozma|96/100 brn|[from] item: Leftovers
|-damage|p1a: Necrozma|90/100 brn|[from] brn
|upkeep
|turn|19
|
|t:|1621614008
|move|p2a: Pheromosa|U-turn|p1a: Necrozma
|-damage|p1a: Necrozma|59/100 brn
|
|t:|1621614010
|switch|p2a: Ho-Oh|Ho-Oh|35/100|[from]move: U-turn
|move|p1a: Necrozma|Sunsteel Strike|p2a: Ho-Oh
|-resisted|p2a: Ho-Oh
|-damage|p2a: Ho-Oh|23/100
|
|-heal|p1a: Necrozma|65/100 brn|[from] item: Leftovers
|-damage|p1a: Necrozma|59/100 brn|[from] brn
|upkeep
|turn|20
|
|t:|1621614014
|switch|p1a: Eternatus|Eternatus|100/100
|-ability|p1a: Eternatus|Pressure
|move|p2a: Ho-Oh|Sacred Fire|p1a: Eternatus
|-resisted|p1a: Eternatus
|-damage|p1a: Eternatus|87/100
|-status|p1a: Eternatus|brn
|
|-damage|p1a: Eternatus|80/100 brn|[from] brn
|upkeep
|turn|21
|
|t:|1621614018
|move|p1a: Eternatus|Dynamax Cannon|p2a: Ho-Oh
|-damage|p2a: Ho-Oh|1/100
|move|p2a: Ho-Oh|Roost|p2a: Ho-Oh
|-heal|p2a: Ho-Oh|51/100
|-singleturn|p2a: Ho-Oh|move: Roost
|
|-damage|p1a: Eternatus|74/100 brn|[from] brn
|upkeep
|turn|22
|
|t:|1621614025
|move|p1a: Eternatus|Dynamax Cannon|p2a: Ho-Oh
|-damage|p2a: Ho-Oh|31/100
|move|p2a: Ho-Oh|Defog|p1a: Eternatus
|-unboost|p1a: Eternatus|evasion|1
|-sideend|p2: punchthroughtheair|Stealth Rock|[from] move: Defog|[of] p2a: Ho-Oh
|
|-damage|p1a: Eternatus|68/100 brn|[from] brn
|upkeep
|turn|23
|
|t:|1621614028
|move|p1a: Eternatus|Recover|p1a: Eternatus
|-heal|p1a: Eternatus|100/100 brn
|move|p2a: Ho-Oh|Roost|p2a: Ho-Oh
|-heal|p2a: Ho-Oh|81/100
|-singleturn|p2a: Ho-Oh|move: Roost
|
|-damage|p1a: Eternatus|94/100 brn|[from] brn
|upkeep
|turn|24
|
|t:|1621614032
|move|p1a: Eternatus|Toxic Spikes|p2a: Ho-Oh
|-sidestart|p2: punchthroughtheair|move: Toxic Spikes
|move|p2a: Ho-Oh|Sacred Fire|p1a: Eternatus
|-resisted|p1a: Eternatus
|-damage|p1a: Eternatus|81/100 brn
|
|-damage|p1a: Eternatus|74/100 brn|[from] brn
|upkeep
|turn|25
|
|t:|1621614039
|move|p1a: Eternatus|Toxic Spikes|p2a: Ho-Oh
|-sidestart|p2: punchthroughtheair|move: Toxic Spikes
|move|p2a: Ho-Oh|Defog|p1a: Eternatus
|-unboost|p1a: Eternatus|evasion|1
|-sideend|p2: punchthroughtheair|Toxic Spikes|[from] move: Defog|[of] p2a: Ho-Oh
|
|-damage|p1a: Eternatus|68/100 brn|[from] brn
|upkeep
|turn|26
|
|t:|1621614047
|switch|p2a: Pheromosa|Pheromosa|88/100
|move|p1a: Eternatus|Recover|p1a: Eternatus
|-heal|p1a: Eternatus|100/100 brn
|
|-damage|p1a: Eternatus|94/100 brn|[from] brn
|upkeep
|turn|27
|
|t:|1621614053
|switch|p1a: Ferrothorn|Ferrothorn, F|100/100
|move|p2a: Pheromosa|Triple Axel|p1a: Ferrothorn
|-damage|p1a: Ferrothorn|92/100
|-damage|p2a: Pheromosa|76/100|[from] ability: Iron Barbs|[of] p1a: Ferrothorn
|-damage|p1a: Ferrothorn|76/100
|-damage|p2a: Pheromosa|63/100|[from] ability: Iron Barbs|[of] p1a: Ferrothorn
|-crit|p1a: Ferrothorn
|-damage|p1a: Ferrothorn|40/100
|-damage|p2a: Pheromosa|51/100|[from] ability: Iron Barbs|[of] p1a: Ferrothorn
|-hitcount|p1a: Ferrothorn|3
|
|upkeep
|turn|28
|
|t:|1621614058
|switch|p1a: Necrozma|Necrozma-Dusk-Mane|59/100 brn
|move|p2a: Pheromosa|Triple Axel|p1a: Necrozma
|-resisted|p1a: Necrozma
|-damage|p1a: Necrozma|56/100 brn
|-resisted|p1a: Necrozma
|-damage|p1a: Necrozma|50/100 brn
|-resisted|p1a: Necrozma
|-damage|p1a: Necrozma|41/100 brn
|-hitcount|p1a: Necrozma|3
|
|-heal|p1a: Necrozma|47/100 brn|[from] item: Leftovers
|-damage|p1a: Necrozma|41/100 brn|[from] brn
|upkeep
|turn|29
|
|t:|1621614068
|switch|p2a: Ho-Oh|Ho-Oh|100/100
|move|p1a: Necrozma|Morning Sun|p1a: Necrozma
|-heal|p1a: Necrozma|91/100 brn
|
|-heal|p1a: Necrozma|97/100 brn|[from] item: Leftovers
|-damage|p1a: Necrozma|91/100 brn|[from] brn
|upkeep
|turn|30
|
|t:|1621614074
|switch|p2a: Pheromosa|Pheromosa|51/100
|switch|p1a: Eternatus|Eternatus|94/100 brn
|-ability|p1a: Eternatus|Pressure
|
|-damage|p1a: Eternatus|88/100 brn|[from] brn
|upkeep
|turn|31
|
|t:|1621614079
|switch|p1a: Necrozma|Necrozma-Dusk-Mane|91/100 brn
|move|p2a: Pheromosa|Triple Axel|p1a: Necrozma
|-resisted|p1a: Necrozma
|-damage|p1a: Necrozma|88/100 brn
|-resisted|p1a: Necrozma
|-damage|p1a: Necrozma|82/100 brn
|-resisted|p1a: Necrozma
|-damage|p1a: Necrozma|74/100 brn
|-hitcount|p1a: Necrozma|3
|
|-heal|p1a: Necrozma|80/100 brn|[from] item: Leftovers
|-damage|p1a: Necrozma|74/100 brn|[from] brn
|upkeep
|turn|32
|
|t:|1621614084
|switch|p2a: Calyrex|Calyrex-Shadow|69/100
|-ability|p2a: Calyrex|As One
|-ability|p2a: Calyrex|Unnerve
|move|p1a: Necrozma|Stealth Rock|p2a: Calyrex
|-sidestart|p2: punchthroughtheair|move: Stealth Rock
|
|-heal|p2a: Calyrex|75/100|[from] item: Leftovers
|-heal|p1a: Necrozma|80/100 brn|[from] item: Leftovers
|-damage|p1a: Necrozma|74/100 brn|[from] brn
|upkeep
|turn|33
|
|t:|1621614089
|switch|p1a: Yveltal|Yveltal|100/100
|-ability|p1a: Yveltal|Dark Aura
|move|p2a: Calyrex|Draining Kiss|p1a: Yveltal
|-supereffective|p1a: Yveltal
|-damage|p1a: Yveltal|73/100
|-heal|p2a: Calyrex|100/100|[from] drain|[of] p1a: Yveltal
|
|upkeep
|turn|34
|
|t:|1621614096
|switch|p2a: Eternatus|Eternatus|90/100
|-damage|p2a: Eternatus|77/100|[from] Stealth Rock
|-ability|p2a: Eternatus|Pressure
|move|p1a: Yveltal|Foul Play|p2a: Eternatus
|-damage|p2a: Eternatus|61/100
|
|-heal|p2a: Eternatus|67/100|[from] item: Black Sludge
|upkeep
|turn|35
|
|t:|1621614100
|move|p1a: Yveltal|U-turn|p2a: Eternatus
|-resisted|p2a: Eternatus
|-damage|p2a: Eternatus|62/100
|
|t:|1621614104
|switch|p1a: Lunala|Lunala|74/100|[from]move: U-turn
|move|p2a: Eternatus|Dynamax Cannon|p1a: Lunala
|-damage|p1a: Lunala|42/100
|
|-heal|p2a: Eternatus|68/100|[from] item: Black Sludge
|upkeep
|turn|36
|
|t:|1621614112
|switch|p2a: Yveltal|Yveltal|100/100
|-damage|p2a: Yveltal|75/100|[from] Stealth Rock
|-ability|p2a: Yveltal|Dark Aura
|move|p1a: Lunala|Roost|p1a: Lunala
|-heal|p1a: Lunala|92/100
|-singleturn|p1a: Lunala|move: Roost
|
|-heal|p2a: Yveltal|82/100|[from] item: Leftovers
|upkeep
|turn|37
|
|t:|1621614120
|switch|p1a: Eternatus|Eternatus|88/100 brn
|-ability|p1a: Eternatus|Pressure
|move|p2a: Yveltal|Foul Play|p1a: Eternatus
|-damage|p1a: Eternatus|66/100 brn
|
|-heal|p2a: Yveltal|88/100|[from] item: Leftovers
|-damage|p1a: Eternatus|60/100 brn|[from] brn
|upkeep
|turn|38
|
|t:|1621614131
|switch|p2a: Ho-Oh|Ho-Oh|100/100
|move|p1a: Eternatus|Toxic Spikes|p2a: Ho-Oh
|-sidestart|p2: punchthroughtheair|move: Toxic Spikes
|
|-damage|p1a: Eternatus|54/100 brn|[from] brn
|upkeep
|turn|39
|
|t:|1621614133
|move|p1a: Eternatus|Recover|p1a: Eternatus
|-heal|p1a: Eternatus|100/100 brn
|move|p2a: Ho-Oh|Defog|p1a: Eternatus
|-unboost|p1a: Eternatus|evasion|1
|-sideend|p2: punchthroughtheair|Toxic Spikes|[from] move: Defog|[of] p2a: Ho-Oh
|-sideend|p2: punchthroughtheair|Stealth Rock|[from] move: Defog|[of] p2a: Ho-Oh
|
|-damage|p1a: Eternatus|94/100 brn|[from] brn
|upkeep
|turn|40
|
|t:|1621614142
|move|p1a: Eternatus|Toxic Spikes|p2a: Ho-Oh
|-sidestart|p2: punchthroughtheair|move: Toxic Spikes
|move|p2a: Ho-Oh|Brave Bird|p1a: Eternatus
|-damage|p1a: Eternatus|61/100 brn
|-damage|p2a: Ho-Oh|88/100|[from] Recoil
|
|-damage|p1a: Eternatus|54/100 brn|[from] brn
|upkeep
|turn|41
|
|t:|1621614149
|switch|p2a: Eternatus|Eternatus|68/100
|-sideend|p2: punchthroughtheair|move: Toxic Spikes|[of] p2a: Eternatus
|-ability|p2a: Eternatus|Pressure
|move|p1a: Eternatus|Recover|p1a: Eternatus
|-heal|p1a: Eternatus|100/100 brn
|
|-heal|p2a: Eternatus|75/100|[from] item: Black Sludge
|-damage|p1a: Eternatus|94/100 brn|[from] brn
|upkeep
|turn|42
|
|t:|1621614155
|switch|p2a: Ho-Oh|Ho-Oh|100/100
|move|p1a: Eternatus|Toxic Spikes|p2a: Ho-Oh
|-sidestart|p2: punchthroughtheair|move: Toxic Spikes
|
|-damage|p1a: Eternatus|88/100 brn|[from] brn
|upkeep
|turn|43
|
|t:|1621614157
|switch|p1a: Lunala|Lunala|92/100
|switch|p2a: Eternatus|Eternatus|75/100
|-sideend|p2: punchthroughtheair|move: Toxic Spikes|[of] p2a: Eternatus
|-ability|p2a: Eternatus|Pressure
|
|-heal|p2a: Eternatus|81/100|[from] item: Black Sludge
|upkeep
|turn|44
|
|t:|1621614162
|switch|p2a: Yveltal|Yveltal|88/100
|-ability|p2a: Yveltal|Dark Aura
|move|p1a: Lunala|Roost|p1a: Lunala
|-heal|p1a: Lunala|100/100
|-singleturn|p1a: Lunala|move: Roost
|
|-heal|p2a: Yveltal|94/100|[from] item: Leftovers
|upkeep
|turn|45
|
|t:|1621614170
|switch|p1a: Yveltal|Yveltal|73/100
|-ability|p1a: Yveltal|Dark Aura
|move|p2a: Yveltal|Foul Play|p1a: Yveltal
|-resisted|p1a: Yveltal
|-damage|p1a: Yveltal|50/100
|
|-heal|p2a: Yveltal|99/100|[from] item: Leftovers
|upkeep
|turn|46
|
|t:|1621614173
|move|p1a: Yveltal|Roost|p1a: Yveltal
|-heal|p1a: Yveltal|100/100
|-singleturn|p1a: Yveltal|move: Roost
|move|p2a: Yveltal|Toxic|p1a: Yveltal
|-status|p1a: Yveltal|tox
|
|-heal|p2a: Yveltal|100/100|[from] item: Leftovers
|-damage|p1a: Yveltal|94/100 tox|[from] psn
|upkeep
|turn|47
|
|t:|1621614181
|switch|p2a: Eternatus|Eternatus|81/100
|-ability|p2a: Eternatus|Pressure
|move|p1a: Yveltal|U-turn|p2a: Eternatus
|-resisted|p2a: Eternatus
|-damage|p2a: Eternatus|76/100
|
|t:|1621614191
|switch|p1a: Necrozma|Necrozma-Dusk-Mane|74/100 brn|[from]move: U-turn
|
|-heal|p2a: Eternatus|82/100|[from] item: Black Sludge
|-heal|p1a: Necrozma|80/100 brn|[from] item: Leftovers
|-damage|p1a: Necrozma|74/100 brn|[from] brn
|upkeep
|turn|48
|
|t:|1621614195
|move|p2a: Eternatus|Flamethrower|p1a: Necrozma
|-supereffective|p1a: Necrozma
|-damage|p1a: Necrozma|39/100 brn
|move|p1a: Necrozma|Stealth Rock|p2a: Eternatus
|-sidestart|p2: punchthroughtheair|move: Stealth Rock
|
|-heal|p2a: Eternatus|88/100|[from] item: Black Sludge
|-heal|p1a: Necrozma|45/100 brn|[from] item: Leftovers
|-damage|p1a: Necrozma|39/100 brn|[from] brn
|upkeep
|turn|49
|
|t:|1621614200
|move|p2a: Eternatus|Flamethrower|p1a: Necrozma
|-supereffective|p1a: Necrozma
|-damage|p1a: Necrozma|7/100 brn
|move|p1a: Necrozma|Morning Sun|p1a: Necrozma
|-heal|p1a: Necrozma|57/100 brn
|
|-heal|p2a: Eternatus|94/100|[from] item: Black Sludge
|-heal|p1a: Necrozma|63/100 brn|[from] item: Leftovers
|-damage|p1a: Necrozma|57/100 brn|[from] brn
|upkeep
|turn|50
|
|t:|1621614206
|move|p2a: Eternatus|Flamethrower|p1a: Necrozma
|-supereffective|p1a: Necrozma
|-damage|p1a: Necrozma|27/100 brn
|move|p1a: Necrozma|Morning Sun|p1a: Necrozma
|-heal|p1a: Necrozma|77/100 brn
|
|-heal|p2a: Eternatus|100/100|[from] item: Black Sludge
|-heal|p1a: Necrozma|83/100 brn|[from] item: Leftovers
|-damage|p1a: Necrozma|77/100 brn|[from] brn
|upkeep
|turn|51
|
|t:|1621614210
|switch|p2a: Ho-Oh|Ho-Oh|100/100
|switch|p1a: Lunala|Lunala|100/100
|
|upkeep
|turn|52
|
|t:|1621614215
|switch|p1a: Eternatus|Eternatus|88/100 brn
|-ability|p1a: Eternatus|Pressure
|move|p2a: Ho-Oh|Defog|p1a: Eternatus
|-unboost|p1a: Eternatus|evasion|1
|-sideend|p2: punchthroughtheair|Stealth Rock|[from] move: Defog|[of] p2a: Ho-Oh
|
|-damage|p1a: Eternatus|82/100 brn|[from] brn
|upkeep
|turn|53
|
|t:|1621614223
|switch|p2a: Pheromosa|Pheromosa|51/100
|move|p1a: Eternatus|Dynamax Cannon|p2a: Pheromosa
|-damage|p2a: Pheromosa|0 fnt
|faint|p2a: Pheromosa
|
|-damage|p1a: Eternatus|76/100 brn|[from] brn
|upkeep
|
|t:|1621614227
|switch|p2a: Calyrex|Calyrex-Shadow|100/100
|-ability|p2a: Calyrex|As One
|-ability|p2a: Calyrex|Unnerve
|turn|54
|
|t:|1621614236
|switch|p2a: Regieleki|Regieleki|100/100
|move|p1a: Eternatus|Dragon Tail|p2a: Regieleki
|-damage|p2a: Regieleki|85/100
|drag|p2a: Ho-Oh|Ho-Oh|100/100
|
|-damage|p1a: Eternatus|69/100 brn|[from] brn
|upkeep
|turn|55
|
|t:|1621614248
|switch|p2a: Calyrex|Calyrex-Shadow|100/100
|-ability|p2a: Calyrex|As One
|-ability|p2a: Calyrex|Unnerve
|move|p1a: Eternatus|Toxic Spikes|p2a: Calyrex
|-sidestart|p2: punchthroughtheair|move: Toxic Spikes
|
|-damage|p1a: Eternatus|63/100 brn|[from] brn
|upkeep
|turn|56
|
|t:|1621614259
|switch|p1a: Yveltal|Yveltal|94/100 tox
|-ability|p1a: Yveltal|Dark Aura
|move|p2a: Calyrex|Draining Kiss|p1a: Yveltal
|-supereffective|p1a: Yveltal
|-damage|p1a: Yveltal|63/100 tox
|
|-damage|p1a: Yveltal|57/100 tox|[from] psn
|upkeep
|turn|57
|
|t:|1621614264
|move|p2a: Calyrex|Substitute|p2a: Calyrex
|-start|p2a: Calyrex|Substitute
|-damage|p2a: Calyrex|76/100
|move|p1a: Yveltal|Roost|p1a: Yveltal
|-heal|p1a: Yveltal|100/100 tox
|-singleturn|p1a: Yveltal|move: Roost
|
|-heal|p2a: Calyrex|82/100|[from] item: Leftovers
|-damage|p1a: Yveltal|88/100 tox|[from] psn
|upkeep
|turn|58
|
|t:|1621614268
|move|p2a: Calyrex|Draining Kiss|p1a: Yveltal
|-supereffective|p1a: Yveltal
|-damage|p1a: Yveltal|60/100 tox
|-heal|p2a: Calyrex|100/100|[from] drain|[of] p1a: Yveltal
|move|p1a: Yveltal|Foul Play|p2a: Calyrex
|-supereffective|p2a: Calyrex
|-end|p2a: Calyrex|Substitute
|
|-damage|p1a: Yveltal|42/100 tox|[from] psn
|upkeep
|turn|59
|
|t:|1621614278
|move|p2a: Calyrex|Substitute|p2a: Calyrex
|-start|p2a: Calyrex|Substitute
|-damage|p2a: Calyrex|76/100
|move|p1a: Yveltal|U-turn|p2a: Calyrex
|-activate|p2a: Calyrex|move: Substitute|[damage]
|
|t:|1621614314
|switch|p1a: Lunala|Lunala|100/100|[from]move: U-turn
|
|-heal|p2a: Calyrex|82/100|[from] item: Leftovers
|upkeep
|turn|60
|
|t:|1621614317
|move|p2a: Calyrex|Astral Barrage|p1a: Lunala
|-supereffective|p1a: Lunala
|-damage|p1a: Lunala|0 fnt
|faint|p1a: Lunala
|-ability|p2a: Calyrex|Grim Neigh|boost
|-boost|p2a: Calyrex|spa|1
|
|-heal|p2a: Calyrex|88/100|[from] item: Leftovers
|upkeep
|
|t:|1621614325
|switch|p1a: Yveltal|Yveltal|42/100 tox
|-ability|p1a: Yveltal|Dark Aura
|turn|61
|
|t:|1621614327
|move|p2a: Calyrex|Draining Kiss|p1a: Yveltal
|-supereffective|p1a: Yveltal
|-damage|p1a: Yveltal|0 fnt
|-heal|p2a: Calyrex|100/100|[from] drain|[of] p1a: Yveltal
|faint|p1a: Yveltal
|-ability|p2a: Calyrex|Grim Neigh|boost
|-boost|p2a: Calyrex|spa|1
|
|upkeep
|l| hjuyttdd
|j|+Staxi
|
|t:|1621614340
|switch|p1a: Marshadow|Marshadow|100/100
|turn|62
|
|t:|1621614342
|move|p1a: Marshadow|Shadow Sneak|p2a: Calyrex
|-supereffective|p2a: Calyrex
|-end|p2a: Calyrex|Substitute
|move|p2a: Calyrex|Draining Kiss|p1a: Marshadow
|-supereffective|p1a: Marshadow
|-damage|p1a: Marshadow|10/100
|
|upkeep
|turn|63
|-message|ULTBG7V qrts forfeited.
|
|win|punchthroughtheair
|l|☆ULTBG7V qrts
|raw|ULTBG7V qrts's rating: 1646 &rarr; <strong>1617</strong><br />(-29 for losing)
|raw|punchthroughtheair's rating: 1475 &rarr; <strong>1504</strong><br />(+29 for winning)
|l|+Staxi
|l|☆punchthroughtheair
|j| hjuyttdd
||Ladder isn't responding, score probably updated but might not have (Request timeout).
|j|☆ULTBG7V qrts
|player|p1|ULTBG7V qrts|drayden
|l|☆ULTBG7V qrts
|player|p1|
