|j|☆MollyCock
|j|☆Blitzle adorable
|player|p1|MollyCock|ghetsis-gen5bw|1699
|player|p2|Blitzle adorable|lass-gen4|1500
|teamsize|p1|6
|teamsize|p2|6
|gametype|singles
|gen|8
|tier|[Gen 8] Ubers
|rated|
|clearpoke
|poke|p1|Melmetal|
|poke|p1|Bronzong|
|poke|p1|Reshiram|
|poke|p1|Dracovish|
|poke|p1|Necrozma-Dusk-Mane|
|poke|p1|Whimsicott, M|
|poke|p2|Hippowdon, F|
|poke|p2|Excadrill, M|
|poke|p2|Reshiram|
|poke|p2|Toxapex, M|
|poke|p2|Umbreon, F|
|poke|p2|Corviknight, M|
|rule|Sleep Clause Mod: Limit one foe put to sleep
|rule|Species Clause: Limit one of each Pokémon
|rule|OHKO Clause: OHKO moves are banned
|rule|Evasion Moves Clause: Evasion moves are banned
|rule|Endless Battle Clause: Forcing endless battles is banned
|rule|HP Percentage Mod: HP is shown in percentages
|teampreview
|inactive|Battle timer is ON: inactive players will automatically lose when time's up. (requested by Blitzle adorable)
|
|start
|switch|p1a: Bronzong|Bronzong|100/100
|switch|p2a: Reshiram|Reshiram|100/100
|-ability|p2a: Reshiram|Turboblaze
|turn|1
|
|switch|p1a: Dracovish|Dracovish|100/100
|move|p2a: Reshiram|Blue Flare|p1a: Dracovish
|-resisted|p1a: Dracovish
|-damage|p1a: Dracovish|73/100
|
|upkeep
|turn|2
|
|switch|p2a: Toxapex|Toxapex, M|100/100
|switch|p1a: Whimsicott|Whimsicott, M|100/100
|
|upkeep
|turn|3
|
|switch|p1a: Necrozma|Necrozma-Dusk-Mane|100/100
|move|p2a: Toxapex|Toxic Spikes|p1a: Necrozma
|-sidestart|p1: MollyCock|move: Toxic Spikes
|
|upkeep
|turn|4
|
|switch|p2a: Corviknight|Corviknight, M|100/100
|-ability|p2a: Corviknight|Pressure
|move|p1a: Necrozma|Swords Dance|p1a: Necrozma
|-boost|p1a: Necrozma|atk|2
|
|upkeep
|turn|5
|
|move|p2a: Corviknight|U-turn|p1a: Necrozma
|-damage|p1a: Necrozma|90/100
|
|switch|p2a: Hippowdon|Hippowdon, F|100/100|[from]move: U-turn
|-weather|Sandstorm|[from] ability: Sand Stream|[of] p2a: Hippowdon
|move|p1a: Necrozma|Trick Room|p1a: Necrozma
|-fieldstart|move: Trick Room|[of] p1a: Necrozma
|
|-weather|Sandstorm|[upkeep]
|upkeep
|turn|6
|
|-start|p1a: Necrozma|Dynamax
|-heal|p1a: Necrozma|90/100|[silent]
|move|p1a: Necrozma|Max Mindstorm|p2a: Hippowdon
|-damage|p2a: Hippowdon|43/100
|-fieldstart|move: Psychic Terrain
|move|p2a: Hippowdon|Whirlwind|p1a: Necrozma
|-block|p1a: Necrozma|Dynamax
|
|-weather|Sandstorm|[upkeep]
|-heal|p2a: Hippowdon|50/100|[from] item: Leftovers
|upkeep
|turn|7
|
|switch|p2a: Corviknight|Corviknight, M|100/100
|-ability|p2a: Corviknight|Pressure
|move|p1a: Necrozma|Max Quake|p2a: Corviknight
|-immune|p2a: Corviknight
|
|-weather|Sandstorm|[upkeep]
|upkeep
|turn|8
|
|move|p1a: Necrozma|Max Mindstorm|p2a: Corviknight
|-resisted|p2a: Corviknight
|-damage|p2a: Corviknight|70/100
|move|p2a: Corviknight|Body Press|p1a: Necrozma
|-damage|p1a: Necrozma|81/100
|
|-weather|Sandstorm|[upkeep]
|-end|p1a: Necrozma|Dynamax
|-heal|p1a: Necrozma|81/100|[silent]
|upkeep
|turn|9
|
|move|p1a: Necrozma|Swords Dance|p1a: Necrozma
|-boost|p1a: Necrozma|atk|2
|move|p2a: Corviknight|U-turn|p1a: Necrozma
|-damage|p1a: Necrozma|70/100
|
|switch|p2a: Excadrill|Excadrill, M|100/100|[from]move: U-turn
|
|-weather|none
|-fieldend|move: Trick Room
|upkeep
|turn|10
|
|switch|p2a: Corviknight|Corviknight, M|70/100
|-ability|p2a: Corviknight|Pressure
|move|p1a: Necrozma|Trick Room|p1a: Necrozma
|-fieldstart|move: Trick Room|[of] p1a: Necrozma
|
|-fieldend|move: Psychic Terrain
|upkeep
|turn|11
|
|move|p1a: Necrozma|Swords Dance|p1a: Necrozma
|-boost|p1a: Necrozma|atk|2
|move|p2a: Corviknight|Roost|p2a: Corviknight
|-heal|p2a: Corviknight|100/100
|-singleturn|p2a: Corviknight|move: Roost
|
|upkeep
|turn|12
|
|move|p1a: Necrozma|Photon Geyser|p2a: Corviknight
|-resisted|p2a: Corviknight
|-damage|p2a: Corviknight|20/100
|move|p2a: Corviknight|U-turn|p1a: Necrozma
|-damage|p1a: Necrozma|60/100
|
|switch|p2a: Hippowdon|Hippowdon, F|50/100|[from]move: U-turn
|-weather|Sandstorm|[from] ability: Sand Stream|[of] p2a: Hippowdon
|
|-weather|Sandstorm|[upkeep]
|-heal|p2a: Hippowdon|56/100|[from] item: Leftovers
|upkeep
|turn|13
|
|switch|p2a: Corviknight|Corviknight, M|20/100
|-ability|p2a: Corviknight|Pressure
|move|p1a: Necrozma|Photon Geyser|p2a: Corviknight
|-resisted|p2a: Corviknight
|-damage|p2a: Corviknight|0 fnt
|faint|p2a: Corviknight
|
|-weather|Sandstorm|[upkeep]
|upkeep
|
|switch|p2a: Hippowdon|Hippowdon, F|56/100
|turn|14
|
|move|p2a: Hippowdon|Stealth Rock|p1a: Necrozma
|-sidestart|p1: MollyCock|move: Stealth Rock
|move|p1a: Necrozma|Photon Geyser|p2a: Hippowdon
|-damage|p2a: Hippowdon|0 fnt
|faint|p2a: Hippowdon
|
|-weather|Sandstorm|[upkeep]
|-fieldend|move: Trick Room
|upkeep
|
|switch|p2a: Excadrill|Excadrill, M|100/100
|turn|15
|
|switch|p1a: Whimsicott|Whimsicott, M|100/100
|-status|p1a: Whimsicott|psn
|-damage|p1a: Whimsicott|88/100 psn|[from] Stealth Rock
|-start|p2a: Excadrill|Dynamax
|-heal|p2a: Excadrill|100/100|[silent]
|move|p2a: Excadrill|Max Quake|p1a: Whimsicott
|-resisted|p1a: Whimsicott
|-damage|p1a: Whimsicott|58/100 psn
|-boost|p2a: Excadrill|spd|1
|
|-weather|Sandstorm|[upkeep]
|-damage|p1a: Whimsicott|51/100 psn|[from] Sandstorm
|-damage|p1a: Whimsicott|39/100 psn|[from] psn
|upkeep
|turn|16
|
|move|p1a: Whimsicott|Switcheroo|p2a: Excadrill
|-activate|p1a: Whimsicott|move: Trick|[of] p2a: Excadrill
|-item|p2a: Excadrill|Lagging Tail|[from] move: Switcheroo
|-item|p1a: Whimsicott|Choice Band|[from] move: Switcheroo
|move|p2a: Excadrill|Max Steelspike|p1a: Whimsicott
|-supereffective|p1a: Whimsicott
|-damage|p1a: Whimsicott|0 fnt
|-boost|p2a: Excadrill|def|1
|faint|p1a: Whimsicott
|
|-weather|none
|upkeep
|
|switch|p1a: Dracovish|Dracovish|73/100
|-damage|p1a: Dracovish|61/100|[from] Stealth Rock
|-status|p1a: Dracovish|psn
|turn|17
|
|-end|p2a: Excadrill|Dynamax
|-heal|p2a: Excadrill|100/100|[silent]
|switch|p2a: Toxapex|Toxapex, M|100/100
|move|p1a: Dracovish|Fishious Rend|p2a: Toxapex
|-resisted|p2a: Toxapex
|-damage|p2a: Toxapex|47/100
|-damage|p1a: Dracovish|44/100 psn|[from] item: Rocky Helmet|[of] p2a: Toxapex
|
|-damage|p1a: Dracovish|32/100 psn|[from] psn
|upkeep
|turn|18
|
|move|p1a: Dracovish|Fishious Rend|p2a: Toxapex
|-resisted|p2a: Toxapex
|-damage|p2a: Toxapex|0 fnt
|-damage|p1a: Dracovish|15/100 psn|[from] item: Rocky Helmet|[of] p2a: Toxapex
|faint|p2a: Toxapex
|
|-damage|p1a: Dracovish|3/100 psn|[from] psn
|upkeep
|
|switch|p2a: Reshiram|Reshiram|100/100
|-ability|p2a: Reshiram|Turboblaze
|turn|19
|
|move|p2a: Reshiram|Blue Flare|p1a: Dracovish
|-resisted|p1a: Dracovish
|-damage|p1a: Dracovish|0 fnt
|faint|p1a: Dracovish
|
|upkeep
|
|switch|p1a: Reshiram|Reshiram|100/100
|-damage|p1a: Reshiram|76/100|[from] Stealth Rock
|-status|p1a: Reshiram|psn
|-ability|p1a: Reshiram|Turboblaze
|turn|20
|
|switch|p2a: Umbreon|Umbreon, F|100/100
|switch|p1a: Bronzong|Bronzong|100/100
|-damage|p1a: Bronzong|94/100|[from] Stealth Rock
|
|upkeep
|turn|21
|
|move|p2a: Umbreon|Wish|p2a: Umbreon
|move|p1a: Bronzong|Stealth Rock|p2a: Umbreon
|-sidestart|p2: Blitzle adorable|move: Stealth Rock
|
|upkeep
|turn|22
|
|switch|p1a: Reshiram|Reshiram|76/100 psn
|-damage|p1a: Reshiram|51/100 psn|[from] Stealth Rock
|-ability|p1a: Reshiram|Turboblaze
|move|p2a: Umbreon|Snarl|p1a: Reshiram
|-damage|p1a: Reshiram|40/100 psn
|-unboost|p1a: Reshiram|spa|1
|
|-damage|p1a: Reshiram|28/100 psn|[from] psn
|upkeep
|turn|23
|
|switch|p1a: Melmetal|Melmetal|100/100
|-damage|p1a: Melmetal|94/100|[from] Stealth Rock
|move|p2a: Umbreon|Baton Pass|p2a: Umbreon
|
|switch|p2a: Reshiram|Reshiram|100/100|[from]move: Baton Pass
|-damage|p2a: Reshiram|76/100|[from] Stealth Rock
|-ability|p2a: Reshiram|Turboblaze
|
|upkeep
|turn|24
|
|switch|p1a: Reshiram|Reshiram|28/100 psn
|-damage|p1a: Reshiram|3/100 psn|[from] Stealth Rock
|-ability|p1a: Reshiram|Turboblaze
|move|p2a: Reshiram|Blue Flare|p1a: Reshiram
|-resisted|p1a: Reshiram
|-damage|p1a: Reshiram|0 fnt
|faint|p1a: Reshiram
|
|upkeep
|
|switch|p1a: Bronzong|Bronzong|94/100
|-damage|p1a: Bronzong|88/100|[from] Stealth Rock
|turn|25
|
|move|p2a: Reshiram|Blue Flare|p1a: Bronzong
|-supereffective|p1a: Bronzong
|-damage|p1a: Bronzong|0 fnt
|faint|p1a: Bronzong
|
|upkeep
|
|switch|p1a: Melmetal|Melmetal|94/100
|-damage|p1a: Melmetal|88/100|[from] Stealth Rock
|turn|26
|
|move|p2a: Reshiram|Blue Flare|p1a: Melmetal
|-supereffective|p1a: Melmetal
|-damage|p1a: Melmetal|0 fnt
|faint|p1a: Melmetal
|
|upkeep
|
|switch|p1a: Necrozma|Necrozma-Dusk-Mane|60/100
|-damage|p1a: Necrozma|54/100|[from] Stealth Rock
|turn|27
|
|move|p2a: Reshiram|Blue Flare|p1a: Necrozma
|-supereffective|p1a: Necrozma
|-damage|p1a: Necrozma|0 fnt
|faint|p1a: Necrozma
|
|win|Blitzle adorable
|raw|MollyCock's rating: 1699 &rarr; <strong>1668</strong><br />(-31 for losing)
|raw|Blitzle adorable's rating: 1500 &rarr; <strong>1530</strong><br />(+30 for winning)
|l|☆MollyCock
