|j|☆LD8 nvzhuangkeai
|j|☆sidalin
|t:|1661266650
|gametype|singles
|player|p1|LD8 nvzhuangkeai|dawn|1666
|player|p2|sidalin|ghetsis|1619
|teamsize|p1|6
|teamsize|p2|6
|gen|8
|tier|[Gen 8] Ubers
|rated|
|rule|Sleep Clause Mod: Limit one foe put to sleep
|rule|Species Clause: Limit one of each Pokémon
|rule|OHKO Clause: OHKO moves are banned
|rule|Evasion Items Clause: Evasion items are banned
|rule|Evasion Moves Clause: Evasion moves are banned
|rule|Endless Battle Clause: Forcing endless battles is banned
|rule|HP Percentage Mod: HP is shown in percentages
|rule|Dynamax Clause: You cannot dynamax
|clearpoke
|poke|p1|Dracovish|
|poke|p1|Magearna|
|poke|p1|Kyogre|
|poke|p1|Landorus-Therian, M|
|poke|p1|Yveltal|
|poke|p1|Giratina-Origin|
|poke|p2|Pheromosa|
|poke|p2|Kyogre|
|poke|p2|Landorus-Therian, M|
|poke|p2|Necrozma-Dusk-Mane|
|poke|p2|Yveltal|
|poke|p2|Eternatus|
|teampreview
|inactive|Battle timer is ON: inactive players will automatically lose when time's up. (requested by sidalin)
|
|t:|1661266708
|start
|switch|p1a: Giratina|Giratina-Origin|100/100
|switch|p2a: 野猪玲玲|Pheromosa|100/100
|turn|1
|
|t:|1661266722
|move|p2a: 野猪玲玲|U-turn|p1a: Giratina
|-resisted|p1a: Giratina
|-crit|p1a: Giratina
|-damage|p1a: Giratina|73/100
|
|t:|1661266724
|switch|p2a: 一张老脸|Yveltal|100/100|[from]move: U-turn
|-ability|p2a: 一张老脸|Dark Aura
|move|p1a: Giratina|Draco Meteor|p2a: 一张老脸|[miss]
|-miss|p1a: Giratina|p2a: 一张老脸
|
|upkeep
|turn|2
|
|t:|1661266729
|switch|p1a: Magearna|Magearna|100/100
|move|p2a: 一张老脸|U-turn|p1a: Magearna
|-resisted|p1a: Magearna
|-damage|p1a: Magearna|97/100
|
|t:|1661266735
|switch|p2a: 一只玲珑|Kyogre|100/100|[from]move: U-turn
|-weather|RainDance|[from] ability: Drizzle|[of] p2a: 一只玲珑
|
|-weather|RainDance|[upkeep]
|-heal|p1a: Magearna|100/100|[from] item: Leftovers
|upkeep
|turn|3
|j| jianzhang106舰长
|
|t:|1661266746
|switch|p1a: Giratina|Giratina-Origin|73/100
|move|p2a: 一只玲珑|Water Spout|p1a: Giratina
|-resisted|p1a: Giratina
|-damage|p1a: Giratina|0 fnt
|faint|p1a: Giratina
|
|-weather|RainDance|[upkeep]
|upkeep
|
|t:|1661266749
|switch|p1a: Dracovish|Dracovish|100/100
|turn|4
|
|t:|1661266753
|switch|p2a: 要炸了拉|Landorus-Therian, M|100/100
|-ability|p2a: 要炸了拉|Intimidate|boost
|-unboost|p1a: Dracovish|atk|1
|move|p1a: Dracovish|Fishious Rend|p2a: 要炸了拉
|-supereffective|p2a: 要炸了拉
|-damage|p2a: 要炸了拉|0 fnt
|faint|p2a: 要炸了拉
|
|-weather|RainDance|[upkeep]
|upkeep
|
|t:|1661266758
|switch|p2a: 宇宙力量|Eternatus|100/100
|-ability|p2a: 宇宙力量|Pressure
|turn|5
|
|t:|1661266764
|switch|p2a: 一只玲珑|Kyogre|100/100
|switch|p1a: Magearna|Magearna|100/100
|
|-weather|RainDance|[upkeep]
|upkeep
|turn|6
|
|t:|1661266773
|switch|p1a: Yveltal|Yveltal|100/100
|-ability|p1a: Yveltal|Dark Aura
|move|p2a: 一只玲珑|Water Spout|p1a: Yveltal
|-damage|p1a: Yveltal|0 fnt
|faint|p1a: Yveltal
|
|-weather|none
|upkeep
|
|t:|1661266778
|switch|p1a: Kyogre|Kyogre|100/100
|-weather|RainDance|[from] ability: Drizzle|[of] p1a: Kyogre
|turn|7
|
|t:|1661266788
|switch|p2a: 宇宙力量|Eternatus|100/100
|-ability|p2a: 宇宙力量|Pressure
|move|p1a: Kyogre|Thunder|p2a: 宇宙力量
|-resisted|p2a: 宇宙力量
|-damage|p2a: 宇宙力量|79/100
|-status|p2a: 宇宙力量|par
|
|-weather|RainDance|[upkeep]
|upkeep
|turn|8
|
|t:|1661266800
|switch|p2a: 一只玲珑|Kyogre|100/100
|move|p1a: Kyogre|Thunder|p2a: 一只玲珑
|-supereffective|p2a: 一只玲珑
|-crit|p2a: 一只玲珑
|-damage|p2a: 一只玲珑|0 fnt
|faint|p2a: 一只玲珑
|
|-weather|RainDance|[upkeep]
|upkeep
|
|t:|1661266805
|switch|p2a: 亚洲龙麟|Necrozma-Dusk-Mane|100/100
|turn|9
|
|t:|1661266808
|switch|p2a: 野猪玲玲|Pheromosa|100/100
|switch|p1a: Dracovish|Dracovish|100/100
|
|-weather|RainDance|[upkeep]
|upkeep
|turn|10
|
|t:|1661266817
|move|p2a: 野猪玲玲|U-turn|p1a: Dracovish
|-damage|p1a: Dracovish|43/100
|
|t:|1661266830
|switch|p2a: 一张老脸|Yveltal|100/100|[from]move: U-turn
|-ability|p2a: 一张老脸|Dark Aura
|move|p1a: Dracovish|Fishious Rend|p2a: 一张老脸
|-damage|p2a: 一张老脸|0 fnt
|faint|p2a: 一张老脸
|
|-weather|RainDance|[upkeep]
|upkeep
|
|t:|1661266834
|switch|p2a: 野猪玲玲|Pheromosa|100/100
|turn|11
|
|t:|1661266841
|move|p2a: 野猪玲玲|Triple Axel|p1a: Dracovish
|-damage|p1a: Dracovish|31/100
|-damage|p1a: Dracovish|10/100
|-damage|p1a: Dracovish|0 fnt
|faint|p1a: Dracovish
|-ability|p2a: 野猪玲玲|Beast Boost|boost
|-boost|p2a: 野猪玲玲|spe|1
|-hitcount|p1: Dracovish|3
|
|-weather|none
|upkeep
|
|t:|1661266844
|switch|p1a: Magearna|Magearna|100/100
|turn|12
|
|t:|1661266851
|switch|p2a: 亚洲龙麟|Necrozma-Dusk-Mane|100/100
|move|p1a: Magearna|Trick Room|p1a: Magearna
|-fieldstart|move: Trick Room|[of] p1a: Magearna
|
|upkeep
|turn|13
|
|t:|1661266857
|switch|p1a: Landorus|Landorus-Therian, M|100/100
|-ability|p1a: Landorus|Intimidate|boost
|-unboost|p2a: 亚洲龙麟|atk|1
|move|p2a: 亚洲龙麟|Thunder Wave|p1a: Landorus
|-immune|p1a: Landorus
|
|upkeep
|turn|14
|
|t:|1661266862
|move|p2a: 亚洲龙麟|Morning Sun|p2a: 亚洲龙麟
|-fail|p2a: 亚洲龙麟|heal
|move|p1a: Landorus|Stealth Rock|p2a: 亚洲龙麟
|-sidestart|p2: sidalin|move: Stealth Rock
|
|upkeep
|turn|15
|
|t:|1661266866
|move|p2a: 亚洲龙麟|Iron Head|p1a: Landorus
|-damage|p1a: Landorus|83/100
|move|p1a: Landorus|U-turn|p2a: 亚洲龙麟
|-damage|p2a: 亚洲龙麟|84/100
|
|t:|1661266868
|switch|p1a: Kyogre|Kyogre|100/100|[from]move: U-turn
|-weather|RainDance|[from] ability: Drizzle|[of] p1a: Kyogre
|
|-weather|RainDance|[upkeep]
|-heal|p2a: 亚洲龙麟|90/100|[from] item: Leftovers
|upkeep
|turn|16
|
|t:|1661266874
|move|p1a: Kyogre|Water Spout|p2a: 亚洲龙麟
|-damage|p2a: 亚洲龙麟|0 fnt
|faint|p2a: 亚洲龙麟
|
|-weather|RainDance|[upkeep]
|-fieldend|move: Trick Room
|upkeep
|j| crn7gvtyyi
|
|t:|1661266879
|switch|p2a: 宇宙力量|Eternatus|79/100 par
|-damage|p2a: 宇宙力量|67/100 par|[from] Stealth Rock
|-ability|p2a: 宇宙力量|Pressure
|turn|17
|
|t:|1661266888
|switch|p1a: Magearna|Magearna|100/100
|move|p2a: 宇宙力量|Mystical Fire|p1a: Magearna
|-supereffective|p1a: Magearna
|-damage|p1a: Magearna|86/100
|-unboost|p1a: Magearna|spa|1
|
|-weather|RainDance|[upkeep]
|-heal|p1a: Magearna|92/100|[from] item: Leftovers
|upkeep
|turn|18
|
|t:|1661266896
|cant|p2a: 宇宙力量|par
|move|p1a: Magearna|Volt Switch|p2a: 宇宙力量
|-resisted|p2a: 宇宙力量
|-damage|p2a: 宇宙力量|63/100 par
|
|t:|1661266900
|switch|p1a: Landorus|Landorus-Therian, M|83/100|[from]move: Volt Switch
|-ability|p1a: Landorus|Intimidate|boost
|-unboost|p2a: 宇宙力量|atk|1
|-enditem|p2a: 宇宙力量|Eject Pack
|
|t:|1661266903
|switch|p2a: 野猪玲玲|Pheromosa|100/100
|-damage|p2a: 野猪玲玲|88/100|[from] Stealth Rock
|
|-weather|RainDance|[upkeep]
|-heal|p1a: Landorus|89/100|[from] item: Leftovers
|upkeep
|turn|19
|c|☆LD8 nvzhuangkeai|卧槽
|c|☆sidalin|有点牛的
|
|t:|1661266932
|switch|p1a: Magearna|Magearna|92/100
|move|p2a: 野猪玲玲|Close Combat|p1a: Magearna
|-damage|p1a: Magearna|9/100
|-unboost|p2a: 野猪玲玲|def|1
|-unboost|p2a: 野猪玲玲|spd|1
|
|-weather|none
|-heal|p1a: Magearna|15/100|[from] item: Leftovers
|upkeep
|turn|20
|
|t:|1661266943
|switch|p2a: 宇宙力量|Eternatus|63/100 par
|-damage|p2a: 宇宙力量|50/100 par|[from] Stealth Rock
|-ability|p2a: 宇宙力量|Pressure
|move|p1a: Magearna|Volt Switch|p2a: 宇宙力量
|-resisted|p2a: 宇宙力量
|-damage|p2a: 宇宙力量|44/100 par
|
|t:|1661266950
|switch|p1a: Landorus|Landorus-Therian, M|89/100|[from]move: Volt Switch
|-ability|p1a: Landorus|Intimidate|boost
|-unboost|p2a: 宇宙力量|atk|1
|
|-heal|p1a: Landorus|95/100|[from] item: Leftovers
|upkeep
|turn|21
|
|t:|1661266961
|move|p1a: Landorus|Earthquake|p2a: 宇宙力量
|-supereffective|p2a: 宇宙力量
|-damage|p2a: 宇宙力量|0 fnt
|faint|p2a: 宇宙力量
|
|-heal|p1a: Landorus|100/100|[from] item: Leftovers
|upkeep
|
|t:|1661266964
|switch|p2a: 野猪玲玲|Pheromosa|88/100
|-damage|p2a: 野猪玲玲|76/100|[from] Stealth Rock
|turn|22
|
|t:|1661266973
|switch|p1a: Magearna|Magearna|15/100
|move|p2a: 野猪玲玲|Close Combat|p1a: Magearna
|-damage|p1a: Magearna|0 fnt
|-unboost|p2a: 野猪玲玲|def|1
|-unboost|p2a: 野猪玲玲|spd|1
|faint|p1a: Magearna
|-ability|p2a: 野猪玲玲|Beast Boost|boost
|-boost|p2a: 野猪玲玲|spe|1
|
|upkeep
|
|t:|1661266977
|switch|p1a: Landorus|Landorus-Therian, M|100/100
|-ability|p1a: Landorus|Intimidate|boost
|-unboost|p2a: 野猪玲玲|atk|1
|turn|23
|c|☆sidalin|还是完蛋
|
|t:|1661266981
|move|p2a: 野猪玲玲|Close Combat|p1a: Landorus
|-resisted|p1a: Landorus
|-damage|p1a: Landorus|79/100
|-unboost|p2a: 野猪玲玲|def|1
|-unboost|p2a: 野猪玲玲|spd|1
|move|p1a: Landorus|Earthquake|p2a: 野猪玲玲
|-resisted|p2a: 野猪玲玲
|-damage|p2a: 野猪玲玲|0 fnt
|faint|p2a: 野猪玲玲
|
|win|LD8 nvzhuangkeai
|raw|LD8 nvzhuangkeai's rating: 1666 &rarr; <strong>1683</strong><br />(+17 for winning)
|raw|sidalin's rating: 1619 &rarr; <strong>1602</strong><br />(-17 for losing)
|l| jianzhang106舰长
