|j|☆Magikarp4000
|j|☆MegaTygnonGucci
|t:|1616994320
|player|p1|Magikarp4000|steven|1572
|player|p2|MegaTygnonGucci|zinzolin|1406
|teamsize|p1|6
|teamsize|p2|6
|gametype|singles
|gen|8
|tier|[Gen 8] Ubers
|rated|
|clearpoke
|poke|p1|Yveltal|
|poke|p1|Xerneas|
|poke|p1|Necrozma-Dusk-Mane|
|poke|p1|Eternatus|
|poke|p1|Zygarde|
|poke|p1|Calyrex-Shadow|
|poke|p2|Galvantula, M|
|poke|p2|Calyrex-Shadow|
|poke|p2|Dracovish|
|poke|p2|Darmanitan-Galar, F|
|poke|p2|Zygarde|
|poke|p2|Melmetal|
|rule|Sleep Clause Mod: Limit one foe put to sleep
|rule|Species Clause: Limit one of each Pokémon
|rule|OHKO Clause: OHKO moves are banned
|rule|Evasion Moves Clause: Evasion moves are banned
|rule|Endless Battle Clause: Forcing endless battles is banned
|rule|HP Percentage Mod: HP is shown in percentages
|rule|Dynamax Clause: You cannot dynamax
|teampreview
|inactive|Battle timer is ON: inactive players will automatically lose when time's up. (requested by MegaTygnonGucci)
|c|☆Magikarp4000|glhf
|
|t:|1616994352
|start
|switch|p1a: Calyrex|Calyrex-Shadow|100/100
|switch|p2a: Galvantula|Galvantula, M, shiny|100/100
|-ability|p1a: Calyrex|As One
|-ability|p1a: Calyrex|Unnerve|p2: MegaTygnonGucci
|turn|1
|c|☆MegaTygnonGucci|Glhf
|
|t:|1616994357
|move|p1a: Calyrex|Astral Barrage|p2a: Galvantula
|-enditem|p2a: Galvantula|Focus Sash
|-damage|p2a: Galvantula|1/100
|move|p2a: Galvantula|Thunder Wave|p1a: Calyrex
|-status|p1a: Calyrex|par
|
|upkeep
|turn|2
|
|t:|1616994362
|move|p2a: Galvantula|Sticky Web|p1a: Calyrex
|-sidestart|p1: Magikarp4000|move: Sticky Web
|move|p1a: Calyrex|Astral Barrage|p2a: Galvantula
|-damage|p2a: Galvantula|0 fnt
|faint|p2a: Galvantula
|-ability|p1a: Calyrex|Grim Neigh|boost
|-boost|p1a: Calyrex|spa|1
|
|upkeep
|
|t:|1616994387
|switch|p2a: Darmanitan|Darmanitan-Galar, F|100/100
|turn|3
|
|t:|1616994398
|switch|p1a: Necrozma|Necrozma-Dusk-Mane|100/100
|-activate|p1a: Necrozma|move: Sticky Web
|-unboost|p1a: Necrozma|spe|1
|move|p2a: Darmanitan|Flare Blitz|p1a: Necrozma
|-supereffective|p1a: Necrozma
|-damage|p1a: Necrozma|29/100
|-damage|p2a: Darmanitan|84/100|[from] item: Rocky Helmet|[of] p1a: Necrozma
|-damage|p2a: Darmanitan|57/100|[from] Recoil
|
|upkeep
|turn|4
|
|t:|1616994404
|switch|p1a: Zygarde|Zygarde|100/100
|-activate|p1a: Zygarde|move: Sticky Web
|-unboost|p1a: Zygarde|spe|1
|move|p2a: Darmanitan|Flare Blitz|p1a: Zygarde
|-resisted|p1a: Zygarde
|-damage|p1a: Zygarde|76/100
|-damage|p2a: Darmanitan|48/100|[from] Recoil
|
|-heal|p1a: Zygarde|82/100|[from] item: Leftovers
|upkeep
|turn|5
|
|t:|1616994415
|switch|p2a: Melmetal|Melmetal|100/100
|move|p1a: Zygarde|Thousand Arrows|p2a: Melmetal
|-supereffective|p2a: Melmetal
|-damage|p2a: Melmetal|70/100
|
|-heal|p1a: Zygarde|89/100|[from] item: Leftovers
|upkeep
|turn|6
|
|t:|1616994420
|move|p1a: Zygarde|Glare|p2a: Melmetal
|-status|p2a: Melmetal|par
|move|p2a: Melmetal|Double Iron Bash|p1a: Zygarde
|-damage|p1a: Zygarde|57/100
|-damage|p1a: Zygarde|21/100
|-hitcount|p1a: Zygarde|2
|
|-heal|p1a: Zygarde|27/100|[from] item: Leftovers
|-activate|p1a: Zygarde|ability: Power Construct
|detailschange|p1a: Zygarde|Zygarde-Complete
|-heal|p1a: Zygarde|52/100|[silent]
|upkeep
|turn|7
|
|t:|1616994432
|move|p1a: Zygarde|Thousand Arrows|p2a: Melmetal
|-supereffective|p2a: Melmetal
|-damage|p2a: Melmetal|40/100 par
|move|p2a: Melmetal|Double Iron Bash|p1a: Zygarde
|-damage|p1a: Zygarde|29/100
|-damage|p1a: Zygarde|5/100
|-hitcount|p1a: Zygarde|2
|
|-heal|p1a: Zygarde|12/100|[from] item: Leftovers
|upkeep
|turn|8
|
|t:|1616994441
|move|p1a: Zygarde|Rest|p1a: Zygarde
|-status|p1a: Zygarde|slp|[from] move: Rest
|-heal|p1a: Zygarde|100/100 slp|[silent]
|move|p2a: Melmetal|Double Iron Bash|p1a: Zygarde
|-damage|p1a: Zygarde|77/100 slp
|-damage|p1a: Zygarde|54/100 slp
|-hitcount|p1a: Zygarde|2
|
|-heal|p1a: Zygarde|60/100 slp|[from] item: Leftovers
|upkeep
|turn|9
|
|t:|1616994448
|switch|p1a: Necrozma|Necrozma-Dusk-Mane|29/100
|-activate|p1a: Necrozma|move: Sticky Web
|-unboost|p1a: Necrozma|spe|1
|move|p2a: Melmetal|Double Iron Bash|p1a: Necrozma
|-resisted|p1a: Necrozma
|-damage|p1a: Necrozma|12/100
|-damage|p2a: Melmetal|23/100 par|[from] item: Rocky Helmet|[of] p1a: Necrozma
|-resisted|p1a: Necrozma
|-damage|p1a: Necrozma|0 fnt
|-damage|p2a: Melmetal|6/100 par|[from] item: Rocky Helmet|[of] p1a: Necrozma
|-hitcount|p1a: Necrozma|2
|faint|p1a: Necrozma
|
|upkeep
|
|t:|1616994453
|switch|p1a: Yveltal|Yveltal|100/100
|-ability|p1a: Yveltal|Dark Aura
|turn|10
|
|t:|1616994458
|move|p1a: Yveltal|Knock Off|p2a: Melmetal
|-damage|p2a: Melmetal|0 fnt
|-enditem|p2a: Melmetal|Choice Band|[from] move: Knock Off|[of] p1a: Yveltal
|faint|p2a: Melmetal
|
|upkeep
|
|t:|1616994462
|switch|p2a: Darmanitan|Darmanitan-Galar, F|48/100
|turn|11
|
|t:|1616994467
|move|p1a: Yveltal|Sucker Punch|p2a: Darmanitan
|-damage|p2a: Darmanitan|0 fnt
|faint|p2a: Darmanitan
|
|upkeep
|
|t:|1616994471
|switch|p2a: Zygarde|Zygarde, shiny|100/100
|turn|12
|
|t:|1616994478
|move|p2a: Zygarde|Glare|p1a: Yveltal
|-status|p1a: Yveltal|par
|cant|p1a: Yveltal|par
|
|upkeep
|turn|13
|
|t:|1616994484
|move|p2a: Zygarde|Substitute|p2a: Zygarde
|-start|p2a: Zygarde|Substitute
|-damage|p2a: Zygarde|76/100
|move|p1a: Yveltal|Defog|p2a: Zygarde
|-sideend|p1: Magikarp4000|Sticky Web|[from] move: Defog|[of] p1a: Yveltal
|
|-heal|p2a: Zygarde|82/100|[from] item: Leftovers
|upkeep
|turn|14
|
|t:|1616994490
|move|p2a: Zygarde|Dragon Dance|p2a: Zygarde
|-boost|p2a: Zygarde|atk|1
|-boost|p2a: Zygarde|spe|1
|move|p1a: Yveltal|Knock Off|p2a: Zygarde
|-end|p2a: Zygarde|Substitute
|
|-heal|p2a: Zygarde|88/100|[from] item: Leftovers
|upkeep
|turn|15
|
|t:|1616994497
|switch|p1a: Xerneas|Xerneas|100/100
|-ability|p1a: Xerneas|Fairy Aura
|move|p2a: Zygarde|Substitute|p2a: Zygarde
|-start|p2a: Zygarde|Substitute
|-damage|p2a: Zygarde|63/100
|
|-heal|p2a: Zygarde|69/100|[from] item: Leftovers
|upkeep
|turn|16
|
|t:|1616994502
|move|p2a: Zygarde|Glare|p1a: Xerneas
|-status|p1a: Xerneas|par
|move|p1a: Xerneas|Moonblast|p2a: Zygarde
|-supereffective|p2a: Zygarde
|-end|p2a: Zygarde|Substitute
|
|-heal|p2a: Zygarde|75/100|[from] item: Leftovers
|upkeep
|turn|17
|
|t:|1616994507
|move|p2a: Zygarde|Substitute|p2a: Zygarde
|-start|p2a: Zygarde|Substitute
|-damage|p2a: Zygarde|50/100
|cant|p1a: Xerneas|par
|
|-heal|p2a: Zygarde|56/100|[from] item: Leftovers
|upkeep
|turn|18
|
|t:|1616994513
|move|p2a: Zygarde|Dragon Dance|p2a: Zygarde
|-boost|p2a: Zygarde|atk|1
|-boost|p2a: Zygarde|spe|1
|cant|p1a: Xerneas|par
|
|-heal|p2a: Zygarde|63/100|[from] item: Leftovers
|upkeep
|turn|19
|c|☆Magikarp4000|smh
|
|t:|1616994521
|move|p2a: Zygarde|Dragon Dance|p2a: Zygarde
|-boost|p2a: Zygarde|atk|1
|-boost|p2a: Zygarde|spe|1
|cant|p1a: Xerneas|par
|
|-heal|p2a: Zygarde|69/100|[from] item: Leftovers
|upkeep
|turn|20
|
|t:|1616994527
|move|p2a: Zygarde|Dragon Dance|p2a: Zygarde
|-boost|p2a: Zygarde|atk|1
|-boost|p2a: Zygarde|spe|1
|move|p1a: Xerneas|Moonblast|p2a: Zygarde
|-supereffective|p2a: Zygarde
|-end|p2a: Zygarde|Substitute
|
|-heal|p2a: Zygarde|75/100|[from] item: Leftovers
|upkeep
|turn|21
|
|t:|1616994536
|move|p2a: Zygarde|Substitute|p2a: Zygarde
|-start|p2a: Zygarde|Substitute
|-damage|p2a: Zygarde|50/100
|move|p1a: Xerneas|Aromatherapy|p1a: Xerneas
|-activate|p1a: Xerneas|move: Aromatherapy
|-curestatus|p1a: Xerneas|par|[msg]
|-curestatus|p1: Yveltal|par|[msg]
|-curestatus|p1: Calyrex|par|[msg]
|-curestatus|p1: Zygarde|slp|[msg]
|
|-heal|p2a: Zygarde|56/100|[from] item: Leftovers
|upkeep
|turn|22
|
|t:|1616994541
|move|p2a: Zygarde|Thousand Arrows|p1a: Xerneas
|-damage|p1a: Xerneas|0 fnt
|faint|p1a: Xerneas
|
|-heal|p2a: Zygarde|62/100|[from] item: Leftovers
|upkeep
|
|t:|1616994560
|switch|p1a: Zygarde|Zygarde-Complete|60/100
|turn|23
|inactive|Magikarp4000 has 120 seconds left.
|
|t:|1616994593
|move|p2a: Zygarde|Thousand Arrows|p1a: Zygarde
|-damage|p1a: Zygarde|14/100
|move|p1a: Zygarde|Thousand Arrows|p2a: Zygarde
|-activate|p2a: Zygarde|move: Substitute|[damage]
|
|-heal|p2a: Zygarde|68/100|[from] item: Leftovers
|-heal|p1a: Zygarde|20/100|[from] item: Leftovers
|upkeep
|turn|24
|inactive|Magikarp4000 has 120 seconds left.
|
|t:|1616994605
|move|p2a: Zygarde|Thousand Arrows|p1a: Zygarde
|-damage|p1a: Zygarde|0 fnt
|faint|p1a: Zygarde
|
|-heal|p2a: Zygarde|74/100|[from] item: Leftovers
|upkeep
|
|t:|1616994612
|switch|p1a: Yveltal|Yveltal|100/100
|-ability|p1a: Yveltal|Dark Aura
|turn|25
|inactive|Magikarp4000 has 120 seconds left.
|
|t:|1616994617
|move|p1a: Yveltal|Sucker Punch||[still]
|-fail|p1a: Yveltal
|move|p2a: Zygarde|Dragon Dance|p2a: Zygarde
|-boost|p2a: Zygarde|atk|1
|-boost|p2a: Zygarde|spe|1
|
|-heal|p2a: Zygarde|80/100|[from] item: Leftovers
|upkeep
|turn|26
|
|t:|1616994624
|move|p1a: Yveltal|Sucker Punch||[still]
|-fail|p1a: Yveltal
|move|p2a: Zygarde|Dragon Dance|p2a: Zygarde
|-boost|p2a: Zygarde|atk|1
|-boost|p2a: Zygarde|spe|1
|
|-heal|p2a: Zygarde|86/100|[from] item: Leftovers
|upkeep
|turn|27
|
|t:|1616994631
|move|p1a: Yveltal|Sucker Punch||[still]
|-fail|p1a: Yveltal
|move|p2a: Zygarde|Glare|p1a: Yveltal
|-status|p1a: Yveltal|par
|
|-heal|p2a: Zygarde|92/100|[from] item: Leftovers
|upkeep
|turn|28
|
|t:|1616994638
|move|p1a: Yveltal|Sucker Punch||[still]
|-fail|p1a: Yveltal
|move|p2a: Zygarde|Substitute|p2a: Zygarde
|-fail|p2a: Zygarde|move: Substitute
|
|-heal|p2a: Zygarde|98/100|[from] item: Leftovers
|upkeep
|turn|29
|
|t:|1616994650
|move|p1a: Yveltal|Sucker Punch||[still]
|-fail|p1a: Yveltal
|move|p2a: Zygarde|Substitute|p2a: Zygarde
|-fail|p2a: Zygarde|move: Substitute
|
|-heal|p2a: Zygarde|100/100|[from] item: Leftovers
|upkeep
|turn|30
|
|t:|1616994657
|move|p2a: Zygarde|Substitute|p2a: Zygarde
|-fail|p2a: Zygarde|move: Substitute
|move|p1a: Yveltal|Knock Off|p2a: Zygarde
|-end|p2a: Zygarde|Substitute
|
|upkeep
|turn|31
|c|☆Magikarp4000|literally just won by luck
|
|t:|1616994674
|move|p2a: Zygarde|Substitute|p2a: Zygarde
|-start|p2a: Zygarde|Substitute
|-damage|p2a: Zygarde|76/100
|move|p1a: Yveltal|Knock Off|p2a: Zygarde
|-end|p2a: Zygarde|Substitute
|
|-heal|p2a: Zygarde|82/100|[from] item: Leftovers
|upkeep
|turn|32
|
|t:|1616994681
|move|p2a: Zygarde|Substitute|p2a: Zygarde
|-start|p2a: Zygarde|Substitute
|-damage|p2a: Zygarde|57/100
|move|p1a: Yveltal|Knock Off|p2a: Zygarde
|-end|p2a: Zygarde|Substitute
|
|-heal|p2a: Zygarde|63/100|[from] item: Leftovers
|upkeep
|turn|33
|
|t:|1616994692
|move|p2a: Zygarde|Substitute|p2a: Zygarde
|-start|p2a: Zygarde|Substitute
|-damage|p2a: Zygarde|38/100
|move|p1a: Yveltal|Knock Off|p2a: Zygarde
|-end|p2a: Zygarde|Substitute
|
|-heal|p2a: Zygarde|44/100|[from] item: Leftovers
|-activate|p2a: Zygarde|ability: Power Construct
|detailschange|p2a: Zygarde|Zygarde-Complete, shiny
|-heal|p2a: Zygarde|65/100|[silent]
|upkeep
|turn|34
|
|t:|1616994701
|move|p1a: Yveltal|Sucker Punch||[still]
|-fail|p1a: Yveltal
|move|p2a: Zygarde|Substitute|p2a: Zygarde
|-start|p2a: Zygarde|Substitute
|-damage|p2a: Zygarde|40/100
|
|-heal|p2a: Zygarde|46/100|[from] item: Leftovers
|upkeep
|turn|35
|
|t:|1616994710
|move|p2a: Zygarde|Glare|p1a: Yveltal
|-fail|p1a: Yveltal|par
|cant|p1a: Yveltal|par
|
|-heal|p2a: Zygarde|52/100|[from] item: Leftovers
|upkeep
|turn|36
|
|t:|1616994720
|move|p2a: Zygarde|Thousand Arrows|p1a: Yveltal
|-damage|p1a: Yveltal|0 fnt
|faint|p1a: Yveltal
|
|-heal|p2a: Zygarde|58/100|[from] item: Leftovers
|upkeep
|c|☆Magikarp4000|literally
|c|☆Magikarp4000|bruh
|-message|Magikarp4000 forfeited.
|
|win|MegaTygnonGucci
|raw|Magikarp4000's rating: 1572 &rarr; <strong>1543</strong><br />(-29 for losing)
|raw|MegaTygnonGucci's rating: 1406 &rarr; <strong>1435</strong><br />(+29 for winning)
|l|☆Magikarp4000
