|j|☆torotos
|j|☆neptune732
|t:|1665370193
|gametype|singles
|player|p1|torotos|pokefanf-gen4|1388
|player|p2|neptune732|102|1556
|teamsize|p1|6
|teamsize|p2|6
|gen|8
|tier|[Gen 8] Ubers
|rated|
|rule|Sleep Clause Mod: Limit one foe put to sleep
|rule|Species Clause: Limit one of each Pokémon
|rule|OHKO Clause: OHKO moves are banned
|rule|Evasion Items Clause: Evasion items are banned
|rule|Evasion Moves Clause: Evasion moves are banned
|rule|Endless Battle Clause: Forcing endless battles is banned
|rule|HP Percentage Mod: HP is shown in percentages
|rule|Dynamax Clause: You cannot dynamax
|clearpoke
|poke|p1|Tapu Lele|
|poke|p1|Calyrex-Shadow|
|poke|p1|Necrozma-Dusk-Mane|
|poke|p1|Lugia|
|poke|p1|Yveltal|
|poke|p1|Landorus, M|
|poke|p2|Necrozma-Dusk-Mane|
|poke|p2|Kyogre|
|poke|p2|Dracovish|
|poke|p2|Calyrex-Ice|
|poke|p2|Hatterene, F|
|poke|p2|Porygon2|
|teampreview
|
|t:|1665370209
|start
|switch|p1a: Calyrex|Calyrex-Shadow|100/100
|switch|p2a: Hatterene|Hatterene, F|100/100
|-ability|p1a: Calyrex|As One
|-ability|p1a: Calyrex|Unnerve
|turn|1
|
|t:|1665370217
|switch|p2a: Porygon2|Porygon2|100/100
|move|p1a: Calyrex|Astral Barrage|p2a: Porygon2
|-immune|p2a: Porygon2
|
|upkeep
|turn|2
|inactive|Battle timer is ON: inactive players will automatically lose when time's up. (requested by neptune732)
|
|t:|1665370225
|move|p1a: Calyrex|Substitute|p1a: Calyrex
|-start|p1a: Calyrex|Substitute
|-damage|p1a: Calyrex|76/100
|move|p2a: Porygon2|Trick Room|p2a: Porygon2
|-fieldstart|move: Trick Room|[of] p2a: Porygon2
|
|upkeep
|turn|3
|
|t:|1665370230
|move|p2a: Porygon2|Foul Play|p1a: Calyrex
|-supereffective|p1a: Calyrex
|-end|p1a: Calyrex|Substitute
|move|p1a: Calyrex|Nasty Plot|p1a: Calyrex
|-boost|p1a: Calyrex|spa|2
|
|upkeep
|turn|4
|
|t:|1665370256
|switch|p1a: Yveltal|Yveltal|100/100
|-ability|p1a: Yveltal|Dark Aura
|move|p2a: Porygon2|Teleport|p2a: Porygon2
|inactive|neptune732 has 120 seconds left.
|
|t:|1665370267
|switch|p2a: Kyogre|Kyogre|100/100|[from]move: Teleport
|-weather|RainDance|[from] ability: Drizzle|[of] p2a: Kyogre
|
|-weather|RainDance|[upkeep]
|upkeep
|turn|5
|
|t:|1665370279
|move|p1a: Yveltal|Sucker Punch|p2a: Kyogre
|-damage|p2a: Kyogre|48/100
|move|p2a: Kyogre|Origin Pulse|p1a: Yveltal
|-damage|p1a: Yveltal|0 fnt
|faint|p1a: Yveltal
|
|-weather|RainDance|[upkeep]
|upkeep
|
|t:|1665370302
|switch|p1a: Tapu Lele|Tapu Lele|100/100
|-fieldstart|move: Psychic Terrain|[from] ability: Psychic Surge|[of] p1a: Tapu Lele
|turn|6
|
|t:|1665370317
|move|p2a: Kyogre|Origin Pulse|p1a: Tapu Lele
|-damage|p1a: Tapu Lele|0 fnt
|faint|p1a: Tapu Lele
|
|-weather|RainDance|[upkeep]
|-fieldend|move: Trick Room
|upkeep
|
|t:|1665370320
|switch|p1a: Calyrex|Calyrex-Shadow|76/100
|-ability|p1a: Calyrex|As One
|-ability|p1a: Calyrex|Unnerve
|turn|7
|
|t:|1665370327
|switch|p2a: Porygon2|Porygon2|100/100
|move|p1a: Calyrex|Substitute|p1a: Calyrex
|-start|p1a: Calyrex|Substitute
|-damage|p1a: Calyrex|51/100
|
|-weather|RainDance|[upkeep]
|upkeep
|turn|8
|
|t:|1665370334
|move|p1a: Calyrex|Nasty Plot|p1a: Calyrex
|-boost|p1a: Calyrex|spa|2
|move|p2a: Porygon2|Foul Play|p1a: Calyrex
|-supereffective|p1a: Calyrex
|-end|p1a: Calyrex|Substitute
|
|-weather|none
|upkeep
|turn|9
|
|t:|1665370343
|move|p1a: Calyrex|Substitute|p1a: Calyrex
|-start|p1a: Calyrex|Substitute
|-damage|p1a: Calyrex|26/100
|move|p2a: Porygon2|Trick Room|p2a: Porygon2
|-fieldstart|move: Trick Room|[of] p2a: Porygon2
|
|upkeep
|turn|10
|
|t:|1665370348
|move|p2a: Porygon2|Foul Play|p1a: Calyrex
|-supereffective|p1a: Calyrex
|-end|p1a: Calyrex|Substitute
|move|p1a: Calyrex|Psyshock|p2a: Porygon2
|-damage|p2a: Porygon2|36/100
|
|-fieldend|move: Psychic Terrain
|upkeep
|turn|11
|
|t:|1665370363
|switch|p1a: Landorus|Landorus, M|100/100
|move|p2a: Porygon2|Foul Play|p1a: Landorus
|-damage|p1a: Landorus|59/100
|
|upkeep
|turn|12
|
|t:|1665370384
|switch|p2a: Kyogre|Kyogre|48/100
|-weather|RainDance|[from] ability: Drizzle|[of] p2a: Kyogre
|move|p1a: Landorus|Knock Off|p2a: Kyogre
|-damage|p2a: Kyogre|15/100
|-enditem|p2a: Kyogre|Choice Specs|[from] move: Knock Off|[of] p1a: Landorus
|-damage|p1a: Landorus|49/100|[from] item: Life Orb
|
|-weather|RainDance|[upkeep]
|upkeep
|turn|13
|
|t:|1665370397
|move|p2a: Kyogre|Ice Beam|p1a: Landorus
|-supereffective|p1a: Landorus
|-damage|p1a: Landorus|0 fnt
|faint|p1a: Landorus
|
|-weather|RainDance|[upkeep]
|-fieldend|move: Trick Room
|upkeep
|
|t:|1665370406
|switch|p1a: Calyrex|Calyrex-Shadow|26/100
|-ability|p1a: Calyrex|As One
|-ability|p1a: Calyrex|Unnerve
|turn|14
|
|t:|1665370414
|move|p1a: Calyrex|Psyshock|p2a: Kyogre
|-damage|p2a: Kyogre|0 fnt
|faint|p2a: Kyogre
|-ability|p1a: Calyrex|Grim Neigh|boost
|-boost|p1a: Calyrex|spa|1
|
|-weather|RainDance|[upkeep]
|upkeep
|
|t:|1665370420
|switch|p2a: Hatterene|Hatterene, F|100/100
|turn|15
|
|t:|1665370424
|move|p1a: Calyrex|Astral Barrage|p2a: Hatterene
|-supereffective|p2a: Hatterene
|-enditem|p2a: Hatterene|Focus Sash
|-damage|p2a: Hatterene|1/100
|move|p2a: Hatterene|Trick Room|p2a: Hatterene
|-fieldstart|move: Trick Room|[of] p2a: Hatterene
|
|-weather|RainDance|[upkeep]
|upkeep
|turn|16
|
|t:|1665370432
|switch|p1a: Necrozma|Necrozma-Dusk-Mane|100/100
|move|p2a: Hatterene|Healing Wish|p2a: Hatterene
|faint|p2a: Hatterene
|
|-weather|none
|upkeep
|
|t:|1665370438
|switch|p2a: Dracovish|Dracovish|100/100
|turn|17
|
|t:|1665370441
|move|p2a: Dracovish|Fishious Rend|p1a: Necrozma
|-damage|p1a: Necrozma|10/100
|move|p1a: Necrozma|Stealth Rock|p2a: Dracovish
|-sidestart|p2: neptune732|move: Stealth Rock
|
|-heal|p1a: Necrozma|16/100|[from] item: Leftovers
|upkeep
|turn|18
|
|t:|1665370448
|move|p2a: Dracovish|Fishious Rend|p1a: Necrozma
|-damage|p1a: Necrozma|0 fnt
|faint|p1a: Necrozma
|
|upkeep
|
|t:|1665370449
|switch|p1a: Lugia|Lugia|100/100
|turn|19
|
|t:|1665370453
|move|p2a: Dracovish|Fishious Rend|p1a: Lugia
|-damage|p1a: Lugia|42/100
|move|p1a: Lugia|Aeroblast|p2a: Dracovish
|-damage|p2a: Dracovish|67/100
|
|-fieldend|move: Trick Room
|upkeep
|turn|20
|
|t:|1665370468
|switch|p2a: Calyrex|Calyrex-Ice|100/100
|-ability|p2a: Calyrex|As One
|-ability|p2a: Calyrex|Unnerve
|-damage|p2a: Calyrex|76/100|[from] Stealth Rock
|move|p1a: Lugia|Aeroblast|p2a: Calyrex
|-crit|p2a: Calyrex
|-damage|p2a: Calyrex|41/100
|
|upkeep
|turn|21
|
|t:|1665370478
|move|p1a: Lugia|Roost|p1a: Lugia
|-heal|p1a: Lugia|92/100
|-singleturn|p1a: Lugia|move: Roost
|move|p2a: Calyrex|Trick Room|p2a: Calyrex
|-fieldstart|move: Trick Room|[of] p2a: Calyrex
|
|upkeep
|turn|22
|
|t:|1665370484
|move|p2a: Calyrex|Glacial Lance|p1a: Lugia
|-supereffective|p1a: Lugia
|-damage|p1a: Lugia|0 fnt
|faint|p1a: Lugia
|-ability|p2a: Calyrex|Chilling Neigh|boost
|-boost|p2a: Calyrex|atk|1
|-damage|p2a: Calyrex|32/100|[from] item: Life Orb
|
|upkeep
|
|t:|1665370489
|switch|p1a: Calyrex|Calyrex-Shadow|26/100
|-ability|p1a: Calyrex|As One
|-ability|p1a: Calyrex|Unnerve
|turn|23
|
|t:|1665370495
|move|p2a: Calyrex|Glacial Lance|p1a: Calyrex
|-damage|p1a: Calyrex|0 fnt
|faint|p1a: Calyrex
|-damage|p2a: Calyrex|22/100|[from] item: Life Orb
|
|win|neptune732
|raw|torotos's rating: 1388 &rarr; <strong>1377</strong><br />(-11 for losing)
|raw|neptune732's rating: 1556 &rarr; <strong>1567</strong><br />(+11 for winning)
|l|☆neptune732
