|j|☆qwerabbb
|j|☆TogeBirlHQ
|t:|1660054520
|gametype|singles
|player|p1|qwerabbb|169|1425
|player|p2|TogeBirlHQ|nate|1656
|teamsize|p1|6
|teamsize|p2|6
|gen|8
|tier|[Gen 8] Ubers
|rated|
|rule|Sleep Clause Mod: Limit one foe put to sleep
|rule|Species Clause: Limit one of each Pokémon
|rule|OHKO Clause: OHKO moves are banned
|rule|Evasion Items Clause: Evasion items are banned
|rule|Evasion Moves Clause: Evasion moves are banned
|rule|Endless Battle Clause: Forcing endless battles is banned
|rule|HP Percentage Mod: HP is shown in percentages
|rule|Dynamax Clause: You cannot dynamax
|clearpoke
|poke|p1|Xerneas-*|
|poke|p1|Kyogre|
|poke|p1|Necrozma-Dusk-Mane|
|poke|p1|Rillaboom, M|
|poke|p1|Pheromosa|
|poke|p1|Yveltal|
|poke|p2|Urshifu-*, M|
|poke|p2|Calyrex-Shadow|
|poke|p2|Eternatus|
|poke|p2|Necrozma-Dusk-Mane|
|poke|p2|Yveltal|
|poke|p2|Ho-Oh|
|teampreview
|
|t:|1660054534
|start
|switch|p1a: Kyogre|Kyogre|100/100
|switch|p2a: Eternatus|Eternatus|100/100
|-ability|p2a: Eternatus|Pressure
|-weather|RainDance|[from] ability: Drizzle|[of] p1a: Kyogre
|turn|1
|
|t:|1660054560
|switch|p2a: Urshifu|Urshifu, M|100/100
|switch|p1a: Necrozma|Necrozma-Dusk-Mane|100/100
|
|-weather|RainDance|[upkeep]
|upkeep
|turn|2
|
|t:|1660054574
|switch|p1a: Yveltal|Yveltal|100/100
|-ability|p1a: Yveltal|Dark Aura
|move|p2a: Urshifu|Wicked Blow|p1a: Yveltal
|-resisted|p1a: Yveltal
|-crit|p1a: Yveltal
|-damage|p1a: Yveltal|62/100
|
|-weather|RainDance|[upkeep]
|upkeep
|turn|3
|
|t:|1660054595
|switch|p2a: Eternatus|Eternatus|100/100
|-ability|p2a: Eternatus|Pressure
|move|p1a: Yveltal|U-turn|p2a: Eternatus
|-resisted|p2a: Eternatus
|-damage|p2a: Eternatus|92/100
|
|t:|1660054603
|switch|p1a: Xerneas|Xerneas|100/100|[from]move: U-turn
|-ability|p1a: Xerneas|Fairy Aura
|
|-weather|RainDance|[upkeep]
|upkeep
|turn|4
|
|t:|1660054608
|switch|p1a: Kyogre|Kyogre|100/100
|move|p2a: Eternatus|Mystical Fire|p1a: Kyogre
|-resisted|p1a: Kyogre
|-damage|p1a: Kyogre|96/100
|-unboost|p1a: Kyogre|spa|1
|
|-weather|RainDance|[upkeep]
|upkeep
|turn|5
|
|t:|1660054628
|switch|p2a: Urshifu|Urshifu, M|100/100
|switch|p1a: Necrozma|Necrozma-Dusk-Mane|100/100
|
|-weather|none
|upkeep
|turn|6
|j| Yursinia
|
|t:|1660054677
|move|p2a: Urshifu|Wicked Blow|p1a: Necrozma
|-supereffective|p1a: Necrozma
|-crit|p1a: Necrozma
|-damage|p1a: Necrozma|0 fnt
|faint|p1a: Necrozma
|
|upkeep
|
|t:|1660054679
|switch|p1a: Pheromosa|Pheromosa|100/100
|turn|7
|
|t:|1660054687
|switch|p2a: Ho-Oh|Ho-Oh|100/100
|move|p1a: Pheromosa|U-turn|p2a: Ho-Oh
|-resisted|p2a: Ho-Oh
|-damage|p2a: Ho-Oh|95/100
|
|t:|1660054689
|switch|p1a: Kyogre|Kyogre|96/100|[from]move: U-turn
|-weather|RainDance|[from] ability: Drizzle|[of] p1a: Kyogre
|
|-weather|RainDance|[upkeep]
|upkeep
|turn|8
|
|t:|1660054702
|switch|p2a: Yveltal|Yveltal|100/100
|-ability|p2a: Yveltal|Dark Aura
|move|p1a: Kyogre|Water Spout|p2a: Yveltal
|-damage|p2a: Yveltal|0 fnt
|faint|p2a: Yveltal
|
|-weather|RainDance|[upkeep]
|upkeep
|
|t:|1660054713
|switch|p2a: Eternatus|Eternatus|92/100
|-ability|p2a: Eternatus|Pressure
|turn|9
|
|t:|1660054724
|switch|p1a: Rillaboom|Rillaboom, M|100/100
|-fieldstart|move: Grassy Terrain|[from] ability: Grassy Surge|[of] p1a: Rillaboom
|move|p2a: Eternatus|Dynamax Cannon|p1a: Rillaboom
|-damage|p1a: Rillaboom|67/100
|
|-weather|RainDance|[upkeep]
|-heal|p2a: Eternatus|98/100|[from] Grassy Terrain
|-heal|p1a: Rillaboom|73/100|[from] Grassy Terrain
|upkeep
|turn|10
|
|t:|1660054741
|switch|p2a: Ho-Oh|Ho-Oh|100/100
|move|p1a: Rillaboom|U-turn|p2a: Ho-Oh
|-resisted|p2a: Ho-Oh
|-damage|p2a: Ho-Oh|96/100
|
|t:|1660054744
|switch|p1a: Kyogre|Kyogre|96/100|[from]move: U-turn
|
|-weather|RainDance|[upkeep]
|-heal|p1a: Kyogre|100/100|[from] Grassy Terrain
|upkeep
|turn|11
|
|t:|1660054747
|switch|p2a: Eternatus|Eternatus|98/100
|-ability|p2a: Eternatus|Pressure
|move|p1a: Kyogre|Water Spout|p2a: Eternatus
|-resisted|p2a: Eternatus
|-damage|p2a: Eternatus|31/100
|
|-weather|none
|-heal|p2a: Eternatus|37/100|[from] Grassy Terrain
|upkeep
|turn|12
|
|t:|1660054754
|switch|p1a: Pheromosa|Pheromosa|100/100
|move|p2a: Eternatus|Recover|p2a: Eternatus
|-heal|p2a: Eternatus|87/100
|
|-heal|p2a: Eternatus|93/100|[from] Grassy Terrain
|upkeep
|turn|13
|
|t:|1660054761
|move|p1a: Pheromosa|Triple Axel|p2a: Eternatus
|-supereffective|p2a: Eternatus
|-damage|p2a: Eternatus|81/100
|-supereffective|p2a: Eternatus
|-damage|p2a: Eternatus|57/100
|-supereffective|p2a: Eternatus
|-damage|p2a: Eternatus|23/100
|-hitcount|p2a: Eternatus|3
|move|p2a: Eternatus|Mystical Fire|p1a: Pheromosa
|-supereffective|p1a: Pheromosa
|-enditem|p1a: Pheromosa|Focus Sash
|-damage|p1a: Pheromosa|1/100
|-unboost|p1a: Pheromosa|spa|1
|
|-heal|p1a: Pheromosa|7/100|[from] Grassy Terrain
|-heal|p2a: Eternatus|29/100|[from] Grassy Terrain
|-fieldend|move: Grassy Terrain
|upkeep
|turn|14
|
|t:|1660054781
|switch|p2a: Ho-Oh|Ho-Oh|100/100
|move|p1a: Pheromosa|U-turn|p2a: Ho-Oh
|-resisted|p2a: Ho-Oh
|-damage|p2a: Ho-Oh|94/100
|
|t:|1660054784
|switch|p1a: Kyogre|Kyogre|100/100|[from]move: U-turn
|-weather|RainDance|[from] ability: Drizzle|[of] p1a: Kyogre
|
|-weather|RainDance|[upkeep]
|upkeep
|turn|15
|
|t:|1660054799
|move|p1a: Kyogre|Water Spout|p2a: Ho-Oh
|-supereffective|p2a: Ho-Oh
|-damage|p2a: Ho-Oh|0 fnt
|faint|p2a: Ho-Oh
|
|-weather|RainDance|[upkeep]
|upkeep
|
|t:|1660054802
|switch|p2a: Urshifu|Urshifu, M|100/100
|turn|16
|
|t:|1660054836
|switch|p1a: Xerneas|Xerneas|100/100
|-ability|p1a: Xerneas|Fairy Aura
|move|p2a: Urshifu|Wicked Blow|p1a: Xerneas
|-resisted|p1a: Xerneas
|-crit|p1a: Xerneas
|-damage|p1a: Xerneas|52/100
|
|-weather|RainDance|[upkeep]
|upkeep
|turn|17
|
|t:|1660054881
|switch|p1a: Kyogre|Kyogre|100/100
|move|p2a: Urshifu|Wicked Blow|p1a: Kyogre
|-crit|p1a: Kyogre
|-damage|p1a: Kyogre|0 fnt
|faint|p1a: Kyogre
|
|-weather|RainDance|[upkeep]
|upkeep
|
|t:|1660054887
|switch|p1a: Xerneas|Xerneas|52/100
|-ability|p1a: Xerneas|Fairy Aura
|turn|18
|
|t:|1660054890
|switch|p2a: Necrozma|Necrozma-Dusk-Mane|100/100
|move|p1a: Xerneas|Moonblast|p2a: Necrozma
|-resisted|p2a: Necrozma
|-damage|p2a: Necrozma|82/100
|-unboost|p2a: Necrozma|spa|1
|
|-weather|none
|-heal|p2a: Necrozma|88/100|[from] item: Leftovers
|upkeep
|turn|19
|
|t:|1660054899
|switch|p1a: Yveltal|Yveltal|62/100
|-ability|p1a: Yveltal|Dark Aura
|move|p2a: Necrozma|Stealth Rock|p1a: Yveltal
|-sidestart|p1: qwerabbb|move: Stealth Rock
|
|-heal|p2a: Necrozma|94/100|[from] item: Leftovers
|upkeep
|turn|20
|
|t:|1660054911
|switch|p2a: Eternatus|Eternatus|29/100
|-ability|p2a: Eternatus|Pressure
|move|p1a: Yveltal|Foul Play|p2a: Eternatus
|-damage|p2a: Eternatus|3/100
|
|upkeep
|turn|21
|
|t:|1660054918
|move|p2a: Eternatus|Recover|p2a: Eternatus
|-heal|p2a: Eternatus|53/100
|move|p1a: Yveltal|Defog|p2a: Eternatus
|-unboost|p2a: Eternatus|evasion|1
|-sideend|p1: qwerabbb|Stealth Rock|[from] move: Defog|[of] p1a: Yveltal
|
|upkeep
|turn|22
|
|t:|1660054922
|move|p2a: Eternatus|Recover|p2a: Eternatus
|-heal|p2a: Eternatus|100/100
|move|p1a: Yveltal|U-turn|p2a: Eternatus
|-resisted|p2a: Eternatus
|-damage|p2a: Eternatus|92/100
|
|t:|1660054929
|switch|p1a: Pheromosa|Pheromosa|7/100|[from]move: U-turn
|
|upkeep
|turn|23
|
|t:|1660054936
|switch|p2a: Necrozma|Necrozma-Dusk-Mane|94/100
|move|p1a: Pheromosa|Triple Axel|p2a: Necrozma
|-resisted|p2a: Necrozma
|-damage|p2a: Necrozma|91/100
|-resisted|p2a: Necrozma
|-damage|p2a: Necrozma|86/100
|-resisted|p2a: Necrozma
|-damage|p2a: Necrozma|78/100
|-hitcount|p2a: Necrozma|3
|
|-heal|p2a: Necrozma|84/100|[from] item: Leftovers
|upkeep
|turn|24
|
|t:|1660054951
|move|p1a: Pheromosa|Drill Run|p2a: Necrozma
|-supereffective|p2a: Necrozma
|-damage|p2a: Necrozma|57/100
|move|p2a: Necrozma|Iron Head|p1a: Pheromosa
|-damage|p1a: Pheromosa|0 fnt
|faint|p1a: Pheromosa
|
|-heal|p2a: Necrozma|63/100|[from] item: Leftovers
|upkeep
|
|t:|1660054955
|switch|p1a: Yveltal|Yveltal|62/100
|-ability|p1a: Yveltal|Dark Aura
|turn|25
|
|t:|1660054962
|switch|p2a: Urshifu|Urshifu, M|100/100
|move|p1a: Yveltal|U-turn|p2a: Urshifu
|-crit|p2a: Urshifu
|-damage|p2a: Urshifu|68/100
|
|t:|1660054967
|switch|p1a: Rillaboom|Rillaboom, M|73/100|[from]move: U-turn
|-fieldstart|move: Grassy Terrain|[from] ability: Grassy Surge|[of] p1a: Rillaboom
|
|-heal|p2a: Urshifu|74/100|[from] Grassy Terrain
|-heal|p1a: Rillaboom|80/100|[from] Grassy Terrain
|upkeep
|turn|26
|
|t:|1660054971
|switch|p2a: Eternatus|Eternatus|92/100
|-ability|p2a: Eternatus|Pressure
|move|p1a: Rillaboom|Grassy Glide|p2a: Eternatus
|-resisted|p2a: Eternatus
|-damage|p2a: Eternatus|83/100
|
|-heal|p2a: Eternatus|89/100|[from] Grassy Terrain
|-heal|p1a: Rillaboom|86/100|[from] Grassy Terrain
|upkeep
|turn|27
|
|t:|1660054979
|move|p2a: Eternatus|Dynamax Cannon|p1a: Rillaboom
|-damage|p1a: Rillaboom|52/100
|move|p1a: Rillaboom|High Horsepower|p2a: Eternatus
|-supereffective|p2a: Eternatus
|-damage|p2a: Eternatus|38/100
|
|-heal|p2a: Eternatus|44/100|[from] Grassy Terrain
|-heal|p1a: Rillaboom|59/100|[from] Grassy Terrain
|upkeep
|turn|28
|
|t:|1660054986
|move|p2a: Eternatus|Recover|p2a: Eternatus
|-heal|p2a: Eternatus|94/100
|move|p1a: Rillaboom|High Horsepower|p2a: Eternatus
|-supereffective|p2a: Eternatus
|-damage|p2a: Eternatus|39/100
|
|-heal|p2a: Eternatus|45/100|[from] Grassy Terrain
|-heal|p1a: Rillaboom|65/100|[from] Grassy Terrain
|upkeep
|turn|29
|
|t:|1660054991
|move|p2a: Eternatus|Recover|p2a: Eternatus
|-heal|p2a: Eternatus|95/100
|move|p1a: Rillaboom|High Horsepower|p2a: Eternatus
|-supereffective|p2a: Eternatus
|-damage|p2a: Eternatus|42/100
|
|-heal|p2a: Eternatus|48/100|[from] Grassy Terrain
|-heal|p1a: Rillaboom|71/100|[from] Grassy Terrain
|-fieldend|move: Grassy Terrain
|upkeep
|turn|30
|
|t:|1660054996
|move|p2a: Eternatus|Recover|p2a: Eternatus
|-heal|p2a: Eternatus|98/100
|move|p1a: Rillaboom|High Horsepower|p2a: Eternatus
|-supereffective|p2a: Eternatus
|-damage|p2a: Eternatus|42/100
|
|upkeep
|turn|31
|
|t:|1660055002
|move|p2a: Eternatus|Recover|p2a: Eternatus
|-heal|p2a: Eternatus|92/100
|move|p1a: Rillaboom|High Horsepower|p2a: Eternatus
|-supereffective|p2a: Eternatus
|-damage|p2a: Eternatus|41/100
|
|upkeep
|turn|32
|
|t:|1660055008
|move|p2a: Eternatus|Recover|p2a: Eternatus
|-heal|p2a: Eternatus|91/100
|move|p1a: Rillaboom|High Horsepower|p2a: Eternatus
|-supereffective|p2a: Eternatus
|-damage|p2a: Eternatus|36/100
|
|upkeep
|turn|33
|
|t:|1660055014
|move|p2a: Eternatus|Recover|p2a: Eternatus
|-heal|p2a: Eternatus|86/100
|move|p1a: Rillaboom|High Horsepower|p2a: Eternatus
|-supereffective|p2a: Eternatus
|-damage|p2a: Eternatus|34/100
|
|upkeep
|turn|34
|
|t:|1660055024
|move|p2a: Eternatus|Recover|p2a: Eternatus
|-heal|p2a: Eternatus|84/100
|move|p1a: Rillaboom|High Horsepower|p2a: Eternatus
|-supereffective|p2a: Eternatus
|-damage|p2a: Eternatus|35/100
|
|upkeep
|turn|35
|
|t:|1660055029
|move|p2a: Eternatus|Recover|p2a: Eternatus
|-heal|p2a: Eternatus|85/100
|move|p1a: Rillaboom|U-turn|p2a: Eternatus
|-resisted|p2a: Eternatus
|-damage|p2a: Eternatus|76/100
|
|t:|1660055032
|switch|p1a: Xerneas|Xerneas|52/100|[from]move: U-turn
|-ability|p1a: Xerneas|Fairy Aura
|
|upkeep
|turn|36
|
|t:|1660055035
|move|p2a: Eternatus|Mystical Fire|p1a: Xerneas
|-damage|p1a: Xerneas|30/100
|-unboost|p1a: Xerneas|spa|1
|move|p1a: Xerneas|Geomancy||[still]
|-prepare|p1a: Xerneas|Geomancy
|-enditem|p1a: Xerneas|Power Herb
|-anim|p1a: Xerneas|Geomancy|p1a: Xerneas
|-boost|p1a: Xerneas|spa|2
|-boost|p1a: Xerneas|spd|2
|-boost|p1a: Xerneas|spe|2
|
|upkeep
|turn|37
|
|t:|1660055042
|switch|p2a: Urshifu|Urshifu, M|74/100
|move|p1a: Xerneas|Moonblast|p2a: Urshifu
|-supereffective|p2a: Urshifu
|-damage|p2a: Urshifu|0 fnt
|faint|p2a: Urshifu
|
|upkeep
|
|t:|1660055048
|switch|p2a: Necrozma|Necrozma-Dusk-Mane|63/100
|turn|38
|
|t:|1660055053
|move|p1a: Xerneas|Thunderbolt|p2a: Necrozma
|-damage|p2a: Necrozma|37/100
|move|p2a: Necrozma|Iron Head|p1a: Xerneas
|-supereffective|p1a: Xerneas
|-damage|p1a: Xerneas|0 fnt
|faint|p1a: Xerneas
|
|-heal|p2a: Necrozma|43/100|[from] item: Leftovers
|upkeep
|
|t:|1660055059
|switch|p1a: Yveltal|Yveltal|62/100
|-ability|p1a: Yveltal|Dark Aura
|turn|39
|l|☆qwerabbb
|player|p1|
|inactive|Battle timer is ON: inactive players will automatically lose when time's up. (requested by TogeBirlHQ)
|inactive|qwerabbb has 30 seconds to reconnect!
|inactive|qwerabbb has 20 seconds to reconnect!
|inactive|qwerabbb has 15 seconds to reconnect!
|inactive|qwerabbb has 10 seconds to reconnect!
|inactive|qwerabbb has 5 seconds to reconnect!
|-message|qwerabbb lost due to inactivity.
|
|win|TogeBirlHQ
|raw|qwerabbb's rating: 1425 &rarr; <strong>1417</strong><br />(-8 for losing)
|raw|TogeBirlHQ's rating: 1656 &rarr; <strong>1664</strong><br />(+8 for winning)
