|j|☆Chunkomucho
|j|☆Valhalla343
|player|p1|Chunkomucho|erika|1492
|player|p2|Valhalla343|scientist-gen4dp|1424
|teamsize|p1|6
|teamsize|p2|6
|gametype|singles
|gen|8
|tier|[Gen 8] Ubers
|rated|
|clearpoke
|poke|p1|Zacian-Crowned|
|poke|p1|Togekiss, F|
|poke|p1|Toxapex, M|
|poke|p1|Corviknight, M|
|poke|p1|Quagsire, M|
|poke|p1|Tyranitar, M|
|poke|p2|Torkoal, M|
|poke|p2|Charizard, M|
|poke|p2|Zacian-Crowned|
|poke|p2|Lunala|
|poke|p2|Ditto|
|poke|p2|Corviknight, F|
|rule|Sleep Clause Mod: Limit one foe put to sleep
|rule|Species Clause: Limit one of each Pokémon
|rule|OHKO Clause: OHKO moves are banned
|rule|Evasion Moves Clause: Evasion moves are banned
|rule|Endless Battle Clause: Forcing endless battles is banned
|rule|HP Percentage Mod: HP is shown in percentages
|html|Ubers Dynamax Clause: Pokémon on the <a href="https://www.smogon.com/dex/ss/formats/uber/">Ubers Dynamax Banlist</a> cannot Dynamax.
|teampreview
|inactive|Battle timer is ON: inactive players will automatically lose when time's up. (requested by Chunkomucho)
|
|start
|switch|p1a: Corviknight|Corviknight, M|100/100
|switch|p2a: Corviknight|Corviknight, F, shiny|100/100
|-ability|p2a: Corviknight|Pressure
|-ability|p1a: Corviknight|Pressure
|turn|1
|
|move|p2a: Corviknight|U-turn|p1a: Corviknight
|-resisted|p1a: Corviknight
|-damage|p1a: Corviknight|98/100
|-damage|p2a: Corviknight|84/100|[from] item: Rocky Helmet|[of] p1a: Corviknight
|
|switch|p2a: Torkoal|Torkoal, M, shiny|100/100|[from]move: U-turn
|-weather|SunnyDay|[from] ability: Drought|[of] p2a: Torkoal
|move|p1a: Corviknight|U-turn|p2a: Torkoal
|-resisted|p2a: Torkoal
|-damage|p2a: Torkoal|96/100
|
|switch|p1a: Sonia|Togekiss, F, shiny|100/100|[from]move: U-turn
|
|-weather|SunnyDay|[upkeep]
|upkeep
|turn|2
|
|move|p1a: Sonia|Air Slash|p2a: Torkoal
|-damage|p2a: Torkoal|47/100
|move|p2a: Torkoal|Stealth Rock|p1a: Sonia
|-sidestart|p1: Chunkomucho|move: Stealth Rock
|
|-weather|SunnyDay|[upkeep]
|upkeep
|turn|3
|
|move|p1a: Sonia|Substitute|p1a: Sonia
|-start|p1a: Sonia|Substitute
|-damage|p1a: Sonia|76/100
|move|p2a: Torkoal|Lava Plume|p1a: Sonia
|-end|p1a: Sonia|Substitute
|
|-weather|SunnyDay|[upkeep]
|-heal|p1a: Sonia|82/100|[from] item: Leftovers
|upkeep
|turn|4
|
|move|p1a: Sonia|Air Slash|p2a: Torkoal
|-damage|p2a: Torkoal|0 fnt
|faint|p2a: Torkoal
|
|-weather|SunnyDay|[upkeep]
|-heal|p1a: Sonia|88/100|[from] item: Leftovers
|upkeep
|
|switch|p2a: Zacian|Zacian-Crowned|100/100
|-ability|p2a: Zacian|Intrepid Sword|boost
|-boost|p2a: Zacian|atk|1
|turn|5
|
|switch|p1a: Quagsire|Quagsire, M|100/100
|-damage|p1a: Quagsire|94/100|[from] Stealth Rock
|move|p2a: Zacian|Solar Blade||[still]
|-prepare|p2a: Zacian|Solar Blade|p1a: Quagsire
|-anim|p2a: Zacian|Solar Blade|p1a: Quagsire
|-supereffective|p1a: Quagsire
|-damage|p1a: Quagsire|0 fnt
|faint|p1a: Quagsire
|
|-weather|SunnyDay|[upkeep]
|upkeep
|
|switch|p1a: Tyranitar|Tyranitar, M|100/100
|-damage|p1a: Tyranitar|88/100|[from] Stealth Rock
|-weather|Sandstorm|[from] ability: Sand Stream|[of] p1a: Tyranitar
|turn|6
|
|switch|p1a: Corviknight|Corviknight, M|98/100
|-damage|p1a: Corviknight|86/100|[from] Stealth Rock
|-ability|p1a: Corviknight|Pressure
|move|p2a: Zacian|Behemoth Blade|p1a: Corviknight
|-resisted|p1a: Corviknight
|-damage|p1a: Corviknight|54/100
|-damage|p2a: Zacian|84/100|[from] item: Rocky Helmet|[of] p1a: Corviknight
|
|-weather|Sandstorm|[upkeep]
|upkeep
|turn|7
|
|move|p2a: Zacian|Close Combat|p1a: Corviknight
|-damage|p1a: Corviknight|1/100
|-unboost|p2a: Zacian|def|1
|-unboost|p2a: Zacian|spd|1
|-damage|p2a: Zacian|67/100|[from] item: Rocky Helmet|[of] p1a: Corviknight
|move|p1a: Corviknight|Roost|p1a: Corviknight
|-heal|p1a: Corviknight|51/100
|-singleturn|p1a: Corviknight|move: Roost
|
|-weather|Sandstorm|[upkeep]
|upkeep
|turn|8
|
|move|p2a: Zacian|Close Combat|p1a: Corviknight
|-damage|p1a: Corviknight|4/100
|-unboost|p2a: Zacian|def|1
|-unboost|p2a: Zacian|spd|1
|-damage|p2a: Zacian|51/100|[from] item: Rocky Helmet|[of] p1a: Corviknight
|move|p1a: Corviknight|Roost|p1a: Corviknight
|-heal|p1a: Corviknight|54/100
|-singleturn|p1a: Corviknight|move: Roost
|
|-weather|Sandstorm|[upkeep]
|upkeep
|turn|9
|c|☆Chunkomucho|I keep on forgetting solar blade
|
|switch|p2a: Charizard|Charizard, M, shiny|100/100
|move|p1a: Corviknight|U-turn|p2a: Charizard
|-resisted|p2a: Charizard
|-damage|p2a: Charizard|95/100
|
|switch|p1a: Zacian|Zacian-Crowned|100/100|[from]move: U-turn
|-damage|p1a: Zacian|94/100|[from] Stealth Rock
|-ability|p1a: Zacian|Intrepid Sword|boost
|-boost|p1a: Zacian|atk|1
|
|-weather|Sandstorm|[upkeep]
|-damage|p2a: Charizard|89/100|[from] Sandstorm
|upkeep
|turn|10
|
|move|p1a: Zacian|Behemoth Blade|p2a: Charizard
|-resisted|p2a: Charizard
|-damage|p2a: Charizard|18/100
|move|p2a: Charizard|Fire Blast|p1a: Zacian
|-supereffective|p1a: Zacian
|-damage|p1a: Zacian|0 fnt
|faint|p1a: Zacian
|
|-weather|none
|upkeep
|
|switch|p1a: Tyranitar|Tyranitar, M|88/100
|-damage|p1a: Tyranitar|76/100|[from] Stealth Rock
|-weather|Sandstorm|[from] ability: Sand Stream|[of] p1a: Tyranitar
|turn|11
|
|move|p2a: Charizard|Dragon Pulse|p1a: Tyranitar
|-damage|p1a: Tyranitar|63/100
|move|p1a: Tyranitar|Stealth Rock|p2a: Charizard
|-sidestart|p2: Valhalla343|move: Stealth Rock
|
|-weather|Sandstorm|[upkeep]
|-damage|p2a: Charizard|12/100|[from] Sandstorm
|upkeep
|turn|12
|
|move|p2a: Charizard|Fire Blast|p1a: Tyranitar
|-resisted|p1a: Tyranitar
|-damage|p1a: Tyranitar|52/100
|move|p1a: Tyranitar|Snarl|p2a: Charizard
|-damage|p2a: Charizard|0 fnt
|faint|p2a: Charizard
|
|-weather|Sandstorm|[upkeep]
|upkeep
|
|switch|p2a: Zacian|Zacian-Crowned|51/100
|-damage|p2a: Zacian|44/100|[from] Stealth Rock
|-ability|p2a: Zacian|Intrepid Sword|boost
|-boost|p2a: Zacian|atk|1
|turn|13
|
|switch|p1a: Toxapex|Toxapex, M|100/100
|-damage|p1a: Toxapex|88/100|[from] Stealth Rock
|move|p2a: Zacian|Behemoth Blade|p1a: Toxapex
|-resisted|p1a: Toxapex
|-crit|p1a: Toxapex
|-damage|p1a: Toxapex|43/100
|
|-weather|Sandstorm|[upkeep]
|-damage|p1a: Toxapex|37/100|[from] Sandstorm
|upkeep
|turn|14
|
|move|p2a: Zacian|Behemoth Blade|p1a: Toxapex
|-resisted|p1a: Toxapex
|-damage|p1a: Toxapex|4/100
|move|p1a: Toxapex|Recover|p1a: Toxapex
|-heal|p1a: Toxapex|54/100
|
|-weather|Sandstorm|[upkeep]
|-damage|p1a: Toxapex|48/100|[from] Sandstorm
|upkeep
|turn|15
|
|switch|p2a: Lunala|Lunala, shiny|100/100
|-damage|p2a: Lunala|88/100|[from] Stealth Rock
|move|p1a: Toxapex|Recover|p1a: Toxapex
|-heal|p1a: Toxapex|98/100
|
|-weather|none
|upkeep
|turn|16
|
|switch|p1a: Tyranitar|Tyranitar, M|52/100
|-damage|p1a: Tyranitar|40/100|[from] Stealth Rock
|-weather|Sandstorm|[from] ability: Sand Stream|[of] p1a: Tyranitar
|move|p2a: Lunala|Moongeist Beam|p1a: Tyranitar
|-resisted|p1a: Tyranitar
|-damage|p1a: Tyranitar|21/100
|
|-weather|Sandstorm|[upkeep]
|-damage|p2a: Lunala|82/100|[from] Sandstorm
|upkeep
|turn|17
|
|move|p2a: Lunala|Moongeist Beam|p1a: Tyranitar
|-resisted|p1a: Tyranitar
|-damage|p1a: Tyranitar|1/100
|move|p1a: Tyranitar|Rest|p1a: Tyranitar
|-status|p1a: Tyranitar|slp|[from] move: Rest
|-heal|p1a: Tyranitar|100/100 slp|[silent]
|
|-weather|Sandstorm|[upkeep]
|-damage|p2a: Lunala|76/100|[from] Sandstorm
|upkeep
|turn|18
|
|switch|p2a: Corviknight|Corviknight, F, shiny|84/100
|-damage|p2a: Corviknight|71/100|[from] Stealth Rock
|-ability|p2a: Corviknight|Pressure
|cant|p1a: Tyranitar|slp
|
|-weather|Sandstorm|[upkeep]
|-heal|p2a: Corviknight|78/100|[from] item: Leftovers
|upkeep
|turn|19
|
|switch|p1a: Toxapex|Toxapex, M|100/100
|-damage|p1a: Toxapex|88/100|[from] Stealth Rock
|move|p2a: Corviknight|U-turn|p1a: Toxapex
|-resisted|p1a: Toxapex
|-damage|p1a: Toxapex|84/100
|
|switch|p2a: Lunala|Lunala, shiny|76/100|[from]move: U-turn
|-damage|p2a: Lunala|64/100|[from] Stealth Rock
|
|-weather|Sandstorm|[upkeep]
|-damage|p2a: Lunala|58/100|[from] Sandstorm
|-damage|p1a: Toxapex|77/100|[from] Sandstorm
|upkeep
|turn|20
|
|switch|p1a: Tyranitar|Tyranitar, M|100/100 slp
|-damage|p1a: Tyranitar|88/100 slp|[from] Stealth Rock
|move|p2a: Lunala|Trick|p1a: Tyranitar
|-activate|p2a: Lunala|move: Trick|[of] p1a: Tyranitar
|-item|p1a: Tyranitar|Choice Specs|[from] move: Trick
|-item|p2a: Lunala|Shed Shell|[from] move: Trick
|
|-weather|none
|upkeep
|turn|21
|
|move|p2a: Lunala|Moonblast|p1a: Tyranitar
|-supereffective|p1a: Tyranitar
|-damage|p1a: Tyranitar|45/100 slp
|cant|p1a: Tyranitar|slp
|
|upkeep
|turn|22
|
|switch|p1a: Toxapex|Toxapex, M|100/100
|-damage|p1a: Toxapex|88/100|[from] Stealth Rock
|move|p2a: Lunala|Moonblast|p1a: Toxapex
|-resisted|p1a: Toxapex
|-damage|p1a: Toxapex|72/100
|
|upkeep
|turn|23
|
|switch|p1a: Tyranitar|Tyranitar, M|45/100 slp
|-damage|p1a: Tyranitar|32/100 slp|[from] Stealth Rock
|-weather|Sandstorm|[from] ability: Sand Stream|[of] p1a: Tyranitar
|move|p2a: Lunala|Psyshock|p1a: Tyranitar
|-immune|p1a: Tyranitar
|
|-weather|Sandstorm|[upkeep]
|-damage|p2a: Lunala|52/100|[from] Sandstorm
|upkeep
|turn|24
|
|move|p2a: Lunala|Moonblast|p1a: Tyranitar
|-supereffective|p1a: Tyranitar
|-damage|p1a: Tyranitar|3/100 slp
|-curestatus|p1a: Tyranitar|slp|[msg]
|move|p1a: Tyranitar|Snarl|p2a: Lunala
|-supereffective|p2a: Lunala
|-damage|p2a: Lunala|0 fnt
|faint|p2a: Lunala
|
|-weather|Sandstorm|[upkeep]
|upkeep
|
|switch|p2a: Zacian|Zacian-Crowned|44/100
|-damage|p2a: Zacian|38/100|[from] Stealth Rock
|-ability|p2a: Zacian|Intrepid Sword|boost
|-boost|p2a: Zacian|atk|1
|turn|25
|
|move|p2a: Zacian|Behemoth Blade|p1a: Tyranitar
|-supereffective|p1a: Tyranitar
|-damage|p1a: Tyranitar|0 fnt
|faint|p1a: Tyranitar
|
|-weather|Sandstorm|[upkeep]
|upkeep
|
|switch|p1a: Corviknight|Corviknight, M|54/100
|-damage|p1a: Corviknight|41/100|[from] Stealth Rock
|-ability|p1a: Corviknight|Pressure
|turn|26
|
|switch|p1a: Toxapex|Toxapex, M|100/100
|-damage|p1a: Toxapex|88/100|[from] Stealth Rock
|move|p2a: Zacian|Close Combat|p1a: Toxapex
|-resisted|p1a: Toxapex
|-damage|p1a: Toxapex|62/100
|-unboost|p2a: Zacian|def|1
|-unboost|p2a: Zacian|spd|1
|
|-weather|Sandstorm|[upkeep]
|-damage|p1a: Toxapex|56/100|[from] Sandstorm
|upkeep
|turn|27
|
|move|p2a: Zacian|Solar Blade||[still]
|-prepare|p2a: Zacian|Solar Blade|p1a: Toxapex
|move|p1a: Toxapex|Recover|p1a: Toxapex
|-heal|p1a: Toxapex|100/100
|
|-weather|none
|upkeep
|turn|28
|
|move|p2a: Zacian|Solar Blade|p1a: Toxapex|[from]lockedmove
|-damage|p1a: Toxapex|50/100
|move|p1a: Toxapex|Recover|p1a: Toxapex
|-heal|p1a: Toxapex|99/100
|
|upkeep
|turn|29
|
|switch|p2a: Corviknight|Corviknight, F, shiny|78/100
|-damage|p2a: Corviknight|65/100|[from] Stealth Rock
|-ability|p2a: Corviknight|Pressure
|move|p1a: Toxapex|Scald|p2a: Corviknight
|-damage|p2a: Corviknight|48/100
|
|-heal|p2a: Corviknight|55/100|[from] item: Leftovers
|upkeep
|turn|30
|
|move|p2a: Corviknight|Defog|p1a: Toxapex
|-unboost|p1a: Toxapex|evasion|1
|-sideend|p1: Chunkomucho|Stealth Rock|[from] move: Defog|[of] p2a: Corviknight
|-sideend|p2: Valhalla343|Stealth Rock|[from] move: Defog|[of] p2a: Corviknight
|move|p1a: Toxapex|Knock Off|p2a: Corviknight
|-damage|p2a: Corviknight|46/100
|-enditem|p2a: Corviknight|Leftovers|[from] move: Knock Off|[of] p1a: Toxapex
|
|upkeep
|turn|31
|
|move|p2a: Corviknight|Roost|p2a: Corviknight
|-heal|p2a: Corviknight|96/100
|-singleturn|p2a: Corviknight|move: Roost
|move|p1a: Toxapex|Scald|p2a: Corviknight
|-damage|p2a: Corviknight|79/100
|
|upkeep
|turn|32
|
|switch|p1a: Corviknight|Corviknight, M|41/100
|-ability|p1a: Corviknight|Pressure
|move|p2a: Corviknight|U-turn|p1a: Corviknight
|-resisted|p1a: Corviknight
|-damage|p1a: Corviknight|39/100
|-damage|p2a: Corviknight|63/100|[from] item: Rocky Helmet|[of] p1a: Corviknight
|
|switch|p2a: Zacian|Zacian-Crowned|38/100|[from]move: U-turn
|-ability|p2a: Zacian|Intrepid Sword|boost
|-boost|p2a: Zacian|atk|1
|
|upkeep
|turn|33
|
|switch|p1a: Toxapex|Toxapex, M|100/100
|move|p2a: Zacian|Close Combat|p1a: Toxapex
|-resisted|p1a: Toxapex
|-damage|p1a: Toxapex|75/100
|-unboost|p2a: Zacian|def|1
|-unboost|p2a: Zacian|spd|1
|
|upkeep
|turn|34
|
|switch|p2a: Ditto|Ditto|100/100
|-transform|p2a: Ditto|p1a: Toxapex|[from] ability: Imposter
|move|p1a: Toxapex|Scald|p2a: Ditto
|-resisted|p2a: Ditto
|-damage|p2a: Ditto|93/100
|-status|p2a: Ditto|brn
|
|-damage|p2a: Ditto|87/100 brn|[from] brn
|upkeep
|turn|35
|
|move|p2a: Ditto|Scald|p1a: Toxapex
|-resisted|p1a: Toxapex
|-damage|p1a: Toxapex|68/100
|-status|p1a: Toxapex|brn
|move|p1a: Toxapex|Knock Off|p2a: Ditto
|-damage|p2a: Ditto|83/100 brn
|-enditem|p2a: Ditto|Choice Scarf|[from] move: Knock Off|[of] p1a: Toxapex
|
|-damage|p1a: Toxapex|62/100 brn|[from] brn
|-damage|p2a: Ditto|77/100 brn|[from] brn
|upkeep
|turn|36
|
|switch|p1a: Sonia|Togekiss, F, shiny|88/100
|move|p2a: Ditto|Knock Off|p1a: Sonia
|-resisted|p1a: Sonia
|-damage|p1a: Sonia|84/100
|-enditem|p1a: Sonia|Leftovers|[from] move: Knock Off|[of] p2a: Ditto
|
|-damage|p2a: Ditto|71/100 brn|[from] brn
|upkeep
|turn|37
|
|switch|p2a: Corviknight|Corviknight, F, shiny|63/100
|-ability|p2a: Corviknight|Pressure
|move|p1a: Sonia|Substitute|p1a: Sonia
|-start|p1a: Sonia|Substitute
|-damage|p1a: Sonia|59/100
|
|upkeep
|turn|38
|
|move|p1a: Sonia|Nasty Plot|p1a: Sonia
|-boost|p1a: Sonia|spa|2
|move|p2a: Corviknight|Body Press|p1a: Sonia
|-resisted|p1a: Sonia
|-activate|p1a: Sonia|move: Substitute|[damage]
|
|upkeep
|turn|39
|
|-end|p1a: Sonia|Substitute
|-start|p1a: Sonia|Dynamax
|-heal|p1a: Sonia|59/100|[silent]
|move|p1a: Sonia|Max Airstream|p2a: Corviknight
|-resisted|p2a: Corviknight
|-damage|p2a: Corviknight|0 fnt
|-boost|p1a: Sonia|spe|1
|faint|p2a: Corviknight
|
|upkeep
|
|switch|p2a: Ditto|Ditto|100/100 brn
|-transform|p2a: Ditto|p1a: Sonia|[from] ability: Imposter
|turn|40
|
|move|p2a: Ditto|Air Slash|p1a: Sonia
|-damage|p1a: Sonia|26/100
|move|p1a: Sonia|Max Airstream|p2a: Ditto
|-damage|p2a: Ditto|0 fnt
|-boost|p1a: Sonia|spe|1
|faint|p2a: Ditto
|
|upkeep
|
|switch|p2a: Zacian|Zacian-Crowned|38/100
|-ability|p2a: Zacian|Intrepid Sword|boost
|-boost|p2a: Zacian|atk|1
|turn|41
|
|move|p1a: Sonia|Max Flare|p2a: Zacian
|-supereffective|p2a: Zacian
|-damage|p2a: Zacian|0 fnt
|-weather|SunnyDay
|faint|p2a: Zacian
|
|win|Chunkomucho
|l|☆Valhalla343
|raw|Chunkomucho's rating: 1462 &rarr; <strong>1481</strong><br />(+19 for winning)
|raw|Valhalla343's rating: 1439 &rarr; <strong>1420</strong><br />(-19 for losing)
