|j|☆D hapiness
|j|☆KyogreF4N
|player|p1|D hapiness|benga|1746
|player|p2|KyogreF4N|cynthia-gen4|1739
|teamsize|p1|6
|teamsize|p2|6
|gametype|singles
|gen|8
|tier|[Gen 8] Ubers
|rated|
|clearpoke
|poke|p1|Lunala|
|poke|p1|Eternatus|
|poke|p1|Umbreon, M|
|poke|p1|Zacian-Crowned|
|poke|p1|Dracovish|
|poke|p1|Quagsire, F|
|poke|p2|Shuckle, F|
|poke|p2|Gyarados, M|
|poke|p2|Mewtwo|
|poke|p2|Zacian-Crowned|
|poke|p2|Hatterene, F|
|poke|p2|Marshadow|
|rule|Sleep Clause Mod: Limit one foe put to sleep
|rule|Species Clause: Limit one of each Pokémon
|rule|OHKO Clause: OHKO moves are banned
|rule|Evasion Moves Clause: Evasion moves are banned
|rule|Endless Battle Clause: Forcing endless battles is banned
|rule|HP Percentage Mod: HP is shown in percentages
|html|Ubers Dynamax Clause: Pokémon on the <a href="https://www.smogon.com/dex/ss/formats/uber/">Ubers Dynamax Banlist</a> cannot Dynamax.
|teampreview
|c|☆D hapiness|bien le bonjour
|c|☆KyogreF4N|bonjour
|c|☆KyogreF4N|glhf
|
|start
|switch|p1a: Zacian|Zacian-Crowned|100/100
|switch|p2a: Shuckle|Shuckle, F|100/100
|-ability|p1a: Zacian|Intrepid Sword|boost
|-boost|p1a: Zacian|atk|1
|turn|1
|c|☆D hapiness|hf
|
|move|p1a: Zacian|Close Combat|p2a: Shuckle
|-damage|p2a: Shuckle|54/100
|-unboost|p1a: Zacian|def|1
|-unboost|p1a: Zacian|spd|1
|move|p2a: Shuckle|Sticky Web|p1a: Zacian
|-sidestart|p1: D hapiness|move: Sticky Web
|
|upkeep
|turn|2
|
|move|p1a: Zacian|Close Combat|p2a: Shuckle
|-damage|p2a: Shuckle|9/100
|-unboost|p1a: Zacian|def|1
|-unboost|p1a: Zacian|spd|1
|move|p2a: Shuckle|Stealth Rock|p1a: Zacian
|-sidestart|p1: D hapiness|move: Stealth Rock
|
|upkeep
|turn|3
|
|move|p1a: Zacian|Close Combat|p2a: Shuckle
|-damage|p2a: Shuckle|0 fnt
|-unboost|p1a: Zacian|def|1
|-unboost|p1a: Zacian|spd|1
|faint|p2a: Shuckle
|
|upkeep
|
|switch|p2a: Zacian|Zacian-Crowned|100/100
|-ability|p2a: Zacian|Intrepid Sword|boost
|-boost|p2a: Zacian|atk|1
|turn|4
|
|switch|p1a: Quagsire|Quagsire, F|100/100
|-activate|p1a: Quagsire|move: Sticky Web
|-unboost|p1a: Quagsire|spe|1
|-damage|p1a: Quagsire|94/100|[from] Stealth Rock
|move|p2a: Zacian|Behemoth Blade|p1a: Quagsire
|-resisted|p1a: Quagsire
|-damage|p1a: Quagsire|72/100
|
|-heal|p1a: Quagsire|78/100|[from] item: Leftovers
|upkeep
|turn|5
|j| AgressivEbolAidCOV
|
|move|p2a: Zacian|Behemoth Blade|p1a: Quagsire
|-resisted|p1a: Quagsire
|-damage|p1a: Quagsire|56/100
|move|p1a: Quagsire|Toxic|p2a: Zacian
|-immune|p2a: Zacian
|
|-heal|p1a: Quagsire|62/100|[from] item: Leftovers
|upkeep
|turn|6
|
|switch|p2a: Hatterene|Hatterene, F|100/100
|move|p1a: Quagsire|Recover|p1a: Quagsire
|-heal|p1a: Quagsire|100/100
|
|upkeep
|turn|7
|
|switch|p1a: Umbreon|Umbreon, M|100/100
|-damage|p1a: Umbreon|88/100|[from] Stealth Rock
|-activate|p1a: Umbreon|move: Sticky Web
|-unboost|p1a: Umbreon|spe|1
|move|p2a: Hatterene|Trick Room|p2a: Hatterene
|-fieldstart|move: Trick Room|[of] p2a: Hatterene
|
|-heal|p1a: Umbreon|94/100|[from] item: Leftovers
|upkeep
|turn|8
|
|move|p1a: Umbreon|Protect|p1a: Umbreon
|-singleturn|p1a: Umbreon|Protect
|move|p2a: Hatterene|Dazzling Gleam|p1a: Umbreon
|-activate|p1a: Umbreon|move: Protect
|
|-heal|p1a: Umbreon|99/100|[from] item: Leftovers
|upkeep
|turn|9
|
|move|p2a: Hatterene|Dazzling Gleam|p1a: Umbreon
|-supereffective|p1a: Umbreon
|-damage|p1a: Umbreon|39/100
|-damage|p2a: Hatterene|91/100|[from] item: Life Orb
|move|p1a: Umbreon|Wish|p1a: Umbreon
|
|-heal|p1a: Umbreon|45/100|[from] item: Leftovers
|upkeep
|turn|10
|
|switch|p2a: Gyarados|Gyarados, M|100/100
|move|p1a: Umbreon|Protect||[still]
|-fail|p1a: Umbreon
|
|-heal|p1a: Umbreon|95/100|[from] move: Wish|[wisher] Umbreon
|-heal|p1a: Umbreon|100/100|[from] item: Leftovers
|upkeep
|turn|11
|
|move|p1a: Umbreon|Baton Pass|p1a: Umbreon
|
|switch|p1a: Lunala|Lunala|100/100|[from]move: Baton Pass
|move|p2a: Gyarados|Dragon Dance|p2a: Gyarados
|-boost|p2a: Gyarados|atk|1
|-boost|p2a: Gyarados|spe|1
|
|-fieldend|move: Trick Room
|upkeep
|turn|12
|
|move|p2a: Gyarados|Taunt|p1a: Lunala
|-start|p1a: Lunala|move: Taunt
|move|p1a: Lunala|Moongeist Beam|p2a: Gyarados
|-damage|p2a: Gyarados|49/100
|
|upkeep
|turn|13
|
|-start|p2a: Gyarados|Dynamax
|-heal|p2a: Gyarados|49/100|[silent]
|move|p2a: Gyarados|Max Geyser|p1a: Lunala
|-damage|p1a: Lunala|47/100
|-weather|RainDance
|-damage|p2a: Gyarados|44/100|[from] item: Life Orb
|move|p1a: Lunala|Moongeist Beam|p2a: Gyarados
|-damage|p2a: Gyarados|18/100
|
|-weather|RainDance|[upkeep]
|upkeep
|turn|14
|
|move|p2a: Gyarados|Max Geyser|p1a: Lunala
|-damage|p1a: Lunala|0 fnt
|-damage|p2a: Gyarados|13/100|[from] item: Life Orb
|faint|p1a: Lunala
|-ability|p2a: Gyarados|Moxie|boost
|-boost|p2a: Gyarados|atk|1
|
|-weather|RainDance|[upkeep]
|upkeep
|
|switch|p1a: Dracovish|Dracovish|100/100
|-damage|p1a: Dracovish|88/100|[from] Stealth Rock
|-activate|p1a: Dracovish|move: Sticky Web
|-unboost|p1a: Dracovish|spe|1
|turn|15
|
|-start|p1a: Dracovish|Dynamax
|-heal|p1a: Dracovish|88/100|[silent]
|move|p2a: Gyarados|Max Airstream|p1a: Dracovish
|-damage|p1a: Dracovish|0 fnt
|-boost|p2a: Gyarados|spe|1
|-damage|p2a: Gyarados|8/100|[from] item: Life Orb
|faint|p1a: Dracovish
|-ability|p2a: Gyarados|Moxie|boost
|-boost|p2a: Gyarados|atk|1
|
|-weather|RainDance|[upkeep]
|-end|p2a: Gyarados|Dynamax
|-heal|p2a: Gyarados|8/100|[silent]
|upkeep
|
|switch|p1a: Quagsire|Quagsire, F|100/100
|-damage|p1a: Quagsire|94/100|[from] Stealth Rock
|-activate|p1a: Quagsire|move: Sticky Web
|-unboost|p1a: Quagsire|spe|1
|turn|16
|
|move|p2a: Gyarados|Taunt|p1a: Quagsire
|-start|p1a: Quagsire|move: Taunt
|cant|p1a: Quagsire|move: Taunt|Recover
|
|-weather|RainDance|[upkeep]
|-heal|p1a: Quagsire|100/100|[from] item: Leftovers
|upkeep
|turn|17
|
|switch|p1a: Eternatus|Eternatus|100/100
|-damage|p1a: Eternatus|88/100|[from] Stealth Rock
|-activate|p1a: Eternatus|move: Sticky Web
|-unboost|p1a: Eternatus|spe|1
|-ability|p1a: Eternatus|Pressure
|move|p2a: Gyarados|Waterfall|p1a: Eternatus
|-resisted|p1a: Eternatus
|-damage|p1a: Eternatus|0 fnt
|-damage|p2a: Gyarados|0 fnt|[from] item: Life Orb
|faint|p1a: Eternatus
|faint|p2a: Gyarados
|
|-weather|none
|upkeep
|
|switch|p1a: Zacian|Zacian-Crowned|100/100
|switch|p2a: Zacian|Zacian-Crowned|100/100
|-activate|p1a: Zacian|move: Sticky Web
|-unboost|p1a: Zacian|spe|1
|-damage|p1a: Zacian|94/100|[from] Stealth Rock
|-ability|p1a: Zacian|Intrepid Sword|boost
|-boost|p1a: Zacian|atk|1
|-ability|p2a: Zacian|Intrepid Sword|boost
|-boost|p2a: Zacian|atk|1
|turn|18
|
|switch|p1a: Quagsire|Quagsire, F|100/100
|-activate|p1a: Quagsire|move: Sticky Web
|-unboost|p1a: Quagsire|spe|1
|-damage|p1a: Quagsire|94/100|[from] Stealth Rock
|move|p2a: Zacian|Close Combat|p1a: Quagsire
|-damage|p1a: Quagsire|61/100
|-unboost|p2a: Zacian|def|1
|-unboost|p2a: Zacian|spd|1
|
|-heal|p1a: Quagsire|67/100|[from] item: Leftovers
|upkeep
|turn|19
|
|switch|p2a: Mewtwo|Mewtwo|100/100
|-ability|p2a: Mewtwo|Pressure
|move|p1a: Quagsire|Earthquake|p2a: Mewtwo
|-damage|p2a: Mewtwo|67/100
|
|-heal|p1a: Quagsire|73/100|[from] item: Leftovers
|upkeep
|turn|20
|
|move|p1a: Quagsire|Protect|p1a: Quagsire
|-singleturn|p1a: Quagsire|Protect
|move|p2a: Mewtwo|Nasty Plot|p2a: Mewtwo
|-boost|p2a: Mewtwo|spa|2
|
|-heal|p1a: Quagsire|79/100|[from] item: Leftovers
|upkeep
|turn|21
|
|switch|p1a: Umbreon|Umbreon, M|100/100
|-damage|p1a: Umbreon|88/100|[from] Stealth Rock
|-activate|p1a: Umbreon|move: Sticky Web
|-unboost|p1a: Umbreon|spe|1
|move|p2a: Mewtwo|Ice Beam|p1a: Umbreon
|-damage|p1a: Umbreon|39/100
|-damage|p2a: Mewtwo|57/100|[from] item: Life Orb
|
|-heal|p1a: Umbreon|45/100|[from] item: Leftovers
|upkeep
|turn|22
|
|move|p1a: Umbreon|Protect|p1a: Umbreon
|-singleturn|p1a: Umbreon|Protect
|move|p2a: Mewtwo|Nasty Plot|p2a: Mewtwo
|-boost|p2a: Mewtwo|spa|2
|
|-heal|p1a: Umbreon|51/100|[from] item: Leftovers
|upkeep
|turn|23
|
|move|p2a: Mewtwo|Ice Beam|p1a: Umbreon
|-damage|p1a: Umbreon|0 fnt
|-damage|p2a: Mewtwo|47/100|[from] item: Life Orb
|faint|p1a: Umbreon
|
|upkeep
|
|switch|p1a: Zacian|Zacian-Crowned|94/100
|-damage|p1a: Zacian|88/100|[from] Stealth Rock
|-activate|p1a: Zacian|move: Sticky Web
|-unboost|p1a: Zacian|spe|1
|-ability|p1a: Zacian|Intrepid Sword|boost
|-boost|p1a: Zacian|atk|1
|turn|24
|
|move|p2a: Mewtwo|Flamethrower|p1a: Zacian
|-supereffective|p1a: Zacian
|-damage|p1a: Zacian|0 fnt
|-damage|p2a: Mewtwo|37/100|[from] item: Life Orb
|faint|p1a: Zacian
|
|upkeep
|
|switch|p1a: Quagsire|Quagsire, F|79/100
|-activate|p1a: Quagsire|move: Sticky Web
|-unboost|p1a: Quagsire|spe|1
|-damage|p1a: Quagsire|73/100|[from] Stealth Rock
|turn|25
|c|☆D hapiness|gg
|
|move|p2a: Mewtwo|Psychic|p1a: Quagsire
|-damage|p1a: Quagsire|0 fnt
|-damage|p2a: Mewtwo|27/100|[from] item: Life Orb
|faint|p1a: Quagsire
|
|win|KyogreF4N
|l|☆D hapiness
|c|☆KyogreF4N|gg
|l|☆KyogreF4N
|raw|D hapiness's rating: 1754 &rarr; <strong>1732</strong><br />(-22 for losing)
|raw|KyogreF4N's rating: 1715 &rarr; <strong>1737</strong><br />(+22 for winning)
