|j|☆1 EAST x Ken
|j|☆Entrocefalo
|t:|1653940825
|gametype|singles
|player|p1|1 EAST x Ken|lusamine-nihilego|1456
|player|p2|Entrocefalo|1|1546
|teamsize|p1|6
|teamsize|p2|6
|gen|8
|tier|[Gen 8] Ubers
|rated|
|rule|Sleep Clause Mod: Limit one foe put to sleep
|rule|Species Clause: Limit one of each Pokémon
|rule|OHKO Clause: OHKO moves are banned
|rule|Evasion Moves Clause: Evasion moves are banned
|rule|Endless Battle Clause: Forcing endless battles is banned
|rule|HP Percentage Mod: HP is shown in percentages
|rule|Dynamax Clause: You cannot dynamax
|clearpoke
|poke|p1|Buzzwole|
|poke|p1|Yveltal|
|poke|p1|Ho-Oh|
|poke|p1|Ferrothorn, F|
|poke|p1|Xerneas-*|
|poke|p1|Necrozma-Dusk-Mane|
|poke|p2|Kyogre|
|poke|p2|Barraskewda, M|
|poke|p2|Urshifu-*, F|
|poke|p2|Dracovish|
|poke|p2|Pelipper, M|
|poke|p2|Cloyster, F|
|teampreview
|inactive|Battle timer is ON: inactive players will automatically lose when time's up. (requested by Entrocefalo)
|
|t:|1653940859
|start
|switch|p1a: Ferrothorn|Ferrothorn, F|100/100
|switch|p2a: Kyogre|Kyogre|100/100
|-weather|RainDance|[from] ability: Drizzle|[of] p2a: Kyogre
|turn|1
|
|t:|1653940862
|move|p2a: Kyogre|Block|p1a: Ferrothorn
|-activate|p1a: Ferrothorn|trapped
|move|p1a: Ferrothorn|Leech Seed|p2a: Kyogre
|-start|p2a: Kyogre|move: Leech Seed
|
|-weather|RainDance|[upkeep]
|-damage|p2a: Kyogre|88/100|[from] Leech Seed|[of] p1a: Ferrothorn
|upkeep
|turn|2
|
|t:|1653940865
|move|p2a: Kyogre|Scald|p1a: Ferrothorn
|-resisted|p1a: Ferrothorn
|-damage|p1a: Ferrothorn|83/100
|-status|p1a: Ferrothorn|brn
|move|p1a: Ferrothorn|Power Whip|p2a: Kyogre
|-supereffective|p2a: Kyogre
|-damage|p2a: Kyogre|63/100
|
|-weather|RainDance|[upkeep]
|-heal|p2a: Kyogre|70/100|[from] item: Leftovers
|-heal|p1a: Ferrothorn|89/100 brn|[from] item: Leftovers
|-damage|p2a: Kyogre|57/100|[from] Leech Seed|[of] p1a: Ferrothorn
|-heal|p1a: Ferrothorn|100/100 brn|[silent]
|-damage|p1a: Ferrothorn|94/100 brn|[from] brn
|upkeep
|turn|3
|
|t:|1653940874
|move|p2a: Kyogre|Calm Mind|p2a: Kyogre
|-boost|p2a: Kyogre|spa|1
|-boost|p2a: Kyogre|spd|1
|move|p1a: Ferrothorn|Stealth Rock|p2a: Kyogre
|-sidestart|p2: Entrocefalo|move: Stealth Rock
|
|-weather|RainDance|[upkeep]
|-heal|p2a: Kyogre|63/100|[from] item: Leftovers
|-heal|p1a: Ferrothorn|100/100 brn|[from] item: Leftovers
|-damage|p2a: Kyogre|51/100|[from] Leech Seed|[of] p1a: Ferrothorn
|-damage|p1a: Ferrothorn|94/100 brn|[from] brn
|upkeep
|turn|4
|
|t:|1653940879
|move|p2a: Kyogre|Calm Mind|p2a: Kyogre
|-boost|p2a: Kyogre|spa|1
|-boost|p2a: Kyogre|spd|1
|move|p1a: Ferrothorn|Power Whip|p2a: Kyogre
|-supereffective|p2a: Kyogre
|-damage|p2a: Kyogre|25/100
|
|-weather|RainDance|[upkeep]
|-heal|p2a: Kyogre|31/100|[from] item: Leftovers
|-heal|p1a: Ferrothorn|100/100 brn|[from] item: Leftovers
|-damage|p2a: Kyogre|19/100|[from] Leech Seed|[of] p1a: Ferrothorn
|-damage|p1a: Ferrothorn|94/100 brn|[from] brn
|upkeep
|turn|5
|
|t:|1653940883
|move|p2a: Kyogre|Rest|p2a: Kyogre
|-status|p2a: Kyogre|slp|[from] move: Rest
|-heal|p2a: Kyogre|100/100 slp|[silent]
|move|p1a: Ferrothorn|Power Whip|p2a: Kyogre
|-supereffective|p2a: Kyogre
|-damage|p2a: Kyogre|72/100 slp
|
|-weather|none
|-heal|p2a: Kyogre|78/100 slp|[from] item: Leftovers
|-heal|p1a: Ferrothorn|100/100 brn|[from] item: Leftovers
|-damage|p2a: Kyogre|66/100 slp|[from] Leech Seed|[of] p1a: Ferrothorn
|-damage|p1a: Ferrothorn|94/100 brn|[from] brn
|upkeep
|turn|6
|
|t:|1653940889
|cant|p2a: Kyogre|slp
|move|p1a: Ferrothorn|Power Whip|p2a: Kyogre|[miss]
|-miss|p1a: Ferrothorn|p2a: Kyogre
|
|-heal|p2a: Kyogre|72/100 slp|[from] item: Leftovers
|-heal|p1a: Ferrothorn|100/100 brn|[from] item: Leftovers
|-damage|p2a: Kyogre|60/100 slp|[from] Leech Seed|[of] p1a: Ferrothorn
|-damage|p1a: Ferrothorn|94/100 brn|[from] brn
|upkeep
|turn|7
|
|t:|1653940891
|cant|p2a: Kyogre|slp
|move|p1a: Ferrothorn|Power Whip|p2a: Kyogre
|-supereffective|p2a: Kyogre
|-damage|p2a: Kyogre|33/100 slp
|
|-heal|p2a: Kyogre|39/100 slp|[from] item: Leftovers
|-heal|p1a: Ferrothorn|100/100 brn|[from] item: Leftovers
|-damage|p2a: Kyogre|26/100 slp|[from] Leech Seed|[of] p1a: Ferrothorn
|-damage|p1a: Ferrothorn|94/100 brn|[from] brn
|upkeep
|turn|8
|
|t:|1653940915
|-curestatus|p2a: Kyogre|slp|[msg]
|move|p2a: Kyogre|Rest|p2a: Kyogre
|-status|p2a: Kyogre|slp|[from] move: Rest
|-heal|p2a: Kyogre|100/100 slp|[silent]
|move|p1a: Ferrothorn|Power Whip|p2a: Kyogre
|-supereffective|p2a: Kyogre
|-damage|p2a: Kyogre|74/100 slp
|
|-heal|p2a: Kyogre|80/100 slp|[from] item: Leftovers
|-heal|p1a: Ferrothorn|100/100 brn|[from] item: Leftovers
|-damage|p2a: Kyogre|68/100 slp|[from] Leech Seed|[of] p1a: Ferrothorn
|-damage|p1a: Ferrothorn|94/100 brn|[from] brn
|upkeep
|turn|9
|
|t:|1653940923
|cant|p2a: Kyogre|slp
|move|p1a: Ferrothorn|Power Whip|p2a: Kyogre
|-supereffective|p2a: Kyogre
|-damage|p2a: Kyogre|44/100 slp
|
|-heal|p2a: Kyogre|50/100 slp|[from] item: Leftovers
|-heal|p1a: Ferrothorn|100/100 brn|[from] item: Leftovers
|-damage|p2a: Kyogre|37/100 slp|[from] Leech Seed|[of] p1a: Ferrothorn
|-damage|p1a: Ferrothorn|94/100 brn|[from] brn
|upkeep
|turn|10
|
|t:|1653940928
|cant|p2a: Kyogre|slp
|move|p1a: Ferrothorn|Power Whip|p2a: Kyogre
|-supereffective|p2a: Kyogre
|-damage|p2a: Kyogre|13/100 slp
|
|-heal|p2a: Kyogre|19/100 slp|[from] item: Leftovers
|-heal|p1a: Ferrothorn|100/100 brn|[from] item: Leftovers
|-damage|p2a: Kyogre|6/100 slp|[from] Leech Seed|[of] p1a: Ferrothorn
|-damage|p1a: Ferrothorn|94/100 brn|[from] brn
|upkeep
|turn|11
|
|t:|1653940931
|-curestatus|p2a: Kyogre|slp|[msg]
|move|p2a: Kyogre|Rest|p2a: Kyogre
|-status|p2a: Kyogre|slp|[from] move: Rest
|-heal|p2a: Kyogre|100/100 slp|[silent]
|move|p1a: Ferrothorn|Power Whip|p2a: Kyogre
|-supereffective|p2a: Kyogre
|-damage|p2a: Kyogre|75/100 slp
|
|-heal|p2a: Kyogre|81/100 slp|[from] item: Leftovers
|-heal|p1a: Ferrothorn|100/100 brn|[from] item: Leftovers
|-damage|p2a: Kyogre|69/100 slp|[from] Leech Seed|[of] p1a: Ferrothorn
|-damage|p1a: Ferrothorn|94/100 brn|[from] brn
|upkeep
|turn|12
|
|t:|1653940938
|cant|p2a: Kyogre|slp
|move|p1a: Ferrothorn|Stealth Rock||[still]
|-fail|p1a: Ferrothorn
|
|-heal|p2a: Kyogre|75/100 slp|[from] item: Leftovers
|-heal|p1a: Ferrothorn|100/100 brn|[from] item: Leftovers
|-damage|p2a: Kyogre|63/100 slp|[from] Leech Seed|[of] p1a: Ferrothorn
|-damage|p1a: Ferrothorn|94/100 brn|[from] brn
|upkeep
|turn|13
|
|t:|1653940943
|cant|p2a: Kyogre|slp
|move|p1a: Ferrothorn|Stealth Rock||[still]
|-fail|p1a: Ferrothorn
|
|-heal|p2a: Kyogre|69/100 slp|[from] item: Leftovers
|-heal|p1a: Ferrothorn|100/100 brn|[from] item: Leftovers
|-damage|p2a: Kyogre|56/100 slp|[from] Leech Seed|[of] p1a: Ferrothorn
|-damage|p1a: Ferrothorn|94/100 brn|[from] brn
|upkeep
|turn|14
|
|t:|1653940949
|-curestatus|p2a: Kyogre|slp|[msg]
|move|p2a: Kyogre|Rest|p2a: Kyogre
|-status|p2a: Kyogre|slp|[from] move: Rest
|-heal|p2a: Kyogre|100/100 slp|[silent]
|move|p1a: Ferrothorn|Stealth Rock||[still]
|-fail|p1a: Ferrothorn
|
|-heal|p1a: Ferrothorn|100/100 brn|[from] item: Leftovers
|-damage|p2a: Kyogre|88/100 slp|[from] Leech Seed|[of] p1a: Ferrothorn
|-damage|p1a: Ferrothorn|94/100 brn|[from] brn
|upkeep
|turn|15
|
|t:|1653940954
|cant|p2a: Kyogre|slp
|move|p1a: Ferrothorn|Stealth Rock||[still]
|-fail|p1a: Ferrothorn
|
|-heal|p2a: Kyogre|94/100 slp|[from] item: Leftovers
|-heal|p1a: Ferrothorn|100/100 brn|[from] item: Leftovers
|-damage|p2a: Kyogre|82/100 slp|[from] Leech Seed|[of] p1a: Ferrothorn
|-damage|p1a: Ferrothorn|94/100 brn|[from] brn
|upkeep
|turn|16
|
|t:|1653940957
|cant|p2a: Kyogre|slp
|move|p1a: Ferrothorn|Stealth Rock||[still]
|-fail|p1a: Ferrothorn
|
|-heal|p2a: Kyogre|88/100 slp|[from] item: Leftovers
|-heal|p1a: Ferrothorn|100/100 brn|[from] item: Leftovers
|-damage|p2a: Kyogre|76/100 slp|[from] Leech Seed|[of] p1a: Ferrothorn
|-damage|p1a: Ferrothorn|94/100 brn|[from] brn
|upkeep
|turn|17
|
|t:|1653940960
|-curestatus|p2a: Kyogre|slp|[msg]
|move|p2a: Kyogre|Calm Mind|p2a: Kyogre
|-boost|p2a: Kyogre|spa|1
|-boost|p2a: Kyogre|spd|1
|move|p1a: Ferrothorn|Stealth Rock||[still]
|-fail|p1a: Ferrothorn
|
|-heal|p2a: Kyogre|82/100|[from] item: Leftovers
|-heal|p1a: Ferrothorn|100/100 brn|[from] item: Leftovers
|-damage|p2a: Kyogre|70/100|[from] Leech Seed|[of] p1a: Ferrothorn
|-damage|p1a: Ferrothorn|94/100 brn|[from] brn
|upkeep
|turn|18
|
|t:|1653940963
|move|p2a: Kyogre|Calm Mind|p2a: Kyogre
|-boost|p2a: Kyogre|spa|1
|-boost|p2a: Kyogre|spd|1
|move|p1a: Ferrothorn|Power Whip|p2a: Kyogre
|-supereffective|p2a: Kyogre
|-damage|p2a: Kyogre|44/100
|
|-heal|p2a: Kyogre|50/100|[from] item: Leftovers
|-heal|p1a: Ferrothorn|100/100 brn|[from] item: Leftovers
|-damage|p2a: Kyogre|37/100|[from] Leech Seed|[of] p1a: Ferrothorn
|-damage|p1a: Ferrothorn|94/100 brn|[from] brn
|upkeep
|turn|19
|
|t:|1653940966
|move|p2a: Kyogre|Rest|p2a: Kyogre
|-status|p2a: Kyogre|slp|[from] move: Rest
|-heal|p2a: Kyogre|100/100 slp|[silent]
|move|p1a: Ferrothorn|Stealth Rock||[still]
|-fail|p1a: Ferrothorn
|
|-heal|p1a: Ferrothorn|100/100 brn|[from] item: Leftovers
|-damage|p2a: Kyogre|88/100 slp|[from] Leech Seed|[of] p1a: Ferrothorn
|-damage|p1a: Ferrothorn|94/100 brn|[from] brn
|upkeep
|turn|20
|
|t:|1653940970
|cant|p2a: Kyogre|slp
|move|p1a: Ferrothorn|Stealth Rock||[still]
|-fail|p1a: Ferrothorn
|
|-heal|p2a: Kyogre|94/100 slp|[from] item: Leftovers
|-heal|p1a: Ferrothorn|100/100 brn|[from] item: Leftovers
|-damage|p2a: Kyogre|82/100 slp|[from] Leech Seed|[of] p1a: Ferrothorn
|-damage|p1a: Ferrothorn|94/100 brn|[from] brn
|upkeep
|turn|21
|
|t:|1653940972
|cant|p2a: Kyogre|slp
|move|p1a: Ferrothorn|Stealth Rock||[still]
|-fail|p1a: Ferrothorn
|
|-heal|p2a: Kyogre|88/100 slp|[from] item: Leftovers
|-heal|p1a: Ferrothorn|100/100 brn|[from] item: Leftovers
|-damage|p2a: Kyogre|76/100 slp|[from] Leech Seed|[of] p1a: Ferrothorn
|-damage|p1a: Ferrothorn|94/100 brn|[from] brn
|upkeep
|turn|22
|
|t:|1653940974
|-curestatus|p2a: Kyogre|slp|[msg]
|move|p2a: Kyogre|Calm Mind|p2a: Kyogre
|-boost|p2a: Kyogre|spa|1
|-boost|p2a: Kyogre|spd|1
|move|p1a: Ferrothorn|Stealth Rock||[still]
|-fail|p1a: Ferrothorn
|
|-heal|p2a: Kyogre|82/100|[from] item: Leftovers
|-heal|p1a: Ferrothorn|100/100 brn|[from] item: Leftovers
|-damage|p2a: Kyogre|70/100|[from] Leech Seed|[of] p1a: Ferrothorn
|-damage|p1a: Ferrothorn|94/100 brn|[from] brn
|upkeep
|turn|23
|
|t:|1653940980
|move|p2a: Kyogre|Calm Mind|p2a: Kyogre
|-boost|p2a: Kyogre|spa|1
|-boost|p2a: Kyogre|spd|1
|move|p1a: Ferrothorn|Stealth Rock||[still]
|-fail|p1a: Ferrothorn
|
|-heal|p2a: Kyogre|76/100|[from] item: Leftovers
|-heal|p1a: Ferrothorn|100/100 brn|[from] item: Leftovers
|-damage|p2a: Kyogre|63/100|[from] Leech Seed|[of] p1a: Ferrothorn
|-damage|p1a: Ferrothorn|94/100 brn|[from] brn
|upkeep
|turn|24
|
|t:|1653940983
|move|p2a: Kyogre|Scald|p1a: Ferrothorn
|-resisted|p1a: Ferrothorn
|-damage|p1a: Ferrothorn|47/100 brn
|move|p1a: Ferrothorn|Stealth Rock||[still]
|-fail|p1a: Ferrothorn
|
|-heal|p2a: Kyogre|70/100|[from] item: Leftovers
|-heal|p1a: Ferrothorn|53/100 brn|[from] item: Leftovers
|-damage|p2a: Kyogre|57/100|[from] Leech Seed|[of] p1a: Ferrothorn
|-heal|p1a: Ferrothorn|68/100 brn|[silent]
|-damage|p1a: Ferrothorn|61/100 brn|[from] brn
|upkeep
|turn|25
|
|t:|1653940990
|move|p2a: Kyogre|Scald|p1a: Ferrothorn
|-resisted|p1a: Ferrothorn
|-damage|p1a: Ferrothorn|9/100 brn
|move|p1a: Ferrothorn|Power Whip|p2a: Kyogre|[miss]
|-miss|p1a: Ferrothorn|p2a: Kyogre
|
|-heal|p2a: Kyogre|63/100|[from] item: Leftovers
|-heal|p1a: Ferrothorn|15/100 brn|[from] item: Leftovers
|-damage|p2a: Kyogre|51/100|[from] Leech Seed|[of] p1a: Ferrothorn
|-heal|p1a: Ferrothorn|29/100 brn|[silent]
|-damage|p1a: Ferrothorn|23/100 brn|[from] brn
|upkeep
|turn|26
|
|t:|1653940996
|move|p2a: Kyogre|Scald|p1a: Ferrothorn
|-resisted|p1a: Ferrothorn
|-damage|p1a: Ferrothorn|0 fnt
|faint|p1a: Ferrothorn
|
|-heal|p2a: Kyogre|57/100|[from] item: Leftovers
|upkeep
|
|t:|1653940999
|switch|p1a: Yveltal|Yveltal|100/100
|-ability|p1a: Yveltal|Dark Aura
|turn|27
|
|t:|1653941001
|move|p1a: Yveltal|Knock Off|p2a: Kyogre
|-damage|p2a: Kyogre|0 fnt
|-enditem|p2a: Kyogre|Leftovers|[from] move: Knock Off|[of] p1a: Yveltal
|faint|p2a: Kyogre
|-damage|p1a: Yveltal|91/100|[from] item: Life Orb
|
|upkeep
|
|t:|1653941018
|switch|p2a: Cloyster|Cloyster, F, shiny|100/100
|-damage|p2a: Cloyster|76/100|[from] Stealth Rock
|turn|28
|
|t:|1653941023
|switch|p1a: Buzzwole|Buzzwole|100/100
|move|p2a: Cloyster|Rapid Spin|p1a: Buzzwole
|-damage|p1a: Buzzwole|93/100
|-boost|p2a: Cloyster|spe|1
|-sideend|p2: Entrocefalo|Stealth Rock|[from] move: Rapid Spin|[of] p2a: Cloyster
|
|-heal|p1a: Buzzwole|99/100|[from] item: Leftovers
|upkeep
|turn|29
|
|t:|1653941032
|switch|p2a: Pelipper|Pelipper, M|100/100
|-weather|RainDance|[from] ability: Drizzle|[of] p2a: Pelipper
|move|p1a: Buzzwole|Bulk Up|p1a: Buzzwole
|-boost|p1a: Buzzwole|atk|1
|-boost|p1a: Buzzwole|def|1
|
|-weather|RainDance|[upkeep]
|-heal|p1a: Buzzwole|100/100|[from] item: Leftovers
|upkeep
|turn|30
|
|t:|1653941036
|switch|p1a: Necrozma|Necrozma-Dusk-Mane|100/100
|move|p2a: Pelipper|Scald|p1a: Necrozma
|-damage|p1a: Necrozma|62/100
|
|-weather|RainDance|[upkeep]
|upkeep
|turn|31
|
|t:|1653941040
|move|p1a: Necrozma|Moonlight|p1a: Necrozma
|-heal|p1a: Necrozma|87/100
|move|p2a: Pelipper|U-turn|p1a: Necrozma
|-damage|p1a: Necrozma|80/100
|
|t:|1653941042
|switch|p2a: Dracovish|Dracovish|100/100|[from]move: U-turn
|
|-weather|RainDance|[upkeep]
|upkeep
|turn|32
|
|t:|1653941045
|switch|p1a: Ho-Oh|Ho-Oh|100/100
|move|p2a: Dracovish|Fishious Rend|p1a: Ho-Oh
|-supereffective|p1a: Ho-Oh
|-damage|p1a: Ho-Oh|0 fnt
|faint|p1a: Ho-Oh
|
|-weather|RainDance|[upkeep]
|upkeep
|
|t:|1653941050
|switch|p1a: Yveltal|Yveltal|91/100
|-ability|p1a: Yveltal|Dark Aura
|turn|33
|
|t:|1653941055
|switch|p2a: Cloyster|Cloyster, F, shiny|76/100
|move|p1a: Yveltal|Sucker Punch||[still]
|-fail|p1a: Yveltal
|
|-weather|RainDance|[upkeep]
|upkeep
|turn|34
|
|t:|1653941061
|switch|p1a: Xerneas|Xerneas|100/100
|-ability|p1a: Xerneas|Fairy Aura
|move|p2a: Cloyster|Icicle Spear|p1a: Xerneas
|-damage|p1a: Xerneas|92/100
|-damage|p1a: Xerneas|83/100
|-damage|p1a: Xerneas|75/100
|-damage|p1a: Xerneas|66/100
|-damage|p1a: Xerneas|59/100
|-hitcount|p1a: Xerneas|5
|
|-weather|RainDance|[upkeep]
|upkeep
|turn|35
|
|t:|1653941073
|move|p2a: Cloyster|Icicle Spear|p1a: Xerneas
|-damage|p1a: Xerneas|50/100
|-damage|p1a: Xerneas|42/100
|-damage|p1a: Xerneas|33/100
|-damage|p1a: Xerneas|25/100
|-damage|p1a: Xerneas|16/100
|-hitcount|p1a: Xerneas|5
|move|p1a: Xerneas|Thunder|p2a: Cloyster
|-supereffective|p2a: Cloyster
|-damage|p2a: Cloyster|0 fnt
|faint|p2a: Cloyster
|
|-weather|RainDance|[upkeep]
|upkeep
|
|t:|1653941078
|switch|p2a: Barraskewda|Barraskewda, M|100/100
|turn|36
|
|t:|1653941081
|switch|p1a: Buzzwole|Buzzwole|100/100
|move|p2a: Barraskewda|Flip Turn|p1a: Buzzwole
|-damage|p1a: Buzzwole|68/100
|
|t:|1653941085
|switch|p2a: Dracovish|Dracovish|100/100|[from]move: Flip Turn
|
|-weather|none
|-heal|p1a: Buzzwole|74/100|[from] item: Leftovers
|upkeep
|turn|37
|
|t:|1653941089
|move|p2a: Dracovish|Fishious Rend|p1a: Buzzwole
|-damage|p1a: Buzzwole|1/100
|move|p1a: Buzzwole|Bulk Up|p1a: Buzzwole
|-boost|p1a: Buzzwole|atk|1
|-boost|p1a: Buzzwole|def|1
|
|-heal|p1a: Buzzwole|7/100|[from] item: Leftovers
|upkeep
|turn|38
|
|t:|1653941093
|move|p2a: Dracovish|Fishious Rend|p1a: Buzzwole
|-damage|p1a: Buzzwole|0 fnt
|faint|p1a: Buzzwole
|
|upkeep
|
|t:|1653941095
|switch|p1a: Yveltal|Yveltal|91/100
|-ability|p1a: Yveltal|Dark Aura
|turn|39
|
|t:|1653941099
|move|p1a: Yveltal|Knock Off|p2a: Dracovish
|-damage|p2a: Dracovish|5/100
|-enditem|p2a: Dracovish|Choice Band|[from] move: Knock Off|[of] p1a: Yveltal
|-damage|p1a: Yveltal|81/100|[from] item: Life Orb
|move|p2a: Dracovish|Fishious Rend|p1a: Yveltal
|-damage|p1a: Yveltal|26/100
|
|upkeep
|turn|40
|
|t:|1653941103
|move|p1a: Yveltal|Oblivion Wing|p2a: Dracovish
|-damage|p2a: Dracovish|0 fnt
|-heal|p1a: Yveltal|30/100|[from] drain|[of] p2a: Dracovish
|faint|p2a: Dracovish
|-damage|p1a: Yveltal|20/100|[from] item: Life Orb
|
|upkeep
|
|t:|1653941105
|switch|p2a: Urshifu|Urshifu-Rapid-Strike, F|100/100
|turn|41
|
|t:|1653941114
|switch|p1a: Necrozma|Necrozma-Dusk-Mane|80/100
|move|p2a: Urshifu|U-turn|p1a: Necrozma
|-damage|p1a: Necrozma|60/100
|
|t:|1653941116
|switch|p2a: Pelipper|Pelipper, M|100/100|[from]move: U-turn
|-weather|RainDance|[from] ability: Drizzle|[of] p2a: Pelipper
|
|-weather|RainDance|[upkeep]
|upkeep
|turn|42
|
|t:|1653941119
|move|p1a: Necrozma|Moonlight|p1a: Necrozma
|-heal|p1a: Necrozma|85/100
|move|p2a: Pelipper|U-turn|p1a: Necrozma
|-damage|p1a: Necrozma|78/100
|
|t:|1653941123
|switch|p2a: Barraskewda|Barraskewda, M|100/100|[from]move: U-turn
|
|-weather|RainDance|[upkeep]
|upkeep
|turn|43
|
|t:|1653941127
|switch|p1a: Xerneas|Xerneas|16/100
|-ability|p1a: Xerneas|Fairy Aura
|move|p2a: Barraskewda|Flip Turn|p1a: Xerneas
|-damage|p1a: Xerneas|0 fnt
|faint|p1a: Xerneas
|
|t:|1653941129
|switch|p2a: Urshifu|Urshifu-Rapid-Strike, F|100/100|[from]move: Flip Turn
|
|-weather|RainDance|[upkeep]
|upkeep
|
|t:|1653941136
|switch|p1a: Yveltal|Yveltal|20/100
|-ability|p1a: Yveltal|Dark Aura
|turn|44
|
|t:|1653941139
|move|p2a: Urshifu|Surging Strikes|p1a: Yveltal
|-crit|p1a: Yveltal
|-damage|p1a: Yveltal|0 fnt
|faint|p1a: Yveltal
|-hitcount|p1: Yveltal|1
|
|-weather|RainDance|[upkeep]
|upkeep
|
|t:|1653941140
|switch|p1a: Necrozma|Necrozma-Dusk-Mane|78/100
|turn|45
|
|t:|1653941144
|move|p2a: Urshifu|Surging Strikes|p1a: Necrozma
|-crit|p1a: Necrozma
|-damage|p1a: Necrozma|52/100
|-crit|p1a: Necrozma
|-damage|p1a: Necrozma|27/100
|-crit|p1a: Necrozma
|-damage|p1a: Necrozma|3/100
|-hitcount|p1a: Necrozma|3
|move|p1a: Necrozma|Dragon Dance|p1a: Necrozma
|-boost|p1a: Necrozma|atk|1
|-boost|p1a: Necrozma|spe|1
|
|-weather|RainDance|[upkeep]
|upkeep
|turn|46
|
|t:|1653941150
|move|p2a: Urshifu|Surging Strikes|p1a: Necrozma
|-crit|p1a: Necrozma
|-damage|p1a: Necrozma|0 fnt
|faint|p1a: Necrozma
|-hitcount|p1: Necrozma|1
|
|win|Entrocefalo
|raw|1 EAST x Ken's rating: 1456 &rarr; <strong>1441</strong><br />(-15 for losing)
|raw|Entrocefalo's rating: 1546 &rarr; <strong>1561</strong><br />(+15 for winning)
|l|☆1 EAST x Ken
