|j|☆cage the bird
|j|☆IoSonoNeon
|t:|1637153590
|gametype|singles
|player|p1|cage the bird|pokekid|1363
|player|p2|IoSonoNeon|collector|1601
|teamsize|p1|6
|teamsize|p2|6
|gen|8
|tier|[Gen 8] Ubers
|rated|
|rule|Sleep Clause Mod: Limit one foe put to sleep
|rule|Species Clause: Limit one of each Pokémon
|rule|OHKO Clause: OHKO moves are banned
|rule|Evasion Moves Clause: Evasion moves are banned
|rule|Endless Battle Clause: Forcing endless battles is banned
|rule|HP Percentage Mod: HP is shown in percentages
|rule|Dynamax Clause: You cannot dynamax
|clearpoke
|poke|p1|Necrozma-Dusk-Mane|
|poke|p1|Xerneas-*|
|poke|p1|Calyrex-Shadow|
|poke|p1|Eternatus|
|poke|p1|Yveltal|
|poke|p1|Kyogre|
|poke|p2|Marshadow|
|poke|p2|Yveltal|
|poke|p2|Groudon|
|poke|p2|Necrozma-Dusk-Mane|
|poke|p2|Eternatus|
|poke|p2|Calyrex-Shadow|
|teampreview
|inactive|Battle timer is ON: inactive players will automatically lose when time's up. (requested by IoSonoNeon)
|
|t:|1637153600
|start
|switch|p1a: Kyogre|Kyogre|100/100
|switch|p2a: Marshadow|Marshadow|100/100
|-weather|RainDance|[from] ability: Drizzle|[of] p1a: Kyogre
|turn|1
|inactive|IoSonoNeon has 120 seconds left.
|
|t:|1637153646
|switch|p2a: Eternatus|Eternatus|100/100
|-ability|p2a: Eternatus|Pressure
|move|p1a: Kyogre|Scald|p2a: Eternatus
|-resisted|p2a: Eternatus
|-crit|p2a: Eternatus
|-damage|p2a: Eternatus|73/100
|
|-weather|RainDance|[upkeep]
|upkeep
|turn|2
|
|t:|1637153659
|switch|p1a: Necrozma|Necrozma-Dusk-Mane|100/100
|move|p2a: Eternatus|Toxic|p1a: Necrozma
|-immune|p1a: Necrozma
|
|-weather|RainDance|[upkeep]
|upkeep
|turn|3
|
|t:|1637153670
|switch|p2a: Groudon|Groudon|100/100
|-weather|SunnyDay|[from] ability: Drought|[of] p2a: Groudon
|switch|p1a: Kyogre|Kyogre|100/100
|-weather|RainDance|[from] ability: Drizzle|[of] p1a: Kyogre
|
|-weather|RainDance|[upkeep]
|upkeep
|turn|4
|inactive|IoSonoNeon has 120 seconds left.
|
|t:|1637153679
|switch|p2a: Necrozma|Necrozma-Dusk-Mane|100/100
|move|p1a: Kyogre|Scald|p2a: Necrozma
|-damage|p2a: Necrozma|64/100
|
|-weather|RainDance|[upkeep]
|-heal|p2a: Necrozma|70/100|[from] item: Leftovers
|upkeep
|turn|5
|
|t:|1637153687
|move|p1a: Kyogre|Scald|p2a: Necrozma
|-damage|p2a: Necrozma|31/100
|move|p2a: Necrozma|Morning Sun|p2a: Necrozma
|-heal|p2a: Necrozma|56/100
|
|-weather|RainDance|[upkeep]
|-heal|p2a: Necrozma|62/100|[from] item: Leftovers
|upkeep
|turn|6
|
|t:|1637153694
|switch|p2a: Eternatus|Eternatus|73/100
|-ability|p2a: Eternatus|Pressure
|move|p1a: Kyogre|Scald|p2a: Eternatus
|-resisted|p2a: Eternatus
|-damage|p2a: Eternatus|55/100
|-status|p2a: Eternatus|brn
|
|-weather|RainDance|[upkeep]
|-damage|p2a: Eternatus|49/100 brn|[from] brn
|upkeep
|turn|7
|
|t:|1637153705
|switch|p1a: Necrozma|Necrozma-Dusk-Mane|100/100
|move|p2a: Eternatus|Recover|p2a: Eternatus
|-heal|p2a: Eternatus|99/100 brn
|
|-weather|none
|-damage|p2a: Eternatus|93/100 brn|[from] brn
|upkeep
|turn|8
|
|t:|1637153715
|switch|p2a: Groudon|Groudon|100/100
|-weather|SunnyDay|[from] ability: Drought|[of] p2a: Groudon
|move|p1a: Necrozma|Stealth Rock|p2a: Groudon
|-sidestart|p2: IoSonoNeon|move: Stealth Rock
|
|-weather|SunnyDay|[upkeep]
|upkeep
|turn|9
|
|t:|1637153718
|switch|p1a: Kyogre|Kyogre|100/100
|-weather|RainDance|[from] ability: Drizzle|[of] p1a: Kyogre
|move|p2a: Groudon|Stealth Rock|p1a: Kyogre
|-sidestart|p1: cage the bird|move: Stealth Rock
|
|-weather|RainDance|[upkeep]
|upkeep
|turn|10
|
|t:|1637153731
|switch|p2a: Eternatus|Eternatus|93/100 brn
|-ability|p2a: Eternatus|Pressure
|move|p1a: Kyogre|Ice Beam|p2a: Eternatus
|-supereffective|p2a: Eternatus
|-damage|p2a: Eternatus|60/100 brn
|
|-weather|RainDance|[upkeep]
|-damage|p2a: Eternatus|53/100 brn|[from] brn
|upkeep
|turn|11
|
|t:|1637153747
|move|p2a: Eternatus|Recover|p2a: Eternatus
|-heal|p2a: Eternatus|100/100 brn
|move|p1a: Kyogre|Ice Beam|p2a: Eternatus
|-supereffective|p2a: Eternatus
|-damage|p2a: Eternatus|67/100 brn
|
|-weather|RainDance|[upkeep]
|-damage|p2a: Eternatus|61/100 brn|[from] brn
|upkeep
|turn|12
|
|t:|1637153760
|move|p2a: Eternatus|Recover|p2a: Eternatus
|-heal|p2a: Eternatus|100/100 brn
|move|p1a: Kyogre|Roar|p2a: Eternatus
|drag|p2a: Marshadow|Marshadow|100/100
|-damage|p2a: Marshadow|94/100|[from] Stealth Rock
|
|-weather|RainDance|[upkeep]
|upkeep
|turn|13
|
|t:|1637153766
|switch|p2a: Eternatus|Eternatus|100/100 brn
|-ability|p2a: Eternatus|Pressure
|move|p1a: Kyogre|Scald|p2a: Eternatus
|-resisted|p2a: Eternatus
|-damage|p2a: Eternatus|83/100 brn
|
|-weather|none
|-damage|p2a: Eternatus|77/100 brn|[from] brn
|upkeep
|turn|14
|
|t:|1637153774
|switch|p1a: Necrozma|Necrozma-Dusk-Mane|100/100
|-damage|p1a: Necrozma|94/100|[from] Stealth Rock
|move|p2a: Eternatus|Toxic|p1a: Necrozma
|-immune|p1a: Necrozma
|
|-heal|p1a: Necrozma|100/100|[from] item: Leftovers
|-damage|p2a: Eternatus|70/100 brn|[from] brn
|upkeep
|turn|15
|
|t:|1637153784
|switch|p2a: Groudon|Groudon|100/100
|-damage|p2a: Groudon|94/100|[from] Stealth Rock
|-weather|SunnyDay|[from] ability: Drought|[of] p2a: Groudon
|switch|p1a: Xerneas|Xerneas|100/100
|-damage|p1a: Xerneas|88/100|[from] Stealth Rock
|-ability|p1a: Xerneas|Fairy Aura
|
|-weather|SunnyDay|[upkeep]
|-heal|p2a: Groudon|100/100|[from] item: Leftovers
|upkeep
|turn|16
|
|t:|1637153788
|switch|p2a: Necrozma|Necrozma-Dusk-Mane|62/100
|-damage|p2a: Necrozma|56/100|[from] Stealth Rock
|move|p1a: Xerneas|Moonblast|p2a: Necrozma
|-resisted|p2a: Necrozma
|-damage|p2a: Necrozma|24/100
|
|-weather|SunnyDay|[upkeep]
|-heal|p2a: Necrozma|30/100|[from] item: Leftovers
|upkeep
|turn|17
|
|t:|1637153791
|move|p1a: Xerneas|Moonblast|p2a: Necrozma
|-resisted|p2a: Necrozma
|-damage|p2a: Necrozma|2/100
|move|p2a: Necrozma|Morning Sun|p2a: Necrozma
|-heal|p2a: Necrozma|68/100
|
|-weather|SunnyDay|[upkeep]
|-heal|p2a: Necrozma|74/100|[from] item: Leftovers
|upkeep
|turn|18
|
|t:|1637153799
|switch|p1a: Kyogre|Kyogre|100/100
|-damage|p1a: Kyogre|88/100|[from] Stealth Rock
|-weather|RainDance|[from] ability: Drizzle|[of] p1a: Kyogre
|move|p2a: Necrozma|Sunsteel Strike|p1a: Kyogre
|-resisted|p1a: Kyogre
|-damage|p1a: Kyogre|70/100
|
|-weather|RainDance|[upkeep]
|-heal|p1a: Kyogre|77/100|[from] item: Leftovers
|-heal|p2a: Necrozma|80/100|[from] item: Leftovers
|upkeep
|turn|19
|
|t:|1637153810
|switch|p2a: Eternatus|Eternatus|70/100 brn
|-ability|p2a: Eternatus|Pressure
|move|p1a: Kyogre|Roar|p2a: Eternatus
|drag|p2a: Marshadow|Marshadow|94/100
|-damage|p2a: Marshadow|88/100|[from] Stealth Rock
|
|-weather|RainDance|[upkeep]
|-heal|p1a: Kyogre|83/100|[from] item: Leftovers
|upkeep
|turn|20
|
|t:|1637153817
|switch|p2a: Eternatus|Eternatus|70/100 brn
|-ability|p2a: Eternatus|Pressure
|move|p1a: Kyogre|Scald|p2a: Eternatus
|-resisted|p2a: Eternatus
|-damage|p2a: Eternatus|53/100 brn
|
|-weather|RainDance|[upkeep]
|-heal|p1a: Kyogre|89/100|[from] item: Leftovers
|-damage|p2a: Eternatus|47/100 brn|[from] brn
|upkeep
|turn|21
|
|t:|1637153832
|switch|p1a: Yveltal|Yveltal|100/100
|-ability|p1a: Yveltal|Dark Aura
|move|p2a: Eternatus|Recover|p2a: Eternatus
|-heal|p2a: Eternatus|97/100 brn
|
|-weather|RainDance|[upkeep]
|-damage|p2a: Eternatus|91/100 brn|[from] brn
|upkeep
|turn|22
|
|t:|1637153836
|move|p2a: Eternatus|Toxic|p1a: Yveltal
|-status|p1a: Yveltal|tox
|move|p1a: Yveltal|Knock Off|p2a: Eternatus
|-damage|p2a: Eternatus|52/100 brn
|-enditem|p2a: Eternatus|Heavy-Duty Boots|[from] move: Knock Off|[of] p1a: Yveltal
|
|-weather|none
|-damage|p1a: Yveltal|94/100 tox|[from] psn
|-damage|p2a: Eternatus|46/100 brn|[from] brn
|upkeep
|turn|23
|
|t:|1637153842
|switch|p1a: Necrozma|Necrozma-Dusk-Mane|100/100
|-damage|p1a: Necrozma|94/100|[from] Stealth Rock
|move|p2a: Eternatus|Recover|p2a: Eternatus
|-heal|p2a: Eternatus|96/100 brn
|
|-heal|p1a: Necrozma|100/100|[from] item: Leftovers
|-damage|p2a: Eternatus|90/100 brn|[from] brn
|upkeep
|turn|24
|
|t:|1637153862
|switch|p2a: Groudon|Groudon|100/100
|-damage|p2a: Groudon|94/100|[from] Stealth Rock
|-weather|SunnyDay|[from] ability: Drought|[of] p2a: Groudon
|switch|p1a: Kyogre|Kyogre|89/100
|-damage|p1a: Kyogre|77/100|[from] Stealth Rock
|-weather|RainDance|[from] ability: Drizzle|[of] p1a: Kyogre
|
|-weather|RainDance|[upkeep]
|-heal|p1a: Kyogre|83/100|[from] item: Leftovers
|-heal|p2a: Groudon|100/100|[from] item: Leftovers
|upkeep
|turn|25
|
|t:|1637153868
|switch|p2a: Eternatus|Eternatus|90/100 brn
|-damage|p2a: Eternatus|77/100 brn|[from] Stealth Rock
|-ability|p2a: Eternatus|Pressure
|move|p1a: Kyogre|Roar|p2a: Eternatus
|drag|p2a: Calyrex|Calyrex-Shadow|100/100
|-ability|p2a: Calyrex|As One
|-ability|p2a: Calyrex|Unnerve
|-damage|p2a: Calyrex|88/100|[from] Stealth Rock
|
|-weather|RainDance|[upkeep]
|-heal|p1a: Kyogre|89/100|[from] item: Leftovers
|upkeep
|turn|26
|
|t:|1637153883
|switch|p1a: Yveltal|Yveltal|94/100 tox
|-ability|p1a: Yveltal|Dark Aura
|move|p2a: Calyrex|Astral Barrage|p1a: Yveltal
|-resisted|p1a: Yveltal
|-damage|p1a: Yveltal|68/100 tox
|
|-weather|RainDance|[upkeep]
|-damage|p1a: Yveltal|62/100 tox|[from] psn
|upkeep
|turn|27
|
|t:|1637153894
|switch|p2a: Eternatus|Eternatus|77/100 brn
|-damage|p2a: Eternatus|65/100 brn|[from] Stealth Rock
|-ability|p2a: Eternatus|Pressure
|move|p1a: Yveltal|Roost|p1a: Yveltal
|-heal|p1a: Yveltal|100/100 tox
|-singleturn|p1a: Yveltal|move: Roost
|
|-weather|RainDance|[upkeep]
|-damage|p1a: Yveltal|88/100 tox|[from] psn
|-damage|p2a: Eternatus|59/100 brn|[from] brn
|upkeep
|turn|28
|
|t:|1637153904
|switch|p1a: Necrozma|Necrozma-Dusk-Mane|100/100
|-damage|p1a: Necrozma|94/100|[from] Stealth Rock
|move|p2a: Eternatus|Recover|p2a: Eternatus
|-heal|p2a: Eternatus|100/100 brn
|
|-weather|none
|-heal|p1a: Necrozma|100/100|[from] item: Leftovers
|-damage|p2a: Eternatus|94/100 brn|[from] brn
|upkeep
|turn|29
|
|t:|1637153914
|switch|p2a: Groudon|Groudon|100/100
|-damage|p2a: Groudon|94/100|[from] Stealth Rock
|-weather|SunnyDay|[from] ability: Drought|[of] p2a: Groudon
|switch|p1a: Xerneas|Xerneas|88/100
|-damage|p1a: Xerneas|76/100|[from] Stealth Rock
|-ability|p1a: Xerneas|Fairy Aura
|
|-weather|SunnyDay|[upkeep]
|-heal|p2a: Groudon|100/100|[from] item: Leftovers
|upkeep
|turn|30
|
|t:|1637153918
|switch|p2a: Necrozma|Necrozma-Dusk-Mane|80/100
|-damage|p2a: Necrozma|74/100|[from] Stealth Rock
|move|p1a: Xerneas|Moonblast|p2a: Necrozma
|-resisted|p2a: Necrozma
|-damage|p2a: Necrozma|42/100
|
|-weather|SunnyDay|[upkeep]
|-heal|p2a: Necrozma|48/100|[from] item: Leftovers
|upkeep
|turn|31
|
|t:|1637153924
|switch|p1a: Kyogre|Kyogre|89/100
|-damage|p1a: Kyogre|77/100|[from] Stealth Rock
|-weather|RainDance|[from] ability: Drizzle|[of] p1a: Kyogre
|move|p2a: Necrozma|Morning Sun|p2a: Necrozma
|-heal|p2a: Necrozma|73/100
|
|-weather|RainDance|[upkeep]
|-heal|p1a: Kyogre|83/100|[from] item: Leftovers
|-heal|p2a: Necrozma|79/100|[from] item: Leftovers
|upkeep
|turn|32
|
|t:|1637153938
|switch|p2a: Eternatus|Eternatus|94/100 brn
|-damage|p2a: Eternatus|82/100 brn|[from] Stealth Rock
|-ability|p2a: Eternatus|Pressure
|move|p1a: Kyogre|Ice Beam|p2a: Eternatus
|-supereffective|p2a: Eternatus
|-damage|p2a: Eternatus|48/100 brn
|
|-weather|RainDance|[upkeep]
|-heal|p1a: Kyogre|89/100|[from] item: Leftovers
|-damage|p2a: Eternatus|42/100 brn|[from] brn
|upkeep
|turn|33
|
|t:|1637153960
|switch|p1a: Calyrex|Calyrex-Shadow|100/100
|-ability|p1a: Calyrex|As One
|-ability|p1a: Calyrex|Unnerve
|-damage|p1a: Calyrex|88/100|[from] Stealth Rock
|move|p2a: Eternatus|Recover|p2a: Eternatus
|-heal|p2a: Eternatus|92/100 brn
|
|-weather|RainDance|[upkeep]
|-damage|p2a: Eternatus|86/100 brn|[from] brn
|upkeep
|turn|34
|inactive|cage the bird has 120 seconds left.
|
|t:|1637153985
|switch|p2a: Yveltal|Yveltal|100/100
|-ability|p2a: Yveltal|Dark Aura
|move|p1a: Calyrex|Trick|p2a: Yveltal
|-activate|p1a: Calyrex|move: Trick|[of] p2a: Yveltal
|-item|p2a: Yveltal|Choice Scarf|[from] move: Trick
|-item|p1a: Calyrex|Heavy-Duty Boots|[from] move: Trick
|
|-weather|RainDance|[upkeep]
|upkeep
|turn|35
|inactive|cage the bird has 120 seconds left.
|
|t:|1637153999
|switch|p1a: Xerneas|Xerneas|76/100
|-damage|p1a: Xerneas|63/100|[from] Stealth Rock
|-ability|p1a: Xerneas|Fairy Aura
|move|p2a: Yveltal|Knock Off|p1a: Xerneas
|-resisted|p1a: Xerneas
|-damage|p1a: Xerneas|38/100
|-enditem|p1a: Xerneas|Choice Specs|[from] move: Knock Off|[of] p2a: Yveltal
|
|-weather|none
|upkeep
|turn|36
|
|t:|1637154008
|switch|p2a: Necrozma|Necrozma-Dusk-Mane|79/100
|-damage|p2a: Necrozma|73/100|[from] Stealth Rock
|move|p1a: Xerneas|Thunder Wave|p2a: Necrozma|[miss]
|-miss|p1a: Xerneas|p2a: Necrozma
|
|-heal|p2a: Necrozma|79/100|[from] item: Leftovers
|upkeep
|turn|37
|
|t:|1637154019
|switch|p1a: Kyogre|Kyogre|89/100
|-damage|p1a: Kyogre|77/100|[from] Stealth Rock
|-weather|RainDance|[from] ability: Drizzle|[of] p1a: Kyogre
|move|p2a: Necrozma|Earthquake|p1a: Kyogre
|-damage|p1a: Kyogre|54/100
|
|-weather|RainDance|[upkeep]
|-heal|p1a: Kyogre|61/100|[from] item: Leftovers
|-heal|p2a: Necrozma|85/100|[from] item: Leftovers
|upkeep
|turn|38
|
|t:|1637154029
|switch|p2a: Eternatus|Eternatus|86/100 brn
|-damage|p2a: Eternatus|74/100 brn|[from] Stealth Rock
|-ability|p2a: Eternatus|Pressure
|move|p1a: Kyogre|Ice Beam|p2a: Eternatus
|-supereffective|p2a: Eternatus
|-damage|p2a: Eternatus|37/100 brn
|
|-weather|RainDance|[upkeep]
|-heal|p1a: Kyogre|67/100|[from] item: Leftovers
|-damage|p2a: Eternatus|31/100 brn|[from] brn
|upkeep
|turn|39
|inactive|cage the bird has 120 seconds left.
|
|t:|1637154061
|switch|p1a: Necrozma|Necrozma-Dusk-Mane|100/100
|-damage|p1a: Necrozma|94/100|[from] Stealth Rock
|move|p2a: Eternatus|Recover|p2a: Eternatus
|-heal|p2a: Eternatus|81/100 brn
|
|-weather|RainDance|[upkeep]
|-heal|p1a: Necrozma|100/100|[from] item: Leftovers
|-damage|p2a: Eternatus|74/100 brn|[from] brn
|upkeep
|turn|40
|inactive|cage the bird has 120 seconds left.
|
|t:|1637154090
|switch|p2a: Groudon|Groudon|100/100
|-damage|p2a: Groudon|94/100|[from] Stealth Rock
|-weather|SunnyDay|[from] ability: Drought|[of] p2a: Groudon
|switch|p1a: Kyogre|Kyogre|67/100
|-damage|p1a: Kyogre|54/100|[from] Stealth Rock
|-weather|RainDance|[from] ability: Drizzle|[of] p1a: Kyogre
|
|-weather|RainDance|[upkeep]
|-heal|p1a: Kyogre|61/100|[from] item: Leftovers
|-heal|p2a: Groudon|100/100|[from] item: Leftovers
|upkeep
|turn|41
|
|t:|1637154098
|switch|p2a: Eternatus|Eternatus|74/100 brn
|-damage|p2a: Eternatus|62/100 brn|[from] Stealth Rock
|-ability|p2a: Eternatus|Pressure
|move|p1a: Kyogre|Roar|p2a: Eternatus
|drag|p2a: Yveltal|Yveltal|100/100
|-damage|p2a: Yveltal|75/100|[from] Stealth Rock
|-ability|p2a: Yveltal|Dark Aura
|
|-weather|RainDance|[upkeep]
|-heal|p1a: Kyogre|67/100|[from] item: Leftovers
|upkeep
|turn|42
|
|t:|1637154112
|switch|p1a: Xerneas|Xerneas|38/100
|-damage|p1a: Xerneas|25/100|[from] Stealth Rock
|-ability|p1a: Xerneas|Fairy Aura
|move|p2a: Yveltal|Knock Off|p1a: Xerneas
|-resisted|p1a: Xerneas
|-damage|p1a: Xerneas|9/100
|
|-weather|RainDance|[upkeep]
|upkeep
|turn|43
|
|t:|1637154118
|move|p2a: Yveltal|Knock Off|p1a: Xerneas
|-resisted|p1a: Xerneas
|-damage|p1a: Xerneas|0 fnt
|faint|p1a: Xerneas
|
|-weather|RainDance|[upkeep]
|upkeep
|inactive|cage the bird has 120 seconds left.
|
|t:|1637154130
|switch|p1a: Necrozma|Necrozma-Dusk-Mane|100/100
|-damage|p1a: Necrozma|94/100|[from] Stealth Rock
|turn|44
|inactive|cage the bird has 120 seconds left.
|
|t:|1637154144
|move|p2a: Yveltal|Knock Off|p1a: Necrozma
|-supereffective|p1a: Necrozma
|-damage|p1a: Necrozma|34/100
|-enditem|p1a: Necrozma|Leftovers|[from] move: Knock Off|[of] p2a: Yveltal
|move|p1a: Necrozma|Thunder Wave|p2a: Yveltal
|-status|p2a: Yveltal|par
|
|-weather|none
|upkeep
|turn|45
|inactive|cage the bird has 120 seconds left.
|
|t:|1637154154
|move|p1a: Necrozma|Moonlight|p1a: Necrozma
|-heal|p1a: Necrozma|84/100
|cant|p2a: Yveltal|par
|
|upkeep
|turn|46
|
|t:|1637154159
|switch|p2a: Groudon|Groudon|100/100
|-damage|p2a: Groudon|94/100|[from] Stealth Rock
|-weather|SunnyDay|[from] ability: Drought|[of] p2a: Groudon
|move|p1a: Necrozma|Iron Head|p2a: Groudon
|-damage|p2a: Groudon|74/100
|
|-weather|SunnyDay|[upkeep]
|-heal|p2a: Groudon|80/100|[from] item: Leftovers
|upkeep
|turn|47
|
|t:|1637154163
|switch|p1a: Kyogre|Kyogre|67/100
|-damage|p1a: Kyogre|54/100|[from] Stealth Rock
|-weather|RainDance|[from] ability: Drizzle|[of] p1a: Kyogre
|move|p2a: Groudon|Precipice Blades|p1a: Kyogre
|-damage|p1a: Kyogre|15/100
|
|-weather|RainDance|[upkeep]
|-heal|p1a: Kyogre|22/100|[from] item: Leftovers
|-heal|p2a: Groudon|86/100|[from] item: Leftovers
|upkeep
|turn|48
|
|t:|1637154173
|switch|p2a: Eternatus|Eternatus|62/100 brn
|-damage|p2a: Eternatus|50/100 brn|[from] Stealth Rock
|-ability|p2a: Eternatus|Pressure
|move|p1a: Kyogre|Scald|p2a: Eternatus
|-resisted|p2a: Eternatus
|-damage|p2a: Eternatus|31/100 brn
|
|-weather|RainDance|[upkeep]
|-heal|p1a: Kyogre|28/100|[from] item: Leftovers
|-damage|p2a: Eternatus|25/100 brn|[from] brn
|upkeep
|turn|49
|
|t:|1637154177
|move|p2a: Eternatus|Recover|p2a: Eternatus
|-heal|p2a: Eternatus|75/100 brn
|move|p1a: Kyogre|Rest|p1a: Kyogre
|-status|p1a: Kyogre|slp|[from] move: Rest
|-heal|p1a: Kyogre|100/100 slp|[silent]
|
|-weather|RainDance|[upkeep]
|-damage|p2a: Eternatus|69/100 brn|[from] brn
|upkeep
|turn|50
|inactive|cage the bird has 120 seconds left.
|
|t:|1637154217
|switch|p2a: Marshadow|Marshadow|88/100
|-damage|p2a: Marshadow|82/100|[from] Stealth Rock
|switch|p1a: Calyrex|Calyrex-Shadow|88/100
|-ability|p1a: Calyrex|As One
|-ability|p1a: Calyrex|Unnerve
|
|-weather|RainDance|[upkeep]
|upkeep
|turn|51
|
|t:|1637154220
|switch|p1a: Kyogre|Kyogre|100/100 slp
|-damage|p1a: Kyogre|88/100 slp|[from] Stealth Rock
|move|p2a: Marshadow|Shadow Sneak|p1a: Kyogre
|-damage|p1a: Kyogre|57/100 slp
|
|-weather|none
|-heal|p1a: Kyogre|63/100 slp|[from] item: Leftovers
|upkeep
|turn|52
|inactive|cage the bird has 120 seconds left.
|
|t:|1637154239
|switch|p1a: Eternatus|Eternatus|100/100
|-damage|p1a: Eternatus|88/100|[from] Stealth Rock
|-ability|p1a: Eternatus|Pressure
|move|p2a: Marshadow|Shadow Sneak|p1a: Eternatus
|-damage|p1a: Eternatus|50/100
|
|upkeep
|turn|53
|
|t:|1637154244
|move|p2a: Marshadow|Shadow Sneak|p1a: Eternatus
|-damage|p1a: Eternatus|12/100
|move|p1a: Eternatus|Recover|p1a: Eternatus
|-heal|p1a: Eternatus|62/100
|
|upkeep
|turn|54
|
|t:|1637154255
|switch|p2a: Calyrex|Calyrex-Shadow|88/100
|-ability|p2a: Calyrex|As One
|-ability|p2a: Calyrex|Unnerve
|-damage|p2a: Calyrex|76/100|[from] Stealth Rock
|move|p1a: Eternatus|Dynamax Cannon|p2a: Calyrex
|-damage|p2a: Calyrex|17/100
|
|upkeep
|turn|55
|
|t:|1637154262
|switch|p1a: Yveltal|Yveltal|88/100 tox
|-ability|p1a: Yveltal|Dark Aura
|move|p2a: Calyrex|Astral Barrage|p1a: Yveltal
|-resisted|p1a: Yveltal
|-damage|p1a: Yveltal|62/100 tox
|
|-damage|p1a: Yveltal|56/100 tox|[from] psn
|upkeep
|turn|56
|
|t:|1637154266
|move|p2a: Calyrex|Astral Barrage|p1a: Yveltal
|-resisted|p1a: Yveltal
|-damage|p1a: Yveltal|28/100 tox
|move|p1a: Yveltal|Roost|p1a: Yveltal
|-heal|p1a: Yveltal|78/100 tox
|-singleturn|p1a: Yveltal|move: Roost
|
|-damage|p1a: Yveltal|66/100 tox|[from] psn
|upkeep
|turn|57
|
|t:|1637154275
|move|p2a: Calyrex|Astral Barrage|p1a: Yveltal
|-resisted|p1a: Yveltal
|-damage|p1a: Yveltal|41/100 tox
|move|p1a: Yveltal|Knock Off|p2a: Calyrex
|-supereffective|p2a: Calyrex
|-damage|p2a: Calyrex|0 fnt
|-enditem|p2a: Calyrex|Choice Scarf|[from] move: Knock Off|[of] p1a: Yveltal
|faint|p2a: Calyrex
|
|-damage|p1a: Yveltal|22/100 tox|[from] psn
|upkeep
|
|t:|1637154284
|switch|p2a: Eternatus|Eternatus|69/100 brn
|-damage|p2a: Eternatus|57/100 brn|[from] Stealth Rock
|-ability|p2a: Eternatus|Pressure
|turn|58
|
|t:|1637154299
|switch|p1a: Necrozma|Necrozma-Dusk-Mane|84/100
|-damage|p1a: Necrozma|78/100|[from] Stealth Rock
|move|p2a: Eternatus|Flamethrower|p1a: Necrozma
|-supereffective|p1a: Necrozma
|-crit|p1a: Necrozma
|-damage|p1a: Necrozma|41/100
|
|-damage|p2a: Eternatus|50/100 brn|[from] brn
|upkeep
|turn|59
|
|t:|1637154320
|switch|p2a: Groudon|Groudon|86/100
|-damage|p2a: Groudon|80/100|[from] Stealth Rock
|-weather|SunnyDay|[from] ability: Drought|[of] p2a: Groudon
|switch|p1a: Kyogre|Kyogre|63/100 slp
|-damage|p1a: Kyogre|51/100 slp|[from] Stealth Rock
|-weather|RainDance|[from] ability: Drizzle|[of] p1a: Kyogre
|
|-weather|RainDance|[upkeep]
|-heal|p1a: Kyogre|57/100 slp|[from] item: Leftovers
|-heal|p2a: Groudon|86/100|[from] item: Leftovers
|upkeep
|turn|60
|
|t:|1637154330
|switch|p1a: Yveltal|Yveltal|22/100 tox
|-ability|p1a: Yveltal|Dark Aura
|move|p2a: Groudon|Precipice Blades|p1a: Yveltal
|-immune|p1a: Yveltal
|
|-weather|RainDance|[upkeep]
|-heal|p2a: Groudon|92/100|[from] item: Leftovers
|-damage|p1a: Yveltal|16/100 tox|[from] psn
|upkeep
|turn|61
|
|t:|1637154337
|move|p1a: Yveltal|Roost|p1a: Yveltal
|-heal|p1a: Yveltal|66/100 tox
|-singleturn|p1a: Yveltal|move: Roost
|move|p2a: Groudon|Stone Edge|p1a: Yveltal
|-damage|p1a: Yveltal|38/100 tox
|
|-weather|RainDance|[upkeep]
|-heal|p2a: Groudon|98/100|[from] item: Leftovers
|-damage|p1a: Yveltal|26/100 tox|[from] psn
|upkeep
|turn|62
|
|t:|1637154344
|move|p1a: Yveltal|Knock Off|p2a: Groudon
|-damage|p2a: Groudon|72/100
|-enditem|p2a: Groudon|Leftovers|[from] move: Knock Off|[of] p1a: Yveltal
|move|p2a: Groudon|Stone Edge|p1a: Yveltal|[miss]
|-miss|p2a: Groudon|p1a: Yveltal
|
|-weather|RainDance|[upkeep]
|-damage|p1a: Yveltal|7/100 tox|[from] psn
|upkeep
|turn|63
|
|t:|1637154351
|switch|p2a: Yveltal|Yveltal|75/100 par
|-damage|p2a: Yveltal|50/100 par|[from] Stealth Rock
|-ability|p2a: Yveltal|Dark Aura
|move|p1a: Yveltal|Knock Off|p2a: Yveltal
|-resisted|p2a: Yveltal
|-damage|p2a: Yveltal|29/100 par
|-enditem|p2a: Yveltal|Choice Scarf|[from] move: Knock Off|[of] p1a: Yveltal
|
|-weather|none
|-damage|p1a: Yveltal|0 fnt|[from] psn
|faint|p1a: Yveltal
|upkeep
|
|t:|1637154360
|switch|p1a: Eternatus|Eternatus|62/100
|-damage|p1a: Eternatus|50/100|[from] Stealth Rock
|-ability|p1a: Eternatus|Pressure
|turn|64
|
|t:|1637154380
|move|p1a: Eternatus|Recover|p1a: Eternatus
|-heal|p1a: Eternatus|99/100
|move|p2a: Yveltal|Knock Off|p1a: Eternatus
|-damage|p1a: Eternatus|50/100
|-enditem|p1a: Eternatus|Power Herb|[from] move: Knock Off|[of] p2a: Yveltal
|
|upkeep
|turn|65
|
|t:|1637154385
|move|p1a: Eternatus|Dynamax Cannon|p2a: Yveltal
|-damage|p2a: Yveltal|0 fnt
|faint|p2a: Yveltal
|
|upkeep
|
|t:|1637154389
|switch|p2a: Marshadow|Marshadow|82/100
|-damage|p2a: Marshadow|76/100|[from] Stealth Rock
|turn|66
|
|t:|1637154396
|move|p1a: Eternatus|Dynamax Cannon|p2a: Marshadow
|-damage|p2a: Marshadow|5/100
|move|p2a: Marshadow|Spectral Thief|p1a: Eternatus
|-damage|p1a: Eternatus|0 fnt
|faint|p1a: Eternatus
|
|upkeep
|
|t:|1637154402
|switch|p1a: Calyrex|Calyrex-Shadow|88/100
|-ability|p1a: Calyrex|As One
|-ability|p1a: Calyrex|Unnerve
|turn|67
|
|t:|1637154409
|switch|p2a: Eternatus|Eternatus|50/100 brn
|-damage|p2a: Eternatus|38/100 brn|[from] Stealth Rock
|-ability|p2a: Eternatus|Pressure
|move|p1a: Calyrex|Astral Barrage|p2a: Eternatus
|-damage|p2a: Eternatus|0 fnt
|faint|p2a: Eternatus
|-ability|p1a: Calyrex|Grim Neigh|boost
|-boost|p1a: Calyrex|spa|1
|
|upkeep
|
|t:|1637154410
|switch|p2a: Marshadow|Marshadow|5/100
|-damage|p2a: Marshadow|0 fnt|[from] Stealth Rock
|faint|p2a: Marshadow
|-message|IoSonoNeon forfeited.
|
|win|cage the bird
|raw|cage the bird's rating: 1363 &rarr; <strong>1395</strong><br />(+32 for winning)
|raw|IoSonoNeon's rating: 1601 &rarr; <strong>1569</strong><br />(-32 for losing)
|l|☆IoSonoNeon
