|j|☆TogeBirlHQ
|j|☆Grace-sas
|t:|1659911600
|gametype|singles
|player|p1|TogeBirlHQ|nate|1603
|player|p2|Grace-sas|2|1731
|teamsize|p1|6
|teamsize|p2|6
|gen|8
|tier|[Gen 8] Ubers
|rated|
|rule|Sleep Clause Mod: Limit one foe put to sleep
|rule|Species Clause: Limit one of each Pokémon
|rule|OHKO Clause: OHKO moves are banned
|rule|Evasion Items Clause: Evasion items are banned
|rule|Evasion Moves Clause: Evasion moves are banned
|rule|Endless Battle Clause: Forcing endless battles is banned
|rule|HP Percentage Mod: HP is shown in percentages
|rule|Dynamax Clause: You cannot dynamax
|clearpoke
|poke|p1|Kyogre|
|poke|p1|Yveltal|
|poke|p1|Zygarde|
|poke|p1|Ho-Oh|
|poke|p1|Tyranitar, M|
|poke|p1|Eternatus|
|poke|p2|Excadrill, F|
|poke|p2|Eternatus|
|poke|p2|Xerneas-*|
|poke|p2|Yveltal|
|poke|p2|Necrozma-Dusk-Mane|
|poke|p2|Marshadow|
|teampreview
|
|t:|1659911612
|start
|switch|p1a: Zygarde|Zygarde|100/100
|switch|p2a: Excadrill|Excadrill, F|100/100
|-ability|p2a: Excadrill|Mold Breaker
|turn|1
|
|t:|1659911616
|move|p1a: Zygarde|Thousand Arrows|p2a: Excadrill
|-supereffective|p2a: Excadrill
|-damage|p2a: Excadrill|6/100
|move|p2a: Excadrill|Stealth Rock|p1a: Zygarde
|-sidestart|p1: TogeBirlHQ|move: Stealth Rock
|
|upkeep
|turn|2
|
|t:|1659911630
|move|p1a: Zygarde|Thousand Arrows|p2a: Excadrill
|-supereffective|p2a: Excadrill
|-damage|p2a: Excadrill|0 fnt
|faint|p2a: Excadrill
|
|upkeep
|
|t:|1659911636
|switch|p2a: Yveltal|Yveltal|100/100
|-ability|p2a: Yveltal|Dark Aura
|turn|3
|
|t:|1659911656
|switch|p1a: Tyranitar|Tyranitar, M|100/100
|-weather|Sandstorm|[from] ability: Sand Stream|[of] p1a: Tyranitar
|move|p2a: Yveltal|Taunt|p1a: Tyranitar
|-start|p1a: Tyranitar|move: Taunt
|
|-weather|Sandstorm|[upkeep]
|-damage|p2a: Yveltal|94/100|[from] Sandstorm
|upkeep
|turn|4
|inactive|Battle timer is ON: inactive players will automatically lose when time's up. (requested by Grace-sas)
|
|t:|1659911681
|switch|p1a: Eternatus|Eternatus|100/100
|-damage|p1a: Eternatus|88/100|[from] Stealth Rock
|-ability|p1a: Eternatus|Pressure
|move|p2a: Yveltal|Knock Off|p1a: Eternatus
|-damage|p1a: Eternatus|28/100
|-enditem|p1a: Eternatus|Haban Berry|[from] move: Knock Off|[of] p2a: Yveltal
|
|-weather|Sandstorm|[upkeep]
|-damage|p1a: Eternatus|22/100|[from] Sandstorm
|-damage|p2a: Yveltal|88/100|[from] Sandstorm
|upkeep
|turn|5
|
|t:|1659911689
|move|p1a: Eternatus|Recover|p1a: Eternatus
|-heal|p1a: Eternatus|72/100
|move|p2a: Yveltal|Taunt|p1a: Eternatus
|-start|p1a: Eternatus|move: Taunt
|
|-weather|Sandstorm|[upkeep]
|-damage|p1a: Eternatus|66/100|[from] Sandstorm
|-damage|p2a: Yveltal|82/100|[from] Sandstorm
|upkeep
|turn|6
|
|t:|1659911701
|move|p1a: Eternatus|Dynamax Cannon|p2a: Yveltal
|-damage|p2a: Yveltal|42/100
|move|p2a: Yveltal|Knock Off|p1a: Eternatus
|-damage|p1a: Eternatus|22/100
|
|-weather|Sandstorm|[upkeep]
|-damage|p1a: Eternatus|16/100|[from] Sandstorm
|-damage|p2a: Yveltal|36/100|[from] Sandstorm
|upkeep
|turn|7
|
|t:|1659911716
|move|p2a: Yveltal|Sucker Punch|p1a: Eternatus
|-damage|p1a: Eternatus|0 fnt
|faint|p1a: Eternatus
|
|-weather|none
|upkeep
|
|t:|1659911724
|switch|p1a: Yveltal|Yveltal|100/100
|-damage|p1a: Yveltal|76/100|[from] Stealth Rock
|-ability|p1a: Yveltal|Dark Aura
|turn|8
|
|t:|1659911733
|move|p2a: Yveltal|Sucker Punch|p1a: Yveltal
|-resisted|p1a: Yveltal
|-damage|p1a: Yveltal|49/100
|move|p1a: Yveltal|Knock Off|p2a: Yveltal
|-resisted|p2a: Yveltal
|-damage|p2a: Yveltal|0 fnt
|-enditem|p2a: Yveltal|Black Glasses|[from] move: Knock Off|[of] p1a: Yveltal
|faint|p2a: Yveltal
|
|upkeep
|
|t:|1659911743
|switch|p2a: Eternatus|Eternatus|100/100
|-ability|p2a: Eternatus|Pressure
|turn|9
|
|t:|1659911753
|move|p2a: Eternatus|Meteor Beam||[still]
|-prepare|p2a: Eternatus|Meteor Beam
|-boost|p2a: Eternatus|spa|1
|-enditem|p2a: Eternatus|Power Herb
|-anim|p2a: Eternatus|Meteor Beam|p1a: Yveltal
|-supereffective|p1a: Yveltal
|-damage|p1a: Yveltal|0 fnt
|faint|p1a: Yveltal
|
|upkeep
|
|t:|1659911758
|switch|p1a: Ho-Oh|Ho-Oh|100/100
|turn|10
|
|t:|1659911764
|move|p2a: Eternatus|Substitute|p2a: Eternatus
|-start|p2a: Eternatus|Substitute
|-damage|p2a: Eternatus|76/100
|move|p1a: Ho-Oh|Whirlwind|p2a: Eternatus
|drag|p2a: Marshadow|Marshadow|100/100
|
|upkeep
|turn|11
|
|t:|1659911769
|switch|p2a: Eternatus|Eternatus|76/100
|-ability|p2a: Eternatus|Pressure
|switch|p1a: Zygarde|Zygarde|100/100
|-damage|p1a: Zygarde|94/100|[from] Stealth Rock
|
|-heal|p1a: Zygarde|100/100|[from] item: Leftovers
|upkeep
|turn|12
|
|t:|1659911773
|switch|p1a: Ho-Oh|Ho-Oh|100/100
|move|p2a: Eternatus|Substitute|p2a: Eternatus
|-start|p2a: Eternatus|Substitute
|-damage|p2a: Eternatus|51/100
|
|upkeep
|turn|13
|
|t:|1659911785
|move|p2a: Eternatus|Dynamax Cannon|p1a: Ho-Oh
|-damage|p1a: Ho-Oh|68/100
|move|p1a: Ho-Oh|Defog|p2a: Eternatus
|-sideend|p1: TogeBirlHQ|Stealth Rock|[from] move: Defog|[of] p1a: Ho-Oh
|
|upkeep
|turn|14
|
|t:|1659911790
|switch|p1a: Tyranitar|Tyranitar, M|100/100
|-weather|Sandstorm|[from] ability: Sand Stream|[of] p1a: Tyranitar
|move|p2a: Eternatus|Dynamax Cannon|p1a: Tyranitar
|-damage|p1a: Tyranitar|74/100
|
|-weather|Sandstorm|[upkeep]
|-damage|p2a: Eternatus|44/100|[from] Sandstorm
|upkeep
|turn|15
|
|t:|1659911801
|switch|p1a: Ho-Oh|Ho-Oh|100/100
|move|p2a: Eternatus|Meteor Beam||[still]
|-prepare|p2a: Eternatus|Meteor Beam
|-boost|p2a: Eternatus|spa|1
|
|-weather|Sandstorm|[upkeep]
|-damage|p2a: Eternatus|38/100|[from] Sandstorm
|-damage|p1a: Ho-Oh|94/100|[from] Sandstorm
|upkeep
|turn|16
|
|t:|1659911807
|switch|p1a: Zygarde|Zygarde|100/100
|move|p2a: Eternatus|Meteor Beam|p1a: Zygarde|[from]lockedmove
|-resisted|p1a: Zygarde
|-damage|p1a: Zygarde|62/100
|
|-weather|Sandstorm|[upkeep]
|-damage|p2a: Eternatus|32/100|[from] Sandstorm
|-heal|p1a: Zygarde|69/100|[from] item: Leftovers
|upkeep
|turn|17
|
|t:|1659911816
|switch|p1a: Ho-Oh|Ho-Oh|100/100
|move|p2a: Eternatus|Dynamax Cannon|p1a: Ho-Oh
|-damage|p1a: Ho-Oh|55/100
|
|-weather|Sandstorm|[upkeep]
|-damage|p2a: Eternatus|26/100|[from] Sandstorm
|-damage|p1a: Ho-Oh|49/100|[from] Sandstorm
|upkeep
|turn|18
|
|t:|1659911837
|move|p2a: Eternatus|Dynamax Cannon|p1a: Ho-Oh
|-damage|p1a: Ho-Oh|1/100
|move|p1a: Ho-Oh|Whirlwind|p2a: Eternatus
|drag|p2a: Xerneas|Xerneas|100/100
|-ability|p2a: Xerneas|Fairy Aura
|
|-weather|none
|upkeep
|turn|19
|
|t:|1659911854
|switch|p1a: Kyogre|Kyogre|100/100
|-weather|RainDance|[from] ability: Drizzle|[of] p1a: Kyogre
|move|p2a: Xerneas|Moonblast|p1a: Kyogre
|-damage|p1a: Kyogre|54/100
|
|-weather|RainDance|[upkeep]
|upkeep
|turn|20
|
|t:|1659911865
|move|p1a: Kyogre|Origin Pulse|p2a: Xerneas
|-damage|p2a: Xerneas|11/100
|move|p2a: Xerneas|Geomancy||[still]
|-prepare|p2a: Xerneas|Geomancy
|-enditem|p2a: Xerneas|Power Herb
|-anim|p2a: Xerneas|Geomancy|p2a: Xerneas
|-boost|p2a: Xerneas|spa|2
|-boost|p2a: Xerneas|spd|2
|-boost|p2a: Xerneas|spe|2
|
|-weather|RainDance|[upkeep]
|upkeep
|turn|21
|
|t:|1659911870
|switch|p1a: Tyranitar|Tyranitar, M|74/100
|-weather|Sandstorm|[from] ability: Sand Stream|[of] p1a: Tyranitar
|move|p2a: Xerneas|Moonblast|p1a: Tyranitar
|-supereffective|p1a: Tyranitar
|-damage|p1a: Tyranitar|0 fnt
|faint|p1a: Tyranitar
|
|-weather|Sandstorm|[upkeep]
|-damage|p2a: Xerneas|5/100|[from] Sandstorm
|upkeep
|
|t:|1659911889
|switch|p1a: Ho-Oh|Ho-Oh|35/100
|turn|22
|
|t:|1659911892
|move|p2a: Xerneas|Moonblast|p1a: Ho-Oh
|-resisted|p1a: Ho-Oh
|-damage|p1a: Ho-Oh|2/100
|-unboost|p1a: Ho-Oh|spa|1
|move|p1a: Ho-Oh|Thunder Wave|p2a: Xerneas
|-status|p2a: Xerneas|par
|
|-weather|Sandstorm|[upkeep]
|-damage|p2a: Xerneas|0 fnt|[from] Sandstorm
|-damage|p1a: Ho-Oh|0 fnt|[from] Sandstorm
|faint|p2a: Xerneas
|faint|p1a: Ho-Oh
|upkeep
|
|t:|1659911902
|switch|p2a: Eternatus|Eternatus|26/100
|switch|p1a: Kyogre|Kyogre|54/100
|-weather|RainDance|[from] ability: Drizzle|[of] p1a: Kyogre
|-ability|p2a: Eternatus|Pressure
|turn|23
|
|t:|1659911917
|move|p1a: Kyogre|Ice Beam|p2a: Eternatus
|-supereffective|p2a: Eternatus
|-damage|p2a: Eternatus|0 fnt
|faint|p2a: Eternatus
|
|-weather|RainDance|[upkeep]
|upkeep
|
|t:|1659911920
|switch|p2a: Marshadow|Marshadow|100/100
|turn|24
|
|t:|1659911923
|switch|p1a: Zygarde|Zygarde|69/100
|move|p2a: Marshadow|Bulk Up|p2a: Marshadow
|-boost|p2a: Marshadow|atk|1
|-boost|p2a: Marshadow|def|1
|
|-weather|RainDance|[upkeep]
|-heal|p1a: Zygarde|75/100|[from] item: Leftovers
|upkeep
|turn|25
|
|t:|1659911932
|move|p2a: Marshadow|Low Kick|p1a: Zygarde
|-damage|p1a: Zygarde|11/100
|move|p1a: Zygarde|Glare|p2a: Marshadow
|-status|p2a: Marshadow|par
|
|-weather|RainDance|[upkeep]
|-heal|p1a: Zygarde|17/100|[from] item: Leftovers
|-activate|p1a: Zygarde|ability: Power Construct
|detailschange|p1a: Zygarde|Zygarde-Complete
|-heal|p1a: Zygarde|48/100|[silent]
|upkeep
|turn|26
|
|t:|1659911936
|move|p1a: Zygarde|Haze|p1a: Zygarde
|-clearallboost
|move|p2a: Marshadow|Low Kick|p1a: Zygarde
|-damage|p1a: Zygarde|20/100
|
|-weather|RainDance|[upkeep]
|-heal|p1a: Zygarde|26/100|[from] item: Leftovers
|upkeep
|turn|27
|
|t:|1659911943
|move|p1a: Zygarde|Rest|p1a: Zygarde
|-status|p1a: Zygarde|slp|[from] move: Rest
|-heal|p1a: Zygarde|100/100 slp|[silent]
|move|p2a: Marshadow|Low Kick|p1a: Zygarde
|-damage|p1a: Zygarde|73/100 slp
|
|-weather|none
|-heal|p1a: Zygarde|79/100 slp|[from] item: Leftovers
|upkeep
|turn|28
|
|t:|1659911950
|cant|p1a: Zygarde|slp
|cant|p2a: Marshadow|par
|
|-heal|p1a: Zygarde|86/100 slp|[from] item: Leftovers
|upkeep
|turn|29
|
|t:|1659911953
|cant|p1a: Zygarde|slp
|move|p2a: Marshadow|Bulk Up|p2a: Marshadow
|-boost|p2a: Marshadow|atk|1
|-boost|p2a: Marshadow|def|1
|
|-heal|p1a: Zygarde|92/100 slp|[from] item: Leftovers
|upkeep
|turn|30
|
|t:|1659911958
|-curestatus|p1a: Zygarde|slp|[msg]
|move|p1a: Zygarde|Haze|p1a: Zygarde
|-clearallboost
|move|p2a: Marshadow|Low Kick|p1a: Zygarde
|-damage|p1a: Zygarde|65/100
|
|-heal|p1a: Zygarde|71/100|[from] item: Leftovers
|upkeep
|turn|31
|
|t:|1659911965
|move|p1a: Zygarde|Thousand Arrows|p2a: Marshadow
|-damage|p2a: Marshadow|60/100 par
|cant|p2a: Marshadow|par
|
|-heal|p1a: Zygarde|77/100|[from] item: Leftovers
|upkeep
|turn|32
|
|t:|1659911970
|move|p1a: Zygarde|Thousand Arrows|p2a: Marshadow
|-damage|p2a: Marshadow|23/100 par
|move|p2a: Marshadow|Low Kick|p1a: Zygarde
|-damage|p1a: Zygarde|51/100
|
|-heal|p1a: Zygarde|57/100|[from] item: Leftovers
|upkeep
|turn|33
|
|t:|1659911975
|move|p1a: Zygarde|Thousand Arrows|p2a: Marshadow
|-damage|p2a: Marshadow|0 fnt
|faint|p2a: Marshadow
|
|-heal|p1a: Zygarde|63/100|[from] item: Leftovers
|upkeep
|
|t:|1659911978
|switch|p2a: Necrozma|Necrozma-Dusk-Mane|100/100
|turn|34
|
|t:|1659911980
|move|p1a: Zygarde|Glare|p2a: Necrozma
|-status|p2a: Necrozma|par
|move|p2a: Necrozma|Trick Room|p2a: Necrozma
|-fieldstart|move: Trick Room|[of] p2a: Necrozma
|
|-heal|p1a: Zygarde|70/100|[from] item: Leftovers
|upkeep
|turn|35
|
|t:|1659911990
|move|p2a: Necrozma|Sunsteel Strike|p1a: Zygarde
|-damage|p1a: Zygarde|42/100
|move|p1a: Zygarde|Rest|p1a: Zygarde
|-status|p1a: Zygarde|slp|[from] move: Rest
|-heal|p1a: Zygarde|100/100 slp|[silent]
|
|upkeep
|turn|36
|
|t:|1659911995
|move|p2a: Necrozma|Sunsteel Strike|p1a: Zygarde
|-crit|p1a: Zygarde
|-damage|p1a: Zygarde|60/100 slp
|cant|p1a: Zygarde|slp
|
|-heal|p1a: Zygarde|66/100 slp|[from] item: Leftovers
|upkeep
|turn|37
|
|t:|1659911999
|move|p2a: Necrozma|Sunsteel Strike|p1a: Zygarde
|-damage|p1a: Zygarde|41/100 slp
|cant|p1a: Zygarde|slp
|
|-heal|p1a: Zygarde|47/100 slp|[from] item: Leftovers
|upkeep
|turn|38
|
|t:|1659912005
|move|p2a: Necrozma|Earthquake|p1a: Zygarde
|-damage|p1a: Zygarde|29/100 slp
|-curestatus|p1a: Zygarde|slp|[msg]
|move|p1a: Zygarde|Glare|p2a: Necrozma
|-fail|p2a: Necrozma|par
|
|-heal|p1a: Zygarde|35/100|[from] item: Leftovers
|-fieldend|move: Trick Room
|upkeep
|turn|39
|
|t:|1659912011
|move|p1a: Zygarde|Rest|p1a: Zygarde
|-status|p1a: Zygarde|slp|[from] move: Rest
|-heal|p1a: Zygarde|100/100 slp|[silent]
|move|p2a: Necrozma|Earthquake|p1a: Zygarde
|-crit|p1a: Zygarde
|-damage|p1a: Zygarde|72/100 slp
|
|-heal|p1a: Zygarde|78/100 slp|[from] item: Leftovers
|upkeep
|turn|40
|
|t:|1659912018
|cant|p1a: Zygarde|slp
|cant|p2a: Necrozma|par
|
|-heal|p1a: Zygarde|84/100 slp|[from] item: Leftovers
|upkeep
|turn|41
|
|t:|1659912023
|cant|p1a: Zygarde|slp
|cant|p2a: Necrozma|par
|
|-heal|p1a: Zygarde|90/100 slp|[from] item: Leftovers
|upkeep
|turn|42
|
|t:|1659912027
|-curestatus|p1a: Zygarde|slp|[msg]
|move|p1a: Zygarde|Glare|p2a: Necrozma
|-fail|p2a: Necrozma|par
|move|p2a: Necrozma|Trick Room|p2a: Necrozma
|-fieldstart|move: Trick Room|[of] p2a: Necrozma
|
|-heal|p1a: Zygarde|97/100|[from] item: Leftovers
|upkeep
|turn|43
|
|t:|1659912033
|cant|p2a: Necrozma|par
|move|p1a: Zygarde|Glare|p2a: Necrozma
|-fail|p2a: Necrozma|par
|
|-heal|p1a: Zygarde|100/100|[from] item: Leftovers
|upkeep
|turn|44
|
|t:|1659912038
|move|p2a: Necrozma|Earthquake|p1a: Zygarde
|-damage|p1a: Zygarde|83/100
|move|p1a: Zygarde|Glare|p2a: Necrozma
|-fail|p2a: Necrozma|par
|
|-heal|p1a: Zygarde|89/100|[from] item: Leftovers
|upkeep
|turn|45
|
|t:|1659912042
|move|p2a: Necrozma|Earthquake|p1a: Zygarde
|-damage|p1a: Zygarde|71/100
|move|p1a: Zygarde|Glare|p2a: Necrozma
|-fail|p2a: Necrozma|par
|
|-heal|p1a: Zygarde|77/100|[from] item: Leftovers
|upkeep
|turn|46
|
|t:|1659912045
|move|p2a: Necrozma|Earthquake|p1a: Zygarde
|-damage|p1a: Zygarde|60/100
|move|p1a: Zygarde|Thousand Arrows|p2a: Necrozma
|-supereffective|p2a: Necrozma
|-crit|p2a: Necrozma
|-damage|p2a: Necrozma|56/100 par
|-enditem|p2a: Necrozma|Weakness Policy
|-boost|p2a: Necrozma|atk|2|[from] item: Weakness Policy
|-boost|p2a: Necrozma|spa|2|[from] item: Weakness Policy
|
|-heal|p1a: Zygarde|66/100|[from] item: Leftovers
|-fieldend|move: Trick Room
|upkeep
|turn|47
|
|t:|1659912049
|move|p1a: Zygarde|Haze|p1a: Zygarde
|-clearallboost
|move|p2a: Necrozma|Sunsteel Strike|p1a: Zygarde
|-damage|p1a: Zygarde|37/100
|
|-heal|p1a: Zygarde|43/100|[from] item: Leftovers
|upkeep
|turn|48
|-message|Grace-sas forfeited.
|
|win|TogeBirlHQ
|raw|TogeBirlHQ's rating: 1603 &rarr; <strong>1630</strong><br />(+27 for winning)
|raw|Grace-sas's rating: 1739 &rarr; <strong>1712</strong><br />(-27 for losing)
|l|☆Grace-sas
