|j|☆Miss. Lovix_Rouse❣
|j|☆Dracovishh
|inactive|Battle timer is ON: inactive players will automatically lose when time's up.
|t:|1667547637
|gametype|singles
|player|p1|Miss. Lovix_Rouse❣|parasollady-gen4|
|player|p2|Dracovishh|unknown|
|teamsize|p1|6
|teamsize|p2|6
|gen|8
|tier|[Gen 8] Ubers
|rated|Tournament battle
|rule|Sleep Clause Mod: Limit one foe put to sleep
|rule|Species Clause: Limit one of each Pokémon
|rule|OHKO Clause: OHKO moves are banned
|rule|Evasion Items Clause: Evasion items are banned
|rule|Evasion Moves Clause: Evasion moves are banned
|rule|Endless Battle Clause: Forcing endless battles is banned
|rule|HP Percentage Mod: HP is shown in percentages
|rule|Dynamax Clause: You cannot dynamax
|clearpoke
|poke|p1|Cottonee, L1, F|
|poke|p1|Chansey, F|
|poke|p1|Xerneas-*|
|poke|p1|Yveltal|
|poke|p1|Zamazenta-*|
|poke|p1|Eternatus|
|poke|p2|Dracovish|
|poke|p2|Necrozma-Dusk-Mane|
|poke|p2|Kyogre|
|poke|p2|Landorus-Therian, M|
|poke|p2|Yveltal|
|poke|p2|Xerneas-*|
|teampreview
|j|*Lady Monita ☽
|j| BB-8-NU
|c|☆Dracovishh|glhf
|
|t:|1667547652
|start
|switch|p1a: Yveltal|Yveltal, shiny|100/100
|switch|p2a: Tagi|Landorus-Therian, M|100/100
|-ability|p1a: Yveltal|Dark Aura
|-ability|p2a: Tagi|Intimidate|boost
|-unboost|p1a: Yveltal|atk|1
|turn|1
|c|☆Miss. Lovix_Rouse❣|lol
|
|t:|1667547659
|move|p1a: Yveltal|U-turn|p2a: Tagi
|-resisted|p2a: Tagi
|-damage|p2a: Tagi|94/100
|-damage|p1a: Yveltal|84/100|[from] item: Rocky Helmet|[of] p2a: Tagi
|
|t:|1667547664
|switch|p1a: Xerneas|Xerneas, shiny|100/100|[from]move: U-turn
|-ability|p1a: Xerneas|Fairy Aura
|move|p2a: Tagi|Stealth Rock|p1a: Xerneas
|-sidestart|p1: Miss. Lovix_Rouse❣|move: Stealth Rock
|
|upkeep
|turn|2
|j| xasahbae
|
|t:|1667547670
|move|p2a: Tagi|Fly||[still]
|-prepare|p2a: Tagi|Fly
|move|p1a: Xerneas|Defog|p2a: Tagi|[miss]
|-miss|p1a: Xerneas|p2a: Tagi
|
|upkeep
|turn|3
|
|t:|1667547676
|move|p2a: Tagi|Fly|p1a: Xerneas|[from]lockedmove
|-damage|p1a: Xerneas|78/100
|move|p1a: Xerneas|Defog|p2a: Tagi
|-unboost|p2a: Tagi|evasion|1
|-sideend|p1: Miss. Lovix_Rouse❣|Stealth Rock|[from] move: Defog|[of] p1a: Xerneas
|
|-heal|p1a: Xerneas|84/100|[from] item: Leftovers
|upkeep
|turn|4
|
|t:|1667547692
|move|p2a: Tagi|Earthquake|p1a: Xerneas
|-damage|p1a: Xerneas|59/100
|move|p1a: Xerneas|Moonblast|p2a: Tagi
|-damage|p2a: Tagi|33/100
|
|-heal|p1a: Xerneas|65/100|[from] item: Leftovers
|upkeep
|turn|5
|
|t:|1667547699
|move|p2a: Tagi|Stealth Rock|p1a: Xerneas
|-sidestart|p1: Miss. Lovix_Rouse❣|move: Stealth Rock
|move|p1a: Xerneas|Moonblast|p2a: Tagi
|-damage|p2a: Tagi|0 fnt
|faint|p2a: Tagi
|
|-heal|p1a: Xerneas|71/100|[from] item: Leftovers
|upkeep
|
|t:|1667547705
|switch|p2a: Vrykrusm|Necrozma-Dusk-Mane|100/100
|turn|6
|
|t:|1667547709
|move|p1a: Xerneas|Thunder Wave|p2a: Vrykrusm
|-status|p2a: Vrykrusm|par
|cant|p2a: Vrykrusm|par
|
|-heal|p1a: Xerneas|77/100|[from] item: Leftovers
|upkeep
|turn|7
|
|t:|1667547715
|move|p1a: Xerneas|Defog|p2a: Vrykrusm
|-unboost|p2a: Vrykrusm|evasion|1
|-sideend|p1: Miss. Lovix_Rouse❣|Stealth Rock|[from] move: Defog|[of] p1a: Xerneas
|move|p2a: Vrykrusm|Swords Dance|p2a: Vrykrusm
|-boost|p2a: Vrykrusm|atk|2
|
|-heal|p1a: Xerneas|83/100|[from] item: Leftovers
|upkeep
|turn|8
|
|t:|1667547723
|switch|p1a: Zamazenta|Zamazenta-Crowned, shiny|100/100
|-ability|p1a: Zamazenta|Dauntless Shield|boost
|-boost|p1a: Zamazenta|def|1
|move|p2a: Vrykrusm|Sunsteel Strike|p1a: Zamazenta
|-resisted|p1a: Zamazenta
|-damage|p1a: Zamazenta|66/100
|
|upkeep
|turn|9
|j| Alita Kazami
|
|t:|1667547738
|switch|p1a: Yveltal|Yveltal, shiny|84/100
|-ability|p1a: Yveltal|Dark Aura
|switch|p2a: Dalia Nera|Xerneas|100/100
|-ability|p2a: Dalia Nera|Fairy Aura
|
|upkeep
|turn|10
|
|t:|1667547746
|move|p1a: Yveltal|U-turn|p2a: Dalia Nera
|-resisted|p2a: Dalia Nera
|-damage|p2a: Dalia Nera|91/100
|
|t:|1667547750
|switch|p1a: Chansey|Chansey, F|100/100|[from]move: U-turn
|move|p2a: Dalia Nera|Geomancy||[still]
|-prepare|p2a: Dalia Nera|Geomancy
|-enditem|p2a: Dalia Nera|Power Herb
|-anim|p2a: Dalia Nera|Geomancy|p2a: Dalia Nera
|-boost|p2a: Dalia Nera|spa|2
|-boost|p2a: Dalia Nera|spd|2
|-boost|p2a: Dalia Nera|spe|2
|
|upkeep
|turn|11
|
|t:|1667547759
|move|p2a: Dalia Nera|Moonblast|p1a: Chansey
|-damage|p1a: Chansey|57/100
|move|p1a: Chansey|Thunder Wave|p2a: Dalia Nera
|-status|p2a: Dalia Nera|par
|
|upkeep
|turn|12
|c| Alita Kazami|You brought a cottonee to an Ubers match. I’m so proud of you
|c| Alita Kazami|im glad I’m not the only ome
|
|t:|1667547765
|move|p2a: Dalia Nera|Moonblast|p1a: Chansey
|-damage|p1a: Chansey|14/100
|move|p1a: Chansey|Soft-Boiled|p1a: Chansey
|-heal|p1a: Chansey|64/100
|
|upkeep
|turn|13
|j| ETJX
|c| Alita Kazami|*one
|
|t:|1667547771
|move|p2a: Dalia Nera|Focus Blast|p1a: Chansey|[miss]
|-miss|p2a: Dalia Nera|p1a: Chansey
|move|p1a: Chansey|Soft-Boiled|p1a: Chansey
|-heal|p1a: Chansey|100/100
|
|upkeep
|turn|14
|
|t:|1667547776
|move|p2a: Dalia Nera|Focus Blast|p1a: Chansey|[miss]
|-miss|p2a: Dalia Nera|p1a: Chansey
|move|p1a: Chansey|Soft-Boiled||[still]
|-fail|p1a: Chansey|heal
|
|upkeep
|turn|15
|c| ETJX|bold move
|c|☆Dracovishh|i despise chansey
|
|t:|1667547785
|cant|p2a: Dalia Nera|par
|move|p1a: Chansey|Wish|p1a: Chansey
|
|upkeep
|turn|16
|
|t:|1667547797
|move|p2a: Dalia Nera|Focus Blast|p1a: Chansey|[miss]
|-miss|p2a: Dalia Nera|p1a: Chansey
|move|p1a: Chansey|Soft-Boiled||[still]
|-fail|p1a: Chansey|heal
|
|upkeep
|turn|17
|c| Alita Kazami|Why you run psychock
|j| Grand Empress
|
|t:|1667547808
|move|p2a: Dalia Nera|Focus Blast|p1a: Chansey
|-supereffective|p1a: Chansey
|-crit|p1a: Chansey
|-damage|p1a: Chansey|18/100
|move|p1a: Chansey|Soft-Boiled|p1a: Chansey
|-heal|p1a: Chansey|68/100
|
|upkeep
|turn|18
|c| Alita Kazami|This chansey is like a bar of soap
|
|t:|1667547815
|cant|p2a: Dalia Nera|par
|move|p1a: Chansey|Soft-Boiled|p1a: Chansey
|-heal|p1a: Chansey|100/100
|
|upkeep
|turn|19
|
|t:|1667547820
|move|p2a: Dalia Nera|Focus Blast|p1a: Chansey
|-supereffective|p1a: Chansey
|-damage|p1a: Chansey|48/100
|move|p1a: Chansey|Soft-Boiled|p1a: Chansey
|-heal|p1a: Chansey|98/100
|
|upkeep
|turn|20
|
|t:|1667547827
|move|p2a: Dalia Nera|Focus Blast|p1a: Chansey
|-supereffective|p1a: Chansey
|-damage|p1a: Chansey|45/100
|-unboost|p1a: Chansey|spd|1
|move|p1a: Chansey|Soft-Boiled|p1a: Chansey
|-heal|p1a: Chansey|95/100
|
|upkeep
|turn|21
|
|t:|1667547839
|switch|p1a: Eternatus|Eternatus|100/100
|-ability|p1a: Eternatus|Pressure
|cant|p2a: Dalia Nera|par
|
|upkeep
|turn|22
|c| ETJX|wait that actually did haf
|c| Alita Kazami|What’s dalia nera?
|c|☆Dracovishh|one of my friends nicknames
|
|t:|1667547854
|switch|p1a: Chansey|Chansey, F|95/100
|cant|p2a: Dalia Nera|par
|
|upkeep
|turn|23
|c| Alita Kazami|Oh gotcha
|
|t:|1667547859
|move|p2a: Dalia Nera|Moonblast|p1a: Chansey
|-damage|p1a: Chansey|50/100
|move|p1a: Chansey|Soft-Boiled|p1a: Chansey
|-heal|p1a: Chansey|99/100
|
|upkeep
|turn|24
|c|☆Dracovishh|currently seething
|
|t:|1667547868
|move|p2a: Dalia Nera|Moonblast|p1a: Chansey
|-damage|p1a: Chansey|59/100
|move|p1a: Chansey|Wish|p1a: Chansey
|
|upkeep
|turn|25
|c| Alita Kazami|EJTX it’s a xerneas
|
|t:|1667547875
|move|p2a: Dalia Nera|Geomancy||[still]
|-prepare|p2a: Dalia Nera|Geomancy
|move|p1a: Chansey|Soft-Boiled|p1a: Chansey
|-heal|p1a: Chansey|100/100
|
|upkeep
|turn|26
|c| Alita Kazami|With a X2 boost
|
|t:|1667547881
|switch|p1a: Cottonee|Cottonee, L1, F|100/100
|cant|p2a: Dalia Nera|par
|
|upkeep
|turn|27
|c| Alita Kazami|Oh, the cottonee!
|c|☆Dracovishh|90% sure its memento
|
|t:|1667547903
|move|p1a: Cottonee|Encore|p2a: Dalia Nera
|-start|p2a: Dalia Nera|Encore
|move|p2a: Dalia Nera|Geomancy||[still]
|-prepare|p2a: Dalia Nera|Geomancy
|
|upkeep
|turn|28
|c| Alita Kazami|It learns that?
|
|t:|1667547908
|move|p1a: Cottonee|Substitute|p1a: Cottonee
|-start|p1a: Cottonee|Substitute
|-damage|p1a: Cottonee|75/100
|move|p2a: Dalia Nera|Geomancy|p2a: Dalia Nera|[from]lockedmove
|-boost|p2a: Dalia Nera|spa|2
|-boost|p2a: Dalia Nera|spd|2
|-boost|p2a: Dalia Nera|spe|2
|
|upkeep
|turn|29
|c|☆Dracovishh|yeah
|
|t:|1667547914
|move|p1a: Cottonee|Leech Seed|p2a: Dalia Nera
|-start|p2a: Dalia Nera|move: Leech Seed
|cant|p2a: Dalia Nera|par
|
|-damage|p2a: Dalia Nera|78/100 par|[from] Leech Seed|[of] p1a: Cottonee
|-heal|p1a: Cottonee|100/100|[silent]
|-end|p2a: Dalia Nera|Encore
|upkeep
|turn|30
|c| Alita Kazami|Hm…
|c| Alita Kazami|I may need to try this
|
|t:|1667547922
|move|p1a: Cottonee|Encore|p2a: Dalia Nera
|-start|p2a: Dalia Nera|Encore
|move|p2a: Dalia Nera|Geomancy||[still]
|-prepare|p2a: Dalia Nera|Geomancy
|
|-damage|p2a: Dalia Nera|66/100 par|[from] Leech Seed|[of] p1a: Cottonee
|upkeep
|turn|31
|
|t:|1667547929
|move|p2a: Dalia Nera|Geomancy|p2a: Dalia Nera|[from]lockedmove
|-boost|p2a: Dalia Nera|spa|2
|-boost|p2a: Dalia Nera|spd|2
|-boost|p2a: Dalia Nera|spe|2
|move|p1a: Cottonee|Endeavor|p2a: Dalia Nera
|-damage|p2a: Dalia Nera|4/100 par
|
|-damage|p2a: Dalia Nera|0 fnt|[from] Leech Seed|[of] p1a: Cottonee
|faint|p2a: Dalia Nera
|upkeep
|c|☆Dracovishh|i hate life
|c| Alita Kazami|Oh wow this is dirty
|
|t:|1667547946
|switch|p2a: Vrydriian|Kyogre|100/100
|-weather|RainDance|[from] ability: Drizzle|[of] p2a: Vrydriian
|turn|32
|c| Alita Kazami|Does your yveltal have snarl?
|
|t:|1667547958
|move|p1a: Cottonee|Leech Seed|p2a: Vrydriian
|-start|p2a: Vrydriian|move: Leech Seed
|move|p2a: Vrydriian|Ice Beam|p1a: Cottonee
|-supereffective|p1a: Cottonee
|-end|p1a: Cottonee|Substitute
|
|-weather|RainDance|[upkeep]
|-damage|p2a: Vrydriian|88/100|[from] Leech Seed|[of] p1a: Cottonee
|upkeep
|turn|33
|
|t:|1667547966
|move|p2a: Vrydriian|Ice Beam|p1a: Cottonee
|-supereffective|p1a: Cottonee
|-enditem|p1a: Cottonee|Focus Sash
|-damage|p1a: Cottonee|9/100
|move|p1a: Cottonee|Endeavor|p2a: Vrydriian
|-damage|p2a: Vrydriian|1/100
|
|-weather|RainDance|[upkeep]
|-damage|p2a: Vrydriian|0 fnt|[from] Leech Seed|[of] p1a: Cottonee
|-heal|p1a: Cottonee|17/100|[silent]
|faint|p2a: Vrydriian
|upkeep
|
|t:|1667547972
|switch|p2a: Horas|Yveltal|100/100
|-ability|p2a: Horas|Dark Aura
|turn|34
|c|☆Dracovishh|nope
|
|t:|1667547980
|switch|p1a: Zamazenta|Zamazenta-Crowned, shiny|66/100
|-ability|p1a: Zamazenta|Dauntless Shield|boost
|-boost|p1a: Zamazenta|def|1
|move|p2a: Horas|Taunt|p1a: Zamazenta
|-start|p1a: Zamazenta|move: Taunt
|
|-weather|RainDance|[upkeep]
|upkeep
|turn|35
|c| Alita Kazami|Good name
|c| Alita Kazami|Ok. Just curious
|
|t:|1667547992
|move|p1a: Zamazenta|Ice Fang|p2a: Horas
|-supereffective|p2a: Horas
|-damage|p2a: Horas|47/100
|move|p2a: Horas|Oblivion Wing|p1a: Zamazenta
|-damage|p1a: Zamazenta|24/100
|-heal|p2a: Horas|74/100|[from] drain|[of] p1a: Zamazenta
|-damage|p2a: Horas|64/100|[from] item: Life Orb
|
|-weather|RainDance|[upkeep]
|upkeep
|turn|36
|c| Alita Kazami|It can bypass substitute
|
|t:|1667548002
|move|p1a: Zamazenta|Close Combat|p2a: Horas
|-damage|p2a: Horas|0 fnt
|-unboost|p1a: Zamazenta|def|1
|-unboost|p1a: Zamazenta|spd|1
|faint|p2a: Horas
|
|-weather|none
|-end|p1a: Zamazenta|move: Taunt
|upkeep
|
|t:|1667548010
|switch|p2a: Vryokoa|Dracovish, shiny|100/100
|turn|37
|
|t:|1667548013
|switch|p1a: Cottonee|Cottonee, L1, F|17/100
|move|p2a: Vryokoa|Fishious Rend|p1a: Cottonee
|-resisted|p1a: Cottonee
|-damage|p1a: Cottonee|0 fnt
|faint|p1a: Cottonee
|
|upkeep
|j| Crunchman
|
|t:|1667548020
|switch|p1a: Eternatus|Eternatus|100/100
|-ability|p1a: Eternatus|Pressure
|turn|38
|
|t:|1667548025
|move|p1a: Eternatus|Meteor Beam||[still]
|-prepare|p1a: Eternatus|Meteor Beam
|-boost|p1a: Eternatus|spa|1
|-enditem|p1a: Eternatus|Power Herb
|-anim|p1a: Eternatus|Meteor Beam|p2a: Vryokoa
|-damage|p2a: Vryokoa|18/100
|move|p2a: Vryokoa|Fishious Rend|p1a: Eternatus
|-resisted|p1a: Eternatus
|-damage|p1a: Eternatus|76/100
|
|upkeep
|turn|39
|
|t:|1667548035
|move|p1a: Eternatus|Dynamax Cannon|p2a: Vryokoa
|-supereffective|p2a: Vryokoa
|-damage|p2a: Vryokoa|0 fnt
|faint|p2a: Vryokoa
|
|upkeep
|
|t:|1667548038
|switch|p2a: Vrykrusm|Necrozma-Dusk-Mane|100/100 par
|turn|40
|
|t:|1667548041
|move|p1a: Eternatus|Flamethrower|p2a: Vrykrusm
|-supereffective|p2a: Vrykrusm
|-damage|p2a: Vrykrusm|38/100 par
|-enditem|p2a: Vrykrusm|Weakness Policy
|-boost|p2a: Vrykrusm|atk|2|[from] item: Weakness Policy
|-boost|p2a: Vrykrusm|spa|2|[from] item: Weakness Policy
|move|p2a: Vrykrusm|Trick Room|p2a: Vrykrusm
|-fieldstart|move: Trick Room|[of] p2a: Vrykrusm
|
|upkeep
|turn|41
|
|t:|1667548056
|move|p2a: Vrykrusm|Earthquake|p1a: Eternatus
|-supereffective|p1a: Eternatus
|-damage|p1a: Eternatus|0 fnt
|faint|p1a: Eternatus
|
|upkeep
|
|t:|1667548062
|switch|p1a: Yveltal|Yveltal, shiny|84/100
|-ability|p1a: Yveltal|Dark Aura
|turn|42
|
|t:|1667548068
|move|p1a: Yveltal|Sucker Punch|p2a: Vrykrusm
|-supereffective|p2a: Vrykrusm
|-damage|p2a: Vrykrusm|0 fnt
|faint|p2a: Vrykrusm
|
|win|Miss. Lovix_Rouse❣
|n|☆Miss. Lovix_Rouse❣|misslovixrouse
|n|☆Dracovishh|dracovishh
|n|*Lady Monita ☽|ladymonita
|n| BB-8-NU|bb8nu
|n| xasahbae|xasahbae
|n| Alita Kazami|alitakazami
|n| ETJX|etjx
|n| Grand Empress|grandempress
|n| Crunchman|crunchman
