|j|☆Itasha
|j|☆Eledyr
|t:|1644059857
|gametype|singles
|player|p1|Itasha|aromalady|
|player|p2|Eledyr|theroyal|
|teamsize|p1|6
|teamsize|p2|6
|gen|8
|tier|[Gen 8] Ubers
|rule|Sleep Clause Mod: Limit one foe put to sleep
|rule|Species Clause: Limit one of each Pokémon
|rule|OHKO Clause: OHKO moves are banned
|rule|Evasion Moves Clause: Evasion moves are banned
|rule|Endless Battle Clause: Forcing endless battles is banned
|rule|HP Percentage Mod: HP is shown in percentages
|rule|Dynamax Clause: You cannot dynamax
|clearpoke
|poke|p1|Calyrex-Shadow|
|poke|p1|Yveltal|
|poke|p1|Necrozma-Dusk-Mane|
|poke|p1|Eternatus|
|poke|p1|Zygarde|
|poke|p1|Kyogre|
|poke|p2|Eternatus|
|poke|p2|Ho-Oh|
|poke|p2|Necrozma-Dusk-Mane|
|poke|p2|Zygarde|
|poke|p2|Ferrothorn, F|
|poke|p2|Yveltal|
|teampreview
|c|☆Eledyr|hf
|c|☆Itasha|u2
|c|☆Eledyr|can you publicroom
|c|☆Itasha|whats the command
|c|☆Eledyr|"/publicroom"
|c|☆Itasha|/log Itasha made this room public.
|c|☆Itasha|k
|c|☆Eledyr|thx
|j| MiNi Charizard-X
|j| Holymolycrabby
|c| Holymolycrabby|Lets go
|j| Destinyation ❤
|j| Hoennseptile
|c| Hoennseptile|Let's go eledyr
|
|t:|1644059957
|start
|switch|p1a: I LOVE LEAN!|Eternatus|100/100
|switch|p2a: Mighty wall|Eternatus|100/100
|-ability|p1a: I LOVE LEAN!|Pressure
|-ability|p2a: Mighty wall|Pressure
|turn|1
|
|t:|1644059960
|switch|p2a: Metallic Lion|Necrozma-Dusk-Mane|100/100
|move|p1a: I LOVE LEAN!|Dynamax Cannon|p2a: Metallic Lion
|-resisted|p2a: Metallic Lion
|-damage|p2a: Metallic Lion|86/100
|
|-heal|p2a: Metallic Lion|92/100|[from] item: Leftovers
|upkeep
|turn|2
|
|t:|1644059965
|switch|p1a: goat + genius POG|Necrozma-Dusk-Mane|100/100
|move|p2a: Metallic Lion|Stealth Rock|p1a: goat + genius POG
|-sidestart|p1: Itasha|move: Stealth Rock
|
|-heal|p2a: Metallic Lion|98/100|[from] item: Leftovers
|upkeep
|turn|3
|
|t:|1644059969
|move|p2a: Metallic Lion|Thunder Wave|p1a: goat + genius POG
|-status|p1a: goat + genius POG|par
|move|p1a: goat + genius POG|Stealth Rock|p2a: Metallic Lion
|-sidestart|p2: Eledyr|move: Stealth Rock
|
|-heal|p2a: Metallic Lion|100/100|[from] item: Leftovers
|upkeep
|turn|4
|
|t:|1644059973
|switch|p2a: Green Boy|Ferrothorn, F|100/100
|-damage|p2a: Green Boy|95/100|[from] Stealth Rock
|move|p1a: goat + genius POG|Sunsteel Strike|p2a: Green Boy
|-resisted|p2a: Green Boy
|-damage|p2a: Green Boy|76/100
|-damage|p1a: goat + genius POG|88/100 par|[from] ability: Iron Barbs|[of] p2a: Green Boy
|
|-heal|p1a: goat + genius POG|94/100 par|[from] item: Leftovers
|-heal|p2a: Green Boy|82/100|[from] item: Leftovers
|upkeep
|turn|5
|c| Hoennseptile|Wtf
|
|t:|1644059977
|switch|p1a: I LOVE LEAN!|Eternatus|100/100
|-damage|p1a: I LOVE LEAN!|88/100|[from] Stealth Rock
|-ability|p1a: I LOVE LEAN!|Pressure
|move|p2a: Green Boy|Leech Seed|p1a: I LOVE LEAN!
|-start|p1a: I LOVE LEAN!|move: Leech Seed
|
|-heal|p2a: Green Boy|88/100|[from] item: Leftovers
|-damage|p1a: I LOVE LEAN!|76/100|[from] Leech Seed|[of] p2a: Green Boy
|-heal|p2a: Green Boy|100/100|[silent]
|upkeep
|turn|6
|c| Hoennseptile|Copying my signature
|
|t:|1644059982
|switch|p2a: Metallic Lion|Necrozma-Dusk-Mane|100/100
|-damage|p2a: Metallic Lion|94/100|[from] Stealth Rock
|move|p1a: I LOVE LEAN!|Dragon Tail|p2a: Metallic Lion
|-resisted|p2a: Metallic Lion
|-damage|p2a: Metallic Lion|89/100
|drag|p2a: Flying Frenchman|Yveltal|100/100
|-ability|p2a: Flying Frenchman|Dark Aura
|
|-damage|p1a: I LOVE LEAN!|63/100|[from] Leech Seed|[of] p2a: Flying Frenchman
|upkeep
|turn|7
|c| Hoennseptile|In disc
|c| Hoennseptile|>:(
|j| OUTH Kyu in Lc pls
|
|t:|1644060000
|switch|p2a: Metallic Lion|Necrozma-Dusk-Mane|89/100
|-damage|p2a: Metallic Lion|83/100|[from] Stealth Rock
|move|p1a: I LOVE LEAN!|Recover|p1a: I LOVE LEAN!
|-heal|p1a: I LOVE LEAN!|100/100
|
|-heal|p2a: Metallic Lion|89/100|[from] item: Leftovers
|-damage|p1a: I LOVE LEAN!|88/100|[from] Leech Seed|[of] p2a: Metallic Lion
|-heal|p2a: Metallic Lion|100/100|[silent]
|upkeep
|turn|8
|
|t:|1644060010
|switch|p1a: snake 30 brah|Zygarde|100/100
|-damage|p1a: snake 30 brah|94/100|[from] Stealth Rock
|move|p2a: Metallic Lion|Thunder Wave|p1a: snake 30 brah
|-immune|p1a: snake 30 brah
|
|-heal|p1a: snake 30 brah|100/100|[from] item: Leftovers
|upkeep
|turn|9
|c| Destinyation ❤|goo Eledyr
|
|t:|1644060018
|switch|p2a: Green Boy|Ferrothorn, F|100/100
|-damage|p2a: Green Boy|95/100|[from] Stealth Rock
|move|p1a: snake 30 brah|Dragon Dance|p1a: snake 30 brah
|-boost|p1a: snake 30 brah|atk|1
|-boost|p1a: snake 30 brah|spe|1
|
|-heal|p2a: Green Boy|100/100|[from] item: Leftovers
|upkeep
|turn|10
|
|t:|1644060021
|move|p1a: snake 30 brah|Substitute|p1a: snake 30 brah
|-start|p1a: snake 30 brah|Substitute
|-damage|p1a: snake 30 brah|76/100
|move|p2a: Green Boy|Curse|p2a: Green Boy
|-unboost|p2a: Green Boy|spe|1
|-boost|p2a: Green Boy|atk|1
|-boost|p2a: Green Boy|def|1
|
|-heal|p1a: snake 30 brah|82/100|[from] item: Leftovers
|upkeep
|turn|11
|
|t:|1644060025
|move|p2a: Green Boy|Curse|p2a: Green Boy
|-unboost|p2a: Green Boy|spe|1
|-boost|p2a: Green Boy|atk|1
|-boost|p2a: Green Boy|def|1
|move|p1a: snake 30 brah|Dragon Tail|p2a: Green Boy
|-resisted|p2a: Green Boy
|-damage|p2a: Green Boy|93/100
|-damage|p1a: snake 30 brah|69/100|[from] ability: Iron Barbs|[of] p2a: Green Boy
|drag|p2a: Mighty wall|Eternatus|100/100
|-damage|p2a: Mighty wall|88/100|[from] Stealth Rock
|-ability|p2a: Mighty wall|Pressure
|
|-heal|p1a: snake 30 brah|75/100|[from] item: Leftovers
|-heal|p2a: Mighty wall|94/100|[from] item: Black Sludge
|upkeep
|turn|12
|
|t:|1644060032
|move|p1a: snake 30 brah|Thousand Arrows|p2a: Mighty wall
|-supereffective|p2a: Mighty wall
|-damage|p2a: Mighty wall|5/100
|move|p2a: Mighty wall|Dynamax Cannon|p1a: snake 30 brah
|-supereffective|p1a: snake 30 brah
|-end|p1a: snake 30 brah|Substitute
|
|-heal|p1a: snake 30 brah|81/100|[from] item: Leftovers
|-heal|p2a: Mighty wall|11/100|[from] item: Black Sludge
|upkeep
|turn|13
|
|t:|1644060041
|switch|p2a: Green Boy|Ferrothorn, F|93/100
|-damage|p2a: Green Boy|87/100|[from] Stealth Rock
|move|p1a: snake 30 brah|Thousand Arrows|p2a: Green Boy
|-damage|p2a: Green Boy|47/100
|
|-heal|p1a: snake 30 brah|87/100|[from] item: Leftovers
|-heal|p2a: Green Boy|53/100|[from] item: Leftovers
|upkeep
|turn|14
|
|t:|1644060046
|move|p1a: snake 30 brah|Substitute|p1a: snake 30 brah
|-start|p1a: snake 30 brah|Substitute
|-damage|p1a: snake 30 brah|63/100
|move|p2a: Green Boy|Power Whip|p1a: snake 30 brah
|-end|p1a: snake 30 brah|Substitute
|
|-heal|p1a: snake 30 brah|69/100|[from] item: Leftovers
|-heal|p2a: Green Boy|59/100|[from] item: Leftovers
|upkeep
|turn|15
|
|t:|1644060051
|move|p1a: snake 30 brah|Substitute|p1a: snake 30 brah
|-start|p1a: snake 30 brah|Substitute
|-damage|p1a: snake 30 brah|44/100
|move|p2a: Green Boy|Power Whip|p1a: snake 30 brah
|-end|p1a: snake 30 brah|Substitute
|
|-heal|p1a: snake 30 brah|50/100|[from] item: Leftovers
|-heal|p2a: Green Boy|65/100|[from] item: Leftovers
|-activate|p1a: snake 30 brah|ability: Power Construct
|detailschange|p1a: snake 30 brah|Zygarde-Complete
|-heal|p1a: snake 30 brah|69/100|[silent]
|upkeep
|turn|16
|
|t:|1644060057
|move|p1a: snake 30 brah|Thousand Arrows|p2a: Green Boy
|-damage|p2a: Green Boy|24/100
|move|p2a: Green Boy|Power Whip|p1a: snake 30 brah
|-damage|p1a: snake 30 brah|51/100
|
|-heal|p1a: snake 30 brah|58/100|[from] item: Leftovers
|-heal|p2a: Green Boy|30/100|[from] item: Leftovers
|upkeep
|turn|17
|
|t:|1644060064
|move|p1a: snake 30 brah|Thousand Arrows|p2a: Green Boy
|-damage|p2a: Green Boy|0 fnt
|faint|p2a: Green Boy
|
|-heal|p1a: snake 30 brah|64/100|[from] item: Leftovers
|upkeep
|
|t:|1644060066
|switch|p2a: Flying Frenchman|Yveltal|100/100
|-ability|p2a: Flying Frenchman|Dark Aura
|turn|18
|
|t:|1644060072
|switch|p1a: Yveltal|Yveltal|100/100
|-ability|p1a: Yveltal|Dark Aura
|move|p2a: Flying Frenchman|Foul Play|p1a: Yveltal
|-resisted|p1a: Yveltal
|-damage|p1a: Yveltal|73/100
|
|upkeep
|turn|19
|
|t:|1644060078
|move|p2a: Flying Frenchman|Toxic|p1a: Yveltal
|-status|p1a: Yveltal|tox
|move|p1a: Yveltal|Knock Off|p2a: Flying Frenchman
|-resisted|p2a: Flying Frenchman
|-damage|p2a: Flying Frenchman|77/100
|-enditem|p2a: Flying Frenchman|Heavy-Duty Boots|[from] move: Knock Off|[of] p1a: Yveltal
|
|-damage|p1a: Yveltal|67/100 tox|[from] psn
|upkeep
|turn|20
|
|t:|1644060083
|move|p2a: Flying Frenchman|Taunt|p1a: Yveltal
|-start|p1a: Yveltal|move: Taunt
|cant|p1a: Yveltal|move: Taunt|Roost
|
|-damage|p1a: Yveltal|54/100 tox|[from] psn
|upkeep
|turn|21
|
|t:|1644060087
|move|p2a: Flying Frenchman|Foul Play|p1a: Yveltal
|-resisted|p1a: Yveltal
|-damage|p1a: Yveltal|28/100 tox
|move|p1a: Yveltal|U-turn|p2a: Flying Frenchman
|-damage|p2a: Flying Frenchman|58/100
|
|t:|1644060095
|switch|p1a: fishstick cat|Kyogre|100/100|[from]move: U-turn
|-damage|p1a: fishstick cat|88/100|[from] Stealth Rock
|-weather|RainDance|[from] ability: Drizzle|[of] p1a: fishstick cat
|
|-weather|RainDance|[upkeep]
|-heal|p1a: fishstick cat|94/100|[from] item: Leftovers
|upkeep
|turn|22
|
|t:|1644060099
|switch|p2a: Mighty wall|Eternatus|11/100
|-damage|p2a: Mighty wall|0 fnt|[from] Stealth Rock
|faint|p2a: Mighty wall
|move|p1a: fishstick cat|Thunder Wave|p2: Mighty wall|[notarget]
|-fail|p1a: fishstick cat
|
|-weather|RainDance|[upkeep]
|-heal|p1a: fishstick cat|100/100|[from] item: Leftovers
|upkeep
|j| Emil Heskey
|l| Hoennseptile
|c| Emil Heskey|is this the actual game?
|c|☆Eledyr|no it's a prank
|j| Airen yeagerツ
|c| Emil Heskey|oh ok
|c| Emil Heskey|so no ping
|j| Hoennseptile
|c|☆Itasha|?
|c| Destinyation ❤|i pinged;
|c| Emil Heskey|:O
|raw|<div class="broadcast-red"><strong>Moderated chat was set to ☆!</strong><br />Only users of rank ☆ and higher can talk.</div>
|
|t:|1644060231
|switch|p2a: Metallic Lion|Necrozma-Dusk-Mane|100/100
|-damage|p2a: Metallic Lion|94/100|[from] Stealth Rock
|turn|23
|
|t:|1644060234
|move|p1a: fishstick cat|Substitute|p1a: fishstick cat
|-start|p1a: fishstick cat|Substitute
|-damage|p1a: fishstick cat|75/100
|move|p2a: Metallic Lion|Thunder Wave||[still]
|-fail|p2a: Metallic Lion
|
|-weather|RainDance|[upkeep]
|-heal|p1a: fishstick cat|82/100|[from] item: Leftovers
|-heal|p2a: Metallic Lion|100/100|[from] item: Leftovers
|upkeep
|turn|24
|
|t:|1644060237
|move|p1a: fishstick cat|Calm Mind|p1a: fishstick cat
|-boost|p1a: fishstick cat|spa|1
|-boost|p1a: fishstick cat|spd|1
|move|p2a: Metallic Lion|Sunsteel Strike|p1a: fishstick cat
|-resisted|p1a: fishstick cat
|-activate|p1a: fishstick cat|move: Substitute|[damage]
|
|-weather|RainDance|[upkeep]
|-heal|p1a: fishstick cat|88/100|[from] item: Leftovers
|upkeep
|turn|25
|
|t:|1644060241
|switch|p2a: Bird Jesus|Ho-Oh|100/100
|move|p1a: fishstick cat|Calm Mind|p1a: fishstick cat
|-boost|p1a: fishstick cat|spa|1
|-boost|p1a: fishstick cat|spd|1
|
|-weather|none
|-heal|p1a: fishstick cat|94/100|[from] item: Leftovers
|upkeep
|turn|26
|
|t:|1644060243
|move|p1a: fishstick cat|Surf|p2a: Bird Jesus
|-supereffective|p2a: Bird Jesus
|-damage|p2a: Bird Jesus|0 fnt
|faint|p2a: Bird Jesus
|
|-heal|p1a: fishstick cat|99/100|[from] item: Leftovers
|upkeep
|
|t:|1644060248
|switch|p2a: Flying Frenchman|Yveltal|58/100
|-damage|p2a: Flying Frenchman|33/100|[from] Stealth Rock
|-ability|p2a: Flying Frenchman|Dark Aura
|turn|27
|
|t:|1644060254
|move|p2a: Flying Frenchman|Foul Play|p1a: fishstick cat
|-end|p1a: fishstick cat|Substitute
|move|p1a: fishstick cat|Surf|p2a: Flying Frenchman
|-damage|p2a: Flying Frenchman|0 fnt
|faint|p2a: Flying Frenchman
|
|-heal|p1a: fishstick cat|100/100|[from] item: Leftovers
|upkeep
|
|t:|1644060255
|switch|p2a: One in a Thousand|Zygarde|100/100
|-damage|p2a: One in a Thousand|94/100|[from] Stealth Rock
|turn|28
|
|t:|1644060259
|move|p2a: One in a Thousand|Coil|p2a: One in a Thousand
|-boost|p2a: One in a Thousand|atk|1
|-boost|p2a: One in a Thousand|def|1
|-boost|p2a: One in a Thousand|accuracy|1
|move|p1a: fishstick cat|Surf|p2a: One in a Thousand
|-damage|p2a: One in a Thousand|4/100
|
|-heal|p2a: One in a Thousand|11/100|[from] item: Leftovers
|-activate|p2a: One in a Thousand|ability: Power Construct
|detailschange|p2a: One in a Thousand|Zygarde-Complete
|-heal|p2a: One in a Thousand|43/100|[silent]
|upkeep
|turn|29
|
|t:|1644060262
|move|p1a: fishstick cat|Surf|p2a: One in a Thousand
|-damage|p2a: One in a Thousand|0 fnt
|faint|p2a: One in a Thousand
|
|upkeep
|c|☆Eledyr|yeah gg
|c|☆Itasha|gg
|-message|Eledyr forfeited.
|
|win|Itasha
