|j|☆AmazingMoOU
|j|☆killer whale squa
|player|p1|AmazingMoOU|youngster-gen4|
|player|p2|killer whale squa|216|
|teamsize|p1|6
|teamsize|p2|6
|gametype|singles
|gen|8
|tier|[Gen 8] Ubers
|clearpoke
|poke|p1|Melmetal|
|poke|p1|Zekrom|
|poke|p1|Zacian-Crowned|
|poke|p1|Jirachi|
|poke|p1|Ninetales-Alola, F|
|poke|p1|Hawlucha, M|
|poke|p2|Zacian-Crowned|
|poke|p2|Lunala|
|poke|p2|Zekrom|
|poke|p2|Clefable, F|
|poke|p2|Darmanitan-Galar, F|
|poke|p2|Mewtwo|
|rule|Sleep Clause Mod: Limit one foe put to sleep
|rule|Species Clause: Limit one of each Pokémon
|rule|OHKO Clause: OHKO moves are banned
|rule|Evasion Moves Clause: Evasion moves are banned
|rule|Endless Battle Clause: Forcing endless battles is banned
|rule|HP Percentage Mod: HP is shown in percentages
|teampreview
|c|☆AmazingMoOU|Hf
|c|☆killer whale squa|u2
|inactive|Battle timer is ON: inactive players will automatically lose when time's up. (requested by AmazingMoOU)
|
|start
|switch|p1a: Ninetales|Ninetales-Alola, F|100/100
|switch|p2a: Lunala|Lunala|100/100
|-weather|Hail|[from] ability: Snow Warning|[of] p1a: Ninetales
|turn|1
|
|move|p1a: Ninetales|Aurora Veil|p1a: Ninetales
|-sidestart|p1: AmazingMoOU|move: Aurora Veil
|move|p2a: Lunala|Will-O-Wisp|p1a: Ninetales
|-status|p1a: Ninetales|brn
|
|-weather|Hail|[upkeep]
|-damage|p2a: Lunala|94/100|[from] Hail
|-damage|p1a: Ninetales|95/100 brn|[from] brn
|upkeep
|turn|2
|
|move|p1a: Ninetales|Encore|p2a: Lunala
|-start|p2a: Lunala|Encore
|move|p2a: Lunala|Will-O-Wisp|p1a: Ninetales
|-fail|p1a: Ninetales|brn
|
|-weather|Hail|[upkeep]
|-damage|p2a: Lunala|88/100|[from] Hail
|-damage|p1a: Ninetales|89/100 brn|[from] brn
|upkeep
|turn|3
|
|switch|p1a: Jirachi|Jirachi|100/100
|switch|p2a: Mewtwo|Mewtwo|100/100
|-ability|p2a: Mewtwo|Pressure
|
|-weather|Hail|[upkeep]
|-damage|p2a: Mewtwo|94/100|[from] Hail
|-damage|p1a: Jirachi|94/100|[from] Hail
|-heal|p1a: Jirachi|100/100|[from] item: Leftovers
|upkeep
|turn|4
|
|move|p2a: Mewtwo|Nasty Plot|p2a: Mewtwo
|-boost|p2a: Mewtwo|spa|2
|move|p1a: Jirachi|Calm Mind|p1a: Jirachi
|-boost|p1a: Jirachi|spa|1
|-boost|p1a: Jirachi|spd|1
|
|-weather|Hail|[upkeep]
|-damage|p2a: Mewtwo|88/100|[from] Hail
|-damage|p1a: Jirachi|94/100|[from] Hail
|-heal|p1a: Jirachi|100/100|[from] item: Leftovers
|upkeep
|turn|5
|
|-start|p2a: Mewtwo|Dynamax
|-heal|p2a: Mewtwo|88/100|[silent]
|move|p2a: Mewtwo|Max Phantasm|p1a: Jirachi
|-supereffective|p1a: Jirachi
|-damage|p1a: Jirachi|16/100
|-unboost|p1a: Jirachi|def|1
|-damage|p2a: Mewtwo|83/100|[from] item: Life Orb
|move|p1a: Jirachi|Calm Mind|p1a: Jirachi
|-boost|p1a: Jirachi|spa|1
|-boost|p1a: Jirachi|spd|1
|
|-weather|none
|-heal|p1a: Jirachi|22/100|[from] item: Leftovers
|upkeep
|turn|6
|
|move|p2a: Mewtwo|Max Phantasm|p1a: Jirachi
|-supereffective|p1a: Jirachi
|-damage|p1a: Jirachi|0 fnt
|-damage|p2a: Mewtwo|78/100|[from] item: Life Orb
|faint|p1a: Jirachi
|
|upkeep
|
|switch|p1a: Melmetal|Melmetal|100/100
|turn|7
|
|-start|p1a: Melmetal|Dynamax
|-heal|p1a: Melmetal|100/100|[silent]
|move|p2a: Mewtwo|Max Flare|p1a: Melmetal
|-supereffective|p1a: Melmetal
|-damage|p1a: Melmetal|38/100
|-enditem|p1a: Melmetal|Weakness Policy
|-boost|p1a: Melmetal|atk|2|[from] item: Weakness Policy
|-boost|p1a: Melmetal|spa|2|[from] item: Weakness Policy
|-weather|SunnyDay
|-damage|p2a: Mewtwo|73/100|[from] item: Life Orb
|move|p1a: Melmetal|Max Steelspike|p2a: Mewtwo
|-damage|p2a: Mewtwo|0 fnt
|-boost|p1a: Melmetal|def|1
|faint|p2a: Mewtwo
|
|-weather|SunnyDay|[upkeep]
|upkeep
|
|switch|p2a: Zacian|Zacian-Crowned|100/100
|-ability|p2a: Zacian|Intrepid Sword|boost
|-boost|p2a: Zacian|atk|1
|turn|8
|
|move|p2a: Zacian|Close Combat|p1a: Melmetal
|-supereffective|p1a: Melmetal
|-damage|p1a: Melmetal|25/100
|-unboost|p2a: Zacian|def|1
|-unboost|p2a: Zacian|spd|1
|move|p1a: Melmetal|Max Quake|p2a: Zacian
|-supereffective|p2a: Zacian
|-damage|p2a: Zacian|0 fnt
|-boost|p1a: Melmetal|spd|1
|faint|p2a: Zacian
|
|-weather|SunnyDay|[upkeep]
|-sideend|p1: AmazingMoOU|move: Aurora Veil
|upkeep
|
|switch|p2a: Darmanitan|Darmanitan-Galar, F|100/100
|turn|9
|
|move|p2a: Darmanitan|Earthquake|p1a: Melmetal
|-supereffective|p1a: Melmetal
|-damage|p1a: Melmetal|4/100
|move|p1a: Melmetal|Max Steelspike|p2a: Darmanitan
|-supereffective|p2a: Darmanitan
|-damage|p2a: Darmanitan|0 fnt
|-boost|p1a: Melmetal|def|1
|faint|p2a: Darmanitan
|
|-weather|SunnyDay|[upkeep]
|-end|p1a: Melmetal|Dynamax
|-heal|p1a: Melmetal|4/100|[silent]
|upkeep
|
|switch|p2a: Zekrom|Zekrom|100/100
|-ability|p2a: Zekrom|Teravolt
|turn|10
|
|move|p2a: Zekrom|Dragon Dance|p2a: Zekrom
|-boost|p2a: Zekrom|atk|1
|-boost|p2a: Zekrom|spe|1
|move|p1a: Melmetal|Earthquake|p2a: Zekrom
|-supereffective|p2a: Zekrom
|-damage|p2a: Zekrom|0 fnt
|faint|p2a: Zekrom
|
|-weather|SunnyDay|[upkeep]
|upkeep
|
|switch|p2a: Clefable|Clefable, F|100/100
|turn|11
|
|move|p2a: Clefable|Moonblast|p1a: Melmetal
|-resisted|p1a: Melmetal
|-damage|p1a: Melmetal|0 fnt
|faint|p1a: Melmetal
|
|-weather|none
|upkeep
|
|switch|p1a: Ninetales|Ninetales-Alola, F|89/100 brn
|-weather|Hail|[from] ability: Snow Warning|[of] p1a: Ninetales
|turn|12
|
|move|p1a: Ninetales|Aurora Veil|p1a: Ninetales
|-sidestart|p1: AmazingMoOU|move: Aurora Veil
|move|p2a: Clefable|Stealth Rock|p1a: Ninetales
|-sidestart|p1: AmazingMoOU|move: Stealth Rock
|
|-weather|Hail|[upkeep]
|-damage|p1a: Ninetales|83/100 brn|[from] brn
|upkeep
|turn|13
|
|switch|p2a: Lunala|Lunala|88/100
|move|p1a: Ninetales|Encore||[still]
|-fail|p1a: Ninetales
|
|-weather|Hail|[upkeep]
|-damage|p2a: Lunala|82/100|[from] Hail
|-damage|p1a: Ninetales|77/100 brn|[from] brn
|upkeep
|turn|14
|
|move|p1a: Ninetales|Safeguard|p1a: Ninetales
|-sidestart|p1: AmazingMoOU|Safeguard
|move|p2a: Lunala|Roost|p2a: Lunala
|-heal|p2a: Lunala|100/100
|-singleturn|p2a: Lunala|move: Roost
|
|-weather|Hail|[upkeep]
|-damage|p2a: Lunala|94/100|[from] Hail
|-damage|p1a: Ninetales|71/100 brn|[from] brn
|upkeep
|turn|15
|
|switch|p1a: Zacian|Zacian-Crowned|100/100
|-damage|p1a: Zacian|94/100|[from] Stealth Rock
|-ability|p1a: Zacian|Intrepid Sword|boost
|-boost|p1a: Zacian|atk|1
|move|p2a: Lunala|Defog|p1a: Zacian
|-unboost|p1a: Zacian|evasion|1
|-sideend|p1: AmazingMoOU|move: Aurora Veil
|-sideend|p1: AmazingMoOU|Safeguard
|-sideend|p1: AmazingMoOU|Stealth Rock|[from] move: Defog|[of] p2a: Lunala
|
|-weather|Hail|[upkeep]
|-damage|p1a: Zacian|88/100|[from] Hail
|-damage|p2a: Lunala|88/100|[from] Hail
|upkeep
|turn|16
|
|move|p1a: Zacian|Behemoth Blade|p2a: Lunala
|-damage|p2a: Lunala|27/100
|move|p2a: Lunala|Will-O-Wisp|p1a: Zacian
|-status|p1a: Zacian|brn
|
|-weather|none
|-damage|p1a: Zacian|82/100 brn|[from] brn
|upkeep
|turn|17
|
|move|p1a: Zacian|Behemoth Blade|p2a: Lunala
|-damage|p2a: Lunala|0 fnt
|faint|p2a: Lunala
|
|-damage|p1a: Zacian|76/100 brn|[from] brn
|upkeep
|
|switch|p2a: Clefable|Clefable, F|100/100
|turn|18
|
|move|p1a: Zacian|Behemoth Blade|p2a: Clefable
|-supereffective|p2a: Clefable
|-damage|p2a: Clefable|22/100
|move|p2a: Clefable|Soft-Boiled|p2a: Clefable
|-heal|p2a: Clefable|72/100
|
|-heal|p2a: Clefable|78/100|[from] item: Leftovers
|-damage|p1a: Zacian|70/100 brn|[from] brn
|upkeep
|turn|19
|
|move|p1a: Zacian|Behemoth Blade|p2a: Clefable
|-supereffective|p2a: Clefable
|-damage|p2a: Clefable|2/100
|move|p2a: Clefable|Soft-Boiled|p2a: Clefable
|-heal|p2a: Clefable|52/100
|
|-heal|p2a: Clefable|58/100|[from] item: Leftovers
|-damage|p1a: Zacian|64/100 brn|[from] brn
|upkeep
|turn|20
|
|move|p1a: Zacian|Behemoth Blade|p2a: Clefable
|-supereffective|p2a: Clefable
|-damage|p2a: Clefable|0 fnt
|faint|p2a: Clefable
|
|win|AmazingMoOU
