|j|☆Reeeee131
|j|☆TogeBirlHQ
|t:|1662395583
|gametype|singles
|player|p1|Reeeee131|101|1420
|player|p2|TogeBirlHQ|nate|1576
|teamsize|p1|6
|teamsize|p2|6
|gen|8
|tier|[Gen 8] Ubers
|rated|
|rule|Sleep Clause Mod: Limit one foe put to sleep
|rule|Species Clause: Limit one of each Pokémon
|rule|OHKO Clause: OHKO moves are banned
|rule|Evasion Items Clause: Evasion items are banned
|rule|Evasion Moves Clause: Evasion moves are banned
|rule|Endless Battle Clause: Forcing endless battles is banned
|rule|HP Percentage Mod: HP is shown in percentages
|rule|Dynamax Clause: You cannot dynamax
|clearpoke
|poke|p1|Shuckle, F|
|poke|p1|Zekrom|
|poke|p1|Calyrex-Shadow|
|poke|p1|Necrozma-Dusk-Mane|
|poke|p1|Groudon|
|poke|p1|Yveltal|
|poke|p2|Urshifu-*, M|
|poke|p2|Calyrex-Shadow|
|poke|p2|Eternatus|
|poke|p2|Necrozma-Dusk-Mane|
|poke|p2|Yveltal|
|poke|p2|Ho-Oh|
|teampreview
|inactive|Battle timer is ON: inactive players will automatically lose when time's up. (requested by Reeeee131)
|c|☆Reeeee131|glhf
|
|t:|1662395606
|start
|switch|p1a: Zekrom|Zekrom|100/100
|switch|p2a: Calyrex|Calyrex-Shadow|100/100
|-ability|p2a: Calyrex|As One
|-ability|p2a: Calyrex|Unnerve
|-ability|p1a: Zekrom|Teravolt
|turn|1
|
|t:|1662395619
|move|p2a: Calyrex|Astral Barrage|p1a: Zekrom
|-damage|p1a: Zekrom|0 fnt
|faint|p1a: Zekrom
|-ability|p2a: Calyrex|Grim Neigh|boost
|-boost|p2a: Calyrex|spa|1
|
|upkeep
|
|t:|1662395635
|switch|p1a: Calyrex|Calyrex-Shadow|100/100
|-ability|p1a: Calyrex|As One
|-ability|p1a: Calyrex|Unnerve
|turn|2
|
|t:|1662395638
|switch|p2a: Yveltal|Yveltal|100/100
|-ability|p2a: Yveltal|Dark Aura
|move|p1a: Calyrex|Astral Barrage|p2a: Yveltal
|-resisted|p2a: Yveltal
|-damage|p2a: Yveltal|73/100
|
|upkeep
|turn|3
|
|t:|1662395649
|switch|p1a: Shuckle|Shuckle, F|100/100
|move|p2a: Yveltal|U-turn|p1a: Shuckle
|-damage|p1a: Shuckle|89/100
|
|t:|1662395660
|switch|p2a: Calyrex|Calyrex-Shadow|100/100|[from]move: U-turn
|-ability|p2a: Calyrex|As One
|-ability|p2a: Calyrex|Unnerve
|
|upkeep
|turn|4
|
|t:|1662395669
|move|p2a: Calyrex|Astral Barrage|p1a: Shuckle
|-damage|p1a: Shuckle|5/100
|move|p1a: Shuckle|Sticky Web|p2a: Calyrex
|-sidestart|p2: TogeBirlHQ|move: Sticky Web
|
|upkeep
|turn|5
|
|t:|1662395676
|move|p2a: Calyrex|Astral Barrage|p1a: Shuckle
|-damage|p1a: Shuckle|0 fnt
|faint|p1a: Shuckle
|-ability|p2a: Calyrex|Grim Neigh|boost
|-boost|p2a: Calyrex|spa|1
|
|upkeep
|
|t:|1662395699
|switch|p1a: Yveltal|Yveltal|100/100
|-ability|p1a: Yveltal|Dark Aura
|turn|6
|
|t:|1662395724
|switch|p2a: Ho-Oh|Ho-Oh|100/100
|move|p1a: Yveltal|Dark Pulse|p2a: Ho-Oh
|-damage|p2a: Ho-Oh|59/100
|-damage|p1a: Yveltal|91/100|[from] item: Life Orb
|
|upkeep
|turn|7
|
|t:|1662395730
|move|p1a: Yveltal|Taunt|p2a: Ho-Oh
|-start|p2a: Ho-Oh|move: Taunt
|move|p2a: Ho-Oh|Sacred Fire|p1a: Yveltal
|-damage|p1a: Yveltal|45/100
|-status|p1a: Yveltal|brn
|
|-damage|p1a: Yveltal|39/100 brn|[from] brn
|upkeep
|turn|8
|
|t:|1662395742
|switch|p2a: Necrozma|Necrozma-Dusk-Mane|100/100
|-activate|p2a: Necrozma|move: Sticky Web
|-unboost|p2a: Necrozma|spe|1
|move|p1a: Yveltal|Dark Pulse|p2a: Necrozma
|-supereffective|p2a: Necrozma
|-damage|p2a: Necrozma|31/100
|-damage|p1a: Yveltal|29/100 brn|[from] item: Life Orb
|
|-heal|p2a: Necrozma|37/100|[from] item: Leftovers
|-damage|p1a: Yveltal|23/100 brn|[from] brn
|upkeep
|turn|9
|
|t:|1662395750
|move|p1a: Yveltal|Dark Pulse|p2a: Necrozma
|-supereffective|p2a: Necrozma
|-damage|p2a: Necrozma|0 fnt
|faint|p2a: Necrozma
|-damage|p1a: Yveltal|13/100 brn|[from] item: Life Orb
|
|-damage|p1a: Yveltal|7/100 brn|[from] brn
|upkeep
|
|t:|1662395755
|switch|p2a: Yveltal|Yveltal|73/100
|-ability|p2a: Yveltal|Dark Aura
|turn|10
|
|t:|1662395758
|move|p2a: Yveltal|U-turn|p1a: Yveltal
|-damage|p1a: Yveltal|0 fnt
|faint|p1a: Yveltal
|
|t:|1662395767
|switch|p2a: Calyrex|Calyrex-Shadow|100/100|[from]move: U-turn
|-ability|p2a: Calyrex|As One
|-ability|p2a: Calyrex|Unnerve
|-activate|p2a: Calyrex|move: Sticky Web
|-unboost|p2a: Calyrex|spe|1
|
|upkeep
|
|t:|1662395772
|switch|p1a: Calyrex|Calyrex-Shadow|100/100
|-ability|p1a: Calyrex|As One
|-ability|p1a: Calyrex|Unnerve
|turn|11
|
|t:|1662395777
|switch|p2a: Yveltal|Yveltal|73/100
|-ability|p2a: Yveltal|Dark Aura
|move|p1a: Calyrex|Astral Barrage|p2a: Yveltal
|-resisted|p2a: Yveltal
|-damage|p2a: Yveltal|50/100
|
|upkeep
|turn|12
|inactive|Reeeee131 has 120 seconds left.
|
|t:|1662395816
|switch|p1a: Groudon|Groudon|100/100
|-weather|SunnyDay|[from] ability: Drought|[of] p1a: Groudon
|move|p2a: Yveltal|Foul Play|p1a: Groudon
|-damage|p1a: Groudon|45/100
|
|-weather|SunnyDay|[upkeep]
|upkeep
|turn|13
|inactive|Reeeee131 has 120 seconds left.
|
|t:|1662395825
|move|p2a: Yveltal|Foul Play|p1a: Groudon
|-damage|p1a: Groudon|0 fnt
|faint|p1a: Groudon
|
|-weather|SunnyDay|[upkeep]
|upkeep
|
|t:|1662395827
|switch|p1a: Necrozma|Necrozma-Dusk-Mane|100/100
|turn|14
|
|t:|1662395838
|switch|p2a: Ho-Oh|Ho-Oh|92/100
|move|p1a: Necrozma|Stone Edge|p2a: Ho-Oh
|-supereffective|p2a: Ho-Oh
|-damage|p2a: Ho-Oh|0 fnt
|faint|p2a: Ho-Oh
|
|-weather|SunnyDay|[upkeep]
|upkeep
|
|t:|1662395849
|switch|p2a: Urshifu|Urshifu, M|100/100
|-activate|p2a: Urshifu|move: Sticky Web
|-unboost|p2a: Urshifu|spe|1
|turn|15
|inactive|Reeeee131 has 120 seconds left.
|
|t:|1662395888
|move|p1a: Necrozma|Sunsteel Strike|p2a: Urshifu
|-damage|p2a: Urshifu|41/100
|move|p2a: Urshifu|Wicked Blow|p1a: Necrozma
|-supereffective|p1a: Necrozma
|-crit|p1a: Necrozma
|-damage|p1a: Necrozma|0 fnt
|faint|p1a: Necrozma
|
|-weather|SunnyDay|[upkeep]
|upkeep
|
|t:|1662395895
|switch|p1a: Calyrex|Calyrex-Shadow|100/100
|-ability|p1a: Calyrex|As One
|-ability|p1a: Calyrex|Unnerve
|turn|16
|
|t:|1662395898
|move|p1a: Calyrex|Draining Kiss|p2a: Urshifu
|-supereffective|p2a: Urshifu
|-crit|p2a: Urshifu
|-damage|p2a: Urshifu|0 fnt
|faint|p2a: Urshifu
|-ability|p1a: Calyrex|Grim Neigh|boost
|-boost|p1a: Calyrex|spa|1
|
|-weather|none
|upkeep
|
|t:|1662395901
|switch|p2a: Yveltal|Yveltal|50/100
|-ability|p2a: Yveltal|Dark Aura
|turn|17
|inactive|Reeeee131 has 120 seconds left.
|
|t:|1662395930
|move|p2a: Yveltal|U-turn|p1a: Calyrex
|-damage|p1a: Calyrex|74/100
|
|t:|1662395933
|switch|p2a: Calyrex|Calyrex-Shadow|100/100|[from]move: U-turn
|-ability|p2a: Calyrex|As One
|-ability|p2a: Calyrex|Unnerve
|-activate|p2a: Calyrex|move: Sticky Web
|-unboost|p2a: Calyrex|spe|1
|move|p1a: Calyrex|Draining Kiss|p2a: Calyrex
|-damage|p2a: Calyrex|70/100
|-heal|p1a: Calyrex|97/100|[from] drain|[of] p2a: Calyrex
|
|upkeep
|turn|18
|inactive|Reeeee131 has 120 seconds left.
|
|t:|1662395969
|move|p1a: Calyrex|Astral Barrage|p2a: Calyrex
|-supereffective|p2a: Calyrex
|-damage|p2a: Calyrex|0 fnt
|faint|p2a: Calyrex
|-ability|p1a: Calyrex|Grim Neigh|boost
|-boost|p1a: Calyrex|spa|1
|
|upkeep
|
|t:|1662395975
|switch|p2a: Yveltal|Yveltal|50/100
|-ability|p2a: Yveltal|Dark Aura
|turn|19
|
|t:|1662395991
|move|p2a: Yveltal|Foul Play|p1a: Calyrex
|-supereffective|p1a: Calyrex
|-damage|p1a: Calyrex|0 fnt
|faint|p1a: Calyrex
|
|win|TogeBirlHQ
|raw|Reeeee131's rating: 1420 &rarr; <strong>1408</strong><br />(-12 for losing)
|raw|TogeBirlHQ's rating: 1576 &rarr; <strong>1588</strong><br />(+12 for winning)
|l|☆Reeeee131
