|j|☆Mrdarkcyber
|j|☆Pkmn3443
|t:|1633674865
|gametype|singles
|player|p1|Mrdarkcyber|170|1384
|player|p2|Pkmn3443|266|1511
|teamsize|p1|6
|teamsize|p2|6
|gen|8
|tier|[Gen 8] Ubers
|rated|
|rule|Sleep Clause Mod: Limit one foe put to sleep
|rule|Species Clause: Limit one of each Pokémon
|rule|OHKO Clause: OHKO moves are banned
|rule|Evasion Moves Clause: Evasion moves are banned
|rule|Endless Battle Clause: Forcing endless battles is banned
|rule|HP Percentage Mod: HP is shown in percentages
|rule|Dynamax Clause: You cannot dynamax
|clearpoke
|poke|p1|Xerneas-*|
|poke|p1|Tyranitar, F|
|poke|p1|Palkia|
|poke|p1|Excadrill, M|
|poke|p1|Necrozma-Dusk-Mane|
|poke|p1|Calyrex-Ice|
|poke|p2|Calyrex-Shadow|
|poke|p2|Necrozma-Dusk-Mane|
|poke|p2|Ho-Oh|
|poke|p2|Eternatus|
|poke|p2|Marshadow|
|poke|p2|Yveltal|
|teampreview
|inactive|Battle timer is ON: inactive players will automatically lose when time's up. (requested by Mrdarkcyber)
|inactive|Mrdarkcyber has 120 seconds left.
|
|t:|1633674904
|start
|switch|p1a: Palkia|Palkia|100/100
|switch|p2a: Calyrex|Calyrex-Shadow|100/100
|-ability|p2a: Calyrex|As One
|-ability|p2a: Calyrex|Unnerve
|-ability|p1a: Palkia|Pressure
|turn|1
|
|t:|1633674908
|switch|p1a: Tyranitar|Tyranitar, F|100/100
|-weather|Sandstorm|[from] ability: Sand Stream|[of] p1a: Tyranitar
|move|p2a: Calyrex|Astral Barrage|p1a: Tyranitar
|-resisted|p1a: Tyranitar
|-damage|p1a: Tyranitar|84/100
|
|-weather|Sandstorm|[upkeep]
|-damage|p2a: Calyrex|94/100|[from] Sandstorm
|upkeep
|turn|2
|
|t:|1633674914
|switch|p2a: Eternatus|Eternatus|100/100
|-ability|p2a: Eternatus|Pressure
|move|p1a: Tyranitar|Thunder Wave|p2a: Eternatus
|-status|p2a: Eternatus|par
|
|-weather|Sandstorm|[upkeep]
|-damage|p2a: Eternatus|94/100 par|[from] Sandstorm
|-heal|p2a: Eternatus|100/100 par|[from] item: Black Sludge
|upkeep
|turn|3
|
|t:|1633674920
|move|p1a: Tyranitar|Stealth Rock|p2a: Eternatus
|-sidestart|p2: Pkmn3443|move: Stealth Rock
|move|p2a: Eternatus|Toxic|p1a: Tyranitar
|-status|p1a: Tyranitar|tox
|
|-weather|Sandstorm|[upkeep]
|-damage|p2a: Eternatus|94/100 par|[from] Sandstorm
|-heal|p2a: Eternatus|100/100 par|[from] item: Black Sludge
|-damage|p1a: Tyranitar|78/100 tox|[from] psn
|upkeep
|turn|4
|
|t:|1633674934
|switch|p1a: Excadrill|Excadrill, M|100/100
|move|p2a: Eternatus|Dynamax Cannon|p1a: Excadrill
|-resisted|p1a: Excadrill
|-damage|p1a: Excadrill|68/100
|
|-weather|Sandstorm|[upkeep]
|-damage|p2a: Eternatus|94/100 par|[from] Sandstorm
|-heal|p2a: Eternatus|100/100 par|[from] item: Black Sludge
|upkeep
|turn|5
|
|t:|1633674941
|move|p1a: Excadrill|Earthquake|p2a: Eternatus
|-supereffective|p2a: Eternatus
|-damage|p2a: Eternatus|0 fnt
|faint|p2a: Eternatus
|-damage|p1a: Excadrill|58/100|[from] item: Life Orb
|
|-weather|Sandstorm|[upkeep]
|upkeep
|
|t:|1633674948
|switch|p2a: Necrozma|Necrozma-Dusk-Mane|100/100
|-damage|p2a: Necrozma|94/100|[from] Stealth Rock
|turn|6
|
|t:|1633674969
|move|p1a: Excadrill|Earthquake|p2a: Necrozma
|-supereffective|p2a: Necrozma
|-damage|p2a: Necrozma|37/100
|-damage|p1a: Excadrill|48/100|[from] item: Life Orb
|move|p2a: Necrozma|Knock Off|p1a: Excadrill
|-damage|p1a: Excadrill|3/100
|-enditem|p1a: Excadrill|Life Orb|[from] move: Knock Off|[of] p2a: Necrozma
|
|-weather|Sandstorm|[upkeep]
|upkeep
|turn|7
|
|t:|1633674973
|move|p1a: Excadrill|Earthquake|p2a: Necrozma
|-supereffective|p2a: Necrozma
|-damage|p2a: Necrozma|0 fnt
|faint|p2a: Necrozma
|
|-weather|Sandstorm|[upkeep]
|upkeep
|
|t:|1633674977
|switch|p2a: Calyrex|Calyrex-Shadow|94/100
|-ability|p2a: Calyrex|As One
|-ability|p2a: Calyrex|Unnerve
|-damage|p2a: Calyrex|82/100|[from] Stealth Rock
|turn|8
|
|t:|1633674980
|switch|p1a: Tyranitar|Tyranitar, F|78/100 tox
|move|p2a: Calyrex|Trick|p1a: Tyranitar
|-activate|p2a: Calyrex|move: Trick|[of] p1a: Tyranitar
|-item|p1a: Tyranitar|Choice Scarf|[from] move: Trick
|-item|p2a: Calyrex|Smooth Rock|[from] move: Trick
|
|-weather|none
|-damage|p1a: Tyranitar|72/100 tox|[from] psn
|upkeep
|turn|9
|
|t:|1633674992
|switch|p2a: Marshadow|Marshadow|100/100
|-damage|p2a: Marshadow|94/100|[from] Stealth Rock
|move|p1a: Tyranitar|Foul Play|p2a: Marshadow
|-damage|p2a: Marshadow|31/100
|
|-damage|p1a: Tyranitar|59/100 tox|[from] psn
|upkeep
|turn|10
|
|t:|1633675012
|move|p2a: Marshadow|Close Combat|p1a: Tyranitar
|-supereffective|p1a: Tyranitar
|-damage|p1a: Tyranitar|0 fnt
|-unboost|p2a: Marshadow|def|1
|-unboost|p2a: Marshadow|spd|1
|faint|p1a: Tyranitar
|
|upkeep
|inactive|Mrdarkcyber has 120 seconds left.
|
|t:|1633675037
|switch|p1a: Palkia|Palkia|100/100
|-ability|p1a: Palkia|Pressure
|turn|11
|
|t:|1633675043
|move|p2a: Marshadow|Close Combat|p1a: Palkia
|-damage|p1a: Palkia|0 fnt
|-unboost|p2a: Marshadow|def|1
|-unboost|p2a: Marshadow|spd|1
|faint|p1a: Palkia
|
|upkeep
|
|t:|1633675051
|switch|p1a: Necrozma|Necrozma-Dusk-Mane|100/100
|turn|12
|
|t:|1633675065
|switch|p2a: Ho-Oh|Ho-Oh|100/100
|move|p1a: Necrozma|Photon Geyser|p2a: Ho-Oh
|-damage|p2a: Ho-Oh|53/100
|
|upkeep
|turn|13
|inactive|Mrdarkcyber has 120 seconds left.
|
|t:|1633675090
|switch|p1a: Excadrill|Excadrill, M|3/100
|move|p2a: Ho-Oh|Sacred Fire|p1a: Excadrill
|-supereffective|p1a: Excadrill
|-damage|p1a: Excadrill|0 fnt
|faint|p1a: Excadrill
|
|upkeep
|
|t:|1633675097
|switch|p1a: Calyrex|Calyrex-Ice|100/100
|-ability|p1a: Calyrex|As One
|-ability|p1a: Calyrex|Unnerve
|turn|14
|
|t:|1633675102
|move|p2a: Ho-Oh|Sacred Fire|p1a: Calyrex
|-supereffective|p1a: Calyrex
|-damage|p1a: Calyrex|49/100
|move|p1a: Calyrex|Glacial Lance|p2a: Ho-Oh
|-damage|p2a: Ho-Oh|0 fnt
|faint|p2a: Ho-Oh
|-ability|p1a: Calyrex|Chilling Neigh|boost
|-boost|p1a: Calyrex|atk|1
|
|upkeep
|
|t:|1633675106
|switch|p2a: Calyrex|Calyrex-Shadow|82/100
|-ability|p2a: Calyrex|As One
|-ability|p2a: Calyrex|Unnerve
|-damage|p2a: Calyrex|70/100|[from] Stealth Rock
|turn|15
|
|t:|1633675117
|move|p2a: Calyrex|Astral Barrage|p1a: Calyrex
|-supereffective|p1a: Calyrex
|-damage|p1a: Calyrex|0 fnt
|faint|p1a: Calyrex
|-ability|p2a: Calyrex|Grim Neigh|boost
|-boost|p2a: Calyrex|spa|1
|
|upkeep
|
|t:|1633675118
|switch|p1a: Xerneas|Xerneas|100/100
|-ability|p1a: Xerneas|Fairy Aura
|turn|16
|
|t:|1633675126
|move|p2a: Calyrex|Astral Barrage|p1a: Xerneas
|-damage|p1a: Xerneas|0 fnt
|faint|p1a: Xerneas
|-ability|p2a: Calyrex|Grim Neigh|boost
|-boost|p2a: Calyrex|spa|1
|
|upkeep
|l|☆Mrdarkcyber
|inactive|Mrdarkcyber disconnected and has a minute to reconnect!
|player|p1|
|inactive|Mrdarkcyber has 30 seconds to reconnect!
|inactive|Mrdarkcyber has 20 seconds to reconnect!
|inactive|Mrdarkcyber has 15 seconds to reconnect!
|inactive|Mrdarkcyber has 10 seconds to reconnect!
|inactive|Mrdarkcyber has 5 seconds to reconnect!
|-message|Mrdarkcyber lost due to inactivity.
|
|win|Pkmn3443
|raw|Mrdarkcyber's rating: 1384 &rarr; <strong>1371</strong><br />(-13 for losing)
|raw|Pkmn3443's rating: 1511 &rarr; <strong>1524</strong><br />(+13 for winning)
