|j|☆Mylorei
|j|☆Cecy787
|t:|1665353235
|gametype|singles
|player|p1|Mylorei|unknown|1210
|player|p2|Cecy787|giovanni|1409
|teamsize|p1|6
|teamsize|p2|6
|gen|8
|tier|[Gen 8] Ubers
|rated|
|rule|Sleep Clause Mod: Limit one foe put to sleep
|rule|Species Clause: Limit one of each Pokémon
|rule|OHKO Clause: OHKO moves are banned
|rule|Evasion Items Clause: Evasion items are banned
|rule|Evasion Moves Clause: Evasion moves are banned
|rule|Endless Battle Clause: Forcing endless battles is banned
|rule|HP Percentage Mod: HP is shown in percentages
|rule|Dynamax Clause: You cannot dynamax
|clearpoke
|poke|p1|Landorus, M|
|poke|p1|Marshadow|
|poke|p1|Eternatus|
|poke|p1|Yveltal|
|poke|p1|Calyrex-Shadow|
|poke|p1|Xerneas-*|
|poke|p2|Calyrex-Shadow|
|poke|p2|Yveltal|
|poke|p2|Necrozma-Dusk-Mane|
|poke|p2|Eternatus|
|poke|p2|Darmanitan-Galar, M|
|poke|p2|Groudon|
|teampreview
|inactive|Battle timer is ON: inactive players will automatically lose when time's up. (requested by Cecy787)
|inactive|Cecy787 has 120 seconds left.
|inactive|Cecy787 has 90 seconds left.
|inactive|Cecy787 has 60 seconds left.
|
|t:|1665353346
|start
|switch|p1a: Eternatus|Eternatus|100/100
|switch|p2a: Darmanitan|Darmanitan-Galar, M|100/100
|-ability|p1a: Eternatus|Pressure
|turn|1
|
|t:|1665353363
|move|p1a: Eternatus|Flamethrower|p2a: Darmanitan
|-supereffective|p2a: Darmanitan
|-damage|p2a: Darmanitan|0 fnt
|faint|p2a: Darmanitan
|-damage|p1a: Eternatus|91/100|[from] item: Life Orb
|
|upkeep
|
|t:|1665353369
|switch|p2a: Calyrex|Calyrex-Shadow|100/100
|-ability|p2a: Calyrex|As One
|-ability|p2a: Calyrex|Unnerve
|turn|2
|
|t:|1665353376
|move|p2a: Calyrex|Draining Kiss|p1a: Eternatus
|-damage|p1a: Eternatus|64/100
|move|p1a: Eternatus|Shadow Ball|p2a: Calyrex
|-supereffective|p2a: Calyrex
|-damage|p2a: Calyrex|0 fnt
|faint|p2a: Calyrex
|-damage|p1a: Eternatus|54/100|[from] item: Life Orb
|
|upkeep
|
|t:|1665353391
|switch|p2a: Groudon|Groudon|100/100
|-weather|SunnyDay|[from] ability: Drought|[of] p2a: Groudon
|turn|3
|
|t:|1665353407
|switch|p1a: Yveltal|Yveltal|100/100
|-ability|p1a: Yveltal|Dark Aura
|move|p2a: Groudon|Thunder Wave|p1a: Yveltal
|-status|p1a: Yveltal|par
|
|-weather|SunnyDay|[upkeep]
|upkeep
|turn|4
|
|t:|1665353420
|move|p1a: Yveltal|Sucker Punch|p2a: Groudon
|-damage|p2a: Groudon|77/100
|-damage|p1a: Yveltal|91/100 par|[from] item: Life Orb
|move|p2a: Groudon|Rock Slide|p1a: Yveltal
|-supereffective|p1a: Yveltal
|-damage|p1a: Yveltal|44/100 par
|
|-weather|SunnyDay|[upkeep]
|-heal|p2a: Groudon|83/100|[from] item: Leftovers
|upkeep
|turn|5
|
|t:|1665353431
|move|p2a: Groudon|Stealth Rock|p1a: Yveltal
|-sidestart|p1: Mylorei|move: Stealth Rock
|move|p1a: Yveltal|Oblivion Wing|p2a: Groudon
|-damage|p2a: Groudon|32/100
|-heal|p1a: Yveltal|83/100 par|[from] drain|[of] p2a: Groudon
|-damage|p1a: Yveltal|73/100 par|[from] item: Life Orb
|
|-weather|SunnyDay|[upkeep]
|-heal|p2a: Groudon|38/100|[from] item: Leftovers
|upkeep
|turn|6
|inactive|Cecy787 has 120 seconds left.
|
|t:|1665353446
|move|p2a: Groudon|Rock Slide|p1a: Yveltal|[miss]
|-miss|p2a: Groudon|p1a: Yveltal
|move|p1a: Yveltal|Oblivion Wing|p2a: Groudon
|-damage|p2a: Groudon|0 fnt
|-heal|p1a: Yveltal|100/100 par|[from] drain|[of] p2a: Groudon
|faint|p2a: Groudon
|-damage|p1a: Yveltal|91/100 par|[from] item: Life Orb
|
|-weather|SunnyDay|[upkeep]
|upkeep
|c|☆Cecy787|wow makes sense smh
|inactive|Cecy787 has 90 seconds left.
|
|t:|1665353476
|switch|p2a: Eternatus|Eternatus|100/100
|-ability|p2a: Eternatus|Pressure
|turn|7
|
|t:|1665353495
|move|p1a: Yveltal|Sucker Punch|p2a: Eternatus
|-damage|p2a: Eternatus|57/100
|-damage|p1a: Yveltal|81/100 par|[from] item: Life Orb
|move|p2a: Eternatus|Mystical Fire|p1a: Yveltal
|-damage|p1a: Yveltal|47/100 par
|-unboost|p1a: Yveltal|spa|1
|
|-weather|none
|-heal|p2a: Eternatus|63/100|[from] item: Black Sludge
|upkeep
|turn|8
|
|t:|1665353509
|move|p2a: Eternatus|Recover|p2a: Eternatus
|-heal|p2a: Eternatus|100/100
|move|p1a: Yveltal|Oblivion Wing|p2a: Eternatus
|-damage|p2a: Eternatus|76/100
|-heal|p1a: Yveltal|69/100 par|[from] drain|[of] p2a: Eternatus
|-damage|p1a: Yveltal|59/100 par|[from] item: Life Orb
|
|-heal|p2a: Eternatus|82/100|[from] item: Black Sludge
|upkeep
|turn|9
|
|t:|1665353520
|move|p2a: Eternatus|Dynamax Cannon|p1a: Yveltal
|-damage|p1a: Yveltal|16/100 par
|move|p1a: Yveltal|Oblivion Wing|p2a: Eternatus
|-damage|p2a: Eternatus|60/100
|-heal|p1a: Yveltal|36/100 par|[from] drain|[of] p2a: Eternatus
|-damage|p1a: Yveltal|26/100 par|[from] item: Life Orb
|
|-heal|p2a: Eternatus|66/100|[from] item: Black Sludge
|upkeep
|turn|10
|
|t:|1665353532
|move|p2a: Eternatus|Recover|p2a: Eternatus
|-heal|p2a: Eternatus|100/100
|move|p1a: Yveltal|Oblivion Wing|p2a: Eternatus
|-damage|p2a: Eternatus|75/100
|-heal|p1a: Yveltal|49/100 par|[from] drain|[of] p2a: Eternatus
|-damage|p1a: Yveltal|39/100 par|[from] item: Life Orb
|
|-heal|p2a: Eternatus|81/100|[from] item: Black Sludge
|upkeep
|turn|11
|
|t:|1665353544
|move|p2a: Eternatus|Mystical Fire|p1a: Yveltal
|-damage|p1a: Yveltal|18/100 par
|-unboost|p1a: Yveltal|spa|1
|cant|p1a: Yveltal|par
|
|-heal|p2a: Eternatus|87/100|[from] item: Black Sludge
|upkeep
|turn|12
|
|t:|1665353554
|move|p2a: Eternatus|Recover|p2a: Eternatus
|-heal|p2a: Eternatus|100/100
|move|p1a: Yveltal|Taunt|p2a: Eternatus
|-start|p2a: Eternatus|move: Taunt
|
|upkeep
|turn|13
|
|t:|1665353561
|move|p2a: Eternatus|Mystical Fire|p1a: Yveltal
|-damage|p1a: Yveltal|0 fnt
|faint|p1a: Yveltal
|
|upkeep
|
|t:|1665353567
|switch|p1a: Landorus|Landorus, M|100/100
|-damage|p1a: Landorus|88/100|[from] Stealth Rock
|turn|14
|
|t:|1665353576
|switch|p2a: Yveltal|Yveltal|100/100
|-ability|p2a: Yveltal|Dark Aura
|move|p1a: Landorus|Earthquake|p2a: Yveltal
|-immune|p2a: Yveltal
|
|-heal|p1a: Landorus|94/100|[from] item: Leftovers
|upkeep
|turn|15
|
|t:|1665353587
|move|p1a: Landorus|U-turn|p2a: Yveltal
|-damage|p2a: Yveltal|78/100
|
|t:|1665353594
|switch|p1a: Xerneas|Xerneas, shiny|100/100|[from]move: U-turn
|-damage|p1a: Xerneas|88/100|[from] Stealth Rock
|-ability|p1a: Xerneas|Fairy Aura
|move|p2a: Yveltal|Knock Off|p1a: Xerneas
|-resisted|p1a: Xerneas
|-damage|p1a: Xerneas|63/100
|-enditem|p1a: Xerneas|Power Herb|[from] move: Knock Off|[of] p2a: Yveltal
|
|upkeep
|turn|16
|
|t:|1665353605
|switch|p2a: Necrozma|Necrozma-Dusk-Mane|100/100
|move|p1a: Xerneas|Geomancy||[still]
|-prepare|p1a: Xerneas|Geomancy
|
|upkeep
|turn|17
|
|t:|1665353613
|move|p1a: Xerneas|Geomancy|p1a: Xerneas|[from]lockedmove
|-boost|p1a: Xerneas|spa|2
|-boost|p1a: Xerneas|spd|2
|-boost|p1a: Xerneas|spe|2
|move|p2a: Necrozma|Sunsteel Strike|p1a: Xerneas
|-supereffective|p1a: Xerneas
|-damage|p1a: Xerneas|0 fnt
|faint|p1a: Xerneas
|
|upkeep
|
|t:|1665353623
|switch|p1a: Eternatus|Eternatus|54/100
|-damage|p1a: Eternatus|42/100|[from] Stealth Rock
|-ability|p1a: Eternatus|Pressure
|turn|18
|
|t:|1665353638
|switch|p2a: Yveltal|Yveltal|78/100
|-ability|p2a: Yveltal|Dark Aura
|move|p1a: Eternatus|Flamethrower|p2a: Yveltal
|-damage|p2a: Yveltal|47/100
|-damage|p1a: Eternatus|32/100|[from] item: Life Orb
|
|upkeep
|turn|19
|
|t:|1665353652
|switch|p2a: Eternatus|Eternatus|100/100
|-ability|p2a: Eternatus|Pressure
|move|p1a: Eternatus|Dynamax Cannon|p2a: Eternatus
|-supereffective|p2a: Eternatus
|-damage|p2a: Eternatus|5/100
|-damage|p1a: Eternatus|22/100|[from] item: Life Orb
|
|-heal|p2a: Eternatus|12/100|[from] item: Black Sludge
|upkeep
|turn|20
|
|t:|1665353664
|move|p1a: Eternatus|Dynamax Cannon|p2a: Eternatus
|-supereffective|p2a: Eternatus
|-damage|p2a: Eternatus|0 fnt
|faint|p2a: Eternatus
|-damage|p1a: Eternatus|12/100|[from] item: Life Orb
|
|upkeep
|
|t:|1665353674
|switch|p2a: Necrozma|Necrozma-Dusk-Mane|100/100
|turn|21
|
|t:|1665353679
|move|p1a: Eternatus|Flamethrower|p2a: Necrozma
|-supereffective|p2a: Necrozma
|-damage|p2a: Necrozma|35/100
|-status|p2a: Necrozma|brn
|-damage|p1a: Eternatus|2/100|[from] item: Life Orb
|move|p2a: Necrozma|Dragon Dance|p2a: Necrozma
|-boost|p2a: Necrozma|atk|1
|-boost|p2a: Necrozma|spe|1
|
|-heal|p2a: Necrozma|41/100 brn|[from] item: Leftovers
|-damage|p2a: Necrozma|35/100 brn|[from] brn
|upkeep
|turn|22
|c|☆Cecy787|so gay fuck that
|n|‽Cecy787|cecy787
|c|&|/log Cecy787 was locked from talking by Artemis (☆Cecy787: so gay fuck that)
|c|&|/raw <small>This action was done automatically. Want to learn more about the AI? <a href="https://www.smogon.com/forums/threads/3570628/#post-9056769">Visit the information thread</a>.</small>
|-message|Cecy787 forfeited.
|
|win|Mylorei
|raw|Mylorei's rating: 1210 &rarr; <strong>1248</strong><br />(+38 for winning)
|raw|Cecy787's rating: 1409 &rarr; <strong>1379</strong><br />(-30 for losing)
|l|‽Cecy787
||Ladder isn't responding, score probably updated but might not have (Request timeout).
