|j|☆neptune732
|j|☆senor totor
|t:|1638585783
|gametype|singles
|player|p1|neptune732|170|1490
|player|p2|senor totor|policeman-gen4|1481
|teamsize|p1|6
|teamsize|p2|6
|gen|8
|tier|[Gen 8] Ubers
|rated|
|rule|Sleep Clause Mod: Limit one foe put to sleep
|rule|Species Clause: Limit one of each Pokémon
|rule|OHKO Clause: OHKO moves are banned
|rule|Evasion Moves Clause: Evasion moves are banned
|rule|Endless Battle Clause: Forcing endless battles is banned
|rule|HP Percentage Mod: HP is shown in percentages
|rule|Dynamax Clause: You cannot dynamax
|clearpoke
|poke|p1|Necrozma-Dusk-Mane|
|poke|p1|Kyogre|
|poke|p1|Palkia|
|poke|p1|Calyrex-Ice|
|poke|p1|Hatterene, F|
|poke|p1|Porygon2|
|poke|p2|Ho-Oh|
|poke|p2|Yveltal|
|poke|p2|Eternatus|
|poke|p2|Necrozma-Dusk-Mane|
|poke|p2|Groudon|
|poke|p2|Calyrex-Shadow|
|teampreview
|
|t:|1638585806
|start
|switch|p1a: Hatterene|Hatterene, F|100/100
|switch|p2a: Groudon|Groudon|100/100
|-weather|SunnyDay|[from] ability: Drought|[of] p2a: Groudon
|turn|1
|inactive|Battle timer is ON: inactive players will automatically lose when time's up. (requested by neptune732)
|
|t:|1638585813
|move|p2a: Groudon|Stealth Rock|p1a: Hatterene
|move|p1a: Hatterene|Stealth Rock|p2a: Groudon|[from]ability: Magic Bounce
|-sidestart|p2: senor totor|move: Stealth Rock
|move|p1a: Hatterene|Trick Room|p1a: Hatterene
|-fieldstart|move: Trick Room|[of] p1a: Hatterene
|
|-weather|SunnyDay|[upkeep]
|upkeep
|turn|2
|
|t:|1638585820
|move|p1a: Hatterene|Future Sight|p2a: Groudon
|-start|p1a: Hatterene|move: Future Sight
|move|p2a: Groudon|Precipice Blades|p1a: Hatterene
|-damage|p1a: Hatterene|23/100
|
|-weather|SunnyDay|[upkeep]
|upkeep
|turn|3
|
|t:|1638585826
|move|p1a: Hatterene|Healing Wish|p1a: Hatterene
|faint|p1a: Hatterene
|move|p2a: Groudon|Precipice Blades|p1: Hatterene|[notarget]
|-fail|p2a: Groudon
|
|-weather|SunnyDay|[upkeep]
|upkeep
|
|t:|1638585831
|switch|p1a: Kyogre|Kyogre|100/100
|-weather|RainDance|[from] ability: Drizzle|[of] p1a: Kyogre
|turn|4
|
|t:|1638585837
|switch|p2a: Eternatus|Eternatus|100/100
|-damage|p2a: Eternatus|88/100|[from] Stealth Rock
|-ability|p2a: Eternatus|Pressure
|move|p1a: Kyogre|Water Spout|p2a: Eternatus
|-resisted|p2a: Eternatus
|-damage|p2a: Eternatus|18/100
|-enditem|p2a: Eternatus|Sitrus Berry|[eat]
|-heal|p2a: Eternatus|43/100|[from] item: Sitrus Berry
|
|-weather|RainDance|[upkeep]
|-end|p2a: Eternatus|move: Future Sight
|-supereffective|p2a: Eternatus
|-damage|p2a: Eternatus|0 fnt
|faint|p2a: Eternatus
|upkeep
|
|t:|1638585851
|switch|p2a: Groudon|Groudon|100/100
|-damage|p2a: Groudon|94/100|[from] Stealth Rock
|-weather|SunnyDay|[from] ability: Drought|[of] p2a: Groudon
|turn|5
|
|t:|1638585860
|move|p1a: Kyogre|Water Spout|p2a: Groudon
|-supereffective|p2a: Groudon
|-damage|p2a: Groudon|0 fnt
|faint|p2a: Groudon
|
|-weather|SunnyDay|[upkeep]
|-fieldend|move: Trick Room
|upkeep
|
|t:|1638585867
|switch|p2a: Ho-Oh|Ho-Oh|100/100
|turn|6
|
|t:|1638585876
|switch|p1a: Porygon2|Porygon2|100/100
|move|p2a: Ho-Oh|Thunder Wave|p1a: Porygon2
|-status|p1a: Porygon2|par
|
|-weather|SunnyDay|[upkeep]
|upkeep
|turn|7
|
|t:|1638585883
|move|p2a: Ho-Oh|Defog|p1a: Porygon2
|-unboost|p1a: Porygon2|evasion|1
|-sideend|p2: senor totor|Stealth Rock|[from] move: Defog|[of] p2a: Ho-Oh
|cant|p1a: Porygon2|par
|
|-weather|SunnyDay|[upkeep]
|upkeep
|turn|8
|
|t:|1638585889
|switch|p2a: Necrozma|Necrozma-Dusk-Mane|100/100
|cant|p1a: Porygon2|par
|
|-weather|SunnyDay|[upkeep]
|upkeep
|turn|9
|
|t:|1638585896
|move|p2a: Necrozma|Dragon Dance|p2a: Necrozma
|-boost|p2a: Necrozma|atk|1
|-boost|p2a: Necrozma|spe|1
|move|p1a: Porygon2|Trick Room|p1a: Porygon2
|-fieldstart|move: Trick Room|[of] p1a: Porygon2
|
|-weather|none
|upkeep
|turn|10
|
|t:|1638585907
|switch|p1a: Kyogre|Kyogre|100/100
|-weather|RainDance|[from] ability: Drizzle|[of] p1a: Kyogre
|move|p2a: Necrozma|Knock Off|p1a: Kyogre
|-damage|p1a: Kyogre|37/100
|-enditem|p1a: Kyogre|Choice Specs|[from] move: Knock Off|[of] p2a: Necrozma
|
|-weather|RainDance|[upkeep]
|upkeep
|turn|11
|
|t:|1638585919
|move|p1a: Kyogre|Origin Pulse|p2a: Necrozma|[miss]
|-miss|p1a: Kyogre|p2a: Necrozma
|move|p2a: Necrozma|Knock Off|p1a: Kyogre
|-damage|p1a: Kyogre|1/100
|
|-weather|RainDance|[upkeep]
|upkeep
|turn|12
|
|t:|1638585925
|move|p1a: Kyogre|Origin Pulse|p2a: Necrozma|[miss]
|-miss|p1a: Kyogre|p2a: Necrozma
|move|p2a: Necrozma|Knock Off|p1a: Kyogre
|-damage|p1a: Kyogre|0 fnt
|faint|p1a: Kyogre
|
|-weather|RainDance|[upkeep]
|upkeep
|
|t:|1638585933
|switch|p1a: Palkia|Palkia|100/100
|-ability|p1a: Palkia|Pressure
|turn|13
|
|t:|1638585939
|move|p1a: Palkia|Hydro Pump|p2a: Necrozma
|-crit|p2a: Necrozma
|-damage|p2a: Necrozma|0 fnt
|faint|p2a: Necrozma
|
|-weather|RainDance|[upkeep]
|-fieldend|move: Trick Room
|upkeep
|
|t:|1638585945
|switch|p2a: Yveltal|Yveltal|100/100
|-ability|p2a: Yveltal|Dark Aura
|turn|14
|
|t:|1638585950
|move|p2a: Yveltal|Taunt|p1a: Palkia
|-start|p1a: Palkia|move: Taunt
|cant|p1a: Palkia|move: Taunt|Trick Room
|
|-weather|none
|upkeep
|turn|15
|
|t:|1638585965
|move|p2a: Yveltal|Knock Off|p1a: Palkia
|-damage|p1a: Palkia|50/100
|-enditem|p1a: Palkia|Lustrous Orb|[from] move: Knock Off|[of] p2a: Yveltal
|move|p1a: Palkia|Draco Meteor|p2a: Yveltal
|-damage|p2a: Yveltal|34/100
|-unboost|p1a: Palkia|spa|2
|
|upkeep
|turn|16
|
|t:|1638585983
|switch|p1a: Porygon2|Porygon2|100/100 par
|-heal|p1a: Porygon2|100/100|[from] move: Healing Wish
|move|p2a: Yveltal|Roost|p2a: Yveltal
|-heal|p2a: Yveltal|84/100
|-singleturn|p2a: Yveltal|move: Roost
|
|upkeep
|turn|17
|
|t:|1638586011
|move|p2a: Yveltal|Taunt|p1a: Porygon2
|-start|p1a: Porygon2|move: Taunt
|move|p1a: Porygon2|Foul Play|p2a: Yveltal
|-resisted|p2a: Yveltal
|-damage|p2a: Yveltal|64/100
|
|upkeep
|turn|18
|
|t:|1638586021
|switch|p1a: Palkia|Palkia|50/100
|-ability|p1a: Palkia|Pressure
|move|p2a: Yveltal|Knock Off|p1a: Palkia
|-damage|p1a: Palkia|17/100
|
|upkeep
|turn|19
|
|t:|1638586031
|move|p2a: Yveltal|Knock Off|p1a: Palkia
|-damage|p1a: Palkia|0 fnt
|faint|p1a: Palkia
|
|upkeep
|
|t:|1638586035
|switch|p1a: Necrozma|Necrozma-Dusk-Mane|100/100
|turn|20
|
|t:|1638586039
|move|p2a: Yveltal|Taunt|p1a: Necrozma
|-start|p1a: Necrozma|move: Taunt
|move|p1a: Necrozma|Sunsteel Strike|p2a: Yveltal
|-damage|p2a: Yveltal|9/100
|
|upkeep
|turn|21
|
|t:|1638586054
|switch|p2a: Ho-Oh|Ho-Oh|100/100
|move|p1a: Necrozma|Sunsteel Strike|p2a: Ho-Oh
|-resisted|p2a: Ho-Oh
|-damage|p2a: Ho-Oh|78/100
|
|upkeep
|turn|22
|
|t:|1638586062
|switch|p1a: Porygon2|Porygon2|100/100
|move|p2a: Ho-Oh|Sacred Fire|p1a: Porygon2
|-damage|p1a: Porygon2|81/100
|
|upkeep
|turn|23
|
|t:|1638586072
|move|p2a: Ho-Oh|Sacred Fire|p1a: Porygon2
|-damage|p1a: Porygon2|61/100
|-status|p1a: Porygon2|brn
|move|p1a: Porygon2|Trick Room|p1a: Porygon2
|-fieldstart|move: Trick Room|[of] p1a: Porygon2
|
|-damage|p1a: Porygon2|54/100 brn|[from] brn
|upkeep
|turn|24
|
|t:|1638586080
|move|p2a: Ho-Oh|Thunder Wave||[still]
|-fail|p2a: Ho-Oh
|move|p1a: Porygon2|Teleport|p1a: Porygon2
|
|t:|1638586084
|switch|p1a: Calyrex|Calyrex-Ice|100/100|[from]move: Teleport
|-ability|p1a: Calyrex|As One
|-ability|p1a: Calyrex|Unnerve
|
|upkeep
|turn|25
|
|t:|1638586093
|move|p1a: Calyrex|Glacial Lance|p2a: Ho-Oh
|-damage|p2a: Ho-Oh|2/100
|-damage|p1a: Calyrex|91/100|[from] item: Life Orb
|move|p2a: Ho-Oh|Thunder Wave|p1a: Calyrex
|-status|p1a: Calyrex|par
|
|upkeep
|turn|26
|
|t:|1638586105
|switch|p2a: Yveltal|Yveltal|9/100
|-ability|p2a: Yveltal|Dark Aura
|move|p1a: Calyrex|Glacial Lance|p2a: Yveltal
|-supereffective|p2a: Yveltal
|-damage|p2a: Yveltal|0 fnt
|faint|p2a: Yveltal
|-ability|p1a: Calyrex|Chilling Neigh|boost
|-boost|p1a: Calyrex|atk|1
|-damage|p1a: Calyrex|81/100 par|[from] item: Life Orb
|
|upkeep
|
|t:|1638586116
|switch|p2a: Ho-Oh|Ho-Oh|36/100
|turn|27
|
|t:|1638586120
|move|p1a: Calyrex|Glacial Lance|p2a: Ho-Oh
|-damage|p2a: Ho-Oh|0 fnt
|faint|p2a: Ho-Oh
|-ability|p1a: Calyrex|Chilling Neigh|boost
|-boost|p1a: Calyrex|atk|1
|-damage|p1a: Calyrex|71/100 par|[from] item: Life Orb
|
|-fieldend|move: Trick Room
|upkeep
|
|t:|1638586127
|switch|p2a: Calyrex|Calyrex-Shadow|100/100
|-ability|p2a: Calyrex|As One
|-ability|p2a: Calyrex|Unnerve
|turn|28
|
|t:|1638586134
|switch|p1a: Porygon2|Porygon2|54/100 brn
|move|p2a: Calyrex|Trick|p1a: Porygon2
|-activate|p2a: Calyrex|move: Trick|[of] p1a: Porygon2
|-item|p1a: Porygon2|Choice Specs|[from] move: Trick
|-item|p2a: Calyrex|Eviolite|[from] move: Trick
|
|-damage|p1a: Porygon2|48/100 brn|[from] brn
|upkeep
|turn|29
|
|t:|1638586147
|move|p2a: Calyrex|Psyshock|p1a: Porygon2
|-damage|p1a: Porygon2|10/100 brn
|move|p1a: Porygon2|Foul Play|p2a: Calyrex
|-supereffective|p2a: Calyrex
|-damage|p2a: Calyrex|51/100
|
|-damage|p1a: Porygon2|4/100 brn|[from] brn
|upkeep
|turn|30
|c|☆senor totor|I am a noob
|inactive|neptune732 has 120 seconds left.
|
|t:|1638586177
|move|p2a: Calyrex|Psyshock|p1a: Porygon2
|-damage|p1a: Porygon2|0 fnt
|faint|p1a: Porygon2
|-ability|p2a: Calyrex|Grim Neigh|boost
|-boost|p2a: Calyrex|spa|1
|
|upkeep
|inactive|neptune732 has 120 seconds left.
|
|t:|1638586184
|switch|p1a: Necrozma|Necrozma-Dusk-Mane|100/100
|turn|31
|
|t:|1638586189
|move|p2a: Calyrex|Astral Barrage|p1a: Necrozma
|-supereffective|p1a: Necrozma
|-damage|p1a: Necrozma|0 fnt
|faint|p1a: Necrozma
|-ability|p2a: Calyrex|Grim Neigh|boost
|-boost|p2a: Calyrex|spa|1
|
|upkeep
|-message|neptune732 forfeited.
|
|win|senor totor
|raw|neptune732's rating: 1490 &rarr; <strong>1469</strong><br />(-21 for losing)
|raw|senor totor's rating: 1481 &rarr; <strong>1502</strong><br />(+21 for winning)
|l|☆neptune732
