|j|☆salpicadura
|j|☆nutbustas
|t:|1663467773
|gametype|singles
|player|p1|salpicadura|fisherman-gen4|
|player|p2|nutbustas|n-masters|
|teamsize|p1|6
|teamsize|p2|6
|gen|8
|tier|[Gen 8] Ubers
|rated|Tournament battle
|rule|Sleep Clause Mod: Limit one foe put to sleep
|rule|Species Clause: Limit one of each Pokémon
|rule|OHKO Clause: OHKO moves are banned
|rule|Evasion Items Clause: Evasion items are banned
|rule|Evasion Moves Clause: Evasion moves are banned
|rule|Endless Battle Clause: Forcing endless battles is banned
|rule|HP Percentage Mod: HP is shown in percentages
|rule|Dynamax Clause: You cannot dynamax
|clearpoke
|poke|p1|Darmanitan-Galar, M|
|poke|p1|Kyurem|
|poke|p1|Dracovish|
|poke|p1|Dialga|
|poke|p1|Lugia|
|poke|p1|Xerneas-*|
|poke|p2|Blissey, F|
|poke|p2|Calyrex-Shadow|
|poke|p2|Zekrom|
|poke|p2|Zygarde|
|poke|p2|Necrozma-Dusk-Mane|
|poke|p2|Yveltal|
|teampreview
|j| ecl1p
|
|t:|1663467804
|start
|switch|p1a: Darmanitan|Darmanitan-Galar, M|100/100
|switch|p2a: Necrozma|Necrozma-Dusk-Mane|100/100
|turn|1
|
|t:|1663467812
|switch|p2a: Zekrom|Zekrom|100/100
|-ability|p2a: Zekrom|Teravolt
|move|p1a: Darmanitan|Flare Blitz|p2a: Zekrom
|-resisted|p2a: Zekrom
|-damage|p2a: Zekrom|72/100
|-damage|p1a: Darmanitan|91/100|[from] Recoil
|
|-heal|p2a: Zekrom|78/100|[from] item: Leftovers
|upkeep
|turn|2
|
|t:|1663467817
|switch|p1a: Dialga|Dialga|100/100
|-ability|p1a: Dialga|Pressure
|move|p2a: Zekrom|Substitute|p2a: Zekrom
|-start|p2a: Zekrom|Substitute
|-damage|p2a: Zekrom|53/100
|
|-heal|p2a: Zekrom|59/100|[from] item: Leftovers
|upkeep
|turn|3
|j| Scarolado
|
|t:|1663467821
|move|p2a: Zekrom|Dragon Claw|p1a: Dialga
|-damage|p1a: Dialga|63/100
|move|p1a: Dialga|Stealth Rock|p2a: Zekrom
|-sidestart|p2: nutbustas|move: Stealth Rock
|
|-heal|p2a: Zekrom|66/100|[from] item: Leftovers
|upkeep
|turn|4
|l| Scarolado
|
|t:|1663467832
|move|p2a: Zekrom|Dragon Dance|p2a: Zekrom
|-boost|p2a: Zekrom|atk|1
|-boost|p2a: Zekrom|spe|1
|move|p1a: Dialga|Rest|p1a: Dialga
|-status|p1a: Dialga|slp|[from] move: Rest
|-heal|p1a: Dialga|100/100 slp|[silent]
|-enditem|p1a: Dialga|Chesto Berry|[eat]
|-curestatus|p1a: Dialga|slp|[msg]
|
|-heal|p2a: Zekrom|72/100|[from] item: Leftovers
|upkeep
|turn|5
|
|t:|1663467837
|switch|p1a: Dracovish|Dracovish|100/100
|move|p2a: Zekrom|Dragon Claw|p1a: Dracovish
|-supereffective|p1a: Dracovish
|-damage|p1a: Dracovish|0 fnt
|faint|p1a: Dracovish
|
|-heal|p2a: Zekrom|78/100|[from] item: Leftovers
|upkeep
|
|t:|1663467845
|switch|p1a: Darmanitan|Darmanitan-Galar, M|91/100
|turn|6
|
|t:|1663467853
|move|p1a: Darmanitan|U-turn|p2a: Zekrom
|-end|p2a: Zekrom|Substitute
|
|t:|1663467856
|switch|p1a: Kyurem|Kyurem|100/100|[from]move: U-turn
|-ability|p1a: Kyurem|Pressure
|move|p2a: Zekrom|Dragon Dance|p2a: Zekrom
|-boost|p2a: Zekrom|atk|1
|-boost|p2a: Zekrom|spe|1
|
|-heal|p2a: Zekrom|84/100|[from] item: Leftovers
|upkeep
|turn|7
|
|t:|1663467861
|move|p2a: Zekrom|Dragon Claw|p1a: Kyurem
|-supereffective|p1a: Kyurem
|-damage|p1a: Kyurem|0 fnt
|faint|p1a: Kyurem
|
|-heal|p2a: Zekrom|90/100|[from] item: Leftovers
|upkeep
|c|☆salpicadura|lol
|c|☆salpicadura|i lost
|c|☆nutbustas|gg
|
|t:|1663467866
|switch|p1a: Darmanitan|Darmanitan-Galar, M|91/100
|turn|8
|
|t:|1663467870
|move|p2a: Zekrom|Dragon Claw|p1a: Darmanitan
|-damage|p1a: Darmanitan|0 fnt
|faint|p1a: Darmanitan
|
|-heal|p2a: Zekrom|96/100|[from] item: Leftovers
|upkeep
|
|t:|1663467872
|switch|p1a: Xerneas|Xerneas|100/100
|-ability|p1a: Xerneas|Fairy Aura
|turn|9
|
|t:|1663467874
|move|p2a: Zekrom|Bolt Strike|p1a: Xerneas
|-damage|p1a: Xerneas|0 fnt
|faint|p1a: Xerneas
|
|-heal|p2a: Zekrom|100/100|[from] item: Leftovers
|upkeep
|-message|salpicadura forfeited.
|
|win|nutbustas
|n|☆salpicadura|salpicadura
|n|☆nutbustas|nutbustas
|n| ecl1p|ecl1p
