|j|☆Rell27
|j|☆GallantGallade625
|t:|1616379880
|player|p1|Rell27|1|1522
|player|p2|GallantGallade625|gambler|1331
|teamsize|p1|6
|teamsize|p2|6
|gametype|singles
|gen|8
|tier|[Gen 8] Ubers
|rated|
|clearpoke
|poke|p1|Eternatus|
|poke|p1|Necrozma-Dusk-Mane|
|poke|p1|Calyrex-Shadow|
|poke|p1|Yveltal|
|poke|p1|Zygarde|
|poke|p1|Xerneas|
|poke|p2|Yveltal|
|poke|p2|Xerneas|
|poke|p2|Calyrex-Shadow|
|poke|p2|Marshadow|
|poke|p2|Toxapex, F|
|poke|p2|Ditto|
|rule|Sleep Clause Mod: Limit one foe put to sleep
|rule|Species Clause: Limit one of each Pokémon
|rule|OHKO Clause: OHKO moves are banned
|rule|Evasion Moves Clause: Evasion moves are banned
|rule|Endless Battle Clause: Forcing endless battles is banned
|rule|HP Percentage Mod: HP is shown in percentages
|rule|Dynamax Clause: You cannot dynamax
|teampreview
|inactive|Battle timer is ON: inactive players will automatically lose when time's up. (requested by GallantGallade625)
|
|t:|1616379904
|start
|switch|p1a: Zygarde|Zygarde|100/100
|switch|p2a: Yveltal|Yveltal|100/100
|-ability|p2a: Yveltal|Dark Aura
|turn|1
|
|t:|1616379913
|switch|p1a: Xerneas|Xerneas|100/100
|-ability|p1a: Xerneas|Fairy Aura
|move|p2a: Yveltal|Knock Off|p1a: Xerneas
|-resisted|p1a: Xerneas
|-damage|p1a: Xerneas|75/100
|-enditem|p1a: Xerneas|Power Herb|[from] move: Knock Off|[of] p2a: Yveltal
|
|upkeep
|turn|2
|
|t:|1616379925
|switch|p1a: Yveltal|Yveltal|100/100
|-ability|p1a: Yveltal|Dark Aura
|switch|p2a: Calyrex|Calyrex-Shadow|100/100
|-ability|p2a: Calyrex|As One
|-ability|p2a: Calyrex|Unnerve|p1: Rell27
|
|upkeep
|turn|3
|
|t:|1616379936
|switch|p2a: Xerneas|Xerneas|100/100
|-ability|p2a: Xerneas|Fairy Aura
|move|p1a: Yveltal|Knock Off|p2a: Xerneas
|-resisted|p2a: Xerneas
|-damage|p2a: Xerneas|68/100
|-enditem|p2a: Xerneas|Power Herb|[from] move: Knock Off|[of] p1a: Yveltal
|-damage|p1a: Yveltal|91/100|[from] item: Life Orb
|
|upkeep
|turn|4
|
|t:|1616379945
|switch|p1a: Necrozma|Necrozma-Dusk-Mane|100/100
|move|p2a: Xerneas|Moonblast|p1a: Necrozma
|-resisted|p1a: Necrozma
|-damage|p1a: Necrozma|73/100
|
|upkeep
|turn|5
|
|t:|1616379951
|switch|p2a: Yveltal|Yveltal|100/100
|-ability|p2a: Yveltal|Dark Aura
|move|p1a: Necrozma|Sunsteel Strike|p2a: Yveltal
|-damage|p2a: Yveltal|64/100
|
|upkeep
|turn|6
|
|t:|1616379959
|switch|p1a: Xerneas|Xerneas|75/100
|-ability|p1a: Xerneas|Fairy Aura
|move|p2a: Yveltal|Knock Off|p1a: Xerneas
|-resisted|p1a: Xerneas
|-damage|p1a: Xerneas|58/100
|
|upkeep
|turn|7
|
|t:|1616379966
|switch|p2a: Toxapex|Toxapex, F|100/100
|move|p1a: Xerneas|Moonblast|p2a: Toxapex
|-resisted|p2a: Toxapex
|-damage|p2a: Toxapex|77/100
|
|-heal|p2a: Toxapex|84/100|[from] item: Black Sludge
|upkeep
|turn|8
|inactive|Rell27 has 120 seconds left.
|inactive|Rell27 has 90 seconds left.
|
|t:|1616380037
|switch|p1a: Yveltal|Yveltal|91/100
|-ability|p1a: Yveltal|Dark Aura
|move|p2a: Toxapex|Stockpile|p2a: Toxapex
|-start|p2a: Toxapex|stockpile1
|-boost|p2a: Toxapex|def|1
|-boost|p2a: Toxapex|spd|1
|
|-heal|p2a: Toxapex|90/100|[from] item: Black Sludge
|upkeep
|turn|9
|
|t:|1616380055
|switch|p1a: Calyrex|Calyrex-Shadow|100/100
|-ability|p1a: Calyrex|As One
|-ability|p1a: Calyrex|Unnerve|p2: GallantGallade625
|move|p2a: Toxapex|Baneful Bunker||[still]
|-fail|p2a: Toxapex
|
|-heal|p2a: Toxapex|96/100|[from] item: Black Sludge
|upkeep
|turn|10
|
|t:|1616380064
|switch|p2a: Yveltal|Yveltal|64/100
|-ability|p2a: Yveltal|Dark Aura
|move|p1a: Calyrex|Substitute|p1a: Calyrex
|-start|p1a: Calyrex|Substitute
|-damage|p1a: Calyrex|76/100
|
|upkeep
|turn|11
|
|t:|1616380071
|move|p1a: Calyrex|Leech Seed|p2a: Yveltal
|-start|p2a: Yveltal|move: Leech Seed
|move|p2a: Yveltal|Knock Off|p1a: Calyrex
|-supereffective|p1a: Calyrex
|-end|p1a: Calyrex|Substitute
|
|-damage|p2a: Yveltal|52/100|[from] Leech Seed|[of] p1a: Calyrex
|-heal|p1a: Calyrex|91/100|[silent]
|upkeep
|turn|12
|
|t:|1616380078
|move|p1a: Calyrex|Substitute|p1a: Calyrex
|-start|p1a: Calyrex|Substitute
|-damage|p1a: Calyrex|66/100
|move|p2a: Yveltal|Knock Off|p1a: Calyrex
|-supereffective|p1a: Calyrex
|-crit|p1a: Calyrex
|-end|p1a: Calyrex|Substitute
|
|-damage|p2a: Yveltal|39/100|[from] Leech Seed|[of] p1a: Calyrex
|-heal|p1a: Calyrex|82/100|[silent]
|upkeep
|turn|13
|
|t:|1616380086
|move|p1a: Calyrex|Substitute|p1a: Calyrex
|-start|p1a: Calyrex|Substitute
|-damage|p1a: Calyrex|57/100
|move|p2a: Yveltal|Roost|p2a: Yveltal
|-heal|p2a: Yveltal|89/100
|-singleturn|p2a: Yveltal|move: Roost
|
|-damage|p2a: Yveltal|77/100|[from] Leech Seed|[of] p1a: Calyrex
|-heal|p1a: Calyrex|72/100|[silent]
|upkeep
|turn|14
|
|t:|1616380094
|move|p1a: Calyrex|Astral Barrage|p2a: Yveltal
|-resisted|p2a: Yveltal
|-damage|p2a: Yveltal|51/100
|move|p2a: Yveltal|Knock Off|p1a: Calyrex
|-supereffective|p1a: Calyrex
|-end|p1a: Calyrex|Substitute
|
|-damage|p2a: Yveltal|39/100|[from] Leech Seed|[of] p1a: Calyrex
|-heal|p1a: Calyrex|87/100|[silent]
|upkeep
|turn|15
|
|t:|1616380104
|move|p1a: Calyrex|Substitute|p1a: Calyrex
|-start|p1a: Calyrex|Substitute
|-damage|p1a: Calyrex|63/100
|move|p2a: Yveltal|Roost|p2a: Yveltal
|-heal|p2a: Yveltal|89/100
|-singleturn|p2a: Yveltal|move: Roost
|
|-damage|p2a: Yveltal|76/100|[from] Leech Seed|[of] p1a: Calyrex
|-heal|p1a: Calyrex|78/100|[silent]
|upkeep
|turn|16
|
|t:|1616380112
|move|p1a: Calyrex|Astral Barrage|p2a: Yveltal
|-resisted|p2a: Yveltal
|-damage|p2a: Yveltal|48/100
|move|p2a: Yveltal|Knock Off|p1a: Calyrex
|-supereffective|p1a: Calyrex
|-end|p1a: Calyrex|Substitute
|
|-damage|p2a: Yveltal|35/100|[from] Leech Seed|[of] p1a: Calyrex
|-heal|p1a: Calyrex|93/100|[silent]
|upkeep
|turn|17
|
|t:|1616380122
|move|p1a: Calyrex|Substitute|p1a: Calyrex
|-start|p1a: Calyrex|Substitute
|-damage|p1a: Calyrex|69/100
|move|p2a: Yveltal|Roost|p2a: Yveltal
|-heal|p2a: Yveltal|85/100
|-singleturn|p2a: Yveltal|move: Roost
|
|-damage|p2a: Yveltal|73/100|[from] Leech Seed|[of] p1a: Calyrex
|-heal|p1a: Calyrex|84/100|[silent]
|upkeep
|turn|18
|
|t:|1616380132
|switch|p1a: Xerneas|Xerneas|58/100
|-ability|p1a: Xerneas|Fairy Aura
|move|p2a: Yveltal|Roost|p2a: Yveltal
|-heal|p2a: Yveltal|100/100
|-singleturn|p2a: Yveltal|move: Roost
|
|-damage|p2a: Yveltal|88/100|[from] Leech Seed|[of] p1a: Xerneas
|-heal|p1a: Xerneas|71/100|[silent]
|upkeep
|turn|19
|
|t:|1616380143
|switch|p1a: Yveltal|Yveltal|91/100
|-ability|p1a: Yveltal|Dark Aura
|switch|p2a: Toxapex|Toxapex, F|100/100
|
|upkeep
|turn|20
|
|t:|1616380151
|move|p2a: Toxapex|Baneful Bunker|p2a: Toxapex
|-singleturn|p2a: Toxapex|move: Protect
|move|p1a: Yveltal|Oblivion Wing|p2a: Toxapex
|-activate|p2a: Toxapex|move: Protect
|
|upkeep
|turn|21
|
|t:|1616380161
|move|p1a: Yveltal|Knock Off|p2a: Toxapex
|-damage|p2a: Toxapex|52/100
|-enditem|p2a: Toxapex|Black Sludge|[from] move: Knock Off|[of] p1a: Yveltal
|-damage|p1a: Yveltal|81/100|[from] item: Life Orb
|move|p2a: Toxapex|Stockpile|p2a: Toxapex
|-start|p2a: Toxapex|stockpile1
|-boost|p2a: Toxapex|def|1
|-boost|p2a: Toxapex|spd|1
|
|upkeep
|turn|22
|
|t:|1616380170
|switch|p1a: Calyrex|Calyrex-Shadow|84/100
|-ability|p1a: Calyrex|As One
|-ability|p1a: Calyrex|Unnerve|p2: GallantGallade625
|move|p2a: Toxapex|Recover|p2a: Toxapex
|-heal|p2a: Toxapex|100/100
|
|upkeep
|turn|23
|
|t:|1616380179
|switch|p2a: Yveltal|Yveltal|88/100
|-ability|p2a: Yveltal|Dark Aura
|move|p1a: Calyrex|Leech Seed|p2a: Yveltal
|-start|p2a: Yveltal|move: Leech Seed
|
|-damage|p2a: Yveltal|75/100|[from] Leech Seed|[of] p1a: Calyrex
|-heal|p1a: Calyrex|99/100|[silent]
|upkeep
|turn|24
|
|t:|1616380186
|move|p1a: Calyrex|Substitute|p1a: Calyrex
|-start|p1a: Calyrex|Substitute
|-damage|p1a: Calyrex|74/100
|move|p2a: Yveltal|Knock Off|p1a: Calyrex
|-supereffective|p1a: Calyrex
|-end|p1a: Calyrex|Substitute
|
|-damage|p2a: Yveltal|63/100|[from] Leech Seed|[of] p1a: Calyrex
|-heal|p1a: Calyrex|90/100|[silent]
|upkeep
|turn|25
|inactive|Rell27 has 120 seconds left.
|
|t:|1616380240
|move|p1a: Calyrex|Substitute|p1a: Calyrex
|-start|p1a: Calyrex|Substitute
|-damage|p1a: Calyrex|65/100
|move|p2a: Yveltal|Knock Off|p1a: Calyrex
|-supereffective|p1a: Calyrex
|-crit|p1a: Calyrex
|-end|p1a: Calyrex|Substitute
|
|-damage|p2a: Yveltal|50/100|[from] Leech Seed|[of] p1a: Calyrex
|-heal|p1a: Calyrex|80/100|[silent]
|upkeep
|turn|26
|
|t:|1616380251
|switch|p1a: Xerneas|Xerneas|71/100
|-ability|p1a: Xerneas|Fairy Aura
|move|p2a: Yveltal|Roost|p2a: Yveltal
|-heal|p2a: Yveltal|100/100
|-singleturn|p2a: Yveltal|move: Roost
|
|-damage|p2a: Yveltal|88/100|[from] Leech Seed|[of] p1a: Xerneas
|-heal|p1a: Xerneas|84/100|[silent]
|upkeep
|turn|27
|inactive|Rell27 has 90 seconds left.
|
|t:|1616380289
|switch|p1a: Necrozma|Necrozma-Dusk-Mane|73/100
|switch|p2a: Calyrex|Calyrex-Shadow|100/100
|-ability|p2a: Calyrex|As One
|-ability|p2a: Calyrex|Unnerve|p1: Rell27
|
|upkeep
|turn|28
|inactive|Rell27 has 90 seconds left.
|
|t:|1616380297
|switch|p1a: Yveltal|Yveltal|81/100
|-ability|p1a: Yveltal|Dark Aura
|move|p2a: Calyrex|Astral Barrage|p1a: Yveltal
|-resisted|p1a: Yveltal
|-damage|p1a: Yveltal|41/100
|
|upkeep
|turn|29
|
|t:|1616380306
|switch|p2a: Xerneas|Xerneas|68/100
|-ability|p2a: Xerneas|Fairy Aura
|move|p1a: Yveltal|Oblivion Wing|p2a: Xerneas
|-damage|p2a: Xerneas|17/100
|-heal|p1a: Yveltal|76/100|[from] drain|[of] p2a: Xerneas
|-damage|p1a: Yveltal|66/100|[from] item: Life Orb
|
|upkeep
|turn|30
|
|t:|1616380320
|switch|p2a: Calyrex|Calyrex-Shadow|100/100
|-ability|p2a: Calyrex|As One
|-ability|p2a: Calyrex|Unnerve|p1: Rell27
|switch|p1a: Necrozma|Necrozma-Dusk-Mane|73/100
|
|upkeep
|turn|31
|
|t:|1616380334
|switch|p1a: Zygarde|Zygarde|100/100
|move|p2a: Calyrex|Astral Barrage|p1a: Zygarde
|-damage|p1a: Zygarde|11/100
|
|-heal|p1a: Zygarde|17/100|[from] item: Leftovers
|-activate|p1a: Zygarde|ability: Power Construct
|detailschange|p1a: Zygarde|Zygarde-Complete
|-heal|p1a: Zygarde|46/100|[silent]
|upkeep
|turn|32
|
|t:|1616380344
|move|p2a: Calyrex|Astral Barrage|p1a: Zygarde
|-damage|p1a: Zygarde|0 fnt
|faint|p1a: Zygarde
|-ability|p2a: Calyrex|Grim Neigh|boost
|-boost|p2a: Calyrex|spa|1
|
|upkeep
|
|t:|1616380349
|switch|p1a: Yveltal|Yveltal|66/100
|-ability|p1a: Yveltal|Dark Aura
|turn|33
|
|t:|1616380356
|move|p2a: Calyrex|Astral Barrage|p1a: Yveltal
|-resisted|p1a: Yveltal
|-damage|p1a: Yveltal|2/100
|move|p1a: Yveltal|Knock Off|p2a: Calyrex
|-supereffective|p2a: Calyrex
|-damage|p2a: Calyrex|0 fnt
|-enditem|p2a: Calyrex|Choice Specs|[from] move: Knock Off|[of] p1a: Yveltal
|-damage|p1a: Yveltal|0 fnt|[from] item: Life Orb
|faint|p2a: Calyrex
|faint|p1a: Yveltal
|
|upkeep
|inactive|Rell27 has 120 seconds left.
|inactive|Rell27 has 90 seconds left.
|
|t:|1616380393
|switch|p2a: Yveltal|Yveltal|88/100
|switch|p1a: Xerneas|Xerneas|84/100
|-ability|p1a: Xerneas|Fairy Aura
|-ability|p2a: Yveltal|Dark Aura
|turn|34
|
|t:|1616380405
|switch|p2a: Toxapex|Toxapex, F|100/100
|move|p1a: Xerneas|Moonblast|p2a: Toxapex
|-resisted|p2a: Toxapex
|-damage|p2a: Toxapex|77/100
|
|upkeep
|turn|35
|inactive|Rell27 has 90 seconds left.
|
|t:|1616380427
|switch|p1a: Calyrex|Calyrex-Shadow|80/100
|-ability|p1a: Calyrex|As One
|-ability|p1a: Calyrex|Unnerve|p2: GallantGallade625
|move|p2a: Toxapex|Stockpile|p2a: Toxapex
|-start|p2a: Toxapex|stockpile1
|-boost|p2a: Toxapex|def|1
|-boost|p2a: Toxapex|spd|1
|
|upkeep
|turn|36
|
|t:|1616380437
|switch|p2a: Yveltal|Yveltal|88/100
|-ability|p2a: Yveltal|Dark Aura
|move|p1a: Calyrex|Substitute|p1a: Calyrex
|-start|p1a: Calyrex|Substitute
|-damage|p1a: Calyrex|56/100
|
|upkeep
|turn|37
|
|t:|1616380444
|move|p1a: Calyrex|Leech Seed|p2a: Yveltal
|-start|p2a: Yveltal|move: Leech Seed
|move|p2a: Yveltal|Knock Off|p1a: Calyrex
|-supereffective|p1a: Calyrex
|-crit|p1a: Calyrex
|-end|p1a: Calyrex|Substitute
|
|-damage|p2a: Yveltal|75/100|[from] Leech Seed|[of] p1a: Calyrex
|-heal|p1a: Calyrex|71/100|[silent]
|upkeep
|turn|38
|
|t:|1616380460
|move|p1a: Calyrex|Substitute|p1a: Calyrex
|-start|p1a: Calyrex|Substitute
|-damage|p1a: Calyrex|46/100
|move|p2a: Yveltal|Knock Off|p1a: Calyrex
|-supereffective|p1a: Calyrex
|-end|p1a: Calyrex|Substitute
|
|-damage|p2a: Yveltal|63/100|[from] Leech Seed|[of] p1a: Calyrex
|-heal|p1a: Calyrex|61/100|[silent]
|upkeep
|turn|39
|
|t:|1616380475
|move|p1a: Calyrex|Substitute|p1a: Calyrex
|-start|p1a: Calyrex|Substitute
|-damage|p1a: Calyrex|37/100
|move|p2a: Yveltal|Knock Off|p1a: Calyrex
|-supereffective|p1a: Calyrex
|-end|p1a: Calyrex|Substitute
|
|-damage|p2a: Yveltal|50/100|[from] Leech Seed|[of] p1a: Calyrex
|-heal|p1a: Calyrex|52/100|[silent]
|upkeep
|turn|40
|
|t:|1616380483
|move|p1a: Calyrex|Substitute|p1a: Calyrex
|-start|p1a: Calyrex|Substitute
|-damage|p1a: Calyrex|27/100
|move|p2a: Yveltal|Roost|p2a: Yveltal
|-heal|p2a: Yveltal|100/100
|-singleturn|p2a: Yveltal|move: Roost
|
|-damage|p2a: Yveltal|88/100|[from] Leech Seed|[of] p1a: Calyrex
|-heal|p1a: Calyrex|43/100|[silent]
|upkeep
|turn|41
|
|t:|1616380502
|move|p1a: Calyrex|Astral Barrage|p2a: Yveltal
|-resisted|p2a: Yveltal
|-damage|p2a: Yveltal|64/100
|move|p2a: Yveltal|Knock Off|p1a: Calyrex
|-supereffective|p1a: Calyrex
|-end|p1a: Calyrex|Substitute
|
|-damage|p2a: Yveltal|51/100|[from] Leech Seed|[of] p1a: Calyrex
|-heal|p1a: Calyrex|58/100|[silent]
|upkeep
|turn|42
|
|t:|1616380512
|move|p1a: Calyrex|Substitute|p1a: Calyrex
|-start|p1a: Calyrex|Substitute
|-damage|p1a: Calyrex|33/100
|move|p2a: Yveltal|Knock Off|p1a: Calyrex
|-supereffective|p1a: Calyrex
|-end|p1a: Calyrex|Substitute
|
|-damage|p2a: Yveltal|39/100|[from] Leech Seed|[of] p1a: Calyrex
|-heal|p1a: Calyrex|48/100|[silent]
|upkeep
|turn|43
|
|t:|1616380519
|move|p1a: Calyrex|Substitute|p1a: Calyrex
|-start|p1a: Calyrex|Substitute
|-damage|p1a: Calyrex|24/100
|move|p2a: Yveltal|Roost|p2a: Yveltal
|-heal|p2a: Yveltal|89/100
|-singleturn|p2a: Yveltal|move: Roost
|
|-damage|p2a: Yveltal|76/100|[from] Leech Seed|[of] p1a: Calyrex
|-heal|p1a: Calyrex|39/100|[silent]
|upkeep
|turn|44
|
|t:|1616380532
|move|p1a: Calyrex|Leech Seed||[still]
|-fail|p1a: Calyrex
|move|p2a: Yveltal|Roost|p2a: Yveltal
|-heal|p2a: Yveltal|100/100
|-singleturn|p2a: Yveltal|move: Roost
|
|-damage|p2a: Yveltal|88/100|[from] Leech Seed|[of] p1a: Calyrex
|-heal|p1a: Calyrex|54/100|[silent]
|upkeep
|turn|45
|
|t:|1616380552
|move|p1a: Calyrex|Astral Barrage|p2a: Yveltal
|-resisted|p2a: Yveltal
|-damage|p2a: Yveltal|62/100
|move|p2a: Yveltal|Knock Off|p1a: Calyrex
|-supereffective|p1a: Calyrex
|-end|p1a: Calyrex|Substitute
|
|-damage|p2a: Yveltal|50/100|[from] Leech Seed|[of] p1a: Calyrex
|-heal|p1a: Calyrex|70/100|[silent]
|upkeep
|turn|46
|
|t:|1616380562
|switch|p1a: Eternatus|Eternatus|100/100
|-ability|p1a: Eternatus|Pressure
|move|p2a: Yveltal|Roost|p2a: Yveltal
|-heal|p2a: Yveltal|99/100
|-singleturn|p2a: Yveltal|move: Roost
|
|-damage|p2a: Yveltal|87/100|[from] Leech Seed|[of] p1a: Eternatus
|upkeep
|turn|47
|
|t:|1616380571
|switch|p2a: Ditto|Ditto|100/100
|-transform|p2a: Ditto|p1a: Eternatus|[from] ability: Imposter
|-ability|p2a: Ditto|Pressure
|move|p1a: Eternatus|Sludge Bomb|p2a: Ditto
|-resisted|p2a: Ditto
|-damage|p2a: Ditto|68/100
|-damage|p1a: Eternatus|91/100|[from] item: Life Orb
|
|upkeep
|turn|48
|
|t:|1616380583
|switch|p1a: Xerneas|Xerneas|84/100
|-ability|p1a: Xerneas|Fairy Aura
|move|p2a: Ditto|Dynamax Cannon|p1a: Xerneas
|-immune|p1a: Xerneas
|
|upkeep
|turn|49
|
|t:|1616380591
|switch|p2a: Toxapex|Toxapex, F|100/100
|switch|p1a: Necrozma|Necrozma-Dusk-Mane|73/100
|
|upkeep
|turn|50
|
|t:|1616380601
|switch|p2a: Yveltal|Yveltal|87/100
|-ability|p2a: Yveltal|Dark Aura
|move|p1a: Necrozma|Stealth Rock|p2a: Yveltal
|-sidestart|p2: GallantGallade625|move: Stealth Rock
|
|upkeep
|turn|51
|
|t:|1616380607
|switch|p1a: Xerneas|Xerneas|84/100
|-ability|p1a: Xerneas|Fairy Aura
|move|p2a: Yveltal|Knock Off|p1a: Xerneas
|-resisted|p1a: Xerneas
|-crit|p1a: Xerneas
|-damage|p1a: Xerneas|58/100
|
|upkeep
|turn|52
|
|t:|1616380616
|switch|p2a: Ditto|Ditto|68/100
|-damage|p2a: Ditto|56/100|[from] Stealth Rock
|-transform|p2a: Ditto|p1a: Xerneas|[from] ability: Imposter
|-ability|p2a: Ditto|Fairy Aura
|move|p1a: Xerneas|Moonblast|p2a: Ditto
|-damage|p2a: Ditto|0 fnt
|faint|p2a: Ditto
|
|upkeep
|
|t:|1616380628
|switch|p2a: Toxapex|Toxapex, F|100/100
|-damage|p2a: Toxapex|88/100|[from] Stealth Rock
|turn|53
|
|t:|1616380641
|switch|p1a: Calyrex|Calyrex-Shadow|70/100
|-ability|p1a: Calyrex|As One
|-ability|p1a: Calyrex|Unnerve|p2: GallantGallade625
|move|p2a: Toxapex|Liquidation|p1a: Calyrex
|-damage|p1a: Calyrex|46/100
|
|upkeep
|turn|54
|
|t:|1616380650
|switch|p2a: Yveltal|Yveltal|87/100
|-ability|p2a: Yveltal|Dark Aura
|move|p1a: Calyrex|Leech Seed|p2a: Yveltal|[miss]
|-miss|p1a: Calyrex|p2a: Yveltal
|
|upkeep
|turn|55
|
|t:|1616380657
|switch|p1a: Xerneas|Xerneas|58/100
|-ability|p1a: Xerneas|Fairy Aura
|move|p2a: Yveltal|Defog|p1a: Xerneas
|-unboost|p1a: Xerneas|evasion|1
|-sideend|p2: GallantGallade625|Stealth Rock|[from] move: Defog|[of] p2a: Yveltal
|
|upkeep
|turn|56
|
|t:|1616380673
|switch|p2a: Toxapex|Toxapex, F|100/100
|move|p1a: Xerneas|Moonblast|p2a: Toxapex
|-resisted|p2a: Toxapex
|-damage|p2a: Toxapex|75/100
|
|upkeep
|turn|57
|
|t:|1616380697
|move|p1a: Xerneas|Geomancy||[still]
|-prepare|p1a: Xerneas|Geomancy
|move|p2a: Toxapex|Liquidation|p1a: Xerneas
|-damage|p1a: Xerneas|42/100
|
|upkeep
|turn|58
|
|t:|1616380703
|move|p1a: Xerneas|Geomancy|p1a: Xerneas|[from]lockedmove
|-boost|p1a: Xerneas|spa|2
|-boost|p1a: Xerneas|spd|2
|-boost|p1a: Xerneas|spe|2
|move|p2a: Toxapex|Stockpile|p2a: Toxapex
|-start|p2a: Toxapex|stockpile1
|-boost|p2a: Toxapex|def|1
|-boost|p2a: Toxapex|spd|1
|
|upkeep
|turn|59
|
|t:|1616380712
|move|p1a: Xerneas|Moonblast|p2a: Toxapex
|-resisted|p2a: Toxapex
|-damage|p2a: Toxapex|41/100
|-unboost|p2a: Toxapex|spa|1
|move|p2a: Toxapex|Recover|p2a: Toxapex
|-heal|p2a: Toxapex|91/100
|
|upkeep
|turn|60
|
|t:|1616380721
|move|p1a: Xerneas|Geomancy||[still]
|-prepare|p1a: Xerneas|Geomancy
|move|p2a: Toxapex|Stockpile|p2a: Toxapex
|-start|p2a: Toxapex|stockpile2
|-boost|p2a: Toxapex|def|1
|-boost|p2a: Toxapex|spd|1
|
|upkeep
|turn|61
|
|t:|1616380728
|move|p1a: Xerneas|Geomancy|p1a: Xerneas|[from]lockedmove
|-boost|p1a: Xerneas|spa|2
|-boost|p1a: Xerneas|spd|2
|-boost|p1a: Xerneas|spe|2
|move|p2a: Toxapex|Liquidation|p1a: Xerneas
|-damage|p1a: Xerneas|27/100
|
|upkeep
|turn|62
|
|t:|1616380735
|move|p1a: Xerneas|Moonblast|p2a: Toxapex
|-resisted|p2a: Toxapex
|-damage|p2a: Toxapex|53/100
|move|p2a: Toxapex|Recover|p2a: Toxapex
|-heal|p2a: Toxapex|100/100
|
|upkeep
|turn|63
|
|t:|1616380741
|move|p1a: Xerneas|Moonblast|p2a: Toxapex
|-resisted|p2a: Toxapex
|-damage|p2a: Toxapex|64/100
|move|p2a: Toxapex|Liquidation|p1a: Xerneas
|-damage|p1a: Xerneas|12/100
|
|upkeep
|turn|64
|
|t:|1616380749
|move|p1a: Xerneas|Moonblast|p2a: Toxapex
|-resisted|p2a: Toxapex
|-damage|p2a: Toxapex|29/100
|move|p2a: Toxapex|Liquidation|p1a: Xerneas
|-damage|p1a: Xerneas|0 fnt
|faint|p1a: Xerneas
|
|upkeep
|
|t:|1616380754
|switch|p1a: Calyrex|Calyrex-Shadow|46/100
|-ability|p1a: Calyrex|As One
|-ability|p1a: Calyrex|Unnerve|p2: GallantGallade625
|turn|65
|
|t:|1616380760
|switch|p2a: Yveltal|Yveltal|87/100
|-ability|p2a: Yveltal|Dark Aura
|move|p1a: Calyrex|Leech Seed|p2a: Yveltal
|-start|p2a: Yveltal|move: Leech Seed
|
|-damage|p2a: Yveltal|75/100|[from] Leech Seed|[of] p1a: Calyrex
|-heal|p1a: Calyrex|61/100|[silent]
|upkeep
|turn|66
|
|t:|1616380768
|move|p1a: Calyrex|Substitute|p1a: Calyrex
|-start|p1a: Calyrex|Substitute
|-damage|p1a: Calyrex|37/100
|move|p2a: Yveltal|Knock Off|p1a: Calyrex
|-supereffective|p1a: Calyrex
|-end|p1a: Calyrex|Substitute
|
|-damage|p2a: Yveltal|62/100|[from] Leech Seed|[of] p1a: Calyrex
|-heal|p1a: Calyrex|52/100|[silent]
|upkeep
|turn|67
|
|t:|1616380775
|switch|p1a: Eternatus|Eternatus|91/100
|-ability|p1a: Eternatus|Pressure
|move|p2a: Yveltal|Knock Off|p1a: Eternatus
|-damage|p1a: Eternatus|36/100
|-enditem|p1a: Eternatus|Life Orb|[from] move: Knock Off|[of] p2a: Yveltal
|
|-damage|p2a: Yveltal|50/100|[from] Leech Seed|[of] p1a: Eternatus
|-heal|p1a: Eternatus|49/100|[silent]
|upkeep
|turn|68
|
|t:|1616380784
|switch|p2a: Xerneas|Xerneas|17/100
|-ability|p2a: Xerneas|Fairy Aura
|move|p1a: Eternatus|Dynamax Cannon|p2a: Xerneas
|-immune|p2a: Xerneas
|
|upkeep
|turn|69
|
|t:|1616380791
|move|p1a: Eternatus|Sludge Bomb|p2a: Xerneas
|-supereffective|p2a: Xerneas
|-damage|p2a: Xerneas|0 fnt
|faint|p2a: Xerneas
|
|upkeep
|
|t:|1616380803
|switch|p2a: Toxapex|Toxapex, F|63/100
|turn|70
|
|t:|1616380812
|switch|p1a: Calyrex|Calyrex-Shadow|52/100
|-ability|p1a: Calyrex|As One
|-ability|p1a: Calyrex|Unnerve|p2: GallantGallade625
|move|p2a: Toxapex|Stockpile|p2a: Toxapex
|-start|p2a: Toxapex|stockpile1
|-boost|p2a: Toxapex|def|1
|-boost|p2a: Toxapex|spd|1
|
|upkeep
|turn|71
|
|t:|1616380822
|switch|p2a: Yveltal|Yveltal|50/100
|-ability|p2a: Yveltal|Dark Aura
|move|p1a: Calyrex|Leech Seed|p2a: Yveltal
|-start|p2a: Yveltal|move: Leech Seed
|
|-damage|p2a: Yveltal|37/100|[from] Leech Seed|[of] p1a: Calyrex
|-heal|p1a: Calyrex|67/100|[silent]
|upkeep
|turn|72
|
|t:|1616380829
|switch|p1a: Eternatus|Eternatus|49/100
|-ability|p1a: Eternatus|Pressure
|move|p2a: Yveltal|Roost|p2a: Yveltal
|-heal|p2a: Yveltal|87/100
|-singleturn|p2a: Yveltal|move: Roost
|
|-damage|p2a: Yveltal|75/100|[from] Leech Seed|[of] p1a: Eternatus
|-heal|p1a: Eternatus|61/100|[silent]
|upkeep
|turn|73
|
|t:|1616380839
|switch|p2a: Toxapex|Toxapex, F|96/100
|move|p1a: Eternatus|Dynamax Cannon|p2a: Toxapex
|-damage|p2a: Toxapex|59/100
|
|upkeep
|turn|74
|
|t:|1616380845
|switch|p1a: Calyrex|Calyrex-Shadow|67/100
|-ability|p1a: Calyrex|As One
|-ability|p1a: Calyrex|Unnerve|p2: GallantGallade625
|move|p2a: Toxapex|Recover|p2a: Toxapex
|-heal|p2a: Toxapex|100/100
|
|upkeep
|turn|75
|
|t:|1616380855
|switch|p2a: Yveltal|Yveltal|75/100
|-ability|p2a: Yveltal|Dark Aura
|move|p1a: Calyrex|Leech Seed|p2a: Yveltal
|-start|p2a: Yveltal|move: Leech Seed
|
|-damage|p2a: Yveltal|62/100|[from] Leech Seed|[of] p1a: Calyrex
|-heal|p1a: Calyrex|83/100|[silent]
|upkeep
|turn|76
|
|t:|1616380867
|switch|p1a: Eternatus|Eternatus|61/100
|-ability|p1a: Eternatus|Pressure
|move|p2a: Yveltal|Knock Off|p1a: Eternatus
|-damage|p1a: Eternatus|26/100
|
|-damage|p2a: Yveltal|50/100|[from] Leech Seed|[of] p1a: Eternatus
|-heal|p1a: Eternatus|38/100|[silent]
|upkeep
|turn|77
|
|t:|1616380875
|switch|p2a: Toxapex|Toxapex, F|100/100
|move|p1a: Eternatus|Recover|p1a: Eternatus
|-heal|p1a: Eternatus|88/100
|
|upkeep
|turn|78
|
|t:|1616380882
|switch|p1a: Calyrex|Calyrex-Shadow|83/100
|-ability|p1a: Calyrex|As One
|-ability|p1a: Calyrex|Unnerve|p2: GallantGallade625
|move|p2a: Toxapex|Liquidation|p1a: Calyrex
|-damage|p1a: Calyrex|60/100
|
|upkeep
|turn|79
|
|t:|1616380895
|switch|p2a: Yveltal|Yveltal|50/100
|-ability|p2a: Yveltal|Dark Aura
|move|p1a: Calyrex|Leech Seed|p2a: Yveltal
|-start|p2a: Yveltal|move: Leech Seed
|
|-damage|p2a: Yveltal|37/100|[from] Leech Seed|[of] p1a: Calyrex
|-heal|p1a: Calyrex|75/100|[silent]
|upkeep
|turn|80
|
|t:|1616380904
|switch|p1a: Eternatus|Eternatus|88/100
|-ability|p1a: Eternatus|Pressure
|move|p2a: Yveltal|Roost|p2a: Yveltal
|-heal|p2a: Yveltal|87/100
|-singleturn|p2a: Yveltal|move: Roost
|
|-damage|p2a: Yveltal|75/100|[from] Leech Seed|[of] p1a: Eternatus
|-heal|p1a: Eternatus|100/100|[silent]
|upkeep
|turn|81
|
|t:|1616380914
|switch|p2a: Toxapex|Toxapex, F|100/100
|move|p1a: Eternatus|Flamethrower|p2a: Toxapex
|-resisted|p2a: Toxapex
|-damage|p2a: Toxapex|90/100
|
|upkeep
|turn|82
|
|t:|1616380922
|move|p1a: Eternatus|Flamethrower|p2a: Toxapex
|-resisted|p2a: Toxapex
|-damage|p2a: Toxapex|79/100
|move|p2a: Toxapex|Liquidation|p1a: Eternatus
|-resisted|p1a: Eternatus
|-damage|p1a: Eternatus|93/100
|-unboost|p1a: Eternatus|def|1
|
|upkeep
|turn|83
|
|t:|1616380932
|switch|p1a: Necrozma|Necrozma-Dusk-Mane|73/100
|move|p2a: Toxapex|Liquidation|p1a: Necrozma
|-damage|p1a: Necrozma|62/100
|-damage|p2a: Toxapex|63/100|[from] item: Rocky Helmet|[of] p1a: Necrozma
|
|upkeep
|turn|84
|
|t:|1616380939
|switch|p2a: Yveltal|Yveltal|75/100
|-ability|p2a: Yveltal|Dark Aura
|move|p1a: Necrozma|Stealth Rock|p2a: Yveltal
|-sidestart|p2: GallantGallade625|move: Stealth Rock
|
|upkeep
|turn|85
|
|t:|1616380945
|switch|p1a: Eternatus|Eternatus|93/100
|-ability|p1a: Eternatus|Pressure
|move|p2a: Yveltal|Defog|p1a: Eternatus
|-unboost|p1a: Eternatus|evasion|1
|-sideend|p2: GallantGallade625|Stealth Rock|[from] move: Defog|[of] p2a: Yveltal
|
|upkeep
|turn|86
|
|t:|1616380952
|switch|p2a: Toxapex|Toxapex, F|96/100
|move|p1a: Eternatus|Sludge Bomb|p2a: Toxapex
|-resisted|p2a: Toxapex
|-damage|p2a: Toxapex|81/100
|
|upkeep
|turn|87
|
|t:|1616380962
|move|p1a: Eternatus|Flamethrower|p2a: Toxapex
|-resisted|p2a: Toxapex
|-damage|p2a: Toxapex|71/100
|move|p2a: Toxapex|Stockpile|p2a: Toxapex
|-start|p2a: Toxapex|stockpile1
|-boost|p2a: Toxapex|def|1
|-boost|p2a: Toxapex|spd|1
|
|upkeep
|turn|88
|
|t:|1616380970
|switch|p1a: Calyrex|Calyrex-Shadow|75/100
|-ability|p1a: Calyrex|As One
|-ability|p1a: Calyrex|Unnerve|p2: GallantGallade625
|move|p2a: Toxapex|Liquidation|p1a: Calyrex
|-damage|p1a: Calyrex|53/100
|
|upkeep
|turn|89
|
|t:|1616380983
|switch|p2a: Yveltal|Yveltal|75/100
|-ability|p2a: Yveltal|Dark Aura
|move|p1a: Calyrex|Leech Seed|p2a: Yveltal
|-start|p2a: Yveltal|move: Leech Seed
|
|-damage|p2a: Yveltal|62/100|[from] Leech Seed|[of] p1a: Calyrex
|-heal|p1a: Calyrex|68/100|[silent]
|upkeep
|turn|90
|
|t:|1616380992
|switch|p1a: Eternatus|Eternatus|93/100
|-ability|p1a: Eternatus|Pressure
|move|p2a: Yveltal|Knock Off|p1a: Eternatus
|-damage|p1a: Eternatus|57/100
|
|-damage|p2a: Yveltal|50/100|[from] Leech Seed|[of] p1a: Eternatus
|-heal|p1a: Eternatus|70/100|[silent]
|upkeep
|turn|91
|
|t:|1616381001
|switch|p2a: Toxapex|Toxapex, F|100/100
|move|p1a: Eternatus|Sludge Bomb|p2a: Toxapex
|-resisted|p2a: Toxapex
|-damage|p2a: Toxapex|86/100
|
|upkeep
|turn|92
|
|t:|1616381008
|switch|p1a: Calyrex|Calyrex-Shadow|68/100
|-ability|p1a: Calyrex|As One
|-ability|p1a: Calyrex|Unnerve|p2: GallantGallade625
|move|p2a: Toxapex|Stockpile|p2a: Toxapex
|-start|p2a: Toxapex|stockpile1
|-boost|p2a: Toxapex|def|1
|-boost|p2a: Toxapex|spd|1
|
|upkeep
|turn|93
|
|t:|1616381018
|switch|p2a: Yveltal|Yveltal|50/100
|-ability|p2a: Yveltal|Dark Aura
|move|p1a: Calyrex|Leech Seed|p2a: Yveltal|[miss]
|-miss|p1a: Calyrex|p2a: Yveltal
|
|upkeep
|turn|94
|
|t:|1616381025
|switch|p1a: Eternatus|Eternatus|70/100
|-ability|p1a: Eternatus|Pressure
|move|p2a: Yveltal|Roost|p2a: Yveltal
|-heal|p2a: Yveltal|99/100
|-singleturn|p2a: Yveltal|move: Roost
|
|upkeep
|turn|95
|
|t:|1616381033
|switch|p2a: Toxapex|Toxapex, F|100/100
|move|p1a: Eternatus|Flamethrower|p2a: Toxapex
|-resisted|p2a: Toxapex
|-damage|p2a: Toxapex|90/100
|
|upkeep
|turn|96
|
|t:|1616381041
|switch|p2a: Yveltal|Yveltal|99/100
|-ability|p2a: Yveltal|Dark Aura
|move|p1a: Eternatus|Flamethrower|p2a: Yveltal
|-damage|p2a: Yveltal|77/100
|
|upkeep
|turn|97
|
|t:|1616381049
|switch|p2a: Toxapex|Toxapex, F|100/100
|move|p1a: Eternatus|Sludge Bomb|p2a: Toxapex
|-resisted|p2a: Toxapex
|-damage|p2a: Toxapex|84/100
|
|upkeep
|turn|98
|
|t:|1616381055
|move|p1a: Eternatus|Flamethrower|p2a: Toxapex
|-resisted|p2a: Toxapex
|-damage|p2a: Toxapex|74/100
|move|p2a: Toxapex|Stockpile|p2a: Toxapex
|-start|p2a: Toxapex|stockpile1
|-boost|p2a: Toxapex|def|1
|-boost|p2a: Toxapex|spd|1
|
|upkeep
|turn|99
|
|t:|1616381062
|switch|p2a: Yveltal|Yveltal|77/100
|-ability|p2a: Yveltal|Dark Aura
|move|p1a: Eternatus|Flamethrower|p2a: Yveltal
|-damage|p2a: Yveltal|53/100
|
|upkeep
|turn|100
|
|t:|1616381069
|move|p1a: Eternatus|Flamethrower|p2a: Yveltal
|-damage|p2a: Yveltal|31/100
|move|p2a: Yveltal|Roost|p2a: Yveltal
|-heal|p2a: Yveltal|81/100
|-singleturn|p2a: Yveltal|move: Roost
|
|upkeep
|turn|101
|
|t:|1616381076
|switch|p2a: Toxapex|Toxapex, F|100/100
|move|p1a: Eternatus|Flamethrower|p2a: Toxapex
|-resisted|p2a: Toxapex
|-damage|p2a: Toxapex|90/100
|
|upkeep
|turn|102
|
|t:|1616381083
|move|p1a: Eternatus|Flamethrower|p2a: Toxapex
|-resisted|p2a: Toxapex
|-damage|p2a: Toxapex|79/100
|move|p2a: Toxapex|Stockpile|p2a: Toxapex
|-start|p2a: Toxapex|stockpile1
|-boost|p2a: Toxapex|def|1
|-boost|p2a: Toxapex|spd|1
|
|upkeep
|turn|103
|c|☆GallantGallade625|get pp stalled
|
|t:|1616381091
|move|p1a: Eternatus|Sludge Bomb|p2a: Toxapex
|-resisted|p2a: Toxapex
|-damage|p2a: Toxapex|69/100
|move|p2a: Toxapex|Stockpile|p2a: Toxapex
|-start|p2a: Toxapex|stockpile2
|-boost|p2a: Toxapex|def|1
|-boost|p2a: Toxapex|spd|1
|
|upkeep
|turn|104
|
|t:|1616381099
|move|p1a: Eternatus|Flamethrower|p2a: Toxapex
|-resisted|p2a: Toxapex
|-damage|p2a: Toxapex|64/100
|move|p2a: Toxapex|Stockpile|p2a: Toxapex
|-start|p2a: Toxapex|stockpile3
|-boost|p2a: Toxapex|def|1
|-boost|p2a: Toxapex|spd|1
|
|upkeep
|turn|105
|
|t:|1616381106
|switch|p1a: Calyrex|Calyrex-Shadow|68/100
|-ability|p1a: Calyrex|As One
|-ability|p1a: Calyrex|Unnerve|p2: GallantGallade625
|move|p2a: Toxapex|Recover|p2a: Toxapex
|-heal|p2a: Toxapex|100/100
|
|upkeep
|turn|106
|
|t:|1616381118
|switch|p2a: Yveltal|Yveltal|81/100
|-ability|p2a: Yveltal|Dark Aura
|move|p1a: Calyrex|Leech Seed|p2a: Yveltal
|-start|p2a: Yveltal|move: Leech Seed
|
|-damage|p2a: Yveltal|68/100|[from] Leech Seed|[of] p1a: Calyrex
|-heal|p1a: Calyrex|83/100|[silent]
|upkeep
|turn|107
|
|t:|1616381126
|switch|p1a: Eternatus|Eternatus|70/100
|-ability|p1a: Eternatus|Pressure
|move|p2a: Yveltal|Knock Off|p1a: Eternatus
|-damage|p1a: Eternatus|36/100
|
|-damage|p2a: Yveltal|56/100|[from] Leech Seed|[of] p1a: Eternatus
|-heal|p1a: Eternatus|49/100|[silent]
|upkeep
|turn|108
|
|t:|1616381135
|switch|p2a: Toxapex|Toxapex, F|100/100
|move|p1a: Eternatus|Recover|p1a: Eternatus
|-heal|p1a: Eternatus|99/100
|
|upkeep
|turn|109
|
|t:|1616381145
|move|p1a: Eternatus|Flamethrower|p2a: Toxapex
|-resisted|p2a: Toxapex
|-damage|p2a: Toxapex|90/100
|move|p2a: Toxapex|Stockpile|p2a: Toxapex
|-start|p2a: Toxapex|stockpile1
|-boost|p2a: Toxapex|def|1
|-boost|p2a: Toxapex|spd|1
|
|upkeep
|turn|110
|
|t:|1616381153
|switch|p1a: Calyrex|Calyrex-Shadow|83/100
|-ability|p1a: Calyrex|As One
|-ability|p1a: Calyrex|Unnerve|p2: GallantGallade625
|move|p2a: Toxapex|Stockpile|p2a: Toxapex
|-start|p2a: Toxapex|stockpile2
|-boost|p2a: Toxapex|def|1
|-boost|p2a: Toxapex|spd|1
|
|upkeep
|turn|111
|
|t:|1616381162
|switch|p2a: Yveltal|Yveltal|56/100
|-ability|p2a: Yveltal|Dark Aura
|move|p1a: Calyrex|Leech Seed|p2a: Yveltal|[miss]
|-miss|p1a: Calyrex|p2a: Yveltal
|
|upkeep
|turn|112
|
|t:|1616381174
|switch|p1a: Eternatus|Eternatus|99/100
|-ability|p1a: Eternatus|Pressure
|switch|p2a: Toxapex|Toxapex, F|100/100
|
|upkeep
|turn|113
|
|t:|1616381181
|move|p1a: Eternatus|Flamethrower|p2a: Toxapex
|-resisted|p2a: Toxapex
|-damage|p2a: Toxapex|90/100
|move|p2a: Toxapex|Stockpile|p2a: Toxapex
|-start|p2a: Toxapex|stockpile1
|-boost|p2a: Toxapex|def|1
|-boost|p2a: Toxapex|spd|1
|
|upkeep
|turn|114
|
|t:|1616381190
|move|p1a: Eternatus|Flamethrower|p2a: Toxapex
|-resisted|p2a: Toxapex
|-damage|p2a: Toxapex|83/100
|move|p2a: Toxapex|Liquidation|p1a: Eternatus
|-resisted|p1a: Eternatus
|-damage|p1a: Eternatus|91/100
|-unboost|p1a: Eternatus|def|1
|
|upkeep
|turn|115
|
|t:|1616381198
|switch|p1a: Calyrex|Calyrex-Shadow|83/100
|-ability|p1a: Calyrex|As One
|-ability|p1a: Calyrex|Unnerve|p2: GallantGallade625
|move|p2a: Toxapex|Liquidation|p1a: Calyrex
|-damage|p1a: Calyrex|61/100
|
|upkeep
|turn|116
|
|t:|1616381206
|switch|p2a: Yveltal|Yveltal|56/100
|-ability|p2a: Yveltal|Dark Aura
|move|p1a: Calyrex|Leech Seed|p2a: Yveltal
|-start|p2a: Yveltal|move: Leech Seed
|
|-damage|p2a: Yveltal|43/100|[from] Leech Seed|[of] p1a: Calyrex
|-heal|p1a: Calyrex|77/100|[silent]
|upkeep
|turn|117
|
|t:|1616381216
|move|p1a: Calyrex|Substitute|p1a: Calyrex
|-start|p1a: Calyrex|Substitute
|-damage|p1a: Calyrex|52/100
|move|p2a: Yveltal|Roost|p2a: Yveltal
|-heal|p2a: Yveltal|93/100
|-singleturn|p2a: Yveltal|move: Roost
|
|-damage|p2a: Yveltal|81/100|[from] Leech Seed|[of] p1a: Calyrex
|-heal|p1a: Calyrex|67/100|[silent]
|upkeep
|turn|118
|
|t:|1616381225
|move|p1a: Calyrex|Astral Barrage|p2a: Yveltal
|-resisted|p2a: Yveltal
|-damage|p2a: Yveltal|52/100
|move|p2a: Yveltal|Knock Off|p1a: Calyrex
|-supereffective|p1a: Calyrex
|-end|p1a: Calyrex|Substitute
|
|-damage|p2a: Yveltal|40/100|[from] Leech Seed|[of] p1a: Calyrex
|-heal|p1a: Calyrex|83/100|[silent]
|upkeep
|turn|119
|
|t:|1616381237
|switch|p1a: Eternatus|Eternatus|91/100
|-ability|p1a: Eternatus|Pressure
|move|p2a: Yveltal|Roost|p2a: Yveltal
|-heal|p2a: Yveltal|90/100
|-singleturn|p2a: Yveltal|move: Roost
|
|-damage|p2a: Yveltal|77/100|[from] Leech Seed|[of] p1a: Eternatus
|-heal|p1a: Eternatus|100/100|[silent]
|upkeep
|turn|120
|
|t:|1616381249
|switch|p2a: Toxapex|Toxapex, F|100/100
|move|p1a: Eternatus|Flamethrower|p2a: Toxapex
|-resisted|p2a: Toxapex
|-damage|p2a: Toxapex|89/100
|
|upkeep
|turn|121
|
|t:|1616381256
|move|p1a: Eternatus|Flamethrower|p2a: Toxapex
|-resisted|p2a: Toxapex
|-damage|p2a: Toxapex|78/100
|move|p2a: Toxapex|Stockpile|p2a: Toxapex
|-start|p2a: Toxapex|stockpile1
|-boost|p2a: Toxapex|def|1
|-boost|p2a: Toxapex|spd|1
|
|upkeep
|turn|122
|inactive|GallantGallade625 has 120 seconds left.
|
|t:|1616381267
|move|p1a: Eternatus|Flamethrower|p2a: Toxapex
|-resisted|p2a: Toxapex
|-damage|p2a: Toxapex|71/100
|-status|p2a: Toxapex|brn
|move|p2a: Toxapex|Stockpile|p2a: Toxapex
|-start|p2a: Toxapex|stockpile2
|-boost|p2a: Toxapex|def|1
|-boost|p2a: Toxapex|spd|1
|
|-damage|p2a: Toxapex|65/100 brn|[from] brn
|upkeep
|turn|123
|inactive|GallantGallade625 has 120 seconds left.
|
|t:|1616381279
|switch|p1a: Necrozma|Necrozma-Dusk-Mane|62/100
|move|p2a: Toxapex|Recover|p2a: Toxapex
|-heal|p2a: Toxapex|100/100 brn
|
|-damage|p2a: Toxapex|94/100 brn|[from] brn
|upkeep
|turn|124
|inactive|Rell27 has 120 seconds left.
|
|t:|1616381322
|move|p1a: Necrozma|Sunsteel Strike|p2a: Toxapex
|-resisted|p2a: Toxapex
|-damage|p2a: Toxapex|84/100 brn
|move|p2a: Toxapex|Stockpile|p2a: Toxapex
|-start|p2a: Toxapex|stockpile3
|-boost|p2a: Toxapex|def|1
|-boost|p2a: Toxapex|spd|1
|
|-damage|p2a: Toxapex|78/100 brn|[from] brn
|upkeep
|turn|125
|
|t:|1616381331
|move|p1a: Necrozma|Stealth Rock|p2a: Toxapex
|-sidestart|p2: GallantGallade625|move: Stealth Rock
|move|p2a: Toxapex|Liquidation|p1a: Necrozma
|-damage|p1a: Necrozma|56/100
|-damage|p2a: Toxapex|62/100 brn|[from] item: Rocky Helmet|[of] p1a: Necrozma
|
|-damage|p2a: Toxapex|55/100 brn|[from] brn
|upkeep
|turn|126
|inactive|Rell27 has 120 seconds left.
|
|t:|1616381350
|move|p1a: Necrozma|Morning Sun|p1a: Necrozma
|-heal|p1a: Necrozma|100/100
|move|p2a: Toxapex|Recover|p2a: Toxapex
|-heal|p2a: Toxapex|100/100 brn
|
|-damage|p2a: Toxapex|94/100 brn|[from] brn
|upkeep
|turn|127
|inactive|Rell27 has 90 seconds left.
|
|t:|1616381380
|switch|p1a: Calyrex|Calyrex-Shadow|83/100
|-ability|p1a: Calyrex|As One
|-ability|p1a: Calyrex|Unnerve|p2: GallantGallade625
|move|p2a: Toxapex|Baneful Bunker||[still]
|-fail|p2a: Toxapex
|
|-damage|p2a: Toxapex|88/100 brn|[from] brn
|upkeep
|turn|128
|
|t:|1616381390
|switch|p2a: Yveltal|Yveltal|77/100
|-ability|p2a: Yveltal|Dark Aura
|move|p1a: Calyrex|Leech Seed|p2a: Yveltal|[miss]
|-miss|p1a: Calyrex|p2a: Yveltal
|
|upkeep
|turn|129
|inactive|Rell27 has 90 seconds left.
|
|t:|1616381411
|switch|p1a: Eternatus|Eternatus|100/100
|-ability|p1a: Eternatus|Pressure
|move|p2a: Yveltal|Defog|p1a: Eternatus
|-unboost|p1a: Eternatus|evasion|1
|-sideend|p2: GallantGallade625|Stealth Rock|[from] move: Defog|[of] p2a: Yveltal
|
|upkeep
|turn|130
|
|t:|1616381420
|switch|p2a: Toxapex|Toxapex, F|100/100 brn
|move|p1a: Eternatus|Flamethrower|p2a: Toxapex
|-resisted|p2a: Toxapex
|-damage|p2a: Toxapex|89/100 brn
|
|-damage|p2a: Toxapex|83/100 brn|[from] brn
|upkeep
|turn|131
|
|t:|1616381428
|switch|p1a: Calyrex|Calyrex-Shadow|83/100
|-ability|p1a: Calyrex|As One
|-ability|p1a: Calyrex|Unnerve|p2: GallantGallade625
|move|p2a: Toxapex|Stockpile|p2a: Toxapex
|-start|p2a: Toxapex|stockpile1
|-boost|p2a: Toxapex|def|1
|-boost|p2a: Toxapex|spd|1
|
|-damage|p2a: Toxapex|77/100 brn|[from] brn
|upkeep
|turn|132
|
|t:|1616381438
|switch|p2a: Yveltal|Yveltal|77/100
|-ability|p2a: Yveltal|Dark Aura
|move|p1a: Calyrex|Leech Seed|p2a: Yveltal
|-start|p2a: Yveltal|move: Leech Seed
|
|-damage|p2a: Yveltal|65/100|[from] Leech Seed|[of] p1a: Calyrex
|-heal|p1a: Calyrex|98/100|[silent]
|upkeep
|turn|133
|
|t:|1616381451
|switch|p1a: Eternatus|Eternatus|100/100
|-ability|p1a: Eternatus|Pressure
|move|p2a: Yveltal|Knock Off|p1a: Eternatus
|-damage|p1a: Eternatus|61/100
|
|-damage|p2a: Yveltal|52/100|[from] Leech Seed|[of] p1a: Eternatus
|-heal|p1a: Eternatus|74/100|[silent]
|upkeep
|turn|134
|
|t:|1616381462
|switch|p2a: Toxapex|Toxapex, F|100/100 brn
|move|p1a: Eternatus|Dynamax Cannon|p2a: Toxapex
|-damage|p2a: Toxapex|68/100 brn
|
|-damage|p2a: Toxapex|61/100 brn|[from] brn
|upkeep
|turn|135
|
|t:|1616381469
|switch|p1a: Calyrex|Calyrex-Shadow|98/100
|-ability|p1a: Calyrex|As One
|-ability|p1a: Calyrex|Unnerve|p2: GallantGallade625
|move|p2a: Toxapex|Stockpile|p2a: Toxapex
|-start|p2a: Toxapex|stockpile1
|-boost|p2a: Toxapex|def|1
|-boost|p2a: Toxapex|spd|1
|
|-damage|p2a: Toxapex|55/100 brn|[from] brn
|upkeep
|turn|136
|
|t:|1616381481
|move|p1a: Calyrex|Astral Barrage|p2a: Toxapex
|-damage|p2a: Toxapex|23/100 brn
|move|p2a: Toxapex|Recover|p2a: Toxapex
|-heal|p2a: Toxapex|73/100 brn
|
|-damage|p2a: Toxapex|66/100 brn|[from] brn
|upkeep
|turn|137
|
|t:|1616381490
|move|p1a: Calyrex|Psyshock|p2a: Toxapex
|-supereffective|p2a: Toxapex
|-damage|p2a: Toxapex|20/100 brn
|move|p2a: Toxapex|Recover|p2a: Toxapex
|-heal|p2a: Toxapex|70/100 brn
|
|-damage|p2a: Toxapex|64/100 brn|[from] brn
|upkeep
|turn|138
|
|t:|1616381498
|move|p1a: Calyrex|Psyshock|p2a: Toxapex
|-supereffective|p2a: Toxapex
|-damage|p2a: Toxapex|15/100 brn
|move|p2a: Toxapex|Recover|p2a: Toxapex
|-heal|p2a: Toxapex|65/100 brn
|
|-damage|p2a: Toxapex|58/100 brn|[from] brn
|upkeep
|turn|139
|
|t:|1616381506
|switch|p2a: Yveltal|Yveltal|52/100
|-ability|p2a: Yveltal|Dark Aura
|move|p1a: Calyrex|Psyshock|p2a: Yveltal
|-immune|p2a: Yveltal
|
|upkeep
|turn|140
|
|t:|1616381514
|switch|p1a: Eternatus|Eternatus|74/100
|-ability|p1a: Eternatus|Pressure
|move|p2a: Yveltal|Roost|p2a: Yveltal
|-heal|p2a: Yveltal|100/100
|-singleturn|p2a: Yveltal|move: Roost
|
|upkeep
|turn|141
|inactive|Rell27 has 90 seconds left.
|
|t:|1616381523
|switch|p1a: Calyrex|Calyrex-Shadow|98/100
|-ability|p1a: Calyrex|As One
|-ability|p1a: Calyrex|Unnerve|p2: GallantGallade625
|switch|p2a: Toxapex|Toxapex, F|92/100 brn
|
|-damage|p2a: Toxapex|85/100 brn|[from] brn
|upkeep
|turn|142
|inactive|Rell27 has 90 seconds left.
|
|t:|1616381532
|move|p2a: Toxapex|Baneful Bunker|p2a: Toxapex
|-singleturn|p2a: Toxapex|move: Protect
|move|p1a: Calyrex|Psyshock|p2a: Toxapex
|-activate|p2a: Toxapex|move: Protect
|
|-damage|p2a: Toxapex|79/100 brn|[from] brn
|upkeep
|turn|143
|inactive|Rell27 has 90 seconds left.
|
|t:|1616381539
|switch|p2a: Yveltal|Yveltal|100/100
|-ability|p2a: Yveltal|Dark Aura
|move|p1a: Calyrex|Astral Barrage|p2a: Yveltal
|-resisted|p2a: Yveltal
|-crit|p2a: Yveltal
|-damage|p2a: Yveltal|61/100
|
|upkeep
|turn|144
|
|t:|1616381548
|switch|p1a: Eternatus|Eternatus|74/100
|-ability|p1a: Eternatus|Pressure
|switch|p2a: Toxapex|Toxapex, F|100/100 brn
|
|-damage|p2a: Toxapex|94/100 brn|[from] brn
|upkeep
|turn|145
|
|t:|1616381557
|switch|p1a: Calyrex|Calyrex-Shadow|98/100
|-ability|p1a: Calyrex|As One
|-ability|p1a: Calyrex|Unnerve|p2: GallantGallade625
|move|p2a: Toxapex|Liquidation|p1a: Calyrex
|-damage|p1a: Calyrex|86/100
|
|-damage|p2a: Toxapex|88/100 brn|[from] brn
|upkeep
|turn|146
|
|t:|1616381566
|move|p2a: Toxapex|Baneful Bunker|p2a: Toxapex
|-singleturn|p2a: Toxapex|move: Protect
|move|p1a: Calyrex|Psyshock|p2a: Toxapex
|-activate|p2a: Toxapex|move: Protect
|
|-damage|p2a: Toxapex|82/100 brn|[from] brn
|upkeep
|turn|147
|
|t:|1616381573
|switch|p1a: Eternatus|Eternatus|74/100
|-ability|p1a: Eternatus|Pressure
|move|p2a: Toxapex|Recover|p2a: Toxapex
|-heal|p2a: Toxapex|100/100 brn
|
|-damage|p2a: Toxapex|94/100 brn|[from] brn
|upkeep
|turn|148
|inactive|Rell27 has 90 seconds left.
|
|t:|1616381588
|move|p1a: Eternatus|Sludge Bomb|p2a: Toxapex
|-resisted|p2a: Toxapex
|-damage|p2a: Toxapex|79/100 brn
|move|p2a: Toxapex|Stockpile|p2a: Toxapex
|-start|p2a: Toxapex|stockpile1
|-boost|p2a: Toxapex|def|1
|-boost|p2a: Toxapex|spd|1
|
|-damage|p2a: Toxapex|73/100 brn|[from] brn
|upkeep
|turn|149
|j| Courtney Kagari
|
|t:|1616381597
|move|p1a: Eternatus|Recover|p1a: Eternatus
|-heal|p1a: Eternatus|100/100
|move|p2a: Toxapex|Stockpile|p2a: Toxapex
|-start|p2a: Toxapex|stockpile2
|-boost|p2a: Toxapex|def|1
|-boost|p2a: Toxapex|spd|1
|
|-damage|p2a: Toxapex|66/100 brn|[from] brn
|upkeep
|turn|150
|
|t:|1616381606
|switch|p1a: Calyrex|Calyrex-Shadow|86/100
|-ability|p1a: Calyrex|As One
|-ability|p1a: Calyrex|Unnerve|p2: GallantGallade625
|move|p2a: Toxapex|Stockpile|p2a: Toxapex
|-start|p2a: Toxapex|stockpile3
|-boost|p2a: Toxapex|def|1
|-boost|p2a: Toxapex|spd|1
|
|-damage|p2a: Toxapex|60/100 brn|[from] brn
|upkeep
|turn|151
|inactive|GallantGallade625 has 90 seconds left.
|
|t:|1616381617
|move|p1a: Calyrex|Psyshock|p2a: Toxapex
|-supereffective|p2a: Toxapex
|-damage|p2a: Toxapex|34/100 brn
|move|p2a: Toxapex|Recover|p2a: Toxapex
|-heal|p2a: Toxapex|84/100 brn
|
|-damage|p2a: Toxapex|78/100 brn|[from] brn
|upkeep
|turn|152
|inactive|GallantGallade625 has 90 seconds left.
|
|t:|1616381625
|move|p2a: Toxapex|Baneful Bunker|p2a: Toxapex
|-singleturn|p2a: Toxapex|move: Protect
|move|p1a: Calyrex|Psyshock|p2a: Toxapex
|-activate|p2a: Toxapex|move: Protect
|
|-damage|p2a: Toxapex|72/100 brn|[from] brn
|upkeep
|turn|153
|inactive|GallantGallade625 has 90 seconds left.
|
|t:|1616381632
|move|p1a: Calyrex|Psyshock|p2a: Toxapex
|-supereffective|p2a: Toxapex
|-damage|p2a: Toxapex|44/100 brn
|move|p2a: Toxapex|Recover|p2a: Toxapex
|-heal|p2a: Toxapex|94/100 brn
|
|-damage|p2a: Toxapex|87/100 brn|[from] brn
|upkeep
|turn|154
|inactive|GallantGallade625 has 90 seconds left.
|
|t:|1616381640
|switch|p1a: Necrozma|Necrozma-Dusk-Mane|100/100
|switch|p2a: Yveltal|Yveltal|61/100
|-ability|p2a: Yveltal|Dark Aura
|
|upkeep
|turn|155
|inactive|GallantGallade625 has 90 seconds left.
|
|t:|1616381648
|switch|p1a: Eternatus|Eternatus|100/100
|-ability|p1a: Eternatus|Pressure
|move|p2a: Yveltal|Knock Off|p1a: Eternatus
|-damage|p1a: Eternatus|62/100
|
|upkeep
|turn|156
|inactive|GallantGallade625 has 90 seconds left.
|
|t:|1616381655
|switch|p2a: Toxapex|Toxapex, F|100/100 brn
|move|p1a: Eternatus|Dynamax Cannon|p2a: Toxapex
|-damage|p2a: Toxapex|68/100 brn
|
|-damage|p2a: Toxapex|61/100 brn|[from] brn
|upkeep
|turn|157
|inactive|GallantGallade625 has 90 seconds left.
|
|t:|1616381663
|move|p1a: Eternatus|Recover|p1a: Eternatus
|-heal|p1a: Eternatus|100/100
|move|p2a: Toxapex|Stockpile|p2a: Toxapex
|-start|p2a: Toxapex|stockpile1
|-boost|p2a: Toxapex|def|1
|-boost|p2a: Toxapex|spd|1
|
|-damage|p2a: Toxapex|55/100 brn|[from] brn
|upkeep
|turn|158
|inactive|GallantGallade625 has 90 seconds left.
|
|t:|1616381698
|switch|p1a: Calyrex|Calyrex-Shadow|86/100
|-ability|p1a: Calyrex|As One
|-ability|p1a: Calyrex|Unnerve|p2: GallantGallade625
|move|p2a: Toxapex|Stockpile|p2a: Toxapex
|-start|p2a: Toxapex|stockpile2
|-boost|p2a: Toxapex|def|1
|-boost|p2a: Toxapex|spd|1
|
|-damage|p2a: Toxapex|49/100 brn|[from] brn
|upkeep
|turn|159
|inactive|GallantGallade625 has 60 seconds left.
|
|t:|1616381710
|move|p1a: Calyrex|Psyshock|p2a: Toxapex
|-supereffective|p2a: Toxapex
|-damage|p2a: Toxapex|13/100 brn
|move|p2a: Toxapex|Recover|p2a: Toxapex
|-heal|p2a: Toxapex|63/100 brn
|
|-damage|p2a: Toxapex|57/100 brn|[from] brn
|upkeep
|turn|160
|inactive|GallantGallade625 has 60 seconds left.
|inactive|Rell27 has 90 seconds left.
|inactive|Rell27 has 60 seconds left.
|
|t:|1616381760
|move|p1a: Calyrex|Psyshock|p2a: Toxapex
|-supereffective|p2a: Toxapex
|-damage|p2a: Toxapex|23/100 brn
|move|p2a: Toxapex|Recover|p2a: Toxapex
|-heal|p2a: Toxapex|73/100 brn
|
|-damage|p2a: Toxapex|67/100 brn|[from] brn
|upkeep
|turn|161
|inactive|Rell27 has 60 seconds left.
|inactive|GallantGallade625 has 60 seconds left.
|
|t:|1616381770
|switch|p2a: Yveltal|Yveltal|61/100
|-ability|p2a: Yveltal|Dark Aura
|move|p1a: Calyrex|Psyshock|p2a: Yveltal
|-immune|p2a: Yveltal
|
|upkeep
|turn|162
|inactive|GallantGallade625 has 60 seconds left.
|
|t:|1616381777
|switch|p1a: Eternatus|Eternatus|100/100
|-ability|p1a: Eternatus|Pressure
|switch|p2a: Toxapex|Toxapex, F|99/100 brn
|
|-damage|p2a: Toxapex|94/100 brn|[from] brn
|upkeep
|turn|163
|inactive|Rell27 has 60 seconds left.
|inactive|GallantGallade625 has 60 seconds left.
|
|t:|1616381789
|switch|p2a: Yveltal|Yveltal|61/100
|-ability|p2a: Yveltal|Dark Aura
|move|p1a: Eternatus|Dynamax Cannon|p2a: Yveltal
|-damage|p2a: Yveltal|23/100
|
|upkeep
|turn|164
|inactive|Rell27 has 30 seconds left.
|
|t:|1616381821
|switch|p2a: Toxapex|Toxapex, F|100/100 brn
|move|p1a: Eternatus|Flamethrower|p2a: Toxapex
|-resisted|p2a: Toxapex
|-damage|p2a: Toxapex|90/100 brn
|
|-damage|p2a: Toxapex|84/100 brn|[from] brn
|upkeep
|turn|165
|
|t:|1616381828
|switch|p1a: Calyrex|Calyrex-Shadow|86/100
|-ability|p1a: Calyrex|As One
|-ability|p1a: Calyrex|Unnerve|p2: GallantGallade625
|move|p2a: Toxapex|Liquidation|p1a: Calyrex
|-damage|p1a: Calyrex|74/100
|
|-damage|p2a: Toxapex|78/100 brn|[from] brn
|upkeep
|turn|166
|inactive|Rell27 has 30 seconds left.
|inactive|Rell27 has 20 seconds left.
|
|t:|1616381849
|switch|p2a: Yveltal|Yveltal|23/100
|-ability|p2a: Yveltal|Dark Aura
|move|p1a: Calyrex|Psyshock|p2a: Yveltal
|-immune|p2a: Yveltal
|
|upkeep
|turn|167
|inactive|Rell27 has 25 seconds left this turn.
|
|t:|1616381856
|switch|p2a: Toxapex|Toxapex, F|100/100 brn
|move|p1a: Calyrex|Astral Barrage|p2a: Toxapex
|-damage|p2a: Toxapex|54/100 brn
|
|-damage|p2a: Toxapex|48/100 brn|[from] brn
|upkeep
|turn|168
|inactive|Rell27 has 30 seconds left this turn.
|
|t:|1616381865
|move|p2a: Toxapex|Baneful Bunker|p2a: Toxapex
|-singleturn|p2a: Toxapex|move: Protect
|move|p1a: Calyrex|Psyshock|p2a: Toxapex
|-activate|p2a: Toxapex|move: Protect
|
|-damage|p2a: Toxapex|42/100 brn|[from] brn
|upkeep
|turn|169
|inactive|Rell27 has 30 seconds left.
|inactive|Rell27 has 20 seconds left.
|inactive|Rell27 has 15 seconds left.
|
|t:|1616381886
|switch|p2a: Yveltal|Yveltal|23/100
|-ability|p2a: Yveltal|Dark Aura
|move|p1a: Calyrex|Psyshock|p2a: Yveltal
|-immune|p2a: Yveltal
|
|upkeep
|turn|170
|inactive|Rell27 has 20 seconds left this turn.
|
|t:|1616381896
|switch|p1a: Eternatus|Eternatus|100/100
|-ability|p1a: Eternatus|Pressure
|move|p2a: Yveltal|Knock Off|p1a: Eternatus
|-damage|p1a: Eternatus|67/100
|
|upkeep
|turn|171
|inactive|Rell27 has 25 seconds left this turn.
|inactive|Rell27 has 20 seconds left.
|inactive|Rell27 has 15 seconds left.
|
|t:|1616381909
|switch|p2a: Toxapex|Toxapex, F|75/100 brn
|move|p1a: Eternatus|Flamethrower|p2a: Toxapex
|-resisted|p2a: Toxapex
|-damage|p2a: Toxapex|64/100 brn
|
|-damage|p2a: Toxapex|57/100 brn|[from] brn
|upkeep
|turn|172
|inactive|Rell27 has 20 seconds left this turn.
|
|t:|1616381917
|switch|p1a: Necrozma|Necrozma-Dusk-Mane|100/100
|move|p2a: Toxapex|Baneful Bunker||[still]
|-fail|p2a: Toxapex
|
|-damage|p2a: Toxapex|51/100 brn|[from] brn
|upkeep
|turn|173
|inactive|Rell27 has 25 seconds left this turn.
|
|t:|1616381924
|move|p1a: Necrozma|Sunsteel Strike|p2a: Toxapex
|-resisted|p2a: Toxapex
|-damage|p2a: Toxapex|30/100 brn
|move|p2a: Toxapex|Recover|p2a: Toxapex
|-heal|p2a: Toxapex|80/100 brn
|
|-damage|p2a: Toxapex|74/100 brn|[from] brn
|upkeep
|turn|174
|inactive|Rell27 has 30 seconds left this turn.
|
|t:|1616381934
|move|p2a: Toxapex|Baneful Bunker|p2a: Toxapex
|-singleturn|p2a: Toxapex|move: Protect
|move|p1a: Necrozma|Stealth Rock|p2a: Toxapex
|-sidestart|p2: GallantGallade625|move: Stealth Rock
|
|-damage|p2a: Toxapex|68/100 brn|[from] brn
|upkeep
|turn|175
|inactive|Rell27 has 30 seconds left this turn.
|
|t:|1616381940
|move|p2a: Toxapex|Baneful Bunker|p2a: Toxapex
|-singleturn|p2a: Toxapex|move: Protect
|move|p1a: Necrozma|Sunsteel Strike|p2a: Toxapex
|-activate|p2a: Toxapex|move: Protect
|
|-damage|p2a: Toxapex|62/100 brn|[from] brn
|upkeep
|turn|176
|inactive|Rell27 has 30 seconds left.
|inactive|Rell27 has 20 seconds left.
|inactive|Rell27 has 15 seconds left.
|
|t:|1616381964
|switch|p2a: Yveltal|Yveltal|23/100
|-ability|p2a: Yveltal|Dark Aura
|move|p1a: Necrozma|Sunsteel Strike|p2a: Yveltal
|-damage|p2a: Yveltal|0 fnt
|faint|p2a: Yveltal
|
|upkeep
|inactive|Rell27 has 20 seconds left this turn.
|
|t:|1616381973
|switch|p2a: Marshadow|Marshadow|100/100
|-damage|p2a: Marshadow|94/100|[from] Stealth Rock
|turn|177
|inactive|Rell27 has 25 seconds left this turn.
|inactive|Rell27 has 20 seconds left.
|
|t:|1616381981
|move|p2a: Marshadow|Spectral Thief|p1a: Necrozma
|-supereffective|p1a: Necrozma
|-damage|p1a: Necrozma|63/100
|-damage|p2a: Marshadow|78/100|[from] item: Rocky Helmet|[of] p1a: Necrozma
|move|p1a: Necrozma|Sunsteel Strike|p2a: Marshadow
|-damage|p2a: Marshadow|12/100
|
|upkeep
|turn|178
|inactive|Rell27 has 25 seconds left this turn.
|c|☆GallantGallade625|crit pls
|
|t:|1616381995
|move|p2a: Marshadow|Spectral Thief|p1a: Necrozma
|-supereffective|p1a: Necrozma
|-damage|p1a: Necrozma|23/100
|-damage|p2a: Marshadow|0 fnt|[from] item: Rocky Helmet|[of] p1a: Necrozma
|faint|p2a: Marshadow
|move|p1a: Necrozma|Sunsteel Strike|p2: Marshadow|[notarget]
|-fail|p1a: Necrozma
|
|upkeep
|inactive|Rell27 has 30 seconds left this turn.
|
|t:|1616382003
|switch|p2a: Toxapex|Toxapex, F|95/100 brn
|-damage|p2a: Toxapex|82/100 brn|[from] Stealth Rock
|turn|179
|inactive|Rell27 has 30 seconds left.
|
|t:|1616382012
|switch|p1a: Calyrex|Calyrex-Shadow|74/100
|-ability|p1a: Calyrex|As One
|-ability|p1a: Calyrex|Unnerve|p2: GallantGallade625
|move|p2a: Toxapex|Stockpile|p2a: Toxapex
|-start|p2a: Toxapex|stockpile1
|-boost|p2a: Toxapex|def|1
|-boost|p2a: Toxapex|spd|1
|
|-damage|p2a: Toxapex|76/100 brn|[from] brn
|upkeep
|turn|180
|
|t:|1616382023
|move|p1a: Calyrex|Substitute|p1a: Calyrex
|-start|p1a: Calyrex|Substitute
|-damage|p1a: Calyrex|49/100
|move|p2a: Toxapex|Stockpile|p2a: Toxapex
|-start|p2a: Toxapex|stockpile2
|-boost|p2a: Toxapex|def|1
|-boost|p2a: Toxapex|spd|1
|
|-damage|p2a: Toxapex|70/100 brn|[from] brn
|upkeep
|turn|181
|
|t:|1616382032
|move|p2a: Toxapex|Baneful Bunker|p2a: Toxapex
|-singleturn|p2a: Toxapex|move: Protect
|move|p1a: Calyrex|Psyshock|p2a: Toxapex
|-activate|p2a: Toxapex|move: Protect
|
|-damage|p2a: Toxapex|64/100 brn|[from] brn
|upkeep
|turn|182
|c|☆GallantGallade625|wsmfh
|c|☆GallantGallade625|smfh
|
|t:|1616382050
|move|p1a: Calyrex|Psyshock|p2a: Toxapex
|-supereffective|p2a: Toxapex
|-damage|p2a: Toxapex|28/100 brn
|move|p2a: Toxapex|Stockpile|p2a: Toxapex
|-start|p2a: Toxapex|stockpile3
|-boost|p2a: Toxapex|def|1
|-boost|p2a: Toxapex|spd|1
|
|-damage|p2a: Toxapex|22/100 brn|[from] brn
|upkeep
|turn|183
|
|t:|1616382059
|switch|p1a: Eternatus|Eternatus|67/100
|-ability|p1a: Eternatus|Pressure
|move|p2a: Toxapex|Baneful Bunker||[still]
|-fail|p2a: Toxapex
|
|-damage|p2a: Toxapex|16/100 brn|[from] brn
|upkeep
|turn|184
|-message|GallantGallade625 forfeited.
|
|win|Rell27
|raw|Rell27's rating: 1522 &rarr; <strong>1532</strong><br />(+10 for winning)
|raw|GallantGallade625's rating: 1331 &rarr; <strong>1321</strong><br />(-10 for losing)
|l|☆GallantGallade625
