|j|☆Inder
|j|☆Nael222
|t:|1665958347
|gametype|singles
|player|p1|Inder|rosa-pokestar|
|player|p2|Nael222|102|
|teamsize|p1|6
|teamsize|p2|6
|gen|8
|tier|[Gen 8] Ubers
|rule|Sleep Clause Mod: Limit one foe put to sleep
|rule|Species Clause: Limit one of each Pokémon
|rule|OHKO Clause: OHKO moves are banned
|rule|Evasion Items Clause: Evasion items are banned
|rule|Evasion Moves Clause: Evasion moves are banned
|rule|Endless Battle Clause: Forcing endless battles is banned
|rule|HP Percentage Mod: HP is shown in percentages
|rule|Dynamax Clause: You cannot dynamax
|clearpoke
|poke|p1|Mew|
|poke|p1|Yveltal|
|poke|p1|Kyogre|
|poke|p1|Calyrex-Shadow|
|poke|p1|Zamazenta-*|
|poke|p1|Eternatus|
|poke|p2|Yveltal|
|poke|p2|Ho-Oh|
|poke|p2|Necrozma-Dusk-Mane|
|poke|p2|Kyogre|
|poke|p2|Eternatus|
|poke|p2|Zygarde|
|teampreview
|inactive|Battle timer is ON: inactive players will automatically lose when time's up. (requested by Inder)
|c|☆Inder|hf
|j| Jojos ㋛
|j| lemonstre1
|j| Two-ton rebel
|j|+kino
|j| truc115
|j| Bhalal
|j| Giga㋛Chandelure-☂
|j|@ironwater
|c| Jojos ㋛|bon anniv indercover
|j| Damflame
|j| OmBrArch
|c|☆Nael222|hf
|j| Aegis Top 10
|j| Hyss
|inactive|Inder has 270 seconds left.
|inactive|Nael222 has 270 seconds left.
|j| edgerunner lulu
|j| Sirwings
|c|+kino|bon anniv jojos
|c|☆Inder|c plus mon aniv la
|j| Micciu20250
|j|+Dragonillis
|j| Rondoudou
|c| Giga㋛Chandelure-☂|joyeux non-anniversaire dans ce cas
|j| BTLT51 RL
|j| Gelbel3c
|c| Micciu20250|Bon inder
|c| Micciu20250|mon pote
|inactive|Nael222 has 240 seconds left.
|j| Profdesinnoh
|c| Profdesinnoh|Je reconnais
|l| Two-ton rebel
|c| Profdesinnoh|C'est encore une easy win ça
|j| Jfjebf
|j| Wesh papillon
|j| ChaFouu
|c|+Dragonillis|Attention au karma
|j|+Apagogie
|inactive|Nael222 has 210 seconds left.
|c| ChaFouu|LGI NAEL
|c| Micciu20250|Tu nous as curse
|c| Micciu20250|gg
|l| Jfjebf
|c| Profdesinnoh|Huh ?
|c|☆Inder|ok chafouuu
|c| Profdesinnoh|Lulu a gagné quand j'ai dit ça
|c| Micciu20250|VAS Y NAEL
|c|☆Inder|jpensais on etait copain
|
|t:|1665958460
|start
|switch|p1a: 蓋歐卡|Kyogre|100/100
|switch|p2a: Eternatus|Eternatus|100/100
|-ability|p2a: Eternatus|Pressure
|-weather|RainDance|[from] ability: Drizzle|[of] p1a: 蓋歐卡
|turn|1
|c| Sirwings|pq t'as lose Inder
|
|t:|1665958464
|switch|p1a: 無極汰那|Eternatus|100/100
|-ability|p1a: 無極汰那|Pressure
|move|p2a: Eternatus|Draco Meteor|p1a: 無極汰那
|-supereffective|p1a: 無極汰那
|-damage|p1a: 無極汰那|0 fnt
|-unboost|p2a: Eternatus|spa|2
|-enditem|p2a: Eternatus|Eject Pack
|faint|p1a: 無極汰那
|j| Emeral
|c| ChaFouu|je serai content si tu gagnes aussi...
|c| Sirwings|?
|c| Profdesinnoh|Désolé je ne suis qu'un homme Inder
|c| Profdesinnoh|OLÉ
|
|t:|1665958478
|switch|p2a: Yveltal|Yveltal|100/100
|-ability|p2a: Yveltal|Dark Aura
|
|-weather|RainDance|[upkeep]
|upkeep
|
|t:|1665958486
|switch|p1a: 夢幻|Mew|100/100
|turn|2
|l| Hyss
|
|t:|1665958491
|move|p1a: 夢幻|Spikes|p2a: Yveltal
|-sidestart|p2: Nael222|Spikes
|move|p2a: Yveltal|Knock Off|p1a: 夢幻
|-supereffective|p1a: 夢幻
|-damage|p1a: 夢幻|7/100
|-enditem|p1a: 夢幻|Focus Sash|[from] move: Knock Off|[of] p2a: Yveltal
|
|-weather|RainDance|[upkeep]
|upkeep
|turn|3
|
|t:|1665958496
|move|p1a: 夢幻|Thunder Wave|p2a: Yveltal
|-status|p2a: Yveltal|par
|move|p2a: Yveltal|U-turn|p1a: 夢幻
|-supereffective|p1a: 夢幻
|-damage|p1a: 夢幻|0 fnt
|faint|p1a: 夢幻
|c| Profdesinnoh|D'où il tient ?
|l| Wesh papillon
|c| OmBrArch|Eledyr ?
|
|t:|1665958503
|switch|p2a: Eternatus|Eternatus|100/100|[from]move: U-turn
|-damage|p2a: Eternatus|88/100|[from] Spikes
|-ability|p2a: Eternatus|Pressure
|
|-weather|RainDance|[upkeep]
|upkeep
|c| Profdesinnoh|C'est n'imp ça
|c| ChaFouu|c'est Mew
|
|t:|1665958509
|switch|p1a: 騎黑馬的樣子|Calyrex-Shadow|100/100
|-ability|p1a: 騎黑馬的樣子|As One
|-ability|p1a: 騎黑馬的樣子|Unnerve
|turn|4
|c| Profdesinnoh|C'est yveltal
|c| edgerunner lulu|c'est nike
|
|t:|1665958518
|switch|p1a: 腐朽的盾|Zamazenta-Crowned|100/100
|-ability|p1a: 腐朽的盾|Dauntless Shield|boost
|-boost|p1a: 腐朽的盾|def|1
|switch|p2a: Ho-Oh|Ho-Oh|100/100
|
|-weather|RainDance|[upkeep]
|upkeep
|turn|5
|c| Jojos ㋛|gooo le i
|
|t:|1665958524
|move|p1a: 腐朽的盾|Substitute|p1a: 腐朽的盾
|-start|p1a: 腐朽的盾|Substitute
|-damage|p1a: 腐朽的盾|76/100
|move|p2a: Ho-Oh|Sacred Fire|p1a: 腐朽的盾
|-supereffective|p1a: 腐朽的盾
|-activate|p1a: 腐朽的盾|move: Substitute|[damage]
|
|-weather|none
|upkeep
|turn|6
|j| OUTD Thomas9779
|c| Profdesinnoh|Il a free
|c| ChaFouu|Nael t'es chaud de drop le paste sur le serv ?
|c| Profdesinnoh|Il a tout compri
|c| Profdesinnoh|Huh
|c| Profdesinnoh|+s
|
|t:|1665958537
|switch|p1a: 蓋歐卡|Kyogre|100/100
|-weather|RainDance|[from] ability: Drizzle|[of] p1a: 蓋歐卡
|move|p2a: Ho-Oh|Sacred Fire|p1a: 蓋歐卡
|-resisted|p1a: 蓋歐卡
|-damage|p1a: 蓋歐卡|88/100
|
|-weather|RainDance|[upkeep]
|-heal|p1a: 蓋歐卡|94/100|[from] item: Leftovers
|upkeep
|turn|7
|c| Profdesinnoh|Cette chatte
|
|t:|1665958547
|switch|p2a: Eternatus|Eternatus|88/100
|-damage|p2a: Eternatus|76/100|[from] Spikes
|-ability|p2a: Eternatus|Pressure
|move|p1a: 蓋歐卡|Substitute|p1a: 蓋歐卡
|-start|p1a: 蓋歐卡|Substitute
|-damage|p1a: 蓋歐卡|69/100
|
|-weather|RainDance|[upkeep]
|-heal|p1a: 蓋歐卡|76/100|[from] item: Leftovers
|upkeep
|turn|8
|
|t:|1665958552
|move|p2a: Eternatus|Draco Meteor|p1a: 蓋歐卡
|-end|p1a: 蓋歐卡|Substitute
|-unboost|p2a: Eternatus|spa|2
|move|p1a: 蓋歐卡|Thunder Wave|p2a: Eternatus
|-status|p2a: Eternatus|par
|
|-weather|RainDance|[upkeep]
|-heal|p1a: 蓋歐卡|82/100|[from] item: Leftovers
|upkeep
|turn|9
|c| Profdesinnoh|D'où on a pas brûlé le sub ?
|c| ChaFouu|cimer
|c| Jojos ㋛|goatcover
|
|t:|1665958566
|switch|p2a: Kyogre|Kyogre|100/100
|-damage|p2a: Kyogre|88/100|[from] Spikes
|move|p1a: 蓋歐卡|Substitute|p1a: 蓋歐卡
|-start|p1a: 蓋歐卡|Substitute
|-damage|p1a: 蓋歐卡|57/100
|
|-weather|RainDance|[upkeep]
|-heal|p1a: 蓋歐卡|63/100|[from] item: Leftovers
|upkeep
|turn|10
|j| AzZoCcX
|
|t:|1665958572
|move|p1a: 蓋歐卡|Thunder Wave|p2a: Kyogre
|-status|p2a: Kyogre|par
|move|p2a: Kyogre|Thunder|p1a: 蓋歐卡
|-supereffective|p1a: 蓋歐卡
|-end|p1a: 蓋歐卡|Substitute
|
|-weather|none
|-heal|p1a: 蓋歐卡|69/100|[from] item: Leftovers
|upkeep
|turn|11
|c| edgerunner lulu|on m'avait juré que sacred fire était un move magique
|
|t:|1665958575
|move|p1a: 蓋歐卡|Substitute|p1a: 蓋歐卡
|-start|p1a: 蓋歐卡|Substitute
|-damage|p1a: 蓋歐卡|44/100
|cant|p2a: Kyogre|par
|
|-heal|p1a: 蓋歐卡|50/100|[from] item: Leftovers
|upkeep
|turn|12
|
|t:|1665958581
|switch|p2a: Zygarde|Zygarde|100/100
|-damage|p2a: Zygarde|88/100|[from] Spikes
|move|p1a: 蓋歐卡|Calm Mind|p1a: 蓋歐卡
|-boost|p1a: 蓋歐卡|spa|1
|-boost|p1a: 蓋歐卡|spd|1
|
|-heal|p1a: 蓋歐卡|57/100|[from] item: Leftovers
|-heal|p2a: Zygarde|94/100|[from] item: Leftovers
|upkeep
|turn|13
|
|t:|1665958587
|move|p1a: 蓋歐卡|Calm Mind|p1a: 蓋歐卡
|-boost|p1a: 蓋歐卡|spa|1
|-boost|p1a: 蓋歐卡|spd|1
|move|p2a: Zygarde|Thousand Arrows|p1a: 蓋歐卡
|-end|p1a: 蓋歐卡|Substitute
|
|-heal|p1a: 蓋歐卡|63/100|[from] item: Leftovers
|-heal|p2a: Zygarde|99/100|[from] item: Leftovers
|upkeep
|turn|14
|c| Profdesinnoh|Ben ouais c'est sacré en même temps
|c|+kino|burn
|
|t:|1665958596
|move|p1a: 蓋歐卡|Origin Pulse|p2a: Zygarde
|-damage|p2a: Zygarde|0 fnt
|faint|p2a: Zygarde
|
|-heal|p1a: 蓋歐卡|69/100|[from] item: Leftovers
|upkeep
|c| Profdesinnoh|bon
|c|+kino|gg
|
|t:|1665958610
|switch|p2a: Kyogre|Kyogre|88/100 par
|-damage|p2a: Kyogre|76/100 par|[from] Spikes
|-weather|RainDance|[from] ability: Drizzle|[of] p2a: Kyogre
|turn|15
|c| Profdesinnoh|Ah vrmt ?
|
|t:|1665958621
|move|p1a: 蓋歐卡|Substitute|p1a: 蓋歐卡
|-start|p1a: 蓋歐卡|Substitute
|-damage|p1a: 蓋歐卡|44/100
|move|p2a: Kyogre|Thunder|p1a: 蓋歐卡
|-supereffective|p1a: 蓋歐卡
|-end|p1a: 蓋歐卡|Substitute
|
|-weather|RainDance|[upkeep]
|-heal|p1a: 蓋歐卡|50/100|[from] item: Leftovers
|upkeep
|turn|16
|
|t:|1665958624
|move|p1a: 蓋歐卡|Substitute|p1a: 蓋歐卡
|-start|p1a: 蓋歐卡|Substitute
|-damage|p1a: 蓋歐卡|25/100
|move|p2a: Kyogre|Thunder|p1a: 蓋歐卡
|-supereffective|p1a: 蓋歐卡
|-end|p1a: 蓋歐卡|Substitute
|
|-weather|RainDance|[upkeep]
|-heal|p1a: 蓋歐卡|31/100|[from] item: Leftovers
|upkeep
|turn|17
|
|t:|1665958626
|move|p1a: 蓋歐卡|Substitute|p1a: 蓋歐卡
|-start|p1a: 蓋歐卡|Substitute
|-damage|p1a: 蓋歐卡|6/100
|move|p2a: Kyogre|Thunder|p1a: 蓋歐卡
|-supereffective|p1a: 蓋歐卡
|-end|p1a: 蓋歐卡|Substitute
|
|-weather|RainDance|[upkeep]
|-heal|p1a: 蓋歐卡|13/100|[from] item: Leftovers
|upkeep
|turn|18
|
|t:|1665958628
|move|p1a: 蓋歐卡|Origin Pulse|p2a: Kyogre
|-resisted|p2a: Kyogre
|-damage|p2a: Kyogre|4/100 par
|move|p2a: Kyogre|Thunder|p1a: 蓋歐卡
|-supereffective|p1a: 蓋歐卡
|-damage|p1a: 蓋歐卡|0 fnt
|faint|p1a: 蓋歐卡
|
|-weather|RainDance|[upkeep]
|upkeep
|l| Damflame
|c| Jojos ㋛|le I!!!
|c| Profdesinnoh|Ce
|c| edgerunner lulu|voilààà
|c| Profdesinnoh|Héros
|j| Damflame
|c| edgerunner lulu|du bon pokemon showdown ça
|c|+kino|lucky and bad
|c| Profdesinnoh|Un super super héros même
|l| Damflame
|c| edgerunner lulu|on highroll plutot bien
|inactive|Inder has 270 seconds left.
|
|t:|1665958660
|switch|p1a: 伊裴爾塔爾|Yveltal|100/100
|-ability|p1a: 伊裴爾塔爾|Dark Aura
|turn|19
|c| Profdesinnoh|Kyogre is a BEAST
|
|t:|1665958663
|move|p1a: 伊裴爾塔爾|Dark Pulse|p2a: Kyogre
|-damage|p2a: Kyogre|0 fnt
|faint|p2a: Kyogre
|-damage|p1a: 伊裴爾塔爾|91/100|[from] item: Life Orb
|
|-weather|none
|upkeep
|c| Profdesinnoh|Ah
|
|t:|1665958670
|switch|p2a: Ho-Oh|Ho-Oh|100/100
|turn|20
|l| truc115
|j| Damflame
|c| Profdesinnoh|Le yveltal a pris plus sur la LO que Kyogre
|c| Profdesinnoh|N'imp
|
|t:|1665958680
|move|p1a: 伊裴爾塔爾|Dark Pulse|p2a: Ho-Oh
|-damage|p2a: Ho-Oh|63/100
|-damage|p1a: 伊裴爾塔爾|81/100|[from] item: Life Orb
|move|p2a: Ho-Oh|Thunder Wave|p1a: 伊裴爾塔爾
|-status|p1a: 伊裴爾塔爾|par
|
|upkeep
|turn|21
|c| Jojos ㋛|le hax comme ça sam degoute
|
|t:|1665958689
|move|p2a: Ho-Oh|Defog|p1a: 伊裴爾塔爾
|-unboost|p1a: 伊裴爾塔爾|evasion|1
|-sideend|p2: Nael222|Spikes|[from] move: Defog|[of] p2a: Ho-Oh
|move|p1a: 伊裴爾塔爾|Oblivion Wing|p2a: Ho-Oh
|-damage|p2a: Ho-Oh|32/100
|-heal|p1a: 伊裴爾塔爾|100/100 par|[from] drain|[of] p2a: Ho-Oh
|-damage|p1a: 伊裴爾塔爾|91/100 par|[from] item: Life Orb
|
|upkeep
|turn|22
|
|t:|1665958695
|switch|p2a: Eternatus|Eternatus|76/100 par
|-ability|p2a: Eternatus|Pressure
|switch|p1a: 腐朽的盾|Zamazenta-Crowned|76/100
|-ability|p1a: 腐朽的盾|Dauntless Shield|boost
|-boost|p1a: 腐朽的盾|def|1
|
|upkeep
|turn|23
|j| truc115
|c| edgerunner lulu|sam c'est un prénom
|c| Profdesinnoh|How
|c| edgerunner lulu|t'as rien compris jojos
|
|t:|1665958707
|move|p1a: 腐朽的盾|Howl|p1a: 腐朽的盾
|-boost|p1a: 腐朽的盾|atk|1
|move|p2a: Eternatus|Flamethrower|p1a: 腐朽的盾
|-supereffective|p1a: 腐朽的盾
|-damage|p1a: 腐朽的盾|33/100
|
|upkeep
|turn|24
|c| Giga㋛Chandelure-☂|(contrairement à free)
|
|t:|1665958710
|move|p1a: 腐朽的盾|Behemoth Bash|p2a: Eternatus
|-damage|p2a: Eternatus|18/100 par
|cant|p2a: Eternatus|par
|
|upkeep
|turn|25
|c| Profdesinnoh|HUH
|c| Jojos ㋛|bien vu
|
|t:|1665958725
|move|p1a: 腐朽的盾|Behemoth Bash|p2a: Eternatus
|-damage|p2a: Eternatus|0 fnt
|faint|p2a: Eternatus
|
|upkeep
|c|@ironwater|vous auriez pu chall en blitz aussi
|
|t:|1665958729
|switch|p2a: Ho-Oh|Ho-Oh|66/100
|turn|26
|c| Profdesinnoh|C'pas sympa ça
|c|@ironwater|à ce niveau là
|c| Profdesinnoh|Ouais j'avoue
|c| Jojos ㋛|yellow magik
|j| Heerv
|
|t:|1665958747
|move|p1a: 腐朽的盾|Close Combat|p2a: Ho-Oh
|-resisted|p2a: Ho-Oh
|-damage|p2a: Ho-Oh|33/100
|-unboost|p1a: 腐朽的盾|def|1
|-unboost|p1a: 腐朽的盾|spd|1
|move|p2a: Ho-Oh|Sacred Fire|p1a: 腐朽的盾
|-supereffective|p1a: 腐朽的盾
|-damage|p1a: 腐朽的盾|0 fnt
|faint|p1a: 腐朽的盾
|
|upkeep
|
|t:|1665958750
|switch|p1a: 伊裴爾塔爾|Yveltal|91/100 par
|-ability|p1a: 伊裴爾塔爾|Dark Aura
|turn|27
|c| Profdesinnoh|Nan mais je spam tellement qu'ils passent les tours pour ne pas voir mes coms
|c| ChaFouu|tu parles trop Prof
|c| Profdesinnoh|Tg
|
|t:|1665958773
|switch|p2a: Necrozma|Necrozma-Dusk-Mane|100/100
|move|p1a: 伊裴爾塔爾|Dark Pulse|p2a: Necrozma
|-supereffective|p2a: Necrozma
|-damage|p2a: Necrozma|29/100
|-enditem|p2a: Necrozma|Eject Button
|-damage|p1a: 伊裴爾塔爾|81/100 par|[from] item: Life Orb
|
|t:|1665958776
|switch|p2a: Ho-Oh|Ho-Oh|66/100
|
|upkeep
|turn|28
|
|t:|1665958780
|move|p2a: Ho-Oh|Brave Bird|p1a: 伊裴爾塔爾
|-damage|p1a: 伊裴爾塔爾|25/100 par
|-damage|p2a: Ho-Oh|49/100|[from] Recoil
|move|p1a: 伊裴爾塔爾|Oblivion Wing|p2a: Ho-Oh
|-damage|p2a: Ho-Oh|18/100
|-heal|p1a: 伊裴爾塔爾|49/100 par|[from] drain|[of] p2a: Ho-Oh
|-damage|p1a: 伊裴爾塔爾|39/100 par|[from] item: Life Orb
|
|upkeep
|turn|29
|
|t:|1665958788
|move|p1a: 伊裴爾塔爾|Sucker Punch|p2a: Ho-Oh
|-damage|p2a: Ho-Oh|0 fnt
|faint|p2a: Ho-Oh
|-damage|p1a: 伊裴爾塔爾|29/100 par|[from] item: Life Orb
|
|upkeep
|j| BlessyZ
|
|t:|1665958791
|switch|p2a: Necrozma|Necrozma-Dusk-Mane|29/100
|turn|30
|l| Damflame
|c| Profdesinnoh|Allez !!!
|j| Damflame
|l| OUTD Thomas9779
|inactive|Nael222 has 270 seconds left.
|c| Profdesinnoh|Crit le calyrex qu'on en parle plus
|
|t:|1665958827
|move|p1a: 伊裴爾塔爾|Sucker Punch||[still]
|-fail|p1a: 伊裴爾塔爾
|move|p2a: Necrozma|Moonlight|p2a: Necrozma
|-heal|p2a: Necrozma|79/100
|
|upkeep
|turn|31
|c| Jojos ㋛|y'a pas un autre prof de kanto ou un truc comme ça?
|
|t:|1665958833
|switch|p1a: 騎黑馬的樣子|Calyrex-Shadow|100/100
|-ability|p1a: 騎黑馬的樣子|As One
|-ability|p1a: 騎黑馬的樣子|Unnerve
|move|p2a: Necrozma|Sunsteel Strike|p1a: 騎黑馬的樣子
|-damage|p1a: 騎黑馬的樣子|39/100
|
|upkeep
|turn|32
|c| Profdesinnoh|Non je suis unique.
|
|t:|1665958841
|switch|p1a: 伊裴爾塔爾|Yveltal|29/100 par
|-ability|p1a: 伊裴爾塔爾|Dark Aura
|move|p2a: Necrozma|Thief|p1a: 伊裴爾塔爾
|-resisted|p1a: 伊裴爾塔爾
|-damage|p1a: 伊裴爾塔爾|16/100 par
|-enditem|p1a: 伊裴爾塔爾|Life Orb|[silent]|[from] move: Thief|[of] p2a: Necrozma
|-item|p2a: Necrozma|Life Orb|[from] move: Thief|[of] p1a: 伊裴爾塔爾
|-damage|p2a: Necrozma|70/100|[from] item: Life Orb
|
|upkeep
|turn|33
|c| Profdesinnoh|LOL CHEH
|
|t:|1665958853
|move|p1a: 伊裴爾塔爾|Sucker Punch|p2a: Necrozma
|-supereffective|p2a: Necrozma
|-damage|p2a: Necrozma|26/100
|move|p2a: Necrozma|Sunsteel Strike|p1a: 伊裴爾塔爾
|-damage|p1a: 伊裴爾塔爾|0 fnt
|faint|p1a: 伊裴爾塔爾
|-damage|p2a: Necrozma|17/100|[from] item: Life Orb
|
|upkeep
|c|+kino|mais
|
|t:|1665958856
|switch|p1a: 騎黑馬的樣子|Calyrex-Shadow|39/100
|-ability|p1a: 騎黑馬的樣子|As One
|-ability|p1a: 騎黑馬的樣子|Unnerve
|turn|34
|c| OmBrArch|y a SoS et tous ses alts
|
|t:|1665958859
|move|p1a: 騎黑馬的樣子|Astral Barrage|p2a: Necrozma
|-supereffective|p2a: Necrozma
|-damage|p2a: Necrozma|0 fnt
|faint|p2a: Necrozma
|-ability|p1a: 騎黑馬的樣子|Grim Neigh|boost
|-boost|p1a: 騎黑馬的樣子|spa|1
|
|upkeep
|
|t:|1665958860
|switch|p2a: Yveltal|Yveltal|100/100 par
|-ability|p2a: Yveltal|Dark Aura
|turn|35
|c| OmBrArch|mais c'est tout
|c|+kino|faut pas first blood pour jouer comme ça
|
|t:|1665958863
|move|p1a: 騎黑馬的樣子|Astral Barrage|p2a: Yveltal
|-resisted|p2a: Yveltal
|-damage|p2a: Yveltal|63/100 par
|cant|p2a: Yveltal|par
|
|upkeep
|turn|36
|c| Profdesinnoh|Ça dégage ça
|c| Rondoudou|ça a pas pique kino en fcl
|c| Jojos ㋛|pray
|c|@ironwater|1
|c| Rondoudou|pour qu'on ait ça
|c| Profdesinnoh|Allez
|c|☆Nael222|PITIE
|c| Profdesinnoh|Yveltal
|c|+kino|re
|
|t:|1665958879
|move|p1a: 騎黑馬的樣子|Astral Barrage|p2a: Yveltal
|-resisted|p2a: Yveltal
|-damage|p2a: Yveltal|23/100 par
|move|p2a: Yveltal|Knock Off|p1a: 騎黑馬的樣子
|-supereffective|p1a: 騎黑馬的樣子
|-damage|p1a: 騎黑馬的樣子|0 fnt
|-enditem|p1a: 騎黑馬的樣子|Choice Scarf|[from] move: Knock Off|[of] p2a: Yveltal
|faint|p1a: 騎黑馬的樣子
|
|win|Nael222
|c|+kino|2
|c| Jojos ㋛|aller la france
|c|☆Nael222|YEEES
|c| Profdesinnoh|HOPLA
|c|☆Inder|c pas mérité
|l| Micciu20250
|c| Profdesinnoh|Ça bouge
|c| Jojos ㋛|ptn
|c|☆Inder|franchement
|l| Damflame
|c| Profdesinnoh|Allez
|c| Profdesinnoh|Mange ton seum
|c|@ironwater|Inder t'es viré de la team
|c|@ironwater|gg
|c| Rondoudou|l2p inder
|c|+kino|fallait mieux jouer
|c|☆Nael222|gg
|l|☆Inder
|l| Profdesinnoh
|l| Rondoudou
|j| Damflame
|l| Sirwings
|l| Giga㋛Chandelure-☂
|l| Aegis Top 10
|j|☆Inder
|player|p1|Inder|rosa-pokestar
|l| lemonstre1
|l| Heerv
|l| Damflame
|l| Bhalal
|l|+Apagogie
|j| Bhalal
|j| Hyss
|l| Hyss
|l|+kino
|l| Bhalal
|l| BlessyZ
|j| Shafofficiel
|l| Shafofficiel
|l| edgerunner lulu
|l| BTLT51 RL
|l| AzZoCcX
|l|@ironwater
|l| ChaFouu
|l|☆Nael222
|j|☆Nael222
|player|p2|Nael222|102
