|html|<div class="broadcast-blue"><strong>[Gen 8] Ubers is currently suspecting Zacian-Crowned! For information on how to participate check out the <a href="https://www.smogon.com/forums/threads/np-ss-ubers-stage-5-hound-dog.3675589/">suspect thread</a>.</strong></div>
|j|☆Lazy Eves
|j|☆ewqw
|t:|1610869632
|player|p1|Lazy Eves|teammagmagruntf-gen3|1337
|player|p2|ewqw|falkner|1407
|teamsize|p1|6
|teamsize|p2|6
|gametype|singles
|gen|8
|tier|[Gen 8] Ubers
|rated|
|clearpoke
|poke|p1|Buzzwole|
|poke|p1|Tyranitar, F|
|poke|p1|Eternatus|
|poke|p1|Excadrill, M|
|poke|p1|Zacian-Crowned|
|poke|p1|Necrozma-Dusk-Mane|
|poke|p2|Quagsire, F|
|poke|p2|Gothitelle, F|
|poke|p2|Ferrothorn, F|
|poke|p2|Yveltal|
|poke|p2|Toxapex, M|
|poke|p2|Slowking-Galar, M|
|rule|Sleep Clause Mod: Limit one foe put to sleep
|rule|Species Clause: Limit one of each Pokémon
|rule|OHKO Clause: OHKO moves are banned
|rule|Evasion Moves Clause: Evasion moves are banned
|rule|Endless Battle Clause: Forcing endless battles is banned
|rule|HP Percentage Mod: HP is shown in percentages
|rule|Dynamax Clause: You cannot dynamax
|teampreview
|
|t:|1610869649
|start
|switch|p1a: Tyranitar|Tyranitar, F|100/100
|switch|p2a: Quagsire|Quagsire, F|100/100
|-weather|Sandstorm|[from] ability: Sand Stream|[of] p1a: Tyranitar
|turn|1
|
|t:|1610869660
|switch|p1a: Eternatus|Eternatus|100/100
|-ability|p1a: Eternatus|Pressure
|move|p2a: Quagsire|Scald|p1a: Eternatus
|-resisted|p1a: Eternatus
|-crit|p1a: Eternatus
|-damage|p1a: Eternatus|93/100
|
|-weather|Sandstorm|[upkeep]
|-damage|p1a: Eternatus|87/100|[from] Sandstorm
|-heal|p1a: Eternatus|93/100|[from] item: Black Sludge
|upkeep
|turn|2
|
|t:|1610869667
|switch|p2a: Slowking|Slowking-Galar, M|100/100
|move|p1a: Eternatus|Toxic|p2a: Slowking
|-immune|p2a: Slowking
|
|-weather|Sandstorm|[upkeep]
|-damage|p1a: Eternatus|87/100|[from] Sandstorm
|-damage|p2a: Slowking|94/100|[from] Sandstorm
|-heal|p1a: Eternatus|93/100|[from] item: Black Sludge
|-heal|p2a: Slowking|100/100|[from] item: Black Sludge
|upkeep
|turn|3
|
|t:|1610869672
|switch|p1a: Tyranitar|Tyranitar, F|100/100
|move|p2a: Slowking|Flamethrower|p1a: Tyranitar
|-resisted|p1a: Tyranitar
|-damage|p1a: Tyranitar|96/100
|
|-weather|Sandstorm|[upkeep]
|-damage|p2a: Slowking|94/100|[from] Sandstorm
|-heal|p2a: Slowking|100/100|[from] item: Black Sludge
|upkeep
|turn|4
|
|t:|1610869679
|switch|p2a: Yveltal|Yveltal|100/100
|-ability|p2a: Yveltal|Dark Aura
|move|p1a: Tyranitar|Thunder Wave|p2a: Yveltal
|-status|p2a: Yveltal|par
|
|-weather|Sandstorm|[upkeep]
|-damage|p2a: Yveltal|94/100 par|[from] Sandstorm
|-heal|p2a: Yveltal|100/100 par|[from] item: Leftovers
|upkeep
|turn|5
|
|t:|1610869689
|switch|p2a: Toxapex|Toxapex, M|100/100
|switch|p1a: Eternatus|Eternatus|93/100
|-ability|p1a: Eternatus|Pressure
|
|-weather|none
|-heal|p1a: Eternatus|99/100|[from] item: Black Sludge
|upkeep
|turn|6
|
|t:|1610869700
|switch|p1a: Tyranitar|Tyranitar, F|96/100
|-weather|Sandstorm|[from] ability: Sand Stream|[of] p1a: Tyranitar
|switch|p2a: Slowking|Slowking-Galar, M|100/100
|
|-weather|Sandstorm|[upkeep]
|-damage|p2a: Slowking|94/100|[from] Sandstorm
|-heal|p2a: Slowking|100/100|[from] item: Black Sludge
|upkeep
|turn|7
|
|t:|1610869704
|switch|p2a: Toxapex|Toxapex, M|100/100
|move|p1a: Tyranitar|Foul Play|p2a: Toxapex
|-damage|p2a: Toxapex|90/100
|
|-weather|Sandstorm|[upkeep]
|-damage|p2a: Toxapex|84/100|[from] Sandstorm
|-heal|p2a: Toxapex|90/100|[from] item: Black Sludge
|upkeep
|turn|8
|
|t:|1610869711
|move|p1a: Tyranitar|Thunder Wave|p2a: Toxapex
|-status|p2a: Toxapex|par
|move|p2a: Toxapex|Scald|p1a: Tyranitar
|-supereffective|p1a: Tyranitar
|-damage|p1a: Tyranitar|82/100
|-status|p1a: Tyranitar|brn
|
|-weather|Sandstorm|[upkeep]
|-damage|p2a: Toxapex|84/100 par|[from] Sandstorm
|-heal|p2a: Toxapex|90/100 par|[from] item: Black Sludge
|-damage|p1a: Tyranitar|76/100 brn|[from] brn
|upkeep
|turn|9
|
|t:|1610869720
|move|p1a: Tyranitar|Rest|p1a: Tyranitar
|-status|p1a: Tyranitar|slp|[from] move: Rest
|-heal|p1a: Tyranitar|100/100 slp|[silent]
|cant|p2a: Toxapex|par
|
|-weather|Sandstorm|[upkeep]
|-damage|p2a: Toxapex|84/100 par|[from] Sandstorm
|-heal|p2a: Toxapex|90/100 par|[from] item: Black Sludge
|upkeep
|turn|10
|
|t:|1610869728
|cant|p1a: Tyranitar|slp
|move|p2a: Toxapex|Scald|p1a: Tyranitar
|-supereffective|p1a: Tyranitar
|-damage|p1a: Tyranitar|86/100 slp
|
|-weather|none
|-heal|p2a: Toxapex|97/100 par|[from] item: Black Sludge
|upkeep
|turn|11
|
|t:|1610869736
|switch|p2a: Yveltal|Yveltal|100/100 par
|-ability|p2a: Yveltal|Dark Aura
|cant|p1a: Tyranitar|slp
|
|upkeep
|turn|12
|
|t:|1610869743
|switch|p2a: Toxapex|Toxapex, M|100/100 par
|switch|p1a: Eternatus|Eternatus|99/100
|-ability|p1a: Eternatus|Pressure
|
|-heal|p1a: Eternatus|100/100|[from] item: Black Sludge
|upkeep
|turn|13
|
|t:|1610869753
|switch|p2a: Slowking|Slowking-Galar, M|100/100
|move|p1a: Eternatus|Mystical Fire|p2a: Slowking
|-damage|p2a: Slowking|87/100
|-unboost|p2a: Slowking|spa|1
|
|-heal|p2a: Slowking|93/100|[from] item: Black Sludge
|upkeep
|turn|14
|
|t:|1610869762
|switch|p1a: Tyranitar|Tyranitar, F|86/100 slp
|-weather|Sandstorm|[from] ability: Sand Stream|[of] p1a: Tyranitar
|switch|p2a: Toxapex|Toxapex, M|100/100 par
|
|-weather|Sandstorm|[upkeep]
|-damage|p2a: Toxapex|94/100 par|[from] Sandstorm
|-heal|p2a: Toxapex|100/100 par|[from] item: Black Sludge
|upkeep
|turn|15
|
|t:|1610869774
|switch|p1a: Eternatus|Eternatus|100/100
|-ability|p1a: Eternatus|Pressure
|move|p2a: Toxapex|Scald|p1a: Eternatus
|-resisted|p1a: Eternatus
|-damage|p1a: Eternatus|96/100
|-status|p1a: Eternatus|brn
|
|-weather|Sandstorm|[upkeep]
|-damage|p1a: Eternatus|90/100 brn|[from] Sandstorm
|-damage|p2a: Toxapex|94/100 par|[from] Sandstorm
|-heal|p1a: Eternatus|96/100 brn|[from] item: Black Sludge
|-heal|p2a: Toxapex|100/100 par|[from] item: Black Sludge
|-damage|p1a: Eternatus|90/100 brn|[from] brn
|upkeep
|turn|16
|
|t:|1610869819
|switch|p1a: Tyranitar|Tyranitar, F|86/100 slp
|switch|p2a: Yveltal|Yveltal|100/100 par
|-ability|p2a: Yveltal|Dark Aura
|
|-weather|Sandstorm|[upkeep]
|-damage|p2a: Yveltal|94/100 par|[from] Sandstorm
|-heal|p2a: Yveltal|100/100 par|[from] item: Leftovers
|upkeep
|turn|17
|
|t:|1610869822
|switch|p2a: Toxapex|Toxapex, M|100/100 par
|switch|p1a: Eternatus|Eternatus|90/100 brn
|-ability|p1a: Eternatus|Pressure
|
|-weather|Sandstorm|[upkeep]
|-damage|p1a: Eternatus|84/100 brn|[from] Sandstorm
|-damage|p2a: Toxapex|94/100 par|[from] Sandstorm
|-heal|p1a: Eternatus|90/100 brn|[from] item: Black Sludge
|-heal|p2a: Toxapex|100/100 par|[from] item: Black Sludge
|-damage|p1a: Eternatus|84/100 brn|[from] brn
|upkeep
|turn|18
|
|t:|1610869827
|switch|p1a: Tyranitar|Tyranitar, F|86/100 slp
|switch|p2a: Slowking|Slowking-Galar, M|100/100
|
|-weather|none
|upkeep
|turn|19
|
|t:|1610869831
|switch|p2a: Toxapex|Toxapex, M|100/100 par
|-curestatus|p1a: Tyranitar|slp|[msg]
|move|p1a: Tyranitar|Foul Play|p2a: Toxapex
|-damage|p2a: Toxapex|91/100 par
|
|-heal|p2a: Toxapex|97/100 par|[from] item: Black Sludge
|upkeep
|turn|20
|
|t:|1610869838
|switch|p1a: Eternatus|Eternatus|84/100 brn
|-ability|p1a: Eternatus|Pressure
|switch|p2a: Yveltal|Yveltal|100/100 par
|-ability|p2a: Yveltal|Dark Aura
|
|-heal|p1a: Eternatus|90/100 brn|[from] item: Black Sludge
|-damage|p1a: Eternatus|84/100 brn|[from] brn
|upkeep
|turn|21
|
|t:|1610869848
|move|p1a: Eternatus|Toxic||[still]
|-fail|p1a: Eternatus
|move|p2a: Yveltal|Knock Off|p1a: Eternatus
|-damage|p1a: Eternatus|46/100 brn
|-enditem|p1a: Eternatus|Black Sludge|[from] move: Knock Off|[of] p2a: Yveltal
|
|-damage|p1a: Eternatus|40/100 brn|[from] brn
|upkeep
|turn|22
|
|t:|1610869852
|move|p1a: Eternatus|Recover|p1a: Eternatus
|-heal|p1a: Eternatus|90/100 brn
|move|p2a: Yveltal|U-turn|p1a: Eternatus
|-resisted|p1a: Eternatus
|-damage|p1a: Eternatus|82/100 brn
|
|t:|1610869854
|switch|p2a: Gothitelle|Gothitelle, F|100/100|[from]move: U-turn
|
|-damage|p1a: Eternatus|75/100 brn|[from] brn
|upkeep
|turn|23
|
|t:|1610869857
|move|p1a: Eternatus|Toxic|p2a: Gothitelle
|-status|p2a: Gothitelle|tox
|move|p2a: Gothitelle|Cosmic Power|p2a: Gothitelle
|-boost|p2a: Gothitelle|def|1
|-boost|p2a: Gothitelle|spd|1
|
|-damage|p1a: Eternatus|69/100 brn|[from] brn
|-damage|p2a: Gothitelle|94/100 tox|[from] psn
|upkeep
|turn|24
|
|t:|1610869859
|move|p1a: Eternatus|Dynamax Cannon|p2a: Gothitelle
|-damage|p2a: Gothitelle|71/100 tox
|move|p2a: Gothitelle|Cosmic Power|p2a: Gothitelle
|-boost|p2a: Gothitelle|def|1
|-boost|p2a: Gothitelle|spd|1
|
|-heal|p2a: Gothitelle|77/100 tox|[from] item: Leftovers
|-damage|p1a: Eternatus|63/100 brn|[from] brn
|-damage|p2a: Gothitelle|65/100 tox|[from] psn
|upkeep
|turn|25
|
|t:|1610869863
|move|p1a: Eternatus|Mystical Fire|p2a: Gothitelle
|-damage|p2a: Gothitelle|57/100 tox
|-unboost|p2a: Gothitelle|spa|1
|move|p2a: Gothitelle|Taunt|p1a: Eternatus
|-start|p1a: Eternatus|move: Taunt
|
|-heal|p2a: Gothitelle|63/100 tox|[from] item: Leftovers
|-damage|p1a: Eternatus|57/100 brn|[from] brn
|-damage|p2a: Gothitelle|45/100 tox|[from] psn
|upkeep
|turn|26
|
|t:|1610869867
|move|p1a: Eternatus|Dynamax Cannon|p2a: Gothitelle
|-damage|p2a: Gothitelle|29/100 tox
|move|p2a: Gothitelle|Rest|p2a: Gothitelle
|-status|p2a: Gothitelle|slp|[from] move: Rest
|-heal|p2a: Gothitelle|100/100 slp|[silent]
|
|-damage|p1a: Eternatus|51/100 brn|[from] brn
|upkeep
|turn|27
|
|t:|1610869869
|move|p1a: Eternatus|Mystical Fire|p2a: Gothitelle
|-damage|p2a: Gothitelle|91/100 slp
|-unboost|p2a: Gothitelle|spa|1
|cant|p2a: Gothitelle|slp
|
|-heal|p2a: Gothitelle|98/100 slp|[from] item: Leftovers
|-damage|p1a: Eternatus|45/100 brn|[from] brn
|upkeep
|turn|28
|
|t:|1610869871
|move|p1a: Eternatus|Mystical Fire|p2a: Gothitelle
|-damage|p2a: Gothitelle|89/100 slp
|-unboost|p2a: Gothitelle|spa|1
|cant|p2a: Gothitelle|slp
|
|-heal|p2a: Gothitelle|96/100 slp|[from] item: Leftovers
|-damage|p1a: Eternatus|38/100 brn|[from] brn
|-end|p1a: Eternatus|move: Taunt
|upkeep
|turn|29
|
|t:|1610869873
|move|p1a: Eternatus|Recover|p1a: Eternatus
|-heal|p1a: Eternatus|88/100 brn
|-curestatus|p2a: Gothitelle|slp|[msg]
|move|p2a: Gothitelle|Taunt|p1a: Eternatus
|-start|p1a: Eternatus|move: Taunt
|
|-heal|p2a: Gothitelle|100/100|[from] item: Leftovers
|-damage|p1a: Eternatus|82/100 brn|[from] brn
|upkeep
|turn|30
|
|t:|1610869876
|move|p1a: Eternatus|Mystical Fire|p2a: Gothitelle
|-damage|p2a: Gothitelle|93/100
|-unboost|p2a: Gothitelle|spa|1
|move|p2a: Gothitelle|Cosmic Power|p2a: Gothitelle
|-boost|p2a: Gothitelle|def|1
|-boost|p2a: Gothitelle|spd|1
|
|-heal|p2a: Gothitelle|99/100|[from] item: Leftovers
|-damage|p1a: Eternatus|76/100 brn|[from] brn
|upkeep
|turn|31
|
|t:|1610869879
|move|p1a: Eternatus|Dynamax Cannon|p2a: Gothitelle
|-crit|p2a: Gothitelle
|-damage|p2a: Gothitelle|50/100
|move|p2a: Gothitelle|Cosmic Power|p2a: Gothitelle
|-boost|p2a: Gothitelle|def|1
|-boost|p2a: Gothitelle|spd|1
|
|-heal|p2a: Gothitelle|56/100|[from] item: Leftovers
|-damage|p1a: Eternatus|70/100 brn|[from] brn
|upkeep
|turn|32
|
|t:|1610869885
|move|p1a: Eternatus|Dynamax Cannon|p2a: Gothitelle
|-damage|p2a: Gothitelle|44/100
|move|p2a: Gothitelle|Rest|p2a: Gothitelle
|-status|p2a: Gothitelle|slp|[from] move: Rest
|-heal|p2a: Gothitelle|100/100 slp|[silent]
|
|-damage|p1a: Eternatus|64/100 brn|[from] brn
|-end|p1a: Eternatus|move: Taunt
|upkeep
|turn|33
|
|t:|1610869889
|move|p1a: Eternatus|Recover|p1a: Eternatus
|-heal|p1a: Eternatus|100/100 brn
|cant|p2a: Gothitelle|slp
|
|-damage|p1a: Eternatus|94/100 brn|[from] brn
|upkeep
|turn|34
|
|t:|1610869891
|move|p1a: Eternatus|Toxic||[still]
|-fail|p1a: Eternatus
|cant|p2a: Gothitelle|slp
|
|-damage|p1a: Eternatus|88/100 brn|[from] brn
|upkeep
|turn|35
|
|t:|1610869893
|move|p1a: Eternatus|Toxic||[still]
|-fail|p1a: Eternatus
|-curestatus|p2a: Gothitelle|slp|[msg]
|move|p2a: Gothitelle|Taunt|p1a: Eternatus
|-start|p1a: Eternatus|move: Taunt
|
|-damage|p1a: Eternatus|82/100 brn|[from] brn
|upkeep
|turn|36
|
|t:|1610869895
|move|p1a: Eternatus|Mystical Fire|p2a: Gothitelle
|-damage|p2a: Gothitelle|95/100
|-unboost|p2a: Gothitelle|spa|1
|move|p2a: Gothitelle|Cosmic Power|p2a: Gothitelle
|-boost|p2a: Gothitelle|def|1
|-boost|p2a: Gothitelle|spd|1
|
|-heal|p2a: Gothitelle|100/100|[from] item: Leftovers
|-damage|p1a: Eternatus|76/100 brn|[from] brn
|upkeep
|turn|37
|
|t:|1610869899
|move|p1a: Eternatus|Mystical Fire|p2a: Gothitelle
|-damage|p2a: Gothitelle|96/100
|-unboost|p2a: Gothitelle|spa|1
|move|p2a: Gothitelle|Cosmic Power|p2a: Gothitelle
|-boost|p2a: Gothitelle|def|1
|-boost|p2a: Gothitelle|spd|1
|
|-heal|p2a: Gothitelle|100/100|[from] item: Leftovers
|-damage|p1a: Eternatus|70/100 brn|[from] brn
|upkeep
|turn|38
|
|t:|1610869910
|move|p1a: Eternatus|Mystical Fire|p2a: Gothitelle
|-damage|p2a: Gothitelle|96/100
|move|p2a: Gothitelle|Cosmic Power|p2a: Gothitelle
|-boost|p2a: Gothitelle|def|0
|-boost|p2a: Gothitelle|spd|0
|
|-heal|p2a: Gothitelle|100/100|[from] item: Leftovers
|-damage|p1a: Eternatus|63/100 brn|[from] brn
|-end|p1a: Eternatus|move: Taunt
|upkeep
|turn|39
|c|☆Lazy Eves|how many times has hyper offense clapped you
|
|t:|1610869921
|move|p1a: Eternatus|Mystical Fire|p2a: Gothitelle
|-crit|p2a: Gothitelle
|-damage|p2a: Gothitelle|77/100
|move|p2a: Gothitelle|Taunt|p1a: Eternatus
|-start|p1a: Eternatus|move: Taunt
|
|-heal|p2a: Gothitelle|83/100|[from] item: Leftovers
|-damage|p1a: Eternatus|57/100 brn|[from] brn
|upkeep
|turn|40
|c|☆Lazy Eves|just curious
|
|t:|1610869926
|move|p1a: Eternatus|Mystical Fire|p2a: Gothitelle
|-damage|p2a: Gothitelle|79/100
|move|p2a: Gothitelle|Rest|p2a: Gothitelle
|-status|p2a: Gothitelle|slp|[from] move: Rest
|-heal|p2a: Gothitelle|100/100 slp|[silent]
|
|-damage|p1a: Eternatus|51/100 brn|[from] brn
|upkeep
|turn|41
|
|t:|1610869929
|move|p1a: Eternatus|Mystical Fire|p2a: Gothitelle
|-damage|p2a: Gothitelle|96/100 slp
|cant|p2a: Gothitelle|slp
|
|-heal|p2a: Gothitelle|100/100 slp|[from] item: Leftovers
|-damage|p1a: Eternatus|45/100 brn|[from] brn
|upkeep
|turn|42
|
|t:|1610869932
|move|p1a: Eternatus|Dynamax Cannon|p2a: Gothitelle
|-damage|p2a: Gothitelle|92/100 slp
|cant|p2a: Gothitelle|slp
|
|-heal|p2a: Gothitelle|98/100 slp|[from] item: Leftovers
|-damage|p1a: Eternatus|39/100 brn|[from] brn
|-end|p1a: Eternatus|move: Taunt
|upkeep
|turn|43
|
|t:|1610869934
|move|p1a: Eternatus|Recover|p1a: Eternatus
|-heal|p1a: Eternatus|89/100 brn
|-curestatus|p2a: Gothitelle|slp|[msg]
|move|p2a: Gothitelle|Taunt|p1a: Eternatus
|-start|p1a: Eternatus|move: Taunt
|
|-heal|p2a: Gothitelle|100/100|[from] item: Leftovers
|-damage|p1a: Eternatus|82/100 brn|[from] brn
|upkeep
|turn|44
|
|t:|1610869938
|move|p1a: Eternatus|Mystical Fire|p2a: Gothitelle
|-damage|p2a: Gothitelle|96/100
|move|p2a: Gothitelle|Charm|p1a: Eternatus
|-unboost|p1a: Eternatus|atk|2
|
|-heal|p2a: Gothitelle|100/100|[from] item: Leftovers
|-damage|p1a: Eternatus|76/100 brn|[from] brn
|upkeep
|turn|45
|
|t:|1610869942
|move|p1a: Eternatus|Dynamax Cannon|p2a: Gothitelle
|-damage|p2a: Gothitelle|92/100
|move|p2a: Gothitelle|Cosmic Power|p2a: Gothitelle
|-boost|p2a: Gothitelle|def|0
|-boost|p2a: Gothitelle|spd|0
|
|-heal|p2a: Gothitelle|98/100|[from] item: Leftovers
|-damage|p1a: Eternatus|70/100 brn|[from] brn
|upkeep
|turn|46
|
|t:|1610869946
|move|p1a: Eternatus|Dynamax Cannon|p2a: Gothitelle
|-damage|p2a: Gothitelle|91/100
|move|p2a: Gothitelle|Cosmic Power|p2a: Gothitelle
|-boost|p2a: Gothitelle|def|0
|-boost|p2a: Gothitelle|spd|0
|
|-heal|p2a: Gothitelle|97/100|[from] item: Leftovers
|-damage|p1a: Eternatus|64/100 brn|[from] brn
|-end|p1a: Eternatus|move: Taunt
|upkeep
|turn|47
|
|t:|1610869951
|move|p1a: Eternatus|Recover|p1a: Eternatus
|-heal|p1a: Eternatus|100/100 brn
|move|p2a: Gothitelle|Taunt|p1a: Eternatus
|-start|p1a: Eternatus|move: Taunt
|
|-heal|p2a: Gothitelle|100/100|[from] item: Leftovers
|-damage|p1a: Eternatus|94/100 brn|[from] brn
|upkeep
|turn|48
|
|t:|1610869958
|move|p1a: Eternatus|Mystical Fire|p2a: Gothitelle
|-damage|p2a: Gothitelle|96/100
|move|p2a: Gothitelle|Cosmic Power|p2a: Gothitelle
|-boost|p2a: Gothitelle|def|0
|-boost|p2a: Gothitelle|spd|0
|
|-heal|p2a: Gothitelle|100/100|[from] item: Leftovers
|-damage|p1a: Eternatus|88/100 brn|[from] brn
|upkeep
|turn|49
|
|t:|1610869961
|move|p1a: Eternatus|Mystical Fire|p2a: Gothitelle
|-damage|p2a: Gothitelle|96/100
|move|p2a: Gothitelle|Rest|p2a: Gothitelle
|-status|p2a: Gothitelle|slp|[from] move: Rest
|-heal|p2a: Gothitelle|100/100 slp|[silent]
|
|-damage|p1a: Eternatus|82/100 brn|[from] brn
|upkeep
|turn|50
|
|t:|1610869964
|move|p1a: Eternatus|Mystical Fire|p2a: Gothitelle
|-damage|p2a: Gothitelle|96/100 slp
|cant|p2a: Gothitelle|slp
|
|-heal|p2a: Gothitelle|100/100 slp|[from] item: Leftovers
|-damage|p1a: Eternatus|76/100 brn|[from] brn
|-end|p1a: Eternatus|move: Taunt
|upkeep
|turn|51
|
|t:|1610869968
|move|p1a: Eternatus|Toxic||[still]
|-fail|p1a: Eternatus
|cant|p2a: Gothitelle|slp
|
|-damage|p1a: Eternatus|70/100 brn|[from] brn
|upkeep
|turn|52
|
|t:|1610869973
|move|p1a: Eternatus|Recover|p1a: Eternatus
|-heal|p1a: Eternatus|100/100 brn
|-curestatus|p2a: Gothitelle|slp|[msg]
|move|p2a: Gothitelle|Taunt|p1a: Eternatus
|-start|p1a: Eternatus|move: Taunt
|
|-damage|p1a: Eternatus|94/100 brn|[from] brn
|upkeep
|turn|53
|
|t:|1610869978
|move|p1a: Eternatus|Mystical Fire|p2a: Gothitelle
|-damage|p2a: Gothitelle|97/100
|move|p2a: Gothitelle|Charm|p1a: Eternatus
|-unboost|p1a: Eternatus|atk|2
|
|-heal|p2a: Gothitelle|100/100|[from] item: Leftovers
|-damage|p1a: Eternatus|88/100 brn|[from] brn
|upkeep
|turn|54
|
|t:|1610869984
|switch|p2a: Ferrothorn|Ferrothorn, F|100/100
|move|p1a: Eternatus|Dynamax Cannon|p2a: Ferrothorn
|-resisted|p2a: Ferrothorn
|-damage|p2a: Ferrothorn|86/100
|
|-heal|p2a: Ferrothorn|92/100|[from] item: Leftovers
|-damage|p1a: Eternatus|82/100 brn|[from] brn
|upkeep
|turn|55
|
|t:|1610869995
|switch|p1a: Tyranitar|Tyranitar, F|86/100
|-weather|Sandstorm|[from] ability: Sand Stream|[of] p1a: Tyranitar
|move|p2a: Ferrothorn|Leech Seed|p1a: Tyranitar
|-start|p1a: Tyranitar|move: Leech Seed
|
|-weather|Sandstorm|[upkeep]
|-heal|p2a: Ferrothorn|98/100|[from] item: Leftovers
|-damage|p1a: Tyranitar|73/100|[from] Leech Seed|[of] p2a: Ferrothorn
|-heal|p2a: Ferrothorn|100/100|[silent]
|upkeep
|turn|56
|
|t:|1610869999
|switch|p1a: Zacian|Zacian-Crowned|100/100
|-ability|p1a: Zacian|Intrepid Sword|boost
|-boost|p1a: Zacian|atk|1
|switch|p2a: Toxapex|Toxapex, M|100/100 par
|
|-weather|Sandstorm|[upkeep]
|-damage|p2a: Toxapex|94/100 par|[from] Sandstorm
|-heal|p2a: Toxapex|100/100 par|[from] item: Black Sludge
|upkeep
|turn|57
|
|t:|1610870003
|switch|p1a: Necrozma|Necrozma-Dusk-Mane|100/100
|switch|p2a: Quagsire|Quagsire, F|100/100
|
|-weather|Sandstorm|[upkeep]
|upkeep
|turn|58
|
|t:|1610870005
|move|p1a: Necrozma|Stealth Rock|p2a: Quagsire
|-sidestart|p2: ewqw|move: Stealth Rock
|move|p2a: Quagsire|Scald|p1a: Necrozma
|-damage|p1a: Necrozma|84/100
|
|-weather|Sandstorm|[upkeep]
|upkeep
|turn|59
|
|t:|1610870009
|switch|p1a: Eternatus|Eternatus|82/100 brn
|-ability|p1a: Eternatus|Pressure
|move|p2a: Quagsire|Scald|p1a: Eternatus
|-resisted|p1a: Eternatus
|-damage|p1a: Eternatus|76/100 brn
|
|-weather|none
|-damage|p1a: Eternatus|70/100 brn|[from] brn
|upkeep
|turn|60
|
|t:|1610870014
|switch|p1a: Zacian|Zacian-Crowned|100/100
|-ability|p1a: Zacian|Intrepid Sword|boost
|-boost|p1a: Zacian|atk|1
|switch|p2a: Ferrothorn|Ferrothorn, F|100/100
|-damage|p2a: Ferrothorn|94/100|[from] Stealth Rock
|
|-heal|p2a: Ferrothorn|100/100|[from] item: Leftovers
|upkeep
|turn|61
|
|t:|1610870019
|switch|p2a: Slowking|Slowking-Galar, M|100/100
|-damage|p2a: Slowking|88/100|[from] Stealth Rock
|move|p1a: Zacian|Assurance|p2a: Slowking
|-supereffective|p2a: Slowking
|-damage|p2a: Slowking|0 fnt
|faint|p2a: Slowking
|
|upkeep
|
|t:|1610870022
|switch|p2a: Ferrothorn|Ferrothorn, F|100/100
|-damage|p2a: Ferrothorn|94/100|[from] Stealth Rock
|turn|62
|
|t:|1610870029
|switch|p1a: Tyranitar|Tyranitar, F|73/100
|-weather|Sandstorm|[from] ability: Sand Stream|[of] p1a: Tyranitar
|move|p2a: Ferrothorn|Stealth Rock|p1a: Tyranitar
|-sidestart|p1: Lazy Eves|move: Stealth Rock
|
|-weather|Sandstorm|[upkeep]
|-heal|p2a: Ferrothorn|100/100|[from] item: Leftovers
|upkeep
|turn|63
|
|t:|1610870031
|switch|p2a: Toxapex|Toxapex, M|100/100 par
|-damage|p2a: Toxapex|88/100 par|[from] Stealth Rock
|move|p1a: Tyranitar|Flamethrower|p2a: Toxapex
|-resisted|p2a: Toxapex
|-damage|p2a: Toxapex|80/100 par
|
|-weather|Sandstorm|[upkeep]
|-damage|p2a: Toxapex|74/100 par|[from] Sandstorm
|-heal|p2a: Toxapex|80/100 par|[from] item: Black Sludge
|upkeep
|turn|64
|
|t:|1610870039
|switch|p1a: Excadrill|Excadrill, M|100/100
|-damage|p1a: Excadrill|97/100|[from] Stealth Rock
|move|p2a: Toxapex|Recover|p2a: Toxapex
|-heal|p2a: Toxapex|100/100 par
|
|-weather|Sandstorm|[upkeep]
|-damage|p2a: Toxapex|94/100 par|[from] Sandstorm
|-heal|p1a: Excadrill|100/100|[from] item: Leftovers
|-heal|p2a: Toxapex|100/100 par|[from] item: Black Sludge
|upkeep
|turn|65
|
|t:|1610870045
|switch|p2a: Ferrothorn|Ferrothorn, F|100/100
|-damage|p2a: Ferrothorn|94/100|[from] Stealth Rock
|move|p1a: Excadrill|Rapid Spin|p2a: Ferrothorn
|-resisted|p2a: Ferrothorn
|-damage|p2a: Ferrothorn|87/100
|-boost|p1a: Excadrill|spe|1
|-damage|p1a: Excadrill|88/100|[from] ability: Iron Barbs|[of] p2a: Ferrothorn
|-sideend|p1: Lazy Eves|Stealth Rock|[from] move: Rapid Spin|[of] p1a: Excadrill
|
|-weather|Sandstorm|[upkeep]
|-heal|p1a: Excadrill|94/100|[from] item: Leftovers
|-heal|p2a: Ferrothorn|93/100|[from] item: Leftovers
|upkeep
|turn|66
|
|t:|1610870047
|move|p1a: Excadrill|Swords Dance|p1a: Excadrill
|-boost|p1a: Excadrill|atk|2
|move|p2a: Ferrothorn|Leech Seed|p1a: Excadrill
|-start|p1a: Excadrill|move: Leech Seed
|
|-weather|none
|-heal|p1a: Excadrill|99/100|[from] item: Leftovers
|-heal|p2a: Ferrothorn|99/100|[from] item: Leftovers
|-damage|p1a: Excadrill|88/100|[from] Leech Seed|[of] p2a: Ferrothorn
|-heal|p2a: Ferrothorn|100/100|[silent]
|upkeep
|turn|67
|
|t:|1610870050
|move|p1a: Excadrill|Rapid Spin|p2a: Ferrothorn
|-resisted|p2a: Ferrothorn
|-damage|p2a: Ferrothorn|86/100
|-boost|p1a: Excadrill|spe|1
|-damage|p1a: Excadrill|75/100|[from] ability: Iron Barbs|[of] p2a: Ferrothorn
|-end|p1a: Excadrill|Leech Seed|[from] move: Rapid Spin|[of] p1a: Excadrill
|move|p2a: Ferrothorn|Power Whip|p1a: Excadrill
|-damage|p1a: Excadrill|20/100
|
|-heal|p1a: Excadrill|26/100|[from] item: Leftovers
|-heal|p2a: Ferrothorn|92/100|[from] item: Leftovers
|upkeep
|turn|68
|
|t:|1610870055
|move|p1a: Excadrill|Earthquake|p2a: Ferrothorn
|-damage|p2a: Ferrothorn|0 fnt
|faint|p2a: Ferrothorn
|
|-heal|p1a: Excadrill|32/100|[from] item: Leftovers
|upkeep
|
|t:|1610870060
|switch|p2a: Quagsire|Quagsire, F|100/100
|-damage|p2a: Quagsire|94/100|[from] Stealth Rock
|turn|69
|
|t:|1610870062
|move|p1a: Excadrill|Earthquake|p2a: Quagsire
|-damage|p2a: Quagsire|52/100
|move|p2a: Quagsire|Scald|p1a: Excadrill
|-supereffective|p1a: Excadrill
|-damage|p1a: Excadrill|0 fnt
|faint|p1a: Excadrill
|
|-heal|p2a: Quagsire|58/100|[from] item: Leftovers
|upkeep
|
|t:|1610870067
|switch|p1a: Eternatus|Eternatus|70/100 brn
|-ability|p1a: Eternatus|Pressure
|turn|70
|
|t:|1610870072
|move|p2a: Quagsire|Protect|p2a: Quagsire
|-singleturn|p2a: Quagsire|Protect
|move|p1a: Eternatus|Toxic|p2a: Quagsire
|-activate|p2a: Quagsire|move: Protect
|
|-heal|p2a: Quagsire|64/100|[from] item: Leftovers
|-damage|p1a: Eternatus|64/100 brn|[from] brn
|upkeep
|turn|71
|
|t:|1610870077
|switch|p1a: Zacian|Zacian-Crowned|100/100
|-ability|p1a: Zacian|Intrepid Sword|boost
|-boost|p1a: Zacian|atk|1
|switch|p2a: Yveltal|Yveltal|100/100 par
|-damage|p2a: Yveltal|75/100 par|[from] Stealth Rock
|-ability|p2a: Yveltal|Dark Aura
|
|-heal|p2a: Yveltal|82/100 par|[from] item: Leftovers
|upkeep
|turn|72
|
|t:|1610870084
|switch|p2a: Toxapex|Toxapex, M|100/100 par
|-damage|p2a: Toxapex|88/100 par|[from] Stealth Rock
|move|p1a: Zacian|Swords Dance|p1a: Zacian
|-boost|p1a: Zacian|atk|2
|
|-heal|p2a: Toxapex|94/100 par|[from] item: Black Sludge
|upkeep
|turn|73
|
|t:|1610870087
|move|p1a: Zacian|Wild Charge|p2a: Toxapex
|-supereffective|p2a: Toxapex
|-damage|p2a: Toxapex|0 fnt
|-damage|p1a: Zacian|79/100|[from] Recoil
|faint|p2a: Toxapex
|
|upkeep
|-message|ewqw forfeited.
|
|win|Lazy Eves
|l|☆ewqw
